3916 6600
491 438 594 506 331
1702 439 2086 500 EUTHYMII
2135 438 2500 499 ZIGABENI
3597 449 3676 513 333

602 555 854 609 Paulinus
886 554 984 623 ipsi
1014 552 1186 606 David
1218 552 1533 622 egressionis
1567 552 1922 607 tabernaculi.
2096 565 2140 615 Α

2096 565 2140 615 Α
2422 549 2668 621 Ψα.1μὸς
2729 551 2808 617 τῷ
2842 549 3020 604 Δασίὸ
3059 550 3276 616 ἐξόδου
3313 551 3540 621 σκηνῆς.

988 643 1315 700 PSALMUS
1349 642 1587 700 XXVIII.

2762 644 3056 697 ΨΛΛΜΟΣ
3088 645 3224 697 Kll'.

567 743 730 797 Juxta
755 737 1043 796 historiam
1081 739 1172 794 hic
1204 739 1449 809 psalmus
1513 748 1842 809 praeceptum
1901 739 2076 809 quod-

2252 734 2410 788 Κατὰ
2447 733 2546 802 μὲν
2578 733 2677 803 τὴν
2704 733 2950 804 ἱστορίαν
2984 733 3071 804 εἴη
3124 733 3191 787 ἂν
3235 734 3264 785 ὁ
3299 733 3476 805 παρὼν
3517 736 3679 808 dolui;

496 838 619 889 dam
644 834 914 896 continet,
947 832 1012 887 ad
1050 833 1365 888 sacerdotes
1387 830 1704 894 etLevitas,
1748 833 1815 886 de
1852 845 2037 902 egress

2179 826 2553 897 παράγγελμα
2576 829 2688 889 τοῖς
2717 825 2929 898 ἱερεῦσι
2985 826 3080 879 καὶ
3131 826 3401 892 Λευίταις,
3453 832 3560 902 περὶ
3610 833 3679 899 τῆς

494 927 860 992 tabernaculi,
897 927 982 980 vel
1035 926 1102 981 de
1136 941 1358 994 egressu
1413 927 1595 995 templi
1638 943 1650 978 :
1690 924 1820 994 quid
1867 923 2040 978 scilicc

2177 923 2358 988 ἐξόδου
2386 923 2484 993 τῆς
2524 923 2753 994 σκηνῆς,
2785 925 2905 994 ἦτοι
2939 922 3071 994 περὶ
3114 923 3214 993 τῆς
3275 923 3585 989 ὲξελεύσεως,
3611 928 3681 996 τῆς

495 1020 650 1073 illinc
674 1018 884 1089 egressi
914 1020 1164 1088 sequenti
1196 1018 1284 1072 die
1320 1017 1500 1072 facere
1544 1017 1805 1072 deberem
1832 1037 1846 1068 :
1869 1017 2041 1072 all'err.

2177 1019 2284 1071 ἀπὸ
2323 1019 2418 1072 τοῦ
2456 1018 2611 1083 ναοῦ,
2638 1019 2689 1071 τί
2730 1016 2968 1083 ἐξιόντες
3015 1017 3261 1088 μέλλοιεν
3299 1019 3461 1070 ποιεῖν
3511 1022 3576 1082 εἰς
3612 1021 3681 1089 τὴν

494 1112 754 1166 nimirum
800 1111 941 1166 lilios
977 1109 1233 1174 arietum,
1269 1111 1566 1173 masculos,
1592 1125 1769 1178 nuper
1804 1117 1987 1172 natos,
2021 1124 2040 1163 ε

2177 1112 2308 1182 ἑξῆς
2338 1113 2558 1183 ἡμέραν
2599 1113 2712 1176 ἀεὶ,
2761 1113 2843 1165 ὅτι
2895 1113 3051 1179 ἄγειν
3100 1110 3272 1180 κριῶν
3308 1109 3497 1181 ἄρρενα
3543 1113 3679 1172 τέκνα,

491 1203 744 1273 gloriam,
780 1218 875 1272 per
901 1201 1251 1257 laudationes
1279 1211 1332 1256 et
1364 1204 1630 1271 psalmos,
1687 1211 1741 1256 et
1778 1201 2037 1276 honoren:

2177 1204 2419 1273 νεογιλὰ,
2443 1205 2528 1257 ὅτι
2551 1203 2646 1258 καὶ
2677 1201 2836 1266 δόξαν
2861 1202 2928 1254 δι’
2960 1203 3238 1273 εὐφημίας
3266 1203 3360 1254 καὶ
3390 1201 3606 1270 ψαλμῶν,
3626 1204 3683 1255 ὅτι

493 1311 588 1363 per
613 1297 854 1364 regulam
902 1303 956 1350 et
999 1294 1368 1364 religionem:
1433 1305 1597 1364 atque
1662 1295 1765 1349 hoc
1843 1295 1897 1348 in
1952 1293 2039 1348 aul

2177 1296 2273 1348 καὶ
2294 1294 2461 1366 τιμὴν
2494 1295 2564 1359 δι’
2583 1293 2840 1360 εὐταξίας
2869 1295 2965 1347 καὶ
2984 1293 3299 1354 εὐλαϐείας,
3331 1293 3410 1345 ὅτι
3431 1298 3482 1345 ὲν
3503 1296 3557 1360 τῇ
3582 1295 3681 1361 αὐλῇ

492 1388 706 1457 templi,
737 1394 790 1442 et
813 1402 924 1441 non
954 1387 1062 1441 alio
1098 1387 1322 1441 inloco.
1356 1386 1517 1440 Juxta
1553 1385 1914 1456 anagogicum
1945 1401 2038 1440 ver

2172 1386 2268 1442 τοῦ
2295 1388 2447 1455 ναοῦ,
2472 1387 2573 1441 οὐκ
2597 1388 2656 1440 ὲν
2692 1388 2866 1457 ἑτέρῳ
2919 1387 3069 1456 τόπῳ
3104 1402 3116 1415 ⁸
3161 1385 3304 1438 κατὰ
3347 1385 3402 1437 δὲ
3434 1385 3684 1452 ἀναγωγὴν,

491 1495 742 1542 sensum,
764 1478 993 1549 intelligi
1021 1485 1201 1550 potest
1227 1481 1296 1533 de
1324 1494 1552 1548 egressu
1589 1495 1618 1532 a
1650 1493 2034 1549 corpore,quo

2173 1481 2258 1552 εἴη
2293 1482 2361 1535 ἂν
2393 1481 2649 1553 περὶτῆς
2701 1479 3034 1544 ἐξελεύσεως
3078 1479 3175 1548 τῆς
3199 1479 3308 1530 ἀπὸ
3338 1475 3427 1528 τοῦ
3473 1478 3683 1544 σώματος,

493 1571 783 1640 Apostolus
808 1570 1230 1625 tabernaculum
1256 1579 1417 1624 vocat
1440 1571 1507 1627 ¹⁸.
1544 1569 1639 1625 Est
1691 1570 1836 1625 enim
1871 1585 2036 1642 corpu

2171 1569 2471 1639 ὃσκῆνοςό
2542 1569 2871 1631 Ἀπόστολος
2918 1567 3115 1621 καλεῖ·
3167 1568 3431 1637 σκήνωμα
3479 1569 3571 1634 γὰρ
3613 1562 3685 1631 τῆς

493 1663 691 1718 anima;
719 1663 1158 1718 tabernaculum.
1196 1661 1473 1718 Admonet
1513 1664 1681 1734 igitur
1727 1663 1830 1719 hoc
1861 1665 2032 1734 psalm

2169 1660 2350 1732 ψυχῆς
2375 1661 2561 1716 τοῦτο’
2590 1663 2885 1732 παρεγγυᾷ
2924 1661 2982 1714 δὲ
3009 1663 3036 1714 ὁ
3062 1660 3278 1730 ψαλμδς
3309 1659 3363 1711 τί
3391 1661 3551 1711 ποιεῖν
3571 1656 3685 1723 69:5-

494 1754 766 1825 l‘ropheta
820 1756 950 1825 quid
1009 1755 1188 1810 faccre
1231 1755 1549 1821 debeamus,
1593 1764 1651 1810 ut
1697 1771 2037 1827 praeparemu

2169 1759 2360 1828 λομεν,
2403 1756 2874 1826 συσκευαζόμενοι
2906 1756 3042 1824 πρὸς
3071 1753 3170 1824 τὴν
3215 1752 3418 1815 ἔξοδον,
3474 1751 3559 1818 τὴν
3602 1748 3683 1801 dit-5

490 1847 556 1899 ad
597 1844 808 1900 exitum
833 1844 902 1899 ab
939 1845 1039 1898 hoc
1063 1859 1316 1915 corpore.
1343 1847 1604 1902 Actiones
1626 1846 1830 1901 ctenim
1866 1857 2036 1902 nostra

2170 1849 2265 1904 τοῦ
2302 1847 2559 1918 σώματος
2591 1863 2605 1877 '
2639 1847 2874 1916 ἐπείπερ
2908 1847 2965 1898 αἱ
2998 1844 3234 1898 ἐνταῦθα
3264 1842 3502 1914 πράξεις,
3527 1841 3689 1910 ἑφόδιον

490 1938 544 1990 in
575 1938 677 1992 hac
716 1936 847 2002 vita,
878 1937 1076 1990 animae
1108 1945 1240 1991 tunc
1273 1948 1437 1992 erunt
1463 1937 1748 1992 viaticum.

1574 1937 1748 1992 .icum.
2096 1915 2144 1973 Β
2171 1942 2272 2011 τῆς
2301 1915 2482 2011 ψυνῆς
2508 1937 2816 2011 τηνικαῦτα
2849 1915 3120 2006 γίνονται.

560 2030 730 2085 Vsus.
754 2031 804 2083 i.
839 2029 1040 2098 Aﬁ‘erte
1069 2029 1312 2093 Domino,
1340 2031 1443 2099 ﬁlii
1476 2031 1591 2096 Dei,
1624 2033 1812 2100 aﬁerte
1846 2031 2069 2086 Domino

2254 2035 2571 2102 Ἐνέγκατε
2645 2031 2726 2097 τῷ
2779 2032 2991 2100 Κυρίῳ,
3049 2031 3167 2085 υιοὶ
3238 2029 3408 2092 Θεοῦ,
3463 2027 3690 2096 ἐνέγκατε

491 2121 634 2190 ﬁlios
667 2123 922 2174 arietum.
955 2120 1076 2174 Filii
1108 2122 1328 2190 quidem
1368 2122 1463 2177 Dei
1516 2123 1752 2194 apostoli
1811 2133 1962 2180 sunt.
1993 2125 2032 2177 lt

2169 2125 2249 2192 τῷ
2273 2127 2466 2194 Κυρίῳ
2481 2123 2650 2189 υἱοὺς
2670 2121 2870 2189 κριῶν.
2898 2121 3019 2175 Υἱοὶ
3049 2120 3148 2191 μὲν
3171 2118 3333 2183 Θεοῦ,
3350 2121 3396 2171 οἱ
3427 2115 3687 2170 ἀπόστολοι.

489 2213 634 2267 enim
669 2211 934 2266 Dominus
959 2215 1254 2282 appellavit
1277 2229 1370 2268 cos
1430 2215 1619 2270 dicens
1649 2234 1663 2270 :
1738 2216 1976 2270 Ascendo
2001 2234 2031 2269 a

2169 2217 2328 2274 Οῦτω
2363 2218 2458 2270 καὶ
2509 2217 2536 2268 ὁ
2564 2215 2771 2285 Κύριος
2799 2212 3001 2276 αὐτοὺς
3031 2210 3492 2281 προσηγόρευσεν,
3530 2204 3687 2258 εἰπών·

490 2303 703 2356 Patrem
735 2319 908 2356 meum
947 2312 996 2357 et
1031 2302 1244 2356 Patrem
1280 2315 1509 2358 vestrum
1571 2306 1638 2362 ¹⁹.
1705 2306 1829 2362 Filii
1882 2317 2036 2361 auter

2183 2312 2242 2366 ‘A
2251 2310 2511 2364 ναϐαίνω
2525 2309 2676 2376 πρὸς
2695 2308 2800 2360 τὸν
2817 2305 3052 2372 Πατέρα
3065 2322 3184 2373 μου
3207 2302 3305 2356 καί
3322 2301 3536 2369 Πατέρα
3548 2293 3688 2366 ὑμῶν.

487 2394 746 2458 arietum,
780 2394 968 2449 fideles
1003 2411 1064 2450 ex
1096 2395 1368 2465 gentibus.
1404 2413 1640 2468 quorum
1695 2408 1966 2469 parentes,
1999 2416 2031 2454 ο

2169 2399 2293 2454 Υίοὶ
2311 2399 2365 2452 δὲ
2394 2398 2586 2467 κριῶν,
2625 2400 2674 2450 οὶ
2709 2397 2766 2461 ἐξ
2798 2397 2988 2456 ἐθνῶν,
3011 2388 3087 2449 ὧν
3105 2397 3154 2448 oi
3188 2393 3420 2463 πατέρες
3440 2391 3614 2457 ἄλογοι,
3629 2387 3693 2439 διὰ

485 2502 732 2542 errorem
765 2502 1043 2541 summum
1073 2488 1128 2542 in
1153 2505 1264 2558 quo
1323 2498 1508 2555 erant,
1541 2490 1895 2545 irrationales
1957 2493 2031 2545 dit

2169 2493 2269 2560 τὴν
2299 2490 2527 2559 πλάνην.
2560 2490 2934 2560 Προτρέπεται
2960 2487 3052 2540 οὖν
3076 2489 3200 2548 τοὺς
3219 2483 3536 2545 ἀποστόλους
3563 2493 3693 2549 προσ-

487 2578 704 2640 merito,
737 2586 791 2632 et
830 2576 1098 2630 arietibus
1135 2580 1446 2649 comparari
1472 2592 1748 2649 puterant.
1783 2581 2033 2636 Admone

2170 2586 2327 2654 ἀγειν
2389 2581 2466 2652 τῷ
2492 2581 2713 2650 Χριστῷ
2744 2580 2813 2633 τὰ
2850 2580 2978 2648 ἔθνη
3013 2595 3027 2610 ·
3058 2578 3203 2632 οὓτω
3233 2578 3292 2630 δὲ
3328 2577 3394 2630 τὰ
3434 2575 3561 2646 ρητὰ
3603 2587 3699 2622 συι-

488 2669 656 2737 igitur
681 2669 962 2737 apostolos
990 2667 1263 2738 Propheta
1308 2670 1412 2725 hoc
1451 2672 1688 2741 psalmo,
1717 2684 1772 2726 ut
1805 2672 2034 2730 festincu

2169 2673 2401 2726 τακτέον
2427 2688 2440 2701 ⁶
2481 2674 2638 2726 Ὅσοι
2675 2674 2782 2730 υἱοὶ
2811 2673 2968 2735 Θεοῦ,
2993 2672 3250 2741 ἐνέγκατε
3288 2669 3366 2740 τῷ
3396 2667 3583 2739 Κυρίῳ,
3635 2661 3698 2712 iv-

487 2757 767 2813 adducere
791 2757 1044 2814 inﬁdeles
1084 2769 1275 2827 gentes
1307 2761 1372 2815 ad
1419 2760 1721 2818 Christum.
1757 2764 1905 2819 Ordo
1943 2775 2023 2820 est

2172 2765 2370 2833 έγκατε
2397 2766 2547 2828 υἱοὺς
2579 2766 2773 2835 κριῶν.
2847 2764 3216 2835 Ἐμφαντικὸν
3276 2764 3390 2833 γὰρ
3438 2757 3640 2824 σπουδῆς
3674 2752 3697 2818 ἡ

473 2852 536 2906 ιο
557 2853 650 2906 lilii
676 2852 798 2919 Dei,
823 2853 1012 2908 atl'erte
1046 2853 1296 2917 Domino,
1317 2853 1506 2908 afferte
1536 2855 1672 2910 filios
1697 2857 1947 2912 arietum.
1977 2859 2016 2911 ll

2173 2856 2569 2922 ἀναδίπλωσις.
2604 2859 2674 2910 ’Ἡ
2710 2857 2805 2911 καὶ
2831 2858 3044 2920 ἄλλως·
3079 2856 3188 2908 υἱοὶ
3246 2855 3351 2925 μὲν
3395 2850 3543 2912 Θεοῦ,
3570 2850 3610 2900 oi
3635 2845 3699 2896 διὰ

482 2954 673 3000 autem
694 2945 1064 3015 .ingeminatio
1103 2944 1250 3000 verbi
1274 2946 1482 3014 afferte,
1513 2946 1756 3002 studium
1799 2950 2028 3018 quoddat

2171 2951 2270 3021 τῆς
2289 2951 2715 3021 παλιγγενεσίας
2747 2951 2844 3004 τοῦ
2901 2951 3284 3022 βαπτίσματος
3340 2941 3701 3012 υἱοθετηθέντες

489 3053 553 3092 ac
577 3037 912 3108 diligentiam
948 3051 1056 3091 non
1083 3038 1361 3106 vulgarem
1419 3039 1781 3095 adhibendam
1820 3057 1942 3098 esse
1978 3043 2035 3098 de

2171 3042 2416 3113 Χριστῷ,
2448 3042 2543 3096 καὶ
2572 3041 2950 3105 τελειωθέντες
2968 3043 3048 3105 εἰς
3076 3043 3285 3112 ἀρετήν
3311 3056 3328 3073 ο
3363 3040 3466 3094 υἱοὶ
3486 3036 3536 3089 δὲ
3550 3031 3698 3104 κριῶν,

490 3141 762 3185 monsrat.
797 3130 892 3185 Vel
927 3129 1087 3185 aliter
1122 3149 1135 3185 :
1179 3130 1302 3184 Filii
1341 3131 1564 3201 quidem
1615 3131 1708 3188 Dei
1763 3134 1798 3189 ii
1849 3134 2036 3190 diccnd

2171 3138 2219 3190 οἱ
2251 3135 2340 3190 διὰ
2371 3135 2466 3189 τοῦ
2500 3135 2863 3204 εὐαγγελικοῦ
2888 3135 3248 3204 κηρύγματος
3271 3123 3703 3202 γεννηθέπεςτοίς

489 3224 766 3292 ειιιιι,,ιιιιι
794 3237 888 3291 per
909 3221 1259 3290 baptismatis
1315 3222 1790 3291 regenerationem
1842 3225 2030 3280 Christ

2174 3227 2522 3292 ἀποστόλοις,
2563 3226 2644 3279 ἔτι
2667 3227 2724 3280 δὲ
2757 3226 2992 3290 ἀτελεῖς.
3031 3225 3364 3296 Κριοὺςγὰρ
3397 3217 3700 3325 ἀποστόλουῗι

473 3313 735 3383 καθορωιί
760 3323 813 3366 et
836 3314 904 3366 ad
933 3313 1175 3367 virtutes
1208 3311 1411 3366 initiati
1443 3321 1607 3379 sunt;
1638 3313 1731 3368 ﬁlii
1765 3329 1889 3369 vero
1921 3316 2019 3372 arit

2172 3323 2221 3373 εἰ
2245 3319 2448 3390 βούλει,
2477 3323 2709 3390 νοήσεις,
2746 3319 2820 3383 ὡς
2853 3318 3184 3388 ἀγελαρχας.
3215 3311 3346 3370 Οἶον
3374 3330 3389 3344 ο
3444 3312 3505 3365 Ol.
3546 3303 3707 3361 τελειό-

485 3418 602 3460 tunt
665 3407 723 3471 ii,
755 3421 893 3475 quos
927 3405 1162 3476 apostoli
1189 3420 1284 3474 pcr
1311 3403 1590 3474 Evangelii
1614 3406 2027 3475 prmdicatiouct

2170 3427 2342 3481 τεροι,
2382 3414 2776 3483 χειραγωγεῖτε
2806 3412 2932 3474 τοὺς
2981 3409 3372 3477 ἀτελεστέρους
3395 3422 3409 3436 ·
3438 3401 3584 3455 τοῦτο
3625 3395 3706 3464 γὰρ

483 3507 819 3569 genuerunt,
856 3498 1090 3553 necdum
1119 3495 1190 3552 ad
1220 3497 1491 3566 integram
1522 3498 1919 3567 perfectionem
1973 3501 2029 3556 de

2172 3503 2536 3558 εὐαπόδεκτον
2586 3504 2665 3576 τῷ
2704 3505 2841 3575 Θεῷ.
2894 3506 3030 3576 Φησὶ
3062 3504 3170 3572 γὰρ
3201 3503 3344 3571 πρὸς
3376 3499 3570 3567 Πέτρον
3595 3508 3609 3524 ⁸
3658 3489 3708 3540 ΕΙ

484 3586 919 3643 venerunt.‘Pcr
944 3588 1144 3641 arietes
1175 3587 1323 3642 enim
1373 3581 1610 3657 apostoli
1651 3588 2030 3644 convenientis

1838 3588 2066 3644 nientis—
2173 3595 2372 3664 φιλεῖς
2425 3614 2520 3666 με,
2553 3597 2832 3665 ποιγιαινε
2858 3597 2929 3650 τὰ
2960 3595 3227 3665 πρόϐατά
3237 3612 3384 3663 μου.

483 3679 874 3748 simeintelligi
924 3683 1178 3746 possunt,
1221 3691 1344 3729 cum
1394 3686 1449 3729 et
1520 3674 1624 3746 ipsi
1682 3677 2054 3746 spiritualium
2087 3698 2312 3754 gregum
2343 3702 2570 3742 suorum
2597 3687 2708 3742 sint
2767 3689 2960 3743 duces.
3024 3686 3190 3752 Quasi
3243 3684 3398 3738 dicat
3448 3674 3709 3745 Propheta:

482 3770 617 3835 Vos,
646 3785 678 3825 o
698 3768 956 3840 apostoli,
981 3767 1077 3839 qui
1109 3766 1466 3837 perfectiores
1494 3767 1652 3831 estis,
1682 3767 1934 3824 adducite
1955 3785 2052 3828 eos
2085 3773 2151 3828 ad
2182 3774 2375 3843 Deum,
2419 3779 2513 3848 qui
2572 3779 2752 3834 adhuc
2789 3778 3226 3849 ltnperiectiores
3285 3781 3440 3839 sunt,
3476 3772 3712 3824 instreca~

480 3877 566 3922 tes
595 3881 690 3919 cos
743 3862 995 3918 doctrina
1025 3871 1263 3927 vestra;
1329 3861 1432 3916 hoc
1479 3862 1624 3916 enim
1687 3864 2063 3932 gratissimum
2101 3871 2211 3926 Deo
2275 3883 2359 3928 est
2397 3873 2746 3944 obsequium.
2798 3874 3014 3928 Dictum
3055 3871 3200 3928 enim
3265 3869 3503 3938 legimus
3551 3860 3714 3916 l‘ctro:

487 3959 551 4013 Si
580 3957 757 4025 diligis
801 3973 900 4020 me,
937 3973 1094 4023 pasce
1123 3973 1240 4010 oves
1277 3973 1417 4011 meas
1447 3957 1514 4012 ’°.

556 4052 754 4119 A/ferte
792 4049 1274 4120 Dominofgloriam
1307 4061 1357 4104 et
1387 4053 1921 4109 honorem.Gioriam
1955 4053 2066 4112 Deo

2255 4059 2570 4128 Ἐνέγκατε
2594 4058 2674 4125 τῷ
2725 4059 2919 4126 Κυρίῳ
2963 4057 3152 4122 δόξαν
3201 4054 3301 4109 καὶ
3353 4052 3551 4124 τιμήν.
3585 4043 3715 4110 Δόξαν

485 4143 738 4208 aﬂerent,
779 4142 1029 4198 canendo
1070 4143 1148 4197 illi
1174 4144 1406 4216 hymnos
1440 4160 1502 4200 ac
1537 4145 1765 4214 laudes;
1799 4147 2030 4203 honoret

2176 4151 2295 4221 μὲν,
2332 4150 2422 4203 διὰ
2444 4147 2805 4218 ὑμνολογίας·
2856 4147 2944 4199 διὰ
2992 4145 3086 4198 τοῦ
3146 4143 3314 4214 φόϐου
3375 4143 3453 4203 δὲ,
3510 4129 3713 4206 mpth

484 4251 638 4300 vero,
655 4249 748 4306 per
769 4237 1022 4290 timorem
1044 4243 1208 4306 atque
1228 4238 2030 4308 observantiamjmandatorum

2175 4241 2426 4311 φυλακῆς
2458 4242 2566 4294 τῶν
2590 4239 2822 4294 ἐντολῶν
2844 4237 3033 4291 αὑτοῦ.
3063 4237 3126 4290 Εἰ
3144 4236 3275 4307 γὰρ,
3297 4234 3446 4289 κατὰ
3475 4231 3562 4284 τὸν
3587 4221 3717 4280 Ἀπό-

481 4325 617 4380 Nam
651 4326 696 4381 si
733 4327 813 4398 (ut
837 4327 2027 4401 Apostolusinquit“),pertransgressionet

2177 4335 2364 4389 στολον
2386 4335 2584 4398 εἰπεῖν,
2619 4330 2707 4386 διὰ
2750 4331 2849 4402 τῆς
2891 4330 3262 4399 παραδόσεως
3310 4327 3411 4381 τοῦ
3460 4325 3612 4392 νόμον
3647 4317 3717 4367 τὸν

481 4417 619 4490 legis
642 4420 785 4474 Deus
823 4419 1213 4484 inlionoratur,
1265 4421 1625 4476 manifestum
1656 4431 1740 4477 est
1794 4423 1937 4493 quod
1971 4440 2027 4494 pc

2175 4423 2310 4477 Θεὸν
2343 4421 2656 4494 ἀτιμάζεις,
2696 4419 2922 4490 εὔδηλον
2973 4419 3048 4483 ὡς
3087 4420 3254 4489 τιμᾷς
3304 4417 3474 4471 αὑτὸν
3525 4411 3606 4466 διὰ
3641 4404 3717 4473 τῆς

479 4513 601 4584 ejus
636 4511 1079 4567 observationem
1131 4511 1514 4567 honorabitur.

899 4513 1079 4566 ionetn
1131 4511 1514 4567 honorabitur.
2173 4514 2441 4584 φυλακῆς.

555 4605 800 4662 Vens.2.
834 4605 1036 4672 Aﬁ'erte
1091 4604 1320 4658 Domino
1381 4605 1611 4676 gloriam
1657 4608 1863 4661 nomini
1923 4606 2101 4684 ήκω]

2251 4609 2566 4678 Ἐνέγκατε
2619 4605 2699 4673 τῷ
2749 4606 2944 4674 Κυρίῳ
2997 4604 3189 4669 δόξαν
3253 4603 3506 4672 ὀνόματι
3545 4588 3717 4651 αὐτοῦ.

483 4697 587 4750 Per
631 4697 937 4751 laudabiles
1001 4698 1260 4752 nimirum
1303 4701 1574 4755 actiones.
1649 4699 1865 4754 Dictum
1918 4702 2026 4754 enit

2173 4701 2249 4754 Δι’
2277 4699 2582 4754 ἐπαινετῶν
2620 4698 2916 4771 πράξεων·
2985 4697 3202 4767 εἴρηται
3259 4697 3374 4764 γὰρ
3437 4692 3571 4764 προς
3620 4685 3719 4742 τοὺς

482 4789 713 4858 legimus
749 4789 816 4840 ad
851 4799 1167 4857 peccatores
1223 4805 1288 4842 cx
1367 4805 1602 4858 persona
1654 4789 1748 4844 Dei
1805 4788 2028 4844 :Nome

2170 4791 2588 4862 ἁμαρτάνοντας
2616 4805 2630 4820 ·
2691 4788 2763 4842 Τὸ
2793 4788 2983 4858 ὄνομά
3003 4805 3124 4858 μου
3155 4786 3231 4841 δι’
3258 4782 3425 4856 ὑμᾶς
3468 4784 3712 4848 ,βλασφῒι

482 4897 656 4934 meum
683 4889 900 4949 propter
925 4896 1014 4935 vos
1044 4881 1440 4948 blasphematur
1469 4883 1524 4936 in
1554 4883 1797 4952 gentibus
1820 4885 1885 4937 ".
1921 4881 2028 4938 Gen

2169 4883 2363 4952 μεῐται
2392 4883 2464 4937 ἐν
2489 4881 2610 4948 τοῖς
2652 4880 2999 4937 ἕθνεσιν.⁹0
3045 4881 3155 4950 γὰρ
3195 4878 3416 4940 ἐθνικὸς
3463 4874 3599 4944 ὁρῶν
3647 4865 3715 4918 τοί

483 4973 610 5027 tiles
635 4975 997 5026 etenim-cum
1037 4972 1238 5028 bonam
1287 4973 1467 5027 ﬁdelis
1499 4974 1791 5028 virivitam
1847 4989 1911 5029 ac
1935 4989 2029 5029 con

2176 4975 2368 5027 πιστοῦ
2406 4975 2506 5043 τὴν
2535 4973 2837 5044 διαγωγὴν,
2857 4973 2907 5026 εί
2941 4972 3042 5042 μὲν
3068 4972 3156 5042 εἴη
3191 4971 3360 5041 καλὴ,
3398 4967 3607 5022 ἐπαινεῖ
3651 4957 3722 5014 τὸν

480 5065 852 5120 versationem
889 5065 1148 5128 viderint,
1176 5066 1482 5119 incitantur
1526 5074 1588 5119 ut
1616 5066 1785 5121 Deum
1812 5077 2026 5122 nostrut

2177 5066 2436 5134 Χριστὸν,
2463 5065 2540 5129 ὡς
2572 5066 2778 5136 ἀρετῆς
2814 5063 3141 5118 διδάσκαλον
3165 5078 3180 5093 ο
3211 5063 3260 5116 εί
3303 5063 3363 5115 δὲ
3401 5061 3601 5129 φαύλη,
3627 5055 3723 5106 δια·

480 5153 713 5208 laudent
746 5164 1007 5225 tanquam
1039 5172 1232 5210 verum
1265 5156 1491 5211 virtutis
1549 5157 1834 5212 doctorem
1865 5175 1880 5214 :
1911 5173 2026 5228 quo

2177 5158 2321 5230 super.
2351 5157 2676 5228 μᾶλλον,ὼς
2704 5157 2900 5221 κακίας
2927 5157 3250 5227 εἰσηγητήν.
3309 5154 3606 5222 Ἐνέγκατε
3651 5143 3723 5196 οὔὸ

481 5249 832 5319 sipervcrsis
864 5252 1122 5306 moribus
1164 5250 1383 5306 ﬁdelem
1411 5249 1671 5316 viderint,
1703 5251 1814 5308 Deo
1877 5254 2027 5310 statit

2179 5253 2244 5322 τῷ
2276 5252 2468 5323 Κυρίῳ
2496 5251 2719 5304 ἔπαινον
2752 5249 2849 5304 τοῦ
2909 5250 3175 5321 ὀνόματος
3217 5249 3414 5314 αὑτοῦ,
3478 5242 3725 5299 τουτέστιν

477 5351 676 5398 nostro
709 5343 1037 5407 detrahunt,
1061 5353 1116 5398 et
1144 5343 1408 5398 vitiorum
1436 5345 1871 5400 introductoretn
1936 5361 2023 5402 cre

1388 5359 1408 5396 ,ι
1436 5345 1871 5400 introductoretn
1936 5361 2063 5402 cre-
2177 5345 2370 5407 αὑτοῦ,
2401 5343 2545 5397 κατὰ
2574 5345 2934 5416 περίφρασιν.

477 5434 634 5490 dunt.
676 5432 832 5490 Unde
859 5437 913 5489 in
945 5435 1240 5504 Evangelio
1277 5435 1508 5506 legimus
1540 5455 1552 5491 :
1587 5437 1654 5492 Ut
1685 5439 1892 5494 videant
1929 5439 2069 5494 bona
2103 5449 2278 5495 rostra
2307 5454 2491 5507 opera,
2514 5448 2564 5492 et
2601 5438 2898 5508 gloriﬁcent
2934 5436 3149 5492 Patrem
3228 5447 3469 5490 vestrum
3530 5432 3617 5501 qui
3683 5427 3727 5475 ίιι

478 5531 621 5586 caelis
678 5541 752 5583 est
781 5529 852 5582 ³³.
882 5530 1091 5585 Atl‘ertc
1139 5531 1305 5599 igitur
1363 5531 1593 5587 Domino
1657 5533 1873 5588 laudem
1943 5535 2147 5588 nomini
2200 5534 2348 5603 ejus;
2388 5534 2490 5586 hoc
2522 5540 2629 5598 est,
2659 5530 2848 5588 aﬂerte
2873 5533 2923 5587 ei
2943 5531 3187 5587 laudem.

537 5622 790 5676 .Adorate
823 5621 1110 5676 Dominum
1146 5624 1203 5676 in
1242 5625 1369 5678 aula
1412 5635 1601 5679 sancta
1633 5627 1769 5695 ejus.
1826 5626 1925 5681 Per
1957 5644 2054 5680 au-

2239 5625 2714 5694 Προσκυνήσατε
2753 5624 2832 5690 τῷ
2858 5627 3054 5693 Κυρίῳ
3081 5626 3152 5679 ἐν
3182 5624 3350 5692 αὐ.ιῇ
3377 5627 3522 5694 ἁγίᾳ
3547 5617 3725 5676 αὑτοῦ.

480 5716 588 5769 iam
632 5726 908 5775 sanctam,
937 5715 1064 5767 olitn
1127 5715 1412 5786 Synagoga
1467 5719 1893 5790 intelligebatur,
1931 5736 2026 5790 qua

2179 5715 2272 5772 'hv
2309 5719 2577 5790 πρότερον
2625 5721 2726 5790 μὲν
2791 5721 2930 5792 αὐλὴ
2972 5720 3105 5788 ἁγία
3161 5723 3272 5783 τοῖς
3351 5719 3652 5778 Ἰουδαίοις,
3681 5714 3725 5762 ἐν

546 5872 592 5905 ³³
618 5869 640 5925 l
671 5871 796 5927 Cor.
828 5887 909 5940 ιιι,
942 5872 1024 5928 16.
1135 5874 1176 5907 ¹⁹
1201 5870 1362 5930 Joan.
1400 5891 1486 5945 vix,
1525 5878 1609 5933 l'l.
1666 5877 1886 5937 "Joan.
1925 5897 2034 5948 xxi,
2074 5883 2092 5938 1

2207 5885 2282 5959 ¹²¹
2319 5875 2481 5942 Rom.
2519 5900 2580 5952 ιι,
2607 5884 2696 5940 25.
2760 5886 2827 5966 ,η
2855 5886 2959 5943 lsa.
2987 5901 3079 5954 ut,
3118 5885 3186 5958 5.
3256 5886 3298 5917 "
3340 5883 3542 5941 Matth.
3574 5898 3620 5948 ν,
3652 5876 3722 5930 “5-
