3916 6542
287 405 391 470 333

1429 401 1578 464 CUM
1589 404 1637 462 Μ
1651 401 1822 465 ENT.
1858 398 1941 459 IN
1978 399 2340 464 PSALMOS.

3420 403 3526 466 834

294 513 686 586 Ἰεροσολύμοις
720 515 1012 584 συναγωγή
1042 532 1054 547 ·
1093 514 1230 584 μετὰ
1256 502 1432 585 δὲτὴν
1479 518 1558 578 είς
1611 513 1833 585 Χριστδι

1950 517 2143 570 eratin
2170 516 2475 572 Jerusalem
2513 517 2647 584 ;sed
2675 524 2798 587 post
2834 517 3193 573 contumelias
3247 532 3274 572 a
3318 518 3523 574 Judaeis

283 609 458 677 ὓϐριν,
483 607 695 674 ἐγένετο
718 606 996 676 ἡὲπαυλις
1024 607 1207 661 αὐτῶν
1249 609 1612 680 ἡρημωμένη.
1648 609 1843 661 ’Υστε-

283 716 372 768 ρον
408 698 462 748 δὲ
489 701 708 764 γέγονεν
740 697 880 768 αὐλὴ
910 699 1041 767 ἁγία
1057 700 1152 752 τοῦ
1189 701 1450 770 Χριστοῦ,
1482 703 1514 771 ή
1557 702 1663 754 τῶν
1710 702 1845 770 Χριο

281 787 507 839 στιανῶν
551 786 848 857 Ἐκκλησία
872 789 966 841 καὶ
1001 789 1205 857 πίστις,
1239 793 1296 843 ὲν
1333 787 1366 865 ᾖ
1398 793 1727 863 προσκυνεῖν
1747 791 1842 844 αύ-

276 879 362 930 rev
391 881 416 930 6
446 878 598 946 λόγος
631 880 1025 950 προτρέπεται,
1053 883 1284 936 κωλύων
1309 885 1408 948 τὰς
1461 884 1844 954 σχισματικῶς

279 971 771 1038 παρασυναγωγὰς,
797 973 893 1024 καὶ
921 974 1095 1044 μόνην
1119 975 1392 1045 ἐκκρίνων
1427 977 1527 1046 τὴν
1576 978 1682 1030 ἀπὸ
1710 978 1841 1048 Χρι-

279 1059 400 1111 στοῦ
433 1060 870 1132 παραδεδομένην
903 1063 1108 1118 πίστιν.
1139 1065 1377 1118 Δυνατὸν
1403 1065 1460 1118 δὲ
1500 1067 1694 1136 νοῆσαι
1747 1068 1842 1120 αὐ-

276 1148 369 1218 λὴν
397 1150 489 1200 καὶ
511 1151 610 1218 τὴν
637 1151 986 1220 ἐπουράνιον.
1020 1154 1120 1207 Διὰ
1146 1154 1305 1209 τοῦτο
1331 1157 1380 1209 οἱ
1441 1159 1841 1227 πεφυτευμένοι

274 1237 503 1290 ἐνταῦθα
531 1240 589 1290 ἐν
609 1239 686 1309 τῷ
713 1241 846 1312 οἴκῳ
878 1244 1112 1314 Κυρίου,
1175 1246 1377 1316 δηλαδὴ
1433 1250 1498 1317 τῇ
1545 1248 1844 1320 Ἐκκλησία

273 1327 376 1379 τῶν
407 1330 636 1396 πιστῶν,
662 1333 721 1384 ὲν
781 1336 902 1397 ταῖς
960 1337 1155 1401 αὐλαῖς
1206 1339 1326 1392 ἐκεῖ
1365 1338 1461 1392 τοῦ
1504 1339 1638 1393 Θεοῦ
1684 1342 1842 1412 ἡμῶν

271 1421 642 1492 ὲξανθήσουσι.

336 1515 508 1581 Φωνὴ
555 1521 775 1586 Κυρίου
831 1522 931 1576 ἐπί
967 1523 1086 1578 τῶν
1116 1525 1370 1581 ὑδάτων.
1404 1529 1578 1583 Τοῦτο
1628 1548 1843 1602 προφη-

269 1606 381 1658 τεία
408 1609 538 1678 περὶ
566 1611 666 1680 τῆς
698 1613 1011 1686 ἐνεχθείσης
1041 1615 1252 1670 ἄνωθεν
1285 1621 1470 1690 φωνῆς
1503 1623 1838 1698 ὲνΊορδάνῃ,

270 1699 354 1751 ὅτε
383 1700 410 1751 6
444 1700 686 1770 Χριστὸς
729 1702 1086 1766 ἐϐαπτίσατο.
1122 1707 1390 1779 λεγούσης
1409 1726 1424 1742 ο
1453 1706 1644 1779 Οὗτός
1673 1712 1844 1767 ἐστιν

273 1793 305 1844 ὁ
338 1791 473 1856 Υἱός
493 1809 618 1860 μου
656 1796 689 1848 ὀ
710 1794 1040 1864 ἀγαπητὸς,
1073 1799 1144 1852 ἐν
1169 1794 1219 1867 ᾧ
1254 1801 1592 1870 ηὐδόκησα.

347 1882 408 1934 '0
436 1883 588 1949 Θεὸς
609 1883 719 1952 τῆς
741 1886 928 1955 δόξης
956 1891 1303 1960 ἐϐρόντησε.
1322 1893 1381 1946 '0
1405 1895 1596 1968 Πατὴρ
1627 1897 1840 1968 ἀφῆκεν

272 1975 479 2047 ἐκείνην
509 1978 613 2048 τὴν
660 1981 868 2052 φωνὴν,
920 1983 987 2054 ἢν
1024 1987 1122 2038 καὶ
1168 1986 1399 2058 βροντὴν
1431 1988 1711 2058 ὀνομάζει,
1751 1992 1840 2046 διὰ

270 2066 328 2118 τὸ
357 2067 412 2133 ἐξ
444 2069 684 2138 ούρανοῦ
716 2075 1071 2144 κατηνέχθαι,
1107 2078 1231 2132 ὅθεν
1266 2081 1360 2132 καὶ
1393 2081 1450 2133 αἱ
1483 2081 1726 2152 βρονταὶ,
1745 2085 1841 2137 καὶ

271 2158 353 2212 διὰ
379 2161 440 2212 τὸ
463 2163 718 2234 στερρὸν,
747 2165 841 2218 καὶ
872 2167 1222 2230 ἐξάκουστον.
1256 2172 1403 2236 Θεὸς
1421 2172 1479 2226 δὲ
1508 2172 1614 2241 τῆς
1629 2174 1836 2242 δόξης,

270 2251 382 2302 ἀντὶ
408 2250 525 2313 τοῦ,
558 2254 790 2320 ἔνδοξος,
827 2256 1020 2328 ῶσπερ
1061 2259 1158 2313 καὶ⁸
1190 2261 1323 2324 Θεὸς
1357 2264 1458 2332 τῆς
1487 2265 1770 2336 ἀληθείας,
1811 2268 1839 2319 6

269 2341 535 2410 ἀληθινὸς,
574 2344 670 2397 καὶ
719 2345 852 2410 Θεὸς
895 2351 1253 2421 ἐκδικήσεως,
1307 2357 1336 2408 6
1385 2356 1700 2428 ὲκδικητὴς,
1742 2360 1841 2412 καὶ

269 2433 392 2496 Θεὸς
422 2436 735 2506 δυνάμεων,
770 2441 796 2492 6
822 2441 1072 2509 δυνατὸς,
1098 2446 1192 2497 καὶ
1223 2445 1358 2509 Θεὸς
1393 2448 1596 2516 ἐλέους,
1629 2453 1656 2505 6
1685 2451 1841 2523 ἐλεή-

273 2542 404 2594 μων,
435 2529 533 2580 καὶ
571 2529 672 2582 ὃσα
717 2531 947 2587 τοιαῦτα
971 2550 986 2567 ·
1024 2536 1222 2608 ἰδίωμα
1265 2539 1374 2612 γὰρ
1406 2542 1502 2596 καὶ
1545 2545 1706 2598 τοῦτο
1739 2546 1842 2617 τῆς

269 2614 525 2679 Παλαιᾶς.

333 2803 553 2870 Κύριος
589 2805 688 2860 ἐπὶ
747 2809 988 2865 ὑδάτων
1035 2817 1303 2872 πολλῶν.
1367 2819 1426 2875 '0
1481 2823 1718 2894 Χριστὸς
1780 2827 1840 2880 ὲν

268 2891 414 2949 ῦδασι
438 2933 455 2960 ,
491 2901 610 2961 τοῖς
641 2901 734 2954 τοῦ
773 2904 1061 2974 Ἰορδάνου,
1097 2911 1191 2962 καὶ
1217 2909 1286 2962 δι’
1322 2911 1550 2967 ἐκείνων
1579 2917 1639 2968 ἐν
1671 2918 1840 2971 πᾶσιν

268 2985 464 3054 ὕδασιν,
489 2991 741 3057 ἁγιάζων
770 2995 868 3066 τὴν
894 2997 1057 3064 φύσιν
1086 3001 1266 3054 αὐτῶν
1296 3004 1355 3055 ὲν
1393 3004 1660 3079 Ἰορδάνῃ.

330 3081 500 3148 Φωνὴ
529 3086 754 3151 Κυρίου
783 3089 854 3140 ἐν
882 3091 1071 3158 ἰσχύϊ.
1093 3093 1182 3145 Ἐν
1209 3094 1288 3163 τῷ
1328 3097 1534 3167 ίσχυρῷ
1563 3103 1705 3155 κατὰ
1727 3104 1838 3158 τῶν

1949 608 2002 662 in
2037 609 2316 664 Christum
2342 610 2548 676 illatas,
2593 610 2734 665 facta
2776 619 2859 666 est
2888 611 3156 664 habitatio
3199 612 3290 666 illa
3355 613 3519 668 deso-

1948 701 2082 756 lata.
2108 700 2416 758 Novissime
2451 713 2632 758 autem
2675 705 2796 758 aula
2845 716 3035 759 sancta
3093 707 3321 770 Christi,
3374 706 3519 761 facta

1947 803 2034 849 est
2064 796 2504 852 Christianorum
2543 797 2788 853 Ecclesia
2814 815 2876 853 ac
2911 800 3066 862 lidcs,
3111 801 3168 855 in
3229 817 3337 870 qua
3395 818 3522 869 pro-

1895 937 1898 942 .
1947 889 2204 958 pheticus
2228 904 2412 946 sermo
2447 891 2789 947 adorandum
2839 909 2964 949 esse
2999 894 3290 949 Dominum
3340 895 3519 964 juhet,

1947 984 2142 1058 omnes
2173 983 2310 1038 alias
2347 985 2664 1054 illegitimas
2712 989 3162 1058 congregationes
3200 976 3518 1058 prohibens,

1946 1057 2000 1128 et
2033 1076 2205 1129 solam
2247 1076 2456 1146 eligens
2490 1077 2648 1133 tidem
2674 1093 2702 1131 ε
2733 1057 2952 1134 Christo
2996 1057 3277 1136 traditam.
3312 1082 3529 1170 lntclli;

1947 1183 2073 1238 gere
2107 1169 2274 1224 etiam
2318 1185 2616 1240 possumus
2643 1187 2737 1242 per
2773 1173 2977 1238 aulam,
3006 1175 3286 1228 caelestem
3309 1169 3524 1228 habita-

1947 1261 2173 1315 tionem.
2215 1260 2350 1313 Nam
2389 1262 2425 1316 ii
2463 1263 2555 1332 qui
2599 1264 2654 1318 in
2703 1263 2807 1318 hac
2834 1265 2944 1319 vita
2999 1265 3228 1336 plantati
3283 1274 3412 1320 sunt
3467 1268 3518 1319 in

1945 1349 2106 1406 domo
2138 1350 2375 1418 Domini,
2401 1353 2512 1408 illic
2542 1355 2595 1409 in
2627 1357 2764 1412 aulis
2791 1355 2885 1412 Dei
2916 1357 3090 1413 nostri
3118 1357 3414 1412 ﬂorebunt.

2023 1525 2182 1581 Vens.
2215 1531 2268 1584 5.
2306 1528 2415 1584 Vox
2440 1529 2655 1585 Domini
2680 1549 2837 1602 super
2875 1549 3061 1602 aquas.
3091 1533 3379 1602 Prophetia
3405 1532 3519 1586 ha'c

1944 1630 2033 1675 est
2061 1621 2127 1674 de
2149 1637 2282 1677 voce
2323 1639 2445 1692 qua:
2494 1626 2547 1677 in
2581 1622 2822 1678 Jortlane
2853 1640 3093 1694 superne
3123 1625 3364 1679 demissa
3407 1635 3515 1690 est,

1945 1713 2165 1782 quando
2193 1714 2447 1770 Christus
2479 1715 2882 1786 haptizahatur,
2916 1717 3147 1773 dicens:
3181 1717 3286 1770 Hic
3315 1728 3393 1772 est
3422 1717 3518 1771 Fi-

1944 1807 2047 1862 lius
2081 1824 2226 1861 meus
2247 1809 2490 1874 dilectus,
2513 1810 2566 1863 in
2595 1827 2696 1880 quo
2731 1812 3034 1880 complacui
3088 1813 3217 1866 mihi
3238 1813 3302 1865 ’⁸.

2016 1898 2158 1953 Deus
2218 1899 2403 1970 gloria:
2443 1903 2698 1958 intonuit.
2759 1903 2880 1973 lpse
2924 1902 3084 1959 Pater
3142 1920 3327 1960 vocem
3367 1905 3512 1959 illam

1907 1992 2132 2050 ,emisit
2161 2008 2326 2060 quam
2361 1993 2625 2050 diximus.
2663 1995 2994 2050 Tonitruum
3025 2007 3209 2051 autem
3250 2013 3371 2052 eam
3412 2013 3515 2068 ap-

1944 2085 2171 2154 pellavit
2197 2084 2493 2155 Propheta,
2530 2097 2586 2141 et
2615 2088 2746 2155 quia
2781 2103 2812 2143 e
2844 2091 2986 2144 ccelo
3012 2090 3193 2144 delata
3240 2099 3325 2144 est
3369 2092 3516 2145 unde

1945 2176 2177 2230 veniunt
2208 2178 2454 2232 tonitrua
2485 2186 2538 2233 et
2579 2189 2800 2250 propter
2833 2182 2982 2237 illius
3020 2184 3458 2252 magnitudinem
3496 2201 3512 2237 :

1944 2283 2072 2322 nam
2109 2271 2178 2324 ah
2204 2272 2465 2327 omnibus
2512 2274 2580 2328 de
2613 2273 2763 2328 facili
2796 2276 2979 2328 audita
3007 2285 3112 2331 est.
3153 2277 3294 2331 Deus
3329 2288 3508 2332 autem

1940 2362 2128 2431 gloria:
2160 2361 2302 2416 dixit
2335 2380 2456 2433 pro,
2501 2366 2644 2421 Deus
2689 2367 2991 2437 gloriosus,
3047 2368 3510 2438 quemadmodum

1942 2463 2000 2508 et
2040 2455 2167 2509 althi
2218 2456 2359 2512 Deus
2389 2458 2593 2513 dicitur
2618 2460 2884 2527 veritatis,
2908 2461 3052 2516 Deus
3099 2462 3341 2526 ultionis,
3369 2461 3514 2516 Deus

1941 2548 2350 2617 potentiarum,
2387 2558 2440 2605 et
2497 2550 2639 2606 Deus
2697 2553 3242 2618 miscricordiarum,
3289 2570 3386 2624 pro
3447 2569 3516 2609 eo

1941 2639 2089 2708 quod
2103 2649 2207 2707 est,
2229 2641 2371 2698 Deus
2386 2657 2571 2709 verus,
2592 2643 2730 2698 Deus
2747 2644 2966 2708 vindex,
2986 2647 3124 2702 Deus
3140 2656 3352 2718 potens,
3373 2647 3516 2705 Deus

1942 2730 2278 2788 misericors.
2320 2734 2524 2789 lilioma
2550 2735 2696 2790 enim
2730 2744 2814 2792 est
2845 2739 3042 2795 veteris
3073 2740 3392 2810 Scriptura).

2015 2825 2276 2881 Dominus
2303 2844 2460 2897 super
2495 2846 2663 2899 aquas
2701 2831 2923 2887 multas.
2957 2831 3220 2890 Christus
3250 2836 3512 2892 nimirum

1944 2916 2000 2971 in
2050 2918 2210 2986 aquis
2239 2918 2484 2992 ﬂuuiiinis
2542 2919 2823 2989 Iordanis,
2867 2934 2923 2980 et
2977 2925 3182 2996 ubique
3238 2944 3338 2998 per
3365 2929 3514 2995 illas,

1943 3024 2208 3081 aquarum
2235 3020 2488 3067 naturam
2519 3017 2894 3073 sanctiﬁcans.

2015 3102 2180 3161 Vens.
2210 3105 2265 3160 4.
2323 3106 2435 3161 Vox
2462 3107 2676 3164 Domini
2701 3112 2756 3164 in
2780 3112 3114 3182 fortitudine.
3149 3116 3203 3170 In
3237 3115 3389 3181 forti,
3424 3118 3514 3172 in-

266 3168 444 3223 παθῶν
475 3174 636 3245 ἀνδρὶ
669 3179 820 3248 φωνὴ
848 3180 1058 3247 γίνεται
1088 3185 1320 3256 Κυρίου,
1378 3191 1698 3258 ῥωννύουσα
1739 3197 1833 3248 καὶ

1946 3196 2080 3266 quit,
2137 3213 2202 3252 ac
2258 3200 2491 3257 robusto
2527 3202 2794 3259 adversus
2841 3208 3128 3274 passiones
3178 3220 3346 3282 atque
3382 3212 3515 3268 επε-

268 3261 631 3338 ὐποτιθεμένη
667 3270 734 3321 τὰ
761 3271 968 3326 δέοντα.

327 3462 497 3530 Φωνὴ
557 3466 783 3533 Κυρίου
833 3469 906 3523 ἐν
948 3477 1455 3546 μεγαλοπρεπείᾳ.
1514 3481 1621 3533 Kal
1660 3484 1717 3536 ἐν
1753 3483 1832 3554 τῷ

267 3554 698 3625 μεγαλοπρεπεῖ,
733 3559 810 3629 τῷ
843 3566 1276 3634 καταφρονοῦντι
1318 3569 1416 3636 μὲν
1448 3572 1554 3625 τῶν
1591 3577 1832 3646 γεηρῶν,

265 3641 546 3710 φρονοῦντι
582 3645 638 3699 δὲ
665 3648 732 3701 τὰ
756 3649 1020 3720 οὐράνια·
1053 3655 1128 3719 ὡς
1157 3657 1453 3728 δηλοῦσθαι
1492 3661 1581 3716 διὰ
1604 3641 1713 3734 ’μὲν
1732 3641 1834 3737 τῆξ

264 3731 464 3803 ίσχύος,
492 3739 591 3791 τὸν
621 3746 930 3812 πρακτικόν
952 3764 966 3778 ·
1003 3748 1092 3804 διὰ
1124 3751 1181 3805 δὲ
1201 3753 1300 3823 τῆς
1327 3731 1829 3830 μεγαλοπρεπείας,

261 3824 342 3877 τὸν
366 3826 731 3902 Θεωρητικὸν.

327 3922 498 3992 Φωνὴ
530 3929 781 3994 Κυρίου,
803 3936 1236 4013 ονυντρίὸοντος
1257 3941 1526 4012 κέδρους.
1547 3945 1614 4000 Ἦ
1638 3948 1831 4020 κέδρος

261 4013 382 4066 ποτὲ
435 4017 539 4086 μὲν
579 4018 672 4071 ἐπὶ
720 4022 890 4076 καλοῦ
940 4026 1298 4098 λαμϐάνεται,
1332 4033 1423 4088 διὰ
1454 4037 1517 4089 τὸ
1574 4013 1828 4110 ἄσηπτον

260 4105 345 4156 καὶ
399 4110 721 4180 κατάκομον
779 4116 872 4168 καὶ
917 4118 1140 4184 εὐῶδες,
1195 4123 1272 4186 ὡς
1324 4127 1423 4179 τό·
1459 4105 1696 4198 Δίκαιοξ
1746 4133 1829 4200 ὡς

256 4197 451 4263 φοίνιξ
474 4202 754 4269 ἀνθήσει,
783 4207 879 4260 καί
904 4209 1046 4264 ὡσεί
1071 4210 1284 4282 κέδρος
1327 4219 1364 4287 ἠ
1395 4220 1467 4273 ἐν
1488 4219 1567 4286 τῷ
1595 4197 1828 4290 Λιϐάνῷ

257 4290 754 4360 πληθυνθήσεται
776 4312 790 4326 ·
836 4301 966 4354 ποτὲ
999 4303 1054 4356 δὲ
1085 4304 1177 4358 ἐπὶ
1212 4308 1416 4376 κακοῦ,
1445 4311 1534 4364 διὰ
1563 4320 1623 4366 τὸ
1653 4315 1828 4386 ἄκαρα

257 4394 352 4430 πον
372 4383 468 4435 καὶ
497 4384 928 4457 δυσκαμπὲς,ῶς
948 4395 1009 4447 τό
1027 4410 1040 4423 ·
1074 4393 1257 4452 Εἶδον
1283 4401 1389 4454 τὸν
1425 4404 1616 4473 ἀσεϐῆ
1649 4383 1827 4478 ὑπερ-

255 4475 604 4580 υψοιίνμενον
621 4481 718 4534 καί
753 4482 1172 4556 ἐπαιρόμενον,
1196 4491 1278 4558 ὡς
1306 4493 1414 4558 τὰς
1441 4497 1695 4565 κέδρους
1716 4475 1822 4554 τοῦ
1857 4527 1898 4580 ι)

254 4565 535 4623 Λιϐάνου.
568 4569 682 4623 Νῦν
715 4572 808 4626 οῦν
831 4575 1056 4648 κέδρους
1101 4580 1359 4652 ὀνομάζει
1381 4587 1507 4650 τοὺς
1539 4588 1821 4659 δαίμονας,

254 4653 334 4708 διὰ
357 4659 416 4710 τὸ
448 4661 784 4732 ἐπῃρμένον.
829 4667 892 4720 Ἦ
918 4669 1151 4742 ἔπαρσις
1199 4676 1310 4744 γὰρ
1337 4679 1538 4741 αὐτοὺς
1580 4653 1688 4734 ἀπὸ
1725 4653 1823 4736 τοῦ

257 4749 484 4818 ούρανοῦ
512 4759 980 4828 κατεκρήμνισεν.
1033 4765 1212 4833 Φωνὴ,
1243 4768 1402 4837 φησι,
1439 4771 1649 4838 γίνεται
1707 4776 1821 4827 Κυ-

256 4839 390 4906 ρίου,
448 4843 540 4896 ὅτε
596 4849 875 4918 συντρίὸει
911 4855 1004 4906 καὶ
1049 4857 1313 4926 ταράσσει
1354 4861 1480 4924 τοὺς
1536 4862 1817 4932 δαίμονας.

264 4928 652 5024 ’λ’ποστικτέον
701 4941 811 5011 γὰρ
868 4947 1006 5012 μετὰ
1033 4947 1094 5000 τὸ
1139 4951 1382 5015 Κυρίου,
1420 4953 1504 5005 ἵνα
1534 4928 1749 5024 νοηδείη
1789 4957 1822 5024 ἡ

255 5022 487 5092 πλαγεία
538 5029 810 5096 σύνταξις.
847 5037 1036 5108 Τούτῳ
1069 5039 1126 5092 δὲ
1167 5043 1244 5110 τῷ
1277 5044 1518 5114 σχήματι
1561 5047 1654 5099 καὶ
1689 5048 1826 5100 ὑπο-

253 5115 451 5168 κατιὼν
480 5119 783 5190 ἐχρήσατο.

323 5294 430 5346 Καί
461 5299 780 5368 συντρίψει
814 5303 1030 5370 Κύριος
1059 5305 1166 5372 τὰς
1199 5308 1452 5377 κέδρους
1507 5313 1612 5366 τοῦ
1655 5315 1824 5369 Λιϐά-

253 5397 381 5437 νου.
417 5387 649 5452 Λίϐανος
680 5393 804 5462 δρος
833 5395 1036 5466 ὑψηλὸν
1064 5401 1431 5474 Παλαιστίνης
1466 5406 1820 5479 κεδροφόρον,

255 5474 553 5543 ειδωλικοτς
591 5487 740 5547 ναοῖς
773 5487 1154 5558 ἀνακείμενον.
1187 5493 1352 5547 Ὅθεν
1393 5474 1618 5567 κέδρους
1646 5474 1820 5553 Also;

256 5581 344 5618 νου
384 5568 536 5638 λέγει
567 5575 633 5627 τά
661 5579 861 5650 τεμένη
895 5582 1001 5635 τῶν
1043 5586 1301 5650 είδώλων,
1333 5588 1402 5642 τὰ
1449 5591 1506 5643 ἐν
1548 5591 1718 5660 αὐτῷ,
1757 5594 1823 5646 ὲκ

252 5658 345 5710 τοῦ
397 5665 742 5736 περιέχοντος
774 5672 950 5741 δηλῶν
983 5679 1049 5730 τὰ
1087 5681 1479 5751 περιεχόμενα,
1517 5685 1612 5740 καὶ
1647 5658 1823 5749 ἄλλως

1939 3298 2063 3343 ctus
2090 3291 2330 3354 homine,
2375 3307 2481 3346 vox
2538 3294 2752 3349 Domini
2814 3298 2892 3361 tit,
2946 3301 3217 3358 roborans
3271 3321 3396 3359 eum
3445 3322 3511 3362 ac

1939 3393 2242 3448 suggerens
2273 3397 2394 3450 qua:
2427 3387 2740 3440 necessaria
2769 3397 2920 3441 sum.

2021 3468 2133 3525 Vox
2175 3472 2386 3528 Domini
2421 3476 2476 3528 in
2518 3479 2937 3547 magniﬁcentia.
2980 3483 3094 3538 lloc
3139 3496 3246 3550 est,
3298 3489 3352 3543 in
3391 3507 3512 3545 ma-

1937 3563 2138 3632 gniﬁco
2170 3579 2238 3620 eo
2264 3567 2404 3630 viro,
2427 3570 2518 3637 qui
2551 3574 2836 3626 terrestria
2861 3577 3151 3643 spreverit,
3178 3587 3232 3631 et
3254 3581 3506 3640 cmlestia

1939 3661 2151 3710 tantum
2217 3658 2516 3713 meditetur
2551 3675 2564 3712 :
2601 3671 2660 3715 ut
2722 3679 2818 3724 per
2859 3667 3243 3725 lenitudinem
3282 3675 3506 3745 quidem

1918 3744 2136 3814 activa,
2167 3765 2230 3806 ac
2261 3753 2488 3808 moralis
2521 3755 2718 3821 virtus,
2747 3772 2846 3827 per
2867 3744 3338 3830 magniﬁcentiam
3375 3784 3508 3825 vero

1936 3844 2372 3912 contemplativa
2400 3846 2763 3914 signiﬁcetur.

2012 3937 2173 3992 Vsus.
2211 3937 2262 3991 5.
2315 3937 2429 3994 Vox
2461 3940 2714 4009 Domini,
2756 3946 3134 4016 confringenlt's
3161 3937 3375 4010 cedrus.
3403 3955 3508 4011 Ce-

1935 4027 2072 4082 drus
2108 4029 2408 4099 aliquando
2441 4031 2496 4086 in
2531 4033 2734 4088 bonum
2786 4039 3074 4108 accipitur,
3109 4043 3236 4112 quia
3280 4045 3502 4101 cedrina

1934 4119 2080 4189 ligna
2130 4121 2616 4179 immarcescibilia
2668 4135 2836 4194 sunt,
2870 4138 3036 4200 atque
3086 4134 3407 4204 imputrida,
3447 4149 3499 4193 et

1934 4226 2124 4267 earum
2145 4215 2375 4270 materia
2394 4215 2562 4270 densa
2587 4225 2673 4272 est
2701 4226 2866 4289 atque
2885 4223 3133 4287 odorata,
3149 4226 3307 4293 juxta
3333 4229 3500 4284 illud:

1931 4298 2119 4354 Justus
2143 4309 2196 4354 ut
2221 4303 2406 4369 palma
2433 4305 2670 4372 ﬂarebit,
2718 4317 2766 4361 ct
2797 4308 2934 4362 sicut
2993 4310 3179 4366 cedrus
3214 4315 3267 4368 in
3296 4315 3503 4372 Libano

1934 4393 2388 4461 multiplicabitur
2430 4395 2500 4457 ",
2566 4396 2868 4465 aliquando
2923 4410 3104 4454 autem
3154 4403 3209 4457 in
3276 4407 3502 4471 malum,

1930 4485 2056 4552 quia
2097 4484 2262 4538 arbor
2314 4493 2400 4539 est
2453 4486 2663 4540 sterilis
2724 4495 2894 4558 atque
2932 4490 3283 4562 inﬂexibilis,
3343 4498 3501 4567 juxta

1930 4576 2064 4630 illud
2091 4593 2106 4630 :
2146 4575 2270 4630 Vidi
2300 4577 2525 4646 impium
2557 4585 3019 4650 supercxaltatum
3059 4598 3217 4658 atque
3243 4591 3501 4648 eleuatum

1929 4667 2062 4719 sicut
2085 4666 2269 4721 cedrus
2302 4666 2492 4724 Libani
2518 4670 2586 4724 “.
2607 4671 2724 4728 lloc
2753 4673 2808 4728 in
2840 4675 2964 4732 loco
2995 4677 3163 4750 igitur
3187 4696 3285 4750 per
3305 4684 3502 4740 cedros

1929 4759 2206 4814 daemones
2231 4760 2487 4831 intelligit
2517 4773 2740 4834 propter
2776 4767 3070 4826 elationem
3095 4788 3158 4827 ac
3187 4776 3500 4844 superbiam

1931 4847 2106 4914 illam,
2155 4866 2278 4918 qua:
2309 4853 2374 4906 de
2403 4853 2546 4908 cmlo
2577 4871 2672 4910 eos
2708 4858 3091 4929 praecipitavit.
3140 4862 3272 4929 Vox,
3300 4865 3498 4935 inquit.

1930 4938 2146 4994 Domini
2195 4942 2252 4996 tit
2281 4984 2296 5008 ,
2331 4944 2552 5015 quando
2582 4951 2826 5004 conterit
2856 4966 2919 5006 ac
2967 4956 3266 5026 confringit
3304 4959 3500 5012 daemo-

1933 5047 2053 5087 nes.
2085 5033 2330 5090 Punctus
2367 5037 2514 5090 enim
2548 5040 2838 5108 ponendus
2872 5053 2976 5108 est,
3014 5055 3141 5114 post
3174 5049 3494 5112 dictionem,

1927 5125 2168 5190 Domini,
2197 5137 2254 5182 ut
2292 5129 2630 5200 intelligatur
2669 5149 2792 5188 esse
2827 5134 3048 5205 obliqua
3081 5135 3329 5206 quaedam
3358 5155 3496 5195 con-

1931 5219 2160 5274 structio
2185 5236 2199 5284 ;
2225 5236 2331 5289 qua
2364 5220 2628 5291 loquendi
2664 5221 2836 5293 ﬁgura
2868 5225 3013 5279 infra
3039 5229 3198 5279 etiam
3226 5243 3362 5282 usus
3389 5240 3492 5285 est.

2003 5313 2070 5367 Et
2112 5316 2402 5386 confringet
2454 5316 2708 5372 Dominus
2755 5320 2938 5375 cedros
2992 5321 3196 5377 Libani.
3255 5323 3494 5382 Libanus

1921 5418 2078 5457 mons
2116 5417 2201 5459 est
2230 5405 2547 5462 Palaestinae
2589 5409 2852 5480 regionis,
2888 5412 3057 5475 altus,
3092 5427 3155 5466 ac
3187 5411 3366 5468 lerens
3405 5431 3491 5470 ee-

1922 5497 2075 5561 dros,
2117 5498 2388 5554 idolorum
2420 5503 2640 5570 templis
2665 5512 3048 5558 consecratum
3073 5522 3087 5570 ;
3121 5508 3263 5562 unde
3289 5524 3382 5577 per
3401 5525 3491 5563 ce-

1921 5592 2052 5647 dros
2073 5592 2340 5648 idolorum
2366 5609 2590 5648 nemora
2613 5609 2678 5649 ac
2703 5596 2858 5652 lucos
2881 5597 3154 5670 intelligit,
3179 5601 3274 5671 qui
3297 5603 3350 5656 in
3372 5602 3491 5672 ipso

1922 5699 2073 5754 sunt,
2106 5705 2203 5759 per
2231 5690 2524 5748 continens
2555 5700 2816 5748 contenta
2881 5693 3223 5766 significans.
3275 5696 3488 5753 Similia

381 5841 425 5873 ”
459 5841 652 5903 Matth.
702 5867 783 5915 ιιι,
817 5854 901 5910 l7.
947 5856 992 5887 "
1018 5855 1167 5914 Psal.
1201 5875 1308 5929 κει,
1347 5863 1427 5920 15.
1487 5866 1532 5898 ⁸³
1559 5864 1911 5940 Psal.xxxvt,
1941 5870 2032 5927 55.
