3846 6572
284 530 366 587 aut
1393 516 1786 577 COMMENT.

1966 515 2320 577 PSALMOS.
3381 508 3485 568 358

343 635 491 704 Φωνὴ
518 635 753 701 Κυρίου,
780 635 1241 705 καταρτιζομένη
1273 637 1561 708 ἐλάφους.
1603 637 1816 692 Ἐντεῦ-
1843 645 1862 701 1

1988 639 2154 693 Vens.
2193 635 2246 689 9.
2299 634 2408 688 Vox
2441 633 2654 687 Domini
2689 647 2999 703 praeparans
3033 645 3228 684 cervos.
3270 626 3346 681 Ex
3385 628 3487 683 hoc

283 735 358 784 θεν
405 724 809 796 διισχυρξζονταί
877 744 1043 790 τινες,
1096 729 1178 781 ὅτι
1216 729 1298 793 τὸ,
1351 729 1522 798 Φωνὴ
1583 731 1802 799 Κυρίου

1968 747 2031 783 co
2081 727 2252 798 aliqui
2307 725 2688 787 contendunt,
2756 722 2902 794 quod
2977 724 3142 778 verba
3187 723 3329 776 illa:
3369 719 3487 777 Vox

279 821 688 887 συντρίϐοντος,
735 819 828 872 κα)⁸
857 820 903 872 τ’
935 819 1072 874 ἄλλα
1108 819 1178 873 τὰ
1214 823 1637 893 τοιουτόσχημσ,
1707 825 1798 875 οὖν

1964 821 2129 875 omini
2165 818 2548 889 confringentis
2583 817 2792 882 cedros,
2817 826 2870 871 et
2902 813 3009 869 alia
3029 813 3347 885 hujusmodl
3378 832 3483 868 non

279 917 398 969 εἰσὶν
436 912 768 966 ἐλλειπτικά·
803 911 940 965 ἀλλᾶ
985 913 1253 982 πλαγείας
1308 916 1635 980 συντάξεως,
1673 915 1798 972 ἀλλὰ

1967 923 2038 969 ιηι
2068 913 2353 969 defectiva:
2387 911 2574 980 figurae
2603 909 2886 980 loquendi,
2907 923 3009 964 nec
3036 907 3486 963 constructiones

278 1007 439 1077 σχῆμα
462 1003 768 1073 ὲτερογενὲς
795 1003 931 1073 ὁμοῦ
967 1005 1062 1058 καὶ
1098 1007 1501 1077 ἑτερόπτωτον’
1565 1010 1602 1059 Σ
1609 1009 1776 1074 vrth
1786 1037 1797 1046 -

1968 1010 2166 1077 diquaa,
2200 1007 2294 1062 sed
2327 1005 2474 1075 quod
2505 1004 2608 1060 sub
2641 1003 2802 1056 aliam
2839 1002 3042 1058 cadunt
3080 1001 3332 1074 figuram,
3363 1018 3487 1072 qua:

273 1099 454 1158 ὅοντος
479 1092 600 1164 γὰρ,
635 1093 756 1146 ἀντὶ
777 1087 878 1146 ’τοῦ
897 1096 1314 1164 Συντρίϐουσα
1341 1110 1353 1124 ’
1380 1097 1472 1148 καὶ
1496 1093 1792 1164 ἑτερογενὲς

1964 1115 2083 1155 enus
2112 1099 2264 1169 ponit
2285 1113 2383 1168 pro
2415 1113 2638 1166 genere,
2681 1106 2735 1150 et
2767 1111 2955 1150 casum
2985 1109 3081 1166 pro
3123 1110 3280 1159 casu,
3317 1097 3483 1151 veluti

275 1188 378 1254 μὲν,
421 1184 504 1237 διὰ
547 1187 606 1237 τὸ
651 1186 941 1256 ἀρσενικὸν
979 1187 1103 1241 ἀντὶ
1131 1185 1366 1257 θηλυκοῦ
1391 1205 1403 1217 ·
1435 1187 1794 1256 ὲτερόπτωτοι

1966 1193 2222 1246 ιηιενειιιὶε
2276 1206 2374 1260 pro
2424 1205 2490 1245 co
2523 1189 2670 1260 quod
2705 1198 2790 1244 est
2843 1203 3160 1242 conterens:
3207 1198 3262 1243 et
3313 1205 3485 1258 genus

269 1277 334 1338 δὲ,
365 1275 442 1327 διὰ
467 1275 558 1340 τὴν
585 1277 809 1342 γενικὴν
841 1277 966 1329 ἀντὶ
999 1276 1236 1340 εὐθείας.
1256 1278 1517 1345 Ἐλάφους
1548 1277 1603 1329 δὲ
1637 1277 1784 1344 λέγει

1964 1285 2132 1336 tidem
2165 1298 2264 1351 pro
2283 1296 2485 1353 genere
2509 1281 2747 1350 positum
2791 1289 2896 1344 est,
2931 1277 3298 1333 masculinum
3334 1281 3483 1333 vide-

267 1367 375 1428 τοὺς
403 1363 642 1433 μαθητὰς
675 1365 770 1418 τοῦ
803 1367 1065 1436 Χριστοῦ.
1098 1369 1309 1438 Ὥσπερ
1370 1368 1477 1438 γὰρ
1513 1370 1546 1437 ἡ
1607 1368 1786 1438 ἔλαφοι

1968 1381 2040 1427 :et
2095 1373 2471 1443 participium,
2533 1389 2632 1442 pro
2665 1371 2902 1426 femineo
2932 1370 3101 1442 [quod
3145 1388 3206 1425 cx
3251 1371 3487 1426 lectione

267 1459 570 1526 καταφρονεῖ
615 1459 712 1526 τῆς
740 1459 847 1510 τῶν
878 1460 1100 1514 ἰοὸδ).ων
1135 1461 1382 1530 ἑρπετῶν
1427 1460 1633 1532 βλάϐης
1658 1501 1674 1527 9
1713 1466 1786 1514 κα

1968 1480 2102 1520 raeca
2133 1465 2376 1519 discerni
2410 1471 2614 1532 potest,
2655 1478 2781 1517 cum
2825 1463 3190 1516 masculinum
3239 1471 3293 1516 et
3323 1463 3487 1515 femi-

263 1545 428 1598 διώκει
461 1545 632 1600 ταῦτα
662 1548 749 1600 διὰ
772 1549 870 1612 τῆς
905 1551 1113 1613 οἰκείας
1145 1551 1346 1620 ὀσμῆς,
1385 1550 1482 1603 καὶ
1507 1551 1782 1603 ἀνέλκουσι

1965 1574 2074 1612 :um
2108 1557 2459 1626 participium
2510 1555 2654 1625 apud
2700 1569 2796 1609 eos
2822 1569 3109 1624 nunquam
3141 1555 3213 1609 sit
3239 1555 3484 1624 ejusdem

264 1638 319 1704 τῇ
357 1636 440 1705 βΐξι
475 1637 568 1688 τοῦ
604 1640 938 1707 πνεύματος,
989 1641 1082 1693 τοῦ
1117 1641 1223 1694 ἀπὸ
1271 1641 1364 1694 τοῦ
1402 1643 1673 1712 στόματος
1722 1643 1783 1695 αὖ

1967 1645 2194 1719 meris]:
2233 1653 2289 1702 et
2328 1660 2490 1700 casus
2555 1659 2651 1714 pro
2690 1658 2846 1709 casu,
2905 1641 3177 1713 genitivus
3225 1642 3486 1696 nimirum

264 1725 366 1792 τῆς,
397 1725 611 1779 ὄλλυσιν
635 1745 648 1758 ·
701 1728 872 1792 οὕτως
907 1732 1000 1783 καὶ
1036 1733 1145 1794 πᾶς
1193 1735 1220 1784 ὁ
1262 1731 1501 1803 Χριστοῦ
1559 1733 1777 1804 μαθητὴ

1968 1756 2011 1793 ’0
2048 1746 2202 1794 recto
2238 1756 2251 1792 :
2289 1754 2386 1808 pcr
2417 1751 2612 1792 cervos
2645 1743 2828 1790 autem
2854 1731 3058 1789 Christi
3084 1731 3487 1802 discipulosin~

262 1817 430 1868 ἐλαϐεν
463 1819 716 1882 ἐξουσίαν
747 1827 941 1876 πατεῖν
965 1825 1152 1878 ἐπάνω
1179 1823 1357 1892 ὄφεων
1383 1825 1476 1877 καὶ
1509 1824 1781 1894 σκορπίων

1970 1831 2268 1902 lligit.Nam
2283 1829 2748 1900 quemadmodum
2767 1841 2964 1882 cervus
2981 1840 3175 1881 omnes
3193 1839 3398 1879 venena
3411 1833 3489 1877 to-

261 1911 339 1961 ni
366 1912 451 1963 ἐπὶ
485 1914 676 1966 πᾶσαν
704 1917 803 1986 τὴν
834 1916 1064 1986 δύναμιν
1095 1919 1188 1972 τοῦ
1225 1918 1442 1990 ἐχθροῦ.
1475 1919 1622 1990 Αὐτὴ
1653 1914 1745 1972 οὖν
1774 1937 1780 1967 τ

1972 1941 2032 1977 ιιιι
2059 1924 2336 1994 reptilium
2372 1923 2624 1978 laesiones
2656 1920 3040 1991 parvipeudit;
3067 1919 3319 1989 quinimo
3355 1919 3491 1972 ode.

260 2001 390 2071 φωνὴ
411 2004 500 2056 τοῦ
537 2007 819 2079 Σωτῆρος,
855 2012 1186 2082 κατήρτισεν
1213 1989 1413 2076 αὐτοὺς
1461 2015 1541 2075 εἰς
1571 1989 1661 2064 τδν
1683 2011 1778 2081 δρό

1978 2027 2037 2070 ιιι
2066 2031 2169 2071 suo
2203 2013 2588 2088 hujuscemodi
2645 2028 2879 2084 quaeque
2912 2011 3172 2068 animalia
3210 2011 3492 2082 persequi-

258 2111 344 2161 μον
378 2096 464 2147 τοῦ
499 2098 866 2170 κηρύγματος
919 2103 1015 2156 καὶ
1065 2105 1166 2174 τῆς
1219 2105 1444 2175 ἀρετῆς,
1477 2106 1510 2176 ἡ
1541 2105 1773 2170 λέγουσα

1968 2126 2024 2174 τ,
2060 2125 2125 2166 ac
2155 2111 2204 2163 vi
2234 2109 2468 2180 spiritus
2498 2107 2611 2161 oris
2644 2107 2732 2162 sui
2762 2121 2824 2161 ea
2853 2105 3104 2165 attrahit,
3160 2117 3223 2158 ac
3260 2101 3438 2173 perdit
3475 2117 3487 2154 τ

267 2186 403 2240 Ἰδοὺ
424 2188 634 2259 δίδωμι
660 2193 804 2262 ὑμῖν
832 2196 946 2264 τὴν
969 2195 1288 2260 ἐξουσίαν,
1319 2198 1416 2250 καὶ
1439 2197 1507 2250 τὰ
1533 2195 1680 2267 ἑξῆς.
1701 2198 1786 2248 Κα

1971 2218 1986 2256 ι
2019 2201 2184 2254 etiam
2218 2214 2412 2254 omnes
2444 2197 2650 2253 Christi
2681 2195 2942 2266 discipuli
2968 2195 3204 2250 similem
3255 2209 3284 2248 a
3305 2193 3490 2248 divina

255 2279 458 2333 ἐδίωκον
486 2284 590 2346 μὲν
632 2286 759 2348 τοὺς
788 2290 1014 2357 νοητοὺς
1051 2289 1205 2359 ὄφεις
1237 2293 1302 2360 τῇ
1336 2291 1478 2358 ὀσμῇ
1526 2289 1622 2342 τοῦ
1648 2289 1774 2342 πνεύ

1981 2293 2089 2345 alia
2125 2289 2408 2344 consecuti
2442 2295 2572 2342 sunt
2627 2292 2975 2356 potestatem,
3018 2283 3268 2338 caleandi
3331 2282 3494 2337 nimi-

267 2385 441 2436 ματος,
473 2365 686 2428 ὦλλυον
726 2376 783 2428 δὲ
817 2379 1014 2442 αὐτοὺς
1040 2383 1107 2449 τῇ
1138 2380 1368 2452 δυνάμει
1413 2379 1508 2433 τοῦ
1535 2383 1786 2451 ἐκπεμπο

1972 2400 2036 2438 tm
2075 2391 2359 2451 serpentes
2389 2388 2442 2435 et
2475 2379 2823 2448 scorpiones,
2876 2387 2931 2432 et
2991 2391 3208 2432 omnem
3280 2374 3491 2430 inimici

255 2464 399 2529 μένου
428 2463 590 2532 λόγου
620 2468 713 2521 τοῦ
742 2471 1014 2538 στόματος
1047 2473 1250 2529 αὐτῶν.

1972 2474 2246 2529 )tentiam.
2279 2472 2401 2543 lpsa
2451 2472 2618 2541 igitur
2649 2468 2957 2539 Salvatoris
2990 2484 3117 2530 vox,
3177 2466 3491 2537 discipulos

254 2567 422 2606 omnes
455 2570 754 2612 cervorum
785 2559 978 2627 instar,
1009 2563 1077 2617 ad
1109 2564 1519 2632 praedicationis
1541 2573 1598 2618 et
1641 2563 1910 2618 virtutum
1969 2578 2196 2618 cursum
2257 2562 2622 2632 praeparavit;
2699 2560 2818 2626 illa,
2891 2560 3145 2628 inquam,
3222 2574 3325 2612 vox
3383 2572 3492 2626 qua

253 2645 403 2699 dixit:
431 2647 561 2704 Ecce
595 2653 664 2705 do
689 2654 827 2707 vobis
853 2667 1206 2724 potestatem,
1239 2670 1347 2714 etc.
1383 2659 1500 2726 Qua
1529 2675 1661 2715 voce
1694 2659 1816 2714 freti
1887 2675 1950 2714 ac
2006 2659 2358 2726 confirmati,
2421 2655 2832 2712 intellectuales
2891 2665 3174 2724 serpentes
3258 2652 3493 2707 odoratu

253 2737 458 2801 spiritus
487 2753 892 2812 persequentes
923 2749 1373 2816 pcrdebant:ea
1427 2747 1691 2802 nimirum
1755 2747 1926 2802 divini
1995 2749 2146 2804 verbi
2204 2747 2469 2818 potentia,
2529 2761 2651 2816 qum
2729 2759 2758 2798 ο
2805 2742 3078 2814 spirituali
3137 2758 3328 2799 eorum
3401 2756 3496 2798 ore

250 2827 554 2895 proﬂuebat.

308 2924 407 2975 Kal
462 2926 853 3000 ἀποκαλύψει
915 2935 1198 3006 δρυμούς.
1256 2938 1507 3008 Δρυμοῦς
1562 2936 1620 2990 δὲ
1653 2937 1810 3004 λέγει

1982 2930 2049 2984 Et
2090 2927 2340 2984 reuelabit
2396 2925 2580 2980 silvas.
2647 2925 2748 2979 Per
2780 2923 2968 2988 silvas,
3003 2922 3382 2978 infructuosas
3433 2937 3497 2976 ac

248 3014 332 3076 τὰς
377 3015 605 3080 ὑλώδεις
662 3024 758 3076 καὶ
809 3027 1096 3093 ἀκάρπους
1118 3029 1292 3099 ψυχὰς
1333 3029 1442 3084 τῶν
1470 3030 1667 3094 ἐθνῶν,
1719 3023 1767 3081 αἶ

1974 3024 2206 3076 lvestres
2278 3017 2523 3086 gentium
2594 3014 2808 3069 animas
2856 3013 3136 3084 intelligit,
3193 3012 3249 3066 in
3286 3013 3489 3081 quibus

249 3106 568 3172 ἑνεφώ).ευον
596 3112 675 3177 ὡς
700 3114 866 3186 θηρία
899 3119 968 3172 τὰ
1003 3120 1223 3174 ποικίλα
1247 3122 1342 3175 καὶ
1365 3121 1533 3194 ἄγρια
1553 3121 1722 3190 πάΟη,
1746 3119 1768 3174 ἃ

1974 3109 2251 3180 ultiplices
2307 3118 2473 3174 atque
2525 3119 2736 3174 asperae
2787 3102 3077 3172 passiones
3113 3118 3210 3157 seu
3245 3101 3493 3160 aﬂcctus.

248 3200 602 3270 αποκαλύψει,
657 3209 927 3277 περιελὼν
975 3213 1073 3278 τὴν
1101 3212 1421 3284 πυκνότητα
1453 3213 1548 3265 τοῦ
1582 3212 1767 3265 σκότου

1983 3202 2085 3256 luti
2119 3201 2248 3254 ferae
2287 3197 2559 3267 quendam,
2620 3194 2864 3250 latebras
2915 3202 3082 3263 atque
3123 3194 3498 3248 habitationes

247 3285 411 3342 αὐτῶν
437 3293 515 3364 τῷ
540 3296 711 3368 λόγῳ,
744 3301 802 3358 ὅ;
851 3302 967 3354 ἐστι
1022 3305 1374 3373 τομώτερος,
1426 3305 1611 3375 φησὶν,
1659 3303 1766 3358 ὑπὲ

1977 3309 2050 3349 las
2081 3293 2420 3348 collocarant
2444 3307 2456 3342 :
2477 3301 2616 3358 quas
2646 3286 2910 3341 revelabit
2939 3287 3104 3349 Deus,
3143 3287 3496 3341 tenebrarum

247 3377 761 3458 πᾶσαν-μάχαιραν
786 3392 1080 3464 δίστομον
1111 3411 1125 3426 ⁸
1159 3396 1234 3459 ὼς
1263 3396 1520 3462 γενέσθαι
1547 3395 1616 3450 τὰ
1647 3394 1766 3464 Θηρί

1978 3387 2254 3441 :nsitatem
2289 3381 2545 3435 auferens
2575 3379 2799 3450 proprio
2840 3393 3114 3432 sermone.
3151 3377 3280 3442 Qui,
3309 3377 3497 3450 [utin-

246 3475 458 3538 φανερὰ,
496 3480 597 3531 καὶ
637 3481 1028 3555 εὐεπιχείρητα
1053 3487 1169 3548 ταῖς
1193 3484 1437 3556 ἐλάφοις·

1980 3479 2042 3531 tit
2102 3472 2364 3545 Paulus],
2406 3469 2782 3540 penetrabilior
2825 3479 2904 3522 est
2953 3467 3094 3520 omni
3125 3466 3304 3536 gladio
3351 3465 3499 3519 anci-

245 3564 418 3633 piti",
447 3570 520 3625 ita
555 3582 621 3627 ut
663 3576 792 3632 ferae
815 3594 1008 3636 omnes
1036 3585 1339 3642 manifesta:
1376 3588 1526 3652 ﬁant,
1549 3597 1606 3643 ct
1640 3603 1668 3641 α
1699 3585 1904 3647 cervis,
1938 3595 2084 3650 quos
2117 3577 2384 3640 diximus,
2409 3567 2677 3628 facillime
2702 3571 2822 3637 rapi
2855 3569 3092 3638 possint.
3129 3566 3293 3638 [Illud
3316 3575 3496 3620 autem

244 3661 784 3750 animadvertendum
839 3679 940 3735 est,
973 3677 1118 3743 quod
1156 3677 1343 3734 Graeca
1393 3681 1566 3736 dictio
1605 3681 1763 3750 Gpuylt

1970 3676 2075 3726 {vas
2115 3668 2321 3740 pariter
2354 3673 2409 3721 et
2438 3664 2737 3728 condensa,
2771 3675 2868 3717 seu
2907 3659 3241 3716 densitatem
3313 3659 3489 3728 signi-

248 3745 379 3806 ﬁcat.
435 3752 639 3810 Solent
667 3761 811 3813 enim
846 3763 998 3818 silva:
1046 3766 1231 3824 densae
1259 3785 1381 3826 esse
1416 3745 1734 3834 arboribus,
1762 3777 1814 3823 et
1845 3763 2125 3835 virgultis.

303 3845 405 3899 Kal
429 3847 501 3900 ἐν
519 3848 606 3914 τῷ
646 3853 770 3918 ναῷ
807 3858 994 3912 αὐτοῦ
1030 3860 1150 3928 πᾶς
1173 3881 1260 3930 τις
1281 3865 1443 3935 λέγει
1473 3866 1684 3932 δόξαν.
1727 3865 1817 3935 Τῷ

2000 3858 2066 3911 Et
2099 3858 2154 3910 in
2178 3853 2369 3924 templa
2395 3854 2509 3924 ejus
2542 3867 2720 3906 omnes
2771 3851 2945 3904 dicent
2987 3849 3233 3918 gloriam.
3271 3846 3329 3902 In
3363 3854 3500 3900 tem-

243 3938 372 3990 κατὰ
416 3940 601 3994 πάντα.
648 3944 830 4012 τόπον,
858 3952 950 4002 καὶ
983 3953 1088 4016 πᾶς
1139 3956 1457 4020 πιστεύσας,
1485 3962 1576 4011 καὶ
1633 3959 1696 4010 οὐ
1741 3977 1762 4011 1

1980 3966 2012 4003 ο
2039 3948 2277 4013 Domini,
2309 3946 2637 4014 ubicunque
2665 3941 2801 3996 illud
2829 3941 3023 4004 fuerit,
3063 3955 3173 3995 non
3208 3939 3262 3994 in
3301 3937 3498 3994 llicro-

241 4028 764 4120 ivJ'lsposoltipmq,
819 4039 941 4092 οὐδὲ
980 4044 1224 4098 Ἰουδαῖοι
1285 4048 1469 4118 μόνον.
1526 4050 1696 4120 Λέγει
1757 4079 1760 4094 ε

1987 4042 2172 4114 lymis,
2209 4049 2308 4095 aut
2358 4037 2531 4093 Judaei
2579 4043 2820 4098 tantum,
2851 4034 3042 4088 dicent
3093 4032 3351 4104 gloriam,
3395 4030 3500 4084 hoc

241 4114 412 4211 δόξω·
438 4123 566 4176 ἀντὶ
606 4126 726 4192 τοῦ,
757 4127 907 4199 ’ᾼδει
938 4129 1129 4199 ὕμνον,
1180 4137 1524 4210 εὐχαριστῶν
1544 4114 1714 4211 αὐτῷ,
1739 4141 1760 4194 u‘

1983 4145 2001 4189 t
2029 4134 2243 4188 laudem
2276 4131 2370 4186 Dei
2396 4137 2617 4195 canent,
2642 4137 2696 4182 et
2715 4127 2922 4197 gratias
2945 4128 2993 4182 ei
3031 4133 3218 4197 agent,
3238 4132 3497 4194 tanquam

237 4207 487 4306 Λυτρωτῇ
542 4218 644 4270 καὶ
712 4221 947 4292 Σωτῆρι.
994 4226 1158 4295 Λέγει
1192 4206 1436 4296 δὲῃτδτε,
1481 4233 1569 4286 ὅτε
1623 4206 1756 4306 καιρ

1982 4224 2273 4296 :demptori
2303 4238 2369 4278 ac
2411 4221 2740 4278 Salvatori:
2797 4220 2895 4275 sed
2961 4233 3157 4273 omnes
3214 4217 3501 4273 credentes

241 4303 407 4360 καλεῖ·
1725 4303 1734 4306 ⁷
1920 4320 2238 4392 passim,ac
2279 4317 2490 4378 fideles,
2542 4315 2860 4382 ubicunque
2926 4311 3176 4364 locorum
3241 4306 3494 4363 fuerint:

1921 4413 2150 4483 gloriam
2183 4426 2314 4466 vero
2347 4411 2486 4463 hanc
2552 4419 2682 4461 tunc
2716 4405 2922 4469 dicent,
2948 4401 3170 4472 quando
3194 4409 3498 4473 temporum

1921 4503 2306 4576 opportunitas
2338 4501 2391 4556 id
2427 4498 2815 4572 postulaverit.

305 4575 529 4645 Κύριος
561 4581 671 4634 τὸν
719 4586 1157 4657 κατακλυσμὸν
1182 4591 1488 4646 κατοικιεῖ.
1526 4595 1818 4649 Κατακλυ-

1997 4591 2162 4646 Vens.
2225 4593 2309 4646 10.
2365 4591 2627 4645 Dominus
2695 4587 2959 4642 diluvium
3017 4585 3320 4639 inhabitare
3350 4585 3498 4656 facit.

240 4664 373 4754 σμὸν
396 4667 552 4737 λέγει
583 4671 654 4724 τὰ
677 4674 1123 4731 ητακλυσοὲντα
1147 4683 1213 4750 τῇ
1241 4680 1551 4754 πλημμύρᾳ
1571 4686 1680 4740 τῶν
1713 4708 1759 4742 το

1984 4699 2024 4736 :r
2060 4681 2333 4735 Diluvium
2361 4692 2557 4750 gentes
2583 4677 2869 4749 intelligit,
2900 4692 3020 4747 qum
3057 4677 3113 4730 in
3143 4677 3503 4734 inundatione

237 4753 342 4807 οῶν
389 4757 550 4830 ἔθνη.
606 4763 814 4827 Ταῦτα,
886 4768 1074 4836 φησιν,
1133 4753 1664 4845 ὲνοικήσειΧριστδς
1697 4794 1756 4830 τα

1984 4795 1988 4827 ε
2021 4774 2210 4844 pelago
2242 4774 2566 4843 passionum
2592 4787 2658 4826 ac
2686 4772 3056 4826 humanorum
3085 4767 3382 4824 affectuum
3410 4770 3503 4824 de-

227 4848 463 4943 ’χῴραις.
528 4858 654 4919 ταῖς
694 4858 1043 4929 Ἐκκλησίαις
1075 4862 1264 4920 αὑτοῦ.
1313 4865 1382 4920 ἸΙ
1429 4869 1746 4939 κατακλυσμ

1983 4881 2120 4922 ersae
2139 4874 2300 4920 erant
2341 4883 2356 4923 :
2396 4866 2521 4930 has,
2550 4865 2753 4933 inquit,
2791 4871 3010 4932 gentes,
3047 4860 3314 4914 Dominus
3342 4859 3501 4913 inha-

238 4941 341 4995 νόει
369 4945 433 4998 τὸ
459 4946 612 5001 οεῖον
669 4949 975 5022 βάπτισμα,
1031 4957 1340 5012 κατακλύον
1380 4961 1481 5024 τὰς
1512 4963 1757 5033 ἁμαρτία

1984 4969 2097 5012 tare
2131 4957 2297 5013 faciet
2328 4957 2380 5010 in
2413 4955 2739 5026 regionibus
2781 4952 3046 5008 Ecclesim
3114 4966 3251 5005 suae.
3283 4949 3377 5004 Vel
3407 4964 3503 5018 per

235 5033 262 5083 ὂ
285 5036 565 5110 ἐνοικήσει
595 5045 717 5106 ταῖς
755 5044 1127 5116 Ἐκκλησίαις.

1981 5049 2212 5112 luvium,
2245 5057 2497 5103 sanetum
2524 5047 2798 5119 baptisma
2837 5043 3103 5115 intelligo,
3138 5057 3250 5113 quo
3273 5049 3499 5110 peccata

1918 5142 2356 5212 demerguntur:
2397 5140 2552 5211 quod
2578 5139 2851 5211 baptisma
2891 5137 3161 5193 Dominus
3195 5132 3504 5189 inhabitare

1920 5233 2085 5288 faciet
2118 5231 2172 5285 in
2203 5231 2475 5287 Ecclesia.

299 5310 415 5364 Καὶ
439 5311 736 5368 καθιεῐται
767 5315 984 5382 Κύριος
1026 5317 1328 5384 βασιλεὺς
1365 5321 1452 5385 εἰς
1482 5320 1588 5374 τὸν
1609 5321 1816 5386 αὶῶνα,

1995 5319 2061 5374 Et
2093 5319 2292 5374 sedebit
2338 5319 2596 5374 Dominus
2635 5318 2747 5372 Rex
2800 5318 2851 5370 in
2908 5315 3184 5370 sreculum.
3217 5311 3332 5367 Rex
3369 5312 3501 5368 lide-

234 5399 508 5461 Βασιλεὺς
537 5405 644 5456 τῶν
665 5402 896 5469 πιστῶν,
925 5409 1032 5461 τῶν
1061 5409 1596 5478 ἀποκαοηραμένων.
1617 5411 1753 5472 Ἐδόι

1982 5429 2054 5467 tm
2093 5413 2380 5475 nimirum,
2419 5422 2583 5481 atque
2606 5424 2824 5473 eorum,
2857 5407 2952 5478 qui
2985 5405 3244 5476 baptismi
3281 5405 3501 5459 lavacro

228 5511 327 5560 μοι
363 5496 506 5566 γὰρ,
530 5497 712 5567 φησιν,
740 5500 994 5564 ἐξουσία
1048 5502 1118 5555 ἐν
1165 5502 1399 5571 οἰφαγῷ
1438 5505 1653 5558 καὶέπὶ
1685 5507 1747 5574 γῆ

1981 5502 2145 5573 trgati
2181 5510 2334 5558 sunt.
2371 5501 2511 5555 Data
2551 5510 2629 5556 est
2691 5499 2828 5553 enim
2854 5497 3004 5564 mihi,
3039 5497 3240 5566 inquit,
3267 5502 3500 5564 potestas

233 5589 544 5643 Καθιεῒται
578 5591 668 5655 δὲ,
699 5593 818 5649 ἀντὶ
857 5595 952 5650 τοῦ
976 5635 991 5661 ,
1026 5597 1216 5662 Μενεί,
1257 5597 1343 5649 διὰ
1385 5597 1446 5651 τὸ
1472 5598 1682 5666 ἑδραῖον
1726 5618 1752 5654 τ

1996 5595 2146 5661 calo,
2185 5602 2233 5648 et
2262 5595 2316 5646 in
2345 5603 2487 5646 terra
2509 5593 2575 5646 '°.
2605 5590 2818 5647 Sedebit
2855 5598 3069 5656 autem,
3108 5589 3352 5659 positum
3390 5596 3498 5647 cst,

237 5676 605 5742 καθίζεσθαι.

2000 5685 2340 5754 ο.[Μοηοὶ)ἰ1,
2369 5693 2594 5756 propter
2622 5683 3002 5746 stabilitatem,
3029 5698 3150 5753 qua:
3179 5680 3231 5735 in
3255 5678 3519 5795 sessione!

1932 5779 2252 5834 denotatur.

348 5949 394 5979 "
432 5945 602 6002 Hebr.
645 5966 715 6017 tv,
756 5953 840 6008 1‘2.
933 5955 977 5985 ”
996 5951 1186 6007 Matth.
1224 5970 1414 6020 xxvtn,
1465 5957 1553 6009 18.
