3916 6582
359 537 466 603 339

1553 540 1934 600 ΕΗΤΗΥΜΙΙ
1967 541 2329 604 ZlGABENI

3489 543 3588 606 3i0

424 676 594 730 Vens.
636 673 724 728 li.
758 673 1011 728 Dominus
1033 673 1390 744 fortitudinem
1423 677 1618 745 populo
1643 692 1737 729 suo
1754 677 1924 735 dabit.

2097 678 2311 744 Κύριος
2327 677 2511 747 ἰσχὺν
2538 677 2617 744 τῷ
2633 679 2760 744 λαῷ
2783 677 2970 733 αὑτοῦ
2989 678 3189 733 δώσει.
3215 677 3308 748 Τῷ
3324 678 3433 732 τῶν
3458 679 3503 732 Χ
3511 697 3586 750 ρι-

360 767 568 835 Populo
594 765 1032 820 Christianorum
1072 766 1284 820 scilicet
1345 768 1436 834 qui
1473 767 1575 821 sub
1613 768 1922 822 daunonum

353 874 418 913 ac
451 856 772 928 passionum
829 856 1120 926 tyrannide
1158 857 1286 910 olim
1347 857 1817 927 opprimebantur.

424 948 684 1001 Dominus
718 946 981 1000 benedicet
1011 949 1204 1016 populo
1259 965 1353 1001 suo
1385 949 1438 1000 in
1469 964 1616 1016 pace.
1669 947 1924 1017 Oppres—

354 1054 474 1091 sum
497 1039 642 1092 bello
676 1038 934 1108 populum
991 1040 1288 1102 t'oborabit,
1321 1049 1375 1093 et
1417 1040 1468 1092 in
1504 1048 1747 1108 tempore
1768 1041 1922 1109 pacis

352 1128 642 1182 benetlicet
675 1147 687 1182 :
725 1128 829 1180 hoc
861 1136 946 1182 est
979 1131 1154 1196 gratia
1197 1144 1296 1183 sua
1336 1129 1560 1197 dignum
1614 1129 1800 1193 faciet,
1831 1144 1924 1197 per

352 1224 558 1276 donum
591 1223 767 1278 sancti
796 1224 1053 1292 Spiritus.
1099 1223 1192 1276 Vel
1229 1224 1514 1289 benedicet,
1567 1238 1687 1293 pro,
1736 1221 1926 1276 lauda-

354 1314 458 1378 bit,
483 1322 745 1382 tanquam
773 1315 874 1368 sibi
905 1315 1206 1384 placentem
1239 1323 1294 1368 ct
1333 1323 1569 1384 gratum.

352 1404 601 1460 l’saimus
645 1403 858 1460 Cantici
925 1407 1278 1459 renovatiouis
1349 1407 1539 1458 domus
1572 1406 1676 1475 ipsi
1734 1403 1923 1459 David.

877 1494 1198 1550 PSALMUS
1224 1493 1417 1550 XXIX.

425 1585 568 1651 Quid
602 1585 672 1641 sit
698 1585 941 1640 Psalmus
963 1583 1173 1640 Cautici
1198 1587 1250 1639 in
1292 1588 1562 1656 prommio
1589 1588 1792 1644 dictum
1825 1603 1928 1647 est.

351 1677 432 1731 ite
465 1679 676 1746 reliqua
737 1678 903 1747 hujus
942 1677 1133 1747 psalmi
1173 1679 1536 1750 inscriptione
1567 1683 1732 1737 varia:
1793 1693 1925 1738 sunt

356 1772 721 1838 interpretum
752 1771 1058 1825 sementim.
1090 1771 1272 1839 Aliqui
1299 1774 1444 1827 enim
1474 1773 1662 1829 dicunt
1695 1792 1789 1845 per
1824 1778 1923 1831 do-

355 1874 503 1912 mum
539 1859 640 1913 hoc
666 1859 719 1913 in
770 1859 914 1924 loco,
972 1859 1203 1931 intelligi
1251 1863 1486 1917 animam
1543 1864 1716 1933 ipsius
1777 1867 1925 1920 beati

351 1951 545 2014 David,
581 1967 702 2021 qua:
757 1953 1065 2021 prophetici
1125 1955 1475 2011 charismatis
1511 1955 1782 2025 quoddam
1813 1968 1934 2013 erat

2029 769 2261 821 στιανῶν
2299 769 2689 841 πολεμουμένῳ
2721 769 2826 824 ὑπὸ
2854 769 3141 839 τυράννων
3171 770 3203 841 ἢ
3237 770 3531 840 δαιμόνων.
3557 771 3587 841 ἢ

2028 861 2236 914 παθῶν.

2099 955 2310 1019 Κύριος
2337 953 2658 1022 εὐλογήσω
2685 951 2792 1006 τὸν
2826 953 2980 1008 λαὸν
3027 953 3214 1006 αὑτοῦ
3248 953 3318 1005 ἐν
3364 952 3588 1019 εἰρήνῃ.

2026 1043 2442 1112 Πολεμούμενον
2502 1043 2623 1111 μὲν,
2673 1044 2970 1114 ὲνισχύσει,
3032 1047 3090 1097 ὲν
3132 1044 3209 1114 τῷ
3260 1043 3436 1113 καιρῷ
3493 1044 3589 1112 τῆς

2027 1135 2252 1204 εἰρήνης
2278 1133 2583 1202 εὖλογήσει,
2633 1134 2903 1197 τουτέστι,
2954 1135 3176 1202 χάριτος
3235 1132 3478 1197 ἀξιώσει.
3511 1133 3590 1185 διὰ

2026 1223 2123 1292 τῆς
2157 1222 2366 1292 δωρεᾶς
2418 1221 2512 1274 τοῦ
2569 1222 2726 1288 ἁγίου
2774 1222 3110 1292 Πνεῦματος.
3155 1223 3225 1274 Ἦ
3248 1221 3590 1290 εὐλογήσω,

2027 1313 2149 1365 ἀντὶ
2172 1311 2290 1376 τοῦ,
2311 1311 2682 1376 ἐπαινέσεται,
2721 1312 3149 1382 εὖχαριστοῦντα
3175 1312 3348 1380 αὐτῷ.

2035 1397 2282 1473 Ψαλμὸς
2351 1403 2526 1474 ’ῼδῆς
2567 1403 2958 1472 ἐγκαινισμοῦ
3011 1404 3118 1457 τοῦ
3177 1404 3347 1456 οἴκου
3400 1402 3593 1456 Δαὸίὸ.

2600 1495 2894 1549 ΨΑΛΜΟΣ
2923 1494 3053 1548 KO'.

2101 1589 2288 1659 Τίμέν
2329 1589 2445 1641 ἔστι
2500 1587 2748 1658 Ψαλμὸς
2795 1585 2978 1654 ᾠδῆς,
3004 1588 3061 1638 ὲν
3083 1585 3162 1652 τῷ
3198 1583 3472 1654 προοιμίῳ
3501 1583 3594 1645 τῆς

2031 1681 2342 1752 ἐξηγήσεως
2381 1683 2483 1750 τῆς
2535 1680 2823 1748 παρούσης
2855 1678 3040 1748 βίϐλου
3074 1679 3398 1748 προείρηται
3425 1692 3438 1706 ⁸
3471 1677 3595 1744 περὶ

2029 1775 2085 1828 δὲ
2113 1775 2210 1842 τῆς
2261 1775 2456 1843 λοιπῆς
2505 1771 2824 1840 ἐπιγραφῆς
2850 1771 3103 1840 διάφοροι
3136 1769 3286 1835 λόγοι
3315 1769 3592 1836 φέρονται.

2030 1867 2187 1930 Τινὲς
2222 1866 2324 1935 μέν
2378 1883 2564 1933 φασιν,
2621 1851 2768 1918 οἷκον
2822 1863 2920 1932 μὲν
2975 1861 3074 1931 τὴν
3103 1860 3198 1913 τοῦ
3233 1859 3392 1912 Δαϐιδ
3422 1860 3596 1927 ψυχὴν

2031 1958 2420 2026 ὀνομασθῆναι,
2465 1957 2541 2020 ὡς
2571 1955 3005 2025 κατοικητήριον
3036 1954 3323 2021 γεγονυῖαν
3353 1951 3445 2003 τοῦ
3475 1968 3600 2018 προς

356 2040 733 2095 habitaculum
777 2058 792 2096 :
831 2052 886 2096 et
940 2059 1037 2112 per
1063 2048 1478 2100 renovationetn
1513 2047 1732 2114 domus,
1759 2063 1922 2104 reno-

2040 2047 2650 2130 pqttxoﬁjapiouato:
2686 2063 2701 2077 ο
2777 2042 3130 2112 ὲγκαινισμδν
3184 2041 3240 2093 δὲ
3293 2039 3392 2109 τὴν
3448 2038 3597 2099 αὖθις

366 2133 641 2186 vationem
679 2132 879 2187 divinas
902 2136 1088 2204 gratiae
1135 2136 1468 2207 intelligunt,
1506 2140 1726 2208 quando
1765 2142 1922 2195 nitui-

355 2237 478 2276 rum
509 2231 632 2292 post
661 2224 910 2279 adulterii
943 2235 999 2281 et
1054 2228 1218 2283 caedis
1254 2231 1507 2296 crimina,
1540 2245 1757 2302 peracta
1809 2251 1923 2304 pte-

353 2310 585 2363 nitentia
625 2309 824 2381 dignus
867 2329 1088 2369 rursum
1115 2315 1341 2372 effectus
1366 2329 1468 2382 est,
1509 2323 1596 2376 cui
1630 2338 1660 2377 a
1697 2316 1924 2379 Domino

356 2401 655 2470 prophetia:
691 2403 894 2458 donum
927 2407 1335 2464 restitueretur.
1377 2410 1482 2465 Alii
1509 2416 1754 2478 domum,
1790 2415 1924 2470 lide-

352 2491 486 2546 lium
514 2492 811 2549 Ecclesiam
858 2512 982 2552 esse
1032 2497 1222 2552 dicunt
1250 2519 1261 2552 :
1295 2508 1350 2555 et
1385 2517 1480 2570 per
1510 2507 1920 2560 renovationem

359 2582 580 2650 domus,
607 2587 1014 2642 renovationem
1051 2588 1199 2641 illam
1235 2591 1712 2662 intelligunt,qua:
1743 2595 1799 2648 lit
1831 2611 1928 2665 per

351 2675 823 2744 regenerationem
855 2677 1227 2748 baptismatis.
1257 2681 1363 2735 Alii
1399 2683 1527 2736 item
1566 2681 1921 2739 festivitatem

352 2764 500 2817 illam
545 2767 882 2821 renovationi
948 2769 1203 2833 similem,
1267 2785 1430 2838 quam
1481 2774 1748 2829 Ezechias
1812 2776 1926 2830 Rex

350 2864 476 2925 post
510 2855 870 2927 Assyriorum
902 2859 1336 2929 proﬂigationem
1365 2863 1417 2916 in
1446 2865 1645 2933 templo
1677 2867 1926 2921 celebra-

351 2949 474 3002 vit:
510 2949 773 3016 templum
832 2950 1034 3020 quippe
1077 2951 1272 3008 domus
1325 2954 1538 3009 Domini
1569 2966 1655 3010 est
1700 2958 1814 3012 :ita
1870 2969 1930 3014 ttt

351 3055 598 3109 praesens
622 3042 886 3110 psalmus,
929 3045 1014 3098 cui
1043 3045 1366 3116 inscriptum
1400 3058 1504 3112 est,
1533 3047 1781 3106 Psalmus
1804 3068 1930 3106 can-

353 3135 446 3186 tt'ci
494 3136 849 3188 renovationis
906 3136 1117 3200 domus,
1164 3142 1432 3205 enuntiet,
1484 3157 1734 3211 quaenam
1765 3143 1927 3198 verba

349 3225 496 3278 dicta
531 3225 730 3278 fuerint
763 3242 789 3278 a
828 3226 986 3281 beato
1015 3227 1202 3295 David,
1230 3229 1273 3283 si
1301 3233 1366 3284 ad
1394 3247 1518 3286 eum
1538 3235 1701 3288 verba
1731 3231 1925 3304 psalmi

352 3316 699 3382 referamus,
756 3327 849 3371 aut
929 3335 1178 3389 quasnam
1247 3322 1548 3379 verisimile
1606 3335 1750 3380 esset
1815 3325 1921 3379 diei

2029 2141 2346 2199 ἀνανέωσιν,
2400 2141 2490 2192 ὅτε
2541 2139 2680 2208 μετὰ
2735 2139 2834 2207 τὴν
2887 2135 3156 2207 πορνείαν
3181 2132 3276 2186 καὶ
3325 2133 3417 2184 τδν
3442 2131 3597 2198 φόνον

2031 2229 2232 2298 Οᾷρίου
2265 2228 2608 2298 μετανοήσας
2635 2225 2876 2294 Θερμῶς,
2903 2221 3110 2292 ἠξιώθη
3142 2219 3304 2274 πάλιν
3343 2217 3437 2269 τοῦ
3466 2233 3596 2286 προσ

2033 2317 2308 2389 φητεύειν,
2339 2318 2414 2380 ὡς
2455 2318 2516 2369 τὸ
2583 2316 2868 2387 πρότερον,
2902 2312 3058 2373 Τινὲς
3092 2311 3147 2363 δὲ
3173 2305 3321 2362 οἶκον
3358 2308 3480 2375 μὲν,
3505 2307 3596 2371 τὴν

2047 2411 2375 2480 Ἐκκλησίαν
2436 2409 2543 2462 τῶν
2587 2407 2818 2470 πιστῶν,
2874 2401 3232 2473 ὲγκαινισμδν
3279 2399 3358 2465 δὲ,
3391 2398 3490 2466 τὴν
3517 2396 3598 2448 διὰ

2031 2505 2130 2573 τῆς
2182 2503 2596 2572 ἁναγεννήσεως
2653 2500 2748 2552 τοῦ
2819 2499 3198 2569 βαπτίσματος
3254 2491 3597 2544 ἁνακαίνισιν

2033 2592 2226 2662 αὐτῆς.
2267 2591 2455 2645 "sum.
2482 2591 2539 2643 δὲ
2574 2593 2930 2657 ἑγκαινισμδν
2980 2585 3249 2640 ἐκάλεσαν
3277 2582 3378 2653 τὴν
3412 2582 3599 2647 ἐγκαι-

2034 2683 2211 2752 νισμῴ
2252 2682 2517 2745 ἐοικυῖαν.
2565 2681 2634 2751 ἢν
2677 2683 2704 2732 ὁ
2747 2679 3000 2744 Ἐζεκίας
3041 2673 3282 2746 ἑώρταζε
3323 2671 3462 2741 μετὰ
3506 2669 3598 2740 τὴν

2036 2776 2316 2846 ἀναίρεσιν
2351 2774 2460 2825 τῶν
2504 2771 2824 2842 Ἀσσυρίων,
2854 2773 2911 2823 ὲν
2947 2768 3024 2839 τῷ
3059 2766 3174 2835 ναῷ
3198 2763 3276 2833 τῷ
3329 2763 3462 2828 οἴκῳ
3489 2762 3602 2814 Κυ-

2038 2872 2154 2940 ρίου
2181 2885 2196 2900 ·
2228 2868 2303 2931 ὡς
2333 2865 2473 2920 εἶναι
2495 2866 2584 2918 τὸν
2606 2864 2820 2932 ψαλμὸν
2845 2863 3056 2923 τοῦτον,
3079 2858 3296 2928 ψαλμὸν
3331 2855 3472 2925 ᾠδῆς
3503 2850 3593 2903 τοῦ

2035 2957 2388 3028 ὲγκαινισμοῦ
2414 2956 2506 3009 τοῦ
2533 2955 2702 3020 οἴκου,
2744 2948 3256 3023 προαναφωνοῦντα,
3284 2945 3433 3005 τίνας
3459 2941 3600 3003 εἰκὸς

2035 3051 2224 3118 λόγους
2287 3048 2521 3119 ῥηθῆναι
2573 3044 2899 3114 τηνικαῦτα,
2942 3042 3054 3094 εἴτε
3083 3039 3233 3108 παρὰ
3283 3035 3381 3088 τοῦ
3420 3032 3599 3092 Atti-.6.

2037 3145 2147 3195 εἴτε
2184 3143 2333 3211 παρὰ
2351 3143 2449 3209 τῆς
2489 3138 2838 3207 Ἐκκλησίας,
2865 3134 2974 3186 εἴτε
3007 3133 3157 3202 παρὰ
3181 3127 3276 3182 τοῦ
3317 3126 3561 3191 Ἐζεκίου
3583 3139 3598 3153 ⁶

2037 3235 2253 3303 ἑκάστῳ
2274 3232 2382 3302 γὰρ
2404 3231 2612 3285 τούτων
2639 3227 2933 3299 ἁρμόσειεν
2960 3224 3045 3277 ἄν.
3070 3222 3144 3274 Τὸ
3166 3221 3243 3285 δὲ,
3275 3218 3383 3272 τοῦ
3403 3214 3601 3277 Δασὶδ,

2044 3325 2418 3394 ἀναγνωστέον
2451 3325 2552 3377 καθ
2601 3317 3018 3388 ἑαυτὸν,δηλοῦν
3049 3314 3140 3368 τὸν
3177 3312 3502 3381 ποιήσαντα·

349 3407 548 3465 debere
581 3411 649 3464 ab
683 3410 949 3477 Ecclesia,
1011 3426 1106 3470 aut
1136 3416 1204 3470 ab
1235 3416 1351 3486 ipso
1408 3418 1664 3474 Ezechia.
1693 3419 2002 3490 Unicuique
2030 3423 2176 3476 enim
2215 3435 2404 3476 eorum
2475 3426 2653 3489 potest
2695 3409 3120 3469 accommodari.
3185 3407 3249 3461 Et
3317 3402 3462 3475 quod
3528 3408 3603 3469 ait

349 3501 510 3568 ipsius
565 3502 752 3566 David,
795 3520 890 3574 per
951 3520 1010 3561 se
1065 3508 1352 3576 legendum
1416 3521 1524 3573 est,
1571 3523 1628 3565 ut
1673 3513 1920 3569 auctoris
1963 3522 2177 3569 tantum
2217 3530 2419 3570 nomen
2452 3513 2740 3582 exprimat.

422 3590 587 3648 Vsus.
610 3594 680 3649 2.-
702 3594 965 3650 Exaltabo
994 3608 1065 3667 te,
1099 3600 1339 3670 Domine,
1373 3606 1620 3673 quoniam
1646 3608 1923 3678 suscepisti
1950 3615 1992 3672 C.

352 3700 456 3738 me.
485 3685 592 3741 Sed
628 3701 866 3754 quonam
893 3699 1056 3760 pacto
1090 3694 1314 3749 humilis
1367 3697 1526 3750 homo
1562 3713 1686 3750 eum
1721 3701 1926 3768 poterit

351 3777 618 3843 exaltare,
646 3780 739 3849 qui
780 3783 1031 3837 excelsus
1053 3784 1179 3840 est?
1221 3785 1544 3843 Conﬁtendo
1576 3790 1832 3845 nimirum
1863 3807 1926 3847 ac

351 3867 720 3936 praedicando,
759 3872 906 3940 quod
952 3873 1160 3930 altusis
1180 3876 1254 3930 sit
1280 3891 1344 3932 ac
1371 3879 1646 3935 sublimis.
1683 3881 1798 3936 Hac
1833 3899 1926 3936 ra-

355 3958 504 4011 tione
552 3960 907 4026 magnil‘tcare
954 3965 1118 4017 etiam
1163 3965 1334 4020 Deum
1391 3967 1517 4038 quis
1571 3967 1794 4034 dicitur,
1830 3971 1924 4040 qui

353 4062 610 4117 magnum
680 4051 836 4105 illum
885 4067 1010 4108 esse
1069 4065 1400 4122 asseverat,
1461 4061 1922 4128 quemadmodum

354 4149 575 4208 contra,
609 4143 655 4198 is
685 4143 1144 4213 Deumhumiliat,
1193 4165 1257 4203 ac
1289 4148 1570 4221 deprimit,
1602 4153 1693 4222 qui
1744 4155 1927 4209 humi-

353 4233 426 4288 lia
475 4250 539 4290 ac
589 4236 717 4291 vilia
752 4237 829 4292 de
858 4253 923 4295 eo
956 4241 1219 4311 loquitur.
1266 4241 1557 4313 Suscepisti
1607 4260 1759 4311 vero,
1821 4246 1928 4301 hoc

2107 3609 2361 3680 ’Υψώσω
2386 3626 2480 3671 σε,
2507 3608 2704 3674 Κύριε,
2737 3604 2825 3658 ὅτι
2865 3600 3168 3665 ὑπέλαϐές
3185 3615 3278 3667 με.
3307 3593 3432 3656 Πῶς
3453 3592 3481 3643 ὁ
3501 3608 3600 3642 τα-

2028 3703 2210 3765 πεινὸς
2238 3701 2446 3771 ὑψώσει
2467 3700 2560 3753 τὸν
2591 3697 2824 3768 ὑψηλόνς
2860 3697 2932 3749 Ἦ
2947 3692 3190 3764 δηλονότι
3210 3687 3416 3758 ὑψηλὸν
3442 3682 3600 3735 αὐτὸν

2022 3795 2341 3865 ὁμολογῶν
2373 3791 2517 3846 οὕτω
2557 3791 2662 3861 γὰρ
2705 3790 2803 3842 καὶ
2841 3785 3135 3857 μεγαλύνει
3159 3781 3342 3842 αὑτὸν,
3398 3777 3475 3837 ὼς
3507 3773 3602 3842 μέο

2021 3902 2208 3953 γιστον
2237 3883 2606 3954 δογματίζων,
2636 3881 2822 3949 ὥσπερ
2854 3881 2922 3933 ὲκ
2942 3876 3034 3930 τοῦ
3069 3873 3313 3928 ἐναντίου
3345 3865 3598 3961 ταπεινοῖ

2022 3977 2118 4030 καὶ
2179 3974 2488 4046 σμικρύνει,
2539 3975 2567 4026 ὁ
2597 3969 2832 4026 ταπεινὰ
2881 3968 2978 4022 καὶ
3027 3965 3201 4037 μικρὰ
3263 3960 3394 4028 περὶ
3431 3956 3596 4008 αὐτοῦ

2032 4064 2426 4134 φθεγγόμενος.
2470 4063 2790 4126 ’Υπέλασες
2817 4059 2899 4124 δὲ,
2929 4057 3051 4111 ἀντὶ
3095 4053 3190 4106 τοῦ
3223 4046 3598 4117 Μετεώρισας,

2045 4157 2346 4224 ἐκούφισας
2373 4151 2828 4226 κατεῤῥαγμένον
2847 4151 2912 4221 τῇ
2936 4140 3428 4220 ἀμαρτίᾳ,ΰποθεὶς
3449 4139 3601 4209 χεῖρα

2039 4247 2140 4317 τῆς
2177 4246 2432 4318 βοηθείας
2461 4263 2579 4298 σου.

352 4336 462 4394 est,
493 4329 826 4395 sublimasti,
851 4342 1012 4404 atque
1042 4336 1310 4402 allevasti,
1334 4337 1530 4392 auxilii
1557 4337 1816 4394 nimirum
1847 4340 1928 4394 tui
1965 4356 2187 4395 manum
2223 4355 2561 4410 supponens,
2591 4351 2715 4393 cum
2744 4341 3093 4393 peccatorum
3155 4342 3321 4386 onere
3379 4327 3599 4398 depres-

355 4435 452 4476 sus
479 4420 743 4490 iacerem.

427 4514 540 4569 Nec
563 4517 835 4573 delectasti
859 4521 1100 4578 inimicos
1129 4541 1266 4578 meos
1297 4541 1450 4593 super
1481 4543 1578 4582 me.
1597 4525 1652 4582 Si
1675 4527 1744 4582 de
1771 4528 1930 4584 beato

357 4609 523 4663 David
591 4614 859 4680 psalmum
921 4619 1179 4687 exponis,
1233 4634 1329 4688 per
1381 4621 1656 4686 inimicos,
1711 4636 1806 4677 eos
1852 4622 1932 4676 in-

355 4701 561 4771 tellige,
611 4705 812 4774 quibus
869 4706 1125 4762 daturum
1179 4725 1238 4764 se
1275 4709 1419 4765 Deus
1480 4712 1630 4765 illius
1699 4727 1928 4784 regnum

359 4794 728 4850 comminatus
780 4796 956 4850 fuerat
1017 4813 1116 4866 per
1159 4799 1478 4867 prophetam
1508 4798 1758 4866 Natban;
1785 4801 1828 4855 si
1861 4799 1931 4855 de

358 4881 650 4950 Ecclesia,
711 4885 1029 4952 daamones;
1088 4887 1132 4941 si
1184 4903 1312 4941 vero
1360 4890 1426 4943 de
1476 4905 1601 4960 rege
1659 4889 1929 4957 Ezechia,

356 4975 640 5045 Assyrios.
679 4975 804 5030 Non
838 4977 1112 5032 delectasti
1151 4988 1356 5046 autem,
1383 4979 1488 5035 hoc
1527 4991 1633 5046 est,
1657 4981 1773 5037 Non
1809 4997 1932 5052 per-

361 5067 564 5122 misisti
600 5077 658 5120 ut
692 5067 1093 5122 delectarentur
1113 5069 1400 5125 adversum
1429 5088 1530 5125 me.

430 5159 594 5214 Vens.
624 5160 676 5216 3.
711 5161 932 5215 Domine
971 5163 1108 5217 Deus
1152 5179 1318 5228 meus,
1370 5164 1598 5219 clamavi
1648 5165 1717 5217 ad
1751 5173 1832 5229 te,
1885 5175 1932 5218 et

355 5254 564 5306 sanasti
611 5271 706 5308 me.
760 5254 882 5308 Non
936 5271 1104 5321 sero,
1137 5254 1349 5324 inquit,
1393 5271 1477 5310 me
1539 5255 1770 5311 curasti.
1813 5253 1920 5310 Ubi

357 5345 502 5399 enim
526 5345 813 5401 confessus
856 5356 940 5400 est
987 5346 1180 5401 beatus
1227 5345 1392 5400 David
1456 5347 1707 5402 delictum
1761 5361 1924 5401 suum

359 5437 547 5492 dicens
579 5456 592 5491 :
630 5437 846 5492 Peccavi
875 5439 1100 5492 Domino
1132 5440 1200 5501 ³¹,
1236 5440 1418 5494 statim
1449 5438 1496 5492 ei
1549 5438 1752 5492 dictum
1787 5449 1870 5492 est
1900 5453 1928 5491 a

2107 4527 2210 4582 Kai
2260 4527 2370 4579 οὐκ
2415 4525 2717 4591 εὔφρανας
2749 4519 2889 4584 τοὺς
2915 4516 3172 4586 ἐχθρούς
3210 4531 3327 4582 μου
3351 4513 3428 4567 ἐπ
3475 4511 3595 4581 ἐμέ.

2036 4616 2198 4672 Κατὰ
2221 4614 2313 4667 τὸν
2345 4612 2508 4665 Δαὸὶδ
2539 4611 2660 4680 μὲν,
2693 4604 2774 4671 οἷς
2800 4607 3026 4677 δοθῆναι
3050 4605 3152 4673 τὴν
3183 4602 3466 4672 βασιλείαν
3505 4601 3598 4652 αὑ.

2033 4703 2128 4756 τοῦ
2152 4704 2180 4755 6
2205 4701 2337 4764 Θεὸς
2370 4699 2458 4752 διὰ
2479 4698 2575 4752 τοῦ
2610 4697 2891 4767 προφήτου
2921 4693 3018 4748 τοῦ
3075 4693 3263 4746 Νάθαν
3295 4692 3550 4762 ἠπείλησε
3576 4707 3590 4719 ·

2036 4795 2182 4850 κατὰ
2209 4794 2265 4846 δὲ
2311 4793 2411 4864 τὴν
2481 4789 2834 4858 Ἐκκλησίαν,
2889 4787 3017 4849 τοὺς
3046 4785 3313 4854 δαίμονας
3337 4797 3352 4810 ”
3385 4782 3519 4852 κατὰ
3537 4780 3593 4831 δὲ

2037 4887 2130 4940 τὸν
2166 4884 2436 4950 Ἐζεκίαν,
2486 4882 2614 4944 τοὺς
2680 4879 3006 4950 ’Δσσυρίους
3053 4893 3068 4908 ·
3122 4878 3245 4930 Οὐκ
3302 4875 3594 4944 εὔφρανας

2037 4981 2116 5044 δὲ,
2152 4978 2273 5032 ἀντὶ⁸
2298 4976 2417 5042 τοῦ,
2449 4974 2564 5028 Οὔκ
2598 4971 2807 5035 ἔδωκας
2839 4965 3218 5039 εὐφρανθῆναι
3249 4967 3448 5027 αὐτοὺς
3478 4962 3594 5016 κατ’

2039 5071 2196 5125 ἐμοῦ.

2145 5090 2196 5125 υ.

2072 5090 2278 5229 μΙῖνύριε
2299 5163 2332 5214 ό
2363 5159 2505 5224 Θεός
2535 5175 2672 5226 μου,
2693 5151 2990 5221 ἐκέκραξα
3035 5149 3184 5217 πρὸς
3204 5148 3298 5211 σὲ,
3331 5145 3426 5200 καὶ
3451 5143 3596 5197 ideo)

2034 5271 2128 5324 με.
2163 5252 2418 5321 Δηλονότι
2447 5250 2548 5302 οὐκ
2584 5250 2665 5311 εἰς
2701 5245 2916 5317 μακράν
2939 5261 2952 5274 ·
2985 5245 3012 5295 ὁ
3046 5243 3144 5311 μὲν
3177 5241 3285 5310 γὰρ
3316 5238 3475 5291 Δαϐὶδ
3519 5237 3597 5285 sl-

2032 5343 2169 5406 πὼν,
2208 5341 2535 5410 Ἡμὰρτηκα
2563 5337 2644 5402 τῷ
2666 5337 2881 5405 Κυρίῳ,
2913 5335 3146 5404 ἤκουσεν
3174 5332 3359 5394 εὐθὺς,
3394 5330 3470 5382 ὅτι
3525 5325 3593 5374 '0

2038 5437 2250 5503 Κύριος
2285 5433 2494 5502 ἀφεῖλε
2529 5430 2594 5484 τό
2620 5426 2938 5499 ἁμάρτημά
2961 5441 3099 5479 σου·
3126 5425 3160 5492 ἡ
3193 5424 3248 5476 δὲ
3287 5417 3589 5488 Ἐκκλησέαν

357 5525 568 5580 Natltan
598 5545 611 5579 :
653 5527 880 5580 Abstulit
907 5527 1161 5582 Dominus
1189 5539 1466 5595 peccatum
1503 5535 1652 5580 tuum
1712 5527 1775 5579 ”.
1828 5525 1927 5580 Ec-

2040 5525 2444 5594 ὲπικαλουμὲνη
2479 5523 2642 5575 αὑτὸν
2691 5523 2749 5573 ὲν
2797 5520 2875 5590 τῷ
2906 5516 3084 5586 καιρῷ
3132 5514 3228 5566 τοῦ
3293 5511 3590 5582 βαπτίσμα-

357 5619 524 5674 clesia
555 5621 719 5673 etlam
755 5619 870 5687 pari
891 5620 1050 5673 modo
1074 5619 1296 5689 quando
1322 5619 1665 5688 baptismatis
1691 5628 1927 5686 tempore

2040 5636 2148 5683 τος,
2182 5617 2344 5678 εὐθὺς
2375 5612 2699 5668 ἀπολούεται
2728 5612 2826 5673 τὰς
2861 5608 3076 5676 πληγὰς
3128 5607 3228 5674 τῆς
3275 5600 3536 5671 ἁμαρτίας
3568 5611 3585 5626 ·

291 5745 319 5788 ι
361 5712 529 5765 Deum
553 5710 790 5774 invocat,
819 5711 1002 5765 statim
1036 5712 1274 5765 abluitur
1293 5726 1322 5764 a
1349 5721 1690 5778 peccatorum
1721 5709 1927 5779 plagis:

2040 5710 2150 5764 ὑδὲ
2201 5707 2450 5772 Ἐζεκίας
2474 5705 2678 5758 σάκκον
2739 5698 3223 5768 περιϐαλλόμενος-
3293 5696 3309 5732 ⁸
3353 5696 3584 5748 ςτεύσας,

357 5813 410 5856 et
443 5801 636 5856 beatus
666 5801 926 5856 Ezechias
957 5817 1116 5856 sacco
1145 5791 1391 5865 indutus,
1423 5811 1478 5858 et
1511 5801 1826 5872 supplicans
1860 5799 1927 5853 ad

2040 5799 2241 5870 ταχέως
2275 5798 2396 5868 ἰάθη
2432 5797 2539 5850 ἀπὸ
2570 5796 2666 5865 τῆς
2695 5791 2910 5861 πληγῆς
2950 5789 3048 5860 τῆς
3096 5785 3433 5856 πολιορκίας.

356 5894 559 5955 υιτυιη,
593 5891 878 5948 confestim
904 5891 1171 5947 liberatus
1197 5901 1280 5946 est
1311 5891 1380 5948 ab
1413 5891 1713 5949 obsidionis
1743 5891 1929 5960 plaga.

436 6004 477 6045 ⁸¹
528 6003 568 6063 ιι
609 6004 738 6075 Reg.
772 6021 867 6071 xu,
903 6005 985 6060 i3.
1056 6007 1098 6038 "
1125 6004 1261 6062 Ibid.
