3916 6548
299 443 439 526 att,

1454 459 1606 521 COM
1616 460 1850 525 MENT.
1879 462 1961 523 IN
2003 463 2365 525 PSALMOS.

3436 469 3541 532 342

377 555 486 611 Καὶ
513 555 812 628 ἀνήγαγες
832 560 904 627 ἐξ
923 563 1071 631 ᾅδου
1110 548 1213 635 τὴν
1270 568 1481 638 ψυχήν
1511 589 1657 640 μου,
1711 574 1849 627 Κατὲ

2048 572 2209 628 Vens.
2237 581 2291 628 4.
2342 572 2583 641 Domine,
2627 572 2894 629 deduxisti
2935 574 3001 629 ab
3058 575 3263 646 inferno
3305 578 3539 633 anintam

300 648 411 717 μὲν
459 648 554 703 τὸν
593 652 758 706 Δαόὶδ
803 655 899 708 καὶ
940 658 1040 726 τὴν
1076 658 1427 731 Ἐκκλησίαν,
1478 664 1586 718 ἀπὸ
1618 683 1712 719 του
1745 667 1868 721 axo-

293 757 426 805 τους
461 740 562 811 τῆς
590 743 885 815 ἁμαρτίας.
931 749 1001 801 Ἦ
1035 750 1129 803 καὶ
1146 751 1236 806 διὰ
1265 753 1366 823 τὴν
1421 754 1515 809 τοῦ
1542 756 1669 828 ᾅδου
1702 759 1870 813 κατά-

1971 684 2160 723 meam.
2192 665 2317 723 Sive
2353 682 2593 737 exponas
2623 667 2890 737 psalmum
2918 667 2987 724 de
3022 668 3179 723 beato
3205 667 3394 734 David,
3421 671 3539 725 sive

1970 758 2038 812 de
2060 756 2323 819 Ecclesia.
2345 771 2440 825 per
2459 755 2730 810 infernum
2763 756 3004 829 intellige
3031 760 3281 814 teni-bras
3304 762 3533 830 peccati.

291 831 454 886 λυσιν
483 835 664 901 τοῦτο,
712 839 808 892 καὶ
835 841 937 911 τὴν
968 842 1078 896 τῶν
1109 844 1301 915 ψυχῶν
1326 847 1663 919 ἐλευθερίαν.
1715 853 1849 907 Κατέ

1967 850 2064 905 Vel
2106 848 2190 904 his
2238 846 2417 903 verbis
2462 845 2663 902 inferni
2687 848 3113 904 destructionem
3141 858 3195 903 et
3219 853 3526 906 animarum

289 924 351 977 δὲ
379 924 476 979 τδν
516 927 787 995 Ἑζεκίαν,
814 932 924 987 ἁπδ
959 933 1055 987 τοῦ
1095 936 1323 1003 σκότους
1367 942 1465 1011 τῆς
1513 940 1777 1008 δουλείας,
1832 947 1865 1016 ἢ

290 1016 565 1071 σκὸτωσιν
591 1021 829 1089 ἐμποιεῖ.

362 1192 650 1263 Ἕσωσάς
664 1214 742 1266 με
765 1199 886 1255 ἀπὸ
915 1203 1034 1257 τῶν
1056 1208 1537 1265 καταϐαινόντων
1573 1214 1663 1280 είς
1712 1215 1862 1269 λάκ-

284 1297 429 1377 κονζ
468 1284 543 1338 Τδ
569 1286 703 1341 αὐτὸ
727 1289 1078 1367 πάλινοεῖπεν
1111 1313 1126 1327 ·
1157 1298 1280 1363 ἔθος
1318 1302 1427 1371 γὰρ
1481 1306 1597 1368 τοῖς
1641 1306 1864 1377 εὐχαρι-

284 1373 510 1469 στοῦσι,
573 1379 878 1436 ποικίλλειν
905 1385 1005 1455 τὴν
1047 1387 1306 1460 διήγησιν
1365 1394 1466 1465 τῆς
1519 1373 1858 1469 εὐεργεσίας.

280 1466 514 1522 Λάκκον
542 1469 599 1523 δὲ
636 1474 855 1543 νοήσεις
884 1476 977 1529 τὸν
1006 1479 1250 1547 ἄφυκτον
1290 1482 1557 1552 κίνδυνον,
1620 1489 1860 1553 τοιοῦτος

279 1557 400 1627 γὰρ
436 1560 468 1611 ὀ
499 1558 714 1631 βόθρος,
750 1565 782 1635 ἢ
811 1566 902 1619 τὸν
925 1568 1115 1637 τάφον,
1144 1571 1177 1642 ἦ
1206 1574 1299 1627 τὸν
1340 1574 1474 1648 ᾅδην
1507 1594 1524 1609 ο
1559 1580 1655 1634 καὶ
1683 1579 1858 1636 ταῦτα

280 1651 403 1721 γὰρ
428 1653 486 1705 ὲν
512 1654 589 1725 τῷ
621 1655 777 1725 βάθει
810 1662 909 1730 τῆς
926 1664 1030 1735 γῆς
1060 1667 1168 1720 εἰσὶ
1197 1669 1293 1723 καὶ
1321 1670 1558 1741 ἄφυκτα.
1606 1674 1860 1741 Ἔσωσάς

280 1758 379 1808 με,
418 1746 603 1815 φησὶν,
634 1748 743 1803 ἀπὸ
792 1753 902 1806 τῶν
951 1757 1389 1816 καταϐαινόντων
1438 1765 1519 1828 είς
1566 1765 1852 1822 κίνδυνονο

277 1837 429 1932 κατα
464 1840 567 1932 μὲν
586 1842 693 1932 τὸν
714 1845 880 1899 Δαόὶδ
905 1850 997 1902 καὶ
1026 1850 1125 1922 τὴν
1171 1852 1521 1926 Ἐκκλησίαν,
1582 1858 1814 1932 ψυχικόν
1836 1877 1852 1893 '

274 1927 433 1979 κατὰ
466 1929 525 1982 δὲ
549 1930 641 1983 τὸν
681 1932 953 2005 Ἐζεκίαν,
995 1943 1329 2009 σωματικόν.
1388 1947 1508 2018 Χρὴ
1560 1948 1618 2002 δὲ
1661 1927 1855 2019 ⁷’γινιῖιο

277 2033 462 2115 σχειν,
499 2022 581 2115 ὅτι
609 2024 671 2115 οὗ
704 2027 881 2081 πάντα
908 2032 975 2085 τὰ
1007 2033 1136 2102 ἑξῆς
1193 2037 1354 2105 ῥητὰ,
1420 2039 1631 2105 τούτοις
1680 2044 1856 2115 ἁρμό-

273 2107 495 2177 ζουσιν,
535 2114 671 2168 ἀλλά
705 2134 824 2172 τινα
855 2138 866 2150 ·
911 2124 1138 2178 τοιαῦτα
1178 2127 1308 2199 γὰρ,
1365 2130 1442 2194 ὡς
1507 2107 1732 2200 ἐπίπαν,
1788 2138 1858 2192 τὰ

350 2379 603 2436 Ψάλατε
669 2384 751 2451 τῷ
779 2390 975 2459 Κυρίῳ
1000 2395 1055 2448 oi
1075 2394 1232 2452 ὅσιοι
1268 2401 1478 2460 αὐτοῦ.
1536 2404 1600 2460 οι
1655 2405 1855 2462 δίκαιοι

273 2470 471 2569 αὐτοῦ,
493 2475 543 2569 oi
577 2474 857 2569 ὲνᾲρετοιο
888 2484 937 2535 οί
961 2485 1069 2558 γὰρ
1108 2488 1185 2561 μὴ
1219 2490 1393 2557 οὕτως
1430 2494 1672 2566 ἔχοντες,
1712 2498 1855 2569 ψάλ-

272 2561 469 2665 λοντες
491 2566 552 2618 οὗ
586 2565 903 2665 ψάλλουσιν.
936 2576 1013 2629 Οὐ
1040 2579 1150 2650 γὰρ
1174 2580 1402 2639 δύναται
1436 2561 1852 2665 δένδροννπονη-

279 2654 377 2755 ρον
429 2663 678 2755 καρττοὺς
707 2663 950 2733 ἀγαθοὺς
980 2675 1337 2742 ποιεῖν,ξοὺδὲ
1373 2654 1573 2752 καρδία
1615 2654 1854 2755 θανατη-

275 2747 472 2818 φόρος,
514 2751 739 2824 ῥήματα
763 2756 1050 2816 ἐκϐάλλειν
1074 2762 1243 2836 ζωῆς.

360 2931 857 3027 Ἐξομολογεῖσθε
910 2942 987 3013 τῇ
1036 2931 1243 3023 man
1298 2950 1411 3022 τῆς
1459 2954 1852 3027 δικαιοσύνης

275 3023 497 3118 αὐτοῦ.
529 3027 638 3080 Καὶ
675 3030 1051 3102 εὐχαριστεῖτε
1077 3040 1181 3108 τῆς
1216 3040 1327 3109 (97)
1381 3046 1603 3114 μνήμης
1662 3023 1850 3118 αὐτου,

390 3116 802 3211 ἐμνημόνευσεν
823 3126 981 3195 ἡμῶν
1008 3128 1168 3201 αὕτη,
1225 3133 1336 3186 τῶν
1390 3116 1847 3211 ὲπιλελησμένων,

273 3205 367 3259 διὰ
388 3207 492 3271 τὰς
522 3210 796 3283 ἁμαρτίας
834 3218 1012 3286 ἡμῶν.

350 3322 487 3376 Ὀτι
520 3324 668 3394 ὀργὴ
721 3327 791 3380 ἐν
818 3327 899 3394 τῷ
932 3329 1095 3400 θυμῷ
1118 3333 1329 3400 αὺτοῦ,
1353 3337 1449 3391 καί
1485 3336 1600 3411 ζ’ωὴ
1653 3340 1723 3395 ἐν
1769 3342 1849 3408 τῷ

275 3414 568 3482 θελήματι
593 3418 800 3473 αὐτοῦ.
846 3420 1049 3492 Ὀργὴν
1079 3425 1178 3494 μὲν
1205 3426 1458 3496 ὀνομάζει
1482 3430 1577 3484 νῦν
1598 3433 1696 3501 τὴν
1752 3436 1849 3489 κό-

272 3503 436 3558 λασιν
460 3523 475 3538 ’
498 3507 667 3578 θυμὸν
692 3510 767 3574 δὲ,
802 3511 900 3583 τὴν
921 3513 1314 3588 ἀγανάκτησιν.
1349 3522 1506 3576 Ἔστι
1527 3523 1583 3578 δὲ
1609 3526 1850 3591 τοιοῦτος

271 3594 301 3646 ὁ
325 3594 473 3686 νοῦς
500 3611 520 3632 ο
548 3599 630 3652 ὅτι
656 3600 876 3665 κόλασις
899 3605 999 3674 μέν
1023 3607 1191 3674 ἐστιν,
1256 3611 1315 3664 ὲν
1361 3616 1426 3684 τῇ
1476 3614 1846 3686 ἀγανακτήσει

274 3685 444 3739 αὐτοῦ
489 3704 503 3720 ο
533 3688 646 3760 ζωὴ
673 3691 751 3758 δὲ,
785 3694 843 3745 ὲν
874 3694 951 3763 τῷ
981 3696 1248 3768 θελήματι
1297 3701 1467 3757 αὑτοῦ
1502 3721 1518 3737 ο
1566 3708 1845 3762 τουτέστιν

273 3777 606 3842 ἀγανακτῶν
644 3783 764 3851 μὲν,
800 3785 1041 3853 κολάζει,
1074 3789 1152 3854 ὡς
1179 3790 1389 3858 δίκαιος
1418 3811 1431 3827 ·
1460 3794 1604 3850 θέλει
1654 3798 1711 3851 δὲ
1757 3800 1846 3853 ἀεὶ

274 3869 473 3937 ἐλεεῖν,
505 3872 580 3935 ὡς
605 3874 874 3946 ἐλεήμων,
922 3879 999 3944 ὡς
1055 3876 1194 3937 εἶναι
1232 3885 1292 3953 το
1350 3886 1469 3956 μὲν,
1527 3892 1846 3960 περιστάσει

273 3962 633 4054 ᾁπροαιρέτῳ
665 3984 681 4000 ο
717 3968 777 4022 τὸ
798 3969 877 4037 δὲ,
902 3971 1061 4038 φύσει
1092 3973 1349 4049 θελητικῇ
1380 3995 1395 4010 ·
1427 3981 1559 4050 φησὶ
1601 3980 1710 4054 γὰρ
1758 3982 1847 4037 διὰ

286 4051 546 4125 Ἰεζεκιήλ
599 4072 615 4087 ·
646 4058 744 4126 Μὴ
797 4063 1041 4130 θελήσει
1083 4064 1235 4119 θέλω
1279 4067 1387 4137 τὸν
1434 4051 1694 4126 θάνατοέ
1731 4072 1839 4128 τοῦ

271 4145 650 4216 ἀμαρτωλοῦ,
677 4152 758 4218 ὡς
787 4153 853 4207 τὸ
888 4155 1245 4226 ἐπιστρέψαι
1284 4161 1489 4215 αὐτόν.
1545 4162 1844 4234 Προτάττει

269 4240 326 4292 δὲ
354 4243 388 4313 ἡ
422 4242 616 4315 Γραφὴ
671 4247 740 4300 τὰ
778 4248 998 4321 λυπηρὰ
1026 4251 1134 4305 τῶν
1167 4252 1338 4323 ἡδέων
1363 4269 1377 4285 ·
1436 4254 1547 4324 (98)
1603 4255 1841 4328 ήὸύσιμα

269 4332 384 4404 γὰρ
427 4337 569 4404 μετὰ
589 4337 810 4408 λυπηρὰ
837 4341 904 4394 τὰ
932 4341 1168 4412 χρηστὰ,
1226 4342 1300 4408 ὡς
1328 4345 1391 4398 τό
1429 4361 1443 4375 ·
1499 4345 1646 4417 Ἐγὼ
1692 4348 1841 4404 dao-

270 4426 463 4481 κτενῶ
496 4430 593 4483 καί
625 4430 733 4500 ζῇν
770 4432 1032 4499 ποιήσω’
1063 4436 1327 4503 πατάξω,
1364 4438 1528 4508 κάγὼ
1569 4440 1836 4510 ἰάσομαι.

1967 939 2341 998 liberationem
2371 937 2659 1008 signiﬁcat.
2692 938 2847 1003 Quod
2897 938 2943 994 si
2976 938 3043 993 de
3077 938 3339 1006 Ezechia,
3385 952 3538 997 tene-

1967 1034 2094 1089 bras
2164 1030 2487 1088 formidinis.
2550 1030 2697 1086 Solet
2763 1030 2908 1086 enim
2976 1030 3210 1088 formido
3274 1036 3533 1090 tenebras

1964 1139 2242 1196 generare.

2036 1222 2276 1276 Salvasti
2301 1238 2381 1276 me
2415 1238 2447 1276 a
2470 1221 2899 1277 descendentibus
2934 1223 2988 1276 in
3021 1222 3219 1281 lacum.
3269 1221 3532 1277 Eamdcm

1963 1312 2160 1367 iterum
2191 1312 2316 1369 aliis
2343 1313 2524 1369 verbis
2557 1314 2754 1382 repetit
2781 1314 3131 1374 sententiam.
3175 1315 3503 1385 quemadmo
3523 1344 3536 1355 -

1962 1400 2092 1455 dum
2121 1417 2238 1457 mos
2267 1411 2352 1458 est
2382 1404 2469 1468 iis,
2501 1403 2595 1471 qui
2625 1404 2690 1460 de
2714 1404 2956 1473 acceptis
3006 1405 3289 1460 beneflciis
3328 1405 3532 1477 gratias

1961 1502 2145 1563 agunt.
2186 1492 2290 1548 Per
2318 1494 2495 1548 lacum
2538 1509 2666 1549 vero
2721 1495 3037 1549 inevitabile
3091 1495 3391 1565 periculum
3443 1496 3531 1550 in-

1959 1583 2160 1652 telligo.
2184 1581 2316 1638 Nam
2336 1584 2429 1654 qui
2453 1584 2507 1639 in
2532 1585 2710 1641 lacum
2736 1593 2833 1641 aut
2869 1585 3079 1641 foveam
3103 1596 3198 1642 aut
3232 1586 3529 1652 infernum,

1959 1692 2079 1746 quae
2115 1678 2298 1733 omnia
2324 1678 2378 1734 in
2413 1678 2869 1749 profundoterrae
2907 1689 3056 1748 sunt,
3100 1679 3327 1746 incidit,
3381 1680 3533 1736 illinc

1958 1768 2188 1825 evadere
2225 1783 2336 1825 non
2371 1777 2573 1839 potest.
2617 1769 2849 1827 Saivasti
2882 1786 2969 1827 me
2995 1813 3010 1837 ,
3070 1772 3289 1843 inquit,
3340 1772 3409 1826 ab
3464 1773 3531 1828 iis

1958 1859 2049 1930 qui
2067 1859 2408 1915 descendunt
2425 1860 2479 1915 in
2503 1861 2834 1931 perieulum;
2862 1863 2913 1917 in
2932 1863 3258 1933 periculum,
3282 1863 3529 1933 inquam.

1961 1951 2177 2016 animae,
2200 1950 2246 2006 si
2280 1950 2349 2005 de
2369 1949 2634 2015 Ecclesia,
2672 1962 2767 2006 aut
2796 1951 2863 2008 de
2885 1952 3053 2007 David
3086 1953 3357 2024 intelligas
3385 1969 3401 2008 :
3430 1954 3527 2009 sed

1960 2043 2264 2112 corporale,
2299 2041 2346 2098 si
2371 2042 2439 2098 de
2474 2041 2726 2099 Ezechia.
2756 2043 2894 2099 Illud
2955 2053 3136 2100 autem
3189 2046 3535 2100 animadver-

1961 2135 2180 2190 tendum
2207 2140 2312 2201 est,
2346 2134 2489 2205 quod
2518 2149 2640 2205 quas
2664 2143 2966 2206 sequuntur
2988 2179 3003 2202 ,
3056 2150 3162 2191 non
3210 2136 3391 2191 omnia
3440 2135 3529 2192 his

1958 2226 2136 2282 tribus
2155 2234 2487 2296 congruunt,
2512 2225 2607 2283 sed
2635 2227 2814 2295 aliqua
2837 2229 3213 2284 tantummodo
3232 2241 3248 2287 τ
3268 2229 3348 2284 sic
3380 2229 3523 2284 enim

1959 2318 2071 2375 fere
2097 2333 2157 2375 se
2182 2319 2381 2374 habent
2403 2319 2566 2373 verba
2590 2319 2923 2388 prophetica.

2028 2409 2192 2466 Vens.
2227 2410 2282 2465 5.
2313 2409 2533 2465 Psatlite
2555 2410 2779 2465 Domino
2804 2411 2976 2465 sancti
2990 2412 3124 2480 ejus.
3147 2410 3280 2477 Vos,
3307 2427 3341 2467 ο
3385 2412 3519 2482 justi

1957 2512 2010 2559 et
2047 2504 2245 2558 virtute
2276 2502 2509 2572 praediti.
2540 2500 2675 2556 Nam
2710 2502 2803 2572 qui
2828 2503 3139 2572 huiusmodi
3183 2520 3292 2560 non
3346 2513 3521 2571 sunt,

1958 2594 2171 2651 tametsi
2189 2595 2444 2665 pSaIIant,
2474 2594 2709 2649 Domino
2739 2610 2846 2649 non
2886 2596 3151 2666 psallunt,
3182 2613 3358 2668 neque
3377 2597 3520 2653 enim

1955 2694 2132 2759 potest
2158 2687 2320 2742 arbor
2362 2685 2504 2740 mala
2538 2684 2753 2741 fructus
2797 2686 2973 2743 bonos
3019 2687 3237 2752 facere,
3268 2692 3384 2743 'nec
3428 2702 3525 2742 cor

1955 2778 2315 2847 mortiferum,
2350 2791 2413 2834 ac
2428 2777 2666 2834 caedibus
2697 2777 2915 2849 plenum
2952 2820 2968 2847 ,
2996 2781 3157 2837 verba
3196 2780 3321 2836 vita:
3362 2781 3522 2836 emit-

1956 2882 2094 2931 tere.
3268 2896 3271 2899 '

2028 2964 2094 3019 Et
2114 2967 2434 3037 conﬁtemini
2465 2971 2731 3026 memoria:
2758 2968 3062 3025 sanctitatis
3112 2968 3249 3038 ejus.
3288 2965 3352 3021 Et
3393 2980 3519 3036 gra-

1953 3055 2059 3111 tias
2084 3056 2227 3126 agite
2276 3058 2424 3114 illius
2475 3061 2771 3124 memorim,
2822 3061 2965 3131 quod
3013 3066 3263 3115 nostrum
3307 3056 3519 3113 scilicet

1953 3146 2294 3214 meminerit,
2351 3165 2582 3220 quorum
2647 3163 2808 3207 antea
2849 3195 2862 3217 ,
2928 3152 2999 3208 ob
3041 3150 3236 3206 delicta
3268 3191 3283 3216 ,
3337 3150 3515 3204 fuerat

1881 3258 1923 3316 ο
1954 3245 2171 3300 oblitus.

2024 3358 2189 3416 Vens.
2214 3359 2267 3415 6.
2336 3361 2596 3427 Quoniam
2637 3360 2723 3415 ira
2761 3360 2816 3414 in
2851 3357 3283 3415 excandescentia
3318 3356 3430 3427 ejus
3464 3367 3516 3412 et

1950 3452 2059 3505 vita
2084 3451 2136 3504 in
2163 3450 2430 3506 voluntate
2457 3451 2595 3521 ejus.
2636 3449 2740 3506 Per
2772 3448 2935 3514 iram,
2973 3447 3385 3517 castigationem
3411 3462 3509 3501 seu

1949 3542 2287 3615 punitionem
2319 3542 2575 3614 intelligit
2605 3559 2619 3609 ;
2651 3550 2705 3597 et
2736 3555 2932 3599 sensus
2960 3538 3207 3610 estquod
3231 3538 3515 3608 castigatio

1948 3634 2002 3689 in
2032 3633 2483 3691 excandescentia
2524 3633 2618 3687 Dei
2656 3639 2766 3699 est;
2801 3630 2913 3685 vita
2943 3644 3075 3685 vero
3097 3628 3152 3683 in
3176 3629 3295 3698 ejus
3318 3628 3517 3683 volun-

1947 3733 2080 3792 tate,
2113 3725 2216 3780 hoc
2257 3733 2363 3791 est,
2391 3724 2536 3796 quod
2573 3724 2722 3791 licet,
2757 3730 2818 3777 ut
2839 3722 3045 3793 justus,
3072 3720 3264 3793 puniat
3296 3720 3513 3789 quoties

1945 3816 2312 3881 excandescit,
2343 3822 2405 3871 ut
2437 3814 2752 3871 misericors
2786 3821 2990 3873 tamen,
3021 3827 3236 3882 semper
3269 3810 3421 3881 cupit
3449 3825 3513 3865 ac

1943 3906 2060 3959 vult
2085 3903 2354 3969 misereri,
2375 3906 2447 3960 ita
2484 3915 2543 3959 ut
2574 3904 2832 3970 alterum,
2864 3903 3010 3977 quod
3044 3904 3259 3975 puniat,
3299 3916 3409 3955 non
3439 3901 3513 3955 ita

1943 3993 2304 4063 exlelcctione
2329 3994 2422 4049 Dei
2450 4008 2573 4051 esse
2600 3994 3030 4059 demonstretur,
3054 3992 3149 4049 sed
3197 4007 3328 4047 casu
3375 4007 3515 4060 quo-

1942 4084 2254 4151 dammodo,
2276 4095 2497 4157 propter
2526 4085 2807 4141 hominum
2828 4086 3023 4142 delicta
3059 4104 3071 4139 :
3097 4087 3327 4140 alterum
3361 4098 3512 4147 vero,

1949 4176 2091 4246 quod
2130 4177 2386 4243 vivlﬂcet,
2419 4193 2483 4234 ex
2515 4186 2712 4233 natura
2743 4177 2862 4251 ejus
2889 4193 3011 4233 esse
3037 4186 3312 4248 appareat,
3332 4183 3387 4231 et
3416 4192 3515 4230 vo-

1947 4263 2241 4320 luntarium
2281 4284 2296 4323 :
2324 4266 2783 4337 quemadmodum
2811 4274 2865 4321 et
2895 4268 3023 4322 alibi
3049 4283 3144 4337 per
3174 4266 3510 4321 Ezechielem

1945 4353 2106 4410 docet
2133 4356 2320 4411 dicens
2351 4378 2363 4411 :
2421 4356 2542 4411 Non
2577 4358 2751 4411 volens
2778 4359 2890 4411 uolo
2925 4366 3143 4410 mortem
3181 4358 3470 4423 peccatoris
3494 4397 3509 4418 .

1946 4444 2037 4500 sed
2071 4454 2125 4500 ut
2156 4455 2509 4511 convertatur,
2542 4453 2590 4501 et
2614 4446 2747 4501 vivat
2783 4446 2849 4500 ³³.
2879 4444 3150 4515 Prmponit
3184 4447 3343 4500 etiam
3376 4446 3511 4500 l’ro-

269 4519 433 4587 pheta
465 4531 659 4578 moesta
685 4524 941 4594 jucundis
973 4543 988 4581 :
1017 4542 1083 4582 eo
1115 4530 1260 4597 quod
1326 4530 1569 4587 dulciora
1623 4532 1911 4590 videantur
1970 4537 2116 4592 bona
2201 4552 2323 4609 qure
2367 4548 2493 4609 post
2538 4538 2712 4593 tristia
2758 4538 3077 4594 obveniant.
3166 4535 3356 4592 Simile
3424 4547 3508 4594 cst

275 4609 407 4664 illud
448 4628 466 4662 :
507 4609 620 4682 Ego
655 4613 889 4667 occidam
913 4624 961 4669 et
983 4616 1276 4686 viviﬁcabo,
1303 4621 1595 4688 percutiam
1642 4629 1694 4676 et
1751 4624 1953 4680 sanabo
1978 4625 2044 4680 ³⁸.

348 4725 424 4779 Τὸ
457 4726 719 4795 ἑσπέρης
748 4730 1183 4797 αὐλισθήσεται
1210 4734 1538 4803 κλαυθμὸς,
1596 4735 1696 4790 καὶ
1752 4738 1840 4803 εἰς

1961 4771 1976 4790 .
2014 4738 2097 4793 Ad
2123 4755 2389 4809 vesperum
2417 4739 2776 4795 demorabitur
2806 4734 2961 4810 ﬂetus
2990 4750 3039 4797 et
3080 4742 3150 4796 ad
3189 4744 3508 4798 matutinum

273 4816 341 4870 τὸ
368 4820 522 4885 πρωϊ
546 4819 928 4887 ἀγαλλίασις.
952 4820 1123 4876 Τοῦτο
1165 4822 1412 4894 βούλεται
1472 4824 1689 4893 δηλοῦν.
1757 4826 1838 4880 ὃτι

272 4911 307 4976 ἡ
367 4909 881 4981 μετάνοιαξταχεῖαν
926 4913 1263 4985 ἀνεπάγεται
1298 4915 1396 4988 τὴν
1464 4917 1836 4989 συγχώρησιν.

285 5002 342 5054 '0
383 5004 493 5071 γὰρ
544 5004 787 5076 ἑσπέρας
814 5004 1079 5074 κλαύσας,
1119 5007 1179 5063 τὸ
1233 5008 1380 5079 πρωῒ
1426 5010 1836 5078 ἀγαλλιάσει-αι.

275 5098 761 5167 παρηγορούμενος
790 5101 855 5170 τῇ
896 5099 1162 5172 ἐπιδημίᾳ
1191 5101 1284 5153 τοῦ
1308 5101 1464 5170 ἁγίου
1493 5102 1834 5173 Πνεῦματος,

280 5186 435 5239 Ἐστι
449 5187 505 5241 δὲ
549 5188 640 5242 καὶ
678 5194 982 5259 προφητεία
1019 5193 1274 5263 περὶτῶν
1308 5193 1640 5258 ἀποστόλων,
1683 5190 1763 5260 οἷς
1782 5198 1840 5248 ὲν

281 5278 485 5348 ἑσπέρᾳ
513 5279 607 5331 τοῦ
638 5281 939 5348 Σαεόἀτου,
976 5284 1232 5353 μετὰ,τὴν
1253 5287 1430 5355 ταφὴν
1449 5287 1539 5340 τοῦ
1562 5288 1837 5357 Σωτῆρος,

279 5369 542 5434 κλαίουσι,
565 5374 740 5428 καὶτὸ
766 5375 909 5451 πρωῒ
934 5377 998 5446 τῆ
1016 5398 1027 5430 ς
1047 5378 1328 5448 Κυριακῆς
1352 5381 1406 5432 at
1430 5382 1684 5448 γυναῖκες
1714 5381 1837 5435 ἐκό-

281 5478 441 5529 μισαν
482 5467 656 5536 χαρᾶς
689 5468 1006 5538 εὐαγγέλια,
1040 5472 1132 5523 καὶ
1166 5471 1247 5524 ὅτι
1281 5471 1480 5543 ἀνέστη
1524 5472 1553 5524 ὁ
1605 5470 1835 5547 Κύριος.

347 5641 394 5675 ³³
428 5643 626 5703 Ezech.
661 5660 812 5715 xvut,
851 5648 941 5704 23.
1001 5650 1047 5683 “
1072 5649 1227 5705 Deut.
1263 5665 1431 5713 xxxu,
1460 5651 1552 5708 59.

1941 4829 2146 4886 latitia.
2175 4831 2382 4888 Sensus
2408 4840 2516 4898 est,
2545 4834 2689 4902 quod
2730 4834 3050 4904 poenitentia
3103 4833 3171 4890 de
3224 4836 3463 4905 peccatis
3493 4875 3507 4895 .

1940 4908 2387 4974 celerem'secum
2418 4906 2636 4976 a'dilucit
2676 4921 2913 4975 veniam.
2961 4920 3094 4974 Nam
3142 4922 3235 4991 qui
3286 4908 3510 4991 vespere

1937 5023 2035 5063 sua
2069 5007 2278 5064 ﬂeverit
2300 5017 2546 5078 peccata,
2575 5024 2734 5065 mane
2764 5011 3108 5078 postmodum
3162 5028 3377 5067 summa
3412 5012 3506 5066 lae-

1942 5100 2411 5176 titiaexsultabit,
2443 5102 2674 5156 adventu
2722 5103 2981 5158 nimirum
3038 5104 3213 5159 sancti
3265 5103 3507 5174 Spiritus

1939 5195 2271 5250 consolatus.
2306 5192 2399 5249 Est
2431 5201 2484 5248 et
2510 5194 2621 5249 inec
2651 5196 2936 5265 prephetia
2965 5196 3030 5250 de
3062 5195 3346 5264 apostolis,
3387 5195 3507 5266 qui-

1936 5286 2040 5341 bus
2076 5295 2198 5356 post
2227 5285 2438 5340 Domini
2474 5286 2809 5356 sepulturam
2844 5301 3067 5355 vespere
3099 5284 3321 5339 Sabbati
3369 5284 3505 5340 lien-

1937 5378 2124 5445 tibus,
2176 5392 2376 5439 mane,
2425 5375 2709 5430 Dominico
2756 5374 2845 5429 die
2902 5374 3159 5428 mulieres
3200 5372 3501 5442 jucundum

1938 5471 2069 5526 illud
2101 5470 2300 5525 laetitia:
2326 5466 2577 5522 nuntium
2614 5466 2952 5531 attulerunt,
2993 5464 3281 5520 Dominum
3313 5479 3501 5521 resur.

1618 5772 1817 5838 Variae
1846 5773 2171 5838 lectiones.

341 5891 453 5961 (97)
488 5892 678 5950 Scribe
708 5897 772 5966 τῇ
817 5896 1029 5970 μνήμῃ,
1061 5897 1143 5955 vel
1169 5898 1395 5957 subaudi
1432 5902 1638 5957 ἕνεκεν.

2000 5900 2110 5973 (98)
2153 5900 2238 5955 ῖσ.
2278 5899 2480 5972 ἡδίονα.
