3846 6540
332 5764 365 5839 l.

404 396 511 456 313

1641 392 2036 458 EUTHYMII
2074 391 2441 464 ZlGA'BENl

3555 398 3649 467 3n

406 518 617 573 rexisse
649 527 1047 573 asseverantes.
1082 514 1347 572 Ezechias
1384 525 1569 572 autem
1599 522 1655 569 et
1682 513 1974 572 universus

2094 518 2188 575 (αὶ
2223 521 2273 573 oi
2304 520 2433 593 περὶ
2462 519 2554 575 τὸν
2599 519 2852 584 Ἐζεκίαν
2880 518 3129 590 δὲ,’μετὰ
3160 519 3334 592 φορᾶν
3362 518 3479 592 (99)
3495 520 3648 573 ἀπει-

394 612 663 681 populus.
709 625 938 680 vespere
968 610 1024 665 in
1058 625 1229 665 unum
1286 610 1501 666 collecti
1554 608 1757 665 ﬂebant
1786 649 1801 674 ,
1856 623 1979 664 cum

408 705 713 761 horrendas
742 704 1117 761 Sennaeherib
1142 704 1321 761 minas
1372 703 1659 760 audissent
1684 743 1700 770 ,
1728 703 1982 757 timentes

404 815 469 855 se
497 800 722 869 jamjam
746 800 801 855 in
834 798 1187 855 inimicorum
1214 806 1542 870 potesuttem
1577 804 1979 869 perventuros:

405 900 459 945 et
490 906 649 947 mane
676 907 896 947 summo
917 891 1119 962 gaudio
1151 890 1329 947 aﬁ‘eeti
1365 898 1495 946 sunt
1526 929 1542 951 .
1572 888 1940 959 intelligentiae
1965 930 1980 952 .

405 980 550 1049 quod
596 996 660 1035 ea
692 990 855 1037 nocte
888 987 968 1034 tot
1009 980 1178 1034 millia
1213 979 1455 1033 hostium
1503 976 1739 1032 fuissent
1788 976 1856 1031 ab
1887 991 1985 1030 an-

406 1075 524 1143 gelo
562 1074 778 1129 Domini
836 1076 1184 1144 interempta.
1235 1070 1613 1127 Demorabitur
1659 1082 1786 1141 vero
1819 1067 1984 1133 ,.hoc

406 1178 510 1226 est.
543 1166 833 1222 habitabit.

483 1259 646 1312 Vens.
670 1260 721 1314 7.
759 1256 870 1329 Ego
891 1267 1068 1315 autem
1088 1257 1282 1311 dixiin
1307 1254 1643 1311 abundantia
1674 1269 1789 1307 mea
1817 1266 1834 1304 :
1862 1251 1984 1307 Non

407 1354 651 1406 movebar
679 1352 733 1404 in
752 1351 1028 1406 secutum.
1050 1350 1239 1405 Potest
1271 1348 1375 1403 hoc
1400 1356 1508 1403 tam
1538 1344 1790 1405 Ezechiae
1819 1358 1982 1416 quam

409 1443 568 1498 beato
606 1442 773 1497 David
800 1441 1231 1505 accommodari,
1257 1441 1351 1511 qui
1372 1440 1429 1499 in
1457 1452 1702 1508 tempore
1726 1437 1987 1493 secundae

408 1531 643 1588 fortuna:
668 1531 923 1589 arbitrati
957 1539 1090 1587 sunt
1126 1546 1247 1587 eam
1297 1530 1551 1588 stabilem
1594 1542 1810 1597 semper
1833 1525 1985 1581 futu-

411 1640 550 1688 ram.
574 1633 628 1679 et
648 1640 927 1697 nunquam
956 1624 1265 1683 adversam.
1296 1624 1400 1679 Per
1422 1620 1811 1681 abundantiam
1834 1620 1982 1677 enim

408 1718 611 1774 bonum
664 1732 728 1773 ac
760 1718 972 1775 felicem
1010 1724 1216 1773 statum
1248 1714 1523 1785 intelligit.
1572 1722 1626 1769 et
1665 1728 1761 1784 per
1782 1713 1983 1769 motio-

408 1824 557 1873 nem,
583 1823 678 1864 seu
708 1808 1141 1873 ﬂuctuationem,
1165 1807 1580 1865 conversionem
1602 1819 1632 1860 a
1662 1804 1981 1861 stabilitate.

487 1901 648 1958 Vrsas.
685 1902 739 1959 8.
772 1902 1012 1968 Domine,
1048 1902 1101 1955 in
1141 1900 1409 1955 voluntate
1440 1908 1531 1953 tua
1565 1898 1866 1968 prmstitisti
1888 1896 1982 1952 deo

407 1997 516 2050 cori
547 2012 659 2050 meo
682 1997 967 2063 potentiam
988 2033 1002 2053 .
1038 1992 1279 2050 avertiin
1313 1991 1504 2061 faciem
1558 2000 1703 2044 luant
1726 2007 1755 2044 a
1782 2006 1890 2055 me.
1933 1998 1984 2044 et

405 2090 583 2158 factus
614 2104 733 2143 sum
761 2086 1124 2142 conturbatus.
1169 2082 1249 2139 Ad
1304 2084 1525 2139 eosdem
1582 2089 1815 2151 possunt
1866 2082 1983 2137 hare

406 2182 573 2238 verba
604 2182 896 2249 pertinere.
935 2179 1084 2234 lllam
1109 2216 1124 2239 .
1161 2177 1339 2248 inquit
1363 2216 1379 2242 .
1432 2176 1732 2251 potentiam
1754 2218 1770 2243 .
1818 2191 1981 2247 quam

407 2271 760 2340 pulchritudo
786 2286 884 2328 seu
916 2271 1081 2325 decor
1115 2283 1271 2325 meus
1300 2278 1459 2325 antea
1503 2266 1783 2339 habebat:
1833 2267 1980 2322 illam

407 2366 666 2422 nimirum
690 2364 996 2420 claritatem
1030 2373 1197 2433 atque
1229 2361 1610 2417 excellentiam
1645 2360 1836 2430 regni,
1870 2374 1981 2413 non

407 2469 526 2510 mea
557 2467 660 2523 ego
688 2451 910 2515 virtute,
940 2460 1036 2506 aut
1064 2452 1201 2507 meis
1234 2449 1465 2511 meritis.
1512 2449 1612 2505 sed
1666 2457 1718 2505 te
1758 2449 1840 2505 sic
1888 2464 1985 2505 vo-

405 2546 551 2601 lente
574 2545 863 2601 habebam.
894 2542 1153 2600 Avertisti
1186 2552 1364 2598 autem
1398 2541 1791 2610 protectionem
1828 2550 1978 2596 tuam

405 2652 439 2693 a
466 2652 572 2702 me.
596 2644 820 2707 propter
852 2636 1317 2692 existimationem
1346 2649 1520 2693 meam
1543 2673 1561 2698 .
1610 2643 1664 2690 et
1692 2634 1878 2691 statim
1926 2635 1982 2690 in

406 2728 802 2785 turbulentiam
834 2737 998 2797 atque
1026 2726 1367 2782 calamitates
1404 2741 1593 2782 versus
1625 2741 1773 2781 sum.

483 2819 652 2875 Vsus.
684 2819 738 2874 9.
781 2819 862 2872 Ad
916 2818 1247 2884 te,Domine,
1291 2817 1553 2872 clamabo.
1582 2817 1922 2874 Consecutus
1950 2832 1982 2870 a

408 2913 866 2985 tetempestivum
886 2911 1172 2972 auxilium.
1201 2911 1266 2966 ad
1290 2920 1342 2967 te
1362 2911 1414 2967 in
1442 2910 1977 2967 luturum'clamaho.

409 3003 593 3065 Utitur
642 3011 823 3058 autem
875 3002 1139 3075 propheta
1191 3016 1569 3071 saepenumero
1626 3002 1730 3056 hoc
1772 3001 1977 3065 verbo,

405 3096 627 3168 quando
652 3110 843 3166 preces
865 3110 930 3151 ex
962 3096 1153 3151 intimo
1177 3096 1409 3151 emissas
1440 3096 1605 3153 corde
1628 3095 1923 3165 significat.

2082 611 2181 684 λὴν
2205 612 2301 667 τοῦ
2331 614 2674 686 Σεναχηρεὶμ
2698 615 2939 683 ἑσπέρας
2966 613 3344 683 συλλεγέντες.
3368 614 3469 666 καὶ
3491 612 3647 667 κλαύ-

2085 722 2301 771 σαντες,
2338 706 2415 772 ὡς
2451 708 2552 777 ἤδη
2589 707 3150 778 κατασχεθησόμενοι,
3183 706 3245 760 τὸ
3282 704 3431 778 πρωῒ
3486 707 3649 776 χαρᾶς

2083 802 2454 872 ἐπλήσθησαν,
2479 803 2568 857 διὰ
2590 801 2697 873 τῆς
2746 802 2938 866 νυκτὸς
2963 802 3220 871 ἀοράτως
3262 797 3646 870 ἀναιρεθεισῶν

2083 897 2194 949 τῶν
2218 896 2487 951 τοσούτων
2511 895 2740 950 ἐκείνων
2778 894 3055 965 χιλιάδων.
3090 889 3542 958 Αὐλισθήσεται
3578 889 3648 953 δὲ,

2085 991 2206 1044 ἀντὶ
2234 990 2349 1058 τοῦ,
2386 991 2680 1062 σκηνώσει.

2172 1264 2312 1334 Ἐγὼ
2340 1263 2408 1318 δὲ
2433 1261 2576 1317 εἶπα
2600 1262 2675 1315 ἐν
2708 1260 2782 1330 τῇ
2813 1259 3066 1327 εὐθηνίᾳ
3090 1275 3212 1327 μου
3239 1272 3256 1288 ’
3292 1258 3376 1312 Οὐ
3408 1253 3497 1324 μὴ
3555 1269 3651 1308 σα-

2085 1352 2284 1411 λευθῶ
2314 1355 2402 1421 εις
2429 1353 2535 1407 τὸν
2562 1350 2768 1406 αἰῶνα.
2796 1349 2970 1403 Τοῦτο
3020 1348 3147 1416 περὶ
3182 1345 3347 1400 Δαὸίδ
3400 1345 3518 1398 ἐστι
3573 1346 3651 1397 καί

2100 1444 2367 1510 Ἐζεκίου,
2399 1444 2453 1498 οἳ
2475 1445 2534 1498 ἐν
2565 1445 2685 1507 ταῖς
2709 1441 3033 1513 εὐημερίαις
3060 1439 3264 1499 αὐτῶν.
3327 1434 3524 1506 ᾤοντο,
3586 1436 3649 1505 μὴ

2086 1535 2475 1607 δυσπραγῆσαί
2534 1552 2686 1590 ποτε.
2746 1532 2988 1603 Εὗθηνία
3044 1530 3143 1600 μὲν
3177 1530 3309 1596 γὰρ,
3354 1531 3390 1597 ἠ
3437 1526 3646 1594 εὐεξία·

2089 1628 2341 1691 σάλευσις
2364 1627 2444 1693 δὲ,
2467 1628 2501 1698 ἠ
2537 1622 2865 1698 παρατροπὴ
2889 1622 2985 1693 τῆς
3007 1619 3354 1681 εὐπαθείας.

2157 1900 2353 1969 Κύριε,
2382 1898 2453 1954 ἐν
2479 1896 2558 1963 τῷ
2590 1894 2876 1966 θελήματί
2908 1909 3025 1949 σου
3057 1889 3377 1959 παράσχου
3411 1884 3493 1951 τῷ
3522 1883 3652 1939 κάλ·

2084 1996 2177 2048 lat
2193 2010 2314 2063 μου
2339 1991 2617 2060 δύναμιν,
2664 1988 3056 2055 ἀπέστρεψας
3107 1984 3176 2039 δὲ
3228 1982 3295 2036 τὸ
3342 1978 3652 2049 πρόσωπόν

2086 2098 2228 2153 σου,
2259 2084 2356 2140 καί
2378 2082 2676 2152 ἐγενήθην
2703 2078 3161 2150 τεταραγμένος.
3193 2074 3332 2145 Περὶ
3352 2072 3465 2126 τῶν
3488 2068 3650 2125 αὐτῶν

2087 2176 2413 2231 καὶταῦτα·
2444 2176 2578 2245 φησί
2612 2174 2740 2245 γὰρ,
2769 2175 2852 2227 ὅτι
2891 2172 3108 2240 Ἦνπερ
3149 2164 3263 2238 εἶχε
3310 2163 3548 2232 δυνάμιν
3602 2160 3652 2216 τὸ

2086 2268 2286 2333 κάλλος
2320 2285 2421 2340 μου
2445 2267 2735 2339 πρότερον,
2784 2266 2905 2336 ἦτοι
2933 2266 2967 2334 ἡ
3000 2260 3330 2331 λαμπρότης
3368 2256 3468 2310 καὶ
3509 2271 3649 2340 περι-

2087 2360 2286 2428 φάνεια
2313 2337 2413 2429 τῆς
2455 2337 2734 2431 βασιλείας
2789 2371 2916 2426 μου,
2960 2349 3054 2407 σοῦ
3111 2348 3444 2420 θελήσαντος
3503 2337 3648 2413 εἶχον,

2085 2452 2181 2506 καὶ
2220 2452 2319 2505 οὐκ
2338 2450 2398 2517 ἐξ
2428 2450 2567 2521 ἐμῆς
2592 2447 2815 2519 ἀρετῆς.
2853 2439 3241 2511 Ἀπέστρεψας
3278 2436 3393 2506 γὰρ
3419 2435 3520 2505 τὴν
3550 2434 3649 2486 ἑπι-

2089 2544 2301 2614 σκοπήν
2324 2560 2417 2596 σου
2452 2541 2542 2596 διὰ
2570 2540 2668 2611 τὴν
2694 2540 2835 2609 ἐμὴν
2863 2537 3065 2606 οίησιν,
3092 2533 3185 2586 καὶ
3214 2530 3378 2593 εὐθὺς
3401 2526 3649 2597 ἐγενόμην

2086 2635 2145 2690 ὲν
2169 2634 2385 2709 θορύϐῳ
2408 2634 2503 2690 καὶ
2525 2632 2804 2705 συμφορᾷ.

2157 2823 2313 2893 Πρὸς
2339 2821 2437 2883 σὲ,
2468 2819 2663 2886 Κύριε,
2682 2810 3064 2880 κεκράξομαι.
3091 2804 3418 2863 ’Δπολαῦσω
3443 2803 3649 2874 ταχείας

2085 2917 2406 2987 ἐπικουρίας
2436 2932 2451 2946 ·
2486 2913 2623 2981 πρὸς
2665 2909 2723 2965 σὲ
2742 2908 2821 2969 είς
2842 2905 2904 2961 τὸ
2930 2903 3059 2973 ἑξῆς
3082 2898 3447 2972 κεκράξομαι.
3478 2898 3647 2967 nepa.

2084 3010 2352 3081 τηρητέον
2380 3008 2460 3069 δὲ.
2501 3006 2584 3060 ὅτι
2615 3003 2677 3057 τὸ
2704 2999 2951 3077 κράζειν,
2977 2996 3076 3050 καὶ
3121 2993 3386 3065 τδξβοᾷν,
3427 2991 3519 3044 ἐπὶ
3552 2989 3645 3042 τῶν

2086 3104 2152 3156 ἐκ
2177 3101 2408 3171 καρδίας
2437 3096 2711 3165 δεομένων
2735 3093 2950 3162 τίθησιν
2978 3091 3013 3158 ἠ
3039 3086 3259 3157 Γραφή.

481 3188 552 3242 Et
579 3187 647 3242 ad
672 3187 837 3242 Deum
861 3202 1032 3240 meum
1083 3185 1420 3255 deprecabor.
1469 3185 1725 3241 Eamdem
1791 3185 1980 3255 repetit

2162 3194 2272 3248 Kal
2306 3191 2457 3259 πρὸς
2499 3189 2607 3244 τὸν
2640 3187 2789 3241 Geor
2833 3201 2954 3253 μου
2992 3179 3387 3249 δεηθήσομαι.
3428 3174 3503 3229 Τδ
3531 3171 3643 3227 αὐτὸ

410 3281 762 3339 sententiam.
791 3278 906 3336 Vel.
938 3278 1082 3348 quod
1116 3294 1280 3347 supra
1311 3278 1408 3343 ait,
1435 3278 1515 3332 Ad
1550 3287 1619 3339 te.
1648 3277 1890 3342 Domine,
1915 3278 1982 3331 ad

409 3371 624 3426 Patrem
646 3372 851 3428 dictum
868 3379 985 3425 est:
1007 3369 1221 3440 etquod
1250 3384 1393 3423 nunc
1410 3369 1486 3423 ait
1508 3368 1577 3423 ad
1602 3368 1761 3423 Deum
1786 3385 1981 3431 meum,

407 3466 475 3521 ad
509 3463 706 3521 Filium
736 3462 987 3536 pertinet.
1016 3464 1173 3518 Illum
1204 3472 1381 3518 autem
1415 3464 1557 3519 diem
1608 3463 1984 3533 pra‘nuntiare

406 3555 543 3613 mihi
569 3555 784 3610 videtur
812 3554 1008 3610 beatus
1044 3554 1239 3616 David.
1276 3570 1382 3626 quo
1414 3553 1650 3615 Absalon
1685 3553 1830 3610 ﬁlius
1855 3569 1981 3608 eum

405 3658 729 3721 persecutus
759 3655 863 3714 est,
903 3646 960 3701 in
997 3661 1105 3718 qua
1141 3647 1521 3726 persecutione
1557 3645 1725 3701 Deum
1761 3646 1985 3701 invoca-

405 3745 486 3800 vit
518 3762 533 3799 :
557 3743 641 3797 vel
692 3743 833 3795 diem
858 3741 1035 3809 illum,
1055 3756 1165 3815 quo
1199 3739 1462 3796 Ezechias
1485 3740 1661 3799 factus
1684 3748 1767 3794 est
1789 3740 1987 3794 certior

408 3849 509 3905 per
534 3832 866 3901 Prophetam
890 3871 907 3895 ,
938 3829 1082 3900 quod
1111 3830 1361 3901 sequenti
1394 3829 1484 3885 die
1537 3830 1587 3885 ei
1640 3830 1982 3885 moriendum

406 3930 546 3985 erat,
571 3935 681 3989 quo
712 3918 926 3985 audito,
955 3919 1139 3973 statim
1165 3917 1275 3973 Deo
1303 3932 1402 3987 pro
1426 3916 1534 3973 vita
1570 3931 1671 3971 sua
1705 3917 1985 3987 supplica-

406 4015 509 4073 vit.
546 4013 829 4075 Clamabo,
865 4011 1063 4084 inquit,
1101 4020 1155 4066 et
1197 4010 1461 4083 precabor
1496 4008 1575 4064 sic
1611 4009 1837 4062 dicens:

475 4102 648 4159 Vens.
671 4101 756 4157 lO.
791 4102 920 4170 Qua:
946 4102 1153 4157 utilitas
1185 4102 1239 4155 in
1280 4100 1543 4173 sanguine
1569 4115 1683 4154 meo
1731 4100 1855 4152 dum
1891 4099 1986 4153 de~

405 4197 599 4253 scendo
633 4196 684 4250 in
714 4195 1141 4265 corruptionem?
1178 4193 1278 4253 Per
1309 4192 1628 4267 sanguinem
1654 4235 1668 4256 ,
1708 4192 1982 4263 propriam

406 4305 629 4345 carnem
660 4287 938 4359 intelligit,
969 4302 1091 4359 quae
1116 4285 1384 4355 sanguine
1405 4290 1659 4343 concreta
1687 4293 1788 4340 est.
1819 4283 1981 4350 Quaa-

406 4397 559 4450 ηοω,
592 4382 793 4453 inquit,
824 4389 909 4438 est
944 4379 1155 4439 utilitas
1185 4378 1236 4433 in
1269 4394 1435 4439 carne
1485 4393 1604 4433 mea
1635 4419 1650 4446 ,
1701 4377 1775 4432 ita
1826 4387 1982 4433 aucta

2092 3286 2393 3345 κάνταῦθα.
2425 3285 2495 3337 Ἢ
2520 3282 2672 3351 πρὸς
2702 3279 2762 3333 σὲ
2788 3278 2909 3348 μὲν,
2940 3276 3027 3330 διὰ
3075 3274 3168 3327 τὸν
3201 3270 3425 3340 Πατέρα
3464 3284 3478 3298 ·
3509 3265 3642 3333 πρὸς

2089 3382 2198 3437 τὸν
2222 3379 2372 3434 Θεόν
2402 3394 2522 3448 μου
2548 3374 2629 3438 δὲ,
2660 3372 2750 3427 διὰ
2780 3371 2872 3425 τὸν
2900 3368 3059 3423 Υίόν.
3088 3368 3270 3419 Ἐοικε
3298 3361 3356 3416 δὲ
3392 3375 3644 3432 προσαγο-

2091 3470 2271 3543 ρεύειν
2298 3468 2396 3539 τὴν
2414 3465 2631 3539 ἡμέραν
2651 3462 2773 3521 καθ’
2801 3462 2868 3535 ἢν
2887 3459 3051 3523 αὒτδς
3076 3459 3105 3512 ὁ
3139 3456 3261 3510 Ἀὗε
3271 3453 3461 3524 σαλὼμ
3480 3451 3645 3506 ἐδίωκε

2088 3564 2181 3618 τὸν
2215 3561 2377 3616 Δαὸἱδ
2402 3578 2414 3592 ·
2457 3557 2785 3628 διωκόμενος
2825 3555 2933 3626 γὰρ
2960 3546 3134 3617 οὗτος,
3173 3548 3542 3605 ἐπεκαλέσατο
3566 3544 3644 3597 τὸν

2088 3653 2252 3709 Δαὸίδ
2276 3668 2291 3681 °
2319 3654 2353 3726 ἢ
2381 3650 2504 3706 καθ’
2536 3651 2603 3722 ἦν
2653 3646 2903 3712 Ἐζεκίας
2948 3641 3390 3716 πληροφορηθεὶς
3438 3638 3522 3692 διὰ
3563 3634 3642 3688 τοῦ

2090 3745 2375 3816 προφήτου
2428 3742 2512 3797 ὅτι
2554 3738 2744 3811 αὔριον
2795 3736 3175 3801 ἀποθανεῖται,
3247 3726 3523 3786 ἱκέτευσεν
3563 3727 3643 3778 τὸν

2088 3839 2295 3911 Κύριον
2323 3836 2452 3906 περὶ
2481 3833 2583 3905 τῆς
2626 3830 2823 3889 ἑαυτοῦ
2877 3829 3047 3900 ζωῆς.
3071 3824 3453 3900 Κεκράξομαι,
3504 3819 3641 3890 φησὶ,

2090 3932 2186 3987 καὶ
2218 3930 2581 4002 δεηθήσομαι,
2610 3926 2790 3995 λέγων
2831 3923 3026 3985 οὕτως’

2056 4174 2059 4179 _
2165 4115 2262 4181 Τίς
2293 4071 2549 4187 ὠφέλεια
2571 4110 2641 4166 ἐν
2676 4109 2757 4176 τῷ
2785 4107 2991 4178 αἵματί
3016 4122 3159 4176 μου,
3183 4104 3256 4159 ἐν
3280 4098 3361 4171 τῷ
3388 4096 3641 4155 καταϐαῖ-

2089 4225 2218 4265 retr
2239 4224 2315 4279 με
2351 4208 2439 4273 εις
2468 4200 2840 4276 διαφθοράν;
2893 4194 3045 4269 Αἷμα
3082 4197 3229 4265 λέγει
3269 4194 3369 4267 τὴν
3433 4192 3598 4262 σάρκα
3623 4202 3639 4219 ο

2089 4303 2123 4373 ὴ
2184 4300 2322 4373 σὰρξ
2379 4298 2508 4369 γὰρ.
2570 4290 2713 4366 αἷμα
2770 4292 3021 4364 πεπηγός
3080 4292 3221 4345 ἐστι.
3280 4286 3440 4352 Ποία,
3472 4281 3637 4354 φησὶν,

2088 4394 2327 4464 ὠφέλεια
2356 4390 2606 4471 τῇ⁶σαρκί
2634 4405 2760 4459 μου,
2790 4386 2963 4450 οὕτως
2992 4381 3314 4455 αὐξηθείσῃ.
3346 4376 3469 4471 ἔπει
3490 4389 3638 4430 κατα-

402 4483 567 4547 atque
593 4483 811 4542 ornata,
835 4475 882 4533 si
913 4474 980 4530 ad
1004 4472 1454 4545 pulrel‘actionem
1479 4472 1812 4527 deventurus
1834 4471 1980 4527 sum?

2094 4484 2255 4555 θῆναι
2287 4468 2468 4551 μέλλω
2494 4480 2577 4543 εἰς
2606 4478 2789 4551 σῆψιν.
2822 4478 3084 4547 Ἄμεινον
3134 4472 3245 4541 γὰρ
3290 4469 3425 4542 μηδὲ
3464 4481 3637 4537 γεννη-

404 4569 585 4624 satius
618 4576 763 4623 esset
797 4580 1080 4637 nunquam
1110 4572 1297 4619 natum
1320 4562 1513 4620 fuisse.
1547 4561 1808 4618 Naturam
1832 4562 1976 4619 enim

2094 4554 2251 4647 θῆναι
2283 4590 2376 4643 με.
2408 4570 2665 4635 Φαυλίζει
2694 4568 2751 4623 δὲ
2782 4568 2884 4638 τὴν
2915 4567 3102 4636 φύσιν,
3128 4563 3205 4627 ὡς
3239 4561 3530 4633 ἐπίκηρον,
3557 4556 3637 4609 καὶ

404 4661 702 4716 humanam
735 4658 1020 4729 vilipendit
1045 4656 1315 4728 Propheta
1361 4658 1466 4712 hoe
1516 4657 1570 4711 in
1622 4657 1743 4711 loco
1769 4697 1785 4720 .
1819 4653 1979 4725 quasi

2094 4666 2469 4738 δλιγοχρόνιον.
2521 4664 2861 4731 Ἀνθρωπος
2900 4658 3034 4730 γὰρ,
3096 4656 3255 4727 φησὶ,
3313 4650 3634 4723 ματαιότητι

402 4752 692 4808 mortalem
740 4762 799 4835 et
848 4749 1000 4807 brevi
1070 4750 1518 4820 exminguendam
1573 4767 1587 4803 :
1651 4748 1795 4804 unde
1852 4747 1980 4802 alibi

402 4846 568 4903 etiam
594 4848 670 4902 ait
703 4864 719 4902 :
765 4846 934 4901 Homo
958 4844 1183 4899 vanitati
1213 4842 1405 4897 similis
1438 4843 1613 4912 [actus
1634 4852 1731 4896 est.

475 4938 736 5011 Nunquid
755 4938 1097 5009 conﬁtebitur
1130 4937 1227 4991 tibi
1268 4937 1465 5005 pluvis,
1502 4943 1597 4990 aut
1638 4939 1983 4994 annuntiabit

402 5032 679 5087 veritatem
739 5031 928 5084 tuam?
979 5027 1154 5085 Verba
1204 5029 1409 5085 similia
1464 5029 1577 5084 illis
1631 5038 1761 5085 sunt
1803 5047 1817 5084 :
1856 5029 1980 5087 Non

404 5123 606 5178 mortui
671 5120 967 5175 laudabunt
1021 5131 1090 5182 te.
1142 5119 1390 5183 Domine,
1444 5135 1605 5188 neque
1665 5138 1843 5175 omnes
1892 5124 1984 5192 qui

402 5212 723 5269 descendunt
755 5211 813 5265 in
847 5210 1145 5280 infernum;
1167 5210 1258 5265 sed
1287 5227 1379 5264 nos
1407 5212 1498 5281 qui
1521 5210 1741 5267 vivimus
1764 5212 1981 5268 benedi-

402 5320 578 5360 cemns
614 5301 841 5357 Domino
875 5301 942 5358 ³⁸.
974 5302 1175 5358 Fidens
1200 5299 1346 5355 enim
1391 5301 1444 5354 in
1472 5315 1684 5357 summa
1736 5303 1831 5359 Dei
1886 5323 1979 5375 pa-

403 5392 597 5447 tientia
656 5407 721 5446 ac
771 5391 1186 5464 longanimitate
1227 5405 1450 5446 causam
1505 5407 1658 5446 suam
1713 5384 1981 5463 justiﬁeat

403 5483 596 5539 dicens
632 5500 645 5536 :
684 5482 941 5554 Nunquid
976 5482 1151 5551 pulvis
1200 5481 1314 5547 ille,
1350 5482 1404 5537 in
1430 5500 1593 5553 quem
1641 5500 1742 5557 ego
1797 5492 1976 5544 resol-

478 5664 524 5697 ³³
552 5663 697 5721 Psal.
738 5681 928 5727 CXLIII,
965 5665 1019 5719 4.
1078 5666 1121 5698 ³⁸
1147 5664 1294 5722 l’sal.
1336 5681 1493 5735 cxut,
1526 5668 1612 5723 l7.

2086 4760 2376 4828 ὡμοιώθη.

2158 4944 2256 5014 Μὴ
2325 4939 2837 5014 ἐξομολογήσεται
2879 4952 2979 4992 σοι
3036 4934 3204 5007 χοῦς,
3254 4933 3294 5002 ἢ
3350 4924 3635 5000 ἀναγγελεῖ

2094 5037 2209 5106 τήν
2235 5034 2525 5103 ἀλήθειάν
2543 5049 2699 5097 σου;
2723 5033 2927 5102 Ὅμοια
2953 5028 3127 5084 ταῦτα
3145 5027 3223 5099 τῷ
3246 5043 3261 5059 ο
3292 5025 3438 5094 Οὐχί
3464 5018 3636 5089 νεκροί

2093 5126 2412 5182 αὶνέσουσί
2439 5140 2533 5191 σε,
2565 5126 2763 5193 Κύριε,
2814 5121 2960 5178 οὐδὲ
3004 5120 3230 5185 πάντες
3287 5120 3345 5173 οι
3388 5110 3636 5171 καταϐαί-

2090 5235 2301 5286 νοντες
2324 5219 2412 5284 εἰς
2437 5216 2610 5285 ᾅδην·
2631 5214 2768 5270 ἀλλ’
2794 5213 2985 5283 ἡμεῖς,
3014 5215 3067 5267 οἱ
3123 5209 3357 5275 ζῶντες,
3416 5200 3635 5271 celerri-

2089 5329 2279 5382 σομεν
2306 5311 2412 5365 τὸν
2443 5311 2682 5378 Κύριον.
2717 5307 2948 5379 Θαρῤὦν
2974 5304 3084 5376 γὰρ
3117 5306 3183 5377 τῇ
3208 5298 3519 5371 ἀνεξικακίᾳ
3555 5290 3633 5347 τοῦ

2087 5405 2247 5469 Θεοῦ,
2280 5404 2723 5473 δικαιολογεῖται,
2747 5401 2925 5471 λέγων
2952 5417 2967 5430 ·
3009 5397 3158 5469 ’Λρα
3206 5394 3574 5468 εὐχαριστήσει
3610 5389 3633 5439 ὁ

2088 5496 2238 5567 χηῢς.
2263 5499 2341 5560 εἰς
2368 5496 2426 5551 ὃν
2453 5495 2784 5568 ἀναλυθῆναι
2838 5493 3168 5560 num-evetita;
3212 5490 3245 5561 ἢ
3278 5486 3477 5554 διδάξει
3528 5480 3634 5540 τοὺς

1734 5763 1935 5825 Variae
1973 5762 2302 5826 lectiones.

476 5858 587 5924 (99)
613 5863 699 5916 ῖσ.
735 5863 990 5931 ἀπειλῆς.
