3916 6538
132 423 231 486 345

1265 421 1660 485 COMMENT.
1702 422 1789 484 IN
1825 423 2187 487 PSALMOS.

3260 386 3404 485 346..

130 529 471 602 ἀγνοοῦντας,
503 528 582 583 ὅτι
610 528 677 584 σὺ
697 528 916 600 ἀληθῶς
943 514 1097 595 Θεδς,
1140 529 1174 602 ἢ
1200 530 1282 585 ὃτι
1331 531 1537 604 ἀληθής
1554 549 1569 598 ς
1623 532 1698 585 Τὸ

1821 536 2017 592 rendus
2037 553 2186 603 sum,
2216 513 2427 609 gratias
2448 537 2748 610 aliquando
2776 537 2881 607 tibi
2910 530 3082 608 aget?
3109 529 3370 602 Nunquid

132 623 245 692 μὲν,
275 622 351 692 (l)
386 622 500 676 τῶν
522 620 702 677 ἄλλων
727 621 864 676 θεῶν
893 620 1106 691 ψευδῶν
1133 622 1304 679 ὄντων
1332 641 1344 655 ·
1404 625 1466 685 τὸ
1507 625 1586 690 δὲ,
1617 624 1691 689 ὡς

132 714 459 785 πληροῦντός
495 731 588 767 σου
615 714 684 769 τὰ
725 715 1136 787 ἐπηγγελμένα.
1189 717 1410 771 Βέλτιον
1462 715 1557 771 οὖν
1607 717 1691 771 ἔτι

133 806 222 876 ζῇν
250 822 344 875 με,
379 807 430 863 ει
453 805 547 860 καὶ
577 805 655 878 μὴ
671 806 742 861 δι’
765 807 890 877 ἐμὲ,
924 806 1040 861 ἀλλ’
1066 808 1157 862 ἴνα
1183 808 1451 878 δοξολογῶ
1498 826 1561 864 σε
1597 810 1691 864 καὶ

132 895 294 968 ύμνῶ,
326 896 423 951 καὶ
452 898 707 968 κηρύττω
737 899 837 971 τὴν
858 899 1119 971 ἀλήθειάν
1151 919 1269 957 σου.

1796 628 1981 684 etiam‘
2007 628 2121 694 ille,
2149 630 2469 702 ignorantes
2504 621 2921 707 docebit.un
2946 643 3075 684 vere
3110 642 3179 682 ac
3206 639 3375 680 verax

1800 718 1947 775 Dcus
1979 722 2078 777 es?
2109 738 2235 779 vere
2270 723 2497 794 quidem
2524 724 2683 795 quasi
2717 722 2916 793 reliqui
2937 720 3032 776 Dei
3080 718 3207 774 falsi
3241 716 3374 782 sint,

1800 812 2032 869 alterum
2094 829 2225 870 vero
2280 826 2341 870 ut
2373 816 2556 885 iussa,
2586 831 2654 873 ac
2700 814 2956 870 mandata
2984 821 3077 867 tua
3107 810 3373 882 perﬁciat.

1799 903 1995 962 Melius
2040 915 2129 963 cst
2175 908 2343 978 igitur
2366 919 2428 964 ut
2456 909 2640 965 adhuc
2671 907 2929 979 praesenti
2974 906 3084 962 vita
3124 903 3301 967 fruar,
3329 901 3375 957 si

136 995 197 1047 ob
234 991 438 1046 nullam
491 992 763 1061 privatam
831 994 938 1048 mei
995 994 1172 1061 ipsius
1220 996 1515 1062 rationem,
1546 996 1743 1053 saltem
1775 998 1847 1055 ob
1879 999 2028 1056 illam
2062 1002 2148 1057 vel
2200 1004 2459 1071 maxime,
2506 1013 2565 1060 ut
2590 1003 2894 1075 gloriﬁcent
2920 1009 2994 1066 te,
3025 1009 3082 1054 et
3138 997 3380 1055 laudem.

134 1090 285 1152 atque
310 1091 370 1136 ut
393 1083 681 1137 veritatem
710 1092 855 1138 tuam
882 1082 1201 1154 praedicem.

200 1175 461 1226 Ἤκουσε
498 1175 719 1245 Κύριος
743 1214 756 1235 .
799 1175 901 1230 καὶ
932 1175 1164 1245 ἠλέησέ
1216 1193 1316 1247 με.
1362 1177 1702 1248 Δὶσθόμενος

137 1267 225 1335 τῆς
254 1265 558 1335 μελλούσης
589 1265 864 1338 βοηθείας,
886 1268 976 1337 ζὼς
1021 1269 1122 1339 ἤδη
1172 1271 1484 1338 γεγονυίας,
1531 1270 1703 1342 αὐτὴν

138 1359 407 1429 διηγεῖται.
440 1359 721 1414 Ἤκουσεν
755 1360 855 1430 τῆς
905 1361 1049 1430 ἐμῆς
1098 1365 1383 1433 κραυγῆς,
1430 1365 1698 1428 τουτέστι,

141 1451 433 1523 προσήκατό
463 1468 568 1523 μου
610 1450 710 1523 τὴν
736 1452 921 1525 δέησιν
946 1469 960 1485 ·
990 1456 1043 1509 οἱ
1076 1453 1184 1525 γὰρ
1208 1453 1290 1526 μὴ
1321 1456 1705 1527 προσιέμενοι,

143 1544 237 1600 ιύδ“
252 1543 474 1599 ἀκούειν
497 1544 807 1616 ἀνέχονται.

198 1725 400 1792 Κύριος
424 1724 690 1795 ἐγενήθη
723 1725 954 1793 ,βοηθός
983 1727 1409 1797 μου.’Δκούσας
1443 1730 1699 1802 ἠλέησεν,

142 1817 225 1870 καὶ
250 1816 500 1887 ἐλεήσας,
524 1817 793 1889 ἐϐοήθησε
817 1836 931 1890 μοι,
960 1822 1268 1892 ῥυσάμενος
1294 1823 1358 1877 ἐκ
1404 1823 1501 1878 τοῦ
1541 1841 1701 1896 τηνι-

144 1908 297 1962 καῦτα
326 1907 587 1963 θανάτου.

205 1999 544 2069 Ἕστρεψας
571 2000 680 2055 τόν
700 2004 959 2058 κοπετόν
986 2020 1109 2073 μου
1132 2006 1220 2072 εἰς
1260 2002 1474 2073 χαράν.
1518 1992 1701 2061 lion-ec

1874 1179 2042 1238 Vsus.
2070 1183 2163 1240 ll.
2195 1184 2412 1239 Audiuit
2447 1184 2706 1240 Dominus
2732 1192 2786 1238 et
2836 1184 3089 1238 misertus
3124 1189 3205 1236 est
3251 1180 3376 1235 ntei-

1799 1271 2118 1330 Prmvidens
2144 1274 2414 1344 Propheta
2444 1276 2763 1333 adiuturum
2792 1276 2898 1333 sibi
2935 1274 3187 1333 divinum
3212 1270 3380 1328 auxi-

1802 1365 2116 1428 lium,illud
2151 1376 2342 1423 narrat
2385 1378 2447 1423 ut
2470 1369 2586 1438 jam
2629 1367 3245 1439 prmstitum:Audivit,
3292 1367 3378 1423 iu-

1801 1458 1945 1527 quit,
1990 1460 2291 1516 clamorem
2322 1475 2531 1525 meum,
2595 1461 2701 1515 hoc
2748 1468 2858 1525 est,
2902 1460 3145 1516 Admisit
3171 1458 3380 1514 oratio-

1800 1563 1924 1603 nem
1961 1563 2160 1603 meam.
2191 1549 2329 1604 Nam
2353 1550 2447 1620 qui
2478 1564 2590 1606 non
2621 1549 3014 1617 admittuntur,
3058 1549 3236 1604 audiri
3268 1562 3380 1603 non

1800 1650 2054 1713 possunt.

1872 1734 2132 1791 Dominus
2159 1736 2337 1806 factus
2365 1745 2445 1818 est
2471 1736 2690 1807 adjutor
2716 1750 2883 1790 meus.
2912 1734 3155 1790 Audiam
3184 1731 3383 1790 miser-

1803 1835 1895 1884 tus
1922 1837 2030 1892 est,
2056 1837 2110 1885 et
2138 1829 2351 1901 adjuvit
2378 1845 2486 1896 me,
2526 1830 2768 1901 eripiens
2796 1844 2826 1884 a
2852 1836 3052 1892 morte,
3095 1838 3217 1898 quae
3251 1835 3382 1881 tunc

1804 1920 2178 1990 impendebat.

1877 2013 2046 2068 Vens.
2087 2015 2174 2069 12.
2218 2015 2534 2071 ϐοηοενιὶειὶ
2559 2015 2829 2086 planctum
2850 2029 3025 2069 meum
3044 2012 3102 2066 in
3125 2009 3383 2082 gaudium

144 2090 220 2155 τός
241 2091 350 2144 ὲστι
379 2092 440 2145 τὸ
472 2093 698 2166 θρηνεῖν
723 2096 818 2150 καὶ
862 2095 923 2150 τὸ
968 2097 1199 2152 τύπτειν
1245 2097 1308 2153 τὸ
1371 2097 1569 2169 στῆθος
1605 2098 1701 2154 καὶ

1821 2103 1957 2158 mihi.
1994 2103 2259 2176 Plangere
2282 2105 2426 2161 idem
2453 2113 2540 2161 est
2570 2105 2716 2175 quod
2744 2105 2954 2175 lugere,
2984 2117 3049 2157 ac
3080 2113 3255 2170 genas
3286 2112 3384 2167 pe-

146 2185 230 2248 τὰς
259 2186 489 2258 παρειάς
510 2202 525 2218 ’
550 2188 753 2243 κόπτω
785 2187 896 2261 γὰρ
930 2188 994 2243 τὸ
1024 2190 1247 2263 τύπτω.
1285 2188 1575 2261 Ἐνήλλαξε
1604 2190 1704 2262 τὴν

143 2277 297 2349 λύπην
328 2296 432 2349 μου
467 2280 551 2343 εἰς
575 2281 774 2352 χαράν.

1802 2205 2033 2264 ctusque
2094 2205 2405 2267 percutere.
2472 2197 2711 2252 Verbum
2763 2196 2910 2252 enim
2967 2194 3182 2264 plango,
3238 2189 3386 2245 unde

1801 2285 1987 2356 91383.
2036 2287 2180 2343 idem
2236 2288 2537 2360 signiﬁcat,
2589 2288 2735 2359 quod
2779 2287 2926 2344 caedo
2971 2302 3070 2342 seu
3123 2282 3381 2354 percutio.

146 2369 402 2439 [Eamdem
426 2373 576 2427 enim
612 2373 997 2445 etymologiam
1030 2383 1217 2431 servat
1248 2373 1441 2431 Gratca
1465 2369 1688 2443 dictio.]
1726 2370 2101 2431 Commutavit
2134 2377 2321 2448 itaque
2355 2378 2567 2432 luctum
2604 2391 2670 2432 ac
2706 2390 3000 2433 mmrorem
3068 2386 3252 2428 meum
3325 2370 3380 2425 in

146 2463 383 2522 laetitiam.

203 2559 518 2630 Διέρῤηξας
539 2560 650 2617 τὸν
677 2562 915 2619 σάκκον
932 2582 1074 2634 μου,
1104 2564 1205 2619 καὶ
1228 2560 1599 2631 πριέζωσάς
1625 2578 1703 2632 με

145 2653 531 2722 εὐφροσύνην.
575 2654 634 2709 '0
664 2656 887 2720 σάκκος,
931 2657 1220 2728 μετανοίας
1246 2652 1319 2729 ἦν
1356 2657 1454 2711 καὶ
1506 2672 1705 2709 ταπει-

150 2742 341 2808 νώσεως
364 2746 641 2815 σύμϐολον
672 2765 687 2778 ·
714 2749 764 2801 οἱ
792 2751 896 2821 γὰρ
925 2749 1141 2823 μεγάλῃ
1167 2750 1262 2803 καὶ
1289 2746 1702 2820 ἀπαρηγορήτῳ

151 2841 385 2910 συμφορᾷ
418 2842 836 2911 περιπεσόντες,
879 2844 1085 2897 σάκκον
1130 2843 1570 2916 περιεϐάλλοντο,
1607 2843 1704 2896 καὶ

150 2931 319 2984 σποδὸν
349 2932 453 3000 τῆς
490 2933 735 3004 κεφαλῆς
754 2934 1100 2990 κατέπασσον
1125 2951 1139 2967 ο
1170 2937 1259 2989 ὅτε
1308 2936 1365 2989 δὲ
1414 2935 1705 3006 ὲψυχαγω-

149 3020 337 3088 γοῦντο,
390 3021 825 3094 περιρρήξαντες
880 3024 1065 3089 αὐτὸν,
1126 3023 1467 3095 εὐφροσύνης
1514 3021 1705 3093 ἱμάτια

152 3113 606 3183 περιεζωννύοντο.
645 3115 985 3182 Διὲῤῥηξας,
1010 3115 1131 3168 ἀντὶ
1156 3115 1272 3180 τοῦ,
1310 3115 1599 3182 Ἐξέδυσας
1641 3112 1705 3166 τὸ

154 3205 323 3269 πένθος
360 3222 380 3241 ο
415 3204 780 3274 Περιέζωσας
806 3206 884 3275 δὲ,
916 3206 1217 3275 τουτέστιν,
1276 3206 1564 3278 ἡμφίασας
1617 3203 1706 3257 εύ-

153 3297 426 3369 φροσύνην·

1877 2560 2202 2618 Conscidisti
2237 2574 2451 2615 saccum
2480 2571 2674 2622 meum,
2705 2564 2756 2610 et
2780 2552 3107 2625 praeiuxistt
3141 2565 3222 2603 me
3245 2547 3386 2603 icti-

1808 2656 1908 2709 tia.
1944 2655 2175 2718 Saccus,
2203 2650 2568 2725 poenitentiae,
2603 2659 2769 2718 atque
2800 2642 3130 2701 humilitatis
3159 2643 3378 2712 signum

1807 2756 1950 2802 erat.
1993 2745 2170 2801 Sacco
2200 2741 2353 2800 enim
2381 2743 2535 2798 indui
2585 2740 2861 2806 solebant,
2893 2747 2949 2793 et
2981 2737 3169 2792 cinere
3222 2743 3389 2805 caput
3473 2762 3480 2770 ο

1807 2840 2051 2911 aspergi,
2080 2838 2130 2894 si
2159 2836 2386 2908 quando
2426 2836 2480 2891 in
2538 2834 2833 2890 maximam
2867 2841 3034 2901 atque
3075 2827 3385 2883 inconsola-

1806 2934 1976 2988 bilem
2008 2930 2377 2987 calamitatem
2408 2927 2739 2991 inciderent,
2768 2933 2824 2979 et
2862 2932 3124 2979 cessante
3164 2921 3383 2976 demum

1809 3023 2118 3081 calamitate
2142 3018 2433 3085 consolati,
2465 3033 2687 3075 saccum
2725 3014 3075 3076 scindebant.
3103 3020 3159 3068 et
3186 3011 3390 3066 laetitiae

1808 3116 2055 3171 vestibus
2108 3112 2498 3169 induebantnr.
2531 3108 2851 3166 (ἔστιεεὶάὶεεὶ
2896 3107 3081 3175 itaque
3150 3116 3385 3163 saccum,

1809 3207 1917 3264 hoc
1947 3216 2049 3272 est,
2079 3204 2254 3261 Luctu
2284 3219 2372 3260 me
2414 3201 2659 3269 emisti;
2705 3211 2754 3254 et
2783 3196 3117 3273 armcinxiati
3140 3211 3239 3259 me,
3283 3193 3390 3248 huc

1810 3310 1920 3363 est,
1952 3298 2183 3356 induisti
2213 3296 2481 3358 laetitiam.

213 3388 406 3457 Ὅπως
433 3391 510 3446 ἂν
537 3391 708 3462 ψάλῃ
743 3409 840 3449 σοι
874 3393 913 3460 ἡ
954 3393 1105 3458 δόξα
1122 3412 1263 3464 μου.
1312 3395 1431 3449 Ἵνα
1492 3394 1704 3468 ἀνυμνῇ

1884 3392 2052 3448 Vsus.
2078 3390 2167 3447 15.
2206 3387 2277 3443 Ut
2308 3394 2483 3442 cantet
2504 3385 2602 3440 tibi
2626 3384 2803 3456 gloria
2831 3398 2966 3438 mea.
3003 3380 3074 3437 Ut
3101 3380 3211 3435 vita
3242 3393 3384 3434 mea.

158 3497 210 3533 σε
242 3482 274 3547 ἡ
318 3482 684 3553 δεδοξασμένῃ
726 3484 839 3557 ζωή
889 3503 992 3556 μου
1020 3505 1034 3517 ⁸
1085 3485 1449 3559 δεδοξασμένη
1485 3486 1563 3552 δὲ,
1618 3486 1708 3555 διὰ

157 3572 421 3653 τὴνίπαρὰ
450 3579 543 3629 σοῦ
578 3577 849 3647 βοήθειαν.
884 3580 955 3631 Ἣ
988 3580 1083 3634 καὶ
1123 3579 1319 3643 ἄλλως,
1352 3579 1509 3644 δόξαν
1552 3580 1708 3647 λέγει

157 3666 236 3719 τὸν
273 3667 415 3735 νοῦν,
450 3663 495 3739 ᾧ
522 3670 865 3742 τετιμήμεθα
895 3670 984 3726 διὰ
1025 3670 1086 3725 τδ
1152 3672 1273 3726 κατ’
1331 3672 1519 3727 εἰκόνα
1568 3668 1708 3726 εἶναι

156 3759 295 3812 Θεοῦ.

196 3777 295 3817 εου.

214 3945 315 4000 Kal
339 3947 412 4000 οὐ
443 3947 533 4016 μὴ
559 3948 890 4017 κατανυγῶ.
916 3949 1062 4003 Ἀντὶ
1100 3949 1217 4015 τοῦ,
1268 3951 1350 4005 Οὐ
1394 3950 1481 4020 μὴ
1532 3967 1712 4007 κατα-

156 4036 319 4107 νυτῶ,
352 4041 435 4094 οὐ
454 4040 542 4108 μὴ
562 4040 801 4110 σιγήσω
822 4042 1173 4112 ἡρμήνευσεν
1201 4043 1229 4097 ό
1259 4042 1558 4113 Σύμμαχος
1579 4059 1594 4075 ο
1643 4046 1709 4098 ἐκ

157 4129 239 4183 τοῦ
265 4133 678 4203 προηγουμένου
706 4127 802 4186 οὗν
827 4132 887 4186 τὸ
914 4132 1184 4200 ἑπόμενον
1227 4132 1472 4205 ἐδηλώθη
1507 4151 1522 4166 ’
1573 4134 1709 4189 ἒπε-

158 4241 233 4279 ται
260 4228 362 4296 γὰρ
406 4230 474 4299 τῇ
506 4226 803 4291 κατανύξει
827 4227 977 4298 σιγή.
1008 4228 1101 4295 Ἦ,
1132 4229 1216 4282 Οὐ
1241 4248 1244 4252 λ
1261 4227 1349 4297 μὴ
1374 4229 1707 4300 κατανυγεῶ,

159 4313 392 4379 duriset“),
427 4318 501 4371 Ού
548 4317 624 4388 μὴ
661 4318 967 4390 ἁμαρτήσω
1001 4318 1102 4385 ἔτι,
1148 4320 1223 4383 ὡς
1280 4320 1570 4390 δηλοῦσθαι
1619 4321 1712 4376 διὰ

157 4404 239 4458 τοῦ
270 4408 533 4479 ἑπομένου
569 4409 631 4463 τὺ
675 4411 1092 4484 προηγούμενον
1118 4428 1135 4444 ο
1193 4412 1386 4466 ἕπεται
1435 4414 1543 4483 γὰρ
1598 4416 1712 4478 τοῖς

160 4496 514 4568 ἁμαρτάνουσι
544 4502 862 4568 κατάνυξις.

214 4592 382 4658 Κύριε
400 4596 434 4646 ό
466 4594 610 4661 Θεός
630 4612 772 4663 μου,
799 4597 886 4661 εις
911 4595 1020 4650 τὸν
1048 4596 1235 4652 αἰῶνα
1265 4597 1713 4669 ἐξομολογήσο·

156 4683 251 4748 μοι
278 4698 394 4742 σοι.
431 4685 545 4740 ’Δεὶ
584 4688 988 4760 εὐχαριστήαω,
1017 4690 1094 4753 ὡς
1127 4690 1389 4762 τοιαύτης
1434 4707 1504 4761 με
1530 4707 1709 4762 σωτη-

164 4773 267 4841 ρίας
299 4776 617 4844 ἀξιώσαντι.
647 4779 755 4833 Καὶ
787 4780 966 4845 ἄλλως
990 4782 1099 4853 γάρ
1136 4799 1151 4814 °
1183 4785 1261 4837 Δι’
1291 4784 1414 4837 ὅλου
1443 4782 1539 4837 τοῦ
1565 4799 1709 4853 παρ-

162 4864 293 4931 όντος
335 4870 531 4934 αἰῶνος
580 4871 970 4944 εὐχαριστήσει
1030 4875 1200 4947 αύτῷ,
1237 4880 1355 4941 τοῖς
1417 4879 1709 4951 ἡμετέροις

165 4957 373 5027 στόμασι
396 4959 704 5031 χρώμενος,
731 4964 921 5028 ὁσάκις
942 4965 1145 5037 ᾄδομεν
1174 4968 1266 5021 τὸν
1293 4966 1530 5039 ψαλμόν.

222 5236 314 5303 Εις
342 5238 604 5323 τὸτέλος
647 5241 896 5309 Ψώμὺς
953 5239 1033 5307 τῷ
1064 5240 1244 5296 Δαόὶδ
1278 5241 1643 5311 ἐκστάσεως.

721 5333 1015 5389 ΨΑΛΜΟΣ
1056 5335 1139 5388 Δ’.
1230 5382 1231 5385 η
1683 5351 1687 5355 ν

229 5423 327 5490 Εις
347 5423 408 5479 τὸ
434 5424 611 5491 τέλος
644 5426 763 5496 μιν,
797 5426 873 5488 ὡς
920 5425 1194 5496 περιέχων
1248 5428 1590 5499 προφητείαν
1635 5430 1716 5493 εις

168 5508 226 5564 εδ
280 5514 420 5581 τέλος
479 5516 742 5588 opinanti;
786 5516 1166 5584 Ἐκστάσεως
1228 5517 1285 5573 δὲ
1348 5516 1585 5588 ψαλμὸς,
1639 5514 1716 5581 ὡς

174 5606 505 5683 μνημονεύων
525 5607 625 5678 τῆς
662 5608 1022 5680 παρατροπῆς
1087 5608 1156 5677 ἣν
1198 5607 1552 5677 παρετράπη,
1597 5621 1715 5673 μοι·

1798 4415 1956 4471 ῖεεὺο
2009 4427 2026 4467 :

1811 3486 2040 3559 gloriam
2079 3489 2330 3549 assecuta
2362 3480 2547 3536 laudet
2571 3487 2663 3543 te;
2696 3484 2948 3532 assecuta
2980 3475 3106 3529 dico
3134 3472 3386 3541 gloriam,

1810 3580 1880 3634 ob
1906 3576 2171 3632 auxilium
2203 3590 2231 3628 a
2268 3581 2321 3627 te
2352 3572 2484 3626 mihi
2536 3569 2865 3641 prmstitum.
2901 3565 2999 3622 Vel
3047 3565 3208 3639 aliter
3237 3581 3252 3618 :
3286 3560 3391 3615 Per

1812 3670 2063 3744 gloriam,
2121 3675 2380 3731 mentem,
2438 3680 2535 3720 seu
2566 3662 2904 3717 intellectum
2946 3657 3227 3727 intelligit,
3278 3669 3391 3725 quo

1812 3762 2051 3818 maxime
2102 3759 2465 3823 honoramur,
2516 3772 2641 3812 cum
2673 3754 2745 3810 ob
2779 3752 2932 3807 illum
2970 3749 3040 3807 ad
3091 3748 3390 3819 imaginem

1813 3857 1906 3913 Dei
1938 3854 2064 3911 facti
2099 3869 2219 3910 esse
2258 3852 2531 3907 dicamur.
3158 3914 3162 3919 θ

1884 3952 1952 4006 Ει
1973 3967 2075 4003 ηοη
2098 3962 2439 4017 compungar.
2468 3944 2597 4007 Pro,
2623 3942 2745 3997 Non
2767 3955 3113 4012 compungar,
3137 3936 3391 4010 Symma-

1811 4045 1949 4100 chus
1984 4043 2376 4111 interpretatus
2407 4047 2513 4103 est,
2543 4036 2612 4090 Et
2640 4052 2741 4090 non
2772 4044 3001 4090 taceam.
3040 4031 3116 4105 Ex
3140 4047 3205 4087 eo
3236 4028 3384 4085 enim

1812 4137 1956 4210 quod
1990 4136 2270 4208 prmccdit,
2298 4131 2676 4205 signiﬁcatum
2711 4137 2796 4186 est
2827 4129 2974 4200 quod
3009 4123 3391 4193 consequitur.

1811 4229 2312 4300 Compunctionem
2351 4225 2497 4279 enim
2533 4223 2887 4281 taciturnitas
2935 4219 3250 4276 comitatur.
3291 4212 3389 4268 Vel

1812 4321 1972 4375 aliter
1998 4338 2013 4374 :
2046 4317 2170 4372 Non
2199 4331 2541 4385 compungar,
2576 4314 2679 4368 hoc
2708 4325 2812 4377 est,
2844 4309 2963 4365 Non
2995 4306 3233 4378 amplius
3256 4317 3388 4374 pec-

2086 4422 2149 4466 ut
2200 4420 2269 4465 ex
2326 4400 2691 4478 consequenti
2740 4402 3073 4474 praecedens
3120 4394 3396 4469 signitice—

1812 4512 1924 4560 tur.
1964 4501 2098 4556 Nam
2132 4508 2258 4571 post
2288 4506 2577 4569 peccatum
2611 4497 2865 4566 sequitur
2909 4488 3287 4561 compunctio.

1884 4595 2107 4650 Domine
2151 4591 2293 4646 Deus
2348 4605 2525 4655 meus,
2558 4589 2621 4643 in
2654 4587 2909 4642 circulum
2940 4581 3230 4652 conﬁtebor
3278 4577 3396 4633 tibi.

1814 4687 2113 4756 Perpetuo,
2145 4683 2350 4754 inquit,
2408 4682 2508 4737 tibi
2547 4681 2754 4752 gratias
2788 4692 2972 4749 agam,
3027 4689 3153 4731 cum
3194 4671 3397 4741 hujus-

1818 4781 1966 4837 modi
1995 4792 2082 4834 me
2121 4776 2300 4832 salute
2320 4777 2546 4847 dignum
2574 4774 2797 4830 feceris.
2825 4770 2923 4827 Vel
2953 4770 3112 4824 aliter
3138 4783 3154 4823 :
3181 4765 3403 4821 Per-to-

1820 4882 1935 4927 tum
1964 4872 2068 4927 hoc
2095 4883 2340 4939 praesens
2361 4868 2646 4934 sarculum,
2670 4866 2879 4936 gratias
2905 4874 3122 4933 semper
3152 4859 3266 4915 Deo
3287 4858 3401 4927 agit

1821 4964 2018 5019 beatus
2074 4956 2273 5024 David,
2335 4974 2435 5031 per
2479 4973 2598 5026 ora,
2641 4972 2707 5013 ac
2750 4955 2896 5013 labia
2943 4962 3402 5025 quorumcunque

1822 5056 2085 5122 ﬁdelium,
2119 5054 2212 5126 qui
2242 5053 2395 5110 illius
2444 5052 2837 5109 celeberrimos
2891 5047 3133 5119 psalmos
3163 5043 3275 5100 Deo
3305 5056 3403 5096 ca-

1823 5158 1983 5206 nunc

2042 5241 2111 5296 In
2149 5240 2308 5309 ﬁnem
2343 5239 2582 5308 psalmus
2634 5237 2740 5300 ipsi
2768 5233 2938 5290 David
2968 5230 3222 5288 exstasia.

2315 5327 2638 5385 PSALMUS
2690 5325 2864 5382 XXX.
3155 5328 3159 5332 ’

1892 5422 1962 5477 In
1990 5422 2147 5491 ﬁnem
2178 5420 2401 5492 quidem
2439 5419 2564 5473 ideo
2622 5415 2955 5484 inscriptum
2977 5420 3083 5476 est,
3111 5407 3243 5480 quia
3271 5418 3402 5479 pro-

1822 5513 2007 5583 phetia
2042 5514 2131 5568 hic
2154 5511 2469 5567 continetur
2490 5524 2613 5579 quae
2632 5509 2701 5562 ad
2733 5506 2895 5561 tinem
2915 5504 3115 5561 tendit.
3148 5500 3399 5557 Exstasis

1824 5615 2006 5659 autem
2035 5603 2288 5659 Psalmus
2308 5602 2431 5658 ideo
2452 5599 2632 5655 dictus
2665 5605 2773 5665 est,
2814 5596 2946 5668 quia
2999 5591 3398 5652 commutatio-

1491 5791 1687 5856 Varia:
1734 5791 2063 5854 lectiones.

231 5886 301 5962 (ι)
328 5889 642 5952 Addendum
666 5890 907 5961 fortasse
936 5890 1032 5957 ὡς.
