3916 6532
129 371 218 438 357
1247 363 1634 423 COMMENT.

1798 362 1930 422 PSA
1940 361 2187 424 LMOSu

3223 360 3330 423 33.8

124 498 210 558 ψας
227 485 328 547 τοῖς
350 482 554 544 δούλοις
569 497 682 543 σου,
712 480 1009 548 γυμνάζων
1033 479 1132 549 τὴν
1151 477 1428 549 ὑπομονὴν
1450 477 1650 538 αὐτῶν,

1779 476 1938 530 livina
1973 474 2310 546 benignitas,
2343 490 2508 546 quam
2537 483 2723 532 tamen
2756 475 2821 530 ad
2853 479 3067 544 tempus
3098 473 3331 530 abscon-

124 586 168 632 ἐν
197 577 264 647 τῷ
286 573 691 630 ἀναὸἀλλεσθαι.

188 753 527 824 Ἐξειρῃτίσω
557 752 681 820 τοῖς
711 752 1067 814 ἐλπίζουσιν
1090 753 1190 805 ἐπὶ
1235 753 1331 816 σὲ,
1374 750 1656 804 ἐναντίον

123 849 376 906 τῶνυίῶν
404 851 522 901 τῶν
561 848 910 913 ἀνθρώπων.
963 846 1384 915 Ἐξεπλήρωσας
1430 843 1507 906 δὲ,
1560 844 1656 896 καὶ

124 944 313 1010 ἔκδηλον
365 939 603 1005 εἰργάσω
650 938 822 1007 αὐτὴν
871 940 982 1000 τοῖς
1025 937 1342 1001 ἐλπίζουσιν
1397 935 1492 988 ἐπὶ
1548 935 1654 998 σοὶ,

122 1038 187 1086 ὅτι
216 1032 470 1100 ἠθέλησας
534 1027 764 1081 ἐνώπιον
821 1027 1057 1090 πολλῶν,
1109 1028 1198 1080 ἵνα
1251 1026 1534 1097 μάθωσιν,
1572 1023 1654 1076 ὅτι

124 1123 476 1192 ὺπερισπξζεις
516 1121 627 1173 τῶν
669 1121 778 1174 σῶν
809 1136 822 1150 ⁸
857 1122 987 1191 περὶ
1016 1121 1071 1172 δὲ
1109 1119 1228 1172 τῶν
1265 1117 1412 1172 υἱῶν
1434 1118 1657 1186 ἀνθρώ-

123 1235 243 1280 πων,
283 1215 602 1283 προείρηται
630 1216 687 1266 ἐν
714 1213 789 1282 τῷ
820 1210 868 1279 γ’
897 1213 990 1265 τοῦ
1018 1211 1059 1263 δ’
1081 1210 1322 1280 ψαλμοῦ.

176 1393 562 1460 Κατακρύλψεις
605 1389 826 1454 αὐτοὺς
853 1390 924 1443 ἐν
956 1389 1283 1458 ἀποκρύφῳ
1321 1387 1428 1442 τοῦ
1469 1400 1660 1454 προσ-

120 1489 254 1540 ώπου
289 1502 418 1539 σου.
459 1483 573 1555 Τὴν
624 1483 875 1553 ποικίλην
917 1481 1011 1535 τοῦ
1047 1481 1182 1534 Θεοῦ
1229 1480 1482 1550 βοήθειαν
1524 1481 1655 1549 ὁμο-

123 1581 258 1646 λογεῖ,
286 1579 423 1640 ὅπως
464 1576 596 1640 τοὺς
644 1576 1016 1645 φοϐουμένους
1049 1573 1212 1626 αὑτὸν
1262 1573 1523 1636 παντοίας
1566 1573 1655 1639 ἑξ-

123 1675 306 1743 αιρῆται
336 1672 712 1742 περιστάσεως
735 1687 751 1703 ⁸
788 1669 1263 1739 ἀναζητουμένους
1289 1669 1420 1737 γὰρ,
1467 1667 1654 1738 φησιν,

124 1762 432 1832 ὑπ’ὲχθρῶν,
465 1761 872 1832 κατακρύψεις,
909 1762 965 1813 ἐν
1011 1760 1318 1830 ἀποκρύφῳ
1363 1760 1512 1830 τόπῳ
1561 1776 1654 1812 σου

123 1856 366 1922 δηλονότι·
421 1851 534 1906 Τοῦ
589 1851 917 1919 προσώπου
965 1863 1081 1904 σου
1121 1849 1252 1920 γὰρ,
1302 1850 1444 1903 κατά
1497 1849 1656 1920 περί-

126 1965 309 2018 φρασιν,
343 1947 460 1999 ἀντὶ
485 1944 610 2008 τοῦ,
647 1943 774 1998 Σοῦ.

190 2039 302 2094 Ἀπὸ
358 2037 630 2107 ταραχῆς
677 2036 1009 2105 ἀνθρώπων
1052 2036 1387 2102 σκεπάσεις
1435 2037 1660 2102 αὐτοὺς

125 2135 178 2186 ἐν
215 2131 417 2199 σκηνῇ.
481 2131 578 2182 Ἐν
617 2129 679 2182 δὲ
728 2128 908 2198 καιρῷ
950 2132 1197 2200 ταραχῆς
1258 2128 1660 2191 στασιαζόντων

129 2225 380 2286 σκεπάσεις
420 2222 645 2287 αὐτοὺς,
697 2224 756 2275 ὲν
806 2224 978 2292 σκηνῇ
1038 2222 1138 2291 τῆς
1186 2222 1397 2290 σκέπης
1451 2237 1570 2283 σου,
1625 2220 1658 2291 ἢ

127 2317 249 2387 δίκην
276 2315 491 2386 σκηνῆς.

190 2412 306 2465 Ἀπὸ
349 2412 703 2481 ἀντιλογιας
753 2407 1077 2478 γλωσσῶν.
1151 2411 1284 2467 ’Δπὺ
1329 2413 1513 2466 κοινοῦ
1566 2415 1664 2483 λη-

130 2501 258 2554 πτέον
281 2501 608 2566 σκεπὰσεις
626 2501 948 2570 αὐτοὺς,ὲν
973 2501 1151 2572 καιρῷ
1174 2504 1335 2558 πάλιν
1352 2505 1662 2574 ἀντιλογίας

129 2594 234 2646 λαοῦ
257 2610 272 2627 ο
308 2597 407 2648 ἀπὸ
437 2597 554 2649 τῶν
581 2597 848 2665 γλωσσῶν
893 2598 1004 2670 γὰρ
1051 2601 1180 2662 τοὺς
1223 2600 1483 2669 λέγοντας
1541 2603 1664 2672 ἐδή-

131 2685 266 2742 λωσεν
294 2703 308 2718 ⁸
335 2689 616 2759 ἀντιλογία
647 2691 726 2755 δὲ,
760 2691 794 2761 ὴ
826 2691 1090 2745 ἀπείθεια
1131 2693 1240 2747 τῶν
1269 2695 1550 2765 ὑπηκόων.

184 2962 498 3031 Εὐλογητὸς
539 2963 779 3032 Κύριος,
808 2963 896 3018 ὅτι
922 2963 1354 3032 ἐθαυμὰστωσε
1392 2964 1458 3018 τὸ
1491 2965 1665 3032 ἕλεος

132 3053 282 3109 αὐτοῦ
321 3056 593 3110 manu
630 3055 941 3124 περιοχῆς.
994 3056 1234 3128 Ιιεριοχὴ
1291 3057 1392 3126 μέν
1439 3059 1558 3111 ἐστι
1604 3057 1666 3110 τὸ

1753 567 1834 621 dit
1869 566 2044 622 servis
2095 567 2234 628 suis,
2285 573 2346 619 ut
2406 566 2624 620 illorum
2682 566 3000 636 patientiam
3053 573 3328 630 exerceat,

1755 659 1883 714 dum
1917 660 2130 713 diutius
2167 657 2350 714 dili‘ert
2385 660 2498 714 illis
2533 668 2732 728 praesto
2759 673 2902 713 esse.

1825 750 2106 820 Perfecisti
2141 751 2206 806 iis
2242 751 2572 820 qui'sperant
2601 751 2656 802 in
2688 759 2758 812 te,
2789 750 2844 802 in
2879 757 3158 818 conspectu
3188 748 3332 817 [ilio-

1755 860 1872 897 rum
1903 842 2198 898 hominum.
2225 842 2466 912 lmplesti
2502 857 2566 894 ac
2595 840 2940 895 manifestam
2975 840 3155 894 fecisti
3181 839 3330 893 boni-
3362 888 3363 891 η

1755 948 1917 992 tatem
1955 945 2128 999 tuam,
2169 937 2238 992 iis
2269 937 2362 1006 qui
2404 936 2458 988 itt
2497 944 2549 988 te
2579 941 2801 1004 sperant
2834 951 2846 986 :
2883 931 3326 1002 quandoquidem
3359 926 3361 930 4

1756 1038 1944 1082 notum
1974 1030 2058 1083 eis
2101 1028 2286 1083 facere
2329 1027 2575 1092 voluisti,
2608 1028 2750 1096 quotl
2807 1027 2901 1080 tibi
2951 1036 3138 1096 gratos
3182 1025 3331 1080 \‘iros

1757 1135 1867 1174 non
1920 1121 2155 1175 deseris.
2219 1119 2284 1172 Et
2332 1119 2476 1189 quod
2525 1119 2651 1172 ait:
2709 1114 2978 1171 Filiorum
3037 1118 3328 1181 hominum,

1756 1212 2018 1284 intellige,
2058 1222 2118 1267 ut
2137 1214 2541 1267 declaravimus
2568 1213 2622 1264 in
2652 1212 2816 1265 tertio
2842 1209 3112 1265 versiculo
3147 1210 3329 1279 quarti

1757 1306 1982 1359 Psalmi.

1829 1399 1992 1453 Vsus.
2021 1398 2112 1450 2|.
2146 1398 2446 1452 Abscondes
2482 1416 2568 1454 eos
2607 1399 2662 1452 in
2687 1399 2993 1452 abscondito
3019 1399 3176 1467 faciei
3205 1409 3330 1453 tuae.

1761 1487 1920 1544 Varia
1973 1487 2305 1542 auxiliorum
2368 1488 2461 1544 Dei
2522 1503 2725 1558 genera
2784 1499 3218 1554 commemorat,
3281 1496 3336 1542 ct

1756 1579 2034 1652 quomodo
2118 1582 2376 1636 timentes
2449 1599 2576 1636 eum
2641 1597 2671 1636 a
2751 1597 3080 1651 quocunque
3139 1581 3335 1635 liberat

1760 1675 2030 1744 periculo.
2061 1673 2192 1728 Nam
2224 1675 2268 1730 si
2303 1674 2372 1730 ab
2421 1675 2688 1739 inimicis,
2723 1673 2925 1742 inquit,
2952 1674 3333 1742 exquirautur,

1760 1772 1818 1818 tu
1868 1763 2176 1819 abscondes
2233 1778 2330 1818 eos
2385 1763 2438 1816 in
2493 1764 2823 1818 abscondito
2866 1762 3024 1818 faciei
3074 1772 3201 1829 tuae,
3234 1764 3338 1817 hoc

1761 1863 1868 1919 est,
1916 1854 1970 1908 in
2026 1855 2358 1910 abscondito
2417 1853 2538 1910 loco
2571 1863 2687 1909 tuo.
2737 1854 2835 1909 Est
2885 1854 3032 1910 enim
3085 1853 3334 1924 quaedam

1761 1947 2207 2001 circumlocutio.

1833 2039 1874 2091 Δ
1909 2039 2306 2108 perturbatione
2333 2037 2603 2092 hominum
2627 2046 2861 2108 proteges
2891 2053 2975 2091 eos
3007 2039 3062 2091 in
3092 2037 3334 2092 taberna-

1760 2130 1898 2184 culo.
1948 2129 2006 2184 In
2043 2131 2475 2200 perturbationis
2520 2145 2617 2186 seu
2669 2128 3036 2185 contentionis
3067 2137 3337 2198 tempore,

1761 2231 1818 2276 tu
1853 2235 2106 2292 protegcs
2147 2238 2265 2285 eos,
2299 2223 2499 2292 inquit,
2539 2224 2592 2275 in
2637 2222 2989 2276 tabernaculo
3037 2222 3338 2291 protectio-

1761 2315 1850 2370 nis
1878 2323 2008 2370 tuae.
2039 2313 2136 2370 Vel
2167 2323 2224 2368 tu
2256 2315 2601 2369 tabernaculi
2633 2317 2808 2370 instar
2829 2330 2926 2369 eos
2961 2323 3231 2384 proteges.

1833 2408 1877 2462 A
1934 2407 2352 2462 contradictione
2402 2407 2733 2477 linguarum.
2782 2408 2825 2460 A
2857 2407 3136 2460 communi
3169 2421 3336 2462 sensu

1763 2500 2094 2556 sumendum
2125 2507 2213 2556 est
2264 2500 2492 2555 verbum
2521 2509 2780 2570 proteges.
2814 2502 2859 2554 Δ
2893 2499 3336 2554 contradictione

1762 2603 1948 2649 autem
1985 2593 2326 2664 linguarum,
2373 2592 2478 2646 hoc
2532 2601 2642 2659 est,
2699 2607 2730 2648 a
2761 2592 3208 2647 contradictione
3239 2607 3340 2662 po-

1762 2685 1900 2756 puli.
1941 2684 2046 2740 Per
2100 2685 2342 2753 linguam
2389 2683 2536 2738 enim
2585 2683 2734 2753 ipsos
2792 2684 3102 2752 loquentes,
3161 2693 3212 2737 et
3245 2698 3342 2752 per

1765 2780 2292 2842 contradictionem,
2324 2778 2673 2832 subditorum
2709 2773 3139 2830 inobedicntiam
3173 2773 3340 2830 intel-

1764 2873 1908 2944 ligit.

1842 2962 2006 3019 Vatis.
2022 2963 2113 3019 22.
2137 2963 2450 3018 Benedictus
2470 2961 2754 3029 Dominus,
2775 2963 3021 3032 quoniam
3037 2960 3343 3028 miri/icavit

1769 3059 2190 3113 misericordiam
2246 3074 2400 3112 suam
2455 3058 2510 3112 iu
2571 3058 2781 3111 civitate
2845 3057 3174 3110 munitionis.
3238 3055 3345 3110 Per

133 3150 315 3216 τεῖχος⁰
367 3151 518 3214 πόλις
570 3149 627 3203 δὲ
683 3150 972 3221 περιοχῆς,
1031 3151 1065 3220 ή
1121 3151 1655 3221 περιτετειχισμένη.

1779 3151 2155 3216 munitionem,
2191 3165 2289 3205 seu
2338 3157 2422 3219 (ut
2483 3149 2658 3219 magis
2717 3157 2880 3203 sonat
2934 3148 3120 3202 Grzeca
3173 3147 3345 3202 dictio

133 3242 265 3310 hsiv
291 3243 394 3308 οὖν,
437 3245 521 3296 ὅτι
585 3240 903 3304 Ἐπαινετὸς
937 3241 1134 3304 όΘεδς,
1167 3241 1250 3294 ὅτι
1280 3240 1662 3312 θαυμάζεσθαι

1763 3242 2015 3314 περιοχὴ)
2068 3257 2164 3312 per
2197 3242 2489 3304 ambitum,
2522 3242 2726 3297 mtenia
2760 3242 3001 3296 civitatis
3035 3240 3290 3308 intelligit
3323 3255 3342 3306 ;

135 3333 319 3403 ἐποίησε
360 3336 414 3387 τὸ
456 3333 614 3398 ἔλεος
659 3333 827 3387 αὑτοῦ
885 3334 946 3385 ἐν
990 3333 1116 3402 ἐμοὶ
1145 3332 1223 3402 τῷ
1253 3334 1662 3404 χρηματίσαντι

1779 3336 1911 3392 inde
1939 3335 2217 3390 civitatem
2262 3334 2587 3389 munitionis
2630 3351 2724 3388 seu
2773 3334 3030 3397 ambitus,
3065 3333 3341 3388 civitatem

135 3425 256 3475 πόλει
281 3426 784 3496 περιτετειχισμένῃ
810 3442 825 3458 ο
856 3423 1012 3496 δίκην
1039 3426 1148 3494 γὰρ
1171 3426 1380 3488 πόλεως
1405 3429 1662 3498 τοιαύτης

1779 3429 2006 3501 appellat
2075 3427 2350 3483 moenibus
2394 3425 2817 3482 circumdatam.
2869 3423 3220 3487 Laudandus,
3256 3422 3346 3476 iu-

135 3516 361 3580 ἀνάλωτος
397 3520 622 3588 ἔσομαι,
654 3517 744 3570 διὰ
769 3518 868 3588 τῆς
901 3517 1068 3570 αὑτοῦ
1105 3518 1376 3590 φυλακῆς.

1779 3523 1917 3593 quit,
1947 3521 2187 3574 maxime
2223 3518 2373 3574 Deus
2419 3527 2524 3582 est,
2573 3518 2666 3587 qui
2713 3516 3150 3575 misericordiam
3187 3528 3345 3571 suam

137 3607 177 3660 in
218 3625 290 3664 me
331 3620 510 3666 notam
548 3612 826 3676 omnibus,
860 3620 1026 3682 atque
1081 3612 1463 3667 admirabilem
1509 3611 1661 3679 fecit,
1703 3617 1778 3672 ita
1817 3624 1878 3669 ut
1909 3612 2110 3668 civitas
2161 3613 2300 3666 bene
2355 3610 2565 3664 munita
2619 3607 2885 3680 appellari
2956 3606 3159 3676 possim
3194 3624 3210 3673 ;
3277 3623 3347 3664 eo

135 3704 247 3775 quod
277 3714 484 3774 propter
517 3719 796 3759 summam
839 3704 896 3758 in
949 3719 1032 3758 me
1077 3703 1171 3758 Dei
1213 3704 1547 3771 custodiam,
1586 3705 2027 3779 inexpugnabilis
2053 3719 2198 3768 sum,
2253 3704 2426 3758 instar
2477 3702 2717 3756 civitatis
2776 3699 2911 3754 bene
2964 3699 3205 3753 munitae.

197 3799 323 3868 Ἐγὼ
355 3799 420 3852 δὲ
457 3795 604 3852 εἶπα
641 3798 711 3852 ἐν
751 3795 826 3866 τῇ
856 3795 1145 3850 ἐκστάσει
1174 3812 1309 3862 μουο
1359 3797 1662 3868 Ἀπέρῤιμ-

1841 3797 2010 3854 Vsus.
2031 3797 2120 3852 25.
2147 3795 2258 3864 Ego
2287 3805 2463 3849 autem
2503 3795 2616 3847 dixi
2660 3795 2714 3844 in
2739 3793 2944 3846 exstasi
2987 3807 3100 3846 mea
3119 3807 3138 3845 :
3167 3791 3350 3861 Proje-

131 3909 211 3960 μοι
233 3893 338 3946 ἀπὸ
364 3891 694 3961 προσώπου
727 3889 848 3944 τῶν
886 3886 1218 3958 ὀφθαλμῶν
1246 3902 1386 3942 σου.
1427 3890 1662 3944 Ἐκστα-

1779 3903 1888 3946 ctus
1919 3906 2038 3945 sum
2062 3907 2095 3943 a
2120 3888 2260 3957 faeie
2309 3889 2582 3940 oculorum
2613 3896 2842 3940 tuorum.
2865 3883 2970 3938 Per
2989 3885 3268 3947 cxstasim,
3292 3892 3353 3938 ιιι

136 4000 220 4049 σιν,
239 3983 304 4046 ὡς
327 3988 671 4055 προέφημεν,
698 3983 846 4051 λέγει
880 3982 980 4052 τὴν
1013 3981 1290 4052 ἐκτροπὴν
1321 3980 1424 4050 τῆς
1450 3981 1662 4046 εὐθείας

1779 3984 2028 4055 superius
2069 3982 2334 4048 dixitnus,
2367 3979 2861 4050 transgressionem
2900 3989 3065 4048 atque
3103 3975 3352 4032 aversio-

136 4077 230 4128 ὁδοῦ
249 4079 345 4130 τῶν
382 4078 547 4132 θείων
571 4075 824 4130 ἐντολῶν·
859 4075 1012 4141 Ὅτε,
1043 4076 1232 4144 φησιν,
1267 4074 1670 4144 ἐπλημμέλησα

135 4165 212 4234 τὴν
239 4168 462 4236 μοιχείαν
518 4168 622 4221 καὶ
659 4167 752 4220 τὸν
806 4165 990 4234 φόνον,
1041 4163 1446 4236 μεταμεληθεὶς
1493 4160 1666 4229 εἷπον,

136 4256 200 4310 ὅτι
225 4259 317 4312 ’1ὀῦ
340 4260 528 4315 λοιποῦ
563 4259 924 4332 ἁπέῤῥιμμαι
957 4258 1066 4312 ἀπὸ
1087 4257 1188 4329 τῆς
1217 4259 1521 4328 ἐπισκοπῆς
1551 4274 1666 4312 σου.

1772 4093 1897 4132 nem
1927 4075 2220 4146 intelligit,
2251 4088 2281 4128 a
2317 4083 2469 4130 recta
2514 4073 2601 4127 via
2647 4071 3035 4129 mandatorum
3095 4068 3213 4123 Dei.
3253 4069 3349 4133 Eo,

1773 4168 1980 4238 inquit,
2015 4181 2286 4237 tempore,
2315 4181 2426 4236 quo
2455 4165 2662 4236 deliqui
2695 4201 2712 4228 ,
2741 4165 3076 4221 adulterium
3121 4167 3270 4222 illud’
3299 4175 3355 4222 et

1775 4263 1977 4316 caedem
2036 4259 2410 4323 committens,
2468 4273 2536 4314 ac
2593 4259 2792 4312 deinde
2844 4260 2910 4311 ad
2967 4261 3350 4327 pmnitentiam

1775 4367 2076 4410 conversus
2111 4367 2257 4418 sum,
2283 4351 2397 4406 disi
2429 4366 2515 4406 tne
2537 4351 2802 4419 deinceps
2828 4351 3136 4418 projectum
3164 4366 3288 4405 esse
3321 4365 3352 4404 a

1779 4445 2090 4516 praesentia,
2134 4451 2188 4496 ct
2217 4452 2521 4511 conspectu
2555 4443 2916 4510 protectionis
2937 4451 3063 4494 tuae.

192 4534 282 4587 Διὰ
301 4537 467 4591 τοῦτο
491 4534 869 4602 εἶσήκουσας
898 4533 1014 4602 τὴν
1037 4530 1249 4602 φωνὴν
1273 4529 1383 4599 τῆς
1412 4528 1662 4599 δεήσεώς

1853 4540 2144 4608 Propterea
2212 4537 2483 4590 exaudiui
2539 4551 2713 4590 uocem
2779 4533 3165 4604 deprecationis
3225 4547 3356 4586 mea:

135 4644 245 4692 μου,
287 4629 353 4682 ὲν
399 4628 479 4693 τῷ
526 4631 884 4699 κεκραγέναι
929 4644 1002 4696 με
1039 4627 1192 4696 πρὸς
1217 4623 1310 4679 σέ.
1346 4623 1446 4676 Διὰ
1476 4623 1534 4676 δὲ
1575 4624 1662 4692 τὴε.

1779 4631 1904 4683 dum
1928 4635 2216 4682 clamarem
2241 4629 2312 4680 ad
2348 4638 2416 4681 te.
2449 4625 2531 4682 0b
2571 4625 2953 4697 paenitentiam
2986 4634 3040 4681 et
3063 4625 3356 4680 contritio-

142 4721 470 4790 μεταμέλειαν
519 4723 614 4776 καὶ
663 4722 766 4792 τὴν
818 4718 1113 4791 συντριόήν
1165 4734 1291 4789 μου,
1347 4715 1662 4786 εἰσήκουσάς

1779 4736 1903 4777 nem
1929 4734 2104 4774 meam
2135 4718 2411 4774 exaudisti
2450 4734 2536 4774 me
2573 4718 2905 4773 clamantem
2952 4717 3018 4772 ad
3059 4726 3133 4772 te.
3172 4715 3357 4771 Conli-

143 4829 244 4876 μου.
295 4813 588 4884 βοήσαντος
638 4813 778 4885 πρὸς
830 4814 914 4870 σέ.
971 4812 1290 4882 Πὲπεισμαι
1335 4809 1444 4880 γὰρ
1496 4807 1662 4872 τοῦτο,

1779 4814 1974 4870 tlebam
2022 4812 2206 4878 enim,
2271 4813 2418 4883 quod
2473 4811 2746 4866 auxilium
2804 4810 2940 4864 mihi
3000 4824 3155 4866 esses
3214 4825 3360 4880 prae-

141 4902 215 4953 καὶ
233 4905 475 4974 παρέξεις
507 4905 783 4975 βοήθειαν.

205 4997 565 5068 Ἀταπήσατε
603 4999 712 5053 τὸν
741 4997 984 5065 Κύριον,
1021 4994 1246 5060 πάντες
1283 4995 1338 5047 oi
1383 4992 1540 5046 ὅσιοι
1569 4991 1679 5044 αὐ-

140 5084 245 5139 τοῦ.
287 5089 372 5154 Ἐξ
403 5084 478 5144 ὧν
526 5089 688 5152 αὐτὸς
737 5088 814 5158 (7)
864 5087 1110 5160 ῂσθάνθη
1157 5088 1259 5156 τῆς
1293 5084 1444 5146 θείας
1483 5083 1675 5154 ῥοπῆς.

139 5181 475 5249 προτρέπεται
503 5183 631 5246 τοὺς
665 5181 870 5245 ὁσίους.
901 5182 1022 5252 ῆτοι
1061 5180 1190 5240 τοὺς
1217 5177 1508 5248 ἐναρέτους
1534 5176 1675 5243 ἀγα-

141 5271 229 5338 πᾷν
263 5273 348 5326 τὸν
383 5275 608 5346 Κύριον,
649 5274 724 5344 μὴ
753 5273 963 5338 ἁπλῶς,
994 5271 1111 5325 ἀλλ’
1142 5270 1202 5334 ἐξ
1231 5271 1363 5340 ὅλης
1399 5268 1626 5340 καρδίας
1659 5283 1674 5298 ⁹

141 5361 272 5416 τοῦτο
301 5365 404 5437 γὰρ
426 5368 516 5420 διὰ
547 5367 662 5420 τῶν
699 5368 824 5437 ἑξῆς
859 5366 1153 5436 ἐδήλωσεν,
1185 5363 1358 5417 εἰπών
1382 5375 1397 5390 '

200 5455 317 5509 Ὀτι
359 5459 644 5527 ἀληθείας
696 5459 930 5529 ἐκζητεῖ
987 5459 1224 5528 Κύριος.
1287 5457 1400 5520 Τὰς
1456 5453 1680 5524 ἀληθεῖς

143 5543 257 5612 πρὶς
286 5549 443 5604 αὑτὸν
468 5554 708 5620 ἀγάπας.

1777 4915 2047 4961 ειιιιιιτιιε.

1850 4996 2020 5053 Vens.
2050 4997 2143 5052 24.
2178 4997 2395 5068 Diligite
2433 4996 2741 5060 Dominum,
2792 5011 2970 5049 omnes
3000 4994 3175 5049 sancti
3221 4993 3356 5062 ejus.

1783 5089 2038 5142 Divinum
2073 5088 2345 5158 propheta
2379 5087 2627 5142 sentiens
2653 5085 2939 5149 auxilium,
2969 5094 3191 5138 sanctos
3220 5084 3357 5138 alios

1781 5192 1836 5238 et
1879 5183 2088 5236 virtute
2131 5181 2387 5252 praeditos
2417 5180 2762 5245 exhortatur,
2799 5187 2859 5232 ιιι
2884 5177 3115 5245 diligant
3172 5173 3356 5227 Domi-

1781 5290 1912 5329 num
1940 5313 1956 5338 ,
2009 5288 2190 5343 neque
2238 5272 2344 5328 hoc
2375 5272 2727 5341 simpliciter,
2773 5269 2868 5324 sed
2901 5283 2967 5323 ex
3005 5275 3120 5321 toto
3167 5267 3356 5322 corde.

1781 5361 1936 5426 Quod
1968 5376 2032 5416 ex
2068 5361 2432 5431 sequentibus
2459 5358 2814 5429 signiﬁcavit,
2846 5355 3075 5410 dicens:

1856 5451 2120 5517 Quoniam
2148 5454 2396 5508 veritates
2433 5452 2661 5522 exquirit
2687 5449 2967 5504 Dominus.
2998 5446 3170 5505 Yeras
3210 5448 3358 5504 scilio

1787 5551 1876 5599 cet
1906 5545 2227 5605 dilectiones
2253 5555 2415 5617 atque
2441 5560 2508 5602 ex
2539 5543 2727 5599 corde.

1433 5719 1638 5783 Varia)
1674 5719 2004 5782 lectiones.

200 5825 270 5896 (7)
298 5827 382 5882 Io’.
424 5829 738 5901 ᾙσθάνετο.
