3846 6538
527 358 633 422 359
1685 359 2081 420 summu
2140 359 2509 421 ZlGABENl
3651 374 3725 442 (ιω

598 466 670 521 Et
701 467 945 522 retribuit
974 467 1038 522 iis
1081 467 1172 537 qui
1193 465 1525 522 abundanter
1557 468 1765 536 faciunt
1784 471 2082 538 superbiam

2287 472 2392 525 Kal
2457 471 2902 527 ἀνταποδίδωσι
2968 476 3093 541 τοῖς
3165 476 3466 544 περισσῶς
3535 483 3728 540 ποιοῦσι

528 558 664 627 Hoc,
691 570 749 615 ut
776 560 1146 630 praediximus,
1175 570 1396 630 propter
1433 561 1848 632 Acltitnpltelem
1898 565 2082 619 dictuu

2212 565 2686 632 ὑπερηφάνειαν.
2718 566 2890 620 Τοῦτο
2919 567 3007 620 διὰ
3042 570 3134 620 τὸν
3179 569 3480 638 Ἀχιτόφελ,
3523 571 3593 634 ὠς
3621 591 3720 644 προ-

527 663 632 707 cst.
659 651 795 706 Cum
831 652 900 706 iis
957 653 1122 721 igitur
1171 653 1264 722 qui
1317 653 1642 724 simpliciter
1692 655 1920 725 superbi
1955 665 2080 711 sunt

2211 656 2405 726 ειρήκα
2415 673 2534 724 μεν.
2568 656 2690 709 Ἐπὶ
2714 657 2812 727 μὲν
2836 661 2947 721 τοῖς
2970 659 3158 722 ἁπλῶς
3185 660 3723 732 ὑπερηφανευομένοις,
3805 651 3807 698 ἶ

533 739 797 796 Dominus
845 742 1182 810 longanimis
1203 749 1286 796 est
1319 758 1334 795 :
1367 757 1489 798 cum
1521 743 1590 798 iis
1639 759 1770 798 vero
1813 746 1906 814 qui
1951 747 2082 799 nimi

2214 747 2597 817 μακροθυμεῖ·
2629 749 2742 810 τοῖς
2770 747 2827 800 δὲ
2865 750 3143 819 περισσῶς
3173 749 3334 804 τοῦτο
3380 753 3630 823 ποιοῦσιν,
3654 759 3726 813 οὐκ

529 842 656 886 sunt
711 831 766 885 in
825 847 892 886 eo
945 833 1103 898 vitio,
1167 833 1440 905 condigna
1503 832 1628 905 [nec
1685 834 1840 905 sero]
1892 835 2082 890 delicti;

2209 840 2290 901 είς
2313 839 2537 910 μακρὰν
2565 839 2688 893 ἀντὶ
2718 838 2924 912 ταύτης
2954 841 3284 896 ἀποδίδωσιν
3307 845 3596 915 τιμωρίαν.

529 924 785 978 retribuit
817 927 1113 995 supplicia.

598 1013 768 1070 Vens.
825 1017 918 1070 25.
991 1016 1228 1072 Viriliter
1297 1019 1464 1089 agite,
1525 1027 1575 1073 et
1640 1019 1957 1087 fortiﬁcetur
2017 1036 2108 1074 cor

522 1117 773 1173 vestrum,
807 1124 982 1162 omnes
1026 1111 1118 1179 qui
1148 1113 1375 1178 speratis
1423 1113 1478 1164 in
1521 1111 1769 1166 Domino.
1805 1113 2108 1182 Adjuvabit

523 1199 719 1266 procul
750 1199 918 1254 dubio
950 1202 1220 1257 Dominus
1250 1218 1370 1268 vos,
1394 1215 1451 1259 et
1479 1219 1588 1258 non
1622 1204 1913 1273 despiciet.
1959 1203 2082 1259 Nam

2207 1200 2618 1269 ἀναμφιϐόλως,
2651 1205 2746 1254 καὶ
2773 1203 2836 1255 οὐ
2867 1204 3211 1273 περιόψεται.
3239 1207 3304 1258 0i.
3325 1207 3435 1278 γὰρ
3467 1213 3728 1278 πεποιθότες

522 1289 615 1356 qui
669 1289 724 1342 in
761 1290 918 1344 illum
976 1291 1284 1360 conﬁdunt,
1319 1309 1430 1348 non
1463 1293 1908 1348 confunduntur.
1958 1294 2082 1349 Con

2207 1293 2294 1345 ἐπ’
2326 1293 2511 1358 αὑτὸν,
2535 1294 2594 1345 οὐ
2629 1293 2704 1364 μὴ
2738 1295 3236 1365 καταισχυνθῶσιν.
3281 1297 3646 1370 Ἐπεφώνησεν
3663 1309 3728 1360 καὶ

521 1393 659 1433 sona
688 1389 874 1435 autem
923 1383 1041 1436 haec
1091 1391 1225 1438 sunt
1288 1383 1360 1440 iis
1407 1399 1530 1454 quae
1582 1383 1858 1439 habentur
1910 1384 1968 1440 in
1996 1383 2082 1438 lim

2204 1385 2381 1439 ταῦτα
2408 1384 2589 1455 ἑαυτῷ
2615 1388 2673 1439 ὲν
2707 1385 2786 1456 τῷ
2812 1386 2956 1440 τέλει
2976 1387 3070 1440 τοῦ
3099 1385 3193 1452 κς·’
3222 1388 3466 1458 ψαλμοῦ.

520 1468 727 1528 Psalmi
764 1487 913 1528 nrt.

811 1568 1060 1624 Psalmus
1102 1569 1205 1637 ipsi
1230 1568 1404 1623 David
1438 1569 1818 1640 intelligentia.

1028 1662 1350 1718 PSALMUS
1399 1661 1593 1716 XXXI.

2291 1012 2653 1082 Ἀνδρίζεσθε
2696 1017 2794 1069 καί
2831 1020 3241 1085 κραταιούσθω
3279 1022 3318 1089 ἠ
3354 1022 3561 1091 καρδία
3584 1030 3726 1096 ὑμῶν,

2209 1105 2434 1174 πάντες
2476 1111 2529 1162 οί
2571 1107 2918 1180 ἐλπίζοντες
2960 1111 3057 1164 ἐπὶ
3087 1113 3330 1180 Κύριον.
3367 1115 3621 1188 Βοηθήσει
3649 1125 3727 1194 γὰρ

2528 1561 2772 1632 Ψαλμὸς
2802 1561 2882 1628 τῷ
2915 1565 3094 1617 Δαϐὶδ
3133 1566 3469 1632 συνέσεως.

2765 1656 3054 1710 ΨΑΛΜΟΣ
3091 1655 3219 1713 AA'.

593 1751 962 1822 Intelligentia:
1021 1754 1364 1818 inscribitur,
1413 1754 1520 1820 vel,
1570 1755 1695 1824 quia
1753 1754 1925 1809 multa
1981 1767 2082 1810 erat

2274 1754 2346 1806 Ἦ
2391 1754 2473 1805 ὃτι
2520 1753 2789 1814 συνέσεως
2837 1752 3097 1821 πλησθεὶς
3128 1754 3368 1824 ἔγραψεν
3399 1755 3591 1821 ταῦτα,
3619 1760 3644 1828 ἢ
3670 1762 3726 1812 ὅτι

525 1815 796 1914 Propheta
831 1847 1022 1914 plenus
1070 1815 1453 1918 intelligentia,
1503 1815 1722 1916 quando
1761 1847 1910 1901 hunc
1954 1847 2082 1916 psal‘

2201 1845 2361 1917 χρεία
2401 1845 2670 1907 σδνέσεως
2698 1843 2960 1911 ἐνταῦθα,
3003 1846 3035 1916 ἢ
3081 1847 3176 1900 καὶ
3206 1848 3288 1900 ὃτι
3331 1850 3594 1913 συνετίζει
3633 1853 3725 1915 τοὺς

529 1951 675 1987 mum
734 1937 1092 2006 composuit;
1153 1939 1261 2002 vel,
1321 1940 1448 2008 quia
1506 1940 1575 1992 ob
1638 1939 2082 2007 proluudissimo:

2203 1936 2702 2006 ἀναγινώσκοντας.
2735 1936 2874 2005 Φησὶ
2907 1935 3017 2004 γάρ
3043 1953 3058 1967 ο
3091 1936 3187 2004 Μὴ
3222 1939 3470 2006 γίνεσθε
3497 1940 3727 2007 digium;

523 2027 721 2096 psalmi
747 2042 963 2094 sensus,
993 2029 1185 2083 lectori
1213 2031 1382 2083 multa
1412 2045 1553 2099 opus
1579 2039 1664 2084 est
1697 2030 2056 2100 intelligentia

2204 2029 2304 2086 καί
2356 2027 2611 2097 ἡμίονος
2634 2039 2656 2094 ,·
2713 2023 2804 2093 οἷς
2851 2029 2964 2081 οὐκ
3020 2028 3154 2082 ἐστι
3199 2031 3478 2094 σύνεσις.
3545 2032 3726 2100 Riguus-1

521 2121 628 2187 vel,
663 2125 794 2191 quia
837 2123 1095 2176 lectorem
1127 2124 1313 2177 erudit
1340 2133 1505 2194 atque
1533 2124 1930 2194 intelligentem
1978 2123 2082 2178 red'

2202 2122 2259 2174 δὲ
2319 2120 2411 2173 τὸν
2465 2119 2712 2190 παρόντα
2761 2118 2980 2189 ψαλμὸν
3029 2120 3169 2189 μετά
3222 2121 3323 2190 τὴν
3381 2121 3617 2191 μοιχείαν
3662 2127 3729 2176 καὶ

520 2214 622 2266 dit.
673 2213 952 2265 Admonet.
997 2213 1211 2282 quippe
1267 2229 1393 2268 eum
1443 2215 1681 2269 dicens:
1744 2213 1926 2268 Nolite
1979 2215 2075 2283 ﬁer

2203 2213 2295 2265 τὸν
2325 2210 2489 2279 φόνον
2542 2208 2639 2263 τοῦ
2688 2208 2916 2280 Οὐρίου.
2974 2211 3261 2280 Διαφόροις
3314 2211 3428 2281 γὰρ
3470 2213 3730 2281 περιπεσὼν

521 2306 654 2358 sicut
695 2320 856 2373 equus
905 2314 954 2357 et
1010 2305 1206 2369 mulus,
1233 2305 1422 2374 quibus
1482 2322 1586 2360 non
1645 2316 1719 2359 est
1775 2307 2082 2361 intellectus.

2203 2306 2268 2357 ὲκ
2329 2303 2452 2356 τότε
2495 2303 2801 2373 λογισμοῖς,
2859 2304 3152 2373 διαφόρους
3209 2303 3465 2372 ψαλμοὺς
3518 2305 3730 2374 ἔγραψεν,

521 2397 864 2464 Conscripsit
917 2399 1083 2450 etiam
1139 2397 1334 2451 beatus
1391 2399 1560 2452 David
1620 2399 1770 2452 hunc
1819 2401 2082 2468 psalmum

2207 2393 2650 2465 μνημονεύοντας
2704 2392 2922 2463 ἐκείνης
2973 2395 3071 2464 τῆς
3104 2395 3410 2466 ἁμαρτίας.
3464 2397 3727 2467 “passage;

520 2497 645 2557 post
677 2488 1034 2542 commissqu
1087 2489 1422 2543 adulterium
1477 2499 1524 2544 et
1576 2491 1778 2544 eadem
1817 2506 1831 2542 :
1871 2489 1940 2544 ob
1970 2503 2082 2556 qua

2199 2487 2257 2540 δὲ
2288 2489 2420 2557 ἡμῖν
2453 2487 2482 2538 ό
2511 2485 2749 2555 ψαλμὸς,
2778 2485 3060 2554 ἀναλόγως
3095 2486 3594 2556 ὲκλαμϐανόμενος.

518 2594 642 2630 cuiu
674 2582 728 2633 in
761 2584 944 2634 varias
975 2579 1267 2635 incidisset
1296 2581 1660 2648 calamitates,
1701 2581 1885 2637 varios
1925 2581 2093 2636 etiam
2129 2581 2371 2650 psalmos
2399 2579 2752 2650 conscripsit,
2785 2580 2880 2635 illa
2921 2579 3218 2650 deplorans
3291 2589 3541 2651 peccata.
3606 2580 3729 2636 l'lilis

518 2676 684 2728 ctiam
735 2676 836 2730 erit
869 2679 954 2730 ltic
990 2679 1256 2747 psalmus,
1289 2679 1334 2732 si
1362 2679 1519 2747 juxta
1547 2679 1908 2748 anagogicum
1951 2693 2175 2733 sensum
2213 2678 2574 2748 intelligatur.

593 2770 755 2822 Vens.
787 2769 837 2821 l.
871 2767 1020 2821 Beati
1063 2785 1289 2838 quorum
1330 2771 1563 2824 remissa:
1607 2779 1729 2823 sunt
1761 2771 2070 2839 iniquitates

2269 2771 2560 2837 Μακάριοι
2605 2763 2694 2823 ὧν
2743 2768 3063 2838 ἀφέθησαν
3108 2772 3167 2824 al
3223 2771 3488 2840 ἀνομίαι,
3541 2772 3624 2823 καί
3664 2767 3728 2825 ὧν

517 2872 566 2917 et
599 2878 822 2932 quorum
856 2871 994 2915 tecta
1045 2873 1166 2916 sunt
1211 2878 1450 2932 peccata.
1481 2865 1616 2918 Cum
1649 2875 1769 2934 post
1802 2866 2082 2920 commissa

2198 2864 2724 2932 ἀπεκαλύφθησαν
2778 2865 2838 2919 al
2896 2865 3193 2932 ἁμαρτίαι.
3253 2865 3427 2926 Αὐτὸς
3486 2865 3613 2932 μετὰ
3654 2865 3726 2933 τὴν

520 2971 551 3008 a
575 2970 634 3009 se
653 2954 873 3019 delicta,
909 2955 1110 3008 multos
1139 2958 1428 3025 pertulerit
1457 2957 1695 3022 labores,
1729 2957 1919 3012 beatos
1950 2973 2082 3011 nunt

2197 2955 2475 3025 ἁμαρτίαν
2496 2955 2671 3008 πολλὰ
2705 2957 2947 3026 πονήσας
2981 2958 3039 3009 ἐν
3073 2959 3140 3027 τῇ
3175 2957 3442 3026 ἁμαρτίᾳ,
3477 2958 3724 3026 μακαρζει

519 3047 643 3100 illos
689 3047 803 3099 fore
852 3045 1010 3111 dicit,
1057 3049 1262 3118 quibus
1295 3053 1502 3118 absque
1536 3050 1650 3103 ullo
1687 3050 1879 3105 labore
1915 3050 2082 3104 conti-

2197 3047 2322 3110 τοὺς
2372 3047 2590 3111 ἀπόνως
2641 3047 3082 3115 ἀπολουομένους
3126 3048 3195 3100 τὰ
3241 3049 3585 3119 ἐγκλήματα,
3633 3050 3726 3109 τοὺς

523 3139 682 3208 gerit,
716 3142 937 3209 pr0pria
971 3142 1196 3198 abluere
1227 3153 1450 3212 peccata
1485 3162 1500 3198 :
1534 3144 1658 3200 illos
1711 3146 1973 3199 nimirum
2021 3145 2082 3199 si-

2197 3136 2630 3207 βαπτιζομένους
2679 3139 3073 3206 αἰνιττόμενος.
3144 3138 3301 3192 Ἐπεὶ
3351 3138 3408 3190 δὲ
3462 3139 3650 3191 τούτων
3691 3140 3726 3189 οἱ

522 3231 813 3298 guiﬁcans,
847 3233 940 3301 qui
970 3233 1188 3288 lavacro
1227 3234 1580 3305 baptismatis
1628 3236 1734 3290 hoc
1774 3237 1976 3291 fuerint
2007 3251 2082 3290 re-

2202 3230 2300 3299 μὲν
2351 3228 2412 3294 ἐξ
2460 3229 2640 3288 ἐθνῶν
2696 3225 2855 3295 εἰσὶν,
2910 3233 2961 3284 οἱ
3011 3231 3068 3284 δὲ
3124 3233 3189 3284 ἐκ
3254 3231 3598 3302 περιτομῆς·
3635 3233 3728 3282 dvo-

519 3323 796 3378 tnissiouis
834 3323 1036 3378 donum
1081 3329 1400 3394 consecuti;
1433 3337 1490 3382 et
1539 3329 1668 3397 quia
1704 3343 1769 3382 ex
1801 3329 1869 3383 iis
1894 3329 1987 3381 alii
2022 3343 2082 3381 ex

2204 3321 2334 3393 μίαν
2395 3323 2494 3392 μὲν
2546 3317 2719 3387 εἶπεν,
2771 3324 3002 3376 ἐπὶτῶν
3028 3324 3086 3390 ἐξ
3139 3325 3332 3388 ἐθνῶν,
3366 3320 3446 3388 οἷς
3486 3326 3583 3376 οὐκ
3607 3323 3724 3390 ἐδόθη

517 3416 774 3482 gentibus
823 3417 994 3472 futuri
1037 3431 1218 3481 erant,
1265 3420 1356 3474 alii
1403 3435 1470 3474 ex
1511 3422 1960 3484 circumcisione,
1989 3420 2082 3474 iui-

2200 3415 2402 3491 νόμος·
2456 3416 2735 3486 ἁμαρτίαν
2781 3418 2858 3483 δὲ,
2913 3419 3008 3471 ἐπὶ
3052 3419 3161 3470 τῶν
3203 3421 3265 3470 ἐκ
3301 3419 3616 3489 περιτομῆς,
3643 3415 3725 3469 τῶν

517 3509 752 3574 quitates
782 3509 1001 3578 quidem
1031 3527 1154 3580 qua:
1180 3511 1366 3566 Gneca
1414 3513 1661 3566 dictione
1711 3512 1936 3581 ἀνομίαι
1989 3512 2082 3566 hoc

2201 3509 2307 3562 ὑπὸ
2336 3507 2426 3561 τὸν
2460 3507 2660 3577 νόμον⁶
2696 3508 2948 3578 ἁμαρτία
2975 3509 3102 3578 γὰρ,
3143 3508 3402 3578 ἀθέτησις
3434 3508 3616 3577 νόμου.

514 3616 598 3661 cst
626 3605 842 3675 etleges
901 3612 1082 3670 erant,
1148 3605 1216 3659 de
1237 3607 1535 3674 gentilibus
1561 3605 1814 3674 dicit‘qui
1846 3605 1994 3658 omni
2020 3617 2252 3674 prorsus
2278 3602 2541 3657 carebant
2578 3602 2732 3672 lege;
2764 3611 2989 3673 peccata
3018 3616 3150 3656 vero
3179 3601 3248 3657 de
3276 3601 3505 3668 Judasis,
3540 3605 3625 3673 qui
3651 3600 3726 3656 sub

515 3698 635 3768 lege
663 3706 843 3751 erant.
877 3695 1170 3750 Peccatum
1195 3697 1342 3750 enim
1371 3698 1654 3767 neglectus
1678 3707 1786 3759 est,
1809 3704 1902 3753 aut
1923 3707 2268 3767 contemptus
2292 3695 2448 3763 legis.

588 3787 755 3843 Vnus.
782 3791 836 3841 2.
869 3788 1068 3845 Beatus
1100 3790 1182 3842 vir
1211 3789 1298 3843 cui
1327 3805 1429 3842 non
1466 3791 1804 3857 imputaeerit
1837 3790 2082 3844 Dominus

2263 3787 2569 3856 Μακάριος
2617 3787 2796 3856 ἀνὴρ,
2849 3783 2900 3857 ᾧ
2948 3792 3020 3844 οὐ
3062 3791 3148 3860 μὴ
3188 3792 3498 3861 λογίσεται
3551 3789 3728 3868 Κύριος

516 3889 813 3949 peccatum.
836 3879 937 3934 Cui
961 3894 1024 3933 ea
1048 3882 1261 3935 ratione
1283 3889 1566 3950 peccatqu
1591 3896 1698 3935 non
1747 3883 2082 3951 ascripserit,

2197 3880 2504 3948 ἁμαρτίαν.
2535 3873 2604 3951 ᾯ
2625 3881 2728 3934 οὐκ
2759 3884 3145 3954 ἐπιγράφεται,
3178 3886 3239 3938 οὐ
3279 3888 3560 3955 μετρήσει,
3587 3885 3662 3935 διὰ
3684 3882 3729 3932 τδ

516 3973 664 4046 quod
691 3971 1130 4039 regenerationis
1155 3973 1432 4026 lavacrum
1461 3973 1706 4026 ablutum
1729 3974 1866 4043 jam,
1892 3989 1956 4027 ac
1986 3989 2082 4042 pe-

2197 3974 2543 4046 ἱφανισθῆναι
2563 3976 2769 4048 ταύτην
2789 3977 2940 4047 παρά
2961 3978 3054 4030 τοῦ
3085 3979 3180 4048 τῆς
3206 3980 3614 4046 παλιγγενεσίας
3630 3978 3727 4032 λον·

518 4063 669 4122 uitus
692 4063 926 4118 deletum
946 4065 1039 4118 sit.
1066 4063 1348 4118 Peccatum
1375 4065 1748 4120 indilierenter
1771 4065 1954 4134 posuit
1983 4080 2082 4135 pro

2197 4063 2332 4134 εροῦ.
2363 4067 2672 4134 Ἀμαρτίαν
2688 4069 2743 4122 δὲ
2765 4069 2857 4123 νῦν
2879 4070 3190 4138 ἀδιαφόρως
3215 4072 3269 4123 τὸ
3287 4071 3539 4140 ἔγκλημα
3560 4069 3726 4133 κέκλη·

516 4155 699 4223 culpa.
725 4155 954 4219 Quidam
983 4164 1164 4208 autem
1199 4155 1338 4210 idem
1373 4167 1602 4226 utraque
1625 4157 1934 4226 significare
1955 4170 2082 4211 con-

2198 4175 2310 4214 κεν.
2343 4159 2500 4223 Τινὲς
2523 4160 2578 4213 δὲ
2610 4161 2678 4214 τὰ
2709 4162 2818 4215 ἀνω
2842 4163 3002 4231 ῥητὰ,
3033 4163 3346 4232 ἀδιαφόρως
3369 4162 3726 4231 λαμσάνουσιν,

517 4246 804 4300 tendentes
849 4247 1211 4316 praecedentia
1245 4248 1389 4302 dicta
1427 4248 1796 4303 indifferenter
1835 4253 2082 4318 capiunt.

2197 4248 2260 4300 ὲκ
2289 4248 2632 4320 παραλλήλου
2667 4249 2727 4306 τὸ
2787 4251 2919 4303 αὐτὸ
2980 4251 3227 4318 λέγοντες
3253 4253 3420 4321 ἄμφω
3451 4253 3724 4322 σημαίνειν.

589 4335 702 4394 Nec
758 4352 830 4392 est
887 4340 940 4392 in
999 4355 1090 4393 ore
1137 4341 1254 4409 ejus
1297 4341 1474 4396 dolus.
1515 4341 1628 4396 Nec
1657 4351 1783 4411 post
1813 4343 2082 4412 baptisma

2267 4338 2419 4392 Οῠδέ
2450 4340 2580 4393 ἐστι
2615 4341 2686 4394 ἐν
2726 4339 2804 4406 τῷ
2848 4343 3096 4409 στόματι
3145 4343 3329 4398 αὑτοῦ
3363 4344 3565 4408 δόλος.
3619 4343 3726 4394 Οὐδὲ

513 4430 780 4486 mentitus
815 4439 921 4494 est,
962 4438 1058 4484 aut
1109 4432 1330 4485 violarit
1395 4442 1576 4501 pacta,
1627 4450 1749 4503 qum
1797 4449 1922 4489 cum
1976 4434 2082 4489 Deo

2197 4431 2334 4497 μετά
2366 4431 2424 4484 τὸ
2459 4431 2742 4502 βάπτισμα
2767 4433 3032 4502 ἐψεύσατο
3063 4435 3159 4496 τὰς
3185 4437 3263 4498 εἰς
3299 4435 3430 4488 Θεὸν
3467 4435 3722 4504 συνθήκας.

514 4520 698 4578 habet.
759 4521 952 4576 Dolum
1003 4522 1149 4578 enim
1195 4524 1282 4579 hic
1330 4540 1430 4594 pro
1458 4527 1747 4581 utendacio
1781 4526 2082 4596 intelligere

2197 4521 2352 4576 Δόλον
2395 4524 2501 4594 γὰρ
2533 4523 2649 4586 νῦν,
2691 4527 2754 4576 τὸ
2803 4524 2998 4593 ψεῦδος
3047 4526 3406 4594 ὑποληπτέον.
3475 4527 3725 4596 Ὁμολογεῖ

513 4613 795 4670 debemus.
830 4613 1126 4671 Prolitetur
1158 4617 1304 4670 enim
1357 4618 1428 4683 is,
1464 4621 1557 4688 qui
1591 4620 1924 4687 baptizatur,
1955 4633 2082 4688 ope-

2197 4615 2300 4684 γὰρ
2329 4614 2359 4666 ὁ
2411 4614 2807 4685 βαπτιζόμενος
2855 4617 3234 4682 ἀποτάξασθαι
3293 4619 3392 4686 μὲν
3435 4622 3549 4680 τοῖς
3573 4618 3723 4685 ἔργοις

515 4701 669 4757 ribus
697 4704 1007 4758 daatnonum
1052 4706 1375 4763 renuntiare
1398 4745 1415 4772 ,
1468 4717 1522 4762 et
1569 4707 1775 4764 Christi
1807 4711 2082 4764 mandatis

2197 4704 2287 4759 τοῦ
2318 4705 2597 4776 δαίμονος,
2651 4706 3019 4772 συντάξασθαι
3041 4708 3098 4760 δὲ
3131 4711 3241 4772 τοῖς
3265 4709 3359 4762 τοῦ
3389 4707 3639 4777 Χριστοῦ.

513 4808 571 4851 8-:
603 4793 924 4864 adiungere.

593 4886 752 4942 Vens.
778 4888 830 4942 5.
863 4885 1125 4952 Quoniam
1163 4892 1324 4945 tacui.
1358 4889 1505 4946 Beati
1535 4892 1627 4948 isti
1661 4903 1810 4961 sunt,
1832 4909 1931 4966 ego
1953 4910 2082 4952 vero

513 4978 823 5057 plaugendo
862 4981 1120 5050 fatigatus
1154 4982 1308 5038 silui.

585 5069 888 5125 Inveterata
914 5084 1038 5126 sunt
1063 5091 1185 5128 ossa
1213 5091 1350 5136 mea,
1378 5074 1504 5130 dum
1538 5075 1819 5132 clamarem
1843 5087 1952 5131 tota
1973 5078 2079 5132 die.

514 5162 639 5220 llaec
674 5165 774 5220 fuit
805 5166 1009 5222 silentii
1040 5183 1230 5224 causa.
1272 5170 1378 5224 Per
1403 5183 1526 5223 ossa
1557 5179 1741 5224 autem
1772 5171 1914 5226 vires
1949 5187 2081 5226 suas

512 5256 764 5327 intelligit
790 5275 805 5322 ;
838 5272 964 5314 ossa
989 5259 1135 5314 enim
1176 5275 1380 5330 corpus
1405 5261 1699 5323 sustinent,
1733 5277 1798 5316 ac
1827 5263 2076 5319 stabilem

514 5345 770 5403 reddunt.
807 5346 1112 5404 lnveterata
1148 5360 1330 5405 autem
1353 5359 1500 5416 sunt,
1523 5349 1624 5405 hoc
1653 5361 1737 5406 est
1795 5353 2081 5410 inﬁrmata

514 5451 579 5494 ac
611 5437 918 5496 debilitata.
948 5440 1084 5496 Nam
1115 5441 1259 5512 quod
1294 5443 1580 5513 antiquum
1601 5452 1706 5509 est,
1733 5446 1966 5502 debilius
1996 5449 2076 5502 lit.

516 5531 832 5593 lutirmatae,
864 5531 1064 5600 inquit,
1096 5543 1228 5588 sunt
1251 5535 1395 5589 vires
1438 5550 1588 5590 meae.
1638 5537 1771 5594 Tota
1805 5554 1934 5595 vero
1968 5538 2074 5604 die,

512 5621 644 5677 dicit
674 5637 792 5690 pro,
830 5623 1073 5692 Semper,
1107 5633 1269 5693 atque
1303 5626 1540 5681 assidue.
1567 5628 1792 5693 Quoties
1826 5633 1970 5683 enim
2024 5633 2077 5684 in

515 5712 844 5768 tentatioues
874 5711 1171 5773 incidebat,
1204 5715 1364 5767 toties
1395 5730 1554 5767 suum
1610 5715 1828 5785 lugebat
1882 5732 2076 5786 pecca-

512 5813 651 5874 tum,
676 5802 837 5875 quasi
869 5803 1051 5860 omnis
1076 5803 1225 5858 illinc
1248 5804 1367 5860 vita:
1395 5820 1507 5860 suae
1539 5805 1882 5876 inaequalitas
1909 5806 2072 5862 deﬂu-

2253 4889 2375 4943 Ὅτι
2395 4889 2674 4958 ἑσίγησα.
2703 4889 2977 4961 Μακάριοι
3009 4882 3155 4943 οὗτοι
3175 4905 3189 4920 ·
3223 4890 3318 4943 καὶ
3348 4891 3460 4960 γὰρ
3493 4889 3598 4958 ἐγὼ
3615 4890 3726 4942 ἀπο·

2179 4981 2374 5052 καμὼν
2405 4983 2463 5035 ἐν
2488 4981 2565 5050 τῷ
2594 4980 2914 5042 κόπτεσθαι.
2951 4983 3201 5052 ἐσίγησα.

2265 5071 2637 5140 Ἐπαλαιώθη
2668 5073 2741 5127 τὰ
2773 5071 2924 5127 ὀστᾶ
2971 5091 3090 5142 μου
3140 5074 3260 5127 ἀπὸ
3288 5074 3396 5128 τοῦ
3421 5073 3646 5142 κράζειν
3665 5089 3726 5141 με

2180 5166 2334 5234 ὅλην
2359 5166 2476 5232 τὴν
2501 5163 2749 5234 ἡμέραν.
2785 5163 2957 5219 Τοῦτο
2983 5168 3014 5236 ὴ
3042 5167 3188 5220 αἰτία
3221 5167 3320 5236 τῆς
3354 5169 3511 5238 σιγῆς
3534 5184 3547 5199 ο
3579 5168 3660 5219 διὰ
3681 5166 3724 5216 iis

2179 5255 2287 5309 τῶν
2309 5253 2504 5319 ὀστῶν,
2553 5254 2651 5326 τὴν
2691 5254 2918 5324 δύναμιν
2943 5255 3108 5308 αὐτοῦ
3145 5259 3468 5327 ἐνεσήμαινε.
3509 5259 3584 5310 Τὰ
3613 5257 3724 5308 ὀστᾶ

2177 5348 2286 5420 γὰρ
2316 5346 2656 5416 ὑπερείδουσι
2690 5348 2751 5399 τὸ
2780 5347 2937 5410 ζῶον.
2978 5348 3351 5418 Ἐπαλιιιώθη
3391 5351 3470 5411 δὲ,
3501 5350 3621 5402 ἀντὶ
3644 5348 3722 5399 τοῦ

2189 5440 2542 5510 Ἦσθένησαν,
2567 5440 2646 5492 ὄτι
2673 5439 2732 5493 τὸ
2761 5439 3004 5504 παλαιὸν,
3023 5439 3216 5493 ἀσθενέ
3228 5459 3266 5501 ς.
3309 5442 3614 5512 Ἠσθένησε,
3639 5455 3722 5503 φη-

2179 5538 2281 5598 σὶν,
2341 5534 2374 5601 ἡ
2424 5533 2649 5602 δύναμίς
2685 5549 2808 5602 μου.
2845 5531 3040 5600 Ὅλην
3076 5535 3132 5591 δὲ
3185 5534 3296 5602 τὴν
3323 5536 3573 5613 ἡμέραις,
3621 5534 3722 5585 ἀντὶ

2179 5627 2297 5692 τοῦ,
2329 5624 2427 5678 Διά
2464 5625 2688 5687 παντός.
2731 5625 2950 5688 Ὀσάκις
2975 5626 3084 5695 γὰρ
3119 5627 3185 5679 ἂν
3235 5629 3522 5698 πειρασμῷ
3556 5626 3720 5694 περιέ·

2184 5733 2405 5780 πιπτεν,
2462 5716 2682 5785 ὀδύρετο
2711 5717 2808 5786 τὴν
2847 5717 3118 5786 ἁμαρτίαν
3158 5719 3394 5788 ἐκείνην,
3435 5721 3505 5780 ὼς
3533 5715 3719 5768 ἐκεῖθεν

2183 5808 2331 5878 αὖτῷ
2358 5811 2454 5880 τῆς
2491 5807 2806 5878 ἀνωμαλίας
2852 5808 2946 5862 τοῦ
2976 5809 3091 5881 βίου
3139 5811 3382 5881 ῥυείσης.
3437 5813 3578 5865 Ἐπεὶ
3624 5810 3716 5878 γὲρ
