3916 6540
198 391 304 459 361

1350 390 1738 454 COMMENT.
1774 387 1853 450 ΙΝ
1889 387 2247 449 PSALMOS.

3337 382 3443 447 362

197 513 289 562 καὶ
334 506 396 576 τῇ
427 501 645 574 μοιχείᾳ
683 501 777 555 καὶ
818 501 895 573 τῷ
922 502 1069 573 φόνῳ
1095 501 1327 566 θάνατος
1368 499 1435 575 ἦν
1464 504 1763 576 ἐπιτίμιον,

1890 503 2079 570 ιίεερις
2109 509 2164 557 et
2191 499 2319 572 quia
2342 513 2443 570 pro
2468 497 2666 555 delicto
2697 512 2863 553 caenis
2915 505 2969 553 et
3002 494 3252 553 adulterii
3292 513 3443 555 mors

96 628 101 637 -
193 598 381 652 τοῦτον
423 596 524 665 μὲν
564 595 920 667 συνεχωρήθη
964 595 1052 649 διά
1080 595 1174 649 τοῦ
1210 596 1497 668 προφήτου
1556 596 1766 663 Νάθαν,

193 688 531 758 ὁμολογήσας
560 686 965 758 ἡμαρτηκέναι,
998 688 1305 758 φήσαντος³
1368 690 1450 743 Οὐ
1483 687 1571 759 μὴ
1620 689 1769 744 dao-

194 779 399 848 θάνῃς.
429 780 720 850 Συμφοραὶ
760 779 817 833 δὲ
845 779 995 850 αὐτῷ
1036 780 1133 834 καὶ
1168 782 1239 851 τῇ
1273 779 1421 852 οἰκίᾳ
1466 782 1561 834 καὶ
1614 784 1769 852 παρὰ

194 872 380 925 τούτου
410 869 809 943 ἠπειλήθησαν,
859 870 927 935 ἃς
980 870 1074 926 καὶ
1119 871 1225 941 πρὸ
1276 870 1571 942 ὀφθαλμῶν
1624 872 1770 943 ἔχειν

196 964 456 1020 ὠδυνᾶτο.

259 1233 383 1287 Ὀτι
428 1233 652 1303 ἡμέρας
691 1232 791 1288 καί
847 1234 1069 1302 νυκτὸς
1129 1235 1426 1304 ἐϐαρύνθη
1482 1236 1702 1305 ἐπ’ἐμὲ
1729 1236 1768 1304 ἡ

195 1323 317 1395 χείρ
352 1339 497 1380 σου.
531 1322 703 1378 Τοῦτο
734 1324 897 1378 πάλιν
943 1325 1093 1379 αἰτία
1119 1326 1215 1379 τοῦ
1248 1326 1475 1397 κράζειν
1497 1340 1512 1356 ⁸
1538 1326 1662 1398 χεὶρ
1712 1326 1771 1380 δὲ

195 1416 447 1483 ἐνταῦθα,
475 1419 508 1487 ἡ
542 1416 839 1487 κολαστικὴ
863 1416 1095 1489 δύναμις
1119 1432 1134 1447 ο
1154 1419 1220 1488 τῇ
1250 1418 1396 1489 χειρὶ
1416 1418 1525 1490 γὰρ
1549 1418 1771 1483 κολάζει

196 1527 309 1574 τις·
365 1508 645 1581 ἒὸαρύνθη
701 1508 781 1574 δὲ,
833 1510 956 1564 ἀντὶ
1010 1509 1126 1576 τοῦ,
1187 1509 1401 1581 βαρέως
1453 1510 1768 1582 ὲπηνέχθη·

196 1600 399 1673 ἡμέρας
430 1600 488 1655 δὲ
514 1600 611 1655 καὶ
650 1600 865 1666 νυκτὸς,
900 1601 1023 1655 ἀντὶ
1066 1601 1188 1666 τοῦ,
1216 1601 1308 1656 διὰ
1350 1601 1577 1664 παντός.

268 1784 621 1854 Ἐστρὸςοην
643 1785 731 1849 είς
759 1782 1168 1852 ταλαιπωρίαν
1203 1782 1283 1849 τῷ
1304 1782 1650 1853 ἐμπαγῆναί
1670 1800 1774 1852 μοι

195 1877 481 1930 ἄκανθαν.
512 1873 792 1928 ’Δκανθαν
821 1874 1081 1944 ὀνομάζει
1105 1873 1203 1944 τὴν
1234 1875 1537 1944 ἁμαρτίαν,
1584 1874 1677 1927 καὶ
1699 1874 1774 1937 ὡς

197 1966 390 2035 ἔξωθεν
420 1967 829 2039 παραφυεὼαν,
866 1967 1299 2038 ὲμπειρομὲνην,
1329 1966 1421 2019 καὶ
1447 1966 1524 2029 ὡς
1543 1965 1773 2017 νύσσου-

200 2077 290 2113 σαν
320 2061 424 2115 καὶ
450 2058 832 2129 ἀλγείνουσαν.
873 2058 1250 2129 Ἐμπαγείσης
1294 2052 1391 2111 οὖν
1421 2074 1513 2127 μοι
1541 2056 1768 2128 ταύτης,

200 2152 544 2223 περιετράπη
578 2167 670 2223 μοι
698 2150 765 2205 τά
787 2152 886 2223 τῆς
908 2149 1171 2217 εὐτυχίας
1198 2149 1277 2214 είς
1310 2148 1628 2220 ἀθλιότητα.

264 2327 390 2396 Τὴν
420 2329 679 2399 ἀνομίαν
720 2347 834 2398 μου
858 2330 1170 2400 ἐγνώρισα,
1207 2328 1308 2385 καί
1334 2328 1452 2395 τὴν
1480 2328 1775 2398 ἁμαρτίαν

196 2440 306 2491 μου
325 2424 445 2476 οὐκ
473 2422 779 2490 ἐκάλυψα.
806 2421 921 2474 Ἰνα
947 2424 1023 2492 μὴ
1043 2421 1170 2493 δόξῃ
1196 2419 1514 2489 γογγύζειν,
1546 2419 1779 2490 μετέϐα-

200 2518 254 2571 λε
283 2517 374 2571 τὸν
430 2502 631 2585 λόγον(
660 2516 754 2570 καὶ
788 2515 1059 2585 διηγεῖται
1097 2515 1216 2577 πῶς
1250 2512 1411 2584 ἔτυχε
1460 2511 1773 2582 φιλανθρω-

203 2611 346 2673 πίας.
398 2608 574 2662 Τοῦτο
620 2605 696 2678 (8)
728 2607 834 2677 γὰρ
864 2604 1052 2659 Νάθαν
1107 2604 1194 2657 ἐπ’
1251 2604 1415 2658 ἄλλου
1475 2604 1776 2674 προσώπου

202 2701 786 2767 δραματουργήσαντος
798 2696 895 2765 τὴν
910 2694 1273 2765 παρανομίαν,
1300 2688 1417 2746 εἶτα
1450 2692 1780 2765 προστεθέν-

203 2806 303 2853 τος,
331 2792 419 2845 ὅτι
449 2791 522 2843 Σὺ
552 2785 604 2843 εἴ
634 2789 761 2859 περὶ
789 2783 852 2841 οὗ
890 2786 1084 2854 ταῦτα,
1132 2786 1431 2858 ἐγνώρισα,
1478 2787 1631 2855 φησὶ,
1680 2785 1780 2855 τὴν

204 2880 444 2952 ἐμαυτοῦ
473 2882 886 2951 πλημμέλειαν,
942 2880 1037 2934 καὶ
1081 2880 1182 2933 οὐκ
1211 2880 1564 2951 ἠρνησάμην.
1609 2878 1782 2931 Τοῦτο

204 2975 303 3046 γὰρ
330 2974 491 3045 δηλοῖ
506 2973 590 3042 τὸ,
619 2976 740 3028 Οὐκ
784 2973 1101 3042 ἐκάλυψαο
1138 2971 1371 3043 ἀνομίαν
1394 2969 1508 3040 γὰρ
1552 2968 1648 3022 νῦν
1684 2968 1782 3037 τὴν

205 3068 549 3139 παρανομίαν
580 3068 811 3139 νοήσεις,
847 3066 915 3138 ἢν
945 3068 1041 3119 καὶ
1092 3064 1366 3137 ἁμαρτίαν
1398 3063 1557 3127 αὖθις
1586 3060 1780 3116 ἐκάλε-

207 3178 311 3214 σεν.
982 3169 989 3177 ⁸

266 3247 426 3307 Εἷπα
444 3267 459 3282 ·
492 3249 904 3320 Ἑξαγορεύσω
934 3248 1063 3304 κατ’
1088 3248 1234 3319 ἐμοῦ
1261 3248 1374 3317 τὴν
1393 3247 1655 3318 ἀνομίαν.
1660 3262 1779 3316 μου

207 3342 280 3409 τῷ
305 3343 529 3412 Κυρίῳ.
557 3341 728 3405 Γνοὺς
764 3342 846 3396 ὅτι
880 3342 940 3394 ἐν
970 3340 1200 3412 ἀφύκτῳ
1227 3340 1532 3409 καταδίκης
1555 3337 1778 3411 γέγονα,

208 3432 326 3490 εἶπα
355 3438 419 3490 ἐν
444 3433 670 3506 ἐμαυτῷ
693 3450 708 3464 ·
746 3434 965 3503 Ποιήσω
988 3431 1131 3490 τόδςᾷ
1165 3431 1348 3494 Εὐθὺς
1378 3431 1484 3503 γὰρ
1512 3428 1781 3501 ἐξωμολο-

208 3533 431 3599 τήσατο,
463 3531 678 3600 φὴσα;’
721 3527 1056 3598 Ἠμάρτηκα
1086 3523 1168 3592 τῷ
1191 3526 1406 3596 Κυρίῳ.

268 3712 371 3765 Καὶ
406 3710 493 3765 σὺ
514 3709 755 3779 ἀφῆκας
778 3708 895 3778 τὴν
915 3708 1198 3765 ἀσέϐειαν
1221 3706 1332 3777 τῆς
1373 3706 1623 3777 καρδίας
1637 3724 1777 3776 μου.

210 3804 301 3860 Δια
320 3802 418 3860 τοῦ
447 3804 729 3875 προφήτου
749 3802 958 3867 Νάθαν,
988 3800 1236 3864 εἰπόντος
1263 3799 1462 3855 αὐτίκα
1480 3816 1496 3831 ο
1528 3799 1640 3855 Καί
1667 3800 1784 3854 Κύ-

204 3917 326 3967 ριος
362 3899 583 3968 ἀφεῖλε
618 3897 688 3952 τὸ
705 3893 1024 3967 ἁμάρτημά
1051 3908 1194 3950 σου.
1237 3891 1523 3948 ’Λσέσειαν
1548 3894 1606 3948 δὲ
1630 3892 1783 3963 λέγει

211 3990 436 4061 καρδίας
489 3988 591 4062 τὴν
625 3988 926 4060 ἁμαρτίαν,
960 3979 1049 4043 οἷα
1078 3987 1183 4057 ,τῆς
1216 3984 1466 4056 μοιχείας
1505 3987 1582 4057 μὴ
1615 3985 1785 4040 σεῦα-

212 4080 429 4151 σθείσης
454 4080 581 4143 τοὺς
611 4079 741 4150 περὶ
766 4079 1011 4151 μοιχείας
1040 4078 1134 4133 καὶ
1170 4077 1330 4148 φόνου
1356 4077 1579 4147 νόμους.
1610 4076 1784 4147 Ἀςεῆ-

212 4188 316 4237 κας
341 4171 429 4232 δὲ.
459 4170 584 4225 ἀντὶ
605 4170 724 4236 τοῦ,
758 4168 1165 4242 συνεχώρησας.
1227 4167 1523 4241 Ἀποροῦσι
1552 4168 1609 4220 δέ
1638 4185 1785 4235 τινες

212 4262 281 4325 ὡς
305 4263 354 4316 εί
390 4262 746 4335 συνεχωρήθη
771 4261 871 4334 τὴν
898 4262 1198 4333 ἁμαρτίαν,
1252 4262 1370 4325 πῶς
1401 4260 1552 4330 λέγει
1587 4259 1786 4330 βαρυν-

213 4352 368 4424 θῆναι
398 4353 492 4407 ἐπ’
536 4352 701 4408 αὑτὸν
728 4352 830 4425 τὴν
852 4351 948 4406 τοῦ
979 4352 1115 4406 Θεοῦ
1156 4352 1485 4424 κολαστικὴν
1512 4350 1747 4423 δύναμιν
1767 4366 1781 4381 ·

213 4447 301 4499 καί
332 4463 540 4516 φαμεν,
571 4446 676 4511 ὅτι,
711 4445 836 4498 ἐπεὶ
857 4446 1016 4510 αὐτὸς
1034 4447 1064 4500 δ
1084 4444 1249 4499 Δαόὶδ
1269 4444 1367 4516 τὴν
1390 4446 1784 4516 ὑποκριθεῐσαν

1873 595 2024 650 illum
2074 594 2129 648 in
2183 607 2402 665 postiam
2458 591 2734 657 manebat,
2770 598 3001 646 mortem
3043 591 3264 660 quidem
3316 606 3445 662 pro-

1872 688 2034 759 pheta
2066 684 2285 741 Nathan
2325 686 2375 741 ei
2411 683 2643 748 remisit,
2672 682 2894 753 quando
2926 684 3208 753 proprium
3255 697 3448 753 pecca-

1872 790 1988 836 tum
2048 793 2207 834 suum
2262 780 2495 849 ingenue
2549 776 2836 831 confessus
2885 784 2999 842 est;
3050 774 3256 830 dixisse
3299 775 3446 830 enim

1873 872 2030 927 ilium
2060 870 2108 926 ei
2138 869 2367 941 legimus
2409 885 2424 923 :
2464 865 2589 921 Non
2658 867 2929 931 morieris,
2986 866 3320 923 domesticas
3365 876 3448 921 ta-

1873 978 1999 1019 men
2065 962 2413 1017 calamitates
2475 962 2529 1014 ei
2589 960 2961 1014 comminatus
3025 965 3111 1014 cst
3148 974 3162 1011 :
3199 957 3253 1011 in
3309 971 3446 1027 quas

1874 1054 2036 1109 modo
2091 1069 2215 1109 cum
2255 1068 2315 1109 se
2352 1058 2599 1108 cerneret
2628 1049 2908 1114 incidisse,
2934 1049 3097 1105 ﬂebat
3144 1063 3208 1103 ac
3237 1048 3416 1104 lamen

1874 1151 2112 1203 labatur.

1946 1241 2116 1297 Vsus.
2151 1241 2205 1296 ι.
2241 1243 2507 1309 Quoniam
2536 1243 2625 1296 die
2656 1254 2719 1294 ac
2750 1248 2900 1293 nocte
2934 1245 3157 1308 grarata
3185 1244 3265 1292 est
3292 1250 3448 1304 super

1873 1350 1955 1387 me
1989 1350 2182 1389 manus
2213 1343 2328 1388 tua.
2370 1333 2494 1389 llzec
2547 1344 2632 1388 est
2668 1346 2888 1386 rursum
2941 1328 3199 1385 clamoris
3252 1343 3444 1383 causa.

1874 1425 2095 1480 Manum
2134 1437 2317 1479 autem
2349 1425 2439 1479 hic
2493 1426 2648 1494 ponit
2704 1439 2803 1495 pro
2854 1422 3111 1494 puniendi
3181 1422 3446 1492 potentia.

1874 1516 2032 1570 Manu
2050 1516 2196 1571 enim
2230 1516 2503 1585 castigare
2524 1516 2787 1581 solemus,
2816 1529 2939 1585 quae
2963 1520 3186 1584 gravata
3209 1523 3316 1577 est,
3346 1514 3450 1566 hoc

1874 1618 1955 1664 est
1990 1607 2234 1679 graviter
2259 1606 2463 1661 delata.
2493 1604 2590 1662 Die
2623 1620 2751 1661 vero
2783 1620 2847 1659 ac
2890 1611 3074 1667 nocte,
3130 1602 3270 1657 dixit
3324 1617 3447 1673 pro,

1879 1708 2162 1771 perpetuo.

1947 1790 2241 1847 Conversus
2275 1807 2394 1845 sum
2438 1790 2493 1844 in
2524 1789 2790 1844 miseriam
2843 1788 2968 1842 dum
2997 1787 3281 1858 conﬁgitur
3320 1786 3449 1841 mihi

1882 1882 2057 1948 spina.
2087 1881 2379 1936 Peccatum
2420 1880 2635 1949 spinam
2665 1878 2924 1949 appellat,
2958 1878 3126 1933 veluti
3162 1892 3271 1932 non
3308 1877 3465 1931 inte-,

1876 1972 2017 2037 rius,
2066 1972 2161 2027 sed
2197 1971 2448 2027 exterius
2473 1969 2814 2041 penetrando
2844 1967 3127 2034 adnatum,
3174 1975 3231 2023 et
3285 1966 3452 2020 veluti

1877 2080 2128 2136 pungens
2159 2080 2223 2119 ac
2261 2064 2505 2119 dolorem
2539 2063 2803 2120 inferens.
2863 2062 3038 2118 lutixa
3103 2060 3235 2115 mihi
3287 2059 3457 2130 igitur

1878 2160 1981 2213 hac
2013 2158 2170 2226 spina
2199 2157 2431 2227 peccati,
2462 2155 2646 2209 omnia
2681 2169 2803 2224 quas
2835 2152 3077 2208 secunda
3133 2150 3266 2205 mihi
3316 2152 3449 2204 oiim

1876 2257 2033 2305 erant
2074 2262 2139 2302 ac
2180 2261 2467 2317 prospera,
2504 2260 2771 2302 conversa
2802 2255 2931 2301 sunt
2958 2245 3016 2299 in
3042 2243 3342 2299 miseriam.

1947 2332 2116 2389 Vens.
2145 2335 2198 2389 5.
2234 2334 2581 2404 lniquitatem
2613 2350 2784 2387 meam
2823 2334 3092 2405 cognitam
3114 2331 3211 2385 tibi
3248 2332 3373 2402 feci,
3403 2339 3455 2384 et

1885 2435 2161 2492 peccatum
2195 2441 2369 2479 meum
2433 2441 2537 2480 non
2587 2423 2866 2479 abscondi.
2913 2422 2993 2479 Ne
3035 2423 3458 2479 obmurmurare

1879 2517 2149 2587 Propheta
2173 2516 2443 2573 adversus
2476 2514 2645 2571 Deum
2682 2513 2955 2580 videatur,
2981 2528 3293 2570 sermonem
3323 2528 3450 2568 mu-

1879 2614 1983 2671 tat,
2011 2617 2065 2662 et
2096 2606 2321 2677 exponit
2347 2606 2626 2677 quomodo
2656 2606 3087 2661 misericordiam
3119 2620 3151 2659 a
3179 2605 3287 2675 Deo
3315 2618 3456 2661 con-

1880 2707 2106 2753 secutus
2141 2701 2235 2754 sit.
2269 2697 2405 2752 Dum
2440 2696 2680 2763 Nathan,
2715 2697 2917 2767 inquit,
2947 2696 3055 2753 sub
3079 2696 3185 2750 alia
3215 2711 3454 2766 persona

1880 2789 2141 2845 delictum
2162 2805 2342 2845 meum
2377 2790 2510 2844 mihi
2540 2802 2776 2845 narrans
2800 2787 3183 2857 conduxisset,
3207 2802 3271 2845 ac
3301 2789 3458 2845 dein-

1881 2896 2011 2951 ceps
2037 2879 2338 2936 addidisset
2380 2897 2394 2936 :
2430 2878 2511 2935 Tu
2538 2893 2599 2936 es
2629 2879 2699 2934 de
2723 2892 2832 2949 quo
2862 2878 2977 2934 haec
3001 2878 3285 2941 dicuntur,
3310 2878 3457 2934 indi-

1882 2976 2003 3029 ravi
2044 2974 2230 3030 statim
2264 2962 2368 3044 ego
2399 2971 2665 3029 delictum
2696 2986 2901 3039 meum,
2943 2986 3043 3026 nec
3083 2971 3298 3041 negavi.
3343 2970 3455 3026 lui-

1883 3066 2147 3136 quitatem
2179 3074 2359 3121 autem
2390 3078 2511 3120 eam
2544 3062 2844 3137 intelliges,
2893 3078 3059 3133 quam
3083 3072 3137 3118 et
3167 3070 3457 3132 peccatum

1885 3157 2203 3229 appellavit.

1956 3249 2084 3303 Dixi
2112 3248 2492 3305 :Anmmtiabo
2533 3246 2810 3301 adversum
2834 3263 2913 3301 me
2935 3246 3255 3317 injustitiam
3284 3263 3457 3301 meatu

1882 3341 2129 3396 Domino.
2156 3339 2512 3410 Cognoscens
2546 3354 2634 3393 me
2669 3339 3183 3395 condemnationem
3240 3339 3455 3395 evitare
3570 3360 3585 3369 ν

1884 3452 1994 3491 non
2028 3450 2210 3505 posse,
2248 3433 2362 3487 dixi
2416 3433 2559 3487 intra
2615 3448 2702 3487 me
2765 3433 2945 3503 ipsum
3008 3432 3061 3486 id
3112 3432 3257 3502 quod
3308 3446 3457 3486 erant

1885 3528 2130 3583 facturus
2159 3543 2175 3581 :
2200 3536 2255 3582 et
2281 3524 2469 3582 atatim
2501 3524 2792 3580 confessus
2823 3536 2942 3578 sum
2976 3523 3162 3578 dicens
3190 3540 3206 3577 :
3233 3521 3458 3577 Peccavi

1884 3619 2134 3675 Domino.

1956 3712 2024 3767 Et
2042 3721 2097 3767 tu
2124 3711 2378 3775 remisisti
2409 3712 2728 3782 impietatem
2762 3709 2939 3765 cordis
2966 3709 3090 3763 mei.
3114 3706 3219 3764 Per
3244 3706 3457 3763 Natltan

1884 3806 2101 3863 scilicet
2130 3806 2454 3877 prophetam
2488 3806 2763 3862 dicentem
2793 3822 2807 3858 :
2850 3800 2918 3855 Et
2950 3801 3205 3856 Dominus
3240 3799 3461 3855 abstulit

1884 3907 2155 3969 peccatum
2183 3910 2332 3953 tuum
2370 3896 2671 3953 ".Cordis
2722 3903 2904 3950 autem
2950 3893 3281 3963 impietatem
3334 3891 3460 3947 ideo

1886 3996 2173 4061 peccatum
2216 3989 2473 4059 appellat,
2501 3989 2631 4058 quia
2664 3987 2721 4042 in
2747 3986 2914 4042 corde
2961 3999 3066 4042 suo
3100 3984 3281 4042 nullas
3310 3984 3459 4039 veri-

1888 4091 1975 4138 tus
2012 4082 2191 4138 fuerat
2227 4083 2372 4153 leges
2410 4097 2440 4136 a
2498 4083 2610 4137 Deo
2639 4081 2779 4135 latas
2814 4078 2882 4135 de
2918 4077 3235 4143 homicidio,
3265 4083 3362 4131 aut
3392 4076 3461 4130 de

1886 4174 2180 4228 adulterio.
2222 4172 2510 4235 “emisisti
2563 4182 2771 4237 autem,
2824 4171 2931 4226 hoc
2981 4179 3088 4238 est,
3140 4170 3457 4241 pepercisti.

1883 4265 2069 4335 Aliqui
2099 4264 2376 4329 dubitant,
2414 4264 2691 4334 quomodo
2743 4262 2789 4317 si
2833 4264 3125 4317 remissum
3174 4261 3225 4317 ei
3276 4262 3460 4317 fuerat

1887 4366 2194 4428 peccatum,
2226 4368 2505 4427 gravatam
2544 4354 2894 4426 postmodum
2945 4368 3069 4408 esse
3105 4354 3250 4408 dicat
3294 4367 3461 4422 super

1887 4462 1947 4504 se
1974 4463 2193 4503 manum
2236 4448 2357 4502 Dei.
2393 4447 2458 4500 Et
2486 4447 2740 4506 dicimus.
2768 4444 2914 4515 quod
2950 4452 3236 4514 postquam
3268 4444 3461 4500 beatus

214 4539 286 4611 τῷ
312 4539 508 4595 Νάθαν
543 4539 703 4610 δίκην
731 4539 1005 4604 εὐθύνων,
1051 4540 1373 4609 ἀπεφήνατο
1423 4538 1607 4609 ἔνοχον
1642 4536 1778 4593 εἶναι

1890 4539 2061 4596 David
2093 4554 2317 4597 causam
2361 4539 2510 4593 illam
2548 4551 2577 4591 ιι
2620 4536 2886 4609 propheta
2915 4534 3130 4591 Natbau
3164 4534 3457 4591 confictam

214 4632 304 4685 καὶ
342 4631 425 4704 (9)
457 4631 689 4686 θάνατον
717 4632 812 4685 καὶ
840 4631 1046 4702 ζημίαν
1094 4630 1187 4685 τὸν
1214 4628 1359 4684 οὕτω
1384 4628 1783 4700 πεπλημμελη-

215 4719 342 4776 κότα
366 4736 382 4752 ·
406 4720 508 4774 τὸν
548 4720 648 4791 μὲν
678 4720 907 4773 θάνατον
949 4720 1151 4774 αὐτίκα
1187 4719 1570 4790 συνεχωρήθη,
1605 4719 1694 4772 διὰ
1725 4720 1785 4770 τὸ

1882 4646 2030 4690 recte
2073 4633 2455 4697 intellexisset,
2522 4642 2573 4688 et
2622 4633 2886 4702 Stipant",
2944 4630 3089 4700 quod
3146 4628 3466 4699 deliquisset

1885 4734 1995 4780 non
2027 4725 2224 4779 mortis
2248 4733 2486 4789 tantum,
2519 4722 2613 4779 sed
2647 4737 2804 4778 noxa:
2832 4722 2996 4777 etiam
3031 4734 3186 4777 reum
3219 4735 3342 4777 esse.
3370 4721 3464 4791 ιιι-

216 4813 414 4885 θερμὸν
473 4814 568 4868 καὶ
615 4792 904 4883 ἐγκάρδιον
948 4810 1050 4881 τῆς
1078 4810 1557 4882 ὲξομολογήσεως’
1601 4808 1700 4880 τὴν
1729 4808 1778 4861 δὲ

1890 4817 2157 4884 dicasset;
2194 4833 2344 4873 mors
2376 4817 2595 4887 quidem
2649 4818 2701 4872 ei
2734 4817 2919 4872 statim
2971 4813 3199 4869 remissa
3244 4823 3350 4877 est,
3393 4814 3467 4868 oh

215 4904 417 4975 ζημίαν
470 4902 749 4976 ἀπῃτήθη,
800 4902 891 4956 διὰ
943 4901 1055 4955 τῶν
1113 4901 1413 4972 μετέπειτα
1465 4899 1783 4972 συμφορῶν,

218 4995 351 5049 κατὰ
378 4994 482 5065 τὴν
510 4994 722 5049 οἰκείαν
748 4993 1046 5063 ἀπόφασιν,
1077 4992 1167 5047 ἵνα
1211 4992 1287 5065 μὴ
1315 4990 1501 5046 τέλεον
1548 4992 1642 5045 καὶ
1691 4990 1787 5044 τά·

219 5102 330 5154 χιον
347 5085 709 5156 ἀπαλλαγεὶς,
738 5085 1050 5140 ἐπιλάθοιτο
1071 5083 1292 5169 ῥαδίως,
1315 5084 1411 5139 καὶ
1440 5082 1601 5138 πάλιν
1624 5083 1793 5154 ὲμπέ·

220 5191 324 5234 σοι.

298 5452 469 5523 Ὑπὲρ
501 5453 723 5521 ταύτης
743 5455 1141 5521 προσεύξεται
1173 5455 1291 5524 πᾶς
1322 5458 1491 5525 ὅσιος
1510 5460 1579 5513 ἐν
1606 5457 1788 5527 καιρῷ

321 5569 370 5603 δ’
401 5565 447 5621 ιι
468 5565 599 5639 Reg.
629 5581 729 5633 χιι,
762 5566 854 5620 15.

1883 4920 2197 4978 promptam
2252 4919 2418 4979 atque
2471 4908 2733 4962 humilem
2797 4906 2984 4962 cordis
3038 4905 3464 4968 confessionem,

1890 4997 2154 5056 daninum
2186 5014 2316 5054 vero
2349 5001 2415 5055 ab
2454 5014 2520 5055 co
2567 5009 2821 5055 exactum
2856 5009 2963 5065 est,
3003 5013 3098 5066 per
3140 5001 3467 5055 subsecutus

1892 5091 2257 5156 calamitates,
2303 5092 2456 5161 juxta
2517 5092 2796 5162 propriam
2830 5093 3182 5154 sententiam,
3232 5105 3300 5146 ne
3349 5098 3460 5144 tam

1890 5182 2166 5247 celeriter,
2196 5193 2359 5253 atque
2385 5185 2439 5238 in
2473 5192 2648 5239 totum
2674 5184 2961 5247 liberatus,
3007 5190 3217 5236 tantum
3254 5180 3467 5235 facinus

1892 5290 1957 5330 ac
1992 5283 2203 5329 tantum
2235 5276 2561 5333 beneﬁcium
2597 5276 2861 5331 oblivioni
2895 5274 3117 5330 facilius
3153 5271 3459 5339 mandaret,

1892 5381 1946 5425 et
1975 5384 2165 5423 rursus
2199 5369 2251 5422 in
2277 5369 2469 5423 cadent
2506 5368 2769 5423 incideret
2795 5366 3013 5421 delicta.

1972 5460 2140 5516 Vsus.
2173 5462 2227 5515 6.
2275 5458 2382 5515 Pro
2423 5461 2523 5515 hac
2569 5460 2738 5514 orabit
2772 5459 2844 5512 ad
2877 5469 2924 5512 te
2956 5458 3128 5513 omnis
3156 5463 3369 5513 sanctus
3411 5457 3464 5511 in

1544 5656 1743 5719 Variae
1805 5657 2138 5723 lectiones.

288 5736 369 5793 (8)
401 5738 485 5793 ισ.
517 5738 637 5793 τοῦ.

284 5796 369 5879 (9}
402 5808 607 5864 Mallem
625 5808 857 5862 θανάτου
887 5807 1004 5872 καὶ,
1030 5805 1112 5861 Vel
1137 5807 1353 5878 θανάτῳ
1378 5806 1471 5861 καὶ
1500 5808 1694 5880 ζημίᾳ,
1728 5821 1778 5865 ιιι

1890 5810 1987 5868 ibet
2013 5811 2154 5886 alius
2183 5813 2379 5869 codex.

460 5903 738 5965 ΡΑτιιοῑ..
785 5903 903 5963 Gn.
945 5899 1289 5964 CXXVIII.

2955 5903 3036 5962 12
