3916 6568
438 389 546 452 36⁸7

1705 399 2091 461 FUTHYMII
2128 400 2488 461 ZIGABENI

3607 398 3703 461 363

437 519 570 561 vere
607 503 828 575 adjuvat
859 519 913 561 et
942 504 1222 562 victoriam
1246 514 1500 579 'prtrstat.
1531 507 1719 580 Neque
1748 508 1894 565 enim
1929 519 2015 564 aut

2131 510 2237 564 τῶν
2292 509 2499 564 ἄλλων·
2546 507 2671 563 οὔτε
2728 507 2838 579 γὰρ
2891 507 3064 578 ίσχὺς,
3126 506 3249 563 οὔτε
3286 508 3539 582 στρατὸς,
3588 511 3700 566 οὔτε

436 595 724 666 fortitudo,
756 608 847 653 aut
880 599 1182 666 eset-citus,
1247 611 1342 657 aut
1392 601 1620 668 divitiae,
1688 611 1784 658 aut
1815 603 2019 659 mmnia

438 691 648 761 aliquid
680 700 811 748 tunc
840 692 949 749 illis
988 692 1338 763 proluerunt.

512 783 698 840 Rectus
743 784 890 840 decet
934 784 1198 842 laudatio.
1252 785 1353 843 Per
1397 788 1819 845 exsultationem:
1871 790 2016 846 enim

436 876 807 937 laudationem
840 879 1193 949 signiﬁcavit.
1218 880 1354 936 Nam
1401 884 1493 953 qui
1522 884 1706 953 aliqua
1742 885 1795 939 in
1831 901 1891 942 re
1919 902 2018 941 cx-

437 968 626 1033 sultat,
682 970 911 1026 omnino
966 986 1087 1026 eam
1142 971 1329 1028 laudat
1361 991 1374 1028 :
1405 983 1461 1029 et
1506 974 1633 1045 quia
1682 976 1819 1033 solis
1878 977 2017 1032 viris

436 1061 638 1115 virtute
672 1063 917 1133 przeditis
974 1065 1401 1123 exsultationem
1432 1068 1759 1139 hujusmodi
1807 1083 1873 1124 ac
1901 1069 2019 1124 latt-

432 1154 706 1212 datiunem
750 1158 1025 1227 apposuit,
1059 1173 1285 1214 causam
1327 1161 1511 1217 statim
1551 1163 1765 1218 addidit
1802 1164 2015 1232 dicens,

434 1247 579 1318 quod
631 1264 729 1305 eos
777 1252 1054 1321 praecipue
1112 1251 1270 1308 decet
1322 1260 1382 1307 ut
1433 1252 1602 1309 Deum
1652 1255 2016 1328 laudent,qui

435 1350 582 1396 recte
641 1355 705 1397 ac
740 1342 880 1398 duce
908 1343 1025 1415 ipsa
1057 1344 1249 1400 vivunt
1280 1346 1505 1402 virtute.
1537 1348 1730 1418 Neque
1755 1350 1927 1416 enim,
1959 1358 2020 1406 ut

435 1432 565 1488 alibi
618 1432 842 1500 dicitur,
877 1433 1121 1490 formosa
1171 1447 1257 1491 est
1312 1436 1432 1494 laus
1472 1438 1526 1493 in
1558 1454 1654 1494 ore
1689 1441 2015 1509 peccatoris,

436 1541 539 1582 nec
573 1542 670 1597 pes
702 1526 956 1583 obtortns
1006 1539 1159 1585 recto
1188 1531 1447 1600 congruit
1478 1532 1854 1589 ealceamento
1882 1553 1897 1590 :
1932 1550 2017 1590 re-

434 1627 560 1677 ctus
583 1629 767 1675 autem
795 1628 882 1675 est
910 1620 1177 1687 Dominus
1219 1622 1365 1680 Deus
1398 1634 1604 1692 noster,
1640 1635 1695 1682 et
1730 1627 2016 1683 rectitudi-

437 1725 536 1766 nes
569 1711 702 1766 vidit
724 1712 908 1769 vultus
929 1712 1074 1784 ejus.
1104 1714 1305 1771 Contra
1336 1732 1465 1773 vero
1488 1718 1738 1775 diabolus
1756 1721 2015 1791 obliquus

435 1817 499 1858 ac
530 1796 816 1860 t’ortunsus
844 1812 950 1872 est,
988 1814 1045 1860 ut
1072 1821 1301 1878 serpens
1332 1824 1346 1863 :
1392 1819 1558 1879 atque
1585 1810 1707 1866 ideo
1740 1812 1826 1869 sui
1853 1812 2013 1867 simi-

436 1897 583 1955 lihus
607 1897 935 1954 delectatur.

504 1985 670 2044 Vens.
705 1989 760 2043 2.
803 1989 1145 2059 Conﬁtemini
1169 1990 1397 2047 Domino
1438 1994 1491 2048 in
1524 1995 1756 2060 cithara,
1790 1996 1843 2050 in
1870 1997 2018 2065 psal-

372 2136 377 2145 ,
434 2081 566 2136 terio
599 2080 774 2136 decem
810 2082 1129 2137 chordarum
1157 2085 1371 2152 psallite
1402 2085 1468 2140 ei.
1505 2086 1763 2157 Antiquis
1794 2089 1874 2144 lex
1899 2084 2031 2146 erat

438 2184 500 2230 ut
534 2175 703 2231 Deum
745 2175 1034 2232 laudarent
1058 2181 1111 2232 in
1139 2178 1355 2233 cithara
1390 2190 1443 2233 ct
1469 2181 1521 2233 in
1556 2182 1821 2250 psalterio
1849 2196 2018 2252 atque

434 2270 489 2324 in
546 2268 670 2325 aliis
711 2269 942 2327 musicis
994 2270 1399 2339 instrumentis,
1448 2274 1913 2343 quemadmodum
1960 2276 2018 2331 in

436 2363 715 2419 l‘rommio
767 2364 953 2433 operis
1010 2363 1361 2431 tradidimus,
1400 2364 1662 2423 docentes
1719 2383 2015 2437 quamnam

433 2454 803 2510 diﬁ‘erentiam
838 2455 1036 2510 haheat
1085 2456 1407 2524 psalterium
1441 2458 1508 2512 ad
1544 2459 1650 2514 alia
1683 2461 1894 2515 musica
1930 2460 2019 2515 in-

434 2556 764 2602 strumenta.
794 2545 960 2602 Juxta
991 2561 1293 2617 anagogem
1331 2564 1427 2618 per
1455 2549 1746 2615 citharam,
1775 2568 1895 2622 qua:
1928 2552 2017 2606 in-

434 2638 588 2696 ferne
619 2640 893 2708 pulsatur,
921 2639 1098 2709 ipsum
1133 2654 1429 2708 possumus
1459 2655 1659 2711 corpus
1689 2643 2020 2715 intelligere,

433 2732 561 2801 quia
592 2729 678 2802 [nt
732 2730 913 2801 inquit
962 2747 1195 2803 magnus
1228 2731 1486 2806 Basilius]
1521 2733 1576 2788 in
1617 2735 1827 2790 cithara
1856 2746 2020 2808 atque

438 2827 493 2879 in
524 2825 640 2896 lyra
667 2839 743 2879 ars
777 2823 1007 2879 inferius
1035 2834 1256 2880 resonat
1290 2825 1357 2880 ad
1389 2826 1673 2895 plectrum.
1704 2826 2012 2886 Cunlitemi.

438 2919 496 2977 ni
519 2918 688 2988 igitur
721 2916 981 2978 Domino,
1012 2916 1118 2972 hoc
1149 2925 1253 2982 est,
1285 2918 1507 2973 Gratias
1529 2919 1579 2974 ei
1605 2920 1775 2990 agite,
1813 2937 1910 2978 vos
1936 2924 2018 2977 nio

438 3010 661 3073 mirum,
688 3008 1003 3079 quicunque
1032 3008 1102 3063 ab
1123 3008 1507 3067 intellectualis
1537 3011 1744 3083 Assyrii
1775 3013 2022 3076 obsidio-

438 3118 508 3158 ne
560 3104 882 3158 admirande
928 3101 1142 3157 liberati
1189 3103 1371 3159 estis:
1405 3112 1459 3157 et
1508 3104 1745 3174 primum
1795 3106 2017 3176 quidem

436 3197 561 3267 ipso
612 3208 867 3265 corpore,
921 3193 1249 3264 jejunando,
1301 3193 1503 3262 ﬂendo,
1548 3196 1699 3251 humi
1742 3197 2019 3263 cubando,

435 3286 721 3359 psallendo
748 3286 933 3347 etiam.
966 3286 1069 3340 hoc
1096 3293 1202 3350 est,
1226 3286 1474 3342 canendo
1508 3304 1522 3341 :
1564 3288 1609 3343 si
1644 3303 1751 3357 qua
1782 3297 1983 3357 praeter

433 3395 500 3435 ea
538 3380 648 3435 alia
705 3388 837 3436 sunt
892 3378 1059 3443 dona,
1112 3394 1237 3450 quae
1284 3379 1353 3435 ad
1407 3381 1693 3435 mortalem
1747 3382 2022 3450 pertinent

432 3473 713 3537 virtutem,
750 3480 805 3527 et
860 3471 1063 3542 quibus
1115 3471 1200 3542 agi
1254 3480 1484 3540 possunt
1516 3473 1711 3544 gratia:
1742 3470 1875 3538 Deo,
1903 3472 2020 3528 haec

435 3564 618 3620 omnia
653 3563 763 3619 Deo
789 3561 998 3619 oﬁ'erte.
1024 3560 1129 3618 Per
1152 3564 1474 3634 psalterium
1500 3572 1683 3618 autem
1703 3563 2019 3621 intellectus

433 3657 839 3729 signiﬁcatur;
913 3655 1044 3726 quia
1098 3655 1564 3725 quemadmodum
1625 3654 1682 3710 in
1749 3653 2019 3711 Psalterio

433 3749 627 3803 decem
677 3747 898 3803 chordae
937 3746 1320 3810 intenduntur,
1357 3761 1479 3816 quae
1514 3747 1664 3811 soni,
1693 3761 1791 3802 seu
1821 3762 2017 3803 vocum

433 3857 634 3898 causas
665 3854 903 3911 superne
936 3838 1159 3902 habent,
1194 3850 1253 3893 ut
1280 3839 1408 3895 alibi
1442 3838 1704 3907 diximus,
1763 3839 1836 3895 ita
1860 3840 2022 3897 intel-

435 3933 603 3990 lectui
662 3941 855 3989 nostro
881 3932 1070 3986 decem
1137 3930 1392 4001 adjacent
1437 3930 1635 4001 legalia
1698 3940 1969 4003 praecepta
1999 3972 2017 3999 ,

436 4044 677 4101 superne
704 4027 864 4084 nobis
892 4042 922 4080 a
956 4027 1069 4081 Deo
1096 4023 1183 4097 [ut
1209 4025 1283 4078 ita
1312 4023 1518 4098 dicam]
1556 4025 1809 4081 iusonata
1844 4042 1859 4080 :
1894 4041 2017 4097 qua:

432 4125 529 4193 qui
580 4120 980 4185 observaverit,
1025 4133 1120 4189 per
1159 4118 1378 4172 illorum
1417 4117 1814 4190 symphonias,
1850 4126 2015 4189 atque

434 4223 735 4272 concentus
775 4212 1121 4283 spiritualem
1142 4220 1304 4280 atque
1335 4209 1757 4266 intellectualem
1787 4218 2011 4265 cantum

2044 1880 2092 1939 B

2130 602 2383 669 πλοῦτος,
2407 601 2533 656 οὔτε
2564 603 2761 673 τεῖχος,
2790 600 3063 672 ὠφέλησε.

2203 784 2327 852 Τοῖς
2357 784 2563 841 εὺθέσι
2598 782 2808 854 πρέπει
2861 782 3120 849 αινεσις.
3173 783 3271 838 Διὰ
3308 783 3404 838 τοῦ
3449 785 3704 854 ἀγαλλιῶ-

2122 875 2244 947 σθε,
2276 877 2368 931 καὶ
2396 877 2456 932 τὸ
2487 878 2689 930 αίνεῖτε
2718 876 3052 948 δεδήλωκεν·
3081 877 3110 930 δ
3145 878 3254 946 γὰρ
3298 875 3701 948 ἀγαλλιώμενος

2128 972 2221 1025 ὲπί
2253 989 2382 1035 τινι,
2414 972 2622 1044 χαίρων
2658 973 2873 1025 ἐπαινεῖ
2909 970 3062 1025 αὑτό.
3108 969 3262 1024 Ἐπεὶ
3291 971 3349 1025 δὲ
3373 973 3488 1035 τοῖς
3520 972 3703 1043 ἐναρέ-

2124 1082 2239 1129 τοις
2283 1063 2466 1134 μόνοις
2510 1065 2745 1136 ἀνέθηκε
2787 1064 2887 1135 τὴν
2936 1062 3258 1133 ἀγαλλίασιν
3289 1064 3386 1119 καὶ
3420 1063 3514 1117 τὸν
3541 1059 3700 1127 αἶνον,

2125 1157 2307 1227 τίθησι
2341 1158 2434 1211 καὶ
2458 1156 2557 1229 τὴν
2583 1157 2785 1221 αἰτίαν,
2818 1157 3015 1226 λέγων,
3062 1157 3145 1211 ὅτι
3175 1160 3288 1221 τοῖς
3311 1157 3489 1228 ὀρθῶς
3537 1156 3703 1228 βιοῦσι

2128 1250 2386 1323 πρέπειή
2412 1250 2506 1305 τοῦ
2537 1249 2673 1304 Θεοῦ
2704 1250 2933 1313 αῖνεσις.
2978 1251 3051 1304 Οὐ
3105 1253 3216 1323 γὰρ
3242 1252 3471 1320 ὡραῖος,
3523 1252 3701 1320 φησὶν,

2126 1339 2275 1408 αἶνος
2306 1345 2364 1398 ὲν
2401 1345 2634 1415 στόματι
2661 1341 3012 1415 ἀμαρτωλοῦ,
3060 1343 3156 1396 καὶ
3187 1342 3404 1407 σκολιὸς
3437 1345 3573 1407 ποὺς
3610 1344 3702 1398 οὐκ
3756 1396 3760 1400 Α

2126 1434 2499 1508 ὲναρμῦζηται
2524 1436 2671 1508 ὀρθῷ
2704 1435 3018 1507 ὑποδήματι
3040 1448 3055 1465 ο
3091 1434 3256 1499 εὐθὺς
3309 1435 3419 1507 γὰρ
3452 1434 3701 1507 Κύριοςὸ

2125 1528 2257 1594 Θεὸς
2285 1530 2472 1600 ἡμῶν·
2503 1528 2806 1600 εὐθύτητας
2833 1525 2944 1583 οἶδε
2973 1528 3036 1582 τὸ
3074 1528 3372 1599 πρόσωπον
3421 1529 3610 1583 αὐτοῦ.
3650 1532 3701 1585 '0

2124 1620 2181 1674 δὲ
2233 1619 2504 1687 διάύολος,
2541 1620 2755 1685 σκολιὸς
2795 1619 2941 1692 ὄφις,
2998 1620 3234 1686 καὶτοῖς
3279 1622 3491 1694 ὁμοίοις
3519 1623 3702 1695 ἥδεται

2126 1712 2382 1775 σκολιοῖς.

2207 1985 2708 2058 Ἑξομολογεῖσθε
2740 1984 2822 2053 τῷ
2856 1986 3053 2055 Κυρίῳ
3087 1985 3157 2041 ἐν
3189 1985 3426 2055 κιθάρᾳ,
3460 1985 3534 2040 ἐν
3557 1989 3701 2056 ﬁal-

2120 2082 2303 2152 τηρίφ
2333 2081 2683 2152 δεκαχόρδῳ
2712 2082 2951 2151 ψάλατε
2979 2080 3162 2147 αὐτῷ.
3214 2079 3339 2145 Τοῖς
3391 2081 3515 2135 τότε
3548 2080 3653 2151 γὰρ
3678 2084 3702 2133 ὁ

2119 2175 2283 2246 νόμος
2311 2170 2404 2246 ἦν,
2431 2175 2623 2244 ύμνείν
2662 2174 2754 2227 τὸν
2771 2173 2906 2227 Θεὸν
2938 2175 2996 2226 ὲν
3026 2172 3249 2243 κιθάρᾳ,
3279 2170 3374 2225 καὶ
3401 2170 3699 2243 ψαλτηρξῳ,

2119 2267 2216 2321 καὶ
2241 2269 2357 2331 τοῖς
2385 2266 2570 2331 ἄλλοις
2597 2269 2879 2336 μουσικοῖς
2910 2265 3185 2336 ὀργάνοις,
3215 2265 3290 2330 ὡς
3321 2267 3379 2318 ἐν
3408 2263 3484 2333 τῷ
3524 2281 3698 2334 πρασι-

2123 2363 2232 2434 μίῳ
2252 2364 2352 2433 τῆς
2376 2360 2661 2432 παρούσης
2694 2359 2881 2432 βίῦλου
2908 2358 3097 2429 σαφῶς
3119 2358 3437 2429 ἐξεθέμεθα,
3462 2355 3700 2423 διδάξαν-

2115 2471 2208 2519 τες
2255 2456 2350 2508 καὶ
2379 2454 2541 2509 ποίαν
2580 2454 2847 2525 διαφορὰν
2877 2452 2990 2524 ἔχει
3035 2452 3096 2506 τὸ
3137 2452 3440 2524 ψαλτήριον
3478 2452 3612 2524 πρὸς
3639 2451 3696 2505 τὰ

2119 2547 2276 2603 ἄλλα.
2323 2548 2445 2620 Χρὴ
2479 2547 2536 2601 δὲ
2584 2545 2896 2617 γινώσκειν,
2952 2545 3045 2600 καὶ
3096 2546 3462 2614 ἁναγωγικῶς
3509 2546 3697 2598 εἰπεῖν.

2120 2642 2371 2711 Κιθάραν
2397 2642 2494 2712 μὲν
2533 2641 2643 2694 νόει
2675 2655 2768 2705 μοι
2807 2640 2867 2694 τὸ
2898 2639 3081 2709 σῶμα.
3106 2639 3195 2692 διὰ
3226 2639 3287 2692 τὸ
3312 2638 3564 2692 κάτωθεν
3582 2638 3699 2708 ἡμῖν

2122 2732 2571 2805 συμπεπλάσθαι.
2620 2732 2761 2803 Φησὶ
2791 2731 2901 2803 γὰρ
2931 2734 2959 2785 ὸ
2985 2730 3159 2801 μέγας
3207 2729 3514 2794 Βασίλειος,
3540 2730 3622 2784 ὅτι
3648 2731 3697 2781 ἐν

2120 2830 2188 2897 τῇ
2237 2825 2442 2897 κιθάρᾳ
2497 2826 2591 2879 καὶ
2648 2827 2711 2895 τῇ
2742 2823 2884 2895 λύρᾳ
2939 2823 3185 2878 κάτωθεν
3218 2824 3246 2876 ὁ
3279 2820 3483 2893 χαλκὸς
3510 2820 3697 2891 ὑπηχεῖ

2121 2921 2259 2993 πρδς
2288 2919 2350 2974 τὸ
2372 2920 2667 2991 πλῆκτρον.
2703 2916 3146 2988 Ἑξομολογεῖσθε
3164 2917 3366 2981 τοίνυν,
3393 2914 3690 2979 τουτέστιν,

2120 3012 2513 3085 Εὑχαριστεῖτε
2549 3010 2624 3082 τῷ
2653 3010 2774 3083 Θεῷ
2800 3009 2888 3064 διὰ
2913 3009 3005 3064 τοῦ
3032 3008 3285 3078 σώματος
3313 3008 3561 3079 πρῶτον,
3596 3008 3693 3061 ὅσοι

2122 3103 2216 3157 τοῦ
2262 3103 2455 3173 νοητοῦ
2513 3103 2801 3174 Ἀσσυρίου
2852 3100 3175 3173 παραδόξως
3207 3101 3545 3174 ἑβρύσθητε,
3596 3094 3693 3154 οἷον

2126 3193 2437 3265 νηστεύετε,
2474 3192 2713 3258 κλαίετε,
2763 3194 3109 3264 χαμευνεῖτε,
3144 3191 3321 3263 ᾄδετε,
3359 3194 3457 3245 καί⁵
3488 3192 3588 3246 ὅσα
3606 3190 3693 3259 τῆς

2126 3287 2440 3358 πρακτικῆς
2461 3285 2665 3357 ἀρετῆς
2700 3286 3098 3356 εύχαριστήρια
3129 3284 3302 3355 δῶρα,
3340 3283 3518 3337 ταῦτα
3544 3298 3693 3353 προσ-

2124 3382 2372 3450 άγοντες.
2408 3379 2724 3450 Ψαλτήριον
2772 3377 2830 3432 δὲ
2865 3377 2997 3431 λάϐε
3034 3394 3125 3446 μοι
3173 3377 3265 3429 τὸν
3294 3376 3422 3429 νοῦν
3445 3392 3460 3405 ·
3492 3375 3569 3439 ὡς
3594 3375 3689 3442 γὰρ

2121 3473 2202 3544 τῷ
2231 3472 2478 3542 μουσικῷ
2499 3470 2789 3542 ψαλτηρίῳ
2839 3469 2971 3523 δέκα
2997 3469 3095 3540 μὲν
3121 3468 3458 3520 ὲνετείνοντο
3476 3464 3685 3537 χορδαί·

2123 3564 2331 3620 ἄνωθεν
2361 3563 2419 3619 δὲ
2451 3563 2550 3628 τὰς
2579 3562 2838 3634 ἀφορμὰς
2872 3556 2986 3633 εἶχε
3038 3560 3149 3614 τῶν
3195 3558 3476 3631 φθόγγων,
3525 3558 3598 3622 ὡς
3639 3557 3690 3609 ἐν

2122 3657 2202 3728 τῷ
2226 3655 2521 3729 δηλωθέντι
2548 3653 2820 3726 προοιμίῳ
2841 3652 3197 3724 λεπομερῶς
3214 3648 3688 3723 παραδεδώκαμεν,

2123 3749 2271 3804 οὓτω
2299 3749 2395 3803 καὶ
2429 3748 2490 3801 ὲν
2517 3747 2594 3818 τῷ
2621 3745 2703 3801 νοῒ
2732 3745 2863 3800 δέκα
2891 3746 2989 3817 μὲν
3010 3745 3320 3799 ἐπίκεινται
3348 3744 3535 3807 vomat
3556 3742 3689 3794 ἑντο·

2123 3842 2247 3897 λαί·
2279 3842 2487 3897 ἄνωθεν
2544 3841 2601 3896 δὲ
2647 3840 2799 3914 παρὰ
2838 3838 2976 3895 Θεοῦ
3007 3838 3387 3912 ὲνηχήθησαν,
3410 3836 3477 3900 ἃς
3500 3835 3689 3905 quid:-

2124 3952 2233 3990 των
2254 3934 2341 3989 διὰ
2364 3934 2465 4004 τῆς
2495 3933 2819 4004 συμφωνίας
2859 3932 3061 3995 αὐτῶν,
3092 3930 3289 4001 ψάλλει
3321 3928 3401 4001 τῷ
3435 3916 3552 3998 Θεῷ
3575 3942 3689 3996 νοηο

2123 4026 2214 4081 τδν
2269 4025 2453 4099 μέλος.
2496 4026 2629 4080 Ἀπὸ
2657 4024 2791 4095 γοῦν
2813 4024 2915 4097 τῆς
2938 4023 3171 4096 κιθάρας
3193 4022 3380 4078 ἔλθετε
3405 4024 3500 4077 καὶ
3526 4020 3614 4074 ἐπὶ
3634 4019 3688 4071 τὸ

2120 4117 2441 4190 ψαλτήριον,
2471 4118 2565 4172 καὶ
2598 4115 2806 4189 ψάλατε
2832 4117 3057 4191 νοερῶς,
3115 4116 3203 4172 διὰ
3248 4116 3350 4188 τῆς
3389 4112 3683 4187 πρακτικῆς

2122 4212 2344 4283 ἀρετῆς.

358 4364 361 4369 .
432 4311 542 4367 Deo
563 4320 746 4367 canet.
772 4310 816 4364 A
843 4309 1057 4366 cithara
1091 4308 1256 4379 igitur
1285 4307 1537 4363 accedite
1563 4308 1631 4362 ad
1667 4308 2014 4378 psalterium,
2055 4318 2103 4365 et
2139 4324 2236 4380 per
2258 4311 2669 4382 contemplandi
2700 4310 2960 4366 virtutem
3024 4309 3242 4382 psallite
3309 4323 3437 4364 cum
3506 4301 3686 4362 intelli-

428 4409 610 4479 gentia
638 4421 985 4479 quaecunque
1005 4405 1227 4460 canitis.
1630 4468 1633 4471 _

503 4507 671 4562 Vsus.
697 4506 750 4560 '5.
773 4503 1001 4559 Cantate
1038 4501 1261 4557 Domino
1296 4499 1564 4555 canticum
1589 4515 1802 4555 novum.
1842 4498 2009 4555 Juxta

2194 4500 2421 4570 ’ᾼσατε
2469 4496 2634 4563 αὐτῷ
2681 4493 2847 4567 ᾆσμα
2897 4494 3132 4553 καινόν.
3207 4492 3521 4564 ’ίστορικῶς
3576 4493 3680 4563 μὲν.

432 4600 680 4657 historiae
735 4612 985 4659 sensum,
1039 4610 1238 4650 novum
1293 4595 1571 4649 canticum
1630 4592 1789 4659 dicit,
1841 4593 2011 4648 veluti

2131 4590 2437 4662 πρόσφατον
2469 4590 2562 4645 ἐπὶ
2600 4590 2902 4661 προσφάτῳ
2932 4588 3422 4660 τερατουργήματι
3443 4604 3458 4620 ο
3487 4588 3681 4655 ἀναγω-

433 4697 502 4750 de
526 4691 734 4747 recenti
801 4704 865 4744 ac
892 4702 1067 4758 nuper
1100 4687 1490 4757 compositum,
1516 4687 1585 4741 oh
1629 4685 2014 4740 admirandum

2131 4684 2297 4754 γικῶς
2326 4685 2404 4749 δὲ,
2433 4685 2503 4738 τὰ
2531 4685 2900 4755 Χριστιανικὰ
2938 4684 3159 4753 νοητέον
3184 4681 3433 4754 ᾅσματα,
3466 4682 3568 4736 ὃσα
3607 4676 3675 4747 τῷ

434 4784 697 4841 nimirum
738 4781 830 4834 Dei
852 4796 991 4850 opus
1021 4795 1131 4847 quo
1160 4795 1189 4834 a
1213 4789 1323 4834 tam
1357 4776 1552 4848 grandi
1578 4776 1798 4833 fuerant
1854 4778 2015 4850 Assy-

2131 4776 2317 4849 Κυρίῳ
2351 4779 2401 4831 οἱ
2428 4778 2612 4832 πιστοὶ
2645 4777 2977 4846 συνέθηκαν.
3007 4775 3185 4830 Καινὰ
3213 4776 3321 4846 γὰρ
3353 4774 3528 4831 ταῦτα
3562 4770 3681 4842 πρὸς

435 4876 641 4931 riornm
684 4872 974 4927 obsidione
1035 4870 1286 4937 liberati;
1335 4869 1492 4939 juxta
1536 4883 1822 4940 anagogen
1863 4886 2015 4934 vero,

2131 4872 2193 4924 τὰ
2221 4871 2322 4941 τῆς
2354 4872 2591 4933 παλαιᾶς
2611 4868 2960 4940 νομοθεσίας.

375 5033 380 5036 _
431 4972 876 5032 Christianorum
899 4967 1390 5037 cantusintelligit,
1414 4981 1780 5038 quoscunque
1801 4967 2014 5022 scilicet
2056 4967 2245 5024 ﬁdeles
2285 4977 2741 5041 composuerunt,
2774 4965 2868 5037 qui
2899 4965 3024 5020 novi
3082 4974 3212 5022 sunt
3288 4964 3683 5036 comparatione

434 5071 790 5140 antiquorum
836 5061 1252 5117 mandatorum.

442 5162 449 5167 ⁷
500 5163 640 5219 Bene
676 5157 893 5231 psallite
924 5156 971 5210 ei
1008 5154 1061 5207 in
1086 5152 1487 5222 uociferatione.
1544 5152 1889 5210 Vociferatio
1932 5163 2018 5209 est

432 5256 769 5330 ingeminata
790 5252 1035 5307 militum
1061 5263 1189 5312 vox,
1218 5262 1341 5318 qua:
1371 5249 1640 5304 adversus
1684 5248 1879 5303 hostes
1911 5262 2013 5301 au-

430 5352 642 5407 daciam
672 5352 916 5418 praestat.
950 5342 1058 5398 Per
1090 5341 1409 5411 hujusmodi
1460 5355 1592 5396 vero
1657 5338 2013 5396 vociferatio-

431 5460 555 5501 nem
585 5439 866 5498 conlidere
893 5453 994 5493 nos
1048 5435 1332 5500 admouet,
1363 5435 1553 5491 dicens
1574 5452 1591 5489 :
1611 5433 1838 5489 Psallite
1865 5432 2013 5502 jubi-

430 5538 567 5593 lauti
598 5550 731 5592 voce
761 5549 826 5590 ac
873 5532 1128 5587 ﬁduciam
1156 5536 1471 5596 prmstante,
1495 5536 1788 5598 postquam
1822 5526 2012 5581 hostes

430 5643 625 5687 omnes
657 5623 834 5682 territi
894 5633 1057 5693 atque
1081 5623 1137 5677 in
1169 5620 1350 5688 fugam
1383 5617 1637 5673 conversi
1671 5624 1821 5672 sunt.
1853 5614 2013 5682 Quod

434 5736 560 5776 vero
597 5719 692 5783 ait,
730 5716 868 5772 Bene
899 5715 1128 5784 psallite,
1168 5712 1313 5766 idem
1339 5719 1425 5766 est
1462 5710 1634 5782 quod,
1669 5708 2006 5772 sublimiter,

430 5828 528 5870 seu
561 5810 800 5880 egregie,
845 5816 1008 5877 atque
1033 5822 1100 5859 ex
1135 5812 1249 5858 tota
1290 5803 1495 5857 anima.

432 5922 437 5929 ί
505 5902 663 5959 Vsus.
698 5902 753 5956 4.
793 5899 934 5966 Quia
1003 5908 1204 5953 rectum
1249 5904 1328 5950 est
1386 5895 1594 5949 verbum
1658 5892 1896 5960 Domini,
1957 5902 2005 5946 et

2194 5149 2405 5216 Καὰὧς
2457 5148 2696 5218 Vitare
2738 5145 2899 5214 αὐτῷ
2950 5147 3020 5201 ἐν
3080 5144 3433 5216 ἀλαλαγμῷ.
3472 5141 3679 5198 Ἀλαλα·

2125 5245 2269 5315 γμός
2306 5246 2454 5297 ἐστιν
2490 5241 2665 5313 ἀθρόα
2688 5240 2841 5312 φωνὴ
2869 5241 2980 5294 τῶν
3008 5237 3473 5304 συνασπιζόντων,
3503 5238 3678 5306 θαρσο·

2123 5338 2275 5400 ποιὸς
2313 5337 2454 5399 κατὰ
2481 5337 2590 5389 τῶν
2617 5334 2896 5406 πολεμίων
2916 5347 2930 5362 ⁵
2962 5333 3052 5387 διὰ
3096 5332 3190 5387 τοῦ
3268 5328 3576 5402 ἀλαλαγμοῦ
3624 5325 3673 5380 δὲ

2121 5432 2180 5486 τὸ
2205 5430 2430 5503 θαρρεῖν
2462 5429 2852 5503 προτρέπεται,
2888 5426 3134 5494 Ψάλατε,
3194 5424 3392 5494 λέγων,
3432 5427 3488 5478 ὲν
3539 5417 3666 5491 φωνῇ

2121 5522 2490 5593 ἁλαλαζούσῃ,
2527 5520 2777 5573 τουτέστι
2809 5518 3112 5591 θαρσαλέα,
3143 5515 3532 5589 τροπωθέντων
3580 5510 3664 5581 ήδη

2120 5616 2233 5668 τῶν
2265 5612 2642 5684 ἐκφοϐούντων
2676 5611 2908 5684 ἐχθρῶν.
2935 5611 3010 5664 Τὸ
3054 5609 3109 5664 δὲ
3140 5606 3363 5677 καλῶς,
3414 5607 3528 5662 ἀντὶ
3568 5598 3662 5664 τοῧο

2120 5705 2563 5779 ἁμετεωρίστως,
2589 5704 2892 5776 ὁλοψύχως.
3334 5694 3337 5695 ν

2192 5890 2323 5943 Ὅτι
2358 5886 2538 5967 εὐθὺς
2563 5889 2595 5942 ὀ
2620 5888 2803 5958 ,λόγος
2828 5885 2932 5942 τοῦ
2972 5884 3193 5956 Κυρίου
3225 5883 3324 5975 καί
3379 5881 3565 5937 πάντα
3607 5870 3665 5929 τὰ
