3916 6550
249 480 377 542 369

1434 474 1825 541 COMMEN'I‘.
1871 478 1952 539 IN
1996 477 2360 540 PSALMOS.

3421 475 3532 546 370

242 590 405 659 ἔργα
431 586 619 643 αὑτοῦ
641 585 948 642 ἐνπῐστει.
979 584 1238 641 Τοιοῦτόν
1262 585 1315 640 τί
1336 602 1506 657 φησιν
1534 605 1548 618 ν
1595 586 1784 659 Ὅρθδς
1816 590 1839 642 ό

1949 590 2130 644 omnia
2159 604 2319 657 opera
2347 602 2465 659 ejus
2507 587 2559 641 in
2591 585 2717 657 ﬁde.
2747 585 2950 642 Rectus
2973 592 3080 650 est,
3113 583 3310 657 inquit,
3348 601 3534 644 sermo

243 683 437 752 λόγος,
473 682 532 736 δν
562 682 810 754 ἐμήνυσε
832 681 923 736 διὰ
954 680 1052 736 τοῦ
1093 680 1381 753 προφήτου
1428 679 1662 733 Ἥσαῑου
1712 680 1845 751 περὶ

242 776 351 830 τοῦ
384 775 613 848 λυθῆναι
641 774 743 847 τὴν
763 775 1109 846 πολιορκίαν.
1142 774 1257 829 Καὶ
1283 774 1394 828 ἰδοὺ
1421 773 1493 827 τὰ
1525 772 1664 843 ἔργα
1690 771 1844 826 ἑποί-

244 886 358 940 ησσ
388 867 534 922 κατά
564 866 674 922 τῶν
710 867 1015 941 ’Δσσυρίων
1040 868 1229 931 πιστὰ,
1261 865 1586 938 βεϐαιοῦντα
1616 865 1710 919 τὸν
1756 864 1846 918 λό-

243 968 376 1030 τον.
410 961 488 1014 ἰι
517 960 697 1015 πάντα
719 960 788 1015 τά
828 961 968 1033 ἔργα
1001 958 1168 1014 αὐτοῦ
1198 961 1255 1014 ἐν
1285 958 1468 1012 πίστει
1498 957 1628 1025 εἰσὶ,
1653 956 1844 1011 τουτέ-

242 1069 400 1118 στιν,
426 1054 511 1117 εἰς
560 1053 749 1107 πίστιν
796 1051 893 1106 τοῦ
938 1052 1281 1124 δημιουργοῦ
1328 1049 1467 1104 Θεοῦ
1504 1049 1600 1104 τὸν
1629 1048 1844 1121 ὁρῶντα

247 1144 506 1199 κινοῦσιν
527 1161 541 1176 ·
571 1145 771 1199 αὐτίκα
794 1144 927 1217 γὰρ,
959 1145 1047 1198 ῐνα
1075 1144 1123 1198 τ’
1157 1143 1297 1200 ἄλλα
1328 1141 1617 1215 παρῶμεν,
1647 1142 1712 1195 τὸ
1763 1142 1845 1195 λε-

247 1236 532 1290 πτότατον
587 1234 815 1307 κέντρον
869 1238 971 1306 τῆς
1035 1235 1302 1306 μελίσσης
1359 1234 1713 1305 σωληνοειδὲς
1758 1233 1841 1299 ὃν,
1884 1270 1889 1275 -

246 1328 402 1382 ὥστε
460 1329 533 1383 δι’
568 1329 738 1383 αὐτοῦ
782 1329 873 1383 τὸν
892 1329 972 1382 ίὸν
999 1329 1310 1401 ἐκκεῖσθαι,
1358 1328 1671 1383 διδακτικόν
1724 1328 1843 1381 ἐστι

240 1421 345 1474 τοῦ
382 1421 461 1492 μὴ
490 1422 839 1493 αὐτομάτως,
869 1423 1008 1478 ἀλλά
1052 1423 1174 1493 θεία
1214 1423 1446 1493 δυνάμει
1488 1420 1841 1493 κοιλανθῆναι

238 1514 349 1586 τὴν
388 1516 663 1588 τοσαύτην
684 1516 1013 1589 λεπτότητα.
1058 1517 1272 1579 Ἄλλως
1303 1517 1362 1570 δὲ
1391 1516 1576 1579 πάλιν,
1623 1514 1786 1587 ὀρθὸς
1813 1516 1843 1568 ό

237 1608 343 1677 τῆς
377 1608 508 1671 νέας
525 1607 798 1679 διαθήκης
813 1609 975 1677 λόγος
1003 1608 1098 1663 τοῦ
1120 1609 1395 1681 Σωτῆρος,
1433 1608 1601 1680 μηδὲν
1628 1606 1842 1661 σκολιὸν

237 1700 339 1752 καὶ
353 1700 623 1754 δύσλυτον
638 1701 799 1772 ἔχων,
826 1696 915 1756 οἶα
936 1701 1006 1755 τὰ
1019 1702 1116 1772 τῆς
1134 1702 1404 1765 numen.
1424 1700 1548 1755 Ἔτι
1564 1701 1620 1754 δὲ
1631 1704 1727 1756 καὶ
1741 1702 1842 1756 ὅσα

235 1791 514 1862 εποίησεν
536 1792 676 1863 ἔργα
705 1792 1128 1864 πολιτευόμενος
1158 1794 1215 1849 ὲν
1252 1794 1437 1865 σαρκὶ,
1471 1795 1725 1848 πιστοῦςι
1747 1794 1841 1849 τὸν

1948 681 2191 744 Domini,
2221 696 2384 753 quem
2407 679 2716 749 perlsaiam
2747 678 3070 749 prophetam
3089 676 3158 733 de
3178 676 3533 736 dissolvenda

1944 774 2239 830 obsidione
2276 768 2637 845 signiﬁcavit.
2679 770 2825 826 Ecce
2855 770 3005 826 enim
3035 769 3185 841 quod
3219 785 3387 840 opera
3413 787 3536 842 qua:
3577 814 3591 839 ε

1948 866 2212 923 Dominus
2246 874 2438 920 contra
2469 864 2734 938 Assyrios
2767 862 2918 928 fecit,
2954 863 3114 919 ﬁdem
3152 874 3421 934 praestant
3479 874 3536 919 ct

1945 960 2279 1014 conﬁrmant
2301 959 2451 1014 illius
2485 972 2824 1012 sermonem.
2857 954 2952 1009 Vel
3010 955 3195 1022 aliter,
3231 954 3417 1011 omnia
3475 956 3531 1011 in

1946 1052 2262 1107 universum
2307 1064 2474 1120 opera
2528 1048 2744 1105 Domini
2798 1048 2883 1104 'iu-
2939 1048 3044 1105 lide
3093 1063 3217 1104 esse
3246 1049 3531 1118 dicuntur,

1943 1142 2075 1213 quia
2105 1155 2469 1213 quoscunque
2499 1156 2563 1197 ea
2591 1150 2885 1197 cernentes
2909 1151 3129 1196 movent
3161 1140 3228 1195 ad
3261 1141 3445 1204 iidem,
3473 1152 3534 1195 ut

1946 1234 2176 1288 credant
2207 1234 2260 1288 in
2282 1233 2533 1304 epitlcem
2559 1247 2625 1288 ac
2655 1242 2966 1288 creatorem
3024 1233 3222 1289 Deum.
3272 1231 3407 1287 Nam
3445 1231 3531 1305 [ut

1944 1330 2050 1383 alia
2086 1328 2271 1384 omnia
2304 1326 2583 1400 omittam]
2632 1342 2818 1383 nonne
2878 1328 2960 1383 vel
3002 1327 3203 1383 unicus
3232 1328 3352 1397 apis
3406 1342 3536 1381 acu-

1946 1422 2090 1485 leus,
2116 1421 2210 1491 qui
2246 1420 2444 1476 ﬁstula:
2469 1421 2523 1477 in
2555 1436 2761 1481 morem
2796 1420 2977 1475 factus
3019 1428 3127 1486 est,
3192 1420 3264 1475 ita
3328 1430 3388 1475 ut
3440 1435 3534 1491 per

1943 1530 2085 1568 eum-
2122 1513 2367 1588 [tametsi
2400 1516 2665 1585 alioquin
2686 1514 3055 1570 tonuissimus
3086 1512 3215 1587 est]
3244 1514 3366 1582 apis
3436 1529 3531 1567 ve-

1942 1626 2147 1665 nenum
2196 1609 2469 1674 eﬂuudat,
2494 1610 2713 1666 abunde
2746 1610 2948 1665 docere
2974 1620 3077 1665 nos
3135 1609 3333 1679 possit,
3382 1610 3529 1680 quod

1945 1719 2053 1758 non
2089 1703 2339 1771 fortuito,
2364 1713 2459 1760 aut
2487 1721 2551 1761 ex
2586 1720 2730 1769 sese,
2759 1704 2853 1759 sed
2896 1703 3043 1774 quod
3071 1701 3257 1757 divina
3284 1702 3333 1756 vi
3366 1711 3526 1756 tanta

1942 1795 2187 1851 tenuitas
2221 1796 2385 1852 fuerit
2420 1796 2795 1867 ,coucavata?
2838 1796 2901 1850 Et
2931 1795 3126 1856 aliter:
3170 1795 3402 1850 Rectum
3439 1804 3528 1849 est

234 1881 413 1949 λόγον
438 1883 606 1938 αὐτοῦ
633 1884 1036 1955 συμφωνοῦντα
1056 1886 1229 1956 τούτῳ
1245 1901 1260 1918 ο
1292 1887 1388 1940 καὶ
1403 1886 1544 1940 αὐτὰ
1579 1886 1637 1941 δὲ
1670 1886 1838 1941 πιστά

1944 1888 2075 1945 Novi
2104 1889 2440 1946 Testamenti
2472 1906 2535 1946 ac
2577 1889 2881 1947 Salvatoris
2910 1891 3087 1947 nostri
3112 1889 3371 1954 verbum,
3391 1889 3529 1942 nihil

235 1975 416 2041 εἰσιν,
471 1974 548 2040 ὡς
604 1977 781 2047 ἀληθῆ
840 1978 936 2031 καὶ
995 1978 1389 2053 ἀναντίβρητα.
1424 1981 1497 2034 Ἦ
1524 1980 1623 2035 καὶ
1677 1979 1839 2051 λόγος

1944 1982 2257 2053 obliquum,
2297 1983 2434 2037 nihil
2479 1985 2777 2038 obscurum
2812 1983 3045 2048 habens,
3082 1995 3141 2037 ut
3192 1979 3361 2036 Vetus
3420 1980 3529 2035 lex.

235 2068 418 2132 αὐτὺς
444 2070 474 2122 ό
506 2069 656 2133 Υἱὸς,
694 2070 757 2134 ὃς
782 2071 934 2124 ἐστιν
966 2070 1149 2135 εὐθὺς,
1176 2071 1253 2137 ὡς
1272 2072 1392 2136 όδδς
1422 2072 1690 2143 ἀπλανὴς,
1744 2074 1839 2129 καὶ

1944 2073 2211 2129 Praeterea
2244 2084 2300 2130 et
2338 2090 2684 2147 qua‘runque
2716 2090 2884 2147 opera
2918 2075 3048 2130 olim
3083 2073 3217 2130 iecit
3244 2073 3528 2136 Dominus,

234 2160 483 2231 ἀλήθεια
501 2179 516 2193 ο
550 2162 723 2236 ἔφησε
744 2164 854 2235 γάρ
879 2179 897 2198 ο
934 2164 1083 2233 Ἐ’γώ
1111 2167 1229 2235 ειμι
1258 2166 1297 2234 ἠ
1329 2166 1473 2234 ὁδὸς
1495 2165 1594 2221 καί
1625 2167 1666 2235 ἡ
1693 2166 1839 2235 ἀλή-

1944 2168 2070 2222 dum
2103 2179 2529 2225 convcrsaretur
2554 2171 2609 2223 in
2635 2184 2824 2231 carne,
2868 2167 3077 2223 lideiem
3112 2167 3355 2222 reddunt
3408 2165 3530 2235 ejus

234 2256 405 2309 θεία.
470 2256 583 2311 Καὶ
610 2258 790 2311 πάντα
841 2259 945 2312 ὅσα
982 2259 1210 2329 ὲτιοίησε
1247 2261 1478 2331 σημεῖα,
1525 2259 1616 2313 διὰ
1655 2260 1839 2315 πίστιν

1944 2273 2284 2322 sermonem.
2327 2261 2457 2316 dum
2508 2261 2616 2316 sibi
2651 2275 2896 2316 consona
2929 2268 3102 2327 sunt;
3143 2267 3198 2313 et
3234 2258 3359 2312 aliis
3409 2272 3524 2311 cre-

232 2344 357 2399 τῶν
387 2346 643 2417 ὁρώντων
676 2348 961 2420 εποίησεν,
983 2350 1073 2405 ῐνα
1104 2350 1483 2406 πιστεύσωσιῦ
1510 2351 1629 2422 (10)
1649 2352 1835 2407 αὐτόν.

1944 2352 2143 2420 denda,
2189 2362 2378 2425 utpote
2409 2369 2539 2410 vera
2566 2361 2622 2407 et
2655 2353 2858 2423 quibus
2888 2351 3196 2407 contradici
3235 2367 3343 2405 non
3384 2365 3528 2420 pos-

231 2443 336 2498 sit.
369 2442 466 2498 Vel
485 2444 667 2509 aliter,
698 2461 795 2517 per
851 2444 1094 2503 Verbum
1154 2449 1271 2519 ipse
1299 2448 1474 2505 Filius
1510 2448 1926 2520 intelligendus,
1961 2457 2017 2504 et
2054 2450 2136 2506 via
2166 2466 2275 2506 non
2322 2464 2543 2516 errans,
2609 2464 2677 2504 ac
2709 2449 2939 2505 veritas.
3009 2447 3123 2522 Ego
3173 2447 3322 2503 enim
3383 2462 3523 2501 cuin.

237 2536 568 2606 iuqnit,via
621 2550 675 2596 et
729 2540 927 2597 veritas
953 2542 1025 2599 “.
1079 2541 1295 2599 Omnia
1351 2543 1516 2598 etiam
1568 2542 1727 2612 signa
1783 2556 2125 2614 qmrcunque
2191 2543 2342 2609 fecit,
2385 2543 2457 2600 ob
2510 2541 2815 2599 videntium
2892 2549 2948 2598 et
2997 2541 3311 2599 auditorum
3366 2541 3526 2597 [idem

230 2626 393 2682 facta
420 2640 576 2692 sunt.
612 2639 671 2685 ut
694 2632 906 2688 scilicet
946 2634 1237 2689 crederent
1266 2634 1322 2688 in
1351 2634 1552 2703 ipsum.

325 2723 391 2775 Ἀ
401 2722 565 2793 rami
580 2724 1004 2794 ἐλεημοσύνην
1018 2727 1115 2781 καὶ
1132 2727 1336 2795 κρίσιν
1362 2729 1395 2781 ό
1419 2727 1656 2795 Κύριος.
1674 2727 1839 2798 Ὅρα,

2014 2723 2183 2777 Vens.
2217 2720 2270 2775 5.
2301 2719 2489 2791 Diligit
2514 2719 2935 2775 misericordiam
2960 2729 3009 2776 et
3032 2721 3299 2791 judicium
3343 2721 3527 2777 Domi-

248 2812 369 2884 πρὸ
395 2815 502 2883 τῆς
532 2816 772 2887 κρίσεως
814 2818 962 2895 φιλεῖ
1025 2818 1125 2890 τὴν
1175 2818 1550 2890 ἐλεημοσύνην
1572 2835 1585 2850 ⁸
1638 2819 1720 2872 διὸ
1746 2819 1839 2873 καὶ

1944 2812 2208 2870 nus.Vide
2238 2812 2521 2883 quomodo
2568 2813 3009 2867 misericordiam
3041 2823 3326 2885 przeponat
3372 2815 3526 2885 judi-

250 2906 355 2961 ἐπὶ
386 2907 498 2960 τῶν
528 2909 979 2979 ἁμαρτανόντων,
1019 2912 1240 2981 πρῶτον
1270 2912 1370 2983 μὲν
1424 2913 1688 2983 ἀναμένει
1738 2914 1839 2984 τὴν

1944 2909 2047 2975 cio,
2079 2916 2246 2977 utque
2286 2920 2404 2960 eam
2431 2904 2572 2961 Deus
2605 2906 2774 2977 magis
2801 2906 3010 2977 diligat.
3040 2905 3151 2963 Hac
3192 2908 3394 2963 etenim
3428 2924 3486 2963 ra
3511 2937 3525 2951 ς

253 2999 563 3066 μετάνοιαν
597 3000 799 3067 αὐτῶν,
832 3003 969 3073 ὅπερ
993 3002 1144 3056 ἐστὶν
1195 3002 1590 3074 ἐλεημοσύνην
1647 3004 1839 3058 ἔπειτα

1944 3000 2092 3055 tione
2124 2999 2178 3053 in
2242 2998 2635 3069 peccatoribus
2695 2997 2841 3053 Deus
2901 3001 3142 3070 primum
3200 3011 3524 3072 exspectare

246 3090 523 3160 μένοντας
564 3092 820 3158 ἀνιάτους
858 3094 1103 3159 κολάζει,
1131 3096 1267 3167 ὅπερ
1297 3097 1412 3149 ἐστὶ
1465 3097 1721 3167 κρίσεως.
1764 3097 1836 3150 Ἦ

1944 3093 2013 3146 ab
2045 3092 2126 3147 eis
2149 3091 2311 3153 solet,
2352 3106 2421 3144 an
2450 3091 2833 3159 pmnitentiam
2862 3100 3048 3161 agant,
3083 3092 3210 3163 quia
3261 3094 3523 3148 nimirum

242 3183 349 3236 καὶ
382 3184 467 3237 ὅτι
496 3184 633 3255 ἐλέῳ
657 3187 840 3241 πᾶσαν
890 3187 1076 3259 κρίσιν
1118 3187 1286 3242 αὐτοῦ
1349 3188 1626 3259 κίρνησιν.
1688 3185 1831 3241 Ἐὰν

1948 3185 2263 3239 misericors
2291 3193 2411 3248 est;
2445 3183 2666 3245 deinde.
2707 3186 2751 3239 si
2791 3184 3224 3245 immedicabiles
3267 3202 3523 3257 perman-

242 3275 366 3345 γὰρ
404 3275 720 3346 ἀνομοίας,
784 3281 940 3350 φησι,
990 3280 1461 3351 παρατηρήσεις,
1504 3282 1701 3351 Κύριε,
1743 3281 1837 3348 τίς

1945 3277 2267 3341 seriut,cos
2334 3276 2593 3346 castigat,
2638 3275 2783 3344 quod
2838 3277 3074 3345 pertinet
3107 3275 3173 3329 ad
3227 3275 3520 3346 judicium.

242 3368 668 3435 ὑποστήσεται
690 3388 709 3437 ;
736 3372 808 3425 Ἦ
834 3373 1029 3444 ἀγαπᾷ
1057 3374 1431 3444 ἐλεημοσύνην
1454 3374 1573 3445 μὲν,
1600 3376 1682 3430 εἰς
1708 3375 1835 3439 τοῦς

1945 3368 2065 3432 Vel,
2098 3369 2223 3439 quia
2256 3368 2572 3438 cuicunque
2602 3367 2817 3438 judicio
2875 3381 2976 3422 suo
3018 3367 3160 3422 Deus
3204 3368 3522 3423 misericor-

230 3458 691 3531 διορθωθέντας·
725 3465 910 3536 κρίσιν
927 3466 1005 3529 δὲ,
1046 3469 1126 3529 είς
1151 3467 1279 3531 τοὺς
1339 3467 1719 3539 ἀδιορθὼτους.
1764 3468 1835 3521 Ἥ

1944 3460 2088 3516 diam
2114 3460 2459 3527 eummiscet,
2506 3460 2663 3527 juxta
2698 3460 2868 3515 illud:
2905 3458 2965 3515 Si
2997 3460 3305 3529 iniquitates
3349 3463 3528 3516 obser-

244 3552 409 3606 ἔλεον
442 3555 563 3624 μὲν,
596 3557 655 3609 ὲν
691 3556 767 3628 τῷ
797 3559 1027 3629 παρόντι
1061 3560 1220 3613 αίῶνι
1245 3576 1258 3589 ·
1323 3560 1407 3614 Οὐ
1455 3560 1566 3632 γὰρ
1619 3555 1834 3630 ἦλθον,

246 3644 416 3712 φησι,
442 3645 638 3712 κρῖναι
662 3646 773 3701 τὶν
798 3649 1034 3717 κόσμον
1052 3664 1065 3678 ’
1094 3649 1277 3720 κρίσιν
1291 3649 1347 3704 δὲ
1364 3650 1420 3702 ὲν
1447 3649 1525 3720 τῷ
1555 3650 1836 3721 μέλλοντι.

243 3735 512 3791 Τοιοῦτόν
544 3740 660 3791 ἐστι
698 3741 791 3791 καὶ
823 3740 884 3793 τό
910 3756 924 3772 ·
979 3742 1194 3795 ἐλεον
1222 3742 1320 3795 καί
1350 3742 1557 3807 κρίσιν
1612 3741 1842 3811 ᾄσομαι

244 3845 382 3894 σοι,
409 3831 602 3897 Κύριε.
634 3833 889 3901 ’ᾼονομαι
935 3831 992 3885 δὲ
1016 3873 1027 3895 ,
1057 3832 1182 3885 ἀντὶ
1218 3834 1334 3900 τοῦ,
1383 3834 1548 3905 ᾮδήν
1580 3851 1662 3887 σοι
1719 3851 1841 3887 ποι-

247 3924 402 3991 ήσω,
438 3924 532 3977 καὶ
568 3922 739 3994 ὕμνον
768 3926 858 3978 τὸν
885 3925 1055 3992 ἔλεον,
1100 3928 1197 3979 καὶ
1230 3927 1329 3997 τὴν
1355 3926 1564 3999 κρίσιν,
1598 3920 1731 3990 οἷον,
1752 3927 1837 3981 ὅτι

246 4011 429 4065 ἐλθὼν
455 4016 667 4082 κρίνεις
695 4016 900 4070 καθ’δν
933 4019 1245 4089 εἰρήκαμεν
1278 4019 1504 4089 τρόπον.
1553 4020 1837 4089 Κέκραται

244 4101 311 4155 δὲ
346 4105 440 4156 καὶ
463 4104 522 4157 τὸ
547 4105 696 4169 ἔλεος
725 4108 929 4179 κρίσει,
954 4108 1048 4161 καὶ
1078 4110 1111 4178 ἡ
1140 4109 1322 4180 κρίσις
1345 4110 1498 4179 ὲλέῳ,
1550 4110 1636 4163 ἴνα
1697 4110 1837 4180 μήτε

246 4195 277 4247 ὁ
329 4192 480 4259 ἔλεος
528 4197 803 4266 χαύνωσιν
860 4199 1138 4269 ἐμποιήσῃ
1195 4201 1376 4269 μόνος,
1416 4200 1554 4271 μήτε
1582 4200 1617 4271 ἡ
1649 4200 1835 4270 κρίσις

245 4284 589 4356 ἀπόγνωσιν.
658 4291 783 4345 Ἐπὶ
803 4291 861 4345 δὲ
885 4291 985 4355 τῆς
1019 4292 1336 4356 ὑποθέσεως
1373 4291 1622 4357 Ἐζεκίου
1681 4291 1835 4363 εἵλη-

247 4395 393 4432 πται
423 4380 484 4433 τὸ
513 4381 680 4453 ῥητόν
704 4399 718 4413 ⁸
750 4384 834 4437 ὅτι
869 4382 1102 4455 ἐλεήσας
1134 4384 1234 4455 τὴν
1308 4383 1669 4455 Ἰερουσαλὴμ
1734 4401 1835 4438 πο-

247 4470 674 4546 λιορκουμένην,
733 4476 1027 4548 κατέκρινε
1074 4477 1202 4541 τοὺς
1272 4470 1600 4540 ἀδικοῦντας
1662 4476 1835 4548 αὐτὴν

264 4560 619 4634 Ἀσσυρίους.

1938 3552 2159 3618 noveris,
2206 3551 2453 3617 Domine,
2512 3551 2750 3616 Domine,
2803 3552 2922 3623 quis
2973 3554 3250 3609 sustinebit
3279 3554 3369 3609 “‘3
3426 3555 3520 3611 Vel

1941 3644 2380 3701 misericordiam
2418 3645 2636 3714 quidem
2673 3644 2850 3714 diligit
2918 3645 3081 3710 Dens,
3160 3645 3215 3701 in
3281 3647 3348 3703 iis
3380 3663 3522 3719 quos

1942 3738 2264 3809 castigando
2321 3738 2505 3793 erudit
2558 3752 2622 3792 ac
2679 3737 2887 3809 dirigit,
2940 3739 3209 3808 judicium
3287 3757 3420 3795 vero
3466 3742 3522 3796 in

1943 3834 2013 3888 iis
2034 3832 2126 3900 qui
2171 3832 2416 3901 perversi
2464 3841 2631 3901 atque
2692 3831 3101 3901 incorrigibiles
3151 3844 3518 3900 perseverant.

1948 3925 2043 3980 Vel
2074 3926 2503 3980 misericordiam
2533 3924 2713 3997 diligit
2758 3926 2811 3980 in
2843 3928 3099 3997 praesenti
3124 3928 3361 3982 szeculo:
3399 3926 3522 3981 Non

1943 4019 2060 4072 veni
2081 4018 2247 4085 enim,
2274 4017 2474 4087 inquit,
2514 4028 2571 4071 ιιι
2600 4019 2831 4087 judicent
2857 4026 3110 4073 mundum
3141 4019 3186 4054 "‘
3213 4038 3229 4089 ;
3252 4019 3520 4090 judicium

1945 4120 2126 4164 autem
2166 4108 2221 4163 in
2257 4110 2466 4165 futuro.
2508 4110 2705 4165 Simile
2732 4119 2816 4165 est
2842 4113 3007 4165 etiam
3037 4113 3182 4183 quod
3229 4113 3358 4168 alibi
3391 4113 3525 4181 legi-

1945 4202 2160 4272 gimus:
2190 4202 2642 4266 Misericordiam,
2665 4214 2711 4257 et
2734 4203 3001 4273 judicium
3023 4206 3246 4260 cantabo
3275 4207 3390 4270 tibi,
3414 4206 3527 4259 Do-

1945 4295 2084 4349 mine
2112 4296 2199 4360 “,
2234 4296 2336 4350 hoc
2372 4305 2476 4358 est,
2529 4295 2963 4351 misericordiam
3020 4307 3076 4352 et
3133 4298 3405 4367 judicium
3464 4298 3519 4353 iu

1943 4388 2218 4443 canticum
2242 4388 2341 4442 tibi
2373 4403 2437 4443 ac
2469 4387 2682 4442 laudem
2711 4403 3058 4458 camponam,
3095 4406 3329 4445 narrans
3362 4391 3523 4445 nimi-

1947 4494 2090 4545 rum,
2126 4480 2405 4549 quomodo
2435 4480 2870 4535 misericorditer
2894 4480 3134 4544 iudicas,
3177 4492 3233 4535 ut
3271 4482 3523 4551 pra'dixi-

1949 4585 2095 4626 mus.
2129 4568 2534 4623 Commiscetur
2563 4569 2707 4623 enim
2752 4569 3126 4625 misericordia
3169 4572 3400 4643 judicio,
3466 4580 3522 4627 et

249 4659 528 4730 judicium
556 4665 973 4732 misericordiae,
1008 4683 1077 4723 ne
1146 4668 1517 4725 misericordia
1557 4669 1836 4724 laxitatem
1878 4681 1941 4721 ac
1984 4665 2289 4728 mollitiem,
2324 4678 2459 4718 neve
2520 4663 2789 4729 judicium
2865 4666 3297 4735 desperationem
3359 4684 3524 4739 gelic-

256 4768 369 4812 ret.
411 4759 568 4827 Quod
589 4764 635 4819 si
659 4765 933 4834 psalmum
970 4764 1179 4820 rel'eras
1203 4764 1270 4820 ad
1296 4774 1540 4835 tempora
1568 4766 1839 4828 Ezechim,
1881 4765 1969 4820 die
1992 4762 2138 4831 quod
2172 4760 2436 4815 Dominus
2469 4758 2763 4818 miseratus
2802 4769 2887 4818 est
2951 4761 3234 4818 obsessam
3298 4764 3519 4820 Jerusa.

256 4850 392 4917 lem,
419 4863 474 4908 et
508 4856 652 4924 quod
674 4852 888 4926 judicio
914 4873 1019 4913 suo
1046 4860 1304 4930 Assyrios
1337 4859 1542 4929 injuste
1567 4858 1884 4915 obsidentes
1903 4855 2308 4912 condemnavit.

338 4971 451 5027 Τοῦ
487 4972 702 5042 ἐλέους
730 4976 953 5046 Κυρίου
979 4979 1219 5048 πλήρης
1249 4981 1286 5046 ἡ
1322 4979 1422 5049 γῆ.
1474 4979 1691 5041 Πάντας
1729 4979 1837 5052 γὰρ

1952 4978 1961 4983 ”
2017 4975 2387 5033 Misericordia
2432 4974 2649 5032 Domini
2702 4977 2856 5047 plena
2910 4987 2986 5032 est
3041 4986 3202 5033 terra.
3261 4976 3515 5031 Omnium

257 5065 424 5128 ὲλεεῖ,
457 5065 698 5131 καὶτοὺς
729 5070 954 5135 ἀοέους’
1016 5072 1111 5125 καὶ
1138 5074 1247 5144 γὰρ
1293 5074 1394 5126 οὐκ
1442 5073 1510 5126 ἂν
1569 5072 1657 5126 εἴα
1716 5073 1837 5143 ζῇν·

262 5155 403 5228 πλὴν
428 5160 555 5223 τοὺς
588 5161 688 5230 μὲν
714 5166 1150 5228 πεπιστευκότας
1176 5164 1399 5234 μᾶλλον,
1437 5159 1602 5238 ἦττον
1628 5166 1685 5220 δὲ
1714 5165 1842 5229 τοὺς

1942 5071 2085 5126 enim
2123 5062 2415 5127 miseretur
2447 5072 2610 5135 Deus,
2632 5071 2928 5142 impiorum
2958 5072 3119 5127 etiam
3144 5070 3229 5144 [ac
3262 5087 3321 5126 se
3350 5071 3513 5125 Deum

1941 5162 2527 5237 abncgantium].Nam
2556 5164 2784 5234 alioqui,
2812 5165 2859 5219 si
2879 5163 3256 5218 misericordia
3277 5172 3516 5218 nonute-

263 5248 479 5315 ἄλλους.
517 5252 588 5305 Ἦ
628 5254 723 5308 καὶ¹
754 5254 901 5319 ἔλεος
949 5256 1158 5326 Κυρίου
1189 5257 1300 5311 νόει
1327 5258 1389 5311 τὸ
1423 5258 1691 5328 κήρυγμα
1744 5256 1839 5310 τοῦ

1944 5265 2118 5322 retur,
2178 5256 2454 5327 quomodo
2501 5256 2708 5311 sineret
2765 5271 2861 5309 eos
2903 5253 3123 5310 virere?
3172 5254 3515 5309 credentium

260 5343 609 5413 εὐαγγελίου,
644 5347 849 5419 πλῆρες
881 5348 939 5403 ὃν
969 5350 1174 5414 ἐλέους.
1207 5349 1283 5413 ὡς
1307 5350 1401 5404 καὶ
1442 5347 1734 5420 δεδομένον
1782 5348 1839 5417 ἐξ

1945 5357 2125 5404 tamen
2158 5364 2376 5419 semper
2408 5347 2581 5419 magis
2615 5347 2937 5411 miseretur,
2980 5354 3036 5401 et
3065 5336 3357 5415 impiorum
3416 5347 3519 5401 mi-

262 5436 636 5510 ἐλεημοσύνης
661 5441 756 5493 τοῦ
778 5440 1288 5514 δημιουργήσαντος
1318 5443 1487 5513 ἡμᾶς,
1523 5434 1585 5495 οῦ
1621 5440 1836 5512 πεπλή-

268 5541 436 5595 ρωται
460 5529 669 5602 πᾶσαή
698 5531 769 5602 γῆ
802 5531 891 5586 διὰ
909 5536 1007 5604 τῆς
1065 5531 1177 5588 τῶν
1211 5532 1530 5588 ἀποστόλων
1580 5532 1839 5586 διδασκαο

1947 5459 2072 5498 nus.
2106 5443 2203 5498 Vel
2231 5458 2329 5513 per
2352 5441 2782 5497 misericordiam
2814 5439 3048 5505 Domini,
3082 5438 3357 5509 Evangelii
3379 5454 3516 5509 prae—

1948 5534 2278 5591 dicationem
2305 5532 2570 5607 intelligo,
2604 5532 2749 5606 quod
2784 5530 3158 5589 misericordia
3193 5531 3411 5603 plenum
3434 5539 3518 5586 est
3592 5590 3605 5605 ,

337 5705 386 5742 ’δ
407 5708 568 5766 Joau.
606 5726 717 5778 xlv,
750 5711 806 5768 6.
881 5713 1091 5772 “Psal.
1120 5731 1303 5785 cum,
1343 5715 1397 5771 5.
1464 5715 1508 5748 “
1538 5713 1697 5771 Joan.
1731 5714 1830 5779 iu.

1944 5715 1972 5767 ’.
2045 5712 2093 5745 “
2119 5713 2264 5771 Psal.
2301 5728 2352 5778 c,
2384 5713 2434 5767 1.

1618 5848 1816 5913 νειοῖο)
1864 5846 2193 5913 lectiones.

327 5972 441 6048 (10)
475 5972 563 6031 τσ.
587 5974 666 6038 είς
717 5974 899 6032 αὐτόν.
