3866 6542
384 412 388 416 ’
448 416 552 480 371

1669 439 1872 502 EUTH
1887 442 1984 503 YM
2000 443 2054 502 lI
2094 446 2423 508 ZIGABEN
2431 446 2458 505 Ι
3589 447 3682 512 372

448 543 614 604 atque
671 549 736 590 ex
789 537 1166 632 misericordia
1193 545 1472 607 Creatoris
1513 555 1688 610 nostri
1735 555 1829 612 Dei
1861 559 2013 616 nobis

2127 561 2268 626 λίας.
2307 558 2443 618 Bima
2482 564 2625 618 κινεῖ
2665 563 2760 618 τὸν
2810 565 2969 630 λόγον
2993 565 3074 629 είς
3108 564 3300 636 ὕμνον,
3335 563 3678 636 διηγούμενος

447 625 660 692 datum,
684 637 738 684 et
780 645 890 700 quo
916 632 1028 702 jam
1057 615 1216 706 pleila
1235 627 1321 698 est
1353 653 1461 700 tota
1497 655 1643 702 terra
1673 649 1745 705 ob
1767 652 2019 708 dissemi-

2125 654 2194 707 τά
2223 654 2507 725 Θαυμάσια
2536 652 2627 711 τοῦ
2667 654 2828 722 Θεοῦ,
2847 657 2942 711 καί
2985 658 3123 728 φησι
3145 673 3161 690 ο

448 729 630 774 natam
660 725 902 794 undique
941 733 1317 800 apostolorum
1333 740 1665 800 doctrinam.
1693 744 2016 803 Sermonem
2061 756 2242 806 autem
2284 751 2546 822 deinceps
2586 761 2761 806 mutat
2785 755 2839 807 lu
2873 753 3115 818 laudem,
3157 768 3391 808 narrans
3423 750 3679 808 mirabilia

447 811 563 879 Dei,
599 823 651 869 et
681 817 873 876 dicens
909 839 922 876 :

517 909 680 968 Vens.
707 913 758 968 6.
797 914 969 971 Verbo
995 919 1209 978 Domini
1232 924 1727 996 ratiiﬁrmatisuut,
1751 942 1801 986 et
1824 933 2016 1000 spiritu

442 1002 551 1057 oris
577 1003 691 1072 ejus
725 1009 896 1063 omnis
919 1014 1156 1081 potentia
1217 1033 1420 1072 eorum.
1470 1018 1739 1078 Videntur
1793 1025 2016 1094 quidem

442 1094 558 1151 litec
594 1100 758 1155 verba
799 1102 941 1158 idem
976 1122 1132 1178 aeque
1150 1110 1479 1180 signiﬁcare.
1535 1114 1673 1170 Dicit
1707 1119 1852 1172 enim
1874 1119 2018 1177 Deus

439 1185 509 1242 de
535 1205 890 1263 unoquoque,
918 1196 1058 1265 Fiat,
1075 1210 1127 1254 et
1153 1199 1354 1256 factum
1377 1213 1482 1260 est.
1505 1204 1736 1262 Verbum
1758 1219 2015 1279 prmterea

439 1279 555 1335 oris
589 1283 820 1350 spiritus
855 1298 961 1350 est,
1005 1304 1186 1347 aerem
1224 1295 1561 1364 verberans;
1591 1308 1645 1354 et
1692 1302 1875 1370 qualis
1931 1314 2016 1360 est

438 1373 552 1423 oris
577 1375 826 1442 spiritus,
849 1381 944 1445 qui
977 1395 1157 1437 aerem
1190 1385 1468 1449 verberat,
1496 1389 1602 1443 tale
1640 1400 1724 1446 est
1750 1400 1804 1445 et
1837 1394 2012 1462 ipsum

437 1463 690 1519 verbum.
757 1467 1020 1526 Similiter
1079 1474 1482 1534 [irritamentum
1517 1497 1580 1536 ac
1618 1486 1858 1550 polentia
1919 1504 2016 1558 pro

438 1551 632 1606 eodem
664 1568 984 1616 sumuntuc.
1021 1562 1154 1618 Coeli
1200 1569 1347 1622 enim
1377 1569 1594 1627 diﬂicile
1641 1589 2014 1647 corrumpun-

439 1652 551 1707 tur,
579 1647 832 1718 tirmique
864 1667 928 1706 ac
957 1655 1183 1712 stabiles
1208 1667 1359 1714 sunt.
1417 1661 1523 1718 Sed
1552 1665 1708 1733 juxta
1763 1669 2011 1724 altiorem

441 1752 664 1793 srnsum
694 1738 828 1812 [quo
859 1743 1044 1828 dicere
1073 1763 1370 1818 possumus
1426 1752 1646 1810 beatum
1696 1757 1864 1815 David
1913 1760 2016 1817 hoc

443 1830 497 1882 iu
543 1832 664 1886 loco
691 1832 758 1888 de
776 1844 968 1890 sancta
996 1838 1267 1896 Triuitate
1316 1843 1745 1923 pbilosOpbari],
1781 1867 1880 1920 per
1908 1853 2016 1910 Do-

441 1921 673 1989 minum,
701 1924 916 1984 Patrem
955 1929 1240 2004 intellige:
1271 1945 1334 1993 et
1351 1937 1574 2007 Filium,
1612 1921 1717 2014 per
1753 1947 2014 2002 verbum:

2202 937 2286 1004 Τῷ
2333 939 2494 1008 λόγῳ
2563 942 2789 1008 Κυρίου
2814 944 2869 996 οἱ
2923 940 3166 1008 οὐφανοί
3208 940 3673 1010 ἐστερεώθησαν,

2123 1029 2222 1084 καὶ
2253 1029 2332 1095 τῷ
2353 1032 2644 1101 πνεύματι
2677 1032 2786 1087 τοῦ
2835 1033 3136 1102 στόματος
3192 1031 3382 1086 αὐτοῦ
3445 1031 3608 1088 πᾶσα
3641 1033 3674 1100 ἠ

2121 1120 2375 1190 δύναμις
2415 1121 2638 1177 αὐτῶν.
2667 1124 2824 1178 Κατά
2851 1125 2951 1193 μὶν
2979 1122 3041 1176 τὸ
3089 1122 3404 1194 πρόχειρον,
3427 1124 3492 1176 ὲκ
3540 1139 3666 1195 mp.

2120 1213 2354 1284 αλλήλου
2411 1215 2472 1268 τὸ
2526 1216 2659 1270 αὐτό
2681 1233 2846 1286 φησιν
2863 1233 2876 1247 ·
2917 1211 3072 1268 εἶπεν
3097 1216 3208 1284 γὰρ
3232 1217 3261 1268 ὁ
3288 1215 3425 1278 Θεὸς
3452 1216 3538 1284 ἐφ’
3559 1217 3674 1269 ἑκα-

2117 1307 2316 1379 τέρου’
2369 1308 2678 1380 Γενηθήτω,
2732 1309 2827 1363 καὶ
2875 1309 3125 1378 ἐγένετοο
3177 1309 3274 1362 καὶ
3316 1310 3344 1362 ό
3372 1308 3530 1377 λόγος
3579 1309 3673 1380 γὰρ

2125 1396 2347 1466 πνεῦμά
2369 1401 2484 1452 ἐστι
2509 1399 2779 1470 στόματος
2805 1400 2866 1452 τὸ
2887 1398 3124 1467 πλῆττον
3156 1397 3249 1452 τὸν
3273 1399 3413 1468 ἀέρα
3429 1414 3442 1427 ’
3472 1398 3675 1452 τοιῶσδε

2120 1493 2216 1543 καὶ
2267 1491 2332 1544 τὸ
2386 1491 2606 1562 πνεῦμα
2654 1493 2749 1546 τοῦ
2807 1493 3073 1563 πόματος
3119 1493 3353 1561 πλῆττον
3391 1492 3484 1546 τὸν
3535 1492 3674 1562 ἀέρα,

2117 1582 2341 1636 τοιῶσδε
2361 1582 2521 1652 λόγος
2553 1585 2726 1640 ἐστίν.
2769 1584 3002 1654 Ὁμοίως
3032 1585 3089 1638 δὲ
3123 1587 3219 1638 καὶ
3245 1583 3546 1655 στερέωσις
3597 1585 3676 1637 καὶ

2115 1673 2348 1746 δύναμις
2375 1676 2591 1730 ταύτόνο
2625 1676 2712 1748 εῐη
2745 1677 2790 1730 δ’
2823 1677 2889 1731 ἂν
2921 1677 2985 1730 τὸ
3014 1677 3363 1749 δύσφθαρτον
3394 1676 3572 1730 αὐτῶν
3596 1675 3677 1730 καὶ

2121 1765 2352 1819 εὔτονον
2376 1780 2390 1794 ·
2428 1767 2573 1822 κατὰ
2610 1767 2670 1822 δὲ
2693 1767 2756 1821 τὸ
2819 1767 3179 1840 ὑψηλότερον,
3232 1767 3487 1838 περὶτῆς
3539 1767 3677 1835 ἀγίας

2120 1857 2350 1925 Τριάδος
2377 1859 2404 1910 ό
2434 1858 2599 1912 Δαὸὶδ
2625 1858 2866 1913 ἐνταῦθα
2903 1860 3164 1928 θεολογεῖ,
3203 1860 3412 1928 Κύριον
3481 1859 3576 1930 μὲν
3598 1859 3676 1914 τὸν

2121 1949 2342 2020 Πατέρα
2363 1949 2536 2018 λέγων
2557 1967 2572 1982 ’
2603 1951 2762 2019 λόγον
2787 1951 2866 2016 δὲ,
2890 1951 2982 2004 τὸν
3013 1951 3168 2005 Υίόνο
3235 1951 3467 2022 πνεῦμα
3517 1951 3590 2015 δὲ,
3622 1952 3673 2004 τὸ

439 2021 493 2115 et
522 2029 618 2082 per
639 2017 892 2086 Spiritum
927 2025 1041 2080 oris
1080 2027 1224 2098 ejus,
1249 2029 1513 2101 Spiritum
1534 2049 1788 2093 sanctum
1818 2055 2013 2110 :quem

2123 2017 2285 2110 ἅγιον*
2309 2041 2558 2115 Πνεῦμα.
2615 2017 2725 2098 Τοῦ
2756 2044 3026 2115 στόματος
3059 2045 3119 2098 δὲ
3173 2041 3350 2108 εἶπεν,
3389 2017 3539 2098 ⁷διότι
3582 2044 3678 2112 ,τῆς

442 2102 566 2159 ideo
589 2108 847 2177 spiritum
881 2116 996 2171 oris
1019 2118 1141 2189 ejus
1166 2124 1485 2194 appellavit,
1514 2137 1574 2182 ut
1605 2129 1856 2200 ejusdem
1872 2102 2014 2188 'eum

439 2200 761 2258 ostenderet
789 2219 910 2262 esse
941 2210 1266 2269 substantiae
1301 2231 1423 2271 cum
1480 2221 1574 2274 illo
1606 2237 1637 2276 a
1672 2239 1784 2292 quo
1810 2225 2018 2280 emittis

441 2298 555 2357 tur,
587 2301 639 2346 et
668 2296 815 2364 quod
845 2315 950 2354 non
983 2314 1206 2360 creatus
1231 2311 1645 2368 essetaliuude.
1688 2313 1796 2370 Per
1849 2317 2019 2372 rinio-

438 2397 560 2436 rum
590 2401 720 2442 vero
749 2394 1073 2461 potentiam,
1104 2400 1359 2456 cteiestes
1390 2406 1713 2476 angelorum
1737 2409 2013 2478 potentias

438 2475 703 2570 intelligo.
739 2483 878 2540 illud
913 2494 1093 2544 tamen
1125 2491 1370 2559 adverte,
1397 2475 1545 2566 quod
1583 2515 1691 2555 non
1718 2475 2010 2570 separatim

441 2566 615 2624 Filius
678 2573 931 2633 homines
975 2584 1203 2649 creavit,
1245 2597 1296 2640 et
1347 2587 1589 2658 Spiritus
1621 2566 1888 2662 angelos;
1918 2595 2013 2650 sed

438 2661 611 2720 Filius
635 2667 855 2736 quidem
876 2673 1059 2726 omnia
1081 2673 1147 2728 ad
1178 2691 1299 2733 esse
1319 2679 1603 2748 produxit:
1632 2661 1826 2738 omnia
1842 2685 2014 2751 enim,

439 2755 636 2826 inquit,
669 2775 763 2827 per
795 2760 962 2828 ipsum
991 2764 1140 2832 facta
1169 2778 1294 2822 sunt
1332 2768 1379 2802 ⁸⁷
1406 2787 1423 2838 ;
1453 2779 1682 2830 sanctus
1711 2789 1846 2831 vero
1891 2775 2017 2848 Spi-

439 2848 578 2904 ritus
604 2853 828 2922 angelos
863 2857 1255 2928 sanctiﬁcavit,
1282 2873 1570 2934 postquam
1613 2868 1783 2923 creati
1837 2879 2010 2925 stult:

438 2955 600 3010 quam
620 2943 688 2998 ob
720 2959 942 3003 causam
984 2965 1090 3005 non
1114 2951 1182 3007 de
1210 2951 1358 3009 facili
1384 2965 1675 3012 moventur
1697 2961 1764 3014 ad
1785 2960 2012 3017 malum.

438 3031 495 3088 In
524 3032 668 3090 bono
707 3038 1016 3094 conﬁrmati
1061 3044 1238 3115 angeli
1295 3046 1446 3102 nullo
1509 3048 1670 3105 modo
1719 3059 2014 3107 moventur

437 3129 504 3183 ad
535 3131 762 3198 malum,
804 3148 930 3189 cum
965 3135 1030 3190 ab
1063 3136 1223 3193 initio
1255 3139 1463 3207 statim,
1491 3140 1612 3211 ipso
1640 3153 1834 3200 sancto
1883 3144 2014 3216 Spi-

438 3220 571 3286 ritu,
605 3221 773 3276 veluti
818 3224 1060 3281 tinctura
1092 3229 1331 3296 quadam
1365 3232 1689 3288 consolidati
1720 3249 1786 3290 ac
1826 3250 2014 3291 σοιτο-

2121 2136 2294 2206 αύτῆς
2310 2137 2502 2201 οὐσίας
2526 2137 2645 2192 ἐστὶ
2667 2139 2746 2208 τῷ
2771 2138 3220 2210 προϐαλλομένῳ,
3250 2139 3346 2192 καὶ
3371 2138 3476 2191 οὐκ
3499 2136 3678 2204 ἔξωθεν

2121 2229 2363 2285 κτιστόν.
2392 2229 2637 2300 Δύναμις
2670 2230 2728 2284 δὲ
2755 2230 3026 2301 οὐρανῶν,
3067 2232 3124 2284 ai
3173 2229 3502 2300 ὲπουράνιαι
3541 2228 3679 2282 δυνά-

2125 2337 2252 2392 μεις
2286 2323 2398 2376 τῶν
2444 2323 2717 2391 ἀγγέλων.
2769 2323 2844 2375 Ού
2875 2323 3207 2393 διῃρημένος
3249 2322 3310 2376 δὲ
3335 2322 3364 2375 ό
3407 2322 3509 2391 μὲν
3561 2321 3672 2383 Υἱὸς

2117 2413 2244 2476 τοὺς
2264 2411 2589 2484 ἀνθρώπους
2620 2412 2827 2476 ἔκτισε,
2846 2412 2908 2466 τὸ
2929 2413 2988 2466 δὲ
3014 2412 3240 2484 Πνεῦμα
3259 2413 3387 2476 τοὺς
3412 2411 3675 2482 ἀγγέλους,

2117 2506 2232 2561 ἀλλ’
2256 2509 2286 2561 ό
2308 2507 2407 2578 μὲν
2437 2507 2567 2571 Tib;
2606 2506 2790 2564 πάντα
2841 2507 3196 2578 παρήγαγεν,
3231 2505 3441 2560 Πάντα
3467 2504 3570 2575 γὰρ
3615 2502 3676 2557 δι’

2114 2601 2303 2656 αὐτοῦ
2355 2600 2622 2670 ἐγένετοο
2678 2599 2740 2653 τὸ
2777 2599 3000 2670 Πνεῦμα
3050 2600 3107 2654 δὲ
3132 2599 3193 2654 τὸ
3247 2599 3408 2668 ἅγιον
3468 2597 3676 2669 ἡγίασεν

2115 2694 2244 2758 τοὺς
2277 2692 2569 2763 ἀγγέλους,
2606 2692 2724 2763 ἄμα
2776 2695 2845 2762 τῇ
2899 2692 3080 2746 κτίσει
3126 2691 3352 2746 αὐτῶν·
3426 2690 3546 2745 ὅθεν
3594 2689 3674 2741 καὶ

2114 2788 2429 2858 δυσκίνητοι
2497 2785 2634 2858 πρὸς
2683 2786 2745 2840 τὸ
2803 2787 2972 2840 κακόν
3011 2786 3152 2840 εἰσιν
3203 2785 3366 2848 εὐθὺς
3403 2784 3465 2852 ἐξ
3498 2784 3672 2852 ἀρχῆς.

2113 2876 2203 2933 οἷα
2248 2879 2394 2952 βαφῇ
2450 2897 2562 2934 τινι
2611 2879 2691 2950 τῷ
2726 2877 2985 2949 ἁγιασμῷ
3033 2877 3429 2947 στομωθέντες.
3473 2875 3674 2929 Νοοῖντο

2113 2971 2232 3028 δ’ἂν
2263 2972 2488 3044 οὐρανοὶ
2515 2973 2611 3026 καὶ
2636 2973 2684 3025 oi
2720 2971 3035 3038 ἀπόστολοι,
3089 2969 3166 3034 ὡς
3185 2970 3255 3022 τὰ
3284 2967 3518 3039 οὐράνια
3565 2981 3679 3038 φροο

2115 3063 2338 3128 νοῦντες
2366 3063 2463 3117 καὶ
2493 3064 2886 3135 ύπερκείμενοι
2917 3061 3030 3116 τῶν
3059 3063 3291 3133 γηΐνων,
3324 3060 3376 3114 οἶ
3427 3060 3507 3128 τῷ
3549 3057 3674 3126 λόγῳ

2113 3157 2216 3226 τῆς
2236 3155 2332 3211 τοῦ
2364 3157 2618 3226 Σωτῆρος
2649 3156 3001 3220 διδασκαλίας
3029 3154 3254 3226 στερροὶ
3298 3153 3590 3222 γεγόνασιν
3608 3150 3674 3212 εἰς

2120 3248 2326 3314 πίστιν,
2383 3248 2481 3302 καὶ
2507 3250 2587 3313 είς
2609 3248 2810 3319 θλίψιν,
2835 3249 3029 3319 καὶτῷ
3055 3248 3333 3318 πνεύματι
3359 3245 3458 3299 τοῦ
3491 3243 3672 3313 στόμα-

439 3311 612 3366 borati
647 3314 778 3369 siut.
813 3314 1045 3388 lntelligi
1081 3327 1263 3374 autem
1295 3330 1531 3392 possunt
1572 3324 1695 3379 οωιί
1747 3326 2010 3397 apostoli,

2123 3357 2212 3402 τος
2241 3311 2407 3393 αὐτοῦ
2453 3311 2649 3410 πᾶσαὴ
2673 3311 2908 3410 δύναμις
2927 3311 3107 3393 αὐτῶν
3125 3338 3315 3407 γέγονε
3340 3353 3353 3366 ’
3385 3337 3546 3389 τοῦτο
3581 3332 3672 3404 γάρ

434 3405 635 3476 quippe
653 3409 743 3476 qui
773 3409 1016 3466 cmlestia
1039 3412 1278 3480 sapiunt,
1303 3417 1648 3487 terrenisque
1665 3419 1828 3475 rebus
1846 3434 2013 3490 supe-

437 3498 611 3554 riores
649 3511 798 3566 sunt,
853 3504 946 3572 qui
1012 3509 1180 3561 verbo
1219 3507 1483 3564 doctrina:
1551 3510 2009 3566 Salvatorisﬁrmi

427 3587 562 3644 farti
595 3603 722 3648 sunt
750 3595 817 3648 ad
853 3596 1008 3652 tidem
1051 3606 1213 3668 atque
1239 3600 1672 3668 tribulationem,
1706 3615 1871 3674 atque
1900 3606 2016 3675 spi-

2122 3429 2571 3495 συνεξακούεται.
2607 3431 2944 3502 Ἐνεφύσησε
2972 3429 3083 3501 γὰρ
3112 3431 3214 3484 καὶ
3262 3425 3420 3482 εἶπεν
3471 3427 3672 3487 αὐτοῖς’

2121 3521 2344 3576 Λάϐετε
2377 3523 2617 3592 Πνεῦμα
2643 3524 2818 3593 ἅγιον
2839 3541 2855 3556 '
2886 3524 3117 3594 δύναμις
3147 3525 3228 3588 δὲ,
3251 3525 3287 3592 ἡ
3315 3520 3406 3575 διὰ
3430 3519 3538 3572 τῶν
3570 3517 3674 3571 ὲπιο

2121 3609 2278 3662 τελου
2289 3611 2490 3680 μένων·
2507 3613 2772 3681 σημείων.

437 3679 548 3758 ritu
583 3682 699 3738 oris
719 3685 838 3754 ejus
893 3689 1072 3743 omnis
1096 3691 1277 3744 virtus
1300 3707 1489 3746 eorum
1517 3694 1752 3750 exstitit.
1791 3696 1847 3750 ld
1878 3697 2022 3751 enim
2065 3701 2415 3758 subauditur.
2452 3679 2749 3760 lnsdlilavit
2783 3705 2954 3766 enim,
2977 3713 3032 3760 et
3065 3703 3204 3760 dixit
3238 3723 3251 3759 :
3294 3703 3537 3773 Accipite
3571 3697 3678 3767 Spi-

436 3780 599 3833 ritum
633 3791 875 3835 sanctum
906 3782 971 3835 ⁸³.
1009 3783 1258 3840 Potentia
1272 3797 1481 3854 autem,
1508 3805 1629 3860 qua:
1651 3791 1996 3849 manifestata
2034 3805 2118 3851 est
2141 3813 2238 3867 per
2267 3799 2420 3870 signa
2456 3809 2620 3868 atque
2644 3801 2910 3872 prodigia,
2935 3816 3056 3871 qua:
3090 3808 3469 3871 patrarentur.

507 3873 674 3931 Vens.
711 3876 764 3930 7.
795 3876 1130 3948 Congregans
1178 3882 1333 3952 quasi
1373 3894 1543 3941 utrem
1598 3903 1766 3958 aquas
1817 3889 2004 3944 utaris.

439 3964 904 4039 Subiuleil-genda
926 3979 1009 4026 est
1043 3976 1352 4044 praepositio
1385 3979 1458 4043 in,
1495 3988 1554 4034 ut
1583 3980 1655 4035 sit
1685 3982 2007 4052 Ordo,un

437 4071 734 4131 congregat
773 4065 928 4132 quasi
950 4065 1002 4119 in
1023 4076 1190 4123 utrem
1209 4108 1226 4124 .
1252 4069 1581 4142 Congregat,
1611 4073 1812 4144 inquit,
1840 4089 2010 4145 aquas

437 4159 605 4214 maris
641 4160 692 4213 in
734 4168 893 4216 terra:
923 4165 1318 4234 concavitates,
1355 4170 1509 4237 quasi
1555 4171 1608 4225 in
1659 4179 1859 4229 utrem.
1907 4171 2010 4228 Vel

435 4251 594 4306 aliter
627 4268 641 4305 :
675 4251 976 4325 Cougregat
1012 4272 1184 4327 aquas
1212 4262 1380 4315 maris
1405 4302 1418 4326 ,
1449 4264 1605 4332 quasi
1661 4274 1836 4320 utrem
1859 4305 1874 4330 ,
1906 4265 2010 4322 hoc

435 4354 538 4403 est.
571 4343 744 4398 instar
778 4347 936 4414 utris,
970 4356 1247 4405 tumentes
1279 4347 1537 4408 nimirum
1577 4368 1684 4410 non
1739 4371 1900 4412 secus
1930 4367 2014 4412 at-

435 4451 541 4505 que
574 4446 715 4497 uter.
748 4448 1034 4494 ventorum
1066 4443 1140 4503 vi,
1170 4453 1224 4497 et
1250 4446 1366 4515 pari
1403 4448 1565 4501 modo
1589 4447 2014 4514 remissos,ces-

435 4532 685 4589 santibus
719 4535 919 4591 ventis.
954 4534 1050 4592 Vel
1077 4551 1172 4606 per
1196 4547 1397 4603 utrem,
1429 4539 1710 4596 humorem
1743 4541 2011 4612 intelligit,

435 4625 528 4692 qui
582 4627 638 4680 in
681 4635 802 4682 utre
851 4628 1205 4694 continetur,
1262 4645 1292 4684 a
1339 4632 1652 4688 continente
1691 4643 2010 4689 contentum

2188 3895 2494 3965 Συνάγων,
2525 3897 2667 3950 ὡσεί
2703 3897 2920 3960 ἀσκὸν,
2953 3897 3140 3950 ὕδατα
3171 3891 3520 3961 θαλάσσης.
3571 3885 3677 3943 Λεία

2117 4001 2211 4038 πει
2239 3987 2300 4038 τὸ
2337 3988 2445 4053 εἷς,
2501 3987 2566 4041 ἵν’
2593 3983 2648 4060 ᾖ,
2684 3988 2761 4054 ὡς
2801 3990 2888 4054 εις
2915 3988 3132 4042 ἀσκόν.
3161 3987 3446 4054 Συνάγων,
3509 3981 3672 4052 φησὶν,

2113 4075 2236 4145 ἦτοι
2272 4077 2352 4139 εἰς
2405 4076 2476 4128 τὰ
2520 4077 2839 4149 κοιλώματα
2882 4078 2982 4148 τῆς
3013 4081 3140 4148 γῆς,
3167 4077 3243 4140 ὡς
3280 4077 3363 4139 είς
3416 4076 3582 4129 ἀσκὸν
3617 4069 3675 4124 τὰ

2115 4168 2288 4223 ὕδατα
2327 4170 2424 4239 τῆς
2461 4169 2812 4242 Θαλάσσης,ῆ
2847 4170 2981 4224 ὡσεὶ
3007 4170 3198 4236 ἀσκὸν,
3237 4171 3358 4227 ἀντὶ
3389 4169 3508 4230 τοῦ,
3537 4166 3675 4234 δίκην

2113 4262 2312 4329 ἀσκοῦ,
2365 4263 2716 4336 ὲξοιδούμενα
2748 4267 2847 4337 μὲν
2877 4268 2941 4336 τῇ
2973 4265 3060 4336 βίᾳ
3078 4265 3174 4319 τοῦ
3194 4265 3398 4336 ἀνέμου
3420 4301 3438 4328 ,
3473 4259 3675 4318 συστελ-

2113 4353 2318 4425 λόμενα
2369 4357 2425 4410 δὲ
2475 4360 2542 4428 τῇ
2609 4357 2870 4428 ἀπουσίᾳ.
2907 4359 2976 4412 Ἢ
3023 4358 3192 4412 ἀσκὸν
3228 4356 3467 4425 λέγειτδ
3516 4358 3570 4409 ὲν
3611 4349 3674 4422 τῷ

2111 4444 2269 4516 ἀσκῷ
2310 4446 2500 4517 ὑγρὸν,
2541 4449 2606 4500 ὲκ
2639 4448 2744 4501 τοῦ·
2765 4449 3118 4520 περιέχοντος
3160 4449 3222 4502 τὸ
3261 4449 3670 4519 περιεχόμενον

2112 4530 2227 4591 οἷον
2281 4540 2530 4608 συνάγων
2577 4540 2648 4594 τά
2732 4539 2906 4595 ὕδατα
2941 4543 3042 4611 τῆς
3081 4539 3385 4612 Θαλάσσης,
3435 4540 3512 4602 ὠς
3547 4536 3674 4592 τὸέν

2113 4629 2283 4699 ἀσκῷ.
2309 4631 2600 4702 συνῆκται,
2641 4633 3010 4704 κατεχόμενα,
3040 4633 3136 4687 καὶ
3165 4633 3240 4703 μὴ
3291 4630 3674 4699 σκεδαννύμενα

434 4712 613 4782 ipsum
646 4715 981 4785 significans,
1019 4727 1074 4772 ut
1104 4719 1176 4774 sit
1203 4735 1438 4779 sensus:
1466 4719 1819 4792 Congregans
1839 4737 2010 4792 aquas

2123 4724 2261 4779 κατά
2288 4725 2384 4795 τῆς
2410 4728 2512 4796 γῆς
2537 4726 2615 4797 τῷ
2639 4702 3024 4798 ⁸ὶτροστέιγι.ιατί
3041 4702 3363 4790 σουξκαθὼς
3384 4720 3670 4793 ἐκεῖνομί)

435 4806 625 4872 maris,
655 4823 721 4862 eo
747 4809 910 4863 modo
935 4825 1044 4880 quo
1074 4811 1273 4866 humor
1309 4813 1505 4881 aliquis
1535 4813 1588 4867 in
1613 4822 1734 4870 utre
1759 4815 2011 4870 contine-

432 4908 542 4954 tur.
575 4899 939 4956 Continentur
975 4903 1176 4958 etenim
1240 4905 1294 4958 in
1337 4905 1536 4975 seipsis
1590 4920 1747 4976 aqua:
1797 4907 2007 4973 maris,

433 4993 694 5048 mandato
727 4993 842 5060 Dei,
878 5011 976 5051 nec
1010 4997 1402 5070 disperguntur
1431 4999 1484 5054 in
1517 5008 1716 5052 terram
1745 5038 1760 5061 ,
1794 5013 1902 5052 non
1930 5014 2013 5054 se-

2121 4819 2202 4886 τῷ
2249 4817 2458 4888 δεσμῷ.
2514 4819 2673 4882 Τινὲς
2707 4819 2764 4874 δὲ
2795 4819 3067 4888 λέγουσιν,
3103 4822 3186 4874 ὅτι
3246 4820 3379 4892 περὶ
3423 4818 3532 4872 τῶν
3579 4813 3672 4870 ἀπὸ

2122 4908 2398 4979 Θαλάσσης
2447 4910 2640 4980 ἀτμῶν
2682 4913 2710 4965 ό
2731 4912 2909 4981 λόγος,
2937 4912 2988 4966 οἶ
3015 4913 3160 4965 κατὰ
3197 4912 3392 4983 μικρὸν
3421 4904 3669 4976 ἀναφερό-

2124 5015 2298 5068 μενοι,
2351 5000 2722 5068 συνίστανται,
2780 5003 2877 5056 καὶ
2911 5003 3272 5074 παχύνονται,
3307 4999 3464 5072 δίκην
3493 4995 3670 5061 ἀσκοῦ,

429 5100 529 5142 cus
556 5095 722 5158 atque
753 5087 948 5146 humor
973 5089 1088 5149 ille.
1119 5091 1390 5162 quiquasi
1422 5089 1658 5146 vinculis
1690 5090 2013 5160 quibusdam

2123 5092 2210 5145 lui.
2237 5093 2460 5162 νεφέλαι
2493 5093 2760 5162 γίνονται.

427 5186 482 5240 in
515 5192 638 5241 utre
663 5186 998 5244 continetur.
1032 5187 1263 5256 Quidam
1293 5187 1456 5242 etiam
1494 5184 1725 5252 dicunt,
1757 5184 2086 5256 PrOpbetam
2126 5187 2217 5242 bic
2247 5191 2313 5242 de
2382 5190 2448 5244 iis
2525 5189 2670 5260 loqui
2745 5192 3036 5261 vaporibus
3058 5232 3073 5255 ,
3113 5191 3206 5263 qui
3293 5196 3614 5262 generantur
3646 5197 3672 5238 e

429 5281 586 5344 mari,
617 5290 671 5336 et
701 5280 960 5351 paulatim
984 5279 1302 5337 .circumlati
1328 5279 1381 5334 in
1414 5293 1539 5334 aere
1570 5276 1906 5342 consistunt,
1945 5288 1999 5333 et
2039 5280 2180 5336 utris
2211 5280 2388 5335 instar
2423 5283 2836 5338 condensautur
2867 5293 2918 5338 et
2952 5284 3088 5338 liunt
3112 5283 3166 5338 iu
3198 5283 3420 5340 nubem.

494 5374 705 5431 Peneus
723 5377 779 5430 in
809 5377 1073 5432 thesauris
1095 5376 1337 5448 abyssos.
1359 5373 1603 5446 Abyssus
1623 5371 1824 5428 dicitur
1844 5389 2012 5444 aqua-

425 5483 545 5523 rum
580 5468 933 5538 profundum.
960 5468 1058 5524 Est
1081 5475 1264 5523 autem
1299 5467 1488 5522 Grzeca
1517 5464 1690 5520 dictio
1714 5507 1728 5532 ,
1761 5465 2007 5536 abyssus,

309 5562 318 5572 '
422 5574 473 5617 et
511 5557 671 5633 juxta
704 5562 1365 5636 nominisjetymologiam
1398 5562 1480 5618 sic
1509 5561 1655 5618 dicta
1698 5552 1855 5633 quasi
1907 5560 2010 5617 im-

493 5744 536 5774 "
561 5742 723 5799 Joan.
780 5760 817 5809 r,
846 5743 904 5798 3.
984 5742 1030 5775 ⁸⁸
1053 5741 1214 5800 Joan.
1239 5757 1331 5809 xx,
1355 5738 1450 5796 22.

2195 5379 2382 5447 Τιθείς
2422 5381 2492 5435 ἐν
2545 5382 2874 5452 θησαυροῖς
2909 5382 3242 5451 ἀϐύσσους.
3284 5413 3351 5424 -
3385 5381 3673 5440 Ἀὅυσσος

2117 5470 2336 5540 λέγεται
2361 5473 2422 5526 τὸ
2459 5473 2622 5544 βάθος
2651 5473 2751 5544 τῆς
2779 5475 3080 5544 Θαλάσσης,
3111 5477 3191 5540 εἰς
3221 5471 3250 5529 ό
3272 5474 3333 5529 ού
3363 5470 3550 5544 βύεταί
3577 5485 3667 5528 τις.

2115 5564 2396 5636 Θησαυροὶ
2440 5566 2498 5620 δὲ
2545 5563 2821 5634 ἀϐύσσων,
2863 5568 2912 5622 οί
2957 5564 3154 5622 κόλποι
3191 5569 3292 5639 τῆς
3325 5565 3452 5636 γῆς,
3491 5559 3579 5631 ἀφ’
3603 5547 3669 5610 ὧν

1787 5831 1992 5896 Variae
2023 5831 2355 5900 lectiones.

491 5940 537 6011 (Ι
557 5938 600 6013 Ι)
627 5942 714 5997 Ai.
747 5941 964 6016 ἐκείνῳ.
