3866 6532
178 409 289 477 381
1347 423 1736 485 COMMENT.
1783 423 1864 484 IN
1897 423 2256 485 PSALMOS.
3041 422 3050 428 ’
3341 414 3447 481 382

177 530 556 640 ἀπαλλαγεὶς,
733 538 824 640 τὸν
876 541 1240 612 προκείμενον
1273 541 1489 615 ψαλμὸν
1538 545 1761 617 εὐχαριο

1893 546 2002 602 Ιυιη
2037 561 2163 602 esse
2195 545 2479 609 admonet,
2505 542 2650 614 quod
2687 555 2882 598 nomen
2918 539 3259 600 Abimelech,
3289 547 3447 592 com‘

179 625 414 732 στήριον
462 625 542 698 τῷ
585 624 706 700 Θεῷ
748 624 827 700 τῷ
876 636 1218 689 συνετῐσαντι
1254 637 1452 703 αὐτὸν,
1509 638 1650 693 ὥστε
1695 641 1764 694 δι’

1893 655 2038 694 nune
2062 639 2336 708 quoddam
2371 637 2476 692 fuit
2501 653 2722 699 nomen,
2749 635 3016 690 omnibus
3031 631 3254 704 regibus
3276 628 3443 695 Geth,

181 717 541 793 ὑποκρίσεως
595 723 798 791 μανίας
841 724 1198 796 ἀπολυθῆναι.
1241 729 1503 801 Ἀρμόζει
1557 731 1616 785 δὲ
1672 732 1768 786 καὶ

1893 721 2330 802 μιοηηιᾶιιιοιίυιιι
2388 730 2622 787 Caesaris
2697 737 2864 800 atque
2928 726 3162 798 Augusti
3241 737 3444 778 nomen

180 809 360 861 παντὶ
383 810 756 882 ἀπαλλαγέντι
788 815 1061 873 κινδύνου.

1893 822 2249 880 Romanorum
2307 822 2754 892 imperatoribus,
2808 829 2865 876 et
2909 818 3212 876 Pharaonis
3248 829 3443 870 nomen

182 902 418 972 regibtns
459 905 704 979 Egypti,
738 919 792 964 et
837 909 942 965 alia
977 913 1318 984 huiusmodi.
1351 916 1619 983 Quocirca
1686 917 1800 988 regi
1879 919 1957 973 illi
2007 917 2146 973 Geth
2202 919 2474 989 privatum
2532 931 2734 973 nomen
2787 912 2960 976 fuisse
3021 912 3190 966 Achis
3257 908 3448 963 tradit.

180 1006 486 1055 commune
512 1011 694 1057 autem
726 1020 849 1059 cum
894 1007 1019 1062 aliis
1059 1009 1280 1075 regibus
1299 1009 1642 1065 Abimeleoh.
1686 1010 1760 1062 Ex
1805 1008 1968 1077 hujus
2001 1009 2170 1082 igitur
2219 1010 2365 1080 regis
2401 1009 2678 1064 manibus
2706 1006 2973 1062 liberatus
3056 1000 3248 1064 David,
3319 1012 3445 1052 cum

183 1098 248 1141 se
265 1094 528 1160 cognosci
550 1093 918 1157 forrnidasset.
938 1100 1082 1154 hunc
1103 1100 1214 1156 Deo
1231 1102 1433 1158 cecinit
1463 1102 1759 1172 psalmum,
1801 1101 1857 1155 in
1899 1103 2198 1172 gratiarum
2227 1102 2530 1167 actionem,
2579 1100 2725 1171 quod
2757 1099 3066 1170 sapientem
3129 1110 3255 1150 eum
3318 1090 3449 1146 red-

181 1181 445 1250 didisset,
477 1197 539 1241 ut
576 1204 672 1258 per
750 1191 982 1249 insania:
1050 1194 1496 1259 simulationem,
1565 1195 1706 1250 viam
1776 1194 2122 1251 libcratiunis
2167 1195 2460 1250 invenerit.
2519 1192 2789 1262 Congruit
2836 1191 3000 1246 etiam
3058 1188 3148 1242 hic
3204 1187 3449 1255 psalmus

181 1278 502 1350 cuicunque
534 1280 678 1336 ﬁdeli
704 1298 732 1337 a
761 1279 1017 1354 periculis
1052 1287 1308 1343 liberato.

254 1375 592 1442 Εὑλογήσω
652 1375 760 1429 τὸν
796 1379 1014 1446 Κύριον
1050 1380 1121 1433 ἐν
1177 1381 1357 1434 παντὶ
1405 1381 1607 1450 καιρῷ.
1647 1384 1773 1436 Δια·

1939 1376 2113 1432 Vens.
2141 1376 2197 1430 2.
2235 1375 2551 1430 Benediram
2590 1373 2876 1428 Dominum
2925 1372 2978 1426 in
3008 1370 3152 1426 omni
3194 1379 3446 1439 tempore.

182 1466 382 1534 φυγὼν
433 1469 534 1540 ῆδη
583 1469 675 1522 τὸν
706 1470 972 1537 κίνδυνον,
1034 1472 1342 1542 ἀμείψομαι
1367 1473 1462 1528 τὸν
1489 1475 1770 1528 σεσωκότα

1893 1474 2008 1527 lum
2080 1471 2386 1541 periculum
2449 1467 2757 1531 evaserim,
2813 1465 3116 1521 retribuam
3187 1463 3450 1530 deinceps

183 1560 350 1622 Θεὸν,
412 1557 661 1633 εὐφημῖᾳ
693 1563 936 1633 διηνεκεῖ
994 1563 1261 1634 διηνεκῶς
1314 1565 1618 1636 βοηθοῦντά
1655 1583 1766 1636 μοι.

196 1647 494 1706 Ἐντεῦθεν
554 1654 582 1706 ὁ
643 1655 816 1725 μέγας
871 1655 1082 1717 Παῦλος
1134 1656 1521 1727 μαθητευθεὶς,
1579 1661 1768 1728 φησὶν,

197 1745 629 1815 Ἀδιαλεὶπτως
661 1748 1100 1816 προσεύχεσθε,
1147 1749 1221 1803 ἐν
1285 1751 1467 1806 παντὶ
1524 1754 1768 1823 εὐχαρι-

192 1857 425 1895 σνειτε.

1873 1567 2139 1622 Salvatori
2167 1579 2288 1620 meo
2318 1563 2523 1632 gratias
2549 1576 2562 1612 :
2601 1560 2794 1614 laudes
2820 1558 3078 1612 nimirum
3135 1563 3451 1625 perpetuas,

1871 1661 1998 1732 quia
2030 1673 2245 1728 semper
2278 1655 2411 1709 mihi
2455 1653 2676 1723 adiutor
2709 1649 2834 1704 fuit.
2867 1648 3109 1702 Edoctus
3159 1657 3341 1700 autem
3383 1659 3449 1698 ex

1876 1754 1979 1808 hoc
2017 1754 2139 1806 loco
2190 1763 2423 1818 magnus
2465 1743 2669 1800 Paulus
2718 1742 2978 1798 dicebat:
3011 1739 3137 1794 Sine
3189 1737 3456 1792 intermis-

1877 1846 2028 1901 sione
2052 1853 2200 1898 orate
2229 1854 2246 1894 :
2275 1855 2479 1910 semper
2511 1837 2616 1892 Deo
2649 1837 2854 1908 gratias
2887 1835 3027 1905 agite
3041 1833 3110 1886 ⁵⁸.

261 1931 372 1986 Διὰ
423 1933 650 2002 παντὸς
679 1934 720 2002 ἠ
766 1913 1223 2003 αῑνεσιςαῠτοῦ
1261 1937 1332 1992 ἐν
1382 1937 1464 2005 τῷ
1519 1939 1774 2009 στόματί

1947 1935 2166 2005 Semper
2195 1934 2313 1988 laus
2339 1933 2454 2003 ejus
2483 1931 2536 1985 in
2564 1947 2651 1984 ore
2683 1945 2818 1984 meo.
2855 1926 2962 1982 Sed
2987 1923 3268 1996 quomodo
3299 1930 3456 1992 pote-

181 2045 331 2096 μου.
361 2029 471 2084 Καὶ
496 2029 613 2092 πῶς
634 2030 762 2100 περὶ
792 2029 1066 2100 βιωτικῶν
1105 2031 1422 2101 ἀναγκαίως
1452 2032 1772 2103 ὁμιλοῦντός

186 2137 360 2185 τινος,
416 2121 452 2192 ἢ
497 2121 794 2188 ἐσθίοντος,
827 2121 860 2192 ἢ
895 2122 1146 2188 πίνοντος
1176 2164 1192 2188 ,
1225 2123 1260 2195 ἦ
1289 2125 1661 2194 κοιμωμένου,
1685 2126 1773 2182 διὰ

189 2214 401 2278 παντὸς
439 2215 472 2284 ἡ
505 2214 710 2279 αῖνεσις
753 2215 908 2272 ἔσται
956 2216 1034 2287 τῷ
1066 2217 1338 2288 arduam;
1378 2221 1445 2272 Ἣ
1478 2219 1658 2288 δῆλον,
1697 2219 1774 2274 ὡς

189 2306 354 2358 ἔσται
398 2304 496 2357 καὶ
519 2305 708 2376 νοητὸν
732 2305 928 2376 στόμα,
972 2307 1033 2360 τὸ
1059 2305 1207 2362 ἔνδον
1257 2306 1571 2376 ἀνθρώπου,
1612 2307 1682 2362 δι’
1711 2300 1773 2362 οὗ

193 2396 617 2466 μεταλαμϐάνει
641 2399 742 2466 τῆς
763 2398 974 2468 τροφῆς
994 2397 1105 2452 τῶν
1131 2397 1292 2452 θείων
1313 2399 1623 2469 νοημάτων,
1645 2418 1711 2454 πε
1721 2400 1774 2472 pi.

192 2484 259 2540 ei»
321 2501 499 2556 φησιο
563 2486 633 2540 Τὸ
680 2489 877 2556 στόμα
915 2503 1036 2556 μου
1093 2486 1333 2557 ἦνοιξα,
1378 2489 1477 2542 καὶ
1514 2488 1775 2546 auatan

191 2577 468 2646 πνεῦμα*
521 2576 656 2632 καί·
704 2577 1028 2632 Πλάτυνον
1086 2578 1154 2632 τὸ
1209 2581 1406 2648 στόμα
1472 2595 1620 2646 σου,
1675 2579 1774 2632 καὶ

192 2669 500 2736 κληρώσω
532 2670 714 2724 αὑτό’
746 2669 883 2739 ὅπερ
919 2670 1020 2724 οὐκ
1081 2669 1472 2740 ἐμποδίζεσθαί
1509 2687 1640 2724 ποτε
1686 2669 1776 2724 δύ-

196 2779 361 2814 ναται
427 2760 792 2832 μνημονεύειν
820 2760 934 2829 (17)
989 2761 1077 2814 διε)⁸
1117 2761 1252 2815 Θεοῦ
1289 2763 1402 2825 τοῖς
1434 2763 1625 2833 νήφειν
1658 2761 1776 2816 ἐθέ-

195 2851 374 2905 λουσι.
429 2853 542 2906 Καὶ
569 2852 741 2916 ἄλλως
777 2852 835 2906 δέ
857 2869 871 2884 ·
904 2853 975 2906 ἐν
1003 2853 1181 2907 παντὶ
1224 2853 1428 2923 καιρῷ,
1456 2853 1658 2926 δηλαδὴ
1697 2855 1776 2924 τῷ

196 2945 534 3016 προσήκοντι
555 2959 569 2974 °
601 2945 692 2998 καὶ
718 2943 816 3000 διὰ
836 2944 1088 3012 παντὸς,
1107 2945 1195 3000 ὅτε
1223 2945 1425 3016 δηλαδὴ
1440 2945 1642 3018 χρεών.
1657 2947 1777 3019 Χρὴ

195 3036 255 3090 δὲ
287 3037 524 3108 στόματι
573 3038 671 3108 μὲν
720 3038 967 3110 αἰσθητῷ
1006 3037 1100 3092 τὸν
1140 3038 1272 3093 Θεὸν
1326 3040 1538 3110 ὑμνεῖν,
1578 3040 1660 3094 ὅτι
1701 3042 1776 3112 μὴ

196 3129 364 3199 χρεία
410 3147 498 3194 τις
547 3130 822 3200 ἀναγκαία
877 3131 1277 3202 προσίσταται·
1332 3131 1509 3202 νοητῷ
1548 3132 1628 3196 δὲ,
1667 3133 1776 3188 ἀεί.

195 3222 624 3293 Μνημονευτέον
679 3223 788 3294 γὰρ
837 3222 973 3276 Θεοῦ
1029 3223 1254 3293 μᾶλλον,
1283 3222 1316 3293 ἢ
1349 3223 1776 3281 ἀναπνευστέον.

1882 2030 1945 2085 rit
1984 2029 2108 2099 quis
2147 2027 2319 2082 Deum
2380 2039 2597 2094 semper
2630 2021 2880 2085 laudare,
2923 2031 3089 2087 atque
3125 2018 3198 2088 in,
3220 2029 3317 2070 ore
3355 2027 3457 2068 suo

1880 2121 2028 2175 illius
2079 2119 2272 2173 laudes
2317 2115 2574 2172 assiduas
2622 2113 2850 2179 habere,
2883 2127 3010 2167 cum
3062 2109 3131 2164 de
3182 2108 3309 2162 vitae
3347 2122 3448 2159 ne—

1881 2212 2138 2269 cessariis
2168 2223 2552 2278 saepenumero
2605 2205 2945 2262 tractandum
2999 2203 3107 2266 sit,
3158 2198 3456 2254 comeden-

1883 2305 2038 2369 dum,
2070 2303 2392 2366 bibeudum,
2440 2309 2496 2357 et
2527 2297 2957 2354 dormiendum?
3007 2293 3145 2348 Num
3178 2292 3300 2346 ideo
3342 2289 3459 2343 for-

1883 2397 2070 2464 tassis,
2089 2395 2218 2466 quia
2249 2403 2464 2452 certum
2489 2399 2597 2458 est,
2627 2400 2825 2461 praucr
2849 2389 2949 2442 hoc
2973 2384 3282 2454 corporale,
3308 2380 3458 2436 aliud

1881 2506 2004 2548 esse
2035 2490 2177 2544 intra
2206 2487 2486 2543 hominem
2523 2481 2898 2539 intellectuale
2939 2495 3025 2542 os,
3073 2492 3170 2548 per
3200 2473 3343 2546 quod
3376 2473 3460 2526 di-

1881 2585 2135 2640 vinarum
2170 2578 2704 2650 contemplationum
2748 2576 2908 2630 ribus
2957 2571 3253 2641 accipitur,
3297 2577 3352 2623 et
3391 2567 3459 2620 de

1881 2692 1992 2748 quo
2019 2675 2287 2745 scriptum
2316 2672 2590 2745 legimus:
2623 2669 2698 2726 Os
2722 2665 3114 2736 meumaperui
3135 2703 3150 2728 ,
3175 2672 3223 2718 et
3252 2660 3459 2716 attraxi

1881 2769 2212 2840 spiritum”.
2247 2765 2387 2822 ltem
2420 2765 2591 2820 alibi:
2625 2762 2815 2816 Dilata
2842 2776 2897 2814 os
2925 2766 3098 2821 tuum,
3142 2763 3192 2810 et
3232 2752 3458 2822 implebo

1884 2863 2020 2918 illud
2039 2862 2106 2918 ⁸⁷.
2145 2860 2262 2916 Hoc
2297 2859 2466 2928 igitur
2495 2871 2560 2912 os
2586 2852 2840 2925 impediri
2866 2864 3146 2920 nunquam
3176 2855 3379 2919 potest,
3404 2853 3462 2898 et

1886 2954 1984 3010 Dei
2013 2967 2231 3022 semper
2254 2949 2664 3013 reminiscatur,
2729 2946 2777 3002 si
2825 2945 2996 3002 sobrii
3049 2956 3178 2997 esse
3219 2939 3463 2995 volueri-

1887 3061 2033 3102 mus.
2071 3043 2168 3102 Vel
2204 3044 2412 3100 aliter:
2450 3042 2506 3098 In
2543 3041 2694 3098 omni
2731 3049 3000 3111 tempore,
3042 3037 3149 3092 hoc
3195 3043 3300 3098 est,
3324 3049 3465 3092 con-

1886 3151 2024 3208 gruo
2052 3144 2319 3204 tempore,
2349 3142 2404 3190 et
2430 3148 2668 3206 semper,
2703 3130 2924 3203 quando
2949 3135 3323 3199 opportunum
3351 3135 3460 3181 est.

1887 3227 2116 3295 Oportet
2145 3223 2390 3296 quidem,
2434 3233 2493 3277 ut
2532 3229 2726 3279 nostro
2757 3222 2860 3276 hoc
2889 3221 3138 3290 corporis
3165 3233 3262 3274 ore
3290 3218 3461 3272 Deum
3539 3261 3582 3272 ,ί

200 3317 310 3369 Καὶ
341 3319 401 3370 ὲν
429 3315 508 3387 τῷ
539 3317 776 3388 ’ᾼσματι
827 3317 884 3370 δὲ
922 3317 1030 3370 τῶν
1076 3313 1341 3388 ᾀσμάτων
1389 3318 1590 3391 φησίν·
1639 3317 1778 3388 Ἐγὼ

1893 3317 2202 3386 laudemus,
2231 3317 2452 3387 quando
2480 3314 2704 3371 aliunde
2731 3315 2880 3368 nulla
2927 3326 3131 3382 urgens
3176 3311 3336 3365 adest
3375 3323 3466 3363 ne-

203 3406 498 3472 καθεύδω,
531 3409 628 3460 καὶ
658 3409 696 3477 ἡ
723 3406 934 3475 καρδια
959 3424 1080 3476 μου
1118 3405 1433 3474 ἀγρυπνεῖ.

1890 3413 2145 3478 cessitas,
2187 3412 2508 3468 intellectus
2549 3423 2682 3463 vero
2710 3421 2806 3463 ore
2835 3416 3117 3476 perpetuo.
3163 3401 3463 3457 Remittisci

202 3499 347 3550 enim
386 3493 484 3552 Dei
521 3512 735 3568 semper
767 3496 1032 3553 debemus
1074 3491 1158 3568 [ut
1209 3497 1390 3568 inquit
1437 3495 1778 3571 Theologus]
1819 3508 1873 3556 et
1905 3517 2187 3573 nunquam
2219 3516 2462 3559 cessare.
2523 3500 2683 3557 Unde
2712 3499 2766 3554 in
2815 3495 3062 3553 Canticis
3125 3493 3466 3550 canticorum

205 3594 408 3647 dicitur
437 3610 450 3645 :
483 3587 593 3662 Ego
623 3593 854 3658 dormio,
885 3609 976 3647 cor
1000 3579 1373 3648 autem'meum
1405 3594 1678 3666 vigilat".

273 3675 376 3739 Ἐγ
405 3685 488 3752 τῷ
515 3687 710 3753 Κυρίῳ
737 3685 1197 3753 ἐπαινεθήσεται
1237 3687 1275 3756 ἡ
1323 3686 1494 3757 ψυχή
1533 3705 1676 3758 μου.
1708 3688 1787 3742 Οὐ

205 3782 273 3834 δι’
315 3777 525 3850 ἀρετὴν
573 3781 786 3833 οἰκείαν
828 3780 1260 3851 ἐπαινεθήσομαι
1302 3785 1415 3844 τοῖς
1456 3781 1787 3853 ἀνθρώποις,

208 3873 346 3928 ἀλλὰ
375 3872 469 3926 διὰ
497 3871 588 3925 τὸν
613 3873 766 3938 Θεὸν,
786 3871 861 3936 ὡς
887 3871 976 3927 τὸν
1002 3871 1136 3925 Θεὸν
1168 3873 1308 3943 ἔχων
1339 3873 1554 3945 βοηθόν.
1585 3875 1790 3929 Μακά-

202 3984 336 4035 ριος
364 3965 499 4034 γὰρ,
531 3963 720 4036 φησὶν,
747 3958 820 4020 οὗ
853 3967 886 4018 ὀ
916 3964 1061 4032 Θεὸς
1105 3965 1308 4020 Ἰακὼϐ
1323 3966 1553 4034 βοηθὸς
1579 3968 1789 4023 αὐτοῦ.

216 4059 293 4114 Ἦ
319 4057 495 4128 ψυχή
517 4074 639 4127 μου
675 4057 753 4125 δὲ,
779 4059 905 4113 ἀντὶ
949 4057 1070 4124 τοῦ,
1136 4057 1270 4128 ἐγὼ,
1313 4059 1792 4132 περιφραστικῶς.

321 4331 782 4378 Ακουσατωσαν
844 4323 1052 4393 πραεῖς
1072 4362 1092 4391 ,
1121 4325 1218 4380 καὶ
1248 4326 1793 4396 εὐφρανθήσονται.

227 4417 674 4480 Ἀκουσάτωσαν,
705 4416 788 4469 ὅτι
825 4415 1109 4489 σέσωσμαι
1143 4419 1488 4491 παραδόξως.
1514 4421 1714 4492 Πραεῖς
1737 4421 1796 4475 δὲ

214 4512 367 4581 λέγει
424 4513 552 4576 τοὺς
603 4509 986 4578 ἀνεξικάκους,
1035 4506 1148 4577 οἷος
1196 4501 1266 4586 ἦν
1315 4514 1499 4578 αὐτός.
1556 4514 1666 4568 Καὶ
1704 4515 1798 4568 εὐ-

221 4602 661 4674 φρανθήτωσαν,
712 4605 796 4660 ὅτι
852 4601 914 4659 οὐ
963 4605 1199 4678 περιορᾷ
1244 4608 1374 4669 τοὺς
1429 4608 1706 4670 τοιούτους
1769 4609 1799 4661 ό

223 4696 373 4760 Θεὸς,
401 4693 540 4750 ἀλλὰ
562 4696 654 4750 καὶ
693 4694 1103 4760 κινδυνεύοντας
1131 4693 1408 4762 διασώζει.
1427 4693 1578 4769 Ἐμὲ,
1611 4699 1798 4771 φησὶν,

223 4790 496 4862 ἐχέτωσαν
526 4790 854 4861 ὑπόδειγμα,
885 4791 981 4845 καὶ
1011 4785 1412 4864 θαῤῥείτωσαν.

1964 3688 2131 3744 Vens.
2163 3688 2220 3751 5.
2259 3686 2325 3743 In
2356 3684 2585 3740 Domino
2615 3679 2930 3737 laudabitur
2953 3677 3137 3731 anima
3165 3691 3302 3731 mea.
3349 3672 3466 3728 Non

1890 3784 1961 3838 ob
1988 3783 2269 3853 propriam
2300 3796 2402 3852 ego
2427 3779 2690 3833 virtutem
2723 3775 2793 3831 ab
2821 3770 3146 3829 hominibus
3172 3766 3466 3829 laudabor,

1892 3877 1986 3934 sed
2021 3884 2244 3946 propter
2298 3872 2491 3944 Deum,
2538 3869 2668 3940 quia
2717 3866 2931 3923 scilicet
2965 3863 3118 3918 illum
3161 3861 3466 3930 adjutorem

1894 3968 2059 4023 habui
2089 4009 2105 4022 .
2137 3965 2336 4020 Beatus
2369 3965 2537 4028 enim,
2566 3962 2766 4031 inquit,
2786 3957 2870 4012 cui
2900 3955 3042 4010 Deus
3058 3953 3226 4008 Iacob
3250 3951 3472 4022 adjutor

1890 4062 2093 4132 ejus".
2160 4060 2350 4114 Anima
2405 4068 2588 4113 autem
2654 4073 2770 4110 mea
2829 4053 3159 4115 laudabitur,
3231 4048 3473 4103 circuat-

1895 4152 2172 4223 loquendo
2202 4153 2413 4208 dictum
2444 4158 2528 4206 est
2554 4190 2570 4215 ,
2599 4163 2702 4220 pro
2750 4163 2816 4204 eo
2858 4147 3004 4217 quod
3037 4153 3164 4200 est:
3201 4139 3313 4210 Ego
3354 4139 3475 4193 lau-

1893 4247 2090 4304 dabor.

1964 4339 2202 4394 Audiam
2268 4336 2556 4401 mansueti,
2621 4344 2671 4389 et
2730 4335 2997 4389 lwteutur.
3048 4324 3290 4382 Audiam
3325 4319 3474 4390 quod

1897 4429 2286 4485 admirandum
2341 4428 2397 4483 in
2445 4426 2668 4484 modum
2742 4434 2798 4481 et
2835 4430 3030 4494 prazter
3074 4416 3318 4474 omnium
3358 4411 3473 4482 api-

1898 4523 2122 4578 nionem
2155 4530 2413 4577 servatus
2440 4535 2584 4574 sum.
2610 4517 2716 4572 Per
2743 4522 3065 4572 mansuetos
3119 4518 3300 4564 autem
3371 4506 3476 4558 hoc
3568 4570 3573 4574 ι

1898 4616 1952 4671 iu
1990 4617 2110 4671 loco
2142 4614 2415 4685 patientes
2448 4611 2694 4667 laborum
2745 4606 3008 4680 appellat,
3053 4613 3221 4673 atque
3249 4600 3305 4654 in
3334 4595 3475 4650 ami-

1905 4707 2188 4763 ctionibus
2228 4705 2599 4774 longanimcs,
2628 4701 2810 4773 qualis
2834 4700 2954 4770 ipse
2986 4707 3104 4753 erat
3135 4694 3329 4749 beatus
3371 4687 3479 4740 Da-

1897 4799 2008 4853 vid.
2068 4799 2138 4854 Et
2187 4799 2465 4866 lateutur,
2519 4796 2726 4865 inquit,
2756 4794 2885 4863 quia
2925 4791 3067 4870 Deus
3091 4776 3476 4856 hujuscemodi

224 4887 556 4942 sustinentes
629 4887 777 4942 viros
801 4901 960 4970 ﬁnon
988 4885 1256 4959 despicit;
1307 4886 1443 4959 quin
1485 4888 1595 4943 imo
1640 4888 1692 4942 in
1747 4892 2006 4962 periculis
2077 4895 2412 4952 constitutos
2462 4893 2658 4950 salvat.
2706 4889 2790 4946 Me
2832 4887 2998 4959 igitur
3043 4884 3100 4940 in
3171 4878 3478 4950 exemplum

229 4980 463 5036 habeant
492 4991 546 5038 et
579 4997 680 5037 con
690 4983 877 5040 lidaut.

297 5077 690 5148 Μεταλύνατε
717 5077 825 5131 τὸν
845 5079 1066 5146 Κύριον
1090 5079 1214 5135 σὺν
1239 5081 1390 5151 ἐμοὶ,
1423 5073 1520 5136 καὶ
1554 5081 1778 5152 ὑψώσω

1974 5081 2141 5136 Vsus.
2174 5081 2227 5136 4.
2266 5079 2616 5151 Maguiﬁcate
2645 5077 2930 5133 Dominum
2950 5085 3176 5134 mecum,
3198 5076 3248 5122 et
3269 5063 3477 5119 exalte-

229 5184 340 5234 μεν
371 5169 440 5222 τὸ
468 5168 659 5238 bram
688 5169 877 5224 αὑτοῦ
906 5169 1248 5228 darton-md.
1280 5173 1423 5244 Πρὸς
1441 5172 1570 5236 τοὺς
1604 5176 1803 5244 πραεῖς

234 5262 312 5316 ἔτι
346 5263 723 5326 ἀποτείνεται,
775 5265 872 5318 καὶ
909 5265 1066 5318 καλεῖ
1105 5264 1329 5328 τούτους
1363 5269 1444 5328 εἰς
1472 5269 1536 5319 τὸ
1562 5265 1805 5335 μεγαλύ-

1911 5183 2029 5226 mus
2058 5187 2243 5226 nomen
2263 5172 2379 5242 ejus
2427 5173 2479 5224 in
2511 5171 2763 5240 idipstmt.
2793 5167 2950 5238 ipsos
2964 5165 3140 5220 adhuc
3164 5168 3480 5214 mansuetos

1908 5264 2229 5334 alloquitur,
2293 5272 2460 5335 atque
2526 5263 2787 5326 advocat,
2858 5267 2920 5315 ut
2989 5253 3377 5323 niagniticent,
3423 5253 3478 5299 et

236 5370 342 5406 νειν
392 5354 490 5406 καὶ
515 5353 684 5434 ὑψοῦν
711 5355 849 5425 ὁμοῦ
895 5355 989 5408 τὸν
1027 5355 1256 5429 Κύριον.
1285 5356 1411 5420 Πῶς
1455 5356 1515 5414 δέ
1564 5375 1646 5421 τις
1680 5357 1778 5426 ὀψο

1908 5357 2148 5412 exaltent
2199 5357 2389 5411 Deum.
2448 5355 2515 5410 Et
2560 5353 2838 5425 quomodo
2895 5343 3270 5420 maxumum,
3311 5342 3480 5408 ³ῑ¹1¹¹θ

235 5444 327 5495 καὶ
355 5443 647 5513 μεγαλύνει
681 5445 775 5499 τὸν
796 5444 952 5509 Θεδν,
1010 5447 1317 5517 εἰρήκαμεν
1344 5448 1403 5500 ὲν
1426 5451 1492 5518 τῇ
1524 5449 1668 5520 ἀρχῇ
1707 5449 1778 5502 τοὶ

1909 5448 2152 5503 exaltare
2185 5449 2312 5518 quis
2358 5449 2528 5502 Deum
2578 5441 2775 5517 possit,
2831 5441 3071 5498 diximus
3111 5440 3163 5493 in
3206 5433 3480 5507 principio

239 5535 315 5590 κθν
343 5537 587 5608 ψαλμοῦ.
615 5531 745 5592 Εἶτα
771 5538 1064 5609 διηγεῖται,
1097 5538 1212 5603 πῶς
1239 5539 1505 5612 aegaeon.

1913 5542 2108 5610 psalmi
2147 5555 2298 5595 nu.
2334 5537 2542 5596 Deinde
2576 5544 2766 5593 narrat
2790 5532 3068 5606 quomodo
3095 5529 3358 5586 liberatus
3383 5524 3478 5580 sit.

293 5699 342 5733 "
369 5697 387 5753 1
416 5699 614 5757 Thess.
646 5717 698 5766 ν,
728 5703 816 5759 i7.
891 5703 937 5736 "
961 5701 1310 5772 Psal.cxvm,
1350 5706 1475 5762 151.
1550 5708 1595 5742 ³⁷
1629 5705 1776 5763 Psal.

1893 5722 1966 5771 ις,
2008 5707 2098 5761 Η.
2172 5707 2219 5742 ⁸⁸
2240 5705 2400 5764 Cant.
2425 5723 2479 5773 γ,
2507 5705 2564 5761 2.
2629 5706 2675 5740 ⁸⁸
2713 5701 2860 5760 Psal.
2902 5716 3060 5769 CXLV,
3094 5701 3148 5758 5'.

1606 5829 1808 5892 Variae
1843 5826 2176 5893 lectiones.

323 5919 430 5993 (l7)
458 5922 541 5978 Al.
583 5925 946 5999 μνημονεῦον.
