  <div class='ocr_page' id='page_1' title='image "/cluster/home/n/w/nwhite01/storage/ocr_20150623/128/hvd.32044019208230/199.png"; bbox 0 0 3866 6558; ppageno 0'>
   <div class='ocr_carea' id='block_1_1' title="bbox 425 464 535 528">
    <p class='ocr_par' dir='ltr' id='par_1_1' title="bbox 425 464 535 528">
     <span class='ocr_line' id='line_1_1' title="bbox 425 464 535 528; baseline -0.018 0"><span class='ocrx_word' id='word_1_1' title='bbox 425 464 535 528; x_wconf 78' lang='lat'><strong>383</strong></span> 
     </span>
    </p>
   </div>
   <div class='ocr_carea' id='block_1_2' title="bbox 1614 459 2407 523">
    <p class='ocr_par' dir='ltr' id='par_1_2' title="bbox 1614 459 2407 523">
     <span class='ocr_line' id='line_1_2' title="bbox 1614 459 2407 523; baseline -0.001 -2"><span class='ocrx_word' id='word_1_2' title='bbox 1614 460 2005 523; x_wconf 80' lang='lat' dir='ltr'><strong>EUTIIYMII</strong></span> <span class='ocrx_word' id='word_1_3' title='bbox 2041 459 2407 522; x_wconf 80' lang='lat' dir='ltr'><strong>ZlGABENI</strong></span> 
     </span>
    </p>
   </div>
   <div class='ocr_carea' id='block_1_3' title="bbox 3574 455 3672 524">
    <p class='ocr_par' dir='ltr' id='par_1_3' title="bbox 3574 455 3672 524">
     <span class='ocr_line' id='line_1_3' title="bbox 3574 455 3672 524; baseline 0 0"><span class='ocrx_word' id='word_1_4' title='bbox 3574 455 3672 524; x_wconf 63' lang='lat'><strong>384</strong></span> 
     </span>
    </p>
   </div>
   <div class='ocr_carea' id='block_1_4' title="bbox 492 566 2012 649">
    <p class='ocr_par' dir='ltr' id='par_1_4' title="bbox 492 566 1999 649">
     <span class='ocr_line' id='line_1_4' title="bbox 492 566 1999 649; baseline -0.003 -12"><span class='ocrx_word' id='word_1_5' title='bbox 492 582 659 637; x_wconf 80' lang='lat' dir='ltr'><strong>Vens.</strong></span> <span class='ocrx_word' id='word_1_6' title='bbox 701 580 755 635; x_wconf 84' lang='lat'><strong>5.</strong></span> <span class='ocrx_word' id='word_1_7' title='bbox 804 577 1082 649; x_wconf 70' lang='lat' dir='ltr'><strong>Erquisivi</strong></span> <span class='ocrx_word' id='word_1_8' title='bbox 1127 566 1437 640; x_wconf 66' lang='lat' dir='ltr'><strong>Dominum,</strong></span> <span class='ocrx_word' id='word_1_9' title='bbox 1488 586 1538 632; x_wconf 88' lang='lat' dir='ltr'><strong>et</strong></span> <span class='ocrx_word' id='word_1_10' title='bbox 1586 578 1856 633; x_wconf 74' lang='lat' dir='ltr'><strong>exaudivit</strong></span> <span class='ocrx_word' id='word_1_11' title='bbox 1898 593 1999 633; x_wconf 86' lang='lat' dir='ltr'><strong>me.</strong></span> 
     </span>
    </p>
   </div>
   <div class='ocr_carea' id='block_1_5' title="bbox 2135 566 3672 649">
    <p class='ocr_par' dir='ltr' id='par_1_5' title="bbox 2174 568 3672 643">
     <span class='ocr_line' id='line_1_5' title="bbox 2174 568 3672 643; baseline -0.002 -13"><span class='ocrx_word' id='word_1_12' title='bbox 2174 572 2548 643; x_wconf 68' lang='grc' dir='ltr'>Ἐξεζιξτησα</span> <span class='ocrx_word' id='word_1_13' title='bbox 2577 571 2684 626; x_wconf 80' lang='grc' dir='ltr'>τὸν</span> <span class='ocrx_word' id='word_1_14' title='bbox 2712 570 2954 642; x_wconf 78' lang='grc' dir='ltr'><strong>Κύριον,</strong></span> <span class='ocrx_word' id='word_1_15' title='bbox 2989 568 3090 625; x_wconf 79' lang='grc' dir='ltr'>καί</span> <span class='ocrx_word' id='word_1_16' title='bbox 3108 568 3420 638; x_wconf 70' lang='grc' dir='ltr'>ἐπήκουσέ</span> <span class='ocrx_word' id='word_1_17' title='bbox 3440 588 3585 640; x_wconf 82' lang='grc' dir='ltr'>μου.</span> <span class='ocrx_word' id='word_1_18' title='bbox 3612 572 3672 627; x_wconf 85' lang='grc' dir='ltr'><em>Ἦ</em></span> 
     </span>
    </p>
   </div>
   <div class='ocr_carea' id='block_1_6' title="bbox 421 661 2012 743">
    <p class='ocr_par' dir='ltr' id='par_1_6' title="bbox 421 668 1994 743">
     <span class='ocr_line' id='line_1_6' title="bbox 421 668 1994 743; baseline -0.003 -16"><span class='ocrx_word' id='word_1_19' title='bbox 421 673 749 743; x_wconf 69' lang='lat' dir='ltr'><strong>Prmposilio</strong></span> <span class='ocrx_word' id='word_1_20' title='bbox 808 687 894 734; x_wconf 71' lang='lat' dir='ltr'><strong>ex,</strong></span> <span class='ocrx_word' id='word_1_21' title='bbox 946 670 1316 725; x_wconf 87' lang='lat' dir='ltr'><strong>iutensionem</strong></span> <span class='ocrx_word' id='word_1_22' title='bbox 1371 669 1667 739; x_wconf 80' lang='lat' dir='ltr'><strong>quamdam</strong></span> <span class='ocrx_word' id='word_1_23' title='bbox 1728 668 1994 740; x_wconf 77' lang='lat' dir='ltr'><strong>majorem</strong></span> 
     </span>
    </p>
   </div>
   <div class='ocr_carea' id='block_1_7' title="bbox 2135 661 3673 743">
    <p class='ocr_par' dir='ltr' id='par_1_7' title="bbox 2135 661 3673 740">
     <span class='ocr_line' id='line_1_7' title="bbox 2135 661 3673 740; baseline -0.001 -19"><span class='ocrx_word' id='word_1_24' title='bbox 2135 668 2170 733; x_wconf 80' lang='grc' dir='ltr'><strong><em>ξ</em></strong></span> <span class='ocrx_word' id='word_1_25' title='bbox 2202 668 2458 740; x_wconf 78' lang='grc' dir='ltr'><strong>πρόθεσις</strong></span> <span class='ocrx_word' id='word_1_26' title='bbox 2505 665 2759 719; x_wconf 79' lang='grc' dir='ltr'><strong>ἐπίτασιν</strong></span> <span class='ocrx_word' id='word_1_27' title='bbox 2806 664 3067 735; x_wconf 71' lang='grc' dir='ltr'>ἐμφαίνει</span> <span class='ocrx_word' id='word_1_28' title='bbox 3102 661 3410 735; x_wconf 80' lang='grc' dir='ltr'>ζητήσεως.</span> <span class='ocrx_word' id='word_1_29' title='bbox 3456 664 3551 718; x_wconf 81' lang='grc' dir='ltr'>Ἐν</span> <span class='ocrx_word' id='word_1_30' title='bbox 3588 667 3673 735; x_wconf 72' lang='grc' dir='ltr'><strong>μέο</strong></span> 
     </span>
    </p>
   </div>
   <div class='ocr_carea' id='block_1_8' title="bbox 422 760 1998 831">
    <p class='ocr_par' dir='ltr' id='par_1_8' title="bbox 422 760 1998 831">
     <span class='ocr_line' id='line_1_8' title="bbox 422 760 1998 831; baseline -0.004 -10"><span class='ocrx_word' id='word_1_31' title='bbox 422 766 791 822; x_wconf 76' lang='lat' dir='ltr'><strong>demonstrat.</strong></span> <span class='ocrx_word' id='word_1_32' title='bbox 842 762 905 817; x_wconf 82' lang='lat' dir='ltr'><strong>In</strong></span> <span class='ocrx_word' id='word_1_33' title='bbox 960 762 1179 822; x_wconf 83' lang='lat' dir='ltr'><strong>mediis.</strong></span> <span class='ocrx_word' id='word_1_34' title='bbox 1231 760 1445 831; x_wconf 86' lang='lat' dir='ltr'><strong>inquit,</strong></span> <span class='ocrx_word' id='word_1_35' title='bbox 1494 762 1758 831; x_wconf 85' lang='lat' dir='ltr'><strong>periculis</strong></span> <span class='ocrx_word' id='word_1_36' title='bbox 1792 760 1998 818; x_wconf 85' lang='lat' dir='ltr'><strong>dereli-</strong></span> 
     </span>
    </p>
   </div>
   <div class='ocr_carea' id='block_1_9' title="bbox 419 848 1996 920">
    <p class='ocr_par' dir='ltr' id='par_1_9' title="bbox 419 848 1996 920">
     <span class='ocr_line' id='line_1_9' title="bbox 419 848 1996 920; baseline 0.001 -15"><span class='ocrx_word' id='word_1_37' title='bbox 419 860 568 915; x_wconf 87' lang='lat' dir='ltr'><strong>ctus,</strong></span> <span class='ocrx_word' id='word_1_38' title='bbox 596 864 720 906; x_wconf 89' lang='lat' dir='ltr'><strong>cum</strong></span> <span class='ocrx_word' id='word_1_39' title='bbox 746 850 935 905; x_wconf 87' lang='lat' dir='ltr'><strong>labore</strong></span> <span class='ocrx_word' id='word_1_40' title='bbox 958 848 1259 920; x_wconf 80' lang='lat' dir='ltr'><strong>perquisivi</strong></span> <span class='ocrx_word' id='word_1_41' title='bbox 1287 849 1579 905; x_wconf 84' lang='lat' dir='ltr'><strong>Dominum</strong></span> <span class='ocrx_word' id='word_1_42' title='bbox 1605 851 1659 906; x_wconf 91' lang='lat' dir='ltr'><strong>in</strong></span> <span class='ocrx_word' id='word_1_43' title='bbox 1694 851 1996 918; x_wconf 76' lang='lat' dir='ltr'><strong>auxilium,</strong></span> 
     </span>
    </p>
   </div>
   <div class='ocr_carea' id='block_1_10' title="bbox 421 943 1153 999">
    <p class='ocr_par' dir='ltr' id='par_1_10' title="bbox 421 943 1153 999">
     <span class='ocr_line' id='line_1_10' title="bbox 421 943 1153 999; baseline 0 0"><span class='ocrx_word' id='word_1_44' title='bbox 421 952 480 999; x_wconf 89' lang='lat' dir='ltr'><strong>et</strong></span> <span class='ocrx_word' id='word_1_45' title='bbox 514 945 697 998; x_wconf 81' lang='lat' dir='ltr'><strong>statim</strong></span> <span class='ocrx_word' id='word_1_46' title='bbox 729 943 1015 998; x_wconf 74' lang='lat' dir='ltr'><strong>exaudivit</strong></span> <span class='ocrx_word' id='word_1_47' title='bbox 1045 958 1153 999; x_wconf 89' lang='lat' dir='ltr'><strong>me.</strong></span> 
     </span>
    </p>
   </div>
   <div class='ocr_carea' id='block_1_11' title="bbox 491 1033 1999 1106">
    <p class='ocr_par' dir='ltr' id='par_1_11' title="bbox 491 1033 1999 1106">
     <span class='ocr_line' id='line_1_11' title="bbox 491 1033 1999 1106; baseline 0.001 -18"><span class='ocrx_word' id='word_1_48' title='bbox 491 1033 557 1088; x_wconf 87' lang='lat' dir='ltr'><strong>Et</strong></span> <span class='ocrx_word' id='word_1_49' title='bbox 590 1049 656 1089; x_wconf 72' lang='lat' dir='ltr'><strong>ea:</strong></span> <span class='ocrx_word' id='word_1_50' title='bbox 703 1035 948 1089; x_wconf 84' lang='lat' dir='ltr'><strong>omnibus</strong></span> <span class='ocrx_word' id='word_1_51' title='bbox 994 1036 1435 1093; x_wconf 80' lang='lat' dir='ltr'><strong>tribulationibus</strong></span> <span class='ocrx_word' id='word_1_52' title='bbox 1477 1035 1606 1089; x_wconf 79' lang='lat' dir='ltr'><strong>meis</strong></span> <span class='ocrx_word' id='word_1_53' title='bbox 1646 1036 1844 1106; x_wconf 79' lang='lat' dir='ltr'><strong>eripuit</strong></span> <span class='ocrx_word' id='word_1_54' title='bbox 1894 1052 1999 1091; x_wconf 83' lang='lat' dir='ltr'><strong>me.</strong></span> 
     </span>
    </p>
   </div>
   <div class='ocr_carea' id='block_1_12' title="bbox 419 1118 2003 1194">
    <p class='ocr_par' dir='ltr' id='par_1_12' title="bbox 419 1118 2003 1194">
     <span class='ocr_line' id='line_1_12' title="bbox 419 1118 2003 1194; baseline 0.003 -17"><span class='ocrx_word' id='word_1_55' title='bbox 419 1123 599 1181; x_wconf 66' lang='lat' dir='ltr'><strong>Variae</strong></span> <span class='ocrx_word' id='word_1_56' title='bbox 645 1127 793 1181; x_wconf 88' lang='lat' dir='ltr'><strong>enim</strong></span> <span class='ocrx_word' id='word_1_57' title='bbox 828 1126 1152 1184; x_wconf 82' lang='lat' dir='ltr'><strong>aﬂlictiones</strong></span> <span class='ocrx_word' id='word_1_58' title='bbox 1184 1144 1308 1184; x_wconf 91' lang='lat' dir='ltr'><strong>eum</strong></span> <span class='ocrx_word' id='word_1_59' title='bbox 1340 1118 1717 1194; x_wconf 75' lang='lat' dir='ltr'><strong>detinuerant,</strong></span> <span class='ocrx_word' id='word_1_60' title='bbox 1755 1126 1886 1183; x_wconf 85' lang='lat' dir='ltr'><strong>dum</strong></span> <span class='ocrx_word' id='word_1_61' title='bbox 1931 1130 2003 1182; x_wconf 86' lang='lat' dir='ltr'><strong>ti-</strong></span> 
     </span>
    </p>
   </div>
   <div class='ocr_carea' id='block_1_13' title="bbox 428 1219 2006 1281">
    <p class='ocr_par' dir='ltr' id='par_1_13' title="bbox 428 1219 2006 1281">
     <span class='ocr_line' id='line_1_13' title="bbox 428 1219 2006 1281; baseline 0.001 -9"><span class='ocrx_word' id='word_1_62' title='bbox 428 1225 628 1279; x_wconf 87' lang='lat' dir='ltr'><strong>meret.</strong></span> <span class='ocrx_word' id='word_1_63' title='bbox 683 1233 752 1274; x_wconf 88' lang='lat' dir='ltr'><strong>ne</strong></span> <span class='ocrx_word' id='word_1_64' title='bbox 781 1219 836 1274; x_wconf 91' lang='lat' dir='ltr'><strong>in</strong></span> <span class='ocrx_word' id='word_1_65' title='bbox 885 1219 1067 1275; x_wconf 80' lang='lat' dir='ltr'><strong>Saulis</strong></span> <span class='ocrx_word' id='word_1_66' title='bbox 1115 1236 1313 1276; x_wconf 86' lang='lat' dir='ltr'><strong>manus</strong></span> <span class='ocrx_word' id='word_1_67' title='bbox 1354 1219 1645 1281; x_wconf 84' lang='lat' dir='ltr'><strong>incideret.</strong></span> <span class='ocrx_word' id='word_1_68' title='bbox 1693 1233 1762 1275; x_wconf 90' lang='lat' dir='ltr'><strong>ne</strong></span> <span class='ocrx_word' id='word_1_69' title='bbox 1813 1228 2006 1275; x_wconf 90' lang='lat' dir='ltr'><strong>contu-</strong></span> 
     </span>
    </p>
   </div>
   <div class='ocr_carea' id='block_1_14' title="bbox 426 1311 2006 1385">
    <p class='ocr_par' dir='ltr' id='par_1_14' title="bbox 426 1311 2006 1385">
     <span class='ocr_line' id='line_1_14' title="bbox 426 1311 2006 1385; baseline -0.001 -20"><span class='ocrx_word' id='word_1_70' title='bbox 426 1312 593 1366; x_wconf 86' lang='lat' dir='ltr'><strong>melia</strong></span> <span class='ocrx_word' id='word_1_71' title='bbox 626 1313 969 1376; x_wconf 68' lang='lat' dir='ltr'><strong>alliciendos,</strong></span> <span class='ocrx_word' id='word_1_72' title='bbox 999 1321 1053 1370; x_wconf 93' lang='lat' dir='ltr'><strong>et</strong></span> <span class='ocrx_word' id='word_1_73' title='bbox 1084 1321 1366 1385; x_wconf 87' lang='lat' dir='ltr'><strong>postremo</strong></span> <span class='ocrx_word' id='word_1_74' title='bbox 1417 1325 1487 1367; x_wconf 88' lang='lat' dir='ltr'><strong>ne</strong></span> <span class='ocrx_word' id='word_1_75' title='bbox 1528 1325 1672 1368; x_wconf 64' lang='lat' dir='ltr'><strong>save</strong></span> <span class='ocrx_word' id='word_1_76' title='bbox 1716 1312 1884 1368; x_wconf 86' lang='lat' dir='ltr'><strong>etiam</strong></span> <span class='ocrx_word' id='word_1_77' title='bbox 1929 1311 2006 1364; x_wconf 89' lang='lat' dir='ltr'><strong>in-</strong></span> 
     </span>
    </p>
   </div>
   <div class='ocr_carea' id='block_1_15' title="bbox 428 1404 972 1461">
    <p class='ocr_par' dir='ltr' id='par_1_15' title="bbox 428 1404 972 1461">
     <span class='ocr_line' id='line_1_15' title="bbox 428 1404 972 1461; baseline 0.004 -2"><span class='ocrx_word' id='word_1_78' title='bbox 428 1404 777 1460; x_wconf 87' lang='lat' dir='ltr'><strong>tcrimendus</strong></span> <span class='ocrx_word' id='word_1_79' title='bbox 802 1415 972 1461; x_wconf 77' lang='lat' dir='ltr'><strong>esset.</strong></span> 
     </span>
    </p>
   </div>
   <div class='ocr_carea' id='block_1_16' title="bbox 496 1493 2006 1563">
    <p class='ocr_par' dir='ltr' id='par_1_16' title="bbox 496 1493 2006 1563">
     <span class='ocr_line' id='line_1_16' title="bbox 496 1493 2006 1563; baseline -0.002 -14"><span class='ocrx_word' id='word_1_80' title='bbox 496 1493 663 1561; x_wconf 75' lang='lat' dir='ltr'><strong>Vens.</strong></span> <span class='ocrx_word' id='word_1_81' title='bbox 691 1497 745 1551; x_wconf 81' lang='lat'><strong>6.</strong></span> <span class='ocrx_word' id='word_1_82' title='bbox 780 1495 1025 1551; x_wconf 80' lang='lat' dir='ltr'><strong>Accedite</strong></span> <span class='ocrx_word' id='word_1_83' title='bbox 1059 1496 1128 1549; x_wconf 89' lang='lat' dir='ltr'><strong>atl</strong></span> <span class='ocrx_word' id='word_1_84' title='bbox 1147 1512 1289 1558; x_wconf 85' lang='lat' dir='ltr'><strong>eum,</strong></span> <span class='ocrx_word' id='word_1_85' title='bbox 1316 1506 1363 1551; x_wconf 85' lang='lat' dir='ltr'><strong>et</strong></span> <span class='ocrx_word' id='word_1_86' title='bbox 1388 1493 1771 1550; x_wconf 84' lang='lat' dir='ltr'><strong>illuminamini</strong></span> <span class='ocrx_word' id='word_1_87' title='bbox 1787 1533 1802 1558; x_wconf 91' lang='lat'><strong>,</strong></span> <span class='ocrx_word' id='word_1_88' title='bbox 1828 1501 1880 1547; x_wconf 89' lang='lat' dir='ltr'><strong>et</strong></span> <span class='ocrx_word' id='word_1_89' title='bbox 1919 1493 2006 1563; x_wconf 76' lang='lat' dir='ltr'><strong>{a-</strong></span> 
     </span>
    </p>
   </div>
   <div class='ocr_carea' id='block_1_17' title="bbox 426 1586 2007 1658">
    <p class='ocr_par' dir='ltr' id='par_1_17' title="bbox 426 1586 2007 1658">
     <span class='ocr_line' id='line_1_17' title="bbox 426 1586 2007 1658; baseline -0.001 -16"><span class='ocrx_word' id='word_1_90' title='bbox 426 1590 533 1643; x_wconf 75' lang='lat' dir='ltr'><strong>cies</strong></span> <span class='ocrx_word' id='word_1_91' title='bbox 568 1598 755 1644; x_wconf 80' lang='lat' dir='ltr'><strong>vestra:</strong></span> <span class='ocrx_word' id='word_1_92' title='bbox 794 1606 899 1644; x_wconf 84' lang='lat' dir='ltr'><strong>non</strong></span> <span class='ocrx_word' id='word_1_93' title='bbox 933 1588 1355 1658; x_wconf 81' lang='lat' dir='ltr'><strong>confundantur.</strong></span> <span class='ocrx_word' id='word_1_94' title='bbox 1411 1588 1562 1644; x_wconf 81' lang='lat' dir='ltr'><strong>Solet</strong></span> <span class='ocrx_word' id='word_1_95' title='bbox 1598 1586 1820 1643; x_wconf 76' lang='lat' dir='ltr'><strong>afﬂictio</strong></span> <span class='ocrx_word' id='word_1_96' title='bbox 1852 1602 2007 1642; x_wconf 88' lang='lat' dir='ltr'><strong>men-</strong></span> 
     </span>
    </p>
   </div>
   <div class='ocr_carea' id='block_1_18' title="bbox 432 1676 2007 1752">
    <p class='ocr_par' dir='ltr' id='par_1_18' title="bbox 432 1676 2007 1752">
     <span class='ocr_line' id='line_1_18' title="bbox 432 1676 2007 1752; baseline -0.001 -17"><span class='ocrx_word' id='word_1_97' title='bbox 432 1689 544 1736; x_wconf 85' lang='lat' dir='ltr'><strong>tem</strong></span> <span class='ocrx_word' id='word_1_98' title='bbox 571 1681 856 1736; x_wconf 84' lang='lat' dir='ltr'><strong>hominum</strong></span> <span class='ocrx_word' id='word_1_99' title='bbox 891 1680 1231 1737; x_wconf 85' lang='lat' dir='ltr'><strong>conlundere</strong></span> <span class='ocrx_word' id='word_1_100' title='bbox 1288 1691 1451 1752; x_wconf 87' lang='lat' dir='ltr'><strong>atque</strong></span> <span class='ocrx_word' id='word_1_101' title='bbox 1477 1680 1859 1736; x_wconf 88' lang='lat' dir='ltr'><strong>obtenebrare.</strong></span> <span class='ocrx_word' id='word_1_102' title='bbox 1895 1676 2007 1734; x_wconf 81' lang='lat' dir='ltr'><strong>Vos</strong></span> 
     </span>
    </p>
   </div>
   <div class='ocr_carea' id='block_1_19' title="bbox 427 1771 2001 1843">
    <p class='ocr_par' dir='ltr' id='par_1_19' title="bbox 427 1771 2001 1843">
     <span class='ocr_line' id='line_1_19' title="bbox 427 1771 2001 1843; baseline 0.001 -17"><span class='ocrx_word' id='word_1_103' title='bbox 427 1771 603 1843; x_wconf 91' lang='lat' dir='ltr'><strong>igitur</strong></span> <span class='ocrx_word' id='word_1_104' title='bbox 652 1774 743 1843; x_wconf 89' lang='lat' dir='ltr'><strong>qui</strong></span> <span class='ocrx_word' id='word_1_105' title='bbox 771 1774 823 1829; x_wconf 93' lang='lat' dir='ltr'><strong>in</strong></span> <span class='ocrx_word' id='word_1_106' title='bbox 852 1776 1212 1831; x_wconf 73' lang='lat' dir='ltr'><strong>aﬂlicﬁonum</strong></span> <span class='ocrx_word' id='word_1_107' title='bbox 1248 1774 1492 1830; x_wconf 91' lang='lat' dir='ltr'><strong>tenebris</strong></span> <span class='ocrx_word' id='word_1_108' title='bbox 1521 1773 1810 1829; x_wconf 82' lang='lat' dir='ltr'><strong>constituti</strong></span> <span class='ocrx_word' id='word_1_109' title='bbox 1842 1773 2001 1838; x_wconf 84' lang='lat' dir='ltr'><strong>estis,</strong></span> 
     </span>
    </p>
   </div>
   <div class='ocr_carea' id='block_1_20' title="bbox 2103 755 3673 831">
    <p class='ocr_par' dir='ltr' id='par_1_20' title="bbox 2103 755 3673 831">
     <span class='ocr_line' id='line_1_20' title="bbox 2103 755 3673 831; baseline -0.004 -16"><span class='ocrx_word' id='word_1_110' title='bbox 2103 778 2240 825; x_wconf 88' lang='grc' dir='ltr'>σοις,</span> <span class='ocrx_word' id='word_1_111' title='bbox 2294 760 2451 831; x_wconf 73' lang='grc' dir='ltr'>φησὶ,</span> <span class='ocrx_word' id='word_1_112' title='bbox 2502 761 2616 821; x_wconf 80' lang='grc' dir='ltr'>τοῖς</span> <span class='ocrx_word' id='word_1_113' title='bbox 2662 757 2931 823; x_wconf 71' lang='grc' dir='ltr'><strong>κινδύνοις</strong></span> <span class='ocrx_word' id='word_1_114' title='bbox 2987 755 3369 827; x_wconf 81' lang='grc' dir='ltr'>ἀπολειφθεὶς,</span> <span class='ocrx_word' id='word_1_115' title='bbox 3425 756 3673 828; x_wconf 75' lang='grc' dir='ltr'>ὲμπὸνως</span> 
     </span>
    </p>
   </div>
   <div class='ocr_carea' id='block_1_21' title="bbox 2104 838 3719 923">
    <p class='ocr_par' dir='ltr' id='par_1_21' title="bbox 2104 838 3719 923">
     <span class='ocr_line' id='line_1_21' title="bbox 2104 838 3719 923; baseline -0.001 -19"><span class='ocrx_word' id='word_1_116' title='bbox 2104 853 2349 923; x_wconf 76' lang='grc' dir='ltr'><strong>ἐζήτησα</strong></span> <span class='ocrx_word' id='word_1_117' title='bbox 2388 851 2483 906; x_wconf 79' lang='grc' dir='ltr'>τὸν</span> <span class='ocrx_word' id='word_1_118' title='bbox 2515 848 2723 922; x_wconf 82' lang='grc' dir='ltr'><strong>Κύριον</strong></span> <span class='ocrx_word' id='word_1_119' title='bbox 2781 851 2863 915; x_wconf 85' lang='grc' dir='ltr'><strong>είς</strong></span> <span class='ocrx_word' id='word_1_120' title='bbox 2910 848 3257 921; x_wconf 75' lang='grc' dir='ltr'>ἐπικουρίαν,</span> <span class='ocrx_word' id='word_1_121' title='bbox 3319 850 3419 904; x_wconf 74' lang='grc' dir='ltr'>καὶ</span> <span class='ocrx_word' id='word_1_122' title='bbox 3475 838 3719 921; x_wconf 79' lang='grc' dir='ltr'>ταχέως’</span> 
     </span>
    </p>
   </div>
   <div class='ocr_carea' id='block_1_22' title="bbox 2104 943 2542 1015">
    <p class='ocr_par' dir='ltr' id='par_1_22' title="bbox 2104 943 2542 1015">
     <span class='ocr_line' id='line_1_22' title="bbox 2104 943 2542 1015; baseline -0.005 -17"><span class='ocrx_word' id='word_1_123' title='bbox 2104 943 2383 1015; x_wconf 76' lang='grc' dir='ltr'>ἐπήκουσέ</span> <span class='ocrx_word' id='word_1_124' title='bbox 2417 960 2542 1013; x_wconf 87' lang='grc' dir='ltr'>μου.</span> 
     </span>
    </p>
   </div>
   <div class='ocr_carea' id='block_1_23' title="bbox 2172 1018 3726 1106">
    <p class='ocr_par' dir='ltr' id='par_1_23' title="bbox 2172 1018 3726 1106">
     <span class='ocr_line' id='line_1_23' title="bbox 2172 1018 3726 1106; baseline -0.005 -17"><span class='ocrx_word' id='word_1_125' title='bbox 2172 1034 2281 1090; x_wconf 82' lang='grc' dir='ltr'>Καί</span> <span class='ocrx_word' id='word_1_126' title='bbox 2304 1036 2373 1090; x_wconf 80' lang='grc' dir='ltr'>ἐκ</span> <span class='ocrx_word' id='word_1_127' title='bbox 2408 1034 2624 1090; x_wconf 79' lang='grc' dir='ltr'>ποσῶν</span> <span class='ocrx_word' id='word_1_128' title='bbox 2652 1033 2772 1090; x_wconf 86' lang='grc' dir='ltr'><strong>τῶν</strong></span> <span class='ocrx_word' id='word_1_129' title='bbox 2800 1036 2901 1090; x_wconf 70' lang='lat'><strong>0.1!</strong></span> <span class='ocrx_word' id='word_1_130' title='bbox 2907 1033 3066 1105; x_wconf 67' lang='grc' dir='ltr'>ψεών</span> <span class='ocrx_word' id='word_1_131' title='bbox 3106 1052 3225 1106; x_wconf 87' lang='grc' dir='ltr'><strong>μου</strong></span> <span class='ocrx_word' id='word_1_132' title='bbox 3266 1034 3571 1104; x_wconf 68' lang='grc' dir='ltr'>ἐρρύσιιτό</span> <span class='ocrx_word' id='word_1_133' title='bbox 3586 1050 3671 1103; x_wconf 80' lang='grc' dir='ltr'><strong>με.</strong></span> <span class='ocrx_word' id='word_1_134' title='bbox 3715 1018 3726 1082; x_wconf 70' lang='grc' dir='ltr'>Ξ</span> 
     </span>
    </p>
   </div>
   <div class='ocr_carea' id='block_1_24' title="bbox 2104 1121 3677 1199">
    <p class='ocr_par' dir='ltr' id='par_1_24' title="bbox 2104 1121 3677 1199">
     <span class='ocr_line' id='line_1_24' title="bbox 2104 1121 3677 1199; baseline 0 -20"><span class='ocrx_word' id='word_1_135' title='bbox 2104 1127 2363 1199; x_wconf 72' lang='grc' dir='ltr'>Διάφοροι</span> <span class='ocrx_word' id='word_1_136' title='bbox 2410 1129 2520 1197; x_wconf 77' lang='grc' dir='ltr'><strong>γὰρ</strong></span> <span class='ocrx_word' id='word_1_137' title='bbox 2563 1127 2728 1181; x_wconf 71' lang='grc' dir='ltr'>αὑτὸν</span> <span class='ocrx_word' id='word_1_138' title='bbox 2768 1121 2914 1199; x_wconf 77' lang='grc' dir='ltr'>εῖχον</span> <span class='ocrx_word' id='word_1_139' title='bbox 2948 1127 3179 1198; x_wconf 70' lang='grc' dir='ltr'>θλίψεις,</span> <span class='ocrx_word' id='word_1_140' title='bbox 3229 1126 3313 1180; x_wconf 78' lang='grc' dir='ltr'><strong>ὅτι</strong></span> <span class='ocrx_word' id='word_1_141' title='bbox 3364 1125 3553 1198; x_wconf 82' lang='grc' dir='ltr'>μέλλει</span> <span class='ocrx_word' id='word_1_142' title='bbox 3594 1127 3677 1179; x_wconf 62' lang='lat' dir='ltr'><strong>ix.</strong></span> 
     </span>
    </p>
   </div>
   <div class='ocr_carea' id='block_1_25' title="bbox 2103 1220 3680 1293">
    <p class='ocr_par' dir='ltr' id='par_1_25' title="bbox 2103 1220 3680 1293">
     <span class='ocr_line' id='line_1_25' title="bbox 2103 1220 3680 1293; baseline 0.001 -19"><span class='ocrx_word' id='word_1_143' title='bbox 2103 1220 2321 1290; x_wconf 84' lang='grc' dir='ltr'>δοθῆναι</span> <span class='ocrx_word' id='word_1_144' title='bbox 2350 1220 2427 1291; x_wconf 78' lang='grc' dir='ltr'>τῷ</span> <span class='ocrx_word' id='word_1_145' title='bbox 2453 1220 2630 1274; x_wconf 78' lang='grc' dir='ltr'>Σαοὺλ</span> <span class='ocrx_word' id='word_1_146' title='bbox 2656 1259 2673 1285; x_wconf 89' lang='grc'><strong>,</strong></span> <span class='ocrx_word' id='word_1_147' title='bbox 2713 1220 2795 1274; x_wconf 79' lang='grc' dir='ltr'>ὅτι</span> <span class='ocrx_word' id='word_1_148' title='bbox 2839 1221 3193 1293; x_wconf 83' lang='grc' dir='ltr'>αίκισθῆναι,</span> <span class='ocrx_word' id='word_1_149' title='bbox 3224 1222 3308 1275; x_wconf 83' lang='grc' dir='ltr'>ὅτι</span> <span class='ocrx_word' id='word_1_150' title='bbox 3344 1220 3680 1292; x_wconf 78' lang='grc' dir='ltr'>προπηλακι-</span> 
     </span>
    </p>
   </div>
   <div class='ocr_carea' id='block_1_26' title="bbox 2108 1304 3437 1386">
    <p class='ocr_par' dir='ltr' id='par_1_26' title="bbox 2108 1304 3437 1386">
     <span class='ocr_line' id='line_1_26' title="bbox 2108 1304 3437 1386; baseline 0.003 -21"><span class='ocrx_word' id='word_1_151' title='bbox 2108 1311 2325 1382; x_wconf 77' lang='grc' dir='ltr'>σθῆναι,</span> <span class='ocrx_word' id='word_1_152' title='bbox 2354 1312 2442 1367; x_wconf 86' lang='grc' dir='ltr'>δτι</span> <span class='ocrx_word' id='word_1_153' title='bbox 2465 1304 3166 1386; x_wconf 79' lang='grc' dir='ltr'>τελευταῖονάναιρεθῆναι</span> <span class='ocrx_word' id='word_1_154' title='bbox 3199 1313 3437 1386; x_wconf 80' lang='grc' dir='ltr'><strong>πικρῶς.</strong></span> 
     </span>
    </p>
   </div>
   <div class='ocr_carea' id='block_1_27' title="bbox 2177 1494 3682 1567">
    <p class='ocr_par' dir='ltr' id='par_1_27' title="bbox 2177 1494 3682 1567">
     <span class='ocr_line' id='line_1_27' title="bbox 2177 1494 3682 1567; baseline 0.001 -20"><span class='ocrx_word' id='word_1_155' title='bbox 2177 1495 2554 1562; x_wconf 77' lang='grc' dir='ltr'>Προσέλθετε</span> <span class='ocrx_word' id='word_1_156' title='bbox 2600 1495 2753 1563; x_wconf 63' lang='grc' dir='ltr'>πρός</span> <span class='ocrx_word' id='word_1_157' title='bbox 2781 1496 2989 1559; x_wconf 70' lang='grc' dir='ltr'>αὐτὸν,</span> <span class='ocrx_word' id='word_1_158' title='bbox 3047 1494 3145 1550; x_wconf 79' lang='grc' dir='ltr'><strong>καί</strong></span> <span class='ocrx_word' id='word_1_159' title='bbox 3191 1496 3556 1567; x_wconf 68' lang='grc' dir='ltr'>φωτίσθητε,</span> <span class='ocrx_word' id='word_1_160' title='bbox 3589 1495 3682 1550; x_wconf 74' lang='grc' dir='ltr'><strong>καί</strong></span> 
     </span>
    </p>
   </div>
   <div class='ocr_carea' id='block_1_28' title="bbox 2106 1587 3685 1658">
    <p class='ocr_par' dir='ltr' id='par_1_28' title="bbox 2106 1587 3685 1658">
     <span class='ocr_line' id='line_1_28' title="bbox 2106 1587 3685 1658; baseline -0.001 -17"><span class='ocrx_word' id='word_1_161' title='bbox 2106 1587 2180 1641; x_wconf 84' lang='grc' dir='ltr'>τὰ</span> <span class='ocrx_word' id='word_1_162' title='bbox 2203 1589 2496 1656; x_wconf 79' lang='grc' dir='ltr'>πρόσωπα</span> <span class='ocrx_word' id='word_1_163' title='bbox 2526 1588 2699 1658; x_wconf 79' lang='grc' dir='ltr'>ὑμῶν</span> <span class='ocrx_word' id='word_1_164' title='bbox 2725 1589 2797 1643; x_wconf 87' lang='grc' dir='ltr'>οὐ</span> <span class='ocrx_word' id='word_1_165' title='bbox 2826 1588 2913 1658; x_wconf 78' lang='grc' dir='ltr'>μὴ</span> <span class='ocrx_word' id='word_1_166' title='bbox 2944 1587 3386 1658; x_wconf 75' lang='grc' dir='ltr'>καταισχυνθῇ.</span> <span class='ocrx_word' id='word_1_167' title='bbox 3415 1587 3482 1642; x_wconf 85' lang='grc' dir='ltr'><strong>Ἦ</strong></span> <span class='ocrx_word' id='word_1_168' title='bbox 3512 1589 3685 1656; x_wconf 72' lang='grc' dir='ltr'>θλϊψις</span> 
     </span>
    </p>
   </div>
   <div class='ocr_carea' id='block_1_29' title="bbox 2110 1678 3685 1751">
    <p class='ocr_par' dir='ltr' id='par_1_29' title="bbox 2110 1678 3685 1751">
     <span class='ocr_line' id='line_1_29' title="bbox 2110 1678 3685 1751; baseline 0 -20"><span class='ocrx_word' id='word_1_169' title='bbox 2110 1678 2307 1733; x_wconf 75' lang='grc' dir='ltr'>εἴωθεν</span> <span class='ocrx_word' id='word_1_170' title='bbox 2336 1679 2592 1751; x_wconf 82' lang='grc' dir='ltr'>συγχέειν</span> <span class='ocrx_word' id='word_1_171' title='bbox 2626 1679 2720 1733; x_wconf 70' lang='grc' dir='ltr'>καὶ</span> <span class='ocrx_word' id='word_1_172' title='bbox 2754 1679 3028 1744; x_wconf 79' lang='grc' dir='ltr'>σκοτίζειν</span> <span class='ocrx_word' id='word_1_173' title='bbox 3047 1681 3140 1733; x_wconf 74' lang='grc' dir='ltr'>τὸν</span> <span class='ocrx_word' id='word_1_174' title='bbox 3165 1678 3312 1733; x_wconf 83' lang='grc' dir='ltr'>νοῦν.</span> <span class='ocrx_word' id='word_1_175' title='bbox 3330 1681 3392 1732; x_wconf 84' lang='lat' dir='ltr'><strong>0i</strong></span> <span class='ocrx_word' id='word_1_176' title='bbox 3418 1680 3478 1733; x_wconf 76' lang='grc' dir='ltr'>ἐν</span> <span class='ocrx_word' id='word_1_177' title='bbox 3508 1679 3685 1732; x_wconf 79' lang='grc' dir='ltr'><strong>σκότει</strong></span> 
     </span>
    </p>
   </div>
   <div class='ocr_carea' id='block_1_30' title="bbox 2108 1764 3687 1842">
    <p class='ocr_par' dir='ltr' id='par_1_30' title="bbox 2108 1764 3687 1842">
     <span class='ocr_line' id='line_1_30' title="bbox 2108 1764 3687 1842; baseline 0 -20"><span class='ocrx_word' id='word_1_178' title='bbox 2108 1764 2204 1823; x_wconf 79' lang='grc' dir='ltr'>οὖν</span> <span class='ocrx_word' id='word_1_179' title='bbox 2238 1768 2496 1839; x_wconf 78' lang='grc' dir='ltr'>θλίψεως,</span> <span class='ocrx_word' id='word_1_180' title='bbox 2525 1769 2859 1842; x_wconf 79' lang='grc' dir='ltr'>προσέλθετε</span> <span class='ocrx_word' id='word_1_181' title='bbox 2891 1770 2967 1840; x_wconf 80' lang='grc' dir='ltr'>τῷ</span> <span class='ocrx_word' id='word_1_182' title='bbox 2998 1769 3152 1841; x_wconf 80' lang='grc' dir='ltr'>Θεῷ,</span> <span class='ocrx_word' id='word_1_183' title='bbox 3197 1768 3290 1824; x_wconf 77' lang='grc' dir='ltr'><strong>διὰ</strong></span> <span class='ocrx_word' id='word_1_184' title='bbox 3317 1768 3415 1822; x_wconf 79' lang='grc' dir='ltr'>τοῦ</span> <span class='ocrx_word' id='word_1_185' title='bbox 3439 1767 3687 1839; x_wconf 59' lang='grc' dir='ltr'>ἐπιζητεῖν</span> 
     </span>
    </p>
   </div>
   <div class='ocr_carea' id='block_1_31' title="bbox 430 1859 2012 1936">
    <p class='ocr_par' dir='ltr' id='par_1_31' title="bbox 430 1863 2007 1936">
     <span class='ocr_line' id='line_1_31' title="bbox 430 1863 2007 1936; baseline -0.001 -16"><span class='ocrx_word' id='word_1_186' title='bbox 430 1867 677 1921; x_wconf 77' lang='lat' dir='ltr'><strong>accedite</strong></span> <span class='ocrx_word' id='word_1_187' title='bbox 704 1866 771 1921; x_wconf 89' lang='lat' dir='ltr'><strong>ad</strong></span> <span class='ocrx_word' id='word_1_188' title='bbox 804 1881 952 1933; x_wconf 89' lang='lat' dir='ltr'><strong>eum,</strong></span> <span class='ocrx_word' id='word_1_189' title='bbox 1008 1876 1068 1921; x_wconf 92' lang='lat' dir='ltr'><strong>ut</strong></span> <span class='ocrx_word' id='word_1_190' title='bbox 1095 1866 1558 1936; x_wconf 87' lang='lat' dir='ltr'><strong>quemadmodmn</strong></span> <span class='ocrx_word' id='word_1_191' title='bbox 1614 1881 1718 1936; x_wconf 87' lang='lat' dir='ltr'><strong>ego</strong></span> <span class='ocrx_word' id='word_1_192' title='bbox 1745 1863 1872 1928; x_wconf 81' lang='lat' dir='ltr'><strong>feci,</strong></span> <span class='ocrx_word' id='word_1_193' title='bbox 1906 1878 2007 1919; x_wconf 83' lang='lat' dir='ltr'><strong>vos</strong></span> 
     </span>
    </p>
   </div>
   <div class='ocr_carea' id='block_1_32' title="bbox 2135 1859 3689 1936">
    <p class='ocr_par' dir='ltr' id='par_1_32' title="bbox 2135 1859 3689 1933">
     <span class='ocr_line' id='line_1_32' title="bbox 2135 1859 3689 1933; baseline 0.001 -20"><span class='ocrx_word' id='word_1_194' title='bbox 2135 1859 2296 1923; x_wconf 79' lang='grc' dir='ltr'>ιύτδν,</span> <span class='ocrx_word' id='word_1_195' title='bbox 2341 1859 2417 1924; x_wconf 85' lang='grc' dir='ltr'>ὡς</span> <span class='ocrx_word' id='word_1_196' title='bbox 2456 1860 2607 1929; x_wconf 75' lang='grc' dir='ltr'><strong>ἐγώ·</strong></span> <span class='ocrx_word' id='word_1_197' title='bbox 2654 1860 2749 1914; x_wconf 81' lang='grc' dir='ltr'>καὶ</span> <span class='ocrx_word' id='word_1_198' title='bbox 2802 1860 3145 1931; x_wconf 73' lang='grc' dir='ltr'>φωτίσθητε</span> <span class='ocrx_word' id='word_1_199' title='bbox 3197 1863 3264 1933; x_wconf 76' lang='grc' dir='ltr'><strong>τῇ</strong></span> <span class='ocrx_word' id='word_1_200' title='bbox 3295 1860 3533 1933; x_wconf 65' lang='grc' dir='ltr'>εὐθυμία</span> <span class='ocrx_word' id='word_1_201' title='bbox 3575 1860 3689 1914; x_wconf 79' lang='grc' dir='ltr'>δια-</span> 
     </span>
    </p>
   </div>
   <div class='ocr_carea' id='block_1_33' title="bbox 427 1933 2012 2029">
    <p class='ocr_par' dir='ltr' id='par_1_33' title="bbox 427 1933 2004 2029">
     <span class='ocr_line' id='line_1_33' title="bbox 427 1933 2004 2029; baseline 0.001 -18"><span class='ocrx_word' id='word_1_202' title='bbox 427 1956 546 2026; x_wconf 88' lang='lat' dir='ltr'><strong>pari</strong></span> <span class='ocrx_word' id='word_1_203' title='bbox 574 1957 736 2013; x_wconf 81' lang='lat' dir='ltr'><strong>modo</strong></span> <span class='ocrx_word' id='word_1_204' title='bbox 767 1943 891 2013; x_wconf 77' lang='lat' dir='ltr'><strong>eum</strong></span> <span class='ocrx_word' id='word_1_205' title='bbox 922 1933 1247 2029; x_wconf 74' lang='lat' dir='ltr'><strong>exquiratis.</strong></span> <span class='ocrx_word' id='word_1_206' title='bbox 1303 1956 1373 2011; x_wconf 81' lang='lat' dir='ltr'><strong>Et</strong></span> <span class='ocrx_word' id='word_1_207' title='bbox 1425 1933 1849 2020; x_wconf 76' lang='lat' dir='ltr'><strong>illuminamini;</strong></span> <span class='ocrx_word' id='word_1_208' title='bbox 1887 1958 2004 2029; x_wconf 84' lang='lat' dir='ltr'><strong>ipsa</strong></span> 
     </span>
    </p>
   </div>
   <div class='ocr_carea' id='block_1_34' title="bbox 2135 1933 3692 2029">
    <p class='ocr_par' dir='ltr' id='par_1_34' title="bbox 2135 1950 3692 2026">
     <span class='ocr_line' id='line_1_34' title="bbox 2135 1950 3692 2026; baseline 0.001 -20"><span class='ocrx_word' id='word_1_209' title='bbox 2135 1950 2453 2026; x_wconf 64' lang='grc' dir='ltr'>ῖκεδαζούσῃ</span> <span class='ocrx_word' id='word_1_210' title='bbox 2482 1952 2582 2022; x_wconf 75' lang='grc' dir='ltr'>τὴν</span> <span class='ocrx_word' id='word_1_211' title='bbox 2603 1952 2772 2022; x_wconf 75' lang='grc' dir='ltr'>ἀχλὺν</span> <span class='ocrx_word' id='word_1_212' title='bbox 2799 1953 2900 2022; x_wconf 79' lang='grc' dir='ltr'><strong>τῆς</strong></span> <span class='ocrx_word' id='word_1_213' title='bbox 2933 1952 3186 2025; x_wconf 77' lang='grc' dir='ltr'><strong>θλίψεως,</strong></span> <span class='ocrx_word' id='word_1_214' title='bbox 3215 1953 3313 2008; x_wconf 71' lang='grc' dir='ltr'>καὶ</span> <span class='ocrx_word' id='word_1_215' title='bbox 3343 1954 3408 2007; x_wconf 82' lang='grc' dir='ltr'>οὒ</span> <span class='ocrx_word' id='word_1_216' title='bbox 3451 1953 3527 2024; x_wconf 78' lang='grc' dir='ltr'>μή</span> <span class='ocrx_word' id='word_1_217' title='bbox 3561 1971 3692 2008; x_wconf 81' lang='grc' dir='ltr'>κατ-</span> 
     </span>
    </p>
   </div>
   <div class='ocr_carea' id='block_1_35' title="bbox 425 2047 2006 2116">
    <p class='ocr_par' dir='ltr' id='par_1_35' title="bbox 425 2047 2006 2116">
     <span class='ocr_line' id='line_1_35' title="bbox 425 2047 2006 2116; baseline 0.001 -15"><span class='ocrx_word' id='word_1_218' title='bbox 425 2047 687 2103; x_wconf 79' lang='lat' dir='ltr'><strong>nimirum</strong></span> <span class='ocrx_word' id='word_1_219' title='bbox 720 2048 911 2103; x_wconf 81' lang='lat' dir='ltr'><strong>laetitia</strong></span> <span class='ocrx_word' id='word_1_220' title='bbox 972 2059 1139 2116; x_wconf 86' lang='lat' dir='ltr'><strong>atque</strong></span> <span class='ocrx_word' id='word_1_221' title='bbox 1167 2048 1476 2116; x_wconf 83' lang='lat' dir='ltr'><strong>alacritate,</strong></span> <span class='ocrx_word' id='word_1_222' title='bbox 1502 2048 1880 2104; x_wconf 84' lang='lat' dir='ltr'><strong>calamitatum</strong></span> <span class='ocrx_word' id='word_1_223' title='bbox 1923 2057 2006 2103; x_wconf 73' lang='lat' dir='ltr'><strong>te-</strong></span> 
     </span>
    </p>
   </div>
   <div class='ocr_carea' id='block_1_36' title="bbox 431 2138 2003 2211">
    <p class='ocr_par' dir='ltr' id='par_1_36' title="bbox 431 2138 2003 2211">
     <span class='ocr_line' id='line_1_36' title="bbox 431 2138 2003 2211; baseline -0.001 -17"><span class='ocrx_word' id='word_1_224' title='bbox 431 2138 633 2195; x_wconf 85' lang='lat' dir='ltr'><strong>nebras</strong></span> <span class='ocrx_word' id='word_1_225' title='bbox 671 2155 735 2194; x_wconf 89' lang='lat' dir='ltr'><strong>ac</strong></span> <span class='ocrx_word' id='word_1_226' title='bbox 782 2140 1072 2211; x_wconf 70' lang='lat' dir='ltr'><strong>caliginem</strong></span> <span class='ocrx_word' id='word_1_227' title='bbox 1120 2139 1449 2210; x_wconf 88' lang='lat' dir='ltr'><strong>dissipante,</strong></span> <span class='ocrx_word' id='word_1_228' title='bbox 1479 2155 1550 2196; x_wconf 90' lang='lat' dir='ltr'><strong>ne</strong></span> <span class='ocrx_word' id='word_1_229' title='bbox 1588 2138 2003 2196; x_wconf 87' lang='lat' dir='ltr'><strong>conl&#39;undamini</strong></span> 
     </span>
    </p>
   </div>
   <div class='ocr_carea' id='block_1_37' title="bbox 430 2231 2005 2303">
    <p class='ocr_par' dir='ltr' id='par_1_37' title="bbox 430 2231 2005 2303">
     <span class='ocr_line' id='line_1_37' title="bbox 430 2231 2005 2303; baseline 0.003 -22"><span class='ocrx_word' id='word_1_230' title='bbox 430 2231 621 2286; x_wconf 74' lang='lat' dir='ltr'><strong>etiam—</strong></span> <span class='ocrx_word' id='word_1_231' title='bbox 636 2247 771 2303; x_wconf 88' lang='lat' dir='ltr'><strong>spe;</strong></span> <span class='ocrx_word' id='word_1_232' title='bbox 805 2247 927 2302; x_wconf 85' lang='lat' dir='ltr'><strong>spe,</strong></span> <span class='ocrx_word' id='word_1_233' title='bbox 966 2232 1216 2302; x_wconf 87' lang='lat' dir='ltr'><strong>inquam,</strong></span> <span class='ocrx_word' id='word_1_234' title='bbox 1245 2232 1462 2289; x_wconf 83' lang='lat' dir='ltr'><strong>salutis.</strong></span> <span class='ocrx_word' id='word_1_235' title='bbox 1506 2231 1668 2289; x_wconf 77' lang='lat' dir='ltr'><strong>Juxta</strong></span> <span class='ocrx_word' id='word_1_236' title='bbox 1701 2247 2005 2303; x_wconf 83' lang='lat' dir='ltr'><strong>anagogen,</strong></span> 
     </span>
    </p>
   </div>
   <div class='ocr_carea' id='block_1_38' title="bbox 426 2324 2010 2394">
    <p class='ocr_par' dir='ltr' id='par_1_38' title="bbox 426 2324 2010 2394">
     <span class='ocr_line' id='line_1_38' title="bbox 426 2324 2010 2394; baseline 0.001 -18"><span class='ocrx_word' id='word_1_237' title='bbox 426 2331 609 2393; x_wconf 82' lang='lat' dir='ltr'><strong>potest</strong></span> <span class='ocrx_word' id='word_1_238' title='bbox 645 2326 759 2380; x_wconf 73' lang='lat' dir='ltr'><strong>hwc</strong></span> <span class='ocrx_word' id='word_1_239' title='bbox 815 2324 1109 2394; x_wconf 78' lang='lat' dir='ltr'><strong>PrOpheta:</strong></span> <span class='ocrx_word' id='word_1_240' title='bbox 1141 2325 1457 2380; x_wconf 83' lang='lat' dir='ltr'><strong>exhortatio</strong></span> <span class='ocrx_word' id='word_1_241' title='bbox 1511 2324 1581 2381; x_wconf 91' lang='lat' dir='ltr'><strong>de</strong></span> <span class='ocrx_word' id='word_1_242' title='bbox 1610 2324 1798 2381; x_wconf 73' lang='lat' dir='ltr'><strong>divino</strong></span> <span class='ocrx_word' id='word_1_243' title='bbox 1827 2324 2010 2394; x_wconf 82' lang='lat' dir='ltr'><strong>bapti—</strong></span> 
     </span>
    </p>
   </div>
   <div class='ocr_carea' id='block_1_39' title="bbox 428 2414 2012 2488">
    <p class='ocr_par' dir='ltr' id='par_1_39' title="bbox 428 2414 2012 2488">
     <span class='ocr_line' id='line_1_39' title="bbox 428 2414 2012 2488; baseline 0 -19"><span class='ocrx_word' id='word_1_244' title='bbox 428 2423 607 2471; x_wconf 87' lang='lat' dir='ltr'><strong>smate</strong></span> <span class='ocrx_word' id='word_1_245' title='bbox 680 2416 933 2488; x_wconf 76' lang='lat' dir='ltr'><strong>intelligi.</strong></span> <span class='ocrx_word' id='word_1_246' title='bbox 974 2416 1252 2483; x_wconf 73' lang='lat' dir='ltr'><strong>Accedite,</strong></span> <span class='ocrx_word' id='word_1_247' title='bbox 1317 2416 1517 2486; x_wconf 88' lang='lat' dir='ltr'><strong>inquit,</strong></span> <span class='ocrx_word' id='word_1_248' title='bbox 1571 2415 1640 2471; x_wconf 84' lang='lat' dir='ltr'><strong>ad</strong></span> <span class='ocrx_word' id='word_1_249' title='bbox 1701 2414 1907 2471; x_wconf 88' lang='lat' dir='ltr'><strong>Christi</strong></span> <span class='ocrx_word' id='word_1_250' title='bbox 1948 2414 2012 2469; x_wconf 87' lang='lat' dir='ltr'><strong>li-</strong></span> 
     </span>
    </p>
   </div>
   <div class='ocr_carea' id='block_1_40' title="bbox 427 2504 2007 2577">
    <p class='ocr_par' dir='ltr' id='par_1_40' title="bbox 427 2504 2007 2577">
     <span class='ocr_line' id='line_1_40' title="bbox 427 2504 2007 2577; baseline 0.001 -21"><span class='ocrx_word' id='word_1_251' title='bbox 427 2504 574 2569; x_wconf 90' lang='lat' dir='ltr'><strong>dem,</strong></span> <span class='ocrx_word' id='word_1_252' title='bbox 621 2521 747 2569; x_wconf 81' lang='lat' dir='ltr'><strong>vos,</strong></span> <span class='ocrx_word' id='word_1_253' title='bbox 789 2507 883 2577; x_wconf 90' lang='lat' dir='ltr'><strong>qui</strong></span> <span class='ocrx_word' id='word_1_254' title='bbox 949 2507 1002 2561; x_wconf 91' lang='lat' dir='ltr'><strong>in</strong></span> <span class='ocrx_word' id='word_1_255' title='bbox 1062 2522 1252 2563; x_wconf 87' lang='lat' dir='ltr'><strong>errore</strong></span> <span class='ocrx_word' id='word_1_256' title='bbox 1304 2507 1466 2571; x_wconf 88' lang='lat' dir='ltr'><strong>estis,</strong></span> <span class='ocrx_word' id='word_1_257' title='bbox 1519 2514 1575 2559; x_wconf 85' lang='lat' dir='ltr'><strong>et</strong></span> <span class='ocrx_word' id='word_1_258' title='bbox 1621 2506 2007 2560; x_wconf 87' lang='lat' dir='ltr'><strong>illuminamini</strong></span> 
     </span>
    </p>
   </div>
   <div class='ocr_carea' id='block_1_41' title="bbox 427 2597 2011 2669">
    <p class='ocr_par' dir='ltr' id='par_1_41' title="bbox 427 2597 2011 2669">
     <span class='ocr_line' id='line_1_41' title="bbox 427 2597 2011 2669; baseline 0.001 -19"><span class='ocrx_word' id='word_1_259' title='bbox 427 2609 528 2664; x_wconf 85' lang='lat' dir='ltr'><strong>per</strong></span> <span class='ocrx_word' id='word_1_260' title='bbox 580 2597 958 2668; x_wconf 83' lang='lat' dir='ltr'><strong>baptismum,</strong></span> <span class='ocrx_word' id='word_1_261' title='bbox 1007 2614 1116 2669; x_wconf 86' lang='lat' dir='ltr'><strong>quo</strong></span> <span class='ocrx_word' id='word_1_262' title='bbox 1171 2600 1354 2654; x_wconf 88' lang='lat' dir='ltr'><strong>anima</strong></span> <span class='ocrx_word' id='word_1_263' title='bbox 1404 2599 1703 2653; x_wconf 86' lang='lat' dir='ltr'><strong>illuminari</strong></span> <span class='ocrx_word' id='word_1_264' title='bbox 1736 2600 1913 2663; x_wconf 87' lang='lat' dir='ltr'><strong>solet,</strong></span> <span class='ocrx_word' id='word_1_265' title='bbox 1956 2608 2011 2654; x_wconf 92' lang='lat' dir='ltr'><strong>et</strong></span> 
     </span>
    </p>
   </div>
   <div class='ocr_carea' id='block_1_42' title="bbox 2111 2040 3694 2115">
    <p class='ocr_par' dir='ltr' id='par_1_42' title="bbox 2111 2040 3694 2115">
     <span class='ocr_line' id='line_1_42' title="bbox 2111 2040 3694 2115; baseline 0.001 -19"><span class='ocrx_word' id='word_1_266' title='bbox 2111 2041 2442 2113; x_wconf 83' lang='grc' dir='ltr'>αισχυνθῆτε</span> <span class='ocrx_word' id='word_1_267' title='bbox 2473 2043 2593 2105; x_wconf 81' lang='grc' dir='ltr'>ταῖς</span> <span class='ocrx_word' id='word_1_268' title='bbox 2619 2040 2802 2097; x_wconf 67' lang='grc' dir='ltr'>ἐλπίσι</span> <span class='ocrx_word' id='word_1_269' title='bbox 2835 2043 2934 2113; x_wconf 86' lang='grc' dir='ltr'><strong>τῆς</strong></span> <span class='ocrx_word' id='word_1_270' title='bbox 2974 2044 3272 2115; x_wconf 86' lang='grc' dir='ltr'>σωτηρίας.</span> <span class='ocrx_word' id='word_1_271' title='bbox 3309 2043 3694 2113; x_wconf 67' lang='grc' dir='ltr'>’Δναγωγιπώ-</span> 
     </span>
    </p>
   </div>
   <div class='ocr_carea' id='block_1_43' title="bbox 2111 2132 3691 2205">
    <p class='ocr_par' dir='ltr' id='par_1_43' title="bbox 2111 2132 3691 2205">
     <span class='ocr_line' id='line_1_43' title="bbox 2111 2132 3691 2205; baseline 0 -18"><span class='ocrx_word' id='word_1_272' title='bbox 2111 2148 2272 2205; x_wconf 81' lang='grc' dir='ltr'>τερον</span> <span class='ocrx_word' id='word_1_273' title='bbox 2296 2132 2374 2197; x_wconf 73' lang='grc' dir='ltr'><strong>δὲ,</strong></span> <span class='ocrx_word' id='word_1_274' title='bbox 2403 2133 2535 2203; x_wconf 72' lang='grc' dir='ltr'>περὶ</span> <span class='ocrx_word' id='word_1_275' title='bbox 2579 2132 2676 2186; x_wconf 82' lang='grc' dir='ltr'>τοῦ</span> <span class='ocrx_word' id='word_1_276' title='bbox 2707 2133 2866 2202; x_wconf 82' lang='grc' dir='ltr'>ἁγίου</span> <span class='ocrx_word' id='word_1_277' title='bbox 2899 2133 3278 2205; x_wconf 79' lang='grc' dir='ltr'>βαπτίσματος</span> <span class='ocrx_word' id='word_1_278' title='bbox 3320 2134 3354 2203; x_wconf 80' lang='grc' dir='ltr'>ἡ</span> <span class='ocrx_word' id='word_1_279' title='bbox 3382 2132 3691 2205; x_wconf 72' lang='grc' dir='ltr'>προτροπὴ,</span> 
     </span>
    </p>
   </div>
   <div class='ocr_carea' id='block_1_44' title="bbox 2114 2220 3690 2294">
    <p class='ocr_par' dir='ltr' id='par_1_44' title="bbox 2114 2220 3690 2294">
     <span class='ocr_line' id='line_1_44' title="bbox 2114 2220 3690 2294; baseline 0.001 -18"><span class='ocrx_word' id='word_1_280' title='bbox 2114 2221 2530 2293; x_wconf 79' lang='grc' dir='ltr'>λαμπρύνοντος</span> <span class='ocrx_word' id='word_1_281' title='bbox 2560 2221 2659 2293; x_wconf 84' lang='grc' dir='ltr'>τὴν</span> <span class='ocrx_word' id='word_1_282' title='bbox 2689 2220 2891 2294; x_wconf 76' lang='grc' dir='ltr'>ψυχὴν,</span> <span class='ocrx_word' id='word_1_283' title='bbox 2920 2224 3017 2277; x_wconf 75' lang='grc' dir='ltr'>καὶ</span> <span class='ocrx_word' id='word_1_284' title='bbox 3054 2222 3112 2276; x_wconf 77' lang='grc' dir='ltr'>τὸ</span> <span class='ocrx_word' id='word_1_285' title='bbox 3143 2222 3299 2293; x_wconf 70' lang='grc' dir='ltr'>ὄμμα</span> <span class='ocrx_word' id='word_1_286' title='bbox 3323 2223 3530 2291; x_wconf 77' lang='grc' dir='ltr'><strong>ταύτης</strong></span> <span class='ocrx_word' id='word_1_287' title='bbox 3554 2223 3690 2277; x_wconf 82' lang='grc' dir='ltr'>ἀνα·</span> 
     </span>
    </p>
   </div>
   <div class='ocr_carea' id='block_1_45' title="bbox 2115 2313 3691 2388">
    <p class='ocr_par' dir='ltr' id='par_1_45' title="bbox 2115 2313 3691 2388">
     <span class='ocr_line' id='line_1_45' title="bbox 2115 2313 3691 2388; baseline -0.002 -17"><span class='ocrx_word' id='word_1_288' title='bbox 2115 2315 2495 2388; x_wconf 77' lang='grc' dir='ltr'>καθαίροντος.</span> <span class='ocrx_word' id='word_1_289' title='bbox 2563 2315 2674 2369; x_wconf 73' lang='grc' dir='ltr'><strong>Καὶ</strong></span> <span class='ocrx_word' id='word_1_290' title='bbox 2722 2316 2786 2368; x_wconf 84' lang='grc' dir='ltr'>οὐ</span> <span class='ocrx_word' id='word_1_291' title='bbox 2851 2315 2927 2388; x_wconf 78' lang='grc' dir='ltr'>μὴ</span> <span class='ocrx_word' id='word_1_292' title='bbox 2968 2315 3432 2386; x_wconf 64' lang='grc' dir='ltr'>καταιηυνθῆτε,</span> <span class='ocrx_word' id='word_1_293' title='bbox 3486 2313 3574 2368; x_wconf 77' lang='grc' dir='ltr'>διὰ</span> <span class='ocrx_word' id='word_1_294' title='bbox 3625 2313 3691 2368; x_wconf 73' lang='grc' dir='ltr'>τὸ</span> 
     </span>
    </p>
   </div>
   <div class='ocr_carea' id='block_1_46' title="bbox 2117 2407 3692 2481">
    <p class='ocr_par' dir='ltr' id='par_1_46' title="bbox 2117 2407 3692 2481">
     <span class='ocr_line' id='line_1_46' title="bbox 2117 2407 3692 2481; baseline 0 -18"><span class='ocrx_word' id='word_1_295' title='bbox 2117 2407 2531 2463; x_wconf 84' lang='grc' dir='ltr'>ἁπολούσασθαι</span> <span class='ocrx_word' id='word_1_296' title='bbox 2567 2407 2638 2463; x_wconf 82' lang='grc' dir='ltr'>τὰ</span> <span class='ocrx_word' id='word_1_297' title='bbox 2677 2409 2829 2464; x_wconf 88' lang='grc' dir='ltr'>αῐτια</span> <span class='ocrx_word' id='word_1_298' title='bbox 2884 2408 2985 2478; x_wconf 86' lang='grc' dir='ltr'><strong>τῆς</strong></span> <span class='ocrx_word' id='word_1_299' title='bbox 3036 2408 3322 2481; x_wconf 82' lang='grc' dir='ltr'>αίσχύνης.</span> <span class='ocrx_word' id='word_1_300' title='bbox 3380 2407 3464 2463; x_wconf 80' lang='grc' dir='ltr'><em>Τὰ</em></span> <span class='ocrx_word' id='word_1_301' title='bbox 3500 2410 3692 2477; x_wconf 53' lang='lat' dir='ltr'><strong>{oda-</strong></span> 
     </span>
    </p>
   </div>
   <div class='ocr_carea' id='block_1_47' title="bbox 2116 2500 3694 2574">
    <p class='ocr_par' dir='ltr' id='par_1_47' title="bbox 2116 2500 3694 2574">
     <span class='ocr_line' id='line_1_47' title="bbox 2116 2500 3694 2574; baseline -0.001 -18"><span class='ocrx_word' id='word_1_302' title='bbox 2116 2516 2249 2556; x_wconf 84' lang='grc' dir='ltr'><strong>ωπα</strong></span> <span class='ocrx_word' id='word_1_303' title='bbox 2303 2502 2361 2555; x_wconf 83' lang='grc' dir='ltr'><strong>δὲ</strong></span> <span class='ocrx_word' id='word_1_304' title='bbox 2420 2500 2622 2572; x_wconf 78' lang='grc' dir='ltr'>ὑμῶν,</span> <span class='ocrx_word' id='word_1_305' title='bbox 2690 2502 2816 2556; x_wconf 82' lang='grc' dir='ltr'>ἀντὶ</span> <span class='ocrx_word' id='word_1_306' title='bbox 2882 2501 3017 2569; x_wconf 82' lang='grc' dir='ltr'>τοῦ,</span> <span class='ocrx_word' id='word_1_307' title='bbox 3086 2504 3283 2573; x_wconf 80' lang='grc' dir='ltr'><strong>ὑμεῖς,</strong></span> <span class='ocrx_word' id='word_1_308' title='bbox 3333 2502 3445 2557; x_wconf 73' lang='grc' dir='ltr'>ἀπὸ</span> <span class='ocrx_word' id='word_1_309' title='bbox 3495 2502 3694 2574; x_wconf 80' lang='grc' dir='ltr'>μέρους</span> 
     </span>
    </p>
   </div>
   <div class='ocr_carea' id='block_1_48' title="bbox 2115 2594 2346 2648">
    <p class='ocr_par' dir='ltr' id='par_1_48' title="bbox 2115 2594 2346 2648">
     <span class='ocr_line' id='line_1_48' title="bbox 2115 2594 2346 2648; baseline 0 0"><span class='ocrx_word' id='word_1_310' title='bbox 2115 2594 2177 2648; x_wconf 78' lang='grc' dir='ltr'>τὸ</span> <span class='ocrx_word' id='word_1_311' title='bbox 2216 2595 2346 2648; x_wconf 77' lang='grc' dir='ltr'>πᾶν.</span> 
     </span>
    </p>
   </div>
   <div class='ocr_carea' id='block_1_49' title="bbox 428 2688 3693 2769">
    <p class='ocr_par' dir='ltr' id='par_1_49' title="bbox 428 2688 3693 2769">
     <span class='ocr_line' id='line_1_49' title="bbox 428 2688 3693 2769; baseline -0.002 -21"><span class='ocrx_word' id='word_1_312' title='bbox 428 2696 624 2751; x_wconf 75' lang='lat' dir='ltr'><strong>anima:</strong></span> <span class='ocrx_word' id='word_1_313' title='bbox 658 2697 855 2753; x_wconf 88' lang='lat' dir='ltr'><strong>oculus</strong></span> <span class='ocrx_word' id='word_1_314' title='bbox 886 2699 1107 2769; x_wconf 84' lang='lat' dir='ltr'><strong>purgari</strong></span> <span class='ocrx_word' id='word_1_315' title='bbox 1134 2714 1151 2752; x_wconf 91' lang='lat'><strong>:</strong></span> <span class='ocrx_word' id='word_1_316' title='bbox 1184 2706 1239 2753; x_wconf 89' lang='lat' dir='ltr'><strong>et</strong></span> <span class='ocrx_word' id='word_1_317' title='bbox 1270 2712 1379 2753; x_wconf 91' lang='lat' dir='ltr'><strong>non</strong></span> <span class='ocrx_word' id='word_1_318' title='bbox 1401 2697 1841 2763; x_wconf 86' lang='lat' dir='ltr'><strong>conl&#39;undemini,</strong></span> <span class='ocrx_word' id='word_1_319' title='bbox 1873 2698 2003 2769; x_wconf 87' lang='lat' dir='ltr'><strong>quia</strong></span> <span class='ocrx_word' id='word_1_320' title='bbox 2042 2710 2264 2751; x_wconf 83' lang='lat' dir='ltr'><strong>onmem</strong></span> <span class='ocrx_word' id='word_1_321' title='bbox 2292 2694 2406 2750; x_wconf 88' lang='lat' dir='ltr'><strong>illic</strong></span> <span class='ocrx_word' id='word_1_322' title='bbox 2437 2692 2785 2748; x_wconf 76' lang='lat' dir='ltr'><strong>confusionis</strong></span> <span class='ocrx_word' id='word_1_323' title='bbox 2809 2691 3115 2754; x_wconf 88' lang='lat' dir='ltr'><strong>materiam,</strong></span> <span class='ocrx_word' id='word_1_324' title='bbox 3183 2698 3350 2761; x_wconf 90' lang='lat' dir='ltr'><strong>atque</strong></span> <span class='ocrx_word' id='word_1_325' title='bbox 3417 2688 3693 2761; x_wconf 80' lang='lat' dir='ltr'><strong>originem</strong></span> 
     </span>
    </p>
   </div>
   <div class='ocr_carea' id='block_1_50' title="bbox 438 2786 3201 2861">
    <p class='ocr_par' dir='ltr' id='par_1_50' title="bbox 438 2786 3201 2861">
     <span class='ocr_line' id='line_1_50' title="bbox 438 2786 3201 2861; baseline -0 -22"><span class='ocrx_word' id='word_1_326' title='bbox 438 2786 702 2842; x_wconf 81' lang='lat' dir='ltr'><strong>abluetis.</strong></span> <span class='ocrx_word' id='word_1_327' title='bbox 757 2786 946 2843; x_wconf 76' lang='lat' dir='ltr'><strong>Facies</strong></span> <span class='ocrx_word' id='word_1_328' title='bbox 1007 2800 1187 2843; x_wconf 88' lang='lat' dir='ltr'><strong>autem</strong></span> <span class='ocrx_word' id='word_1_329' title='bbox 1239 2799 1457 2856; x_wconf 70' lang='lat' dir='ltr'><strong>vestrm,</strong></span> <span class='ocrx_word' id='word_1_330' title='bbox 1515 2790 2004 2861; x_wconf 72' lang='lat' dir='ltr'><strong>circuinloqnendo</strong></span> <span class='ocrx_word' id='word_1_331' title='bbox 2042 2789 2200 2852; x_wconf 89' lang='lat' dir='ltr'><strong>dixit,</strong></span> <span class='ocrx_word' id='word_1_332' title='bbox 2232 2802 2353 2855; x_wconf 91' lang='lat' dir='ltr'><strong>pro,</strong></span> <span class='ocrx_word' id='word_1_333' title='bbox 2398 2802 2520 2850; x_wconf 83' lang='lat' dir='ltr'><strong>vos,</strong></span> <span class='ocrx_word' id='word_1_334' title='bbox 2555 2787 2722 2842; x_wconf 77' lang='lat' dir='ltr'><strong>veluti</strong></span> <span class='ocrx_word' id='word_1_335' title='bbox 2755 2794 2928 2841; x_wconf 87' lang='lat' dir='ltr'><strong>totttm</strong></span> <span class='ocrx_word' id='word_1_336' title='bbox 2963 2800 2993 2840; x_wconf 87' lang='lat' dir='ltr'><strong>a</strong></span> <span class='ocrx_word' id='word_1_337' title='bbox 3026 2793 3201 2854; x_wconf 88' lang='lat' dir='ltr'><strong>parte.</strong></span> 
     </span>
    </p>
   </div>
   <div class='ocr_carea' id='block_1_51' title="bbox 500 2876 1973 2947">
    <p class='ocr_par' dir='ltr' id='par_1_51' title="bbox 500 2876 1973 2947">
     <span class='ocr_line' id='line_1_51' title="bbox 500 2876 1973 2947; baseline 0.002 -18"><span class='ocrx_word' id='word_1_338' title='bbox 500 2876 669 2931; x_wconf 77' lang='lat' dir='ltr'><strong>Vsus.</strong></span> <span class='ocrx_word' id='word_1_339' title='bbox 700 2878 753 2932; x_wconf 88' lang='lat'><strong>7.</strong></span> <span class='ocrx_word' id='word_1_340' title='bbox 776 2876 901 2932; x_wconf 84' lang='lat' dir='ltr'><strong>‘Iste</strong></span> <span class='ocrx_word' id='word_1_341' title='bbox 930 2893 1130 2947; x_wconf 80' lang='lat' dir='ltr'><strong>pauper</strong></span> <span class='ocrx_word' id='word_1_342' title='bbox 1159 2878 1433 2943; x_wconf 77' lang='lat' dir='ltr'><strong>clamavit,</strong></span> <span class='ocrx_word' id='word_1_343' title='bbox 1462 2889 1511 2934; x_wconf 88' lang='lat' dir='ltr'><strong>et</strong></span> <span class='ocrx_word' id='word_1_344' title='bbox 1542 2880 1799 2935; x_wconf 82' lang='lat' dir='ltr'><strong>Dominus</strong></span> <span class='ocrx_word' id='word_1_345' title='bbox 1834 2897 1973 2936; x_wconf 75' lang='lat' dir='ltr'><strong>exau</strong></span> 
     </span>
    </p>
   </div>
   <div class='ocr_carea' id='block_1_52' title="bbox 435 2967 2011 3039">
    <p class='ocr_par' dir='ltr' id='par_1_52' title="bbox 435 2967 2011 3039">
     <span class='ocr_line' id='line_1_52' title="bbox 435 2967 2011 3039; baseline 0.003 -20"><span class='ocrx_word' id='word_1_346' title='bbox 435 2967 569 3022; x_wconf 74' lang='lat' dir='ltr'><strong>diuit</strong></span> <span class='ocrx_word' id='word_1_347' title='bbox 598 2984 739 3031; x_wconf 85' lang='lat' dir='ltr'><strong>eum,</strong></span> <span class='ocrx_word' id='word_1_348' title='bbox 773 2977 821 3022; x_wconf 88' lang='lat' dir='ltr'><strong>et</strong></span> <span class='ocrx_word' id='word_1_349' title='bbox 847 2984 913 3023; x_wconf 72' lang='lat' dir='ltr'><strong>ex</strong></span> <span class='ocrx_word' id='word_1_350' title='bbox 941 2968 1184 3023; x_wconf 74' lang='lat' dir='ltr'><strong>omnibus</strong></span> <span class='ocrx_word' id='word_1_351' title='bbox 1217 2970 1655 3026; x_wconf 77' lang='lat' dir='ltr'><strong>tribulationibus</strong></span> <span class='ocrx_word' id='word_1_352' title='bbox 1683 2970 1796 3039; x_wconf 74' lang='lat' dir='ltr'><strong>ejus</strong></span> <span class='ocrx_word' id='word_1_353' title='bbox 1831 2971 2011 3026; x_wconf 84' lang='lat' dir='ltr'><strong>salva-</strong></span> 
     </span>
    </p>
   </div>
   <div class='ocr_carea' id='block_1_53' title="bbox 437 3062 2013 3130">
    <p class='ocr_par' dir='ltr' id='par_1_53' title="bbox 437 3062 2013 3130">
     <span class='ocr_line' id='line_1_53' title="bbox 437 3062 2013 3130; baseline 0.001 -15"><span class='ocrx_word' id='word_1_354' title='bbox 437 3062 511 3115; x_wconf 82' lang='lat' dir='ltr'><strong>tn&#39;t</strong></span> <span class='ocrx_word' id='word_1_355' title='bbox 543 3078 683 3117; x_wconf 85' lang='lat' dir='ltr'><strong>emn.</strong></span> <span class='ocrx_word' id='word_1_356' title='bbox 717 3062 873 3127; x_wconf 82' lang='lat' dir='ltr'><strong>Quod</strong></span> <span class='ocrx_word' id='word_1_357' title='bbox 905 3065 983 3116; x_wconf 70' lang='lat' dir='ltr'><strong>ait</strong></span> <span class='ocrx_word' id='word_1_358' title='bbox 1015 3062 1137 3123; x_wconf 83' lang='lat' dir='ltr'><strong>iste,</strong></span> <span class='ocrx_word' id='word_1_359' title='bbox 1168 3062 1604 3120; x_wconf 83' lang='lat' dir='ltr'><strong>demonstrative</strong></span> <span class='ocrx_word' id='word_1_360' title='bbox 1667 3065 1869 3119; x_wconf 86' lang='lat' dir='ltr'><strong>dictum</strong></span> <span class='ocrx_word' id='word_1_361' title='bbox 1905 3062 2013 3130; x_wconf 74' lang='lat' dir='ltr'><strong>est,</strong></span> 
     </span>
    </p>
   </div>
   <div class='ocr_carea' id='block_1_54' title="bbox 434 3155 2015 3227">
    <p class='ocr_par' dir='ltr' id='par_1_54' title="bbox 434 3155 2015 3227">
     <span class='ocr_line' id='line_1_54' title="bbox 434 3155 2015 3227; baseline 0 -16"><span class='ocrx_word' id='word_1_362' title='bbox 434 3168 502 3211; x_wconf 83' lang='lat' dir='ltr'><strong>ac</strong></span> <span class='ocrx_word' id='word_1_363' title='bbox 535 3155 581 3211; x_wconf 87' lang='lat' dir='ltr'><strong>si</strong></span> <span class='ocrx_word' id='word_1_364' title='bbox 616 3155 825 3210; x_wconf 84' lang='lat' dir='ltr'><strong>diceret</strong></span> <span class='ocrx_word' id='word_1_365' title='bbox 867 3173 881 3211; x_wconf 86' lang='lat'><strong>:</strong></span> <span class='ocrx_word' id='word_1_366' title='bbox 923 3156 1039 3227; x_wconf 85' lang='lat' dir='ltr'><strong>Ego</strong></span> <span class='ocrx_word' id='word_1_367' title='bbox 1078 3156 1197 3225; x_wconf 90' lang='lat' dir='ltr'><strong>ipse</strong></span> <span class='ocrx_word' id='word_1_368' title='bbox 1220 3173 1383 3225; x_wconf 85' lang='lat' dir='ltr'><strong>quem</strong></span> <span class='ocrx_word' id='word_1_369' title='bbox 1410 3157 1657 3212; x_wconf 84' lang='lat' dir='ltr'><strong>cernitis.</strong></span> <span class='ocrx_word' id='word_1_370' title='bbox 1715 3156 2015 3227; x_wconf 87' lang='lat' dir='ltr'><strong>Pauperem</strong></span> 
     </span>
    </p>
   </div>
   <div class='ocr_carea' id='block_1_55' title="bbox 438 3248 2015 3319">
    <p class='ocr_par' dir='ltr' id='par_1_55' title="bbox 438 3248 2015 3319">
     <span class='ocr_line' id='line_1_55' title="bbox 438 3248 2015 3319; baseline 0 -16"><span class='ocrx_word' id='word_1_371' title='bbox 438 3258 623 3303; x_wconf 78' lang='lat' dir='ltr'><strong>autem</strong></span> <span class='ocrx_word' id='word_1_372' title='bbox 649 3263 708 3302; x_wconf 88' lang='lat' dir='ltr'><strong>se</strong></span> <span class='ocrx_word' id='word_1_373' title='bbox 737 3255 917 3314; x_wconf 82' lang='lat' dir='ltr'><strong>vocat,</strong></span> <span class='ocrx_word' id='word_1_374' title='bbox 967 3248 1092 3317; x_wconf 91' lang='lat' dir='ltr'><strong>quia</strong></span> <span class='ocrx_word' id='word_1_375' title='bbox 1127 3249 1374 3304; x_wconf 88' lang='lat' dir='ltr'><strong>humano</strong></span> <span class='ocrx_word' id='word_1_376' title='bbox 1431 3248 1711 3319; x_wconf 74' lang='lat' dir='ltr'><strong>indigebat</strong></span> <span class='ocrx_word' id='word_1_377' title='bbox 1765 3249 1968 3304; x_wconf 81' lang='lat' dir='ltr'><strong>auxilio</strong></span> <span class='ocrx_word' id='word_1_378' title='bbox 1998 3264 2015 3316; x_wconf 90' lang='lat'><strong>;</strong></span> 
     </span>
    </p>
   </div>
   <div class='ocr_carea' id='block_1_56' title="bbox 437 3336 1521 3408">
    <p class='ocr_par' dir='ltr' id='par_1_56' title="bbox 437 3336 1521 3408">
     <span class='ocr_line' id='line_1_56' title="bbox 437 3336 1521 3408; baseline -0.001 -14"><span class='ocrx_word' id='word_1_379' title='bbox 437 3336 526 3394; x_wconf 76' lang='lat' dir='ltr'><strong>Vel</strong></span> <span class='ocrx_word' id='word_1_380' title='bbox 556 3339 626 3391; x_wconf 87' lang='lat' dir='ltr'><strong>ob</strong></span> <span class='ocrx_word' id='word_1_381' title='bbox 659 3336 884 3391; x_wconf 86' lang='lat' dir='ltr'><strong>humani</strong></span> <span class='ocrx_word' id='word_1_382' title='bbox 918 3338 1135 3408; x_wconf 72' lang='lat' dir='ltr'><strong>generis</strong></span> <span class='ocrx_word' id='word_1_383' title='bbox 1178 3339 1521 3393; x_wconf 83' lang='lat' dir='ltr'><strong>tenuitatem.</strong></span> 
     </span>
    </p>
   </div>
   <div class='ocr_carea' id='block_1_57' title="bbox 2178 2874 3688 2946">
    <p class='ocr_par' dir='ltr' id='par_1_57' title="bbox 2178 2874 3688 2946">
     <span class='ocr_line' id='line_1_57' title="bbox 2178 2874 3688 2946; baseline -0.001 -14"><span class='ocrx_word' id='word_1_384' title='bbox 2178 2874 2368 2944; x_wconf 80' lang='grc' dir='ltr'>Οὗτος</span> <span class='ocrx_word' id='word_1_385' title='bbox 2407 2880 2440 2931; x_wconf 86' lang='grc' dir='ltr'><em>ό</em></span> <span class='ocrx_word' id='word_1_386' title='bbox 2464 2877 2703 2946; x_wconf 76' lang='grc' dir='ltr'>πτωχὸς</span> <span class='ocrx_word' id='word_1_387' title='bbox 2738 2875 3046 2944; x_wconf 76' lang='grc' dir='ltr'>ἐκέκραξε,</span> <span class='ocrx_word' id='word_1_388' title='bbox 3079 2875 3177 2929; x_wconf 80' lang='grc' dir='ltr'><strong>καί</strong></span> <span class='ocrx_word' id='word_1_389' title='bbox 3214 2876 3249 2929; x_wconf 84' lang='grc' dir='ltr'><em>δ</em></span> <span class='ocrx_word' id='word_1_390' title='bbox 3301 2876 3522 2943; x_wconf 78' lang='grc' dir='ltr'>Κύριος</span> <span class='ocrx_word' id='word_1_391' title='bbox 3555 2877 3688 2930; x_wconf 81' lang='grc' dir='ltr'>είσό</span> 
     </span>
    </p>
   </div>
   <div class='ocr_carea' id='block_1_58' title="bbox 2106 2966 3688 3039">
    <p class='ocr_par' dir='ltr' id='par_1_58' title="bbox 2106 2966 3688 3039">
     <span class='ocr_line' id='line_1_58' title="bbox 2106 2966 3688 3039; baseline -0.001 -14"><span class='ocrx_word' id='word_1_392' title='bbox 2106 2971 2385 3039; x_wconf 78' lang='grc' dir='ltr'>ήκουσεν</span> <span class='ocrx_word' id='word_1_393' title='bbox 2426 2968 2639 3034; x_wconf 69' lang='grc' dir='ltr'>αὐτοῦ,</span> <span class='ocrx_word' id='word_1_394' title='bbox 2709 2968 2809 3023; x_wconf 75' lang='grc' dir='ltr'><strong>καί</strong></span> <span class='ocrx_word' id='word_1_395' title='bbox 2852 2969 2921 3022; x_wconf 81' lang='grc' dir='ltr'>ἐκ</span> <span class='ocrx_word' id='word_1_396' title='bbox 2984 2966 3200 3022; x_wconf 74' lang='grc' dir='ltr'>πασῶν</span> <span class='ocrx_word' id='word_1_397' title='bbox 3256 2966 3377 3021; x_wconf 78' lang='grc' dir='ltr'>τῶν</span> <span class='ocrx_word' id='word_1_398' title='bbox 3432 2970 3688 3037; x_wconf 68' lang='grc' dir='ltr'>θλίψεων</span> 
     </span>
    </p>
   </div>
   <div class='ocr_carea' id='block_1_59' title="bbox 2107 3056 3698 3126">
    <p class='ocr_par' dir='ltr' id='par_1_59' title="bbox 2107 3056 3698 3126">
     <span class='ocr_line' id='line_1_59' title="bbox 2107 3056 3698 3126; baseline -0.006 -6"><span class='ocrx_word' id='word_1_399' title='bbox 2107 3064 2349 3120; x_wconf 74' lang='grc' dir='ltr'>ἔσωσεν</span> <span class='ocrx_word' id='word_1_400' title='bbox 2380 3062 2588 3117; x_wconf 80' lang='grc' dir='ltr'>αὐτόν.</span> <span class='ocrx_word' id='word_1_401' title='bbox 2623 3093 2671 3103; x_wconf 90' lang='grc'><strong>-</strong></span> <span class='ocrx_word' id='word_1_402' title='bbox 2719 3056 2931 3126; x_wconf 75' lang='grc' dir='ltr'>Οὗτος,</span> <span class='ocrx_word' id='word_1_403' title='bbox 3008 3058 3281 3114; x_wconf 84' lang='grc' dir='ltr'>δεικτικόν</span> <span class='ocrx_word' id='word_1_404' title='bbox 3312 3076 3329 3091; x_wconf 75' lang='grc' dir='ltr'><strong>ο</strong></span> <span class='ocrx_word' id='word_1_405' title='bbox 3386 3060 3698 3113; x_wconf 68' lang='grc' dir='ltr'>τουτέστιν.</span> 
     </span>
    </p>
   </div>
   <div class='ocr_carea' id='block_1_60' title="bbox 2133 3150 3704 3226">
    <p class='ocr_par' dir='ltr' id='par_1_60' title="bbox 2133 3150 3704 3226">
     <span class='ocr_line' id='line_1_60' title="bbox 2133 3150 3704 3226; baseline -0.004 -16"><span class='ocrx_word' id='word_1_406' title='bbox 2133 3154 2370 3223; x_wconf 65' lang='grc' dir='ltr'>Ἐγιὶΐὸν</span> <span class='ocrx_word' id='word_1_407' title='bbox 2412 3155 2600 3226; x_wconf 79' lang='grc' dir='ltr'>ὁρᾶτε.</span> <span class='ocrx_word' id='word_1_408' title='bbox 2636 3151 2859 3224; x_wconf 67' lang='grc' dir='ltr'>Πτωχδν</span> <span class='ocrx_word' id='word_1_409' title='bbox 2888 3151 2945 3207; x_wconf 67' lang='grc' dir='ltr'><strong>δὲ</strong></span> <span class='ocrx_word' id='word_1_410' title='bbox 2978 3151 3178 3205; x_wconf 71' lang='grc' dir='ltr'>ἑαυτὸν</span> <span class='ocrx_word' id='word_1_411' title='bbox 3213 3150 3392 3217; x_wconf 85' lang='grc' dir='ltr'>καλεῖ,</span> <span class='ocrx_word' id='word_1_412' title='bbox 3428 3151 3504 3215; x_wconf 81' lang='grc' dir='ltr'>ὥς</span> <span class='ocrx_word' id='word_1_413' title='bbox 3541 3150 3704 3219; x_wconf 78' lang='grc' dir='ltr'>ἐνδεῆ</span> 
     </span>
    </p>
   </div>
   <div class='ocr_carea' id='block_1_61' title="bbox 2127 3244 3702 3318">
    <p class='ocr_par' dir='ltr' id='par_1_61' title="bbox 2127 3244 3702 3318">
     <span class='ocr_line' id='line_1_61' title="bbox 2127 3244 3702 3318; baseline -0.002 -16"><span class='ocrx_word' id='word_1_414' title='bbox 2127 3246 2309 3316; x_wconf 81' lang='grc' dir='ltr'>πάσης</span> <span class='ocrx_word' id='word_1_415' title='bbox 2338 3248 2684 3318; x_wconf 74' lang='grc' dir='ltr'>ἐπικουρίας,</span> <span class='ocrx_word' id='word_1_416' title='bbox 2718 3246 2751 3318; x_wconf 80' lang='grc' dir='ltr'>ἢ</span> <span class='ocrx_word' id='word_1_417' title='bbox 2788 3246 2881 3300; x_wconf 81' lang='grc' dir='ltr'>καὶ</span> <span class='ocrx_word' id='word_1_418' title='bbox 2908 3245 2995 3299; x_wconf 80' lang='grc' dir='ltr'>διὰ</span> <span class='ocrx_word' id='word_1_419' title='bbox 3020 3244 3118 3316; x_wconf 77' lang='grc' dir='ltr'>τὴν</span> <span class='ocrx_word' id='word_1_420' title='bbox 3143 3244 3422 3299; x_wconf 80' lang='grc' dir='ltr'>εὐτέλειαν</span> <span class='ocrx_word' id='word_1_421' title='bbox 3475 3245 3572 3300; x_wconf 82' lang='grc' dir='ltr'>τοῦ</span> <span class='ocrx_word' id='word_1_422' title='bbox 3604 3246 3702 3313; x_wconf 80' lang='grc' dir='ltr'><strong>γέ-</strong></span> 
     </span>
    </p>
   </div>
   <div class='ocr_carea' id='block_1_62' title="bbox 2125 3338 2471 3402">
    <p class='ocr_par' dir='ltr' id='par_1_62' title="bbox 2125 3338 2471 3402">
     <span class='ocr_line' id='line_1_62' title="bbox 2125 3338 2471 3402; baseline 0 -9"><span class='ocrx_word' id='word_1_423' title='bbox 2125 3356 2253 3402; x_wconf 83' lang='grc' dir='ltr'>νους</span> <span class='ocrx_word' id='word_1_424' title='bbox 2283 3338 2471 3393; x_wconf 76' lang='grc' dir='ltr'>αὐτοῦ.</span> 
     </span>
    </p>
   </div>
   <div class='ocr_carea' id='block_1_63' title="bbox 510 3426 2012 3507">
    <p class='ocr_par' dir='ltr' id='par_1_63' title="bbox 510 3426 2012 3497">
     <span class='ocr_line' id='line_1_63' title="bbox 510 3426 2012 3497; baseline -0.004 -15"><span class='ocrx_word' id='word_1_425' title='bbox 510 3426 677 3483; x_wconf 75' lang='lat' dir='ltr'><strong>Vens.</strong></span> <span class='ocrx_word' id='word_1_426' title='bbox 718 3427 771 3481; x_wconf 92' lang='lat'><strong>8.</strong></span> <span class='ocrx_word' id='word_1_427' title='bbox 806 3427 1299 3483; x_wconf 80' lang='lat' dir='ltr'><strong>Castrametabitur</strong></span> <span class='ocrx_word' id='word_1_428' title='bbox 1324 3428 1546 3497; x_wconf 82' lang='lat' dir='ltr'><strong>angelus</strong></span> <span class='ocrx_word' id='word_1_429' title='bbox 1584 3427 1795 3481; x_wconf 87' lang='lat' dir='ltr'><strong>Domini</strong></span> <span class='ocrx_word' id='word_1_430' title='bbox 1825 3428 1880 3481; x_wconf 87' lang='lat' dir='ltr'><strong>in</strong></span> <span class='ocrx_word' id='word_1_431' title='bbox 1907 3428 2012 3481; x_wconf 76' lang='lat' dir='ltr'><strong>cir-</strong></span> 
     </span>
    </p>
   </div>
   <div class='ocr_carea' id='block_1_64' title="bbox 2135 3426 3707 3507">
    <p class='ocr_par' dir='ltr' id='par_1_64' title="bbox 2195 3428 3707 3507">
     <span class='ocr_line' id='line_1_64' title="bbox 2195 3428 3707 3507; baseline 0.001 -23"><span class='ocrx_word' id='word_1_432' title='bbox 2195 3432 2574 3503; x_wconf 72' lang='grc' dir='ltr'>Παρεμϐαλεῖ</span> <span class='ocrx_word' id='word_1_433' title='bbox 2597 3432 2854 3507; x_wconf 70' lang='grc' dir='ltr'>ἅγγελος</span> <span class='ocrx_word' id='word_1_434' title='bbox 2896 3432 3119 3504; x_wconf 48' lang='grc' dir='ltr'>Κυρίου</span> <span class='ocrx_word' id='word_1_435' title='bbox 3158 3432 3375 3499; x_wconf 72' lang='grc' dir='ltr'>κύκλῳ</span> <span class='ocrx_word' id='word_1_436' title='bbox 3416 3428 3537 3486; x_wconf 73' lang='grc' dir='ltr'>τῶν</span> <span class='ocrx_word' id='word_1_437' title='bbox 3597 3446 3707 3500; x_wconf 65' lang='lat' dir='ltr'><strong>pa-</strong></span> 
     </span>
    </p>
   </div>
   <div class='ocr_carea' id='block_1_65' title="bbox 435 3519 2012 3596">
    <p class='ocr_par' dir='ltr' id='par_1_65' title="bbox 435 3519 2012 3592">
     <span class='ocr_line' id='line_1_65' title="bbox 435 3519 2012 3592; baseline 0.002 -19"><span class='ocrx_word' id='word_1_438' title='bbox 435 3520 582 3573; x_wconf 78' lang='lat' dir='ltr'><strong>cuitu</strong></span> <span class='ocrx_word' id='word_1_439' title='bbox 608 3520 903 3573; x_wconf 85' lang='lat' dir='ltr'><strong>timentium</strong></span> <span class='ocrx_word' id='word_1_440' title='bbox 924 3536 1069 3585; x_wconf 81' lang='lat' dir='ltr'><strong>eum,</strong></span> <span class='ocrx_word' id='word_1_441' title='bbox 1107 3531 1157 3575; x_wconf 84' lang='lat' dir='ltr'><strong>et</strong></span> <span class='ocrx_word' id='word_1_442' title='bbox 1201 3521 1387 3590; x_wconf 81' lang='lat' dir='ltr'><strong>eripiet</strong></span> <span class='ocrx_word' id='word_1_443' title='bbox 1439 3536 1547 3577; x_wconf 84' lang='lat' dir='ltr'><strong>eos.</strong></span> <span class='ocrx_word' id='word_1_444' title='bbox 1612 3519 1807 3576; x_wconf 85' lang='lat' dir='ltr'><strong>Castra</strong></span> <span class='ocrx_word' id='word_1_445' title='bbox 1867 3521 2012 3592; x_wconf 87' lang='lat' dir='ltr'><strong>ponit</strong></span> 
     </span>
    </p>
   </div>
   <div class='ocr_carea' id='block_1_66' title="bbox 2135 3519 3709 3596">
    <p class='ocr_par' dir='ltr' id='par_1_66' title="bbox 2135 3522 3709 3596">
     <span class='ocr_line' id='line_1_66' title="bbox 2135 3522 3709 3596; baseline -0.003 -16"><span class='ocrx_word' id='word_1_446' title='bbox 2135 3526 2434 3596; x_wconf 70' lang='grc' dir='ltr'>σουμένων</span> <span class='ocrx_word' id='word_1_447' title='bbox 2497 3528 2704 3581; x_wconf 80' lang='grc' dir='ltr'>αὐτόν.</span> <span class='ocrx_word' id='word_1_448' title='bbox 2775 3525 3206 3596; x_wconf 83' lang='grc' dir='ltr'>Στρατοπεδεύει</span> <span class='ocrx_word' id='word_1_449' title='bbox 3256 3523 3417 3595; x_wconf 79' lang='grc' dir='ltr'>πέριξ</span> <span class='ocrx_word' id='word_1_450' title='bbox 3469 3522 3709 3577; x_wconf 69' lang='grc' dir='ltr'>ἕκαστον</span> 
     </span>
    </p>
   </div>
   <div class='ocr_carea' id='block_1_67' title="bbox 445 3611 2012 3691">
    <p class='ocr_par' dir='ltr' id='par_1_67' title="bbox 445 3611 2012 3685">
     <span class='ocr_line' id='line_1_67' title="bbox 445 3611 2012 3685; baseline -0.002 -16"><span class='ocrx_word' id='word_1_451' title='bbox 445 3613 708 3670; x_wconf 68' lang='lat' dir='ltr'><strong>Dominus</strong></span> <span class='ocrx_word' id='word_1_452' title='bbox 747 3614 894 3669; x_wconf 78' lang='lat' dir='ltr'><strong>circa</strong></span> <span class='ocrx_word' id='word_1_453' title='bbox 940 3627 1385 3685; x_wconf 80' lang='lat' dir='ltr'><strong>unumquemque</strong></span> <span class='ocrx_word' id='word_1_454' title='bbox 1440 3614 1722 3668; x_wconf 88' lang='lat' dir='ltr'><strong>hominum</strong></span> <span class='ocrx_word' id='word_1_455' title='bbox 1789 3611 1905 3685; x_wconf 87' lang='lat' dir='ltr'><strong>[qui</strong></span> <span class='ocrx_word' id='word_1_456' title='bbox 1949 3613 2012 3668; x_wconf 91' lang='lat' dir='ltr'><strong>ti-</strong></span> 
     </span>
    </p>
   </div>
   <div class='ocr_carea' id='block_1_68' title="bbox 2135 3611 3707 3691">
    <p class='ocr_par' dir='ltr' id='par_1_68' title="bbox 2135 3616 3707 3691">
     <span class='ocr_line' id='line_1_68' title="bbox 2135 3616 3707 3691; baseline -0.001 -20"><span class='ocrx_word' id='word_1_457' title='bbox 2135 3618 2268 3687; x_wconf 86' lang='lat' dir='ltr'><strong>(l8),</strong></span> <span class='ocrx_word' id='word_1_458' title='bbox 2316 3619 2702 3691; x_wconf 75' lang='grc' dir='ltr'>περιτειχίζων</span> <span class='ocrx_word' id='word_1_459' title='bbox 2729 3619 2912 3674; x_wconf 80' lang='grc' dir='ltr'>αὐτόν.</span> <span class='ocrx_word' id='word_1_460' title='bbox 2957 3620 3097 3689; x_wconf 85' lang='grc' dir='ltr'>’Ὅρα</span> <span class='ocrx_word' id='word_1_461' title='bbox 3130 3618 3189 3673; x_wconf 71' lang='grc' dir='ltr'><strong>δὲ</strong></span> <span class='ocrx_word' id='word_1_462' title='bbox 3217 3618 3322 3686; x_wconf 80' lang='grc' dir='ltr'>τὴν</span> <span class='ocrx_word' id='word_1_463' title='bbox 3346 3616 3579 3686; x_wconf 83' lang='grc' dir='ltr'>δύναμιν</span> <span class='ocrx_word' id='word_1_464' title='bbox 3605 3616 3707 3670; x_wconf 77' lang='grc' dir='ltr'>τοῦ</span> 
     </span>
    </p>
   </div>
   <div class='ocr_carea' id='block_1_69' title="bbox 441 3703 2012 3782">
    <p class='ocr_par' dir='ltr' id='par_1_69' title="bbox 441 3706 2012 3769">
     <span class='ocr_line' id='line_1_69' title="bbox 441 3706 2012 3769; baseline 0.001 -10"><span class='ocrx_word' id='word_1_465' title='bbox 441 3715 552 3760; x_wconf 87' lang='lat' dir='ltr'><strong>met</strong></span> <span class='ocrx_word' id='word_1_466' title='bbox 577 3706 772 3769; x_wconf 83' lang='lat' dir='ltr'><strong>Deum.</strong></span> <span class='ocrx_word' id='word_1_467' title='bbox 835 3707 988 3762; x_wconf 90' lang='lat' dir='ltr'><strong>illum</strong></span> <span class='ocrx_word' id='word_1_468' title='bbox 1024 3708 1280 3762; x_wconf 84' lang='lat' dir='ltr'><strong>nimirum</strong></span> <span class='ocrx_word' id='word_1_469' title='bbox 1340 3708 1609 3762; x_wconf 82' lang='lat' dir='ltr'><strong>adversus</strong></span> <span class='ocrx_word' id='word_1_470' title='bbox 1651 3722 1867 3762; x_wconf 87' lang='lat' dir='ltr'><strong>omnem</strong></span> <span class='ocrx_word' id='word_1_471' title='bbox 1927 3722 2012 3761; x_wconf 86' lang='lat' dir='ltr'><strong>no-</strong></span> 
     </span>
    </p>
   </div>
   <div class='ocr_carea' id='block_1_70' title="bbox 2135 3703 3694 3782">
    <p class='ocr_par' dir='ltr' id='par_1_70' title="bbox 2135 3703 3694 3782">
     <span class='ocr_line' id='line_1_70' title="bbox 2135 3703 3694 3782; baseline -0.002 -18"><span class='ocrx_word' id='word_1_472' title='bbox 2135 3710 2368 3778; x_wconf 61' lang='grc' dir='ltr'>φύλακος</span> <span class='ocrx_word' id='word_1_473' title='bbox 2404 3712 2503 3782; x_wconf 83' lang='grc' dir='ltr'><strong>τῆς</strong></span> <span class='ocrx_word' id='word_1_474' title='bbox 2536 3712 2768 3766; x_wconf 79' lang='grc' dir='ltr'>ἑκάστου</span> <span class='ocrx_word' id='word_1_475' title='bbox 2820 3711 2966 3780; x_wconf 79' lang='grc' dir='ltr'>ζωῆς</span> <span class='ocrx_word' id='word_1_476' title='bbox 3024 3709 3295 3780; x_wconf 68' lang='grc' dir='ltr'>ἀγγέλου*</span> <span class='ocrx_word' id='word_1_477' title='bbox 3336 3703 3421 3772; x_wconf 68' lang='grc' dir='ltr'>εἷς</span> <span class='ocrx_word' id='word_1_478' title='bbox 3466 3709 3578 3778; x_wconf 77' lang='grc' dir='ltr'><strong>γὰρ</strong></span> <span class='ocrx_word' id='word_1_479' title='bbox 3611 3708 3694 3762; x_wconf 77' lang='grc' dir='ltr'>ὢν</span> 
     </span>
    </p>
   </div>
   <div class='ocr_carea' id='block_1_71' title="bbox 441 3794 2012 3877">
    <p class='ocr_par' dir='ltr' id='par_1_71' title="bbox 441 3795 2012 3869">
     <span class='ocr_line' id='line_1_71' title="bbox 441 3795 2012 3869; baseline 0.001 -19"><span class='ocrx_word' id='word_1_480' title='bbox 441 3798 585 3851; x_wconf 89' lang='lat' dir='ltr'><strong>xiam</strong></span> <span class='ocrx_word' id='word_1_481' title='bbox 621 3800 878 3854; x_wconf 87' lang='lat' dir='ltr'><strong>muniens</strong></span> <span class='ocrx_word' id='word_1_482' title='bbox 913 3796 1355 3869; x_wconf 81' lang='lat' dir='ltr'><strong>adversitatem].</strong></span> <span class='ocrx_word' id='word_1_483' title='bbox 1415 3795 1617 3851; x_wconf 80' lang='lat' dir='ltr'><strong>Verum</strong></span> <span class='ocrx_word' id='word_1_484' title='bbox 1673 3795 1817 3851; x_wconf 89' lang='lat' dir='ltr'><strong>illius</strong></span> <span class='ocrx_word' id='word_1_485' title='bbox 1848 3795 2012 3867; x_wconf 61' lang='lat' dir='ltr'><strong>angel‘</strong></span> 
     </span>
    </p>
   </div>
   <div class='ocr_carea' id='block_1_72' title="bbox 2135 3794 3709 3877">
    <p class='ocr_par' dir='ltr' id='par_1_72' title="bbox 2135 3800 3709 3877">
     <span class='ocr_line' id='line_1_72' title="bbox 2135 3800 3709 3877; baseline 0 -22"><span class='ocrx_word' id='word_1_486' title='bbox 2135 3802 2233 3874; x_wconf 67' lang='grc' dir='ltr'><strong>ὅλῳ</strong></span> <span class='ocrx_word' id='word_1_487' title='bbox 2274 3804 2490 3876; x_wconf 84' lang='grc' dir='ltr'>στρατῷ</span> <span class='ocrx_word' id='word_1_488' title='bbox 2524 3805 2896 3877; x_wconf 81' lang='grc' dir='ltr'>παρείκασται</span> <span class='ocrx_word' id='word_1_489' title='bbox 2926 3803 3066 3874; x_wconf 81' lang='lat' dir='ltr'><strong>(l9).</strong></span> <span class='ocrx_word' id='word_1_490' title='bbox 3134 3800 3509 3871; x_wconf 77' lang='grc' dir='ltr'>Φοσουμένους</span> <span class='ocrx_word' id='word_1_491' title='bbox 3535 3800 3598 3855; x_wconf 77' lang='grc' dir='ltr'><strong>δὲ</strong></span> <span class='ocrx_word' id='word_1_492' title='bbox 3623 3800 3709 3855; x_wconf 75' lang='grc' dir='ltr'><strong>λέ-</strong></span> 
     </span>
    </p>
   </div>
   <div class='ocr_carea' id='block_1_73' title="bbox 437 3886 2012 3968">
    <p class='ocr_par' dir='ltr' id='par_1_73' title="bbox 437 3888 2012 3959">
     <span class='ocr_line' id='line_1_73' title="bbox 437 3888 2012 3959; baseline 0.003 -20"><span class='ocrx_word' id='word_1_493' title='bbox 437 3891 736 3957; x_wconf 83' lang='lat' dir='ltr'><strong>potcntiam</strong></span> <span class='ocrx_word' id='word_1_494' title='bbox 769 3890 1082 3952; x_wconf 86' lang='lat' dir='ltr'><strong>considera,</strong></span> <span class='ocrx_word' id='word_1_495' title='bbox 1131 3889 1224 3959; x_wconf 90' lang='lat' dir='ltr'><strong>qui</strong></span> <span class='ocrx_word' id='word_1_496' title='bbox 1281 3888 1720 3959; x_wconf 83' lang='lat' dir='ltr'><strong>uniuscujusque</strong></span> <span class='ocrx_word' id='word_1_497' title='bbox 1778 3899 2012 3945; x_wconf 72' lang='lat' dir='ltr'><strong>nostrum</strong></span> 
     </span>
    </p>
   </div>
   <div class='ocr_carea' id='block_1_74' title="bbox 2135 3886 3708 3968">
    <p class='ocr_par' dir='ltr' id='par_1_74' title="bbox 2135 3886 3708 3968">
     <span class='ocr_line' id='line_1_74' title="bbox 2135 3886 3708 3968; baseline -0.003 -20"><span class='ocrx_word' id='word_1_498' title='bbox 2135 3911 2215 3965; x_wconf 87' lang='grc' dir='ltr'><strong>γει</strong></span> <span class='ocrx_word' id='word_1_499' title='bbox 2243 3897 2369 3958; x_wconf 77' lang='grc' dir='ltr'>τοὺς</span> <span class='ocrx_word' id='word_1_500' title='bbox 2401 3895 2704 3968; x_wconf 80' lang='grc' dir='ltr'>τηροῦντας</span> <span class='ocrx_word' id='word_1_501' title='bbox 2729 3895 2832 3960; x_wconf 72' lang='grc' dir='ltr'><strong>τὰς</strong></span> <span class='ocrx_word' id='word_1_502' title='bbox 2860 3894 3102 3959; x_wconf 73' lang='grc' dir='ltr'>ἐντολάς.</span> <span class='ocrx_word' id='word_1_503' title='bbox 3139 3886 3215 3948; x_wconf 76' lang='grc' dir='ltr'>Οὗ</span> <span class='ocrx_word' id='word_1_504' title='bbox 3233 3893 3342 3964; x_wconf 76' lang='grc' dir='ltr'>γὰρ</span> <span class='ocrx_word' id='word_1_505' title='bbox 3390 3891 3587 3963; x_wconf 75' lang='grc' dir='ltr'>φόϐος,</span> <span class='ocrx_word' id='word_1_506' title='bbox 3619 3894 3708 3946; x_wconf 77' lang='grc' dir='ltr'><strong>ὲν-</strong></span> 
     </span>
    </p>
   </div>
   <div class='ocr_carea' id='block_1_75' title="bbox 442 3979 2012 4059">
    <p class='ocr_par' dir='ltr' id='par_1_75' title="bbox 442 3979 2012 4035">
     <span class='ocr_line' id='line_1_75' title="bbox 442 3979 2012 4035; baseline -0.001 -2"><span class='ocrx_word' id='word_1_507' title='bbox 442 3979 611 4033; x_wconf 75' lang='lat' dir='ltr'><strong>vitam</strong></span> <span class='ocrx_word' id='word_1_508' title='bbox 666 3979 932 4035; x_wconf 80' lang='lat' dir='ltr'><strong>custodit.</strong></span> <span class='ocrx_word' id='word_1_509' title='bbox 968 3979 1105 4034; x_wconf 84' lang='lat' dir='ltr'><strong>Nam</strong></span> <span class='ocrx_word' id='word_1_510' title='bbox 1137 3993 1262 4035; x_wconf 89' lang='lat' dir='ltr'><strong>cum</strong></span> <span class='ocrx_word' id='word_1_511' title='bbox 1318 3995 1465 4035; x_wconf 88' lang='lat' dir='ltr'><strong>unus</strong></span> <span class='ocrx_word' id='word_1_512' title='bbox 1531 3993 1762 4034; x_wconf 88' lang='lat' dir='ltr'><strong>numero</strong></span> <span class='ocrx_word' id='word_1_513' title='bbox 1813 3988 2012 4033; x_wconf 90' lang='lat' dir='ltr'><strong>tanttur</strong></span> 
     </span>
    </p>
   </div>
   <div class='ocr_carea' id='block_1_76' title="bbox 2135 3979 2577 4059">
    <p class='ocr_par' dir='ltr' id='par_1_76' title="bbox 2135 3987 2577 4059">
     <span class='ocr_line' id='line_1_76' title="bbox 2135 3987 2577 4059; baseline 0.002 -18"><span class='ocrx_word' id='word_1_514' title='bbox 2135 3987 2301 4042; x_wconf 84' lang='grc' dir='ltr'>τολῶν</span> <span class='ocrx_word' id='word_1_515' title='bbox 2326 3988 2577 4059; x_wconf 70' lang='grc' dir='ltr'>τήρησις.</span> 
     </span>
    </p>
   </div>
   <div class='ocr_carea' id='block_1_77' title="bbox 440 4057 3702 4148">
    <p class='ocr_par' dir='ltr' id='par_1_77' title="bbox 440 4057 3702 4148">
     <span class='ocr_line' id='line_1_77' title="bbox 440 4057 3702 4148; baseline 0.002 -26"><span class='ocrx_word' id='word_1_516' title='bbox 440 4071 536 4129; x_wconf 88' lang='lat' dir='ltr'><strong>sit,</strong></span> <span class='ocrx_word' id='word_1_517' title='bbox 582 4071 840 4125; x_wconf 81' lang='lat' dir='ltr'><strong>universo</strong></span> <span class='ocrx_word' id='word_1_518' title='bbox 884 4069 1283 4138; x_wconf 79' lang='lat' dir='ltr'><strong>atqueintegro</strong></span> <span class='ocrx_word' id='word_1_519' title='bbox 1332 4068 1577 4123; x_wconf 88' lang='lat' dir='ltr'><strong>hostium</strong></span> <span class='ocrx_word' id='word_1_520' title='bbox 1614 4068 1878 4123; x_wconf 77' lang='lat' dir='ltr'><strong>exercitui</strong></span> <span class='ocrx_word' id='word_1_521' title='bbox 1914 4071 2143 4132; x_wconf 87' lang='lat' dir='ltr'><strong>resistit.</strong></span> <span class='ocrx_word' id='word_1_522' title='bbox 2195 4057 2476 4135; x_wconf 87' lang='lat' dir='ltr'><strong>Timentes</strong></span> <span class='ocrx_word' id='word_1_523' title='bbox 2505 4089 2688 4134; x_wconf 85' lang='lat' dir='ltr'><strong>autem</strong></span> <span class='ocrx_word' id='word_1_524' title='bbox 2760 4078 3048 4135; x_wconf 89' lang='lat' dir='ltr'><strong>Dominum</strong></span> <span class='ocrx_word' id='word_1_525' title='bbox 3119 4093 3214 4135; x_wconf 88' lang='lat' dir='ltr'><strong>eos</strong></span> <span class='ocrx_word' id='word_1_526' title='bbox 3288 4077 3552 4148; x_wconf 87' lang='lat' dir='ltr'><strong>appellat,</strong></span> <span class='ocrx_word' id='word_1_527' title='bbox 3607 4057 3702 4147; x_wconf 77' lang='lat' dir='ltr'><strong>qui</strong></span> 
     </span>
    </p>
   </div>
   <div class='ocr_carea' id='block_1_78' title="bbox 443 4162 3323 4240">
    <p class='ocr_par' dir='ltr' id='par_1_78' title="bbox 443 4162 3323 4240">
     <span class='ocr_line' id='line_1_78' title="bbox 443 4162 3323 4240; baseline 0 -11"><span class='ocrx_word' id='word_1_528' title='bbox 443 4163 592 4218; x_wconf 69' lang='lat' dir='ltr'><strong>illius</strong></span> <span class='ocrx_word' id='word_1_529' title='bbox 627 4163 924 4219; x_wconf 67' lang='grc' dir='ltr'><strong>οὒεθτνίιηι</strong></span> <span class='ocrx_word' id='word_1_530' title='bbox 948 4163 1226 4220; x_wconf 67' lang='grc' dir='ltr'>ῐηθηάθιειο</span> <span class='ocrx_word' id='word_1_531' title='bbox 1292 4162 1395 4220; x_wconf 78' lang='lat' dir='ltr'><strong>Ubi</strong></span> <span class='ocrx_word' id='word_1_532' title='bbox 1460 4162 1628 4228; x_wconf 65' lang='lat' dir='ltr'><strong>enim.</strong></span> <span class='ocrx_word' id='word_1_533' title='bbox 1691 4162 1889 4235; x_wconf 81' lang='lat' dir='ltr'><strong>inquit,</strong></span> <span class='ocrx_word' id='word_1_534' title='bbox 1945 4177 2028 4222; x_wconf 75' lang='lat' dir='ltr'><strong>est</strong></span> <span class='ocrx_word' id='word_1_535' title='bbox 2064 4170 2251 4240; x_wconf 88' lang='lat' dir='ltr'><strong>timor,</strong></span> <span class='ocrx_word' id='word_1_536' title='bbox 2286 4175 2359 4231; x_wconf 91' lang='lat' dir='ltr'><strong>ibi</strong></span> <span class='ocrx_word' id='word_1_537' title='bbox 2389 4176 2552 4230; x_wconf 88' lang='lat' dir='ltr'><strong>etiam</strong></span> <span class='ocrx_word' id='word_1_538' title='bbox 2590 4178 2970 4232; x_wconf 82' lang='lat' dir='ltr'><strong>mandatorum</strong></span> <span class='ocrx_word' id='word_1_539' title='bbox 3001 4173 3323 4232; x_wconf 78' lang='lat' dir='ltr'><strong>observatio.</strong></span> 
     </span>
    </p>
   </div>
   <div class='ocr_carea' id='block_1_79' title="bbox 517 4253 2024 4331">
    <p class='ocr_par' dir='ltr' id='par_1_79' title="bbox 517 4253 2024 4331">
     <span class='ocr_line' id='line_1_79' title="bbox 517 4253 2024 4331; baseline 0.002 -22"><span class='ocrx_word' id='word_1_540' title='bbox 517 4256 682 4311; x_wconf 70' lang='lat' dir='ltr'><strong>Vens.</strong></span> <span class='ocrx_word' id='word_1_541' title='bbox 709 4256 764 4312; x_wconf 90' lang='lat'><strong>9.</strong></span> <span class='ocrx_word' id='word_1_542' title='bbox 789 4253 1010 4310; x_wconf 65' lang='lat' dir='ltr'><strong>(instate</strong></span> <span class='ocrx_word' id='word_1_543' title='bbox 1037 4264 1089 4310; x_wconf 89' lang='lat' dir='ltr'><strong>et</strong></span> <span class='ocrx_word' id='word_1_544' title='bbox 1121 4256 1304 4331; x_wconf 79' lang='lat' dir='ltr'><strong>videte,</strong></span> <span class='ocrx_word' id='word_1_545' title='bbox 1334 4256 1583 4325; x_wconf 84' lang='lat' dir='ltr'><strong>quoniam</strong></span> <span class='ocrx_word' id='word_1_546' title='bbox 1612 4254 1777 4311; x_wconf 80' lang='lat' dir='ltr'><strong>bonus</strong></span> <span class='ocrx_word' id='word_1_547' title='bbox 1802 4266 1878 4310; x_wconf 87' lang='lat' dir='ltr'><strong>est</strong></span> <span class='ocrx_word' id='word_1_548' title='bbox 1909 4255 2024 4312; x_wconf 89' lang='lat' dir='ltr'><strong>Do-</strong></span> 
     </span>
    </p>
   </div>
   <div class='ocr_carea' id='block_1_80' title="bbox 444 4346 2024 4419">
    <p class='ocr_par' dir='ltr' id='par_1_80' title="bbox 444 4346 2024 4419">
     <span class='ocr_line' id='line_1_80' title="bbox 444 4346 2024 4419; baseline -0.001 -16"><span class='ocrx_word' id='word_1_549' title='bbox 444 4349 641 4406; x_wconf 83' lang='lat' dir='ltr'><strong>minus.</strong></span> <span class='ocrx_word' id='word_1_550' title='bbox 670 4346 1229 4419; x_wconf 85' lang='lat' dir='ltr'><strong>Cognosclte,inquit,</strong></span> <span class='ocrx_word' id='word_1_551' title='bbox 1261 4356 1313 4402; x_wconf 91' lang='lat' dir='ltr'><strong>et</strong></span> <span class='ocrx_word' id='word_1_552' title='bbox 1340 4361 1475 4408; x_wconf 83' lang='lat' dir='ltr'><strong>vos;</strong></span> <span class='ocrx_word' id='word_1_553' title='bbox 1508 4361 1603 4416; x_wconf 87' lang='lat' dir='ltr'><strong>per</strong></span> <span class='ocrx_word' id='word_1_554' title='bbox 1626 4355 1848 4416; x_wconf 80' lang='lat' dir='ltr'><strong>gustum</strong></span> <span class='ocrx_word' id='word_1_555' title='bbox 1876 4346 2024 4401; x_wconf 90' lang='lat' dir='ltr'><strong>enim</strong></span> 
     </span>
    </p>
   </div>
   <div class='ocr_carea' id='block_1_81' title="bbox 418 4437 2017 4511">
    <p class='ocr_par' dir='ltr' id='par_1_81' title="bbox 418 4437 2017 4511">
     <span class='ocr_line' id='line_1_81' title="bbox 418 4437 2017 4511; baseline -0.004 -14"><span class='ocrx_word' id='word_1_556' title='bbox 418 4442 533 4498; x_wconf 80' lang='lat' dir='ltr'><strong>&#39;Itic</strong></span> <span class='ocrx_word' id='word_1_557' title='bbox 562 4442 957 4511; x_wconf 64' lang='lat' dir='ltr'><strong>experientiam</strong></span> <span class='ocrx_word' id='word_1_558' title='bbox 990 4440 1264 4509; x_wconf 78' lang='lat' dir='ltr'><strong>intelligit.</strong></span> <span class='ocrx_word' id='word_1_559' title='bbox 1296 4439 1603 4494; x_wconf 84' lang='lat' dir='ltr'><strong>Gustabitis</strong></span> <span class='ocrx_word' id='word_1_560' title='bbox 1657 4447 1838 4494; x_wconf 85' lang='lat' dir='ltr'><strong>autem</strong></span> <span class='ocrx_word' id='word_1_561' title='bbox 1873 4437 2017 4509; x_wconf 71' lang='lat'><strong>(20),</strong></span> 
     </span>
    </p>
   </div>
   <div class='ocr_carea' id='block_1_82' title="bbox 447 4531 2023 4604">
    <p class='ocr_par' dir='ltr' id='par_1_82' title="bbox 447 4531 2023 4604">
     <span class='ocr_line' id='line_1_82' title="bbox 447 4531 2023 4604; baseline -0.003 -14"><span class='ocrx_word' id='word_1_562' title='bbox 447 4535 493 4590; x_wconf 85' lang='lat' dir='ltr'><strong>si</strong></span> <span class='ocrx_word' id='word_1_563' title='bbox 525 4537 628 4589; x_wconf 88' lang='lat' dir='ltr'><strong>mei</strong></span> <span class='ocrx_word' id='word_1_564' title='bbox 660 4534 910 4604; x_wconf 75' lang='lat' dir='ltr'><strong>exemplo</strong></span> <span class='ocrx_word' id='word_1_565' title='bbox 929 4548 995 4587; x_wconf 85' lang='lat' dir='ltr'><strong>ex</strong></span> <span class='ocrx_word' id='word_1_566' title='bbox 1030 4541 1145 4588; x_wconf 88' lang='lat' dir='ltr'><strong>tota</strong></span> <span class='ocrx_word' id='word_1_567' title='bbox 1174 4533 1241 4587; x_wconf 89' lang='lat' dir='ltr'><strong>ad</strong></span> <span class='ocrx_word' id='word_1_568' title='bbox 1273 4547 1398 4587; x_wconf 81' lang='lat' dir='ltr'><strong>cum</strong></span> <span class='ocrx_word' id='word_1_569' title='bbox 1425 4532 1601 4586; x_wconf 87' lang='lat' dir='ltr'><strong>anima</strong></span> <span class='ocrx_word' id='word_1_570' title='bbox 1627 4531 2023 4595; x_wconf 81' lang='lat' dir='ltr'><strong>clamaveritis,</strong></span> 
     </span>
    </p>
   </div>
   <div class='ocr_carea' id='block_1_83' title="bbox 449 4621 2030 4693">
    <p class='ocr_par' dir='ltr' id='par_1_83' title="bbox 449 4621 2030 4693">
     <span class='ocr_line' id='line_1_83' title="bbox 449 4621 2030 4693; baseline -0.003 -15"><span class='ocrx_word' id='word_1_571' title='bbox 449 4625 534 4678; x_wconf 79' lang='lat' dir='ltr'><strong>vel</strong></span> <span class='ocrx_word' id='word_1_572' title='bbox 565 4623 611 4677; x_wconf 87' lang='lat' dir='ltr'><strong>si</strong></span> <span class='ocrx_word' id='word_1_573' title='bbox 639 4623 1052 4693; x_wconf 83' lang='lat' dir='ltr'><strong>exquisiveritis</strong></span> <span class='ocrx_word' id='word_1_574' title='bbox 1081 4637 1206 4678; x_wconf 90' lang='lat' dir='ltr'><strong>eum</strong></span> <span class='ocrx_word' id='word_1_575' title='bbox 1234 4622 1548 4693; x_wconf 85' lang='lat' dir='ltr'><strong>diligenter,</strong></span> <span class='ocrx_word' id='word_1_576' title='bbox 1591 4621 1636 4676; x_wconf 87' lang='lat' dir='ltr'><strong>si</strong></span> <span class='ocrx_word' id='word_1_577' title='bbox 1700 4635 1810 4676; x_wconf 90' lang='lat' dir='ltr'><strong>non</strong></span> <span class='ocrx_word' id='word_1_578' title='bbox 1855 4621 2030 4675; x_wconf 85' lang='lat' dir='ltr'><strong>ambi-</strong></span> 
     </span>
    </p>
   </div>
   <div class='ocr_carea' id='block_1_84' title="bbox 410 4710 2030 4784">
    <p class='ocr_par' dir='ltr' id='par_1_84' title="bbox 410 4710 2030 4784">
     <span class='ocr_line' id='line_1_84' title="bbox 410 4710 2030 4784; baseline -0.002 -17"><span class='ocrx_word' id='word_1_579' title='bbox 410 4729 414 4733; x_wconf 64' lang='lat'><em>‘</em></span> <span class='ocrx_word' id='word_1_580' title='bbox 446 4726 609 4784; x_wconf 87' lang='lat' dir='ltr'><strong>guam</strong></span> <span class='ocrx_word' id='word_1_581' title='bbox 639 4714 694 4768; x_wconf 91' lang='lat' dir='ltr'><strong>in</strong></span> <span class='ocrx_word' id='word_1_582' title='bbox 720 4714 814 4767; x_wconf 88' lang='lat' dir='ltr'><strong>illo</strong></span> <span class='ocrx_word' id='word_1_583' title='bbox 843 4728 995 4784; x_wconf 85' lang='lat' dir='ltr'><strong>spem</strong></span> <span class='ocrx_word' id='word_1_584' title='bbox 1032 4714 1406 4770; x_wconf 78' lang='lat' dir='ltr'><strong>servaveritis.</strong></span> <span class='ocrx_word' id='word_1_585' title='bbox 1432 4711 1529 4767; x_wconf 83' lang='lat' dir='ltr'><strong>Vel</strong></span> <span class='ocrx_word' id='word_1_586' title='bbox 1557 4712 1736 4777; x_wconf 87' lang='lat' dir='ltr'><strong>aliter,</strong></span> <span class='ocrx_word' id='word_1_587' title='bbox 1763 4727 1826 4766; x_wconf 87' lang='lat' dir='ltr'><strong>ex</strong></span> <span class='ocrx_word' id='word_1_588' title='bbox 1838 4710 2030 4766; x_wconf 86' lang='lat' dir='ltr'><strong>horta-</strong></span> 
     </span>
    </p>
   </div>
   <div class='ocr_carea' id='block_1_85' title="bbox 449 4802 2039 4875">
    <p class='ocr_par' dir='ltr' id='par_1_85' title="bbox 449 4802 2039 4875">
     <span class='ocr_line' id='line_1_85' title="bbox 449 4802 2039 4875; baseline -0.002 -15"><span class='ocrx_word' id='word_1_589' title='bbox 449 4818 540 4860; x_wconf 91' lang='lat' dir='ltr'><strong>tur</strong></span> <span class='ocrx_word' id='word_1_590' title='bbox 564 4819 665 4861; x_wconf 87' lang='lat' dir='ltr'><strong>nos</strong></span> <span class='ocrx_word' id='word_1_591' title='bbox 690 4802 964 4875; x_wconf 84' lang='lat' dir='ltr'><strong>Propheta</strong></span> <span class='ocrx_word' id='word_1_592' title='bbox 990 4805 1055 4858; x_wconf 88' lang='lat' dir='ltr'><strong>ad</strong></span> <span class='ocrx_word' id='word_1_593' title='bbox 1088 4803 1357 4860; x_wconf 86' lang='lat' dir='ltr'><strong>Dominici</strong></span> <span class='ocrx_word' id='word_1_594' title='bbox 1384 4805 1633 4873; x_wconf 89' lang='lat' dir='ltr'><strong>corporis</strong></span> <span class='ocrx_word' id='word_1_595' title='bbox 1658 4817 1724 4857; x_wconf 88' lang='lat' dir='ltr'><strong>ac</strong></span> <span class='ocrx_word' id='word_1_596' title='bbox 1745 4803 2039 4873; x_wconf 81' lang='lat' dir='ltr'><strong>sanguinis</strong></span> 
     </span>
    </p>
   </div>
   <div class='ocr_carea' id='block_1_86' title="bbox 2199 4265 3704 4336">
    <p class='ocr_par' dir='ltr' id='par_1_86' title="bbox 2199 4265 3704 4336">
     <span class='ocr_line' id='line_1_86' title="bbox 2199 4265 3704 4336; baseline -0.001 -16"><span class='ocrx_word' id='word_1_597' title='bbox 2199 4267 2514 4322; x_wconf 82' lang='grc' dir='ltr'>Γεὺσασθε</span> <span class='ocrx_word' id='word_1_598' title='bbox 2542 4266 2642 4322; x_wconf 79' lang='grc' dir='ltr'>καὶ</span> <span class='ocrx_word' id='word_1_599' title='bbox 2676 4266 2853 4333; x_wconf 78' lang='grc' dir='ltr'>ἴδετε,</span> <span class='ocrx_word' id='word_1_600' title='bbox 2907 4268 2997 4321; x_wconf 81' lang='grc' dir='ltr'>ὅτι</span> <span class='ocrx_word' id='word_1_601' title='bbox 3052 4266 3321 4336; x_wconf 80' lang='grc' dir='ltr'>χρηστὸς</span> <span class='ocrx_word' id='word_1_602' title='bbox 3373 4267 3408 4320; x_wconf 80' lang='grc' dir='ltr'><em>δ</em></span> <span class='ocrx_word' id='word_1_603' title='bbox 3466 4265 3704 4332; x_wconf 80' lang='grc' dir='ltr'>Κύριος.</span> 
     </span>
    </p>
   </div>
   <div class='ocr_carea' id='block_1_87' title="bbox 2125 4356 3707 4431">
    <p class='ocr_par' dir='ltr' id='par_1_87' title="bbox 2125 4356 3707 4431">
     <span class='ocr_line' id='line_1_87' title="bbox 2125 4356 3707 4431; baseline -0.003 -18"><span class='ocrx_word' id='word_1_604' title='bbox 2125 4360 2304 4413; x_wconf 85' lang='grc' dir='ltr'>Γνῶτε</span> <span class='ocrx_word' id='word_1_605' title='bbox 2336 4362 2433 4414; x_wconf 75' lang='grc' dir='ltr'>καὶ</span> <span class='ocrx_word' id='word_1_606' title='bbox 2471 4360 2632 4431; x_wconf 80' lang='grc' dir='ltr'>ὑμεῖς</span> <span class='ocrx_word' id='word_1_607' title='bbox 2666 4377 2682 4393; x_wconf 89' lang='grc'><strong>·</strong></span> <span class='ocrx_word' id='word_1_608' title='bbox 2705 4359 2893 4428; x_wconf 83' lang='grc' dir='ltr'>γεῦσιν</span> <span class='ocrx_word' id='word_1_609' title='bbox 2922 4358 3032 4429; x_wconf 79' lang='grc' dir='ltr'><strong>γὰρ</strong></span> <span class='ocrx_word' id='word_1_610' title='bbox 3060 4356 3295 4412; x_wconf 76' lang='grc' dir='ltr'>ἐνταῦθα</span> <span class='ocrx_word' id='word_1_611' title='bbox 3346 4357 3447 4427; x_wconf 76' lang='grc' dir='ltr'>τὴν</span> <span class='ocrx_word' id='word_1_612' title='bbox 3504 4357 3707 4426; x_wconf 74' lang='grc' dir='ltr'>γνῶσιν</span> 
     </span>
    </p>
   </div>
   <div class='ocr_carea' id='block_1_88' title="bbox 2131 4445 3705 4523">
    <p class='ocr_par' dir='ltr' id='par_1_88' title="bbox 2131 4445 3705 4523">
     <span class='ocr_line' id='line_1_88' title="bbox 2131 4445 3705 4523; baseline -0.005 -17"><span class='ocrx_word' id='word_1_613' title='bbox 2131 4452 2415 4523; x_wconf 68' lang='grc' dir='ltr'>ὀνομάζει.</span> <span class='ocrx_word' id='word_1_614' title='bbox 2481 4452 2607 4516; x_wconf 85' lang='grc' dir='ltr'><strong>Πῶς</strong></span> <span class='ocrx_word' id='word_1_615' title='bbox 2663 4451 2721 4506; x_wconf 82' lang='grc' dir='ltr'><strong>δὲ</strong></span> <span class='ocrx_word' id='word_1_616' title='bbox 2786 4450 3100 4520; x_wconf 77' lang='grc' dir='ltr'>γεύσεσθες</span> <span class='ocrx_word' id='word_1_617' title='bbox 3152 4449 3215 4503; x_wconf 82' lang='lat' dir='ltr'><strong>Ei</strong></span> <span class='ocrx_word' id='word_1_618' title='bbox 3281 4447 3537 4517; x_wconf 69' lang='grc' dir='ltr'>καθάπερ</span> <span class='ocrx_word' id='word_1_619' title='bbox 3596 4445 3705 4516; x_wconf 77' lang='grc' dir='ltr'><strong>ἐγὼ</strong></span> 
     </span>
    </p>
   </div>
   <div class='ocr_carea' id='block_1_89' title="bbox 2131 4541 3707 4619">
    <p class='ocr_par' dir='ltr' id='par_1_89' title="bbox 2131 4541 3707 4619">
     <span class='ocr_line' id='line_1_89' title="bbox 2131 4541 3707 4619; baseline -0.006 -17"><span class='ocrx_word' id='word_1_620' title='bbox 2131 4545 2382 4617; x_wconf 80' lang='grc' dir='ltr'>κράξετε,</span> <span class='ocrx_word' id='word_1_621' title='bbox 2419 4547 2469 4600; x_wconf 77' lang='grc' dir='ltr'><strong>εἰ</strong></span> <span class='ocrx_word' id='word_1_622' title='bbox 2494 4545 2828 4619; x_wconf 81' lang='grc' dir='ltr'>ἐκζητήσετε</span> <span class='ocrx_word' id='word_1_623' title='bbox 2862 4543 3028 4599; x_wconf 72' lang='grc' dir='ltr'>αὐτὸν</span> <span class='ocrx_word' id='word_1_624' title='bbox 3049 4541 3375 4613; x_wconf 83' lang='grc' dir='ltr'>ὁλοσχερῶς.</span> <span class='ocrx_word' id='word_1_625' title='bbox 3434 4542 3486 4595; x_wconf 84' lang='grc' dir='ltr'><strong>εί</strong></span> <span class='ocrx_word' id='word_1_626' title='bbox 3551 4541 3707 4596; x_wconf 76' lang='grc' dir='ltr'>ἑλπί-</span> 
     </span>
    </p>
   </div>
   <div class='ocr_carea' id='block_1_90' title="bbox 2131 4632 3706 4707">
    <p class='ocr_par' dir='ltr' id='par_1_90' title="bbox 2131 4632 3706 4707">
     <span class='ocr_line' id='line_1_90' title="bbox 2131 4632 3706 4707; baseline -0.006 -15"><span class='ocrx_word' id='word_1_627' title='bbox 2131 4655 2254 4692; x_wconf 88' lang='grc' dir='ltr'>σετε</span> <span class='ocrx_word' id='word_1_628' title='bbox 2283 4638 2371 4692; x_wconf 73' lang='grc' dir='ltr'><strong>ἐπ’</strong></span> <span class='ocrx_word' id='word_1_629' title='bbox 2403 4638 2565 4692; x_wconf 76' lang='grc' dir='ltr'>αὐτὸν</span> <span class='ocrx_word' id='word_1_630' title='bbox 2597 4637 2955 4701; x_wconf 80' lang='grc' dir='ltr'>ἀδιστάκτως.</span> <span class='ocrx_word' id='word_1_631' title='bbox 2989 4635 3366 4707; x_wconf 71' lang='grc' dir='ltr'>Προτρέπεται</span> <span class='ocrx_word' id='word_1_632' title='bbox 3399 4632 3458 4687; x_wconf 81' lang='grc' dir='ltr'><strong>δὲ</strong></span> <span class='ocrx_word' id='word_1_633' title='bbox 3486 4633 3584 4686; x_wconf 72' lang='grc' dir='ltr'><strong>καὶ</strong></span> <span class='ocrx_word' id='word_1_634' title='bbox 3612 4632 3706 4687; x_wconf 72' lang='grc' dir='ltr'><strong>ἄλο</strong></span> 
     </span>
    </p>
   </div>
   <div class='ocr_carea' id='block_1_91' title="bbox 2130 4724 3706 4801">
    <p class='ocr_par' dir='ltr' id='par_1_91' title="bbox 2130 4724 3706 4801">
     <span class='ocr_line' id='line_1_91' title="bbox 2130 4724 3706 4801; baseline -0.003 -18"><span class='ocrx_word' id='word_1_635' title='bbox 2130 4731 2239 4795; x_wconf 80' lang='grc' dir='ltr'><strong>λως</strong></span> <span class='ocrx_word' id='word_1_636' title='bbox 2318 4731 2399 4794; x_wconf 83' lang='grc' dir='ltr'><strong>είς</strong></span> <span class='ocrx_word' id='word_1_637' title='bbox 2474 4731 2575 4800; x_wconf 74' lang='grc' dir='ltr'>τὴν</span> <span class='ocrx_word' id='word_1_638' title='bbox 2624 4728 2929 4801; x_wconf 76' lang='grc' dir='ltr'>μετάληψιν</span> <span class='ocrx_word' id='word_1_639' title='bbox 2987 4728 3082 4783; x_wconf 81' lang='grc' dir='ltr'><strong>τοῦ</strong></span> <span class='ocrx_word' id='word_1_640' title='bbox 3134 4728 3469 4782; x_wconf 82' lang='grc' dir='ltr'>Δεσποτικοῦ</span> <span class='ocrx_word' id='word_1_641' title='bbox 3514 4724 3706 4796; x_wconf 81' lang='grc' dir='ltr'>σῶμα·</span> 
     </span>
    </p>
   </div>
   <div class='ocr_carea' id='block_1_92' title="bbox 2131 4814 3709 4894">
    <p class='ocr_par' dir='ltr' id='par_1_92' title="bbox 2131 4814 3709 4894">
     <span class='ocr_line' id='line_1_92' title="bbox 2131 4814 3709 4894; baseline -0.005 -17"><span class='ocrx_word' id='word_1_642' title='bbox 2131 4839 2226 4887; x_wconf 87' lang='grc' dir='ltr'><strong>τος</strong></span> <span class='ocrx_word' id='word_1_643' title='bbox 2274 4824 2370 4878; x_wconf 83' lang='grc' dir='ltr'>καὶ</span> <span class='ocrx_word' id='word_1_644' title='bbox 2440 4824 2693 4894; x_wconf 78' lang='grc' dir='ltr'>αἵματος,</span> <span class='ocrx_word' id='word_1_645' title='bbox 2755 4814 2831 4876; x_wconf 82' lang='grc' dir='ltr'>ὧν</span> <span class='ocrx_word' id='word_1_646' title='bbox 2882 4823 2933 4875; x_wconf 79' lang='lat' dir='ltr'><strong>oi</strong></span> <span class='ocrx_word' id='word_1_647' title='bbox 3024 4820 3310 4892; x_wconf 80' lang='grc' dir='ltr'>γευόμενοι</span> <span class='ocrx_word' id='word_1_648' title='bbox 3398 4818 3566 4882; x_wconf 78' lang='grc' dir='ltr'>ἀξίως</span> <span class='ocrx_word' id='word_1_649' title='bbox 3618 4816 3709 4870; x_wconf 83' lang='grc' dir='ltr'><strong>εὖ·</strong></span> 
     </span>
    </p>
   </div>
   <div class='ocr_carea' id='block_1_93' title="bbox 449 4890 2012 4986">
    <p class='ocr_par' dir='ltr' id='par_1_93' title="bbox 449 4890 2012 4963">
     <span class='ocr_line' id='line_1_93' title="bbox 449 4890 2012 4963; baseline 0 -18"><span class='ocrx_word' id='word_1_650' title='bbox 449 4891 970 4962; x_wconf 85' lang='lat' dir='ltr'><strong>participationem:</strong></span> <span class='ocrx_word' id='word_1_651' title='bbox 1008 4907 1131 4963; x_wconf 69' lang='lat' dir='ltr'><strong>qua:</strong></span> <span class='ocrx_word' id='word_1_652' title='bbox 1189 4892 1299 4948; x_wconf 91' lang='lat' dir='ltr'><strong>duo</strong></span> <span class='ocrx_word' id='word_1_653' title='bbox 1342 4906 1534 4948; x_wconf 85' lang='lat' dir='ltr'><strong>omnes</strong></span> <span class='ocrx_word' id='word_1_654' title='bbox 1569 4890 1664 4961; x_wconf 87' lang='lat' dir='ltr'><strong>qui</strong></span> <span class='ocrx_word' id='word_1_655' title='bbox 1707 4891 1875 4961; x_wconf 79' lang='lat' dir='ltr'><strong>digne</strong></span> <span class='ocrx_word' id='word_1_656' title='bbox 1927 4908 2012 4963; x_wconf 86' lang='lat' dir='ltr'><strong>gu-</strong></span> 
     </span>
    </p>
   </div>
   <div class='ocr_carea' id='block_1_94' title="bbox 2135 4890 3709 4986">
    <p class='ocr_par' dir='ltr' id='par_1_94' title="bbox 2135 4890 3709 4986">
     <span class='ocr_line' id='line_1_94' title="bbox 2135 4890 3709 4986; baseline -0.006 -16"><span class='ocrx_word' id='word_1_657' title='bbox 2135 4916 2233 4980; x_wconf 85' lang='grc' dir='ltr'>θὺς</span> <span class='ocrx_word' id='word_1_658' title='bbox 2318 4890 2672 4971; x_wconf 76' lang='grc' dir='ltr'>αἰσθάνονται</span> <span class='ocrx_word' id='word_1_659' title='bbox 2734 4915 2834 4986; x_wconf 84' lang='grc' dir='ltr'><strong>τῆς</strong></span> <span class='ocrx_word' id='word_1_660' title='bbox 2916 4913 3071 4984; x_wconf 84' lang='grc' dir='ltr'>παρὰ</span> <span class='ocrx_word' id='word_1_661' title='bbox 3145 4890 3282 4967; x_wconf 69' lang='grc' dir='ltr'><strong>Θεοῦ</strong></span> <span class='ocrx_word' id='word_1_662' title='bbox 3352 4908 3533 4982; x_wconf 80' lang='grc' dir='ltr'>ῥοπῆς</span> <span class='ocrx_word' id='word_1_663' title='bbox 3616 4908 3709 4961; x_wconf 79' lang='grc' dir='ltr'><strong>καὶ</strong></span> 
     </span>
    </p>
   </div>
   <div class='ocr_carea' id='block_1_95' title="bbox 451 4982 2029 5052">
    <p class='ocr_par' dir='ltr' id='par_1_95' title="bbox 451 4982 2029 5052">
     <span class='ocr_line' id='line_1_95' title="bbox 451 4982 2029 5052; baseline -0.001 -14"><span class='ocrx_word' id='word_1_664' title='bbox 451 4982 744 5049; x_wconf 72' lang='lat' dir='ltr'><strong>slaverint,</strong></span> <span class='ocrx_word' id='word_1_665' title='bbox 786 4984 1024 5040; x_wconf 87' lang='lat' dir='ltr'><strong>sentient</strong></span> <span class='ocrx_word' id='word_1_666' title='bbox 1047 4985 1152 5041; x_wconf 87' lang='lat' dir='ltr'><strong>sibi</strong></span> <span class='ocrx_word' id='word_1_667' title='bbox 1183 4985 1368 5041; x_wconf 87' lang='lat' dir='ltr'><strong>statim</strong></span> <span class='ocrx_word' id='word_1_668' title='bbox 1402 4985 1543 5039; x_wconf 81' lang='lat' dir='ltr'><strong>vires</strong></span> <span class='ocrx_word' id='word_1_669' title='bbox 1573 4992 1738 5052; x_wconf 79' lang='lat' dir='ltr'><strong>atque</strong></span> <span class='ocrx_word' id='word_1_670' title='bbox 1766 4982 2029 5037; x_wconf 80' lang='lat' dir='ltr'><strong>auxilium</strong></span> 
     </span>
    </p>
   </div>
   <div class='ocr_carea' id='block_1_96' title="bbox 448 5075 920 5146">
    <p class='ocr_par' dir='ltr' id='par_1_96' title="bbox 448 5075 920 5146">
     <span class='ocr_line' id='line_1_96' title="bbox 448 5075 920 5146; baseline 0.006 -18"><span class='ocrx_word' id='word_1_671' title='bbox 448 5075 696 5146; x_wconf 74' lang='lat' dir='ltr'><strong>przestari</strong></span> <span class='ocrx_word' id='word_1_672' title='bbox 722 5090 753 5128; x_wconf 89' lang='lat' dir='ltr'><strong>a</strong></span> <span class='ocrx_word' id='word_1_673' title='bbox 789 5075 920 5131; x_wconf 86' lang='lat' dir='ltr'><strong>Deo.</strong></span> 
     </span>
    </p>
   </div>
   <div class='ocr_carea' id='block_1_97' title="bbox 521 5163 2032 5239">
    <p class='ocr_par' dir='ltr' id='par_1_97' title="bbox 521 5163 2032 5239">
     <span class='ocr_line' id='line_1_97' title="bbox 521 5163 2032 5239; baseline 0.001 -18"><span class='ocrx_word' id='word_1_674' title='bbox 521 5166 718 5222; x_wconf 82' lang='lat' dir='ltr'><strong>Beatus</strong></span> <span class='ocrx_word' id='word_1_675' title='bbox 756 5168 836 5223; x_wconf 76' lang='lat' dir='ltr'><strong>vir</strong></span> <span class='ocrx_word' id='word_1_676' title='bbox 861 5170 951 5239; x_wconf 85' lang='lat' dir='ltr'><strong>qui</strong></span> <span class='ocrx_word' id='word_1_677' title='bbox 980 5178 1161 5238; x_wconf 80' lang='lat' dir='ltr'><strong>sperat</strong></span> <span class='ocrx_word' id='word_1_678' title='bbox 1190 5170 1248 5223; x_wconf 85' lang='lat' dir='ltr'><strong>in</strong></span> <span class='ocrx_word' id='word_1_679' title='bbox 1276 5183 1359 5223; x_wconf 88' lang='lat' dir='ltr'><strong>ea.</strong></span> <span class='ocrx_word' id='word_1_680' title='bbox 1395 5164 1530 5220; x_wconf 80' lang='lat' dir='ltr'><strong>Nam</strong></span> <span class='ocrx_word' id='word_1_681' title='bbox 1600 5165 1647 5223; x_wconf 89' lang='lat' dir='ltr'><strong>si</strong></span> <span class='ocrx_word' id='word_1_682' title='bbox 1708 5163 2032 5223; x_wconf 87' lang='lat' dir='ltr'><strong>maledictus</strong></span> 
     </span>
    </p>
   </div>
   <div class='ocr_carea' id='block_1_98' title="bbox 451 5240 2031 5331">
    <p class='ocr_par' dir='ltr' id='par_1_98' title="bbox 451 5240 2031 5331">
     <span class='ocr_line' id='line_1_98' title="bbox 451 5240 2031 5331; baseline 0.001 -19"><span class='ocrx_word' id='word_1_683' title='bbox 451 5258 621 5313; x_wconf 88' lang='lat' dir='ltr'><strong>homo</strong></span> <span class='ocrx_word' id='word_1_684' title='bbox 642 5269 729 5316; x_wconf 90' lang='lat' dir='ltr'><strong>est</strong></span> <span class='ocrx_word' id='word_1_685' title='bbox 758 5261 849 5329; x_wconf 87' lang='lat' dir='ltr'><strong>qui</strong></span> <span class='ocrx_word' id='word_1_686' title='bbox 889 5271 1077 5331; x_wconf 82' lang='lat' dir='ltr'><strong>sperat</strong></span> <span class='ocrx_word' id='word_1_687' title='bbox 1107 5262 1163 5316; x_wconf 90' lang='lat' dir='ltr'><strong>in</strong></span> <span class='ocrx_word' id='word_1_688' title='bbox 1193 5259 1433 5317; x_wconf 83' lang='lat' dir='ltr'><strong>homine.</strong></span> <span class='ocrx_word' id='word_1_689' title='bbox 1458 5240 1660 5314; x_wconf 62' lang='lat' dir='ltr'><strong>contra</strong></span> <span class='ocrx_word' id='word_1_690' title='bbox 1701 5259 1808 5316; x_wconf 85' lang='lat' dir='ltr'><strong>erit</strong></span> <span class='ocrx_word' id='word_1_691' title='bbox 1841 5259 2031 5315; x_wconf 87' lang='lat' dir='ltr'><strong>beatus</strong></span> 
     </span>
    </p>
   </div>
   <div class='ocr_carea' id='block_1_99' title="bbox 447 5351 1008 5422">
    <p class='ocr_par' dir='ltr' id='par_1_99' title="bbox 447 5351 1008 5422">
     <span class='ocr_line' id='line_1_99' title="bbox 447 5351 1008 5422; baseline 0.004 -17"><span class='ocrx_word' id='word_1_692' title='bbox 447 5351 543 5421; x_wconf 92' lang='lat' dir='ltr'><strong>qui</strong></span> <span class='ocrx_word' id='word_1_693' title='bbox 571 5362 759 5422; x_wconf 87' lang='lat' dir='ltr'><strong>sperat</strong></span> <span class='ocrx_word' id='word_1_694' title='bbox 784 5352 838 5407; x_wconf 89' lang='lat' dir='ltr'><strong>in</strong></span> <span class='ocrx_word' id='word_1_695' title='bbox 875 5351 1008 5409; x_wconf 88' lang='lat' dir='ltr'><strong>Deo.</strong></span> 
     </span>
    </p>
   </div>
   <div class='ocr_carea' id='block_1_100' title="bbox 518 5440 2030 5513">
    <p class='ocr_par' dir='ltr' id='par_1_100' title="bbox 518 5440 2030 5513">
     <span class='ocr_line' id='line_1_100' title="bbox 518 5440 2030 5513; baseline -0.003 -12"><span class='ocrx_word' id='word_1_696' title='bbox 518 5443 684 5501; x_wconf 77' lang='lat' dir='ltr'><strong>Vens.</strong></span> <span class='ocrx_word' id='word_1_697' title='bbox 702 5444 789 5501; x_wconf 80' lang='grc'><strong>10.</strong></span> <span class='ocrx_word' id='word_1_698' title='bbox 813 5444 1012 5499; x_wconf 80' lang='lat' dir='ltr'><strong>Timete</strong></span> <span class='ocrx_word' id='word_1_699' title='bbox 1028 5443 1331 5509; x_wconf 84' lang='lat' dir='ltr'><strong>Dominum,</strong></span> <span class='ocrx_word' id='word_1_700' title='bbox 1349 5458 1525 5498; x_wconf 87' lang='lat' dir='ltr'><strong>omnes</strong></span> <span class='ocrx_word' id='word_1_701' title='bbox 1541 5442 1714 5498; x_wconf 82' lang='lat' dir='ltr'><strong>sancti</strong></span> <span class='ocrx_word' id='word_1_702' title='bbox 1730 5442 1868 5513; x_wconf 87' lang='lat' dir='ltr'><strong>ejus.</strong></span> <span class='ocrx_word' id='word_1_703' title='bbox 1887 5440 2030 5497; x_wconf 87' lang='lat' dir='ltr'><strong>San-</strong></span> 
     </span>
    </p>
   </div>
   <div class='ocr_carea' id='block_1_101' title="bbox 452 5534 2029 5609">
    <p class='ocr_par' dir='ltr' id='par_1_101' title="bbox 452 5534 2029 5609">
     <span class='ocr_line' id='line_1_101' title="bbox 452 5534 2029 5609; baseline 0 -18"><span class='ocrx_word' id='word_1_704' title='bbox 452 5547 577 5595; x_wconf 83' lang='lat' dir='ltr'><strong>ctos</strong></span> <span class='ocrx_word' id='word_1_705' title='bbox 612 5552 710 5595; x_wconf 83' lang='lat' dir='ltr'><strong>eos</strong></span> <span class='ocrx_word' id='word_1_706' title='bbox 737 5545 916 5606; x_wconf 80' lang='lat' dir='ltr'><strong>vocat,</strong></span> <span class='ocrx_word' id='word_1_707' title='bbox 947 5538 1041 5609; x_wconf 87' lang='lat' dir='ltr'><strong>qui</strong></span> <span class='ocrx_word' id='word_1_708' title='bbox 1071 5538 1184 5596; x_wconf 88' lang='lat' dir='ltr'><strong>Deo</strong></span> <span class='ocrx_word' id='word_1_709' title='bbox 1223 5535 1393 5594; x_wconf 86' lang='lat' dir='ltr'><strong>oblati</strong></span> <span class='ocrx_word' id='word_1_710' title='bbox 1419 5546 1585 5607; x_wconf 87' lang='lat' dir='ltr'><strong>atque</strong></span> <span class='ocrx_word' id='word_1_711' title='bbox 1618 5535 1666 5593; x_wconf 88' lang='lat' dir='ltr'><strong>ei</strong></span> <span class='ocrx_word' id='word_1_712' title='bbox 1698 5534 2029 5592; x_wconf 74' lang='lat' dir='ltr'><strong>sanctiﬁcali</strong></span> 
     </span>
    </p>
   </div>
   <div class='ocr_carea' id='block_1_102' title="bbox 2132 5007 2407 5081">
    <p class='ocr_par' dir='ltr' id='par_1_102' title="bbox 2132 5007 2407 5081">
     <span class='ocr_line' id='line_1_102' title="bbox 2132 5007 2407 5081; baseline 0.007 -18"><span class='ocrx_word' id='word_1_713' title='bbox 2132 5007 2407 5081; x_wconf 81' lang='grc' dir='ltr'>βοηθείας.</span> 
     </span>
    </p>
   </div>
   <div class='ocr_carea' id='block_1_103' title="bbox 2201 5155 3709 5232">
    <p class='ocr_par' dir='ltr' id='par_1_103' title="bbox 2201 5155 3709 5232">
     <span class='ocr_line' id='line_1_103' title="bbox 2201 5155 3709 5232; baseline -0.007 -14"><span class='ocrx_word' id='word_1_714' title='bbox 2201 5162 2508 5232; x_wconf 65' lang='grc' dir='ltr'>Μακάριος</span> <span class='ocrx_word' id='word_1_715' title='bbox 2534 5160 2715 5230; x_wconf 78' lang='grc' dir='ltr'>ἀνὴρ,</span> <span class='ocrx_word' id='word_1_716' title='bbox 2747 5160 2818 5227; x_wconf 69' lang='grc' dir='ltr'>ὃς</span> <span class='ocrx_word' id='word_1_717' title='bbox 2841 5158 3067 5220; x_wconf 71' lang='grc' dir='ltr'>ἐλπίζει</span> <span class='ocrx_word' id='word_1_718' title='bbox 3087 5159 3182 5213; x_wconf 76' lang='grc' dir='ltr'><strong>ἐπ’</strong></span> <span class='ocrx_word' id='word_1_719' title='bbox 3216 5157 3425 5213; x_wconf 78' lang='grc' dir='ltr'>αὐτόν.</span> <span class='ocrx_word' id='word_1_720' title='bbox 3481 5155 3542 5209; x_wconf 78' lang='lat' dir='ltr'><strong>Ei</strong></span> <span class='ocrx_word' id='word_1_721' title='bbox 3603 5155 3709 5225; x_wconf 67' lang='grc' dir='ltr'>γὰρ</span> 
     </span>
    </p>
   </div>
   <div class='ocr_carea' id='block_1_104' title="bbox 2130 5248 3707 5325">
    <p class='ocr_par' dir='ltr' id='par_1_104' title="bbox 2130 5248 3707 5325">
     <span class='ocr_line' id='line_1_104' title="bbox 2130 5248 3707 5325; baseline -0.008 -12"><span class='ocrx_word' id='word_1_722' title='bbox 2130 5256 2546 5325; x_wconf 72' lang='grc' dir='ltr'>ιπικατάρατος</span> <span class='ocrx_word' id='word_1_723' title='bbox 2574 5256 2604 5308; x_wconf 84' lang='grc' dir='ltr'>ὁ</span> <span class='ocrx_word' id='word_1_724' title='bbox 2642 5253 2879 5317; x_wconf 77' lang='grc' dir='ltr'>ἐλπίζων</span> <span class='ocrx_word' id='word_1_725' title='bbox 2935 5251 3026 5305; x_wconf 79' lang='grc' dir='ltr'><strong>ἐπ’</strong></span> <span class='ocrx_word' id='word_1_726' title='bbox 3051 5250 3362 5322; x_wconf 78' lang='grc' dir='ltr'>ἄνθρωπον,</span> <span class='ocrx_word' id='word_1_727' title='bbox 3398 5248 3707 5302; x_wconf 81' lang='grc' dir='ltr'>τούναντίον</span> 
     </span>
    </p>
   </div>
   <div class='ocr_carea' id='block_1_105' title="bbox 2144 5342 3120 5420">
    <p class='ocr_par' dir='ltr' id='par_1_105' title="bbox 2144 5342 3120 5420">
     <span class='ocr_line' id='line_1_105' title="bbox 2144 5342 3120 5420; baseline -0.006 -17"><span class='ocrx_word' id='word_1_728' title='bbox 2144 5350 2417 5420; x_wconf 81' lang='grc' dir='ltr'>μακάριος</span> <span class='ocrx_word' id='word_1_729' title='bbox 2446 5347 2474 5399; x_wconf 75' lang='grc' dir='ltr'><strong>ὁ</strong></span> <span class='ocrx_word' id='word_1_730' title='bbox 2500 5345 2740 5409; x_wconf 72' lang='grc' dir='ltr'>ἐλπίζων</span> <span class='ocrx_word' id='word_1_731' title='bbox 2768 5344 2861 5397; x_wconf 64' lang='grc' dir='ltr'><strong>ἐπὶ</strong></span> <span class='ocrx_word' id='word_1_732' title='bbox 2891 5342 3120 5415; x_wconf 80' lang='grc' dir='ltr'>Κύριον.</span> 
     </span>
    </p>
   </div>
   <div class='ocr_carea' id='block_1_106' title="bbox 2210 5429 3704 5505">
    <p class='ocr_par' dir='ltr' id='par_1_106' title="bbox 2210 5429 3704 5505">
     <span class='ocr_line' id='line_1_106' title="bbox 2210 5429 3704 5505; baseline -0.007 -12"><span class='ocrx_word' id='word_1_733' title='bbox 2210 5437 2514 5505; x_wconf 74' lang='grc' dir='ltr'>Φοϐήθητε</span> <span class='ocrx_word' id='word_1_734' title='bbox 2549 5437 2660 5490; x_wconf 81' lang='grc' dir='ltr'>τὸν</span> <span class='ocrx_word' id='word_1_735' title='bbox 2682 5435 2920 5504; x_wconf 76' lang='grc' dir='ltr'>Κύριον,</span> <span class='ocrx_word' id='word_1_736' title='bbox 2982 5434 3207 5497; x_wconf 76' lang='grc' dir='ltr'>πάντες</span> <span class='ocrx_word' id='word_1_737' title='bbox 3234 5433 3290 5487; x_wconf 87' lang='grc' dir='ltr'><strong>οί</strong></span> <span class='ocrx_word' id='word_1_738' title='bbox 3316 5431 3469 5501; x_wconf 78' lang='grc' dir='ltr'>ἅγιοι</span> <span class='ocrx_word' id='word_1_739' title='bbox 3501 5429 3704 5486; x_wconf 82' lang='grc' dir='ltr'>αὐτοῦ.</span> 
     </span>
    </p>
   </div>
   <div class='ocr_carea' id='block_1_107' title="bbox 2150 5519 3707 5601">
    <p class='ocr_par' dir='ltr' id='par_1_107' title="bbox 2150 5519 3707 5601">
     <span class='ocr_line' id='line_1_107' title="bbox 2150 5519 3707 5601; baseline -0.006 -16"><span class='ocrx_word' id='word_1_740' title='bbox 2150 5531 2369 5601; x_wconf 78' lang='grc' dir='ltr'>’Δγίους</span> <span class='ocrx_word' id='word_1_741' title='bbox 2396 5530 2548 5598; x_wconf 75' lang='grc' dir='ltr'>λέγει</span> <span class='ocrx_word' id='word_1_742' title='bbox 2577 5529 2705 5593; x_wconf 79' lang='grc' dir='ltr'>τοὺς</span> <span class='ocrx_word' id='word_1_743' title='bbox 2735 5524 3172 5596; x_wconf 78' lang='grc' dir='ltr'>ἀφωσιωμένους</span> <span class='ocrx_word' id='word_1_744' title='bbox 3226 5523 3304 5595; x_wconf 80' lang='grc' dir='ltr'>τῷ</span> <span class='ocrx_word' id='word_1_745' title='bbox 3348 5522 3494 5594; x_wconf 85' lang='grc' dir='ltr'>Θεῷ.</span> <span class='ocrx_word' id='word_1_746' title='bbox 3535 5519 3707 5590; x_wconf 67' lang='grc' dir='ltr'><strong>Φοϐή-</strong></span> 
     </span>
    </p>
   </div>
   <div class='ocr_carea' id='block_1_108' title="bbox 1800 5711 2360 5779">
    <p class='ocr_par' dir='ltr' id='par_1_108' title="bbox 1800 5711 2360 5779">
     <span class='ocr_line' id='line_1_108' title="bbox 1800 5711 2360 5779; baseline -0.009 -2"><span class='ocrx_word' id='word_1_747' title='bbox 1800 5713 2001 5779; x_wconf 70' lang='grc' dir='ltr'>νιιιὶω</span> <span class='ocrx_word' id='word_1_748' title='bbox 2022 5711 2360 5777; x_wconf 82' lang='lat' dir='ltr'><strong>lectiones.</strong></span> 
     </span>
    </p>
   </div>
   <div class='ocr_carea' id='block_1_109' title="bbox 523 5845 1041 5915">
    <p class='ocr_par' dir='ltr' id='par_1_109' title="bbox 523 5845 1041 5915">
     <span class='ocr_line' id='line_1_109' title="bbox 523 5845 1041 5915; baseline -0.002 -14"><span class='ocrx_word' id='word_1_749' title='bbox 523 5847 571 5914; x_wconf 83' lang='grc' dir='ltr'><strong>(Ι</strong></span> <span class='ocrx_word' id='word_1_750' title='bbox 584 5846 640 5915; x_wconf 85' lang='grc'><strong>8)</strong></span> <span class='ocrx_word' id='word_1_751' title='bbox 672 5846 758 5901; x_wconf 79' lang='lat' dir='ltr'><strong>Al.</strong></span> <span class='ocrx_word' id='word_1_752' title='bbox 786 5845 1041 5900; x_wconf 78' lang='grc' dir='ltr'>ἑκάστου.</span> 
     </span>
    </p>
   </div>
   <div class='ocr_carea' id='block_1_110' title="bbox 522 5915 1137 5989">
    <p class='ocr_par' dir='ltr' id='par_1_110' title="bbox 522 5915 1137 5989">
     <span class='ocr_line' id='line_1_110' title="bbox 522 5915 1137 5989; baseline -0.003 -16"><span class='ocrx_word' id='word_1_753' title='bbox 522 5918 634 5982; x_wconf 70' lang='lat' dir='ltr'><strong>(lli)</strong></span> <span class='ocrx_word' id='word_1_754' title='bbox 658 5917 745 5972; x_wconf 74' lang='grc' dir='ltr'>ιον.</span> <span class='ocrx_word' id='word_1_755' title='bbox 774 5915 1137 5989; x_wconf 81' lang='grc' dir='ltr'>παρίσταται.</span> 
     </span>
    </p>
   </div>
   <div class='ocr_carea' id='block_1_111' title="bbox 2217 5817 3708 5901">
    <p class='ocr_par' dir='ltr' id='par_1_111' title="bbox 2217 5817 3708 5901">
     <span class='ocr_line' id='line_1_111' title="bbox 2217 5817 3708 5901; baseline -0.01 -7"><span class='ocrx_word' id='word_1_756' title='bbox 2217 5838 2332 5900; x_wconf 68' lang='lat'><strong>(20)</strong></span> <span class='ocrx_word' id='word_1_757' title='bbox 2369 5817 2560 5893; x_wconf 50' lang='lat' dir='ltr'><strong>Graeca</strong></span> <span class='ocrx_word' id='word_1_758' title='bbox 2584 5834 2748 5889; x_wconf 75' lang='lat' dir='ltr'><strong>verba</strong></span> <span class='ocrx_word' id='word_1_759' title='bbox 2783 5832 2855 5887; x_wconf 86' lang='lat' dir='ltr'><strong>ita</strong></span> <span class='ocrx_word' id='word_1_760' title='bbox 2893 5837 3090 5886; x_wconf 88' lang='lat' dir='ltr'><strong>sonant</strong></span> <span class='ocrx_word' id='word_1_761' title='bbox 3120 5846 3135 5883; x_wconf 90' lang='lat'><strong>:</strong></span> <span class='ocrx_word' id='word_1_762' title='bbox 3162 5829 3437 5897; x_wconf 80' lang='lat' dir='ltr'><strong>Quomodo</strong></span> <span class='ocrx_word' id='word_1_763' title='bbox 3459 5825 3708 5901; x_wconf 60' lang='grc' dir='ltr'>’σκιαθί-</span> 
     </span>
    </p>
   </div>
   <div class='ocr_carea' id='block_1_112' title="bbox 2148 5902 3216 5973">
    <p class='ocr_par' dir='ltr' id='par_1_112' title="bbox 2148 5902 3216 5973">
     <span class='ocr_line' id='line_1_112' title="bbox 2148 5902 3216 5973; baseline -0.007 -8"><span class='ocrx_word' id='word_1_764' title='bbox 2148 5914 2213 5967; x_wconf 87' lang='lat' dir='ltr'><strong>tis</strong></span> <span class='ocrx_word' id='word_1_765' title='bbox 2246 5908 2354 5966; x_wconf 80' lang='lat' dir='ltr'><strong>?Si</strong></span> <span class='ocrx_word' id='word_1_766' title='bbox 2382 5908 2629 5964; x_wconf 83' lang='lat' dir='ltr'><strong>nimirum</strong></span> <span class='ocrx_word' id='word_1_767' title='bbox 2663 5902 2984 5972; x_wconf 80' lang='lat' dir='ltr'><strong>clamabitis,</strong></span> <span class='ocrx_word' id='word_1_768' title='bbox 3018 5910 3075 5955; x_wconf 75' lang='lat' dir='ltr'><strong>ut</strong></span> <span class='ocrx_word' id='word_1_769' title='bbox 3105 5917 3216 5973; x_wconf 81' lang='lat' dir='ltr'><strong>ego.</strong></span> 
     </span>
    </p>
   </div>
  </div>
