3866 6542
135 348 237 411 335

1281 345 1671 407 COMMENT.
1713 347 1792 408 IN
1833 343 2191 406 PSALMOS.

3276 342 3388 408 εδδ

138 462 262 530 θητε
295 457 404 523 οὖν,
439 455 635 530 διότι
667 455 831 525 φόϐος
869 456 965 510 τοῦ
1009 455 1145 510 Θεοῦ
1183 458 1374 529 δεσμεῖ
1422 462 1520 523 τὰς
1576 461 1700 514 ἀτάι

1844 472 1961 521 ιιηι.
1991 462 2201 516 Titncte
2225 458 2389 530 igitur
2422 457 2733 521 Dominum,
2783 454 2912 525 quia
2971 453 3281 522 huiusmodi
3314 461 3388 508 ti-

137 567 290 614 κτους
314 549 510 620 ὁρμάς.
533 550 907 616 Καθιῆλωσον
929 551 1058 622 γὰρ,
1080 555 1266 622 φησιν,
1291 555 1356 607 ἐκ
1389 553 1496 607 τοῦ
1517 555 1706 623 φόϐου

136 658 246 695 σου
276 643 381 703 τὰς
401 640 634 707 σάρκας
657 658 800 710 μου.
843 637 978 695 Εἶτα
1017 645 1213 713 ἐπάγει
1237 645 1330 698 καὶ
1376 644 1439 698 τὸ
1473 646 1582 698 ἀπὸ
1611 644 1706 698 τοῦ

140 728 301 797 φόϐου
343 728 552 796 κέρδος.

209 820 332 873 Ὅτι
366 821 478 874 οὐκ
540 820 715 875 ἔστιν
765 822 1076 893 ὑστέρημα
1135 824 1263 892 τοῖς
1320 825 1711 895 φοϐουμένοις

141 913 343 968 αὐτόν.
372 914 437 966 Οἱ
470 913 578 984 γὰρ
605 915 696 966 τὸν
731 917 874 969 θεῖον
905 917 1074 986 φόϐον
1101 920 1160 972 ὲν
1203 922 1269 990 τῇ
1300 920 1446 990 ψυχῇ
1508 921 1710 989 φυτεύ-

149 1021 356 1072 σαντες,
390 1006 491 1059 οὐκ
526 1007 868 1062 ἐλλείπουσιν
894 1011 975 1073 είς
1005 1011 1232 1081 ἀρετὴν,
1253 1008 1355 1066 ’τοῦ
1389 1012 1558 1081 φόϐου
1587 1013 1713 1067 τού-

144 1118 261 1163 τους
290 1099 723 1167 ἀναγκάζοντος.
776 1103 936 1156 Ἔστι
968 1104 1025 1156 δὲ
1059 1106 1154 1158 καὶ
1195 1105 1372 1170 ἄλλως
1403 1108 1598 1172 εἰπεῖν,
1632 1108 1714 1160 ὅτι

58 1202 70 1214 ⁸
144 1193 234 1244 οὐκ
258 1192 403 1244 ἐστιν
421 1192 690 1264 ἔλλειμμα
715 1193 949 1258 τούτοις.
987 1197 1210 1266 Ἔχουσι
1234 1199 1342 1269 γὰρ
1369 1199 1569 1269 ἔνδυμα
1591 1200 1711 1269 μὲν,

147 1285 201 1335 τὸ
230 1286 373 1336 θεῖον
399 1285 722 1356 βάπτισμαθ
748 1287 957 1358 τροφὴν
987 1288 1065 1355 δὲ,
1094 1291 1195 1358 τὴν
1217 1290 1310 1344 τοῦ
1341 1291 1488 1345 θείου
1529 1291 1718 1362 σώμα-

147 1393 228 1437 τος
253 1377 346 1428 καὶ
381 1377 615 1446 αἵματος
649 1395 662 1408 ο
689 1379 858 1431 ὅπλον
889 1379 968 1445 δὲ,
992 1381 1084 1434 τὸν
1115 1381 1300 1451 τίμιον
1339 1383 1596 1454 σταυρὸν,
1624 1385 1719 1439 καὶ

149 1468 344 1533 ἀτελῶς,
383 1463 462 1523 ὧν
498 1469 800 1542 χρῄζουσιν
822 1471 1176 1528 ἀπολαύουσι.

211 1704 501 1759 Πλούσιοι
549 1707 944 1777 ἐπτώχευσαν
996 1711 1096 1765 καὶ
1163 1713 1530 1768 ἐπείνασαν·
1565 1720 1618 1771 οἱ
1654 1716 1722 1770 δὲ

150 1794 530 1863 ἐκζῆτοῦντες
592 1801 700 1852 τὸν
739 1800 961 1868 Κύριον
1029 1806 1141 1858 οὐκ
1193 1805 1721 1876 ἐλαττωθήσονται

151 1887 366 1954 παντὸς
408 1890 659 1958 ἀγαθοῦ.
695 1891 880 1947 Εἰπὼν
913 1895 1118 1948 ίϐτιούκ
1151 1896 1300 1951 ἔστιν
1330 1898 1514 1964 αὐτοῖς
1563 1901 1723 1954 ὑστέ-

156 1997 319 2049 ρημα,
348 1981 645 2036 πιστοῦται
668 1985 759 2037 τὸν
779 1985 937 2054 λόγον
963 1988 1361 2054 ἀποδεικτικῶς
1379 2007 1392 2021 ⁸
1411 1992 1463 2044 οἱ
1496 1994 1593 2062 μὲν
1615 1993 1724 2065 γὰρ

157 2072 391 2126 πλούσιοι
425 2074 519 2127 τοῦ
561 2075 678 2144 βίου
699 2077 914 2143 τούτου,
939 2079 1289 2152 ἐπτώχευσαν
1316 2083 1596 2152 πολλάκις,
1629 2087 1724 2140 καὶ

157 2163 441 2217 ἐπείνασαν
466 2181 483 2197 ·
511 2165 937 2235 εὐμετάπτωτος
970 2169 1079 2242 γὰρ
1113 2173 1140 2225 ὁ
1160 2172 1420 2244 αἰσθητὸς
1466 2175 1724 2240 πλοῦτος.

158 2255 240 2306 καὶ
277 2255 538 2319 ἄπιστος.
575 2257 640 2309 Ol
671 2257 726 2310 δὲ
751 2258 839 2311 διὰ
877 2259 971 2313 τοῦ
987 2261 1130 2314 θείου
1165 2262 1331 2330 φόϐου
1360 2263 1454 2317 καὶ
1480 2265 1579 2336 τῆς
1607 2265 1727 2319 ὀδοῦ

156 2343 252 2395 τῶν
276 2344 516 2397 ἐντολῶν
571 2344 930 2416 ὲκζητοῦντες
977 2350 1067 2402 τὸν
1133 2351 1340 2421 Κύριον
1392 2353 1490 2405 οὐκ
1546 2355 1730 2424 ἐνδεής

157 2449 297 2486 coast
327 2436 538 2499 παντὸς
569 2437 798 2506 ἀγαθοῦ,
831 2440 1078 2511 δηλονότι
1097 2442 1189 2494 τοῦ
1215 2443 1589 2514 ἀποκειμένου
1618 2449 1731 2508 τοῖς

155 2525 578 2596 εύηρεστηκόσιν
609 2529 778 2600 αὐτῷ.
805 2532 927 2584 Τῶν
956 2533 1066 2605 γὰρ
1109 2534 1472 2606 ἀνθρωπίνων
1508 2535 1732 2604 ἀγαθῶν

157 2618 241 2668 καὶ
275 2619 424 2671 πάνυ
468 2621 806 2690 ὲνδεήσουσι,
835 2622 920 2677 διὰ
971 2625 1164 2696 στενῆς
1208 2627 1305 2680 καὶ
1363 2627 1733 2699 τεθλιμμένης

158 2707 267 2759 ὁδοῦ
297 2707 638 2776 βαδίζοντες.
677 2710 988 2764 Αἰνίττεται
1036 2713 1094 2766 δὲ
1152 2715 1180 2767 ὁ
1234 2713 1393 2782 λόγος
1457 2716 1552 2767 καὶ
1608 2716 1732 2776 τοὺς

169 2798 474 2868 Ἰουδαίους,
503 2801 553 2854 οἳ
588 2801 836 2878 πλούσιοι
882 2805 1154 2876 πρότερον
1199 2806 1350 2869 ὄντες
1411 2809 1470 2860 ἐν
1519 2807 1730 2873 πόλεσι,

161 2891 242 2943 καὶ
264 2891 464 2963 πλήθει
493 2894 754 2964 στρατοῦ.
795 2897 888 2950 καὶ
929 2897 1008 2968 τῷ
1036 2898 1374 2970 περιωνύμῳ
1435 2899 1571 2970 ναῷ,
1636 2900 1733 2954 καὶ

161 2988 228 3057 τῷ
246 2990 372 3062 θείῳ
405 2992 575 3062 νόμῳ,
598 2994 692 3046 καὶ
719 2997 784 3064 τῇ
819 2995 952 3067 πρὸς
979 2995 1111 3049 Θεὸν
1139 2995 1348 3068 ὁμιλίᾳ,
1381 2995 1735 3066 ὲπτὼχευσαν

162 3080 353 3134 τούτων
395 3083 639 3148 πάντων,
673 3085 860 3158 ἐπειδὴ
891 3087 983 3141 τὸν
1029 3086 1288 3142 πλούσιον
1346 3088 1406 3140 ὲν
1435 3087 1597 3152 ἐλέει,
1639 3087 1735 3140 καὶ

162 3171 364 3240 πτωχὸν
400 3171 468 3224 δι’
500 3173 647 3242 ἡμᾶς
699 3175 1028 3229 ἀπέκτειναν
1065 3179 1328 3246 ἀνοήτως,
1376 3178 1472 3232 καὶ
1517 3178 1738 3230 ἐπείνα-

167 3277 275 3322 trav,
302 3261 556 3315 διότιτὸν
585 3265 750 3334 ἄρτον
792 3267 890 3335 τῆς
935 3266 1078 3336 ζωῆς
1132 3270 1341 3324 ἀνεῖλον
1369 3285 1386 3302 ·
1421 3270 1470 3322 0i
1521 3269 1579 3322 δὲ
1647 3271 1734 3321 ἐκο

155 3351 453 3491 ⁴ἓητοῖιντες
481 3355 572 3408 τὸν
598 3356 806 3428 Κύριον
833 3360 897 3426 ἐξ
957 3360 1128 3415 ἐθνῶν
1180 3361 1506 3434 αὑξήσουσιν
1535 3362 1616 3416 ἔτι
1644 3364 1737 3414 καὶ

189 3458 254 3491 τι.

189 3458 254 3495 τι.

1815 573 1937 612 ηιοι·
1973 555 2318 610 inordinatos
2354 558 2538 606 motus
2564 555 2806 603 coercet.
2831 545 3045 618 Conﬁge
3082 547 3254 610 enim,
3300 544 3391 598 in-

1811 649 1952 720 quit,
1983 649 2169 701 timore
2201 656 2292 698 tuo
2319 659 2508 697 carnes
2533 657 2698 696 meas.
2724 639 2929 696 Deinde
2958 638 3124 693 infert
3151 638 3390 701 lucrum,

1811 740 1954 811 quod
1991 741 2059 795 ab
2091 739 2203 794 isto
2243 736 2498 807 provenit
2524 735 2744 796 timore.
3160 735 3164 739 ‘

1891 860 2157 926 Quoniam
2228 875 2330 912 non
2405 865 2484 912 est
2550 855 2772 926 defectio
2867 853 3170 909 timentibus
3245 868 3388 906 eum.

1814 951 1949 1006 Nam
2035 951 2126 1022 qui
2181 951 2272 1004 Dei
2353 949 2603 1004 timorem
2689 946 2742 999 in
2802 960 2899 998 sua
2971 944 3152 996 anima
3235 941 3392 1010 plan-

1818 1053 2094 1108 taverunt,
2129 1057 2412 1113 nunquam
2446 1057 2474 1094 a
2509 1039 2729 1094 virtutis
2747 1036 3069 1107 operatione
3097 1035 3390 1096 deficiunt.

1817 1144 2044 1206 cogente
2079 1149 2175 1188 eos
2207 1134 2419 1187 timore.
2451 1131 2755 1185 Possumus
2785 1128 2953 1182 etiam
2990 1123 3196 1188 dicere,
3246 1123 3390 1190 quod

1821 1225 2149 1282 timentibus
2187 1223 2477 1277 Dominum
2511 1221 2657 1275 nulla
2699 1229 2782 1274 est
2823 1218 3062 1273 defectio
3101 1232 3118 1270 :
3150 1216 3277 1286 quia
3337 1225 3393 1270 et

1816 1328 1972 1376 veste
2002 1317 2146 1372 sacri
2202 1315 2550 1386 baptismatis
2599 1313 2772 1368 induti
2851 1321 3000 1375 t-ttnl,
3057 1318 3112 1364 et
3168 1322 3398 1378 corpore

1820 1429 1884 1469 ac
1916 1411 2184 1482 sanguine
2215 1410 2427 1463 Domini
2459 1415 2785 1467 vescuntur,
2812 1414 2865 1458 et
2924 1404 3031 1458 telo
3069 1401 3255 1456 crucis
3303 1416 3396 1454 ar-

1823 1505 1954 1558 mati
1993 1510 2121 1557 sunt
2155 1517 2170 1554 :
2199 1508 2252 1554 et
2285 1499 2523 1568 denique
2547 1497 2675 1568 quia
2695 1495 3027 1550 necessariis
3053 1492 3398 1563 quibuscun-

1822 1611 1930 1666 que
1949 1595 2113 1650 rebus
2135 1593 2412 1646 fruuntur.

1893 1714 2061 1770 Vens.
2096 1713 2184 1767 11.
2218 1711 2416 1766 υἱυίιεδ
2447 1717 2699 1778 eguerunt
2731 1715 2778 1760 et
2838 1705 3135 1759 esurierunt
3158 1745 3174 1770 ,
3211 1703 3398 1772 exqui-

1825 1818 1998 1862 rentes
2053 1815 2227 1859 antem
2319 1802 2604 1856 Dominum
2685 1814 2786 1852 non
2845 1799 3202 1856 diminuentur
3259 1797 3402 1849 omni

1827 1898 1981 1953 bona.
2051 1895 2188 1951 Cum
2257 1893 2461 1956 nullam
2521 1905 2642 1945 esse
2692 1888 3099 1944 asscveravcrit'
3137 1885 3402 1942 defectio-

1829 2008 1949 2046 nem
1977 1990 2045 2044 iis
2075 1988 2166 2060 qui
2201 1987 2398 2040 timent
2425 1983 2740 2046 Dominum,
2805 1995 2952 2034 nunc
3001 1978 3244 2034 sermoni
3301 1991 3404 2033 suo

1831 2082 1986 2138 fidem
2015 2082 2167 2146 facit,
2205 2077 2413 2132 docens
2447 2075 2727 2145 quomodo
2760 2071 2922 2142 hujus
2962 2071 3147 2127 saeculi
3201 2070 3400 2125 divites

1829 2174 2030 2244 saepius
2060 2169 2236 2227 effecti
2262 2177 2389 2224 sunt
2420 2179 2709 2237 pauperes,
2746 2172 2800 2219 et
2858 2163 3004 2219 fame
3039 2162 3238 2218 vexati.
3265 2159 3406 2216 Ter-

1831 2280 1974 2321 renae
2009 2264 2158 2319 enim
2192 2261 2400 2315 divitiae
2439 2258 2667 2313 fallaces
2696 2263 2853 2320 sunt,
2883 2267 2936 2308 et
2971 2269 3113 2323 smpe
3155 2267 3408 2307 continu-

1831 2368 2049 2424 tantur,
2081 2371 2146 2411 ac
2175 2355 2440 2410 decidunt
2467 2370 2480 2406 :
2519 2359 2713 2405 contra
2744 2363 2875 2403 vero
2906 2362 3121 2411 omnes,
3179 2345 3272 2415 qui
3309 2359 3409 2415 per

1834 2449 1924 2504 Dei
1973 2449 2224 2502 timorem
2284 2459 2347 2499 ac
2378 2440 2757 2496 mandatorum
2825 2435 3264 2491 observationem
3307 2433 3412 2486 Do-

1834 2543 2042 2596 minum
2079 2545 2360 2609 quaerunt,
2393 2534 2560 2589 nullis
2596 2547 2836 2599 unquam
2867 2529 3026 2583 bonis
3059 2526 3405 2596 indigebunt,

1834 2647 1896 2686 ex
1967 2632 2034 2686 iis
2078 2605 2337 2685 nimirum
2381 2639 2503 2695 qua:
2563 2621 2802 2691 reposita
2861 2625 2992 2673 sunt
3059 2615 3414 2686 diligentibus
3470 2605 3473 2608 ’

1835 2723 2152 2778 Dominum.
2206 2717 2476 2774 Humanis
2533 2714 2679 2769 enim
2743 2711 2903 2764 bonis
2959 2723 3120 2778 quam
3177 2707 3416 2760 maxime

1836 2811 2175 2881 indigebunt,
2207 2823 2330 2862 cum
2376 2820 2469 2875 per
2502 2812 2708 2856 arctam
2760 2796 3108 2851 afIlietiouum
3145 2807 3208 2846 ac
3239 2801 3416 2846 tenta-

1837 2906 2046 2958 tionum
2089 2901 2229 2954 viam
2262 2898 2342 2953 eis
2375 2893 2738 2950 incedendum
2773 2889 2867 2945 sit.
2915 2885 3201 2943 Pertinere
3246 2882 3413 2937 etiam

1836 2993 2092 3049 videntur
2123 2991 2238 3044 haec
2263 2987 2432 3043 verba
2465 2983 2532 3038 ad
2579 2982 2819 3046 Judaeos,
2879 2979 2972 3048 qui
3033 2977 3162 3032 olim
3213 2973 3415 3029 divites

1848 3068 2089 3146 hie'runt,
2126 3082 2410 3136 civitatum
2437 3077 2650 3132 scilicet
2677 3089 2742 3128 ac
2774 3071 3010 3127 militum
3051 3068 3230 3138 copia,
3263 3067 3416 3121 insu-

1840 3190 1936 3244 per
1958 3180 2010 3227 et
2039 3168 2398 3225 celeberrimo
2429 3166 2524 3219 illo
2573 3163 2798 3233 templo,
2829 3161 3015 3215 divina
3050 3159 3170 3228 lege
3197 3165 3250 3211 et
3279 3171 3418 3211 cou-

1845 3265 2154 3320 versatione
2187 3259 2304 3324 Dei,
2339 3273 2400 3313 ac
2435 3256 2696 3324 deinceps
2739 3253 2823 3308 his
2885 3249 3144 3305 omnibus
3199 3247 3416 3318 privati.

1846 3367 2112 3424 pauperes
2138 3348 2316 3405 eﬂ'ecti
2341 3354 2487 3411 sunt,
2541 3359 2605 3398 ea
2672 3341 2934 3396 nimirum
2997 3339 3232 3403 ratione,
3289 3335 3419 3406 quia

1852 3446 2137 3502 Dominum
2165 3445 2349 3497 Jesum
2382 3433 2762 3493 misericordia
2796 3432 3044 3496 divitem,
3105 3440 3160 3483 et
3200 3443 3406 3500 paupe—

164 3550 265 3589 rem
292 3537 555 3594 eﬂ‘ectum
587 3550 811 3613 propter
840 3559 962 3610 nos,
1036 3543 1515 3615 impudentissime
1581 3545 1964 3603 occiderunt:
2016 3539 2216 3610 quique
2275 3533 2610 3598 esurierunt,
2663 3540 2950 3602 postquam
3010 3541 3202 3582 verum
3261 3524 3414 3576 illum

165 3631 278 3686 vita:
306 3651 510 3706 panem
545 3635 615 3694 de
644 3638 828 3696 medio
851 3641 1222 3698 sustulerunt.
1294 3641 1513 3700 Fideles
1587 3649 1768 3698 autem
1847 3638 1942 3709 qui
1993 3652 2060 3691 ex
2129 3632 2382 3706 gentibus
2439 3628 2680 3698 fuerunt,
2729 3630 3038 3697 quaerentes
3109 3617 3424 3676 Dominum.

163 3728 409 3784 omnibus
439 3731 600 3788 bonis
625 3734 791 3788 etiam
832 3746 997 3808 atque
1038 3735 1200 3792 etiam
1236 3737 1383 3793 aucti
1421 3746 1580 3793 sunt.

225 3824 426 3890 Δεῦτε,
466 3826 668 3896 τέκνα,
722 3831 1028 3886 ἀκούσατέ
1081 3851 1224 3902 μου,
1270 3835 1461 3905 φόϐον
1508 3833 1731 3904 Κυρίου

163 3910 376 3978 διδάξω
404 3917 584 3985 ὑμᾶς.
612 3920 764 3992 Δῦτη
793 3923 1114 3978 διδασκάλου
1147 3927 1301 3995 φωνή
1324 3941 1338 3955 ·
1374 3926 1566 3979 τέκνον
1621 3927 1732 3998 γὰρ

164 4006 190 4056 ὁ
215 4009 467 4086 μαθητὴς
497 4011 591 4064 τοῦ
617 4011 986 4079 διδάσκοντος,
1013 4016 1383 4087 πλαττόμενος
1415 4018 1494 4080 είς
1509 4017 1733 4088 ἀρετὴν,

166 4097 252 4148 καὶ
275 4095 389 4154 οἷον
417 4103 818 4174 μορφούμενος.
842 4107 1012 4161 Φόϐον
1040 4109 1096 4162 δὲ
1127 4110 1334 4180 Κυρίου
1361 4105 1540 4176 εἶπεν,
1594 4111 1732 4180 πρὸς

167 4188 571 4262 ἀντιδιαστολὴν
596 4194 690 4247 τοῦ
722 4197 889 4266 φόϐου
922 4197 1018 4252 τοῦ
1085 4198 1365 4270 δαίμονος,
1413 4199 1472 4252 ὃν
1524 4201 1733 4264 ἐκεῖνος

167 4277 402 4345 ἐμποιεῖ,
428 4286 558 4355 περὶ
590 4279 652 4340 οὗ
684 4304 848 4360 φησιν
868 4291 926 4343 ὲν
959 4291 1137 4355 ἄλλοις
1171 4307 1185 4321 ⁸
1229 4293 1372 4346 Ἀπὸ
1419 4294 1614 4361 φόϐου
1645 4293 1741 4362 ἐκ·

169 4371 302 4438 θροῦ
333 4377 560 4440 ἐξελοῦ
590 4378 706 4448 τὴν
724 4383 938 4450 ψυχήν
969 4402 1108 4452 μου.

1906 3832 2076 3888 Vens.
2111 3833 2198 3887 l2.
2237 3829 2421 3885 Venite
2455 3826 2581 3896 ﬁlii,
2611 3824 2790 3878 audite
2815 3836 2916 3887 me,
2943 3819 3182 3872 timorem
3211 3808 3422 3866 Domini

1834 3925 2025 3979 docebo
2058 3938 2166 3977 vos.
2197 3921 2294 3976 Est
2327 3919 2417 3973 hic
2451 3915 2696 3986 quidam,
2719 3911 2885 3967 veluti
2913 3903 3290 3979 praceptoris,
3315 3915 3412 3954 seu

1837 4012 2082 4069 doctoris
2119 4023 2320 4066 sermo.
2357 4007 2546 4061 Solent
2581 4005 2726 4059 enim
2767 4000 3026 4056 doctores
3087 3994 3289 4049 habere
3333 3989 3422 4043 di-

1839 4105 2082 4177 scipulos
2105 4102 2344 4157 filiorum
2371 4099 2516 4165 loco,
2545 4111 2611 4152 eo
2639 4093 2786 4166 quod
2844 4091 3051 4162 ﬁngant
3106 4087 3233 4142 illos
3285 4097 3427 4177 quo:

1840 4163 2137 4255 dammodo
2191 4209 2254 4249 ac
2289 4163 2526 4247 formcnt
2553 4188 2618 4242 ad
2645 4163 2877 4241 virtutes
2911 4182 3000 4254 [ac
3055 4192 3197 4248 pene
3250 4163 3423 4228 veluti

1849 4290 1971 4346 novi
2001 4298 2182 4359 patres
2225 4302 2320 4344 eos
2365 4285 2560 4339 iterum
2595 4273 2901 4351 ροισι-θυι]
2932 4273 3206 4328 Timorem
3239 4278 3422 4322 autem

1851 4383 2064 4438 Domini
2094 4382 2253 4445 dixit,
2283 4378 2347 4432 ad
2385 4374 2792 4430 distinctionem
2847 4367 3064 4422 timoris
3092 4363 3422 4417 danuonum.

153 4466 347 4526 ‘f'otcst
417 4471 616 4526 etenim
669 4481 724 4529 et
775 4451 987 4530 daemon
1060 4478 1311 4533 timorem
1370 4477 1636 4542 incutere,
1686 4477 1750 4531 de
1788 4489 1897 4546 quo
1967 4472 2097 4528 alibi
2174 4469 2439 4539 scriptum
2494 4472 2622 4519 est:
2671 4463 2714 4515 Α
2773 4460 2961 4514 timore
3016 4455 3222 4510 inimici
3286 4451 3428 4518 eripe

168 4568 395 4619 animam
421 4583 589 4620 meam
617 4568 682 4623 ⁸ο.

240 4657 328 4720 Τίς
357 4657 535 4710 ἐστιν
556 4656 888 4726 ἅνθρωπος,
921 4662 954 4715 ό
994 4661 1185 4716 θέλων
1214 4661 1368 4729 ζωήν
1397 4682 1417 4730 ;
1458 4664 1729 4735 Είρηκὼς,

1913 4651 2082 4708 Vens.
2122 4649 2211 4704 l3.
2247 4646 2378 4714 Quis
2399 4655 2480 4699 est
2507 4643 2682 4706 homo,
2719 4640 2810 4711 qui
2857 4636 2968 4692 vult
3024 4633 3240 4690 vitam?
3304 4629 3424 4686 Non

171 4744 354 4812 δεῦτε,
407 4747 467 4800 οὐ
493 4749 701 4812 πάντας
732 4750 912 4816 καλεῖ,
945 4751 1081 4808 ἀλλά
1115 4753 1168 4806 εἰ
1209 4771 1294 4819 τις
1355 4756 1504 4810 θέλει
1567 4757 1736 4827 ζωὴν,

173 4835 226 4887 οὗ
280 4838 383 4908 τὴν
435 4838 622 4910 κοινὴν
682 4838 906 4911 ταύτην,
981 4843 1048 4912 ἢν
1124 4845 1216 4897 καὶ
1283 4845 1351 4898 τὰ
1417 4844 1587 4914 ἄλογα
1653 4847 1742 4917 ζῇ,

175 4926 305 4981 ἀλλά
329 4929 432 5000 τὴν
483 4931 676 4996 ὅντως,
754 4933 856 5003 τὴν
939 4935 1110 4988 ἀΐδιον
1140 4953 1153 4967 ·
1209 4939 1244 5008 ἡ
1315 4941 1426 5009 γὰρ
1496 4938 1746 5007 παροῦσα

178 5017 402 5083 θάνατος
433 5021 634 5091 μᾶλλόν
694 5023 811 5076 ἐστι
873 5025 999 5096 περὶ
1055 5023 1122 5099 ἧς
1166 5027 1350 5097 ἔλεγεν
1397 5029 1424 5082 6
1489 5029 1748 5082 ’Λπόστοο

176 5108 260 5172 λος
278 5126 291 5138 ’
329 5111 428 5179 Τίς
447 5129 526 5182 με
544 5114 796 5180 ῥύσεται
823 5116 890 5168 ἐκ
926 5117 1032 5171 τοῦ
1060 5117 1328 5187 σώματος
1358 5119 1465 5175 τοῦ
1488 5119 1745 5175 θανάτου

178 5205 689 5269 τούτου;θάνατον
749 5207 811 5260 τὸ
870 5207 1030 5280 σῶμα
1083 5211 1310 5277 καλῶν,
1351 5213 1469 5283 ἦτοι
1534 5213 1632 5284 τὴν
1689 5213 1746 5266 ὲν

181 5296 390 5368 σώματι
427 5299 594 5371 ζωήν.

243 5557 527 5659 ἰΔταπῶν
566 5560 794 5629 ἡμέρας
846 5560 996 5615 Mair
1055 5562 1304 5632 ἀγαθάς.
1365 5565 1438 5616 Οὐ
1509 5565 1606 5628 τὰς
1649 5563 1742 5618 τοῦ

181 5653 373 5714 αἰῶνος
395 5654 581 5706 τούτου
617 5670 631 5684 ο
662 5654 796 5725 φησὶ
833 5657 942 5725 γὰρ
1010 5653 1228 5718 Ἰακὼϐ,
1289 5657 1371 5726 ὅτι
1405 5661 1477 5711 Al
1535 5656 1744 5726 ἡμέραι

247 5832 292 5863 ⁸ο
317 5829 458 5887 Psal.
498 5847 653 5901 uni,
679 5833 731 5888 5.
790 5833 834 5866 "
868 5832 1029 5890 Rom.
1063 5850 1156 5904 vn,
1198 5833 1292 5890 24.

1838 4759 2031 4803 omnes
2063 4751 2222 4796 vocat
2249 4736 2544 4809 Propheta,
2583 4734 2798 4789 tametsi
2823 4731 3147 4788 indistincte
3199 4727 3423 4792 dixerit,

1843 4841 2030 4907 venite,
2069 4837 2166 4895 sed
2202 4851 2298 4892 eos
2351 4843 2564 4888 tantum
2617 4830 2877 4902 appellat,
2935 4828 3030 4897 qui
3093 4825 3262 4880 vitam
3315 4839 3423 4877 non

1847 4933 1988 4985 hanc
2021 4939 2368 4983 communem
2419 4931 2630 4986 amant,
2682 4933 2791 4989 qua
2843 4914 3184 4972 irrationalia
3239 4911 3424 4968 omnia

1846 5023 2038 5078 vivunt
2067 5018 2350 5079 animalia,
2380 5013 2472 5070 sed
2512 5013 2846 5083 peculiarem
2905 5009 3197 5078 quamdam
3238 5017 3423 5058 veram

1851 5123 2015 5184 atque
2042 5124 2325 5168 mternam.
2360 5109 2610 5162 Praesens
2640 5105 2841 5160 etenim
2906 5102 3017 5156 vita
3060 5113 3206 5154 mors
3238 5096 3423 5166 potius
3492 5165 3498 5174 ι

1844 5204 2164 5274 appellanda
2218 5211 2320 5256 est.
2371 5200 2546 5268 Atque
2596 5196 2716 5250 ideo
2771 5194 2964 5272 merito
3012 5187 3306 5258 Apostolus
3337 5185 3423 5239 di-
3469 5207 3481 5226 ς

1829 5298 1999 5352 ‘cchat
2031 5314 2042 5349 :
2067 5295 2197 5362 Qui:
2227 5309 2305 5346 me
2339 5290 2580 5346 liberabit
2603 5288 2667 5340 de
2692 5300 2906 5352 corpore
2929 5283 3114 5336 mortis
3137 5279 3292 5348 hujus
3319 5276 3363 5308 “
3395 5276 3420 5329 ί
3490 5343 3497 5361 ,λ

1841 5403 1936 5458 per
1965 5393 2192 5441 mortem
2235 5384 2413 5454 ipsum
2480 5395 2678 5450 corpus
2728 5377 3055 5445 intelligens,
3112 5373 3196 5428 vel
3254 5371 3420 5424 vitam

1845 5480 2050 5552 potius,
2074 5491 2196 5548 quae
2228 5485 2309 5530 est
2338 5475 2390 5528 in
2423 5487 2674 5544 corpore.

1928 5569 2164 5638 Diligens
2199 5565 2312 5620 dies
2343 5564 2516 5619 videre
2578 5561 2762 5614 bonos.
2820 5557 2938 5612 Non
2996 5555 3163 5627 hujus
3233 5551 3417 5610 seculi

1857 5660 1974 5716 dies
1999 5657 2154 5724 dicit,
2207 5657 2273 5710 de
2328 5655 2527 5724 quibus
2587 5649 2955 5721 patriareham
3002 5645 3169 5702 Jacob
3213 5644 3417 5700 dixisse
