3806 6540
446 352 552 416 331

1644 296 2028 427 summu
2073 342 2436 403 nomen:
3609 344 3695 408 333

449 472 726 543 legimus:
767 467 890 522 Dies
934 477 1196 518 annorum
1229 477 1466 516 mearum
1494 462 1652 530 pauci
1713 470 1763 515 et
1793 461 1925 515 mali
1949 460 1994 495 "
2022 477 2039 527 ;

2150 459 2266 513 τῶν
2295 458 2448 513 ἐτῶν
2467 475 2588 529 μου
2609 457 2819 528 μικραὶ
2848 459 2946 512 καί
3014 457 3275 526 πονηραί
3295 474 3308 489 ⁸
3369 459 3464 510 καὶ
3496 459 3526 510 6
3551 462 3698 529 μέγας

451 572 505 618 et
542 574 800 630 magnum
831 555 1058 610 Paulum
1089 570 1103 607 :
1145 551 1483 606 Redimentes
1520 561 1744 620 tempus,
1775 553 2028 620 quoniam

2141 552 2354 617 Παῦλος
2387 569 2400 583 ’
2440 551 2962 622 Ἑξατοραζόμενοι
2994 552 3100 605 τὸν
3143 552 3355 621 καιρὸν
3373 551 3465 605 ὅτι
3489 554 3548 606 al
3575 555 3697 624 ἠμέο

450 653 564 706 dies
599 651 727 704 mali
757 659 878 701 sunt
915 647 982 699 ⁸³.
1016 643 1122 699 Sed
1153 643 1417 699 defuturi
1472 644 1662 699 saeculi
1724 644 1918 700 diebus
1947 645 2033 698 lo-

2150 661 2231 698 3‘01
2257 645 2522 713 πονηραί
2549 649 2730 700 εἰσιν.
2785 645 3030 714 Ἡμέρας
3061 645 3121 697 δὲ
3150 644 3281 700 ίδεῖν
3333 645 3568 714 ἀγαθὰς,
3592 652 3696 720 περὶ

451 745 662 814 quitur.
694 739 830 795 Illud
869 739 1017 794 enim
1044 749 1128 792 est
1157 737 1447 800 saeculum,
1491 736 1639 805 quod
1713 738 1890 790 bonos
1944 737 2034 789 ha-

459 843 550 889 bet
578 833 720 897 dies,
748 833 820 887 ob
851 847 1040 890 verum
1067 830 1200 885 illud
1255 838 1422 900 atque
1448 827 1721 884 inelfabile
1747 827 2032 896 gaudium.

454 929 582 984 Dies
649 935 832 980 autem
886 926 1009 980 ideo
1061 923 1223 988 dixit,
1278 927 1409 994 quia
1462 922 1574 980 illic
1629 929 1892 990 perpetua
1950 929 2035 975 est

453 1023 566 1075 lux.

523 1107 807 1164 Vsale.
835 1104 1030 1161 Cohibe
1073 1105 1313 1174 linguam
1366 1111 1514 1160 tuam
1577 1118 1610 1155 α
1656 1100 1822 1156 malo.
1877 1097 2035 1156 Nunc

453 1212 620 1265 opera
644 1194 892 1264 subjicit,
931 1206 1052 1263 qua:
1082 1191 1300 1248 edicere
1330 1191 1473 1254 solet
1523 1189 1620 1245 Dei
1682 1192 1870 1248 timor.
1938 1188 2035 1244 Τίς

454 1304 663 1344 morem
694 1302 826 1342 veto
857 1286 947 1342 Dei
976 1298 1124 1339 nunc
1173 1284 1446 1342 initialem
1491 1281 1643 1348 dico,
1700 1298 1814 1341 non
1861 1282 2038 1354 perle-

451 1389 626 1436 ctum.
661 1379 728 1436 Et
781 1381 1024 1450 linguam
1064 1379 1120 1434 in
1186 1379 1379 1448 primis
1456 1375 1617 1447 jubet
1661 1390 2036 1447 componere,

453 1474 623 1530 veluti
658 1473 964 1528 membrum
992 1473 1134 1526 inter
1163 1469 1562 1540 caeteramagis
1609 1468 1796 1534 labile,
1855 1477 1910 1524 et
1969 1469 2036 1528 ad

455 1583 621 1623 omne
646 1565 763 1620 vitii
788 1580 964 1637 genus
990 1561 1164 1633 magis
1194 1570 1532 1633 promptum.
1569 1558 1822 1618 Ministra
1886 1560 2036 1622 enim

458 1657 619 1712 nobis
638 1662 723 1710 est
748 1655 815 1710 ad
851 1653 1134 1709 hominum
1158 1650 1545 1716 contumelias,
1584 1658 1638 1704 et
1667 1649 1734 1709 ad
1760 1648 1855 1705 Dei
1889 1651 2039 1709 blas-

458 1751 707 1821 phemias
757 1767 771 1802 :
807 1745 1062 1817 turpibus
1085 1744 1247 1800 etiam
1279 1741 1751 1810 concupiscentiis
1805 1741 2039 1798 inservit

2135 738 2229 790 τοῦ
2261 737 2555 808 μέλλοντός
2590 755 2758 807 φησιν
2793 737 3015 800 αἰῶνος.
3045 732 3217 800 Οὗτος
3243 738 3353 808 γὰρ
3383 737 3592 813 ἀγαθὰς
3615 742 3695 808 μὲν

2137 828 2273 895 ἔχει,
2313 826 2403 880 διὰ
2429 826 2532 896 τὴν
2563 823 2938 896 ἇληκτον,καὶ
2971 828 3216 899 ἄρρητον
3263 827 3443 901 χαράν
3464 845 3479 860 ’
3509 831 3694 902 ἡμέρις

2134 919 2215 984 δὲ,
2247 917 2336 971 διὰ
2371 917 2433 971 τδ
2475 917 2542 970 δι’
2571 917 2694 972 ὅλου
2718 919 2856 988 φῶς.

2213 1097 2464 1152 Παῦσον
2502 1097 2618 1166 τὴν
2643 1097 2938 1168 γλῶσσάν
2967 1113 3087 1154 σου
3117 1099 3240 1154 ἀπὸ
3268 1100 3483 1156 κακοῦ.
3520 1100 3698 1156 Ἐντεῦο

2139 1190 2232 1244 θεν
2258 1190 2576 1247 ὑποτίθεται
2614 1191 2753 1262 ἔργα
2780 1191 2874 1247 τοῦ
2909 1190 3053 1243 θείου
3097 1191 3290 1260 φόϐου,
3320 1191 3417 1244 τοῦ
3453 1209 3699 1262 στοιχειω-

2137 1282 2316 1340 τικοῦ.
2347 1283 2647 1355 Προτίθησι
2670 1284 2728 1338 δὲ
2752 1284 2856 1354 τὴν
2887 1283 3165 1352 γλῶσσαν,
3204 1285 3282 1347 ὡς
3310 1284 3592 1338 εὐόλισθον
3621 1288 3698 1356 μό-

2142 1391 2281 1447 ριον,
2346 1377 2443 1434 καὶ
2503 1376 2932 1447 προχειρότατον
2977 1377 3056 1440 εἰς
3103 1377 3215 1431 πᾶν
3302 1372 3449 1438 εἶδος
3504 1381 3696 1441 κακίας.

2152 1465 2453 1536 ’Υπουργεῖ
2482 1467 2593 1536 γὰρ
2614 1465 2991 1536 βλασφημίαις
3020 1464 3184 1530 Θεοῦ,
3231 1464 3458 1536 ὓσρεσιν
3513 1467 3697 1538 ἀνθρώ.

2141 1577 2281 1628 πων,
2327 1559 2704 1631 μαστροπεύει
2763 1561 3018 1629 αἰσχραῖς
3053 1558 3399 1630 ἐπιθυμίαις,
3458 1576 3696 1629 συκοφαν-

2139 1656 2244 1719 τεῖ,
2270 1653 2588 1719 καταλαλεῖ,
2620 1654 2942 1724 κατηγορεῖ,
2958 1651 3143 1716 δόλους
3173 1651 3419 1721 ὑφαίνει,
3454 1650 3695 1723 ἐξαπατᾷ,

2145 1748 2588 1819 καταμαρτυρεῖ,
2650 1745 2922 1818 ἐπιορκεῖ,
2986 1745 3084 1798 καὶ
3136 1745 3276 1810 ὅλως
3328 1744 3563 1816 ὄργανόν
3605 1748 3698 1799 ἐστι

457 1854 514 1898 et
574 1839 871 1903 lenocinio,
936 1837 1215 1892 detrahit:
1281 1845 1539 1906 praeterea
1599 1842 1843 1900 accusat,
1901 1835 2040 1890 texit

2150 1838 2318 1893 κακοῦ
2355 1839 2576 1902 παντός.

461 1937 646 2003 dolos,
687 1933 918 2004 decipit,
957 1932 1092 1988 falsa
1148 1933 1356 1999 praebet
1412 1925 1754 1993 testimonia,
1804 1925 2038 1998 peierat,

460 2038 515 2089 ct
552 2028 803 2086 omnium
836 2025 1074 2092 denique
1131 2024 1388 2078 vitiorum
1429 2008 1876 2077 instrumentum
1930 2028 2036 2080 est.

527 2119 597 2175 Et
628 2119 772 2175 labia
807 2129 899 2176 tua
923 2135 985 2174 ne
1020 2117 1303 2187 loquantur
1323 2115 1528 2176 dolum.
1560 2114 1728 2170 Dolus
1751 2117 2034 2170 occultum

458 2225 546 2274 est
586 2214 805 2271 facinus
827 2213 936 2270 sub
989 2212 1118 2267 boni
1183 2210 1537 2266 simulatione
1591 2209 1926 2266 conﬂatum:
1981 2217 2038 2263 et

456 2309 586 2366 dum
619 2305 875 2376 superius
900 2303 1042 2360 dixit
1076 2320 1090 2356 :
1120 2300 1316 2356 Cohibe
1346 2301 1583 2373 linguam
1619 2310 1766 2355 tuam
1803 2320 1836 2355 ιι
1871 2300 2036 2368 malo,

456 2413 655 2454 omnes
702 2398 758 2453 in
795 2397 1117 2452 universum
1168 2409 1370 2468 pravos
1442 2409 1727 2450 sermones
1786 2408 2041 2464 compre-

459 2485 1038 2553 bendit;atnuncde
1068 2498 1238 2555 pravo
1267 2482 1507 2553 quodam
1562 2497 1628 2537 ac
1687 2483 1861 2554 magis
1915 2497 2042 2554 par-

2209 2112 2316 2166 Kai
2345 2128 2518 2184 χειλη
2546 2127 2685 2178 σου,
2712 2110 2820 2167 τοῦ
2844 2111 2932 2182 μὴ
2979 2110 3254 2181 λαλῆσαι
3308 2111 3520 2170 δόλον.
3568 2113 3698 2176 Adio;

2137 2205 2256 2259 ἐστὶ
2312 2206 2615 2260 κακοποιία
2668 2205 2929 2274 λαθραία,
2999 2206 3059 2258 ἐν
3112 2206 3478 2278 προσποιήσει
3534 2204 3696 2259 καλοῦ.

2141 2298 2482 2368 Προσεκτέον
2511 2297 2627 2362 οὖν,
2658 2299 2742 2352 ὅτι
2768 2298 2859 2352 διὰ
2902 2297 3000 2352 τοῦ
3059 2299 3260 2362 εἰπεῖν,
3320 2296 3574 2353 Παῦσοτ
3605 2297 3698 2363 τὴν

2147 2389 2442 2460 γλῶσσάν
2456 2406 2574 2446 σου
2612 2390 2733 2446 ἀπὸ
2773 2390 2986 2456 κακοῦ,
3039 2390 3270 2445 καθόλου
3319 2389 3503 2444 πάντα
3569 2389 3696 2457 λόγον

2141 2483 2314 2535 κακὸν
2346 2483 2754 2555 συμπεριέλαϐε
2779 2494 2794 2514 ⁸
2820 2485 2915 2541 νῦν
2961 2484 3020 2538 δὲ
3084 2482 3476 2556 κατεξαίρετον
3527 2483 3696 2535 ἐπανέ-

458 2579 677 2634 tieulari
706 2584 908 2633 tractat
938 2590 1217 2638 sermone,
1247 2572 1413 2628 veluti
1468 2572 1540 2628 de
1600 2573 1734 2628 vitio
1795 2574 2040 2627 omnium

2150 2572 2283 2626 λαόε
2303 2573 2396 2627 τὸν
2417 2573 2588 2640 δόλον,
2615 2576 2687 2638 ὡς
2713 2575 3120 2646 χαλεπώτατον,
3143 2575 3232 2632 διὰ
3254 2574 3318 2628 τὸ
3340 2574 3597 2645 λαθραῖον
3621 2575 3696 2627 καὶ

461 2662 814 2743 gravisSimo,
850 2682 976 2724 cum
1005 2665 1357 2724 clandestine
1407 2663 1664 2734 componi
1722 2663 1938 2719 soleant
1979 2663 2034 2720 bi

2150 2665 2406 2735 ἄφυκτον,
2441 2666 2658 2737 πρῶτον
2683 2669 2794 2742 γὰρ
2826 2669 3015 2723 τοῦτον
3038 2667 3128 2722 τὸν
3181 2669 3258 2723 ίὺν
3290 2670 3320 2721 6
3361 2665 3601 2729 διάϐολος
3624 2666 3696 2730 ἐξ·

461 2762 599 2828 doli,
626 2769 794 2830 atque
816 2759 940 2814 ideo
974 2759 1142 2814 etiam
1179 2757 1405 2814 minime
1435 2756 1627 2814 evitari
1679 2756 1895 2826 possint
1927 2773 1940 2811 :
1972 2771 2036 2811 ac

2150 2755 2352 2826 ήμεσεν
2379 2757 2468 2810 ὅτε
2499 2759 2598 2830 τὴν
2649 2755 2794 2815 Εὕαν
2845 2761 3151 2832 ἠπάτησεν,
3191 2761 3286 2816 καὶ
3331 2761 3409 2825 ὡς
3462 2758 3699 2815 sumli-

460 2853 630 2912 vcluti
661 2852 730 2911 de
753 2868 833 2918 re,
868 2867 990 2923 quae
1015 2850 1070 2904 in
1102 2848 1362 2906 universo
1378 2864 1578 2922 genere
1607 2850 1850 2910 humano
1871 2864 2034 2921 quam

2150 2849 2312 2915 ζοντα
2343 2852 2546 2926 μᾶλλον
2577 2857 2690 2920 τοῖς
2713 2853 3046 2927 ἀνθρώποις.

462 2943 734 3002 latissime
764 2947 974 3014 pateat,
1006 2939 1062 2995 in
1112 2938 1264 3012 quod
1315 2940 1386 2998 ab
1437 2939 1594 3001 initio
1635 2940 1890 3001 diabolus
1937 2940 2259 2998 lctbilerum
2316 2943 2420 3008 hoc
2469 2945 2624 3008 virus
2669 2948 2933 3014 evomuit,
3000 2948 3220 3024 quando
3272 2948 3506 3019 primum
3553 2946 3694 3004 Evam

463 3040 698 3110 decepit.

534 3129 706 3188 Vens.
728 3128 819 3186 15.
846 3126 1069 3188 Declina
1101 3144 1135 3184 α
1189 3125 1352 3194 mala,
1381 3136 1431 3184 et
1470 3127 1558 3199 fac
1589 3127 1806 3185 bonum.
1838 3127 2039 3186 Consi-
2065 3137 2107 3195 (ζ

462 3225 593 3284 dera
643 3221 908 3293 optimum
965 3220 1216 3280 ordinem
1248 3239 1264 3278 :
1293 3221 1424 3292 quia
1471 3222 1640 3280 verba
1673 3222 1728 3278 in
1782 3233 2038 3294 promptu

463 3315 640 3386 magis
669 3321 820 3380 Iunt,
842 3327 1006 3383 quam
1035 3311 1201 3378 facta,
1234 3312 1412 3383 primo
1441 3327 1470 3370 a
1503 3314 1686 3383 pravis
1719 3329 1820 3372 nos
1853 3315 2043 3371 admo-

465 3419 558 3464 net
593 3405 778 3464 verbis
803 3403 1191 3466 abstinendum
1224 3419 1346 3460 esse
1371 3419 1388 3458 :
1409 3403 1604 3461 Cohibe
1635 3405 1808 3473 enim,
1839 3407 2041 3478 inquit,

465 3500 704 3571 linguam
737 3507 884 3558 tuam
919 3515 954 3552 a
976 3496 1142 3554 malo.
1196 3497 1393 3562 Sermo
1425 3500 1596 3566 enim,
1647 3510 1707 3558 ut
1763 3501 2046 3572 sapientes

467 3594 676 3658 dixere,
709 3593 798 3646 via
821 3591 1072 3663 quaedam
1112 3601 1197 3650 est
1251 3593 1320 3646 ad
1341 3592 1613 3650 actiones.
1636 3593 1712 3648 Ac
1739 3594 1936 3652 deinde
1975 3596 2044 3652 ab

466 3686 603 3758 ipsis
634 3683 801 3740 etiam
831 3682 1017 3754 pravis
1044 3683 1244 3738 avertit
1275 3683 1755 3754 Operibus,dicens
1783 3685 2045 3742 :Declina

465 3801 500 3838 α
541 3781 708 3836 malo.
735 3779 805 3834 Et
832 3786 1263 3850 consequenter,
1321 3779 1560 3840 sublatis
1609 3781 2042 3852 impedimentis,

468 3889 572 3931 nos
602 3875 830 3944 insuper
849 3872 920 3926 ad
947 3873 1082 3928 bene
1111 3873 1452 3942 Operandum
1501 3873 1750 3939 adducit,
1795 3873 1988 3936 dicens
2025 3891 2040 3930 :

472 3964 540 4025 Et
574 3965 660 4034 {ac
689 3964 902 4020 bonum.
930 3962 1064 4023 Nam
1086 3963 1550 4033 quemadmodum
1579 3966 2044 4038 imposs‘ibileest,

471 4057 752 4114 inﬁrmum
781 4056 1017 4124 aliquem
1045 4054 1111 4109 ad
1137 4055 1429 4114 sanitatem
1459 4060 1703 4124 restitui,
1745 4058 1852 4118 nisi
1888 4061 2044 4134 prius

470 4165 502 4206 a
546 4149 739 4207 uwrbo
800 4148 1083 4217 liberetur,
1118 4148 1197 4203 ita
1231 4151 1395 4206 etiam
1441 4150 1784 4224 impossibile
1829 4161 1915 4210 est
1945 4154 2046 4211 ali-

469 4256 633 4311 quem
662 4240 801 4304 bene
827 4239 1068 4310 operari,
1098 4240 1192 4312 qui
1223 4255 1252 4295 a
1291 4241 1441 4300 vitiis
1487 4245 1638 4316 prius
1678 4259 1788 4300 non
1815 4245 2043 4308 absces-

465 4334 624 4392 serit.
665 4333 805 4388 lllud
852 4333 1017 4388 etiam
1063 4331 1394 4400 considera,
1445 4336 1726 4406 quomodo
1769 4337 2045 4399 abstinere

468 4430 681 4484 tantum
703 4439 816 4478 non
842 4422 1038 4482 sumcit
1065 4437 1096 4480 a
1129 4424 1303 4488 vitiis,
1331 4425 1427 4479 sed
1463 4424 1624 4482 bonis
1651 4425 1818 4486 etiam
1851 4441 2046 4498 opera-

2215 3131 2545 3188 'Exx.ltror
2581 3127 2700 3186 ἀπὸ
2743 3130 2956 3194 κακοῦ.
3007 3129 3107 3188 καὶ
3157 3128 3426 3200 ποίησον
3472 3131 3694 3201 ἀγαθόν’.

2147 3225 2291 3296 Ὀρα
2314 3223 2467 3292 τάξιν
2497 3222 2726 3294 ἀρίστην
2745 3236 2760 3253 ⁸
2793 3221 2985 3293 ἐπειδὴ
3031 3222 3142 3295 γὰρ
3189 3221 3541 3295 ὲτοιμότερός
3568 3226 3695 3292 ἐστιν

2142 3320 2171 3372 6
2196 3317 2353 3384 λόγος
2391 3315 2494 3392 τῆς
2531 3313 2808 3385 πράξεως,
2862 3317 3123 3385 παραινεῖ
3169 3315 3388 3384 πρῶτον
3416 3317 3698 3386 ἀπέχεσθαι

2144 3406 2317 3461 κακοῦ
2345 3405 2529 3474 λόγου’
2562 3401 2813 3458 Παῦσον
2871 3402 3003 3473 γὰρ,
3060 3407 3216 3475 φησι,
3269 3409 3387 3472 τὴν
3433 3404 3695 3474 γλῶσσάν

2143 3516 2260 3562 σου
2297 3499 2417 3554 ἀπὸ
2445 3497 2660 3554 κακοῦο
2692 3498 2720 3554 6
2763 3497 2873 3570 γὰρ
2908 3497 3066 3568 λόγος
3122 3499 3239 3564 ὁδός
3271 3499 3422 3552 ἐστιν
3471 3500 3553 3564 είς
3578 3503 3698 3571 πρᾶ-

2145 3589 2250 3658 ξιν,
2281 3592 2356 3653 ὡς
2382 3590 2432 3646 oi
2469 3589 2627 3660 σοφοὶ
2649 3588 2937 3658 λέγουσιν·
2989 3585 3113 3644 εἷτα
3159 3589 3466 3664 ἀποτρέπει
3501 3591 3593 3645 καὶ
3621 3589 3697 3642 τοῦ

2143 3683 2316 3739 κακοῦ
2374 3683 2702 3755 πράγματος
2731 3697 2747 3715 ⁶
2783 3685 3113 3742 Ἕκκλινον
3165 3681 3276 3753 γὰρ
3301 3723 3317 3750 ,
3373 3682 3556 3754 φησὶν,
3595 3683 3694 3739 ἀπὸ

2144 3777 2334 3833 κακοῦ
2365 3792 2381 3808 ·
2411 3778 2506 3836 καὶ
2555 3778 2698 3832 οὕτω
2751 3777 2944 3846 ἀνάγει
2997 3777 3134 3847 πρὸς
3165 3775 3264 3848 τὴν
3315 3775 3694 3850 ἀγαθοεργίαν,

2146 3868 2451 3941 προεξάξας
2503 3869 2617 3940 (21)
2652 3869 2721 3924 τὰ
2783 3869 3004 3923 σκῶλαο
3057 3869 3249 3944 ὥσπερ
3290 3869 3401 3940 γὰρ
3439 3870 3698 3941 ἀμήχανον

2147 3962 2337 4032 ὑγείαν
2375 3962 2673 4018 ἀπολαϐεῖν
2709 3961 2785 4034 μὴ
2804 3961 3195 4033 ἀπαλλαγέντα
3227 3961 3330 4033 τῆς
3361 3962 3545 4028 νόσου,
3578 3963 3698 4016 οὕτω

2146 4057 2242 4109 καὶ
2259 4054 2482 4125 ποιῆσαι
2511 4055 2716 4124 ἀγαθὸν
2743 4057 2820 4128 μὴ
2842 4055 3156 4114 ἀποστάντα
3179 4054 3275 4109 τοῦ
3297 4055 3497 4112 κακοῦ.
3522 4055 3697 4110 Σκόπει

2144 4145 2200 4199 δὲ
2229 4147 2440 4202 ὅτιούκ
2491 4148 2656 4219 ἀρκεῖ
2709 4146 2868 4218 μόνον
2919 4147 2952 4216 ἡ
3000 4146 3183 4218 ἀποχὴ
3220 4145 3318 4201 τοῦ
3351 4144 3551 4217 κακοῦ,
3578 4145 3694 4200 ἀλλὰ

2145 4239 2254 4312 χρὴ
2282 4242 2377 4294 καὶ
2402 4240 2631 4310 ποιῆσαι
2671 4240 2733 4298 τὸ
2762 4240 2992 4308 ἀγαθὸν,
3035 4241 3083 4294 εἰ
3117 4239 3193 4310 μὴ
3224 4239 3410 4310 μέλλει
3451 4257 3538 4303 τις
3583 4241 3699 4292 ἀπο·

2147 4336 2372 4406 σχέσθαι
2410 4335 2510 4406 μὲν
2554 4334 2648 4388 τοῦ
2679 4333 2876 4399 κακοῦ,
2933 4332 3010 4404 μὴ
3057 4333 3285 4406 ποιῆσαι
3317 4332 3374 4387 δὲ
3407 4333 3468 4387 τὸ
3515 4331 3696 4385 καλόνυ

2146 4427 2261 4499 (22)
2294 4427 2358 4480 τὸ
2390 4427 2508 4499 μὲν,
2536 4427 2622 4480 ἵνα
2652 4427 2728 4499 μὴ
2749 4425 3102 4498 τιμωρηθῇςο
3134 4425 3196 4482 τὸ
3224 4425 3303 4490 δὲ,
3333 4425 3420 4480 ἵνα
3461 4425 3696 4496 τιμηθῇς.

471 4515 716 4568 tionibus
741 4529 880 4585 opus
917 4521 1023 4569 est.
1059 4511 1202 4587 [Vel
1237 4513 1438 4570 aliter:
1479 4514 1700 4570 Declina
1733 4534 1764 4570 a
1800 4519 1962 4583 malo,
1997 4532 2042 4580 et

2151 4519 2290 4574 Καθ’
2321 4520 2506 4591 ἕτερον
2538 4519 2594 4574 δὲ
2622 4519 2802 4588 λόγον,
2836 4519 2933 4572 καὶ
2959 4518 3021 4571 τὸ
3053 4516 3130 4587 μὴ
3158 4516 3384 4588 ποιῆσαι
3405 4517 3474 4600 ,τὸ
3520 4516 3696 4583 ἀγαθὸν

463 4605 552 4675 fac
581 4606 770 4670 bonum
793 4604 836 4678 :]
862 4607 1016 4670 illud,
1039 4623 1110 4662 ne
1137 4623 1295 4676 pinna
1321 4607 1595 4675 alliciaris,
1620 4610 1722 4664 hoc
1751 4620 1956 4675 autem.
1986 4621 2049 4668 ut

469 4697 635 4754 etiam
671 4698 983 4752 honoreris.
1036 4699 1156 4754 Alia
1205 4701 1440 4766 ratione,
1494 4701 1626 4757 vitio
1663 4702 1748 4761 cui
1791 4703 1978 4771 datur,
2003 4705 2049 4766 si

466 4788 674 4846 bonum
716 4807 822 4847 non
857 4791 1064 4847 iaciat:
1100 4792 1230 4862 quia
1260 4793 1449 4851 inertis
1501 4807 1565 4846 ac
1594 4793 1772 4866 ignavi
1815 4797 2050 4856 hominis

463 4890 550 4940 eet
576 4881 710 4940 nihil
745 4885 985 4954 operari,
1021 4892 1188 4954 atque
1215 4883 1330 4940 otio
1358 4892 1693 4953 torpescere.

541 4971 763 5043 Inquire
789 4989 994 5042 pacem,
1024 4982 1074 5028 et
1123 4989 1430 5044 persequere
1461 4988 1601 5028 cam.
1649 4972 1758 5036 Pax
1795 4985 1879 5034 est
1931 4991 2050 5034 om-

472 5064 624 5122 nium
659 5065 929 5120 bonorum
963 5073 1148 5136 caput,
1183 5079 1349 5135 quam
1387 5064 1677 5134 discipulis
1721 5067 1837 5124 suis
1866 5065 2052 5124 Domi-

468 5173 573 5214 nus
608 5159 778 5215 veluti
805 5157 1176 5214 haereditatem
1199 5156 1492 5228 quamdam
1523 5157 1746 5228 reliquit
1776 5172 1790 5210 :
1833 5157 2047 5225 Pacem,

465 5249 744 5321 inquiens,
796 5266 966 5304 nteant
993 5248 1061 5306 d'o
1097 5249 1262 5318 vobis,
1304 5264 1484 5318 pacem
1528 5248 1765 5321 relinquo
1811 5249 2041 5306 vobis“.

467 5340 605 5400 Nam
637 5343 727 5412 qui
776 5357 906 5413 erga
943 5339 1112 5398 Deum
1156 5349 1213 5396 et
1261 5339 1510 5395 homines
1562 5341 1727 5400 fuerit
1759 5339 2040 5413 paciﬁcus.

468 5434 518 5491 is
549 5433 820 5490 humanas
842 5434 1008 5489 etiam
1058 5426 1354 5503 passiones
1397 5445 1593 5490 omnes
1626 5441 1872 5508 superat.
1915 5429 2036 5492 Non

2144 4612 2306 4683 ἑτέρα
2336 4613 2419 4675 τίς
2448 4615 2566 4666 ἐστι
2610 4612 2800 4677 κακία,
2847 4612 2924 4676 ὡς
2963 4609 3134 4682 ἀργία
3167 4610 3261 4664 τοῦ
3299 4609 3491 4668 καλοῦ.
3539 4609 3696 4666 Κακία

2144 4705 2263 4758 ἐστὶ
2291 4703 2576 4776 προδήλως
2604 4705 2640 4776 ἡ
2669 4703 2898 4776 τοιαύτη
2927 4704 3118 4778 ἀργία.

2218 4965 2504 5038 Ζήτησον
2550 4965 2820 5037 εῖρήνην,
2861 4965 2960 5022 καί
3003 4965 3225 5032 δίωξον
3256 4966 3472 5035 αὑτήν.
3537 4965 3595 5020 Ἦ
3630 4964 3700 5017 εί-

2148 5062 2284 5134 ρὴνη
2325 5060 2434 5116 τῶν
2497 5059 2719 5129 ἀγαθῶν
2773 5061 2891 5114 ἐστι
2944 5059 3006 5113 τὸ
3059 5059 3379 5130 κεφάλαιον,
3438 5061 3505 5132 ἣν
3551 5057 3631 5117 καὶ
3673 5056 3699 5106 6

2146 5155 2227 5208 Κύ
2239 5170 2352 5224 ριος
2382 5147 2472 5207 οἷά
2493 5170 2618 5206 τινα
2645 5151 2848 5225 κλῆρον
2889 5154 3003 5218 τοῖς
3030 5153 3226 5206 ἑαυτοῦ
3272 5152 3543 5223 μαθηταῖς
3581 5149 3697 5202 67:0-

2147 5244 2442 5298 λέλοιπεν·
2473 5242 2738 5312 Εἰρήνην
2775 5242 2904 5314 γὰρ,
2950 5243 3115 5314 φησὶ,
3151 5243 3269 5310 τὴν
3311 5243 3468 5314 ἐμὴν
3511 5242 3696 5310 ἀφίημι

2149 5337 2312 5407 ὑμῖν.
2361 5337 2423 5390 '0
2457 5337 2565 5407 γὰρ
2604 5335 2902 5406 είρηνεύων
2951 5335 3088 5406 πρὸς
3133 5334 3269 5388 θεὸν
3320 5338 3417 5388 καὶ
3463 5333 3587 5405 πρὸς
3611 5332 3697 5384 ἀν-

2148 5431 2404 5502 θρώπους
2461 5428 2664 5494 παντὸς
2721 5428 2924 5493 πάθους
3007 5429 3355 5499 ὑπέρκειται.
3404 5427 3496 5498 Μὴ
3539 5425 3696 5480 τοίνυν

573 5577 621 5610 ⁸³
648 5576 788 5632 Gen.
820 5591 989 5642 τινα,
1025 5574 1082 5632 9.
1159 5575 1205 5610 ⁸³
1233 5572 1436 5647 pres.
1467 5589 1520 5641 ν,
1553 5572 1642 5632 16.
1722 5575 1770 5608 ⁸⁸
1815 5573 1976 5632 Joan.
2037 5595 2147 5646 xiv,
2176 5577 2270 5630 27.

1821 5668 2017 5733 Varite
2065 5671 2397 5735 lectiones.

533 5769 648 5844 (ᾔ)
684 5771 770 5844 Al.
805 5772 1138 5844 προεξάρας.

537 5840 652 5918 βξ)
687 5840 918 5903 Latinus
954 5840 1227 5916 interpres
1253 5845 1449 5914 legisse
1482 5852 1741 5916 praterea
1792 5845 2032 5903 videtur.

2142 5772 2223 5826 Ἦ
2254 5769 2352 5822 καί
2377 5769 2615 5837 ἄλλως*
2657 5765 2946 5822 Ἐκκλινον
2982 5763 3093 5826 ἀπὸ
3134 5763 3330 5833 κακοῦ,
3368 5762 3461 5818 καὶ
3499 5755 3696 5827 ποίησον

2150 5839 2380 5911 ἀγαθόν.
2400 5840 2402 5842 ⁷
