3866 6542
487 356 588 424 ιιι

1693 364 2080 426 EUTHYMII
2108 364 2470 424 ZlGAllENI
3660 371 3754 433 3‘32

492 476 691 530 mundo
734 476 1129 530 tribulationem
1164 475 1442 552 habebitis,
1490 478 1580 532 sed
1617 479 1863 546 conﬁdite
1889 478 1971 544 ⁶⁷;
2023 488 2069 531 cl

2193 477 2538 541 Ἀπὸστολος’
2571 479 2674 534 Ἐν
2701 478 2880 533 παντί
2914 478 3277 547 θλιϐόμενοι,
3304 477 3442 534 ἀλλ’
3468 479 3544 534 οὐ
3565 495 3755 538 στενο-

494 569 791 640 Apostolus
819 585 832 622 :
868 565 934 620 In
981 570 1221 622 omnibus
1254 569 1496 622 tribulati
1534 571 1683 638 estis,
1715 570 1805 624 sed
1834 587 1936 625 non
1975 587 2079 623 an-

491 662 712 732 gnstiati
735 660 801 724 “,
837 670 891 714 et
923 660 1093 714 multa
1120 661 1224 714 alia
1254 662 1528 717 habentur
1565 662 1910 730 huiusmodi.

566 753 724 808 Vens.
756 752 848 807 2|.
905 751 1147 807 Custodit
1202 753 1462 809 Dominus
1506 757 1685 810 omnia
1719 773 1841 810 ossa
1870 773 2075 823 eorum,

489 860 654 898 unum
685 859 750 898 ex
777 844 857 897 Itis
889 861 990 898 non
1025 857 1340 900 conteretur.
1372 848 1536 917 Atqui
1587 850 1883 902 multorum
1927 863 2079 902 mar-

485 947 666 1008 tyrum
699 952 824 991 ossa
858 942 1096 991 contrita
1151 947 1300 993 sunt.
1339 937 1535 994 Verum
1569 940 1734 994 homo
1769 955 1874 994 non
1900 940 2076 994 solum

487 1027 534 1080 is
588 1025 821 1089 dicitur,
866 1025 959 1096 qui
992 1028 1232 1081 exterior
1276 1037 1376 1091 cst,
1433 1029 1535 1082 hoc
1585 1038 1672 1084 est
1727 1043 1835 1083 non
1896 1029 2076 1083 solum

488 1119 670 1190 ipsum
700 1135 926 1190 corpus,
969 1121 1064 1175 sed
1098 1123 1261 1174 etiam
1287 1121 1378 1190 qui
1406 1121 1661 1186 interior,
1693 1122 1796 1175 hoc
1824 1131 1908 1176 cst
1962 1121 2078 1191 ipsa

485 1213 691 1275 anima,
720 1226 842 1280 qua:
874 1227 974 1266 sua
996 1214 1162 1268 etiam
1185 1215 1432 1270 membra
1459 1215 1660 1270 habere
1691 1214 1916 1282 dicitur,
1936 1215 2080 1270 sicut

485 1311 540 1357 et
570 1319 796 1374 corpus,
829 1313 995 1376 atque
1028 1307 1239 1360 eisdem
1268 1307 1588 1364 nominibus
1629 1307 1912 1363 distincta.
1941 1306 2076 1361 Nam

486 1411 610 1450 cum
647 1397 879 1468 legimus
914 1413 929 1450 :
966 1398 1280 1453 Mandatum
1325 1399 1542 1454 Domini
1571 1403 1830 1466 luridum,
1874 1401 2078 1455 illumi-

484 1504 617 1541 nans
649 1490 830 1544 oculos
867 1490 910 1521 "
937 1507 952 1558 ;
981 1492 1108 1546 item
1144 1509 1157 1544 :
1190 1490 1295 1557 Qui
1321 1493 1474 1546 habet
1501 1509 1656 1546 aures
1685 1492 1936 1547 audiendi
1977 1510 2076 1546 au-

483 1582 592 1634 diat
618 1581 665 1613 ⁷⁰
693 1599 708 1648 ;
751 1583 836 1636 vel
870 1600 884 1636 :
913 1583 985 1637 Os
1010 1600 1179 1637 meum
1215 1585 1399 1653 aperui
1429 1595 1476 1638 et
1509 1587 1712 1640 attraxi
1732 1585 2030 1655 spiritum"
2057 1601 2073 1651 ;

489 1681 547 1728 et
568 1693 582 1728 :
606 1674 795 1729 Dentes
823 1692 1005 1730 eorum
1036 1678 1330 1731 contrivisti
1350 1681 1426 1745 1';
1458 1678 1610 1746 item,
1636 1679 1873 1732 Ventrem
1903 1693 2076 1732 meum

483 1764 636 1818 doleo
657 1763 732 1830 ⁷³;
760 1774 877 1832 aut,
904 1746 1149 1834 l’esjusti
1174 1783 1277 1821 non
1307 1768 1530 1836 o/fendet
1559 1769 1624 1833 ",
1655 1779 1708 1824 et
1741 1769 1847 1822 alia
1887 1769 2075 1839 hujus-

2183 571 2571 642 χωρούμενοι.

2254 748 2567 804 Φυλάσσει
2600 750 2817 818 Κύριος
2873 749 3074 804 πάντα
3128 750 3203 804 τὰ
3247 749 3400 807 ὀστᾶ
3444 750 3667 816 αὐτῶν,
3699 751 3756 806 ἐν

2179 841 2250 905 ἐξ
2275 839 2475 896 αὐτῶν
2495 842 2568 896 οὺ
2592 841 3083 910 συντριϐήσεται.
3118 843 3230 898 Καὶ
3262 845 3370 914 μὴν
3393 843 3613 897 πολλῶν
3638 862 3754 915 μαρ-

2179 935 2361 1006 τύρων
2415 934 2817 1006 συνετρίϐησαν
2846 952 2859 966 ·
2899 935 3017 988 ἀλλ’
3055 937 3180 988 ἐπεὶ
3225 934 3519 1006 ἄνθρωπος
3556 936 3754 1005 λέγεται

2180 1026 2279 1096 οὐχ
2304 1028 2332 1080 6
2353 1027 2513 1090 ἐκτὸς
2551 1027 2734 1098 μόνον,
2761 1026 2882 1100 ἤτοι
2917 1029 2979 1082 τὸ
3015 1028 3195 1098 σῶμα,
3233 1030 3370 1084 ἀλλὰ
3420 1032 3514 1085 καὶ
3540 1033 3569 1084 6
3598 1033 3752 1097 évsk,

2178 1119 2463 1173 τουτέστιν
2493 1119 2721 1190 ἡψυχὴ,
2765 1121 2881 1191 ἔχει
2916 1121 3140 1186 ⁸πάντως
3178 1124 3271 1176 ua‘t
3317 1122 3455 1192 μέλη
3499 1123 3751 1194 ὁμώνυμα

2179 1213 2292 1275 τοῖς
2322 1211 2419 1265 τοῦ
2465 1216 2743 1284 σώματος,
2780 1215 2858 1277 ὼς
2899 1214 2983 1268 τόδ
3018 1214 3091 1268 Ἦ
3138 1214 3360 1283 ἐντολὴ
3393 1216 3638 1283 Κυρίου,
3672 1233 3750 1283 τη-

2179 1305 2434 1374 λαυγὴς,
2498 1305 2844 1374 φωτίζουσα
2903 1307 3274 1376 ὀφθαλμοὺς,
3335 1307 3585 1378 δηλονότι
3643 1311 3751 1370 τοὺς

2177 1397 2278 1466 τῆς
2310 1397 2510 1468 ψυχῆς*
2540 1399 2658 1452 καί⁶
2708 1397 2770 1451 '0
2796 1399 2956 1465 ἔχων
2990 1393 3113 1454 ὦτα
3157 1399 3431 1462 ἀκούειν,
3460 1399 3717 1453 ἀκουέτω
3736 1417 3750 1432 ·

2181 1490 2298 1544 καξο
2337 1491 2406 1544 Τὸ
2433 1493 2631 1560 στόμα
2655 1507 2776 1560 μου
2811 1490 3047 1559 ἥνοιξα,
3080 1492 3179 1548 καὶ
3212 1493 3475 1546 εἵλκυσα
3513 1492 3750 1561 areith

2180 1583 2296 1636 xai'
2329 1583 2604 1651 Ὀδόντας
2634 1583 3002 1653 ἁμαρτωλῶν
3043 1583 3450 1654 συνέτριψας·
3482 1584 3620 1640 καί·
3656 1587 3753 1653 Τὴν

2181 1676 2422 1730 κοιλίαν
2445 1693 2567 1746 μου
2601 1676 2792 1748 ἀλγῶ·
2830 1677 2948 1732 καί·
2990 1677 3045 1730 '0
3091 1677 3245 1746 ποὺς
3281 1678 3391 1732 τοῦ
3424 1678 3664 1734 δικαίου
3692 1683 3751 1734 οὐ

2175 1768 2262 1836 μὴ
2291 1771 2642 1838 προσκόψῃ,
2696 1772 2790 1824 καὶ
2816 1771 2942 1824 ὅσαι
2971 1770 3221 1824 τοιαῦται
3250 1771 3515 1841 δυνάμεις
3544 1772 3647 1842 τῆς
3667 1771 3750 1842 ψυ-

485 1855 634 1911 modi
664 1874 679 1911 :
709 1871 819 1912 non
867 1860 1140 1930 corporis,
1181 1861 1276 1916 sed
1303 1863 1501 1914 anima:
1545 1863 1789 1916 membra
1823 1863 2069 1932 intelligi-

2190 1834 2302 1930 [ἧς.
2330 1834 2521 1926 binm;
2671 1861 2766 1916 καὶ
2798 1862 2894 1916 νῦν
2919 1863 3055 1917 ὀστᾶ
3077 1863 3228 1932 λέγει
3253 1834 3746 1935 τοὺςοτερεούντας

484 1962 628 2002 usus.
682 1945 841 2004 Unde
896 1957 953 2004 et
1010 1965 1160 2006 nunc
1199 1966 1296 2020 per
1329 1965 1454 2007 ossa
1481 1951 1772 2008 solidiores
1807 1955 2071 2022 quasdam

483 2040 678 2096 anima:
723 2041 1086 2112 cogitationes
1119 2043 1396 2114 intelligit,
1431 2059 1554 2114 qua:
1597 2060 1718 2102 eam
1761 2061 1869 2100 non
1907 2061 2072 2102 secus

483 2141 650 2203 atque
683 2137 839 2189 "ossa
879 2150 1087 2207 corpus
1149 2138 1449 2204 sustinent,
1509 2151 1670 2210 atque
1720 2139 2068 2193 conﬁrmant.

482 2224 740 2280 Custodit
771 2236 957 2282 autem
991 2227 1256 2285 Dominus
1293 2230 1431 2295 ham,
1461 2246 1585 2300 quae
1631 2231 2071 2302 diximusjusto-

481 2335 600 2372 rum
642 2322 939 2390 ossa,quia
969 2320 1018 2375 ei
1041 2321 1349 2390 placent,et
1369 2323 1506 2378 nihil
1529 2337 1721 2380 eorum
1752 2332 2072 2380 conteretur

481 2410 735 2464 violentia
766 2410 976 2466 scilicet
1008 2414 1240 2482 peccati.

551 2501 715 2557 Vens.
732 2503 828 2557 2‘3.
851 2503 990 2558 Mors
1008 2516 1342 2574 peccatorum
1366 2523 1551 2576 prava.
1573 2508 1689 2564 Hoc
1705 2516 1812 2575 est,
1833 2509 2070 2567 laborio-

480 2609 538 2649 sa
571 2603 735 2666 atque
770 2597 998 2653 molesta
1036 2598 1204 2670 [quod
1241 2616 1306 2655 ex
1333 2599 1539 2655 Graeca:
1569 2603 1826 2657 dictionis
1855 2611 2070 2675 etymo-

481 2689 624 2760 logia
662 2689 860 2746 melius
924 2690 1280 2764 percipitur].
1339 2692 1498 2747 Tunc
1554 2695 1816 2764 temporis
1865 2695 2068 2750 etenim

481 2783 692 2837 certius
728 2783 1063 2853 dignoscunt
1097 2799 1292 2855 pcenas
1340 2785 1445 2840 sibi
1497 2785 1613 2840 fore
1649 2788 1939 2856 repositas.
1972 2787 2067 2843 Ju-

481 2882 696 2929 storum
737 2887 918 2930 autem
975 2891 1123 2932 mors
1158 2879 1343 2933 suavis
1389 2890 1510 2945 est,
1541 2879 1670 2950 quia
1713 2879 1910 2950 gaudia
1959 2881 2064 2938 sibi

482 2967 732 3021 sentiunt
767 2977 1097 3038 prwparata.

549 3057 620 3111 Et
646 3059 736 3129 qui
768 3060 994 3113 oderunt
1041 3061 1266 3129 iustum,
1296 3063 1622 3134 delinquent.
1674 3064 1924 3122 Oderunt
1976 3067 2066 3136 ju-

2181 1954 2276 2006 καὶ
2304 1953 2597 2024 ἀνέχοντας
2633 1954 2734 2027 τὴν
2757 1954 2936 2028 ψυχὴν
2976 1955 3295 2028 λογισμοὺς,
3318 1957 3394 2022 ὠς
3417 1961 3514 2012 καὶ
3535 1959 3604 2012 τὰ
3633 1961 3746 2012 ὀστᾶ

2179 2047 2242 2100 τὸ
2272 2047 2454 2118 σῶμα.
2476 2049 2746 2103 Φυλάσσει
2772 2049 2830 2103 δὲ
2856 2050 3084 2114 τούτους
3105 2051 3358 2123 ὁΚύριος
3385 2051 3476 2105 διὰ
3490 2053 3591 2123 τὴν
3633 2053 3747 2123 πρὸς

2179 2141 2346 2195 αὐτὸν
2373 2143 2764 2214 εὐαρέστησιν.
2799 2142 2969 2199 Οὐδὲν
2994 2144 3053 2200 δὲ
3088 2143 3298 2200 τούτων
3339 2145 3743 2218 συντρισήσεται

2176 2235 2244 2304 τῇ
2282 2232 2376 2306 βίᾳ
2413 2234 2516 2305 τῆς
2543 2235 2848 2307 ἁμαρτίας.

2252 2505 2520 2572 Θάνατος
2572 2507 2941 2578 ἁμαρτωλῶν
2986 2511 3273 2580 πονηρός.
3318 2510 3629 2576 Ἐπίπονος,
3665 2499 3744 2562 ἁλι

2175 2599 2376 2666 γεινός.
2427 2597 2562 2652 Τότε
2598 2599 2710 2670 γὰρ
2744 2600 2912 2666 ὀξέως
2964 2601 3315 2656 αἰσθάνονται
3365 2601 3468 2671 τῆς
3522 2601 3742 2671 διαδεχο·

2181 2691 2351 2761 μένης
2381 2691 2584 2755 αὐτοὺς
2616 2691 2892 2755 κολάσεως
2925 2709 2941 2724 °
2972 2694 3000 2746 6
3038 2694 3094 2748 δὲ
3127 2697 3236 2749 τῶν
3264 2694 3511 2762 δικαίων,
3538 2695 3744 2764 ἀγαθὸς,

2176 2781 2588 2853 αἰσθανομένων
2617 2782 2717 2853 τῆς
2751 2783 3023 2855 μενούσης
3054 2784 3256 2849 αὐτοὺς
3290 2786 3488 2856 χαρᾶς.

2244 3052 2357 3104 Kat
2387 3065 2441 3102 ο.
2485 3048 2816 3118 μισοῦντες
2845 3049 2953 3104 τὸν
2985 3045 3243 3116 δίκαιον,
3281 3054 3735 3122 πλημμελήσουο

480 3160 625 3202 stum
657 3151 690 3202 ii
721 3151 814 3218 qui
862 3150 916 3204 in
956 3155 1202 3220 peccatis
1262 3163 1430 3221 sunt;
1489 3171 1615 3209 nam
1672 3157 1718 3211 si
1757 3157 1936 3212 simile
1963 3171 2064 3212 suo

2190 3157 2295 3198 nr.
2328 3142 2565 3196 Μισοῦσι
2595 3143 2688 3198 τὸν
2715 3143 2926 3196 δίκαιον
2980 3146 3029 3198 oi
3063 3147 3121 3198 ὲν
3180 3146 3518 3217 ἁμαρτίαις·
3566 3149 3615 3200 εί
3643 3146 3737 3219 γὰρ

481 3239 647 3294 simili
678 3240 914 3307 laetatur,
949 3243 1081 3298 illud
1114 3257 1523 3316 consequenter
1552 3255 1721 3316 patet,
1763 3248 1910 3318 quod
1947 3249 2062 3304 disc

480 3330 660 3386 sitnilc
689 3347 848 3386 suum
876 3333 990 3386 odit
1026 3333 1296 3388 dissimile
1335 3350 1608 3405 :quorum
1635 3337 1779 3390 enim
1809 3337 1914 3390 vita
1947 3335 2064 3391 dis-

2168 3236 2245 3308 τῷ
2275 3237 2447 3308 ὁμοίῳ
2485 3237 2668 3307 χαίρει
2711 3237 2773 3290 τὸ
2801 3237 3010 3308 ὅμοιον,
3050 3238 3212 3311 δῆλον
3243 3240 3320 3303 ὡς
3367 3242 3519 3309 μισεῖ
3548 3239 3608 3293 τὸ
3633 3239 3739 3292 ἀνό-

2171 3344 2347 3398 μοιονο
2385 3329 2483 3383 καὶ
2520 3323 2596 3382 ὧν
2624 3331 2652 3381 6
2684 3329 2799 3400 βίος
2829 3330 3111 3399 ἀνόμοιος,
3151 3331 3362 3386 τούτων
3388 3333 3628 3386 ἐναντίαι
3655 3333 3738 3384 καὶ

481 3420 680 3476 similis
711 3432 817 3487 est,
849 3423 1047 3476 horum
1079 3425 1242 3479 etiam
1270 3427 1560 3480 sentcntiae
1583 3434 1892 3496 pugnantes
1923 3427 2067 3480 inter

2190 3421 2225 3474 ιί
2251 3422 2490 3490 γνῶμαι.
2525 3422 2993 3494 Πλημμελήσουσι
3018 3423 3095 3488 δὲ,
3124 3425 3200 3487 ὡς
3229 3425 3344 3488 τοῖς
3368 3425 3551 3488 ἄλλοις
3576 3425 3736 3478 αὐτῶν

481 3528 543 3569 se
577 3523 732 3580 sunt,
773 3524 939 3586 atque
969 3499 1294 3571 'contrarim.
1334 3517 1662 3588 Delinqnent
1689 3527 1905 3584 autem,
1938 3520 2064 3590 quia

2190 3518 2562 3588 ιμαρτήμασιν
2604 3517 2686 3570 ἔτι
2743 3517 3132 3588 προστιθέντες
3188 3517 3284 3572 καὶ
3333 3518 3395 3571 τὸ
3432 3516 3530 3572 τοῦ
3561 3518 3736 3589 μίσους

477 3605 736 3662 omnibus
765 3607 890 3662 aliis
932 3607 1155 3664 delictis
1195 3609 1301 3664 hoc
1341 3610 1453 3665 odii
1519 3619 1806 3680 peccatum
1839 3610 2066 3667 addide-

2169 3609 2337 3664 αὑτοῦ
2380 3607 2711 3680 ἁμάρτημα.
2763 3610 2840 3663 Οὐ
2901 3610 3066 3681 μόνον
3107 3610 3219 3680 γὰρ
3265 3611 3369 3664 οὐκ
3414 3612 3736 3682 ἐμιμήσαντο

480 3703 633 3751 runt.
658 3695 773 3752 Non
819 3697 1000 3753 solum
1044 3700 1190 3754 enim
1238 3716 1365 3756 eum
1408 3701 1608 3756 imitati
1644 3717 1756 3757 non
1791 3711 1942 3768 sunt,
1969 3701 2065 3774 qui

2190 3699 2378 3766 τοῦτον,
2432 3699 2572 3754 ἀλλὰ
2600 3701 2695 3754 καὶ
2731 3701 3026 3773 ἐμίσησαν.
3068 3704 3141 3756 Ἦ
3170 3702 3353 3756 τοίνυν
3384 3703 3448 3756 το
3488 3707 3737 3772 πλημμε-

479 3796 603 3843 crat
636 3786 842 3858 justus,
872 3791 970 3846 sed
1006 3791 1136 3846 odio
1183 3793 1414 3863 insuper
1450 3807 1576 3849 eum
1610 3795 1889 3862 prosecuti
1911 3806 2062 3852 sunt.

2165 3792 2500 3862 λήσουσιν,
2538 3794 2660 3848 ἀντὶ
2689 3794 2806 3861 τοῦ,
2829 3795 3231 3867 ἁμαρτήσουσι,
3298 3794 3542 3867 νοητῶν,
3572 3794 3735 3866 “vri.

477 3879 794 3951 Delinqnent
825 3881 1015 3954 igitur,
1050 3882 1105 3938 id
1125 3891 1232 3952 est,
1263 3885 1592 3955 peccabunt,
1623 3894 1743 3953 aut,
1782 3888 2066 3958 periclita-

2190 3880 2284 3946 τοῦ,
2333 3881 2762 3937 κινδυνεύσουσι.

483 3971 710 4026 buntur.

558 4059 728 4119 Vsus.
781 4064 876 4122 23.
933 4065 1172 4123 Redimet
1231 4067 1492 4126 Dominus
1537 4073 1744 4129 animas
1791 4088 2063 4129 servorum

482 4169 726 4210 suorum.
748 4157 832 4212 Ab
855 4159 1112 4217 humanis
1137 4161 1394 4218 nimirum
1411 4179 1477 4220 ac
1500 4163 1792 4224 diabolicls
1822 4167 2062 4234 insidiis,

481 4265 621 4320 quas
653 4253 875 4323 propria
909 4255 1172 4325 patientia
1206 4263 1570 4329 superabunt.

551 4343 620 4398 Et
644 4345 1071 4418 nondelinquent
1125 4365 1303 4404 omnes
1349 4350 1440 4421 qui
1490 4363 1711 4421 sperant
1741 4352 1796 4406 in
1825 4369 1907 4408 eo.
1941 4350 2060 4408 Non

481 4440 812 4508 pcccabunt,
843 4454 909 4495 eo
938 4441 1085 4512 quod
1129 4442 1306 4497 valida
1339 4453 1504 4514 atquc
1551 4448 1830 4500 constanti
1864 4461 1962 4516 spe
1991 4447 2057 4501 ad

2237 4061 2616 4131 Λυτρώσεται
2646 4063 2854 4132 Κύριος
2879 4063 3086 4134 ψυχὰς
3113 4064 3351 4119 δούλων
3377 4064 3582 4122 αὐτοῦ.
3613 4062 3732 4118 ’Δπὸ

2164 4157 2276 4211 τῶν
2304 4156 2667 4228 ἀνθρωπίνων
2697 4159 2793 4212 καὶ
2826 4157 3160 4228 δαιμονικῶν
3201 4157 3526 4224 ὲπιὸουλῶν,
3566 4156 3620 4211 αἳ
3646 4158 3729 4226 ήτο

2164 4244 2496 4317 τηθήσονται
2522 4248 2623 4318 τῆς
2657 4247 2940 4319 ὑπομονῆς
2972 4248 3174 4303 αὐτῶν.

2238 4342 2346 4394 Καί
2402 4342 2475 4394 οὐ
2516 4340 2602 4411 μὴ
2654 4342 3171 4411 πλημμελήσουσι
3223 4341 3449 4408 πάντες
3480 4342 3534 4396 οι
3582 4340 3722 4393 ἐλπί-

2165 4431 2367 4499 ζοντες
2389 4432 2484 4486 ἐπ’
2510 4435 2721 4488 αὐτόν.
2764 4433 2904 4487 Οὔτε
2935 4434 3045 4504 γὰρ
3079 4433 3483 4504 ἁμαρτήσουσι,
3513 4432 3576 4501 τῇ
3606 4428 3728 4498 πρὸς

485 4529 782 4588 Dominum
823 4535 1090 4602 ferantur,
1122 4551 1226 4593 nec
1271 4537 1439 4593 ullum
1473 4539 1636 4594 etiam
1670 4542 1870 4594 animae.
1909 4541 2055 4609 peri-

2190 4524 2327 4578 ιύτδν
2370 4524 2550 4579 ἐλπίδι
2589 4526 3128 4598 χειραγωγούμενοι,
3163 4524 3290 4580 οὐτε
3340 4525 3726 4581 κινδυνεύσουσι

479 4625 662 4679 culum
696 4627 1067 4682 sustinebunt.

942 4739 1197 4795 Psalmus
1247 4742 1351 4812 ipsi
1390 4741 1588 4796 David.

968 4873 1295 4930 PSALMUS
1329 4875 1576 4932 XXXIV.

548 4986 705 5044 llunc
739 4986 903 5044 etiam
946 4987 1218 5057 psalmum
1256 4989 1571 5058 composuit
1624 4988 1820 5045 beatus
1861 4987 2052 5056 David,

2164 4617 2436 4690 ψυχικῶς.

2667 4731 2916 4801 Ψαλμὸς
2938 4732 3016 4797 τῷ
3046 4733 3243 4787 Δαείὸ.

2723 4871 3018 4925 ΨΑΛΜΟΣ
3049 4871 3170 4926 ΛΔ’.

2233 4986 2346 5040 Καὶ
2393 4983 2584 5039 τοῦτον
2630 4984 2826 5056 εἴρηκε
2859 4985 2950 5038 τὸν
2983 4984 3223 5057 ψαλμὸν,
3280 4986 3364 5040 ἔτι
3417 4986 3727 5053 διωκόμενος

475 5098 599 5138 cum
633 5082 1078 5154 persecutionem
1120 5080 1432 5136 sustineret
1462 5097 1493 5135 a
1534 5080 1718 5146 Saule,
1765 5091 1820 5136 et
1865 5082 2053 5136 nullibi

2190 5080 2266 5131 ιπο
2309 5078 2523 5140 Σαοὺλ,
2561 5079 2658 5131 καὶ
2712 5079 2966 5149 μηδαμοῦ
2997 5079 3194 5150 στῆναι
3251 5080 3724 5153 συγχωρούμενος·

472 5176 521 5230 ci
551 5173 779 5230 daretur
814 5183 931 5228 tuto
959 5179 1288 5237 consistere,
1330 5174 1693 5244 congruitquc
1720 5174 1842 5228 aliis
1872 5174 2052 5228 omni-

2190 5176 2431 5245 προσήκει
2457 5173 2514 5226 δὲ
2545 5174 2640 5226 καὶ
2684 5174 2818 5226 πᾶσι
2853 5172 3352 5243 καταδιωκομένοις
3381 5173 3471 5226 ὑπ’
3499 5171 3717 5241 ἐχθρῶν.

474 5269 580 5322 bus
612 5265 963 5322 inimicorum
1008 5266 1448 5336 persecutionem
1481 5265 1908 5322 sustinentibus.
1947 5264 2054 5318 lm-

2190 5267 2280 5337 ἱρὴ
2313 5267 2370 5319 δὲ
2415 5267 2536 5327 ταῖς
2574 5265 2674 5334 μὲν
2722 5266 2883 5334 ἀραῖς
2929 5266 2987 5316 ἐν
3021 5266 3157 5318 πᾶσι
3201 5267 3318 5326 τοῖς
3346 5265 3568 5336 ψαλμοίς
3593 5261 3723 5314 κατὰ

472 5361 884 5431 precationibus
933 5369 1139 5425 autem,
1181 5376 1307 5432 quat
1348 5369 1458 5414 tam
1513 5360 1568 5414 in
1609 5359 1864 5430 praesenti
1921 5368 2050 5413 sunt

2190 5361 2258 5412 ὢν
2302 5357 2575 5428 δαιμόνων
2609 5357 2882 5427 χρῆσθαι·
2921 5349 3072 5410 οὗτοι
3107 5357 3217 5428 γὰρ
3272 5359 3368 5410 καὶ
3413 5356 3532 5417 τοὺς
3570 5353 3722 5422 πολε-

473 5452 708 5523 psalmo,
741 5468 906 5522 quam
934 5453 1086 5520 alibi,
1126 5453 1206 5508 uti
1240 5468 1342 5510 nos
1371 5458 1594 5522 Oportet
1647 5451 1916 5506 adversus
1942 5449 2052 5506 dte-

2193 5449 2388 5511 οὗντας
2418 5451 2556 5519 ἡμῖν
2601 5447 2928 5519 ἀνθρώπους
2968 5449 3325 5520 διεγείρουσιο
3358 5450 3470 5510 τοῖς
3504 5444 3719 5499 ὀνείδεσι

476 5558 670 5599 mones
703 5561 716 5598 :
753 5545 790 5599 ii
821 5545 966 5600 enim
1002 5554 1155 5612 sunt,
1192 5546 1285 5616 qui
1331 5553 1552 5602 nostros
1580 5545 1823 5600 excitant
1863 5541 2050 5597 inimi-

2190 5543 2230 5608 ὲ,
2265 5541 2408 5595 κατα
2442 5539 2553 5594 τῶν
2581 5539 3057 5595 ἐπιϐουλευόντων
3103 5543 3238 5612 ἡμῖν
3293 5539 3587 5612 ἀνθρώπων
3608 5553 3626 5570 ο
3655 5537 3718 5589 τὰ

543 5742 763 5799 "Joan.
807 5761 916 5812 xvr,
950 5749 1040 5803 55.
1161 5749 1205 5782 ⁶⁸
1238 5750 1277 5804 ll
1301 5751 1427 5806 Cor.
1466 5767 1538 5814 tv,
1569 5750 1623 5806 8.
1745 5750 1790 5780 ⁸⁹
1833 5747 1974 5802 Psal.
2008 5765 2069 5802 xw

2208 5747 2294 5802 19.
2376 5745 2447 5818 ,⁷⁸
2474 5741 2666 5800 Matth.
2719 5760 2798 5816 ιι,
2847 5745 2914 5802 15
2944 5755 2996 5802 et
3026 5743 3155 5801 alibi
3176 5746 3402 5818 passim.
3503 5742 3543 5777 "
3572 5740 3708 5799 Psal.

474 5831 658 5885 cxvnt,
694 5817 814 5872 151.
859 5819 1069 5877 “Ps-al.
1097 5834 1180 5885 ιιι,
1204 5823 1256 5876 8.
1333 5824 1380 5855 ’³³
1417 5823 1618 5881 Jerctn.
1649 5837 1720 5887 Iv,
1771 5820 1860 5873 19.
1937 5820 1982 5850 ⁷⁸
2017 5820 2033 5872 l

2198 5858 2210 5871 .
2269 5833 2329 5886 ιι,
2362 5817 2416 5883 9_.
3125 5821 3142 5842 ’
