3866 6536
161 425 263 491 393

1312 410 1707 480 COMMENT.
1748 415 1829 476 IN
1861 410 2232 479 PSALMOS.

3304 411 3411 480 τινι

168 535 556 600 κατορθώματα
600 532 678 598 δὲ,
709 530 988 605 προσώπῳ
1015 530 1111 585 τοῦ
1141 526 1306 586 Δαδίδ
1338 528 1728 599 ἀπαγγέλλειν,

1853 542 1955 594 :os,
1992 537 2045 583 et
2082 529 2137 583 in
2189 541 2292 583 nos
2344 526 2632 597 insurgere
2688 540 2786 581 eos
2843 524 3069 581 faciunt.
3131 524 3412 583 Conviciis

171 628 303 683 ὥστε
330 628 613 699 κινηθῆναι
646 625 785 697 πρὸς
823 624 1158 695 τὴνιτούτων
1194 627 1451 695 μίμησιν.

1850 634 1976 673 vero
2008 620 2274 674 adversus
2302 618 2655 674 insidiatores
2688 619 2766 672 uti
2800 633 3115 685 possumus.
3149 616 3306 686 Quod
3365 622 3410 674 si

167 721 361 776 alicubi
393 718 655 788 prmelara
695 717 880 787 aliqua
909 715 1177 772 virtutum
1204 716 1348 772 facta
1390 721 1811 787 pcrcensentur.
1843 725 1908 765 ea
1944 712 2355 782 applicabimus
2430 712 2533 782 ipsi
2583 711 2742 766 beato
2816 710 3006 776 David,
3079 714 3151 766 ita
3232 722 3412 768 tamen

166 825 221 871 ut
243 822 293 869 ct
331 828 431 870 nos
457 810 523 867 ad
558 810 779 875 illorum
814 811 1174 869 imitationem
1210 825 1531 865 moveamur
1558 818 1612 865 et
1636 808 1963 865 excitemur.

229 906 506 969 Δίκαονον,
538 903 733 972 Κύριε,
772 902 917 970 τοὺς
950 902 1311 970 ἀδικοῦντάς
1335 920 1434 973 με,
1466 903 1731 973 πολέμο-

165 1015 272 1053 σον
293 995 432 1061 τοὺς
458 993 876 1062 πολεμοῦντάς
904 1011 1001 1063 με.
1034 994 1278 1064 Πρῶτον,
1329 994 1483 1065 φησὶ,
1508 992 1728 1047 δίκασαν

164 1092 278 1153 τοὺς
305 1090 448 1158 ἀμφὶ
483 1088 577 1140 τον
603 1084 807 1139 Σαούλ·
848 1080 970 1139 εἶτα
1001 1085 1313 1158 πολέμησον
1347 1085 1441 1138 καὶ
1476 1083 1727 1147 κόλασον,

163 1183 230 1245 ὡς
249 1181 464 1242 ἀδίκους
494 1178 878 1247 φαινομωους.
914 1177 1223 1250 ’Δδιάφοροι
1246 1179 1304 1232 δὲ
1340 1178 1397 1232 αἱ
1425 1177 1727 1242 συντάξεις,

164 1276 299 1345 νόμῳ
327 1271 614 1327 διαλέκτου
643 1270 901 1335 παλαιᾶς.

237 1450 555 1508 Ἐπιλαεοῦ
604 1451 801 1506 ὅπλου
844 1451 946 1506 καὶ
992 1452 1229 1522 θυρεοῦ,
1278 1452 1377 1507 καὶ
1433 1451 1730 1519 ἀνάστηθι

164 1547 241 1610 εἰς
290 1544 402 1611 τὴν
437 1542 737 1608 βοήθειάν
781 1561 902 1613 μου
930 1560 943 1573 ³
1002 1544 1221 1614 ἔκχεον
1248 1544 1575 1613 ῥομφαίαν,
1631 1541 1732 1595 καὶ

163 1640 520 1706 σύγκλεισον
548 1636 619 1700 ἐξ
646 1636 929 1702 ἐναντίας
960 1635 1082 1689 τῶν
1113 1620 1601 1691 καταδιωκόντων
1628 1652 1725 1706 με.

165 1730 389 1798 υολέμου
412 1728 825 1799 μνημονεύσας,
857 1729 1167 1793 ἀκολούθως
1199 1731 1293 1783 καὶ
1320 1730 1388 1782 τὰ
1410 1730 1525 1799 εἴδη
1554 1747 1727 1800 προσ-

1908 897 2077 953 Vens.
2113 900 2164 954 Ι.
2196 898 2396 955 Indica
2441 900 2664 955 Domine
2711 900 3026 969 injuriantes
3058 899 3207 962 mihi,
3238 904 3415 971 impn-

1834 1009 1938 1062 gna
1971 993 2335 1062 impugnantes
2359 1010 2458 1047 me.
2494 993 2696 1057 Primo,
2759 993 2954 1067 inquit,
2989 992 3206 1051 Sanlem
3241 1003 3294 1048 ct
3323 1011 3410 1050 so.

1834 1086 1955 1139 cios
1986 1084 2201 1152 jndica,
2236 1086 2437 1140 deinde
2497 1086 2784 1170 impugua,
2817 1099 2880 1139 ac
2916 1086 3145 1159 castiga.
3212 1087 3411 1141 Eorum

1834 1177 1980 1230 enim
2015 1177 2279 1246 injustitia
2312 1177 2657 1249 apertissime
2682 1176 2877 1247 patuit.
2913 1175 3292 1234 lndill'erentcs
3318 1197 3416 1235 au-

1837 1279 1944 1323 tem
1979 1279 2112 1323 sum
2140 1271 2606 1334 constructiones,
2658 1286 2725 1324 ex
2777 1271 3176 1328 consuetudine
3213 1273 3414 1329 veteris

1836 1360 2078 1415 dialecti.

1908 1453 2072 1508 Vens.
2098 1453 2154 1514 9,
2183 1452 2237 1510 5.
2270 1454 2608 1520 Appreltende
2657 1453 2838 1514 telum,
2889 1464 2939 1508 et
2988 1466 3286 1519 stutum,et
3325 1471 3417 1510 ex-

1836 1561 1993 1616 surge
2045 1547 2097 1598 in
2140 1546 2471 1615 adjutorium
2526 1546 2699 1611 mihi;
2757 1547 2969 1615 effunde
3016 1551 3311 1617 frameam,
3363 1558 3413 1602 et

1836 1636 2091 1691 conrlude
2138 1637 2421 1692 adversum
2474 1648 2840 1708 persequentes
2891 1656 2991 1694 me.
3043 1640 3179 1695 Cum
3224 1656 3415 1710 pugna:

1838 1730 2176 1797 meminerit,
2226 1739 2626 1801 consequenter
2670 1731 2833 1785 etiam
2883 1746 3164 1787 armorum
3216 1748 3413 1803 genera

166 1823 345 1892 έθηκεν
375 1823 485 1874 τῶν
535 1821 745 1887 ὃπλων,
778 1823 878 1893 οὐχ
924 1822 1001 1884 ὡς
1052 1821 1148 1879 τοῦ
1172 1820 1311 1875 Θεοῦ
1338 1822 1549 1885 τούτοις
1577 1839 1723 1891 χρωο

1853 1824 2090 1891 ipposuit
2123 1841 2139 1881 :
2170 1839 2277 1878 non
2313 1825 2457 1894 quod
2508 1824 2590 1879 eis
2624 1833 2812 1879 utatur
2842 1825 3007 1889 Deus,
3040 1825 3134 1880 sed
3168 1825 3412 1879 humano

165 1916 329 1984 μένου,
367 1914 484 1968 ἀλλ’
536 1914 1021 1986 ἀνθρωποπρεπῶς
1068 1915 1147 1986 τῷ
1181 1915 1398 1987 φοϐερῷ
1444 1914 1731 1986 καταλόγῳ

165 2005 244 2059 τοῦ
271 2006 552 2077 σχήματος
595 2007 697 2077 τῆς
729 1992 1063 2069 θπανοπλεας
1092 2007 1435 2077 ὲκῦειματῶν
1469 2006 1599 2069 τοὺς
1637 2019 1731 2057 πο-

165 2097 360 2166 νηρούς.
391 2097 482 2167 Τῷ
514 2096 638 2166 Θεῷ
686 2096 790 2166 γὰρ
822 2098 986 2167 ἀρκεῖ
1014 2098 1233 2169 θέλησις
1270 2099 1455 2168 μόνον,
1508 2098 1542 2168 ἦ
1571 2099 1730 2167 λόγος

167 2191 233 2251 si;
258 2188 527 2258 τιμωρίαν
565 2188 665 2259 μὲν
693 2189 802 2240 τῶν
828 2188 1183 2256 ἀδικούντων,
1221 2191 1500 2260 σωτηρίαν
1528 2191 1584 2243 δὲ
1618 2192 1728 2243 τῶν

166 2280 539 2349 ἀδικουμένων.
576 2282 835 2349 Ἕκχεον
864 2281 943 2345 δὲ,
991 2283 1111 2334 ἀντὶ
1141 2281 1237 2333 τοῦ
1267 2280 1540 2334 Ἔλκυσον
1560 2296 1575 2311 ο
1630 2282 1722 2335 ex-

168 2372 348 2443 κομένη
372 2373 480 2439 γὰρ
513 2373 551 2442 ἡ
583 2372 787 2442 σπάθη.
814 2373 1097 2443 ὲκχεῖσοαι
1120 2374 1216 2427 τοῦ
1246 2374 1435 2428 κολεοῦ
1465 2376 1614 2429 δοκεῖ
1639 2375 1728 2429 διὰ

166 2465 251 2533 τὴν
275 2463 546 2536 λειότητα.
602 2465 981 2535 Σύγκλεισον
1036 2466 1115 2530 δὲ,
1170 2467 1293 2522 ἀντὶ
1349 2466 1465 2526 τοῦ.
1523 2466 1730 2538 φράξον

168 2556 471 2626 ἔμπροσθεν,
539 2556 684 2611 ὥστε
762 2556 837 2626 μὴ
890 2557 1152 2612 δύνασθαι
1209 2560 1405 2623 αὐτοὺς
1466 2561 1730 2628 ἐκφυγεῖν

168 2645 244 2697 τὸν
266 2648 364 2700 ἀπὸ
395 2647 487 2701 σοῦ
518 2646 788 2701 κίνδυνον.

231 2907 401 2966 Εἶπον
428 2911 504 2981 τῇ
528 2910 705 2981 ψυχῇ
725 2928 864 2980 μουο
900 2911 1165 2980 Σωτηρία
1190 2889 1306 2965 σού
1336 2914 1453 2980 εἰμι
1647 2912 1743 2984 Τῇι

174 3007 310 3077 vesp?
336 3023 425 3059 σου
454 3009 617 3076 φωνῇ
649 3004 770 3058 εἰπὲ
798 3007 866 3075 τῇ
906 3006 1068 3075 νοερᾷ
1096 3004 1242 3077 ψυχῇ
1283 2998 1402 3075 ’μου
1440 3007 1622 3074 μόνον,
1647 3006 1729 3059 ὅτι

175 3095 251 3167 Μὴ
286 3098 464 3168 φοϐοῦ,
501 3097 757 3168 σωτηρία
809 3097 904 3151 σοῦ
943 3098 1063 3165 εἰμι
1111 3097 1224 3164 ἐγώ
1248 3112 1265 3128 ⁸
1303 3100 1337 3169 ἡ
1384 3099 1495 3168 γὰρ
1525 3099 1730 3169 ἀρχαία

173 3190 415 3254 διάλεκτος
444 3192 509 3246 τὸ
550 3189 685 3246 εἰπὲ
710 3231 726 3255 ,
761 3190 941 3245 εἴποι·
961 3191 1129 3259 λέγει,
1161 3191 1235 3254 ὡς
1265 3190 1327 3243 re
1356 3191 1637 3259 ποίησον.

1837 1914 2054 1970 locutus
2099 1922 2183 1969 est
2232 1930 2406 1971 more.
2466 1910 2722 1970 Terribili
2784 1916 2929 1971 enim
2986 1916 3087 1971 hac
3136 1932 3412 1970 armorum

1834 2005 2364 2060 commemoratione
2402 2021 2601 2075 pravos
2632 2021 2694 2060 ac
2753 2005 3020 2061 scelestos
3049 2022 3241 2061 omnes
3290 2022 3412 2076 per-

1835 2094 2134 2150 terrefacit.
2172 2095 2305 2150 Nam
2336 2098 2567 2168 alioqui,
2617 2096 2792 2153 solum
2836 2097 2930 2152 Dei
2962 2100 3214 2161 verbum,
3254 2098 3385 2169 quin

1835 2182 1947 2238 imo
1974 2184 2089 2240 sola
2122 2187 2286 2240 etiam
2311 2188 2432 2259 ejus
2484 2188 2766 2253 voluntas,
2793 2189 2930 2242 satis
2954 2196 3040 2243 est
3064 2189 3128 2241 ad
3157 2204 3419 2247 coercen-

1835 2274 1937 2328 dos
1969 2289 2034 2328 ac
2085 2276 2434 2345 castigandos
2467 2279 2861 2347 opprimentcs.
2887 2286 2939 2334 et
2958 2280 3025 2333 ad
3041 2278 3417 2335 defendendos

1834 2381 2153 2437 oppressos.
2180 2367 2406 2438 Effunde
2435 2370 2604 2440 igitur
2630 2371 2919 2440 frameam,
2945 2373 3048 2429 hoc
3071 2381 3195 2442 est,
3230 2374 3419 2439 Exime

1834 2459 2080 2529 gladium
2119 2476 2148 2514 e
2183 2461 2404 2531 vagina.
2458 2460 2540 2517 0b
2593 2464 2891 2532 expolitam
2945 2465 3089 2520 enim
3127 2466 3415 2522 lavitatem

1836 2565 1993 2603 suam
2020 2550 2258 2620 gladius,
2279 2553 2433 2608 fundi
2465 2554 2877 2625 quodammodo
2897 2556 3117 2612 videtur
3137 2572 3167 2612 e
3190 2558 3413 2628 vagina,

1836 2655 1961 2695 cum
1986 2642 2332 2712 evaginatur.
2365 2628 2634 2700 Conclude
2651 2646 2815 2701 etiam
2841 2655 3223 2716 persecutores
3242 2664 3416 2711 meos.

1836 2729 1942 2786 hoc
1980 2743 2085 2799 cst,
2118 2732 2359 2789 Obstrue
2396 2736 2536 2790 viam
2593 2745 2722 2793 ante
2780 2753 2901 2803 cos,
2947 2740 3020 2795 ita
3080 2748 3141 2793 ut
3174 2739 3415 2810 ell'ugcre

1837 2824 2075 2893 amplius
2108 2842 2329 2881 manum
2360 2836 2510 2883 tuam
2540 2846 2648 2884 non
2680 2832 2914 2901 possint.

1910 2914 2009 2969 Dic
2032 2918 2225 2973 animo:
2249 2935 2375 2975 metu
2406 2935 2425 2975 :
2450 2921 2613 2976 Salus
2641 2931 2733 2976 tua
2768 2940 2861 2995 ego
2889 2942 3029 2979 sum.
3058 2925 3416 2981 intellectuali

1838 3023 1970 3063 voce
2008 3015 2098 3062 tua
2135 3009 2356 3081 loquere
2385 3012 2451 3066 ad
2491 3012 2913 3069 intellectualem
2948 3018 3184 3071 animam
3217 3034 3417 3081 mcam,

1837 3100 2008 3156 etdie
2040 3102 2090 3157 ei
2131 3101 2296 3157 :Noli
2349 3104 2567 3168 timere,
2618 3108 2747 3177 quia
2794 3123 2897 3178 rgo
2950 3124 3072 3164 sum
3126 3109 3276 3191 salus
3302 3119 3415 3162 tua.

1761 3187 1808 3248 C
1840 3190 1976 3245 Illud
2022 3201 2205 3247 autem
2229 3194 2778 3251 animadvertendum
2817 3197 2989 3269 [quod
3024 3198 3214 3265 Graeca
3249 3187 3420 3254 dictio

177 3297 277 3350 Quae
302 3284 384 3339 hic
407 3285 667 3347 habetur,
704 3298 814 3336 non
845 3281 1123 3336 indicativi
1153 3281 1300 3336 modi
1336 3290 1443 3344 est,
1496 3289 1552 3336 et
1623 3280 1884 3350 praeteriti
1936 3283 2223 3352 temporis,
2307 3296 2366 3338 ut
2423 3286 2747 3357 regulariter
2822 3288 3057 3344 inveniri
3112 3290 3268 3354 solet,
3325 3291 3418 3343 ser!

181 3378 385 3434 aoristus
409 3379 729 3450 imperativi
764 3376 959 3449 modi],
1015 3386 1075 3432 ut
1105 3378 1178 3433 sit
1234 3371 1390 3431 εἷπον
1422 3393 1521 3449 pro
1575 3378 1699 3431 εἰπὲ

1872 3390 1958 3436 est
2010 3380 2132 3447 dic,
2184 3394 2252 3435 eo
2298 3379 2501 3443 modo,
2542 3394 2654 3450 quo
2732 3379 2969 3434 dicimus
3016 3379 3243 3451 ποίησον
3320 3396 3418 3450 pro

178 3471 265 3540 far.

234 3566 730 3636 Αίσῖῑινθήτωσαν
773 3565 873 3619 καὶ
924 3564 1372 3635 ἐπραπείησαν
1402 3567 1458 3620 οι
1495 3564 1738 3634 ζητοῦν-

180 3671 260 3723 τες
285 3657 391 3725 τὴν·
413 3657 634 3727 ψυχήν
650 3674 790 3726 μου.
820 3656 1278 3728 Δίσχυνθήτωσαν
1321 3657 1417 3710 καὶ
1447 3656 1738 3728 ἐντραπειο

181 3764 294 3817 nam
333 3751 393 3801 ὲκ
420 3748 775 3820 παραλλήλου
821 3746 884 3799 τὸ
932 3746 1064 3800 αὐτὸ
1115 3746 1499 3817 σημαίνουσιν,
1535 3746 1564 3799 ὅ
1618 3745 1735 3798 πεί-

184 3856 357 3906 σονται,
389 3840 463 3912 μὴ
514 3839 813 3910 δυνὰμενοι
863 3857 932 3912 με
961 3840 1125 3893 ἑλεῖν.
1178 3838 1302 3907 Τὴν
1348 3838 1560 3909 ψυχήν
1611 3856 1734 3908 μου

180 3930 244 3997 δὲ,
266 3934 372 3986 ἀντὶ
394 3932 485 3987 τοῦ
532 3932 689 4003 Ἐμέ.

190 4118 195 4123 ’
238 4112 778 4183 Ἀποστραςςείησαν
855 4113 944 4178 εἰς
1005 4112 1079 4167 τὰ
1138 4111 1353 4167 ὀπίσω.
1420 4111 1581 4166 Κενοὶ
1638 4112 1728 4166 καὶ

185 4202 443 4273 ἄπρακτοι.

237 4298 827 4367 Καταςσχυνθειησαν
874 4299 933 4351 οἱ
969 4295 1349 4367 λογιζόμενοί
1394 4314 1497 4367 μοι
1557 4295 1734 4351 κακά.

185 4387 243 4440 Τὸ
268 4392 821 4461 Καταιονχυνθεΐησα
837 4408 896 4456 ν,
944 4389 1194 4454 ἐπίτασις
1224 4393 1339 4444 ἐστι
1369 4390 1465 4443 τοῦ
1498 4392 1733 4461 Αἰσχυν-

185 4479 396 4553 οεξησαν.
426 4482 804 4554 Λογιζόμενοι
832 4482 910 4549 δὲ,
951 4482 1095 4548 ἀντὶ,
1150 4481 1505 4552 μελετῶντες,
1539 4496 1735 4533 συσκε-

187 4574 429 4630 πτόαενοι.

245 4751 667 4821 Γενηθήτωσαν
725 4749 871 4804 ὡσεὶ
932 4749 1123 4820 χνοῦς
1187 4748 1336 4805 κατὰ
1402 4737 1729 4817 πρόσωπον

1916 3564 2081 3619 Vnus.
2115 3564 2172 3621 ι.
2201 3563 2618 3634 Confundantur
2648 3573 2699 3617 et
2728 3574 3083 3629 ret-creantur,
3136 3563 3229 3633 qui
3274 3577 3414 3632 qure-

1843 3668 1968 3710 runt
2010 3659 2247 3711 animam
2297 3673 2486 3711 meam.
2531 3652 2727 3722 Verba,
2762 3657 2874 3710 lucc
2921 3656 3318 3723 confundantur
3370 3665 3421 3710 et

1841 3761 2205 3814 revereantur,
2240 3748 2383 3804 idem
2420 3749 2532 3804 fere
2589 3748 2927 3820 signiﬁcant.
2961 3747 3230 3805 Confusio
3270 3749 3415 3803 enim

1842 3839 1951 3893 illis
1988 3855 2203 3893 summa
2252 3840 2381 3904 erit,
2437 3840 2484 3893 si
2520 3854 2610 3892 me
2646 3839 3110 3908 comprehendere
3162 3840 3421 3910 nequive-

1848 3930 1980 3984 rint.
2016 3931 2263 3984 Animam
2293 3939 2473 3983 autem
2510 3946 2680 3985 meam
2730 3931 3220 4003 circumloquemlo
3258 3931 3419 3995 dixit,

1840 4034 1940 4089 pro
1967 4019 2255 4091 llleipsum.
2290 4064 2293 4067 .

1910 4107 2300 4165 Convertuntur
2329 4119 2639 4166 retrorsum.
2674 4111 2871 4168 inanes
2922 4111 3205 4177 nimirum,
3255 4122 3311 4167 ct
3363 4128 3421 4167 re

1837 4202 2056 4258 infecta.

1914 4293 1979 4347 Et
2006 4294 2405 4369 confundantur
2434 4295 2525 4365 qui
2547 4295 2779 4365 rogitant
2817 4294 2950 4347 mihi
2976 4293 3141 4349 mala.
3175 4292 3418 4348 Vcrlmm

1837 4387 2257 4455 confundantur,
2283 4387 2371 4441 hic
2395 4389 2706 4457 repetitum,
2733 4388 3007 4456 praecipue
3032 4387 3187 4455 juxta
3210 4386 3416 4442 Grascze

1837 4473 2100 4529 dictionis
2130 4476 2266 4539 vim,
2298 4476 2661 4528 intentionem
2708 4475 2861 4529 addit
2887 4476 3023 4546 (25),
3066 4486 3121 4532 et
3150 4476 3413 4545 majorem

1837 4569 2216 4624 confusionem
2250 4568 2546 4638 significat.
2596 4568 2852 4639 Cogitare
2882 4579 3065 4625 autem
3120 4572 3283 4637 mala,
3320 4587 3418 4647 pro

1837 4660 2187 4715 considerare
2222 4675 2286 4715 ac
2318 4660 2567 4715 studiose
2605 4661 2934 4733 investigare
2958 4660 3121 4715 dixit.

1912 4750 2079 4806 Vens.
2115 4751 2168 4806 5.
2201 4748 2366 4804 Fiant
2409 4751 2546 4805 sicut
2574 4751 2744 4820 pulvis
2774 4762 2897 4806 ante
2929 4751 3123 4822 faciem
3144 4763 3303 4808 venti.
3342 4763 3415 4808 Ac

185 4841 397 4912 ἀνέμου.
439 4846 588 4902 Ὠιι-εὶ
622 4846 804 4917 χνοῦς,
838 4848 965 4900 ὅσον
996 4847 1088 4899 ἐπὶ
1139 4844 1218 4916 τῷ
1249 4844 1642 4898 σκεδάννυσθαι
1672 4844 1728 4898 ὲν

1853 4843 1887 4898 si
1925 4843 2094 4912 dicat,
2129 4843 2279 4899 Inter
2310 4843 2628 4913 fugiendum
2662 4845 2840 4898 instar
2867 4843 3109 4916 pulveris
3141 4846 3384 4913 dissipcn
3405 4875 3418 4886 -

188 4934 250 5003 τῷ
278 4939 488 5008 φεύγειν
533 4957 550 4972 ο
587 4941 621 5012 ἡ
656 4941 766 5012 γὰρ
802 4940 976 5011 λεπτὴ
1031 4940 1181 5002 κόνις
1235 4937 1469 4993 ἐνώπιον
1525 4937 1731 5008 ἀνέμου

190 5029 534 5086 σκεδάννυται.

244 5123 335 5175 Καὶ
361 5124 611 5194 ἄγγελος
651 5125 872 5193 Κυρίου
901 5124 1196 5178 ἐκθλίὄων
1245 5121 1490 5188 αὐτούς.
1544 5121 1732 5175 Λείπει

189 5206 254 5272 τὸ,
295 5213 477 5267 ἔστω·
530 5215 757 5284 ἄγγελοι
794 5216 906 5286 γὰρ
950 5214 1212 5277 πολλάκις
1257 5215 1335 5277 εἰς
1372 5214 1431 5267 τὸ
1482 5212 1733 5276 κολάζειν

187 5298 597 5370 ἀποστέλλονται,
636 5305 713 5368 ὡς
746 5308 774 5359 ὁ
813 5306 1142 5377 ὀλοθρεύσας
1175 5305 1244 5359 τὰ
1276 5305 1599 5376 πρωτότοκα
1624 5304 1732 5355 τῶν

188 5389 489 5462 Αἱτυπτῑων,
540 5400 633 5452 καὶ
670 5399 700 5452 ό
734 5400 832 5463 τὰς
881 5399 993 5453 τῶν
1044 5398 1350 5471 Ἀσσυρίων
1397 5397 1732 5468 ὀγδοήκοντα

190 5483 325 5537 πέντε
356 5492 444 5542 καὶ
468 5491 661 5544 ἑκατὸν
687 5492 933 5563 χιλιάδας
964 5490 1186 5544 ἀνελών.

1843 4947 1935 4991 tur
1983 4950 2048 4990 ac
2103 4936 2518 5006 dispergantur.
2556 4934 2959 4992 Miuntissimus
3012 4938 3156 4992 enim
3189 4953 3311 4992 cum
3348 4941 3419 4991 sit

1841 5028 2045 5100 pulxis,
2075 5044 2103 5081 a
2140 5029 2315 5083 ventis
2349 5029 2507 5084 facile
2542 5029 2908 5102 dispergitur.

1912 5120 1981 5175 Et
2032 5122 2251 5193 angelus
2313 5120 2525 5176 Domini
2580 5134 2852 5178 conterens
2897 5140 3006 5179 eos.
3060 5121 3419 5193 Subintellige

1844 5214 2093 5278 verbum,
2132 5215 2224 5269 sit.
2265 5216 2455 5285 Angeli
2492 5216 2639 5270 enim
2692 5231 3071 5286 szrpenumero
3123 5216 3418 5269 mittuntur

1844 5320 1873 5359 a
1900 5303 2036 5368 Deo,
2074 5313 2134 5358 ut
2165 5305 2379 5376 aliquos
2422 5306 2692 5379 castigent
2730 5327 2742 5361 :
2777 5307 2944 5363 veluti
2994 5309 3039 5362 is
3067 5307 3156 5375 qui
3197 5305 3417 5377 Δίεςιηί

1837 5397 2232 5469 primogenitos
2289 5399 2600 5468 dissipavit,
2634 5402 2759 5455 item
2793 5401 2837 5454 is
2868 5400 2961 5470 qui
3009 5404 3229 5454 centum
3262 5409 3414 5452 octo-

1839 5490 1990 5560 ginta
2029 5490 2275 5564 quinque
2319 5491 2487 5545 millia
2526 5492 2883 5562 Assyriorum
2940 5494 3236 5549 interemit.

1505 5678 1708 5741 Variae
1739 5675 2069 5742 lectiones.

246 5770 349 5853 (ἓξ)
376 5772 575 5853 _Gra:ca
610 5778 685 5832 ita
718 5790 916 5835 sonant
952 5797 967 5838 ς
996 5779 1235 5835 Verbum
1279 5779 1728 5852 καταισχυνθείηι

1869 5780 2291 5853 (compositum)
2322 5781 2548 5836 intensio
2618 5789 2696 5835 est
2757 5778 2896 5836 verbi
2956 5776 3267 5851 (simplicis)
3336 5778 3425 5830 ai-

195 5842 547 5918 6,,ννθεέησαν.

481 5944 746 6005 ΡΑι-ιιοι..
788 5946 903 6007 GR.
944 5945 1264 6008 CXXVIII.

2950 5943 3022 6003 13
