3866 6548
448 384 562 450 399

1685 384 2098 476 ‘EUTIIYMII
2139 379 2501 442 ZlGABENI

3597 380 3692 442 {‘20

447 494 768 555 laudabant.
800 493 1148 558 liumiliabar,
1188 493 1395 563 (ingens
1435 508 1522 550 me
1557 493 1766 549 tristem
1801 509 1863 549 ac
1896 509 1998 548 mm

2132 511 2204 560 νῳ
2235 493 2384 564 παρὰ
2413 491 2506 545 τοῦ
2538 490 2796 564 πλήθους,
2823 489 3246 562 ὲταπεινούμην,
3285 490 3428 544 ἑκὼν
3481 507 3689 563 σχημα-

447 597 592 640 stum
634 602 778 640 esse.
841 585 988 639 Solet
1047 585 1191 640 enim
1232 587 1394 642 invisi
1447 587 1686 641 hominis
1737 586 2018 640 humilitas

445 692 606 751 atque
637 680 868 750 dejectio
921 678 1179 732 invidiam
1200 680 1494 750 reprimere
1519 696 1532 732 :
1559 677 2016 749 quemadmodum

440 786 629 827 eontra
661 771 914 842 superbia
952 780 1114 840 atque
1158 771 1326 825 elatio
1357 785 1580 840 augere.

512 865 675 920 Vsus.
702 866 781 919 l5.
805 864 1093 919 Adversum
1128 881 1206 917 me
1224 863 1393 919 lwtati
1416 873 1622 926 sunt,et
1642 872 2015 918 convenerunt.

438 958 520 1012 Me
562 958 678 1012 haec
711 965 922 1026 agente,
965 966 1126 1026 atque.
1155 955 1259 1009 hoc
1291 963 1448 1024 pacto
1485 955 1779 1022 sentiente,
1813 955 1888 1008 illi
1922 955 2014 1007 he-

437 1049 529 1102 tati
568 1057 717 1112 sunt,
751 1047 1036 1101 credentes
1071 1046 1301 1116 periisse
1327 1047 1474 1102 vires
1523 1062 1670 1101 meas
1701 1065 1716 1110 ;
1767 1057 1822 1102 et
1879 1063 2013 1102 con-

437 1147 731 1202 venerunt,
767 1149 824 1192 ut
852 1138 1084 1194 insidias
1121 1137 1409 1193 adversum
1442 1154 1525 1192 me
1549 1137 1924 1208 disponerent.

506 1230 834 1300 Congregata
869 1239 988 1283 sunt
1044 1244 1198 1298 super
1223 1245 1303 1284 me
1347 1229 1560 1300 ﬂagella
1591 1270 1606 1294 ,
1663 1239 1712 1285 et
1751 1232 2006 1302 ignoravi.

431 1323 587 1392 Quod
618 1321 754 1376 LXX
787 1321 1116 1392 Interpretes
1162 1322 1420 1376 dixerunt
1469 1322 1706 1393 ﬂagella,
1758 1323 2009 1395 Symma-

431 1420 568 1474 chus
599 1419 945 1486 percutienles
964 1419 1217 1486 reddidit.
1240 1420 1327 1474 Ait
1359 1419 1524 1488 igitur
1551 1436 1564 1472 :
1596 1415 1885 1472 Occisores
1914 1417 2009 1473 ad-

429 1525 647 1566 versum
693 1526 777 1564 me
816 1511 1126 1581 congregati
1166 1517 1295 1566 sunt
1324 1525 1340 1576 ;
1395 1524 1518 1572 tne,
1551 1508 1772 1580 inquam
1807 1549 1822 1570 .
1856 1510 2010 1580 igno-

432 1612 643 1658 rantem
702 1603 1011 1672 hujusneodi
1046 1619 1234 1658 eorum
1284 1603 1513 1659 consilia
1575 1612 1740 1673 atque
1781 1603 2007 1658 insidias

433 1711 570 1765 quas
608 1695 893 1752 adversum
925 1710 1009 1749 me
1045 1694 1430 1765 disponebant.
1481 1693 1581 1752 Eas
1632 1705 1812 1749 autem
1876 1706 2006 1765 puto

427 1786 753 1848 subnotari,
807 1801 926 1856 qua:
983 1785 1034 1838 in
1106 1787 1334 1841 historia
1402 1785 1610 1856 Regum
1660 1786 2000 1849 traduntur,

428 1876 648 1944 quando
676 1876 796 1946 ejus
828 1892 967 1930 uxor
999 1876 1196 1931 Michol
1231 1878 1414 1931 omnia
1444 1878 1520 1932 ilii
1555 1878 1808 1947 aperuit,
1841 1889 2002 1948 atque
2037 1869 2076 1924 Β

427 1984 455 2019 u
487 1968 730 2036 periculo
757 1966 916 2019 etiam
946 1981 1068 2020 cum
1108 1967 1358 2020 salvavit.

501 2055 664 2110 Vsus.
703 2056 787 2110 16.
816 2056 1078 2125 Dissipati
1107 2066 1255 2120 sunt,
1291 2070 1338 2112 et
1391 2077 1491 2114 non
1537 2061 1998 2131 suntcompuncti.

431 2148 686 2216 Dissipati
729 2157 858 2201 sunt
884 2163 1005 2200 cum
1033 2162 1117 2202 me
1147 2165 1255 2202 non
1286 2151 1646 2217 invenissent,
1695 2153 1784 2205 ubi
1818 2167 2004 2220 spera-

430 2248 636 2303 verant,
665 2247 711 2290 et
746 2246 922 2290 tamen
961 2239 1271 2307 compuncti
1311 2255 1414 2293 non
1446 2252 1575 2295 sunt
1601 2283 1615 2305 ,
1679 2243 1807 2312 quia
1855 2243 2000 2296 milia

426 2329 572 2382 ducti
611 2336 734 2381 sunt
780 2325 1119 2394 pmnitentia.

500 2417 854 2472 Tentaverunt
915 2433 1016 2482 me,
1073 2416 1534 2473 subsannaverunt
1591 2437 1670 2474 me
1707 2421 2002 2474 subsanna-

428 2514 592 2575 tione,
627 2511 972 2575 ,t'renduernnt
1005 2527 1162 2580 super
1197 2529 1276 2566 me
1298 2513 1544 2568 dentibus
1569 2516 1702 2570 suis.
1737 2515 1890 2579 Saul,
1917 2518 2002 2569 in-

426 2609 568 2675 quit,
603 2613 657 2658 et
705 2604 792 2671 qui
831 2619 954 2656 eum
996 2619 1060 2656 eo
1091 2611 1268 2668 erant,
1314 2607 1610 2676 aliquando
1657 2615 2005 2662 tentaverunt

428 2715 511 2750 me
545 2697 839 2764 probantes
875 2706 1040 2764 atque
1072 2697 1464 2766 experientiam
1497 2706 1776 2752 sumentes
1807 2699 2004 2755 mentis

435 2804 615 2841 utea):
661 2786 957 2856 aliquando
1012 2787 1178 2840 etiam
1216 2788 1715 2852 subsannaverunt,
1768 2787 2005 2843 irriden-

425 2890 532 2939 tt-s,
567 2879 733 2932 veluti
761 2880 1066 2943 inﬁrmum,
1093 2893 1239 2934 nunc
1269 2895 1398 2933 vero
1425 2879 1602 2948 palam
1641 2879 1886 2952 [bonum
1919 2881 2002 2934 in-

424 2968 568 3041 star]
606 2970 656 3022 in
695 2985 781 3022 me
807 2967 1014 3022 ell'erati
1047 2977 1198 3022 sunt.
1235 2965 1512 3022 Frendere
1539 2967 1797 3022 dentibus
1824 2968 2001 3023 solent

425 3079 620 3116 mones
658 3061 955 3130 aliquando
983 3061 1052 3115 ob
1099 3060 1374 3125 timorem,
1424 3058 1716 3130 aliquando
1752 3076 1880 3116 vero
1931 3061 2002 3116 ob

429 3155 662 3207 nimiam
719 3153 1182 3224 indignationem,
1222 3153 1444 3221 quando
1493 3153 1775 3217 nimirum,
1835 3141 2000 3219 veluti

426 3244 612 3299 furore
637 3245 900 3315 quodam,
930 3243 1204 3297 collidunt
1227 3252 1420 3297 mutuo
1445 3243 1637 3298 dentes
1664 3254 1716 3298 et
1746 3256 2025 3305 resonant.
2068 3243 2246 3314 Nunc,
2281 3245 2482 3317 inquit,
2511 3246 2589 3299 ira
2616 3261 2679 3302 ac
2706 3246 2854 3302 rabie
2883 3246 3050 3316 pleni,

2130 587 2410 659 τιζόμενος
2441 586 2529 640 τὸν
2559 585 2853 640 πενθοῦντα
2876 589 2969 641 καὶ
2999 584 3483 656 σκυθρωπάζοντα.
3517 586 3687 652 κατα-

2130 679 2338 734 στέλλει
2366 678 2474 751 γὰρ
2503 679 2594 733 τὸν
2622 679 2816 748 φθόνον
2867 680 2900 748 ἡ
2943 678 3037 732 τοῦ
3094 679 3461 749 φθονουμένου
3510 679 3689 732 ταπείο

2128 789 2312 835 νωσις,
2348 771 2537 841 ὥσπερ
2568 769 2721 835 αὔξει
2752 770 3065 830 τούναντίον
3090 770 3395 840 ἡὲπαρσις.

2194 865 2332 918 Κατ’
2357 863 2502 932 ἐμοῦ
2519 861 2969 930 εὐφράνθησαν,
2999 860 3096 914 καὶ
3122 861 3553 928 συνήχθησαν.
3591 861 3704 915 Καὶ.

2123 955 2258 1024 ἐμοῦ
2304 946 2476 1008 ταῦτα
2536 954 2838 1020 ποιοῦντος,
2887 954 2981 1007 καὶ
3017 952 3191 1017 οὕτως
3243 952 3497 1023 ἔχοντος,
3547 953 3691 1006 αὐτοὶ
3787 946 3794 964 “

2122 1050 2506 1122 εῦφράνθησαν
2536 1051 2680 1114 τότε,
2712 1050 2994 1115 δοκοῦντες
3026 1051 3283 1121 ὑπορρεῖν
3301 1049 3402 1120 ἤδη
3432 1049 3536 1118 τὴν
3565 1047 3689 1120 ἐμὴν

2119 1139 2372 1210 δύναμιν,
2407 1141 2500 1194 καὶ
2532 1141 2877 1212 συνήχθησαν
2903 1143 2984 1204 είς
3015 1141 3246 1212 μελέτην
3278 1140 3598 1209 ἐπιϐουλῆς.

2188 1230 2596 1300 Συνήχθησαν
2619 1231 2711 1286 ἐπ’
2738 1231 2842 1301 ἐμὲ
2865 1230 3178 1301 μάστιγες,
3209 1231 3307 1286 καί
3337 1233 3447 1286 οὐκ
3481 1232 3684 1300 ἔγνων.

2120 1320 2230 1386 Τὰς
2259 1323 2532 1392 μάστιγας
2559 1321 2816 1388 ἐνταῦθα,
2855 1322 3199 1393 πλήττοντας
3229 1317 3383 1375 εἶπεν
3407 1323 3435 1375 ό
3465 1323 3686 1390 Σύμμα-

2119 1431 2230 1484 χος.
2253 1415 2417 1481 Λέγει
2445 1413 2645 1478 τοίνυν,
2676 1415 2759 1467 ὅτι
2789 1415 2972 1476 Φονεῖς
3009 1412 3361 1482 συνήχθησαν
3404 1410 3528 1463 κατ’
3562 1409 3684 1478 ἐμοῦ

2115 1504 2460 1573 ἀγνοοῦντος,
2483 1505 2858 1578 ἐνεδρεύοντές
2892 1523 3001 1576 μοι.
3035 1506 3170 1574 Περὶ
3203 1503 3393 1558 τούτου
3431 1502 3486 1554 δὲ
3509 1502 3686 1570 σαφῶς

2115 1600 2148 1667 ή
2181 1599 2394 1670 ἱστορία
2427 1599 2691 1661 διδάσκει,
2723 1599 2812 1652 ὅτε
2836 1598 3066 1668 Μελχὼλ
3095 1599 3126 1668 ὴ
3157 1596 3294 1667 γυνὴ
3337 1594 3505 1648 αὑτοῦ
3559 1611 3682 1647 κατι

2115 1695 2389 1764 εμήνυσεν
2413 1692 2560 1764 αὐτῷ
2589 1692 2690 1762 τὴν
2714 1691 2972 1764 τοιαύτην
3013 1689 3329 1760 ἐπιϐουλὴν,
3381 1687 3478 1750 καὶ
3507 1685 3682 1756 φυγὼν

2113 1782 2362 1853 διεσώθη.

2174 2051 2645 2119 Διεσχίσθησαν,
2682 2049 2780 2104 καὶ
2817 2066 2890 2104 ου
2920 2049 3363 2120 κατενύγησαν.
3399 2049 3677 2102 Διεσκεδά-

2107 2140 2332 2211 σθησαν,
2361 2141 2436 2212 μὴ
2465 2141 2718 2211 εὑρόντες
2751 2159 2845 2211 με,
2900 2139 3030 2194 ἔνθα
3069 2139 3296 2210 ἧλπιζον
3324 2157 3337 2170 ⁶
3384 2141 3482 2192 καὶ
3541 2142 3677 2209 Eum;

2105 2233 2166 2285 οῦ
2211 2232 2618 2303 κατενύγησαν,
2640 2233 2763 2286 οὐδὲ
2791 2234 3152 2304 μετενόησαν.

2189 2323 2546 2392 Ἐπειᾋασάν
2573 2341 2685 2393 με,
2726 2319 3221 2394 ἐξεμύκτήρισάν
3269 2340 3346 2392 με
3400 2339 3677 2393 μυκτηρι-

2107 2415 2285 2484 σμὸν,
2309 2416 2569 2483 ἐϐρυξαν
2605 2417 2703 2469 ἐπ’
2751 2416 2856 2486 ἐμὲ
2890 2416 3033 2483 τοὺς
3073 2415 3325 2481 ὀδόντας
3369 2414 3590 2468 αὐτῶν.
3621 2415 3674 2465 Οί

2107 2511 2238 2582 περὶ
2263 2511 2456 2575 Σαοὺλ,
2493 2513 2648 2582 φησὶ,
2679 2513 2812 2565 ποτὲ
2850 2512 2949 2583 μὲν
2977 2513 3280 2583 ἐπείρασαν
3329 2528 3420 2581 με,
3459 2511 3676 2577 δοκιμὰο

2107 2604 2291 2668 ζοντες
2317 2602 2434 2666 πῶς
2467 2604 2747 2675 διάκειμαι
2778 2622 2792 2637 ο
2842 2606 2971 2660 ποτὲ
3006 2605 3061 2658 δὲ
3107 2603 3570 2675 ὲξεμυκτήρισαν,
3619 2606 3672 2654 ὲν

2107 2694 2271 2765 χλεύῃ
2292 2694 2673 2764 διαγελῶντες,
2709 2696 2784 2760 ὡς
2810 2696 3009 2766 ἀσθενῆ
3043 2714 3055 2726 °
3090 2695 3186 2749 νῦν
3211 2696 3267 2750 δὲ
3313 2695 3565 2769 φανερῶς
3599 2694 3675 2759 ἐξ.

2106 2786 2507 2857 εθηριώθησαν.
2532 2787 2746 2840 Γίνεται
2771 2788 2825 2840 δὲ
2847 2788 3094 2859 βρυγμὸς
3121 2788 3371 2854 ὀδόντων,
3405 2787 3535 2841 ὅταν
3592 2785 3674 2837 ἀλ.

2104 2878 2307 2949 λήλοις,
2347 2879 2837 2950 ὲξυπερόἀλλοντος
2872 2881 3039 2950 φόϐου
3076 2879 3108 2950 ἢ
3138 2878 3335 2950 θυμοῦ,
3367 2895 3674 2950 προσαρασ-

2106 2973 2322 3043 σόμενοι
2356 2971 2627 3025 κτυπῶσι.
2659 2971 2794 3036 Νῦν,
2839 2973 2992 3041 φησι,
3043 2971 3121 3040 τῷ
3174 2971 3330 3042 θυμῷ
3402 2970 3672 3033 ζέσαντες,

2105 3059 2216 3117 οἷον
2249 3063 2548 3117 κτυποῦσιν
2577 3063 2661 3117 ἐπ’
2713 3063 2813 3134 ἐμὲ
2854 3065 2980 3126 τοὺς
3032 3063 3251 3125 ὀδόντας
3317 3062 3516 3125 αὐτῶν,
3565 3063 3672 3114 διαο

2110 3155 2388 3225 μασᾶσθαι
2418 3157 2518 3218 τὰς
2550 3155 2688 3226 ἐμὰς
2718 3155 3028 3225 γλιχόμενοι
3054 3156 3286 3224 σάρκας.

3127 3263 3386 3304 resonare
3431 3248 3674 3301 videntur

424 3360 589 3408 super
624 3359 706 3395 me
735 3341 992 3395 dentibus
1017 3341 1153 3404 suis,
1196 3339 1340 3394 avidi
1389 3340 1650 3394 nimirum
1696 3349 1754 3394 ut
1791 3355 1989 3396 carnes
2030 3356 2180 3396 meas
2208 3343 2495 3398 dilauient.

497 3438 660 3490 Vens.
701 3435 788 3490 17.
831 3433 1051 3489 Domine
1107 3436 1321 3506 quando
1381 3435 1679 3503 respicies?
1734 3434 1812 3488 Tu
1850 3436 1994 3490 enim

2170 3439 2369 3506 Κύριε,
2411 3439 2555 3492 πότε
2575 3438 2786 3508 ἐπόψει
2805 3456 2824 3505 ;
2849 3439 3238 3510 Μακροθυμῶν
3270 3442 3381 3511 γὰρ
3409 3441 3502 3492 ἐπὶ
3550 3441 3668 3494 τού-

421 3526 751 3597 longanimis
803 3525 869 3579 ad
925 3526 1060 3591 hazc,
1125 3525 1402 3595 respicere
1459 3539 1554 3579 eos
1605 3539 1712 3577 non
1770 3525 1994 3580 videris.

424 3617 660 3686 Quando
719 3617 888 3686 igitur
954 3617 1406 3681 animadvertes,
1452 3625 1508 3668 et
1569 3615 1864 3668 vindictam
1915 3615 1994 3669 la-

423 3710 586 3764 eius?

495 3803 736 3856 Restitue
765 3799 1002 3853 animam
1038 3814 1209 3852 meam
1237 3816 1268 3850 a
1305 3797 1640 3868 malignitate
1671 3813 1876 3854 eorum.
1913 3798 1994 3853 Tu

424 3909 510 3947 me
542 3892 737 3952 libera,
768 3889 970 3958 inquit,
1008 3888 1076 3941 ab
1115 3889 1335 3942 inorum
1397 3889 1784 3958 perversitate,
1841 3898 1894 3943 et
1940 3889 1994 3942 in

425 3985 718 4054 pristinam
756 3981 1110 4036 securitatem
1135 3981 1383 4035 restitue.

495 4161 539 4214 Α
573 4159 809 4215 leonibus
853 4160 1177 4230 unigenitum
1214 4177 1406 4214 meam.
1446 4158 1719 4237 Frendere
1777 4160 1995 4231 prOprie

421 4254 681 4308 dicuntur
709 4252 894 4307 leones
923 4269 937 4306 :
964 4261 1359 4323 consequenter
1400 4252 1563 4323 igitur
1593 4268 1715 4308 cum
1747 4251 1996 4308 frendere

420 4361 516 4400 eos
541 4344 761 4411 dixerit,
797 4344 1144 4414 postmodum
1173 4344 1360 4400 leones
1392 4345 1559 4398 etiam
1589 4342 1913 4415 appellavit;
1941 4352 1996 4398 et

424 4438 658 4492 maxime
688 4437 758 4491 ob
785 4435 1084 4508 ingenitam
1111 4435 1194 4492 eis
1219 4437 1476 4492 saevitiam
1531 4444 1585 4490 et
1611 4436 1825 4491 insidiis
1852 4450 1994 4490 sem-

2101 3546 2233 3595 τοις,
2263 3531 2440 3593 δοκεῖς
2472 3531 2570 3602 μὲν
2599 3533 2696 3600 οὐχ
2721 3533 2852 3602 όρᾷν
2884 3532 3079 3585 ταῦτα.
3134 3532 3268 3584 Πότε
3324 3533 3418 3585 οῦν
3459 3533 3668 3602 ὲπόψει,

2103 3624 2196 3675 καὶ
2227 3623 2570 3693 ἐκδικήσειςς

2183 3790 2710 3859 Ἀποκατάστησον
2745 3793 2860 3861 τὴν
2883 3794 3095 3863 ψυχήν
3116 3813 3237 3862 μου
3264 3797 3385 3850 ἀπὸ
3413 3798 3520 3868 τῆς
3564 3815 3667 3852 κα-

2101 3886 2391 3955 κουργίας
2456 3885 2673 3940 αὐτῶν.
2720 3887 2850 3940 Ἀπὸ
2915 3890 3013 3957 τῆς
3086 3890 3428 3958 κακουργίας
3492 3892 3664 3943 αὐτῶν

2102 3977 2478 4050 ἐλευθερώσας
2508 3997 2599 4049 με,
2638 3981 3094 4051 ἀποκατάστησον
3122 3981 3202 4044 εἰς
3243 3979 3340 4051 τὴν
3400 3981 3664 4054 προτέραν

2099 4071 2346 4140 ἀφοϐίαν.

2181 4164 2324 4218 Ἀπὸ
2354 4166 2621 4220 λεόντων
2654 4166 2767 4235 τὴν
2787 4169 3092 4237 μονογενῆ
3142 4185 3282 4237 μου.
3333 4168 3406 4220 Τὸ
3452 4168 3661 4241 βρύκειν

2099 4257 2303 4326 κυρίως
2336 4257 2428 4311 ἐπὶ
2461 4259 2692 4312 λεόντων
2755 4259 2995 4327 λέγεται.
3055 4259 3392 4323 Ἀκολούθως
3443 4259 3553 4326 οῦν,
3591 4258 3661 4320 ὡς

2099 4347 2432 4420 βρύξαντας,
2474 4349 2698 4415 λέοντας
2729 4351 2978 4421 ὠνόμασε
3007 4353 3251 4418 τούτους,
3279 4352 3372 4405 διὰ
3398 4353 3496 4423 τὴν
3517 4351 3657 4420 ὡμόο

2096 4461 2233 4514 τητα
2264 4445 2358 4497 καί
2386 4444 2997 4516 ὲπιϐουλήν.Μονογενῆ
3031 4445 3087 4498 δὲ
3138 4446 3291 4514 λέγει
3346 4447 3446 4516 τὴν
3476 4444 3658 4498 ἑαυτοῦ

418 4545 514 4600 per
546 4532 816 4583 intentum
856 4529 1123 4583 animum.
1160 4526 1507 4599 Unigenitam
1543 4537 1725 4583 autem
1751 4529 1991 4582 animam

2125 4537 2273 4606 ιυχὴν
2329 4538 2447 4607 ἦτοι
2495 4537 2706 4603 ἑαυτὸν,
2746 4536 2822 4602 ὡς
2872 4539 3176 4608 εἰρήκαμεν
3214 4539 3271 4592 ἐν
3301 4539 3380 4608 τῷ
3433 4537 3655 4606 εἰκοστῷ

421 4637 604 4687 suam,
626 4621 731 4676 hoc
775 4629 859 4676 est
913 4623 1176 4692 seipsum,
1217 4635 1280 4676 ea
1305 4625 1515 4676 ratione
1544 4622 1854 4692 appellavit,
1883 4637 1990 4690 qua

421 4711 822 4765 declaravimus
880 4712 935 4765 in
984 4711 1190 4780 psalmo
1248 4727 1376 4778 ut;
1436 4727 1466 4765 a
1510 4714 1786 4767 communi
1822 4714 1986 4768 etiam

424 4817 593 4856 sensu
623 4801 728 4855 hoc
757 4802 811 4855 in
840 4801 964 4855 loco
1009 4801 1446 4856 subaudiendum
1493 4811 1577 4858 est
1627 4805 1876 4872 verbum,
1909 4821 1989 4859 re-
2022 4792 2070 4851 Β

420 4896 598 4947 stilus.

495 4985 662 5041 Vens.
697 4985 786 5040 18.
819 4985 1122 5056 Conﬁtebor
1157 4989 1253 5042 tibi
1299 4989 1354 5042 in
1409 4987 1643 5043 Ecclesia
1693 4989 1882 5052 multa,
1937 4990 1993 5043 in

421 5079 613 5147 populo
662 5080 813 5149 gravi
876 5078 1109 5133 laudabo
1171 5088 1248 5133 te.‘
1296 5080 1432 5136 Vide
1490 5097 1613 5152 quae
1673 5082 1994 5150 exponendo

421 5170 723 5224 dixerimus
753 5170 806 5224 in
832 5181 1259 5225 commemorato
1306 5173 1558 5240 superius
1609 5172 1839 5242 psalmo,
1874 5171 1946 5224 ibi
1977 5187 1991 5224 :

421 5261 487 5314 In
527 5260 763 5314 Ecclesia
795 5278 988 5330 magna
1021 5262 1303 5330 conﬁtebor
1335 5262 1427 5314 (ibi
1450 5261 1515 5316 ⁷⁸.

489 5351 556 5404 1η
589 5353 783 5421 populo
816 5355 962 5422 gravi
1001 5352 1227 5407 laudabo
1276 5363 1343 5407 te.
1399 5351 1504 5406 Pro
1561 5352 1758 5420 βαρεῖ,
1819 5353 1988 5423 gravi,

421 5444 784 5512 Symmachus
817 5446 976 5500 habet
1006 5446 1350 5516 παμπληθεῖ,
1379 5446 1662 5514 [rer/uenti.
1694 5447 1984 5500 listautem

415 5537 777 5605 praecedentis
811 5539 938 5593 dicti
971 5540 1370 5609 interpretatio.

495 5622 659 5683 Vt".
689 5628 778 5684 19.
833 5629 952 5684 Non
1015 5635 1441 5700 supergandeant
1492 5633 1579 5686 oui
1632 5631 1986 5687 adversantur

536 5815 579 5846 "
640 5813 781 5869 l‘sal.
821 5827 928 5869 ut.
963 5812 1053 5866 '13.

2097 4629 2298 4700 πρώτῳ
2328 4628 2530 4701 ψαλμῷ
2553 4645 2565 4658 ‘
2591 4632 2696 4683 ἀπὸ
2724 4630 2906 4683 κοινοῦ
2935 4632 2992 4684 δὲ
3024 4631 3303 4684 κάνταῦθα
3328 4631 3408 4696 τὸ,
3437 4632 3657 4686 ἀποκα-

2092 4717 2423 4786 τάστησον.

2177 4977 2723 5048 Ἐξομολογήσομαί
2748 4995 2848 5033 σοι
2903 4980 2973 5033 ἐν
3043 4981 3374 5048 Ἑκκ.³ησι’ᾲ
3438 4979 3653 5047 πολλῇ.

2107 5070 2194 5124 Ἐν
2228 5073 2304 5140 τῷ
2341 5071 2489 5142 αὐτῷ
2517 5071 2717 5142 ψαλμῷ
2751 5073 2912 5126 πάλιν
2946 5068 3101 5126 εἶπεν
3131 5089 3145 5105 ε
3184 5074 3288 5127 Ἐν
3333 5073 3645 5139 Ἐκκλησία

2091 5162 2318 5232 μεγάλῃ
2353 5163 2874 5233 ἐξομολογήσαιιαί
2901 5183 2999 5218 σοι
3037 5183 3052 5196 ·
3077 5166 3170 5219 καὶ
3201 5164 3354 5235 ζήτει
3387 5167 3486 5234 τὴν
3516 5165 3627 5217 ἐκεί

2092 5273 2181 5309 νου
2220 5257 2311 5309 τοῦ
2345 5256 2508 5327 ῥητοῦ
2532 5257 2811 5328 ἐξήγησιν.

2172 5348 2274 5400 Ἐν
2305 5345 2433 5413 λαῷ
2453 5348 2638 5416 βαρεῖ
2656 5349 2876 5402 αἰνέσω
2907 5364 3002 5402 σε.
3038 5348 3111 5402 Τὸ
3134 5350 3343 5420 βαρεῖ,
3379 5355 3650 5420 atansum-

2087 5441 2179 5494 θεῖ
2204 5440 2430 5510 εἴρηκεν
2486 5442 2515 5494 ὁ
2568 5443 2897 5513 Σύμμαχοςο
2942 5442 3058 5495 ἔστι
3113 5444 3169 5495 δὲ
3209 5444 3302 5496 τοῦ
3349 5445 3452 5514 πρὸ
3492 5440 3643 5498 αὑτοῦ

2090 5532 2254 5604 ῥητοῦ
2288 5532 2621 5605 ἐπεξήγησις
2656 5573 2670 5588 .

2162 5627 2218 5678 Μ
2227 5624 2258 5693 ἡ
2287 5625 2719 5696 ἐ·πιχηρε]ἠσάν
2739 5645 2837 5695 μοι
2869 5628 2922 5681 οί
2951 5627 3372 5696 ἐχθραίνοντές
3392 5647 3493 5700 μοι
3529 5627 3646 5683 ἀδί-
