3866 6584
167 473 268 538 Mil

1395 476 1603 561 COMM
1617 473 1777 534 ENT.
1829 473 1903 531 IN
1949 471 2308 531 l'SALMOS.

3340 469 3448 533 402

165 612 309 657 κως,
345 594 398 643 οἱ
419 591 745 659 μισοῦντές
772 607 848 660 με
899 590 1146 658 δωρεὰν,
1209 587 1307 641 καὶ
1374 587 1741 650 διανεύοντες

1863 584 1993 637 mihi
2021 583 2238 652 injuste.
2269 581 2360 651 qui
2390 578 2613 635 oderunt
2647 595 2726 634 me
2759 580 2926 650 gratis
2961 586 3008 633 et
3046 589 3288 633 anuuunt
3321 597 3448 634 oeu-

163 682 534 751 ὀφθαλμοῖς.
572 683 646 733 Τὸ
686 683 940 749 Δωρεὰν,
1001 683 1121 734 ἀντὶ
1171 680 1267 734 τοῦ
1318 680 1550 748 Μάτηνο
1607 678 1760 731 οὐδὲν

162 783 273 847 γὰρ
307 777 512 840 αὐτοὺς
533 776 789 845 ἠδίκησα,
835 775 868 847 ἦ
925 776 1115 845 μίσους
1171 774 1322 840 ἄξιον
1380 770 1758 840 ἐνεδειξάμην.

161 868 528 930 Διανειῐοντας
553 867 611 919 δὲ
650 866 953 936 ὀφθαλμοῖς
974 866 1122 934 λέγει
1156 865 1281 928 τοὺς
1310 864 1570 925 κόλακας,
1630 863 1762 914 οἵτι-

160 978 251 1022 νες
282 961 474 1013 ἐνευον
503 958 582 1028 τῷ
626 959 826 1024 Σαοὺλ,
867 957 1217 1028 διασύροντες
1245 955 1322 1026 τῷ
1355 954 1584 1024 τοιούτῳ
1623 953 1756 1023 σχή-

163 1069 318 1122 ματι,
348 1052 479 1106 εἴτι
505 1051 696 1120 παρὼν
727 1051 894 1105 Δαϐὶδ
923 1045 1100 1116 εἶπεν,
1128 1049 1162 1120 ἢ
1190 1048 1452 1120 ἔπραξεν.

229 1235 370 1288 Ὅτε
405 1233 537 1302 ἐμοὶ
558 1233 678 1302 μὲν
704 1233 978 1302 εἰρηνικὰ
1005 1234 1295 1300 ἐλάλουν,
1327 1233 1424 1286 καὶ
1447 1233 1540 1286 ἐπ’
1567 1231 1756 1299 ὀργὴν

161 1325 350 1378 δόλου
377 1321 805 1392 διελογίζοντο.
853 1323 1163 1394 Εἰρηνικῶς
1211 1329 1301 1394 μοι
1341 1323 1454 1393 (25)
1491 1322 1753 1392 ὡμίλουν,

162 1415 291 1484 περὶ
321 1415 544 1484 ἀγάπης
570 1414 942 1485 διαλεγόμενοι
978 1430 993 1445 ο
1046 1414 1116 1467 δι’
1160 1413 1330 1484 ὀργὴν
1363 1414 1441 1477 δὲ,
1496 1413 1563 1484 ἣν
1617 1411 1754 1464 ὑπέ-

162 1523 432 1577 κρυπτον,
467 1509 853 1561 διεσκέπτοντο
879 1507 1087 1573 δόλους,
1115 1507 1232 1561 πῶς
1255 1508 1322 1562 ἄν
1347 1524 1412 1560 με
1448 1505 1751 1580 λεληθότως

161 1603 237 1662 εἰς
274 1600 532 1655 κίνδυνον
560 1600 872 1654 ὲνσείσωσι.

225 1871 339 1925 Καὶ
405 1869 759 1924 enititur-ar
820 1869 912 1923 ἐπ’
979 1869 1087 1940 ἐμὲ
1136 1869 1201 1923 τὸ
1260 1871 1459 1938 στόμα
1503 1865 1744 1921 αὐτῶν.

1865 676 1954 729 Its.
1997 674 2205 733 Gratis.
2233 673 2337 727 hoc
2381 675 2484 738 εει,
2528 672 2650 726 sine
2679 687 2866 728 causa.
2901 669 3090 741 Neque
3139 673 3283 726 enim
3341 687 3444 743 ego

1864 767 2064 837 injuria
2094 781 2190 820 eos
2221 763 2399 828 affect,
2457 771 2552 817 aut
2603 762 2856 819 odiosum
2911 779 2998 817 me
3057 764 3287 832 prmbui.
3342 764 3446 818 Per

1864 867 2179 913 aunuentcs
2213 873 2338 910 vero
2399 857 2596 926 oculis,
2650 857 2969 912 adulatores
3031 856 3312 926 intelligit,
3348 857 3442 927 qui

1861 953 2013 1007 Sauli
2072 950 2414 1016 annucbant,
2496 950 2600 1005 hoc
2651 961 2814 1022 pacto
2871 945 3229 1004 detrahentes
3280 950 3442 1004 beato

1861 1042 2051 1106 David,
2086 1053 2181 1096 aut
2216 1059 2340 1098 eum
2376 1052 2670 1113 carpentes
2703 1045 2748 1098 si
2797 1043 2926 1114 quid
2971 1044 3270 1114 aliquando
3303 1059 3444 1115 pra:-

1859 1148 1988 1188 sens
2023 1132 2116 1187 ille
2144 1133 2392 1196 dixisset,
2438 1141 2532 1186 aut
2560 1132 2805 1188 fecisset.

1928 1225 2072 1280 Vens
2124 1225 2215 1280 20.
2243 1225 2509 1292 Quoniam
2529 1226 2658 1279 mihi
2681 1226 2891 1294 quidem
2912 1227 3134 1297 paci/ise
3155 1225 3441 1295 loqueban-

1859 1327 1968 1382 tur,
1997 1326 2047 1371 et
2074 1317 2125 1370 in
2156 1319 2238 1371 ira
2265 1317 2413 1372 dolos
2442 1315 2770 1392 cogitabant.
2797 1317 3030 1373 Paciﬁce
3055 1319 3277 1389 quidem
3324 1333 3438 1372 me-

1856 1425 1977 1463 cum
2000 1406 2128 1462 olim
2162 1405 2524 1464 versabantur
2541 1409 2714 1464 amica
2745 1412 3049 1480 loquentes,
3077 1420 3239 1480 atque
3269 1412 3440 1465 bene-

1855 1499 2146 1553 volentiam
2185 1512 2248 1553 ac
2275 1498 2625 1553 dilectionem
2677 1513 2787 1568 prze
2819 1515 2876 1553 sc
2916 1498 3057 1554 ferre
3088 1499 3435 1553 videbantur.

1855 1588 2054 1643 Verum
2105 1604 2318 1645 summa
2367 1604 2492 1643 cum
2555 1590 2658 1653 ira,
2719 1604 2884 1658 quam
2949 1589 3218 1654 celabaut,
3281 1590 3486 1646 dolos‘

1854 1681 2236 1746 contexebant,
2274 1681 2588 1751 cogitantes
2623 1695 2862 1751 quonam
2887 1695 2974 1737 me
3006 1691 3166 1753 pacto
3202 1683 3255 1736 in
3287 1682 3437 1752 peri-

1849 1773 1974 1829 cula
2011 1772 2370 1843 conﬁcerent.

1924 1863 2098 1921 Vens.
2133 1865 2225 1920 21.
2281 1864 2352 1920 Ει
2421 1865 2783 1922 dilataveruut
2841 1883 3003 1938 super
3037 1883 3118 1922 me
3163 1883 3220 1922 os
3256 1883 3432 1922 suum.

164 1961 432 2032 Ὕστερον
469 1962 526 2015 δὲ
553 1962 650 2014 καὶ
680 1962 966 2032 παρρησίᾳ
1015 1960 1359 2031 κατηγόρουν
1393 1967 1482 2030 ’με
1537 1961 1741 2013 ἀνυπο-

1861 1954 2164 2013 Novissime
2229 1957 2394 2012 ctiam
2450 1959 2628 2030 palam
2687 1974 2752 2014 ac
2795 1958 2903 2014 lato
2959 1974 3056 2014 ore
3105 1959 3438 2014 accusabant

164 2053 365 2115 στόλοις
395 2067 410 2082 ο
441 2052 469 2104 ὁ
494 2051 604 2121 γὰρ
631 2049 916 2104 λανθάνειν
962 2050 1310 2122 πειρώμενος
1361 2051 1745 2123 ὑποψιθυρῑζει

162 2146 266 2206 τοῖς
299 2143 761 2212 συνεσταλμένως
783 2143 1044 2212 χείλεσιν.

222 2317 450 2374 εἶπον*
473 2316 650 2390 Εὖγε,
681 2324 840 2397 εὖγε,
863 2317 1028 2381 εἶδον
1042 2327 1096 2379 οἱ
1116 2326 1408 2394 ὀφθαλμοὶ
1437 2324 1627 2395 ἡμῶν.
1649 2322 1740 2390 Τὸ,

165 2411 340 2484 Εὖγε,
381 2417 612 2474 παλαιὸν
632 2416 701 2492 ἦν
727 2423 1060 2492 ἐπιφώνημα
1129 2421 1239 2472 τῶν
1307 2419 1744 2488 ἐντυγχανόντων

160 2502 216 2559 οὗ
242 2500 499 2579 ηὔχοντο,
525 2513 617 2567 διὰ
650 2515 744 2568 τοῦ
773 2514 1174 2586 διπλασιασμοῦ
1207 2514 1306 2585 τὴν
1353 2514 1494 2582 ἄγαν
1552 2511 1745 2584 ἡδονὴν

164 2601 250 2653 τοῦ
285 2604 611 2673 πράγματος
651 2608 937 2677 ἐμφαῖνον.
1005 2607 1229 2670 Ἰδόντες
1265 2623 1357 2677 με,
1406 2605 1562 2676 φησὶ.
1614 2605 1745 2672 φεύ·

165 2709 322 2758 γοντα
347 2697 442 2747 καὶ
474 2698 1020 2769 ταλαιπωρούμενον,
1056 2698 1422 2768 ἐπεφώνησαν
1458 2697 1519 2749 τὸ
1569 2698 1744 2768 πρόσο

165 2801 306 2854 ρημει
349 2787 446 2856 τῆς
464 2789 825 2861 εὐφροσύνης,
857 2797 918 2843 τὸ
945 2786 1119 2860 Εὖγε,
1156 2786 1314 2858 εὖγε,
1350 2787 1378 2842 ὃ
1437 2788 1591 2859 δηλοῖ
1657 2789 1738 2855 τὸ,

167 2877 352 2942 Καλῶς
373 2877 487 2948 ἔχει
515 2881 574 2934 τὸ
599 2884 850 2952 πρᾶγμα.
880 2879 1012 2936 Εἶτα
1054 2885 1134 2948 τὸ,
1163 2882 1340 2936 Εἶδον
1361 2885 1417 2936 οἱ
1447 2882 1742 2950 ὀφθαλμοὶ

166 2968 342 3036 ἡμῶν,
373 2971 503 3026 καθ’
550 2974 744 3029 ἑαυτὸν
774 2975 1172 3043 ἀναγνωστέον,
1229 2969 1364 3037 οἷον,
1388 2974 1470 3027 ὅτι
1502 2967 1679 3032 Εἶδον,
1706 2971 1742 3026 ἃ

162 3061 440 3131 ἠθέλομεν.
500 3066 770 3120 Ἐλλείπει
815 3068 946 3138 γὰρ,
998 3069 1075 3130 ὡς
1138 3066 1468 3120 ἐνδιάθετον.
1522 3066 1591 3118 Ἢ
1647 3065 1742 3118 καὶ

165 3155 496 3223 ἡνωμὲνω;’
535 3158 733 3224 Καλῶς
772 3155 914 3213 εἳδον
943 3161 993 3214 οἱ
1044 3159 1318 3230 ὀφθαλμοὶ
1349 3157 1530 3231 ἡμῶν,
1578 3173 1739 3210 τουτ-

168 3247 322 3310 έστιν,
355 3247 587 3312 εὐκτῶς.

166 3338 294 3405 quod
326 3351 447 3396 erat
481 3341 535 3396 in
566 3344 726 3400 votis.
757 3345 837 3406 id,
893 3347 1037 3416 quod
1073 3346 1232 3401 facile
1300 3344 1646 3407 subauditur,
1683 3347 2084 3411 proptereaque
2143 3341 2440 3398 omittitur.

1852 2063 1960 2111 me,
2003 2063 2112 2103 non
2163 2050 2307 2104 clam
2335 2050 2595 2121 amplius,
2641 2060 2736 2106 aut
2776 2066 2910 2106 voce
2958 2051 3255 2106 submissa.
3297 2048 3432 2104 Nam

1858 2142 1952 2211 qui
1989 2141 2220 2212 cupiunt
2253 2143 2456 2210 latere,
2496 2145 2829 2215 compressis
2864 2137 3000 2216 pene
3050 2143 3210 2200 labiis
3239 2158 3434 2200 susur-

1853 2245 2003 2292 rant.

1918 2327 2215 2383 Dixerunt:
2243 2326 2410 2399 Euge,
2432 2343 2581 2398 euge,
2605 2329 2850 2382 viderunt
2877 2328 3020 2382 oculi
3051 2328 3241 2384 nostri.
3274 2326 3430 2397 Apud

1847 2420 2103 2490 antiquos
2153 2420 2231 2476 illi
2300 2421 2637 2484 clamabant,
2690 2419 2875 2492 Euge,
2925 2435 3072 2490 euge,
3129 2420 3222 2490 qui
3279 2433 3432 2475 asse-

1849 2511 1961 2564 cuti
1996 2511 2202 2582 aliquid
2257 2512 2498 2575 fuerant,
2542 2511 2687 2583 quod
2751 2511 3040 2582 optabant,
3098 2510 3431 2581 repetitione

1848 2603 1936 2656 illa
1973 2602 2218 2657 laetitiam
2247 2603 2542 2674 quamdam
2580 2619 2691 2674 prae
2724 2619 2783 2659 se
2819 2603 3080 2658 ferentes.
3139 2599 3426 2664 Videntes,

1847 2693 2048 2764 inquit,
2082 2695 2292 2751 inimici
2321 2697 2427 2751 mei
2474 2709 2560 2750 me
2601 2693 2923 2767 fugientem,
2980 2695 3430 2750 acclamave—runt

1845 2787 2011 2842 verba
2050 2788 2142 2843 illa
2175 2787 2396 2853 laetitiae,
2443 2787 2613 2858 Euge,
2661 2803 2809 2858 euge,
2851 2787 3229 2858 significantes
3263 2786 3430 2841 nimi.

1845 2893 1990 2945 rum,
2020 2896 2214 2937 eorum
2243 2897 2357 2937 rem
2395 2881 2534 2937 bene
2571 2895 2631 2936 se
2655 2880 2880 2936 habere.
2943 2880 3104 2948 Quod
3154 2879 3426 2950 seQuitur,

1851 2972 2096 3028 Viderunt
2121 2974 2258 3028 oculi
2297 2975 2488 3036 nostri,
2518 2988 2615 3044 per
2641 2989 2700 3028 se
2732 2969 3020 3042 legendum
3069 2981 3174 3037 est,
3199 2979 3252 3028 et
3292 2975 3426 3028 sul)-

1846 3066 2256 3137 intelligendum
2307 3075 2390 3122 est
2435 3067 2639 3137 aliquid
2690 3065 2773 3140 [ut
2803 3076 2957 3137 puta,
2988 3067 3256 3122 Viderunt
3283 3067 3424 3122 oculi

1845 3159 2018 3212 nostri
2060 3159 2273 3214 b03tem
2311 3164 2566 3214 nostrum
2601 3157 2773 3212 David
2829 3160 2972 3214 male
3005 3159 3287 3222 affectum,
3325 3175 3423 3214 seu

1843 3247 1900 3301 in
1928 3261 2171 3318 praeceps
2197 3247 2540 3320 delapsum];
2569 3249 2684 3304 vel:
2709 3247 2978 3305 Viderunt
3003 3249 3146 3305 oculi
3167 3252 3339 3306 nostri
3371 3248 3424 3303 id

2539 3341 2638 3398 Vel
2693 3343 3032 3416 coniunctim
3092 3345 3259 3401 etiam
3315 3346 3421 3417 legi

167 3444 323 3500 potest
356 3433 687 3500 versiculus,
729 3454 794 3490 ac
851 3437 896 3493 si
973 3439 1176 3494 diceret
1215 3456 1228 3491 :
1264 3437 1407 3495 Bene
1461 3437 1715 3492 viderunt
1754 3431 1897 3487 oculi
1958 3432 2135 3488 nostri
2209 3447 2336 3504 quae
2369 3433 2716 3506 Optabamus.

222 3521 408 3594 Εἶδες,
433 3527 630 3596 Κύριε.
659 3530 727 3582 Ἃ
754 3528 954 3598 δηλαδὴ
977 3530 1190 3602 πάσχω.

231 3707 317 3772 Μὴ
347 3707 856 3777 παρασιωπήσῃς.
883 3709 974 3779 Μὴ
994 3709 1297 3782 ὑπομείνῃς

171 3793 407 3858 μένοντες
441 3796 668 3850 εἰώθασι
697 3796 1087 3871 παρασιωπᾷν.

233 3886 422 3953 Κύριε,
457 3886 546 3957 μὴ
601 3889 880 3959 ἀποστῇς
929 3891 1028 3946 ἀπ’
1073 3891 1241 3964 ἐμοῦ.
1274 3894 1386 3947 Καὶ
1415 3895 1590 3958 οὐδεὶς
1640 3896 1736 3950 ἄλ-

169 3973 248 4036 λος
266 3977 574 4050 ἐπίκουρος.

243 4069 631 4140 Ἔξεγέρθητι,
654 4075 850 4142 Κύριε,
919 4075 1017 4130 καὶ
1072 4078 1342 4147 πρόσχες
1403 4078 1478 4148 τῇ
1532 4080 1732 4148 κρίσει

165 4176 292 4226 μου.
332 4161 841 4237 Ἀνθρωποπρεπῶς
873 4165 1086 4240 εἴρηται
1118 4168 1318 4236 ταῦτα,
1358 4172 1502 4226 καθά
1531 4173 1733 4226 πολλὰ·

170 4267 248 4313 κις
285 4251 508 4323 ἔφημεν.
545 4256 942 4327 Ἐξενέρθητι,
978 4261 1146 4331 φησι·
1181 4262 1552 4334 μακροθυμῶν
1600 4264 1730 4336 γὰρ,

171 4344 258 4395 καὶ
299 4346 369 4417 μὴ
399 4346 633 4419 βοηθῶν,
676 4351 856 4416 δοκεῖς
889 4355 1171 4408 καθεύδειν
1195 4373 1208 4386 ·
1235 4355 1295 4408 τὸ
1332 4357 1386 4410 δὲ
1434 4358 1728 4429 Πρὸσχες,

169 4434 403 4507 εὑρήσεις
429 4440 510 4505 εἰς
543 4441 644 4513 τὴν
669 4441 930 4515 ἐξήγησιν
962 4445 1056 4500 τοῦ
1089 4447 1308 4519 ψαλμοῦ
1357 4457 1420 4504 ε’.

1339 3728 1352 3742 ·
1389 3711 1436 3764 οἱ
1467 3710 1575 3782 γὰρ
1605 3710 1735 3764 ὐπο-

239 4616 304 4670 Ὀ
351 4620 494 4688 Θδός
529 4640 650 4691 μου
701 4623 799 4678 καὶ
839 4627 873 4679 ὁ
897 4625 1113 4694 Κύριός
1148 4644 1268 4696 μου
1294 4631 1381 4696 εἰς
1412 4628 1528 4698 τὴν
1553 4607 1732 4700 δίκηιέ

167 4725 295 4774 μου.
339 4711 468 4766 Ἀπὸ
497 4715 679 4768 κοινοῦ
711 4716 991 4771 κάνταῦθα
1024 4719 1262 4789 ληπτέον
1313 4719 1374 4774 τὸ
1407 4725 1684 4793 Πρόσχες
1711 4741 1723 4756 ·

1754 3529 1798 3586 c
1906 3523 2070 3580 Vens.
2109 3522 2200 3581 22.
2240 3524 2452 3594 Vidisti,
2495 3523 2745 3581 Domine.
2773 3526 2848 3582 Ea
2881 3525 3141 3582 nimirum
3170 3540 3292 3598 quae
3322 3541 3422 3596 pa-

1839 3617 1964 3673 tior.

1911 3707 1996 3764 Ne
2018 3709 2204 3765 sileas.
2235 3708 2313 3765 Ne
2346 3709 2579 3783 amplius
2609 3706 2912 3768 sustineas.
2945 3707 3081 3765 Nam
3115 3709 3211 3782 qui
3244 3710 3419 3768 susti-

1838 3801 1984 3866 nent,
2016 3811 2199 3857 tacere
2235 3803 2434 3858 solent.

1909 3892 1991 3948 Ne
2017 3895 2269 3950 discedas
2297 3913 2329 3949 a
2363 3911 2464 3950 me.
2485 3893 2680 3953 Nullus
2703 3898 2847 3952 enim
2882 3897 3024 3951 alius
3052 3901 3137 3951 est
3170 3891 3297 3949 mihi
3323 3893 3419 3949 ad—

1831 3984 2004 4054 jutor.

1909 4077 2074 4134 Vens.
2110 4079 2200 4133 25.
2236 4077 2498 4150 Exsurge,
2537 4079 2779 4145 Domine,
2815 4081 3030 4134 intende
3049 4037 3256 4150 judicio
3280 4095 3413 4134 meo.

1835 4170 2083 4227 lltunano
2113 4180 2285 4227 more'
2322 4171 2437 4226 haec
2469 4168 2610 4226 dicta
2645 4179 2798 4237 sunt,
2829 4181 2892 4226 ut
2925 4173 3126 4241 saepius
3153 4171 3411 4226 diximus.

1834 4263 2099 4335 Exsurge,
2142 4263 2341 4334 inquit,
2397 4263 2646 4318 Domine.
2691 4263 3048 4334 Louganimis
3097 4266 3240 4319 enim
3289 4278 3412 4318 cum

1833 4356 1932 4422 sis,
1956 4355 2222 4411 adversus
2245 4356 2500 4410 inimicos
2523 4371 2697 4421 meos,
2725 4355 2968 4410 dormire
2988 4354 3222 4425 quodam
3251 4355 3414 4409 modo

1833 4446 2056 4503 videris.
2086 4445 2149 4500 Et
2176 4447 2307 4517 quid
2340 4447 2642 4519 signiﬁcat,
2678 4446 2926 4512 Intende,
2955 4447 3078 4502 ride
3105 4446 3157 4500 in
3189 4446 3413 4513 exposi-

1794 4546 1800 4553 '
1835 4536 1984 4591 tione
2019 4535 2214 4606 psalmi
2248 4536 2446 4607 quinti.

1906 4625 2045 4680 Deus
2070 4641 2212 4679 nteus
2235 4634 2284 4678 et
2320 4624 2574 4678 Dominus
2605 4641 2750 4678 meus
2781 4625 2833 4676 in
2859 4639 3078 4678 causam
3135 4637 3329 4679 meam.
3367 4625 3412 4679 Α

1833 4715 2110 4771 communi
2161 4729 2326 4770 sensu
2380 4715 2487 4769 hoc
2532 4715 2587 4768 iu
2627 4714 2747 4769 loco
2809 4713 3145 4768 sumendum
3171 4721 3255 4769 est
3293 4729 3415 4768 vcr-

169 4795 310 4866 δὶκην
360 4799 544 4873 seem
580 4803 762 4874 κρίσιν
795 4806 1041 4864 ἐκάλεσε.
1070 4807 1143 4862 Τὸ
1181 4809 1238 4864 δέ
1263 4827 1275 4841 ·
1341 4810 1402 4864 '0
1438 4812 1583 4879 Θεός
1602 4831 1724 4882 μου

1861 4822 1988 4869 tum,
2057 4804 2307 4872 Intende,
2362 4813 2415 4861 ct
2459 4821 2556 4876 per
2609 4821 2833 4860 causam
2895 4805 3160 4876 judicium
3221 4820 3412 4863 rursus

152 4885 261 4939 exul
293 4889 556 4961 όΚύριός
585 4912 730 4962 μου,
782 4897 876 4949 καὶ
932 4897 999 4951 τὰ
1047 4899 1276 4954 τοιαῦτα
1319 4901 1720 4972 ἀλλεπάλληλα,

1861 4896 2109 4959 utclligit.
2149 4894 2246 4950 Illa
2283 4903 2466 4950 autem
2499 4897 2664 4951 verba
2705 4915 2717 4950 ε
2752 4894 2892 4949 Deus
2943 4911 3109 4962 meus,
3141 4905 3190 4949 et
3223 4895 3411 4949 Domi-

173 4979 549 5056 ἐπιτεταμένης
566 4986 944 5060 κᾱὶόλοφύχου
987 4993 1385 5064 παρακλήσεως
1415 4994 1554 5047 εἰσὶν
1595 4995 1726 5061 ἴδια,

1831 5006 1930 5045 nus
1955 5005 2122 5054 meus,
2163 4996 2216 5042 et
2247 4989 2354 5042 alia
2385 4987 2706 5058 huiusmodi
2743 4989 2905 5044 verba
2957 4989 3210 5059 repetita,
3253 4989 3411 5043 invo-

175 5069 259 5120 καὶ
287 5071 374 5124 τοῦ
406 5073 544 5143 πρὸς
572 5075 706 5129 Θεὸν
745 5079 1014 5152 διαπύρου
1059 5082 1245 5136 πόθου.
1312 5082 1470 5156 Φέρει
1536 5084 1592 5138 δὲ
1633 5086 1728 5140 καί

1864 5081 2068 5137 ationis
2106 5079 2475 5136 intensionem
2529 5081 2936 5145 demonstrant,
2964 5096 3088 5150 qua:
3121 5095 3184 5134 ex
3216 5080 3412 5134 intimo

173 5174 285 5211 τινα
325 5163 388 5217 τὰ
433 5165 659 5221 τοιαῦτα
728 5167 1089 5239 ψυχαγωγίαν
1121 5189 1138 5205 ⁶
1211 5172 1560 5244 Ἐμνήσθην
1597 5175 1726 5248 γάρν

174 5251 345 5320 φησιν,
370 5256 472 5343 τοῦ
499 5259 670 5325 Θεοῦ,
706 5261 805 5314 καὶ
834 5263 1210 5334 ηὐφράνθην.

236 5519 441 5586 Κρῖνόν
464 5543 584 5595 μοι,
608 5530 805 5597 Κύριε,
833 5531 985 5586 κατὰ
1021 5533 1134 5602 τὴν
1164 5533 1564 5607 δικαιοσύνην
1584 5558 1724 5610 μου.

242 5696 286 5728 ’⁷
313 5698 445 5757 Psal.
491 5721 674 5769 LXXVI,
708 5708 794 5761 Η.

1833 5173 2001 5229 corde
2063 5173 2374 5243 proveniat,
2419 5180 2473 5227 et
2518 5172 2759 5227 ardentis
2807 5172 2860 5226 in
2919 5171 3085 5226 Deum
3129 5169 3407 5224 desiderii.

1829 5263 2000 5320 Ati'ert
2031 5265 2177 5321 enim
2243 5262 2558 5332 hujusmodi
2611 5263 2887 5318 invocatio
2912 5261 3183 5332 quoddam
3217 5273 3406 5317 secum

1839 5358 2107 5425 solamen,
2135 5358 2292 5429 juxta
2321 5357 2455 5413 illud
2485 5375 2500 5412 :
2535 5356 2745 5412 Memor
2785 5356 2868 5425 [ui
2923 5354 3035 5420 Dei,
3092 5364 3140 5408 et
3197 5355 3407 5409 laetatus

1837 5467 1954 5505 sum
1983 5449 2052 5508 ⁷⁷.

1908 5542 2077 5599 Vens.
2103 5543 2193 5600 24.
2225 5542 2423 5598 Judica
2452 5542 2580 5597 mihi
2609 5541 2893 5598 secundum
2910 5539 3185 5611 justitiam
3215 5551 3405 5593 meam.

1503 5803 1698 5866 Varia:
1738 5803 2071 5872 lectiones.

245 5890 343 5962 ('23)
373 5895 453 5950 Al.
493 5897 693 5968 μέντοι.
