3866 6538
263 401 374 466 υρὲ

1406 403 1796 465 COMMENT.
1848 402 1930 463 lN
1970 405 2329 467 PSALMOS.

3402 414 3514 478 406

265 515 490 584 μᾶλλον,
535 513 652 566 ἀλλ’
687 515 744 565 ὲν
790 514 930 584 ἀρᾶς
967 513 1123 583 τόπῳ
1160 511 1561 584 προσαγορεύει
1597 511 1665 564 τὰ
1714 511 1843 580 μὲλ-

1962 530 2092 566 mum
2124 524 2291 578 tutam,
2319 525 2368 569 et
2394 517 2513 570 odio
2548 518 2878 588 prosequeris
2908 519 3182 574 inimicum
3221 532 3402 587 tuum;
3425 541 3517 593 ego

261 609 426 660 λοντα
479 606 861 677 συμϐήσεσθαι
914 609 1024 670 τοῖς
1072 607 1284 677 ἐχθροῖς
1319 605 1509 659 αὑτοῦ.
1564 606 1625 658 ΕΞ
1658 605 1714 656 δὲ
1748 605 1842 656 καὶ

260 700 565 770 ἐπαρᾶται,
590 698 813 768 νομικὸν
839 697 1018 759 τοῦτο,
1051 698 1194 751 καθὰ
1225 697 1570 768 προείρηται.
1603 696 1712 747 Καὶ
1749 694 1842 749 ἄλ-

261 791 371 853 λως
395 779 539 860 γάρί
574 790 763 843 Turne
809 788 1119 857 ἀδόκιμον,
1156 788 1341 858 φησιν,
1376 787 1679 856 ἀργύριον,
1740 785 1837 837 καὶ

261 882 771 950 καθαρισθήσετιιι
810 881 1007 936 (istar-
1043 882 1289 951 ἐπηρᾶτο
1331 879 1461 949 γὰρ,
1496 880 1596 949 οὐχ
1642 878 1719 941 ὡς
1747 895 1839 930 πι-

264 974 421 1042 κρὸς,
451 973 568 1024 ἁλλ’
598 972 674 1035 ὡς
706 973 1096 1042 μισοπόνηρος,
1129 972 1217 1025 ἴνα
1265 969 1676 1040 μαστικθέντες,
1734 968 1841 1036 φύ-

263 1082 414 1132 γοιεν
456 1065 558 1134 τὴν
598 1060 903 1136 μέλλουσαν
934 1065 1117 1135 κρίσιν
1140 1080 1155 1095 ⁸
1202 1064 1235 1136 ἢ
1269 1064 1356 1119 ἵνα
1394 1063 1599 1116 τούτων
1650 1061 1848 1114 παθόν.

265 1173 399 1219 των,
425 1156 604 1226 ἕτεροι
628 1158 893 1223 γένωνται
928 1156 1193 1227 βελτίους.
1216 1158 1310 1209 Δεῖ
1335 1157 1390 1209 δὲ
1416 1153 1729 1224 γινώσκειν,
1762 1152 1845 1204 ὅτι

264 1246 333 1299 τὰ
369 1236 592 1300 πλεεονα
624 1249 718 1302 καὶ⁵
751 1249 1086 1319 καιριώτερα
1113 1248 1208 1302 τοῦ
1239 1248 1454 1319 ψαλμοῦ
1485 1249 1564 1308 si;
1589 1246 1681 1298 τὸν
1711 1246 1848 1315 Χρι-

268 1337 391 1388 στὸν
420 1338 876 1408 ἐκλαμϐάνονται,
912 1340 1023 1393 τῶν
1078 1340 1389 1412 ἀχαρίστων
1437 1337 1708 1392 Ἰουδαίων
1742 1353 1844 1389 κα-

264 1428 643 1484 ταδιωκόντων
668 1432 850 1485 αὐτόν.

1952 612 2128 656 autem
2157 605 2276 656 dico
2301 605 2443 658 vobis
2474 621 2506 659 :-
2530 606 2745 676 Diligite
2793 608 3040 661 inimicos
3102 621 3325 673 vestros,
3368 613 3521 666 bene-

1948 691 2110 745 dicite
2162 694 2590 764 persequentibus
2634 713 2723 750 vos
2757 697 2851 762 ’3;
2896 698 2981 751 vel
3026 698 3149 767 quia
3204 701 3366 754 verba
3407 701 3522 755 hzec
3598 696 3603 701 ’

1948 783 2089 836 heati
2124 784 2287 837 David
2340 785 2690 855 intelligenda
2741 796 2890 850 sunt,
2952 806 3060 844 non
3115 800 3173 845 ut
3213 792 3522 862 imprecen-

1950 886 2059 941 tur,
2091 877 2186 931 sed
2215 877 2362 945 quod
2401 879 2505 957 sub
2550 880 2619 932 im
2637 881 2972 949 precationis
3010 884 3169 935 modo
3201 898 3264 937 ea
3327 885 3523 953 praedi-

1946 976 2094 1033 cant,
2119 983 2240 1037 qua:
2280 968 2521 1025 inimicis
2553 980 2820 1025 eventura
2850 983 3029 1028 erant.
3069 974 3165 1029 Vel
3208 990 3271 1030 ea
3307 976 3521 1030 ratione

1950 1059 2202 1115 fortassis
2250 1061 2609 1131 imprecatur,
2658 1079 2765 1133 qua
2816 1066 3077 1135 scriptum
3128 1076 3211 1122 est
3246 1084 3260 1123 :
3298 1066 3525 1123 Percute

1948 1158 2228 1220 argentum
2278 1151 2580 1218 reprobum,
2624 1162 2671 1206 et
2724 1155 3062 1225 purgabitur.
3118 1156 3526 1228 Imprecahatur

1950 1251 2129 1296 autem
2163 1242 2245 1298 eis
2274 1243 2471 1298 beatus
2503 1243 2694 1310 David,
2728 1262 2836 1301 non
2871 1257 2924 1302 ul
2949 1251 3181 1305 acerbus
3208 1251 3404 1318 hostis,
3427 1253 3524 1306 sed

1951 1333 2121 1387 veluti
2163 1334 2210 1387 is
2263 1334 2355 1403 qui
2408 1349 2610 1402 pravos
2668 1352 2863 1392 onmes
2919 1341 3170 1398 homines
3223 1342 3431 1408 oderat,
3471 1351 3525 1398 et

1952 1425 2177 1493 optabat
2210 1440 2306 1479 eos
2339 1427 2705 1496 caSIigatione
2736 1432 3041 1499 emendari,
3090 1444 3148 1487 ut
3181 1434 3425 1491 futurum
3460 1450 3526 1487 ae

268 1521 532 1578 horribile
577 1524 845 1594 judicium
878 1526 1194 1590 evaderent,
1242 1526 1324 1582 vel
1361 1537 1420 1581 ut
1457 1540 1555 1596 per
1600 1525 1816 1578 illorum
1860 1536 2052 1592 pinnas
2095 1520 2185 1575 alii
2222 1519 2416 1575 ﬂerent
2479 1522 2752 1579 meliores.
2837 1525 2971 1580 Illud
3022 1530 3243 1597 insuper
3326 1531 3531 1586 adden-

264 1614 398 1670 dum
492 1626 749 1686 putamus
813 1620 881 1675 ad
937 1621 1217 1691 praedicta,
1299 1621 1446 1690 quod
1493 1619 1647 1688 plura
1702 1632 1766 1672 ac
1848 1616 2061 1684 potiora
2105 1613 2282 1683 ipsius
2320 1614 2528 1695 psalmi
2574 1617 2738 1671 verba
2774 1618 3014 1674 .Christo
3104 1620 3338 1678 Domino
3384 1633 3531 1678 recte

242 1696 964 1783 accommodaripossunt,
997 1715 1264 1772 adversus
1301 1715 1711 1786 ingratissimos
1739 1710 1977 1767 Judzeos.

455 1806 559 1871 Εὶς
582 1805 759 1874 τέλος
784 1808 862 1874 τῷ
893 1810 1057 1862 παιδὶ
1081 1811 1326 1878 Κυρίου,
1354 1807 1435 1874 τῷ
1452 1806 1650 1861 Δασίδ.

833 1900 1127 1955 ΨΑΛΜΟΣ
1161 1903 1283 1956 AE'.

334 1992 681 2063 Διωκόμενος
731 1996 761 2048 6
804 1994 970 2049 Δαόὶδ
1020 1996 1126 2049 ὑπὸ
1184 1996 1380 2063 Σαοὺλ,
1430 1996 1740 2065 κατέφυγεν
1770 1997 1850 2059 εἰς

262 2082 539 2155 σπήλαιον
587 2082 1060 2153 κοιμηθησόμενος
1084 2100 1098 2114 ·
1131 2080 1266 2154 ἦλθε
1296 2084 1353 2138 δὲ
1389 2087 1485 2138 καὶ
1526 2084 1721 2146 Σαοὺλ,
1758 2082 1853 2136 καὶ⁸

258 2174 589 2244 ὲνεκυλίσθη
623 2174 817 2246 τούτῳ,
860 2175 935 2245 μὴ
980 2175 1157 2240 εἰδὼς,
1188 2177 1272 2231 ὃτι
1305 2175 1470 2230 Δαόὶδ
1503 2176 1621 2230 ἐκεῖ
1647 2177 1849 2247 κέκρυο

260 2286 424 2321 πται.
451 2269 666 2332 Νυκτὸς
687 2267 744 2321 δὲ
774 2268 939 2321 Δασὶδ
960 2268 1223 2331 ἀναστὰς,
1253 2269 1525 2338 ἐπέστησε
1555 2267 1703 2338 αὐτῷ
1735 2285 1851 2321 κοι-

264 2362 534 2431 μωμένῳ,
575 2362 671 2415 καὶ
708 2361 1061 2429 φεισάμενος,
1109 2360 1352 2429 περιεῖλε
1385 2360 1545 2429 μόνον
1567 2361 1627 2412 τὸ
1655 2359 1855 2429 πτερύ-

269 2471 395 2520 γιον
419 2454 517 2522 τῆς
549 2453 822 2518 διπλοΐδος
852 2452 1040 2513 αὑτοῦ,
1072 2455 1207 2522 πρὸς
1238 2452 1534 2518 ἀπόδειξιν.
1567 2449 1701 2506 Εἶτα
1735 2453 1854 2522 μεθ’

261 2547 487 2617 ἡμέραν
539 2546 714 2601 Σαοὺλ
748 2547 847 2612 μὲν
877 2546 1101 2617 ἐξῆλθεν
1120 2563 1135 2578 ’
1183 2546 1345 2599 Δαὸὶδ
1375 2546 1432 2599 δὲ
1462 2545 1853 2610 ἀκολουθήσας,

261 2638 465 2705 ἐϐόησε
502 2637 811 2711 πόρρωθεν,
864 2639 958 2692 καὶ
1008 2637 1286 2692 ὠνείδισεν
1332 2637 1484 2707 αὑτῷ
1518 2638 1615 2709 τὴν
1670 2637 1853 2692 ἄδικον

261 2730 586 2800 ἐπιϐουλήν.
621 2731 942 2802 Ἀνήγγειλε
984 2730 1041 2783 δὲ
1074 2730 1170 2783 καὶ
1200 2729 1301 2802 τὴν
1333 2729 1530 2783 ἑαυτοῦ
1574 2731 1855 2784 δικαιοσύ-

261 2839 388 2891 νην,
448 2822 739 2887 ὑποδείξας
770 2822 832 2876 τὸ
863 2822 965 2891 τῆς
1012 2821 1281 2884 διπλοΐδος
1340 2821 1657 2893 πτερύγιον.
1710 2824 1769 2876 '0
1800 2823 1857 2876 δὲ

2207 1800 2269 1853 In
2310 1799 2466 1867 ﬁnem
2501 1801 2601 1867 ipsi
2637 1817 2796 1869 puero
2826 1801 3037 1863 Domini
3082 1804 3274 1860 David.

2455 1892 2777 1949 PSALMUS
2816 1894 3034 1952 XXXV.

2024 1987 2162 2041 Cum
2195 1985 2393 2042 beatus
2427 1986 2600 2041 David
2628 1988 2835 2045 veritus
2869 1987 3054 2045 Saulis
3086 1994 3527 2062 persecutionem

1953 2086 2261 2134 moraretur
2312 2080 2367 2133 in
2402 2078 2642 2144 deserto,
2701 2087 2756 2133 et
2805 2079 3103 2150 quamdam
3150 2082 3259 2137 illic
3306 2084 3535 2157 spelun:

1954 2186 2074 2224 eam
2101 2170 2443 2226 dormiturus
2489 2171 2883 2239 subintrasset,
2922 2176 3074 2228 venit
3112 2190 3177 2229 eo
3200 2175 3303 2230 loci
3348 2192 3535 2246 perse-

1955 2274 2115 2318 cutor
2145 2262 2268 2333 ejus
2302 2263 2455 2330 Saul,
2502 2266 2977 2337 pernoctavitque,
3016 2268 3188 2322 latere
3222 2270 3333 2325 illic
3382 2272 3537 2341 igno-

1955 2370 2086 2410 rans
2105 2355 2319 2409 heatum
2348 2354 2539 2410 David.
2571 2354 2744 2411 Noctu
2779 2359 2963 2428 itaque
2988 2358 3153 2415 David
3172 2377 3531 2433 consurgens,

1958 2448 2133 2501 astitit
2167 2461 2333 2517 supra
2362 2448 2748 2514 dormientem,
2779 2444 3122 2521 parcensque
3157 2455 3230 2519 ei,
3259 2455 3530 2511 nuihriam

1958 2549 2171 2593 tantum
2210 2540 2469 2610 diploidis
2493 2540 2679 2609 gladio
2719 2542 2967 2609 abstulit,
3011 2547 3063 2599 in
3116 2544 3244 2601 facti
3290 2549 3536 2602 testimo-

1962 2631 2133 2684 nium.
2176 2632 2243 2685 Et
2276 2642 2495 2701 postera
2534 2632 2622 2687 die
2648 2643 2939 2688 exeuntem
2972 2635 3122 2690 illinc
3149 2636 3369 2697 Saulem
3399 2654 3534 2693 con-

1961 2732 2207 2788 secutus,
2237 2730 2459 2776 ostensa
2499 2723 2711 2778 limhria
2759 2723 3021 2794 diploidis
3055 2726 3403 2794 acclamavit,
3439 2746 3538 2783 exr

1911 2839 1919 2847 -
1956 2815 2227 2885 probraus
2270 2814 2505 2882 injustas
2538 2813 2687 2869 illius
2741 2815 2995 2878 insidias.
3031 2826 3085 2871 et
3140 2832 3297 2877 suam
3337 2818 3540 2887 pariter

260 2914 1082 2986 καταισχυνθεὶς,ὡμολόγησε.
1112 2915 1207 2968 καὶ
1234 2914 1535 2986 κατενύγη,
1565 2916 1659 2968 καὶ
1676 2916 1849 2981 λόγοις

1962 2906 2223 2975 iustitiam
2280 2905 2635 2960 annuntians.
2670 2904 2766 2961 ille
2813 2916 2993 2961 autem
3038 2908 3246 2978 pudore
3296 2909 3538 2967 suffusus

259 3007 765 3078 ἱπικεχρυσμένοις
811 3007 1003 3078 ἀγάπῃ
1051 3006 1189 3077 πρὸς
1218 3006 1384 3059 Δαὸὶδ
1415 3007 1709 3079 ἐχρήσατο.
1745 3008 1858 3060 Πά-

256 3102 346 3154 λιν
396 3101 458 3154 δὲ
506 3100 863 3155 καττδίωκεν.
924 3099 1091 3153 Ὅθεν
1156 3098 1552 3170 βαρυθυμήσας
1593 3101 1621 3152 6
1669 3100 1855 3167 A16l6,

261 3192 573 3263 συνέθηκεν
605 3192 695 3245 τὸν
724 3192 970 3264 παρόντα
996 3190 1233 3265 ψαλμὸν,
1268 3193 1701 3263 προηγουμένως
1758 3193 1858 3262 μὲν

1961 3012 2067 3051 non
2105 2997 2389 3062 mediocri,
2417 2998 2711 3053 conlessus
2750 3010 2856 3064 est,
2889 3007 2943 3055 et
2987 3011 3368 3071 compunctus,
3424 3020 3540 3058 ver-

1960 3089 2160 3159 bisque
2190 3089 2540 3145 dilectionem
2588 3090 2908 3155 simulabat,
2962 3107 3157 3149 rursus
3191 3103 3372 3149 tamcn
3410 3111 3536 3150 eum

1960 3180 2409 3249 persequebatur.
2444 3178 2599 3244 Quod
2656 3194 2799 3249 aegre
2862 3178 3042 3234 ferens
3099 3180 3291 3235 beatus
3343 3180 3535 3244 David,

259 3286 435 3339 αὐτοῦ
456 3253 907 3355 καθαπτόμενος,
938 3253 1134 3340 ἔπειτα
1157 3253 1253 3340 καὶ
1277 3253 1474 3348 παντος
1500 3253 1674 3339 δολίου
1694 3342 1699 3347 ,
1718 3253 1849 3355 στη-

1962 3278 2286 3338 praesentem
2346 3268 2613 3336 psalmum
2671 3270 2980 3338 composuit
3026 3286 3038 3323 :
3089 3270 3265 3339 primo
3317 3270 3534 3339 quidem

258 3377 499 3432 λιτεύων
519 3377 905 3447 κακοτροπίαν.
931 3379 1033 3442 Εἰς
1057 3375 1125 3431 τὸ
1147 3377 1324 3444 τέλος
1342 3378 1398 3431 δὲ
1422 3379 1850 3447 ἐπιγέγραπται,

257 3468 347 3523 δα
385 3468 451 3521 τὸ
506 3465 873 3537 προφητεύειν
909 3468 969 3520 ἐν
998 3466 1149 3537 αὐτῷ
1177 3467 1278 3537 τὴν
1310 3470 1392 3530 εἰς
1421 3467 1573 3530 τέλος
1620 3467 1853 3537 ἐκδεδη-

259 3563 427 3613 κυταν
453 3559 566 3613 τῶν
602 3559 813 3631 ἐχθρῶν
844 3557 1145 3614 ἀπώλειαν.
1184 3559 1319 3623 Παῖς
1357 3560 1415 3613 δὲ
1446 3559 1652 3631 Κυρίου
1689 3562 1718 3613 6
1744 3561 1854 3613 Δα-

257 3653 369 3716 6ὶδ,
403 3654 484 3715 ὡς
512 3654 572 3704 ὲν
605 3658 668 3722 τῇ
704 3656 980 3721 ιτινραφῇ
1013 3650 1108 3706 τοῦ
1141 3653 1605 3708 ἑπτακαιδεκάτου
1635 3652 1852 3725 ψαλμοῦ

262 3744 645 3814 προεξηγχςέν
725 3758 766 3781 ’π

333 4004 547 4066 Φησιν
574 4007 609 4060 δ
639 4005 984 4076 παράνομος
1009 4006 1118 4062 τοῦ
1146 4007 1510 4078 ἁμαρτάνειν
1544 4009 1613 4062 ἐν
1637 4008 1849 4073 ἐαυτῷ.

257 4098 332 4149 T5
367 4099 596 4165 Φησὶν,
626 4098 746 4152 ἀντὶ
792 4099 912 4161 τοῦ,
954 4098 1166 4166 Οἴεται,
1194 4103 1410 4170 νοήσεις
1431 4118 1444 4132 ·
1471 4102 1563 4155 xa‘l
1612 4102 1693 4165 τὸ,
1722 4101 1851 4166 τοῦ,

254 4189 559 4260 περιττόψ
595 4190 663 4244 ἶν’
698 4186 1004 4265 ᾖτοιοῦτος
1051 4193 1080 4245 6
1120 4190 1280 4253 νοῦς·
1312 4192 1500 4246 Οῑεται
1540 4193 1568 4243 6
1614 4194 1855 4263 παράνο-

256 4298 432 4350 νομος
461 4282 804 4353 ἁμαρτάνειν
855 4286 912 4337 ὲν
946 4282 1146 4353 ἑαυτῷ,
1200 4284 1479 4336 τουτέστιν
1508 4286 1565 4336 ἐν
1599 4284 1735 4353 μόνῃ
1784 4285 1850 4353 τῇ

254 4372 463 4427 ἑαυτοῦ
519 4374 822 4443 συνειδήσει
876 4373 1202 4442 λεληθότως,
1235 4373 1312 4437 ὡς
1345 4374 1512 4443 μηδὲν
1559 4372 1655 4427 τοῦ
1711 4374 1848 4427 Θεοῦ

252 4466 578 4534 βλέποντος.
612 4466 682 4517 Ἢ
712 4465 806 4517 xui.
831 4465 1009 4528 ἄλλως
1025 4481 1053 4503 ·-
1073 4466 1243 4534 Φησὶν
1268 4466 1327 4517 ἐν
1361 4465 1541 4534 ἐαυτῷ
1562 4467 1589 4518 ὁ
1611 4465 1853 4535 παράνο-

1958 3361 2239 3431 proposito
2266 3370 2324 3414 ut
2356 3361 2500 3416 illius
2542 3360 2732 3414 vitium
2767 3371 3038 3431 carperet,
3060 3363 3256 3416 deinde
3285 3362 3448 3416 e'iam
3481 3371 3537 3416 ut

1956 3453 2131 3508 dolosi
2163 3452 2457 3523 cujuslibet
2506 3453 2924 3523 perversitatem
2963 3461 3206 3507 notaret.
3273 3452 3338 3507 lu
3375 3454 3536 3523 ﬁnem

1956 3556 2136 3602 autem
2170 3546 2509 3612 inscribitur,
2551 3545 2678 3617 quia
2716 3546 2769 3602 in
2803 3560 2870 3599 eo
2907 3545 3261 3600 inimicorum
3313 3545 3538 3600 destru-

1957 3640 2066 3696 ctio
2096 3638 2431 3709 prmdicitnr,
2465 3655 2595 3710 qua:
2645 3641 2710 3693 ad
2741 3639 2925 3705 (incili,
2955 3653 3050 3693 seu
3081 3638 3287 3692 exitum
3347 3652 3538 3707 pervc-

1957 3735 2058 3787 nit».
2097 3731 2241 3786 Puer
2271 3741 2456 3786 autem
2485 3731 2699 3785 Domini
2745 3731 2953 3786 dicitur
2979 3729 3173 3785 beatus
3211 3728 3381 3783 David
3429 3729 3535 3783 du-

1959 3824 2085 3896 plici
2144 3824 2378 3891 ratione,
2415 3823 2876 3895 quemadmodum
2929 3838 3096 3894 supra
3158 3822 3432 3877 declaravi
3479 3823 3533 3875 in

1958 3916 2315 3987 inscriptione
2337 3918 2533 3987 psalmi
2570 3932 2700 3971 xvn.

2030 4005 2194 4063 Vens.
2219 4007 2274 4061 2.
2311 4007 2454 4061 Dicit
2488 4007 2704 4078 iniquus
2734 4008 3039 4079 delinquere
3060 4006 3113 4060 in
3143 4006 3335 4075 seipse.
3368 4003 3533 4068 Dicit,

1958 4098 2012 4155 id
2036 4106 2142 4164 est,
2169 4106 2346 4170 putat.
2390 4099 2675 4155 Articulus
2709 4109 2889 4155 autem
2922 4098 3038 4166 τοῦ,
3070 4099 3163 4169 qui
3212 4097 3446 4151 habetur
3479 4096 3533 4151 in

1956 4189 2148 4247 Graeco
2175 4201 2299 4246 ante
2327 4192 2551 4247 verbum
2592 4191 2927 4262 Delinquere,
2981 4190 3297 4263 superﬂuus
3333 4195 3439 4253 est,
3475 4198 3535 4242 ut

1958 4283 2032 4339 sit
2074 4299 2274 4339 sensus
2304 4300 2319 4339 :
2367 4283 2530 4338 Putat
2585 4276 2805 4353 iniquus
2836 4297 3064 4353 peccare
3096 4283 3148 4335 in
3185 4280 3391 4351 seipso,
3430 4281 3535 4333 hoc

1957 4382 2063 4443 est,
2100 4383 2258 4445 putat
2289 4390 2349 4431 se
2379 4376 2519 4429 clam
2556 4390 2621 4430 ac
2655 4376 2888 4429 latenter
2912 4373 3233 4442 delinquere
3267 4386 3449 4442 posse,
3481 4379 3537 4426 et

1958 4468 2012 4520 in
2047 4482 2145 4521 sua
2176 4468 2291 4522 sola
2321 4468 2685 4533 conscientia,
2714 4469 2788 4523 ita
2819 4475 2875 4521 ut
2906 4482 3084 4537 neque
3119 4466 3187 4521 ab
3214 4466 3334 4536 ipso
3369 4465 3532 4520 etiam

256 4572 384 4626 μσς,
420 4556 593 4626 ἧγουν
638 4556 863 4630 μελετᾷ,
894 4556 1035 4610 ὥστε
1088 4558 1465 4628 ἁμαρτάνεινε
1524 4556 1682 4610 τοῦτο
1744 4560 1849 4626 γὰρ

1962 4557 2072 4611 Deo
2108 4557 2277 4612 videri
2314 4558 2509 4629 possit.
2546 4557 2639 4613 Vel
2672 4560 2718 4614 si
2760 4558 3053 4613 articulum
3089 4557 3182 4611 τοῦ
3237 4556 3379 4612 nolis
3409 4570 3535 4611 esse

252 4648 396 4700 ποτὲ
448 4648 549 4715 μὲν
574 4646 1028 4717 ἑπιῤῥηματικῶς
1055 4648 1252 4712 κεῖται,
1284 4648 1544 4717 σημαῖνον
1572 4646 1631 4699 τὸ
1660 4645 1848 4700 ὥστε*

255 4736 399 4789 ποτὲ
428 4736 515 4800 δὲ,
562 4737 851 4806 περιττῶς.
891 4737 1212 4811 Παράνομος
1239 4736 1295 4791 δὲ
1325 4738 1354 4790 6
1385 4736 1578 4801 Σαοὺλ,
1609 4739 1638 4791 ὀ
1669 4738 1865 4808 μισῶν.

251 4827 349 4880 τὸν
378 4827 538 4896 φίλον
559 4826 724 4883 αὐτοῦ
764 4827 1150 4898 καὶγαμσρόν.

1960 4649 2325 4721 superﬂuum,
2355 4663 2411 4705 et
2444 4651 2660 4720 legere:
2707 4650 2846 4706 Dicit
2879 4650 3126 4722 iniquus,
3168 4660 3223 4704 ut
3250 4649 3535 4718 delinquat

1960 4742 2015 4795 in
2046 4757 2108 4797 se
2137 4742 2255 4811 ipso
2282 4758 2298 4799 :
2330 4742 2420 4797 dic
2455 4758 2680 4798 sensum
2711 4758 2860 4809 esse,
2909 4740 3399 4812 quod‘hujusmodi
3452 4739 3533 4793 vir

1954 4832 2180 4902 iniquus
2206 4833 2410 4904 cogitat
2444 4833 2499 4888 in
2527 4834 2734 4905 seipse,
2771 4835 2873 4890 hoc
2905 4843 2988 4888 est
3025 4836 3172 4887 intra
3200 4848 3277 4894 se.
3322 4842 3382 4886 ut
3406 4846 3533 4901 per-

256 4929 361 4978 cet.
415 4919 609 4973 Solent
645 4919 789 4974 enim
822 4918 1157 4988 hujusmodi.
1183 4919 1397 4975 articuli
1423 4921 1719 4991 aliquando
1748 4922 2005 4991 superﬂui
2036 4925 2242 4994 jacere,
2282 4909 2580 4997 aliquando
2612 4924 2779 4981 etiam
2810 4924 3202 4981 adverbialiter
3251 4923 3398 4994 poni.
3469 4930 3529 4975 ut

256 5010 695 5065 declaravimus.
733 5009 834 5064 Per
855 5010 1104 5080 iniquum
1135 5018 1316 5067 autem
1337 5013 1440 5066 hoc
1470 5013 1522 5066 in
1566 5013 1686 5068 loco
1732 5014 1949 5070 Saulem
1990 5016 2170 5086 ipsum
2214 5017 2490 5088 intelligit,
2525 5032 2689 5089 quem
2727 5031 2940 5073 summa
2973 5025 3188 5071 consmt
3215 5030 3375 5070 usum
3406 5028 3528 5069 esse

255 5101 580 5171 iniquitate,
610 5101 749 5156 dum
777 5102 1014 5157 amicum
1051 5101 1281 5175 [pariter
1314 5119 1378 5160 ac
1408 5105 1840 5179 heneiactorem]
1882 5115 1936 5163 et
1964 5124 2224 5181 generum
2259 5120 2414 5166 tanto
2446 5112 2572 5166 odio
2604 5118 3051 5189 prosequeretur.

320 5194 455 5246 Dim
486 5193 621 5247 ἐστι
648 5195 835 5263 φόϐος
874 5197 1024 5251 Θεοῦ
1050 5198 1347 5255 ἀπέναντι
1375 5201 1496 5255 τῶν
1523 5200 1853 5271 ὀφθαλμῶν

253 5283 475 5337 αὐτοῦ.
533 5282 640 5336 Τοῦ
685 5286 930 5340 τοιούτου
977 5287 1035 5342 δὲ
1065 5290 1173 5360 πρὸ
1201 5290 1496 5363 ὀφθαλμῶν
1525 5292 1625 5363 τῆς
1669 5292 1851 5363 ψυχῆς

253 5373 360 5426 οὐκ
392 5372 513 5426 ἔστι
554 5373 717 5442 φόϐος
740 5376 910 5430 Θεοῦ⁶
961 5378 1043 5432 διὸ
1070 5383 1166 5437 καὶ
1197 5382 1423 5437 τοιαῦτα
1449 5385 1643 5450 οἴεται,
1683 5386 1716 5455 ῆ
1752 5403 1847 5455 με·

253 5466 512 5531 λετᾶται,
544 5466 620 5537 μὴ
649 5469 1075 5541 ἐνθυμούμενος,
1103 5475 1178 5538 ὡς
1210 5476 1271 5528 οὐ
1316 5476 1561 5547 λέληθεν.

336 5560 470 5612 Ὀτι
505 5558 811 5616 ἐδόλωσεν
838 5562 1094 5619 ἐνώπιον
1118 5567 1327 5632 αὑτοῦ,
1356 5569 1461 5623 τοῦ
1487 5568 1684 5637 εὑρεῖν
1729 5567 1843 5638 τήν

253 5649 526 5718 ἀνομίαν
557 5651 767 5718 αὐτοῦ,
798 5654 896 5707 καὶ
921 5654 1202 5725 μισῆσαι.
1229 5659 1338 5713 Καὶ
1368 5660 1500 5732 γὰρ,
1533 5662 1717 5731 φησιν,
1742 5660 1843 5731 ὅρα

337 5828 389 5860 ’⁸
412 5826 606 5883 Matth.
629 5847 681 5896 v,
719 5831 812 5898 45,
841 5834 932 5890 44.
950 5884 973 5893 ._

2021 5204 2147 5260 Non
2176 5215 2253 5260 est
2286 5208 2444 5259 timor
2481 5204 2574 5258 Dei
2605 5213 2727 5258 ante
2758 5203 2940 5257 oculos
2976 5202 3109 5271 ejus.
3137 5199 3249 5254 Hoc
3269 5209 3374 5265 est,
3402 5208 3529 5256 ante

1949 5298 2139 5353 oculos
2169 5298 2369 5354 animae
2394 5297 2559 5367 hujus
2592 5296 2783 5364 iniqui.
2822 5295 2999 5363 Atque
3048 5292 3171 5346 ideo
3197 5292 3271 5347 ita
3302 5292 3525 5363 cogitat,

1947 5405 2057 5443 non
2088 5389 2433 5461 perspiciens
2465 5405 2523 5444 se
2548 5388 2717 5443 latere
2753 5401 2860 5441 non
2883 5401 3067 5455 posse.

2022 5570 2284 5635 Quoniam
2325 5567 2504 5621 dolose
2542 5565 2645 5636 egit
2678 5565 2732 5620 in
2756 5571 3028 5631 conspectu
3069 5578 3187 5627 suo,
3228 5570 3283 5613 ut
3323 5576 3510 5631 cogito.

1949 5669 2113 5716 sceret
2142 5668 2412 5728 peccatum
2446 5673 2621 5724 munt,
2657 5666 2707 5711 et
2732 5655 2953 5711 odisset.
2985 5652 3140 5722 Vide,
3168 5654 3364 5725 inquit,
3390 5649 3524 5723 quid
