  <div class='ocr_page' id='page_1' title='image "/cluster/home/n/w/nwhite01/storage/ocr_20150623/128/hvd.32044019208230/213.png"; bbox 0 0 3866 6552; ppageno 0'>
   <div class='ocr_carea' id='block_1_1' title="bbox 426 418 2019 497">
    <p class='ocr_par' dir='ltr' id='par_1_1' title="bbox 426 418 2019 489">
     <span class='ocr_line' id='line_1_1' title="bbox 426 418 2019 489; baseline 0.001 -2"><span class='ocrx_word' id='word_1_1' title='bbox 426 418 530 488; x_wconf 67' lang='grc' dir='ltr'>λίίί</span> <span class='ocrx_word' id='word_1_2' title='bbox 1635 428 2019 489; x_wconf 83' lang='lat' dir='ltr'><strong>EUTHYMH</strong></span> 
     </span>
    </p>
   </div>
   <div class='ocr_carea' id='block_1_2' title="bbox 2122 418 3666 497">
    <p class='ocr_par' dir='ltr' id='par_1_2' title="bbox 2122 430 3666 497">
     <span class='ocr_line' id='line_1_2' title="bbox 2122 430 3666 497; baseline 0.003 -6"><span class='ocrx_word' id='word_1_3' title='bbox 2122 430 2423 491; x_wconf 74' lang='lat' dir='ltr'><strong>[GABENI</strong></span> <span class='ocrx_word' id='word_1_4' title='bbox 3568 434 3666 497; x_wconf 69' lang='grc' dir='ltr'>ΗΞ</span> 
     </span>
    </p>
   </div>
   <div class='ocr_carea' id='block_1_3' title="bbox 432 532 3664 609">
    <p class='ocr_par' dir='ltr' id='par_1_3' title="bbox 432 532 3664 609">
     <span class='ocr_line' id='line_1_3' title="bbox 432 532 3664 609; baseline 0.004 -21"><span class='ocrx_word' id='word_1_5' title='bbox 432 551 611 589; x_wconf 77' lang='lat' dir='ltr'><strong>Stttttts</strong></span> <span class='ocrx_word' id='word_1_6' title='bbox 673 532 739 587; x_wconf 85' lang='lat' dir='ltr'><strong>ad</strong></span> <span class='ocrx_word' id='word_1_7' title='bbox 790 533 1043 595; x_wconf 86' lang='lat' dir='ltr'><strong>salutem,</strong></span> <span class='ocrx_word' id='word_1_8' title='bbox 1094 541 1150 586; x_wconf 76' lang='lat' dir='ltr'><strong>et</strong></span> <span class='ocrx_word' id='word_1_9' title='bbox 1195 546 1227 586; x_wconf 87' lang='lat' dir='ltr'><strong>a</strong></span> <span class='ocrx_word' id='word_1_10' title='bbox 1282 533 1453 603; x_wconf 82' lang='lat' dir='ltr'><strong>priori</strong></span> <span class='ocrx_word' id='word_1_11' title='bbox 1505 550 1696 593; x_wconf 87' lang='lat' dir='ltr'><strong>errore</strong></span> <span class='ocrx_word' id='word_1_12' title='bbox 1743 554 1854 609; x_wconf 87' lang='lat' dir='ltr'><strong>quo</strong></span> <span class='ocrx_word' id='word_1_13' title='bbox 1910 539 2312 598; x_wconf 87' lang='lat' dir='ltr'><strong>seducebamur</strong></span> <span class='ocrx_word' id='word_1_14' title='bbox 2348 545 2601 600; x_wconf 91' lang='lat' dir='ltr'><strong>intutum</strong></span> <span class='ocrx_word' id='word_1_15' title='bbox 2632 544 2840 606; x_wconf 84' lang='lat' dir='ltr'><strong>educti,</strong></span> <span class='ocrx_word' id='word_1_16' title='bbox 2913 552 2966 598; x_wconf 89' lang='lat' dir='ltr'><strong>et</strong></span> <span class='ocrx_word' id='word_1_17' title='bbox 3043 559 3255 599; x_wconf 86' lang='lat' dir='ltr'><strong>summa</strong></span> <span class='ocrx_word' id='word_1_18' title='bbox 3336 543 3519 599; x_wconf 63' lang='lat' dir='ltr'><strong>allecti</strong></span> <span class='ocrx_word' id='word_1_19' title='bbox 3588 549 3664 602; x_wconf 75' lang='lat' dir='ltr'><strong>lae-</strong></span> 
     </span>
    </p>
   </div>
   <div class='ocr_carea' id='block_1_4' title="bbox 430 630 573 682">
    <p class='ocr_par' dir='ltr' id='par_1_4' title="bbox 430 630 573 682">
     <span class='ocr_line' id='line_1_4' title="bbox 430 630 573 682; baseline 0.014 -2"><span class='ocrx_word' id='word_1_20' title='bbox 430 630 573 682; x_wconf 72' lang='lat' dir='ltr'><strong>titia.</strong></span> 
     </span>
    </p>
   </div>
   <div class='ocr_carea' id='block_1_5' title="bbox 500 720 2077 795">
    <p class='ocr_par' dir='ltr' id='par_1_5' title="bbox 500 720 2077 795">
     <span class='ocr_line' id='line_1_5' title="bbox 500 720 2077 795; baseline 0.003 -18"><span class='ocrx_word' id='word_1_21' title='bbox 500 720 666 777; x_wconf 74' lang='lat' dir='ltr'><strong>Vens.</strong></span> <span class='ocrx_word' id='word_1_22' title='bbox 696 720 783 775; x_wconf 80' lang='grc'><strong>10.</strong></span> <span class='ocrx_word' id='word_1_23' title='bbox 818 720 1085 785; x_wconf 77' lang='lat' dir='ltr'><strong>Quoniam</strong></span> <span class='ocrx_word' id='word_1_24' title='bbox 1116 723 1259 790; x_wconf 87' lang='lat' dir='ltr'><strong>apud</strong></span> <span class='ocrx_word' id='word_1_25' title='bbox 1305 732 1352 777; x_wconf 87' lang='lat' dir='ltr'><strong>te</strong></span> <span class='ocrx_word' id='word_1_26' title='bbox 1394 733 1472 778; x_wconf 83' lang='lat' dir='ltr'><strong>est</strong></span> <span class='ocrx_word' id='word_1_27' title='bbox 1527 723 1646 794; x_wconf 81' lang='lat' dir='ltr'><strong>fons</strong></span> <span class='ocrx_word' id='word_1_28' title='bbox 1678 726 1821 784; x_wconf 69' lang='lat' dir='ltr'><strong>vita.</strong></span> <span class='ocrx_word' id='word_1_29' title='bbox 1850 725 2003 795; x_wconf 85' lang='lat' dir='ltr'><strong>Quo-</strong></span> <span class='ocrx_word' id='word_1_30' title='bbox 2029 733 2077 791; x_wconf 73' lang='grc' dir='ltr'><strong>Α</strong></span> 
     </span>
    </p>
   </div>
   <div class='ocr_carea' id='block_1_6' title="bbox 434 813 2002 891">
    <p class='ocr_par' dir='ltr' id='par_1_6' title="bbox 434 813 2002 891">
     <span class='ocr_line' id='line_1_6' title="bbox 434 813 2002 891; baseline 0.005 -24"><span class='ocrx_word' id='word_1_31' title='bbox 434 814 578 868; x_wconf 84' lang='lat' dir='ltr'><strong>niam</strong></span> <span class='ocrx_word' id='word_1_32' title='bbox 640 820 696 866; x_wconf 91' lang='lat' dir='ltr'><strong>tu</strong></span> <span class='ocrx_word' id='word_1_33' title='bbox 738 826 798 868; x_wconf 83' lang='lat' dir='ltr'><strong>es</strong></span> <span class='ocrx_word' id='word_1_34' title='bbox 828 813 923 881; x_wconf 85' lang='lat' dir='ltr'><strong>qui</strong></span> <span class='ocrx_word' id='word_1_35' title='bbox 955 813 1120 866; x_wconf 86' lang='lat' dir='ltr'><strong>vitam</strong></span> <span class='ocrx_word' id='word_1_36' title='bbox 1168 823 1420 885; x_wconf 60' lang='lat' dir='ltr'><strong>praestas.</strong></span> <span class='ocrx_word' id='word_1_37' title='bbox 1462 815 1578 888; x_wconf 81' lang='lat' dir='ltr'><strong>Ego</strong></span> <span class='ocrx_word' id='word_1_38' title='bbox 1616 835 1756 880; x_wconf 89' lang='lat' dir='ltr'><strong>sum,</strong></span> <span class='ocrx_word' id='word_1_39' title='bbox 1806 819 2002 891; x_wconf 92' lang='lat' dir='ltr'><strong>inquit,</strong></span> 
     </span>
    </p>
   </div>
   <div class='ocr_carea' id='block_1_7' title="bbox 431 904 2005 976">
    <p class='ocr_par' dir='ltr' id='par_1_7' title="bbox 431 904 2005 976">
     <span class='ocr_line' id='line_1_7' title="bbox 431 904 2005 976; baseline 0.006 -18"><span class='ocrx_word' id='word_1_40' title='bbox 431 905 534 964; x_wconf 81' lang='lat' dir='ltr'><strong>via.</strong></span> <span class='ocrx_word' id='word_1_41' title='bbox 569 904 782 966; x_wconf 78' lang='lat' dir='ltr'><strong>veritas,</strong></span> <span class='ocrx_word' id='word_1_42' title='bbox 810 910 861 958; x_wconf 89' lang='lat' dir='ltr'><strong>et</strong></span> <span class='ocrx_word' id='word_1_43' title='bbox 884 904 992 957; x_wconf 77' lang='lat' dir='ltr'><strong>vita</strong></span> <span class='ocrx_word' id='word_1_44' title='bbox 1016 905 1097 972; x_wconf 82' lang='grc'><strong>⁸²;</strong></span> <span class='ocrx_word' id='word_1_45' title='bbox 1124 907 1178 959; x_wconf 88' lang='lat' dir='ltr'><strong>in</strong></span> <span class='ocrx_word' id='word_1_46' title='bbox 1203 907 1384 976; x_wconf 85' lang='lat' dir='ltr'><strong>seipse</strong></span> <span class='ocrx_word' id='word_1_47' title='bbox 1409 908 1555 962; x_wconf 85' lang='lat' dir='ltr'><strong>enim</strong></span> <span class='ocrx_word' id='word_1_48' title='bbox 1581 908 1831 967; x_wconf 85' lang='lat' dir='ltr'><strong>Christus</strong></span> <span class='ocrx_word' id='word_1_49' title='bbox 1861 912 2005 972; x_wconf 60' lang='lat' dir='ltr'><strong>vita.</strong></span> 
     </span>
    </p>
   </div>
   <div class='ocr_carea' id='block_1_8' title="bbox 432 995 2005 1067">
    <p class='ocr_par' dir='ltr' id='par_1_8' title="bbox 432 995 2005 1067">
     <span class='ocr_line' id='line_1_8' title="bbox 432 995 2005 1067; baseline 0.005 -18"><span class='ocrx_word' id='word_1_50' title='bbox 432 1005 493 1049; x_wconf 91' lang='lat' dir='ltr'><strong>ut</strong></span> <span class='ocrx_word' id='word_1_51' title='bbox 516 996 590 1050; x_wconf 87' lang='lat' dir='ltr'><strong>ita</strong></span> <span class='ocrx_word' id='word_1_52' title='bbox 627 995 827 1059; x_wconf 89' lang='lat' dir='ltr'><strong>dicam,</strong></span> <span class='ocrx_word' id='word_1_53' title='bbox 864 997 1254 1067; x_wconf 78' lang='lat' dir='ltr'><strong>scaturiginem</strong></span> <span class='ocrx_word' id='word_1_54' title='bbox 1290 999 1477 1066; x_wconf 88' lang='lat' dir='ltr'><strong>habet,</strong></span> <span class='ocrx_word' id='word_1_55' title='bbox 1508 1010 1561 1056; x_wconf 89' lang='lat' dir='ltr'><strong>et</strong></span> <span class='ocrx_word' id='word_1_56' title='bbox 1597 1017 1709 1057; x_wconf 91' lang='lat' dir='ltr'><strong>non</strong></span> <span class='ocrx_word' id='word_1_57' title='bbox 1736 1002 1957 1058; x_wconf 82' lang='lat' dir='ltr'><strong>aliunde</strong></span> <span class='ocrx_word' id='word_1_58' title='bbox 1991 1019 2005 1057; x_wconf 91' lang='lat'><strong>:</strong></span> 
     </span>
    </p>
   </div>
   <div class='ocr_carea' id='block_1_9' title="bbox 430 1087 2007 1162">
    <p class='ocr_par' dir='ltr' id='par_1_9' title="bbox 430 1087 2007 1162">
     <span class='ocr_line' id='line_1_9' title="bbox 430 1087 2007 1162; baseline 0.003 -19"><span class='ocrx_word' id='word_1_59' title='bbox 430 1087 895 1159; x_wconf 84' lang='lat' dir='ltr'><strong>quemadmodum</strong></span> <span class='ocrx_word' id='word_1_60' title='bbox 932 1090 1110 1143; x_wconf 81' lang='lat' dir='ltr'><strong>sancti</strong></span> <span class='ocrx_word' id='word_1_61' title='bbox 1161 1088 1237 1144; x_wconf 90' lang='lat' dir='ltr'><strong>illi</strong></span> <span class='ocrx_word' id='word_1_62' title='bbox 1290 1090 1530 1146; x_wconf 80' lang='lat' dir='ltr'><strong>habuere</strong></span> <span class='ocrx_word' id='word_1_63' title='bbox 1565 1094 1654 1161; x_wconf 88' lang='lat' dir='ltr'><strong>qui</strong></span> <span class='ocrx_word' id='word_1_64' title='bbox 1712 1092 2007 1162; x_wconf 83' lang='lat' dir='ltr'><strong>aliquando</strong></span> 
     </span>
    </p>
   </div>
   <div class='ocr_carea' id='block_1_10' title="bbox 433 1181 2005 1253">
    <p class='ocr_par' dir='ltr' id='par_1_10' title="bbox 433 1181 2005 1253">
     <span class='ocr_line' id='line_1_10' title="bbox 433 1181 2005 1253; baseline 0.003 -19"><span class='ocrx_word' id='word_1_65' title='bbox 433 1192 679 1236; x_wconf 87' lang='lat' dir='ltr'><strong>mortuos</strong></span> <span class='ocrx_word' id='word_1_66' title='bbox 707 1183 1081 1246; x_wconf 85' lang='lat' dir='ltr'><strong>suscitarunt;</strong></span> <span class='ocrx_word' id='word_1_67' title='bbox 1116 1182 1198 1237; x_wconf 82' lang='lat' dir='ltr'><strong>vel</strong></span> <span class='ocrx_word' id='word_1_68' title='bbox 1232 1198 1247 1237; x_wconf 86' lang='lat'><strong>:</strong></span> <span class='ocrx_word' id='word_1_69' title='bbox 1281 1181 1419 1248; x_wconf 82' lang='lat' dir='ltr'><strong>Quia</strong></span> <span class='ocrx_word' id='word_1_70' title='bbox 1460 1184 1605 1253; x_wconf 88' lang='lat' dir='ltr'><strong>apud</strong></span> <span class='ocrx_word' id='word_1_71' title='bbox 1660 1195 1712 1240; x_wconf 91' lang='lat' dir='ltr'><strong>te</strong></span> <span class='ocrx_word' id='word_1_72' title='bbox 1764 1184 2005 1250; x_wconf 83' lang='lat' dir='ltr'><strong>Patrem,</strong></span> 
     </span>
    </p>
   </div>
   <div class='ocr_carea' id='block_1_11' title="bbox 2180 720 3661 793">
    <p class='ocr_par' dir='ltr' id='par_1_11' title="bbox 2180 720 3661 793">
     <span class='ocr_line' id='line_1_11' title="bbox 2180 720 3661 793; baseline -0.003 -12"><span class='ocrx_word' id='word_1_73' title='bbox 2180 728 2300 781; x_wconf 83' lang='grc' dir='ltr'><strong>Ὅτι</strong></span> <span class='ocrx_word' id='word_1_74' title='bbox 2331 724 2490 793; x_wconf 77' lang='grc' dir='ltr'><strong>παρὰ</strong></span> <span class='ocrx_word' id='word_1_75' title='bbox 2523 725 2622 780; x_wconf 73' lang='grc' dir='ltr'><strong>σοι</strong></span> <span class='ocrx_word' id='word_1_76' title='bbox 2663 724 2827 793; x_wconf 73' lang='grc' dir='ltr'><strong>πηγὴ</strong></span> <span class='ocrx_word' id='word_1_77' title='bbox 2870 721 3036 792; x_wconf 78' lang='grc' dir='ltr'><em>ζωῆς.</em></span> <span class='ocrx_word' id='word_1_78' title='bbox 3094 721 3267 776; x_wconf 88' lang='grc' dir='ltr'><strong>Τοῦτο</strong></span> <span class='ocrx_word' id='word_1_79' title='bbox 3313 720 3561 791; x_wconf 80' lang='grc' dir='ltr'><strong>βούλεται</strong></span> <span class='ocrx_word' id='word_1_80' title='bbox 3584 723 3661 776; x_wconf 79' lang='grc' dir='ltr'><strong>λέο</strong></span> 
     </span>
    </p>
   </div>
   <div class='ocr_carea' id='block_1_12' title="bbox 2109 808 3661 885">
    <p class='ocr_par' dir='ltr' id='par_1_12' title="bbox 2109 808 3661 885">
     <span class='ocr_line' id='line_1_12' title="bbox 2109 808 3661 885; baseline -0.003 -17"><span class='ocrx_word' id='word_1_81' title='bbox 2109 830 2250 885; x_wconf 78' lang='grc' dir='ltr'><strong>γεινο</strong></span> <span class='ocrx_word' id='word_1_82' title='bbox 2274 817 2397 867; x_wconf 80' lang='grc' dir='ltr'><strong>Ὀτι</strong></span> <span class='ocrx_word' id='word_1_83' title='bbox 2420 816 2482 868; x_wconf 77' lang='grc' dir='ltr'><strong>σὺ</strong></span> <span class='ocrx_word' id='word_1_84' title='bbox 2503 808 2553 867; x_wconf 78' lang='grc' dir='ltr'><strong>εἷ</strong></span> <span class='ocrx_word' id='word_1_85' title='bbox 2572 814 2600 865; x_wconf 82' lang='grc' dir='ltr'><strong>ὁ</strong></span> <span class='ocrx_word' id='word_1_86' title='bbox 2621 811 2886 883; x_wconf 75' lang='grc' dir='ltr'><strong>ζωοδότης</strong></span> <span class='ocrx_word' id='word_1_87' title='bbox 2904 828 2917 841; x_wconf 91' lang='grc'><strong>·</strong></span> <span class='ocrx_word' id='word_1_88' title='bbox 2947 812 3041 864; x_wconf 77' lang='grc' dir='ltr'><strong>καὶ</strong></span> <span class='ocrx_word' id='word_1_89' title='bbox 3059 811 3166 878; x_wconf 76' lang='grc' dir='ltr'><strong>γάρ</strong></span> <span class='ocrx_word' id='word_1_90' title='bbox 3185 827 3348 879; x_wconf 83' lang='grc' dir='ltr'><strong>φησιν</strong></span> <span class='ocrx_word' id='word_1_91' title='bbox 3373 811 3399 863; x_wconf 85' lang='grc' dir='ltr'><em>ὸ</em></span> <span class='ocrx_word' id='word_1_92' title='bbox 3422 810 3661 879; x_wconf 69' lang='grc' dir='ltr'><strong>Χριστός</strong></span> 
     </span>
    </p>
   </div>
   <div class='ocr_carea' id='block_1_13' title="bbox 2120 901 3665 978">
    <p class='ocr_par' dir='ltr' id='par_1_13' title="bbox 2120 901 3665 978">
     <span class='ocr_line' id='line_1_13' title="bbox 2120 901 3665 978; baseline -0.005 -16"><span class='ocrx_word' id='word_1_93' title='bbox 2120 907 2269 978; x_wconf 79' lang='grc' dir='ltr'><strong>Ἐγὼ</strong></span> <span class='ocrx_word' id='word_1_94' title='bbox 2298 909 2413 977; x_wconf 79' lang='grc' dir='ltr'><strong>ειμι</strong></span> <span class='ocrx_word' id='word_1_95' title='bbox 2456 907 2492 974; x_wconf 74' lang='grc' dir='ltr'><strong><em>ἡ</em></strong></span> <span class='ocrx_word' id='word_1_96' title='bbox 2540 904 2701 971; x_wconf 75' lang='grc' dir='ltr'><strong>ὁδὸς,</strong></span> <span class='ocrx_word' id='word_1_97' title='bbox 2728 904 2823 959; x_wconf 79' lang='grc' dir='ltr'><strong>καί</strong></span> <span class='ocrx_word' id='word_1_98' title='bbox 2850 907 2888 973; x_wconf 75' lang='grc' dir='ltr'><strong><em>ἠ</em></strong></span> <span class='ocrx_word' id='word_1_99' title='bbox 2918 904 3187 970; x_wconf 73' lang='grc' dir='ltr'><strong>ἀλήθεια,</strong></span> <span class='ocrx_word' id='word_1_100' title='bbox 3221 904 3321 957; x_wconf 75' lang='grc' dir='ltr'>καὶ</span> <span class='ocrx_word' id='word_1_101' title='bbox 3363 903 3403 969; x_wconf 81' lang='grc' dir='ltr'><strong><em>ἡ</em></strong></span> <span class='ocrx_word' id='word_1_102' title='bbox 3431 901 3542 963; x_wconf 78' lang='grc' dir='ltr'><strong>ζωή</strong></span> <span class='ocrx_word' id='word_1_103' title='bbox 3568 918 3582 932; x_wconf 71' lang='grc' dir='ltr'><strong>ο</strong></span> <span class='ocrx_word' id='word_1_104' title='bbox 3616 903 3665 954; x_wconf 80' lang='grc' dir='ltr'><strong>έν</strong></span> 
     </span>
    </p>
   </div>
   <div class='ocr_carea' id='block_1_14' title="bbox 2109 993 3661 1069">
    <p class='ocr_par' dir='ltr' id='par_1_14' title="bbox 2109 993 3661 1069">
     <span class='ocr_line' id='line_1_14' title="bbox 2109 993 3661 1069; baseline -0.006 -15"><span class='ocrx_word' id='word_1_105' title='bbox 2109 999 2257 1069; x_wconf 84' lang='grc' dir='ltr'>αὑτῷ</span> <span class='ocrx_word' id='word_1_106' title='bbox 2284 999 2394 1069; x_wconf 70' lang='grc' dir='ltr'><strong>γὰρ</strong></span> <span class='ocrx_word' id='word_1_107' title='bbox 2423 994 2536 1068; x_wconf 80' lang='grc' dir='ltr'><strong>εἶχε</strong></span> <span class='ocrx_word' id='word_1_108' title='bbox 2566 995 2663 1066; x_wconf 78' lang='grc' dir='ltr'><strong>τὴν</strong></span> <span class='ocrx_word' id='word_1_109' title='bbox 2692 996 2879 1065; x_wconf 81' lang='grc' dir='ltr'><strong>βλύσιν</strong></span> <span class='ocrx_word' id='word_1_110' title='bbox 2906 996 3008 1065; x_wconf 82' lang='grc' dir='ltr'><strong>τῆς</strong></span> <span class='ocrx_word' id='word_1_111' title='bbox 3028 997 3193 1061; x_wconf 78' lang='grc' dir='ltr'><strong>ζωῆς,</strong></span> <span class='ocrx_word' id='word_1_112' title='bbox 3212 995 3307 1048; x_wconf 77' lang='grc' dir='ltr'>καὶ</span> <span class='ocrx_word' id='word_1_113' title='bbox 3333 994 3435 1047; x_wconf 79' lang='grc' dir='ltr'>οὐκ</span> <span class='ocrx_word' id='word_1_114' title='bbox 3460 993 3661 1057; x_wconf 79' lang='grc' dir='ltr'><strong>ἔξωθεν,</strong></span> 
     </span>
    </p>
   </div>
   <div class='ocr_carea' id='block_1_15' title="bbox 2108 1085 3663 1162">
    <p class='ocr_par' dir='ltr' id='par_1_15' title="bbox 2108 1085 3663 1162">
     <span class='ocr_line' id='line_1_15' title="bbox 2108 1085 3663 1162; baseline -0.005 -16"><span class='ocrx_word' id='word_1_115' title='bbox 2108 1093 2183 1156; x_wconf 86' lang='grc' dir='ltr'><strong>ὡς</strong></span> <span class='ocrx_word' id='word_1_116' title='bbox 2211 1095 2258 1146; x_wconf 85' lang='grc' dir='ltr'><strong>οἱ</strong></span> <span class='ocrx_word' id='word_1_117' title='bbox 2286 1094 2515 1162; x_wconf 75' lang='grc' dir='ltr'><strong>νεκροὺς</strong></span> <span class='ocrx_word' id='word_1_118' title='bbox 2562 1091 2959 1159; x_wconf 77' lang='grc' dir='ltr'><strong>ἀναστήσαντες</strong></span> <span class='ocrx_word' id='word_1_119' title='bbox 2994 1087 3159 1155; x_wconf 70' lang='grc' dir='ltr'><strong>ἅγιοι·</strong></span> <span class='ocrx_word' id='word_1_120' title='bbox 3185 1087 3244 1157; x_wconf 71' lang='grc' dir='ltr'><strong>ἦ·</strong></span> <span class='ocrx_word' id='word_1_121' title='bbox 3271 1086 3395 1140; x_wconf 84' lang='grc' dir='ltr'><strong>Ὅτι</strong></span> <span class='ocrx_word' id='word_1_122' title='bbox 3422 1085 3570 1154; x_wconf 71' lang='grc' dir='ltr'>παρὰ</span> <span class='ocrx_word' id='word_1_123' title='bbox 3592 1086 3663 1139; x_wconf 76' lang='grc' dir='ltr'><strong>σοὶ</strong></span> 
     </span>
    </p>
   </div>
   <div class='ocr_carea' id='block_1_16' title="bbox 2108 1176 3661 1256">
    <p class='ocr_par' dir='ltr' id='par_1_16' title="bbox 2108 1176 3661 1256">
     <span class='ocr_line' id='line_1_16' title="bbox 2108 1176 3661 1256; baseline -0.005 -22"><span class='ocrx_word' id='word_1_124' title='bbox 2108 1182 2188 1256; x_wconf 81' lang='grc' dir='ltr'><strong>τῷ</strong></span> <span class='ocrx_word' id='word_1_125' title='bbox 2237 1184 2412 1252; x_wconf 72' lang='lat' dir='ltr'><strong>Hatpi.</strong></span> <span class='ocrx_word' id='word_1_126' title='bbox 2458 1184 2485 1234; x_wconf 85' lang='grc' dir='ltr'>ὀ</span> <span class='ocrx_word' id='word_1_127' title='bbox 2516 1181 2802 1250; x_wconf 74' lang='grc' dir='ltr'><strong>ζωοδότης,</strong></span> <span class='ocrx_word' id='word_1_128' title='bbox 2862 1177 2937 1243; x_wconf 80' lang='grc' dir='ltr'><strong>ὡς</strong></span> <span class='ocrx_word' id='word_1_129' title='bbox 2969 1177 3292 1247; x_wconf 81' lang='grc' dir='ltr'><strong>ἀχώριστος.</strong></span> <span class='ocrx_word' id='word_1_130' title='bbox 3347 1176 3497 1244; x_wconf 72' lang='grc' dir='ltr'><strong>Ἐγὼ</strong></span> <span class='ocrx_word' id='word_1_131' title='bbox 3548 1178 3661 1244; x_wconf 66' lang='grc' dir='ltr'><strong>γὶρ,</strong></span> 
     </span>
    </p>
   </div>
   <div class='ocr_carea' id='block_1_17' title="bbox 431 1268 2019 1352">
    <p class='ocr_par' dir='ltr' id='par_1_17' title="bbox 431 1274 2010 1352">
     <span class='ocr_line' id='line_1_17' title="bbox 431 1274 2010 1352; baseline 0.006 -23"><span class='ocrx_word' id='word_1_132' title='bbox 431 1274 604 1332; x_wconf 73' lang='lat' dir='ltr'><strong>Filius</strong></span> <span class='ocrx_word' id='word_1_133' title='bbox 634 1277 726 1352; x_wconf 83' lang='lat' dir='ltr'><strong>qui</strong></span> <span class='ocrx_word' id='word_1_134' title='bbox 750 1278 1009 1346; x_wconf 85' lang='lat' dir='ltr'><strong>perennis</strong></span> <span class='ocrx_word' id='word_1_135' title='bbox 1046 1285 1132 1333; x_wconf 91' lang='lat' dir='ltr'><strong>est</strong></span> <span class='ocrx_word' id='word_1_136' title='bbox 1175 1277 1300 1333; x_wconf 69' lang='lat' dir='ltr'><strong>vita:</strong></span> <span class='ocrx_word' id='word_1_137' title='bbox 1350 1280 1600 1349; x_wconf 88' lang='lat' dir='ltr'><strong>largitor,</strong></span> <span class='ocrx_word' id='word_1_138' title='bbox 1629 1282 2010 1350; x_wconf 78' lang='lat' dir='ltr'><strong>inseparabilis</strong></span> 
     </span>
    </p>
   </div>
   <div class='ocr_carea' id='block_1_18' title="bbox 2122 1268 3665 1352">
    <p class='ocr_par' dir='ltr' id='par_1_18' title="bbox 2122 1268 3665 1346">
     <span class='ocr_line' id='line_1_18' title="bbox 2122 1268 3665 1346; baseline -0.006 -16"><span class='ocrx_word' id='word_1_139' title='bbox 2122 1278 2301 1346; x_wconf 69' lang='grc' dir='ltr'><strong>ρησὶν,</strong></span> <span class='ocrx_word' id='word_1_140' title='bbox 2330 1276 2400 1329; x_wconf 79' lang='grc' dir='ltr'><strong>ἐν</strong></span> <span class='ocrx_word' id='word_1_141' title='bbox 2453 1272 2532 1338; x_wconf 84' lang='grc' dir='ltr'><strong>τῷ</strong></span> <span class='ocrx_word' id='word_1_142' title='bbox 2564 1274 2771 1339; x_wconf 68' lang='lat' dir='ltr'><strong>Harp),</strong></span> <span class='ocrx_word' id='word_1_143' title='bbox 2827 1271 2921 1325; x_wconf 76' lang='grc' dir='ltr'>καὶ</span> <span class='ocrx_word' id='word_1_144' title='bbox 2960 1274 2992 1325; x_wconf 88' lang='grc' dir='ltr'><em>ό</em></span> <span class='ocrx_word' id='word_1_145' title='bbox 3029 1269 3231 1337; x_wconf 81' lang='grc' dir='ltr'><strong>Πατὴρ</strong></span> <span class='ocrx_word' id='word_1_146' title='bbox 3259 1269 3498 1336; x_wconf 57' lang='lat' dir='ltr'><strong>erepat.</strong></span> <span class='ocrx_word' id='word_1_147' title='bbox 3526 1268 3665 1337; x_wconf 65' lang='grc' dir='ltr'><strong>Πιλγὴ</strong></span> 
     </span>
    </p>
   </div>
   <div class='ocr_carea' id='block_1_19' title="bbox 434 1360 2019 1438">
    <p class='ocr_par' dir='ltr' id='par_1_19' title="bbox 434 1364 2009 1437">
     <span class='ocr_line' id='line_1_19' title="bbox 434 1364 2009 1437; baseline 0.005 -20"><span class='ocrx_word' id='word_1_148' title='bbox 434 1373 716 1432; x_wconf 74' lang='lat' dir='ltr'><strong>permanet</strong></span> <span class='ocrx_word' id='word_1_149' title='bbox 746 1381 761 1418; x_wconf 90' lang='lat'><strong>:</strong></span> <span class='ocrx_word' id='word_1_150' title='bbox 789 1364 897 1435; x_wconf 87' lang='lat' dir='ltr'><strong>Ego</strong></span> <span class='ocrx_word' id='word_1_151' title='bbox 921 1365 1090 1431; x_wconf 89' lang='lat' dir='ltr'><strong>enim,</strong></span> <span class='ocrx_word' id='word_1_152' title='bbox 1120 1367 1323 1437; x_wconf 86' lang='lat' dir='ltr'><strong>inquit,</strong></span> <span class='ocrx_word' id='word_1_153' title='bbox 1358 1368 1410 1421; x_wconf 82' lang='lat' dir='ltr'><strong>in</strong></span> <span class='ocrx_word' id='word_1_154' title='bbox 1443 1367 1630 1432; x_wconf 86' lang='lat' dir='ltr'><strong>Patre,</strong></span> <span class='ocrx_word' id='word_1_155' title='bbox 1678 1380 1728 1423; x_wconf 90' lang='lat' dir='ltr'><strong>et</strong></span> <span class='ocrx_word' id='word_1_156' title='bbox 1764 1371 1928 1425; x_wconf 83' lang='lat' dir='ltr'><strong>Pater</strong></span> <span class='ocrx_word' id='word_1_157' title='bbox 1953 1373 2009 1425; x_wconf 75' lang='lat' dir='ltr'><strong>in</strong></span> 
     </span>
    </p>
   </div>
   <div class='ocr_carea' id='block_1_20' title="bbox 2122 1360 3667 1438">
    <p class='ocr_par' dir='ltr' id='par_1_20' title="bbox 2122 1360 3667 1438">
     <span class='ocr_line' id='line_1_20' title="bbox 2122 1360 3667 1438; baseline -0.005 -16"><span class='ocrx_word' id='word_1_158' title='bbox 2122 1371 2166 1422; x_wconf 78' lang='grc' dir='ltr'><strong>5ὲ</strong></span> <span class='ocrx_word' id='word_1_159' title='bbox 2196 1367 2358 1438; x_wconf 75' lang='grc' dir='ltr'>ζωῆς,</span> <span class='ocrx_word' id='word_1_160' title='bbox 2396 1369 2478 1421; x_wconf 82' lang='grc' dir='ltr'><strong>ὅτι</strong></span> <span class='ocrx_word' id='word_1_161' title='bbox 2506 1368 2599 1420; x_wconf 70' lang='grc' dir='ltr'><strong>καὶ</strong></span> <span class='ocrx_word' id='word_1_162' title='bbox 2618 1366 2704 1419; x_wconf 70' lang='grc' dir='ltr'><strong>διὰ</strong></span> <span class='ocrx_word' id='word_1_163' title='bbox 2740 1364 3005 1436; x_wconf 80' lang='grc' dir='ltr'><strong>Ἱερεμίου</strong></span> <span class='ocrx_word' id='word_1_164' title='bbox 3040 1364 3237 1433; x_wconf 73' lang='grc' dir='ltr'><strong>φησιν’</strong></span> <span class='ocrx_word' id='word_1_165' title='bbox 3279 1360 3421 1431; x_wconf 77' lang='grc' dir='ltr'><strong>Ἐ’μὲ</strong></span> <span class='ocrx_word' id='word_1_166' title='bbox 3467 1361 3667 1431; x_wconf 67' lang='grc' dir='ltr'><strong>ἐγκατ-</strong></span> 
     </span>
    </p>
   </div>
   <div class='ocr_carea' id='block_1_21' title="bbox 434 1454 2019 1531">
    <p class='ocr_par' dir='ltr' id='par_1_21' title="bbox 434 1454 2011 1531">
     <span class='ocr_line' id='line_1_21' title="bbox 434 1454 2011 1531; baseline 0.007 -25"><span class='ocrx_word' id='word_1_167' title='bbox 434 1470 514 1508; x_wconf 85' lang='lat' dir='ltr'><strong>me</strong></span> <span class='ocrx_word' id='word_1_168' title='bbox 533 1464 610 1508; x_wconf 79' lang='lat' dir='ltr'><strong>est</strong></span> <span class='ocrx_word' id='word_1_169' title='bbox 644 1454 713 1509; x_wconf 82' lang='grc'><strong>⁸³.</strong></span> <span class='ocrx_word' id='word_1_170' title='bbox 739 1454 965 1510; x_wconf 79' lang='lat' dir='ltr'><strong>Foutem</strong></span> <span class='ocrx_word' id='word_1_171' title='bbox 997 1468 1181 1511; x_wconf 86' lang='lat' dir='ltr'><strong>autem</strong></span> <span class='ocrx_word' id='word_1_172' title='bbox 1216 1458 1338 1512; x_wconf 68' lang='lat' dir='ltr'><strong>vitae</strong></span> <span class='ocrx_word' id='word_1_173' title='bbox 1364 1460 1619 1529; x_wconf 84' lang='lat' dir='ltr'><strong>appellat,</strong></span> <span class='ocrx_word' id='word_1_174' title='bbox 1652 1462 2011 1531; x_wconf 82' lang='lat' dir='ltr'><strong>quemadmo-</strong></span> 
     </span>
    </p>
   </div>
   <div class='ocr_carea' id='block_1_22' title="bbox 2122 1454 3001 1531">
    <p class='ocr_par' dir='ltr' id='par_1_22' title="bbox 2122 1455 3001 1530">
     <span class='ocr_line' id='line_1_22' title="bbox 2122 1455 3001 1530; baseline -0.007 -13"><span class='ocrx_word' id='word_1_175' title='bbox 2122 1463 2328 1517; x_wconf 66' lang='grc' dir='ltr'><strong>ἔλιπον</strong></span> <span class='ocrx_word' id='word_1_176' title='bbox 2349 1459 2553 1530; x_wconf 71' lang='grc' dir='ltr'><strong>πηγὴν</strong></span> <span class='ocrx_word' id='word_1_177' title='bbox 2584 1457 2801 1523; x_wconf 44' lang='grc' dir='ltr'><strong>ὕδατος</strong></span> <span class='ocrx_word' id='word_1_178' title='bbox 2829 1455 3001 1524; x_wconf 75' lang='grc' dir='ltr'><strong>ζωῆς.</strong></span> 
     </span>
    </p>
   </div>
   <div class='ocr_carea' id='block_1_23' title="bbox 432 1545 2013 1622">
    <p class='ocr_par' dir='ltr' id='par_1_23' title="bbox 432 1545 2013 1622">
     <span class='ocr_line' id='line_1_23' title="bbox 432 1545 2013 1622; baseline 0.006 -24"><span class='ocrx_word' id='word_1_179' title='bbox 432 1545 561 1598; x_wconf 89' lang='lat' dir='ltr'><strong>dum</strong></span> <span class='ocrx_word' id='word_1_180' title='bbox 591 1555 644 1599; x_wconf 88' lang='lat' dir='ltr'><strong>et</strong></span> <span class='ocrx_word' id='word_1_181' title='bbox 679 1545 806 1600; x_wconf 83' lang='lat' dir='ltr'><strong>alibi</strong></span> <span class='ocrx_word' id='word_1_182' title='bbox 841 1545 1110 1602; x_wconf 77' lang='lat' dir='ltr'><strong>Jeremias</strong></span> <span class='ocrx_word' id='word_1_183' title='bbox 1139 1548 1333 1605; x_wconf 89' lang='lat' dir='ltr'><strong>dicens</strong></span> <span class='ocrx_word' id='word_1_184' title='bbox 1362 1565 1427 1604; x_wconf 78' lang='lat' dir='ltr'><strong>ex</strong></span> <span class='ocrx_word' id='word_1_185' title='bbox 1451 1550 1573 1621; x_wconf 86' lang='lat' dir='ltr'><strong>ejus</strong></span> <span class='ocrx_word' id='word_1_186' title='bbox 1619 1567 1855 1622; x_wconf 78' lang='lat' dir='ltr'><strong>persona</strong></span> <span class='ocrx_word' id='word_1_187' title='bbox 1891 1570 1906 1607; x_wconf 90' lang='lat'><strong>:</strong></span> <span class='ocrx_word' id='word_1_188' title='bbox 1940 1552 2013 1607; x_wconf 86' lang='lat' dir='ltr'><strong>Et</strong></span> 
     </span>
    </p>
   </div>
   <div class='ocr_carea' id='block_1_24' title="bbox 435 1636 1273 1706">
    <p class='ocr_par' dir='ltr' id='par_1_24' title="bbox 435 1636 1273 1706">
     <span class='ocr_line' id='line_1_24' title="bbox 435 1636 1273 1706; baseline 0.005 -18"><span class='ocrx_word' id='word_1_189' title='bbox 435 1652 515 1689; x_wconf 89' lang='lat' dir='ltr'><strong>me</strong></span> <span class='ocrx_word' id='word_1_190' title='bbox 541 1636 736 1705; x_wconf 80' lang='lat' dir='ltr'><strong>fontem</strong></span> <span class='ocrx_word' id='word_1_191' title='bbox 767 1637 888 1691; x_wconf 77' lang='lat' dir='ltr'><strong>vita:</strong></span> <span class='ocrx_word' id='word_1_192' title='bbox 920 1638 1273 1706; x_wconf 79' lang='lat' dir='ltr'><strong>reliquerunt.</strong></span> 
     </span>
    </p>
   </div>
   <div class='ocr_carea' id='block_1_25' title="bbox 512 1716 2019 1809">
    <p class='ocr_par' dir='ltr' id='par_1_25' title="bbox 512 1726 2011 1809">
     <span class='ocr_line' id='line_1_25' title="bbox 512 1726 2011 1809; baseline 0.007 -27"><span class='ocrx_word' id='word_1_193' title='bbox 512 1726 581 1783; x_wconf 83' lang='lat' dir='ltr'><strong>In</strong></span> <span class='ocrx_word' id='word_1_194' title='bbox 610 1729 809 1783; x_wconf 83' lang='lat' dir='ltr'><strong>lumine</strong></span> <span class='ocrx_word' id='word_1_195' title='bbox 833 1742 922 1785; x_wconf 91' lang='lat' dir='ltr'><strong>tuo</strong></span> <span class='ocrx_word' id='word_1_196' title='bbox 954 1730 1245 1786; x_wconf 79' lang='lat' dir='ltr'><strong>videbimus</strong></span> <span class='ocrx_word' id='word_1_197' title='bbox 1280 1733 1480 1790; x_wconf 83' lang='lat' dir='ltr'><strong>lumen.</strong></span> <span class='ocrx_word' id='word_1_198' title='bbox 1519 1733 1620 1793; x_wconf 83' lang='lat' dir='ltr'><strong>Hic</strong></span> <span class='ocrx_word' id='word_1_199' title='bbox 1680 1737 2011 1809; x_wconf 78' lang='lat' dir='ltr'><strong>theologiam</strong></span> 
     </span>
    </p>
   </div>
   <div class='ocr_carea' id='block_1_26' title="bbox 2122 1716 3669 1809">
    <p class='ocr_par' dir='ltr' id='par_1_26' title="bbox 2201 1716 3669 1799">
     <span class='ocr_line' id='line_1_26' title="bbox 2201 1716 3669 1799; baseline -0.013 -12"><span class='ocrx_word' id='word_1_200' title='bbox 2201 1734 2305 1787; x_wconf 87' lang='grc' dir='ltr'><strong>Ἐν</strong></span> <span class='ocrx_word' id='word_1_201' title='bbox 2330 1728 2409 1795; x_wconf 80' lang='grc' dir='ltr'><strong>τῷ</strong></span> <span class='ocrx_word' id='word_1_202' title='bbox 2428 1729 2576 1799; x_wconf 69' lang='grc' dir='ltr'><strong>φωτί</strong></span> <span class='ocrx_word' id='word_1_203' title='bbox 2605 1745 2721 1782; x_wconf 88' lang='grc' dir='ltr'><strong>σου</strong></span> <span class='ocrx_word' id='word_1_204' title='bbox 2746 1726 3014 1794; x_wconf 73' lang='grc' dir='ltr'><strong>ὀψόμεοα</strong></span> <span class='ocrx_word' id='word_1_205' title='bbox 3035 1721 3181 1792; x_wconf 65' lang='grc' dir='ltr'><strong>φῶς.</strong></span> <span class='ocrx_word' id='word_1_206' title='bbox 3215 1719 3387 1773; x_wconf 82' lang='grc' dir='ltr'><strong>Τοῦτο</strong></span> <span class='ocrx_word' id='word_1_207' title='bbox 3418 1716 3669 1783; x_wconf 76' lang='grc' dir='ltr'><strong>θεολογὶα,</strong></span> 
     </span>
    </p>
   </div>
   <div class='ocr_carea' id='block_1_27' title="bbox 436 1810 2019 1901">
    <p class='ocr_par' dir='ltr' id='par_1_27' title="bbox 436 1820 2017 1901">
     <span class='ocr_line' id='line_1_27' title="bbox 436 1820 2017 1901; baseline 0.008 -25"><span class='ocrx_word' id='word_1_208' title='bbox 436 1820 611 1876; x_wconf 79' lang='lat' dir='ltr'><strong>tradit</strong></span> <span class='ocrx_word' id='word_1_209' title='bbox 640 1820 708 1876; x_wconf 89' lang='lat' dir='ltr'><strong>de</strong></span> <span class='ocrx_word' id='word_1_210' title='bbox 732 1832 924 1878; x_wconf 89' lang='lat' dir='ltr'><strong>sancta</strong></span> <span class='ocrx_word' id='word_1_211' title='bbox 978 1822 1250 1881; x_wconf 87' lang='lat' dir='ltr'><strong>Trinitate</strong></span> <span class='ocrx_word' id='word_1_212' title='bbox 1271 1841 1336 1881; x_wconf 78' lang='lat' dir='ltr'><strong>es</strong></span> <span class='ocrx_word' id='word_1_213' title='bbox 1388 1826 1626 1884; x_wconf 79' lang='lat' dir='ltr'><strong>ﬁdelium</strong></span> <span class='ocrx_word' id='word_1_214' title='bbox 1668 1846 1905 1901; x_wconf 89' lang='lat' dir='ltr'><strong>persona</strong></span> <span class='ocrx_word' id='word_1_215' title='bbox 1935 1831 2017 1889; x_wconf 59' lang='lat' dir='ltr'><strong>loc</strong></span> 
     </span>
    </p>
   </div>
   <div class='ocr_carea' id='block_1_28' title="bbox 2122 1810 3670 1901">
    <p class='ocr_par' dir='ltr' id='par_1_28' title="bbox 2122 1810 3670 1901">
     <span class='ocr_line' id='line_1_28' title="bbox 2122 1810 3670 1901; baseline -0.014 -22"><span class='ocrx_word' id='word_1_216' title='bbox 2122 1826 2249 1895; x_wconf 81' lang='grc' dir='ltr'><strong>περὶ</strong></span> <span class='ocrx_word' id='word_1_217' title='bbox 2281 1824 2379 1894; x_wconf 78' lang='grc' dir='ltr'><strong>τῆς</strong></span> <span class='ocrx_word' id='word_1_218' title='bbox 2405 1823 2568 1890; x_wconf 80' lang='grc' dir='ltr'>ἁγίας</span> <span class='ocrx_word' id='word_1_219' title='bbox 2612 1819 2843 1890; x_wconf 82' lang='grc' dir='ltr'><strong>Τριάδος</strong></span> <span class='ocrx_word' id='word_1_220' title='bbox 2885 1813 3333 1886; x_wconf 75' lang='grc' dir='ltr'><strong>προφητεύουσα,</strong></span> <span class='ocrx_word' id='word_1_221' title='bbox 3365 1812 3450 1865; x_wconf 80' lang='grc' dir='ltr'><strong>ὅτι</strong></span> <span class='ocrx_word' id='word_1_222' title='bbox 3500 1810 3670 1901; x_wconf 74' lang='grc' dir='ltr'><strong>Ἱιμείς</strong></span> 
     </span>
    </p>
   </div>
   <div class='ocr_carea' id='block_1_29' title="bbox 437 1900 2019 1990">
    <p class='ocr_par' dir='ltr' id='par_1_29' title="bbox 437 1900 2016 1990">
     <span class='ocr_line' id='line_1_29' title="bbox 437 1900 2016 1990; baseline 0.009 -26"><span class='ocrx_word' id='word_1_223' title='bbox 437 1928 634 1983; x_wconf 85' lang='lat' dir='ltr'><strong>quens.</strong></span> <span class='ocrx_word' id='word_1_224' title='bbox 672 1912 807 1981; x_wconf 84' lang='lat' dir='ltr'><strong>Nos,</strong></span> <span class='ocrx_word' id='word_1_225' title='bbox 863 1916 1061 1985; x_wconf 86' lang='lat' dir='ltr'><strong>inquit,</strong></span> <span class='ocrx_word' id='word_1_226' title='bbox 1096 1932 1130 1972; x_wconf 91' lang='grc' dir='ltr'><strong>ο</strong></span> <span class='ocrx_word' id='word_1_227' title='bbox 1154 1916 1338 1984; x_wconf 86' lang='lat' dir='ltr'><strong>Pater,</strong></span> <span class='ocrx_word' id='word_1_228' title='bbox 1367 1920 1461 1990; x_wconf 89' lang='lat' dir='ltr'><strong>qui</strong></span> <span class='ocrx_word' id='word_1_229' title='bbox 1498 1900 1681 1977; x_wconf 81' lang='lat' dir='ltr'><strong>ﬁdeles</strong></span> <span class='ocrx_word' id='word_1_230' title='bbox 1705 1921 1875 1976; x_wconf 82' lang='lat' dir='ltr'><strong>futuri</strong></span> <span class='ocrx_word' id='word_1_231' title='bbox 1918 1938 2016 1978; x_wconf 86' lang='lat' dir='ltr'><strong>su-</strong></span> 
     </span>
    </p>
   </div>
   <div class='ocr_carea' id='block_1_30' title="bbox 2122 1900 3670 1990">
    <p class='ocr_par' dir='ltr' id='par_1_30' title="bbox 2122 1900 3670 1983">
     <span class='ocr_line' id='line_1_30' title="bbox 2122 1900 3670 1983; baseline -0.014 -11"><span class='ocrx_word' id='word_1_232' title='bbox 2122 1919 2166 1973; x_wconf 79' lang='lat' dir='ltr'><strong>oi</strong></span> <span class='ocrx_word' id='word_1_233' title='bbox 2191 1915 2472 1971; x_wconf 81' lang='grc' dir='ltr'><strong>πιστεύειν</strong></span> <span class='ocrx_word' id='word_1_234' title='bbox 2523 1913 2811 1983; x_wconf 76' lang='grc' dir='ltr'><strong>μέλλοντες</strong></span> <span class='ocrx_word' id='word_1_235' title='bbox 2855 1910 2944 1963; x_wconf 72' lang='grc' dir='ltr'><strong>διὰ</strong></span> <span class='ocrx_word' id='word_1_236' title='bbox 2996 1907 3092 1961; x_wconf 81' lang='grc' dir='ltr'><strong>τοῦ</strong></span> <span class='ocrx_word' id='word_1_237' title='bbox 3145 1905 3277 1960; x_wconf 84' lang='grc' dir='ltr'><strong>Υίοῦ</strong></span> <span class='ocrx_word' id='word_1_238' title='bbox 3331 1921 3427 1957; x_wconf 77' lang='grc' dir='ltr'><strong>σου</strong></span> <span class='ocrx_word' id='word_1_239' title='bbox 3478 1900 3670 1969; x_wconf 67' lang='grc' dir='ltr'><strong>Πατρὶς</strong></span> 
     </span>
    </p>
   </div>
   <div class='ocr_carea' id='block_1_31' title="bbox 447 1994 2019 2078">
    <p class='ocr_par' dir='ltr' id='par_1_31' title="bbox 447 2004 2014 2078">
     <span class='ocr_line' id='line_1_31' title="bbox 447 2004 2014 2078; baseline 0.004 -22"><span class='ocrx_word' id='word_1_240' title='bbox 447 2018 592 2067; x_wconf 89' lang='lat' dir='ltr'><strong>mus,</strong></span> <span class='ocrx_word' id='word_1_241' title='bbox 628 2018 723 2073; x_wconf 89' lang='lat' dir='ltr'><strong>per</strong></span> <span class='ocrx_word' id='word_1_242' title='bbox 765 2004 975 2069; x_wconf 88' lang='lat' dir='ltr'><strong>lumen,</strong></span> <span class='ocrx_word' id='word_1_243' title='bbox 1002 2005 1105 2061; x_wconf 87' lang='lat' dir='ltr'><strong>hoc</strong></span> <span class='ocrx_word' id='word_1_244' title='bbox 1126 2014 1230 2068; x_wconf 86' lang='lat' dir='ltr'><strong>est.</strong></span> <span class='ocrx_word' id='word_1_245' title='bbox 1266 2022 1364 2077; x_wconf 90' lang='lat' dir='ltr'><strong>per</strong></span> <span class='ocrx_word' id='word_1_246' title='bbox 1386 2008 1726 2064; x_wconf 85' lang='lat' dir='ltr'><strong>divinitatem</strong></span> <span class='ocrx_word' id='word_1_247' title='bbox 1766 2007 1888 2064; x_wconf 83' lang='lat' dir='ltr'><strong>Filii</strong></span> <span class='ocrx_word' id='word_1_248' title='bbox 1914 2010 2014 2078; x_wconf 89' lang='lat' dir='ltr'><strong>tui,</strong></span> 
     </span>
    </p>
   </div>
   <div class='ocr_carea' id='block_1_32' title="bbox 2122 1994 3671 2078">
    <p class='ocr_par' dir='ltr' id='par_1_32' title="bbox 2122 1994 3671 2078">
     <span class='ocr_line' id='line_1_32' title="bbox 2122 1994 3671 2078; baseline -0.014 -15"><span class='ocrx_word' id='word_1_249' title='bbox 2122 2005 2544 2078; x_wconf 69' lang='grc' dir='ltr'><strong>έπιγνωσὸμεθα</strong></span> <span class='ocrx_word' id='word_1_250' title='bbox 2573 2007 2633 2059; x_wconf 85' lang='grc' dir='ltr'><strong>τὸ</strong></span> <span class='ocrx_word' id='word_1_251' title='bbox 2661 2001 2886 2071; x_wconf 82' lang='grc' dir='ltr'>Πνεῦμα</span> <span class='ocrx_word' id='word_1_252' title='bbox 2911 2000 2971 2054; x_wconf 76' lang='grc' dir='ltr'><strong>τὸ</strong></span> <span class='ocrx_word' id='word_1_253' title='bbox 3002 2000 3179 2068; x_wconf 73' lang='grc' dir='ltr'><strong>ἅγιον.</strong></span> <span class='ocrx_word' id='word_1_254' title='bbox 3211 1998 3271 2050; x_wconf 81' lang='lat' dir='ltr'><strong>Ei</strong></span> <span class='ocrx_word' id='word_1_255' title='bbox 3299 1995 3411 2065; x_wconf 67' lang='grc' dir='ltr'><strong>γὰρ</strong></span> <span class='ocrx_word' id='word_1_256' title='bbox 3429 1994 3541 2061; x_wconf 61' lang='grc' dir='ltr'><strong>φῶς</strong></span> <span class='ocrx_word' id='word_1_257' title='bbox 3569 2008 3671 2060; x_wconf 68' lang='lat' dir='ltr'><strong>sp:-</strong></span> 
     </span>
    </p>
   </div>
   <div class='ocr_carea' id='block_1_33' title="bbox 442 2084 2019 2172">
    <p class='ocr_par' dir='ltr' id='par_1_33' title="bbox 442 2097 2019 2167">
     <span class='ocr_line' id='line_1_33' title="bbox 442 2097 2019 2167; baseline 0.005 -19"><span class='ocrx_word' id='word_1_258' title='bbox 442 2109 847 2165; x_wconf 79' lang='lat' dir='ltr'><strong>eognoscemus</strong></span> <span class='ocrx_word' id='word_1_259' title='bbox 877 2097 1064 2152; x_wconf 89' lang='lat' dir='ltr'><strong>lumen</strong></span> <span class='ocrx_word' id='word_1_260' title='bbox 1108 2098 1347 2167; x_wconf 84' lang='lat' dir='ltr'><strong>Spiritus</strong></span> <span class='ocrx_word' id='word_1_261' title='bbox 1376 2101 1580 2154; x_wconf 82' lang='lat' dir='ltr'><strong>sancti.</strong></span> <span class='ocrx_word' id='word_1_262' title='bbox 1619 2098 1753 2153; x_wconf 82' lang='lat' dir='ltr'><strong>Nam</strong></span> <span class='ocrx_word' id='word_1_263' title='bbox 1789 2100 1837 2154; x_wconf 91' lang='lat' dir='ltr'><strong>si</strong></span> <span class='ocrx_word' id='word_1_264' title='bbox 1881 2098 2019 2157; x_wconf 84' lang='lat' dir='ltr'><strong>Deus</strong></span> 
     </span>
    </p>
   </div>
   <div class='ocr_carea' id='block_1_34' title="bbox 2122 2084 3673 2172">
    <p class='ocr_par' dir='ltr' id='par_1_34' title="bbox 2122 2088 3673 2172">
     <span class='ocr_line' id='line_1_34' title="bbox 2122 2088 3673 2172; baseline -0.012 -16"><span class='ocrx_word' id='word_1_265' title='bbox 2122 2103 2336 2172; x_wconf 82' lang='grc' dir='ltr'>λαμπὲς</span> <span class='ocrx_word' id='word_1_266' title='bbox 2364 2104 2392 2155; x_wconf 89' lang='grc' dir='ltr'>ὁ</span> <span class='ocrx_word' id='word_1_267' title='bbox 2420 2100 2574 2163; x_wconf 70' lang='grc' dir='ltr'>Θεὸς,</span> <span class='ocrx_word' id='word_1_268' title='bbox 2617 2101 2851 2152; x_wconf 72' lang='grc' dir='ltr'><strong>ἕκαστον</strong></span> <span class='ocrx_word' id='word_1_269' title='bbox 2894 2098 3001 2149; x_wconf 84' lang='grc' dir='ltr'><strong>τῶν</strong></span> <span class='ocrx_word' id='word_1_270' title='bbox 3030 2094 3198 2166; x_wconf 79' lang='grc' dir='ltr'><strong>τριῶν</strong></span> <span class='ocrx_word' id='word_1_271' title='bbox 3245 2091 3551 2162; x_wconf 78' lang='grc' dir='ltr'><strong>προσώπων</strong></span> <span class='ocrx_word' id='word_1_272' title='bbox 3576 2088 3673 2155; x_wconf 71' lang='grc' dir='ltr'><strong>φῶς</strong></span> 
     </span>
    </p>
   </div>
   <div class='ocr_carea' id='block_1_35' title="bbox 440 2181 2019 2261">
    <p class='ocr_par' dir='ltr' id='par_1_35' title="bbox 440 2184 2017 2261">
     <span class='ocr_line' id='line_1_35' title="bbox 440 2184 2017 2261; baseline 0.006 -25"><span class='ocrx_word' id='word_1_273' title='bbox 440 2184 521 2256; x_wconf 85' lang='lat' dir='ltr'><strong>[ut</strong></span> <span class='ocrx_word' id='word_1_274' title='bbox 555 2185 732 2256; x_wconf 88' lang='lat' dir='ltr'><strong>inquit</strong></span> <span class='ocrx_word' id='word_1_275' title='bbox 760 2185 1058 2259; x_wconf 74' lang='lat' dir='ltr'><strong>Gregorius</strong></span> <span class='ocrx_word' id='word_1_276' title='bbox 1087 2187 1424 2261; x_wconf 87' lang='lat' dir='ltr'><strong>Theologus]</strong></span> <span class='ocrx_word' id='word_1_277' title='bbox 1474 2190 1655 2245; x_wconf 84' lang='lat' dir='ltr'><strong>lumen</strong></span> <span class='ocrx_word' id='word_1_278' title='bbox 1685 2190 1881 2260; x_wconf 83' lang='lat' dir='ltr'><strong>triplex</strong></span> <span class='ocrx_word' id='word_1_279' title='bbox 1912 2199 2017 2253; x_wconf 88' lang='lat' dir='ltr'><strong>est.</strong></span> 
     </span>
    </p>
   </div>
   <div class='ocr_carea' id='block_1_36' title="bbox 2122 2181 3672 2261">
    <p class='ocr_par' dir='ltr' id='par_1_36' title="bbox 2122 2181 3672 2256">
     <span class='ocr_line' id='line_1_36' title="bbox 2122 2181 3672 2256; baseline -0.012 -7"><span class='ocrx_word' id='word_1_280' title='bbox 2122 2198 2291 2249; x_wconf 72' lang='grc' dir='ltr'><strong>ἐστιν.</strong></span> <span class='ocrx_word' id='word_1_281' title='bbox 2325 2193 2387 2246; x_wconf 88' lang='grc' dir='ltr'><strong>Ὀ</strong></span> <span class='ocrx_word' id='word_1_282' title='bbox 2407 2192 2537 2255; x_wconf 67' lang='grc' dir='ltr'><strong>Υἱὸς</strong></span> <span class='ocrx_word' id='word_1_283' title='bbox 2563 2191 2745 2244; x_wconf 82' lang='grc' dir='ltr'>τοίνυν</span> <span class='ocrx_word' id='word_1_284' title='bbox 2775 2188 2980 2253; x_wconf 74' lang='grc' dir='ltr'>ἐδίδαξε</span> <span class='ocrx_word' id='word_1_285' title='bbox 2999 2185 3232 2256; x_wconf 65' lang='grc' dir='ltr'><strong>περὶτοῦ</strong></span> <span class='ocrx_word' id='word_1_286' title='bbox 3256 2183 3413 2251; x_wconf 81' lang='grc' dir='ltr'><strong>ἁγίου</strong></span> <span class='ocrx_word' id='word_1_287' title='bbox 3441 2181 3672 2250; x_wconf 67' lang='grc' dir='ltr'><strong>Πνεῦμαο</strong></span> 
     </span>
    </p>
   </div>
   <div class='ocr_carea' id='block_1_37' title="bbox 440 2272 2019 2360">
    <p class='ocr_par' dir='ltr' id='par_1_37' title="bbox 440 2281 2019 2360">
     <span class='ocr_line' id='line_1_37' title="bbox 440 2281 2019 2360; baseline 0.004 -30"><span class='ocrx_word' id='word_1_288' title='bbox 440 2288 847 2360; x_wconf 79' lang='lat' dir='ltr'><strong>consequenter</strong></span> <span class='ocrx_word' id='word_1_289' title='bbox 896 2296 1240 2350; x_wconf 67' lang='lat' dir='ltr'><strong>unaquaeque</strong></span> <span class='ocrx_word' id='word_1_290' title='bbox 1290 2282 1343 2335; x_wconf 92' lang='lat' dir='ltr'><strong>in</strong></span> <span class='ocrx_word' id='word_1_291' title='bbox 1395 2281 1504 2336; x_wconf 91' lang='lat' dir='ltr'><strong>Deo</strong></span> <span class='ocrx_word' id='word_1_292' title='bbox 1558 2297 1791 2351; x_wconf 88' lang='lat' dir='ltr'><strong>persona</strong></span> <span class='ocrx_word' id='word_1_293' title='bbox 1838 2282 2019 2337; x_wconf 87' lang='lat' dir='ltr'><strong>lumen</strong></span> 
     </span>
    </p>
   </div>
   <div class='ocr_carea' id='block_1_38' title="bbox 2122 2272 3673 2360">
    <p class='ocr_par' dir='ltr' id='par_1_38' title="bbox 2122 2272 3673 2355">
     <span class='ocr_line' id='line_1_38' title="bbox 2122 2272 3673 2355; baseline -0.012 -16"><span class='ocrx_word' id='word_1_294' title='bbox 2122 2304 2235 2350; x_wconf 83' lang='grc' dir='ltr'><strong>τος,</strong></span> <span class='ocrx_word' id='word_1_295' title='bbox 2272 2284 2633 2355; x_wconf 82' lang='grc' dir='ltr'><strong>Παράκλητον</strong></span> <span class='ocrx_word' id='word_1_296' title='bbox 2667 2281 2802 2336; x_wconf 79' lang='grc' dir='ltr'><strong>αὐτὸ</strong></span> <span class='ocrx_word' id='word_1_297' title='bbox 2832 2280 3093 2342; x_wconf 82' lang='grc' dir='ltr'><strong>καλέσας,</strong></span> <span class='ocrx_word' id='word_1_298' title='bbox 3117 2277 3212 2330; x_wconf 76' lang='grc' dir='ltr'>καὶ</span> <span class='ocrx_word' id='word_1_299' title='bbox 3230 2274 3573 2344; x_wconf 81' lang='grc' dir='ltr'><strong>ὁμοδύναμον</strong></span> <span class='ocrx_word' id='word_1_300' title='bbox 3595 2272 3673 2323; x_wconf 75' lang='grc' dir='ltr'>καὶ</span> 
     </span>
    </p>
   </div>
   <div class='ocr_carea' id='block_1_39' title="bbox 441 2364 2019 2449">
    <p class='ocr_par' dir='ltr' id='par_1_39' title="bbox 441 2369 2019 2444">
     <span class='ocr_line' id='line_1_39' title="bbox 441 2369 2019 2444; baseline 0.008 -25"><span class='ocrx_word' id='word_1_301' title='bbox 441 2369 672 2424; x_wconf 78' lang='lat' dir='ltr'><strong>dicenda</strong></span> <span class='ocrx_word' id='word_1_302' title='bbox 699 2382 805 2426; x_wconf 90' lang='lat' dir='ltr'><strong>est.</strong></span> <span class='ocrx_word' id='word_1_303' title='bbox 835 2369 1009 2426; x_wconf 86' lang='lat' dir='ltr'><strong>Filius</strong></span> <span class='ocrx_word' id='word_1_304' title='bbox 1049 2371 1216 2442; x_wconf 84' lang='lat' dir='ltr'><strong>igitur</strong></span> <span class='ocrx_word' id='word_1_305' title='bbox 1247 2373 1435 2427; x_wconf 83' lang='lat' dir='ltr'><strong>docuit</strong></span> <span class='ocrx_word' id='word_1_306' title='bbox 1460 2372 1528 2428; x_wconf 89' lang='lat' dir='ltr'><strong>de</strong></span> <span class='ocrx_word' id='word_1_307' title='bbox 1560 2372 1768 2444; x_wconf 82' lang='lat' dir='ltr'><strong>Spiritu</strong></span> <span class='ocrx_word' id='word_1_308' title='bbox 1803 2383 2019 2443; x_wconf 89' lang='lat' dir='ltr'><strong>sancto,</strong></span> 
     </span>
    </p>
   </div>
   <div class='ocr_carea' id='block_1_40' title="bbox 2122 2364 3674 2449">
    <p class='ocr_par' dir='ltr' id='par_1_40' title="bbox 2128 2364 3674 2449">
     <span class='ocr_line' id='line_1_40' title="bbox 2128 2364 3674 2449; baseline -0.012 -17"><span class='ocrx_word' id='word_1_309' title='bbox 2128 2379 2391 2449; x_wconf 76' lang='grc' dir='ltr'><strong>ἰσότιμον.</strong></span> <span class='ocrx_word' id='word_1_310' title='bbox 2432 2379 2501 2431; x_wconf 85' lang='grc' dir='ltr'><em>Ἦ</em></span> <span class='ocrx_word' id='word_1_311' title='bbox 2532 2377 2622 2429; x_wconf 76' lang='grc' dir='ltr'>καὶ</span> <span class='ocrx_word' id='word_1_312' title='bbox 2660 2376 2721 2428; x_wconf 82' lang='grc' dir='ltr'><strong>τὸ</strong></span> <span class='ocrx_word' id='word_1_313' title='bbox 2749 2373 3018 2428; x_wconf 77' lang='grc' dir='ltr'>ἀνάπαλιν</span> <span class='ocrx_word' id='word_1_314' title='bbox 3050 2370 3184 2439; x_wconf 68' lang='lat'><strong>(29).</strong></span> <span class='ocrx_word' id='word_1_315' title='bbox 3239 2366 3374 2422; x_wconf 75' lang='grc' dir='ltr'><strong>Ὑπὸ</strong></span> <span class='ocrx_word' id='word_1_316' title='bbox 3412 2365 3508 2419; x_wconf 85' lang='grc' dir='ltr'><strong>τοῦ</strong></span> <span class='ocrx_word' id='word_1_317' title='bbox 3538 2364 3674 2431; x_wconf 80' lang='grc' dir='ltr'><strong>ἁγίου</strong></span> 
     </span>
    </p>
   </div>
   <div class='ocr_carea' id='block_1_41' title="bbox 440 2454 2019 2541">
    <p class='ocr_par' dir='ltr' id='par_1_41' title="bbox 440 2459 2019 2536">
     <span class='ocr_line' id='line_1_41' title="bbox 440 2459 2019 2536; baseline 0.005 -22"><span class='ocrx_word' id='word_1_318' title='bbox 440 2459 784 2523; x_wconf 71' lang='lat' dir='ltr'><strong>l‘araeletum</strong></span> <span class='ocrx_word' id='word_1_319' title='bbox 833 2464 998 2518; x_wconf 89' lang='lat' dir='ltr'><strong>alium</strong></span> <span class='ocrx_word' id='word_1_320' title='bbox 1032 2464 1435 2520; x_wconf 83' lang='lat' dir='ltr'><strong>consolatorem</strong></span> <span class='ocrx_word' id='word_1_321' title='bbox 1461 2475 1625 2536; x_wconf 88' lang='lat' dir='ltr'><strong>atque</strong></span> <span class='ocrx_word' id='word_1_322' title='bbox 1650 2467 1819 2521; x_wconf 86' lang='lat' dir='ltr'><strong>alium</strong></span> <span class='ocrx_word' id='word_1_323' title='bbox 1856 2468 2019 2522; x_wconf 85' lang='lat' dir='ltr'><strong>advo-</strong></span> 
     </span>
    </p>
   </div>
   <div class='ocr_carea' id='block_1_42' title="bbox 2122 2454 3674 2541">
    <p class='ocr_par' dir='ltr' id='par_1_42' title="bbox 2127 2454 3674 2541">
     <span class='ocr_line' id='line_1_42' title="bbox 2127 2454 3674 2541; baseline -0.014 -16"><span class='ocrx_word' id='word_1_324' title='bbox 2127 2471 2450 2541; x_wconf 71' lang='grc' dir='ltr'><strong>Πνεύματοε</strong></span> <span class='ocrx_word' id='word_1_325' title='bbox 2480 2467 2863 2537; x_wconf 73' lang='grc' dir='ltr'><strong>φωτιζόμενοι,</strong></span> <span class='ocrx_word' id='word_1_326' title='bbox 2897 2463 3000 2525; x_wconf 77' lang='grc' dir='ltr'><strong>τὰς</strong></span> <span class='ocrx_word' id='word_1_327' title='bbox 3034 2461 3259 2523; x_wconf 79' lang='grc' dir='ltr'>ἀκτῖνας</span> <span class='ocrx_word' id='word_1_328' title='bbox 3277 2456 3372 2513; x_wconf 90' lang='grc' dir='ltr'><strong>τοῦ</strong></span> <span class='ocrx_word' id='word_1_329' title='bbox 3397 2455 3529 2510; x_wconf 81' lang='grc' dir='ltr'><strong>Υίοῦ</strong></span> <span class='ocrx_word' id='word_1_330' title='bbox 3560 2454 3674 2505; x_wconf 80' lang='grc' dir='ltr'><strong>Θεω-</strong></span> 
     </span>
    </p>
   </div>
   <div class='ocr_carea' id='block_1_43' title="bbox 442 2546 2019 2632">
    <p class='ocr_par' dir='ltr' id='par_1_43' title="bbox 442 2557 2019 2628">
     <span class='ocr_line' id='line_1_43' title="bbox 442 2557 2019 2628; baseline 0.002 -17"><span class='ocrx_word' id='word_1_331' title='bbox 442 2564 620 2611; x_wconf 75' lang='lat' dir='ltr'><strong>cntum</strong></span> <span class='ocrx_word' id='word_1_332' title='bbox 653 2570 779 2609; x_wconf 90' lang='lat' dir='ltr'><strong>eum</strong></span> <span class='ocrx_word' id='word_1_333' title='bbox 809 2557 1117 2625; x_wconf 82' lang='lat' dir='ltr'><strong>appellans,</strong></span> <span class='ocrx_word' id='word_1_334' title='bbox 1151 2557 1512 2627; x_wconf 85' lang='lat' dir='ltr'><strong>ejusdemque</strong></span> <span class='ocrx_word' id='word_1_335' title='bbox 1535 2560 1826 2625; x_wconf 80' lang='lat' dir='ltr'><strong>potestatis</strong></span> <span class='ocrx_word' id='word_1_336' title='bbox 1854 2567 2019 2628; x_wconf 83' lang='lat' dir='ltr'><strong>atque</strong></span> 
     </span>
    </p>
   </div>
   <div class='ocr_carea' id='block_1_44' title="bbox 2122 2546 3677 2632">
    <p class='ocr_par' dir='ltr' id='par_1_44' title="bbox 2126 2546 3677 2632">
     <span class='ocr_line' id='line_1_44' title="bbox 2126 2546 3677 2632; baseline -0.012 -18"><span class='ocrx_word' id='word_1_337' title='bbox 2126 2560 2329 2632; x_wconf 81' lang='grc' dir='ltr'><strong>ροῦμεν</strong></span> <span class='ocrx_word' id='word_1_338' title='bbox 2361 2558 2604 2623; x_wconf 76' lang='grc' dir='ltr'><strong>Ὀὐδείς</strong></span> <span class='ocrx_word' id='word_1_339' title='bbox 2644 2557 2754 2625; x_wconf 76' lang='grc' dir='ltr'><strong>γὰρ</strong></span> <span class='ocrx_word' id='word_1_340' title='bbox 2784 2556 3032 2609; x_wconf 80' lang='grc' dir='ltr'><strong>δύναται</strong></span> <span class='ocrx_word' id='word_1_341' title='bbox 3084 2550 3274 2606; x_wconf 68' lang='grc' dir='ltr'><strong>εἰπεῖν</strong></span> <span class='ocrx_word' id='word_1_342' title='bbox 3335 2550 3548 2615; x_wconf 60' lang='grc' dir='ltr'><strong>Κύριον</strong></span> <span class='ocrx_word' id='word_1_343' title='bbox 3580 2546 3677 2609; x_wconf 78' lang='grc' dir='ltr'><strong>Ἰηο</strong></span> 
     </span>
    </p>
   </div>
   <div class='ocr_carea' id='block_1_45' title="bbox 442 2636 2019 2720">
    <p class='ocr_par' dir='ltr' id='par_1_45' title="bbox 442 2643 2019 2720">
     <span class='ocr_line' id='line_1_45' title="bbox 442 2643 2019 2720; baseline 0.005 -25"><span class='ocrx_word' id='word_1_344' title='bbox 442 2643 685 2720; x_wconf 77' lang='lat' dir='ltr'><strong>ejusdem</strong></span> <span class='ocrx_word' id='word_1_345' title='bbox 712 2661 835 2700; x_wconf 90' lang='lat' dir='ltr'><strong>esse</strong></span> <span class='ocrx_word' id='word_1_346' title='bbox 865 2647 1093 2702; x_wconf 80' lang='lat' dir='ltr'><strong>honoris</strong></span> <span class='ocrx_word' id='word_1_347' title='bbox 1132 2646 1470 2717; x_wconf 72' lang='lat' dir='ltr'><strong>signiﬁcans.</strong></span> <span class='ocrx_word' id='word_1_348' title='bbox 1507 2646 1600 2701; x_wconf 81' lang='lat' dir='ltr'><strong>Vel</strong></span> <span class='ocrx_word' id='word_1_349' title='bbox 1634 2647 1817 2713; x_wconf 88' lang='lat' dir='ltr'><strong>aliter,</strong></span> <span class='ocrx_word' id='word_1_350' title='bbox 1849 2646 1959 2703; x_wconf 78' lang='lat' dir='ltr'><strong>Nos</strong></span> <span class='ocrx_word' id='word_1_351' title='bbox 1992 2663 2019 2702; x_wconf 88' lang='lat' dir='ltr'><strong>a</strong></span> 
     </span>
    </p>
   </div>
   <div class='ocr_carea' id='block_1_46' title="bbox 2122 2636 3676 2720">
    <p class='ocr_par' dir='ltr' id='par_1_46' title="bbox 2126 2636 3676 2718">
     <span class='ocr_line' id='line_1_46' title="bbox 2126 2636 3676 2718; baseline -0.013 -11"><span class='ocrx_word' id='word_1_352' title='bbox 2126 2652 2304 2717; x_wconf 78' lang='grc' dir='ltr'><strong>σοῦν,</strong></span> <span class='ocrx_word' id='word_1_353' title='bbox 2331 2653 2382 2705; x_wconf 83' lang='grc' dir='ltr'><strong>ει</strong></span> <span class='ocrx_word' id='word_1_354' title='bbox 2411 2652 2496 2718; x_wconf 77' lang='grc' dir='ltr'><strong>μὴ</strong></span> <span class='ocrx_word' id='word_1_355' title='bbox 2518 2651 2588 2704; x_wconf 78' lang='grc' dir='ltr'><strong>ἐν</strong></span> <span class='ocrx_word' id='word_1_356' title='bbox 2610 2645 3085 2715; x_wconf 75' lang='grc' dir='ltr'><strong>Πνεύματιάγίῳ.</strong></span> <span class='ocrx_word' id='word_1_357' title='bbox 3120 2643 3261 2705; x_wconf 76' lang='grc' dir='ltr'>Καὶ,</span> <span class='ocrx_word' id='word_1_358' title='bbox 3304 2639 3466 2709; x_wconf 79' lang='grc' dir='ltr'><strong>Ἡμῖν</strong></span> <span class='ocrx_word' id='word_1_359' title='bbox 3489 2640 3523 2691; x_wconf 82' lang='grc' dir='ltr'><em>ὁ</em></span> <span class='ocrx_word' id='word_1_360' title='bbox 3550 2636 3676 2698; x_wconf 80' lang='grc' dir='ltr'><strong>Θεὸς</strong></span> 
     </span>
    </p>
   </div>
   <div class='ocr_carea' id='block_1_47' title="bbox 446 2729 2019 2808">
    <p class='ocr_par' dir='ltr' id='par_1_47' title="bbox 446 2735 2019 2807">
     <span class='ocr_line' id='line_1_47' title="bbox 446 2735 2019 2807; baseline 0.005 -20"><span class='ocrx_word' id='word_1_361' title='bbox 446 2746 636 2791; x_wconf 78' lang='lat' dir='ltr'><strong>sancto</strong></span> <span class='ocrx_word' id='word_1_362' title='bbox 654 2735 858 2807; x_wconf 87' lang='lat' dir='ltr'><strong>Spiritu</strong></span> <span class='ocrx_word' id='word_1_363' title='bbox 892 2739 1183 2793; x_wconf 88' lang='lat' dir='ltr'><strong>iiluminati</strong></span> <span class='ocrx_word' id='word_1_364' title='bbox 1235 2739 1419 2794; x_wconf 89' lang='lat' dir='ltr'><strong>radios</strong></span> <span class='ocrx_word' id='word_1_365' title='bbox 1454 2740 1595 2795; x_wconf 85' lang='lat' dir='ltr'><strong>lucis</strong></span> <span class='ocrx_word' id='word_1_366' title='bbox 1619 2739 1740 2794; x_wconf 82' lang='lat' dir='ltr'><strong>Filii</strong></span> <span class='ocrx_word' id='word_1_367' title='bbox 1776 2741 1854 2794; x_wconf 90' lang='lat' dir='ltr'><strong>tui</strong></span> <span class='ocrx_word' id='word_1_368' title='bbox 1889 2755 2019 2795; x_wconf 90' lang='lat' dir='ltr'><strong>con-</strong></span> 
     </span>
    </p>
   </div>
   <div class='ocr_carea' id='block_1_48' title="bbox 2122 2729 3558 2808">
    <p class='ocr_par' dir='ltr' id='par_1_48' title="bbox 2129 2729 3558 2808">
     <span class='ocr_line' id='line_1_48' title="bbox 2129 2729 3558 2808; baseline -0.01 -13"><span class='ocrx_word' id='word_1_369' title='bbox 2129 2739 2490 2808; x_wconf 72' lang='grc' dir='ltr'><strong>ἁπεκάλυψε</strong></span> <span class='ocrx_word' id='word_1_370' title='bbox 2506 2739 2604 2792; x_wconf 80' lang='grc' dir='ltr'><strong>διὰ</strong></span> <span class='ocrx_word' id='word_1_371' title='bbox 2631 2737 2736 2792; x_wconf 85' lang='grc' dir='ltr'><strong>τοῦ</strong></span> <span class='ocrx_word' id='word_1_372' title='bbox 2771 2738 2944 2805; x_wconf 79' lang='grc' dir='ltr'><strong>ἁγίου</strong></span> <span class='ocrx_word' id='word_1_373' title='bbox 2983 2735 3328 2802; x_wconf 76' lang='grc' dir='ltr'><strong>Πνεύματος</strong></span> <span class='ocrx_word' id='word_1_374' title='bbox 3351 2729 3558 2783; x_wconf 78' lang='grc' dir='ltr'><strong>αὐτοῦ.</strong></span> 
     </span>
    </p>
   </div>
   <div class='ocr_carea' id='block_1_49' title="bbox 446 2819 3678 2902">
    <p class='ocr_par' dir='ltr' id='par_1_49' title="bbox 446 2819 3678 2902">
     <span class='ocr_line' id='line_1_49' title="bbox 446 2819 3678 2902; baseline -0.002 -21"><span class='ocrx_word' id='word_1_375' title='bbox 446 2829 854 2898; x_wconf 71' lang='lat' dir='ltr'><strong>templabimur.</strong></span> <span class='ocrx_word' id='word_1_376' title='bbox 885 2830 1056 2886; x_wconf 84' lang='lat' dir='ltr'><strong>Nemo</strong></span> <span class='ocrx_word' id='word_1_377' title='bbox 1113 2833 1252 2886; x_wconf 84' lang='lat' dir='ltr'><strong>enim</strong></span> <span class='ocrx_word' id='word_1_378' title='bbox 1293 2839 1463 2901; x_wconf 87' lang='lat' dir='ltr'><strong>potest</strong></span> <span class='ocrx_word' id='word_1_379' title='bbox 1515 2832 1687 2886; x_wconf 84' lang='lat' dir='ltr'><strong>dicere</strong></span> <span class='ocrx_word' id='word_1_380' title='bbox 1732 2832 2024 2895; x_wconf 86' lang='lat' dir='ltr'><strong>Dominum</strong></span> <span class='ocrx_word' id='word_1_381' title='bbox 2053 2831 2240 2887; x_wconf 68' lang='lat' dir='ltr'><strong>Iesum</strong></span> <span class='ocrx_word' id='word_1_382' title='bbox 2274 2835 2380 2889; x_wconf 86' lang='lat' dir='ltr'><strong>nisi</strong></span> <span class='ocrx_word' id='word_1_383' title='bbox 2413 2836 2466 2888; x_wconf 88' lang='lat' dir='ltr'><strong>in</strong></span> <span class='ocrx_word' id='word_1_384' title='bbox 2503 2832 2711 2902; x_wconf 84' lang='lat' dir='ltr'><strong>Spiritu</strong></span> <span class='ocrx_word' id='word_1_385' title='bbox 2739 2838 2921 2884; x_wconf 84' lang='lat' dir='ltr'><strong>sancto</strong></span> <span class='ocrx_word' id='word_1_386' title='bbox 2950 2828 3020 2883; x_wconf 75' lang='lat'><strong>&quot;.</strong></span> <span class='ocrx_word' id='word_1_387' title='bbox 3084 2826 3238 2899; x_wconf 80' lang='lat' dir='ltr'><strong>[Item</strong></span> <span class='ocrx_word' id='word_1_388' title='bbox 3285 2824 3413 2879; x_wconf 80' lang='lat' dir='ltr'><strong>alibi</strong></span> <span class='ocrx_word' id='word_1_389' title='bbox 3436 2820 3490 2892; x_wconf 76' lang='grc' dir='ltr'><strong>ε]</strong></span> <span class='ocrx_word' id='word_1_390' title='bbox 3557 2819 3678 2873; x_wconf 72' lang='lat' dir='ltr'><strong>Deus</strong></span> 
     </span>
    </p>
   </div>
   <div class='ocr_carea' id='block_1_50' title="bbox 448 2921 1623 2994">
    <p class='ocr_par' dir='ltr' id='par_1_50' title="bbox 448 2921 1623 2994">
     <span class='ocr_line' id='line_1_50' title="bbox 448 2921 1623 2994; baseline 0.002 -17"><span class='ocrx_word' id='word_1_391' title='bbox 448 2922 596 2977; x_wconf 79' lang='lat' dir='ltr'><strong>uobis</strong></span> <span class='ocrx_word' id='word_1_392' title='bbox 617 2922 854 2977; x_wconf 78' lang='lat' dir='ltr'><strong>reuelauit</strong></span> <span class='ocrx_word' id='word_1_393' title='bbox 885 2939 976 2992; x_wconf 87' lang='lat' dir='ltr'><strong>per</strong></span> <span class='ocrx_word' id='word_1_394' title='bbox 1001 2921 1261 2994; x_wconf 80' lang='lat' dir='ltr'><strong>Spiritum</strong></span> <span class='ocrx_word' id='word_1_395' title='bbox 1281 2935 1531 2979; x_wconf 84' lang='lat' dir='ltr'><strong>sanctum</strong></span> <span class='ocrx_word' id='word_1_396' title='bbox 1553 2925 1623 2979; x_wconf 83' lang='grc'><strong>⁸⁸.</strong></span> 
     </span>
    </p>
   </div>
   <div class='ocr_carea' id='block_1_51' title="bbox 518 3032 2019 3111">
    <p class='ocr_par' dir='ltr' id='par_1_51' title="bbox 518 3035 2019 3110">
     <span class='ocr_line' id='line_1_51' title="bbox 518 3035 2019 3110; baseline 0.001 -20"><span class='ocrx_word' id='word_1_397' title='bbox 518 3035 800 3091; x_wconf 50' lang='lat' dir='ltr'><strong>Venuli.</strong></span> <span class='ocrx_word' id='word_1_398' title='bbox 824 3037 1065 3091; x_wconf 76' lang='lat' dir='ltr'><strong>Extende</strong></span> <span class='ocrx_word' id='word_1_399' title='bbox 1091 3037 1509 3093; x_wconf 81' lang='lat' dir='ltr'><strong>misericordiam</strong></span> <span class='ocrx_word' id='word_1_400' title='bbox 1540 3050 1687 3093; x_wconf 84' lang='lat' dir='ltr'><strong>tuam</strong></span> <span class='ocrx_word' id='word_1_401' title='bbox 1703 3055 2019 3110; x_wconf 81' lang='lat' dir='ltr'><strong>cognoscen-</strong></span> 
     </span>
    </p>
   </div>
   <div class='ocr_carea' id='block_1_52' title="bbox 2122 3032 3680 3111">
    <p class='ocr_par' dir='ltr' id='par_1_52' title="bbox 2202 3032 3680 3111">
     <span class='ocr_line' id='line_1_52' title="bbox 2202 3032 3680 3111; baseline -0.008 -15"><span class='ocrx_word' id='word_1_402' title='bbox 2202 3041 2565 3111; x_wconf 71' lang='grc' dir='ltr'><strong>Παρὰτεινον</strong></span> <span class='ocrx_word' id='word_1_403' title='bbox 2607 3040 2672 3094; x_wconf 86' lang='grc' dir='ltr'><strong>τὸ</strong></span> <span class='ocrx_word' id='word_1_404' title='bbox 2705 3038 2877 3103; x_wconf 78' lang='grc' dir='ltr'><strong>ἔλεός</strong></span> <span class='ocrx_word' id='word_1_405' title='bbox 2904 3052 3021 3089; x_wconf 88' lang='grc' dir='ltr'><strong>σου</strong></span> <span class='ocrx_word' id='word_1_406' title='bbox 3052 3035 3178 3099; x_wconf 83' lang='grc' dir='ltr'><strong>τοῖς</strong></span> <span class='ocrx_word' id='word_1_407' title='bbox 3224 3032 3583 3104; x_wconf 79' lang='grc' dir='ltr'><strong>γινώσκουσί</strong></span> <span class='ocrx_word' id='word_1_408' title='bbox 3599 3045 3680 3084; x_wconf 82' lang='grc' dir='ltr'><strong>σε.</strong></span> 
     </span>
    </p>
   </div>
   <div class='ocr_carea' id='block_1_53' title="bbox 450 3123 2019 3204">
    <p class='ocr_par' dir='ltr' id='par_1_53' title="bbox 450 3125 2019 3200">
     <span class='ocr_line' id='line_1_53' title="bbox 450 3125 2019 3200; baseline 0.003 -19"><span class='ocrx_word' id='word_1_409' title='bbox 450 3128 587 3181; x_wconf 82' lang='lat' dir='ltr'><strong>tibus</strong></span> <span class='ocrx_word' id='word_1_410' title='bbox 620 3136 687 3182; x_wconf 75' lang='lat' dir='ltr'><strong>te.</strong></span> <span class='ocrx_word' id='word_1_411' title='bbox 740 3125 1009 3196; x_wconf 80' lang='lat' dir='ltr'><strong>Perpetuo</strong></span> <span class='ocrx_word' id='word_1_412' title='bbox 1056 3143 1245 3183; x_wconf 87' lang='lat' dir='ltr'><strong>eorum</strong></span> <span class='ocrx_word' id='word_1_413' title='bbox 1287 3130 1568 3193; x_wconf 82' lang='lat' dir='ltr'><strong>miserere,</strong></span> <span class='ocrx_word' id='word_1_414' title='bbox 1600 3131 1692 3200; x_wconf 91' lang='lat' dir='ltr'><strong>qui</strong></span> <span class='ocrx_word' id='word_1_415' title='bbox 1725 3130 2019 3186; x_wconf 71' lang='lat' dir='ltr'><strong>divinitatis</strong></span> 
     </span>
    </p>
   </div>
   <div class='ocr_carea' id='block_1_54' title="bbox 2122 3123 3680 3204">
    <p class='ocr_par' dir='ltr' id='par_1_54' title="bbox 2130 3123 3680 3204">
     <span class='ocr_line' id='line_1_54' title="bbox 2130 3123 3680 3204; baseline -0.006 -18"><span class='ocrx_word' id='word_1_416' title='bbox 2130 3134 2407 3204; x_wconf 82' lang='grc' dir='ltr'><strong>Διηνεκῶς</strong></span> <span class='ocrx_word' id='word_1_417' title='bbox 2454 3133 2596 3186; x_wconf 78' lang='grc' dir='ltr'><strong>ἐλέει</strong></span> <span class='ocrx_word' id='word_1_418' title='bbox 2640 3131 2768 3194; x_wconf 81' lang='grc' dir='ltr'><strong>τοὺς</strong></span> <span class='ocrx_word' id='word_1_419' title='bbox 2809 3131 2911 3199; x_wconf 77' lang='grc' dir='ltr'><strong>τῆς</strong></span> <span class='ocrx_word' id='word_1_420' title='bbox 2958 3130 3288 3198; x_wconf 80' lang='grc' dir='ltr'><strong>θεογνωσίας</strong></span> <span class='ocrx_word' id='word_1_421' title='bbox 3346 3123 3680 3195; x_wconf 77' lang='grc' dir='ltr'><strong>ἠξιωμένους.</strong></span> 
     </span>
    </p>
   </div>
   <div class='ocr_carea' id='block_1_55' title="bbox 451 3218 2019 3297">
    <p class='ocr_par' dir='ltr' id='par_1_55' title="bbox 451 3218 2019 3291">
     <span class='ocr_line' id='line_1_55' title="bbox 451 3218 2019 3291; baseline 0.001 -18"><span class='ocrx_word' id='word_1_422' title='bbox 451 3218 768 3289; x_wconf 75' lang='lat' dir='ltr'><strong>cognitione</strong></span> <span class='ocrx_word' id='word_1_423' title='bbox 806 3219 954 3290; x_wconf 82' lang='lat' dir='ltr'><strong>digni</strong></span> <span class='ocrx_word' id='word_1_424' title='bbox 982 3226 1112 3275; x_wconf 87' lang='lat' dir='ltr'><strong>sunt</strong></span> <span class='ocrx_word' id='word_1_425' title='bbox 1148 3236 1164 3274; x_wconf 90' lang='lat'><strong>:</strong></span> <span class='ocrx_word' id='word_1_426' title='bbox 1197 3219 1342 3290; x_wconf 90' lang='lat' dir='ltr'><strong>quod</strong></span> <span class='ocrx_word' id='word_1_427' title='bbox 1398 3219 1669 3291; x_wconf 86' lang='lat' dir='ltr'><strong>Propheta</strong></span> <span class='ocrx_word' id='word_1_428' title='bbox 1701 3236 1849 3275; x_wconf 89' lang='lat' dir='ltr'><strong>nunc</strong></span> <span class='ocrx_word' id='word_1_429' title='bbox 1893 3220 2019 3275; x_wconf 86' lang='lat' dir='ltr'><strong>dicit</strong></span> 
     </span>
    </p>
   </div>
   <div class='ocr_carea' id='block_1_56' title="bbox 2122 3218 2879 3297">
    <p class='ocr_par' dir='ltr' id='par_1_56' title="bbox 2131 3223 2879 3297">
     <span class='ocr_line' id='line_1_56' title="bbox 2131 3223 2879 3297; baseline -0.012 -14"><span class='ocrx_word' id='word_1_430' title='bbox 2131 3229 2298 3297; x_wconf 82' lang='grc' dir='ltr'><strong>Λέγει</strong></span> <span class='ocrx_word' id='word_1_431' title='bbox 2333 3227 2493 3281; x_wconf 87' lang='grc' dir='ltr'><strong>τοῦτο</strong></span> <span class='ocrx_word' id='word_1_432' title='bbox 2517 3223 2879 3294; x_wconf 83' lang='grc' dir='ltr'>παρακαλῶν.</span> 
     </span>
    </p>
   </div>
   <div class='ocr_carea' id='block_1_57' title="bbox 453 3311 1055 3381">
    <p class='ocr_par' dir='ltr' id='par_1_57' title="bbox 453 3311 1055 3381">
     <span class='ocr_line' id='line_1_57' title="bbox 453 3311 1055 3381; baseline -0.003 -14"><span class='ocrx_word' id='word_1_433' title='bbox 453 3311 703 3381; x_wconf 80' lang='lat' dir='ltr'><strong>rogantis</strong></span> <span class='ocrx_word' id='word_1_434' title='bbox 734 3312 788 3365; x_wconf 89' lang='lat' dir='ltr'><strong>in</strong></span> <span class='ocrx_word' id='word_1_435' title='bbox 823 3326 1055 3367; x_wconf 86' lang='lat' dir='ltr'><strong>morem.</strong></span> 
     </span>
    </p>
   </div>
   <div class='ocr_carea' id='block_1_58' title="bbox 517 3395 2019 3474">
    <p class='ocr_par' dir='ltr' id='par_1_58' title="bbox 517 3403 2019 3474">
     <span class='ocr_line' id='line_1_58' title="bbox 517 3403 2019 3474; baseline 0.002 -18"><span class='ocrx_word' id='word_1_436' title='bbox 517 3404 584 3456; x_wconf 82' lang='lat' dir='ltr'><strong>Et</strong></span> <span class='ocrx_word' id='word_1_437' title='bbox 604 3403 882 3473; x_wconf 78' lang='lat' dir='ltr'><strong>justitiam</strong></span> <span class='ocrx_word' id='word_1_438' title='bbox 913 3415 1060 3457; x_wconf 86' lang='lat' dir='ltr'><strong>tuam</strong></span> <span class='ocrx_word' id='word_1_439' title='bbox 1086 3403 1174 3469; x_wconf 88' lang='lat' dir='ltr'><strong>iis,</strong></span> <span class='ocrx_word' id='word_1_440' title='bbox 1211 3420 1301 3474; x_wconf 74' lang='lat' dir='ltr'><strong>qui</strong></span> <span class='ocrx_word' id='word_1_441' title='bbox 1334 3415 1476 3459; x_wconf 85' lang='lat' dir='ltr'><strong>recto</strong></span> <span class='ocrx_word' id='word_1_442' title='bbox 1511 3412 1633 3458; x_wconf 85' lang='lat' dir='ltr'><strong>sunt</strong></span> <span class='ocrx_word' id='word_1_443' title='bbox 1663 3403 1918 3459; x_wconf 84' lang='lat' dir='ltr'><strong>corde.Et</strong></span> <span class='ocrx_word' id='word_1_444' title='bbox 1942 3418 2019 3459; x_wconf 92' lang='lat' dir='ltr'><strong>as-</strong></span> 
     </span>
    </p>
   </div>
   <div class='ocr_carea' id='block_1_59' title="bbox 2122 3395 3680 3474">
    <p class='ocr_par' dir='ltr' id='par_1_59' title="bbox 2202 3395 3680 3474">
     <span class='ocr_line' id='line_1_59' title="bbox 2202 3395 3680 3474; baseline -0.012 -10"><span class='ocrx_word' id='word_1_445' title='bbox 2202 3410 2309 3466; x_wconf 82' lang='lat' dir='ltr'><strong>Kai</strong></span> <span class='ocrx_word' id='word_1_446' title='bbox 2337 3408 2454 3474; x_wconf 77' lang='grc' dir='ltr'><strong>τὴν</strong></span> <span class='ocrx_word' id='word_1_447' title='bbox 2480 3404 2879 3471; x_wconf 76' lang='grc' dir='ltr'><strong>δικαιοσύνην</strong></span> <span class='ocrx_word' id='word_1_448' title='bbox 2906 3417 3025 3456; x_wconf 82' lang='grc' dir='ltr'><strong>σου</strong></span> <span class='ocrx_word' id='word_1_449' title='bbox 3058 3400 3185 3466; x_wconf 73' lang='grc' dir='ltr'><strong>τοῖς</strong></span> <span class='ocrx_word' id='word_1_450' title='bbox 3220 3397 3423 3454; x_wconf 82' lang='grc' dir='ltr'><strong>εὐθέσι</strong></span> <span class='ocrx_word' id='word_1_451' title='bbox 3466 3395 3540 3463; x_wconf 73' lang='grc' dir='ltr'><strong>τῇ</strong></span> <span class='ocrx_word' id='word_1_452' title='bbox 3565 3410 3680 3460; x_wconf 70' lang='grc' dir='ltr'>καρ-</span> 
     </span>
    </p>
   </div>
   <div class='ocr_carea' id='block_1_60' title="bbox 451 3488 2019 3569">
    <p class='ocr_par' dir='ltr' id='par_1_60' title="bbox 451 3494 2019 3567">
     <span class='ocr_line' id='line_1_60' title="bbox 451 3494 2019 3567; baseline 0.001 -17"><span class='ocrx_word' id='word_1_453' title='bbox 451 3494 609 3550; x_wconf 87' lang='lat' dir='ltr'><strong>sidue</strong></span> <span class='ocrx_word' id='word_1_454' title='bbox 630 3496 1059 3567; x_wconf 60' lang='lat' dir='ltr'><strong>praistajustum</strong></span> <span class='ocrx_word' id='word_1_455' title='bbox 1098 3497 1364 3550; x_wconf 79' lang='lat' dir='ltr'><strong>auxilium</strong></span> <span class='ocrx_word' id='word_1_456' title='bbox 1393 3503 1546 3550; x_wconf 90' lang='lat' dir='ltr'><strong>tuum</strong></span> <span class='ocrx_word' id='word_1_457' title='bbox 1584 3496 1653 3550; x_wconf 90' lang='lat' dir='ltr'><strong>iis</strong></span> <span class='ocrx_word' id='word_1_458' title='bbox 1689 3499 1784 3565; x_wconf 89' lang='lat' dir='ltr'><strong>qui</strong></span> <span class='ocrx_word' id='word_1_459' title='bbox 1821 3497 1874 3551; x_wconf 91' lang='lat' dir='ltr'><strong>in</strong></span> <span class='ocrx_word' id='word_1_460' title='bbox 1913 3511 2019 3552; x_wconf 86' lang='lat' dir='ltr'><strong>ser-</strong></span> 
     </span>
    </p>
   </div>
   <div class='ocr_carea' id='block_1_61' title="bbox 2122 3488 3681 3569">
    <p class='ocr_par' dir='ltr' id='par_1_61' title="bbox 2138 3488 3681 3569">
     <span class='ocr_line' id='line_1_61' title="bbox 2138 3488 3681 3569; baseline -0.012 -15"><span class='ocrx_word' id='word_1_461' title='bbox 2138 3502 2258 3569; x_wconf 77' lang='grc' dir='ltr'><strong>δίᾳ.</strong></span> <span class='ocrx_word' id='word_1_462' title='bbox 2284 3500 2395 3555; x_wconf 72' lang='grc' dir='ltr'>Καὶ</span> <span class='ocrx_word' id='word_1_463' title='bbox 2422 3490 2648 3569; x_wconf 80' lang='grc' dir='ltr'><strong>διηνεκῆ</strong></span> <span class='ocrx_word' id='word_1_464' title='bbox 2679 3497 2824 3550; x_wconf 79' lang='grc' dir='ltr'>δίδου</span> <span class='ocrx_word' id='word_1_465' title='bbox 2846 3495 2943 3566; x_wconf 83' lang='grc' dir='ltr'><strong>τὴν</strong></span> <span class='ocrx_word' id='word_1_466' title='bbox 2964 3493 3181 3547; x_wconf 83' lang='grc' dir='ltr'>δικαίαν</span> <span class='ocrx_word' id='word_1_467' title='bbox 3204 3508 3295 3544; x_wconf 79' lang='grc' dir='ltr'><strong>σου</strong></span> <span class='ocrx_word' id='word_1_468' title='bbox 3320 3488 3564 3559; x_wconf 75' lang='grc' dir='ltr'><strong>βοήθειαν</strong></span> <span class='ocrx_word' id='word_1_469' title='bbox 3584 3488 3681 3547; x_wconf 77' lang='grc' dir='ltr'><strong>τοῖς</strong></span> 
     </span>
    </p>
   </div>
   <div class='ocr_carea' id='block_1_62' title="bbox 458 3586 2019 3665">
    <p class='ocr_par' dir='ltr' id='par_1_62' title="bbox 458 3587 1739 3656">
     <span class='ocr_line' id='line_1_62' title="bbox 458 3587 1739 3656; baseline 0.002 -16"><span class='ocrx_word' id='word_1_470' title='bbox 458 3587 715 3643; x_wconf 81' lang='lat' dir='ltr'><strong>monibus</strong></span> <span class='ocrx_word' id='word_1_471' title='bbox 737 3594 902 3656; x_wconf 81' lang='lat' dir='ltr'><strong>atque</strong></span> <span class='ocrx_word' id='word_1_472' title='bbox 933 3587 1244 3642; x_wconf 86' lang='lat' dir='ltr'><strong>actionibus</strong></span> <span class='ocrx_word' id='word_1_473' title='bbox 1270 3588 1385 3642; x_wconf 88' lang='lat' dir='ltr'><strong>suis</strong></span> <span class='ocrx_word' id='word_1_474' title='bbox 1416 3588 1555 3642; x_wconf 85' lang='lat' dir='ltr'><strong>recti</strong></span> <span class='ocrx_word' id='word_1_475' title='bbox 1591 3596 1739 3642; x_wconf 82' lang='lat' dir='ltr'><strong>sunt.</strong></span> 
     </span>
    </p>
   </div>
   <div class='ocr_carea' id='block_1_63' title="bbox 2122 3586 3153 3665">
    <p class='ocr_par' dir='ltr' id='par_1_63' title="bbox 2139 3586 3153 3665">
     <span class='ocr_line' id='line_1_63' title="bbox 2139 3586 3153 3665; baseline -0.01 -17"><span class='ocrx_word' id='word_1_476' title='bbox 2139 3594 2321 3665; x_wconf 83' lang='grc' dir='ltr'><strong>ὀρθοῖς</strong></span> <span class='ocrx_word' id='word_1_477' title='bbox 2358 3591 2487 3662; x_wconf 84' lang='grc' dir='ltr'><strong>περί</strong></span> <span class='ocrx_word' id='word_1_478' title='bbox 2520 3608 2579 3645; x_wconf 85' lang='grc' dir='ltr'><strong>τε</strong></span> <span class='ocrx_word' id='word_1_479' title='bbox 2618 3589 2779 3659; x_wconf 84' lang='grc' dir='ltr'><strong>λόγον</strong></span> <span class='ocrx_word' id='word_1_480' title='bbox 2802 3589 2901 3642; x_wconf 77' lang='grc' dir='ltr'>καὶ</span> <span class='ocrx_word' id='word_1_481' title='bbox 2930 3586 3153 3658; x_wconf 75' lang='grc' dir='ltr'><strong>πρᾶξιν.</strong></span> 
     </span>
    </p>
   </div>
   <div class='ocr_carea' id='block_1_64' title="bbox 527 3671 2019 3753">
    <p class='ocr_par' dir='ltr' id='par_1_64' title="bbox 527 3678 2019 3747">
     <span class='ocr_line' id='line_1_64' title="bbox 527 3678 2019 3747; baseline -0.001 -13"><span class='ocrx_word' id='word_1_482' title='bbox 527 3679 804 3735; x_wconf 72' lang='grc' dir='ltr'><strong>νεκε.12.</strong></span> <span class='ocrx_word' id='word_1_483' title='bbox 855 3680 978 3734; x_wconf 75' lang='lat' dir='ltr'><strong>Non</strong></span> <span class='ocrx_word' id='word_1_484' title='bbox 1017 3681 1188 3733; x_wconf 81' lang='lat' dir='ltr'><strong>reniat</strong></span> <span class='ocrx_word' id='word_1_485' title='bbox 1230 3679 1359 3732; x_wconf 77' lang='lat' dir='ltr'><strong>milii</strong></span> <span class='ocrx_word' id='word_1_486' title='bbox 1397 3695 1487 3747; x_wconf 81' lang='lat' dir='ltr'><strong>pes</strong></span> <span class='ocrx_word' id='word_1_487' title='bbox 1513 3679 1791 3747; x_wconf 75' lang='lat' dir='ltr'><strong>superbiw.</strong></span> <span class='ocrx_word' id='word_1_488' title='bbox 1832 3678 2019 3735; x_wconf 81' lang='lat' dir='ltr'><strong>Pedem</strong></span> 
     </span>
    </p>
   </div>
   <div class='ocr_carea' id='block_1_65' title="bbox 2122 3671 3682 3753">
    <p class='ocr_par' dir='ltr' id='par_1_65' title="bbox 2211 3671 3682 3753">
     <span class='ocr_line' id='line_1_65' title="bbox 2211 3671 3682 3753; baseline -0.013 -13"><span class='ocrx_word' id='word_1_489' title='bbox 2211 3684 2308 3753; x_wconf 83' lang='grc' dir='ltr'><strong>Μὴ</strong></span> <span class='ocrx_word' id='word_1_490' title='bbox 2339 3684 2559 3738; x_wconf 65' lang='grc' dir='ltr'><strong>ἐλθέτω</strong></span> <span class='ocrx_word' id='word_1_491' title='bbox 2599 3699 2702 3752; x_wconf 82' lang='grc' dir='ltr'><strong>μοι</strong></span> <span class='ocrx_word' id='word_1_492' title='bbox 2740 3679 2895 3745; x_wconf 80' lang='grc' dir='ltr'><strong>ποὺς</strong></span> <span class='ocrx_word' id='word_1_493' title='bbox 2941 3677 3374 3746; x_wconf 61' lang='grc' dir='ltr'><strong>ὑπερηφανίας.</strong></span> <span class='ocrx_word' id='word_1_494' title='bbox 3421 3671 3682 3726; x_wconf 76' lang='grc' dir='ltr'><strong>Τουτέστιν</strong></span> 
     </span>
    </p>
   </div>
   <div class='ocr_carea' id='block_1_66' title="bbox 456 3762 2019 3846">
    <p class='ocr_par' dir='ltr' id='par_1_66' title="bbox 456 3772 2019 3844">
     <span class='ocr_line' id='line_1_66' title="bbox 456 3772 2019 3844; baseline -0.001 -17"><span class='ocrx_word' id='word_1_495' title='bbox 456 3774 727 3844; x_wconf 80' lang='lat' dir='ltr'><strong>superbia:</strong></span> <span class='ocrx_word' id='word_1_496' title='bbox 762 3787 861 3843; x_wconf 88' lang='lat' dir='ltr'><strong>pro</strong></span> <span class='ocrx_word' id='word_1_497' title='bbox 883 3775 1093 3843; x_wconf 74' lang='lat' dir='ltr'><strong>integra</strong></span> <span class='ocrx_word' id='word_1_498' title='bbox 1117 3773 1269 3842; x_wconf 90' lang='lat' dir='ltr'><strong>ponit</strong></span> <span class='ocrx_word' id='word_1_499' title='bbox 1292 3772 1574 3842; x_wconf 88' lang='lat' dir='ltr'><strong>superbia,</strong></span> <span class='ocrx_word' id='word_1_500' title='bbox 1602 3772 1769 3827; x_wconf 86' lang='lat' dir='ltr'><strong>veluti</strong></span> <span class='ocrx_word' id='word_1_501' title='bbox 1799 3781 1971 3827; x_wconf 89' lang='lat' dir='ltr'><strong>totum</strong></span> <span class='ocrx_word' id='word_1_502' title='bbox 2003 3789 2019 3826; x_wconf 67' lang='grc' dir='ltr'><strong>ι]</strong></span> 
     </span>
    </p>
   </div>
   <div class='ocr_carea' id='block_1_67' title="bbox 2122 3762 3680 3846">
    <p class='ocr_par' dir='ltr' id='par_1_67' title="bbox 2140 3762 3680 3846">
     <span class='ocr_line' id='line_1_67' title="bbox 2140 3762 3680 3846; baseline -0.01 -16"><span class='ocrx_word' id='word_1_503' title='bbox 2140 3774 2508 3846; x_wconf 64' lang='grc' dir='ltr'>ὑπερηφανία,</span> <span class='ocrx_word' id='word_1_504' title='bbox 2544 3772 2654 3826; x_wconf 78' lang='grc' dir='ltr'><strong>ἀπὸ</strong></span> <span class='ocrx_word' id='word_1_505' title='bbox 2693 3772 2890 3844; x_wconf 74' lang='grc' dir='ltr'><strong>μέρους</strong></span> <span class='ocrx_word' id='word_1_506' title='bbox 2918 3770 2979 3822; x_wconf 82' lang='grc' dir='ltr'><strong>τὸ</strong></span> <span class='ocrx_word' id='word_1_507' title='bbox 3032 3770 3173 3822; x_wconf 63' lang='lat' dir='ltr'><strong>raw</strong></span> <span class='ocrx_word' id='word_1_508' title='bbox 3207 3766 3354 3835; x_wconf 85' lang='grc' dir='ltr'><strong>λέγει</strong></span> <span class='ocrx_word' id='word_1_509' title='bbox 3382 3765 3459 3827; x_wconf 68' lang='grc' dir='ltr'><strong>δὲ,</strong></span> <span class='ocrx_word' id='word_1_510' title='bbox 3489 3766 3565 3818; x_wconf 83' lang='grc' dir='ltr'><strong>ὅτι</strong></span> <span class='ocrx_word' id='word_1_511' title='bbox 3603 3762 3680 3828; x_wconf 75' lang='grc' dir='ltr'><strong>Μὴ</strong></span> 
     </span>
    </p>
   </div>
   <div class='ocr_carea' id='block_1_68' title="bbox 456 3856 2019 3938">
    <p class='ocr_par' dir='ltr' id='par_1_68' title="bbox 456 3862 2019 3936">
     <span class='ocr_line' id='line_1_68' title="bbox 456 3862 2019 3936; baseline -0.001 -18"><span class='ocrx_word' id='word_1_512' title='bbox 456 3875 630 3936; x_wconf 65' lang='lat' dir='ltr'><strong>parte.</strong></span> <span class='ocrx_word' id='word_1_513' title='bbox 667 3863 786 3918; x_wconf 85' lang='lat' dir='ltr'><strong>Non</strong></span> <span class='ocrx_word' id='word_1_514' title='bbox 817 3863 1134 3918; x_wconf 86' lang='lat' dir='ltr'><strong>dominetur</strong></span> <span class='ocrx_word' id='word_1_515' title='bbox 1174 3863 1304 3928; x_wconf 86' lang='lat' dir='ltr'><strong>mei,</strong></span> <span class='ocrx_word' id='word_1_516' title='bbox 1351 3862 1548 3931; x_wconf 88' lang='lat' dir='ltr'><strong>inquit,</strong></span> <span class='ocrx_word' id='word_1_517' title='bbox 1596 3863 1874 3931; x_wconf 83' lang='lat' dir='ltr'><strong>superbia.</strong></span> <span class='ocrx_word' id='word_1_518' title='bbox 1937 3862 2019 3916; x_wconf 80' lang='lat' dir='ltr'><strong>Su</strong></span> 
     </span>
    </p>
   </div>
   <div class='ocr_carea' id='block_1_69' title="bbox 2122 3856 3681 3938">
    <p class='ocr_par' dir='ltr' id='par_1_69' title="bbox 2139 3856 3681 3938">
     <span class='ocr_line' id='line_1_69' title="bbox 2139 3856 3681 3938; baseline -0.012 -15"><span class='ocrx_word' id='word_1_519' title='bbox 2139 3866 2491 3938; x_wconf 78' lang='grc' dir='ltr'><strong>προσγένοιτο</strong></span> <span class='ocrx_word' id='word_1_520' title='bbox 2541 3863 2664 3935; x_wconf 63' lang='grc' dir='ltr'><strong>εμοι</strong></span> <span class='ocrx_word' id='word_1_521' title='bbox 2741 3860 3110 3933; x_wconf 80' lang='grc' dir='ltr'><strong>ὑπερηφανία.</strong></span> <span class='ocrx_word' id='word_1_522' title='bbox 3142 3859 3239 3912; x_wconf 69' lang='grc' dir='ltr'><strong>Διά</strong></span> <span class='ocrx_word' id='word_1_523' title='bbox 3289 3859 3346 3911; x_wconf 77' lang='grc' dir='ltr'><strong>δὲ</strong></span> <span class='ocrx_word' id='word_1_524' title='bbox 3382 3857 3480 3925; x_wconf 81' lang='grc' dir='ltr'><strong>τῆς</strong></span> <span class='ocrx_word' id='word_1_525' title='bbox 3529 3856 3681 3923; x_wconf 64' lang='lat' dir='ltr'><strong>uesp-</strong></span> 
     </span>
    </p>
   </div>
   <div class='ocr_carea' id='block_1_70' title="bbox 455 3946 2019 4032">
    <p class='ocr_par' dir='ltr' id='par_1_70' title="bbox 455 3953 2019 4027">
     <span class='ocr_line' id='line_1_70' title="bbox 455 3953 2019 4027; baseline -0.003 -15"><span class='ocrx_word' id='word_1_526' title='bbox 455 3958 657 4027; x_wconf 65' lang='lat' dir='ltr'><strong>perbire</strong></span> <span class='ocrx_word' id='word_1_527' title='bbox 725 3964 908 4010; x_wconf 87' lang='lat' dir='ltr'><strong>autem</strong></span> <span class='ocrx_word' id='word_1_528' title='bbox 943 3954 1167 4010; x_wconf 88' lang='lat' dir='ltr'><strong>nomine</strong></span> <span class='ocrx_word' id='word_1_529' title='bbox 1214 3970 1378 4009; x_wconf 82' lang='lat' dir='ltr'><strong>omne</strong></span> <span class='ocrx_word' id='word_1_530' title='bbox 1411 3955 1603 4009; x_wconf 83' lang='lat' dir='ltr'><strong>vitium</strong></span> <span class='ocrx_word' id='word_1_531' title='bbox 1649 3953 1980 4024; x_wconf 77' lang='lat' dir='ltr'><strong>signiﬁcavit</strong></span> <span class='ocrx_word' id='word_1_532' title='bbox 2016 3972 2019 4007; x_wconf 68' lang='lat'>1</span> 
     </span>
    </p>
   </div>
   <div class='ocr_carea' id='block_1_71' title="bbox 2122 3946 3683 4032">
    <p class='ocr_par' dir='ltr' id='par_1_71' title="bbox 2142 3946 3683 4032">
     <span class='ocr_line' id='line_1_71' title="bbox 2142 3946 3683 4032; baseline -0.012 -17"><span class='ocrx_word' id='word_1_533' title='bbox 2142 3961 2399 4032; x_wconf 81' lang='grc' dir='ltr'>ηφανιας,</span> <span class='ocrx_word' id='word_1_534' title='bbox 2462 3958 2642 4012; x_wconf 74' lang='grc' dir='ltr'>πᾶσαν</span> <span class='ocrx_word' id='word_1_535' title='bbox 2716 3955 2915 4010; x_wconf 77' lang='grc' dir='ltr'>κακίαν</span> <span class='ocrx_word' id='word_1_536' title='bbox 2989 3954 3249 4025; x_wconf 74' lang='grc' dir='ltr'>ᾐνίξατο·</span> <span class='ocrx_word' id='word_1_537' title='bbox 3304 3950 3568 4022; x_wconf 74' lang='grc' dir='ltr'><strong>κορυφαῖα</strong></span> <span class='ocrx_word' id='word_1_538' title='bbox 3592 3946 3683 4015; x_wconf 74' lang='grc' dir='ltr'><strong>γὰρ</strong></span> 
     </span>
    </p>
   </div>
   <div class='ocr_carea' id='block_1_72' title="bbox 456 4043 2019 4125">
    <p class='ocr_par' dir='ltr' id='par_1_72' title="bbox 456 4045 2019 4119">
     <span class='ocr_line' id='line_1_72' title="bbox 456 4045 2019 4119; baseline -0.002 -17"><span class='ocrx_word' id='word_1_539' title='bbox 456 4050 715 4119; x_wconf 86' lang='lat' dir='ltr'><strong>quoniam</strong></span> <span class='ocrx_word' id='word_1_540' title='bbox 737 4056 920 4101; x_wconf 83' lang='lat' dir='ltr'><strong>vertex</strong></span> <span class='ocrx_word' id='word_1_541' title='bbox 963 4055 1052 4101; x_wconf 88' lang='lat' dir='ltr'><strong>est</strong></span> <span class='ocrx_word' id='word_1_542' title='bbox 1080 4057 1132 4102; x_wconf 86' lang='lat' dir='ltr'><strong>et</strong></span> <span class='ocrx_word' id='word_1_543' title='bbox 1154 4046 1390 4116; x_wconf 81' lang='lat' dir='ltr'><strong>genitrix</strong></span> <span class='ocrx_word' id='word_1_544' title='bbox 1418 4054 1768 4116; x_wconf 85' lang='lat' dir='ltr'><strong>peccatorum</strong></span> <span class='ocrx_word' id='word_1_545' title='bbox 1789 4045 2019 4101; x_wconf 69' lang='lat' dir='ltr'><strong>omnium</strong></span> 
     </span>
    </p>
   </div>
   <div class='ocr_carea' id='block_1_73' title="bbox 2122 4043 3326 4125">
    <p class='ocr_par' dir='ltr' id='par_1_73' title="bbox 2143 4043 3326 4125">
     <span class='ocr_line' id='line_1_73' title="bbox 2143 4043 3326 4125; baseline -0.007 -18"><span class='ocrx_word' id='word_1_546' title='bbox 2143 4053 2283 4125; x_wconf 80' lang='grc' dir='ltr'><strong>αῦτη</strong></span> <span class='ocrx_word' id='word_1_547' title='bbox 2316 4052 2410 4107; x_wconf 85' lang='grc' dir='ltr'><strong>καί</strong></span> <span class='ocrx_word' id='word_1_548' title='bbox 2445 4052 2710 4104; x_wconf 68' lang='grc' dir='ltr'><strong>γενήτοια</strong></span> <span class='ocrx_word' id='word_1_549' title='bbox 2744 4048 2925 4111; x_wconf 77' lang='grc' dir='ltr'>πάσης</span> <span class='ocrx_word' id='word_1_550' title='bbox 2956 4047 3156 4108; x_wconf 74' lang='grc' dir='ltr'>κακίας</span> <span class='ocrx_word' id='word_1_551' title='bbox 3188 4043 3326 4099; x_wconf 80' lang='grc' dir='ltr'><strong>ὲστί.</strong></span> 
     </span>
    </p>
   </div>
   <div class='ocr_carea' id='block_1_74' title="bbox 458 4138 742 4210">
    <p class='ocr_par' dir='ltr' id='par_1_74' title="bbox 458 4138 742 4210">
     <span class='ocr_line' id='line_1_74' title="bbox 458 4138 742 4210; baseline -0.007 -16"><span class='ocrx_word' id='word_1_552' title='bbox 458 4138 742 4210; x_wconf 82' lang='lat' dir='ltr'><strong>superbia.</strong></span> 
     </span>
    </p>
   </div>
   <div class='ocr_carea' id='block_1_75' title="bbox 522 4236 2019 4322">
    <p class='ocr_par' dir='ltr' id='par_1_75' title="bbox 522 4249 2019 4317">
     <span class='ocr_line' id='line_1_75' title="bbox 522 4249 2019 4317; baseline -0.003 -13"><span class='ocrx_word' id='word_1_553' title='bbox 522 4253 593 4305; x_wconf 86' lang='lat' dir='ltr'><strong>Et</strong></span> <span class='ocrx_word' id='word_1_554' title='bbox 623 4265 810 4304; x_wconf 83' lang='lat' dir='ltr'><strong>manus</strong></span> <span class='ocrx_word' id='word_1_555' title='bbox 853 4252 1145 4317; x_wconf 82' lang='lat' dir='ltr'><strong>peccatoris</strong></span> <span class='ocrx_word' id='word_1_556' title='bbox 1195 4266 1301 4304; x_wconf 76' lang='lat' dir='ltr'><strong>non</strong></span> <span class='ocrx_word' id='word_1_557' title='bbox 1338 4250 1606 4305; x_wconf 78' lang='lat' dir='ltr'><strong>concutiat</strong></span> <span class='ocrx_word' id='word_1_558' title='bbox 1647 4267 1748 4305; x_wconf 90' lang='lat' dir='ltr'><strong>me.</strong></span> <span class='ocrx_word' id='word_1_559' title='bbox 1775 4249 1888 4305; x_wconf 81' lang='lat' dir='ltr'><strong>Hoc</strong></span> <span class='ocrx_word' id='word_1_560' title='bbox 1930 4257 2019 4305; x_wconf 87' lang='lat' dir='ltr'><strong>est</strong></span> 
     </span>
    </p>
   </div>
   <div class='ocr_carea' id='block_1_76' title="bbox 2122 4236 3685 4322">
    <p class='ocr_par' dir='ltr' id='par_1_76' title="bbox 2216 4236 3685 4322">
     <span class='ocr_line' id='line_1_76' title="bbox 2216 4236 3685 4322; baseline -0.014 -16"><span class='ocrx_word' id='word_1_561' title='bbox 2216 4251 2326 4306; x_wconf 75' lang='grc' dir='ltr'><strong>Καὶ</strong></span> <span class='ocrx_word' id='word_1_562' title='bbox 2363 4251 2491 4322; x_wconf 70' lang='grc' dir='ltr'><strong>χείρ</strong></span> <span class='ocrx_word' id='word_1_563' title='bbox 2538 4240 2888 4318; x_wconf 81' lang='grc' dir='ltr'><strong>ἁμαρτω.ιοῦ</strong></span> <span class='ocrx_word' id='word_1_564' title='bbox 2917 4243 3002 4313; x_wconf 83' lang='grc' dir='ltr'><strong>μὴ</strong></span> <span class='ocrx_word' id='word_1_565' title='bbox 3058 4242 3357 4297; x_wconf 55' lang='lat' dir='ltr'><strong>caluariam</strong></span> <span class='ocrx_word' id='word_1_566' title='bbox 3406 4256 3498 4309; x_wconf 78' lang='grc' dir='ltr'><strong>με.</strong></span> <span class='ocrx_word' id='word_1_567' title='bbox 3542 4236 3685 4289; x_wconf 77' lang='grc' dir='ltr'><strong>τουτο</strong></span> 
     </span>
    </p>
   </div>
   <div class='ocr_carea' id='block_1_77' title="bbox 464 4325 2019 4414">
    <p class='ocr_par' dir='ltr' id='par_1_77' title="bbox 464 4340 2019 4414">
     <span class='ocr_line' id='line_1_77' title="bbox 464 4340 2019 4414; baseline -0.002 -16"><span class='ocrx_word' id='word_1_568' title='bbox 464 4344 584 4413; x_wconf 89' lang='lat' dir='ltr'><strong>ipse</strong></span> <span class='ocrx_word' id='word_1_569' title='bbox 624 4348 904 4412; x_wconf 86' lang='lat' dir='ltr'><strong>peccator,</strong></span> <span class='ocrx_word' id='word_1_570' title='bbox 938 4356 968 4394; x_wconf 90' lang='lat' dir='ltr'><strong>a</strong></span> <span class='ocrx_word' id='word_1_571' title='bbox 999 4351 1152 4414; x_wconf 87' lang='lat' dir='ltr'><strong>parte</strong></span> <span class='ocrx_word' id='word_1_572' title='bbox 1188 4348 1362 4396; x_wconf 89' lang='lat' dir='ltr'><strong>totum</strong></span> <span class='ocrx_word' id='word_1_573' title='bbox 1400 4342 1717 4412; x_wconf 75' lang='lat' dir='ltr'><strong>signiﬁcans</strong></span> <span class='ocrx_word' id='word_1_574' title='bbox 1752 4340 1836 4413; x_wconf 84' lang='lat' dir='ltr'><strong>[ut</strong></span> <span class='ocrx_word' id='word_1_575' title='bbox 1868 4356 2019 4410; x_wconf 77' lang='lat' dir='ltr'><strong>supr:</strong></span> 
     </span>
    </p>
   </div>
   <div class='ocr_carea' id='block_1_78' title="bbox 2122 4325 3685 4414">
    <p class='ocr_par' dir='ltr' id='par_1_78' title="bbox 2146 4325 3685 4413">
     <span class='ocr_line' id='line_1_78' title="bbox 2146 4325 3685 4413; baseline -0.016 -15"><span class='ocrx_word' id='word_1_576' title='bbox 2146 4345 2292 4398; x_wconf 83' lang='grc' dir='ltr'><strong>ἐστιν</strong></span> <span class='ocrx_word' id='word_1_577' title='bbox 2344 4340 2686 4413; x_wconf 76' lang='grc' dir='ltr'>ἁμαρτωλὸς,</span> <span class='ocrx_word' id='word_1_578' title='bbox 2708 4336 2814 4390; x_wconf 77' lang='grc' dir='ltr'><strong>ἀπὸ</strong></span> <span class='ocrx_word' id='word_1_579' title='bbox 2847 4336 3045 4406; x_wconf 78' lang='grc' dir='ltr'><strong>μέρους</strong></span> <span class='ocrx_word' id='word_1_580' title='bbox 3081 4333 3142 4387; x_wconf 84' lang='grc' dir='ltr'><strong>τδ</strong></span> <span class='ocrx_word' id='word_1_581' title='bbox 3191 4332 3323 4387; x_wconf 74' lang='grc' dir='ltr'><strong>πᾶν.</strong></span> <span class='ocrx_word' id='word_1_582' title='bbox 3346 4331 3505 4398; x_wconf 82' lang='grc' dir='ltr'><strong>Λέγει</strong></span> <span class='ocrx_word' id='word_1_583' title='bbox 3530 4328 3577 4381; x_wconf 80' lang='grc' dir='ltr'><strong>δὲ</strong></span> <span class='ocrx_word' id='word_1_584' title='bbox 3608 4325 3685 4377; x_wconf 67' lang='grc' dir='ltr'><strong>τὶν</strong></span> 
     </span>
    </p>
   </div>
   <div class='ocr_carea' id='block_1_79' title="bbox 459 4416 2019 4505">
    <p class='ocr_par' dir='ltr' id='par_1_79' title="bbox 459 4432 2019 4505">
     <span class='ocr_line' id='line_1_79' title="bbox 459 4432 2019 4505; baseline -0.003 -16"><span class='ocrx_word' id='word_1_585' title='bbox 459 4432 747 4505; x_wconf 80' lang='lat' dir='ltr'><strong>diximus],</strong></span> <span class='ocrx_word' id='word_1_586' title='bbox 775 4442 828 4488; x_wconf 89' lang='lat' dir='ltr'><strong>et</strong></span> <span class='ocrx_word' id='word_1_587' title='bbox 855 4448 953 4504; x_wconf 86' lang='lat' dir='ltr'><strong>per</strong></span> <span class='ocrx_word' id='word_1_588' title='bbox 978 4443 1323 4505; x_wconf 85' lang='lat' dir='ltr'><strong>peccatorem</strong></span> <span class='ocrx_word' id='word_1_589' title='bbox 1351 4434 1537 4503; x_wconf 66' lang='lat' dir='ltr'><strong>ipsum&#39;</strong></span> <span class='ocrx_word' id='word_1_590' title='bbox 1561 4434 1846 4488; x_wconf 90' lang='lat' dir='ltr'><strong>demonem</strong></span> <span class='ocrx_word' id='word_1_591' title='bbox 1878 4432 2019 4486; x_wconf 86' lang='lat' dir='ltr'><strong>intel-</strong></span> 
     </span>
    </p>
   </div>
   <div class='ocr_carea' id='block_1_80' title="bbox 2122 4416 3685 4505">
    <p class='ocr_par' dir='ltr' id='par_1_80' title="bbox 2146 4416 3685 4501">
     <span class='ocr_line' id='line_1_80' title="bbox 2146 4416 3685 4501; baseline -0.014 -13"><span class='ocrx_word' id='word_1_592' title='bbox 2146 4433 2412 4496; x_wconf 77' lang='grc' dir='ltr'><strong>διάϐολον,</strong></span> <span class='ocrx_word' id='word_1_593' title='bbox 2472 4432 2505 4501; x_wconf 78' lang='grc' dir='ltr'>ἢ</span> <span class='ocrx_word' id='word_1_594' title='bbox 2558 4430 2648 4483; x_wconf 78' lang='grc' dir='ltr'>τὸν</span> <span class='ocrx_word' id='word_1_595' title='bbox 2707 4427 2905 4489; x_wconf 76' lang='grc' dir='ltr'>Σαοὺλ,</span> <span class='ocrx_word' id='word_1_596' title='bbox 2942 4429 3018 4490; x_wconf 83' lang='grc' dir='ltr'><strong>ὡς</strong></span> <span class='ocrx_word' id='word_1_597' title='bbox 3083 4425 3426 4492; x_wconf 85' lang='grc' dir='ltr'><strong>παράνομον,</strong></span> <span class='ocrx_word' id='word_1_598' title='bbox 3470 4421 3503 4488; x_wconf 75' lang='grc' dir='ltr'><strong>ἢ</strong></span> <span class='ocrx_word' id='word_1_599' title='bbox 3536 4416 3685 4471; x_wconf 75' lang='grc' dir='ltr'><strong>πάντα</strong></span> 
     </span>
    </p>
   </div>
   <div class='ocr_carea' id='block_1_81' title="bbox 459 4505 2019 4599">
    <p class='ocr_par' dir='ltr' id='par_1_81' title="bbox 459 4523 2019 4599">
     <span class='ocr_line' id='line_1_81' title="bbox 459 4523 2019 4599; baseline -0.001 -21"><span class='ocrx_word' id='word_1_600' title='bbox 459 4525 599 4595; x_wconf 84' lang='lat' dir='ltr'><strong>ligit,</strong></span> <span class='ocrx_word' id='word_1_601' title='bbox 646 4526 730 4579; x_wconf 87' lang='lat' dir='ltr'><strong>vel</strong></span> <span class='ocrx_word' id='word_1_602' title='bbox 779 4523 1024 4589; x_wconf 87' lang='lat' dir='ltr'><strong>Saulem,</strong></span> <span class='ocrx_word' id='word_1_603' title='bbox 1056 4535 1149 4580; x_wconf 83' lang='lat' dir='ltr'><strong>aut</strong></span> <span class='ocrx_word' id='word_1_604' title='bbox 1177 4526 1344 4579; x_wconf 84' lang='lat' dir='ltr'><strong>alium</strong></span> <span class='ocrx_word' id='word_1_605' title='bbox 1376 4539 1444 4579; x_wconf 77' lang='lat' dir='ltr'><strong>ex</strong></span> <span class='ocrx_word' id='word_1_606' title='bbox 1489 4525 1639 4599; x_wconf 79' lang='lat' dir='ltr'><strong>omni</strong></span> <span class='ocrx_word' id='word_1_607' title='bbox 1681 4533 1831 4593; x_wconf 87' lang='lat' dir='ltr'><strong>parte</strong></span> <span class='ocrx_word' id='word_1_608' title='bbox 1872 4525 2019 4578; x_wconf 84' lang='lat' dir='ltr'><strong>scele</strong></span> 
     </span>
    </p>
   </div>
   <div class='ocr_carea' id='block_1_82' title="bbox 2122 4505 3686 4599">
    <p class='ocr_par' dir='ltr' id='par_1_82' title="bbox 2150 4505 3686 4596">
     <span class='ocr_line' id='line_1_82' title="bbox 2150 4505 3686 4596; baseline -0.01 -16"><span class='ocrx_word' id='word_1_609' title='bbox 2150 4526 2406 4596; x_wconf 75' lang='grc' dir='ltr'><strong>πονηρόν.</strong></span> <span class='ocrx_word' id='word_1_610' title='bbox 2429 4523 2733 4577; x_wconf 62' lang='lat' dir='ltr'><strong>Emis-Eam</strong></span> <span class='ocrx_word' id='word_1_611' title='bbox 2765 4520 2842 4582; x_wconf 77' lang='grc' dir='ltr'><strong>δὲ,</strong></span> <span class='ocrx_word' id='word_1_612' title='bbox 2867 4518 2928 4571; x_wconf 77' lang='grc' dir='ltr'><strong>τὸ</strong></span> <span class='ocrx_word' id='word_1_613' title='bbox 2963 4516 3338 4588; x_wconf 73' lang='grc' dir='ltr'><strong>παρακινῆσαι</strong></span> <span class='ocrx_word' id='word_1_614' title='bbox 3368 4512 3468 4585; x_wconf 79' lang='grc' dir='ltr'><strong>τῆς</strong></span> <span class='ocrx_word' id='word_1_615' title='bbox 3500 4505 3686 4579; x_wconf 67' lang='grc' dir='ltr'>ἑδραίας</span> 
     </span>
    </p>
   </div>
   <div class='ocr_carea' id='block_1_83' title="bbox 463 4614 2019 4688">
    <p class='ocr_par' dir='ltr' id='par_1_83' title="bbox 463 4614 2016 4682">
     <span class='ocr_line' id='line_1_83' title="bbox 463 4614 2016 4682; baseline -0.003 -9"><span class='ocrx_word' id='word_1_616' title='bbox 463 4628 629 4673; x_wconf 89' lang='lat' dir='ltr'><strong>stum.</strong></span> <span class='ocrx_word' id='word_1_617' title='bbox 662 4615 787 4670; x_wconf 85' lang='lat' dir='ltr'><strong>Non</strong></span> <span class='ocrx_word' id='word_1_618' title='bbox 829 4618 1092 4671; x_wconf 71' lang='lat' dir='ltr'><strong>concutiat</strong></span> <span class='ocrx_word' id='word_1_619' title='bbox 1130 4626 1333 4681; x_wconf 88' lang='lat' dir='ltr'><strong>autem,</strong></span> <span class='ocrx_word' id='word_1_620' title='bbox 1370 4618 1471 4671; x_wconf 85' lang='lat' dir='ltr'><strong>hoc</strong></span> <span class='ocrx_word' id='word_1_621' title='bbox 1500 4626 1604 4682; x_wconf 88' lang='lat' dir='ltr'><strong>est,</strong></span> <span class='ocrx_word' id='word_1_622' title='bbox 1660 4614 1777 4671; x_wconf 86' lang='lat' dir='ltr'><strong>Non</strong></span> <span class='ocrx_word' id='word_1_623' title='bbox 1828 4631 2016 4670; x_wconf 73' lang='lat' dir='ltr'><strong>movea</strong></span> 
     </span>
    </p>
   </div>
   <div class='ocr_carea' id='block_1_84' title="bbox 2122 4614 2825 4688">
    <p class='ocr_par' dir='ltr' id='par_1_84' title="bbox 2152 4616 2825 4688">
     <span class='ocr_line' id='line_1_84' title="bbox 2152 4616 2825 4688; baseline -0.009 -16"><span class='ocrx_word' id='word_1_624' title='bbox 2152 4618 2384 4688; x_wconf 81' lang='grc' dir='ltr'><strong>βάσεως,</strong></span> <span class='ocrx_word' id='word_1_625' title='bbox 2416 4617 2515 4687; x_wconf 77' lang='grc' dir='ltr'><strong>τῆς</strong></span> <span class='ocrx_word' id='word_1_626' title='bbox 2548 4617 2606 4668; x_wconf 85' lang='grc' dir='ltr'><strong>ὲν</strong></span> <span class='ocrx_word' id='word_1_627' title='bbox 2634 4616 2825 4684; x_wconf 78' lang='grc' dir='ltr'><strong>ἀρετῇ.</strong></span> 
     </span>
    </p>
   </div>
   <div class='ocr_carea' id='block_1_85' title="bbox 464 4705 2044 4778">
    <p class='ocr_par' dir='ltr' id='par_1_85' title="bbox 464 4705 2044 4778">
     <span class='ocr_line' id='line_1_85' title="bbox 464 4705 2044 4778; baseline -0.001 -16"><span class='ocrx_word' id='word_1_628' title='bbox 464 4708 533 4763; x_wconf 90' lang='lat' dir='ltr'><strong>ab</strong></span> <span class='ocrx_word' id='word_1_629' title='bbox 556 4705 648 4762; x_wconf 88' lang='lat' dir='ltr'><strong>illa</strong></span> <span class='ocrx_word' id='word_1_630' title='bbox 675 4706 934 4762; x_wconf 88' lang='lat' dir='ltr'><strong>nimirum</strong></span> <span class='ocrx_word' id='word_1_631' title='bbox 957 4708 1259 4763; x_wconf 83' lang='lat' dir='ltr'><strong>stabilitate</strong></span> <span class='ocrx_word' id='word_1_632' title='bbox 1281 4722 1345 4762; x_wconf 87' lang='lat' dir='ltr'><strong>ac</strong></span> <span class='ocrx_word' id='word_1_633' title='bbox 1372 4707 1525 4772; x_wconf 83' lang='lat' dir='ltr'><strong>sede,</strong></span> <span class='ocrx_word' id='word_1_634' title='bbox 1556 4723 1721 4778; x_wconf 80' lang='lat' dir='ltr'><strong>quam</strong></span> <span class='ocrx_word' id='word_1_635' title='bbox 1755 4707 1807 4760; x_wconf 92' lang='lat' dir='ltr'><strong>in</strong></span> <span class='ocrx_word' id='word_1_636' title='bbox 1845 4707 2044 4761; x_wconf 78' lang='lat' dir='ltr'><strong>virtute</strong></span> 
     </span>
    </p>
   </div>
   <div class='ocr_carea' id='block_1_86' title="bbox 464 4801 2121 4880">
    <p class='ocr_par' dir='ltr' id='par_1_86' title="bbox 464 4801 2121 4880">
     <span class='ocr_line' id='line_1_86' title="bbox 464 4801 2121 4880; baseline -0.007 -25"><span class='ocrx_word' id='word_1_637' title='bbox 464 4801 754 4855; x_wconf 88' lang='lat' dir='ltr'><strong>collocavi.</strong></span> <span class='ocrx_word' id='word_1_638' title='bbox 2074 4824 2121 4880; x_wconf 67' lang='grc' dir='ltr'><strong>υ</strong></span> 
     </span>
    </p>
   </div>
   <div class='ocr_carea' id='block_1_87' title="bbox 535 4861 2019 4961">
    <p class='ocr_par' dir='ltr' id='par_1_87' title="bbox 535 4891 2011 4961">
     <span class='ocr_line' id='line_1_87' title="bbox 535 4891 2011 4961; baseline -0.004 -15"><span class='ocrx_word' id='word_1_639' title='bbox 535 4891 703 4949; x_wconf 73' lang='lat' dir='ltr'><strong>Vens.</strong></span> <span class='ocrx_word' id='word_1_640' title='bbox 745 4893 830 4947; x_wconf 81' lang='lat' dir='ltr'><strong>l5.</strong></span> <span class='ocrx_word' id='word_1_641' title='bbox 866 4891 1006 4946; x_wconf 76' lang='lat' dir='ltr'><strong>‘Illic</strong></span> <span class='ocrx_word' id='word_1_642' title='bbox 1057 4892 1357 4946; x_wconf 83' lang='lat' dir='ltr'><strong>ceciderunt</strong></span> <span class='ocrx_word' id='word_1_643' title='bbox 1391 4908 1569 4946; x_wconf 83' lang='lat' dir='ltr'><strong>omnes</strong></span> <span class='ocrx_word' id='word_1_644' title='bbox 1616 4892 1709 4961; x_wconf 84' lang='lat' dir='ltr'><strong>qui</strong></span> <span class='ocrx_word' id='word_1_645' title='bbox 1759 4899 2011 4959; x_wconf 85' lang='lat' dir='ltr'><strong>operantu</strong></span> 
     </span>
    </p>
   </div>
   <div class='ocr_carea' id='block_1_88' title="bbox 2122 4861 3690 4961">
    <p class='ocr_par' dir='ltr' id='par_1_88' title="bbox 2231 4861 3690 4961">
     <span class='ocr_line' id='line_1_88' title="bbox 2231 4861 3690 4961; baseline -0.02 -21"><span class='ocrx_word' id='word_1_646' title='bbox 2231 4885 2395 4939; x_wconf 75' lang='grc' dir='ltr'><strong>Ἐκεῖ</strong></span> <span class='ocrx_word' id='word_1_647' title='bbox 2417 4884 2646 4937; x_wconf 74' lang='grc' dir='ltr'><strong>ἔπεσον</strong></span> <span class='ocrx_word' id='word_1_648' title='bbox 2693 4877 2916 4943; x_wconf 75' lang='grc' dir='ltr'><strong>πάντες</strong></span> <span class='ocrx_word' id='word_1_649' title='bbox 2943 4878 2999 4929; x_wconf 75' lang='grc' dir='ltr'><strong>οἱ</strong></span> <span class='ocrx_word' id='word_1_650' title='bbox 3036 4871 3411 4943; x_wconf 67' lang='grc' dir='ltr'><strong>ἐργαζῢμενοι</strong></span> <span class='ocrx_word' id='word_1_651' title='bbox 3440 4865 3547 4961; x_wconf 49' lang='lat' dir='ltr'><strong>the</strong></span> <span class='ocrx_word' id='word_1_652' title='bbox 3567 4861 3690 4961; x_wconf 68' lang='lat' dir='ltr'><strong>dra:</strong></span> 
     </span>
    </p>
   </div>
   <div class='ocr_carea' id='block_1_89' title="bbox 465 4948 2019 5060">
    <p class='ocr_par' dir='ltr' id='par_1_89' title="bbox 465 4983 2014 5055">
     <span class='ocr_line' id='line_1_89' title="bbox 465 4983 2014 5055; baseline -0.005 -16"><span class='ocrx_word' id='word_1_653' title='bbox 465 4986 823 5055; x_wconf 84' lang='lat' dir='ltr'><strong>iniquitatem.</strong></span> <span class='ocrx_word' id='word_1_654' title='bbox 859 4983 1011 5050; x_wconf 72' lang='lat' dir='ltr'><strong>Illic,</strong></span> <span class='ocrx_word' id='word_1_655' title='bbox 1048 4984 1100 5039; x_wconf 89' lang='lat' dir='ltr'><strong>id</strong></span> <span class='ocrx_word' id='word_1_656' title='bbox 1136 4994 1243 5050; x_wconf 88' lang='lat' dir='ltr'><strong>est,</strong></span> <span class='ocrx_word' id='word_1_657' title='bbox 1281 4984 1334 5038; x_wconf 90' lang='lat' dir='ltr'><strong>in</strong></span> <span class='ocrx_word' id='word_1_658' title='bbox 1367 4984 1487 5040; x_wconf 91' lang='lat' dir='ltr'><strong>loco</strong></span> <span class='ocrx_word' id='word_1_659' title='bbox 1518 4985 1635 5049; x_wconf 89' lang='lat' dir='ltr'><strong>illo,</strong></span> <span class='ocrx_word' id='word_1_660' title='bbox 1677 4998 1775 5038; x_wconf 87' lang='lat' dir='ltr'><strong>seu</strong></span> <span class='ocrx_word' id='word_1_661' title='bbox 1822 4984 1879 5037; x_wconf 88' lang='lat' dir='ltr'><strong>in</strong></span> <span class='ocrx_word' id='word_1_662' title='bbox 1909 4989 2014 5035; x_wconf 83' lang='lat' dir='ltr'><strong>tetu</strong></span> 
     </span>
    </p>
   </div>
   <div class='ocr_carea' id='block_1_90' title="bbox 2122 4948 3687 5060">
    <p class='ocr_par' dir='ltr' id='par_1_90' title="bbox 2146 4948 3687 5047">
     <span class='ocr_line' id='line_1_90' title="bbox 2146 4948 3687 5047; baseline -0.018 -15"><span class='ocrx_word' id='word_1_663' title='bbox 2146 4978 2307 5047; x_wconf 74' lang='grc' dir='ltr'><strong>μίαν.</strong></span> <span class='ocrx_word' id='word_1_664' title='bbox 2338 4976 2411 5028; x_wconf 73' lang='lat' dir='ltr'><strong>To</strong></span> <span class='ocrx_word' id='word_1_665' title='bbox 2459 4973 2639 5039; x_wconf 78' lang='grc' dir='ltr'>Ἐκεῖ,</span> <span class='ocrx_word' id='word_1_666' title='bbox 2672 4971 2793 5026; x_wconf 70' lang='grc' dir='ltr'><strong>ἀντὶ</strong></span> <span class='ocrx_word' id='word_1_667' title='bbox 2850 4970 2968 5036; x_wconf 86' lang='grc' dir='ltr'><strong>τοῦ,</strong></span> <span class='ocrx_word' id='word_1_668' title='bbox 3010 4969 3101 5021; x_wconf 85' lang='grc' dir='ltr'><strong>Ἑν</strong></span> <span class='ocrx_word' id='word_1_669' title='bbox 3132 4967 3329 5033; x_wconf 76' lang='grc' dir='ltr'>ἐκείνῳ</span> <span class='ocrx_word' id='word_1_670' title='bbox 3375 4961 3450 5029; x_wconf 80' lang='grc' dir='ltr'><strong>τῷ</strong></span> <span class='ocrx_word' id='word_1_671' title='bbox 3486 4948 3687 5023; x_wconf 74' lang='grc' dir='ltr'>τόπῳ,ῆ</span> 
     </span>
    </p>
   </div>
   <div class='ocr_carea' id='block_1_91' title="bbox 468 5054 2019 5151">
    <p class='ocr_par' dir='ltr' id='par_1_91' title="bbox 468 5054 2019 5149">
     <span class='ocr_line' id='line_1_91' title="bbox 468 5054 2019 5149; baseline -0.003 -17"><span class='ocrx_word' id='word_1_672' title='bbox 468 5054 597 5149; x_wconf 85' lang='lat' dir='ltr'><strong>pore</strong></span> <span class='ocrx_word' id='word_1_673' title='bbox 637 5094 667 5133; x_wconf 87' lang='lat' dir='ltr'><strong>a</strong></span> <span class='ocrx_word' id='word_1_674' title='bbox 708 5077 818 5133; x_wconf 85' lang='lat' dir='ltr'><strong>Deo</strong></span> <span class='ocrx_word' id='word_1_675' title='bbox 871 5078 1194 5133; x_wconf 89' lang='lat' dir='ltr'><strong>constituto.</strong></span> <span class='ocrx_word' id='word_1_676' title='bbox 1252 5076 1318 5131; x_wconf 85' lang='lat' dir='ltr'><strong>Et</strong></span> <span class='ocrx_word' id='word_1_677' title='bbox 1356 5094 1467 5131; x_wconf 89' lang='lat' dir='ltr'><strong>non</strong></span> <span class='ocrx_word' id='word_1_678' title='bbox 1501 5075 1659 5141; x_wconf 78' lang='lat' dir='ltr'><strong>dixit,</strong></span> <span class='ocrx_word' id='word_1_679' title='bbox 1692 5074 1920 5136; x_wconf 80' lang='lat' dir='ltr'><strong>Cadent,</strong></span> <span class='ocrx_word' id='word_1_680' title='bbox 1953 5088 2019 5128; x_wconf 80' lang='lat' dir='ltr'><strong>se</strong></span> 
     </span>
    </p>
   </div>
   <div class='ocr_carea' id='block_1_92' title="bbox 2122 5054 3690 5151">
    <p class='ocr_par' dir='ltr' id='par_1_92' title="bbox 2149 5054 3690 5140">
     <span class='ocr_line' id='line_1_92' title="bbox 2149 5054 3690 5140; baseline -0.018 -16"><span class='ocrx_word' id='word_1_681' title='bbox 2149 5069 2225 5140; x_wconf 77' lang='grc' dir='ltr'><strong>τῷ</strong></span> <span class='ocrx_word' id='word_1_682' title='bbox 2247 5067 2538 5140; x_wconf 80' lang='grc' dir='ltr'><strong>ὡρισμένῳ</strong></span> <span class='ocrx_word' id='word_1_683' title='bbox 2582 5066 2732 5137; x_wconf 79' lang='grc' dir='ltr'>παρά</span> <span class='ocrx_word' id='word_1_684' title='bbox 2762 5063 2922 5117; x_wconf 86' lang='grc' dir='ltr'><strong>Θεοῦ.</strong></span> <span class='ocrx_word' id='word_1_685' title='bbox 2955 5061 3069 5115; x_wconf 77' lang='grc' dir='ltr'><strong>Οὐκ</strong></span> <span class='ocrx_word' id='word_1_686' title='bbox 3098 5054 3217 5112; x_wconf 77' lang='grc' dir='ltr'><strong>εἷπε</strong></span> <span class='ocrx_word' id='word_1_687' title='bbox 3262 5056 3344 5120; x_wconf 81' lang='grc' dir='ltr'><strong>δὲ,</strong></span> <span class='ocrx_word' id='word_1_688' title='bbox 3401 5054 3690 5108; x_wconf 75' lang='grc' dir='ltr'><strong>Πεσοῦνται,</strong></span> 
     </span>
    </p>
   </div>
   <div class='ocr_carea' id='block_1_93' title="bbox 470 5137 2019 5241">
    <p class='ocr_par' dir='ltr' id='par_1_93' title="bbox 470 5137 2015 5241">
     <span class='ocr_line' id='line_1_93' title="bbox 470 5137 2015 5241; baseline -0.005 -16"><span class='ocrx_word' id='word_1_689' title='bbox 470 5137 789 5225; x_wconf 52' lang='grc' dir='ltr'><strong>λεεὶάεηιηι</strong></span> <span class='ocrx_word' id='word_1_690' title='bbox 818 5185 836 5224; x_wconf 92' lang='lat'><strong><em>:</em></strong></span> <span class='ocrx_word' id='word_1_691' title='bbox 868 5169 1037 5225; x_wconf 90' lang='lat' dir='ltr'><strong>veluti</strong></span> <span class='ocrx_word' id='word_1_692' title='bbox 1095 5172 1189 5241; x_wconf 92' lang='lat' dir='ltr'><strong>qui</strong></span> <span class='ocrx_word' id='word_1_693' title='bbox 1244 5166 1584 5239; x_wconf 84' lang='lat' dir='ltr'><strong>propheticis</strong></span> <span class='ocrx_word' id='word_1_694' title='bbox 1612 5168 1788 5221; x_wconf 90' lang='lat' dir='ltr'><strong>oculis</strong></span> <span class='ocrx_word' id='word_1_695' title='bbox 1840 5166 2015 5219; x_wconf 86' lang='lat' dir='ltr'><strong>illorm</strong></span> 
     </span>
    </p>
   </div>
   <div class='ocr_carea' id='block_1_94' title="bbox 2122 5137 3689 5241">
    <p class='ocr_par' dir='ltr' id='par_1_94' title="bbox 2149 5137 3689 5241">
     <span class='ocr_line' id='line_1_94' title="bbox 2149 5137 3689 5241; baseline -0.019 -23"><span class='ocrx_word' id='word_1_696' title='bbox 2149 5137 2265 5219; x_wconf 73' lang='grc' dir='ltr'>ἀλλ’</span> <span class='ocrx_word' id='word_1_697' title='bbox 2294 5137 2581 5222; x_wconf 54' lang='grc' dir='ltr'><strong>ἑἘπικςσον,</strong></span> <span class='ocrx_word' id='word_1_698' title='bbox 2613 5154 2703 5211; x_wconf 77' lang='grc' dir='ltr'><strong>οἷα</strong></span> <span class='ocrx_word' id='word_1_699' title='bbox 2739 5159 2850 5218; x_wconf 78' lang='grc' dir='ltr'><strong>τοῖς</strong></span> <span class='ocrx_word' id='word_1_700' title='bbox 2878 5153 3238 5224; x_wconf 74' lang='grc' dir='ltr'><strong>προφητικοῖς</strong></span> <span class='ocrx_word' id='word_1_701' title='bbox 3262 5145 3548 5241; x_wconf 55' lang='lat' dir='ltr'><strong>sesami;</strong></span> <span class='ocrx_word' id='word_1_702' title='bbox 3580 5137 3689 5241; x_wconf 60' lang='grc' dir='ltr'><strong>ἰδὼν</strong></span> 
     </span>
    </p>
   </div>
   <div class='ocr_carea' id='block_1_95' title="bbox 470 5226 2019 5334">
    <p class='ocr_par' dir='ltr' id='par_1_95' title="bbox 470 5257 2013 5334">
     <span class='ocr_line' id='line_1_95' title="bbox 470 5257 2013 5334; baseline -0.005 -17"><span class='ocrx_word' id='word_1_703' title='bbox 470 5265 686 5318; x_wconf 87' lang='lat' dir='ltr'><strong>rttinam</strong></span> <span class='ocrx_word' id='word_1_704' title='bbox 716 5273 986 5319; x_wconf 87' lang='lat' dir='ltr'><strong>cerneret.</strong></span> <span class='ocrx_word' id='word_1_705' title='bbox 1018 5263 1278 5334; x_wconf 82' lang='lat' dir='ltr'><strong>lntelligit</strong></span> <span class='ocrx_word' id='word_1_706' title='bbox 1309 5269 1490 5316; x_wconf 91' lang='lat' dir='ltr'><strong>autem</strong></span> <span class='ocrx_word' id='word_1_707' title='bbox 1516 5257 1736 5314; x_wconf 84' lang='lat' dir='ltr'><strong>Saulem</strong></span> <span class='ocrx_word' id='word_1_708' title='bbox 1760 5267 1814 5312; x_wconf 89' lang='lat' dir='ltr'><strong>et</strong></span> <span class='ocrx_word' id='word_1_709' title='bbox 1842 5273 2013 5327; x_wconf 86' lang='lat' dir='ltr'><strong>scqua</strong></span> 
     </span>
    </p>
   </div>
   <div class='ocr_carea' id='block_1_96' title="bbox 2122 5226 3687 5334">
    <p class='ocr_par' dir='ltr' id='par_1_96' title="bbox 2152 5226 3687 5327">
     <span class='ocr_line' id='line_1_96' title="bbox 2152 5226 3687 5327; baseline -0.014 -19"><span class='ocrx_word' id='word_1_710' title='bbox 2152 5256 2254 5327; x_wconf 78' lang='grc' dir='ltr'><strong>τὴν</strong></span> <span class='ocrx_word' id='word_1_711' title='bbox 2285 5254 2491 5309; x_wconf 84' lang='grc' dir='ltr'><strong>πτῶσιν</strong></span> <span class='ocrx_word' id='word_1_712' title='bbox 2514 5250 2716 5307; x_wconf 82' lang='grc' dir='ltr'>αὐτῶν.</span> <span class='ocrx_word' id='word_1_713' title='bbox 2743 5249 2906 5316; x_wconf 82' lang='grc' dir='ltr'><strong>Λέγει</strong></span> <span class='ocrx_word' id='word_1_714' title='bbox 2930 5245 2985 5299; x_wconf 76' lang='grc' dir='ltr'><strong>δὲ</strong></span> <span class='ocrx_word' id='word_1_715' title='bbox 3013 5243 3187 5297; x_wconf 78' lang='grc' dir='ltr'>Σαούλ</span> <span class='ocrx_word' id='word_1_716' title='bbox 3207 5259 3267 5295; x_wconf 87' lang='grc' dir='ltr'><strong>τε</strong></span> <span class='ocrx_word' id='word_1_717' title='bbox 3314 5240 3406 5293; x_wconf 79' lang='grc' dir='ltr'>καὶ</span> <span class='ocrx_word' id='word_1_718' title='bbox 3442 5237 3556 5295; x_wconf 74' lang='grc' dir='ltr'><strong>τοὺς</strong></span> <span class='ocrx_word' id='word_1_719' title='bbox 3576 5226 3687 5295; x_wconf 72' lang='grc' dir='ltr'><strong>περὶ</strong></span> 
     </span>
    </p>
   </div>
   <div class='ocr_carea' id='block_1_97' title="bbox 472 5338 2019 5426">
    <p class='ocr_par' dir='ltr' id='par_1_97' title="bbox 472 5351 1850 5426">
     <span class='ocr_line' id='line_1_97' title="bbox 472 5351 1850 5426; baseline -0.007 -14"><span class='ocrx_word' id='word_1_720' title='bbox 472 5372 602 5419; x_wconf 81' lang='lat' dir='ltr'><strong>ces,</strong></span> <span class='ocrx_word' id='word_1_721' title='bbox 639 5366 733 5410; x_wconf 89' lang='lat' dir='ltr'><strong>aut</strong></span> <span class='ocrx_word' id='word_1_722' title='bbox 768 5357 906 5411; x_wconf 81' lang='lat' dir='ltr'><strong>alios</strong></span> <span class='ocrx_word' id='word_1_723' title='bbox 941 5355 1260 5426; x_wconf 75' lang='lat' dir='ltr'><strong>huiusmodi</strong></span> <span class='ocrx_word' id='word_1_724' title='bbox 1297 5353 1560 5409; x_wconf 82' lang='lat' dir='ltr'><strong>scelestos</strong></span> <span class='ocrx_word' id='word_1_725' title='bbox 1581 5351 1850 5407; x_wconf 87' lang='lat' dir='ltr'><strong>homines.</strong></span> 
     </span>
    </p>
   </div>
   <div class='ocr_carea' id='block_1_98' title="bbox 2122 5338 3067 5426">
    <p class='ocr_par' dir='ltr' id='par_1_98' title="bbox 2157 5338 3067 5410">
     <span class='ocr_line' id='line_1_98' title="bbox 2157 5338 3067 5410; baseline -0.014 -8"><span class='ocrx_word' id='word_1_726' title='bbox 2157 5346 2331 5402; x_wconf 71' lang='grc' dir='ltr'>Σαοὺλ</span> <span class='ocrx_word' id='word_1_727' title='bbox 2364 5390 2378 5410; x_wconf 84' lang='grc'><strong>,</strong></span> <span class='ocrx_word' id='word_1_728' title='bbox 2409 5345 2502 5399; x_wconf 71' lang='grc' dir='ltr'><strong>καὶ</strong></span> <span class='ocrx_word' id='word_1_729' title='bbox 2528 5344 2582 5397; x_wconf 67' lang='lat' dir='ltr'><strong>ei</strong></span> <span class='ocrx_word' id='word_1_730' title='bbox 2604 5360 2689 5407; x_wconf 81' lang='grc' dir='ltr'><strong>τις</strong></span> <span class='ocrx_word' id='word_1_731' title='bbox 2713 5338 2971 5410; x_wconf 80' lang='grc' dir='ltr'><strong>πονηρός.</strong></span> <span class='ocrx_word' id='word_1_732' title='bbox 3066 5346 3067 5349; x_wconf 77' lang='lat'>‘</span> 
     </span>
    </p>
   </div>
   <div class='ocr_carea' id='block_1_99' title="bbox 541 5412 2019 5516">
    <p class='ocr_par' dir='ltr' id='par_1_99' title="bbox 541 5412 2019 5516">
     <span class='ocr_line' id='line_1_99' title="bbox 541 5412 2019 5516; baseline -0.005 -15"><span class='ocrx_word' id='word_1_733' title='bbox 541 5448 767 5516; x_wconf 67' lang='grc' dir='ltr'><strong>Επραίδὶ</strong></span> <span class='ocrx_word' id='word_1_734' title='bbox 795 5459 935 5512; x_wconf 86' lang='lat' dir='ltr'><strong>sunt,</strong></span> <span class='ocrx_word' id='word_1_735' title='bbox 957 5412 1147 5502; x_wconf 49' lang='lat' dir='ltr'><strong>et&#39;uon</strong></span> <span class='ocrx_word' id='word_1_736' title='bbox 1180 5453 1459 5515; x_wconf 84' lang='lat' dir='ltr'><strong>potuerunt</strong></span> <span class='ocrx_word' id='word_1_737' title='bbox 1481 5451 1650 5498; x_wconf 90' lang='lat' dir='ltr'><strong>stare.</strong></span> <span class='ocrx_word' id='word_1_738' title='bbox 1687 5439 1908 5512; x_wconf 83' lang='lat' dir='ltr'><strong>Expulsi</strong></span> <span class='ocrx_word' id='word_1_739' title='bbox 1936 5441 2019 5510; x_wconf 70' lang='lat' dir='ltr'><strong>jar</strong></span> 
     </span>
    </p>
   </div>
   <div class='ocr_carea' id='block_1_100' title="bbox 2122 5412 3688 5516">
    <p class='ocr_par' dir='ltr' id='par_1_100' title="bbox 2243 5412 3688 5505">
     <span class='ocr_line' id='line_1_100' title="bbox 2243 5412 3688 5505; baseline -0.017 -12"><span class='ocrx_word' id='word_1_740' title='bbox 2243 5437 2657 5505; x_wconf 78' lang='grc' dir='ltr'><strong>Ἐξώσθησαν,</strong></span> <span class='ocrx_word' id='word_1_741' title='bbox 2710 5431 2808 5487; x_wconf 82' lang='grc' dir='ltr'>καὶ</span> <span class='ocrx_word' id='word_1_742' title='bbox 2872 5425 3076 5497; x_wconf 73' lang='grc' dir='ltr'><strong>οὺ“μὴ</strong></span> <span class='ocrx_word' id='word_1_743' title='bbox 3131 5425 3423 5479; x_wconf 68' lang='grc' dir='ltr'><strong>δύνωνται</strong></span> <span class='ocrx_word' id='word_1_744' title='bbox 3476 5412 3688 5482; x_wconf 62' lang='grc' dir='ltr'><strong>στῆναι.</strong></span> 
     </span>
    </p>
   </div>
   <div class='ocr_carea' id='block_1_101' title="bbox 1138 5614 2530 5682">
    <p class='ocr_par' dir='ltr' id='par_1_101' title="bbox 1138 5614 2530 5682">
     <span class='ocr_line' id='line_1_101' title="bbox 1138 5614 2530 5682; baseline -0.004 -7"><span class='ocrx_word' id='word_1_745' title='bbox 1138 5623 1183 5656; x_wconf 79' lang='grc'><strong>⁸³</strong></span> <span class='ocrx_word' id='word_1_746' title='bbox 1213 5621 1349 5676; x_wconf 88' lang='lat' dir='ltr'><strong>Ibid.</strong></span> <span class='ocrx_word' id='word_1_747' title='bbox 1393 5621 1478 5675; x_wconf 80' lang='lat' dir='ltr'><strong>l0.</strong></span> <span class='ocrx_word' id='word_1_748' title='bbox 1559 5621 1605 5653; x_wconf 74' lang='lat'><strong>”</strong></span> <span class='ocrx_word' id='word_1_749' title='bbox 1636 5619 1653 5673; x_wconf 89' lang='lat' dir='ltr'><strong>l</strong></span> <span class='ocrx_word' id='word_1_750' title='bbox 1689 5619 1813 5676; x_wconf 88' lang='lat' dir='ltr'><strong>Cor.</strong></span> <span class='ocrx_word' id='word_1_751' title='bbox 1847 5633 1945 5682; x_wconf 79' lang='lat' dir='ltr'><strong>xu,</strong></span> <span class='ocrx_word' id='word_1_752' title='bbox 1976 5633 2029 5672; x_wconf 75' lang='grc' dir='ltr'><strong>ο.</strong></span> <span class='ocrx_word' id='word_1_753' title='bbox 2102 5617 2148 5647; x_wconf 86' lang='grc'><strong>⁸⁸</strong></span> <span class='ocrx_word' id='word_1_754' title='bbox 2179 5616 2196 5670; x_wconf 93' lang='lat' dir='ltr'><strong>l</strong></span> <span class='ocrx_word' id='word_1_755' title='bbox 2226 5615 2355 5669; x_wconf 88' lang='lat' dir='ltr'><strong>Cor.</strong></span> <span class='ocrx_word' id='word_1_756' title='bbox 2391 5630 2450 5677; x_wconf 90' lang='lat' dir='ltr'><strong>tt,</strong></span> <span class='ocrx_word' id='word_1_757' title='bbox 2478 5614 2530 5670; x_wconf 80' lang='lat' dir='ltr'><strong>l.</strong></span> 
     </span>
    </p>
   </div>
   <div class='ocr_carea' id='block_1_102' title="bbox 1817 5727 2378 5790">
    <p class='ocr_par' dir='ltr' id='par_1_102' title="bbox 1817 5727 2378 5790">
     <span class='ocr_line' id='line_1_102' title="bbox 1817 5727 2378 5790; baseline -0.007 0"><span class='ocrx_word' id='word_1_758' title='bbox 1817 5729 2012 5790; x_wconf 69' lang='lat' dir='ltr'><strong>Varia:</strong></span> <span class='ocrx_word' id='word_1_759' title='bbox 2053 5727 2378 5789; x_wconf 82' lang='lat' dir='ltr'><strong>lectiones.</strong></span> 
     </span>
    </p>
   </div>
   <div class='ocr_carea' id='block_1_103' title="bbox 542 5624 1019 5690">
    <p class='ocr_par' dir='ltr' id='par_1_103' title="bbox 542 5624 1019 5690">
     <span class='ocr_line' id='line_1_103' title="bbox 542 5624 1019 5690; baseline -0.002 -10"><span class='ocrx_word' id='word_1_760' title='bbox 542 5626 590 5660; x_wconf 80' lang='grc'>⁸⁸</span> <span class='ocrx_word' id='word_1_761' title='bbox 621 5625 778 5682; x_wconf 74' lang='lat' dir='ltr'><strong>Joau.</strong></span> <span class='ocrx_word' id='word_1_762' title='bbox 813 5642 927 5690; x_wconf 77' lang='lat' dir='ltr'><strong>nv,</strong></span> <span class='ocrx_word' id='word_1_763' title='bbox 965 5624 1019 5679; x_wconf 84' lang='lat'><strong>6.</strong></span> 
     </span>
    </p>
   </div>
   <div class='ocr_carea' id='block_1_104' title="bbox 557 5859 1300 5943">
    <p class='ocr_par' dir='ltr' id='par_1_104' title="bbox 557 5859 1300 5943">
     <span class='ocr_line' id='line_1_104' title="bbox 557 5859 1300 5943; baseline -0.005 -25"><span class='ocrx_word' id='word_1_764' title='bbox 705 5863 767 5918; x_wconf 73' lang='lat' dir='ltr'><strong>Ai</strong></span> <span class='ocrx_word' id='word_1_765' title='bbox 805 5860 892 5915; x_wconf 65' lang='grc' dir='ltr'><strong>διὰ</strong></span> <span class='ocrx_word' id='word_1_766' title='bbox 923 5860 983 5914; x_wconf 71' lang='grc' dir='ltr'><strong>τὸ</strong></span> <span class='ocrx_word' id='word_1_767' title='bbox 1010 5859 1300 5914; x_wconf 70' lang='grc' dir='ltr'><strong>ἀνάπαλιν.</strong></span> 
     </span>
    </p>
   </div>
  </div>
