3866 6546
255 421 369 485 413

1395 443 1786 512 COMMENT.
1820 449 1903 510 ΙΝ
1939 451 2299 514 PSALMOS.

3401 450 3509 515 414

253 540 613 635 ἘΞῴσοησαν
660 543 760 615 ἤδη
818 546 918 617 τῆς
952 550 1103 620 παρά
1131 552 1266 608 Θεοῦ
1313 555 1587 627 βοηθείας,
1624 560 1711 614 διὰ
1737 561 1823 630 rip

1948 574 2067 619 sunt
2097 582 2127 619 a
2162 566 2348 620 divino
2406 567 2634 629 anxdio,
2670 566 2741 622 ob
2770 581 2961 621 eorum
3005 565 3217 622 scilicet
3266 567 3420 635 vina,
3457 576 3513 624 et

253 633 463 701 κακίαν
489 633 697 700 αὐτῶν,
721 637 816 691 καὶ
844 637 1030 696 λοιπὸν
1055 644 1116 697 οὗ
1167 645 1432 702 δύνωνται
1467 667 1555 703 στε
1568 652 1823 722 ρεωθῆνας

1948 656 2200 727 deinceps
2231 657 2436 711 ﬁrmari
2473 672 2580 713 non
2617 667 2896 727 poterunt.

252 740 275 774 ε
288 726 336 785 ξς
365 724 429 779 τὸ
462 724 650 795 ζῆσαι.

750 827 999 896 Ψαλμὸς
1038 828 1119 895 τῷ
1144 834 1342 888 Δαϐίδ.

807 920 1098 977 “mox
1133 924 1271 994 Δεῖν.

322 999 631 1069 Νουθεσίας
690 1007 720 1060 ό
775 1007 991 1079 sane;
1031 1007 1189 1078 οὗτος
1226 1019 1493 1090 περιέχει,
1546 1023 1834 1095 παραινῶν

253 1099 423 1150 παντὶ
455 1100 829 1173 μακροθύμως
871 1103 942 1157 τά
974 1108 1361 1176 συμπίπτοντα
1389 1114 1601 1184 φέρειν,
1632 1118 1727 1170 καὶ
1756 1117 1831 1188 μὴ

251 1190 550 1262 προσέχειν
581 1196 708 1258 ταῖς
728 1196 1054 1269 εὐημερίαις
1080 1201 1189 1255 τῶν
1226 1206 1502 1276 πονηρῶν.

322 1369 422 1437 Μὴ
446 1371 793 1440 παραζήλου
833 1374 905 1429 ἐν
936 1381 1465 1451 πονηρευομένοις.
1504 1386 1693 1440 Ἔστιν
1730 1389 1834 1458 μὲν

252 1460 432 1512 εἰπεῖν
479 1461 871 1533 παραζήλωσιν
928 1467 1028 1537 τὴν
1070 1470 1324 1542 μίμησιν,
1353 1464 1604 1539 οἶον,Μῆ
1656 1475 1827 1546 μιμοῦ

250 1551 379 1612 τοὺς
404 1555 893 1629 πονηρευομένους,
926 1561 974 1611 εί
1005 1559 1565 1631 εὐπραγοῦσιν.Ἕστι
1585 1564 1641 1617 δὲ
1659 1566 1833 1619 είπεῖν

249 1641 474 1695 καὶτὸν
506 1645 821 1717 ἐρεθισμὸν,
862 1643 995 1715 οἷον,
1038 1653 1129 1722 Μὴ
1166 1654 1418 1722 ἐρεϐίζου
1455 1656 1592 1725 πρὸς
1629 1655 1829 1726 λύπην,

246 1734 379 1797 τοὺς
432 1741 708 1808 πονηροὺς
740 1740 955 1811 βλέπων
984 1744 1334 1814 εὐροοῦντος.
1376 1745 1440 1799 Ἠ
1472 1746 1529 1799 δὲ
1583 1746 1831 1813 σύνταξις

247 1824 548 1898 ἀδιάφορος
582 1832 785 1897 κεῖται,
814 1832 940 1887 καθ’
994 1834 1287 1906 Ἑσραῖκὸν
1314 1837 1537 1907 ἰδίωμα.

2395 835 2651 891 Psalmus
2682 837 2784 906 ipsi
2832 836 3022 891 David.

2394 926 2715 983 PSALMUS
2770 926 3017 981 XXXVI.

2004 1021 2423 1077 Admonitiones
2478 1021 2724 1077 continet
2781 1021 2869 1075 hic
2927 1021 3197 1090 psalmus.
3245 1019 3516 1075 Admonet

1934 1113 2079 1169 enim
2115 1120 2175 1167 ut
2204 1116 2585 1183 unusquisque
2616 1113 2799 1167 varios
2832 1127 3014 1166 rerum
3039 1121 3272 1167 eventus
3299 1112 3515 1179 patien-

1935 1214 2020 1259 ter
2068 1203 2231 1269 ferat,
2255 1214 2310 1260 et
2368 1214 2605 1259 mentem
2667 1219 2774 1257 non
2804 1203 3064 1259 adhibeat
3120 1202 3189 1258 ad
3221 1217 3512 1258 pravorum

1936 1296 2221 1350 hominum
2259 1295 2671 1365 prosperitates.

2003 1385 2171 1442 Vsus.
2207 1389 2259 1441 1.
2296 1385 2380 1441 Ne
2413 1386 2677 1441 temuleris
2719 1388 2771 1439 in
2812 1385 3258 1456 malignantibus.
3315 1383 3511 1439 [Emu-

1934 1479 2197 1533 lationem
2227 1477 2590 1533 imitationem
2622 1478 2858 1547 appellat
2887 1493 2902 1542 ;
2937 1493 3001 1531 ac
3023 1478 3068 1531 si
3102 1477 3310 1531 diceret
3337 1491 3352 1528 :
3388 1473 3513 1530 Noli

1933 1567 2138 1622 imitari
2195 1568 2577 1638 malignantes,
2621 1568 2838 1622 tametsi
2896 1568 3137 1622 secunda
3184 1581 3281 1621 eos
3329 1565 3514 1618 videas

1933 1654 2130 1712 ﬂorere
2159 1655 2404 1711 fortuna.
2445 1655 2750 1711 Possumus
2782 1657 2946 1709 etiam
2980 1656 3383 1710 aemulationem
3414 1667 3514 1723 pro

1934 1747 2244 1802 irritatione
2277 1746 2579 1815 intelligere
2612 1744 3103 1818 [quemadmodum
3128 1744 3316 1799 Graeca
3339 1743 3512 1800 dictio

1932 1837 2340 1908 signiﬁcantius
2403 1837 2683 1910 exprimit]
2727 1839 2927 1902 zelum,
2979 1838 3386 1892 inundationem
3418 1851 3516 1904 ap-

248 1918 485 1986 pellans.
523 1920 679 1977 Unde
719 1924 882 1979 etiam
915 1927 1141 1982 verbum
1199 1945 1358 1984 suum
1394 1929 1634 1985 deducit.
1667 1930 1743 1984 Ac
1777 1930 1822 1984 si
1864 1928 2121 1985 diceret:
2160 1929 2280 1984 Noli
2314 1929 2539 1995 irritari,
2570 1939 2665 1982 aut
2705 1944 2959 1992 moerere,
3031 1929 3250 1999 quando
3317 1943 3515 1998 pravos

245 2011 632 2068 videsl'elicem
667 2015 831 2072 vitam
860 2019 1072 2086 degere.
1129 2019 1481 2077 Constructio
1520 2033 1703 2077 autem
1765 2023 1869 2078 hoc
1951 2023 2004 2078 in
2061 2024 2182 2078 loco
2234 2021 2552 2079 indiﬂ‘erens
2604 2030 2709 2088 est,
2748 2032 2803 2077 et
2854 2023 3096 2093 regulam
3151 2037 3261 2077 non
3305 2030 3511 2083 servat,

239 2102 401 2170 juxta
436 2102 760 2159 llebraicum
795 2105 1018 2162 idioma.

320 2195 491 2264 Μηδὲ
518 2197 697 2265 ζηλοῦ
723 2200 863 2267 τοὺς
890 2201 1217 2268 ποιοῦντας
1244 2203 1360 2272 τὴν
1391 2201 1670 2275 ἀνομίαν.
1693 2206 1823 2261 Πολ-

2012 2200 2195 2272 Neque
2222 2201 2488 2256 aemulari:
2512 2201 2763 2273 facientes
2792 2200 3149 2270 iniquitatem.
3178 2199 3330 2254 Multi
3361 2201 3511 2256 enim

242 2289 332 2355 lo).
358 2289 473 2360 γὰρ
495 2288 782 2359 βλέποντες
809 2293 931 2357 τοὺς
953 2294 1157 2357 κακοὺς
1188 2295 1639 2365 εὖθηνουμένους,
1660 2315 1733 2350 πα
1744 2314 1831 2365 po-

243 2378 508 2446 ξύνονται
539 2382 675 2453 πρὸς
708 2382 942 2455 μίμησιν
968 2384 1149 2439 αὐτῶν
1176 2390 1240 2440 ὲκ
1273 2387 1656 2458 μικροψυχίας,
1693 2390 1828 2460 ὅπερ

240 2472 322 2535 ὠς
348 2472 595 2545 ὀλέθριον
647 2476 968 2546 ἀποτρέπει.
1001 2478 1156 2531 Ἔστι
1205 2479 1260 2532 δὲ
1291 2478 1449 2547 ζῆλος
1485 2479 1661 2551 ὄρεξις
1694 2483 1828 2550 κτή-

244 2581 394 2626 σεως
436 2564 533 2617 τοῦ
570 2565 863 2631 δοκοῦντος
904 2572 1188 2638 προσεῖναι
1239 2570 1316 2641 τῷ
1369 2571 1539 2634 πέλας
1596 2572 1825 2639 ἀγαθοῦ.

242 2655 523 2709 Τάττεται
568 2656 626 2711 δὲ
668 2659 876 2729 κυρίως
945 2660 1045 2730 μὲν
1078 2662 1172 2714 ἰπὶ
1201 2662 1406 2716 καλοῦ·
1445 2663 1709 2727 πολλάκις
1753 2663 1832 2729 δὲ,

1938 2297 2163 2365 quoties
2199 2308 2397 2363 pravos
2454 2294 2638 2347 vident
2689 2293 2934 2348 externis
2968 2292 3119 2347 hisce
3152 2292 3310 2346 bonis
3337 2293 3513 2347 abun-

1935 2390 2088 2454 dare,
2119 2388 2572 2456 pusillanimitate
2592 2385 2766 2448 ducti,
2794 2385 2861 2439 ad
2897 2385 3113 2439 illormn
3150 2383 3510 2438 imitationem

1936 2481 2251 2535 ineitmtur.
2290 2479 2461 2545 Quam
2519 2494 2632 2532 rem
2686 2476 2952 2546 PrOpheta
3024 2477 3188 2530 veluti
3242 2476 3516 2544 pernicio-

1936 2587 2051 2627 sam
2108 2573 2440 2626 detestatur.
2485 2569 2579 2626 Est
2621 2581 2802 2625 autem
2857 2568 3133 2622 aemulatio
3157 2566 3276 2638 [seu
3330 2567 3511 2636 potius

1930 2665 2082 2735 juxta
2127 2663 2367 2717 Graecam
2420 2664 2679 2723 litteram.
2738 2661 2911 2734 zelus]
2964 2660 3238 2732 appetitus
3287 2658 3510 2727 quidam

239 2749 342 2801 ἐπὶ
397 2747 594 2804 κακοῦ.
628 2745 796 2815 Οὗτος
848 2752 905 2805 δὲ
953 2755 983 2807 ό
1040 2754 1223 2824 στίχος
1278 2756 1671 2825 σαφηνιστικός
1716 2756 1823 2808 ἐστι

1948 2755 2248 2825 possidendi
2279 2758 2479 2812 bonum
2514 2756 2673 2820 illud,
2707 2754 2849 2823 quod
2879 2754 3006 2823 quis
3032 2753 3176 2807 videt
3212 2754 3264 2805 in
3297 2753 3514 2813 alio;et

236 2838 339 2892 τοῦ
396 2838 642 2909 πρώτου,
671 2843 763 2895 καὶ
807 2845 1062 2913 συνῳδός.
1097 2846 1167 2898 Ἦ
1199 2845 1295 2913 Μὴ
1322 2845 1528 2914 ζηλοῦ,
1560 2846 1680 2901 ἀντὶ
1715 2846 1834 2911 τοῦ,

239 2930 341 3000 Μὴ
368 2931 646 3002 μακάριζε
674 2934 809 3004 μηδὲ
844 2933 1005 3006 εὔχου
1030 2936 1394 3008 ὁμοιωθῆναι.

1937 2849 2157 2918 proprie
2212 2848 2434 2917 quidem
2483 2848 2704 2917 ponitur
2756 2847 2810 2900 in
2857 2845 3085 2908 bouum,
3140 2859 3515 2914 swpcnumero

1934 2938 2099 2993 etiam
2127 2939 2184 2993 iu
2214 2939 2441 2993 malum.
2476 2937 2798 2993 Versiculus
2831 2952 2958 2991 vero
2990 2937 3094 2992 iste
3134 2937 3385 3006 proxime
3416 2953 3513 2991 su-

235 3027 520 3096 periorem
566 3031 897 3086 versiculum
934 3033 1203 3101 declarat,
1243 3043 1406 3105 atque
1443 3035 1687 3106 ejusdem
1724 3041 1812 3091 est
1848 3047 2043 3091 sensus
2081 3048 2207 3089 cum
2265 3034 2381 3091 illo.
2420 3031 2519 3090 Vei
2560 3032 2644 3088 Ne
2705 3033 2991 3098 remuleris,
3016 3033 3121 3089 hoc
3179 3043 3312 3090 est:
3373 3031 3503 3087 Noli

234 3120 435 3179 beatos
459 3114 556 3176 eos
586 3121 790 3189 dicere,
818 3141 919 3179 nec
941 3128 1179 3196 precari,
1212 3135 1271 3181 ut
1296 3128 1494 3184 similis
1515 3130 1597 3184 eis
1628 3129 1751 3183 tias.

312 3213 436 3265 Ὅτι
462 3213 607 3267 ὡσεὶ
633 3216 845 3282 χόρτος
861 3215 1490 3286 ἀποξηρανθῆσονται.
1529 3219 1622 3291 Μὴ
1674 3218 1825 3289 ἔχον.

235 3320 333 3368 τες
359 3303 521 3375 ῥίζαν
554 3304 807 3376 ἰσχυράν.

311 3396 424 3452 Καὶ
459 3397 607 3451 (basi
635 3397 879 3468 λάχανα
914 3401 1105 3470 χλόης
1136 3402 1289 3470 ταχὺ
1347 3402 1822 3458 ἁποπεσοῦνται.

236 3482 315 3536 Τὸ
346 3484 488 3537 αὐτὸ
533 3485 700 3538 πάλιν
732 3487 903 3556 δηλοῖ.
938 3489 1162 3559 Αάχανα
1211 3490 1268 3545 δὲ
1320 3490 1505 3563 χλόης,
1533 3493 1656 3546 ἀντὶ
1703 3493 1819 3558 τοῦ,

1994 3211 2165 3267 Vnus.
2192 3211 2248 3266 2.
2296 3210 2561 3277 Quoniam
2597 3212 2735 3264 sicut
2778 3210 2964 3274 herba,
3030 3211 3139 3264 cito
3186 3222 3507 3266 exarescent.

1921 3306 2040 3362 Non
2068 3303 2334 3358 habentes
2368 3302 2580 3356 scilicet
2611 3302 2849 3356 radicem
2886 3301 3148 3356 validam.

1987 3399 2057 3450 Et
2086 3394 2244 3467 quasi
2279 3395 2425 3450 olera
2449 3394 2731 3447 herbarum
2768 3393 2875 3446 cito
2898 3392 3159 3447 derident.
3189 3392 3337 3449 Idem
3379 3409 3508 3448 rur-

1926 3505 2025 3546 sus
2062 3488 2281 3559 repetit.
2325 3486 2486 3541 Olera
2523 3493 2707 3539 autem
2742 3484 3039 3539 herbarum
3081 3485 3215 3539 dixit
3248 3500 3347 3555 pro
3373 3484 3510 3554 ipsis

236 3575 568 3644 χλοάζοντα,
598 3580 693 3632 καὶ
727 3578 1014 3647 θάλλοντα,
1049 3581 1081 3652 ἢ
1116 3583 1184 3637 τὰ
1218 3582 1346 3637 ὅντα
1379 3585 1474 3637 τοῦ
1500 3584 1693 3654 γένους
1720 3588 1822 3658 τῆς

1948 3582 2134 3648 uerbis,
2194 3579 2334 3636 vivis
2386 3578 2644 3632 nimirum
2704 3590 2767 3631 ac
2791 3576 3122 3635 virentibus.
3187 3575 3272 3629 vel
3315 3591 3414 3644 pro
3441 3575 3511 3628 iis

237 3668 429 3738 χλόης.
464 3668 657 3723 Ταῦτα
686 3671 796 3742 γὰρ
825 3671 1211 3743 ξηραινόμενα,
1244 3676 1492 3747 ὑπορρεῖ.

309 3848 620 3903 Ἕλπισον
670 3850 768 3903 ἐπι
800 3850 1020 3919 Κύριον
1061 3850 1163 3906 καί
1223 3853 1377 3907 ποίει
1421 3854 1824 3922 χρηστότητα.

238 3939 533 4005 Ἕλπισον,
574 3942 739 3994 ὅτιοὺ
765 3942 1107 4014 περιόψεταιη
1131 3945 1259 4008 τοὺς
1314 3944 1517 4007 πόνους
1557 3944 1667 3997 τῶν
1704 3945 1827 3997 ἐνα-

242 4030 448 4099 ρέτων,
481 4034 579 4085 καὶ
626 4033 786 4102 μόνον
816 4034 1055 4105 ἐργάζου
1080 4035 1139 4088 τὸ
1171 4034 1368 4089 καλόν·
1400 4034 1561 4088 τοῦτο
1591 4033 1701 4105 γάρ
1729 4034 1825 4088 νῦν

237 4124 268 4193 ig
294 4124 620 4195 χρηστότης
651 4126 931 4195 σημαίνει.

304 4216 423 4270 Kai
457 4217 851 4285 κατασκήνου
869 4218 988 4288 τὴν
1019 4219 1159 4290 γῆν.
1191 4219 1348 4276 Οὕτω
1376 4221 1432 4276 δὲ
1465 4222 1654 4287 ποιῶν,
1687 4223 1823 4292 ἀφό-

235 4309 353 4375 ϐως
384 4312 734 4382 κατασκήνου
754 4327 768 4342 ’
799 4312 892 4375 τὸν
920 4311 1054 4366 Θεὸν
1085 4314 1196 4385 γάρ
1226 4314 1372 4385 ἔχεις
1404 4315 1645 4384 φύλακα.

304 4487 426 4544 Kal
454 4487 791 4556 ποιμανθῆς
818 4488 917 4543 ἐπὶ
953 4490 1034 4555 τῷ
1064 4472 1305 4555 πλούτῷ
1333 4491 1544 4560 αὐτῆς.
1577 4494 1689 4546 Καὶ
1712 4512 1828 4553 ποιε

238 4581 503 4659 μανθήσῃ
519 4582 665 4651 παρά
684 4580 843 4644 Θεοῦ,
866 4583 959 4635 ἐπὶ
976 4585 1088 4645 τοῖς
1106 4584 1330 4650 ἀγαθοῖς
1353 4587 1541 4654 αὐτῆς
1563 4587 1701 4641 ὥστε
1719 4590 1825 4642 τῶν

237 4672 340 4743 μὲν
354 4671 652 4743 χρησίμων
667 4672 983 4740 ἀπολαύειν,
1001 4672 1110 4726 τῶν
1127 4674 1182 4729 δὲ
1202 4674 1481 4747 βλαϐερῶν
1499 4678 1821 4750 ἀπέχεσθαι.

308 4763 800 4831 Κατατρύφησον
813 4764 920 4817 τοῦ
936 4768 1181 4833 Κυρίου.
1222 4767 1568 4839 Ἐνηδύνθητι
1597 4771 1676 4840 τῷ
1706 4773 1823 4825 Κυ-

244 4854 375 4926 ρίῳ,
434 4853 529 4908 διὰ
579 4853 685 4922 τῆς
734 4854 1034 4925 ἀκορέστου
1087 4857 1309 4928 ἀγάπης
1341 4859 1569 4932 αὐτοῦ,ἢ
1608 4861 1695 4916 διὰ
1723 4863 1824 4935 τῆς

238 4946 530 5017 ἀπλήστου
579 4946 810 5016 μελέτης
852 4948 962 5002 τῶν
1001 4949 1231 5004 ἐντολῶν
1255 4950 1444 5005 αὐτοῦ.

309 5115 429 5172 Καὶ
481 5117 604 5188 δῴη
648 5135 749 5176 σοι
789 5121 860 5177 τὰ
888 5124 1184 5195 αἰτήματα
1218 5126 1332 5199 τῆς
1383 5133 1636 5201 καρδίας
1683 5152 1822 5190 σου.

236 5207 398 5276 Δῴη,
456 5210 581 5264 ἀντὶ
638 5211 735 5265 τοῦ
784 5213 977 5281 Δώσει,
1034 5217 1286 5273 εὐκτικὸν
1340 5221 1462 5275 ἀντὶ
1515 5223 1824 5294 μέλλοντος.

249 5300 518 5367 ’Δγαπῶν
547 5303 657 5373 γὰρ
684 5303 776 5357 τὸν
809 5304 964 5374 Θεὸν,
992 5308 1146 5362 οὐδὲν
1175 5313 1419 5382 αἰτήσεις
1439 5314 1680 5382 ἀνάξιον.

323 5391 765 5462 Ἀποκάλυψον
825 5398 980 5465 πρὸς
1028 5402 1246 5468 Κύριον
1304 5403 1422 5472 τὴν
1476 5406 1623 5460 ὁδόν
1674 5424 1814 5464 σου.

248 5480 405 5534 Ὀδὸν
455 5482 553 5535 νῦν
601 5484 703 5554 τὴν
739 5486 1018 5541 πολιτείαν
1062 5490 1421 5562 ὑποληπτέον,
1486 5495 1553 5568 ἢν
1604 5498 1818 5553 κελεύει

237 5572 475 5643 ποιῆσαι
511 5574 671 5640 ἀξίαν
708 5579 1014 5651 ἐπισκοπῆς
1040 5580 1178 5636 Θεοῦ
1206 5599 1221 5615 ·
1263 5584 1522 5653 γινώσκει
1563 5588 1671 5660 γὰρ
1698 5591 1816 5645 Κύ-

240 5676 363 5728 ριος
413 5661 534 5717 ὁδὸν
578 5664 844 5721 δικαιιιιυν⁹
899 5671 993 5726 καὶ
1043 5671 1195 5743 ζήτει
1236 5676 1568 5750 σαφέστερον
1625 5680 1707 5746 εἰς
1753 5682 1815 5736 τὸ

236 5749 399 5817 τέλος
433 5751 529 5805 τοῦ
562 5754 784 5825 πρώτου
812 5759 1046 5833 ψαλμοῦ.

307 5868 359 5927 '9
388 5866 530 5947 ᾔει.
564 5888 604 5951 ιν,
629 5871 681 5929 6.

1929 3689 2052 3744 quae
2080 3672 2354 3742 pertinent
2386 3669 2453 3724 ad
2488 3685 2662 3738 genus
2694 3667 3009 3723 herbarum.
3041 3665 3163 3721 llaec
3190 3666 3335 3721 enim
3390 3679 3510 3720 om-

1930 3763 2021 3818 nia
2061 3762 2308 3817 deﬂuunt
2339 3776 2464 3815 eum
2502 3759 2774 3814 aruerint.

2000 3851 2173 3908 Vens.
2198 3853 2247 3906 5.
2281 3851 2448 3921 Spera
2468 3852 2519 3905 in
2544 3849 2768 3905 Domino
2798 3860 2846 3905 et
2870 3850 2957 3920 {ac
2975 3850 3288 3904 bonitatem.
3310 3848 3506 3919 Spera,

1930 3946 2133 4017 inquit,
2188 3945 2243 3999 in
2282 3944 2513 4000 Domino
2565 3945 2658 4013 qui
2715 3942 2977 3997 virtutum
3018 3953 3236 3997 tuarum
3288 3942 3507 3997 labores

1928 4054 2037 4094 non
2069 4037 2357 4106 despiciet,
2387 4043 2442 4091 et
2471 4036 2617 4106 quod
2661 4036 2867 4089 bonum
2899 4043 3003 4099 est,
3058 4048 3307 4104 operare.
3347 4033 3509 4088 Boni-

1928 4142 2089 4186 tatem
2121 4132 2263 4187 enim
2290 4132 2476 4201 posuit
2500 4146 2603 4200 pro
2622 4130 2792 4186 Bono.

2000 4226 2069 4278 Et
2095 4224 2332 4277 inhabita
2363 4232 2583 4276 terram.
2613 4219 2704 4276 Sic
2736 4220 2971 4280 faciens.
3005 4221 3204 4290 inquit,
3237 4219 3507 4289 intrepide

1927 4330 2092 4386 quam
2129 4314 2299 4369 habes
2322 4312 2720 4368 habitationem
2757 4310 2994 4383 posside.
3049 4311 3219 4365 Deum
3251 4312 3398 4366 enim
3424 4310 3507 4364 tui

1927 4407 2209 4462 custodem
2251 4405 2444 4461 habes.

1994 4499 2061 4551 Et
2085 4497 2315 4565 pasceris
2344 4497 2399 4548 in
2423 4496 2626 4549 divitiis
2656 4495 2793 4564 ejus.
2822 4494 2888 4548 Et
2924 4493 3167 4564 pasceris
3223 4508 3253 4545 a
3297 4492 3410 4547 Deo
3448 4491 3505 4548 in

1929 4592 2089 4644 bonis
2116 4588 2260 4658 ejus,
2289 4588 2364 4641 ita
2399 4594 2458 4641 ut
2504 4587 2737 4643 utilibus
2766 4587 2994 4652 fruaris,
3028 4594 3084 4641 et
3122 4601 3151 4639 a
3187 4586 3366 4641 noxiis
3394 4600 3503 4640 non

1912 4680 2166 4757 laid-aris.

2007 4770 2173 4826 Vens.
2208 4772 2262 4828 4.
2296 4771 2563 4827 Detiriarc
2586 4774 2638 4827 in
2673 4771 2916 4827 Domino.
2950 4771 3261 4838 Delectare,
3302 4772 3499 4841 inquit,

1932 4865 1986 4919 in
2020 4863 2270 4928 Domino,
2306 4880 2404 4934 per
2432 4864 2755 4919 immensam
2786 4864 3047 4919 nimirum
3081 4872 3247 4932 atque
3277 4863 3506 4918 insatia-

1853 4963 1899 5020 D
1929 4958 2093 5013 bilem
2126 4957 2249 5026 ejus
2264 4956 2637 5019 dilectionem,
2672 4963 2766 5010 aut
2795 4971 2892 5026 per
2924 4954 3311 5025 inexplebilem
3341 4967 3502 5007 man-

1925 5051 2179 5106 datorum
2196 5049 2335 5119 ejus,
2372 5063 2436 5103 ac
2467 5049 2668 5104 divina:
2709 5049 2848 5118 legis
2871 5047 3425 5115 contemplationem.

1999 5139 2065 5194 Et
2117 5141 2205 5194 det
2256 5141 2353 5193 tibi
2395 5141 2668 5208 petitiones
2702 5139 2876 5193 cordis
2910 5139 3007 5191 tui.
3069 5136 3191 5208 Δῴη
3243 5136 3351 5200 det,
3402 5149 3503 5204 pro

1922 5231 2117 5297 Δώσει,
2148 5232 2320 5295 dabit,
2386 5231 2690 5301 optativum
2740 5246 2840 5299 pro
2889 5229 3097 5283 futuro.
3161 5226 3297 5278 Cum
3354 5226 3500 5278 enim

1923 5324 2119 5393 diligas
2149 5322 2342 5385 Deum,
2370 5323 2505 5376 nihil
2536 5323 2605 5378 ab
2626 5338 2693 5377 eo
2721 5322 3010 5391 indignum
3044 5317 3372 5388 postulabis.

1994 5414 2161 5470 Vsus.
2216 5416 2269 5468 5.
2325 5413 2515 5469 Revela
2569 5413 2791 5467 Domino
2825 5413 2963 5466 viam
3001 5421 3167 5464 tuam.
3207 5408 3310 5463 Per
3355 5408 3499 5462 viam

1925 5522 2072 5562 nunc
2112 5506 2589 5561 conversationem
2653 5518 2718 5557 ac
2760 5504 2882 5558 vitae
2936 5518 3188 5557 normam
3220 5500 3498 5571 intelligit,

1925 5614 2087 5669 quam
2150 5597 2464 5652 visitatione
2514 5612 2579 5652 ac
2634 5595 2887 5652 custodia
2941 5594 3035 5650 Dei
3097 5594 3320 5663 dignam
3381 5592 3499 5646 lieri

1918 5689 2095 5758 jubet.
2140 5686 2302 5743 Novit
2337 5688 2482 5742 enim
2534 5688 2794 5743 Dominus
2831 5689 2947 5743 vias
2989 5687 3263 5757 iustorum
3314 5686 3381 5741 ".
3422 5684 3499 5739 De

1924 5793 2034 5847 quo
2056 5776 2202 5841 vide,
2231 5791 2354 5846 qua:
2378 5776 2524 5833 circa
2556 5777 2717 5833 linem
2759 5777 2921 5848 primi
2953 5777 3149 5848 psalmi
3172 5776 3316 5829 dicta
3341 5782 3490 5829 sunt.
