3866 6546
333 401 447 466 417

1486 403 1876 468 COMMENT.
1911 404 1994 466 IN
2036 406 2167 466 PSA
2179 407 2404 469 LMOS.

3497 413 3604 478 418

411 515 540 564 Ὀτι
615 514 670 565 οἱ
749 516 1218 586 πονηρευόμενοι
1278 516 1918 586 ἑξολοθρευθήσονται.

2101 514 2266 573 Vsus.
2318 520 2369 572 9.
2406 518 2666 583 Quoniam
2713 521 2802 592 qui
2850 523 3236 593 malignantur,
3277 527 3605 580 extermina-

329 603 517 658 Τοῦτο
564 603 689 673 μὲν,
743 607 1072 677 σωματικῶς
1125 609 1527 673 κινδυνεύοντες
1562 627 1576 642 ο
1635 609 1795 663 τοῦτο
1839 608 1918 675 δὲ,

325 695 604 765 ψυχικῶς.

415 790 481 842 οι
507 789 575 841 δὲ
603 791 1014 862 ὑπομένοντες
1049 796 1158 851 τὸν
1203 798 1444 869 Κύριον,
1484 801 1654 868 αὐτοὶ
1706 801 1921 866 κληρο-

329 879 687 950 νομήσουσι
723 883 860 954 γῆν.
907 887 1016 957 Τὴν
1069 890 1391 961 ἐπουράνιον
1421 891 1708 948 κατοικίαν
1737 907 1751 922 ο
1793 889 1924 944 πολ-

328 971 500 1036 λάκις
528 973 583 1027 δὲ
610 975 706 1029 καὶ
735 977 834 1048 τὴν
865 980 1126 1036 ἐνταῦθα.
1164 984 1321 1037 Ἔστι
1347 985 1403 1038 δέ
1437 985 1535 1058 καὶ
1571 985 1646 1056 γῆ
1680 983 1919 1054 ἐπουρά-

327 1081 490 1128 νιος·
522 1066 646 1119 ἐπεὶ
701 1069 795 1121 καὶ
860 1069 1218 1145 Ἰερουσαλὴμ
1274 1077 1620 1148 ἐπουράνιος.
1689 1078 1761 1130 ’Ἡ
1795 1078 1918 1148 γῆν,

329 1154 441 1222 τὴν
481 1154 573 1208 τοῦ
608 1158 969 1228 παραδείσου.

277 1317 282 1322 _
412 1247 526 1301 Καὶ
566 1249 653 1302 ἔτι
695 1251 926 1322 ὀλίγον,
955 1254 1055 1309 καὶ
1089 1257 1161 1310 οὐ
1185 1257 1271 1326 μὴ
1303 1259 1554 1328 ὑπάρξει
1589 1262 1622 1315 ὁ
1652 1261 1922 1330 ἀμαρτω-

328 1341 473 1404 λός.
527 1341 602 1394 Οὐ
651 1347 1078 1416 μακροχρονίσει
1109 1364 1123 1378 ·
1182 1350 1544 1423 σϐεσθήσεται
1597 1353 1705 1424 γὰρ
1746 1356 1778 1424 ἡ
1826 1371 1924 1408 πο-

333 1432 508 1501 νηρία
543 1435 734 1499 αὐτοῦ,
768 1440 816 1490 εἰ
864 1441 962 1494 κού⁸
1001 1443 1153 1497 δοκεῖ
1194 1449 1612 1516 μακροχρονείν.
1674 1447 1816 1502 Ἀλλ’
1858 1448 1919 1500 ού

328 1523 482 1590 πρὸς
527 1523 626 1594 τὴν
697 1528 981 1600 ἡμετέραν
1033 1532 1250 1604 εἴρηται
1309 1536 1470 1590 τοῦτο
1527 1538 1916 1610 μικροψυχίαν,

329 1615 478 1683 πρὸς
507 1615 563 1669 δὲ
588 1618 688 1688 τὴν
721 1623 1106 1695 μακροθυμίαν
1141 1626 1234 1680 τοῦ
1265 1627 1422 1685 Θεοῦ.

411 1794 522 1848 Καὶ
560 1793 835 1865 ζητήσεις
873 1815 981 1854 τον
1011 1806 1200 1858 τόπον
1227 1804 1438 1866 αὐτοῦ,
1476 1808 1574 1860 καὶ
1604 1805 1691 1876 μὴ
1715 1807 1917 1876 εὕρῃς.

328 1887 414 1938 Οὐ
449 1886 526 1958 μὴ
555 1888 720 1962 ε’ύρῃς
764 1892 924 1946 αὐτὸν
950 1894 1040 1947 τὸν
1062 1895 1409 1967 ἁμαρτωλὸν,
1443 1899 1542 1970 ήδη
1579 1901 1879 1971 τεθνηκότα
1901 1920 1912 1932 ’

326 1975 368 2044 ἢ
404 1977 498 2030 τὸν
530 1979 692 2034 τόπον
718 1982 908 2048 αὐτοῦ,
939 1984 1099 2048 εὐθὺς
1122 1990 1488 2058 γεγενημένον
1517 1991 1725 2062 ἐτέρου.

413 2072 479 2122 οι
509 2070 578 2124 δὲ
607 2073 816 2140 πραεῖς
863 2079 1401 2150 κληρονομήσουσι
1438 2085 1572 2152 γῆν.
1610 2085 1674 2136 0i
1709 2085 1918 2156 μακρό-

328 2158 504 2231 θυμοι
535 2162 630 2216 καὶ
656 2165 707 2216 οἱ
740 2165 1164 2238 ύπομονητικοί.
1221 2171 1392 2225 Τοῦτο
1433 2173 1488 2227 δέ
1528 2174 1623 2226 καὶ
1667 2175 1694 2224 ὁ
1729 2176 1917 2247 Σωτὴρ

327 2248 497 2307 εἶπεν
527 2256 583 2308 ἐν
627 2259 742 2320 τοῖς
778 2258 872 2311 τοῦ
918 2261 1254 2331 Εὐαγγελίου
1302 2268 1675 2337 μακαρισμοίς
1703 2249 1784 2322 ’.ἃ
1812 2270 1916 2340 γὰρ

325 2346 429 2398 διὰ
477 2347 584 2401 τῶν
630 2353 930 2422 προφητῶν
974 2355 1188 2426 εἴρηκε,
1235 2356 1406 2411 ταῦτα
1455 2359 1550 2412 καὶ
1593 2361 1660 2413 δι’
1709 2361 1917 2424 οἰκείας

329 2437 590 2509 γλώττης
617 2440 850 2513 ὕστερον
885 2445 1240 2504 ἐϐεϐαίωσεν.
1286 2450 1526 2514 Εἰκότως
1560 2451 1617 2504 δὲ
1655 2451 1754 2523 τὴν
1801 2454 1919 2506 ἐκεῖ

329 2528 449 2598 γῆν
481 2530 979 2603 κληρονομήσουσι,
1016 2538 1150 2592 διότι
1182 2540 1387 2612 ταύτης
1429 2543 1524 2600 καὶ
1575 2543 1684 2598 τῶν
1713 2545 1917 2616 ταύτης

329 2622 767 2696 ἁποστεροῦνται
787 2628 877 2683 διὰ
905 2631 1208 2703 πραότητα.

409 2801 520 2853 Kal
587 2807 1124 2877 κατατρυφήσουσι
1190 2812 1291 2868 ἐπὶ
1355 2815 1572 2884 πλήθει
1649 2820 1914 2887 εἰρήνης.

333 2892 457 2987 Καὶᾷ
499 2899 982 2956 καταπολαύσουσι
1029 2905 1130 2972 τῆς
1167 2907 1272 2978 γῆς
1321 2909 1561 2979 ἐκείνης,
1618 2913 1677 2966 ἐν
1725 2915 1918 2987 εἰρήνῃ

332 2985 554 3127 noni;-
616 2990 736 3043 ἐκεῖ
783 2993 892 3066 γὰρ
931 2996 1144 3069 ἀπέδρα
1198 3000 1386 3073 ὀδύνη,
1449 3002 1594 3075 λύπη
1645 3005 1742 3059 καὶ
1796 2985 1916 3060 ora;

334 3089 492 3144 ναγμ
525 3093 572 3138 ς.

525 3112 572 3138 νο

2027 611 2247 665 buntur.
2310 611 2574 683 Corporis
2632 630 2890 686 namque,
2925 625 3020 670 aut
3077 618 3275 671 anima:
3334 619 3605 688 jar-turam

2024 701 2250 757 facient.

2094 794 2424 851 Sustinentes
2486 807 2662 852 autem
2702 798 3004 866 Dominum,
3064 802 3168 870 ipsi
3219 801 3606 855 Itwreditubunt

2024 895 2241 946 terram.
2294 889 2580 946 leestem
2638 891 2854 946 scilicet
2901 894 3316 956 habitationem,
3355 909 3605 960 βαιιιριιιι-

2023 995 2176 1035 mero
2205 981 2368 1037 etiam
2420 993 2476 1038 et
2530 984 2674 1040 hanc
2729 995 3075 1054 praesentem.
3136 987 3228 1038 Est
3280 986 3424 1040 enim
3459 994 3602 1040 terra

2023 1072 2270 1141 quaedam
2305 1074 2573 1134 caelestis.
2638 1077 2782 1130 sicut
2833 1089 2886 1131 et
2941 1077 3187 1133 caelestis
3237 1077 3484 1134 uumdam
3523 1088 3606 1130 est

2022 1161 2322 1218 Jerusalem
2356 1165 2482 1230 ;vel
2520 1172 2722 1221 terram
2761 1166 2998 1236 paradisi
3029 1168 3186 1232 dicit.

2097 1253 2262 1309 Vnus.
2305 1256 2395 1310 10.
2435 1256 2501 1309 Et
2538 1257 2711 1311 adhuc
2748 1260 3033 1324 modicum,
3080 1270 3128 1312 et
3176 1276 3282 1312 non
3341 1260 3439 1312 erit
3483 1267 3604 1323 ρος-

2023 1351 2195 1396 cator.
2234 1343 2352 1400 Non
2383 1345 2476 1399 diu
2533 1350 2879 1416 permanebit
2925 1357 3202 1418 peccator.
3260 1349 3410 1410 Illius
3458 1348 3603 1408 enim

2024 1435 2270 1505 pravitas
2299 1437 2702 1507 exstinguetnr,
2748 1442 2965 1496 tametsi
3019 1441 3248 1496 nimium
3300 1442 3458 1496 nobis
3509 1456 3604 1495 su-

2023 1529 2305 1599 pervivere
2365 1532 2637 1584 videatur.
2687 1530 2888 1586 Verum
2924 1533 3027 1587 hoc
3072 1549 3176 1588 non
3215 1534 3372 1602 juxta
3434 1533 3607 1604 pusil-

2025 1619 2386 1676 Ianimitatem
2424 1631 2670 1677 nostram
2702 1624 2908 1678 dictum
2945 1637 3051 1690 est,
3097 1625 3193 1681 sed
3237 1626 3397 1695 juxta
3433 1624 3606 1695 ipsius

2026 1707 2119 1763 Dei
2156 1709 2650 1777 longanimitatcm.

2097 1797 2166 1850 Et
2195 1815 2393 1870 quwres
2425 1801 2596 1856 locum
2645 1803 2783 1872 ejus,
2812 1812 2860 1860 et
2891 1819 2993 1858 non
3025 1805 3275 1860 invenies.
3306 1803 3422 1858 Non
3456 1805 3606 1859 iuveo

2026 1887 2145 1942 nies
2196 1890 2374 1958 ipsum
2422 1901 2790 1960 peccatorem,
2848 1894 2960 1962 jam
2998 1901 3298 1948 mortuum.
3354 1893 3451 1949 Vel
3499 1908 3605 1947 non

2022 1981 2270 2036 invenies
2305 1981 2481 2037 locmn
2519 1983 2661 2054 ejus,
2695 1985 2928 2040 alterius
2957 1988 3069 2055 jam
3112 1983 3390 2042 elTectum.

2097 2071 2256 2128 Vens.
2296 2073 2384 2129 ll.
2427 2074 2696 2128 Mansucti
2750 2088 2924 2132 autem
2963 2077 3350 2132 Itwreditabunt
3388 2085 3604 2130 terram.

2023 2160 2138 2217 Hoc
2169 2171 2275 2229 est,
2308 2164 2648 2234 longanimes
2695 2181 2759 2220 ac
2794 2167 3068 2237 patientes
3096 2167 3220 2220 viri.
3284 2167 3440 2232 Quod
3489 2167 3608 2236 ipse

2020 2255 2180 2308 etiam
2216 2253 2472 2310 Salvator
2502 2257 2556 2309 in
2586 2257 2868 2325 Evangelii
2895 2257 3332 2313 beatitudinibus
3361 2259 3603 2312 dicebat.

2020 2341 2094 2396 Ea
2124 2346 2267 2399 enim
2301 2361 2422 2415 qua:
2446 2360 2544 2415 per
2585 2349 2878 2415 prophetas
2911 2349 3149 2412 dixerat,
3185 2350 3411 2419 proprio
3437 2350 3602 2404 etiam

2019 2450 2114 2490 ore
2146 2436 2516 2490 continuavit.
2550 2437 2748 2493 Merito
2781 2450 2961 2494 autem
2999 2439 3276 2495 cmlestem
3311 2440 3462 2494 illam
3495 2448 3607 2492 ter-

2021 2546 2137 2584 ram
2170 2531 2592 2597 haereditabunt,
2622 2544 2912 2602 postquam
2965 2531 3244 2590 mundana
3286 2531 3390 2586 hac
3439 2539 3606 2600 atque

2019 2621 2140 2690 ejus
2195 2622 2352 2678 bonis
2411 2623 2481 2677 ob
2541 2623 2814 2693 propriam
2873 2622 3352 2677 mansuetudinem
3407 2621 3605 2692 privati

2019 2722 2167 2768 sunt.

2097 2807 2165 2859 Et
2201 2807 2594 2860 deliciabuntur
2620 2807 2672 2860 in
2721 2808 3066 2861 multitudine
3097 2808 3267 2875 pacis.
3312 2806 3376 2860 Et
3421 2804 3607 2859 lmen.

2021 2909 2111 2956 tur
2165 2901 2255 2954 illa
2304 2909 2451 2956 terra
2506 2903 2558 2954 in
2590 2900 2759 2954 multa
2797 2914 2952 2972 pace,
2985 2899 3127 2955 unde
3160 2888 3340 2964 dolor,
3387 2894 3604 2950 tristitia

2020 3000 2074 3048 et
2105 2994 2342 3063 gemitus
2375 2991 2728 3060 aufugerunt.

412 3169 908 3240 Παρατηρήσεται
974 3180 1008 3231 ὁ
1073 3178 1424 3249 ἁμαρτωλὸς
1493 3181 1601 3236 τὸν
1656 3184 1912 3241 δίκαιον.

2097 3165 2260 3222 Vsus.
2297 3167 2380 3220 12.
2419 3166 2727 3221 Observabit
2752 3175 2997 3236 peccator
3023 3167 3244 3228 iustum.
3276 3165 3453 3220 Torve
3479 3180 3602 3220 eum

333 3259 530 3325 Λοξῶς
565 3261 882 3337 ὑποσλέψει,
925 3272 1141 3342 πονηρὰ
1188 3273 1449 3342 μελετῶν.

416 3351 525 3403 Καὶ
579 3353 792 3420 βρύξει
838 3358 932 3411 ἐπ’
985 3363 1174 3417 αὑτὸν
1219 3365 1362 3430 τοὺς
1403 3365 1655 3434 ὀδόντας
1707 3369 1915 3426 αὐτοῦ.

333 3440 606 3540 Τρύσειη
631 3447 839 3540 πρίσει,
874 3448 1055 3521 ζητῶν
1104 3457 1388 3527 μονονουχὶ
1443 3458 1916 3532 διαμασσήσασθαι

328 3534 551 3621 τοῦτον,
581 3534 745 3590 ὅέστι
790 3540 888 3608 τῆς
935 3543 994 3596 ἐν
1039 3547 1104 3613 τῇ
1154 3545 1348 3618 καρδίᾳ
1381 3551 1580 3618 μανίας
1623 3550 1912 3621 σύμϐολον.

328 3620 562 3713 ῌοείται
601 3625 657 3678 δὲ
686 3627 1012 3706 ἁμαρτωλὸς
1041 3633 1138 3687 καὶ
1164 3637 1191 3687 ὁ
1220 3635 1486 3705 διάΰο).ος,
1519 3639 1578 3704 ὃς
1609 3620 1919 3713 παρατηρεί

332 3712 438 3764 καὶ
475 3712 669 3785 βρύχει
701 3718 926 3789 νοητῶς,
967 3721 1044 3786 ὠς
1068 3724 1379 3795 ἀσώματος.

425 3975 482 4028 '0
539 3976 607 4029 δὲ
661 3980 874 4048 Κύριος
913 3985 1332 4054 ’ἐκτελὰσεται
1396 3994 1605 4050 αὐτόν.
1662 3998 1920 4056 Φαυλίσει

336 4067 421 4130 ὡς
451 4069 676 4140 ἀσθενῆ,
707 4073 804 4126 καὶ
835 4075 1001 4144 μηδὲν
1033 4077 1246 4149 ἕτερον,
1344 4089 1600 4156 πονηρόν.

414 4165 547 4218 Ὅτι
600 4170 972 4240 προόλέψει,
1032 4172 1121 4227 ὅτι
1176 4175 1306 4243 ἣξει
1357 4178 1396 4247 ἡ
1461 4179 1651 4249 ἡμέρα
1709 4184 1913 4239 αὐτοῦ.

335 4256 565 4328 Προορᾷ
584 4261 690 4330 γὰρ
714 4262 789 4324 ὡς
817 4261 951 4325 Θεὸς
976 4267 1278 4339 ἐρχομένην
1305 4269 1404 4342 τὴν
1434 4273 1646 4344 ἡμέραν
1683 4275 1782 4346 τῆς
1817 4295 1918 4330 κα-

332 4363 411 4399 τα
421 4353 658 4421 στροφῆς
687 4353 873 4408 αὑτοῦ.

428 4440 756 4510 Ῥομςςαίαν
783 4447 1133 4504 ἐσπάσαντο
1159 4453 1212 4506 οὶ
1243 4454 1594 4522 ἁμαρτωλοὶ,
1619 4457 1922 4516 ἐνέτειναν

2023 3260 2263 3326 intuens,
2297 3274 2360 3312 ac
2391 3261 2531 3313 mala
2555 3261 2827 3329 cogitans.

2096 3351 2163 3405 Et
2198 3350 2403 3421 frendet
2459 3367 2616 3418 super
2672 3368 2789 3406 eum
2857 3352 3103 3407 dentibus
3159 3353 3289 3408 suis.
3322 3351 3605 3408 Collidens

2021 3443 2165 3497 enim
2192 3458 2253 3496 ac
2276 3427 2592 3497 confrica‘ns
2614 3442 2832 3506 dentes,
2867 3442 3196 3513 inexpletam
3224 3445 3370 3498 illam
3396 3443 3601 3497 rabiem

2021 3535 2287 3599 ostendit,
2338 3549 2444 3602 qua
2502 3550 2626 3588 eum
2677 3535 2884 3605 appetit
2936 3536 3223 3590 dilaniare.
3275 3535 3500 3589 Furoris
3529 3543 3585 3589 et

2021 3627 2164 3681 enim
2201 3627 2304 3679 boc
2333 3625 2595 3682 indicium
2647 3637 2751 3692 est,
2801 3627 3025 3680 latentis
3075 3627 3127 3680 in
3155 3626 3342 3682 corde.
3373 3625 3602 3692 lntelligi

2020 3718 2185 3772 etiam
2244 3725 2420 3786 potest
2483 3725 2740 3785 peccator
2801 3733 2897 3788 pro
2947 3717 3218 3788 dtmnone,
3270 3719 3363 3787 qui
3420 3715 3604 3786 justus

2019 3811 2298 3871 observat,
2356 3816 2410 3861 ct
2461 3816 2680 3872 mente,
2735 3823 2830 3861 seu
2898 3809 3176 3862 intellectu
3229 3823 3352 3873 suo,
3415 3815 3605 3876 utpote

2022 3902 2406 3970 incorporeus,
2435 3899 2591 3968 quasi
2625 3899 2885 3953 dentibus
2917 3900 3249 3968 quibusdam
3291 3899 3526 3954 irendet.

2094 3991 2261 4046 Vens.
2292 3992 2382 4045 15.
2417 3991 2676 4044 Dominus
2707 4001 2882 4044 autem
2915 3992 3156 4045 irridebit
3187 4009 3326 4046 eum.
3360 3989 3606 4064 Negligct

2022 4099 2145 4144 eum
2173 4091 2232 4136 ut
2265 4082 2617 4145 imbecilletn,
2653 4091 2818 4151 atque
2851 4083 3076 4136 omnino
3115 4098 3362 4152 pravum.

2103 4177 2368 4242 Quoniam
2419 4175 2695 4242 prospicit,
2747 4175 2886 4244 quod
2941 4177 3106 4228 veniet
3142 4176 3250 4242 dies
3287 4175 3422 4244 ejus.
3463 4175 3606 4230 Prte-

2023 4268 2173 4324 videt
2201 4268 2370 4332 enim,
2417 4273 2476 4320 ut
2517 4264 2682 4331 Deus,
2737 4266 3124 4320 adventantem
3177 4266 3344 4328 diem,
3377 4281 3482 4335 qua
3511 4267 3602 4320 de-

2023 4361 2319 4418 struendus
2345 4367 2449 4414 est.

2093 4452 2259 4520 Vens.
2288 4451 2375 4506 M.
2421 4449 2670 4504 Gladium
2711 4449 3123 4518 evaginaverunt
3160 4459 3486 4516 peccatores,
3521 4453 3602 4503 in-

336 4534 531 4598 τόξον
545 4536 743 4592 αὐτῶν
757 4539 866 4595 τοῦ
889 4544 1249 4599 καταϐαλεῖν
1272 4547 1513 4616 πτωχὸν
1537 4547 1635 4602 καὶ
1670 4549 1918 4620 πένητα,

2039 4544 2303 4600 tenderunt
2330 4559 2510 4595 arcum
2549 4556 2725 4602 suum,
2767 4549 2824 4593 ut
2858 4541 3111 4608 dejiciant
3147 4541 3353 4608 inopem
3385 4550 3433 4594 et
3466 4557 3606 4610 pau-

338 4627 456 4680 τοῦ
490 4630 715 4698 σφάξαι
743 4633 886 4699 τοὺς
922 4635 1120 4702 εὐθεῖς
1159 4636 1232 4705 τῇ
1267 4638 1500 4707 καρδίᾳ.
1537 4643 1630 4713 Μὴ
1663 4644 1920 4713 φέροντες

339 4716 490 4778 ὅλως
538 4719 734 4784 αὐτοὺς
782 4723 940 4795 όρᾷν.
991 4725 1102 4794 Τὴν
1157 4727 1266 4798 γὰρ
1319 4728 1668 4803 δικαιοσύνην
1714 4735 1919 4788 τούτων

339 4807 571 4895 ἔλεγχον
610 4811 825 4865 ἑαυτῶν
881 4815 1144 4884 ἡγοῦνται
1202 4821 1570 4890 παρανομίας.
1624 4825 1766 4895 Πρὸς
1819 4827 1920 4895 μὲν

340 4894 444 4952 οὖν
501 4902 652 4968 τόξον
699 4905 760 4956 τὸ
823 4909 1188 4965 καταϐαλεῖν
1218 4911 1455 4966 τέθειται
1497 4931 1510 4945 ο
1551 4894 1686 4988 πρὸς
1723 4918 1779 4972 δὲ
1825 4919 1924 4990 τὴν

342 4991 646 5060 ῥομφαίαν,
697 4996 759 5048 τὸ
791 4997 1040 5066 σφάξαις
1079 5003 1159 5074 Τῇ
1203 5003 1437 5076 διαφορᾷ
1482 5005 1539 5060 δὲ
1593 5009 1701 5062 τῶν
1745 5010 1925 5065 ὃπλων

341 5083 450 5146 τὰς
503 5083 797 5157 διαφόρους
856 5091 1150 5159 ἐπιϐουλὰς
1209 5098 1528 5153 αἰνίττεται.
1598 5102 1818 5172 Πτωχὸν
1867 5104 1924 5156 δὲ

341 5176 446 5228 καὶ
474 5178 677 5249 πένητα
706 5181 1014 5255 ἀδιαφόρως
1049 5185 1292 5258 εἴρηκεν,
1335 5190 1414 5253 εἰς
1442 5189 1684 5262 ἔμφασιν
1712 5194 1920 5250 οἴκτου.

428 5449 491 5503 Ἠ
515 5451 779 5520 ῥομφαία
832 5452 1032 5506 αὐτῶν
1059 5452 1319 5508 εἰσέλθοι
1362 5458 1449 5522 εἰς
1499 5458 1600 5523 τὰς
1671 5459 1920 5527 καρδίας

337 5542 562 5607 αὐτῶν,
591 5543 688 5595 καὶ
720 5544 792 5596 τὰ
814 5545 959 5609 τόξα
987 5545 1184 5599 αὐτῶν
1213 5550 1580 5618 συντριϐεἰη.
1600 5552 1663 5603 Al
1695 5552 1916 5604 ἐπιϐουο

339 5637 437 5687 λαὶ
476 5636 655 5688 αὐτῶν
709 5637 828 5689 κατ’
877 5637 1059 5689 αὐτῶν
1093 5639 1583 5710 περιτραπεὶησαν,
1618 5643 1711 5695 καὶ
1748 5643 1920 5712 ἐμπέ-

342 5745 490 5782 σονεν
521 5731 599 5790 εἰς
638 5729 846 5798 βόθρον,
875 5723 1314 5797 ὃν’“εξργάσαντο.
1354 5733 1657 5801 Ἐπαρᾶται
1719 5733 1773 5786 δὲ
1790 5735 1916 5788 τού·-

339 5839 384 5873 τι
411 5840 476 5883 ις,
507 5823 580 5885 ὡς
617 5828 871 5895 πονηροῖς
893 5843 906 5857 ο
961 5825 1080 5892 Πᾶς
1107 5827 1238 5896 γὰρ,
1267 5829 1455 5894 φησιν,
1494 5831 1525 5882 ό
1551 5829 1752 5883 λαϐὼν
1801 5829 1916 5896 μή·

2025 4651 2221 4705 perem,
2272 4643 2327 4687 ut
2379 4631 2623 4702 jugulent
2659 4638 2826 4685 rectos
2859 4633 3032 4686 corde.
3091 4629 3210 4686 Non
3263 4634 3609 4688 sustinentes

2027 4728 2288 4781 nimirum
2333 4740 2428 4780 eos
2465 4723 2649 4779 videre
2683 4739 2698 4776 :
2733 4738 2798 4778 eo
2845 4723 2990 4792 quod
3022 4737 3210 4778 eorum
3237 4722 3506 4792 justitiam
3541 4739 3610 4778 ae

2013 4819 2258 4896 virtutes
2296 4816 2532 4888 propria:
2562 4811 2868 4888 iniquitatis
2899 4824 3283 4887 argumentum
3327 4825 3379 4870 et
3413 4817 3604 4870 redar-

2025 4913 2306 4983 gutiouem
2339 4925 2461 4966 esse
2497 4909 2840 4966 existimant.
2884 4907 3052 4964 Recte
3081 4909 3244 4976 etiam
3278 4908 3464 4982 gladio
3507 4923 3606 4980 ap-

2024 5004 2262 5075 positum
2303 5012 2384 5058 est
2425 5001 2679 5068 verbum,
2715 4999 3014 5071 Jugulent;
3045 5011 3096 5055 et
3136 5001 3312 5063 arcui,
3349 5001 3600 5058 verbum,

2023 5095 2315 5167 Dejiciant.
2377 5093 2700 5149 Diversitate
2753 5101 2936 5148 autem
2985 5107 3263 5147 armorum
3315 5091 3601 5160 multiplex.

2027 5190 2356 5246 insidiarum
2392 5204 2567 5258 genus
2600 5187 2827 5242 indicat.
2855 5188 3074 5257 Inopem
3107 5187 3270 5241 etiam
3309 5195 3358 5239 et
3400 5199 3606 5254 paupe-

2031 5298 2144 5336 rem
2181 5281 2554 5336 indifferenter
2585 5279 2672 5334 Iiic
2695 5282 2896 5349 posuit,
2925 5279 3007 5334 vel
3031 5278 3097 5331 ad
3146 5276 3600 5332 commovendam

2031 5373 2481 5428 misericordiam.

2099 5465 2266 5521 Vens.
2306 5466 2391 5520 15.
2428 5464 2651 5519 Gladius
2677 5480 2858 5517 eorum
2885 5464 3041 5515 intret
3070 5463 3123 5514 in
3143 5460 3307 5515 corda
3338 5460 3598 5531 ipsorum,

2025 5569 2073 5614 et
2107 5574 2260 5612 arcus
2281 5572 2461 5609 eorum
2479 5555 2868 5624 confringatur.
2904 5553 3130 5614 Eorum,
3166 5553 3601 5622 inquit,insidi:c

2027 5660 2218 5702 contra
2255 5650 2403 5716 ipsos
2425 5653 2839 5700 convertantur.
2876 5643 3054 5716 [Quod
3082 5644 3208 5698 aliis
3245 5645 3430 5698 verbis
3461 5645 3599 5698 alibi

2022 5741 2185 5794 etiam
2207 5739 2476 5805 expressit
2506 5736 2774 5804 Proplwta
2805 5737 2995 5789 dicens
3018 5735 3057 5807 :]
3100 5735 3162 5788 Et
3200 5738 3400 5790 incidat
3427 5740 3478 5789 in
3513 5736 3596 5803 [o-

2023 5846 2167 5886 t'eam
2212 5846 2366 5896 quam
2406 5832 2550 5899 fecit.
2603 5831 2940 5900 lmprecatur
2987 5840 3165 5882 autem
3225 5830 3305 5882 eis
3374 5831 3597 5887 malum,
