3806 6552
416 418 523 489 419

1655 411 2039 486 EUTHYMII
2062 403 2435 483 ‘ZIGAB‘ENI
3561 402 3643 483 es)

414 544 588 600 veluti
650 544 720 600 iis
778 542 872 615 qui
934 542 1083 614 pravi
1134 543 1548 625 erant._0mnis
1616 543 1787 606 enim,
1822 538 1995 610 inquit

2114 553 2350 606 χαιραν,
2372 534 2443 589 ἐν
2468 533 2734 603 μαχαίρᾳ
2768 529 3178 588 ἀποθανεῖται.
3223 524 3348 582 Εἶεν
3378 528 3424 581 δ’
3452 528 3517 581 ἂν
3544 534 3645 602 pou.

416 635 707 698 Dominus,
739 634 829 703 qui
872 635 1131 703 acceperit
1164 634 1427 705 gladium,
1475 634 1654 705 gladio
1717 633 1899 703 peribit
1928 632 1996 683 ⁸⁸.

423 723 652 779 Gladius
682 733 945 793 prmterea
976 731 1033 778 et
1073 739 1238 779 arcus
1265 725 1442 797 accipi
1468 726 1557 780 hic
1621 735 1851 795 possunt
1900 739 2000 796 pro

424 817 609 886 lingua
641 816 1030 886 malignorum.
1070 817 1261 873 Dentes
1295 819 1441 874 enim
1475 834 1681 883 eorum,
1718 817 1850 871 alibi
1918 818 2001 870 in-

416 905 559 973 quit,
587 920 739 958 arma
793 913 842 958 et
872 906 1103 976 sagittae,
1134 916 1183 961 et
1215 908 1398 979 lingua
1422 924 1603 962 eorum
1627 907 1841 977 gladius
1868 915 1997 961 aeit-

419 1005 501 1050 ιω
525 996 593 1049 ⁸⁸.
620 995 845 1068 Propria
882 999 1047 1070 igitur
1082 1001 1263 1071 lingua
1303 1016 1399 1056 eos
1423 1002 1740 1059 interﬁeiet.
1769 1010 1823 1055 et
1856 1000 1998 1056 labia

415 1101 608 1141 eorum
636 1098 812 1142 morte
843 1089 1287 1160 exstinguentur.

485 1178 654 1234 Vens.
690 1178 778 1236 16.
851 1180 1050 1236 Melius
1074 1192 1152 1236 est
1185 1183 1452 1236 modicum
1476 1182 1628 1252 justo
1667 1198 1828 1251 super
1858 1181 1997 1237 divi-

418 1271 522 1323 tias
549 1281 884 1339 peccatorum
917 1274 1136 1330 multas.
1177 1274 1378 1329 Verum
1409 1275 1584 1331 multo
1626 1276 1825 1330 melius
1858 1274 1998 1344 aju-

415 1369 501 1414 sto
559 1361 781 1418 homine
829 1379 955 1420 esse
1017 1374 1279 1421 censetur
1333 1364 1613 1420 modicum
1663 1365 1795 1435 quid
1852 1364 2001 1435 juste

417 1464 668 1522 partum:
705 1463 870 1526 atque
922 1457 1048 1512 ideo
1112 1460 1272 1529 plura
1340 1472 1449 1513 non
1481 1458 1687 1529 appetit
1746 1474 1869 1512 cum
1914 1458 1999 1512 in.

411 1545 648 1612 jnstitia.
714 1546 922 1603 llorum
992 1549 1177 1621 itaque
1229 1550 1548 1606 felicitatem
1606 1551 1852 1605 aemulari
1898 1565 1998 1605 nos

415 1648 660 1706 Oportet.
1416 1686 1419 1689 ,

486 1727 655 1783 Vens.
691 1730 779 1782 l7.
837 1729 980 1796 Quia
1019 1731 1237 1785 brachia
1288 1734 1581 1801 peccatoris
1638 1742 1995 1788 conterentur.

418 1818 648 1874 Brachia
693 1820 835 1876 vires
892 1823 1206 1892 appellavit,
1241 1824 1294 1877 in
1321 1823 1523 1894 quibus
1554 1833 1667 1880 tota
1693 1840 1832 1896 pene
1864 1839 1996 1896 ope-

418 1911 572 1965 randi
606 1927 671 1968 ac
699 1912 901 1969 laboris
940 1916 1023 1969 vis
1048 1915 1325 1970 consistit.

487 2004 781 2073 Conﬁrmat
816 2016 989 2061 autem
1014 2008 1197 2077 justas
1236 2008 1521 2065 Dominus.
1557 2007 1797 2066 chatos
1834 2010 1998 2064 nimi-

418 2113 538 2150 rum
569 2098 636 2150 ab
660 2098 890 2168 iniquis,
927 2114 1026 2155 seu
1058 2100 1230 2156 etiam
1255 2116 1283 2155 a
1309 2101 1999 2157 darnmnibus.C0nsidera

414 2200 623 2258 autem,
656 2194 938 2262 quomodo
973 2194 1236 2264 utrinque
1276 2208 1378 2248 nos
1412 2192 1688 2263 Propheta
1719 2193 1784 2247 ad
1817 2194 1993 2248 virtu.

416 2293 524 2336 tem
557 2285 902 2350 exhortatur,
934 2286 1064 2339 dum
1100 2295 1154 2340 et
1180 2296 1533 2356 peccatorum
1574 2300 1782 2357 pamas,
1807 2294 1860 2340 et
1905 2286 2000 2356 ju-

414 2384 621 2429 storum
645 2386 825 2430 narrat
863 2376 1109 2447 praemia.

472 2549 639 2610 Vens.
684 2554 767 2610 18.
829 2554 1428 2626 Cognoscit’Dominus
1480 2559 1593 2613 vias
1629 2559 2002 2615 immaculato-

412 2659 552 2699 rum.
590 2648 708 2716 Ipse
732 2647 877 2701 enim
923 2663 1017 2702 eas
1052 2648 1254 2704 sanxit.
1291 2648 1385 2705 Vel
1414 2651 1573 2705 aliter
1615 2652 1997 2723 interpretare,

415 2752 473 2791 ut
508 2738 750 2795 diximus
780 2742 925 2796 cirt-a
959 2742 1119 2796 linem
1149 2743 1308 2812 primi
1329 2746 1540 2813 psalmi.

489 2829 551 2882 Et
583 2831 872 2886 lucreditas
905 2835 1123 2888 illorum
1184 2837 1236 2888 in
1259 2836 1511 2890 saeculum
1539 2837 1658 2892 erit.
1702 2837 2001 2896 llarretlitas

410 2922 692 2991 justorum
724 2940 950 2993 regnum
1006 2935 1108 3004 est.
1149 2927 1456 2981 canorum:
1536 2927 1740 2997 Venite,
1797 2931 1997 3002 inquit,

375 3020 392 3043 ’
416 3015 674 3069 benedicti
708 3015 893 3071 l’alris
925 3021 1047 3084 mei,
1085 3019 1394 3074 Itareditate
1439 3032 1689 3090 paratum
1711 3026 1880 3080 'vobis
1915 3042 2000 3081 re-

414 3125 575 3178 gnum
603 3111 675 3165 "°.-
705 3111 860 3178 Quod
887 3128 1014 3167 vero
1042 3112 1139 3177 ait,
1166 3114 1220 3165 in
1249 3112 1526 3176 sarculum,
1554 3114 1696 3169 idem
1727 3121 1995 3186 estquod,

414 3211 698 3271 perpetuo.
731 3202 886 3259 Illius
919 3206 1065 3259 enim
1117 3205 1457 3259 haereditatis
1494 3220 1601 3261 non
1655 3208 1761 3262 erit.
1827 3210 1953 3265 linis
1980 3227 1996 3277 ;
2023 3221 2068 3285 ρ

414 3292 622 3347 velerit
648 3294 701 3348 in
739 3297 1025 3360 saeculum,
1067 3295 1316 3350 futurum
1355 3297 1591 3351 scilicet.
1621 3298 1678 3352 lu
1714 3299 1817 3355 hoc
1851 3301 1996 3355 ettim

413 3388 615 3441 saeculo
651 3390 1026 3445 hmreditatem
1061 3405 1172 3445 non
1207 3391 1431 3453 habent,
1466 3390 1715 3461 hospites
1755 3408 1816 3447 se
1871 3408 1998 3450 esse

412 3476 673 3539 scientes,
710 3494 773 3534 ac
809 3481 1154 3551 peregrinos.

469 3655 649 3713 Vens.
672 3658 759 3716 19.
786 3657 912 3713 Non
938 3661 1331 3730 confundentur
1354 3663 1408 3716 in
1431 3670 1660 3730 tempore
1684 3663 1847 3719 malo.
1879 3664 1997 3722 Non

411 3752 821 3818 superabuntur
852 3754 907 3807 in
939 3766 1192 3824 tempore
1225 3755 1582 3810 alllictorutn.
1611 3755 1823 3813 [labent
1847 3761 1995 3815 enim

413 3843 721 3912 atljutorem
756 3845 949 3900 Deum.
984 3846 1078 3900 Vel
1102 3855 1321 3918 tempus
1348 3848 1556 3903 malum
1582 3848 1831 3905 futurum
1891 3868 1991 3922 ap-

413 3933 577 4002 pellat
602 3936 904 4004 judicium,
958 3938 1108 4006 quod
1160 3939 1549 4009 peccatoribus
1608 3941 1996 4011 gravissimum

413 4024 518 4079 erit
543 4041 607 4080 ac
631 4028 1105 4086 molestissimum.

489 4115 562 4172 Et
595 4119 651 4171 in
689 4119 877 4176 diebus
944 4121 1107 4192 famis
1143 4124 1556 4181 saturabuntur.
1622 4126 1801 4184 Veluti
1848 4131 1996 4186 Elias

413 4208 565 4276 quia
600 4223 768 4264 corvo
796 4212 1041 4267 nutritus
1068 4221 1187 4280 est,
1246 4222 1300 4269 et
1321 4213 1412 4269 alii
1456 4215 1637 4281 multi,
1670 4217 1763 4287 qui
1820 4218 1999 4272 admio

413 4298 660 4354 rabiliter
688 4312 720 4355 a
756 4299 990 4357 Domino
1014 4302 1275 4358 alimenta
1302 4311 1656 4373 acceperunt.
1693 4302 1786 4360 Vel
1842 4313 1994 4361 satu-

410 4390 683 4445 rabuntur
723 4407 820 4462 spe
852 4391 1159 4449 futurorum
1184 4396 1476 4462 bonorum,
1510 4397 1718 4451 nullum
1761 4397 1996 4468 amplius

412 4484 828 4553 corruptibilem
871 4484 1055 4541 cibum
1091 4494 1439 4557 appetentes.
1503 4471 1686 4559 Neque
1741 4489 1887 4543 enim
1937 4491 1993 4542 in

2025 1880 2072 1940 B

2102 631 2240 698 φαία
2263 628 2359 682 καὶ
2385 625 2541 692 τόξον
2586 626 2681 680 καὶ
2715 627 2771 680 αἱ
2812 624 3059 693 γλῶσσαι
3114 622 3227 677 τῶν
3281 621 3561 692 πονηρῶν·
3599 631 3645 680 οἱ

2101 722 2347 787 ὀδόντες
2374 720 2507 789 γὰρ,
2536 720 2725 790 φησιν.
2759 715 2983 784 αὐτῶν,
3012 717 3175 770 ὅπλα
3212 716 3311 769 καί
3344 715 3505 782 βέλη
3531 731 3544 747 ·
3569 722 3645 772 καὶ

2100 814 2138 882 ἠ
2168 813 2421 883 γλῶσσα
2445 812 2665 877 αὐτῶν,
2686 810 2952 882 μάχαιρα
2985 810 3172 876 ὀξεῖα.
3216 808 3283 862 Ἦ
3317 808 3541 877 γλῶσσα
3576 807 3647 864 οὖν

2100 906 2284 960 αὐτῶν
2307 904 2611 959 θανατώσει
2647 904 2879 968 αὐτούς*
2913 904 3010 958 καὶ
3043 903 3111 957 τὰ
3138 901 3296 972 χείλη
3328 899 3509 953 αὐτῶν
3550 902 3646 954 σϐε-

2104 999 2258 1072 σθείη
2296 999 2536 1070 θανάτῳ.

2172 1176 2486 1245 Κρεῒσσον
2528 1175 2741 1243 ὀλίγον
2789 1171 2870 1238 τῷ
2921 1172 3150 1238 δικαίῳ,
3196 1170 3353 1239 ὑπὲρ
3413 1169 3649 1226 πλοῦτον

2108 1267 2478 1338 ἁμαρτωλῶν
2495 1267 2720 1320 πολύν.
2745 1267 3017 1333 Κρεῖσσον
3053 1264 3271 1333 ἀληθῶς
3301 1264 3576 1334 νομίζεται
3593 1266 3649 1334 τῷ

2099 1357 2296 1428 δικαίῳ
2332 1358 2395 1411 τὸ
2431 1357 2615 1426 ὀλίγον
2650 1357 2787 1427 μετὰ
2810 1354 3189 1425 δικαιοσύνης,
3224 1358 3320 1409 καὶ
3340 1355 3442 1407 οὐκ
3487 1355 3647 1425 ὀρέγε-

2100 1469 2192 1505 ται
2262 1450 2511 1514 πλείονος
2557 1450 2780 1504 ἀδίκου’
2831 1449 2912 1504 διὸ
2943 1449 3006 1502 οὐ
3041 1448 3148 1520 χρὴ
3194 1446 3544 1519 παραζηλοῦν
3574 1448 3647 1519 τὴν

2100 1543 2307 1599 τούτων
2323 1542 2643 1615 εὐημερίαν.

2172 1719 2304 1774 ’Ὅτι
2355 1720 2685 1791 βραχίονες
2726 1721 3082 1791 ἁμαρτωλοῦ
3136 1719 3637 1788 συντριόήσονται.

2101 1811 2407 1883 Βραχίονας
2435 1815 2538 1878 τὰς
2571 1814 2833 1884 δυνάμεις
2892 1814 3154 1869 ἐκάλεσεν
3175 1830 3192 1846 ⁸
3223 1816 3281 1868 ἐν
3309 1813 3521 1876 τούτοις
3547 1815 3646 1885 γὰρ,

2099 1904 2133 1974 ἡ
2157 1902 2250 1956 τοῦ
2278 1903 2654 1975 ἐργαζομένου
2682 1906 2935 1975 δύναμις.

2184 1995 2595 2067 ’Υκοστηρίζει
2621 1998 2689 2052 δὲ
2716 1999 2859 2066 τοὺς
2876 1999 3151 2066 ama.on
3179 2002 3213 2056 ὁ
3233 2000 3469 2068 Κύριος.
3497 1999 3649 2052 Ὤρου-

2105 2088 2299 2160 μένους
2328 2090 2421 2142 καλ⁵
2441 2092 2594 2161 παρὰ
2625 2090 2882 2162 πονηρῶν
2908 2092 3143 2162 ἀνδρῶν,
3164 2092 3261 2146 καὶ
3292 2092 3452 2163 παρὰ
3488 2093 3642 2161 δαιμὸε

2103 2197 2230 2234 νων.
2264 2181 2469 2235 Σκόπει
2494 2182 2551 2235 δὲ
2576 2183 2726 2247 ὅπως
2765 2185 3161 2255 ἀμφοτέρωθεν
3189 2185 3287 2238 καὶ
3315 2185 3405 2239 διὰ
3448 2186 3542 2253 τῆς
3565 2185 3648 2237 τῶν

2102 2269 2444 2340 ἁμαρτωλῶν
2476 2272 2789 2344 συντριδῆς,
2816 2276 2913 2328 καὶ
2953 2274 3044 2328 διὰ
3066 2275 3166 2345 τῆς
3188 2274 3299 2328 τῶν
3328 2274 3549 2328 δικαίων
3573 2279 3645 2326 ἀν-

2100 2362 2375 2433 τιλήψεως
2399 2363 2479 2427 εἰς
2510 2364 2713 2437 ἀρετὴν
2762 2367 3065 2437 προτρέπει
3125 2367 3256 2430 τοὺς
3325 2364 3643 2435 ἐντυγχάνον-

2103 2472 2224 2519 τας.

2174 2544 2472 2601 Γινώσκει
2502 2548 2719 2616 Κύριος
2748 2549 2855 2616 τὰς
2874 2549 3056 2617 ὁδοὺς
3071 2548 3192 2605 τῶν
3217 2550 3493 2621 ἀμώμων.
3509 2548 3649 2606 Δῡτδς

2103 2636 2213 2707 γὰρ
2243 2637 2450 2701 ταύτας
2480 2639 2849 2711 ἐνομοθέτησε
2872 2658 2887 2672 ·
2921 2642 3077 2714 ζήτει
3099 2642 3157 2697 δὲ
3185 2643 3281 2696 καὶ
3312 2642 3487 2705 ἄλλως
3516 2644 3587 2705 είς
3604 2653 3649 2694 το

2103 2726 2255 2792 τέλος
2278 2726 2374 2781 τοῦ
2399 2728 2614 2798 πρώτου
2636 2730 2876 2801 ψαλμοῦ.

2176 2821 2287 2877 Kal
2336 2822 2377 2890 ἠ
2426 2806 2801 2893 κληρονομία
2852 2822 3051 2879 αὐτῶν
3110 2827 3200 2887 εἰς
3248 2822 3438 2877 αἰῶνα
3487 2824 3646 2878 ἔσται.

2102 2914 2455 2986 κληρονομία
2476 2915 2587 2969 τῶν
2608 2915 2856 2980 δικαίων,
2893 2918 2927 2988 η
2959 2917 3210 2989 βασιλεία
3256 2917 3370 2970 τῶν
3416 2916 3650 2987 οὐρανῶν.

2101 3006 2281 3061 Δεῦτε
2303 3007 2432 3079 γὰρ,
2462 3010 2652 3080 φησιν,
2677 3012 2732 3063 oi
2747 3009 3147 3080 εὐλογημένοι
3165 3010 3274 3065 τοῦ
3298 3013 3524 3077 Πατρός
3533 3026 3647 3079 μου,

2103 3099 2608 3171 κληρονομήσατε
2656 3101 2774 3170 τὴν
2824 3101 3284 3179 ἡτοιμασμένην
3307 3101 3452 3172 ὑμῖν
3501 3101 3649 3166 ,ϐασι-

2100 3193 2295 3247 λείαν.
2330 3193 2404 3246 Τὸ
2433 3194 2511 3256 δὲ,
2547 3196 2653 3258 Είς
2689 3195 2799 3248 τὸν
2820 3192 3030 3259 αίῶνα,
3092 3194 3216 3248 ἀντὶ
3259 3193 3383 3255 τοῦ,
3444 3194 3645 3256 Ἀῑδίως.

2099 3277 2169 3355 ἦς
2206 3283 2308 3336 οὐκ
2336 3282 2492 3341 ἔσται
2521 3284 2695 3348 τέλος.
2747 3283 2817 3338 Ἣ
2853 3285 2934 3348 εἰς
2984 3283 3077 3339 τὸν
3126 3285 3302 3338 αἰῶνα
3347 3285 3519 3345 ἔσται.
3572 3284 3648 3337 τιν

2103 3371 2403 3442 μέλλοντα·
2463 3374 2523 3424 ἐν
2576 3373 2655 3443 τῷ
2680 3374 2913 3443 παρόντι
2956 3373 3066 3444 γὰρ
3118 3366 3269 3428 οὗτοι
3311 3372 3648 3445 κληρονομίαν

2098 3465 2200 3518 οὐκ
2231 3465 2437 3533 ἔχουσι,
2470 3465 2659 3530 ξένους
2702 3465 2935 3528 ἑαυτοὺς
2969 3464 3174 3530 εἰδότες
3228 3470 3326 3519 καὶ
3379 3457 3646 3539 παρεπιδῆ·

2102 3572 2257 3627 μους.

2174 3648 2258 3701 οὐ
2275 3646 2911 3715 καταισχυνθήσονται
2943 3648 3014 3702 ἐν
3042 3647 3225 3717 καιρῷ
3259 3647 3516 3716 πονηρῷ.
3557 3648 3649 3717 οὐχ

2100 3734 2504 3806 ἡττηθήσονται
2529 3739 2586 3788 ὲν
2618 3736 2797 3808 καιρῷ
2857 3737 3123 3807 ὲπιπόνφ,
3164 3738 3337 3809 ἤγουν
3389 3741 3446 3791 ὲν
3484 3743 3650 3808 mapa-

2100 3827 2223 3899 σμῷ
2242 3845 2257 3859 υ
2288 3827 2471 3897 έχουσι
2502 3828 2614 3900 γὰρ
2642 3830 2733 3882 τὸν
2756 3830 3321 3902 ἀντιλαμϐανόμενον.
3369 3832 3441 3884 Ἦ
3490 3831 3648 3903 καιρὸν

2098 3923 2334 3994 πονηρὸν
2358 3923 2505 3993 λέγει
2534 3924 2632 3996 τὴν
2670 3926 2885 3995 ἡμέραν
2918 3926 3019 3996 τῆς
3062 3927 3372 3999 μελλούσης
3412 3927 3641 4000 κρίσεως,

2099 4016 2226 4087 ἣτις
2258 4017 2412 4072 ἐστὶν
2446 4019 2707 4083 ἐπίπονος
2732 4022 2844 4084 τοῖς
2873 4021 3252 4092 ἁμαρτωλοῖς.

2167 4110 2275 4165 Kal
2325 4111 2397 4165 ἐν
2433 4111 2627 4181 ἡμέρᾳ
2668 4111 2848 4182 λιμοῦ
2891 4115 3439 4183 χορτασθήσονται.
3508 4117 3581 4181 Ὠς
3621 4114 3644 4169 ὁ

2109 4202 2300 4267 Ἠλίας
2325 4204 2667 4275 τρεφόμενος
2699 4206 2806 4259 ὑπὸ
2838 4205 3100 4279 κόρακος,
3154 4210 3251 4262 καὶ
3295 4207 3446 4264 ἄλλοι
3486 4209 3644 4262 πολλοὶ

2096 4296 2414 4365 παραδόξως
2444 4300 2508 4351 ἐκ
2540 4297 2676 4352 Θεοῦ
2706 4300 2991 4370 δεχόμενοι
3033 4302 3136 4370 τὴν
3164 4304 3412 4373 τροφήν·
3442 4303 3473 4372 ἢ
3534 4319 3637 4371 χορο

2095 4385 2461 4455 τασθήσονται
2490 4390 2613 4452 ταῖς
2670 4390 2852 4443 ἐλπίσι
2909 4390 3020 4444 τῶν
3076 4391 3388 4460 μελλόντων
3431 4394 3640 4461 ἀγαθῶν,

2100 4478 2178 4550 μὴ
2209 4478 2609 4549 ἐπιθυμοῦντες
2653 4482 2753 4551 τῆς
2778 4482 3028 4554 φθαρτῆς
3075 4483 3362 4555 βρώσεως.
3410 4490 3523 4542 Οὐκ
3564 4487 3643 4539 ἐπ’

411 4576 526 4629 solo
552 4590 691 4641 pane
720 4580 843 4632 vivit
892 4582 1048 4632 homo
1076 4580 1148 4633 “.
1187 4578 1281 4634 Vel
1344 4596 1439 4650 per
1503 4578 1704 4636 famem
1768 4581 1995 4652 ﬁgurate

2114 4571 2254 4638 Ξρτφ
2271 4571 2401 4642 γὰρ,
2422 4574 2575 4643 φησὶ,
2588 4574 2756 4642 μόνῳ
2778 4572 3017 4642 ζήσεται
3051 4574 3387 4645 ἅνθρωπος.
3421 4580 3486 4632 ’Ἡ
3513 4581 3639 4648 λιμὸν

410 4680 630 4721 omnem
674 4670 1059 4726 necessitatem
1093 4671 1379 4741 intelligit,
1410 4682 1468 4727 et
1511 4687 1608 4743 per
1640 4674 1989 4730 saturitatem

2114 4661 2237 4728 ,έγει
2293 4663 2569 4733 τροπικῶς
2618 4666 2881 4719 παντοίαν
2922 4668 3171 4740 ἀνάγκην
3199 4685 3213 4699 ·
3259 4672 3544 4740 χορτασὶαν
3568 4670 3632 4726 δὲ.

412 4757 780 4814 visitationem
808 4775 871 4815 ac
897 4763 1294 4830 protectionem
1328 4764 1440 4818 Dei.

486 4848 754 4916 Quoniam
777 4862 1078 4922 peccatores
1100 4854 1365 4923 peribunt.
1385 4854 1574 4927 Neque
1589 4854 1738 4912 enim
1758 4856 1849 4911 diu
1871 4872 1993 4927 per-

408 4951 593 4999 manet
627 4959 750 4998 cum
791 4945 873 5000 eis
897 4944 1157 5003 felicitas.
1189 4948 1381 5004 Perire
1406 4944 1746 5004 autem‘non
1782 4958 1990 5003 tantum

407 5036 457 5090 is
484 5034 709 5104 dicitur,
746 5037 840 5108 qui
870 5038 925 5093 in
952 5038 1056 5096 hoc
1091 5040 1298 5098 mundo
1328 5041 1487 5112 perit,
1522 5041 1620 5097 sed
1673 5040 1767 5096 ille
1820 5040 1986 5096 etiam

407 5128 501 5198 qui
538 5138 762 5187 aeternae
793 5131 993 5189 salutis
1022 5133 1296 5203 jacturam
1348 5134 1563 5189 fecerit.
1625 5130 1778 5188 Perit
1841 5133 1987 5188 enim

407 5228 575 5291 atque
608 5221 823 5279 deletur
853 5225 924 5281 ab
956 5225 1600 5296 haereditatejustorum.

479 5392 647 5450 Vens.
687 5396 780 5452 20.
807 5395 1025 5452 Inimici
1053 5408 1235 5453 autem
1270 5398 1489 5452 Domini
1528 5400 1693 5454 simul
1715 5416 1777 5455 ac
1826 5400 1991 5471 glori-

406 5487 556 5553 ﬁcati
592 5489 809 5555 fuerunt
849 5500 900 5544 et
943 5489 1195 5557 exaltati,
1246 5492 1550 5561 deﬁcientes
1606 5496 1747 5548 sicut
1809 5494 1987 5563 fumus

407 5580 729 5652 defecerunt.
758 5580 885 5637 Haec
914 5584 982 5640 de
1010 5583 1213 5641 intimis
1253 5584 1459 5643 Christi
1515 5568 1856 5643 occisoribus
1898 5589 1988 5643 in-

407 5674 697 5745 telligcnda
754 5685 905 5742 sunt,
947 5678 1039 5746 qui
1078 5679 1304 5749 gloriam
1355 5696 1383 5735 a
1434 5681 1793 5739 multitudine
1851 5698 1987 5739 con-

2088 4753 2189 4822 τὴν
2221 4752 2374 4806 θείαν
2407 4754 2726 4826 ἐπίσκεψιν.

2163 4846 2293 4899 Ὀτι
2323 4848 2372 4900 ot
2405 4848 2743 4917 ἁμαρτωλοὶ
2777 4848 3176 4908 ἀπολοῦνται.
3215 4856 3290 4908 Οὐ
3317 4873 3423 4927 γαρ
3481 4872 3633 4924 παρα-

2093 4935 2245 5007 μένει
2286 4937 2497 5002 τούτοις
2529 4941 2562 5010 ἠ
2599 4941 2910 5012 εὐπραγίαο
2941 4945 3004 4997 οὐ
3039 4946 3201 5016 μόνον
3224 4949 3278 5001 δὲ
3304 4950 3515 5019 νοητέσν
3550 4950 3636 5000 ἀπ-

2094 5027 2295 5101 ώλειαν
2322 5031 2423 5100 τὴν
2459 5030 2721 5101 βιωτικὴν
2770 5031 3089 5105 δυστυχίαν,
3123 5038 3262 5093 ἀλλὰ
3315 5042 3409 5093 καὶ
3435 5042 3519 5092 ἐπὶ
3560 5037 3636 5091 τοῦ

2102 5121 2393 5192 μέλλοντος
2414 5124 2608 5187 αἰῶνος
2633 5123 2912 5181 ἀπώλειαν
2942 5128 3178 5200 λέγομεν
3238 5134 3342 5201 τὴν
3397 5134 3635 5186 ἔκπτωσιν

2094 5214 2196 5283 τῆς
2231 5215 2541 5286 σωτηρίας·
2579 5219 2906 5287 ἀφανίζεται
2936 5221 3045 5292 γὰρ
3076 5223 3187 5276 ἀπὸ
3215 5225 3308 5277 τοῦ
3344 5226 3533 5295 κλήρου
3548 5223 3631 5276 τῶν

2096 5307 2319 5361 δικαίων
2356 5312 2383 5362 ὁ
2416 5311 2764 5380 ἁμαρτωλός.

2146 5404 2213 5455 Ol
2265 5400 2333 5455 δὲ
2361 5402 2557 5470 ἐχθροί
2589 5403 2696 5456 τοῦ
2730 5405 2952 5472 Κυρίου
3001 5405 3122 5477 ἅμα
3168 5412 3274 5466 τοῦ
3300 5411 3631 5479 δοξασθῇνιιι

2093 5494 2314 5560 αὐτοὺς
2352 5495 2447 5549 καὶ
2475 5488 2809 5565 ὑψωθῆναι,
2837 5498 3228 5569 ἐκλείποντες
3252 5505 3394 5557 ὡσεὶ
3438 5501 3630 5563 καπνὸς

2095 5588 2404 5653 ἐξέλιπον.
2438 5588 2611 5641 Τοῦτο
2644 5590 2774 5661 περὶ
2803 5591 2912 5645 τῶν
2943 5596 3347 5665 χριστοκτόνων
3377 5596 3623 5650 Ἰουδαίων.

2096 5680 2459 5746 Δοξαπθέντες
2522 5681 2631 5752 γὰρ
2699 5682 2805 5737 ὑπὸ
2837 5684 2931 5738 τοῦ
2985 5687 3225 5758 πλήθους
3261 5690 3311 5742 oi
3347 5689 3624 5761 προέχοντες

453 5850 500 5885 ⁸⁸
531 5850 725 5907 Matth.
761 5869 910 5918 xm,
943 5855 1031 5910 55.
1074 5856 1118 5892 ⁸⁸
1152 5856 1300 5914 Psal.
1334 5875 1443 5927 ινι,
1485 5861 1533 5914 εἰ.
1596 5863 1643 5893 °°
1679 5862 1867 5918 Matth.
1906 5878 1995 5917 ut

2114 5864 2152 5917 l.
2210 5865 2252 5895 υ
2290 5863 2482 5917 Matth.
2519 5863 2663 5931 w,t.
