3866 6572
218 423 335 491 421

1415 431 1812 493 COMMENT.
1852 429 1934 490 ΙΝ
1977 427 2344 493 PSALMOS.

3381 420 3491 490 422

221 543 439 607 αὐτῶν,
475 542 569 598 καὶ
596 544 905 615 eameam;
933 545 1028 600 ἐπὶ
1072 547 1138 617 τῇ
1164 545 1449 618 ἀναιρέσει
1501 546 1597 601 τοῦ
1631 546 1818 615 Σωτῆ-

1952 545 2121 608 eeuti,
2178 557 2229 599 e:
2296 543 2511 600 caeteris
2541 543 2786 610 antelati,
2830 543 2899 599 de
2964 548 3141 599 morte
3196 541 3498 599 Salvatoris

226 653 354 708 ρος,
384 635 485 689 οὐκ
515 637 595 699 είς
624 635 843 706 μακρὰν
894 636 1245 711 πανωλεθρίᾳ
1279 638 1654 710 διεφθάρησαν
1711 637 1820 691 ὑπὸ

222 723 361 789 ἰτιῖὀν⁸
372 722 682 792 Ῥωμαίων,
704 723 913 778 καπνοῦ
929 725 1088 796 δίκην
1112 726 1506 791 σκεδασθέντες
1538 727 1636 780 καὶ
1677 728 1820 795 ἁφα-

225 814 539 877 νισθέντες.
577 813 795 884 Ῥηθείη
830 815 875 867 δ’
907 815 975 868 ἂν
1016 815 1177 869 τοῦτο
1207 817 1302 869 καὶ⁸
1334 820 1464 888 περὶ
1494 816 1606 870 τῶν
1665 816 1819 870 είδώ-

226 907 369 973 λων,
397 906 433 961 ἃ
464 906 626 977 μέχρι
664 907 809 968 τινὸς
841 905 1179 978 δοξαζόμενα
1207 910 1304 963 καὶ⁹
1332 909 1638 980 ὑψούμενα,
1670 909 1822 963 ὕστεο

230 1016 336 1068 ρον
372 998 749 1068 ἠφανίσθησαν
770 1013 785 1029 ο
809 996 899 1051 διὰ
924 999 1129 1053 τούτων
1159 1001 1238 1067 δὲ,
1267 1002 1363 1055 καὶ
1381 1003 1431 1054 οἱ
1475 1001 1818 1065 ἐνοικοῦντες

227 1092 427 1153 αὐτοῖς
444 1090 721 1160 δαίμονες.

312 1179 644 1243 Δανείζεται
672 1185 706 1236 ὁ
724 1183 1100 1254 ἁμαρτωλὸς,
1127 1183 1229 1237 καὶ
1262 1187 1374 1239 οὐκ
1404 1186 1703 1242 ἀποτίσει.
1744 1188 1820 1241 Οὐ

231 1273 405 1344 μόνον
464 1271 572 1341 γὰρ
592 1272 659 1325 οὐ
682 1272 1040 1343 μεταδίδωσιν
1069 1272 1305 1339 οἴκοθεν,
1327 1275 1442 1328 ἀλλ’
1476 1277 1595 1330 οὐδὲ
1619 1277 1679 1329 τὸ
1704 1277 1819 1346 (50)

228 1363 694 1435 χρεωστούμενον
729 1363 1050 1418 ἀποδίδωσι.
1084 1363 1356 1420 Τοσοῦτόν
1400 1368 1549 1422 ἐστιν
1603 1370 1822 1441 ἀπηνὴς

231 1457 341 1507 καὶ
365 1456 714 1525 παράνομος.
1638 1473 1642 1477 ’

330 1547 384 1596 ’0
414 1545 481 1598 δὲ
503 1545 734 1614 δίκαιος
766 1550 1063 1620 οίκτείρει,
1096 1552 1197 1606 καί
1241 1552 1509 1608 δίδωσιν.
1546 1553 1823 1625 Οίκτείρει

238 1639 372 1707 μὲν,
427 1637 669 1693 οἴκοθεν·
732 1640 916 1696 δίδωσι
952 1644 1032 1708 δὲ,
1082 1644 1145 1698 τὸ
1185 1645 1620 1717 δείανεισμένον,
1657 1648 1823 1718 ἤγουν

235 1729 592 1797 ἀποδίδωσιν,
649 1734 746 1787 καὶ
802 1733 1034 1802 βαδίζων
1085 1736 1185 1808 τὴν
1212 1739 1464 1792 ἐναντίαν
1513 1738 1592 1808 τῷ
1647 1739 1827 1808 ἁμαρ-

234 1822 427 1891 τωλῷ.
449 1823 517 1875 Ἦ
536 1827 630 1877 καὶ
656 1824 851 1886 ἄλλως.
890 1824 947 1879 '0
964 1825 1174 1892 δίκαιος
1198 1829 1354 1893 εἰδὼς
1375 1831 1469 1884 τὸν
1498 1830 1824 1901 ἁμαρτωλὸν

232 1916 539 1985 ἀγνώμονα
574 1916 997 1988 χρεωφειλέτην,
1033 1920 1183 1991 ὅμως
1225 1923 1282 1974 ὲν
1333 1922 1516 1993 καιρῷ
1574 1924 1824 1993 ἀνάγκης

230 2007 504 2072 δανείζει.

322 2190 443 2243 ’Ὁτι
494 2191 551 2244 οἱ
591 2191 989 2259 εὐλογοῦντες
1037 2193 1227 2249 αὐτὸν
1288 2195 1827 2262 κληρονομησουσι

230 2280 369 2351 τῆν
391 2297 407 2311 ·
430 2284 483 2335 οι
512 2281 581 2335 δὲ
610 2282 1010 2353 καταρώμενοι
1034 2285 1224 2339 αὐτόν
1282 2282 1828 2353 ὲξολοθρευθήοίον-

233 2390 367 2427 ται.
411 2374 679 2429 Τοσοῦτον
711 2377 867 2446 μέλει
886 2376 963 2448 τῷ
989 2377 1110 2448 Θεῷ
1142 2378 1272 2448 περὶ
1294 2378 1388 2431 τοῦ
1418 2376 1652 2439 δικαίου,
1687 2374 1828 2427 ὥστε

232 2466 380 2527 τοὺς
400 2464 499 2535 μὲν
514 2465 900 2536 εὐφημοῦντας
936 2466 1099 2519 αὐτὸν
1124 2465 1264 2519 ἐλεεῖ
1287 2467 1425 2536 (51),
1445 2466 1569 2528 τοὺς
1595 2465 1654 2518 δὲ
1676 2463 1832 2533 ὑϐρί-

237 2553 448 2619 ζοντας
480 2543 668 2610 τοῦτον
712 2559 927 2623 κολάζει
954 2574 969 2589 ⁸
1019 2557 1225 2629 ἔφησεν
1278 2557 1388 2627 γὰρ
1442 2557 1470 2609 ὁ
1508 2555 1641 2619 Θεὸς
1693 2554 1830 2626 πρὸς

254 2646 552 2717 ’Δόραάμο
579 2649 914 2719 Εὐλογήσω
941 2649 1082 2716 τοὺς
1122 2647 1531 2719 εὐλογοῦντὰς
1581 2663 1677 2710 σε,
1731 2644 1832 2699 καί

238 2737 398 2804 τοὺς
427 2739 881 2810 καταρωμένους
908 2757 983 2794 σε
1004 2741 1441 2810 καταράσομαι.
1472 2741 1736 2811 Κατάραν
1777 2739 1831 2793 δὲ

241 2829 354 2884 νῦν
390 2831 490 2901 τὴν
521 2831 680 2900 ὓϐριν
713 2831 941 2886 ἐκάλεσε
963 2848 976 2862 ’
1014 2833 1075 2885 τὸ
1110 2832 1165 2885 δὲ
1206 2831 1321 2896 ὅτι,
1344 2833 1443 2884 οὐκ
1472 2831 1619 2884 ἔστιν
1662 2834 1835 2885 αἰτιο-

241 2922 496 2991 λογικὸν,
537 2923 654 2976 ἀλλ’
714 2924 1111 2992 ἀποφαντικὸν,
1169 2921 1363 2976 δοκοῦν
1416 2923 1698 2994 περιττόν.
1742 2923 1834 2975 Ἐν

243 3014 475 3077 πολλοῖς
508 3014 566 3068 δὲ
597 3013 674 3084 τῷ
700 3014 1145 3086 ίδιώματιτούτῳ
1169 3015 1459 3086 κέχρηται.

331 3284 494 3354 Παρὰ
522 3286 748 3353 Κυρίου
783 3286 857 3341 τὰ
874 3282 1209 3355 διαδήματα
1263 3285 1583 3356 ἀνθρώπου
1634 3302 1840 3339 κατευ-

244 3377 520 3434 θύνεται.
549 3377 805 3431 Διδάσκει
840 3378 1031 3447 σαφῶς
1046 3378 1128 3432 ὅτι
1166 3378 1341 3449 χωρὶς
1373 3378 1475 3447 τῆς
1504 3376 1655 3446 παρὰ
1700 3377 1837 3430 Θεοῦ

246 3471 515 3545 βοηθείας
557 3469 710 3523 οὐδέν
758 3487 813 3523 τι
841 3469 1144 3541 κατορθοῦν
1196 3472 1225 3523 ὁ
1273 3470 1562 3540 ἄνθρωπος
1585 3467 1836 3524 δύναται.

155 3564 167 3587 ⁶
261 3561 416 3615 Ἐὰν
446 3561 553 3631 γὰρ
577 3559 664 3630 μὴ
700 3560 939 3627 Κύριος,
1002 3561 1198 3630 φησὶν,
1230 3558 1604 3629 οὶκοδομήσῃ
1646 3555 1839 3628 οἷκον,

247 3654 349 3719 εις
369 3650 569 3722 μάτην
598 3651 940 3705 ἐκοπίασαν
975 3654 1029 3705 οι
1068 3650 1534 3721 οἰκοδομοῦντες
1560 3668 1575 3683 ι
1613 3652 1681 3722 τῇ
1731 3653 1841 3721 γὰρ

251 3748 545 3819 προθυμίᾳ
585 3749 867 3818 συνεργεῖν
899 3746 1113 3802 εἴωθεν,
1164 3747 1482 3820 ’Δνθρώπου
1553 3748 1611 3802 δὲ
1667 3747 1838 3816 λέγει,

250 3839 356 3891 τοῦ
378 3837 613 3891 δικαίου.

331 3925 444 3978 Kal
467 3924 583 3991 τὴν
612 3924 760 3979 ὁδὸν
791 3926 978 3981 αὐτοῦ
1005 3924 1255 3993 θελήσει
1286 3926 1551 3996 σφόδρα.
1578 3927 1691 3998 Τὴν
1747 3943 1846 3980 πο-

253 4015 472 4068 λιτείαν
504 4015 601 4068 ⁶τοῦ
624 4016 834 4070 δικαίου
859 4015 1185 4081 ἀποδέξεται
1206 4018 1234 4069 ὁ
1256 4017 1482 4088 Κύριος,
1513 4017 1586 4082 ὡς
1610 4018 1847 4090 ἀμώμη-

1921 636 2271 708 gloriabundi
2299 653 2409 692 non
2435 637 2608 692 multo
2637 646 2762 707 post
2804 646 3051 708 tempore
3101 636 3353 693 funditus
3396 652 3496 692 ex-

1924 728 2203 781 terminati
2242 736 2374 782 sunt
2404 742 2433 781 a
2468 727 2753 790 Romanis,
2786 742 2851 783 ac
2885 728 3017 782 fumi
3046 728 3219 782 instar
3246 727 3499 797 dissipati

1922 817 2146 889 penitus
2188 830 2352 889 atque
2382 818 2571 873 deleti.
2637 818 2754 872 Diei
2788 819 2952 873 etiam
2983 819 3099 873 haec
3134 827 3366 888 possunt
3430 819 3502 874 de

1921 911 2086 967 idolis
2113 926 2234 982 quae
2267 911 2504 966 exaltata
2535 917 2590 965 et
2624 910 2931 980 gloriﬁcata
2964 912 3029 965 ad
3058 922 3304 982 tempus,
3376 921 3498 967 tan-

1923 1007 2047 1062 dem
2083 1007 2300 1077 penitus
2333 1013 2706 1070 evanuerunt,
2739 1015 2793 1061 et
2859 1005 3036 1061 deleta
3080 1013 3244 1071 sunt;
3290 1014 3345 1059 et
3404 1019 3503 1075 per

1925 1097 2015 1151 illa
2055 1098 2333 1151 daemones
2381 1096 2587 1164 pariter
2609 1097 2701 1165 qui
2739 1096 2793 1150 in
2824 1096 2904 1151 eis
2937 1096 3289 1152 habitabant.

1994 1188 2163 1242 Vens.
2190 1188 2282 1244 2‘1.
2313 1187 2599 1242 Mutualur
2636 1198 2900 1257 peccator,
2929 1197 2978 1241 et
3009 1203 3112 1243 non
3139 1186 3323 1242 soluet.
3384 1185 3503 1241 Non

1925 1281 2127 1342 solum,
2157 1280 2355 1350 inquit,
2395 1288 2652 1350 peccator
2687 1294 2794 1333 non
2836 1280 3024 1345 donat,
3052 1291 3230 1350 neque
3292 1280 3495 1348 imper-

1929 1373 2065 1427 titnr
2091 1373 2337 1444 prepria,
2369 1372 2463 1427 sed
2492 1372 2618 1427 aliis
2656 1387 2687 1426 a
2713 1388 2773 1427 se
2812 1371 2998 1427 debita
3031 1372 3196 1426 etiam
3223 1386 3334 1426 non
3383 1370 3502 1427 red-

1928 1465 2040 1531 dit;
2101 1465 2240 1521 adeo
2274 1464 2537 1519 nimirum
2571 1464 2797 1533 iniquus
2822 1472 2906 1518 est
2936 1470 2991 1516 et
3021 1477 3221 1518 saevus.

1997 1557 2189 1611 Justus
2228 1565 2405 1610 autem
2436 1555 2739 1617 miseretur,
2756 1563 2804 1608 et
2836 1555 3041 1608 tribuit.
3073 1553 3368 1611 Miseretur
3389 1555 3511 1626 qui-

1930 1651 2059 1707 dem
2090 1648 2316 1719 propria
2354 1648 2609 1713 donans;
2651 1655 2706 1701 et
2760 1645 2979 1709 tribuit,
3004 1645 3111 1739 1γο
3168 1655 3277 1709 est,
3328 1646 3509 1701 reddit

1930 1760 2052 1812 quae
2083 1743 2151 1797 ab
2174 1742 2296 1797 aliis
2323 1748 2606 1795 mutuatus
2629 1749 2735 1804 est,
2765 1740 2982 1796 diversa
3017 1740 3237 1810 penitus
3286 1748 3340 1794 et
3386 1755 3512 1793 eon-

1931 1836 2097 1890 traria
2122 1834 2388 1889 incedens
2413 1832 2524 1897 via,
2565 1842 2732 1902 atque
2767 1832 3054 1888 incesserit
3082 1840 3369 1902 peeeator.
3414 1831 3510 1885 Vel

1928 1928 2121 1983 aliter:
2171 1926 2366 1981 Justus
2420 1924 2612 1979 videns
2669 1920 3018 1995 peceatorem
3071 1926 3346 1994 ingratum
3387 1937 3513 1978 esse

1928 2019 2234 2074 debitorem
2262 2019 2317 2073 in
2352 2027 2599 2088 tempore
2628 2015 2999 2082 necessitatis,
3032 2014 3084 2070 ei
3144 2014 3509 2070 nihilominus

1929 2115 2179 2163 mutuum
2214 2114 2461 2176 praestat.

2007 2196 2169 2252 Vens.
2200 2195 2291 2250 22.
2328 2196 2595 2261 Quoniam
2627 2194 2983 2256 benedicenles
3026 2195 3075 2249 ei
3124 2193 3509 2248 Iuereditabunt

1930 2301 2146 2356 terram,
2163 2289 2529 2344 maledicentes
2548 2298 2725 2343 autem
2739 2288 2789 2345 ei
2804 2286 3316 2342 exterminobuntur.
3335 2283 3509 2339 Tanta

1931 2381 2040 2436 Deo
2068 2380 2317 2449 dejustis
2349 2394 2482 2433 cura
2514 2393 2577 2433 ac
2648 2375 2962 2433 sollicitudo
3021 2385 3126 2439 est,
3169 2382 3226 2429 ut
3289 2375 3507 2428 illorum

1931 2474 2094 2528 etiam
2130 2473 2482 2532 misereatur,
2515 2470 2609 2539 qui
2643 2470 2722 2524 eis
2755 2468 3119 2527 benedicunt,
3151 2478 3206 2521 et
3234 2466 3358 2521 illos
3417 2479 3514 2519 ca-

1933 2562 2116 2634 stiget,
2149 2561 2242 2632 qui
2297 2561 2377 2615 eis
2429 2560 2785 2615 maledicunt.
2837 2558 2969 2612 Nam
3035 2565 3090 2611 et
3131 2557 3334 2611 dictum
3390 2569 3517 2611 esse

1934 2657 2167 2725 legimus
2205 2668 2233 2706 a
2269 2653 2381 2706 Deo
2402 2652 2469 2706 ad
2500 2652 2811 2707 Abraham:
2857 2650 3173 2704 Benedicam
3207 2648 3516 2704 benedicen-

1937 2745 2078 2801 tibus
2117 2746 2235 2811 tibi,
2264 2756 2313 2799 et
2351 2744 2669 2798 maledicam
2700 2742 3138 2796 maledicentibus
3159 2742 3228 2794 ⁹¹.
3289 2738 3519 2793 Maledi-

1936 2840 2172 2893 ctiouem
2204 2847 2385 2892 autem
2417 2838 2502 2891 hic
2530 2834 2919 2891 contumeliam
2938 2831 3194 2903 appellat.
3217 2831 3514 2885 Illnautem

1936 2928 2126 2993 dictio,
2162 2928 2451 2992 Quoniam,
2483 2924 2587 2980 hoc
2615 2924 2669 2978 in
2701 2923 2820 2978 loco
2856 2937 2968 2977 non
3015 2920 3198 2977 reddit
3222 2922 3517 2981 rationem,

1938 3020 2033 3077 sed
2086 3029 2418 3073 sententiam
2480 3026 2696 3071 tantum
2749 3021 3052 3077 asseverat,
3104 3013 3191 3068 vel
3245 3009 3521 3086 superﬂua

1939 3119 2043 3174 est,
2086 3117 2144 3164 ut
2196 3123 2575 3180 saepenumero
2638 3106 2782 3176 apud
2849 3105 3185 3176 Prophetam
3247 3102 3521 3172 reperitur

1868 3225 1911 3282 ε
1938 3198 2091 3268 juxta
2126 3197 2451 3251 Hebraicum
2481 3195 2707 3250 idioma.

2014 3287 2182 3343 Vens.
2215 3288 2305 3342 25.
2338 3287 2380 3341 Α
2416 3288 2645 3341 Domino
2678 3301 2889 3357 gressus
2928 3284 3160 3339 hominis
3192 3282 3522 3353 dirigentur.

1941 3381 2232 3436 Manifeste
2254 3382 2433 3446 docet,
2466 3380 2611 3449 quod
2642 3379 2852 3448 alisque
2881 3375 3070 3431 divino
3099 3374 3310 3431 auxilio
3358 3375 3525 3429 homo

1941 3489 2040 3543 per
2091 3487 2152 3528 se
2207 3470 2418 3526 nullum
2449 3477 2628 3539 potest
2666 3469 2869 3524 bonum
2902 3467 3143 3536 operari.
3191 3462 3319 3519 Nisi
3348 3465 3521 3529 enim,

1942 3560 2140 3632 inquit,
2180 3560 2435 3614 Dominus
2469 3557 2813 3625 wdi/icaverit
2875 3554 3111 3619 domum,
3139 3554 3193 3607 in
3225 3568 3418 3607 vanum
3442 3550 3524 3606 la-

1944 3654 2263 3708 boraverunt
2294 3652 2385 3722 qui
2410 3650 2683 3720 a‘diﬁcant
2710 3665 2828 3703 eam
2866 3648 2935 3701 ”.
2967 3645 3395 3715 Promplitudini
3427 3660 3527 3698 au-

1945 3754 2052 3800 tem
2085 3752 2293 3798 nostra:
2319 3741 2606 3812 eooperari
2642 3740 2805 3795 solet.
2846 3738 3137 3795 Hominem
3194 3744 3377 3792 autem
3434 3736 3525 3791 hic

1942 3835 2151 3906 justum
2187 3833 2481 3904 intelligit.§
2662 3888 2665 3889 ν

2021 3925 2088 3980 Ει
2152 3926 2291 3980 viam
2340 3924 2455 3994 ejus
2516 3920 2842 3977 voletvalde.
2870 3920 3365 3977 Conversationem
3395 3918 3529 3991 justi

1949 4019 2184 4088 benigne
2227 4014 2461 4086 suscipit
2509 4014 2797 4080 Dominus,
2840 4023 3028 4076 utpote
3072 4013 3532 4085 irreprebensibi-

253 4126 374 4163 τον.
422 4108 483 4163 '0
510 4108 807 4180 Σύμμαχος
825 4108 906 4177 δὲ,
936 4109 1060 4163 ἀντὶ
1092 4107 1185 4162 τοῦ
1224 4109 1503 4177 Θελήσει,
1542 4111 1832 4165 Εὐοδὼσει

1952 4112 2082 4167 leni.
2112 4109 2472 4181 Symmachus
2499 4116 2679 4162 autem
2715 4122 2812 4178 pro
2842 4106 2989 4163 Volet
3012 4107 3531 4176 transtulitProspe-

257 4197 445 4256 εἶπεν.

335 4294 533 4347 Ὅταν
557 4291 742 4361 πέσῃ,
770 4294 843 4347 οὐ
880 4293 1406 4365 καταραχθήσεται
1432 4292 1569 4365 (52),
1613 4294 1699 4348 ὅτι
1736 4295 1850 4349 Κύ-

250 4402 391 4454 ριος
429 4384 1017 4455 ἁντιστηρίζειχεζρα
1035 4386 1245 4441 αὑτοῦ.
1269 4387 1379 4440 Καὶ
1412 4385 1680 4457 βιωτικῶς
1722 4387 1850 4440 δυσ·

1950 4204 2115 4259 robit.

2023 4296 2190 4351 Vens.
2221 4295 2313 4351 24.
2363 4294 2496 4351 Cum
2520 4295 2788 4361 ceciderit,
2822 4310 2927 4348 non
2985 4291 3368 4361 confringatur,
3399 4289 3527 4359 quia

1954 4388 2213 4443 Dominus
2239 4396 2425 4442 contra
2445 4388 2626 4457 ﬁrmat
2653 4402 2867 4441 manum
2900 4401 3078 4439 suam.
3105 4383 3162 4438 Si
3197 4384 3251 4437 in
3287 4380 3533 4436 externis

262 4477 589 4547 πραγήσας,
640 4477 715 4538 ὠς
742 4476 885 4543 Ἰὼό,
915 4479 1007 4531 καὶ
1041 4475 1294 4548 ψυχικῶς
1341 4476 1659 4545 ὀλισθήσας,
1694 4478 1768 4541 ὡς
1822 4492 1832 4528 ι

1960 4481 2123 4536 bouis
2154 4480 2386 4535 adversa
2416 4488 2642 4534 vexetur
2689 4477 2933 4543 fortuna,
2967 4484 3027 4530 nt
3055 4474 3177 4538 Job,
3209 4474 3291 4530 vel
3318 4476 3364 4529 si
3390 4473 3536 4527 circa

262 4569 460 4632 Δαῦὶδ,
491 4570 595 4621 οὐκ
627 4570 959 4639 ἐναπομενεῖ
1000 4568 1082 4638 τῷ
1143 4567 1423 4638 πτώματι,
1463 4567 1599 4620 διότι
1648 4568 1821 4638 Κύριο

1962 4572 2264 4643 spiritualia
2297 4572 2438 4624 bona
2461 4570 2647 4639 lapsus
2669 4567 2932 4630 fuerit,ut
2962 4566 3152 4632 David,
3184 4581 3291 4620 non
3325 4579 3541 4635 perma-

263 4660 676 4733 ἀντιστηρίζει,
707 4661 983 4726 τουτέστι,
1013 4660 1340 4732 ὑποτίθησιν
1362 4660 1514 4732 αὐτῷ
1540 4661 1700 4731 χεῖρα
1721 4660 1851 4714 ὲαυ-

1965 4666 2115 4721 nebit
2145 4665 2408 4719 tamenin
2443 4664 2547 4718 hac
2609 4663 2792 4729 ruina,
2828 4660 2959 4731 quia
3021 4659 3285 4715 Dominus
3343 4662 3537 4713 contra

264 4754 389 4818 τοῦ,
416 4753 568 4824 φημὶ
599 4753 857 4824 βοήθειαν
883 4771 897 4785 ο
932 4755 1030 4806 καὶ
1059 4754 1093 4823 ἡ
1123 4753 1387 4824 μετάνοια
1417 4753 1528 4824 γὰρ
1572 4752 1706 4806 Θεοῦ
1729 4752 1832 4824 χείε

1963 4758 2169 4824 ﬁrmat,
2202 4757 2307 4812 hoe
2334 4768 2442 4821 est,
2476 4756 2736 4827 supponit
2763 4770 2988 4809 manum
3038 4768 3219 4821 suam,
3243 4765 3402 4807 suum
3427 4746 3538 4805 sci—

266 4850 446 4913 ἐστιν,
474 4848 555 4910 ὡς
611 4847 797 4901 θεόθεν
848 4845 1212 4916 ὲπιφοιτῶσα,
1284 4847 1378 4900 καὶ
1431 4845 1699 4900 ἀνελοῦσα
1756 4846 1832 4900 τοι

1964 4849 2094 4904 licet
2151 4848 2441 4903 auxilium.
2512 4846 2844 4904 Pmuitentia
2906 4848 3071 4900 etiam
3124 4843 3392 4914 accipitur
3440 4852 3543 4910 pro

269 4938 595 5010 πτώματος.

350 5213 655 5281 Νεώτερος
704 5212 1000 5283 ἐγενόμην
1030 5251 1047 5276 ,
1084 5213 1184 5266 καί
1237 5213 1366 5283 γηὰρῗ
1410 5210 1702 5282 ἐγήρασα,
1755 5213 1856 5266 καί

1968 4958 2145 4997 manu-
2176 4942 2294 5008 Dei,
2340 4952 2595 5012 tauquam
2653 4955 2775 5011 quae
2806 4955 2838 4995 a
2896 4938 3008 4993 Deo
3043 4936 3431 5008 proﬁciscitur,
3485 4938 3543 4987 et

1966 5045 2068 5085 nos
2101 5030 2169 5086 de
2204 5029 2366 5101 lapsu
2413 5044 2478 5084 ac
2508 5031 2668 5086 ruina
2698 5029 2868 5085 trahit
2902 5039 3067 5099 atque
3140 5024 3412 5083 convertit
3469 5020 3540 5075 ad

1967 5122 2279 5178 Dominum.
2317 5141 2332 5152 ·

2038 5212 2206 5270 Vens.
2242 5213 2333 5268 25.
2374 5212 2572 5267 Iunior
2616 5213 2731 5282 fui,
2777 5214 2967 5268 etenim
3010 5212 3159 5265 senui
3189 5250 3203 5275 ,
3232 5221 3283 5262 et
3307 5221 3411 5261 non
3435 5202 3545 5259 uitii

275 5307 394 5359 οὐκ
420 5302 590 5360 εἶδον
634 5303 870 5357 δίκαιον
905 5302 1543 5374 ἐγκαταλελειμμένον.
1596 5303 1827 5373 Περιττὺ

1960 5304 2168 5373 justum
2218 5303 2547 5358 derelictum.
2599 5303 2886 5374 Superﬂua
2935 5312 3019 5356 est
3068 5298 3155 5352 illa
3219 5294 3544 5364 conjunctio

279 5397 396 5466 γὰρ
415 5400 442 5448 ὁ
475 5393 773 5465 σύνδεσμος
811 5411 826 5426 ο
859 5393 1055 5447 ἔστιδὲ
1086 5394 1331 5459 τοιοῦτος
1354 5395 1383 5447 ὁ
1416 5394 1542 5459 νοῦς
1563 5435 1577 5461 ,
1609 5395 1693 5448 ὅτι
1721 5395 1862 5460 Νέος

357 5571 402 5602 θ’
437 5567 577 5624 Gen.
615 5584 714 5635 xu,
753 5569 810 5625 '5.
886 5568 932 5603 ⁸³
961 5567 1107 5625 Psal.
1135 5584 1325 5633 csxvl,
1356 5571 1410 5626 1.

1968 5397 2131 5452 enim.
2162 5394 2370 5452 Sensus
2399 5405 2484 5452 cst
2518 5412 2533 5448 :
2565 5394 2792 5451 Juvenis
2834 5393 2933 5457 fui,
2959 5402 3011 5447 ct
3044 5388 3201 5446 senui
3226 5389 3362 5459 jam,
3392 5395 3445 5442 et
3482 5386 3541 5440 in

1602 5681 1805 5744 Varie)
1835 5681 2167 5749 lectiones.

362 5789 477 5859 ('50)
628 5788 1129 5861 κεχρεωττημένον.

370 5855 481 5931 (ει)
514 5855 962 5926 Μειιοιὶι’ὲλεείν,
994 5869 1049 5915 et
1067 5860 1230 5930 paulo
1262 5865 1386 5929 post
1430 5855 1706 5921 κολάζειν.

2039 5787 2151 5858 (52)
2186 5784 2261 5843 Al.
2314 5782 2849 5858 καταρῤαχθὴσεται.
