3806 6544
428 404 537 470 427

1633 402 2019 468 EUTHYMII
2058 405 2388 467 ZIGABEN
2396 405 2421 464 Ι

3578 401 3667 468 428

427 526 726 582 liberorum
758 520 1218 594 procreationem,
1244 529 1340 579 aut
1358 522 1708 580 inimicorum
1735 525 1986 578 extermi-

2118 525 2295 583 ποιθα,
2326 521 2419 574 καὶ
2459 522 2492 589 ή
2520 519 2628 573 τῶν
2651 519 2865 592 ἐχθρῶν
2899 519 3298 592 ὲξολόορευσις,
3341 520 3437 575 καὶ
3483 522 3553 576 τὰ
3579 542 3672 581 τοι.

427 619 728 682 nationem,
764 626 858 671 aut
884 616 989 670 alia
1028 615 1340 686 huiusmodi
1370 633 1386 683 ;
1419 615 1625 673 idcirco
1657 617 1743 672 liis
1768 616 2004 687 promis-

428 710 679 768 sionibus
711 707 980 776 Propheta
1022 721 1216 763 omnes
1251 708 1318 763 ad
1348 708 1608 762 virtutem
1653 709 2002 772 exhortatur,

428 803 677 860 eamdem
704 801 903 871 saepius
933 807 1187 870 repetens
1211 800 1562 856 sententiam.
1585 800 1633 854 Α
1665 800 2003 855 sublimiori-

426 901 531 954 bus
552 907 736 952 tamen
790 894 1111 949 sublimiora
1141 895 1308 950 etiam
1345 893 1437 949 hic
1474 892 1920 958 considerantur,
1947 902 2005 946 ut

425 986 678 1057 superius
710 985 975 1041 diximus.

493 1079 623 1136 Cum
655 1077 997 1133 exterminati
1027 1076 1221 1145 fuerint
1249 1083 1573 1146 peccatores,
1606 1076 1820 1130 uidebis.
1859 1073 1999 1128 Mul-

421 1181 605 1228 torum
657 1169 1161 1241 pusillanimitatem
1219 1169 1516 1224 consolans
1560 1167 1852 1239 Propheta,
1906 1166 2000 1236 qui

421 1274 564 1331 :rgre
587 1258 833 1314 ferebant
862 1257 1029 1313 Deum
1063 1258 1327 1314 adversus
1374 1273 1572 1329 pravos
1603 1265 1754 1312 tanta
1786 1257 1864 1311 uti
1905 1271 1999 1325 pa-

421 1350 608 1404 tientia
634 1356 690 1404 et
722 1347 1154 1420 longanimitate,
1189 1348 1297 1403 ait:
1328 1346 1573 1413 Conﬁde,
1606 1348 1735 1418 quia
1767 1347 2001 1416 injusto-

420 1456 542 1494 rum
625 1453 692 1494 ac
774 1453 1069 1508 pravorum
1153 1438 1399 1492 omnium
1482 1437 1997 1493 exterminationem

420 1533 674 1598 videbis;
731 1539 788 1586 et
830 1542 1140 1586 sermonem
1171 1543 1332 1585 suum
1364 1529 1652 1584 conﬁrmat
1675 1544 1740 1583 ex
1780 1528 1848 1584 iis
1878 1544 1999 1599 quae

420 1626 538 1695 ipse
566 1623 725 1677 vidit.
759 1622 848 1675 Ait
882 1622 1028 1675 enim
1060 1639 1077 1676 :

492 1712 660 1768 Vens.
693 1712 783 1767 55.
820 1711 940 1767 Vidi
976 1712 1198 1780 impium
1226 1710 1699 1779 superemltatum,
1747 1719 1796 1764 et
1825 1710 1996 1765 eleva-

2106 613 2270 679 αὔτα,
2304 615 2417 672 τοῖς
2445 612 2663 676 πολλοῖς
2688 608 2758 685 ἧν
2809 613 3285 684 περισπούδαστα·
3338 614 3461 678 ταῖς
3517 616 3672 684 ἑπαγ-

2105 693 2314 774 γελίαις
2360 704 2471 757 τῶν
2502 704 2764 759 τοιούτων
2796 706 2876 770 είς
2899 706 3102 777 ἀρετὴν
3141 705 3539 777 προτρέπεται.
3580 710 3671 764 Καὶ

2104 798 2243 867 αὕτη
2290 796 2391 866 μὲν
2422 797 2624 867 ήαίτία
2654 796 2749 851 τοῦ
2776 797 3033 861 πολλάκις
3070 796 3492 853 ὲπανακυκλοῦν
3517 800 3668 855 αὐτά*

2102 890 2349 945 νοοῦνται
2388 890 2444 944 δὲ
2475 892 2589 954 τοῖς
2633 890 2991 962 ὑψηλοτέροις
3020 890 3355 963 ὑψηλότερα,
3402 889 3481 955 ὡς
3502 893 3669 961 προεί-

2104 999 2175 1036 πο
2182 1000 2310 1050 μεν..

2179 1080 2282 1131 Ἐν
2332 1077 2413 1142 τῷ
2469 1078 2969 1145 ἐξολοθρεύεσθαι
3013 1077 3410 1145 ἁμαρτωλοὺς
3428 1118 3443 1141 ,
3525 1077 3665 1145 ὄψει.

2103 1167 2611 1239 Παραμυθούμενος
2675 1168 2775 1236 τὴν
2837 1167 3206 1237 μικροψυχίαν
3266 1167 3379 1219 τῶν
3453 1167 3666 1233 πολλῶν,

2100 1259 2514 1330 δυσφορούντων
2569 1259 2663 1311 ἐπὶ
2726 1258 2835 1309 τῶν
2894 1255 3150 1329 πονηρῶν
3206 1257 3537 1328 ἀνεξικακίᾳ
3588 1258 3667 1312 τοῦ

2099 1350 2258 1416 θεοῦ,
2295 1354 2460 1419 φησὶν
2485 1351 2566 1404 ὅτι
2603 1349 2812 1421 Θάρρει
2845 1366 2860 1381 ο
2906 1350 3029 1420 ὄψει
3070 1355 3179 1422 γὰρ
3216 1350 3317 1423 τὴν
3377 1347 3668 1423 ὲεολόθρευ-

2106 1461 2191 1497 σιν
2215 1443 2326 1497 τῶν
2362 1443 2730 1514 ἁμαρτωλῶν.
2767 1443 3063 1499 Πιστοῦται
3096 1443 3207 1516 γὰρ
3260 1445 3354 1499 τιν
3414 1442 3575 1514 λόγον
3618 1447 3665 1514 ἐξ

2097 1530 2174 1589 ὧν
2223 1536 2385 1600 αὐτὸς
2415 1533 2587 1590 οἶδενο
2610 1536 2812 1605 ἐπάγει
2844 1537 2957 1608 γάρ
2988 1554 3004 1570 ο

2168 1707 2350 1766 Εἶδον
2380 1712 2492 1766 τὸν
2515 1710 2707 1781 ἀσεϐῆ
2731 1713 3236 1782 ὑπερυψούμενον
3284 1711 3385 1766 καὶ
3445 1712 3664 1781 ἐπαιρό-

419 1819 532 1861 tum
578 1807 717 1860 sicut
776 1806 959 1858 cedro:
1007 1801 1219 1857 Libani.
1274 1802 1396 1872 Ipse
1457 1801 1675 1872 quidem
1722 1801 1986 1873 Propheta

2109 1819 2282 1857 ιιενον
2308 1802 2388 1869 ὡς
2421 1803 2528 1868 τὰς
2560 1802 2814 1870 κέδρους
2839 1802 2945 1857 τοῦ
2992 1801 3277 1857 Λιϐάνου.
3334 1802 3512 1867 Αὐτὸς
3576 1804 3662 1873 μὲν

419 1898 701 1955 indeﬁnite
753 1896 980 1966 impium
1041 1893 1203 1959 dixit,
1243 1861 1343 1948 nos
1383 1861 1566 1948 tanien
1596 1861 1861 1959 Goliath',
1898 1901 1986 1948 aut

2109 1894 2308 1962 ὶδήλως
2338 1861 2430 1946 τον
2455 1861 2628 1964 ἀσεϐῆ
2658 1861 2831 1947 ἐιπεῖ
2865 1892 3098 1963 νοοῦμεν
3120 1894 3179 1948 δὲ
3222 1894 3317 1949 τὸν
3377 1861 3592 1959 Γολιὰθξ
3633 1898 3658 1964 ἦ

417 1990 635 2046 Saulem
684 1987 986 2056 intelligere
1017 1999 1329 2054 pessumus,
1363 1996 1457 2038 aut
1493 1983 1636 2039 Naas
1661 1984 1992 2050 Amanilem,

417 2090 511 2138 aut
549 2082 685 2136 alios
726 2077 1071 2148 hujusmodi,
1116 2092 1352 2147 quorum
1385 2076 1566 2147 primo
1601 2077 1989 2132 exaltationem

417 2176 574 2240 vidit,
602 2182 658 2229 et
696 2170 895 2229 deinde
937 2170 1388 2225 destructionem.
1422 2167 1486 2222 lit
1535 2168 1679 2238 quod
1719 2167 1797 2223 ait
1830 2207 1845 2232 ,
1884 2167 1992 2224 Su-

412 2268 824 2336 perexaltatum,
850 2278 881 2317 a
903 2261 1139 2318 subditis
1196 2270 1360 2331 atque
1399 2262 1471 2317 ab
1503 2260 1628 2317 aliis
1678 2260 1991 2315 hominibus

413 2358 879 2430 superexaltatum
915 2355 1162 2425 intellige
1193 2368 1209 2419 ;
1240 2353 1512 2408 elevatum
1556 2366 1688 2407 vero
1716 2368 1743 2404 a
1780 2368 1839 2406 se
1868 2351 1990 2421 ipso

408 2463 466 2509 et
519 2454 668 2508 (astu
720 2449 961 2529 proprio,
1010 2446 1231 2502 tametsi
1284 2455 1517 2515 utraque
1565 2442 1807 2499 dictione
1845 2443 1986 2497 idem

2096 1986 2189 2038 τὸν
2222 1985 2414 2048 Σαοὺλ,
2444 1985 2489 2057 ἢ,
2511 1986 2667 2050 Ναὲις
2695 1986 2786 2039 τὸν
2829 1986 3146 2057 ’Δμανίτην,
3194 1985 3229 2057 ἢ
3276 1984 3471 2048 ἄλλους
3503 1987 3659 2040 τοιού.

2094 2095 2245 2142 τους,
2281 2071 2356 2132 ὧν
2392 2075 2502 2132 εἶδε
2530 2080 2626 2132 καὶ
2655 2078 2754 2150 τὴν
2792 2078 3050 2149 ἔπαρσιν,
3083 2080 3179 2132 καί
3207 2080 3307 2150 τὴν
3361 2096 3654 2150 καταστρο·

2098 2171 2205 2241 φήν
2233 2186 2246 2201 ⁸
2282 2169 2733 2240 ὑπερικῖιυύμενον
2773 2171 2893 2242 μὲν,
2925 2170 3028 2224 ὑπὸ
3048 2170 3158 2225 τῶν
3176 2171 3438 2243 ὑπηκόων
3474 2189 3490 2202 ·
3524 2173 3657 2226 ἐπαι-

2098 2262 2326 2332 ρόμενον
2351 2262 2429 2325 δὲ,
2461 2261 2695 2315 οἴκοθεν.
2729 2263 2801 2315 Ἢ
2831 2262 2927 2315 καὶ
2945 2261 3115 2331 ἄμφω
3132 2262 3329 2316 ταύτὸν
3365 2262 3433 2315 ὲκ
3467 2263 3657 2332 παραλ-

2093 2354 2260 2424 λήλου
2291 2353 2531 2421 δηλοῦσι.
2574 2354 2707 2417 Ταῖς
2737 2354 2950 2425 κέδροις
2977 2353 3035 2407 δὲ
3056 2352 3221 2408 αὐτὸν
3265 2353 3654 2418 ἁπείκασε,διὰ

2092 2444 2153 2496 τὸ
2181 2445 2431 2516 ἄκαρπον
2460 2444 2593 2516 ὕψος
2624 2447 2719 2500 καὶ⁸
2752 2449 2853 2517 τὴν
2889 2447 3136 2518 πικρίαν.

410 2558 707 2618 possumus
736 2543 902 2598 etiam
932 2539 1257 2610 intelligere.
1303 2535 1499 2593 Cedris
1528 2543 1712 2590 autem
1754 2536 1983 2607 impium
2016 2538 2383 2608 comparavit,
2414 2552 2482 2594 eo
2507 2539 2653 2610 quod
2684 2539 2809 2594 altae
2867 2548 3016 2605 sunt,
3060 2548 3116 2595 et
3179 2539 3553 2605 infructuosa,
3608 2545 3655 2589 et

410 2653 576 2697 SUCCO
608 2650 818 2692 amaro.

480 2738 650 2794 Vsus.
682 2735 773 2791 56.
803 2732 870 2788 Et
911 2731 1250 2802 perlransivi,
1282 2738 1332 2784 et
1364 2744 1479 2784 ecce
1506 2744 1610 2783 non
1634 2736 1771 2781 erat.
1804 2720 1986 2786 Modo.

410 2832 613 2905 inquit,
644 2829 796 2884 illum
831 2841 954 2882 sese
1004 2823 1331 2895 gloriantem
1375 2821 1584 2888 dimisi,
1626 2818 1993 2891 pertransivi,

409 2937 468 2982 et
525 2923 709 2980 statim
759 2920 1000 2975 evanuit.
1053 2916 1231 2970 Dictio
1261 2914 1407 2969 enim
1437 2928 1576 2978 ecce,
1623 2910 1728 2967 hoc
1760 2911 1814 2965 in
1845 2912 1990 2975 loco,

408 3017 594 3074 statim
627 3012 922 3085 signiﬁcat.

479 3112 549 3164 Et
597 3104 811 3177 quaesivi
849 3118 990 3163 eum,
1032 3107 1213 3153 etnon
1248 3107 1323 3151 est
1372 3096 1610 3151 inventus
1657 3095 1801 3150 locus
1846 3095 1982 3163 ejus.

2169 2723 2280 2779 Kal
2308 2724 2642 2793 παρῆλθον,
2674 2724 2772 2778 καί
2820 2721 2954 2780 ιδοὺ
3002 2725 3116 2779 οὐκ
3167 2720 3267 2795 ἦν.
3335 2725 3444 2778 Καὶ
3484 2724 3652 2794 ἀφῆκα

2091 2816 2281 2871 τοῦτον
2332 2816 2507 2880 οὕτως
2550 2816 2716 2887 ἔχειν,
2761 2815 2857 2869 καὶ
2902 2816 3066 2879 εὐθὺς
3121 2815 3224 2871 οὐκ
3275 2814 3419 2887 ἔζη·
3448 2816 3509 2870 τὸ
3535 2816 3653 2887 γὰρ,

2094 2910 2250 2976 ἰδοὺ,
2282 2909 2344 2964 τὸ
2363 2908 2527 2971 εὐθὺς
2555 2909 2790 2964 ἐνταῦθα
2826 2909 3111 2982 σημαίνει.

2152 3088 2260 3143 Καὶ
2310 3087 2574 3158 ἐζήτησα
2619 3089 2828 3154 αὐτὸν,
2879 3090 2979 3143 καὶ
3005 3090 3121 3158 οὐχ
3164 3088 3382 3157 εὑρέθη
3415 3091 3450 3143 ό
3476 3090 3641 3153 τόπος

406 3199 473 3255 Et
507 3176 635 3252 inde
664 3195 731 3249 ad
761 3201 981 3261 tempus
1005 3189 1334 3260 cogitatione
1363 3185 1594 3257 quaesivi
1618 3202 1741 3241 eum
1773 3183 1982 3250 videre,

2109 3177 2292 3233 ιὺτοῦ.
2326 3176 2430 3232 Καὶ
2477 3177 2617 3247 μετὰ
2647 3180 2840 3247 καιρδν
2871 3177 2951 3249 τῷ
2994 3178 3244 3248 λογισμῷ
3303 3177 3544 3249 ἐζήτησα
3566 3178 3647 3230 αὺ-

408 3302 463 3346 et
493 3306 605 3345 non
634 3298 719 3343 est
758 3288 1016 3340 inventus
1046 3282 1199 3335 locus
1218 3279 1336 3349 ejus
1364 3295 1379 3345 ;
1409 3278 1564 3333 locus
1586 3278 1868 3342 nimirum,
1891 3276 1986 3346 qui

411 3380 614 3437 alicubi
680 3394 804 3435 eum
869 3375 1227 3429 exsistenlem
1304 3372 1630 3426 contineret.
1697 3366 1987 3433 Quomodo

405 3473 551 3528 enim
579 3469 911 3529 invenietur,
945 3478 1070 3518 eum
1110 3474 1219 3514 non
1250 3460 1322 3514 sit
1344 3456 1478 3513 ‘lVel
1509 3474 1605 3528 per
1651 3458 1830 3512 locum
1862 3458 1987 3526 ejus

407 3578 610 3635 corpus
638 3563 812 3632 ipsum
852 3556 1115 3624 intelligo,
1148 3552 1301 3622 quod
1332 3562 1491 3604 antea
1517 3550 1715 3603 anima:
1751 3548 1988 3604 domici-

2086 3272 2178 3328 τὸν
2208 3272 2359 3336 ἰδεῖν,
2384 3272 2479 3325 καὶ
2511 3272 2610 3342 οὐχ
2637 3271 2840 3343 εὑρέθη
2869 3274 2898 3325 ό
2953 3273 3118 3335 τόπος
3157 3270 3349 3336 αὑτοῦ,
3401 3273 3431 3324 ό
3487 3271 3649 3340 περιέ-

2091 3386 2201 3439 χων
2228 3367 2511 3433 αὑτὸν,ὡς
2556 3368 2707 3421 ὄντα.
2762 3367 2887 3432 Πῶς
2927 3370 3041 3437 γὰρ
3096 3368 3321 3437 εὑρέθη,
3386 3369 3462 3437 μὴ
3512 3366 3644 3428 δντος

2088 3458 2258 3513 αὑτοῦ
2285 3476 2300 3527 ;
2353 3460 2424 3512 Ἢ
2454 3460 2621 3513 τόπον
2646 3456 2814 3514 αὑτοῦ
2840 3460 2900 3513 τὸ
2936 3459 3096 3527 σῶμα
3145 3459 3495 3530 ὑποληπτέον
3522 3475 3534 3487 '
3577 3452 3645 3511 οἴ-

2090 3567 2184 3614 κος
2211 3550 2319 3620 γὰρ
2340 3549 2501 3603 τοῦτο
2536 3550 2637 3620 τῆς
2660 3549 2839 3621 ψυχῆς
2877 3550 2958 3616 ὃν,
2982 3552 3263 3604 διαλύεται
3295 3552 3492 3604 σαπέν.

407 3661 539 3712 lium
564 3663 703 3717 erat,
738 3660 792 3706 et
859 3657 1050 3719 postea
1127 3640 1529 3712 putrefactione
1575 3639 1906 3696 dissolutum
1947 3648 2050 3696 est.
2096 3639 2202 3713 [Si
2231 3657 2469 3712 quaeres,
2508 3656 2577 3697 an
2612 3643 2809 3699 habeat
2861 3644 3062 3708 lucum,
3112 3645 3323 3698 ηυιιηηι
3377 3642 3641 3699 ίηνθυῖεςς

406 3752 720 3809 mansiones
776 3745 921 3800 enim
973 3755 1164 3797 eorum
1207 3738 1471 3792 dicuntur
1518 3735 1614 3807 qui
1673 3736 1976 3791 salvantur.
2010 3733 2146 3791 Nam
2179 3752 2372 3794 eorum
2401 3739 2497 3808 qui
2532 3747 2783 3809 pereunt,
2815 3739 3059 3808 gelienna
3085 3778 3103 3804 ,
3171 3739 3254 3794 vel
3332 3738 3641 3807 ltujusmodi.

407 3844 648 3906 hominis
694 3854 804 3895 non
850 3835 1052 3891 dicitur
1093 3847 1217 3888 esse
1253 3830 1406 3887 locus
1457 3828 1681 3900 aliquis,
1719 3829 1816 3884 sed
1857 3827 2109 3899 perditio.
2146 3829 2167 3904 ]

472 3939 641 3993 Vsus.
675 3933 766 3988 57.
818 3929 1038 3985 Custodi
1070 3924 1458 3981 innocentiam.
1487 3953 1554 3966 --
1580 3920 1985 3993 Simplicitatent

404 4033 545 4089 dixit
575 4023 965 4098 Symmachus.

480 4122 546 4179 Et
576 4119 701 4175 vide
719 4113 1113 4171 reetiludinem.
1136 4109 1401 4174 Observa,
1426 4108 1626 4181 inquit,
1685 4116 1744 4163 ut
1798 4117 1984 4164 rectus

406 4216 486 4272 sis
516 4212 598 4286 [et
637 4217 784 4265 recte
816 4203 1113 4277 ambules].

480 4304 749 4373 Quoniam
788 4298 1024 4368 reliquiae
1047 4305 1175 4350 sunt
1199 4293 1403 4348 homini
1423 4295 1672 4365 paciﬁca.
1696 4293 1984 4364 Reliquias

409 4395 729 4454 memoriam
758 4391 998 4463 appellat
1024 4406 1039 4454 ;
1071 4387 1186 4442 haec
1215 4397 1396 4441 autem
1428 4386 1633 4457 duplici
1660 4385 1821 4441 modo
1850 4399 1984 4440 con-

2152 3924 2444 3980 Φύλασσε
2483 3925 2762 3980 ἀκακίαν.
2796 3956 2866 3967 -
2897 3924 3224 3994 Ἀπλότητα
3248 3923 3404 3978 εἶπεν
3453 3926 3481 3977 ὁ
3518 3922 3639 3980 Σύὲν

2129 4036 2286 4080 αἵος.

2129 4037 2163 4072 α
2204 4036 2286 4080 ος.

2083 4036 2123 4088 μ
2152 4037 2261 4165 lia!
2295 4108 2388 4165 ἴδε
2418 4110 2739 4180 εὐθύτητα.
2784 4105 2895 4163 Καὶ
2923 4108 3165 4181 τήρησον
3209 4108 3312 4178 τὴν
3368 4109 3635 4181 ὀρθότητα.

2157 4298 2287 4351 Ὅτι
2311 4298 2485 4352 ἐστὶν
2509 4296 2952 4367 ἐγκατάλειμμα
3003 4293 3296 4362 ἀνθρώπῳ
3355 4286 3636 4364 είρηνικῷ.

2100 4390 2555 4460 Ἐγκατάλειμμα
2582 4388 2732 4457 λέγει
2750 4387 2809 4440 τὸ
2841 4388 3187 4457 μνημόσυνον
3209 4402 3222 4416 ’
3256 4385 3419 4440 τοῦτο
3468 4384 3524 4438 δὲ
3548 4384 3637 4437 διυ-

406 4496 659 4547 servatur
689 4525 707 4554 ,
765 4497 863 4557 per
924 4481 1130 4547 prolem
1187 4479 1489 4545 videlicet,
1549 4486 1605 4534 et
1672 4493 1766 4550 per
1835 4479 1980 4534 bona

2109 4483 2175 4536 τόν
2206 4484 2353 4535 ἐστιν
2382 4498 2394 4512 ·
2415 4481 2453 4553 ἢ
2480 4482 2539 4534 ἑν
2581 4479 2915 4551 παιδοποιίᾳ,
2941 4477 2974 4530 ἢ
3001 4480 3058 4531 ὲν
3088 4474 3451 4549 ἀγαθοεργεᾳ.

404 4595 641 4725 ορῖῖῖίε.
675 4667 765 4722 58.
794 4664 973 4735 Iniqui
1007 4671 1183 4717 autem
1233 4661 1729 4716 exterminabuntur
1771 4662 1828 4715 in
1867 4661 1962 4715 idi-

402 4777 578 4832 psum.
619 4770 688 4801 -‘-
710 4755 776 4812 In
800 4755 1029 4825 idipsum
1057 4754 1200 4809 idem
1239 4763 1345 4820 est,
1378 4754 1527 4825 quod
1575 4768 1705 4819 una,
1738 4753 1843 4808 hoc
1872 4758 1976 4817 est,

406 4854 569 4912 simul
597 4866 722 4908 cum
745 4864 933 4906 eorum
954 4846 1238 4902 memoria.
1259 4845 1419 4912 Quod
1455 4846 1511 4900 iu
1542 4843 1793 4913 sequenti
1813 4844 1977 4899 etiam

405 4945 679 5005 versiculo
705 4941 874 5013 magis
902 4938 1222 5005 declaravit,
1246 4938 1436 4994 dicens
1467 4955 1483 4991 :

474 5038 730 5108 Reliquus
759 5035 1041 5104 impiorum
1079 5031 1588 5087 exterminabuntur.
1630 5027 1734 5083 Per
1761 5026 1982 5097 impios,

405 5145 603 5204 pravos
628 5141 820 5184 omnes
854 5124 1145 5194 intelliges.

476 5224 643 5278 Vens.
673 5221 766 5285 59,
802 5219 892 5274 40.
926 5216 1088 5273 Salus
1124 5229 1299 5270 autem
1345 5214 1611 5287 iustorum
1651 5229 1685 5267 a
1730 5210 1976 5278 Domino,

403 5329 452 5373 et
488 5321 598 5387 ipse
633 5308 896 5385 protector
910 5327 1090 5366 eorum
1109 5317 1188 5363 est
1220 5309 1274 5361 in
1315 5317 1543 5376 tempore
1570 5304 1929 5359 tribulationis
1959 5319 1978 5357 :

401 5420 450 5466 et
482 5407 751 5481 adjuvabit
776 5423 864 5461 eos
903 5404 1182 5465 Dominus,
1210 5409 1259 5454 et
1298 5397 1543 5453 liberabit
1569 5414 1675 5461 eos,
1714 5406 1764 5450 et
1791 5396 1973 5465 eripiet

399 5518 489 5556 eos
512 5518 542 5553 a
566 5495 931 5568 peccatoribus
955 5534 970 5557 ,
999 5501 1049 5546 et
1083 5491 1304 5546 salvabit
1352 5507 1463 5557 eos,
1508 5490 1756 5559 quoniam
1793 5503 1973 5557 spera-

400 5601 585 5648 rerunt
621 5592 673 5643 in
718 5604 858 5642 eum.
912 5583 1046 5638 Vide
1095 5597 1256 5652 quam
1293 5582 1441 5636 varie
1483 5595 1546 5635 ac
1597 5579 1974 5650 multipliciter

401 5686 553 5739 varia
581 5696 646 5735 ac
691 5676 1016 5748 multiplicia
1041 5674 1244 5728 auxilia
1279 5672 1642 5740 anuuntiavit,
1673 5688 1796 5743 quae
1829 5671 1974 5728 Deus

399 5780 437 5848 j;
463 5780 565 5831 stis
599 5770 933 5842 impcrtitur.
959 5766 1108 5821 Varii
1136 5767 1282 5821 enim
1318 5775 1448 5821 sunt
1484 5781 1675 5822 eorum
1724 5765 1890 5829 modi,
1918 5773 1973 5821 et

401 5867 552 5926 varie
582 5861 1051 5928 administrantur,
1095 5858 1252 5931 juxta
1273 5860 1478 5915 variam
1516 5875 1578 5916 ac
1610 5857 1968 5930 multiplicem

2152 4661 2216 4712 οι
2275 4656 2343 4710 δὲ
2399 4654 2734 4725 παράνομοι
2787 4648 3409 4722 ἐξολοθρευθήσονται
3466 4652 3633 4706 entra-

2081 4750 2251 4805 αυτό.
2286 4779 2356 4789 -
2421 4745 2794 4806 Ἐπιτοαυτὸ,
2857 4744 2979 4798 ἀντὶ
3025 4745 3140 4810 τοῦ,
3210 4743 3381 4814 Ὁμοῦ
3436 4744 3530 4798 σὺν
3570 4743 3633 4811 τῷ

2085 4838 2420 4913 μνημοσύνῳ
2449 4837 2703 4901 αὐτῶν,ὂ
2749 4837 2844 4888 καὶ
2881 4834 2971 4889 διὰ
3018 4835 3114 4889 τοῦ
3178 4834 3312 4905 ἑξῆς
3363 4836 3633 4907 ἐσαφήνισε

2083 4930 2289 5001 στίχου,
2321 4929 2492 4984 εἰπών
2518 4944 2532 4958 ·
3484 4970 3487 4973 .

2158 5018 2240 5078 Τὰ
2256 5020 2769 5091 ἐγκαταλεὶμματα
2805 5014 2924 5072 τῶν
2952 5016 3191 5072 ἀσεϐῶν
3226 5014 3635 5085 ἐξολοθρευθή·

2081 5130 2315 5171 σονται.
2356 5111 2601 5174 Ἀσεσεῖς
2621 5110 2734 5163 νόει
2766 5109 2976 5172 πάντας
3002 5109 3130 5171 τοὺς
3156 5108 3453 5178 πονηρούς.

2152 5206 2418 5275 Σωτήρια
2473 5204 2543 5257 δὲ
2605 5202 2726 5256 τῶν
2762 5201 3007 5255 δικαίων
3060 5198 3225 5269 παρὰ
3268 5200 3509 5268 Κυρίου,
3550 5197 3633 5251 καί

2077 5296 2536 5370 ὑπερασπιστὴς
2561 5292 2763 5350 αὐτῶν
2802 5294 2973 5348 ἐστιν
3015 5293 3087 5346 ὲν
3136 5292 3323 5361 καιρῷ
3374 5292 3632 5361 θλίψεως,

2078 5393 2179 5448 καὶ
2204 5391 2505 5462 βοηθήσει
2533 5391 2737 5458 αὐτοῖς
2765 5392 3001 5461 Κύριος,
3021 5390 3122 5446 καὶ
3134 5392 3389 5460 ῥύσεται
3413 5388 3631 5454 αὐτοὺς,

2079 5486 2178 5540 καί
2203 5485 2493 5552 ὲξελεῖται
2520 5484 2742 5551 αὐτοὺς
2783 5485 2852 5550 ἐξ
2902 5483 3285 5554 ἁμαρτωλῶν,
3340 5485 3439 5539 καὶ
3471 5483 3630 5538 σώσει
3661 5553 3675 5559 ’

2080 5577 2324 5645 αὐτοὺς,
2376 5577 2467 5632 ὅτι
2514 5578 2788 5646 ἤλπισαν
2840 5576 2935 5631 ἐπ’
2982 5578 3191 5631 αὐτόν.
3224 5577 3370 5647 Ὅρα
3417 5577 3526 5638 πῶς
3548 5574 3629 5641 τὴν

2083 5670 2337 5741 ποικίλην
2370 5673 2524 5740 παρὰ
2547 5669 2683 5723 Θεοῦ
2724 5668 2834 5722 τῶν
2869 5668 3100 5722 δικαίων
3150 5667 3437 5739 ἀντίληψιν
3476 5661 3624 5718 ποικί-

2082 5764 2190 5828 λως
2217 5763 2521 5833 ἀπήγγειλε
2548 5779 2562 5793 ο
2584 5762 2837 5834 διάτοροι
2868 5761 2978 5832 γὰρ
3001 5762 3050 5815 οἱ
3086 5759 3296 5833 ταύτης
3322 5759 3523 5832 τρόποι,
3546 5757 3622 5807 καὶ

2081 5854 2357 5926 διαφόρως
2378 5852 2786 5925 ἐνεργούμενα,
2823 5852 2967 5906 κατὰ
2995 5850 3097 5923 τὴν
3128 5846 3509 5905 πολυποίκιλον
3542 5838 3623 5896 τοῦ
