3866 6552
230 395 345 461 437

1393 403 1785 469 COMMENT.
1830 407 1914 467 ΙΝ
1954 404 2317 467 PSALMOS.

3377 386 3487 451 438

306 508 417 563 Kal
445 507 484 575 ἠ
510 508 790 578 ἀλγηδών
803 527 923 580 μου
943 510 1202 567 ἐνώπιόν
1233 517 1352 584 μού
1382 516 1510 571 ἐστι
1545 515 1643 570 διὰ
1671 533 1818 573 παν-

1993 518 2062 573 Ει
2098 518 2255 573 dolor
2283 530 2428 575 meus
2455 516 2512 570 in
2552 524 2827 582 conspectu
2887 526 2996 564 meo
3036 517 3114 563 est
3154 521 3380 576 semper.
3438 507 3500 559 li!

229 603 359 670 τός.
398 603 511 657 Καὶ
541 603 577 673 ἡ
611 603 804 675 μιήμη
832 606 930 674 τῆς
960 607 1239 679 ἁμαρτιας
1271 626 1395 677 μου.
1427 611 1463 682 ἠ
1511 610 1821 679 ἀλγύνουσά

232 711 329 763 με.
362 693 470 765 πρὸ
494 695 788 765 ὀφθαλμῶν
822 696 927 767 μού
959 699 1254 763 iactv-aet,
1285 701 1572 768 νύττουσα,
1605 703 1701 756 καὶ⁵
1719 702 1822 757 οὐκ

231 786 584 861 ἐπελαθόμην
612 788 837 858 ταύτης.
865 789 942 854 ὥς
967 809 1051 855 τις
1076 792 1400 863 ἀνάλγητος.

1925 610 2349 664 commissorum
2365 621 2493 662 ame
2507 605 2829 661 delictorum
2853 601 3137 663 memoria,
3153 614 3275 669 quae
3287 611 3504 653 summo

1929 715 2016 754 me
2042 699 2230 754 dolore
2259 696 2442 759 allicit,
2473 711 2688 767 semper
2720 694 2855 748 mihi
2885 701 3011 747 ante
3062 692 3254 748 oculos
3282 701 3505 759 penna.

1928 801 2021 847 net
2054 810 2068 847 :
2101 805 2303 863 urgens
2336 789 2594 843 nimirum
2630 801 2695 841 ac
2745 785 3034 842 stimulans
3059 823 3073 845 .
3126 796 3309 850 neque
3356 777 3502 833 enim

1807 896 1817 905 ‘
1928 898 2118 938 eorum
2177 881 2382 937 oblitus
2417 896 2561 938 sum.
2596 878 2761 935 veluti
2814 877 2860 933 is
2904 876 2998 949 qni
3054 874 3273 930 dolores
3322 871 3507 925 nullos

309 1051 443 1106 Ὀτι
472 1053 591 1121 τὴν
633 1054 893 1124 ἀνομίαν
908 1075 1029 1125 μου
1051 1058 1168 1129 ἐγὼ
1192 1060 1522 1130 cis-arrexit.
1556 1062 1699 1119 Διότι
1722 1063 1822 1134 τὴν

233 1140 517 1213 ἁμαρτίαν
542 1160 645 1215 μου
679 1143 790 1214 ἐγὼ
805 1145 1170 1218 δημοσιεύσω.
1205 1150 1299 1204 καὶ⁵
1324 1154 1628 1222 κατήγορος
1652 1154 1823 1223 ἐμαυ-

230 1232 327 1286 τρῦ
362 1235 693 1306 γενήσομαι.

302 1327 419 1383 Kal
464 1331 816 1400 μεριμνήσω
867 1334 1022 1403 ὑπὲρ
1055 1334 1168 1404 τῆς
1219 1338 1506 1407 ἁμαρτίας
1536 1357 1674 1408 μου.
1710 1338 1824 1393 Καὶ

234 1418 513 1487 φροντίσω
560 1423 660 1493 τῆς
693 1423 939 1495 ἰατρείας
983 1426 1559 1504 αὐτῆςηἊδιαφόρως
1606 1431 1663 1484 δὲ
1699 1410 1863 1484 ἀνθ-ί

235 1508 369 1578 μίαν
394 1511 492 1564 καὶ
516 1512 790 1583 ἁμαρτίαν
817 1516 887 1570 τὰ
914 1516 1362 1589 πλημμελήματα
1386 1520 1678 1589 κέκληκεν.

307 1602 375 1656 οι
426 1601 496 1656 δὲ
520 1603 719 1672 ἐχθροὶ
740 1623 861 1675 μου
894 1608 1090 1670 ζῶσιν.
1137 1611 1203 1664 υἱ
1260 1610 1338 1681 τῷ
1381 1611 1705 1683 Ἀὅεσαλὼμ
1731 1630 1824 1667 συ-

236 1694 685 1765 στρατευόμενοι.
755 1699 914 1755 Ζῶσι
967 1701 1046 1770 δὲ,
1111 1703 1235 1757 ἀντὶ
1303 1703 1420 1770 τοῦ,
1488 1706 1823 1778 Ἕρῤωνται.

235 1784 644 1857 ἀσθενήσαντος
683 1792 841 1863 ἐμοῦ.
1440 1792 1449 1800 ’

1930 973 2184 1029 sentiam.

1958 1082 1973 1091 ‘
2002 1064 2167 1120 Vsus.
2197 1065 2283 1120 l9.
2318 1064 2586 1133 Quoniam
2617 1063 2948 1136 iniquitatem
2981 1076 3150 1116 meam
3180 1077 3272 1131 ego
3298 1074 3508 1112 annun-

1930 1159 2093 1213 tiabo.
2121 1157 2259 1223 Quia
2291 1165 2574 1227 peccatum
2609 1173 2711 1228 ego
2751 1171 2930 1213 meum
2985 1153 3298 1226 publicabo.
3325 1160 3376 1207 et
3408 1151 3509 1205 ad-

1930 1268 2122 1307 versus
2156 1256 2537 1326 memetipsum
2563 1260 2857 1308 accusator
2878 1248 3155 1304 accedam.

2004 1344 2071 1399 Et
2113 1346 2357 1418 cogitabo
2385 1361 2480 1414 pro
2501 1353 2713 1415 peccato
2755 1358 2889 1397 meo.
2945 1339 3060 1395 Hoc
3097 1347 3204 1405 est,
3237 1336 3508 1393 sollicitus

1930 1452 2026 1492 ero
2065 1439 2134 1494 de
2171 1438 2442 1497 medicina
2477 1436 2713 1508 peccati.
2741 1432 3120 1490 lndiﬂcrentcr
3163 1440 3348 1486 autem
3403 1430 3509 1484 ini-

1930 1527 2193 1595 quitatem
2249 1537 2305 1582 et
2333 1532 2625 1595 peccatum
2662 1522 2845 1594 posuit
2885 1534 2984 1591 pro
3013 1519 3237 1576 delicto.

2002 1621 2168 1678 Vsus.
2201 1621 2295 1678 20.
2340 1619 2559 1675 Inimici
2595 1626 2771 1672 autem
2829 1617 2932 1671 mei
2961 1614 3159 1669 uiuunt.
3217 1610 3253 1665 li
3301 1604 3514 1665 scilicet

1931 1715 2023 1785 qui
2064 1714 2303 1769 militant
2325 1726 2452 1768 cum
2483 1710 2777 1767 Absalone.
2818 1708 3010 1763 Vi‘vunt
3039 1715 3246 1767 autem,
3278 1700 3384 1757 huc
3407 1710 3513 1764 est,

1931 1809 2190 1881 Potentes
2222 1812 2375 1869 sunt,
2400 1817 2503 1877 ego
2533 1813 2716 1859 autem
2751 1800 3022 1857 inﬁrmus.

305 1876 423 1931 Kal
463 1884 928 1949 κεκραταίωνται
972 1887 1126 1959 ὑπὲρ
1154 1889 1281 1959 ἐμέ.
1314 1890 1486 1948 Τοῦτο
1518 1892 1611 1947 τοῦ
1651 1892 1832 1955 ζῶσιν

1994 1876 2076 1951 Et
2110 1897 2273 1967 fortes
2315 1876 2452 1967 ﬁunt
2483 1910 2643 1966 super
2670 1909 2772 1949 me.
2795 1891 2974 1948 Verba
3005 1889 3120 1945 haec
3146 1886 3395 1954 proxime
3424 1900 3505 1957 sn-

237 1969 666 2040 ὲπεξηγητικόν.
722 1977 793 2031 Ἢ
824 1977 886 2031 τὸ
926 1980 1026 2050 μὲν
1078 1982 1298 2048 Ζῶσιν,
1329 1984 1455 2041 ἀντὶ
1476 1984 1572 2039 τοῦ
1617 1985 1830 2053 Ὑγιαί-

237 2079 396 2207 ζουσι
418 2081 433 2095 ’
463 2066 526 2118 τὸ
547 2066 605 2122 δὲ
637 2070 1133 2141 Κεκραταίωνται,
1182 2076 1309 2132 ἀντὶ
1329 2077 1425 2132 τοῦ
1461 2077 1833 2148 Ἐνεδυναμώ-

272 2172 447 2207 ησαν.

272 2172 447 2222 ησαν.
1397 2210 1401 2213 τ

299 2247 421 2300 Kal
445 2246 921 2319 ἐπληθύνθησαν
949 2258 1004 2310 οἱ
1018 2259 1349 2326 μισοῦντές
1367 2278 1444 2330 με
1480 2260 1719 2331 ἀδίκως.
1752 2263 1829 2316 Οὐ

244 2336 412 2403 μόνον
443 2338 579 2402 ζῶσι
631 2344 727 2398 καὶ
758 2348 1221 2416 κεκραταίωνται,
1273 2353 1410 2406 ἀλλὰ
1437 2354 1534 2408 καὶ
1561 2356 1835 2428 ἐπληθύν-

242 2431 425 2494 οησαν
450 2431 827 2504 αὐξανόμενοι.
895 2439 1118 2504 Ἀδίκως
1148 2443 1204 2496 δέ
1264 2446 1371 2499 εἰσι
1420 2446 1729 2516 μισοῦντες,
1757 2448 1835 2513 ὡς

242 2519 402 2583 οὐδὲν
433 2521 654 2592 εὔλογον
689 2527 947 2594 ἐγκαλεῖν
976 2531 1193 2602 ἔχοντες
1230 2538 1406 2591 αίτιον
1436 2536 1530 2591 τοῦ
1566 2538 1780 2608 μίσους.

322 2704 394 2753 Οἱ
435 2702 947 2776 ἀνταποδιδόντες
965 2728 1067 2777 μοι
1099 2712 1257 2765 κακὰ
1279 2712 1414 2766 ἀντὶ
1456 2712 1721 2782 ἀγαθῶν,
1741 2714 1838 2768 ἑν·-

245 2791 579 2849 διέὅαλλόι·
624 2815 736 2865 με,
796 2800 928 2854 ἐπεὶ
991 2804 1356 2860 κατεδίωκον
1413 2807 1834 2875 ἀγαθωσύνην.

249 2887 432 2942 Τοῦτο
460 2889 548 2944 διὰ
593 2891 687 2946 τὸν
724 2895 1077 2968 Ἀδεσαλώμ·
1137 2893 1292 2963 οὗτος
1339 2900 1445 2971 γὰρ
1476 2901 1838 2972 ἀμειϐόμενος

249 2983 353 3048 τὴν
400 2982 487 3045 εἰς
523 2983 683 3039 αὑτὸν
728 2987 1041 3058 ἀταθότητα
1087 2991 1180 3044 καὶ
1212 2993 1445 3063 στοργήν
1485 2995 1581 3048 τοῦ
1632 2996 1839 3067 πατρός

253 3072 443 3141 φθόνῳ
478 3076 572 3127 καὶ
599 3076 884 3150 ἐπιϐουλῇ,
909 3079 1213 3134 ὲνδιέὁαλεν
1256 3082 1420 3136 αὑτὸν
1445 3084 1596 3153 παρὰ
1622 3088 1733 3147 τοῖς
1762 3085 1840 3139 δι-

1931 1989 2199 2061 periorem
2253 1987 2583 2045 versiculum
2611 1983 2914 2041 declarant.
2966 1981 3061 2035 Vel
3117 1978 3342 2043 Vivunt,
3414 1977 3517 2031 hoc

1931 2087 2036 2146 est,
2066 2078 2184 2136 sani
2245 2093 2311 2135 ac
2354 2080 2492 2136 bene
2525 2075 2772 2132 valentes
2825 2079 2994 2137 sunt,
3046 2080 3103 2127 et
3158 2070 3323 2136 fortes
3354 2070 3514 2138 ﬁunt,

1932 2174 2037 2231 hoc
2070 2182 2175 2238 est,
2215 2178 2518 2243 augescunt
2543 2168 2780 2224 viribus.

2011 2266 2075 2323 Et
2109 2267 2446 2337 multiplicati
2476 2272 2598 2319 sunt
2620 2266 2713 2335 qui
2737 2263 2960 2318 oderunt
3000 2275 3081 2314 me
3133 2252 3350 2327 injuste.
3400 2251 3516 2308 Non

1934 2368 2145 2415 tantum
2175 2360 2368 2414 vivunt
2396 2365 2451 2412 et
2480 2355 2652 2412 fortes
2681 2356 2815 2410 llunt
2840 2393 2856 2414 .
2895 2351 2989 2407 sed
3037 2352 3181 2404 aucti
3229 2356 3283 2403 et
3330 2346 3519 2400 multi-

1935 2452 2124 2523 plicati
2153 2463 2305 2508 sunt.
2330 2449 2544 2519 injuste
2569 2455 2751 2503 autem
2780 2444 3016 2502 oderunt
3062 2457 3147 2496 me
3176 2482 3190 2507 ,
3220 2440 3349 2511 quia
3380 2439 3515 2495 nihil

1939 2548 2241 2618 legitimum
2294 2546 2538 2610 habent,
2581 2543 2637 2598 in
2689 2556 2803 2611 quo
2843 2553 2928 2594 me
2966 2550 3230 2592 accusare
3258 2533 3514 2605 possint,

1939 2651 2029 2694 aut
2057 2639 2261 2702 dicere,
2296 2638 2521 2707 dignum
2558 2634 2709 2692 odio.

2002 2730 2173 2786 Vsus.
2204 2729 2298 2783 2|.
2330 2727 2436 2794 Qui
2480 2724 2778 2780 retribuunt
2822 2721 2954 2777 mihi
2994 2719 3138 2775 mala
3182 2733 3279 2787 pro
3334 2716 3516 2776 bonis.

1939 2821 2284 2878 detrahebant
2309 2820 2463 2886 mihi,
2494 2818 2745 2886 quoniam
2779 2815 3033 2886 sequebar
3064 2813 3379 2866 bonitatem.
3404 2806 3520 2862 Hoc

1939 2915 2072 2970 dicit
2124 2923 2347 2985 propter
2400 2910 2735 2967 Absalouem
2766 2946 2783 2974 ,
2836 2907 2929 2977 qui
2993 2903 3317 2973 benignitati
3353 2909 3520 2971 atque

1941 3012 2111 3068 amori
2146 3022 2377 3080 paterno
2404 3006 2670 3063 invidiam
2698 3010 2864 3075 atque
2896 3000 3127 3058 insidias
3157 2998 3468 3068 rependens
3498 3033 3517 3059 ,

1943 3115 2150 3176 patrem
2182 3100 2645 3165 calumniabatur,
2685 3096 2839 3169 quasi
2869 3095 3118 3164 iniquum
3182 3100 3347 3161 atque
3377 3088 3524 3156 inju-

253 3164 590 3234 καζομένοις
626 3170 686 3223 ὲν
713 3173 832 3235 ταῖς
860 3172 1129 3243 κρίσεσιν,
1161 3174 1237 3237 ὡς
1266 3176 1451 3235 ἄδικον
1480 3179 1581 3230 καὶ
1604 3179 1838 3248 παράνο-

1950 3164 2088 3253 stum
2128 3208 2329 3265 regem,
2347 3191 2631 3247 attraltens
2658 3164 2825 3258 atque
2854 3185 3101 3242 alliciens
3132 3183 3233 3237 hoc
3262 3194 3421 3251 paeto
3448 3179 3516 3233 ad

256 3275 383 3324 μον,
438 3263 988 3335 προσεταιριζόμενος
1039 3266 1126 3320 ἀεὶ
1180 3268 1307 3330 τοὺς
1344 3268 1643 3333 τοιούτους,
1686 3269 1762 3332 ὡς
1805 3271 1838 3339 ἡ

1950 3263 2415 3355 conspirationem
2453 3296 2550 3337 eos
2582 3280 2675 3350 qui
2705 3278 2772 3333 ad
2819 3277 3001 3347 regale
3038 3275 3209 3346 patris
3248 3272 3519 3342 judicium

253 3351 367 3403 τῶν
418 3352 718 3409 Βασιλειῶν
759 3356 961 3422 ἐδίδαξε
999 3356 1201 3427 βίϐλος.
1265 3358 1635 3414 Ἐνδιέϐαλλον
1659 3359 1717 3414 δέ
1748 3377 1838 3429 με,

256 3444 417 3515 φησὶ,
453 3445 591 3500 διότι
637 3446 926 3518 ἐξεζήτουν
971 3452 1066 3503 καὶ
1110 3450 1368 3520 ἔστεργον
1420 3452 1521 3525 τὴν
1551 3453 1844 3523 ἀγαθωσύ-

255 3554 381 3606 νην.
415 3537 515 3591 καὶ
548 3537 649 3591 οὐκ
673 3538 865 3611 ἤθελον
898 3540 1150 3595 κακῶσαι
1177 3543 1360 3605 αὑτὸν,
1397 3543 1540 3599 οὔτω
1564 3544 1845 3616 διακείμε-

255 3646 349 3682 νον
370 3646 386 3661 ·
419 3627 676 3684 ἐντεῦθεν
702 3631 809 3702 γὰρ
833 3630 1071 3702 ηὔξησεν
1094 3632 1191 3704 τὴν
1214 3633 1498 3706 πονηρίαν,
1523 3636 1619 3690 καὶ
1643 3638 1846 3709 μοχθητ

259 3724 488 3795 ρίτερος
516 3724 756 3794 γέγονεν.
804 3725 874 3779 Ἦ
899 3726 1262 3798 ἀγαθωσύνην
1302 3728 1535 3783 ἐνταῦθα
1565 3730 1716 3800 λέγει
1746 3731 1845 3804 τὴν

257 3814 637 3886 δικαιοσύνην.
677 3816 969 3889 Ἐλοιδόρει
994 3818 1102 3887 γάρ
1133 3835 1224 3889 με,
1244 3820 1402 3891 φησὶ,
1417 3820 1552 3875 διότι
1575 3840 1847 3894 προτιμη-

257 3904 390 3961 τέαν
423 3904 681 3978 ἡγούμην
733 3908 833 3978 τὴν
888 3907 1260 3980 δικαιοσύνην,
1311 3911 1408 3966 καὶ
1449 3911 1550 3983 οὐχ
1580 3912 1658 3976 ὡς
1681 3913 1846 3980 αὐτὸς

259 3998 503 4069 ἠγάπων
528 3997 628 4069 τὴν
653 3999 893 4058 ἀδικίαν.
1212 4027 1255 4056 χ

335 4185 436 4254 Μὴ
488 4184 903 4254 ἐγκαταλίπῃς
941 4203 1042 4254 με.
1097 4186 1275 4255 Κύριε
1323 4190 1358 4243 ὁ
1397 4189 1541 4257 Bede
1569 4208 1712 4260 μου,
1757 4190 1845 4260 μὴ

259 4277 546 4349 ἀποστῇς
565 4278 668 4333 ἀπ’
695 4278 859 4348 ἐμοῦ.
898 4277 1241 4350 Μεμόνωμαι
1266 4281 1375 4352 γὰρ
1400 4281 1691 4352 ἀξιολόγου
1710 4301 1851 4356 συμ-

264 4371 497 4443 μαχίας,
529 4372 626 4425 καὶ
656 4371 716 4425 σὲ
742 4371 905 4441 μόνον
924 4371 1032 4445 ἔχω
1059 4372 1256 4444 βοηθὸν
1287 4374 1383 4429 καὶ
1411 4375 1650 4444 φύλακα.

1944 3378 2316 3438 accedebant,
2350 3382 2411 3428 ut
2457 3372 2511 3429 in
2573 3371 2727 3427 libris
2789 3368 2999 3439 Regum
3055 3366 3313 3421 traditur.
3357 3363 3522 3419 Calu-

1944 3469 2294 3524 mniabantur
2323 3475 2502 3522 autem
2536 3478 2644 3529 me,
2674 3462 2886 3534 inquit,
2926 3460 3056 3532 quia
3096 3473 3195 3529 ego
3220 3457 3520 3513 bonitatem

1945 3558 2218 3624 sectabar,
2254 3557 2340 3613 vel
2366 3556 2496 3627 quia
2524 3555 2674 3611 illum
2708 3567 2810 3624 ego
2840 3552 2922 3610 sic
2963 3566 3023 3608 se
3071 3558 3345 3621 gerentem
3376 3547 3521 3603 allii-

1945 3662 2071 3719 gere
2122 3661 2188 3701 ac
2214 3644 2486 3715 castigare
2515 3642 2689 3698 nolui.
2718 3639 2860 3694 liine
2885 3639 3086 3695 etenim
3116 3636 3281 3713 illius
3302 3648 3524 3705 semper

1947 3740 2120 3810 magis
2153 3739 2327 3795 crevit
2359 3735 2710 3807 perversitas,
2741 3734 2873 3790 hinc
2902 3739 2957 3788 et
2983 3729 3268 3788 scelestior
3307 3743 3402 3784 seu
3429 3740 3526 3798 per

1949 3829 2124 3886 factus
2155 3838 2259 3885 est.
2292 3826 2408 3892 Vel,
2450 3842 2547 3898 per
2600 3827 2903 3883 bonitatem
2937 3825 3025 3881 hic
3059 3821 3330 3896 justitiam
3360 3820 3524 3876 intel-

1947 3917 2085 3989 ligit.
2118 3916 2544 3973 Conviciabatur
2572 3929 2678 3983 me,
2710 3914 2908 3985 inquit,
2939 3912 3065 3982 quia
3099 3909 3523 3982 praeponendam

1949 4024 2290 4080 egosemper
2339 4017 2392 4064 et
2424 4005 2911 4079 praehonorandam
2950 4004 3364 4073 essejustitiam
3393 4018 3523 4057 cen-

1948 4098 2058 4165 sui,
2082 4107 2136 4155 et
2163 4100 2289 4168 quia
2318 4097 2437 4168 ejus
2463 4095 2711 4167 exemplo
2735 4094 3058 4165 iniustitiam
3090 4109 3201 4150 non
3229 4093 3418 4149 dilexi.

2017 4191 2301 4247 νυμον.
2347 4188 2429 4245 Ne
2457 4188 2791 4260 derelinquas
2808 4204 2910 4253 me,
2949 4187 3168 4241 Domine
3187 4187 3323 4241 Deus
3353 4201 3522 4252 meus,

1949 4300 2013 4338 ne
2044 4283 2400 4338 discesserisa
2427 4299 2529 4343 me.
2559 4280 2815 4338 Privatus
2856 4279 3003 4335 enim
3052 4294 3183 4335 sum.
3213 4287 3525 4349 opportuno

1949 4375 2099 4431 omni
2133 4375 2360 4453 auxilio,
2394 4382 2451 4429 et
2484 4381 2537 4430 te
2570 4372 2749 4429 solum
2772 4369 3078 4440 adjutorem
3127 4385 3193 4425 ac
3238 4369 3524 4427 custodem

1953 4469 2147 4525 habeo.

274 4532 277 4533 ν
332 4556 615 4622 Πρόσχες
642 4553 729 4619 εις
758 4551 875 4620 τὴν
896 4551 1193 4621 ,ϐοήθειάν
1211 4570 1355 4624 μου,
1391 4532 1701 4627 Κύριε-’τῆς
1729 4572 1838 4612 σω.

2027 4561 2185 4615 Vsus.
2214 4560 2304 4614 Ξῖ).
2342 4558 2562 4615 Intende
2586 4559 2641 4612 in
2696 4555 3023 4627 adjutorium
3081 4570 3274 4625 meum,
3309 4556 3530 4611 Domine

261 4648 481 4715 τηριας
501 4664 643 4715 μου.
682 4645 1084 4718 Ἐπιμελήθητι
1116 4647 1219 4715 τῆς
1261 4647 1518 4718 βοηθείας
1562 4669 1686 4722 μου.
1757 4652 1845 4719 ἐξ-

263 4742 536 4797 ουσιαστὰ
588 4740 688 4811 τῆς
723 4740 864 4811 ἐμῆς
897 4739 1064 4810 ζωῆς.
1083 4741 1246 4795 Ἀλλὰ
1271 4742 1449 4798 ταῦτα
1469 4745 1569 4814 μὲν
1592 4746 1734 4801 κατὰ
1750 4747 1849 4816 τὴν

264 4831 514 4902 ἱστορίαν
532 4830 748 4902 ἥρμοσε
783 4830 864 4902 τῷ
899 4831 1080 4889 Δαϐίδο
1105 4831 1334 4902 ἁρμόζει
1376 4835 1432 4888 δὲ
1457 4837 1551 4891 καὶ
1573 4839 1707 4892 πᾶσι
1737 4840 1850 4903 τοῖς

264 4926 326 4979 ιν
365 4924 690 4995 ἁμαρτίαις,
736 4922 825 4993 ἐφ’
849 4915 931 4979 ὧν
972 4924 1159 4993 φίλους
1193 4930 1289 4979 καὶ
1315 4925 1543 4996 πλησίον
1600 4929 1849 4999 εἴποιμεν

266 5021 335 5074 ἂν
374 5019 503 5081 τοὺς
535 5017 778 5086 ἀγαθοὺς
820 5018 1115 5087 ἀγγέλους,
1173 5018 1225 5073 οἳ
1268 5018 1553 5091 χαίροντες
1592 5021 1686 5075 ἐπὶ
1735 5025 1850 5087 τοῖς

269 5109 706 5182 κατορθώμασιν
735 5109 915 5181 ἡμῶν,
943 5109 1039 5164 καὶ
1092 5110 1458 5180 φυλάττοντες
1496 5112 1665 5183 ἡμᾶς,
1701 5114 1850 5167 ἐπει-

268 5202 370 5283 δᾲν
403 5202 590 5259 ἴδωσιν
618 5202 1072 5272 ἁμαρτήσαντας,
1104 5201 1338 5257 ἐνώπιον
1380 5202 1543 5273 ἡμῶν
1596 5202 1851 5275 ἔρχονται

269 5296 370 5348 καὶ
400 5296 651 5349 ἵστανται
679 5294 1081 5363 στυγνάζοντες
1114 5310 1130 5325 ·
1193 5296 1288 5350 καὶ
1341 5294 1571 5365 ἔγγιστα
1632 5297 1849 5369 πρῶτον

269 5386 448 5452 ὀντες,
478 5382 704 5453 ὕστερον
757 5384 1154 5456 μακρύνονται,
1176 5384 1267 5439 διὰ
1299 5386 1398 5458 τὴν
1435 5386 1705 5443 δυσωδίαν
1748 5389 1849 5459 τῆς

275 5475 581 5546 ἁμαρτίας.
612 5474 814 5529 Λοιπὸν
839 5474 896 5528 δὲ
926 5474 974 5527 oi
1002 5474 1230 5546 πονηροὶ
1257 5474 1512 5545 δαίμονες
1564 5477 1848 5541 ἐκϐιάζον-

270 5585 364 5620 ται
411 5568 562 5638 ήμᾶς
596 5569 675 5631 εἰς
705 5568 925 5637 χείρονα
951 5568 1292 5637 πταίσματα,
1333 5570 1426 5622 καὶ
1478 5569 1732 5625 λαλοῦσιν
1788 5574 1848 5626 ὲν

272 5660 389 5722 τοῖς
416 5658 552 5711 ὠσὶν
577 5658 738 5727 ἡμῶν
778 5659 1006 5727 ἀφανῶς
1038 5657 1232 5726 λόγους
1272 5658 1537 5727 ματαίους
1564 5663 1659 5715 καὶ
1710 5663 1849 5733 φαύ-

277 5748 425 5813 λους,
456 5748 549 5802 καὶ
580 5750 765 5813 δόλους
794 5751 929 5821 ἡμῖν
948 5748 1454 5814 κατασκευάζουσιν
1479 5765 1495 5783 ⁸
1550 5753 1598 5804 οἱ
1657 5753 1713 5807 δὲ
1748 5755 1849 5823 τὴν

276 5840 436 5910 νῆψιν
483 5840 579 5893 τοῦ
642 5841 806 5895 Aelii?)
858 5841 1321 5911 ἀπομιμούμενοι,
1373 5840 1561 5911 βύουσι
1614 5842 1686 5896 τὰ
1733 5837 1848 5899 ὦτα

1956 4652 2093 4706 Deus
2126 4649 2317 4704 salutis
2369 4665 2519 4706 meat.
2560 4649 2728 4717 Cura,
2777 4648 2999 4718 inquit.
3048 4656 3109 4703 ut
3169 4648 3399 4716 adjuves
3463 4661 3531 4703 ac

1951 4744 2157 4799 tuearis
2181 4758 2303 4809 me;
2333 4753 2382 4797 te
2405 4742 2554 4810 dico,
2576 4742 2637 4798 in
2655 4741 2823 4811 cujus
2845 4749 3120 4812 potestate
3139 4749 3226 4798 est
3243 4740 3351 4795 vita
3382 4755 3525 4796 mea.

1951 4836 2016 4891 Et
2055 4836 2172 4891 haec
2199 4834 2420 4904 quidem
2456 4833 2603 4890 dicta
2626 4842 2759 4891 sunt
2787 4833 2946 4905 juxta
2977 4832 3222 4890 historia:
3248 4847 3470 4890 sensum
3507 4852 3522 4887 :

1947 4925 2104 4995 juxta
2162 4940 2323 4995 quem
2380 4925 2787 4982 accommodari
2831 4935 3066 4996 possunt
3118 4924 3285 4982 verba
3329 4925 3526 4995 psalmi

1952 5018 2113 5074 beato
2161 5016 2352 5074 David.
2418 5018 2734 5089 Congruere
2777 5033 2910 5075 vero
2968 5017 3135 5075 etiam
3202 5025 3382 5089 potest
3438 5017 3529 5073 hic

1952 5110 2200 5179 psalmus
2230 5109 2492 5167 omnibus
2526 5109 2784 5168 ﬁdelibus
2820 5110 2912 5181 qui
2972 5111 3025 5165 in
3084 5110 3328 5181 peccatis
3393 5123 3529 5164 con-

1951 5201 2132 5258 stituti
2164 5210 2314 5259 sunt.
2346 5200 2511 5256 Juxta
2565 5217 2728 5272 quem
2779 5215 3003 5257 sensum
3058 5215 3155 5268 per
3210 5201 3420 5256 amicos
3472 5209 3531 5254 et

1951 5293 2236 5364 proximos
2267 5294 2495 5364 angelos
2525 5291 2992 5363 bonosintellige,
3048 5292 3147 5363 qui
3205 5292 3528 5349 custodiunt

1953 5398 2075 5448 nos,
2109 5385 2372 5441 etltctari-
2416 5398 2481 5440 ac
2511 5383 2752 5454 gaudere
2798 5383 2979 5438 solent
3031 5384 3086 5437 in
3139 5384 3208 5441 iis
3270 5384 3528 5440 omnibus

1951 5490 2071 5546 qum
2092 5491 2189 5547 per
2210 5477 2469 5532 virtutem
2492 5489 2521 5529 a
2548 5475 2709 5530 nobis
2722 5460 3182 5530 administrantur
3201 5492 3218 5542 ;
3241 5485 3294 5531 et
3309 5482 3525 5540 contra,

1951 5566 2170 5636 quoties
2194 5580 2297 5623 nos
2322 5580 2550 5636 peccare
2584 5564 2841 5629 viderint,
2865 5564 3094 5621 veniunt
3112 5575 3165 5622 et
3212 5568 3528 5625 consistunt

1954 5674 2143 5716 coram
2199 5658 2359 5714 nobis
2385 5658 2573 5714 tristes
2601 5672 2668 5713 ac
2703 5659 2926 5726 maesti;
2961 5667 3018 5715 et
3071 5659 3248 5730 primo
3304 5663 3527 5733 quidem

1952 5751 2184 5821 propius
2218 5751 2490 5805 assistunt
2517 5765 2533 5817 ;
2565 5748 2766 5807 deinde
2790 5765 2922 5807 vero
2955 5751 3026 5808 ob
3078 5767 3295 5820 gravem
3333 5770 3528 5825 pecca-

1954 5851 2135 5899 torum
2169 5842 2430 5899 olentiam
2462 5857 2492 5898 a
2523 5842 2685 5900 nobis
2713 5842 2989 5903 absistunt
3036 5862 3050 5898 :
3084 5844 3231 5900 unde
3285 5854 3529 5914 postm-
