3806 6534
139 408 226 470 441
1258 409 1643 472 (ΣΟΜΜΕΝΤ.

1807 413 2161 474 PSALMOS.
3253 413 3363 476 442

196 528 299 582 Καὶ
339 527 400 580 τὸ
428 525 668 596 ἄλγημὰ
689 545 808 596 μου
833 529 1250 596 ἁνεκαινίσθη.
1291 531 1398 584 Καὶ
1424 533 1453 584 ὁ
1480 531 1566 584 διὰ
1587 533 1674 594 τὰς

1863 532 1930 586 Et
1963 535 2116 588 dolor
2151 550 2293 586 meus
2340 543 2624 587 renovatus
2673 541 2770 587 est.
2826 531 2892 586 Ει
2949 532 3126 596 dolor,
3168 533 3370 606 inquit,

134 619 386 691 ἁμαρτίας
418 636 518 688 μου
547 620 706 682 πόνος
751 621 1104 691 ἀνεκαινίοθη
1133 625 1205 693 τῇ
1273 623 1462 694 μνήμῃ
1503 639 1517 653 ο
1561 623 1674 676 τότε

1807 625 1883 693 pii
1921 625 2054 678 mihi
2081 625 2148 678 de
2185 624 2422 690 peccatis
2453 624 2721 692 provenit,
2781 639 2844 679 ea
2892 623 3157 679 memoria
3211 640 3376 681 reno-

136 714 229 782 γὰρ
257 713 420 780 ἔγνων
449 705 655 779 σαφῶς,
683 713 766 765 ὅτι
795 712 952 776 δίκας
1007 714 1138 768 τίνω
1192 715 1300 768 τῶν
1349 717 1674 786 πεπλημμε-

1807 727 1950 773 vatus
2001 726 2103 773 est.
2145 718 2301 771 'l‘unc
2347 718 2494 770 enim
2555 716 2846 772 manifeste
2878 717 3106 786 cognovi
3141 732 3227 772 me
3257 733 3374 788 pa:-

135 806 188 873 λη

1807 823 1892 864 tas
1923 809 2248 863 delictorum
2279 809 2450 862 luere.

193 895 548 964 Ἔθερμάνθη
573 897 613 963 ἡ
652 897 868 964 καρδία
917 915 1038 966 μου
1067 899 1242 967 ἐντός
1293 919 1432 972 μου.
1498 901 1674 973 Ὕϐρι-

1862 903 2030 958 Vsus.
2064 905 2118 958 4.
2145 903 2476 973 Calefactum
2505 913 2583 958 est
2620 920 2711 957 cor
2742 919 2912 957 meum
2945 905 3090 958 intra
3114 921 3216 959 me.
3235 904 3372 959 Cum

133 992 355 1058 ζόμενος,
384 989 676 1058 ἐπυρώθην
701 990 807 1042 ὑπὸ
831 990 926 1044 τοῦ
961 991 1138 1062 θυμοῦ
1165 1008 1180 1024 °
1245 993 1674 1063 ὲμακροθύμησα

1807 995 2031 1049 illiceret
2058 1009 2144 1046 me
2166 993 2347 1048 Semei
2371 994 2731 1056 contumelia,
2767 995 2987 1049 tametsi
3018 993 3069 1049 id
3102 996 3374 1066 patienter

236 1079 412 1140 Ἕντός
451 1097 554 1148 μου
583 1081 640 1132 δὲ
666 1077 810 1146 εἶπε,
845 1082 1024 1152 δηλῶν
1063 1085 1146 1136 ὅτι
1171 1085 1270 1137 οὐκ
1326 1085 1553 1154 ἐξέφηνε
1586 1084 1674 1137 τὸν

1811 1085 2024 1149 ulerim,
2077 1101 2186 1154 pre
2217 1087 2295 1140 ira
2326 1095 2505 1140 tamen
2537 1087 2678 1140 intra
2710 1102 2796 1142 nte
2825 1086 3194 1143 inﬂammatus
3223 1103 3370 1143 sum.

130 1172 278 1238 θυμόν
299 1187 313 1201 ο
346 1171 405 1222 τὸ
432 1171 532 1242 μὲν
560 1172 669 1242 γὰρ
694 1173 766 1242 μὴ
815 1175 1008 1228 παθεῖν
1064 1175 1200 1239 ὅλως
1249 1177 1399 1246 παρὰ
1425 1176 1537 1245 (41)
1577 1176 1674 1246 τὴν

1807 1188 1925 1232 utra
1964 1194 2052 1234 me
2091 1190 2273 1235 autem
2298 1180 2456 1245 dixit,
2506 1190 2568 1235 ut
2619 1180 2932 1236 ostenderet
2977 1183 3123 1250 quod
3182 1181 3372 1250 hujus-

131 1263 286 1332 ὕῦριν,
363 1264 575 1317 τελείου
607 1281 622 1296 ο
699 1265 761 1318 τὸ
829 1267 889 1320 δὲ
945 1268 1138 1338 πράως
1203 1270 1474 1338 ἐνεγκεῖν,
1538 1285 1674 1337 προ-

1807 1271 1923 1324 aodi
1946 1272 2082 1325 iram
2105 1274 2352 1328 externis
2374 1288 2482 1328 non
2501 1273 2919 1330 demonstravit.
2943 1273 3214 1329 Caeterum
3235 1271 3368 1328 illud

131 1355 416 1418 κόπτοντος.
1785 1362 2007 1431 perfecti
2061 1363 2302 1418 hominis
2332 1373 2440 1425 est,
2472 1373 2529 1418 et
2566 1365 2834 1421 absolutae
2869 1381 3097 1436 prorsus
3123 1364 3369 1441 virtutis,

128 1452 164 1507 si
206 1450 587 1504 contumeliam
643 1453 872 1508 omnino
925 1469 1038 1508 non
1069 1455 1294 1517 sentiat,
1343 1463 1399 1510 et
1425 1471 1491 1510 ex
1544 1469 1610 1510 ea
1640 1452 1777 1508 nihil
1831 1470 2062 1524 prorsus
2120 1459 2360 1524 patiatur
2402 1472 2418 1508 :
2454 1455 2603 1525 quod
2637 1457 2684 1510 si
2715 1459 2841 1526 quis
2877 1458 3377 1522 sentiat,modesto

128 1546 279 1596 tamen
303 1555 367 1594 ac
392 1551 677 1599 mansuete
707 1560 828 1598 eam
874 1546 1138 1614 perferat,
1176 1549 1447 1618 prolicere
1478 1549 1523 1604 is
1557 1546 1826 1603 dicendus
1854 1555 1940 1602 est
1993 1548 2048 1602 in
2081 1548 2304 1611 virtute,
2351 1550 2569 1605 tametsi
2609 1548 2790 1604 adhuc
2822 1549 3096 1619 perfectus
3124 1567 3232 1606 non
3277 1551 3370 1606 sit.

186 1636 277 1689 Kal
324 1636 400 1689 ἐν
445 1635 520 1704 τῇ
594 1638 820 1707 μελέτῃ
882 1657 1004 1708 μου
1052 1641 1493 1706 ἐκκαυθήσεται
1538 1643 1674 1711 πῦρ.

1856 1640 1929 1694 Et
1951 1641 2006 1695 in
2049 1641 2392 1695 meditatione
2443 1657 2560 1695 mea
2617 1640 2926 1694 exardescet
2979 1642 3142 1712 ignis.
3196 1641 3374 1698 Medi-

127 1731 218 1784 Καὶ
263 1731 319 1782 ὲν
387 1729 470 1802 τῷ
505 1730 734 1802 μελετᾷν
769 1751 836 1802 με
871 1733 969 1788 καὶ
1004 1736 1298 1790 ἀναπολεῖν
1346 1736 1383 1791 ἃ
1417 1737 1674 1808 πέπραχα

1811 1738 1976 1800 ando,
2013 1735 2212 1804 inquit,
2265 1742 2319 1789 et
2381 1734 2712 1790 revolvendo
2766 1750 2933 1804 prava
3002 1749 3194 1804 opera,
3249 1749 3376 1805 qua:

127 1822 324 1893 πονηρὰ,
402 1824 500 1876 καὶ
566 1824 604 1878 ἃ.
664 1826 862 1896 πάσχω
950 1827 1123 1887 δεινὰ.
1205 1829 1293 1882 ἀεὶ
1371 1831 1681 1900 ἁναφλεγήο

1783 1828 2060 1894 commisi,
2094 1837 2148 1882 et
2177 1828 2319 1882 mala
2347 1843 2470 1896 qua:
2497 1828 2701 1896 patior,
2736 1843 2955 1898 semper
3000 1843 3086 1884 me
3115 1829 3370 1884 dolorum

125 1915 251 1968 σεταί
327 1933 426 1985 μοι
505 1917 620 1988 πῦρ
693 1917 895 1987 λύπης,
977 1921 1278 1992 ὲμπιπρῶν
1351 1923 1453 1991 τὴν
1534 1921 1674 1994 ἐμὴν

1807 1938 2024 1976 neorum
2084 1923 2226 1991 ignis
2275 1921 2737 1987 inllammabit,et
2777 1923 2974 1977 animm
3029 1923 3373 1978 memincen-

121 2010 287 2076 ψυχήνο

125 2029 287 2062 ’πλεῖ-ν.

125 2041 150 2076 Υ
179 2029 483 2166 ’ἓῖιάιησα
511 2102 583 2156 ἐν
619 2103 875 2171 γλώσσῃ
923 2121 1064 2172 μου.
1120 2104 1266 2176 Πρὸς
1303 2107 1404 2174 μὲν
1436 2105 1528 2158 τὸν
1588 2106 1678 2176 ix-

123 2195 230 2262 ορὸν
257 2235 272 2257 ,
305 2194 538 2263 ἐσίγησε
562 2211 576 2226 ο
607 2193 744 2266 πρὸς
778 2196 834 2248 δὲ
877 2195 970 2249 τὸν
1035 2196 1192 2262 Θεδν,
1233 2198 1516 2268 ιλάλησεν.
1587 2197 1680 2250 Ἐν

121 2283 310 2355 γλώσσῃ
337 2301 443 2351 μου
476 2283 646 2348 δέ,ὡς
699 2286 757 2338 ὲν
803 2286 1139 2358 ψιθυρισμῷ.
1201 2283 1334 2342 Εἶτα
1387 2287 1534 2356 λέγει
1581 2289 1677 2342 καὶ

119 2375 160 2427 τί
186 2376 427 2443 ὲλάλησε.

176 2650 481 2720 Γνὼρισόν
536 2671 661 2722 μοι,
717 2657 915 2724 Κύριε,
973 2657 1038 2710 τὸ
1091 2656 1277 2728 πέρας
1341 2679 1479 2729 μου.
1536 2661 1698 2715 Πότε.

121 2746 278 2807 istm,
338 2745 374 2815 ἢ
436 2747 621 2799 ὁποῖον
697 2745 850 2800 ἔσται
887 2766 902 2780 ·
966 2749 1147 2820 Μέχρι
1225 2751 1333 2822 γὰρ
1423 2753 1552 2806 πότε
1609 2754 1677 2807 τὰ

122 2836 306 2908 λυπηρά
339 2853 358 2902 ;

176 2933 271 2987 Kal
297 2933 409 2988 τὸν
423 2933 675 3001 ἀριθμὸν
696 2932 814 2987 τῶν
837 2935 1072 3004 ἡμερῶν
1095 2955 1214 3007 μου
1236 2939 1327 3005 τίς
1349 2941 1542 3006 ἐστιν,
1578 2943 1679 2996 ἵνα

120 3026 316 3092 munt
371 3025 627 3095 ὑστερῶ.
676 3028 787 3082 Καὶ
821 3029 1091 3100 γνώρισον
1160 3050 1251 3100 μοι
1315 3032 1406 3086 τὸν
1445 3035 1680 3106 ἁριθμδν

119 3119 209 3170 τῶν
229 3120 452 3188 ἡμερῶν
475 3121 579 3190 τῆς
615 3121 744 3188 ὅλης
776 3140 879 3191 μου
928 3123 1090 3194 ζωῆς,
1137 3125 1305 3189 πόσος
1350 3128 1465 3182 ἐστὶ
1541 3130 1680 3199 σύμ-

122 3227 227 3274 πας,
259 3210 349 3263 ἵνα
379 3211 801 3283 συναριθμήσας
838 3214 910 3267 τὰ
945 3214 1038 3284 ἔτη
1073 3215 1176 3270 ὅσα
1202 3217 1365 3287 μέχρι
1430 3221 1524 3274 τοῦ
1580 3222 1676 3275 νῦν

1780 2013 1928 2066 dium
1962 2013 2202 2079 augebit.
2249 2021 2254 2026 ’

1852 2101 2018 2158 Vens.
2051 2105 2105 2159 5.
2149 2105 2378 2159 Locutus
2407 2122 2524 2158 sum
2547 2104 2600 2159 in
2629 2105 2811 2174 lingua
2846 2121 2984 2159 mea.
3023 2104 3158 2174 Erga
3183 2105 3372 2160 inimi-

1779 2212 1904 2251 cum
1935 2195 2154 2265 quidem
2185 2196 2376 2260 tacuit,
2440 2205 2499 2250 ut
2548 2195 2830 2252 vidimus:
2884 2197 2950 2251 ad
3015 2195 3182 2252 Deum
3239 2212 3372 2252 vero

1781 2289 2004 2343 locutus
2038 2297 2142 2343 cst.
2188 2289 2253 2342 Et
2277 2289 2423 2358 quod
2469 2291 2592 2354 ait,
2649 2293 2701 2344 in
2755 2292 2942 2360 lingua
3010 2308 3152 2354 mea,
3225 2291 3367 2346 idem

1781 2393 1930 2435 nunc
1967 2381 2070 2434 sibi
2099 2381 2235 2444 vult,
2281 2395 2346 2432 ac
2377 2379 2423 2434 si
2486 2379 2714 2444 diceret,
2781 2380 2999 2444 sensim,
3057 2380 3264 2450 quiete,
3297 2394 3362 2433 ac

1778 2475 1935 2544 quasi
1968 2475 2021 2528 in
2047 2489 2279 2528 susurro
2309 2473 2529 2529 locutus
2564 2489 2710 2530 sum.
2756 2473 2963 2528 Deinde
3019 2472 3176 2537 dicit,
3228 2469 3361 2541 quid

1780 2568 2000 2621 locutus
2030 2568 2124 2622 sit.

1855 2660 2054 2715 Notum
2082 2660 2169 2727 [ac
2195 2658 2340 2720 mihi,
2367 2657 2610 2720 Domine,
2664 2659 2824 2725 ﬁnem
2868 2674 3060 2712 meum.
3135 2656 3366 2722 Quando

1779 2753 1904 2817 erit,
1942 2760 2035 2805 aut
2067 2751 2244 2821 qualis
2275 2750 2401 2804 erit.
2436 2749 2744 2820 Usquequo,
2777 2749 2978 2819 inquit,
3023 2748 3200 2804 tristia
3238 2764 3362 2818 per-

1779 2843 2108 2898 severabunt
2127 2841 2150 2894 ἲ

1854 2935 2220 2989 Etnumerum
2249 2933 2454 2987 dierum
2487 2949 2724 2987 meorum
2789 2932 2905 2999 quis
2953 2941 3056 2997 est,
3099 2940 3154 2984 ut
3199 2931 3367 2985 sciam

1779 3031 1907 3098 quid
1927 3028 2060 3083 desit
2095 3028 2243 3080 mihi.
2301 3027 2559 3097 Signiﬁca
2595 3025 2752 3088 mihi,
2821 3023 3028 3094 inquit,
3073 3039 3364 3078 numerum

1781 3125 1990 3178 dierum
2020 3121 2190 3176 totius
2221 3120 2348 3174 vita:
2383 3135 2535 3182 meas,
2589 3128 2796 3189 quotus
2847 3119 2921 3174 sit
2955 3119 3272 3180 universus,
3304 3124 3367 3170 ut

1780 3214 2194 3272 connumeratis
2257 3214 2418 3267 annis
2479 3213 2635 3274 meis,
2669 3227 3050 3281 quoscunque-
3100 3211 3365 3264 hactenus
3469 3247 3472 3250 .

121 3301 283 3370 ἔζησα,
315 3279 630 3372 γνώσωμαι
666 3279 727 3356 τὸ
747 3301 936 3358 λοιπόν
957 3321 970 3334 ·
1002 3279 1063 3358 τὺ
1094 3279 1215 3376 γὰρ,
1235 3279 1436 3377 μετρον
1464 3310 1670 3378 μαθὼν,

1814 3309 1909 3371 ixi,
1933 3308 2108 3362 sciam
2144 3306 2287 3374 quod
2316 3304 2592 3372 reliquum
2628 3311 2734 3358 est.
2792 3301 2927 3356 Nam
2973 3302 3018 3356 si
3043 3314 3363 3354 mensuram

120 3394 168 3445 οὐ
210 3393 301 3464 τὴν
352 3393 626 3463 τυχοῦσαν
666 3395 920 3449 ἐντεῦθεν
984 3397 1088 3462 ’ἐξω
1153 3399 1509 3470 παραμυθίαν
1565 3399 1673 3452 τῶν

121 3486 458 3555 ἐπαγομένων
486 3503 578 3555 μοι
603 3487 928 3557 συμφορῶν.

176 3577 315 3631 Ἰδοὺ
343 3578 684 3645 παλαιστὰς
727 3578 870 3635 ἔθου
902 3581 1008 3646 τὰς
1037 3581 1261 3650 ἡμέρας
1287 3601 1428 3651 μου.
1483 3583 1674 3653 Μέτρα

118 3669 375 3738 διὰχειρός
397 3673 558 3731 εἰσιν,
581 3672 800 3741 ὀργυιὰ,
825 3672 1028 3744 πῆχυς,
1052 3675 1379 3741 παλαιστὴς,
1401 3675 1671 3746 σπιθαμή.

122 3763 279 3815 Ἔστιν
303 3758 399 3817 οὖν
422 3764 451 3816 ὁ
473 3764 779 3832 παλαιστὴς
812 3765 874 3817 τὸ
898 3767 1114 3820 πάντων
1137 3767 1343 3821 τούτων
1371 3770 1672 3839 ἐλάχιστον,

115 3855 165 3916 ὃς
212 3855 558 3909 ἀποτελεῖται
614 3858 682 3926 τῇ
711 3858 989 3927 συμπήξει
1043 3859 1206 3927 μόνον
1247 3861 1356 3914 τῶν
1389 3863 1674 3932 τεσσάρων

117 3947 396 4012 δακτύλων,
423 3948 788 4019 τριτημόριον
821 3949 880 4002 δν
906 3947 1006 4017 τῆς
1043 3951 1339 4022 σπιθαμῆς.
1378 3955 1476 4008 Διά
1515 3955 1674 4010 τοῦτο

114 4038 271 4090 τοίνυν
298 4039 398 4107 τὴν
424 4039 718 4110 ὀλιγότητα
743 4041 836 4094 τοῦ
859 4043 1064 4112 μέτρου
1092 4045 1191 4112 τῆς
1209 4045 1494 4100 ἐπιλοίπου
1526 4049 1674 4118 ζωῆς

116 4129 261 4183 αὑτοῦ
312 4131 680 4207 παρέστησεν,
719 4133 1023 4197 παλαιστὰς
1073 4136 1246 4190 εἰπὼν
1296 4139 1394 4201 τὰς
1425 4140 1669 4209 ἡμέρας,

116 4223 221 4275 ἀντὶ
239 4223 352 4288 τοῦ,
382 4225 706 4294 ἐλαχίστους
734 4229 816 4290 εἰς
837 4227 1057 4298 μέτρον,
1079 4229 1155 4291 ὡς
1179 4231 1275 4282 καὶ
1301 4233 1328 4284 ὁ
1351 4232 1670 4303 παλαιστής.

117 4315 174 4366 ’Ἡ
201 4319 567 4383 "alatos/(rc,
601 4319 723 4372 ἀντὶ
753 4318 870 4380 τοῦ,
905 4320 1293 4387 Ἐναγωνίους,
1322 4324 1670 4394 ἑπιμόχθους,

114 4406 272 4476 πάλης
305 4409 531 4477 μεστάςυ
563 4408 713 4475 λέγει
741 4409 819 4474 δὲ,
854 4410 929 4472 ὡς
957 4413 1195 4480 εἴρηται,
1234 4414 1332 4475 τὰς
1366 4413 1630 4480 λιπούσας
1657 4458 1671 4481 ,

114 4498 195 4547 καὶ
232 4499 313 4550 ὅτι
344 4497 524 4566 ὀλίγον
555 4497 882 4567 ὲπιζήσεται
930 4498 1038 4553 οἵδε
1062 4518 1079 4534 ο
1121 4502 1255 4570 φησὶ
1272 4501 1380 4572 γὰρ
1406 4505 1462 4556 ἐν
1498 4503 1674 4574 ἑτέρῳ

108 4585 324 4655 ψαλμῷ·
366 4587 488 4655 Τὴν
517 4589 842 4658 ὀλιγότητα
895 4589 1014 4643 τῶν
1049 4591 1284 4661 ἡμερῶν
1325 4611 1440 4663 μου
1493 4594 1674 4664 ἀνάγ-

110 4678 298 4741 reddr-
321 4695 445 4745 μοι.
505 4680 682 4732 Πόσον
719 4680 776 4733 δὲ
809 4681 962 4734 ἔσται
992 4683 1052 4736 τδ
1097 4683 1300 4750 ὀλίγον.
1331 4687 1536 4751 ἀγνοεῖ,
1574 4687 1670 4739 καὶ

107 4766 252 4820 τοῦτο
312 4768 466 4838 ζητεῖ
514 4771 728 4840 μαθεῖν.
812 4773 1022 4842 Ὀλίγον
1067 4775 1126 4828 δὲ
1169 4776 1328 4829 καλεῖ
1380 4777 1440 4828 τὸ
1484 4777 1671 4831 λεῖπον

111 4858 234 4926 πρὸς
293 4863 585 4932 σύγκρισιν
628 4863 724 4916 τοῦ
779 4864 1020 4936 πλήθους
1055 4867 1162 4920 τῶν
1217 4869 1672 4938 παρεληλυθότων

113 4946 358 5003 ἐνιαυτῶν
388 4951 492 5019 τῆς
522 4951 672 5020 ζωῆς
713 4952 906 5011 αὑτοῦ.
940 4957 1062 5028 Χρὴ
1089 4957 1143 5010 δὲ
1165 4958 1456 5025 γινώσκειν
1494 4961 1575 5013 ὅτι
1613 4961 1672 5013 τὸ

106 5039 246 5101 loci),
281 5044 561 5115 ἐπίρρημα
597 5047 696 5116 μέν
731 5050 849 5103 ἐστι
870 5065 885 5080 ’
929 5051 1196 5122 κέχρηται
1225 5053 1280 5105 δὲ
1313 5052 1488 5124 τούτῳ
1521 5071 1672 5106 συνει

109 5131 205 5197 χῶς
241 5135 277 5202 ἡ
297 5136 402 5189 τῶν
442 5135 714 5208 Ἐϐραίων
745 5139 1025 5206 διάλεκτος
1049 5160 1065 5176 ·
1096 5144 1351 5214 σημαίνει
1381 5145 1462 5207 δὲ,
1498 5145 1666 5198 καθοο

107 5220 390 5294 λικώτερον
404 5228 604 5291 εἰπεῖν,
637 5229 884 5300 ἢδείειν,
914 5233 947 5303 ἢ
987 5232 1286 5307 ἐγγύτητα.
1327 5237 1455 5291 Ἐπὶ
1482 5236 1538 5290 δὲ
1569 5236 1665 5290 τοῦ

111 5314 383 5381 παρόντος,
442 5318 528 5382 τὸ,
581 5319 658 5382 ὡς
686 5323 841 5392 ὁρᾷς,
873 5325 1044 5392 δηλοῖ,
1077 5327 1216 5396 ὅπερ
1262 5327 1379 5381 ἐστὶ
1423 5327 1663 5393 δείξεως,

1779 3415 2046 3453 annorum
2121 3399 2341 3453 illorum
2415 3396 2682 3460 didicero,
2750 3410 2858 3449 non
2918 3394 3198 3466 vulgarem
3232 3390 3365 3445 inde

1775 3491 2206 3548 coiisolationem
2239 3489 2452 3544 habebo
2482 3490 2536 3543 in
2566 3489 2980 3544 calamitatibus
3014 3488 3174 3542 meis.

1846 3584 2012 3639 VEBS.
2045 3583 2097 3637 6.
2154 3582 2288 3636 Ecce
2332 3579 2719 3636 mensurabiles
2770 3579 2993 3646 posuisti
3035 3579 3148 3632 dies
3193 3595 3360 3631 meos.

1776 3676 1960 3748 [Quod
1995 3677 2267 3744 interpres
2302 3673 2699 3730 mensurabilcs
2735 3672 2870 3726 dixit
2898 3673 2952 3726 in
2992 3670 3184 3726 Graeco
3236 3670 3366 3740 legi-

1778 3787 1900 3825 mus
1917 3767 2246 3831 παλαιστὰς,
2267 3783 2432 3837 quam
2455 3767 2750 3822 dictionem
2769 3765 2924 3834 juxta
2944 3781 3114 3818 unum
3139 3778 3363 3818 sensum

1779 3861 1972 3915 Latine
2010 3859 2194 3914 dicere
2227 3873 2546 3929 possumus,
2577 3857 2869 3926 palmares.
2929 3854 3128 3909 Verum
3163 3863 3221 3909 ut
3251 3854 3364 3908 ela-

1777 3953 1893 4006 rius
1934 3951 2219 4022 Propheta:
2275 3957 2510 4003 mentem
2564 3949 2856 4018 percipias,
2919 3945 3206 4002 sciendum
3254 3956 3359 4011 est,

1777 4043 1950 4115 quod]
2007 4044 2172 4098 varize
2203 4049 2330 4096 sunt
2379 4057 2672 4106 mensurae,
2700 4057 2819 4111 qum
2846 4040 3100 4095 manibus
3130 4037 3244 4091 fieri
3273 4053 3365 4091 sa-

1776 4139 1912 4190 lent.
1943 4135 2082 4190 Ulna
2133 4135 2414 4196 videlicet,
2465 4133 2710 4196 cubitus,
2735 4132 2970 4201 palmus,
3002 4139 3054 4184 et
3089 4131 3312 4198 palmste
3343 4148 3357 4184 :

1777 4228 1844 4281 de
1876 4243 1981 4294 qua
2017 4243 2161 4280 nunc
2188 4226 2435 4296 loquitur
2466 4223 2761 4293 Propheta,
2806 4231 2860 4277 et
2895 4239 3058 4292 quam
3095 4237 3196 4276 nos
3247 4221 3362 4290 pal-

1779 4333 1921 4372 mam
1975 4318 2156 4372 dicere
2211 4332 2530 4388 possumus.
2579 4316 2886 4372 Conficitur
2915 4325 3094 4369 autem
3139 4314 3362 4382 palreste

1783 4428 1879 4466 seu
1935 4412 2137 4480 palma,
2202 4410 2594 4478 conjunctione
2655 4418 2894 4476 quatuor
2942 4407 3361 4476 digitorum,“

1779 4513 1864 4558 est
1895 4503 2058 4557 tertia
2096 4517 2223 4573 pars
2255 4501 2439 4571 palmi,
2473 4510 2526 4555 et
2558 4501 2768 4555 minina
2798 4507 2881 4556 est
2928 4501 3172 4554 omnium
3207 4514 3363 4552 men-

1706 4632 1752 4690 D
1781 4611 1930 4650 sura.
1988 4593 2103 4648 Hoc
2163 4593 2380 4647 nomine
2405 4592 2570 4663 igitur
2607 4591 2938 4661 paucitatem
2982 4591 3194 4644 dierum
3235 4588 3363 4644 vita:

1780 4701 1893 4740 suae
1922 4685 2246 4745 declaravit,
2273 4683 2545 4753 palmares
2577 4682 2858 4752 appellans
2881 4681 2999 4735 dies
3022 4696 3174 4744 suos,
3201 4680 3360 4747 quasi

1781 4791 2040 4831 mensura
2095 4775 2341 4830 modicos
2405 4790 2469 4830 ac
2518 4775 2759 4839 breves;
2814 4779 2868 4828 et
2929 4772 3056 4842 quia
3117 4771 3361 4825 diximus

1778 4867 2071 4921 dictionem
2094 4865 2399 4928 παλαιστὰς
2427 4866 2597 4919 alium
2647 4881 2871 4920 sensum
2905 4879 3064 4933 posse
3098 4864 3360 4930 recipere,

1780 4957 2009 5012 alteram
2044 4965 2448 5027 consequenter
2480 4957 2738 5012 versiculi
2781 4957 3073 5012 lectionem
3122 4954 3360 5023 attinge-

1781 5063 1928 5112 mus,
1967 5047 2122 5117 juxta
2157 5063 2318 5117 quam
2371 5047 2552 5118 legere
2593 5060 2884 5116 possumus
2915 5064 2932 5103 :
2968 5045 3107 5099 Ecce
3131 5056 3359 5098 conten-

1776 5140 1949 5196 tiosos
1979 5154 2071 5193 seu
2119 5138 2423 5194 laboriosos
2457 5137 2685 5208 posuisti
2724 5138 2858 5192 dics
2899 5152 3086 5191 meos:
3121 5134 3226 5187 hoc
3251 5141 3354 5196 est,

1775 5235 2092 5290 certaminis
2113 5249 2174 5288 ac
2199 5247 2392 5303 pugna:
2424 5234 2614 5300 plenos
2638 5231 2995 5304 [descendere
3016 5228 3159 5283 enim
3186 5226 3351 5280 etiam

1775 5334 1954 5397 potest
1981 5342 2044 5381 ea
2095 5325 2264 5380 dictio
2295 5342 2324 5381 a
2359 5327 2634 5395 palaestra,
2669 5341 2791 5394 qua:
2819 5330 2928 5376 tam
2959 5319 3099 5392 apud
3126 5318 3353 5373 Grmcos

103 5400 289 5474 ὥσπερ
339 5410 503 5462 πάλιν
549 5411 852 5481 ὲγγύτητος
885 5415 945 5467 τό
975 5431 988 5444 ·
1030 5417 1371 5484 Παρῆλθον,
1396 5420 1494 5474 καὶ
1531 5419 1660 5472 ἰδοὺ

1809 5433 1933 5473 uam
1973 5419 2114 5485 apud
2148 5417 2374 5472 Latinos
2401 5417 2763 5472 luctationem
2803 5414 3096 5483 signiﬁcat.
3119 5409 3176 5464 In
3207 5410 3356 5475 lucta

106 5494 207 5548 οὐκ
234 5492 309 5565 ἦν
330 5516 346 5531 ο
364 5503 604 5571 ὲγγύτης
624 5504 736 5573 γὰρ
769 5507 984 5576 χρόνου,
1010 5509 1069 5562 τὸ
1101 5511 1303 5576 εὐθύς.

1773 5525 1978 5576 autem,
2009 5513 2198 5566 labore
2232 5529 2295 5566 ac
2349 5512 2700 5566 contentione
2750 5510 2916 5563 multa
2957 5505 3183 5578 utimur]
3216 5546 3230 5560 .
3263 5503 3352 5571 In-

107 5585 290 5656 lelligit
325 5602 529 5660 autem,
568 5609 622 5650 ut
650 5598 916 5667 diximus,
959 5600 1232 5674 Propheta
1268 5605 1510 5677 reliquos
1549 5606 1670 5661 vitm
1711 5622 1823 5662 suzc
1850 5606 1989 5672 dies,
2013 5605 2201 5661 dicens
2227 5604 2371 5675 quod
2400 5620 2564 5674 parvo
2590 5604 2808 5674 quidem
2873 5612 3113 5671 tempore
3180 5599 3353 5664 victus

1325 5863 1332 5870 ἰ
1414 5777 1612 5842 Varia
1657 5779 1979 5848 lectiones.

176 5863 284 5927 (Η)
313 5868 389 5921 ΑΙ.
429 5873 579 5936 πρός.
