3866 6548
411 400 520 464 ιιι
1652 395 2029 457 EUTHYMII

2142 391 2429 453 GABENI
3551 373 3635 439 444

411 533 532 569 tum
567 529 624 565 se
646 514 793 567 novit
829 509 1301 579 :3it8flltfft,t[l10(i
1329 508 1564 580 ignorat,
1596 521 1799 578 quanta
1826 513 2008 567 futura
2051 512 2123 566 sit
2151 513 2264 566 haec
2282 507 2531 580 paucitas
2561 501 2823 570 temporis
2847 514 2861 554 :
2889 510 2943 554 et
2962 498 3085 554 ideo
3107 497 3237 553 alibi
3281 495 3441 550 e'iam
3482 495 3634 548 dicit:

413 597 742 662 Pnucitatem
799 607 1004 658 dierum
1041 621 1273 658 meorum
1353 606 1542 658 nuntia
1619 606 1744 658 mihi
1764 607 1806 671 ’ς
1861 615 1919 661 et
1966 607 2070 660 hoc
2110 614 2211 668 est,
2246 603 2391 674 qu‘od
2449 600 2504 655 in
2557 596 2810 668 prmseuti
2845 594 3008 650 etiam
3061 590 3351 662 significari
3377 588 3640 643 sibiaDeo

415 703 588 768 cupit.
619 699 888 752 Modicum
917 706 1182 765 praeterea
1211 695 1320 748 dici
1371 704 1546 765 potest
1577 695 1681 750 hoc
1714 697 1984 766 reliquum
2025 698 2153 751 vita
2205 694 2493 764 temporis,
2549 690 2614 743 ad
2650 685 3119 757 comparationem
3193 681 3304 751 jam
3375 689 3640 734 transacta.

416 797 562 848 vitm.
619 793 755 847 illud
809 801 1070 862 praeterea
1142 808 1248 845 non
1275 791 1634 847 omittendum
1683 793 1838 860 duxi,
1872 793 2017 862 quod
2057 792 2246 853 dictio,
2297 805 2434 852 ecce,
2479 787 2794 842 adverbium
2833 790 2940 844 est,
2980 792 3035 836 et
3091 780 3405 849 frequenter
3437 776 3506 830 ab
3553 776 3646 828 He-

417 882 576 935 braeis
627 890 925 951 usurpatur
961 899 975 944 ;
1009 893 1170 951 atque
1207 886 1290 948 (ut
1337 881 1390 935 in
1431 883 1750 936 universum
1826 884 2026 955 dit-am)
2105 892 2200 937 aut
2250 880 2458 949 aliquid
2517 879 2878 936 demonstrat,
2933 881 3029 926 aut
3089 872 3397 940 proximum
3459 877 3644 933 tempus

417 981 604 1037 notat;
631 975 800 1042 priori
830 973 1015 1038 modo,
1038 974 1124 1024 hic
1163 973 1402 1027 sumitur
1429 990 1443 1037 ;
1476 973 1650 1027 altero
1675 974 1801 1028 alibi
1863 991 2024 1029 usum
2066 973 2218 1028 vides
2251 970 2578 1047 Prophetam
2608 969 2664 1020 in
2687 966 2796 1020 illis
2817 964 3040 1021 verbis:
3069 960 3424 1022 Pertransivi,
3481 969 3527 1012 et
3551 974 3646 1013 ecce

416 1082 520 1148 non
542 1069 714 1124 erat".
749 1086 766 1120 ι
805 1067 960 1133 Quod
997 1069 1136 1121 idem
1164 1068 1267 1123 sibi
1304 1068 1440 1132 vult,
1475 1083 1538 1121 ac
1561 1069 1606 1120 si
1637 1069 1903 1126 dixisset:
1935 1070 2001 1125 Et
2039 1075 2224 1124 statim
2259 1069 2324 1120 ad
2355 1066 2583 1120 nihilum
2607 1063 2857 1117 redactus
2877 1068 2982 1116 est.

489 1181 560 1234 Et
584 1182 859 1235 subtautia
893 1198 1009 1235 mea
1044 1183 1198 1251 quasi
1226 1183 1448 1236 nihilum
1485 1201 1662 1238 caram
1694 1193 1763 1238 te.
1801 1183 1912 1238 lloc
1941 1185 2000 1238 in

2174 1182 2277 1236 Καὶ
2316 1182 2352 1248 ὴ
2373 1179 2715 1242 ὐπόστασῖς
2735 1193 2874 1244 μου.
2899 1173 3036 1226 ὡσεὶ
3064 1171 3246 1226 οὐδὲν
3267 1169 3518 1224 ἐνώπιόν
3533 1187 3650 1227 σου.

418 1277 539 1332 loco
563 1276 753 1343 incipit
785 1277 959 1343 palam
985 1275 1187 1337 facere,
1212 1277 1354 1343 quod
1391 1277 1551 1330 exilis
1607 1289 1660 1330 et
1696 1277 1908 1346 fragilis
1937 1279 2010 1332 sit

423 1369 661 1423 humana
686 1378 906 1428 natura,
939 1377 991 1422 et
1013 1370 1089 1423 ait
1118 1379 1133 1421 ξ
1167 1369 1480 1424 Suhstantia
1519 1386 1658 1429 mea,
1697 1385 1793 1423 seu
1821 1385 2011 1424 essen-

427 1463 501 1514 tia
532 1476 674 1524 mea,
707 1460 809 1515 hoc
840 1469 948 1520 οει,
974 1475 1074 1528 ego
1103 1461 1216 1527 ipse
1243 1476 1363 1514 sum
1389 1463 1544 1529 quasi
1585 1462 1838 1523 nihilum,
1869 1462 1916 1514 si
1944 1460 2009 1514 ad

424 1553 821 1608 beatitudinem
858 1559 910 1605 et
941 1552 1302 1605 arternitatem
1363 1562 1512 1605 tuam
1547 1552 1704 1606 fuero
1726 1567 2014 1622 compara-

430 1651 544 1695 tus.
581 1641 658 1696 Ita
705 1643 850 1696 enim
893 1641 1186 1710 significat,
1232 1644 1376 1708 quod
1428 1642 1506 1693 ait
1542 1655 1556 1693 :
1592 1641 1787 1696 Coram
1828 1653 1896 1696 te.
1933 1643 2010 1695 Tu

427 1737 598 1798 enim,
641 1745 694 1788 ιιι
725 1735 850 1788 alibi
879 1736 975 1796 ait,
1010 1734 1146 1786 idem
1177 1735 1288 1801 ipse
1307 1749 1384 1796 es,
1419 1744 1463 1786 et
1499 1734 1628 1786 armi
1656 1736 1733 1786 tui
1756 1751 1858 1789 non
1881 1736 2016 1802 defi-

430 1829 587 1890 cient,
617 1843 708 1896 ego
736 1838 906 1880 autem
939 1828 1253 1878 immutatus
1283 1841 1423 1885 smn.
1463 1836 1515 1879 et
1565 1841 1662 1894 pro
1693 1841 1820 1895 rege
1858 1826 2013 1880 exsul

433 1918 610 1974 factus
637 1935 652 1984 ;
675 1929 723 1973 et
747 1920 857 1972 dies
890 1919 988 1971 mei
1017 1920 1153 1972 sicut
1188 1919 1374 1971 umbra
1397 1919 1774 1986 praetereunt“.

507 2088 677 2146 Vens.
713 2089 766 2144 7.
809 2087 1180 2143 Verumtamen
1236 2087 1483 2142 universa
1533 2087 1762 2142 vanitas.
1812 2087 2018 2142 Dictio-

436 2199 559 2238 nem
590 2191 950 2236 verumtamen
997 2181 1219 2251 quidam
1256 2181 1345 2235 hic
1376 2181 1705 2250 superfluam
1738 2196 1859 2237 esse
1895 2181 2018 2251 opi-

439 2282 679 2348 nantur;
713 2273 804 2327 alii
861 2288 991 2327 vero
1040 2275 1272 2343 positam
1310 2287 1434 2328 esse
1488 2275 1678 2328 dicunt
1719 2287 1818 2343 pro
1862 2283 2017 2328 certe.

437 2367 601 2421 Cum'
649 2365 1128 2420 animadvertisset
1178 2365 1347 2435 igitur
1400 2366 1596 2420 beatus
1651 2365 1844 2429 David,
1897 2381 2020 2434 qua:

439 2457 707 2520 majorum
767 2471 991 2511 suorum
1056 2465 1303 2525 tempore
1336 2455 1478 2509 facta
1526 2455 1763 2518 fuerant,
1809 2463 1864 2509 et
1899 2470 2020 2524 quae

445 2554 578 2600 tunc
629 2548 898 2617 temporis
961 2546 1172 2612 fierent,
1229 2548 1412 2601 omnia
1458 2549 1701 2602 vanitate
1723 2547 2023 2614 lal‘escere,

441 2639 544 2693 hoc
575 2649 680 2704 est,
713 2639 1108 2693 incertitudine
1149 2647 1206 2692 et
1265 2639 1626 2693 instabilitate
1657 2653 1870 2692 summa
1899 2652 2028 2691 con-

441 2737 610 2791 stare,
681 2729 846 2783 veluti
893 2744 1048 2798 opes,
1107 2729 1360 2800 gloriam,
1408 2729 1658 2798 imperia,
1713 2729 2023 2795 juventam,

443 2819 935 2887 pulchritudinem,
970 2821 1136 2884 vires,
1172 2831 1227 2874 et
1261 2820 1363 2872 alia
1385 2818 1731 2887 liujusmodi,
1772 2817 2027 2889 [senten-

443 2911 574 2968 tiam
609 2927 762 2968 suam
789 2913 1088 2968 universali
1110 2913 1214 2967 hoc
1240 2927 1494 2967 sermone
1518 2913 1752 2982 posteris
1773 2919 2024 2966 testatam

445 3008 691 3080 reliquit]
724 3025 834 3079 quo
865 3020 1048 3063 tamen
1085 3025 1189 3063 non
1239 3009 1408 3062 animi
1453 3008 1642 3072 dotes,
1699 3007 1770 3061 ob
1803 3021 2076 3060 summam
2148 3024 2340 3064 earum
2402 3012 2782 3066 excellentiam

452 3104 690 3157 fortuna:
718 3105 858 3159 bona
894 3104 1180 3173 complecti
1201 3103 1497 3170 intelligas.

522 3197 707 3252 Omnis
727 3197 878 3251 Ιιοιιιο
901 3199 1094 3253 vivens.
1127 3198 1240 3253 Hoc
1271 3208 1379 3265 est,
1404 3200 1642 3253 humana
1678 3195 1856 3251 omnis
1886 3196 2021 3252 vita.

451 3286 551 3341 Est
575 3297 757 3342 autem
793 3287 878 3342 hic
913 3290 1110 3350 modus
1141 3290 1398 3360 loquendi
1431 3287 1672 3344 Hebraeis
1706 3287 2026 3357 peculiaris,

449 3376 603 3446 juxta
629 3379 761 3433 illud
798 3389 813 3432 ξ
849 3378 1034 3436 Omnis
1084 3381 1238 3434 homo
1284 3383 1510 3436 mendax
1532 3383 1576 3445 ³,
1622 3395 1744 3448 pro,
1783 3379 2027 3433 Humana

451 3469 634 3525 omnis
657 3471 840 3541 opinio
874 3470 1032 3526 falsa.
1061 3471 1253 3526 Omnis
1279 3472 1443 3540 igitur
1478 3473 1713 3526 humana
1740 3471 1850 3524 vita
1876 3470 2031 3523 vani-

454 3567 540 3615 tas
567 3571 672 3624 ρει,
725 3560 870 3629 quod
902 3561 967 3614 ad
1001 3561 1362 3631 praecedentis
1403 3560 1660 3614 versiculi
1703 3560 2034 3613 declaratio-

391 3679 394 3684 -
455 3663 579 3703 nem
607 3649 863 3718 pertinet.
891 3649 995 3703 Per
1041 3651 1336 3703 humanam
1371 3665 1501 3704 vero
1531 3650 1720 3713 vitam,
1754 3649 2032 3702 carnalem

459 3740 708 3810 intelligit
733 3750 786 3796 et
821 3741 1049 3810 spiritus
1079 3752 1383 3811 expertem.

539 3827 733 3884 Verum
786 3832 838 3884 in
893 3831 1124 3900 imagine
1157 3834 1442 3900 pertransit
1491 3833 1666 3888 homo.
1704 3833 2030 3898 Dictionem,

461 3936 664 3986 verum,
707 3921 810 3975 hoc
842 3921 897 3974 iu
929 3922 1051 3977 loco
1082 3924 1196 3992 pari
1238 3925 1399 3979 modo
1424 3925 1602 3994 posuit
1639 3941 1736 3994 pro
1764 3942 1908 3988 vere,
1939 3941 2034 3978 seu

461 4020 634 4066 certe.
666 4011 730 4067 In
766 4013 993 4081 imagine
1026 4023 1230 4077 autem,
1268 4014 1370 4071 hoc
1417 4026 1520 4080 est,
1557 4019 1734 4070 instar
1763 4015 2039 4083 imaginis.

464 4101 601 4161 Nam
635 4104 1093 4171 Quemadmodum
1124 4106 1334 4176 depicta
1373 4108 1551 4178 imago
1585 4109 1789 4160 nullam
1825 4107 1891 4159 de
1923 4107 2046 4175 pul-

468 4188 787 4245 chritudine
831 4206 931 4246 sua
961 4203 1056 4247 aut
1104 4194 1171 4248 de
1201 4195 1448 4250 colorum
1485 4197 1768 4259 varietate,
1809 4204 1902 4248 aut
1937 4196 2042 4248 alia

469 4282 786 4351 huiusmodi
837 4300 895 4338 re
941 4287 1287 4340 commodum
1337 4287 1502 4356 capit,
1533 4287 1603 4340 ita
1635 4286 1842 4340 nullum
1884 4287 2046 4345 homo

471 4374 539 4426 ab
569 4375 805 4434 humana
854 4375 1111 4433 felicitate
1147 4376 1385 4436 fructum
1410 4378 1673 4448 decerpit.
1706 4379 1798 4434 Vel
1839 4380 1892 4434 in
1911 4381 2049 4434 ima-

472 4468 611 4536 gt’ne,
653 4467 705 4523 id
736 4477 842 4535 est,
868 4470 920 4524 in
950 4472 1184 4538 umbra;
1234 4480 1457 4543 propter
1498 4472 1860 4529 humanarum
1896 4473 2049 4528 vide-

469 4558 599 4615 licet
635 4576 816 4616 rerum
850 4563 1304 4636 inconstantiam.

553 4651 923 4708 Verumtamen
954 4656 1159 4726 frustra
1185 4657 1553 4712 conturbatur.
1581 4687 1651 4702 --
1677 4657 2050 4712 Verumtamen

474 4742 566 4798 hic
588 4746 771 4813 posuit
805 4762 925 4815 pro.
971 4748 1273 4805 Caeterum.
1312 4747 1470 4814 Quod
1515 4749 1786 4818 reliquum
1830 4756 1937 4814 est,
1965 4747 2053 4802 in-

475 4833 616 4902 quit,
661 4833 861 4890 frustra
883 4835 1046 4892 homo
1079 4837 1342 4907 fatigatur
1389 4846 1446 4893 et
1497 4838 1842 4894 distrahitur.

553 4923 902 4981 Thesaurizat
939 4937 992 4984 et
1041 4930 1250 5000 ignorat
1307 4931 1395 4984 cui
1447 4931 1783 5000 congregabit
1832 4945 1918 4983 ea.
1964 4928 2052 4994 Et,

2053 2506 2102 2566 B

2125 1272 2405 1324 Ἐντεῦθεν
2468 1270 2697 1340 ἄρχεται
2745 1267 3024 1335 φαυλίζειν
3078 1265 3140 1317 τ’)
3180 1263 3280 1333 τῆς
3334 1262 3654 1331 ἀνθρωπίνης

2115 1365 2334 1431 φύσεως
2385 1361 2725 1432 πρόσκαιρον
2755 1359 2849 1411 καὶ
2897 1357 3194 1427 ἐπίκηρονο
3233 1360 3369 1424 φησι
3400 1354 3501 1423 γὰρ
3530 1354 3652 1422 ὁτιή

2113 1454 2417 1516 ὑπόστασίς
2479 1469 2604 1520 μου.
2651 1451 2932 1504 τουτέστιν
2978 1450 3011 1519 ἡ
3044 1447 3286 1519 ὖπαρξίς
3322 1463 3446 1516 μου,
3475 1447 3502 1498 ὃ
3530 1447 3655 1496 ἐστιν

2110 1545 2252 1607 ὅλος,
2283 1545 2418 1596 ὡσεὶ
2461 1543 2614 1596 οὐδέν
2665 1544 2782 1611 ειμι
2825 1541 2963 1610 πρὸς
3007 1541 3108 1608 τὴν
3170 1539 3268 1607 σὴν
3308 1537 3658 1606 μακαριότητα

2116 1641 2210 1690 καὶ
2237 1637 2538 1703 ἀῖδιότητα.
2586 1632 2759 1686 Τοῦτο
2805 1631 2917 1701 γὰρ
2963 1629 3221 1700 σημαίνει
3268 1627 3352 1686 τὸ.
3398 1626 3658 1680 Ἑνὼπιόν

2118 1745 2256 1781 σου.
2300 1725 2383 1779 Σὺ
2432 1725 2530 1794 μὲν
2589 1723 2700 1794 γὰρ
2753 1726 2786 1776 ό
2815 1721 2999 1787 αὐτὸς
3027 1717 3102 1782 εἶ,
3159 1719 3256 1772 καὶ
3291 1718 3364 1773 τὰ
3407 1719 3506 1782 ἐτη
3542 1733 3658 1779 σου,

2116 1821 2301 1886 φησιν.
2336 1818 2447 1870 οὐκ
2473 1817 2870 1883 ἐκλείψουσιν
2889 1829 2902 1842 ο
2933 1811 3046 1879 ἐγὼ
3070 1810 3138 1863 δὲ
3180 1811 3526 1876 ἠλλοίωμαι,
3574 1825 3660 1873 (pu-

2116 1909 2220 1976 γάς
2240 1907 2410 1970 αὐτὸς
2450 1907 2720 1978 βασιλέως
2753 1905 3048 1975 γενόμενος
3067 1920 3083 1934 ·
3109 1901 3206 1956 καὶ
3227 1904 3286 1953 αἱ
3328 1900 3539 1967 ἡμέραι
3562 1916 3660 1966 μου

2119 1996 2262 2053 ὡσεὶ
2291 1998 2435 2053 σκιὰ
2460 1997 2823 2066 παράγουσι.

2189 2091 2366 2158 Πλὴν
2414 2089 2486 2143 τὰ
2531 2091 2856 2158 σύμπαντα
2881 2089 3229 2156 ματαιότης.
3270 2086 3344 2138 Τδ
3392 2085 3559 2148 Πλὴν
3589 2085 3660 2136 ἒν-

2122 2181 2298 2235 ταῦθα
2349 2184 2608 2251 περιττόν
2670 2197 2813 2242 τινες
2863 2179 3124 2247 ἐνόμισαν
3149 2193 3164 2206 ο
3193 2177 3242 2228 nl
3277 2175 3333 2228 δέ
3361 2193 3541 2242 φασιν,
3565 2176 3665 2227 ἀντὶ

2118 2272 2216 2326 τοῦ
2257 2273 2474 2342 ἀληθῶς
2513 2271 2728 2326 κεῖσθαι
2761 2270 2944 2323 τοῦτο.
2990 2269 3224 2323 ’Ᾱπιδὼν
3257 2263 3398 2320 οὖνὸ
3428 2267 3579 2318 Δαϐὶδ
3603 2266 3667 2328 εἷς

2121 2381 2178 2416 τε
2208 2364 2336 2427 τοὺς
2381 2365 2642 2426 παλαιοὺς
2678 2364 2772 2415 καὶ
2802 2364 2883 2426 εἰς
2911 2361 2978 2413 τὰ
3011 2361 3132 2414 καθ’
3171 2359 3383 2421 ἑαυτὸν,
3441 2360 3530 2411 καὶ
3561 2374 3666 2408 σκε-

2127 2455 2372 2525 ψάμενος
2416 2457 2498 2509 ὅτι
2559 2454 2849 2523 ἀνώμαλος
2885 2456 2912 2506 ὁ
2950 2453 3062 2522 βίος
3085 2454 3180 2505 καὶ
3207 2453 3432 2514 ἄπιστος
3459 2450 3668 2516 emeat-

2129 2563 2301 2607 νεται.
2337 2549 2418 2600 ὅτι.
2451 2547 2520 2600 τὰ
2571 2547 2872 2614 σὺμπαντα
2917 2546 3134 2613 ἀληθῶς
3166 2545 3485 2614 ματαιότης,
3509 2543 3668 2595 τουτέ-

2131 2655 2250 2692 στιν
2276 2639 2532 2704 ἀϐέϐαια,
2559 2639 2657 2692 καὶ
2684 2637 2938 2702 πλοῦτος,
2970 2640 3063 2692 καὶ
3088 2637 3237 2701 δόξα,
3257 2636 3353 2688 καὶ
3377 2635 3576 2702 νεότης,
3592 2634 3670 2684 καὶ

2127 2731 2343 2794 κάλλος,
2385 2734 2480 2785 καὶ
2510 2733 2759 2802 μέγεθος,
2785 2731 2881 2785 καὶ
2914 2731 3096 2800 ρὡη,
3140 2731 3235 2784 καὶ
3268 2730 3453 2791 ἁπλῶς
3476 2730 3567 2782 ὅσα
3597 2729 3672 2779 ἀν-

2127 2823 2377 2894 θρώπινα
2421 2825 2621 2892 ἀγαθά.
2670 2824 2840 2893 Δῆλον
2866 2824 2922 2876 δὲ
2949 2823 3032 2876 ὃτι
3058 2823 3125 2875 τά
3153 2821 3496 2890 πνευματικά
3520 2821 3675 2887 ἀγαθά

2126 2913 2496 2984 διαφερόντως
2523 2915 2904 2986 ὑπεξῂρηνται
2941 2913 3043 2982 τῆς
3072 2911 3326 2980 τοιαύτης
3355 2912 3672 2979 ἀποφάσεως.

2821 3050 2836 3074 ,
2894 3010 2988 3066 sed
3061 3009 3312 3078 corporis
3379 3014 3580 3058 tantum
3631 3006 3674 3056 cl

2205 3192 2326 3260 Πᾶς
2355 3195 2656 3263 ἅνθρωπος
2694 3194 2826 3255 ζῶν.
2878 3193 3027 3248 Ἀντὶ
3057 3194 3170 3255 τοῦ,
3207 3194 3364 3246 Πᾶσα
3387 3190 3674 3259 ἀνθρωπίνη

2135 3287 2269 3359 ζωή·
2304 3289 2487 3358 σχῆμα
2517 3289 2573 3341 δὲ
2592 3289 2684 3342 καὶ
2709 3289 2870 3342 τοῦτο
2890 3291 2992 3358 τῆς
3031 3286 3315 3359 Ἐϐραΐδος
3347 3289 3522 3356 φωνῆς
3557 3285 3675 3351 (ΛΞΓ

2137 3380 2474 3448 ’Ἄνθρωπος
2501 3383 2772 3448 ψεύστης
2798 3424 2810 3444 ,
2848 3384 2972 3435 ἀντὶ
3017 3381 3133 3445 τοῦ,
3195 3383 3350 3434 Πᾶσα
3394 3378 3676 3448 ἀνθρωπίνη

2138 3470 2286 3535 δόξα,
2355 3472 2576 3540 ψευδής.
2628 3473 2784 3525 Πᾶσα
2842 3468 2957 3536 οὖν,
2997 3473 3185 3542 φησὶν,
3247 3469 3552 3540 ἀνθρωπίνη
3584 3467 3677 3536 ζωὴ

2141 3562 2463 3632 ματαιότης.
2503 3562 3006 3632 Ἑφερμηνευτικὸν
3027 3562 3086 3616 δὲ
3113 3559 3272 3615 τοῦτο
3294 3561 3410 3623 τοῦ,
3461 3559 3534 3611 Τὰ
3564 3557 3678 3624 σύμ-

2141 3672 2320 3708 παντα
2352 3655 2668 3724 ματαιότης.
2715 3655 3093 3724 Ἀνθρωπίνην
3127 3655 3183 3706 δὲ
3218 3653 3364 3722 ζωὴν
3423 3653 3560 3719 λέγει
3598 3649 3680 3715 τὴν

2145 3744 2440 3816 σαρκικὴν,
2473 3745 2588 3797 ἀλλ’
2616 3746 2675 3798 οὐ
2697 3745 2794 3814 τὴν
2829 3745 3226 3814 πνευματικήν.

2207 3839 2426 3892 Μέντοι
2448 3855 2512 3906 τε
2549 3838 2618 3891 ἐν
2641 3839 2824 3892 εἰκόνι
2852 3836 3261 3905 διαπορεύεται
3277 3835 3592 3902 ἄνθρωπος.
3623 3830 3682 3882 Τὸ

2143 3928 2357 3983 Μέντοι
2388 3944 2472 3996 γε,
2497 3929 2593 3981 καὶ
2611 3927 2672 3980 τὸ
2707 3926 2921 3980 Μενοῦν
2949 3944 3036 3994 γε,
3067 3925 3128 3979 τὸ
3155 3925 3326 3988 ὅντως
3351 3925 3561 3995 δηλοῦσι
3585 3941 3599 3955 ο
3634 3921 3682 3973 τὸ

2142 4019 2220 4080 δὲ.
2263 4019 2366 4073 Ἕν
2383 4018 2598 4084 εἰκόνι,
2627 4019 2746 4072 ἀντὶ
2781 4017 2894 4081 τοῦ,
2923 4019 3090 4086 Δίκην
3117 4017 3325 4080 εἰκόνος
3347 4017 3470 4086 βιοῖ.
3500 4016 3684 4079 Ὅπερ

2144 4110 2254 4180 γὰρ
2310 4111 2409 4180 τὴν
2453 4110 2850 4181 γεγραμμένην
2884 4109 3068 4163 εἰκόνα
3101 4108 3254 4162 οὐδὲν
3278 4107 3478 4178 ὠφελεῖ
3512 4105 3567 4158 τδ
3595 4102 3685 4156 ἀπὸ

2145 4201 2254 4254 τῶν
2285 4202 2595 4272 χρωμάτων
2624 4202 2842 4266 κάλλος,
2869 4201 2902 4272 ἢ
2938 4199 3240 4271 μέγεθος,ἢ
3272 4201 3372 4252 ὅσα
3403 4201 3467 4252 ἐκ
3487 4197 3682 4255 τούτων,

2149 4288 2322 4352 οὕτως
2350 4291 2472 4344 οὐδὲ
2500 4291 2591 4344 τὸν
2619 4292 2906 4361 ἄνθρωπον
2936 4291 3241 4360 όνίνησιν.ή
3259 4288 3564 4359 ἀνθρωπίνη
3602 4303 3688 4354 μα-

2149 4380 2437 4451 καριότης.
2474 4382 2544 4434 Ἣ
2589 4383 2692 4436 Ἐν
2716 4383 2924 4448 εἰκόνι,
2948 4381 3071 4436 ἀντὶ
3101 4381 3220 4444 τοῦ,
3253 4382 3342 4434 Ἐν
3375 4382 3522 4451 σκιᾷ,
3547 4377 3620 4432 διὰ
3638 4376 3690 4428 τὸ

2149 4472 2258 4526 τῶν
2288 4473 2642 4543 ἀνθρωπίνων
2671 4474 3016 4545 πραγμάτων
3051 4472 3337 4530 ἀϐέϐαιον.

2223 4658 2399 4725 Πλὴν
2451 4657 2653 4725 μάτην
2712 4656 3099 4725 ταράσσεται.
3140 4653 3466 4708 Τδὲνταῦθα
3527 4646 3692 4714 Πλὴν,

2153 4748 2277 4803 ἀντὶ
2303 4748 2398 4802 τοῦ
2442 4749 2663 4813 Λοιπὸν,
2686 4750 2888 4802 κεῖται.
2920 4747 3140 4818 Μάτην,
3179 4747 3369 4817 φησὶν,
3399 4741 3693 4812 ἀγωνίζεται

2155 4839 2254 4896 καὶ
2275 4857 2342 4892 πε
2353 4842 2636 4911 ρισπᾶται.

2230 4932 2600 5002 Θησαυρίζει,
2625 4932 2724 4987 καὶ
2751 4934 2824 4987 οὐ
2842 4931 3122 5001 γινώσκει
3137 4931 3254 4984 τίνι
3277 4927 3526 4993 συνάξει
3547 4920 3690 4978 αὐτὰ.

476 5015 622 5085 quod
653 5019 894 5073 omnium
919 5021 1368 5077 molestissimum
1399 5031 1505 5086 est,
1531 5023 1804 5077 hmredem
1833 5036 1941 5076 non
1975 5021 2028 5075 di

2157 5026 2272 5082 Καὶ
2297 5026 2359 5079 τὸ
2385 5024 2791 5098 χαλεπώτερον,
2832 5026 2909 5079 ὅτι
2948 5023 3080 5096 περὶ
3130 5021 3400 5092 συλλογὴν
3433 5015 3698 5092 χρημάτων

475 5105 694 5176 gnoscit
741 5120 900 5162 suum
970 5118 986 5162 :
1049 5124 1174 5164 cum
1245 5111 1533 5182 angustias
1589 5119 1645 5164 et
1713 5109 1928 5166 labores
1995 5111 2051 5164 in

2160 5119 2699 5191 ταλαιπωρούμενος,
2751 5119 2870 5172 οὐδὲ
2919 5119 3013 5171 τὸν
3044 5115 3386 5186 κληρονόμον
3418 5105 3593 5165 ἑαυτοῦ
3629 5121 3694 5171 γι·

477 5198 843 5266 congerendis
904 5199 1116 5256 divitiis
1180 5216 1290 5256 non
1351 5202 1658 5256 mediocres
1715 5199 1788 5254 sit
1842 5214 2029 5268 passus

2162 5213 2382 5266 νώσκει.
2437 5211 2546 5264 Καὶ
2588 5211 2622 5281 ή
2675 5210 2773 5280 μὲν
2792 5207 3052 5281 συντριϐὴ
3097 5202 3190 5262 τοῦ
3229 5202 3552 5274 συνάγοντός
3580 5199 3694 5258 ἐστιν

479 5286 693 5344 fructus
723 5291 940 5349 demum
993 5302 1048 5350 ct
1093 5293 1380 5349 commoda
1404 5291 1564 5347 alteri
1608 5298 1664 5346 et
1707 5291 1892 5362 ignoto
1942 5291 2050 5347 haz-

476 5381 598 5438 redi
627 5384 863 5452 reponit.

2155 5302 2217 5356 τὸ
2248 5302 2305 5356 δὲ
2334 5301 2548 5371 κέρδος,
2583 5300 2768 5360 ἄλλον.

555 5559 578 5593 ⁶
611 5557 758 5616 Psal.
789 5578 864 5626 cr,
899 5561 990 5617 24.
1065 5563 1086 5594 ⁷
1117 5559 1264 5615 Psal.
1320 5573 1509 5623 xxxvi,
1571 5559 1663 5617 35.
1740 5559 1760 5591 "
1795 5557 1942 5614 Psal.
1975 5575 2024 5614 cr

2142 5566 2166 5613 ι.
2245 5561 2266 5593 ⁸
2295 5558 2438 5616 Psal.
2471 5575 2596 5627 ριν,
2639 5561 2728 5617 Η.

1799 5702 1996 5763 Varia;
2025 5702 2352 5765 lectiones.

565 5829 675 5896 (42)
705 5830 1024 5886 Α·.Ιι]ειιι1ιιιιι
1067 5831 1300 5883 fortasse
1334 5830 1470 5883 κατὰ
1497 5831 1574 5895 τὸ,
1613 5831 1692 5884 vel
1727 5831 1800 5892 ὡς
1836 5829 1917 5884 τό.
