3866 6544
321 429 425 492 445

1463 429 1611 488 COM
1623 427 1854 488 MENT.
1889 425 1972 484 IN
2013 426 2369 487 PSALMOS.

3437 423 3540 485 456

389 540 492 596 Kal
541 540 677 602 νῦν,
707 539 799 605 τίς
848 541 886 608 ἡ
933 537 1209 608 ὑπομονὴ
1254 556 1412 608 μου;
1439 541 1577 610 οὐχὶ
1624 539 1874 609 Κύριος;

2051 539 2215 594 Vens.
2241 541 2295 592 8‘.
2355 541 2423 592 Et
2455 553 2614 602 nunc,
2643 552 2764 608 qum
2811 537 3130 605 exspectatio
3173 553 3286 591 mea
3309 539 3336 594 ζ’
3372 555 3543 594 nonne

318 635 424 689 Kal.
501 633 686 687 λοιπὸν
736 633 944 687 τούτων
999 633 1170 696 οὕτως
1223 633 1476 702 ἐχόντων,
1526 633 1610 697 τίς
1649 635 1681 701 ὴ
1722 635 1874 697 ἐλπίς

319 740 453 794 μους
513 725 635 794 οὐχὶ
682 725 884 796 Κύριος
939 727 1136 796 μόνοςς
1176 724 1315 780 Κατ’
1376 724 1643 798 ἐρώτησιν
1684 725 1739 778 δὲ
1788 725 1878 778 τὸν

317 818 498 887 στίχον
524 819 925 886 ἀναγνωστέον.

381 991 495 1045 Kal
525 994 562 1060 ἡ
595 995 934 1059 ὑπόστασίς
988 1014 1107 1064 μου
1141 995 1300 1063 παρὰ
1339 997 1456 1050 σοῦ
1497 996 1629 1052 ἐστι
1653 1037 1667 1049 .
1709 996 1878 1066 Καὶή

313 1083 546 1153 ὖπαρξες
582 1103 704 1154 μου,
737 1085 880 1152 λέγω
909 1085 965 1139 δὲ
999 1087 1132 1139 αὐτὸ
1171 1086 1233 1139 τὸ
1278 1087 1415 1150 ὅλως
1453 1081 1596 1140 εἶναι
1635 1104 1725 1157 με,
1774 1087 1897 1139 ἀπὸ⁸

313 1171 410 1224 σοῦ
439 1173 574 1226 ἐστι.
605 1174 697 1226 Διὸ
724 1175 1012 1244 φρόντισον
1040 1176 1134 1229 τοῦ
1181 1175 1272 1229 σοῦ
1303 1176 1642 1243 πλάσματος,
1672 1175 1878 1244 εὐγνω·

313 1267 496 1335 μόνως
519 1269 976 1335 ἐπιγινώσκοντος
1001 1271 1093 1323 τον
1121 1272 1252 1325 ἴδιον
1282 1271 1548 1342 πλάστην.

382 1359 528 1412 Ἀπὸ
582 1360 798 1414 πασῶν
851 1361 970 1415 τῶν
1021 1364 1283 1431 ἀνομιῶν
1320 1383 1438 1433 μου
1477 1365 1662 1432 ῥῦσαι
1689 1382 1784 1432 με.
1813 1366 1879 1423 At

314 1450 540 1518 ἀνομίαι
571 1449 681 1518 γὰρ
727 1449 995 1516 ἐπάγουσι
1041 1453 1168 1514 τοὺς
1211 1452 1551 1523 πειρασμούς
1576 1469 1591 1484 ο
1622 1454 1744 1508 ὅθεν
1774 1453 1882 1508 τῶν

316 1540 510 1592 αἰτίων
569 1541 951 1610 ἀπαλλαγῆναι
1005 1543 1331 1612 παρακαλεῖ.
1389 1545 1459 1597 Ἦ
1507 1545 1602 1598 καὶ
1652 1545 1884 1615 ἀνομίας

314 1630 597 1698 τροπικῶς
619 1630 776 1685 καλεῖ
805 1635 930 1695 τοὺς
951 1635 1308 1705 πειρασμοῦς,
1337 1636 1445 1688 ἀπο
1473 1636 1582 1690 τῶν
1607 1637 1794 1690 αἰτίων
1817 1637 1885 1692 τὰ

312 1720 557 1775 αἱτιατά.

386 1813 655 1880 ’Ὀνειδος
682 1815 897 1884 ἄφρονι
929 1817 1156 1884 ἔδωκάς
1177 1837 1272 1887 με.
1317 1818 1407 1890 Τῷ
1438 1819 1634 1889 Σεμςεί
1654 1835 1669 1850 ο
1725 1819 1883 1873 ὠνεί-

1985 633 2598 695 Dominns?Cmternm,
2633 630 2832 701 inquit.
2877 629 3042 686 rebus
3075 630 3155 684 sic
3191 646 3251 685 se
3293 630 3544 685 hahenti»

1983 727 2106 789 bus,
2140 741 2389 793 quautam
2412 734 2496 779 est
2525 739 2650 792 spes
2676 737 2816 781 mea.
2851 737 3034 776 nonne
3065 723 3214 776 solus
3243 721 3546 778 Dominus?

1979 814 2084 869 Per
2107 814 2584 884 interrogationem
2608 822 2788 868 autem
2815 811 3074 880 legendus
3090 820 3173 867 est
3191 812 3278 866 hic
3302 814 3543 868 versicu-

1981 903 2088 957 lus.

2054 993 2120 1048 Et
2147 995 2440 1049 substantia
2464 1010 2578 1048 mea
2609 1011 2641 1048 a
2668 1003 2712 1048 te
2745 1003 2842 1049 est.
2861 995 2928 1048 Et
2949 993 3184 1048 essentia
3205 1009 3346 1056 mea,
3367 1000 3543 1048 totum

1982 1087 2240 1140 nimirum
2265 1102 2385 1140 esse
2413 1102 2617 1149 meum,
2649 1102 2677 1138 a
2713 1095 2763 1139 te
2783 1096 2884 1140 est.
2919 1087 3117 1140 Curam
3152 1088 3313 1152 igitur
3347 1086 3544 1140 habeto

1982 1186 2248 1233 creatum
2302 1187 2430 1240 tum,
2487 1193 2608 1249 qum
2654 1186 2805 1246 grata
2865 1187 3046 1232 mente
3107 1193 3267 1232 suum
3297 1178 3545 1248 agnoscit

1983 1275 2271 1332 factorem.

2056 1365 2222 1427 Vens.
2253 1366 2306 1420 9.
2334 1365 2408 1418 Ab
2437 1366 2675 1419 omnibus
2705 1367 3070 1434 iniquitatibus
3119 1364 3246 1417 meis
3277 1362 3415 1428 eripe
3443 1377 3543 1414 me.

1983 1458 2308 1526 lniquitates
2336 1458 2478 1510 enim
2509 1472 2674 1510 causa
2731 1473 2852 1511 esse
2882 1459 3064 1511 solent
3097 1456 3459 1509 teutationum
3491 1461 3547 1506 et

1984 1550 2381 1605 calamitatum.
2441 1549 2523 1604 Ab
2564 1548 2873 1617 hujusmocli
2906 1549 3074 1617 igitur
3123 1562 3288 1600 causa
3327 1545 3546 1598 liberari

1984 1645 2154 1707 optat.
2209 1635 2331 1699 Vel,
2395 1652 2490 1705 per
2537 1637 2854 1704 iniquitates
2925 1636 3152 1705 ﬂgurate
3217 1633 3550 1688 tentationes

1987 1727 2261 1795 intelligit,
2285 1727 2450 1781 veluti
2482 1726 2730 1780 allectum
2767 1742 2792 1778 a
2835 1741 3024 1780 causa.

2060 1818 2410 1886 Opprobrinm
2468 1818 2737 1885 insipienti
2787 1817 2982 1871 dedisti
3045 1833 3143 1870 me.
3200 1816 3306 1884 ipsi
3371 1815 3550 1870 Semei

308 1901 426 1972 διζε
474 1904 584 1973 γὰρ
613 1906 799 1970 αὑτὸν,
825 1907 992 1977 ἄνδρα
1040 1911 1356 1980 παράνομον
1387 1913 1480 1964 καὶ
1523 1913 1701 1983 ἄνδρα
1719 1913 1883 1982 αἱμά-

2011 1909 2264 1977 nimirum,
2289 1910 2378 1979 qui
2400 1925 2484 1963 me
2505 1910 2766 1983 conviciis
2791 1909 3042 1977 impctiit,
3067 1909 3310 1977 iniquum
3347 1915 3395 1962 et
3426 1922 3554 1962 san-

309 2011 422 2060 των
486 1996 798 2049 ἀποκαλῶν.
882 1999 1214 2054 Ἐπανέλαϐε
1249 2001 1306 2054 δὲ
1367 2002 1458 2054 τδν
1486 2002 1663 2068 λόγον.
1695 2005 1774 2064 εἰς
1802 2000 1884 2055 οἵ-

311 2101 445 2136 κτον
467 2087 560 2138 τὸν
583 2085 956 2158 εῦσπλαγχνον
984 2089 1074 2141 διὰ
1101 2090 1200 2158 τῆς
1223 2089 1478 2159 συνεχοῦς
1496 2091 1883 2158 ἐλεεινολογῖας

309 2176 720 2245 ἐπισπώμενος.
741 2179 1018 2244 Ὀνειδίζει
1038 2181 1132 2234 καὶ
1165 2185 1192 2234 ὁ
1229 2181 1474 2247 διάϐολος
1499 2185 1610 2246 τοῖς
1638 2183 1888 2255 ἡττωμέ-

311 2286 428 2332 νοις
456 2270 550 2322 ὑπ’
576 2272 741 2324 αὐτοῦ
765 2271 866 2343 τὴν
889 2274 1145 2346 τοιαύτην
1173 2269 1363 2347 ἧτταν.

389 2541 770 2611 Ἐκωςςώοην.
790 2541 984 2610 Ἐκὼν,
1018 2544 1161 2599 ὥστε
1197 2545 1273 2617 μὴ
1299 2545 1520 2600 ἀκούειν
1545 2535 1765 2602 δοκεῖν.’

390 2723 498 2775 Καὲ
539 2725 648 2777 οὐκ
679 2723 894 2792 ἧνοιξα
938 2726 1006 2779 τὸ
1053 2727 1247 2797 στόμα
1275 2744 1416 2797 μου.
1467 2727 1583 2782 Οὐκ
1635 2729 1890 2782 ἀντεῖπον

315 2815 480 2877 ὅλως.

393 2909 524 2960 Ὀτι
539 2907 622 2962 σὺ
636 2908 953 2975 ἐποίησας.
975 2907 1102 2962 Ὀτι
1121 2909 1184 2961 σὺ
1203 2907 1539 2978 προσέταξας
1555 2907 1749 2976 ἐκείνῳ
1769 2907 1888 2977 μὲν,

317 2999 568 3069 ὖερὲζειν
601 3017 698 3070 με·
732 3001 945 3068 Κύριος
975 3000 1108 3069 γὰρ,
1163 3001 1347 3068 φησὶν,
1383 2995 1554 3053 εἷπεν
1600 2998 1760 3064 αὐτῷ
1783 3015 1891 3051 κα-

318 3091 604 3160 κολογεῖν
625 3092 735 3145 τὸν
749 3091 955 3146 Δαϐίδο
987 3090 1110 3166 ἐμοὶ
1137 3091 1215 3158 δὲ,
1242 3093 1422 3162 σιγᾷν.
1449 3092 1740 3161 Ἥμαρτες
1763 3089 1894 3159 γὰρ,

319 3183 513 3254 φησιν.
550 3182 893 3253 ἡσύχασον.

403 3274 777 3340 Ἀπόστησον
825 3273 926 3329 ἀπ’
947 3272 1092 3343 ἐμοῦ
1119 3271 1227 3337 τὰς
1251 3269 1549 3341 μάστιγάς
1574 3283 1713 3323 σου.
1743 3269 1885 3331 Τοὺς

319 3365 465 3418 κατὰ
489 3365 589 3436 σὴν
635 3364 1029 3436 παραχώρησιν
1086 3362 1462 3434 ἐπαγομένους
1512 3359 1712 3426 ἔξωθεν
1761 3377 1888 3412 πει-

325 3458 594 3528 ρασμοὺς,
626 3459 719 3512 καὶ
748 3458 846 3521 τὰς
875 3457 1088 3511 ἔνδοθεν
1139 3457 1249 3510 ἀπὸ
1287 3454 1381 3510 τοῦ
1412 3453 1713 3514 συνειδότος
1748 3450 1889 3521 πλη-

325 3567 453 3617 γας.

407 3643 554 3696 Ἀπὸ
578 3642 688 3712 γὰρ
714 3642 826 3711 τῆς
857 3643 1066 3712 ἰσχύος
1088 3643 1199 3709 τῆς
1222 3643 1418 3710 χειρός
1449 3656 1565 3695 σου
1597 3639 1712 3708 ἐγὼ
1764 3638 1892 3702 ἐξέ-

325 3737 530 3788 Amor.
565 3736 736 3803 Χεῖρα
761 3733 860 3787 νῦν
887 3733 985 3805 τὴν
1035 3735 1363 3804 κολαστικὴν
1411 3733 1640 3802 δύναμιν
1699 3733 1850 3799 λέγει
1874 3749 1889 3762 ⁸

339 3827 662 3891 Ἐξέλιπον
683 3829 762 3890 δὲ,
785 3828 906 3881 ἀντὶ
938 3826 1054 3892 τοῦ,
1117 3827 1312 3881 Τέλεον
1346 3827 1640 3896 ἠσθένησα.
1693 3827 1893 3881 Σκόπει

327 3917 405 3980 δέ,
463 3918 583 3980 πῶς
609 3921 668 3973 ἐν
699 3917 800 3988 μὲν
852 3920 930 3987 τῷ
985 3919 1308 3990 προλαϐόντι
1355 3919 1576 3989 ψαλμῷ,
1640 3919 1896 3990 παρέχων

330 4011 522 4064 ἑαυτὸν
577 4014 696 4072 ταῖς
747 4011 1121 4074 παιδευτικαῖς
1187 4011 1423 4080 πληγαῖς
1449 4053 1464 4074 ,
1516 4011 1724 4078 ἔλεγεν,
1770 4012 1895 4064 Ὅτι

329 4101 445 4171 ἐγὼ
505 4103 591 4168 εἰς
645 4101 944 4171 μάστιγας
984 4101 1251 4168 ἕτοιμος·
1301 4100 1398 4152 νῦν
1429 4098 1484 4162 δὲ
1529 4098 1897 4168 μαστιγωθεὶς

333 4192 554 4256 ἱκανῶς.
591 4194 846 4262 ἀνεθῆναι
881 4191 1242 4253 καθικετεύει.
1298 4192 1497 4262 μήπως
1529 4193 1595 4260 τῇ
1639 4207 1898 4260 περισσο-

331 4285 464 4354 τέρᾳ
489 4284 634 4356 λύπῃ
655 4285 962 4358 καταποθῇ.

412 4377 511 4428 Ἐν
572 4376 846 4444 ἐλεγμοῖς
892 4374 1046 4444 ὑπὲρ
1087 4376 1338 4445 ἀνομίας
1395 4373 1762 4436 ἐπαίδευσας
1791 4373 1898 4426 ἄν·

333 4473 587 4534 θρωπον.
657 4467 748 4520 Ἐν
808 4466 886 4537 τῷ
940 4467 1206 4538 ἐλέγχειν,
1267 4464 1546 4519 τουτέστιν
1605 4464 1895 4534 ἰατρεύειν,

1987 2000 2296 2070 guinarium
2345 2000 2640 2070 appellans.
2687 2001 3066 2068 Rcassumpsit
3115 2007 3294 2052 autem
3337 2013 3552 2052 sermo-

1988 2107 2110 2146 nem
2146 2091 2436 2160 Propheta,
2473 2102 2521 2146 et
2554 2107 2648 2160 per
2678 2092 2922 2146 crebram
2959 2091 3300 2146 miseriarum
3328 2105 3550 2144 suarum

1986 2184 2562 2238 commemorationem
2623 2183 3034 2238 misericordem
3065 2183 3228 2237 Deum
3284 2181 3456 2252 magis
3487 2181 3553 2236 ad

1989 2275 2421 2329 misericordiam
2461 2276 2650 2334 trahit.
2683 2275 2834 2328 Solet
2855 2275 3012 2328 etiam
3046 2274 3256 2328 daemon
3297 2274 3364 2327 iis
3403 2273 3492 2341 qui
3523 2289 3554 2326 ιι

1991 2382 2050 2420 se
2107 2367 2236 2420 victi
2300 2367 2522 2429 fuerint,
2579 2368 2863 2419 victoriam
2936 2380 3088 2420 suam
3158 2365 3550 2434 improperare.

1990 2464 2156 2523 atque
2188 2456 2239 2508 in
2269 2455 2392 2510 illos
2416 2456 2613 2523 probra
2636 2455 2841 2525 jacere.

2061 2546 2228 2602 Vens.
2269 2547 2355 2602 te.
2389 2547 2678 2603 Obsurdui.
2706 2548 2916 2618 Sponte
2942 2561 3058 2601 mea
3100 2547 3382 2611 nimirum,
3418 2546 3554 2601 adeo

1994 2649 2052 2692 ιιι
2078 2656 2184 2693 non
2224 2639 2416 2692 audire
2444 2640 2596 2692 visus
2629 2640 2754 2692 sim.

2064 2730 2130 2783 Et
2177 2748 2278 2784 non
2313 2732 2494 2800 aperui
2550 2748 2606 2784 os
2650 2747 2838 2786 meum.
2883 2729 3066 2801 Neque
3111 2730 3314 2800 aliquid
3366 2739 3556 2784 contra

1993 2823 2125 2878 dixi.

2066 2915 2332 2982 Quoniam
2366 2923 2420 2968 tu
2451 2916 2637 2987 fecisti.
2685 2915 2846 2980 Quia,
2895 2915 3092 2984 inquit,
3126 2924 3179 2968 tu
3211 2914 3259 2969 ci
3289 2911 3558 2967 mandasti

1997 3018 2056 3063 ut
2091 3009 2226 3062 mihi
2256 3008 2680 3062 conviciaretur.
2715 3007 2974 3060 Dominus
2998 3005 3381 3074 enim,inquit.
3422 2993 3560 3058 difit

1994 3099 2062 3164 ei,
2096 3108 2153 3152 ut
2178 3099 2512 3153 malediceret
2542 3098 2710 3151 David
2751 3099 2824 3164 I0;
2862 3105 2916 3152 et
2944 3099 3073 3152 mihi
3099 3097 3263 3152 etiam
3295 3096 3479 3166 jussit,
3503 3105 3562 3148 ut

1997 3201 2232 3246 tacerem
2265 3210 2279 3246 :
2315 3190 2742 3254 Peccastienim,
2781 3189 2976 3259 inquit,
3013 3189 3206 3243 tace".

2055 3283 2251 3335 Amove
2281 3298 2312 3334 a
2345 3298 2426 3334 me
2454 3281 2643 3351 plagas.
2702 3288 2844 3333 tuas.
2900 3279 3260 3334 Tentationes
3303 3277 3562 3332 videlicet

1991 3375 2045 3424 et
2073 3371 2411 3425 calamitates
2447 3385 2569 3439 quae
2610 3369 2744 3422 mihi
2769 3370 3016 3424 exterius
3047 3368 3418 3439 permissione
3443 3377 3560 3427 tua.

1990 3471 2043 3519 et
2100 3463 2383 3524 stimulos.
2435 3462 2527 3519 aui
2586 3463 2821 3518 interius
2859 3479 2888 3516 a
2928 3477 3044 3516 mea
3075 3462 3393 3517 inferuntur
3423 3475 3562 3516 con-

1991 3555 2252 3612 scientia.

2062 3647 2226 3704 Vens.
2257 3645 2342 3703 ii.
2377 3647 2417 3700 Α
2449 3648 2762 3717 fortitudine
2789 3664 2975 3702 manus
2997 3656 3100 3701 tute
3129 3663 3218 3718 ego
3251 3645 3434 3715 defeci.
3463 3643 3565 3698 Per

1993 3757 2214 3794 manum
2245 3741 2334 3794 hic
2361 3743 2620 3810 puniendi
2671 3743 2969 3809 potentiam
3010 3740 3290 3810 intelligit.
3361 3738 3562 3805 Defeci,

1995 3833 2189 3900 inquit.
2220 3833 2322 3886 hoc
2354 3843 2457 3897 est,
2500 3833 2813 3887 debilitatus
2848 3849 2991 3887 sum.
3051 3833 3186 3886 Illud
3243 3831 3564 3893 considera,

1995 3923 2273 3992 quomodo
2305 3923 2358 3976 in
2384 3923 2715 3992 praecedenti
2773 3924 2985 3992 psalmo
3017 3922 3314 3992 Propheta,
3339 3919 3570 3989 ﬂagellis

1997 4027 2057 4068 se
2095 4011 2456 4067 erudiendum
2513 4027 2816 4081 exponens,
2854 4011 3060 4066 diceret
3104 4026 3119 4062 :
3183 4008 3452 4075 Quoniam
3509 4007 3566 4059 in

1997 4104 2211 4175 ﬂagella
2238 4113 2456 4171 paratus
2473 4119 2589 4156 sum
2617 4105 2657 4134 "
2679 4145 2695 4170 ,
2720 4114 2772 4158 et
2796 4118 2942 4158 nunc
2976 4103 3057 4156 eis
3094 4101 3318 4171 gravius
3343 4114 3572 4169 percus-

1999 4212 2116 4260 sus,
2175 4195 2308 4251 solvi
2371 4203 2567 4263 rogat,
2602 4210 2669 4250 ne
2727 4195 2979 4264 ampliori
3034 4193 3421 4248 absorberetur
3472 4191 3572 4246 tri-

2001 4291 2177 4346 stitia.
3565 4285 3568 4288 ’

1999 4394 2001 4397 ’
2070 4379 2521 4451 Increpationibus
2551 4386 2761 4447 propter
2791 4378 3093 4447 iniquitates
3145 4375 3366 4430 erudisti
3390 4373 3574 4428 homi-

2004 4489 2142 4528 nem.
2181 4470 2313 4525 Dum
2344 4471 2614 4540 increpas.
2652 4469 2856 4538 inquit,
2901 4475 2954 4522 et
2985 4466 3294 4537 redarguis,
3334 4466 3437 4519 hoc
3463 4471 3572 4526 est.

336 4559 662 4621 ἐπαίδευσας
693 4559 1002 4630 ἄνθρωπον,
1055 4560 1243 4612 ἕνεκεν
1296 4558 1546 4628 ἀνομίας,
1588 4557 1648 4610 οὐ
1681 4558 1751 4611 δι’
1779 4556 1891 4610 ἓτε-

2011 4564 2132 4618 dum
2189 4563 2279 4633 pie
2337 4561 2598 4626 mcderis,
2648 4559 2878 4615 erudisti
2909 4559 3185 4614 hominem
3217 4574 3234 4613 :
3270 4566 3435 4626 atque
3470 4556 3575 4609 hoc

338 4652 428 4722 ρον
460 4669 539 4704 τι.
569 4651 736 4704 Ὥστε
775 4651 1091 4722 σωτήριοςή
1130 4649 1345 4708 παιδεία
1378 4667 1471 4704 σου
1493 4667 1506 4680 ·
1530 4649 1814 4720 ἄνθρωπον
1843 4646 1900 4700 δὲ

335 4743 482 4812 λέγει
509 4743 718 4808 ἑαυτὸν.

407 4947 515 5000 Kal
555 4944 845 5012 ἐξέτηξας
870 4945 950 5010 ὠς
1001 4944 1275 5014 ἀράχνην
1295 4943 1410 5012 τὴν
1439 4943 1652 5012 ψυχὴν
1692 4941 1900 4996 αὑτοῦ.

342 5037 450 5090 Καὶ
481 5035 784 5100 ἐλέπτυνας
813 5037 1018 5106 ταύτην
1040 5039 1154 5099 τοῖς
1191 5039 1542 5108 πειρασμοῖς.
1583 5033 1906 5102 περικαθαῑ-

345 5145 451 5198 ρων
473 5127 536 5181 τὸ
550 5128 660 5182 ἀπὸ
686 5130 784 5198 τῆς
809 5129 1087 5201 ἁμαρτίας
1108 5130 1280 5198 πάχος
1308 5128 1475 5198 αὐτῆς
1497 5145 1512 5160 ο
1559 5127 1908 5180 λεπτὼτατον

341 5221 393 5279 δὲ
423 5221 584 5286 ζῶον,
618 5221 648 5276 ὁ
677 5221 942 5291 ἀράχνης,
997 5221 1090 5274 καὶ
1141 5221 1341 5290 μᾶλλον
1373 5220 1467 5273 ἐπὶ
1501 5221 1614 5282 τοῖς
1664 5217 1904 5276 σκέλεσι.

343 5311 578 5381 noxave:
632 5311 732 5382 μὲν
761 5312 868 5384 γάρ
911 5313 1010 5382 τὴν
1062 5311 1240 5384 ψυχὴν
1270 5312 1304 5382 ἡ
1338 5311 1616 5382 ἁμαρτίασ
1656 5309 1907 5373 λεπτύνει

343 5401 396 5456 δέ
429 5403 462 5470 ἡ
493 5401 861 5457 κακοπάθεια.

415 5664 588 5731 Πλῖεν
629 5667 828 5734 μάτην
853 5669 972 5736 πᾶς
1012 5671 1343 5739 ἅνθρωπος.
1374 5670 1542 5723 Πάλιν
1574 5669 1909 5723 ἐπανέλαόεν

435 5848 476 5880 ¹⁰
504 5847 548 5904 ll
578 5847 712 5916 Reg.
742 5867 853 5914 xw,
893 5851 975 5904 l0.

2005 4667 2226 4726 propter
2262 4653 2605 4723 iniquitates.
2625 4658 2679 4706 et
2702 4667 2808 4705 non
2834 4652 2938 4704 alia
2967 4652 3032 4705 de
3072 4665 3266 4704 causa.
3307 4646 3577 4701 Salutaris

2005 4761 2083 4803 est
2111 4749 2273 4816 igitur
2330 4746 2620 4817 castigatio
2663 4753 2786 4808 tua;
2819 4759 2916 4814 per
2966 4742 3244 4800 hominem
3289 4755 3422 4794 vero
3476 4738 3580 4794 sei-

2007 4856 2165 4912 psum
2201 4838 2480 4908 intelligit.

2074 4933 2242 4988 Vens.
2277 4931 2360 4984 1‘2.
2403 4930 2466 4985 Et
2526 4931 2820 4985 extentioin
2849 4929 2987 4982 sicut
3025 4942 3278 4981 araneam
3349 4923 3583 4977 animum

2007 5040 2198 5078 meam.
2226 5021 2469 5082 Crebris.
2526 5020 2721 5090 inquit.
2779 5017 3181 5077 tentationihus
3244 5025 3304 5069 et
3355 5012 3583 5082 ﬂagellis

2015 5112 2312 5175 attenuasti
2363 5113 2601 5168 animam
2666 5126 2840 5166 meam
2907 5106 3383 5166 :crassltudinem
3434 5103 3580 5156 illam

2015 5208 2299 5272 nimirum,
2331 5222 2457 5278 qua:
2500 5207 2572 5262 ob
2601 5213 2824 5278 peccata
2859 5209 3240 5264 concreverat,
3271 5197 3318 5252 ei
3345 5196 3584 5250 circum-

2013 5302 2221 5357 cidens.
2276 5300 2368 5358 Est
2424 5307 2607 5354 autem
2671 5313 2865 5352 aranea
2895 5297 3036 5351 exile
3066 5291 3294 5355 animal,
3316 5289 3402 5343 cui
3438 5303 3586 5343 nunc

2019 5393 2258 5450 animam
2325 5407 2482 5448 suam
2554 5397 2856 5459 comparat.
2913 5387 3063 5441 Solet
3115 5385 3258 5440 enim
3321 5381 3500 5440 anima
3555 5394 3586 5432 a

2020 5486 2258 5556 peccatis
2297 5482 2700 5554 quodammodo
2751 5481 2988 5535 crassior
3013 5478 3204 5544 reddi,
3233 5487 3287 5532 et
3353 5480 3545 5530 contra
3568 5510 3588 5540 ,

2021 5576 2309 5630 aﬂlictione
2347 5582 2398 5630 et
2434 5573 2660 5643 ﬂagellis
2694 5571 2988 5628 attenuari.

2105 5664 2471 5719 Verumtamen
2533 5663 2738 5732 frustra
2782 5663 2950 5718 omnis
2980 5663 3157 5718 homo.
3193 5659 3271 5716 Ad
3325 5667 3589 5729 majorem

1089 5850 1272 5906 “Psal
1335 5851 1600 5914 xux,2l.
1683 5850 1893 5905 "i‘sal.
1947 5862 2154 5909 xxxvn,
2220 5845 2304 5936 ιξ.
