  <div class='ocr_page' id='page_1' title='image "/cluster/home/n/w/nwhite01/storage/ocr_20150623/128/hvd.32044019208230/231.png"; bbox 0 0 3866 6542; ppageno 0'>
   <div class='ocr_carea' id='block_1_1' title="bbox 347 375 452 436">
    <p class='ocr_par' dir='ltr' id='par_1_1' title="bbox 347 375 452 436">
     <span class='ocr_line' id='line_1_1' title="bbox 347 375 452 436; baseline 0 0"><span class='ocrx_word' id='word_1_1' title='bbox 347 375 452 436; x_wconf 62' lang='grc'><strong>447</strong></span> 
     </span>
    </p>
   </div>
   <div class='ocr_carea' id='block_1_2' title="bbox 1563 381 2354 442">
    <p class='ocr_par' dir='ltr' id='par_1_2' title="bbox 1563 381 2354 442">
     <span class='ocr_line' id='line_1_2' title="bbox 1563 381 2354 442; baseline -0.006 0"><span class='ocrx_word' id='word_1_2' title='bbox 1563 381 1950 442; x_wconf 79' lang='lat' dir='ltr'><strong>EUTHYMII</strong></span> <span class='ocrx_word' id='word_1_3' title='bbox 1993 381 2354 440; x_wconf 79' lang='lat' dir='ltr'><strong>ZIGABENI</strong></span> 
     </span>
    </p>
   </div>
   <div class='ocr_carea' id='block_1_3' title="bbox 3492 370 3584 437">
    <p class='ocr_par' dir='ltr' id='par_1_3' title="bbox 3492 370 3584 437">
     <span class='ocr_line' id='line_1_3' title="bbox 3492 370 3584 437; baseline 0.022 -3"><span class='ocrx_word' id='word_1_4' title='bbox 3492 370 3584 437; x_wconf 55' lang='lat' dir='ltr'><strong>iii</strong></span> 
     </span>
    </p>
   </div>
   <div class='ocr_carea' id='block_1_4' title="bbox 349 486 1918 562">
    <p class='ocr_par' dir='ltr' id='par_1_4' title="bbox 349 487 1918 557">
     <span class='ocr_line' id='line_1_4' title="bbox 349 487 1918 557; baseline 0.006 -21"><span class='ocrx_word' id='word_1_5' title='bbox 349 487 848 542; x_wconf 77' lang='lat' dir='ltr'><strong>corroborationem</strong></span> <span class='ocrx_word' id='word_1_6' title='bbox 904 489 1195 546; x_wconf 70' lang='lat' dir='ltr'><strong>sententia:</strong></span> <span class='ocrx_word' id='word_1_7' title='bbox 1246 506 1274 544; x_wconf 90' lang='lat' dir='ltr'><strong>a</strong></span> <span class='ocrx_word' id='word_1_8' title='bbox 1320 505 1379 546; x_wconf 91' lang='lat' dir='ltr'><strong>se</strong></span> <span class='ocrx_word' id='word_1_9' title='bbox 1440 491 1626 557; x_wconf 58' lang='lat' dir='ltr'><strong>dictae,</strong></span> <span class='ocrx_word' id='word_1_10' title='bbox 1673 493 1918 548; x_wconf 78' lang='lat' dir='ltr'><strong>euuulem</strong></span> 
     </span>
    </p>
   </div>
   <div class='ocr_carea' id='block_1_5' title="bbox 2038 486 3582 562">
    <p class='ocr_par' dir='ltr' id='par_1_5' title="bbox 2038 486 3582 562">
     <span class='ocr_line' id='line_1_5' title="bbox 2038 486 3582 562; baseline -0.001 -17"><span class='ocrx_word' id='word_1_11' title='bbox 2038 491 2122 546; x_wconf 81' lang='grc' dir='ltr'><strong>τὸν</strong></span> <span class='ocrx_word' id='word_1_12' title='bbox 2171 490 2300 562; x_wconf 71' lang='grc' dir='ltr'>περὶ</span> <span class='ocrx_word' id='word_1_13' title='bbox 2321 489 2511 543; x_wconf 82' lang='grc' dir='ltr'>τούτου</span> <span class='ocrx_word' id='word_1_14' title='bbox 2535 489 2694 558; x_wconf 88' lang='grc' dir='ltr'>λόγον</span> <span class='ocrx_word' id='word_1_15' title='bbox 2737 486 2872 558; x_wconf 59' lang='grc' dir='ltr'>προς</span> <span class='ocrx_word' id='word_1_16' title='bbox 2926 487 3276 560; x_wconf 73' lang='grc' dir='ltr'>βεϐαιοτέραν</span> <span class='ocrx_word' id='word_1_17' title='bbox 3325 488 3582 560; x_wconf 66' lang='grc' dir='ltr'>πληροφο-</span> 
     </span>
    </p>
   </div>
   <div class='ocr_carea' id='block_1_6' title="bbox 353 579 1924 656">
    <p class='ocr_par' dir='ltr' id='par_1_6' title="bbox 353 579 1924 656">
     <span class='ocr_line' id='line_1_6' title="bbox 353 579 1924 656; baseline 0.004 -24"><span class='ocrx_word' id='word_1_18' title='bbox 353 579 624 650; x_wconf 84' lang='lat' dir='ltr'><strong>Propheta</strong></span> <span class='ocrx_word' id='word_1_19' title='bbox 680 582 876 650; x_wconf 77' lang='lat' dir='ltr'><strong>repetit</strong></span> <span class='ocrx_word' id='word_1_20' title='bbox 899 597 1249 650; x_wconf 82' lang='lat' dir='ltr'><strong>sermonem;</strong></span> <span class='ocrx_word' id='word_1_21' title='bbox 1283 584 1808 656; x_wconf 84' lang='lat' dir='ltr'><strong>subintelligcndum</strong></span> <span class='ocrx_word' id='word_1_22' title='bbox 1841 595 1924 640; x_wconf 83' lang='lat' dir='ltr'><strong>est</strong></span> 
     </span>
    </p>
   </div>
   <div class='ocr_carea' id='block_1_7' title="bbox 349 668 1214 728">
    <p class='ocr_par' dir='ltr' id='par_1_7' title="bbox 349 668 1214 728">
     <span class='ocr_line' id='line_1_7' title="bbox 349 668 1214 728; baseline 0.005 -6"><span class='ocrx_word' id='word_1_23' title='bbox 349 678 528 722; x_wconf 90' lang='lat' dir='ltr'><strong>tamen</strong></span> <span class='ocrx_word' id='word_1_24' title='bbox 553 668 798 725; x_wconf 83' lang='lat' dir='ltr'><strong>verbum.</strong></span> <span class='ocrx_word' id='word_1_25' title='bbox 828 669 1214 728; x_wconf 78' lang='lat' dir='ltr'><strong>Conturbatur.</strong></span> 
     </span>
    </p>
   </div>
   <div class='ocr_carea' id='block_1_8' title="bbox 418 755 1922 828">
    <p class='ocr_par' dir='ltr' id='par_1_8' title="bbox 418 755 1922 828">
     <span class='ocr_line' id='line_1_8' title="bbox 418 755 1922 828; baseline 0.005 -18"><span class='ocrx_word' id='word_1_26' title='bbox 418 755 587 812; x_wconf 75' lang='lat' dir='ltr'><strong>Vens.</strong></span> <span class='ocrx_word' id='word_1_27' title='bbox 620 757 704 810; x_wconf 75' lang='lat' dir='ltr'><strong>l3.</strong></span> <span class='ocrx_word' id='word_1_28' title='bbox 771 756 983 813; x_wconf 76' lang='lat' dir='ltr'><strong>Exaudi</strong></span> <span class='ocrx_word' id='word_1_29' title='bbox 1044 762 1342 816; x_wconf 85' lang='lat' dir='ltr'><strong>orationem</strong></span> <span class='ocrx_word' id='word_1_30' title='bbox 1371 779 1540 816; x_wconf 87' lang='lat' dir='ltr'><strong>meam</strong></span> <span class='ocrx_word' id='word_1_31' title='bbox 1562 803 1577 828; x_wconf 88' lang='lat'><strong>,</strong></span> <span class='ocrx_word' id='word_1_32' title='bbox 1607 764 1848 824; x_wconf 86' lang='lat' dir='ltr'><strong>Domine.</strong></span> <span class='ocrx_word' id='word_1_33' title='bbox 1873 772 1922 817; x_wconf 88' lang='lat' dir='ltr'><strong>et</strong></span> 
     </span>
    </p>
   </div>
   <div class='ocr_carea' id='block_1_9' title="bbox 347 848 1924 923">
    <p class='ocr_par' dir='ltr' id='par_1_9' title="bbox 347 848 1924 923">
     <span class='ocr_line' id='line_1_9' title="bbox 347 848 1924 923; baseline 0.004 -23"><span class='ocrx_word' id='word_1_34' title='bbox 347 848 781 918; x_wconf 74' lang='lat' dir='ltr'><strong>supplicationem</strong></span> <span class='ocrx_word' id='word_1_35' title='bbox 839 867 1007 904; x_wconf 84' lang='lat' dir='ltr'><strong>meam</strong></span> <span class='ocrx_word' id='word_1_36' title='bbox 1051 853 1272 906; x_wconf 81' lang='lat' dir='ltr'><strong>auribus</strong></span> <span class='ocrx_word' id='word_1_37' title='bbox 1326 854 1550 922; x_wconf 77' lang='lat' dir='ltr'><strong>percipe.</strong></span> <span class='ocrx_word' id='word_1_38' title='bbox 1586 853 1730 906; x_wconf 84' lang='lat' dir='ltr'><strong>Idem</strong></span> <span class='ocrx_word' id='word_1_39' title='bbox 1769 869 1924 923; x_wconf 69' lang='lat' dir='ltr'><strong>mque</strong></span> 
     </span>
    </p>
   </div>
   <div class='ocr_carea' id='block_1_10' title="bbox 348 939 1925 1015">
    <p class='ocr_par' dir='ltr' id='par_1_10' title="bbox 348 939 1925 1015">
     <span class='ocr_line' id='line_1_10' title="bbox 348 939 1925 1015; baseline 0.004 -23"><span class='ocrx_word' id='word_1_40' title='bbox 348 940 655 1009; x_wconf 76' lang='lat' dir='ltr'><strong>significant</strong></span> <span class='ocrx_word' id='word_1_41' title='bbox 685 939 798 996; x_wconf 69' lang='lat' dir='ltr'><strong>haec</strong></span> <span class='ocrx_word' id='word_1_42' title='bbox 827 943 1013 1008; x_wconf 87' lang='lat' dir='ltr'><strong>verba,</strong></span> <span class='ocrx_word' id='word_1_43' title='bbox 1040 957 1136 1012; x_wconf 89' lang='lat' dir='ltr'><strong>per</strong></span> <span class='ocrx_word' id='word_1_44' title='bbox 1170 944 1493 1015; x_wconf 85' lang='lat' dir='ltr'><strong>Prophetam</strong></span> <span class='ocrx_word' id='word_1_45' title='bbox 1532 959 1682 999; x_wconf 87' lang='lat' dir='ltr'><strong>more</strong></span> <span class='ocrx_word' id='word_1_46' title='bbox 1717 958 1818 999; x_wconf 91' lang='lat' dir='ltr'><strong>suo</strong></span> <span class='ocrx_word' id='word_1_47' title='bbox 1845 945 1925 998; x_wconf 90' lang='lat' dir='ltr'><strong>sic</strong></span> 
     </span>
    </p>
   </div>
   <div class='ocr_carea' id='block_1_11' title="bbox 349 1029 701 1099">
    <p class='ocr_par' dir='ltr' id='par_1_11' title="bbox 349 1029 701 1099">
     <span class='ocr_line' id='line_1_11' title="bbox 349 1029 701 1099; baseline 0.011 -17"><span class='ocrx_word' id='word_1_48' title='bbox 349 1029 701 1099; x_wconf 76' lang='lat' dir='ltr'><strong>ingeminata.</strong></span> 
     </span>
    </p>
   </div>
   <div class='ocr_carea' id='block_1_12' title="bbox 413 1122 1918 1195">
    <p class='ocr_par' dir='ltr' id='par_1_12' title="bbox 413 1122 1918 1195">
     <span class='ocr_line' id='line_1_12' title="bbox 413 1122 1918 1195; baseline 0.003 -18"><span class='ocrx_word' id='word_1_49' title='bbox 413 1122 705 1194; x_wconf 84' lang='lat' dir='ltr'><strong>Lacrymas</strong></span> <span class='ocrx_word' id='word_1_50' title='bbox 736 1142 876 1180; x_wconf 81' lang='lat' dir='ltr'><strong>meas</strong></span> <span class='ocrx_word' id='word_1_51' title='bbox 895 1143 957 1180; x_wconf 80' lang='lat' dir='ltr'><strong>ne</strong></span> <span class='ocrx_word' id='word_1_52' title='bbox 976 1128 1154 1184; x_wconf 78' lang='lat' dir='ltr'><strong>sileas.</strong></span> <span class='ocrx_word' id='word_1_53' title='bbox 1174 1128 1231 1182; x_wconf 85' lang='lat' dir='ltr'><strong>Id</strong></span> <span class='ocrx_word' id='word_1_54' title='bbox 1257 1135 1362 1192; x_wconf 84' lang='lat' dir='ltr'><strong>est,</strong></span> <span class='ocrx_word' id='word_1_55' title='bbox 1386 1127 1458 1182; x_wconf 83' lang='lat' dir='ltr'><strong>Ne</strong></span> <span class='ocrx_word' id='word_1_56' title='bbox 1471 1127 1762 1195; x_wconf 87' lang='lat' dir='ltr'><strong>despicias.</strong></span> <span class='ocrx_word' id='word_1_57' title='bbox 1785 1125 1918 1182; x_wconf 85' lang='lat' dir='ltr'><strong>Nam</strong></span> 
     </span>
    </p>
   </div>
   <div class='ocr_carea' id='block_1_13' title="bbox 346 1215 1922 1286">
    <p class='ocr_par' dir='ltr' id='par_1_13' title="bbox 346 1215 1922 1286">
     <span class='ocr_line' id='line_1_13' title="bbox 346 1215 1922 1286; baseline 0.005 -19"><span class='ocrx_word' id='word_1_58' title='bbox 346 1215 438 1284; x_wconf 90' lang='lat' dir='ltr'><strong>qui</strong></span> <span class='ocrx_word' id='word_1_59' title='bbox 484 1215 720 1284; x_wconf 77' lang='lat' dir='ltr'><strong>aliquem</strong></span> <span class='ocrx_word' id='word_1_60' title='bbox 788 1219 1124 1286; x_wconf 85' lang='lat' dir='ltr'><strong>despiciunt,</strong></span> <span class='ocrx_word' id='word_1_61' title='bbox 1153 1227 1337 1274; x_wconf 90' lang='lat' dir='ltr'><strong>tacere</strong></span> <span class='ocrx_word' id='word_1_62' title='bbox 1363 1219 1562 1274; x_wconf 89' lang='lat' dir='ltr'><strong>solent.</strong></span> <span class='ocrx_word' id='word_1_63' title='bbox 1600 1219 1922 1275; x_wconf 81' lang='lat' dir='ltr'><strong>Indiﬂ‘erens</strong></span> 
     </span>
    </p>
   </div>
   <div class='ocr_carea' id='block_1_14' title="bbox 346 1307 1942 1370">
    <p class='ocr_par' dir='ltr' id='par_1_14' title="bbox 346 1307 1942 1370">
     <span class='ocr_line' id='line_1_14' title="bbox 346 1307 1942 1370; baseline 0.004 -15"><span class='ocrx_word' id='word_1_64' title='bbox 346 1314 523 1358; x_wconf 86' lang='lat' dir='ltr'><strong>autem</strong></span> <span class='ocrx_word' id='word_1_65' title='bbox 546 1314 631 1359; x_wconf 90' lang='lat' dir='ltr'><strong>est</strong></span> <span class='ocrx_word' id='word_1_66' title='bbox 663 1309 1006 1362; x_wconf 83' lang='lat' dir='ltr'><strong>constructio</strong></span> <span class='ocrx_word' id='word_1_67' title='bbox 1039 1309 1351 1370; x_wconf 85' lang='lat' dir='ltr'><strong>verborum,</strong></span> <span class='ocrx_word' id='word_1_68' title='bbox 1385 1307 1600 1362; x_wconf 74' lang='lat' dir='ltr'><strong>Exaudi</strong></span> <span class='ocrx_word' id='word_1_69' title='bbox 1642 1317 1696 1362; x_wconf 90' lang='lat' dir='ltr'><strong>et</strong></span> <span class='ocrx_word' id='word_1_70' title='bbox 1731 1307 1813 1362; x_wconf 82' lang='lat' dir='ltr'><strong>Ne</strong></span> <span class='ocrx_word' id='word_1_71' title='bbox 1847 1311 1942 1362; x_wconf 74' lang='grc' dir='ltr'><strong>εἱ·-</strong></span> 
     </span>
    </p>
   </div>
   <div class='ocr_carea' id='block_1_15' title="bbox 347 1396 1925 1473">
    <p class='ocr_par' dir='ltr' id='par_1_15' title="bbox 347 1396 1925 1473">
     <span class='ocr_line' id='line_1_15' title="bbox 347 1396 1925 1473; baseline 0.004 -25"><span class='ocrx_word' id='word_1_72' title='bbox 347 1396 476 1450; x_wconf 84' lang='lat' dir='ltr'><strong>leas.</strong></span> <span class='ocrx_word' id='word_1_73' title='bbox 520 1396 654 1452; x_wconf 80' lang='lat' dir='ltr'><strong>Illud</strong></span> <span class='ocrx_word' id='word_1_74' title='bbox 686 1402 852 1456; x_wconf 89' lang='lat' dir='ltr'><strong>etiam</strong></span> <span class='ocrx_word' id='word_1_75' title='bbox 885 1402 1201 1466; x_wconf 89' lang='lat' dir='ltr'><strong>considera,</strong></span> <span class='ocrx_word' id='word_1_76' title='bbox 1255 1401 1529 1472; x_wconf 84' lang='lat' dir='ltr'><strong>quomodo</strong></span> <span class='ocrx_word' id='word_1_77' title='bbox 1572 1416 1681 1455; x_wconf 90' lang='lat' dir='ltr'><strong>non</strong></span> <span class='ocrx_word' id='word_1_78' title='bbox 1712 1401 1925 1473; x_wconf 63' lang='lat' dir='ltr'><strong>simpli.</strong></span> 
     </span>
    </p>
   </div>
   <div class='ocr_carea' id='block_1_16' title="bbox 344 1489 1744 1562">
    <p class='ocr_par' dir='ltr' id='par_1_16' title="bbox 344 1489 1744 1562">
     <span class='ocr_line' id='line_1_16' title="bbox 344 1489 1744 1562; baseline 0.004 -22"><span class='ocrx_word' id='word_1_79' title='bbox 344 1489 482 1542; x_wconf 85' lang='lat' dir='ltr'><strong>eiter</strong></span> <span class='ocrx_word' id='word_1_80' title='bbox 502 1500 622 1544; x_wconf 88' lang='lat' dir='ltr'><strong>orat</strong></span> <span class='ocrx_word' id='word_1_81' title='bbox 654 1490 928 1562; x_wconf 83' lang='lat' dir='ltr'><strong>Propheta</strong></span> <span class='ocrx_word' id='word_1_82' title='bbox 957 1503 1160 1559; x_wconf 84' lang='lat' dir='ltr'><strong>noster,</strong></span> <span class='ocrx_word' id='word_1_83' title='bbox 1199 1492 1291 1546; x_wconf 88' lang='lat' dir='ltr'><strong>sed</strong></span> <span class='ocrx_word' id='word_1_84' title='bbox 1320 1507 1443 1548; x_wconf 91' lang='lat' dir='ltr'><strong>cum</strong></span> <span class='ocrx_word' id='word_1_85' title='bbox 1470 1492 1744 1562; x_wconf 88' lang='lat' dir='ltr'><strong>lacrymis.</strong></span> 
     </span>
    </p>
   </div>
   <div class='ocr_carea' id='block_1_17' title="bbox 415 1579 1922 1654">
    <p class='ocr_par' dir='ltr' id='par_1_17' title="bbox 415 1579 1922 1654">
     <span class='ocr_line' id='line_1_17' title="bbox 415 1579 1922 1654; baseline 0.002 -21"><span class='ocrx_word' id='word_1_86' title='bbox 415 1579 675 1644; x_wconf 82' lang='lat' dir='ltr'><strong>Quoniam</strong></span> <span class='ocrx_word' id='word_1_87' title='bbox 727 1599 818 1653; x_wconf 85' lang='lat' dir='ltr'><strong>ego</strong></span> <span class='ocrx_word' id='word_1_88' title='bbox 879 1582 1054 1637; x_wconf 85' lang='lat' dir='ltr'><strong>incola</strong></span> <span class='ocrx_word' id='word_1_89' title='bbox 1097 1600 1213 1637; x_wconf 81' lang='lat' dir='ltr'><strong>sum</strong></span> <span class='ocrx_word' id='word_1_90' title='bbox 1247 1583 1389 1654; x_wconf 83' lang='lat' dir='ltr'><strong>apud</strong></span> <span class='ocrx_word' id='word_1_91' title='bbox 1446 1594 1493 1637; x_wconf 86' lang='lat' dir='ltr'><strong>te</strong></span> <span class='ocrx_word' id='word_1_92' title='bbox 1521 1593 1569 1636; x_wconf 87' lang='lat' dir='ltr'><strong>et</strong></span> <span class='ocrx_word' id='word_1_93' title='bbox 1597 1583 1922 1653; x_wconf 76' lang='lat' dir='ltr'><strong>peregrinus,</strong></span> 
     </span>
    </p>
   </div>
   <div class='ocr_carea' id='block_1_18' title="bbox 345 1673 1922 1747">
    <p class='ocr_par' dir='ltr' id='par_1_18' title="bbox 345 1673 1922 1747">
     <span class='ocr_line' id='line_1_18' title="bbox 345 1673 1922 1747; baseline 0.005 -25"><span class='ocrx_word' id='word_1_94' title='bbox 345 1673 680 1728; x_wconf 73' lang='lat' dir='ltr'><strong>sicutomnes</strong></span> <span class='ocrx_word' id='word_1_95' title='bbox 714 1686 894 1742; x_wconf 77' lang='lat' dir='ltr'><strong>patres</strong></span> <span class='ocrx_word' id='word_1_96' title='bbox 931 1677 1054 1730; x_wconf 86' lang='lat' dir='ltr'><strong>mei.</strong></span> <span class='ocrx_word' id='word_1_97' title='bbox 1085 1677 1302 1739; x_wconf 86' lang='lat' dir='ltr'><strong>Accola,</strong></span> <span class='ocrx_word' id='word_1_98' title='bbox 1345 1691 1440 1731; x_wconf 91' lang='lat' dir='ltr'><strong>seu</strong></span> <span class='ocrx_word' id='word_1_99' title='bbox 1477 1677 1729 1747; x_wconf 77' lang='lat' dir='ltr'><strong>indigena</strong></span> <span class='ocrx_word' id='word_1_100' title='bbox 1785 1675 1922 1731; x_wconf 90' lang='lat' dir='ltr'><strong>dici-</strong></span> 
     </span>
    </p>
   </div>
   <div class='ocr_carea' id='block_1_19' title="bbox 345 1766 1924 1840">
    <p class='ocr_par' dir='ltr' id='par_1_19' title="bbox 345 1766 1924 1840">
     <span class='ocr_line' id='line_1_19' title="bbox 345 1766 1924 1840; baseline 0.005 -23"><span class='ocrx_word' id='word_1_101' title='bbox 345 1772 435 1818; x_wconf 88' lang='lat' dir='ltr'><strong>tur</strong></span> <span class='ocrx_word' id='word_1_102' title='bbox 463 1766 585 1830; x_wconf 88' lang='lat' dir='ltr'><strong>ille,</strong></span> <span class='ocrx_word' id='word_1_103' title='bbox 613 1768 706 1836; x_wconf 91' lang='lat' dir='ltr'><strong>qui</strong></span> <span class='ocrx_word' id='word_1_104' title='bbox 765 1767 868 1822; x_wconf 92' lang='lat' dir='ltr'><strong>loci</strong></span> <span class='ocrx_word' id='word_1_105' title='bbox 916 1768 1153 1838; x_wconf 84' lang='lat' dir='ltr'><strong>alicujus</strong></span> <span class='ocrx_word' id='word_1_106' title='bbox 1208 1785 1535 1838; x_wconf 86' lang='lat' dir='ltr'><strong>permanens</strong></span> <span class='ocrx_word' id='word_1_107' title='bbox 1564 1779 1651 1827; x_wconf 90' lang='lat' dir='ltr'><strong>est</strong></span> <span class='ocrx_word' id='word_1_108' title='bbox 1698 1787 1762 1825; x_wconf 91' lang='lat' dir='ltr'><strong>ac</strong></span> <span class='ocrx_word' id='word_1_109' title='bbox 1797 1786 1924 1840; x_wconf 83' lang='lat' dir='ltr'><strong>per-</strong></span> 
     </span>
    </p>
   </div>
   <div class='ocr_carea' id='block_1_20' title="bbox 2031 581 3051 652">
    <p class='ocr_par' dir='ltr' id='par_1_20' title="bbox 2031 581 3051 652">
     <span class='ocr_line' id='line_1_20' title="bbox 2031 581 3051 652; baseline 0.002 -18"><span class='ocrx_word' id='word_1_110' title='bbox 2031 583 2157 652; x_wconf 90' lang='grc' dir='ltr'>ρίαν</span> <span class='ocrx_word' id='word_1_111' title='bbox 2183 599 2196 612; x_wconf 95' lang='grc'><strong>·</strong></span> <span class='ocrx_word' id='word_1_112' title='bbox 2257 581 2435 636; x_wconf 83' lang='grc' dir='ltr'><strong>λείπει</strong></span> <span class='ocrx_word' id='word_1_113' title='bbox 2464 581 2519 634; x_wconf 78' lang='grc' dir='ltr'><strong>δὲ</strong></span> <span class='ocrx_word' id='word_1_114' title='bbox 2545 582 2626 647; x_wconf 80' lang='grc' dir='ltr'><strong>τὸ,</strong></span> <span class='ocrx_word' id='word_1_115' title='bbox 2661 581 3051 650; x_wconf 79' lang='grc' dir='ltr'>Ταράσσετιιι.</span> 
     </span>
    </p>
   </div>
   <div class='ocr_carea' id='block_1_21' title="bbox 2101 757 3587 829">
    <p class='ocr_par' dir='ltr' id='par_1_21' title="bbox 2101 757 3587 829">
     <span class='ocr_line' id='line_1_21' title="bbox 2101 757 3587 829; baseline 0.001 -15"><span class='ocrx_word' id='word_1_116' title='bbox 2101 760 2487 814; x_wconf 75' lang='grc' dir='ltr'>Είσάκουσον</span> <span class='ocrx_word' id='word_1_117' title='bbox 2512 759 2623 827; x_wconf 83' lang='grc' dir='ltr'>τῆς</span> <span class='ocrx_word' id='word_1_118' title='bbox 2668 757 3018 829; x_wconf 81' lang='grc' dir='ltr'>προσευχῆς</span> <span class='ocrx_word' id='word_1_119' title='bbox 3063 776 3205 828; x_wconf 82' lang='grc' dir='ltr'>μου,</span> <span class='ocrx_word' id='word_1_120' title='bbox 3257 761 3451 829; x_wconf 79' lang='grc' dir='ltr'>Κύριε,</span> <span class='ocrx_word' id='word_1_121' title='bbox 3497 761 3587 818; x_wconf 79' lang='grc' dir='ltr'>καί</span> 
     </span>
    </p>
   </div>
   <div class='ocr_carea' id='block_1_22' title="bbox 2027 849 3586 922">
    <p class='ocr_par' dir='ltr' id='par_1_22' title="bbox 2027 849 3586 922">
     <span class='ocr_line' id='line_1_22' title="bbox 2027 849 3586 922; baseline -0.001 -16"><span class='ocrx_word' id='word_1_122' title='bbox 2027 851 2137 919; x_wconf 85' lang='grc' dir='ltr'>τῆς</span> <span class='ocrx_word' id='word_1_123' title='bbox 2160 851 2426 918; x_wconf 76' lang='grc' dir='ltr'>δεήσεώς</span> <span class='ocrx_word' id='word_1_124' title='bbox 2443 869 2562 922; x_wconf 86' lang='grc' dir='ltr'><strong>μου</strong></span> <span class='ocrx_word' id='word_1_125' title='bbox 2588 850 2887 906; x_wconf 78' lang='grc' dir='ltr'>ἐνώτισαι.</span> <span class='ocrx_word' id='word_1_126' title='bbox 2905 851 3000 903; x_wconf 84' lang='grc' dir='ltr'>Ἐκ</span> <span class='ocrx_word' id='word_1_127' title='bbox 3025 849 3373 919; x_wconf 61' lang='grc' dir='ltr'>παραλλήλου</span> <span class='ocrx_word' id='word_1_128' title='bbox 3397 851 3454 904; x_wconf 83' lang='grc' dir='ltr'>τὸ</span> <span class='ocrx_word' id='word_1_129' title='bbox 3469 852 3586 905; x_wconf 74' lang='grc' dir='ltr'>αὐτό</span> 
     </span>
    </p>
   </div>
   <div class='ocr_carea' id='block_1_23' title="bbox 2028 940 2663 1014">
    <p class='ocr_par' dir='ltr' id='par_1_23' title="bbox 2028 940 2663 1014">
     <span class='ocr_line' id='line_1_23' title="bbox 2028 940 2663 1014; baseline -0.005 -19"><span class='ocrx_word' id='word_1_130' title='bbox 2028 961 2214 1014; x_wconf 78' lang='grc' dir='ltr'>φησιν,</span> <span class='ocrx_word' id='word_1_131' title='bbox 2240 943 2315 1006; x_wconf 84' lang='grc' dir='ltr'>ὡς</span> <span class='ocrx_word' id='word_1_132' title='bbox 2346 942 2466 1006; x_wconf 75' lang='grc' dir='ltr'>ἔθος</span> <span class='ocrx_word' id='word_1_133' title='bbox 2490 940 2663 1012; x_wconf 78' lang='grc' dir='ltr'>αὐτῷ.</span> 
     </span>
    </p>
   </div>
   <div class='ocr_carea' id='block_1_24' title="bbox 2103 1118 3583 1188">
    <p class='ocr_par' dir='ltr' id='par_1_24' title="bbox 2103 1118 3583 1188">
     <span class='ocr_line' id='line_1_24' title="bbox 2103 1118 3583 1188; baseline 0.001 -16"><span class='ocrx_word' id='word_1_134' title='bbox 2103 1118 2225 1172; x_wconf 84' lang='grc' dir='ltr'><em>Τῶν</em></span> <span class='ocrx_word' id='word_1_135' title='bbox 2249 1119 2525 1186; x_wconf 81' lang='grc' dir='ltr'><strong>δακρύων</strong></span> <span class='ocrx_word' id='word_1_136' title='bbox 2545 1137 2665 1187; x_wconf 78' lang='grc' dir='ltr'><strong>μου</strong></span> <span class='ocrx_word' id='word_1_137' title='bbox 2678 1120 2765 1188; x_wconf 80' lang='grc' dir='ltr'><strong>μὴ</strong></span> <span class='ocrx_word' id='word_1_138' title='bbox 2785 1119 3290 1187; x_wconf 74' lang='grc' dir='ltr'>παρασιωπήσῃςο</span> <span class='ocrx_word' id='word_1_139' title='bbox 3311 1121 3453 1174; x_wconf 68' lang='grc' dir='ltr'><strong>Ἀντὶ</strong></span> <span class='ocrx_word' id='word_1_140' title='bbox 3479 1121 3583 1186; x_wconf 72' lang='grc' dir='ltr'>τοῦ,</span> 
     </span>
    </p>
   </div>
   <div class='ocr_carea' id='block_1_25' title="bbox 2025 1209 3582 1282">
    <p class='ocr_par' dir='ltr' id='par_1_25' title="bbox 2025 1209 3582 1282">
     <span class='ocr_line' id='line_1_25' title="bbox 2025 1209 3582 1282; baseline 0.001 -18"><span class='ocrx_word' id='word_1_141' title='bbox 2025 1210 2116 1280; x_wconf 78' lang='grc' dir='ltr'><strong>Μὴ</strong></span> <span class='ocrx_word' id='word_1_142' title='bbox 2139 1210 2370 1282; x_wconf 81' lang='grc' dir='ltr'>παρίδῃς</span> <span class='ocrx_word' id='word_1_143' title='bbox 2396 1227 2410 1241; x_wconf 75' lang='grc'><strong><em>⁸</em></strong></span> <span class='ocrx_word' id='word_1_144' title='bbox 2469 1210 2519 1262; x_wconf 78' lang='grc' dir='ltr'>οἱ</span> <span class='ocrx_word' id='word_1_145' title='bbox 2556 1209 2666 1279; x_wconf 75' lang='grc' dir='ltr'><strong>γὰρ</strong></span> <span class='ocrx_word' id='word_1_146' title='bbox 2730 1210 3083 1282; x_wconf 61' lang='grc' dir='ltr'>παῳρῶντές</span> <span class='ocrx_word' id='word_1_147' title='bbox 3129 1228 3270 1276; x_wconf 88' lang='grc' dir='ltr'>τινα,</span> <span class='ocrx_word' id='word_1_148' title='bbox 3304 1212 3582 1267; x_wconf 82' lang='grc' dir='ltr'>σιωπῶσιν.</span> 
     </span>
    </p>
   </div>
   <div class='ocr_carea' id='block_1_26' title="bbox 2037 1299 3582 1372">
    <p class='ocr_par' dir='ltr' id='par_1_26' title="bbox 2037 1299 3582 1372">
     <span class='ocr_line' id='line_1_26' title="bbox 2037 1299 3582 1372; baseline 0.001 -20"><span class='ocrx_word' id='word_1_149' title='bbox 2037 1301 2357 1372; x_wconf 73' lang='grc' dir='ltr'>Ἀδιάφορος</span> <span class='ocrx_word' id='word_1_150' title='bbox 2396 1299 2451 1352; x_wconf 73' lang='grc' dir='ltr'><strong>δὲ</strong></span> <span class='ocrx_word' id='word_1_151' title='bbox 2482 1301 2513 1370; x_wconf 79' lang='grc' dir='ltr'>ὴ</span> <span class='ocrx_word' id='word_1_152' title='bbox 2542 1299 2794 1368; x_wconf 75' lang='grc' dir='ltr'><strong>σύνταξις</strong></span> <span class='ocrx_word' id='word_1_153' title='bbox 2825 1299 2941 1367; x_wconf 84' lang='grc' dir='ltr'>τοῦ,</span> <span class='ocrx_word' id='word_1_154' title='bbox 2983 1301 3311 1367; x_wconf 78' lang='grc' dir='ltr'>Ἐνώτισαι,</span> <span class='ocrx_word' id='word_1_155' title='bbox 3353 1303 3446 1352; x_wconf 76' lang='grc' dir='ltr'>καὶ</span> <span class='ocrx_word' id='word_1_156' title='bbox 3480 1301 3582 1360; x_wconf 83' lang='grc' dir='ltr'>τοῦ.</span> 
     </span>
    </p>
   </div>
   <div class='ocr_carea' id='block_1_27' title="bbox 2026 1391 3586 1467">
    <p class='ocr_par' dir='ltr' id='par_1_27' title="bbox 2026 1391 3586 1467">
     <span class='ocr_line' id='line_1_27' title="bbox 2026 1391 3586 1467; baseline -0.001 -19"><span class='ocrx_word' id='word_1_157' title='bbox 2026 1392 2122 1461; x_wconf 75' lang='grc' dir='ltr'><strong>Μὴ</strong></span> <span class='ocrx_word' id='word_1_158' title='bbox 2155 1391 2658 1462; x_wconf 76' lang='grc' dir='ltr'>παρασιωπήσῃς.</span> <span class='ocrx_word' id='word_1_159' title='bbox 2696 1394 2836 1467; x_wconf 86' lang='grc' dir='ltr'><strong>Ὅρα</strong></span> <span class='ocrx_word' id='word_1_160' title='bbox 2863 1393 2939 1460; x_wconf 84' lang='grc' dir='ltr'><strong>δὲ,</strong></span> <span class='ocrx_word' id='word_1_161' title='bbox 2967 1394 3050 1447; x_wconf 83' lang='grc' dir='ltr'>ὅτι</span> <span class='ocrx_word' id='word_1_162' title='bbox 3100 1395 3200 1465; x_wconf 75' lang='grc' dir='ltr'><strong>οὐχ</strong></span> <span class='ocrx_word' id='word_1_163' title='bbox 3231 1393 3437 1460; x_wconf 85' lang='grc' dir='ltr'>ἅπλῶς,</span> <span class='ocrx_word' id='word_1_164' title='bbox 3466 1395 3586 1447; x_wconf 71' lang='grc' dir='ltr'>ἀλλὰ</span> 
     </span>
    </p>
   </div>
   <div class='ocr_carea' id='block_1_28' title="bbox 2031 1485 2722 1555">
    <p class='ocr_par' dir='ltr' id='par_1_28' title="bbox 2031 1485 2722 1555">
     <span class='ocr_line' id='line_1_28' title="bbox 2031 1485 2722 1555; baseline 0.003 -19"><span class='ocrx_word' id='word_1_165' title='bbox 2031 1485 2174 1555; x_wconf 83' lang='grc' dir='ltr'>μετὰ</span> <span class='ocrx_word' id='word_1_166' title='bbox 2205 1485 2458 1554; x_wconf 78' lang='grc' dir='ltr'>δακρύων</span> <span class='ocrx_word' id='word_1_167' title='bbox 2485 1486 2722 1539; x_wconf 73' lang='grc' dir='ltr'>ἱκέτευε.</span> 
     </span>
    </p>
   </div>
   <div class='ocr_carea' id='block_1_29' title="bbox 2097 1577 3588 1649">
    <p class='ocr_par' dir='ltr' id='par_1_29' title="bbox 2097 1577 3588 1649">
     <span class='ocr_line' id='line_1_29' title="bbox 2097 1577 3588 1649; baseline 0 -19"><span class='ocrx_word' id='word_1_168' title='bbox 2097 1577 2226 1630; x_wconf 84' lang='grc' dir='ltr'>’Ὅτι</span> <span class='ocrx_word' id='word_1_169' title='bbox 2250 1579 2538 1644; x_wconf 78' lang='grc' dir='ltr'><strong>πάροικος</strong></span> <span class='ocrx_word' id='word_1_170' title='bbox 2571 1578 2685 1648; x_wconf 62' lang='grc' dir='ltr'>ἐγώ</span> <span class='ocrx_word' id='word_1_171' title='bbox 2703 1581 2818 1649; x_wconf 67' lang='lat' dir='ltr'><strong>sint</strong></span> <span class='ocrx_word' id='word_1_172' title='bbox 2845 1579 3002 1647; x_wconf 78' lang='grc' dir='ltr'>παρὰ</span> <span class='ocrx_word' id='word_1_173' title='bbox 3034 1577 3140 1633; x_wconf 73' lang='grc' dir='ltr'>σοι</span> <span class='ocrx_word' id='word_1_174' title='bbox 3170 1578 3264 1632; x_wconf 82' lang='grc' dir='ltr'>καί</span> <span class='ocrx_word' id='word_1_175' title='bbox 3288 1578 3588 1646; x_wconf 73' lang='grc' dir='ltr'>παρεπίδη-</span> 
     </span>
    </p>
   </div>
   <div class='ocr_carea' id='block_1_30' title="bbox 2023 1665 3588 1736">
    <p class='ocr_par' dir='ltr' id='par_1_30' title="bbox 2023 1665 3588 1736">
     <span class='ocr_line' id='line_1_30' title="bbox 2023 1665 3588 1736; baseline 0 -17"><span class='ocrx_word' id='word_1_176' title='bbox 2023 1683 2157 1735; x_wconf 84' lang='grc' dir='ltr'>μος,</span> <span class='ocrx_word' id='word_1_177' title='bbox 2195 1667 2388 1732; x_wconf 83' lang='grc' dir='ltr'>καθὼς</span> <span class='ocrx_word' id='word_1_178' title='bbox 2418 1667 2643 1734; x_wconf 82' lang='grc' dir='ltr'>πάντες</span> <span class='ocrx_word' id='word_1_179' title='bbox 2673 1671 2726 1722; x_wconf 77' lang='lat' dir='ltr'><strong>oi</strong></span> <span class='ocrx_word' id='word_1_180' title='bbox 2746 1667 2995 1736; x_wconf 81' lang='grc' dir='ltr'><strong>πατέρες</strong></span> <span class='ocrx_word' id='word_1_181' title='bbox 3021 1686 3163 1736; x_wconf 83' lang='grc' dir='ltr'><strong>μου.</strong></span> <span class='ocrx_word' id='word_1_182' title='bbox 3204 1668 3471 1730; x_wconf 79' lang='grc' dir='ltr'>Κάτοικος</span> <span class='ocrx_word' id='word_1_183' title='bbox 3500 1665 3588 1736; x_wconf 78' lang='grc' dir='ltr'><strong>μέν</strong></span> 
     </span>
    </p>
   </div>
   <div class='ocr_carea' id='block_1_31' title="bbox 2031 1759 3582 1830">
    <p class='ocr_par' dir='ltr' id='par_1_31' title="bbox 2031 1759 3582 1830">
     <span class='ocr_line' id='line_1_31' title="bbox 2031 1759 3582 1830; baseline 0.001 -20"><span class='ocrx_word' id='word_1_184' title='bbox 2031 1759 2178 1812; x_wconf 73' lang='grc' dir='ltr'>ἐστιν</span> <span class='ocrx_word' id='word_1_185' title='bbox 2197 1761 2223 1810; x_wconf 85' lang='grc' dir='ltr'><strong>ό</strong></span> <span class='ocrx_word' id='word_1_186' title='bbox 2239 1759 2472 1828; x_wconf 82' lang='grc' dir='ltr'>μόνιμος</span> <span class='ocrx_word' id='word_1_187' title='bbox 2493 1761 2756 1829; x_wconf 79' lang='grc' dir='ltr'>οίκήτωρ’</span> <span class='ocrx_word' id='word_1_188' title='bbox 2779 1761 3043 1830; x_wconf 70' lang='grc' dir='ltr'>πάροικος</span> <span class='ocrx_word' id='word_1_189' title='bbox 3064 1760 3142 1823; x_wconf 74' lang='grc' dir='ltr'>δὲ,</span> <span class='ocrx_word' id='word_1_190' title='bbox 3166 1761 3195 1813; x_wconf 84' lang='grc' dir='ltr'>ὁ</span> <span class='ocrx_word' id='word_1_191' title='bbox 3239 1760 3582 1829; x_wconf 78' lang='grc' dir='ltr'>πρόσκαιρος,</span> 
     </span>
    </p>
   </div>
   <div class='ocr_carea' id='block_1_32' title="bbox 346 1837 1918 1928">
    <p class='ocr_par' dir='ltr' id='par_1_32' title="bbox 346 1837 1918 1928">
     <span class='ocr_line' id='line_1_32' title="bbox 346 1837 1918 1928; baseline 0.007 -23"><span class='ocrx_word' id='word_1_192' title='bbox 346 1865 539 1918; x_wconf 85' lang='lat' dir='ltr'><strong>petuus</strong></span> <span class='ocrx_word' id='word_1_193' title='bbox 594 1856 913 1923; x_wconf 84' lang='lat' dir='ltr'><strong>habitator;</strong></span> <span class='ocrx_word' id='word_1_194' title='bbox 948 1837 1124 1914; x_wconf 87' lang='lat' dir='ltr'><strong>incola</strong></span> <span class='ocrx_word' id='word_1_195' title='bbox 1185 1837 1389 1914; x_wconf 80' lang='lat' dir='ltr'><strong>verois</strong></span> <span class='ocrx_word' id='word_1_196' title='bbox 1441 1860 1535 1928; x_wconf 90' lang='lat' dir='ltr'><strong>qui</strong></span> <span class='ocrx_word' id='word_1_197' title='bbox 1575 1860 1640 1914; x_wconf 87' lang='lat' dir='ltr'><strong>a:l</strong></span> <span class='ocrx_word' id='word_1_198' title='bbox 1700 1837 1918 1928; x_wconf 79' lang='lat' dir='ltr'><strong>tempus</strong></span> 
     </span>
    </p>
   </div>
   <div class='ocr_carea' id='block_1_33' title="bbox 2038 1837 3585 1928">
    <p class='ocr_par' dir='ltr' id='par_1_33' title="bbox 2038 1849 3585 1921">
     <span class='ocr_line' id='line_1_33' title="bbox 2038 1849 3585 1921; baseline 0 -19"><span class='ocrx_word' id='word_1_199' title='bbox 2038 1851 2054 1902; x_wconf 75' lang='grc'><strong>5</strong></span> <span class='ocrx_word' id='word_1_200' title='bbox 2087 1851 2556 1921; x_wconf 79' lang='grc' dir='ltr'>μετοικιζόμενος,</span> <span class='ocrx_word' id='word_1_201' title='bbox 2589 1851 2904 1913; x_wconf 81' lang='grc' dir='ltr'>κελεύοντος</span> <span class='ocrx_word' id='word_1_202' title='bbox 2929 1849 3023 1902; x_wconf 80' lang='grc' dir='ltr'><strong>τοῦ</strong></span> <span class='ocrx_word' id='word_1_203' title='bbox 3063 1850 3159 1918; x_wconf 77' lang='grc' dir='ltr'>τῆς</span> <span class='ocrx_word' id='word_1_204' title='bbox 3184 1849 3290 1918; x_wconf 73' lang='grc' dir='ltr'>γῆς</span> <span class='ocrx_word' id='word_1_205' title='bbox 3321 1850 3585 1902; x_wconf 82' lang='grc' dir='ltr'>δεσπότου.</span> 
     </span>
    </p>
   </div>
   <div class='ocr_carea' id='block_1_34' title="bbox 347 1947 1924 2017">
    <p class='ocr_par' dir='ltr' id='par_1_34' title="bbox 347 1947 1924 2017">
     <span class='ocr_line' id='line_1_34' title="bbox 347 1947 1924 2017; baseline 0.007 -21"><span class='ocrx_word' id='word_1_206' title='bbox 347 1947 574 2011; x_wconf 83' lang='lat' dir='ltr'><strong>habitat,</strong></span> <span class='ocrx_word' id='word_1_207' title='bbox 608 1949 814 2017; x_wconf 78' lang='lat' dir='ltr'><strong>quique</strong></span> <span class='ocrx_word' id='word_1_208' title='bbox 877 1947 1104 2015; x_wconf 86' lang='lat' dir='ltr'><strong>jubente</strong></span> <span class='ocrx_word' id='word_1_209' title='bbox 1166 1949 1320 2004; x_wconf 74' lang='lat' dir='ltr'><strong>fundi</strong></span> <span class='ocrx_word' id='word_1_210' title='bbox 1369 1952 1592 2005; x_wconf 90' lang='lat' dir='ltr'><strong>domino</strong></span> <span class='ocrx_word' id='word_1_211' title='bbox 1620 1951 1924 2006; x_wconf 83' lang='lat' dir='ltr'><strong>habitatio-</strong></span> 
     </span>
    </p>
   </div>
   <div class='ocr_carea' id='block_1_35' title="bbox 347 2036 1925 2108">
    <p class='ocr_par' dir='ltr' id='par_1_35' title="bbox 347 2036 1925 2108">
     <span class='ocr_line' id='line_1_35' title="bbox 347 2036 1925 2108; baseline 0.008 -22"><span class='ocrx_word' id='word_1_212' title='bbox 347 2050 468 2088; x_wconf 89' lang='lat' dir='ltr'><strong>nem</strong></span> <span class='ocrx_word' id='word_1_213' title='bbox 520 2043 714 2090; x_wconf 88' lang='lat' dir='ltr'><strong>mutat.</strong></span> <span class='ocrx_word' id='word_1_214' title='bbox 782 2036 914 2108; x_wconf 82' lang='lat' dir='ltr'><strong>Ego,</strong></span> <span class='ocrx_word' id='word_1_215' title='bbox 969 2038 1166 2108; x_wconf 84' lang='lat' dir='ltr'><strong>inquit,</strong></span> <span class='ocrx_word' id='word_1_216' title='bbox 1223 2040 1267 2095; x_wconf 92' lang='lat' dir='ltr'><strong>si</strong></span> <span class='ocrx_word' id='word_1_217' title='bbox 1323 2042 1539 2096; x_wconf 67' lang='lat' dir='ltr'><strong>caeteris</strong></span> <span class='ocrx_word' id='word_1_218' title='bbox 1607 2042 1925 2099; x_wconf 88' lang='lat' dir='ltr'><strong>hominibus</strong></span> 
     </span>
    </p>
   </div>
   <div class='ocr_carea' id='block_1_36' title="bbox 347 2129 1926 2200">
    <p class='ocr_par' dir='ltr' id='par_1_36' title="bbox 347 2129 1926 2200">
     <span class='ocr_line' id='line_1_36' title="bbox 347 2129 1926 2200; baseline 0.008 -24"><span class='ocrx_word' id='word_1_219' title='bbox 347 2139 658 2194; x_wconf 75' lang='lat' dir='ltr'><strong>comparer,</strong></span> <span class='ocrx_word' id='word_1_220' title='bbox 710 2129 896 2183; x_wconf 80' lang='lat' dir='ltr'><strong>accola</strong></span> <span class='ocrx_word' id='word_1_221' title='bbox 947 2130 1166 2198; x_wconf 89' lang='lat' dir='ltr'><strong>quidem</strong></span> <span class='ocrx_word' id='word_1_222' title='bbox 1201 2145 1345 2195; x_wconf 92' lang='lat' dir='ltr'><strong>sum,</strong></span> <span class='ocrx_word' id='word_1_223' title='bbox 1381 2143 1435 2186; x_wconf 91' lang='lat' dir='ltr'><strong>et</strong></span> <span class='ocrx_word' id='word_1_224' title='bbox 1464 2146 1732 2200; x_wconf 72' lang='lat' dir='ltr'><strong>possessa:</strong></span> <span class='ocrx_word' id='word_1_225' title='bbox 1769 2142 1926 2188; x_wconf 75' lang='lat' dir='ltr'><strong>terrae</strong></span> 
     </span>
    </p>
   </div>
   <div class='ocr_carea' id='block_1_37' title="bbox 343 2215 1924 2290">
    <p class='ocr_par' dir='ltr' id='par_1_37' title="bbox 343 2215 1924 2290">
     <span class='ocr_line' id='line_1_37' title="bbox 343 2215 1924 2290; baseline 0.006 -22"><span class='ocrx_word' id='word_1_226' title='bbox 343 2215 591 2286; x_wconf 76' lang='lat' dir='ltr'><strong>indigena</strong></span> <span class='ocrx_word' id='word_1_227' title='bbox 619 2235 634 2280; x_wconf 87' lang='lat'><strong>;</strong></span> <span class='ocrx_word' id='word_1_228' title='bbox 669 2216 786 2280; x_wconf 88' lang='lat' dir='ltr'><strong>sed.</strong></span> <span class='ocrx_word' id='word_1_229' title='bbox 831 2219 876 2272; x_wconf 91' lang='lat' dir='ltr'><strong>si</strong></span> <span class='ocrx_word' id='word_1_230' title='bbox 903 2218 968 2272; x_wconf 89' lang='lat' dir='ltr'><strong>ad</strong></span> <span class='ocrx_word' id='word_1_231' title='bbox 996 2227 1047 2274; x_wconf 90' lang='lat' dir='ltr'><strong>te</strong></span> <span class='ocrx_word' id='word_1_232' title='bbox 1068 2219 1236 2274; x_wconf 86' lang='lat' dir='ltr'><strong>Deum</strong></span> <span class='ocrx_word' id='word_1_233' title='bbox 1263 2237 1442 2275; x_wconf 90' lang='lat' dir='ltr'><strong>meum</strong></span> <span class='ocrx_word' id='word_1_234' title='bbox 1477 2221 1738 2290; x_wconf 89' lang='lat' dir='ltr'><strong>suspicio.</strong></span> <span class='ocrx_word' id='word_1_235' title='bbox 1767 2222 1924 2278; x_wconf 84' lang='lat' dir='ltr'><strong>inco—</strong></span> 
     </span>
    </p>
   </div>
   <div class='ocr_carea' id='block_1_38' title="bbox 346 2307 1919 2383">
    <p class='ocr_par' dir='ltr' id='par_1_38' title="bbox 346 2307 1919 2383">
     <span class='ocr_line' id='line_1_38' title="bbox 346 2307 1919 2383; baseline 0.007 -27"><span class='ocrx_word' id='word_1_236' title='bbox 346 2307 450 2359; x_wconf 85' lang='lat' dir='ltr'><strong>lam</strong></span> <span class='ocrx_word' id='word_1_237' title='bbox 486 2321 572 2362; x_wconf 86' lang='lat' dir='ltr'><strong>me</strong></span> <span class='ocrx_word' id='word_1_238' title='bbox 588 2321 711 2363; x_wconf 91' lang='lat' dir='ltr'><strong>esse</strong></span> <span class='ocrx_word' id='word_1_239' title='bbox 747 2307 938 2364; x_wconf 81' lang='lat' dir='ltr'><strong>fateor.</strong></span> <span class='ocrx_word' id='word_1_240' title='bbox 959 2308 1210 2365; x_wconf 76' lang='lat' dir='ltr'><strong>Te‘enim</strong></span> <span class='ocrx_word' id='word_1_241' title='bbox 1239 2311 1466 2380; x_wconf 76' lang='lat' dir='ltr'><strong>iubente</strong></span> <span class='ocrx_word' id='word_1_242' title='bbox 1489 2313 1919 2383; x_wconf 87' lang='lat' dir='ltr'><strong>transmigrabo,</strong></span> 
     </span>
    </p>
   </div>
   <div class='ocr_carea' id='block_1_39' title="bbox 340 2397 1919 2473">
    <p class='ocr_par' dir='ltr' id='par_1_39' title="bbox 340 2397 1919 2473">
     <span class='ocr_line' id='line_1_39' title="bbox 340 2397 1919 2473; baseline 0.006 -26"><span class='ocrx_word' id='word_1_243' title='bbox 340 2397 534 2451; x_wconf 89' lang='lat' dir='ltr'><strong>ethoc</strong></span> <span class='ocrx_word' id='word_1_244' title='bbox 590 2401 796 2454; x_wconf 88' lang='lat' dir='ltr'><strong>mundo</strong></span> <span class='ocrx_word' id='word_1_245' title='bbox 866 2401 1059 2455; x_wconf 86' lang='lat' dir='ltr'><strong>relicto</strong></span> <span class='ocrx_word' id='word_1_246' title='bbox 1112 2401 1179 2454; x_wconf 91' lang='lat' dir='ltr'><strong>ad</strong></span> <span class='ocrx_word' id='word_1_247' title='bbox 1236 2402 1404 2456; x_wconf 89' lang='lat' dir='ltr'><strong>alium</strong></span> <span class='ocrx_word' id='word_1_248' title='bbox 1473 2403 1554 2457; x_wconf 89' lang='lat' dir='ltr'><strong>ire</strong></span> <span class='ocrx_word' id='word_1_249' title='bbox 1599 2403 1919 2473; x_wconf 86' lang='lat' dir='ltr'><strong>compellar.</strong></span> 
     </span>
    </p>
   </div>
   <div class='ocr_carea' id='block_1_40' title="bbox 344 2487 1918 2565">
    <p class='ocr_par' dir='ltr' id='par_1_40' title="bbox 344 2487 1918 2565">
     <span class='ocr_line' id='line_1_40' title="bbox 344 2487 1918 2565; baseline 0.006 -26"><span class='ocrx_word' id='word_1_250' title='bbox 344 2487 668 2559; x_wconf 82' lang='lat' dir='ltr'><strong>Peregrinus</strong></span> <span class='ocrx_word' id='word_1_251' title='bbox 721 2491 1001 2559; x_wconf 85' lang='lat' dir='ltr'><strong>similiter,</strong></span> <span class='ocrx_word' id='word_1_252' title='bbox 1043 2494 1135 2548; x_wconf 91' lang='lat' dir='ltr'><strong>ubi</strong></span> <span class='ocrx_word' id='word_1_253' title='bbox 1187 2495 1462 2549; x_wconf 84' lang='lat' dir='ltr'><strong>modicum</strong></span> <span class='ocrx_word' id='word_1_254' title='bbox 1490 2495 1622 2565; x_wconf 88' lang='lat' dir='ltr'><strong>quid</strong></span> <span class='ocrx_word' id='word_1_255' title='bbox 1669 2493 1833 2550; x_wconf 79' lang='lat' dir='ltr'><strong>fuerit</strong></span> <span class='ocrx_word' id='word_1_256' title='bbox 1867 2497 1918 2548; x_wconf 93' lang='lat' dir='ltr'><strong>in</strong></span> 
     </span>
    </p>
   </div>
   <div class='ocr_carea' id='block_1_41' title="bbox 339 2579 1919 2656">
    <p class='ocr_par' dir='ltr' id='par_1_41' title="bbox 339 2579 1919 2656">
     <span class='ocr_line' id='line_1_41' title="bbox 339 2579 1919 2656; baseline 0.004 -23"><span class='ocrx_word' id='word_1_257' title='bbox 339 2579 508 2634; x_wconf 70' lang='lat' dir='ltr'><strong>aliena</strong></span> <span class='ocrx_word' id='word_1_258' title='bbox 536 2585 758 2651; x_wconf 80' lang='lat' dir='ltr'><strong>regione</strong></span> <span class='ocrx_word' id='word_1_259' title='bbox 808 2585 1158 2650; x_wconf 86' lang='lat' dir='ltr'><strong>immoratus,</strong></span> <span class='ocrx_word' id='word_1_260' title='bbox 1189 2601 1256 2641; x_wconf 89' lang='lat' dir='ltr'><strong>eo</strong></span> <span class='ocrx_word' id='word_1_261' title='bbox 1308 2587 1656 2656; x_wconf 88' lang='lat' dir='ltr'><strong>postmodum</strong></span> <span class='ocrx_word' id='word_1_262' title='bbox 1687 2587 1919 2642; x_wconf 88' lang='lat' dir='ltr'><strong>reverti-</strong></span> 
     </span>
    </p>
   </div>
   <div class='ocr_carea' id='block_1_42' title="bbox 2021 1943 3585 2013">
    <p class='ocr_par' dir='ltr' id='par_1_42' title="bbox 2021 1943 3585 2013">
     <span class='ocr_line' id='line_1_42' title="bbox 2021 1943 3585 2013; baseline 0 -18"><span class='ocrx_word' id='word_1_263' title='bbox 2021 1944 2165 2012; x_wconf 74' lang='grc' dir='ltr'>Πρὸς</span> <span class='ocrx_word' id='word_1_264' title='bbox 2199 1945 2299 2012; x_wconf 78' lang='grc' dir='ltr'><strong>μὲν</strong></span> <span class='ocrx_word' id='word_1_265' title='bbox 2349 1945 2475 2006; x_wconf 71' lang='grc' dir='ltr'>τοὺς</span> <span class='ocrx_word' id='word_1_266' title='bbox 2530 1943 2878 2013; x_wconf 82' lang='grc' dir='ltr'>ἀνθρώπους,</span> <span class='ocrx_word' id='word_1_267' title='bbox 2930 1943 3190 2007; x_wconf 82' lang='grc' dir='ltr'>κάτοικός</span> <span class='ocrx_word' id='word_1_268' title='bbox 3251 1944 3585 2012; x_wconf 78' lang='grc' dir='ltr'>είμι,φησὶν,</span> 
     </span>
    </p>
   </div>
   <div class='ocr_carea' id='block_1_43' title="bbox 2019 2031 3586 2105">
    <p class='ocr_par' dir='ltr' id='par_1_43' title="bbox 2019 2031 3586 2105">
     <span class='ocr_line' id='line_1_43' title="bbox 2019 2031 3586 2105; baseline -0.003 -18"><span class='ocrx_word' id='word_1_269' title='bbox 2019 2034 2381 2102; x_wconf 77' lang='grc' dir='ltr'>ἀντεχόμενος</span> <span class='ocrx_word' id='word_1_270' title='bbox 2437 2033 2537 2104; x_wconf 78' lang='grc' dir='ltr'>τῆς</span> <span class='ocrx_word' id='word_1_271' title='bbox 2572 2034 2710 2105; x_wconf 75' lang='grc' dir='ltr'><strong>ἐμῆς</strong></span> <span class='ocrx_word' id='word_1_272' title='bbox 2747 2035 2851 2103; x_wconf 81' lang='grc' dir='ltr'>γῆς</span> <span class='ocrx_word' id='word_1_273' title='bbox 2889 2033 2963 2096; x_wconf 85' lang='grc' dir='ltr'><strong>ὡς</strong></span> <span class='ocrx_word' id='word_1_274' title='bbox 3000 2033 3136 2097; x_wconf 80' lang='grc' dir='ltr'>ἰδίας</span> <span class='ocrx_word' id='word_1_275' title='bbox 3160 2045 3174 2060; x_wconf 85' lang='grc'>⁶</span> <span class='ocrx_word' id='word_1_276' title='bbox 3226 2033 3382 2102; x_wconf 82' lang='grc' dir='ltr'>παρά</span> <span class='ocrx_word' id='word_1_277' title='bbox 3414 2031 3493 2083; x_wconf 72' lang='grc' dir='ltr'>σοὶ</span> <span class='ocrx_word' id='word_1_278' title='bbox 3516 2031 3586 2093; x_wconf 80' lang='grc' dir='ltr'><strong>δὲ,</strong></span> 
     </span>
    </p>
   </div>
   <div class='ocr_carea' id='block_1_44' title="bbox 2018 2125 3585 2198">
    <p class='ocr_par' dir='ltr' id='par_1_44' title="bbox 2018 2125 3585 2198">
     <span class='ocr_line' id='line_1_44' title="bbox 2018 2125 3585 2198; baseline -0.002 -21"><span class='ocrx_word' id='word_1_279' title='bbox 2018 2127 2268 2178; x_wconf 78' lang='grc' dir='ltr'>τουτέστι</span> <span class='ocrx_word' id='word_1_280' title='bbox 2334 2126 2471 2196; x_wconf 80' lang='grc' dir='ltr'>πρὸς</span> <span class='ocrx_word' id='word_1_281' title='bbox 2505 2127 2584 2190; x_wconf 77' lang='grc' dir='ltr'>σὲ,</span> <span class='ocrx_word' id='word_1_282' title='bbox 2638 2127 2928 2198; x_wconf 79' lang='grc' dir='ltr'>πάροικος.</span> <span class='ocrx_word' id='word_1_283' title='bbox 2958 2125 3059 2178; x_wconf 77' lang='grc' dir='ltr'><strong>Σοῦ</strong></span> <span class='ocrx_word' id='word_1_284' title='bbox 3101 2126 3209 2194; x_wconf 72' lang='grc' dir='ltr'><strong>γὰρ</strong></span> <span class='ocrx_word' id='word_1_285' title='bbox 3239 2125 3585 2184; x_wconf 78' lang='grc' dir='ltr'><strong>κελεύσαντος</strong></span> 
     </span>
    </p>
   </div>
   <div class='ocr_carea' id='block_1_45' title="bbox 2020 2213 3587 2290">
    <p class='ocr_par' dir='ltr' id='par_1_45' title="bbox 2020 2213 3587 2290">
     <span class='ocr_line' id='line_1_45' title="bbox 2020 2213 3587 2290; baseline -0.005 -18"><span class='ocrx_word' id='word_1_286' title='bbox 2020 2218 2114 2272; x_wconf 76' lang='grc' dir='ltr'><strong>τοῦ</strong></span> <span class='ocrx_word' id='word_1_287' title='bbox 2145 2219 2350 2289; x_wconf 81' lang='grc' dir='ltr'><strong>Κυρίου</strong></span> <span class='ocrx_word' id='word_1_288' title='bbox 2378 2220 2477 2288; x_wconf 78' lang='grc' dir='ltr'>τῆς</span> <span class='ocrx_word' id='word_1_289' title='bbox 2507 2220 2631 2290; x_wconf 80' lang='grc' dir='ltr'>γῆς,</span> <span class='ocrx_word' id='word_1_290' title='bbox 2669 2217 3054 2288; x_wconf 78' lang='grc' dir='ltr'>μετοικίζομαι</span> <span class='ocrx_word' id='word_1_291' title='bbox 3091 2217 3225 2287; x_wconf 79' lang='grc' dir='ltr'>πρὸς</span> <span class='ocrx_word' id='word_1_292' title='bbox 3283 2215 3473 2284; x_wconf 73' lang='grc' dir='ltr'>ἕτερον</span> <span class='ocrx_word' id='word_1_293' title='bbox 3508 2213 3587 2264; x_wconf 82' lang='grc' dir='ltr'><strong>κό-</strong></span> 
     </span>
    </p>
   </div>
   <div class='ocr_carea' id='block_1_46' title="bbox 2024 2307 3585 2380">
    <p class='ocr_par' dir='ltr' id='par_1_46' title="bbox 2024 2307 3585 2380">
     <span class='ocr_line' id='line_1_46' title="bbox 2024 2307 3585 2380; baseline -0.004 -18"><span class='ocrx_word' id='word_1_294' title='bbox 2024 2328 2186 2380; x_wconf 79' lang='grc' dir='ltr'>σμον.</span> <span class='ocrx_word' id='word_1_295' title='bbox 2216 2313 2326 2364; x_wconf 75' lang='grc' dir='ltr'><strong>Καὶ</strong></span> <span class='ocrx_word' id='word_1_296' title='bbox 2361 2312 2390 2364; x_wconf 87' lang='grc' dir='ltr'><strong>ό</strong></span> <span class='ocrx_word' id='word_1_297' title='bbox 2429 2312 2809 2380; x_wconf 81' lang='grc' dir='ltr'>παρεπίδημος</span> <span class='ocrx_word' id='word_1_298' title='bbox 2828 2310 2907 2376; x_wconf 68' lang='grc' dir='ltr'>δὲ,</span> <span class='ocrx_word' id='word_1_299' title='bbox 2933 2309 3070 2378; x_wconf 70' lang='grc' dir='ltr'>πρὸς</span> <span class='ocrx_word' id='word_1_300' title='bbox 3103 2307 3288 2375; x_wconf 77' lang='grc' dir='ltr'><strong>ὀλίγον</strong></span> <span class='ocrx_word' id='word_1_301' title='bbox 3319 2309 3454 2362; x_wconf 72' lang='grc' dir='ltr'>τισὶν</span> <span class='ocrx_word' id='word_1_302' title='bbox 3479 2307 3585 2358; x_wconf 78' lang='grc' dir='ltr'>ἐπι-</span> 
     </span>
    </p>
   </div>
   <div class='ocr_carea' id='block_1_47' title="bbox 2019 2397 3586 2472">
    <p class='ocr_par' dir='ltr' id='par_1_47' title="bbox 2019 2397 3586 2472">
     <span class='ocr_line' id='line_1_47' title="bbox 2019 2397 3586 2472; baseline -0.004 -18"><span class='ocrx_word' id='word_1_303' title='bbox 2019 2401 2294 2472; x_wconf 81' lang='grc' dir='ltr'>δημήσας,</span> <span class='ocrx_word' id='word_1_304' title='bbox 2321 2399 2478 2464; x_wconf 80' lang='grc' dir='ltr'>αὖθις</span> <span class='ocrx_word' id='word_1_305' title='bbox 2533 2404 2754 2458; x_wconf 77' lang='grc' dir='ltr'>ἄπεισιν</span> <span class='ocrx_word' id='word_1_306' title='bbox 2798 2403 2922 2456; x_wconf 82' lang='grc' dir='ltr'>ὅθεν</span> <span class='ocrx_word' id='word_1_307' title='bbox 2951 2397 3104 2470; x_wconf 71' lang='grc' dir='ltr'>ἦλθε.</span> <span class='ocrx_word' id='word_1_308' title='bbox 3150 2400 3328 2453; x_wconf 82' lang='grc' dir='ltr'>Τοῦτο</span> <span class='ocrx_word' id='word_1_309' title='bbox 3360 2399 3417 2451; x_wconf 82' lang='grc' dir='ltr'><strong>δὲ</strong></span> <span class='ocrx_word' id='word_1_310' title='bbox 3457 2399 3586 2450; x_wconf 81' lang='grc' dir='ltr'>ποιεῖ</span> 
     </span>
    </p>
   </div>
   <div class='ocr_carea' id='block_1_48' title="bbox 2019 2488 3586 2568">
    <p class='ocr_par' dir='ltr' id='par_1_48' title="bbox 2019 2488 3586 2568">
     <span class='ocr_line' id='line_1_48' title="bbox 2019 2488 3586 2568; baseline -0.004 -21"><span class='ocrx_word' id='word_1_311' title='bbox 2019 2497 2128 2558; x_wconf 75' lang='grc' dir='ltr'><strong>πᾶς</strong></span> <span class='ocrx_word' id='word_1_312' title='bbox 2175 2495 2463 2562; x_wconf 77' lang='grc' dir='ltr'>ἄνθρωπος</span> <span class='ocrx_word' id='word_1_313' title='bbox 2495 2495 2632 2568; x_wconf 72' lang='grc' dir='ltr'>πρὸς</span> <span class='ocrx_word' id='word_1_314' title='bbox 2665 2495 2856 2565; x_wconf 71' lang='grc' dir='ltr'>καιρὸν</span> <span class='ocrx_word' id='word_1_315' title='bbox 2890 2493 3118 2564; x_wconf 84' lang='grc' dir='ltr'>βιώσας,</span> <span class='ocrx_word' id='word_1_316' title='bbox 3150 2489 3268 2546; x_wconf 75' lang='grc' dir='ltr'>εἶτα</span> <span class='ocrx_word' id='word_1_317' title='bbox 3312 2488 3482 2545; x_wconf 87' lang='grc' dir='ltr'>θανὼν</span> <span class='ocrx_word' id='word_1_318' title='bbox 3502 2488 3586 2542; x_wconf 72' lang='grc' dir='ltr'><strong>καὶ</strong></span> 
     </span>
    </p>
   </div>
   <div class='ocr_carea' id='block_1_49' title="bbox 2021 2585 3056 2653">
    <p class='ocr_par' dir='ltr' id='par_1_49' title="bbox 2021 2585 3056 2653">
     <span class='ocr_line' id='line_1_49' title="bbox 2021 2585 3056 2653; baseline 0.002 -13"><span class='ocrx_word' id='word_1_319' title='bbox 2021 2589 2312 2650; x_wconf 75' lang='grc' dir='ltr'>ἀναλυθεὶς</span> <span class='ocrx_word' id='word_1_320' title='bbox 2351 2589 2432 2650; x_wconf 85' lang='grc' dir='ltr'><strong>είς</strong></span> <span class='ocrx_word' id='word_1_321' title='bbox 2465 2589 2532 2642; x_wconf 75' lang='grc' dir='ltr'>τὰ</span> <span class='ocrx_word' id='word_1_322' title='bbox 2564 2589 2623 2653; x_wconf 73' lang='grc' dir='ltr'><strong>ἐξ</strong></span> <span class='ocrx_word' id='word_1_323' title='bbox 2655 2585 2728 2640; x_wconf 82' lang='grc' dir='ltr'>ὧν</span> <span class='ocrx_word' id='word_1_324' title='bbox 2755 2587 3056 2642; x_wconf 81' lang='grc' dir='ltr'>συνέκειτο.</span> 
     </span>
    </p>
   </div>
   <div class='ocr_carea' id='block_1_50' title="bbox 342 2673 3584 2751">
    <p class='ocr_par' dir='ltr' id='par_1_50' title="bbox 342 2673 3584 2751">
     <span class='ocr_line' id='line_1_50' title="bbox 342 2673 3584 2751; baseline 0.002 -27"><span class='ocrx_word' id='word_1_325' title='bbox 342 2684 448 2735; x_wconf 72' lang='lat' dir='ltr'><strong>tur,</strong></span> <span class='ocrx_word' id='word_1_326' title='bbox 490 2675 634 2728; x_wconf 86' lang='lat' dir='ltr'><strong>unde</strong></span> <span class='ocrx_word' id='word_1_327' title='bbox 667 2673 844 2730; x_wconf 75' lang='lat' dir='ltr'><strong>fuerat</strong></span> <span class='ocrx_word' id='word_1_328' title='bbox 901 2679 1202 2747; x_wconf 80' lang='lat' dir='ltr'><strong>proiectus.</strong></span> <span class='ocrx_word' id='word_1_329' title='bbox 1232 2679 1331 2736; x_wconf 87' lang='lat' dir='ltr'><strong>Cui</strong></span> <span class='ocrx_word' id='word_1_330' title='bbox 1361 2681 1674 2751; x_wconf 89' lang='lat' dir='ltr'><strong>comparari</strong></span> <span class='ocrx_word' id='word_1_331' title='bbox 1726 2688 1908 2750; x_wconf 88' lang='lat' dir='ltr'><strong>potest</strong></span> <span class='ocrx_word' id='word_1_332' title='bbox 1947 2681 2180 2750; x_wconf 86' lang='lat' dir='ltr'><strong>quilibet</strong></span> <span class='ocrx_word' id='word_1_333' title='bbox 2212 2683 2485 2737; x_wconf 79' lang='lat' dir='ltr'><strong>mortalis.</strong></span> <span class='ocrx_word' id='word_1_334' title='bbox 2527 2681 2660 2737; x_wconf 81' lang='lat' dir='ltr'><strong>Nam</strong></span> <span class='ocrx_word' id='word_1_335' title='bbox 2694 2681 2760 2738; x_wconf 87' lang='lat' dir='ltr'><strong>ad</strong></span> <span class='ocrx_word' id='word_1_336' title='bbox 2793 2691 3004 2738; x_wconf 90' lang='lat' dir='ltr'><strong>certum</strong></span> <span class='ocrx_word' id='word_1_337' title='bbox 3037 2697 3102 2737; x_wconf 88' lang='lat' dir='ltr'><strong>ac</strong></span> <span class='ocrx_word' id='word_1_338' title='bbox 3159 2682 3330 2737; x_wconf 81' lang='lat' dir='ltr'><strong>breve</strong></span> <span class='ocrx_word' id='word_1_339' title='bbox 3394 2691 3584 2748; x_wconf 65' lang='lat' dir='ltr'><strong>tempus</strong></span> 
     </span>
    </p>
   </div>
   <div class='ocr_carea' id='block_1_51' title="bbox 342 2764 2511 2842">
    <p class='ocr_par' dir='ltr' id='par_1_51' title="bbox 342 2764 2511 2842">
     <span class='ocr_line' id='line_1_51' title="bbox 342 2764 2511 2842; baseline 0.008 -30"><span class='ocrx_word' id='word_1_340' title='bbox 342 2764 593 2827; x_wconf 81' lang='lat' dir='ltr'><strong>vivimus.</strong></span> <span class='ocrx_word' id='word_1_341' title='bbox 625 2773 678 2818; x_wconf 90' lang='lat' dir='ltr'><strong>et</strong></span> <span class='ocrx_word' id='word_1_342' title='bbox 705 2767 923 2822; x_wconf 89' lang='lat' dir='ltr'><strong>demum</strong></span> <span class='ocrx_word' id='word_1_343' title='bbox 954 2770 1006 2823; x_wconf 89' lang='lat' dir='ltr'><strong>in</strong></span> <span class='ocrx_word' id='word_1_344' title='bbox 1041 2785 1130 2835; x_wconf 87' lang='lat' dir='ltr'><strong>ea,</strong></span> <span class='ocrx_word' id='word_1_345' title='bbox 1157 2772 1301 2826; x_wconf 88' lang='lat' dir='ltr'><strong>unde</strong></span> <span class='ocrx_word' id='word_1_346' title='bbox 1327 2772 1594 2842; x_wconf 81' lang='lat' dir='ltr'><strong>originem</strong></span> <span class='ocrx_word' id='word_1_347' title='bbox 1621 2773 1901 2838; x_wconf 77' lang='lat' dir='ltr'><strong>duximus,</strong></span> <span class='ocrx_word' id='word_1_348' title='bbox 1938 2773 2133 2829; x_wconf 91' lang='lat' dir='ltr'><strong>iterum</strong></span> <span class='ocrx_word' id='word_1_349' title='bbox 2163 2776 2511 2830; x_wconf 87' lang='lat' dir='ltr'><strong>resolvimur.</strong></span> 
     </span>
    </p>
   </div>
   <div class='ocr_carea' id='block_1_52' title="bbox 411 2857 1914 2936">
    <p class='ocr_par' dir='ltr' id='par_1_52' title="bbox 411 2857 1914 2936">
     <span class='ocr_line' id='line_1_52' title="bbox 411 2857 1914 2936; baseline 0.008 -28"><span class='ocrx_word' id='word_1_350' title='bbox 411 2857 570 2913; x_wconf 69' lang='lat' dir='ltr'><strong>Vatis.</strong></span> <span class='ocrx_word' id='word_1_351' title='bbox 619 2859 706 2912; x_wconf 74' lang='grc'><strong>14.</strong></span> <span class='ocrx_word' id='word_1_352' title='bbox 775 2859 994 2916; x_wconf 82' lang='lat' dir='ltr'><strong>Dimitte</strong></span> <span class='ocrx_word' id='word_1_353' title='bbox 1037 2864 1163 2917; x_wconf 84' lang='lat' dir='ltr'><strong>mihi</strong></span> <span class='ocrx_word' id='word_1_354' title='bbox 1193 2873 1249 2918; x_wconf 84' lang='lat' dir='ltr'><strong>ut</strong></span> <span class='ocrx_word' id='word_1_355' title='bbox 1283 2865 1564 2934; x_wconf 77' lang='lat' dir='ltr'><strong>refrigerer</strong></span> <span class='ocrx_word' id='word_1_356' title='bbox 1604 2868 1914 2936; x_wconf 84' lang='lat' dir='ltr'><strong>priusquam</strong></span> 
     </span>
    </p>
   </div>
   <div class='ocr_carea' id='block_1_53' title="bbox 339 2949 1918 3030">
    <p class='ocr_par' dir='ltr' id='par_1_53' title="bbox 339 2949 1918 3030">
     <span class='ocr_line' id='line_1_53' title="bbox 339 2949 1918 3030; baseline 0.006 -28"><span class='ocrx_word' id='word_1_357' title='bbox 339 2951 545 3005; x_wconf 72' lang='lat' dir='ltr'><strong>abeam.</strong></span> <span class='ocrx_word' id='word_1_358' title='bbox 572 2949 740 3005; x_wconf 85' lang='lat' dir='ltr'><strong>Parce</strong></span> <span class='ocrx_word' id='word_1_359' title='bbox 772 2953 932 3014; x_wconf 89' lang='lat' dir='ltr'><strong>mihi.</strong></span> <span class='ocrx_word' id='word_1_360' title='bbox 966 2953 1165 3024; x_wconf 85' lang='lat' dir='ltr'><strong>inquit,</strong></span> <span class='ocrx_word' id='word_1_361' title='bbox 1198 2957 1332 3012; x_wconf 87' lang='lat' dir='ltr'><strong>siste</strong></span> <span class='ocrx_word' id='word_1_362' title='bbox 1358 2957 1658 3028; x_wconf 83' lang='lat' dir='ltr'><strong>ﬂagellum.</strong></span> <span class='ocrx_word' id='word_1_363' title='bbox 1695 2968 1752 3013; x_wconf 93' lang='lat' dir='ltr'><strong>ut</strong></span> <span class='ocrx_word' id='word_1_364' title='bbox 1781 2976 1918 3030; x_wconf 81' lang='lat' dir='ltr'><strong>pau-</strong></span> 
     </span>
    </p>
   </div>
   <div class='ocr_carea' id='block_1_54' title="bbox 340 3042 1916 3110">
    <p class='ocr_par' dir='ltr' id='par_1_54' title="bbox 340 3042 1916 3110">
     <span class='ocr_line' id='line_1_54' title="bbox 340 3042 1916 3110; baseline 0.009 -16"><span class='ocrx_word' id='word_1_365' title='bbox 340 3042 512 3096; x_wconf 89' lang='lat' dir='ltr'><strong>lulum</strong></span> <span class='ocrx_word' id='word_1_366' title='bbox 546 3044 820 3110; x_wconf 86' lang='lat' dir='ltr'><strong>consoler,</strong></span> <span class='ocrx_word' id='word_1_367' title='bbox 851 3054 904 3098; x_wconf 91' lang='lat' dir='ltr'><strong>et</strong></span> <span class='ocrx_word' id='word_1_368' title='bbox 940 3047 1264 3104; x_wconf 83' lang='lat' dir='ltr'><strong>amictiones</strong></span> <span class='ocrx_word' id='word_1_369' title='bbox 1289 3064 1316 3102; x_wconf 89' lang='lat' dir='ltr'><strong>a</strong></span> <span class='ocrx_word' id='word_1_370' title='bbox 1342 3066 1426 3103; x_wconf 90' lang='lat' dir='ltr'><strong>me</strong></span> <span class='ocrx_word' id='word_1_371' title='bbox 1459 3055 1733 3105; x_wconf 79' lang='lat' dir='ltr'><strong>excutiam</strong></span> <span class='ocrx_word' id='word_1_372' title='bbox 1758 3061 1916 3107; x_wconf 82' lang='lat' dir='ltr'><strong>ante-</strong></span> 
     </span>
    </p>
   </div>
   <div class='ocr_carea' id='block_1_55' title="bbox 339 3133 1915 3210">
    <p class='ocr_par' dir='ltr' id='par_1_55' title="bbox 339 3133 1915 3210">
     <span class='ocr_line' id='line_1_55' title="bbox 339 3133 1915 3210; baseline 0.008 -26"><span class='ocrx_word' id='word_1_373' title='bbox 339 3147 501 3202; x_wconf 85' lang='lat' dir='ltr'><strong>quan:</strong></span> <span class='ocrx_word' id='word_1_374' title='bbox 536 3135 739 3188; x_wconf 89' lang='lat' dir='ltr'><strong>moriar</strong></span> <span class='ocrx_word' id='word_1_375' title='bbox 774 3133 876 3206; x_wconf 89' lang='lat' dir='ltr'><strong>[vel</strong></span> <span class='ocrx_word' id='word_1_376' title='bbox 907 3136 1018 3200; x_wconf 86' lang='lat' dir='ltr'><strong>die,</strong></span> <span class='ocrx_word' id='word_1_377' title='bbox 1052 3139 1194 3208; x_wconf 90' lang='lat' dir='ltr'><strong>quod</strong></span> <span class='ocrx_word' id='word_1_378' title='bbox 1218 3149 1568 3210; x_wconf 88' lang='lat' dir='ltr'><strong>peccatorum</strong></span> <span class='ocrx_word' id='word_1_379' title='bbox 1605 3144 1818 3197; x_wconf 84' lang='lat' dir='ltr'><strong>veniam</strong></span> <span class='ocrx_word' id='word_1_380' title='bbox 1861 3144 1915 3197; x_wconf 89' lang='lat' dir='ltr'><strong>in</strong></span> 
     </span>
    </p>
   </div>
   <div class='ocr_carea' id='block_1_56' title="bbox 339 3225 1010 3300">
    <p class='ocr_par' dir='ltr' id='par_1_56' title="bbox 339 3225 1010 3300">
     <span class='ocr_line' id='line_1_56' title="bbox 339 3225 1010 3300; baseline 0.006 -23"><span class='ocrx_word' id='word_1_381' title='bbox 339 3225 588 3293; x_wconf 78' lang='lat' dir='ltr'><strong>praesenti</strong></span> <span class='ocrx_word' id='word_1_382' title='bbox 605 3227 708 3280; x_wconf 81' lang='lat' dir='ltr'><strong>vita</strong></span> <span class='ocrx_word' id='word_1_383' title='bbox 728 3227 1010 3300; x_wconf 84' lang='lat' dir='ltr'><strong>postulat].</strong></span> 
     </span>
    </p>
   </div>
   <div class='ocr_carea' id='block_1_57' title="bbox 411 3317 1939 3397">
    <p class='ocr_par' dir='ltr' id='par_1_57' title="bbox 411 3317 1939 3397">
     <span class='ocr_line' id='line_1_57' title="bbox 411 3317 1939 3397; baseline 0.009 -26"><span class='ocrx_word' id='word_1_384' title='bbox 411 3317 722 3388; x_wconf 84' lang='lat' dir='ltr'><strong>Etamplias</strong></span> <span class='ocrx_word' id='word_1_385' title='bbox 750 3337 849 3374; x_wconf 84' lang='lat' dir='ltr'><strong>non</strong></span> <span class='ocrx_word' id='word_1_386' title='bbox 882 3337 992 3377; x_wconf 77' lang='lat' dir='ltr'><strong>ero.</strong></span> <span class='ocrx_word' id='word_1_387' title='bbox 1028 3321 1092 3376; x_wconf 84' lang='lat' dir='ltr'><strong>Et</strong></span> <span class='ocrx_word' id='word_1_388' title='bbox 1117 3338 1240 3378; x_wconf 92' lang='lat' dir='ltr'><strong>cum</strong></span> <span class='ocrx_word' id='word_1_389' title='bbox 1265 3323 1418 3379; x_wconf 84' lang='lat' dir='ltr'><strong>ivero</strong></span> <span class='ocrx_word' id='word_1_390' title='bbox 1453 3326 1543 3381; x_wconf 90' lang='lat' dir='ltr'><strong>ubi</strong></span> <span class='ocrx_word' id='word_1_391' title='bbox 1566 3335 1698 3381; x_wconf 91' lang='lat' dir='ltr'><strong>sunt</strong></span> <span class='ocrx_word' id='word_1_392' title='bbox 1722 3335 1906 3396; x_wconf 80' lang='lat' dir='ltr'><strong>patres</strong></span> <span class='ocrx_word' id='word_1_393' title='bbox 1934 3392 1939 3397; x_wconf 25' lang='lat' dir='ltr'><strong>I</strong></span> 
     </span>
    </p>
   </div>
   <div class='ocr_carea' id='block_1_58' title="bbox 343 3411 1910 3487">
    <p class='ocr_par' dir='ltr' id='par_1_58' title="bbox 343 3411 1910 3487">
     <span class='ocr_line' id='line_1_58' title="bbox 343 3411 1910 3487; baseline 0.006 -25"><span class='ocrx_word' id='word_1_394' title='bbox 343 3411 469 3473; x_wconf 86' lang='lat' dir='ltr'><strong>mei.</strong></span> <span class='ocrx_word' id='word_1_395' title='bbox 504 3427 610 3466; x_wconf 91' lang='lat' dir='ltr'><strong>non</strong></span> <span class='ocrx_word' id='word_1_396' title='bbox 651 3429 746 3469; x_wconf 89' lang='lat' dir='ltr'><strong>ero</strong></span> <span class='ocrx_word' id='word_1_397' title='bbox 765 3415 1019 3484; x_wconf 89' lang='lat' dir='ltr'><strong>amplius,</strong></span> <span class='ocrx_word' id='word_1_398' title='bbox 1049 3415 1152 3471; x_wconf 91' lang='lat' dir='ltr'><strong>hoc</strong></span> <span class='ocrx_word' id='word_1_399' title='bbox 1178 3425 1280 3481; x_wconf 87' lang='lat' dir='ltr'><strong>est,</strong></span> <span class='ocrx_word' id='word_1_400' title='bbox 1307 3434 1415 3472; x_wconf 92' lang='lat' dir='ltr'><strong>non</strong></span> <span class='ocrx_word' id='word_1_401' title='bbox 1441 3418 1681 3487; x_wconf 90' lang='lat' dir='ltr'><strong>amplius</strong></span> <span class='ocrx_word' id='word_1_402' title='bbox 1707 3419 1910 3472; x_wconf 87' lang='lat' dir='ltr'><strong>vivam.</strong></span> 
     </span>
    </p>
   </div>
   <div class='ocr_carea' id='block_1_59' title="bbox 338 3505 1917 3577">
    <p class='ocr_par' dir='ltr' id='par_1_59' title="bbox 338 3505 1917 3577">
     <span class='ocr_line' id='line_1_59' title="bbox 338 3505 1917 3577; baseline 0.004 -19"><span class='ocrx_word' id='word_1_403' title='bbox 338 3505 452 3569; x_wconf 85' lang='lat' dir='ltr'><strong>Vel,</strong></span> <span class='ocrx_word' id='word_1_404' title='bbox 489 3521 596 3559; x_wconf 92' lang='lat' dir='ltr'><strong>non</strong></span> <span class='ocrx_word' id='word_1_405' title='bbox 654 3521 750 3559; x_wconf 91' lang='lat' dir='ltr'><strong>ero</strong></span> <span class='ocrx_word' id='word_1_406' title='bbox 803 3507 1042 3576; x_wconf 89' lang='lat' dir='ltr'><strong>amplius</strong></span> <span class='ocrx_word' id='word_1_407' title='bbox 1100 3508 1153 3560; x_wconf 93' lang='lat' dir='ltr'><strong>in</strong></span> <span class='ocrx_word' id='word_1_408' title='bbox 1221 3510 1476 3577; x_wconf 83' lang='lat' dir='ltr'><strong>praesenti</strong></span> <span class='ocrx_word' id='word_1_409' title='bbox 1518 3511 1745 3565; x_wconf 88' lang='lat' dir='ltr'><strong>mundo.</strong></span> <span class='ocrx_word' id='word_1_410' title='bbox 1792 3509 1917 3565; x_wconf 69' lang='lat' dir='ltr'><strong>llaec</strong></span> 
     </span>
    </p>
   </div>
   <div class='ocr_carea' id='block_1_60' title="bbox 335 3596 1917 3672">
    <p class='ocr_par' dir='ltr' id='par_1_60' title="bbox 335 3596 1917 3672">
     <span class='ocr_line' id='line_1_60' title="bbox 335 3596 1917 3672; baseline 0.006 -22"><span class='ocrx_word' id='word_1_411' title='bbox 335 3596 498 3652; x_wconf 71' lang='lat' dir='ltr'><strong>etiam</strong></span> <span class='ocrx_word' id='word_1_412' title='bbox 555 3599 722 3651; x_wconf 87' lang='lat' dir='ltr'><strong>verba</strong></span> <span class='ocrx_word' id='word_1_413' title='bbox 764 3599 829 3653; x_wconf 91' lang='lat' dir='ltr'><strong>ad</strong></span> <span class='ocrx_word' id='word_1_414' title='bbox 892 3600 1214 3669; x_wconf 83' lang='lat' dir='ltr'><strong>placandam</strong></span> <span class='ocrx_word' id='word_1_415' title='bbox 1255 3599 1346 3655; x_wconf 89' lang='lat' dir='ltr'><strong>Dei</strong></span> <span class='ocrx_word' id='word_1_416' title='bbox 1397 3602 1558 3665; x_wconf 89' lang='lat' dir='ltr'><strong>iram,</strong></span> <span class='ocrx_word' id='word_1_417' title='bbox 1588 3608 1642 3657; x_wconf 86' lang='lat' dir='ltr'><strong>et</strong></span> <span class='ocrx_word' id='word_1_418' title='bbox 1682 3602 1746 3658; x_wconf 88' lang='lat' dir='ltr'><strong>ad</strong></span> <span class='ocrx_word' id='word_1_419' title='bbox 1797 3603 1917 3672; x_wconf 84' lang='lat' dir='ltr'><strong>ejus</strong></span> 
     </span>
    </p>
   </div>
   <div class='ocr_carea' id='block_1_61' title="bbox 336 3689 1915 3763">
    <p class='ocr_par' dir='ltr' id='par_1_61' title="bbox 336 3689 1915 3763">
     <span class='ocr_line' id='line_1_61' title="bbox 336 3689 1915 3763; baseline 0.006 -22"><span class='ocrx_word' id='word_1_420' title='bbox 336 3689 768 3747; x_wconf 86' lang='lat' dir='ltr'><strong>misericordiam</strong></span> <span class='ocrx_word' id='word_1_421' title='bbox 782 3691 1188 3746; x_wconf 86' lang='lat' dir='ltr'><strong>conciliandam</strong></span> <span class='ocrx_word' id='word_1_422' title='bbox 1209 3690 1354 3747; x_wconf 87' lang='lat' dir='ltr'><strong>dicta</strong></span> <span class='ocrx_word' id='word_1_423' title='bbox 1374 3699 1500 3746; x_wconf 89' lang='lat' dir='ltr'><strong>sunt</strong></span> <span class='ocrx_word' id='word_1_424' title='bbox 1523 3709 1539 3756; x_wconf 86' lang='lat'><strong>;</strong></span> <span class='ocrx_word' id='word_1_425' title='bbox 1562 3693 1696 3748; x_wconf 85' lang='lat' dir='ltr'><strong>illud</strong></span> <span class='ocrx_word' id='word_1_426' title='bbox 1711 3702 1915 3763; x_wconf 84' lang='lat' dir='ltr'><strong>autem,</strong></span> 
     </span>
    </p>
   </div>
   <div class='ocr_carea' id='block_1_62' title="bbox 335 3781 1671 3853">
    <p class='ocr_par' dir='ltr' id='par_1_62' title="bbox 335 3781 1671 3853">
     <span class='ocr_line' id='line_1_62' title="bbox 335 3781 1671 3853; baseline 0.005 -19"><span class='ocrx_word' id='word_1_427' title='bbox 335 3781 454 3836; x_wconf 83' lang='lat' dir='ltr'><strong>Non</strong></span> <span class='ocrx_word' id='word_1_428' title='bbox 484 3783 738 3853; x_wconf 78' lang='lat' dir='ltr'><strong>amplius,</strong></span> <span class='ocrx_word' id='word_1_429' title='bbox 771 3783 836 3838; x_wconf 86' lang='lat' dir='ltr'><strong>ad</strong></span> <span class='ocrx_word' id='word_1_430' title='bbox 870 3784 1139 3840; x_wconf 88' lang='lat' dir='ltr'><strong>orationis</strong></span> <span class='ocrx_word' id='word_1_431' title='bbox 1169 3785 1671 3841; x_wconf 80' lang='lat' dir='ltr'><strong>conﬁrmationem.</strong></span> 
     </span>
    </p>
   </div>
   <div class='ocr_carea' id='block_1_63' title="bbox 647 3897 1598 3968">
    <p class='ocr_par' dir='ltr' id='par_1_63' title="bbox 647 3897 1598 3968">
     <span class='ocr_line' id='line_1_63' title="bbox 647 3897 1598 3968; baseline 0.002 -14"><span class='ocrx_word' id='word_1_432' title='bbox 647 3898 714 3954; x_wconf 84' lang='lat' dir='ltr'><strong>In</strong></span> <span class='ocrx_word' id='word_1_433' title='bbox 734 3898 895 3966; x_wconf 80' lang='lat' dir='ltr'><strong>ﬁnem</strong></span> <span class='ocrx_word' id='word_1_434' title='bbox 946 3897 1192 3954; x_wconf 81' lang='lat' dir='ltr'><strong>Psalmus</strong></span> <span class='ocrx_word' id='word_1_435' title='bbox 1247 3899 1349 3968; x_wconf 76' lang='lat' dir='ltr'><strong>ipsi</strong></span> <span class='ocrx_word' id='word_1_436' title='bbox 1404 3899 1598 3957; x_wconf 76' lang='lat' dir='ltr'><strong>David.</strong></span> 
     </span>
    </p>
   </div>
   <div class='ocr_carea' id='block_1_64' title="bbox 831 4029 1495 4087">
    <p class='ocr_par' dir='ltr' id='par_1_64' title="bbox 831 4029 1495 4087">
     <span class='ocr_line' id='line_1_64' title="bbox 831 4029 1495 4087; baseline 0.005 -3"><span class='ocrx_word' id='word_1_437' title='bbox 831 4029 1150 4086; x_wconf 76' lang='lat' dir='ltr'><strong>PSALMUS</strong></span> <span class='ocrx_word' id='word_1_438' title='bbox 1179 4029 1423 4087; x_wconf 81' lang='lat' dir='ltr'><strong>XXXIX.</strong></span> <span class='ocrx_word' id='word_1_439' title='bbox 1482 4031 1495 4050; x_wconf 55' lang='grc' dir='ltr'><strong>ί</strong></span> 
     </span>
    </p>
   </div>
   <div class='ocr_carea' id='block_1_65' title="bbox 409 4141 1921 4218">
    <p class='ocr_par' dir='ltr' id='par_1_65' title="bbox 409 4141 1921 4218">
     <span class='ocr_line' id='line_1_65' title="bbox 409 4141 1921 4218; baseline 0.003 -21"><span class='ocrx_word' id='word_1_440' title='bbox 409 4141 611 4197; x_wconf 87' lang='lat' dir='ltr'><strong>Sancto</strong></span> <span class='ocrx_word' id='word_1_441' title='bbox 635 4141 846 4210; x_wconf 88' lang='lat' dir='ltr'><strong>Spiritu</strong></span> <span class='ocrx_word' id='word_1_442' title='bbox 875 4143 1090 4198; x_wconf 84' lang='lat' dir='ltr'><strong>alllatus</strong></span> <span class='ocrx_word' id='word_1_443' title='bbox 1141 4144 1330 4198; x_wconf 87' lang='lat' dir='ltr'><strong>beatus</strong></span> <span class='ocrx_word' id='word_1_444' title='bbox 1354 4144 1545 4210; x_wconf 84' lang='lat' dir='ltr'><strong>David,</strong></span> <span class='ocrx_word' id='word_1_445' title='bbox 1575 4145 1720 4202; x_wconf 82' lang='lat' dir='ltr'><strong>hunc</strong></span> <span class='ocrx_word' id='word_1_446' title='bbox 1773 4149 1921 4218; x_wconf 85' lang='lat' dir='ltr'><strong>psal-</strong></span> 
     </span>
    </p>
   </div>
   <div class='ocr_carea' id='block_1_66' title="bbox 339 4231 1915 4301">
    <p class='ocr_par' dir='ltr' id='par_1_66' title="bbox 339 4231 1915 4301">
     <span class='ocr_line' id='line_1_66' title="bbox 339 4231 1915 4301; baseline 0.003 -15"><span class='ocrx_word' id='word_1_447' title='bbox 339 4248 486 4286; x_wconf 91' lang='lat' dir='ltr'><strong>mum</strong></span> <span class='ocrx_word' id='word_1_448' title='bbox 546 4231 598 4285; x_wconf 94' lang='lat' dir='ltr'><strong>in</strong></span> <span class='ocrx_word' id='word_1_449' title='bbox 647 4247 877 4301; x_wconf 86' lang='lat' dir='ltr'><strong>persona</strong></span> <span class='ocrx_word' id='word_1_450' title='bbox 932 4233 1188 4287; x_wconf 71' lang='lat' dir='ltr'><strong>Ecclesiae</strong></span> <span class='ocrx_word' id='word_1_451' title='bbox 1213 4234 1650 4289; x_wconf 85' lang='lat' dir='ltr'><strong>Christianorum</strong></span> <span class='ocrx_word' id='word_1_452' title='bbox 1689 4237 1915 4301; x_wconf 86' lang='lat' dir='ltr'><strong>cecinit,</strong></span> 
     </span>
    </p>
   </div>
   <div class='ocr_carea' id='block_1_67' title="bbox 335 4324 1917 4397">
    <p class='ocr_par' dir='ltr' id='par_1_67' title="bbox 335 4324 1917 4397">
     <span class='ocr_line' id='line_1_67' title="bbox 335 4324 1917 4397; baseline 0.004 -21"><span class='ocrx_word' id='word_1_453' title='bbox 335 4341 446 4394; x_wconf 89' lang='lat' dir='ltr'><strong>quo</strong></span> <span class='ocrx_word' id='word_1_454' title='bbox 476 4325 682 4394; x_wconf 75' lang='lat' dir='ltr'><strong>gratias</strong></span> <span class='ocrx_word' id='word_1_455' title='bbox 739 4324 849 4379; x_wconf 87' lang='lat' dir='ltr'><strong>Deo</strong></span> <span class='ocrx_word' id='word_1_456' title='bbox 883 4326 995 4392; x_wconf 81' lang='lat' dir='ltr'><strong>agit</strong></span> <span class='ocrx_word' id='word_1_457' title='bbox 1045 4341 1143 4395; x_wconf 88' lang='lat' dir='ltr'><strong>pro</strong></span> <span class='ocrx_word' id='word_1_458' title='bbox 1179 4325 1432 4380; x_wconf 86' lang='lat' dir='ltr'><strong>miriﬁcis</strong></span> <span class='ocrx_word' id='word_1_459' title='bbox 1459 4327 1620 4382; x_wconf 90' lang='lat' dir='ltr'><strong>donis</strong></span> <span class='ocrx_word' id='word_1_460' title='bbox 1658 4329 1856 4397; x_wconf 87' lang='lat' dir='ltr'><strong>quibus</strong></span> <span class='ocrx_word' id='word_1_461' title='bbox 1887 4344 1917 4382; x_wconf 89' lang='lat' dir='ltr'><strong>a</strong></span> 
     </span>
    </p>
   </div>
   <div class='ocr_carea' id='block_1_68' title="bbox 339 4410 1915 4488">
    <p class='ocr_par' dir='ltr' id='par_1_68' title="bbox 339 4410 1915 4488">
     <span class='ocr_line' id='line_1_68' title="bbox 339 4410 1915 4488; baseline 0.008 -28"><span class='ocrx_word' id='word_1_462' title='bbox 339 4410 444 4464; x_wconf 78' lang='lat' dir='ltr'><strong>beo</strong></span> <span class='ocrx_word' id='word_1_463' title='bbox 466 4411 634 4479; x_wconf 87' lang='lat' dir='ltr'><strong>gratis</strong></span> <span class='ocrx_word' id='word_1_464' title='bbox 673 4412 870 4465; x_wconf 85' lang='lat' dir='ltr'><strong>donata</strong></span> <span class='ocrx_word' id='word_1_465' title='bbox 902 4423 1006 4478; x_wconf 85' lang='lat' dir='ltr'><strong>est,</strong></span> <span class='ocrx_word' id='word_1_466' title='bbox 1043 4424 1093 4468; x_wconf 91' lang='lat' dir='ltr'><strong>et</strong></span> <span class='ocrx_word' id='word_1_467' title='bbox 1135 4415 1204 4466; x_wconf 90' lang='lat' dir='ltr'><strong>ab</strong></span> <span class='ocrx_word' id='word_1_468' title='bbox 1228 4429 1292 4468; x_wconf 92' lang='lat' dir='ltr'><strong>eo</strong></span> <span class='ocrx_word' id='word_1_469' title='bbox 1321 4414 1591 4471; x_wconf 87' lang='lat' dir='ltr'><strong>adversus</strong></span> <span class='ocrx_word' id='word_1_470' title='bbox 1619 4417 1915 4488; x_wconf 79' lang='lat' dir='ltr'><strong>insurgen—</strong></span> 
     </span>
    </p>
   </div>
   <div class='ocr_carea' id='block_1_69' title="bbox 332 4501 1910 4574">
    <p class='ocr_par' dir='ltr' id='par_1_69' title="bbox 332 4501 1910 4574">
     <span class='ocr_line' id='line_1_69' title="bbox 332 4501 1910 4574; baseline 0.006 -23"><span class='ocrx_word' id='word_1_471' title='bbox 332 4508 414 4555; x_wconf 75' lang='lat' dir='ltr'><strong>tes</strong></span> <span class='ocrx_word' id='word_1_472' title='bbox 441 4502 495 4555; x_wconf 92' lang='lat' dir='ltr'><strong>in</strong></span> <span class='ocrx_word' id='word_1_473' title='bbox 526 4517 583 4557; x_wconf 89' lang='lat' dir='ltr'><strong>se</strong></span> <span class='ocrx_word' id='word_1_474' title='bbox 623 4512 882 4574; x_wconf 82' lang='lat' dir='ltr'><strong>tyrannos</strong></span> <span class='ocrx_word' id='word_1_475' title='bbox 913 4519 1070 4574; x_wconf 86' lang='lat' dir='ltr'><strong>opem</strong></span> <span class='ocrx_word' id='word_1_476' title='bbox 1102 4506 1256 4573; x_wconf 87' lang='lat' dir='ltr'><strong>petit.</strong></span> <span class='ocrx_word' id='word_1_477' title='bbox 1285 4501 1352 4558; x_wconf 86' lang='lat' dir='ltr'><strong>In</strong></span> <span class='ocrx_word' id='word_1_478' title='bbox 1376 4506 1532 4574; x_wconf 75' lang='lat' dir='ltr'><strong>ﬁnem</strong></span> <span class='ocrx_word' id='word_1_479' title='bbox 1571 4507 1910 4574; x_wconf 79' lang='lat' dir='ltr'><strong>inscribitur,</strong></span> 
     </span>
    </p>
   </div>
   <div class='ocr_carea' id='block_1_70' title="bbox 2098 2866 3580 2940">
    <p class='ocr_par' dir='ltr' id='par_1_70' title="bbox 2098 2866 3580 2940">
     <span class='ocr_line' id='line_1_70' title="bbox 2098 2866 3580 2940; baseline -0.005 -14"><span class='ocrx_word' id='word_1_480' title='bbox 2098 2873 2266 2938; x_wconf 77' lang='grc' dir='ltr'>Ἀνες</span> <span class='ocrx_word' id='word_1_481' title='bbox 2277 2889 2379 2940; x_wconf 85' lang='grc' dir='ltr'>μοι</span> <span class='ocrx_word' id='word_1_482' title='bbox 2408 2872 2506 2924; x_wconf 81' lang='grc' dir='ltr'><strong>ἵνα</strong></span> <span class='ocrx_word' id='word_1_483' title='bbox 2533 2869 2848 2938; x_wconf 70' lang='grc' dir='ltr'><strong>ἀναψύξω,</strong></span> <span class='ocrx_word' id='word_1_484' title='bbox 2890 2869 3006 2937; x_wconf 71' lang='grc' dir='ltr'>πρὸ</span> <span class='ocrx_word' id='word_1_485' title='bbox 3035 2868 3142 2924; x_wconf 79' lang='grc' dir='ltr'>τοῦ</span> <span class='ocrx_word' id='word_1_486' title='bbox 3175 2869 3257 2938; x_wconf 79' lang='grc' dir='ltr'><strong>μὲ</strong></span> <span class='ocrx_word' id='word_1_487' title='bbox 3296 2866 3580 2924; x_wconf 74' lang='grc' dir='ltr'><strong>ἀπελθεῖν·</strong></span> 
     </span>
    </p>
   </div>
   <div class='ocr_carea' id='block_1_71' title="bbox 2023 2961 3585 3033">
    <p class='ocr_par' dir='ltr' id='par_1_71' title="bbox 2023 2961 3585 3033">
     <span class='ocr_line' id='line_1_71' title="bbox 2023 2961 3585 3033; baseline -0.002 -19"><span class='ocrx_word' id='word_1_488' title='bbox 2023 2963 2213 3015; x_wconf 80' lang='grc' dir='ltr'>Φεῖσαί</span> <span class='ocrx_word' id='word_1_489' title='bbox 2251 2981 2386 3032; x_wconf 89' lang='grc' dir='ltr'>μου,</span> <span class='ocrx_word' id='word_1_490' title='bbox 2422 2964 2618 3033; x_wconf 78' lang='grc' dir='ltr'>στῆσον</span> <span class='ocrx_word' id='word_1_491' title='bbox 2651 2965 2749 3031; x_wconf 79' lang='grc' dir='ltr'>τὴν</span> <span class='ocrx_word' id='word_1_492' title='bbox 2783 2963 3041 3032; x_wconf 76' lang='grc' dir='ltr'>μάστιγα,</span> <span class='ocrx_word' id='word_1_493' title='bbox 3084 2963 3170 3016; x_wconf 79' lang='grc' dir='ltr'>ἵνα</span> <span class='ocrx_word' id='word_1_494' title='bbox 3231 2961 3429 3031; x_wconf 74' lang='grc' dir='ltr'>μικρὸν</span> <span class='ocrx_word' id='word_1_495' title='bbox 3461 2975 3585 3028; x_wconf 85' lang='grc' dir='ltr'>παρ-</span> 
     </span>
    </p>
   </div>
   <div class='ocr_carea' id='block_1_72' title="bbox 2025 3048 3586 3124">
    <p class='ocr_par' dir='ltr' id='par_1_72' title="bbox 2025 3048 3586 3124">
     <span class='ocr_line' id='line_1_72' title="bbox 2025 3048 3586 3124; baseline -0.006 -14"><span class='ocrx_word' id='word_1_496' title='bbox 2025 3053 2307 3124; x_wconf 79' lang='grc' dir='ltr'>ηγορηθῶ,</span> <span class='ocrx_word' id='word_1_497' title='bbox 2359 3055 2453 3108; x_wconf 75' lang='grc' dir='ltr'><strong>καὶ</strong></span> <span class='ocrx_word' id='word_1_498' title='bbox 2512 3054 2859 3123; x_wconf 80' lang='grc' dir='ltr'>ἀποσείωμαι</span> <span class='ocrx_word' id='word_1_499' title='bbox 2921 3055 3022 3117; x_wconf 67' lang='grc' dir='ltr'><strong>τὰς</strong></span> <span class='ocrx_word' id='word_1_500' title='bbox 3073 3053 3321 3123; x_wconf 66' lang='grc' dir='ltr'>θλίψεις,</span> <span class='ocrx_word' id='word_1_501' title='bbox 3374 3051 3476 3122; x_wconf 76' lang='grc' dir='ltr'>πρὸ</span> <span class='ocrx_word' id='word_1_502' title='bbox 3505 3048 3586 3102; x_wconf 71' lang='grc' dir='ltr'><strong>τοῦ</strong></span> 
     </span>
    </p>
   </div>
   <div class='ocr_carea' id='block_1_73' title="bbox 2025 3144 2436 3215">
    <p class='ocr_par' dir='ltr' id='par_1_73' title="bbox 2025 3144 2436 3215">
     <span class='ocr_line' id='line_1_73' title="bbox 2025 3144 2436 3215; baseline 0.002 -17"><span class='ocrx_word' id='word_1_503' title='bbox 2025 3144 2320 3198; x_wconf 83' lang='grc' dir='ltr'>ἀποθανεῖν</span> <span class='ocrx_word' id='word_1_504' title='bbox 2347 3162 2436 3215; x_wconf 80' lang='grc' dir='ltr'><strong>με.</strong></span> 
     </span>
    </p>
   </div>
   <div class='ocr_carea' id='block_1_74' title="bbox 2087 3325 3585 3395">
    <p class='ocr_par' dir='ltr' id='par_1_74' title="bbox 2087 3325 3585 3395">
     <span class='ocr_line' id='line_1_74' title="bbox 2087 3325 3585 3395; baseline -0.005 -13"><span class='ocrx_word' id='word_1_505' title='bbox 2087 3327 2195 3382; x_wconf 76' lang='grc' dir='ltr'><strong>Καὶ</strong></span> <span class='ocrx_word' id='word_1_506' title='bbox 2218 3326 2420 3380; x_wconf 74' lang='grc' dir='ltr'>οὐκέτι</span> <span class='ocrx_word' id='word_1_507' title='bbox 2458 3329 2530 3381; x_wconf 86' lang='grc' dir='ltr'>οὐ</span> <span class='ocrx_word' id='word_1_508' title='bbox 2560 3326 2645 3395; x_wconf 80' lang='grc' dir='ltr'><strong>μὴ</strong></span> <span class='ocrx_word' id='word_1_509' title='bbox 2678 3326 2942 3395; x_wconf 71' lang='grc' dir='ltr'><strong>ὑπάρξαι.</strong></span> <span class='ocrx_word' id='word_1_510' title='bbox 3001 3328 3111 3379; x_wconf 75' lang='grc' dir='ltr'><strong>Καὶ</strong></span> <span class='ocrx_word' id='word_1_511' title='bbox 3172 3325 3430 3380; x_wconf 79' lang='grc' dir='ltr'>ἀπελθὼν</span> <span class='ocrx_word' id='word_1_512' title='bbox 3465 3325 3585 3376; x_wconf 80' lang='grc' dir='ltr'>ὅπου</span> 
     </span>
    </p>
   </div>
   <div class='ocr_carea' id='block_1_75' title="bbox 2018 3416 3582 3489">
    <p class='ocr_par' dir='ltr' id='par_1_75' title="bbox 2018 3416 3582 3489">
     <span class='ocr_line' id='line_1_75' title="bbox 2018 3416 3582 3489; baseline -0.004 -16"><span class='ocrx_word' id='word_1_513' title='bbox 2018 3419 2112 3473; x_wconf 77' lang='grc' dir='ltr'><strong>καὶ</strong></span> <span class='ocrx_word' id='word_1_514' title='bbox 2151 3420 2201 3472; x_wconf 80' lang='grc' dir='ltr'>οἱ</span> <span class='ocrx_word' id='word_1_515' title='bbox 2262 3417 2498 3488; x_wconf 82' lang='grc' dir='ltr'>πατέρες</span> <span class='ocrx_word' id='word_1_516' title='bbox 2553 3436 2678 3486; x_wconf 86' lang='grc' dir='ltr'>μου,</span> <span class='ocrx_word' id='word_1_517' title='bbox 2735 3419 2919 3472; x_wconf 70' lang='grc' dir='ltr'>οὐκέτι</span> <span class='ocrx_word' id='word_1_518' title='bbox 2974 3419 3224 3489; x_wconf 77' lang='grc' dir='ltr'>ὑπάρξω,</span> <span class='ocrx_word' id='word_1_519' title='bbox 3295 3416 3582 3477; x_wconf 74' lang='grc' dir='ltr'>τουτέστιν,</span> 
     </span>
    </p>
   </div>
   <div class='ocr_carea' id='block_1_76' title="bbox 2016 3509 3584 3582">
    <p class='ocr_par' dir='ltr' id='par_1_76' title="bbox 2016 3509 3584 3582">
     <span class='ocr_line' id='line_1_76' title="bbox 2016 3509 3584 3582; baseline -0.002 -19"><span class='ocrx_word' id='word_1_520' title='bbox 2016 3511 2201 3563; x_wconf 73' lang='grc' dir='ltr'>οὐκέτι</span> <span class='ocrx_word' id='word_1_521' title='bbox 2238 3510 2545 3581; x_wconf 83' lang='grc' dir='ltr'>βιώσομαι·</span> <span class='ocrx_word' id='word_1_522' title='bbox 2574 3511 2630 3582; x_wconf 78' lang='grc' dir='ltr'>ἢ,</span> <span class='ocrx_word' id='word_1_523' title='bbox 2666 3511 2852 3564; x_wconf 72' lang='grc' dir='ltr'>οὐκέτι</span> <span class='ocrx_word' id='word_1_524' title='bbox 2903 3511 3133 3582; x_wconf 82' lang='grc' dir='ltr'>ὑπάρξω</span> <span class='ocrx_word' id='word_1_525' title='bbox 3160 3512 3218 3563; x_wconf 82' lang='grc' dir='ltr'>ὲν</span> <span class='ocrx_word' id='word_1_526' title='bbox 3259 3512 3342 3581; x_wconf 84' lang='grc' dir='ltr'><strong>τῷ</strong></span> <span class='ocrx_word' id='word_1_527' title='bbox 3375 3509 3584 3579; x_wconf 81' lang='grc' dir='ltr'>παρόντι</span> 
     </span>
    </p>
   </div>
   <div class='ocr_carea' id='block_1_77' title="bbox 2018 3602 3582 3675">
    <p class='ocr_par' dir='ltr' id='par_1_77' title="bbox 2018 3602 3582 3675">
     <span class='ocr_line' id='line_1_77' title="bbox 2018 3602 3582 3675; baseline -0.001 -19"><span class='ocrx_word' id='word_1_528' title='bbox 2018 3602 2230 3674; x_wconf 82' lang='grc' dir='ltr'><strong>κόσμῳ.</strong></span> <span class='ocrx_word' id='word_1_529' title='bbox 2255 3605 2626 3672; x_wconf 80' lang='grc' dir='ltr'>Δυσωπητικὰ</span> <span class='ocrx_word' id='word_1_530' title='bbox 2656 3603 2715 3656; x_wconf 76' lang='grc' dir='ltr'><strong>δὲ</strong></span> <span class='ocrx_word' id='word_1_531' title='bbox 2757 3605 2851 3658; x_wconf 75' lang='grc' dir='ltr'><strong>καὶ</strong></span> <span class='ocrx_word' id='word_1_532' title='bbox 2881 3605 3022 3673; x_wconf 78' lang='grc' dir='ltr'>ἄγαν</span> <span class='ocrx_word' id='word_1_533' title='bbox 3050 3604 3245 3674; x_wconf 66' lang='grc' dir='ltr'>οίκτρὶ</span> <span class='ocrx_word' id='word_1_534' title='bbox 3267 3604 3338 3657; x_wconf 78' lang='grc' dir='ltr'><strong>τὰ</strong></span> <span class='ocrx_word' id='word_1_535' title='bbox 3359 3603 3582 3675; x_wconf 72' lang='grc' dir='ltr'>ῥήματα.</span> 
     </span>
    </p>
   </div>
   <div class='ocr_carea' id='block_1_78' title="bbox 2019 3688 3584 3763">
    <p class='ocr_par' dir='ltr' id='par_1_78' title="bbox 2019 3688 3584 3763">
     <span class='ocr_line' id='line_1_78' title="bbox 2019 3688 3584 3763; baseline -0.002 -19"><span class='ocrx_word' id='word_1_536' title='bbox 2019 3689 2092 3744; x_wconf 81' lang='grc' dir='ltr'><strong>Τὸ</strong></span> <span class='ocrx_word' id='word_1_537' title='bbox 2111 3692 2190 3756; x_wconf 69' lang='grc' dir='ltr'><strong>δὲ,</strong></span> <span class='ocrx_word' id='word_1_538' title='bbox 2251 3694 2334 3746; x_wconf 81' lang='grc' dir='ltr'><strong>Οὐ</strong></span> <span class='ocrx_word' id='word_1_539' title='bbox 2362 3691 2470 3762; x_wconf 83' lang='grc' dir='ltr'><strong>μὴ,</strong></span> <span class='ocrx_word' id='word_1_540' title='bbox 2519 3692 2659 3762; x_wconf 82' lang='grc' dir='ltr'>πρὸς</span> <span class='ocrx_word' id='word_1_541' title='bbox 2716 3691 3010 3763; x_wconf 79' lang='grc' dir='ltr'>βεϐαίωσιν</span> <span class='ocrx_word' id='word_1_542' title='bbox 3055 3692 3151 3746; x_wconf 81' lang='grc' dir='ltr'><strong>τοῦ</strong></span> <span class='ocrx_word' id='word_1_543' title='bbox 3181 3691 3345 3760; x_wconf 85' lang='grc' dir='ltr'>λόγου</span> <span class='ocrx_word' id='word_1_544' title='bbox 3407 3688 3584 3760; x_wconf 83' lang='grc' dir='ltr'>παρείο</span> 
     </span>
    </p>
   </div>
   <div class='ocr_carea' id='block_1_79' title="bbox 2017 3783 2243 3852">
    <p class='ocr_par' dir='ltr' id='par_1_79' title="bbox 2017 3783 2243 3852">
     <span class='ocr_line' id='line_1_79' title="bbox 2017 3783 2243 3852; baseline -0.004 -16"><span class='ocrx_word' id='word_1_545' title='bbox 2017 3783 2243 3852; x_wconf 84' lang='grc' dir='ltr'>ληπται.</span> 
     </span>
    </p>
   </div>
   <div class='ocr_carea' id='block_1_80' title="bbox 2442 3896 3184 3964">
    <p class='ocr_par' dir='ltr' id='par_1_80' title="bbox 2442 3896 3184 3964">
     <span class='ocr_line' id='line_1_80' title="bbox 2442 3896 3184 3964; baseline 0.003 -14"><span class='ocrx_word' id='word_1_546' title='bbox 2442 3899 2548 3960; x_wconf 81' lang='grc' dir='ltr'>Είς</span> <span class='ocrx_word' id='word_1_547' title='bbox 2571 3897 2637 3950; x_wconf 85' lang='grc' dir='ltr'>τὸ</span> <span class='ocrx_word' id='word_1_548' title='bbox 2675 3897 2849 3964; x_wconf 74' lang='grc' dir='ltr'>τέλος</span> <span class='ocrx_word' id='word_1_549' title='bbox 2869 3896 2948 3962; x_wconf 82' lang='grc' dir='ltr'>τῷ</span> <span class='ocrx_word' id='word_1_550' title='bbox 2985 3896 3184 3952; x_wconf 76' lang='grc' dir='ltr'><strong>Δαόἰδ.</strong></span> 
     </span>
    </p>
   </div>
   <div class='ocr_carea' id='block_1_81' title="bbox 2584 4027 3028 4083">
    <p class='ocr_par' dir='ltr' id='par_1_81' title="bbox 2584 4027 3028 4083">
     <span class='ocr_line' id='line_1_81' title="bbox 2584 4027 3028 4083; baseline 0 0"><span class='ocrx_word' id='word_1_551' title='bbox 2584 4030 2878 4083; x_wconf 79' lang='grc' dir='ltr'><strong>ΨΑΛΜΟΣ</strong></span> <span class='ocrx_word' id='word_1_552' title='bbox 2905 4027 3028 4083; x_wconf 86' lang='grc' dir='ltr'><strong>ΛΘ’.</strong></span> 
     </span>
    </p>
   </div>
   <div class='ocr_carea' id='block_1_82' title="bbox 2091 4138 3581 4214">
    <p class='ocr_par' dir='ltr' id='par_1_82' title="bbox 2091 4138 3581 4214">
     <span class='ocr_line' id='line_1_82' title="bbox 2091 4138 3581 4214; baseline -0.007 -15"><span class='ocrx_word' id='word_1_553' title='bbox 2091 4140 2259 4208; x_wconf 76' lang='grc' dir='ltr'>Οὗτος</span> <span class='ocrx_word' id='word_1_554' title='bbox 2291 4147 2319 4198; x_wconf 85' lang='grc' dir='ltr'><strong>ό</strong></span> <span class='ocrx_word' id='word_1_555' title='bbox 2355 4143 2570 4212; x_wconf 72' lang='grc' dir='ltr'>ψαλμδς</span> <span class='ocrx_word' id='word_1_556' title='bbox 2601 4141 2844 4214; x_wconf 80' lang='grc' dir='ltr'><strong>ὲνηχήθη</strong></span> <span class='ocrx_word' id='word_1_557' title='bbox 2871 4140 3144 4211; x_wconf 50' lang='grc' dir='ltr'>τιλΔαϐὶδ</span> <span class='ocrx_word' id='word_1_558' title='bbox 3171 4139 3282 4194; x_wconf 76' lang='grc' dir='ltr'>ὑπὸ</span> <span class='ocrx_word' id='word_1_559' title='bbox 3317 4141 3410 4194; x_wconf 77' lang='grc' dir='ltr'><strong>τοῦ</strong></span> <span class='ocrx_word' id='word_1_560' title='bbox 3441 4138 3581 4207; x_wconf 82' lang='grc' dir='ltr'>ἁγίου</span> 
     </span>
    </p>
   </div>
   <div class='ocr_carea' id='block_1_83' title="bbox 2027 4231 3582 4304">
    <p class='ocr_par' dir='ltr' id='par_1_83' title="bbox 2027 4231 3582 4304">
     <span class='ocr_line' id='line_1_83' title="bbox 2027 4231 3582 4304; baseline -0.004 -16"><span class='ocrx_word' id='word_1_561' title='bbox 2027 4235 2368 4304; x_wconf 76' lang='grc' dir='ltr'>Πνεῦματος,</span> <span class='ocrx_word' id='word_1_562' title='bbox 2389 4235 2452 4286; x_wconf 82' lang='grc' dir='ltr'><strong>ὲκ</strong></span> <span class='ocrx_word' id='word_1_563' title='bbox 2477 4232 2774 4302; x_wconf 81' lang='grc' dir='ltr'>προσώπου</span> <span class='ocrx_word' id='word_1_564' title='bbox 2811 4233 2910 4301; x_wconf 85' lang='grc' dir='ltr'>τῆς</span> <span class='ocrx_word' id='word_1_565' title='bbox 2940 4231 3275 4300; x_wconf 84' lang='grc' dir='ltr'>Ἐκκλησίας</span> <span class='ocrx_word' id='word_1_566' title='bbox 3309 4232 3414 4283; x_wconf 86' lang='grc' dir='ltr'><strong>τῶν</strong></span> <span class='ocrx_word' id='word_1_567' title='bbox 3459 4231 3582 4298; x_wconf 81' lang='grc' dir='ltr'>Χρι-</span> 
     </span>
    </p>
   </div>
   <div class='ocr_carea' id='block_1_84' title="bbox 2023 4317 3576 4396">
    <p class='ocr_par' dir='ltr' id='par_1_84' title="bbox 2023 4317 3576 4396">
     <span class='ocr_line' id='line_1_84' title="bbox 2023 4317 3576 4396; baseline -0.004 -17"><span class='ocrx_word' id='word_1_568' title='bbox 2023 4327 2272 4393; x_wconf 84' lang='grc' dir='ltr'>στιανῶν,</span> <span class='ocrx_word' id='word_1_569' title='bbox 2322 4324 2750 4396; x_wconf 76' lang='grc' dir='ltr'>εὐχαριστούσης</span> <span class='ocrx_word' id='word_1_570' title='bbox 2809 4324 2908 4396; x_wconf 80' lang='grc' dir='ltr'><strong>μὲν</strong></span> <span class='ocrx_word' id='word_1_571' title='bbox 2975 4323 3062 4393; x_wconf 72' lang='grc' dir='ltr'><strong>ἐφ’</strong></span> <span class='ocrx_word' id='word_1_572' title='bbox 3119 4317 3202 4386; x_wconf 72' lang='grc' dir='ltr'>οἷς</span> <span class='ocrx_word' id='word_1_573' title='bbox 3251 4323 3458 4394; x_wconf 68' lang='grc' dir='ltr'>ἠξιώθη</span> <span class='ocrx_word' id='word_1_574' title='bbox 3487 4321 3576 4388; x_wconf 82' lang='grc' dir='ltr'>τῆς</span> 
     </span>
    </p>
   </div>
   <div class='ocr_carea' id='block_1_85' title="bbox 2021 4414 3580 4488">
    <p class='ocr_par' dir='ltr' id='par_1_85' title="bbox 2021 4414 3580 4488">
     <span class='ocr_line' id='line_1_85' title="bbox 2021 4414 3580 4488; baseline -0.007 -14"><span class='ocrx_word' id='word_1_575' title='bbox 2021 4420 2172 4483; x_wconf 84' lang='grc' dir='ltr'>θείας</span> <span class='ocrx_word' id='word_1_576' title='bbox 2205 4419 2447 4488; x_wconf 81' lang='grc' dir='ltr'>χάριτος,</span> <span class='ocrx_word' id='word_1_577' title='bbox 2473 4419 2732 4488; x_wconf 77' lang='grc' dir='ltr'>δεομένης</span> <span class='ocrx_word' id='word_1_578' title='bbox 2763 4417 2817 4470; x_wconf 78' lang='grc' dir='ltr'><strong>δὲ</strong></span> <span class='ocrx_word' id='word_1_579' title='bbox 2854 4417 2981 4488; x_wconf 81' lang='grc' dir='ltr'>περὶ</span> <span class='ocrx_word' id='word_1_580' title='bbox 3005 4415 3113 4470; x_wconf 82' lang='grc' dir='ltr'>τῶν</span> <span class='ocrx_word' id='word_1_581' title='bbox 3144 4414 3580 4484; x_wconf 76' lang='grc' dir='ltr'>ἐπανισταμένων</span> 
     </span>
    </p>
   </div>
   <div class='ocr_carea' id='block_1_86' title="bbox 2021 4503 3579 4581">
    <p class='ocr_par' dir='ltr' id='par_1_86' title="bbox 2021 4503 3579 4581">
     <span class='ocr_line' id='line_1_86' title="bbox 2021 4503 3579 4581; baseline -0.006 -16"><span class='ocrx_word' id='word_1_582' title='bbox 2021 4513 2155 4580; x_wconf 79' lang='grc' dir='ltr'>αὐτῇ</span> <span class='ocrx_word' id='word_1_583' title='bbox 2187 4511 2487 4581; x_wconf 84' lang='grc' dir='ltr'>τυράννων.</span> <span class='ocrx_word' id='word_1_584' title='bbox 2517 4512 2618 4575; x_wconf 76' lang='grc' dir='ltr'><strong>Εἰς</strong></span> <span class='ocrx_word' id='word_1_585' title='bbox 2642 4511 2706 4563; x_wconf 83' lang='grc' dir='ltr'>τὸ</span> <span class='ocrx_word' id='word_1_586' title='bbox 2730 4509 2904 4574; x_wconf 76' lang='grc' dir='ltr'>τέλος</span> <span class='ocrx_word' id='word_1_587' title='bbox 2943 4508 2999 4561; x_wconf 79' lang='grc' dir='ltr'><strong>δὲ</strong></span> <span class='ocrx_word' id='word_1_588' title='bbox 3051 4508 3478 4576; x_wconf 77' lang='grc' dir='ltr'>ἐπιγέγραπται,</span> <span class='ocrx_word' id='word_1_589' title='bbox 3505 4503 3579 4557; x_wconf 69' lang='grc' dir='ltr'>διὰ</span> 
     </span>
    </p>
   </div>
   <div class='ocr_carea' id='block_1_87' title="bbox 333 4593 1918 4673">
    <p class='ocr_par' dir='ltr' id='par_1_87' title="bbox 333 4593 1912 4672">
     <span class='ocr_line' id='line_1_87' title="bbox 333 4593 1912 4672; baseline 0.008 -28"><span class='ocrx_word' id='word_1_590' title='bbox 333 4593 458 4660; x_wconf 89' lang='lat' dir='ltr'><strong>quia</strong></span> <span class='ocrx_word' id='word_1_591' title='bbox 483 4612 604 4665; x_wconf 67' lang='lat' dir='ltr'><strong>quae</strong></span> <span class='ocrx_word' id='word_1_592' title='bbox 635 4596 722 4650; x_wconf 86' lang='lat' dir='ltr'><strong>hic</strong></span> <span class='ocrx_word' id='word_1_593' title='bbox 775 4596 1064 4650; x_wconf 86' lang='lat' dir='ltr'><strong>traduntur</strong></span> <span class='ocrx_word' id='word_1_594' title='bbox 1118 4598 1276 4651; x_wconf 85' lang='lat' dir='ltr'><strong>linem</strong></span> <span class='ocrx_word' id='word_1_595' title='bbox 1317 4600 1610 4669; x_wconf 86' lang='lat' dir='ltr'><strong>quemdam</strong></span> <span class='ocrx_word' id='word_1_596' title='bbox 1643 4602 1912 4672; x_wconf 76' lang='lat' dir='ltr'><strong>reSpicie-</strong></span> 
     </span>
    </p>
   </div>
   <div class='ocr_carea' id='block_1_88' title="bbox 2038 4593 3578 4673">
    <p class='ocr_par' dir='ltr' id='par_1_88' title="bbox 2038 4595 3578 4673">
     <span class='ocr_line' id='line_1_88' title="bbox 2038 4595 3578 4673; baseline -0.006 -17"><span class='ocrx_word' id='word_1_597' title='bbox 2038 4605 2078 4657; x_wconf 73' lang='grc' dir='ltr'><strong>τὸ</strong></span> <span class='ocrx_word' id='word_1_598' title='bbox 2099 4605 2168 4658; x_wconf 71' lang='grc' dir='ltr'><strong>τὰ</strong></span> <span class='ocrx_word' id='word_1_599' title='bbox 2202 4603 2571 4673; x_wconf 81' lang='grc' dir='ltr'>γεγραμμένα</span> <span class='ocrx_word' id='word_1_600' title='bbox 2605 4601 2737 4672; x_wconf 68' lang='grc' dir='ltr'>πρὸς</span> <span class='ocrx_word' id='word_1_601' title='bbox 2759 4602 2912 4666; x_wconf 83' lang='grc' dir='ltr'>τέλος</span> <span class='ocrx_word' id='word_1_602' title='bbox 2935 4601 3147 4672; x_wconf 75' lang='grc' dir='ltr'>ἀφορᾷν</span> <span class='ocrx_word' id='word_1_603' title='bbox 3166 4615 3181 4631; x_wconf 84' lang='grc'>⁶</span> <span class='ocrx_word' id='word_1_604' title='bbox 3217 4601 3443 4668; x_wconf 79' lang='grc' dir='ltr'>γέγονεν</span> <span class='ocrx_word' id='word_1_605' title='bbox 3483 4595 3578 4664; x_wconf 70' lang='grc' dir='ltr'>γὰρ</span> 
     </span>
    </p>
   </div>
   <div class='ocr_carea' id='block_1_89' title="bbox 335 4685 1266 4757">
    <p class='ocr_par' dir='ltr' id='par_1_89' title="bbox 335 4685 1266 4757">
     <span class='ocr_line' id='line_1_89' title="bbox 335 4685 1266 4757; baseline 0.008 -21"><span class='ocrx_word' id='word_1_606' title='bbox 335 4685 487 4748; x_wconf 87' lang='lat' dir='ltr'><strong>bant,</strong></span> <span class='ocrx_word' id='word_1_607' title='bbox 520 4702 678 4755; x_wconf 90' lang='lat' dir='ltr'><strong>quem</strong></span> <span class='ocrx_word' id='word_1_608' title='bbox 718 4697 903 4757; x_wconf 89' lang='lat' dir='ltr'><strong>postea</strong></span> <span class='ocrx_word' id='word_1_609' title='bbox 936 4690 1266 4743; x_wconf 88' lang='lat' dir='ltr'><strong>habuerunt.</strong></span> 
     </span>
    </p>
   </div>
   <div class='ocr_carea' id='block_1_90' title="bbox 402 4775 1909 4855">
    <p class='ocr_par' dir='ltr' id='par_1_90' title="bbox 402 4775 1909 4855">
     <span class='ocr_line' id='line_1_90' title="bbox 402 4775 1909 4855; baseline 0.007 -25"><span class='ocrx_word' id='word_1_610' title='bbox 402 4775 568 4830; x_wconf 66' lang='lat' dir='ltr'><strong>Vens.</strong></span> <span class='ocrx_word' id='word_1_611' title='bbox 590 4777 644 4830; x_wconf 76' lang='lat'><strong>2.</strong></span> <span class='ocrx_word' id='word_1_612' title='bbox 676 4776 1002 4842; x_wconf 73' lang='lat' dir='ltr'><strong>Exspectans</strong></span> <span class='ocrx_word' id='word_1_613' title='bbox 1043 4781 1337 4848; x_wconf 74' lang='lat' dir='ltr'><strong>exspectavi</strong></span> <span class='ocrx_word' id='word_1_614' title='bbox 1366 4781 1674 4840; x_wconf 85' lang='lat' dir='ltr'><strong>Dominum.</strong></span> <span class='ocrx_word' id='word_1_615' title='bbox 1709 4783 1909 4855; x_wconf 80' lang='lat' dir='ltr'><strong>Hujus-</strong></span> 
     </span>
    </p>
   </div>
   <div class='ocr_carea' id='block_1_91' title="bbox 335 4866 1908 4947">
    <p class='ocr_par' dir='ltr' id='par_1_91' title="bbox 335 4866 1908 4947">
     <span class='ocr_line' id='line_1_91' title="bbox 335 4866 1908 4947; baseline 0.01 -30"><span class='ocrx_word' id='word_1_616' title='bbox 335 4866 480 4920; x_wconf 86' lang='lat' dir='ltr'><strong>modi</strong></span> <span class='ocrx_word' id='word_1_617' title='bbox 527 4869 815 4922; x_wconf 83' lang='lat' dir='ltr'><strong>verborum</strong></span> <span class='ocrx_word' id='word_1_618' title='bbox 873 4872 1129 4939; x_wconf 88' lang='lat' dir='ltr'><strong>repetitio</strong></span> <span class='ocrx_word' id='word_1_619' title='bbox 1188 4872 1630 4941; x_wconf 78' lang='lat' dir='ltr'><strong>frequentissima</strong></span> <span class='ocrx_word' id='word_1_620' title='bbox 1659 4886 1743 4931; x_wconf 87' lang='lat' dir='ltr'><strong>est</strong></span> <span class='ocrx_word' id='word_1_621' title='bbox 1768 4879 1908 4947; x_wconf 87' lang='lat' dir='ltr'><strong>apud</strong></span> 
     </span>
    </p>
   </div>
   <div class='ocr_carea' id='block_1_92' title="bbox 337 4956 1910 5032">
    <p class='ocr_par' dir='ltr' id='par_1_92' title="bbox 337 4956 1910 5032">
     <span class='ocr_line' id='line_1_92' title="bbox 337 4956 1910 5032; baseline 0.006 -21"><span class='ocrx_word' id='word_1_622' title='bbox 337 4956 616 5024; x_wconf 64' lang='lat' dir='ltr'><strong>Ilebraos,</strong></span> <span class='ocrx_word' id='word_1_623' title='bbox 639 4968 691 5014; x_wconf 88' lang='lat' dir='ltr'><strong>et</strong></span> <span class='ocrx_word' id='word_1_624' title='bbox 712 4959 1074 5016; x_wconf 84' lang='lat' dir='ltr'><strong>intensioncnt</strong></span> <span class='ocrx_word' id='word_1_625' title='bbox 1106 4965 1398 5032; x_wconf 88' lang='lat' dir='ltr'><strong>quamdam</strong></span> <span class='ocrx_word' id='word_1_626' title='bbox 1430 4968 1630 5022; x_wconf 87' lang='lat' dir='ltr'><strong>mentis</strong></span> <span class='ocrx_word' id='word_1_627' title='bbox 1662 4967 1910 5032; x_wconf 90' lang='lat' dir='ltr'><strong>denotat,</strong></span> 
     </span>
    </p>
   </div>
   <div class='ocr_carea' id='block_1_93' title="bbox 333 5049 1911 5128">
    <p class='ocr_par' dir='ltr' id='par_1_93' title="bbox 333 5049 1911 5128">
     <span class='ocr_line' id='line_1_93' title="bbox 333 5049 1911 5128; baseline 0.008 -26"><span class='ocrx_word' id='word_1_628' title='bbox 333 5056 394 5114; x_wconf 76' lang='grc' dir='ltr'><strong>ιιι</strong></span> <span class='ocrx_word' id='word_1_629' title='bbox 421 5049 550 5104; x_wconf 75' lang='grc' dir='ltr'>ιιιυά</span> <span class='ocrx_word' id='word_1_630' title='bbox 583 5066 600 5108; x_wconf 86' lang='lat'>:</span> <span class='ocrx_word' id='word_1_631' title='bbox 640 5049 828 5107; x_wconf 80' lang='lat' dir='ltr'><strong>Videas</strong></span> <span class='ocrx_word' id='word_1_632' title='bbox 853 5054 980 5116; x_wconf 80' lang='lat' dir='ltr'><strong>vidi,</strong></span> <span class='ocrx_word' id='word_1_633' title='bbox 1017 5063 1094 5118; x_wconf 85' lang='lat' dir='ltr'><strong>et,</strong></span> <span class='ocrx_word' id='word_1_634' title='bbox 1120 5053 1449 5125; x_wconf 82' lang='lat' dir='ltr'><strong>Cognoscens</strong></span> <span class='ocrx_word' id='word_1_635' title='bbox 1475 5075 1776 5128; x_wconf 84' lang='lat' dir='ltr'><strong>cognosces,</strong></span> <span class='ocrx_word' id='word_1_636' title='bbox 1810 5061 1911 5115; x_wconf 87' lang='lat' dir='ltr'><strong>hoc</strong></span> 
     </span>
    </p>
   </div>
   <div class='ocr_carea' id='block_1_94' title="bbox 330 5141 1911 5217">
    <p class='ocr_par' dir='ltr' id='par_1_94' title="bbox 330 5141 1911 5217">
     <span class='ocr_line' id='line_1_94' title="bbox 330 5141 1911 5217; baseline 0.004 -23"><span class='ocrx_word' id='word_1_637' title='bbox 330 5148 438 5206; x_wconf 80' lang='lat' dir='ltr'><strong>est,</strong></span> <span class='ocrx_word' id='word_1_638' title='bbox 468 5141 746 5212; x_wconf 81' lang='lat' dir='ltr'><strong>Exquisite</strong></span> <span class='ocrx_word' id='word_1_639' title='bbox 787 5160 1111 5215; x_wconf 82' lang='lat' dir='ltr'><strong>cognosces,</strong></span> <span class='ocrx_word' id='word_1_640' title='bbox 1172 5154 1228 5200; x_wconf 88' lang='lat' dir='ltr'><strong>et</strong></span> <span class='ocrx_word' id='word_1_641' title='bbox 1276 5148 1381 5201; x_wconf 89' lang='lat' dir='ltr'><strong>alia</strong></span> <span class='ocrx_word' id='word_1_642' title='bbox 1417 5147 1758 5217; x_wconf 88' lang='lat' dir='ltr'><strong>hujusmodi.</strong></span> <span class='ocrx_word' id='word_1_643' title='bbox 1800 5147 1911 5201; x_wconf 77' lang='lat' dir='ltr'><strong>Ex-</strong></span> 
     </span>
    </p>
   </div>
   <div class='ocr_carea' id='block_1_95' title="bbox 327 5233 1914 5304">
    <p class='ocr_par' dir='ltr' id='par_1_95' title="bbox 327 5233 1914 5304">
     <span class='ocr_line' id='line_1_95' title="bbox 327 5233 1914 5304; baseline 0.006 -21"><span class='ocrx_word' id='word_1_644' title='bbox 327 5239 572 5302; x_wconf 64' lang='lat' dir='ltr'><strong>spectans</strong></span> <span class='ocrx_word' id='word_1_645' title='bbox 599 5233 761 5303; x_wconf 88' lang='lat' dir='ltr'><strong>igitur</strong></span> <span class='ocrx_word' id='word_1_646' title='bbox 783 5238 1073 5304; x_wconf 75' lang='lat' dir='ltr'><strong>exspectavi</strong></span> <span class='ocrx_word' id='word_1_647' title='bbox 1119 5234 1421 5298; x_wconf 82' lang='lat' dir='ltr'><strong>Dominum,</strong></span> <span class='ocrx_word' id='word_1_648' title='bbox 1466 5236 1568 5290; x_wconf 89' lang='lat' dir='ltr'><strong>hoc</strong></span> <span class='ocrx_word' id='word_1_649' title='bbox 1599 5244 1703 5301; x_wconf 89' lang='lat' dir='ltr'><strong>est,</strong></span> <span class='ocrx_word' id='word_1_650' title='bbox 1749 5234 1914 5292; x_wconf 80' lang='lat' dir='ltr'><strong>Valde</strong></span> 
     </span>
    </p>
   </div>
   <div class='ocr_carea' id='block_1_96' title="bbox 2021 4694 2223 4748">
    <p class='ocr_par' dir='ltr' id='par_1_96' title="bbox 2021 4694 2223 4748">
     <span class='ocr_line' id='line_1_96' title="bbox 2021 4694 2223 4748; baseline -0.015 0"><span class='ocrx_word' id='word_1_651' title='bbox 2021 4694 2223 4748; x_wconf 82' lang='grc' dir='ltr'>πάντα.</span> 
     </span>
    </p>
   </div>
   <div class='ocr_carea' id='block_1_97' title="bbox 2097 4777 3578 4854">
    <p class='ocr_par' dir='ltr' id='par_1_97' title="bbox 2097 4777 3578 4854">
     <span class='ocr_line' id='line_1_97' title="bbox 2097 4777 3578 4854; baseline -0.006 -17"><span class='ocrx_word' id='word_1_652' title='bbox 2097 4783 2441 4854; x_wconf 73' lang='grc' dir='ltr'><strong>’Υπομένων</strong></span> <span class='ocrx_word' id='word_1_653' title='bbox 2495 4783 2787 4852; x_wconf 77' lang='grc' dir='ltr'>ὑπέμεινα</span> <span class='ocrx_word' id='word_1_654' title='bbox 2816 4782 2925 4835; x_wconf 75' lang='grc' dir='ltr'><strong>τὸν</strong></span> <span class='ocrx_word' id='word_1_655' title='bbox 2950 4783 3190 4851; x_wconf 76' lang='grc' dir='ltr'>Κύριον.</span> <span class='ocrx_word' id='word_1_656' title='bbox 3246 4780 3309 4836; x_wconf 82' lang='grc' dir='ltr'>Ὀ</span> <span class='ocrx_word' id='word_1_657' title='bbox 3353 4777 3578 4837; x_wconf 79' lang='grc' dir='ltr'>τοιοῦτος</span> 
     </span>
    </p>
   </div>
   <div class='ocr_carea' id='block_1_98' title="bbox 2017 4866 3575 4944">
    <p class='ocr_par' dir='ltr' id='par_1_98' title="bbox 2017 4866 3575 4944">
     <span class='ocr_line' id='line_1_98' title="bbox 2017 4866 3575 4944; baseline -0.006 -16"><span class='ocrx_word' id='word_1_658' title='bbox 2017 4874 2434 4944; x_wconf 69' lang='grc' dir='ltr'>διπλασιασμὸς,</span> <span class='ocrx_word' id='word_1_659' title='bbox 2483 4874 2718 4944; x_wconf 75' lang='grc' dir='ltr'>συνήθης</span> <span class='ocrx_word' id='word_1_660' title='bbox 2753 4871 2855 4942; x_wconf 81' lang='grc' dir='ltr'><strong>μὲν</strong></span> <span class='ocrx_word' id='word_1_661' title='bbox 2878 4874 2989 4934; x_wconf 84' lang='grc' dir='ltr'>τοῖς</span> <span class='ocrx_word' id='word_1_662' title='bbox 3033 4871 3350 4941; x_wconf 73' lang='grc' dir='ltr'>Ἑϐραίοις·</span> <span class='ocrx_word' id='word_1_663' title='bbox 3389 4869 3498 4922; x_wconf 76' lang='grc' dir='ltr'>ἔστι</span> <span class='ocrx_word' id='word_1_664' title='bbox 3528 4866 3575 4918; x_wconf 72' lang='grc' dir='ltr'><strong>δὲ</strong></span> 
     </span>
    </p>
   </div>
   <div class='ocr_carea' id='block_1_99' title="bbox 2018 4957 3572 5036">
    <p class='ocr_par' dir='ltr' id='par_1_99' title="bbox 2018 4957 3572 5036">
     <span class='ocr_line' id='line_1_99' title="bbox 2018 4957 3572 5036; baseline -0.008 -16"><span class='ocrx_word' id='word_1_665' title='bbox 2018 4967 2350 5036; x_wconf 67' lang='grc' dir='ltr'>ἐμφαντικὸς</span> <span class='ocrx_word' id='word_1_666' title='bbox 2395 4966 2716 5027; x_wconf 70' lang='grc' dir='ltr'>ὲπιτὰσεως,</span> <span class='ocrx_word' id='word_1_667' title='bbox 2753 4965 2830 5026; x_wconf 83' lang='grc' dir='ltr'>ὡς</span> <span class='ocrx_word' id='word_1_668' title='bbox 2855 4967 2936 5026; x_wconf 72' lang='grc' dir='ltr'><strong>τὸ,</strong></span> <span class='ocrx_word' id='word_1_669' title='bbox 3007 4961 3178 5017; x_wconf 81' lang='grc' dir='ltr'><strong>Ἰδὼν</strong></span> <span class='ocrx_word' id='word_1_670' title='bbox 3225 4962 3360 5014; x_wconf 76' lang='grc' dir='ltr'><strong>ἴδον</strong></span> <span class='ocrx_word' id='word_1_671' title='bbox 3387 5001 3401 5024; x_wconf 95' lang='grc'><strong>,</strong></span> <span class='ocrx_word' id='word_1_672' title='bbox 3465 4957 3572 5020; x_wconf 75' lang='grc' dir='ltr'>καὶ,</span> 
     </span>
    </p>
   </div>
   <div class='ocr_carea' id='block_1_100' title="bbox 2019 5047 3576 5127">
    <p class='ocr_par' dir='ltr' id='par_1_100' title="bbox 2019 5047 3576 5127">
     <span class='ocr_line' id='line_1_100' title="bbox 2019 5047 3576 5127; baseline -0.01 -14"><span class='ocrx_word' id='word_1_673' title='bbox 2019 5057 2346 5113; x_wconf 79' lang='grc' dir='ltr'><strong>Γινὼσκων</strong></span> <span class='ocrx_word' id='word_1_674' title='bbox 2366 5056 2590 5127; x_wconf 75' lang='grc' dir='ltr'>γνώσῃ,</span> <span class='ocrx_word' id='word_1_675' title='bbox 2621 5056 2742 5108; x_wconf 73' lang='grc' dir='ltr'>ἀντὶ</span> <span class='ocrx_word' id='word_1_676' title='bbox 2779 5054 2898 5121; x_wconf 84' lang='grc' dir='ltr'>τοῦ,</span> <span class='ocrx_word' id='word_1_677' title='bbox 2941 5053 3212 5120; x_wconf 78' lang='grc' dir='ltr'><strong>Ἀκριόὦς</strong></span> <span class='ocrx_word' id='word_1_678' title='bbox 3239 5051 3444 5121; x_wconf 81' lang='grc' dir='ltr'>γνώσῃ,</span> <span class='ocrx_word' id='word_1_679' title='bbox 3493 5047 3576 5100; x_wconf 74' lang='grc' dir='ltr'><strong>καὶ</strong></span> 
     </span>
    </p>
   </div>
   <div class='ocr_carea' id='block_1_101' title="bbox 2019 5135 3572 5214">
    <p class='ocr_par' dir='ltr' id='par_1_101' title="bbox 2019 5135 3572 5214">
     <span class='ocr_line' id='line_1_101' title="bbox 2019 5135 3572 5214; baseline -0.009 -14"><span class='ocrx_word' id='word_1_680' title='bbox 2019 5149 2088 5200; x_wconf 81' lang='grc' dir='ltr'>τὰ</span> <span class='ocrx_word' id='word_1_681' title='bbox 2118 5146 2360 5201; x_wconf 81' lang='grc' dir='ltr'>τοιαῦτα.</span> <span class='ocrx_word' id='word_1_682' title='bbox 2408 5145 2759 5214; x_wconf 80' lang='grc' dir='ltr'><strong>’Υπομένων</strong></span> <span class='ocrx_word' id='word_1_683' title='bbox 2811 5143 2904 5196; x_wconf 79' lang='grc' dir='ltr'>οὖν</span> <span class='ocrx_word' id='word_1_684' title='bbox 2960 5143 3274 5211; x_wconf 75' lang='grc' dir='ltr'>ὑπέμεινα,</span> <span class='ocrx_word' id='word_1_685' title='bbox 3308 5143 3426 5193; x_wconf 71' lang='grc' dir='ltr'>ἀντὶ</span> <span class='ocrx_word' id='word_1_686' title='bbox 3468 5135 3572 5196; x_wconf 76' lang='grc' dir='ltr'>τοῦ,</span> 
     </span>
    </p>
   </div>
   <div class='ocr_carea' id='block_1_102' title="bbox 2021 5227 3575 5307">
    <p class='ocr_par' dir='ltr' id='par_1_102' title="bbox 2021 5227 3575 5307">
     <span class='ocr_line' id='line_1_102' title="bbox 2021 5227 3575 5307; baseline -0.01 -16"><span class='ocrx_word' id='word_1_687' title='bbox 2021 5237 2236 5306; x_wconf 73' lang='grc' dir='ltr'>Σφόδρα</span> <span class='ocrx_word' id='word_1_688' title='bbox 2309 5235 2687 5307; x_wconf 80' lang='grc' dir='ltr'>προσεδόκησα</span> <span class='ocrx_word' id='word_1_689' title='bbox 2747 5233 2939 5304; x_wconf 72' lang='grc' dir='ltr'>βοηθόν</span> <span class='ocrx_word' id='word_1_690' title='bbox 3010 5231 3103 5284; x_wconf 72' lang='grc' dir='ltr'><strong>σὺν</strong></span> <span class='ocrx_word' id='word_1_691' title='bbox 3149 5231 3402 5302; x_wconf 87' lang='grc' dir='ltr'>Χριστόν.</span> <span class='ocrx_word' id='word_1_692' title='bbox 3477 5227 3575 5278; x_wconf 74' lang='grc' dir='ltr'><strong>Καὶ</strong></span> 
     </span>
    </p>
   </div>
   <div class='ocr_carea' id='block_1_103' title="bbox 331 5317 1918 5394">
    <p class='ocr_par' dir='ltr' id='par_1_103' title="bbox 331 5322 1910 5394">
     <span class='ocr_line' id='line_1_103' title="bbox 331 5322 1910 5394; baseline 0.001 -16"><span class='ocrx_word' id='word_1_693' title='bbox 331 5323 643 5392; x_wconf 78' lang='lat' dir='ltr'><strong>exspectavi</strong></span> <span class='ocrx_word' id='word_1_694' title='bbox 673 5326 974 5394; x_wconf 86' lang='lat' dir='ltr'><strong>adjutorcm</strong></span> <span class='ocrx_word' id='word_1_695' title='bbox 1001 5341 1177 5380; x_wconf 88' lang='lat' dir='ltr'><strong>meum</strong></span> <span class='ocrx_word' id='word_1_696' title='bbox 1217 5322 1521 5379; x_wconf 86' lang='lat' dir='ltr'><strong>Christum.</strong></span> <span class='ocrx_word' id='word_1_697' title='bbox 1589 5324 1711 5393; x_wconf 79' lang='lat' dir='ltr'><strong>Ipse</strong></span> <span class='ocrx_word' id='word_1_698' title='bbox 1766 5325 1910 5380; x_wconf 91' lang='lat' dir='ltr'><strong>enim</strong></span> 
     </span>
    </p>
   </div>
   <div class='ocr_carea' id='block_1_104' title="bbox 2038 5317 3573 5394">
    <p class='ocr_par' dir='ltr' id='par_1_104' title="bbox 2038 5317 3573 5394">
     <span class='ocr_line' id='line_1_104' title="bbox 2038 5317 3573 5394; baseline -0.009 -14"><span class='ocrx_word' id='word_1_699' title='bbox 2038 5327 2201 5390; x_wconf 71' lang='grc' dir='ltr'>ιὺτὸς</span> <span class='ocrx_word' id='word_1_700' title='bbox 2223 5324 2354 5394; x_wconf 73' lang='grc' dir='ltr'>γὰρ,</span> <span class='ocrx_word' id='word_1_701' title='bbox 2384 5327 2537 5394; x_wconf 60' lang='grc' dir='ltr'>φησὶ,</span> <span class='ocrx_word' id='word_1_702' title='bbox 2572 5323 2906 5393; x_wconf 76' lang='grc' dir='ltr'>προσδοκία</span> <span class='ocrx_word' id='word_1_703' title='bbox 2961 5319 3185 5376; x_wconf 71' lang='grc' dir='ltr'><strong>ἐθνῶν*</strong></span> <span class='ocrx_word' id='word_1_704' title='bbox 3247 5319 3373 5386; x_wconf 75' lang='grc' dir='ltr'>περὶ</span> <span class='ocrx_word' id='word_1_705' title='bbox 3399 5317 3573 5370; x_wconf 79' lang='grc' dir='ltr'>τούτου</span> 
     </span>
    </p>
   </div>
   <div class='ocr_carea' id='block_1_105' title="bbox 331 5413 1916 5487">
    <p class='ocr_par' dir='ltr' id='par_1_105' title="bbox 331 5413 1916 5487">
     <span class='ocr_line' id='line_1_105' title="bbox 331 5413 1916 5487; baseline 0.004 -23"><span class='ocrx_word' id='word_1_706' title='bbox 331 5421 410 5480; x_wconf 68' lang='lat' dir='ltr'><strong>pst</strong></span> <span class='ocrx_word' id='word_1_707' title='bbox 451 5417 771 5484; x_wconf 74' lang='lat' dir='ltr'><strong>exspectatio</strong></span> <span class='ocrx_word' id='word_1_708' title='bbox 822 5417 1144 5487; x_wconf 81' lang='lat' dir='ltr'><strong>gentium”,</strong></span> <span class='ocrx_word' id='word_1_709' title='bbox 1203 5413 1666 5486; x_wconf 86' lang='lat' dir='ltr'><strong>quemadmodum</strong></span> <span class='ocrx_word' id='word_1_710' title='bbox 1734 5415 1801 5470; x_wconf 87' lang='lat' dir='ltr'><strong>de</strong></span> <span class='ocrx_word' id='word_1_711' title='bbox 1849 5433 1916 5471; x_wconf 87' lang='lat' dir='ltr'><strong>eo</strong></span> 
     </span>
    </p>
   </div>
   <div class='ocr_carea' id='block_1_106' title="bbox 333 5508 1494 5579">
    <p class='ocr_par' dir='ltr' id='par_1_106' title="bbox 333 5508 1494 5579">
     <span class='ocr_line' id='line_1_106' title="bbox 333 5508 1494 5579; baseline 0.002 -22"><span class='ocrx_word' id='word_1_712' title='bbox 333 5512 492 5573; x_wconf 69' lang='lat' dir='ltr'><strong>antea</strong></span> <span class='ocrx_word' id='word_1_713' title='bbox 521 5521 548 5559; x_wconf 90' lang='lat' dir='ltr'><strong>a</strong></span> <span class='ocrx_word' id='word_1_714' title='bbox 577 5509 860 5579; x_wconf 83' lang='lat' dir='ltr'><strong>prOphetis</strong></span> <span class='ocrx_word' id='word_1_715' title='bbox 903 5508 1327 5577; x_wconf 71' lang='lat' dir='ltr'><strong>pra-nuntiatum</strong></span> <span class='ocrx_word' id='word_1_716' title='bbox 1388 5514 1494 5560; x_wconf 91' lang='lat' dir='ltr'><strong>est.</strong></span> 
     </span>
    </p>
   </div>
   <div class='ocr_carea' id='block_1_107' title="bbox 410 5595 1906 5667">
    <p class='ocr_par' dir='ltr' id='par_1_107' title="bbox 410 5595 1906 5667">
     <span class='ocr_line' id='line_1_107' title="bbox 410 5595 1906 5667; baseline 0.001 -17"><span class='ocrx_word' id='word_1_717' title='bbox 410 5595 475 5651; x_wconf 85' lang='lat' dir='ltr'><strong>Et</strong></span> <span class='ocrx_word' id='word_1_718' title='bbox 528 5598 749 5654; x_wconf 83' lang='lat' dir='ltr'><strong>intendit</strong></span> <span class='ocrx_word' id='word_1_719' title='bbox 824 5600 976 5654; x_wconf 86' lang='lat' dir='ltr'><strong>mihi.</strong></span> <span class='ocrx_word' id='word_1_720' title='bbox 1014 5598 1072 5654; x_wconf 84' lang='lat' dir='ltr'><strong>In</strong></span> <span class='ocrx_word' id='word_1_721' title='bbox 1132 5613 1238 5663; x_wconf 88' lang='lat' dir='ltr'><strong>me,</strong></span> <span class='ocrx_word' id='word_1_722' title='bbox 1290 5598 1490 5667; x_wconf 86' lang='lat' dir='ltr'><strong>inquit,</strong></span> <span class='ocrx_word' id='word_1_723' title='bbox 1534 5597 1723 5653; x_wconf 87' lang='lat' dir='ltr'><strong>oculos</strong></span> <span class='ocrx_word' id='word_1_724' title='bbox 1776 5615 1906 5655; x_wconf 75' lang='lat' dir='ltr'><strong>suos</strong></span> 
     </span>
    </p>
   </div>
   <div class='ocr_carea' id='block_1_108' title="bbox 415 5773 952 5838">
    <p class='ocr_par' dir='ltr' id='par_1_108' title="bbox 415 5773 952 5838">
     <span class='ocr_line' id='line_1_108' title="bbox 415 5773 952 5838; baseline 0.006 -11"><span class='ocrx_word' id='word_1_725' title='bbox 415 5774 455 5819; x_wconf 69' lang='lat' dir='ltr'><strong>l’</strong></span> <span class='ocrx_word' id='word_1_726' title='bbox 503 5773 638 5828; x_wconf 87' lang='lat' dir='ltr'><strong>Gen.</strong></span> <span class='ocrx_word' id='word_1_727' title='bbox 687 5792 833 5838; x_wconf 75' lang='lat' dir='ltr'><strong>XLIX,</strong></span> <span class='ocrx_word' id='word_1_728' title='bbox 869 5775 952 5830; x_wconf 86' lang='lat' dir='ltr'><strong>l0.</strong></span> 
     </span>
    </p>
   </div>
   <div class='ocr_carea' id='block_1_109' title="bbox 2018 5413 3092 5501">
    <p class='ocr_par' dir='ltr' id='par_1_109' title="bbox 2018 5413 3092 5501">
     <span class='ocr_line' id='line_1_109' title="bbox 2018 5413 3092 5501; baseline -0.006 -29"><span class='ocrx_word' id='word_1_729' title='bbox 2018 5418 2126 5490; x_wconf 79' lang='grc' dir='ltr'><strong>γὰρ</strong></span> <span class='ocrx_word' id='word_1_730' title='bbox 2156 5419 2208 5472; x_wconf 76' lang='grc' dir='ltr'>οἱ</span> <span class='ocrx_word' id='word_1_731' title='bbox 2247 5421 2522 5491; x_wconf 73' lang='grc' dir='ltr'>προφῆται</span> <span class='ocrx_word' id='word_1_732' title='bbox 2561 5413 3058 5486; x_wconf 79' lang='grc' dir='ltr'>προκατήγγειλον.</span> <span class='ocrx_word' id='word_1_733' title='bbox 3087 5497 3092 5501; x_wconf 28' lang='grc' dir='ltr'><strong>Ι</strong></span> 
     </span>
    </p>
   </div>
   <div class='ocr_carea' id='block_1_110' title="bbox 2089 5581 3572 5668">
    <p class='ocr_par' dir='ltr' id='par_1_110' title="bbox 2089 5581 3572 5668">
     <span class='ocr_line' id='line_1_110' title="bbox 2089 5581 3572 5668; baseline -0.014 -15"><span class='ocrx_word' id='word_1_734' title='bbox 2089 5598 2196 5652; x_wconf 78' lang='grc' dir='ltr'><strong>Καὶ</strong></span> <span class='ocrx_word' id='word_1_735' title='bbox 2248 5596 2560 5668; x_wconf 78' lang='grc' dir='ltr'>προσέσχε</span> <span class='ocrx_word' id='word_1_736' title='bbox 2611 5614 2733 5666; x_wconf 81' lang='grc' dir='ltr'>μοι.</span> <span class='ocrx_word' id='word_1_737' title='bbox 2792 5597 2899 5652; x_wconf 66' lang='grc' dir='ltr'>Καὶ</span> <span class='ocrx_word' id='word_1_738' title='bbox 2937 5591 3211 5666; x_wconf 74' lang='grc' dir='ltr'>ἐπιμελῶς</span> <span class='ocrx_word' id='word_1_739' title='bbox 3244 5591 3358 5659; x_wconf 77' lang='grc' dir='ltr'><strong>’ἅμα</strong></span> <span class='ocrx_word' id='word_1_740' title='bbox 3383 5583 3472 5638; x_wconf 66' lang='grc' dir='ltr'><strong>καὶ</strong></span> <span class='ocrx_word' id='word_1_741' title='bbox 3495 5581 3572 5633; x_wconf 81' lang='grc' dir='ltr'><strong>εὐ-</strong></span> 
     </span>
    </p>
   </div>
  </div>
