3866 6554
287 463 394 526 449

1441 460 1831 522 COMMENT.
1865 458 1944 519 ΙΝ
1984 449 2346 514 PSALM‘OS.

3425 439 3541 508 450'

292 570 462 642 μενῶς
510 565 618 623 εἶδε
675 567 1194 640 ταλαιπωρούμενον
1223 567 1448 639 ὑπὸτῆς
1483 568 1691 637 πλάνης
1744 566 1852 618 τῶν

1994 560 2165 630 ijecit,
2191 568 2244 612 et
2272 555 2535 611 benevolo
2554 553 2770 624 aspexit
2794 552 3032 618 intuitu;
3065 551 3119 605 in
3152 542 3258 616 me,
3293 551 3540 622 inquam.

286 662 536 718 εἰδώλων.

351 835 457 890 Kal
514 835 847 903 είσήκουσε
887 835 999 903 τῆς
1046 833 1313 901 δεήσεώς
1352 851 1492 904 μου.
1544 833 1660 902 Τῆς
1718 834 1858 904 ὑπὲρ

285 923 416 995 ἐμοῦ
475 924 758 996 δεήσεωςο
816 925 1030 979 ἐδέοντο
1089 926 1202 998 γὰρ
1250 925 1392 998 ὑπὲρ
1447 925 1612 980 αὐτοῦ
1644 925 1858 994 οἱπρο-

286 1032 474 1085 φηται.

350 1195 462 1250 Kal
493 1195 762 1268 ἀνήγαγέ
783 1215 858 1269 με
888 1197 956 1251 ἐκ
1002 1179 1240 1252 ,λάκκου
1300 1196 1733 1264 ταλαιπωρίας,
1763 1193 1863 1256 καί

282 1285 398 1340 ἀπὸ
431 1288 636 1353 πηλοῦ
673 1288 866 1370 ιλύοςι.
908 1288 1048 1351 Τοὺς
1074 1289 1364 1357 μεγίστους
1393 1287 1668 1348 κινδύνους
1691 1285 1864 1338 τοιού-

199 1426 204 1430 .
281 1395 394 1442 τοις
426 1380 476 1431 οἱ
502 1379 722 1433 παλαιοὶ
772 1381 1034 1449 ὀνόμασιν
1063 1381 1436 1450 ὑπεσήμαινον
1471 1379 1604 1450 (45).
1635 1380 1864 1445 Λέγοιτο

281 1467 325 1518 δ’
351 1467 420 1521 ἂν
447 1467 648 1531 λάκκος
673 1469 772 1538 μὲν
793 1469 1170 1539 ταλαιπωρίας
1215 1472 1242 1522 ὁ
1275 1468 1466 1540 βόθρος
1496 1469 1592 1537 τῆς
1627 1467 1862 1538 πλάνης.

285 1557 376 1628 ὑφ’
420 1553 491 1632 ἧς
539 1560 910 1632 ἐταλαιπώρει
958 1562 1100 1614 κατὰ
1155 1559 1366 1631 ψυχήν
1405 1559 1576 1631 πηλδς
1601 1561 1658 1614 δὲ
1695 1559 1860 1623 ἰλύος.

283 1651 402 1719 ἦτοι
437 1653 664 1724 ἰλυώδης
694 1653 791 1707 καὶ
847 1652 1110 1723 δυσώδης,
1157 1655 1190 1724 ή
1246 1652 1504 1714 σύστασις
1544 1652 1654 1706 τῶν
1685 1653 1865 1722 ἐμπα-

285 1739 469 1803 θειῶν,
505 1742 539 1812 ὴ
589 1742 914 1812 φθοροποιὸς
961 1743 1058 1796 καὶ
1114 1741 1376 1813 ἐφεκτικὴ
1415 1742 1514 1812 τῆς
1560 1739 1864 1812 ἐμπιπτούο

284 1847 386 1902 σης
417 1832 568 1904 αὐτῷ
595 1834 708 1904 (44)
728 1834 931 1905 ψυχῆς·

1961 662 2174 702 summa
2205 643 2568 700 constitutum
2599 643 2654 698 in
2707 643 2954 709 miseria,
2991 641 3121 696 dum
3149 641 3422 697 idolorum
3454 659 3544 699 er-

1962 753 2117 793 rores
2151 751 2436 806 sequerer.

2032 832 2104 883 Et
2126 831 2401 890 exaudivit
2444 837 2621 897 preces
2647 843 2811 882 meas.
2852 825 3051 881 Preces
3092 826 3303 882 scilicet
3332 841 3430 896 pro
3457 842 3542 882 me

1961 921 2527 991 eniissas.;~Rogabant
2555 921 2701 974 enim
2756 918 3033 988 prophetae
3066 932 3164 988 pro
3181 926 3191 979 '_
3212 916 3398 974 futuro
3430 916 3539 971 Er-

1963 1014 2147 1070 clesiae
2193 1021 2340 1068 statu
2367 997 2370 1002 “
2397 1011 2572 1083 [illius
2601 1012 2770 1065 etiam
2814 1024 3105 1080 personam
3137 1009 3458 1076 induentes,
3483 1021 3543 1064 ut

1963 1121 2109 1161 nunc
2153 1105 2281 1168 facit
2315 1107 2507 1160 beatus
2545 1102 2766 1173 David].

2041 1197 2198 1250 Vens.
2233 1197 2286 1250 3.
2329 1195 2395 1248 Et
2439 1195 2715 1249 exaudivit
2751 1211 2830 1248 me
2881 1196 2944 1249 de
2966 1194 3088 1249 lacu
3124 1197 3373 1256 miseriae.
3407 1205 3456 1248 et
3481 1196 3543 1247 de

1965 1288 2077 1342 luto
2112 1289 2246 1342 limi.
2305 1289 2567 1343 Solebant
2597 1289 2810 1356 antiqui
2848 1288 3166 1354 hujusmodi
3197 1287 3543 1342 dictionibus

1966 1381 2209 1434 maxima
2273 1380 2518 1449 pericula
2575 1381 2906 1448 exprimere.
2969 1379 3082 1434 Dici
3149 1387 3332 1433 autem
3367 1385 3544 1447 potest

1966 1471 2112 1540 quod
2141 1473 2291 1526 lacus
2328 1472 2563 1528 miseria:
2623 1473 2696 1525 sit
2735 1472 2826 1525 illa
2875 1471 3030 1525 fovea
3061 1471 3289 1535 erroris,
3319 1470 3375 1524 in
3437 1485 3543 1538 qua

1964 1564 2094 1618 olim
2151 1572 2342 1634 gentes
2402 1579 2523 1630 qua:
2553 1564 2606 1617 in
2637 1579 2802 1618 unam
2843 1564 3151 1618 Eccleeiam
3206 1569 3554 1632 congregatur

1968 1667 2123 1722 sunt,
2150 1658 2313 1711 veluti
2353 1658 2406 1711 in
2438 1657 2674 1727 quodam
2709 1671 2932 1710 carcere
2981 1655 3284 1710 secundum
3310 1654 3555 1706 animam-
3659 1721 3662 1724 μ

1970 1747 2166 1802 misere
2194 1746 2610 1818 adﬂigebantur;
2651 1754 2705 1801 et
2734 1747 2883 1816 quod
2933 1747 3110 1798 lutum
3141 1743 3278 1808 limi,
3308 1743 3413 1797 hoc
3437 1749 3542 1805 est,

1969 1840 2340 1894 limosnm'ac
2371 1840 2650 1910 putt-idum
2713 1840 2910 1904 lutum,
2943 1839 3032 1892 illa
3067 1837 3140 1892 sit
3182 1837 3544 1891 humanarum

283 1927 604 1998 passionum
635 1939 800 1998 atque
833 1927 1125 1983 allectnum
1175 1927 1450 1993 collectio,
1483 1941 1604 1998 qua:
1630 1928 2043 1996 corruptionem
2093 1933 2387 2002 quamdam
2465 1935 2520 1988 in
2583 1918 2788 1988 nostris
2832 1915 3105 1990 mentibus
3187 1937 3432 2000 generat,
3497 1941 3550 1988 ει

285 2021 500 2075 animas
530 2036 722 2076 omnes
778 2021 934 2092 quasi
975 2019 1155 2076 tenaci
1211 2036 1450 2090 quonam
1485 2034 1645 2075 emno
1679 2021 1972 2080 obvolutas
2004 2026 2232 2089 detinet,
2263 2042 2385 2097 quae
2415 2027 2470 2080 in
2505 2043 2623 2081 eam
2672 2025 3004 2080 deciderint.

354 2115 468 2168 Kal
486 2115 752 2182 ἔστησεν
778 2115 875 2168 ἐπὶ
892 2115 1119 2183 πέτραν
1141 2115 1285 2180 τοὺς
1322 2114 1516 2180 πόδας
1549 2131 1693 2182 μου.
1733 2112 1858 2166 Ἐπὶ

2040 2119 2104 2173 Et
2137 2121 2328 2174 statuit
2370 2137 2535 2189 supra
2586 2131 2788 2189 petram
2844 2119 2996 2186 pedes
3065 2133 3227 2170 meos.
3258 2113 3430 2184 Supra
3461 2128 3554 2184 pe-

285 2207 498 2275 πέτραν
529 2209 620 2260 καὶ
649 2207 950 2276 ἀσφάλειαν
983 2207 1241 2270 πίστεως.

355 2299 470 2353 Καὶ
497 2301 829 2354 κατεύθυνε
866 2303 939 2355 τὰ
963 2299 1296 2369 διαϐήματά
1327 2318 1468 2370 μου.
1511 2304 1621 2359 Καὶ
1654 2308 1870 2364 ὑποδείαο

288 2392 388 2456 ξας
427 2410 516 2463 μοι
541 2391 640 2463 τὴν
667 2393 782 2447 ὁδὸν
816 2393 915 2464 τῆς
943 2393 1217 2464 σωτηρίας
1239 2393 1326 2447 διὰ
1351 2394 1460 2447 τῶν
1490 2397 1867 2466 εὐαγγελικῶν

287 2483 545 2548 ἐντολῶν,
567 2483 732 2554 ἐξῆρε
767 2486 876 2538 πᾶν
940 2485 1174 2545 σκολιὸν.
1209 2485 1303 2538 καὶ
1327 2486 1607 2554 ἁπηύθυνε
1632 2491 1732 2561 τὴν
1768 2509 1870 2545 πο-

291 2576 449 2646 ρείαν
484 2595 612 2648 μου,
647 2576 722 2640 ὡς
775 2578 976 2650 μηκέτι
1023 2577 1257 2642 σκολιῶς
1313 2579 1410 2632 καὶ
1435 2581 1871 2654 πεπλανημένως

291 2669 504 2738 βαίνειν
531 2687 620 2740 με.

363 2759 474 2814 Kal
499 2761 789 2815 ἐνέϐαλεν
827 2764 914 2828 εἰς
947 2761 1014 2816 τὸ
1043 2763 1239 2831 στόμα
1268 2782 1389 2832 μου
1435 2764 1600 2833 ᾆσμα
1634 2767 1866 2820 καινόν.

292 2849 410 2913 Τὰς
441 2850 607 2920 ᾠδὰς,
650 2851 715 2914 ἃς
749 2854 798 2905 οί
837 2854 1162 2922 Χριστιανοὶ
1194 2854 1502 2924 συνέθηκαν
1535 2857 1624 2908 ἐπὶ
1659 2861 1868 2921 καινοῖς

294 2943 390 2995 ⁸τοῦ
453 2944 710 3015 Σωτῆρος
768 2944 1210 3016 κατορθώμασιν.
1250 2948 1320 3000 Ἣ
1377 2947 1476 3013 τὴν
1533 2948 1697 3018 εὐχὴν
1752 2949 1870 3017 τοῦ,

297 3033 492 3102 Πάτερ
521 3035 692 3103 ἡμῶν
723 3037 756 3090 ὁ
775 3037 845 3090 ἐν
876 3037 1000 3101 τοῖς
1020 3037 1324 3106 οὐρανοῖς,
1357 3039 1423 3105 ἣν
1453 3041 1480 3090 ὁ
1508 3039 1741 3109 Χριστὸς
1769 3041 1872 3108 ὑφ-

297 3128 570 3198 ηγήσατο.

373 3220 609 3290 ’Ὕμνον
636 3220 717 3284 τῷ
741 3222 862 3288 Θεῷ
893 3220 1084 3292 ἡμῶν.
1132 3222 1306 3277 Τοῦτο
1331 3223 1729 3295 ὲπεξηγητικόν
1761 3225 1876 3277 ἐστι

297 3310 392 3364 τοῦ
425 3314 618 3367 καινοῦ
651 3313 721 3386 ᾀσ
727 3331 920 3384 ματος.
1758 3306 1762 3309 ³

375 3405 661 3472 Ὄψονται
690 3404 933 3459 πολλοι.
963 3405 1082 3467 Φῶς
1115 3401 1486 3472 ἐπιγνώσεως,
1517 3405 1708 3472 τυφλοὶ
1743 3407 1876 3476 πρόο

305 3511 458 3566 τερον
492 3496 666 3558 ὄντες.
697 3495 762 3548 ἸΙ
799 3495 1020 3564 δψονται
1072 3495 1141 3549 τὰ
1177 3496 1382 3564 σημεῖα
1416 3495 1510 3548 καὶ
1539 3497 1743 3567 τέρατα
1783 3499 1875 3552 τοῦ

308 3585 563 3656 Χριστοῦ,
593 3587 686 3639 καὶ
712 3587 820 3640 τῶν
844 3587 1020 3655 ἁγίων
1051 3587 1241 3642 αὐτοῦ.

375 3676 484 3732 Kal
505 3677 977 3747 φοϐηθήσονται.
1015 3679 1122 3733 Τὸν
1151 3680 1478 3750 ἐνεργοῦντα
1529 3681 1599 3734 τὰ
1653 3680 1879 3734 τοιαῦτα

308 3771 560 3840 Χριστόν.
920 3771 928 3776 ’

378 3861 484 3914 Kal
512 3861 836 3916 ἐλπιοῦσιν
883 3861 982 3916 ἐπὶ
1009 3863 1248 3933 Κύριον.
1277 3865 1349 3916 Τὸ
1363 3865 1737 3931 Ἔλπιοῦσιν,
1759 3866 1882 3920 ἀντί

309 3949 403 4002 τοῦ
437 3951 834 4006 Πιστεύσουσιν
853 3969 868 3983 ο
934 3953 1147 4018 amca
1175 3954 1284 4024 γὰρ
1310 3956 1336 4008 ὁ
1359 3956 1657 4012 πιστεύων.
1697 3958 1768 4010 Ἢ
1792 3956 1881 4010 ὲλ-

310 4043 646 4105 πιοῦσιν,ὅτι
676 4042 841 4096 σώσει
870 4043 1090 4110 αὐτοὺς,
1124 4047 1566 4112 πεπιστευκότας
1591 4048 1673 4111 είς
1695 4048 1876 4102 αὐτόν.

311 4133 512 4202 Κύριον
540 4134 597 4186 δὲ
625 4133 736 4187 νόει
765 4134 858 4187 τὸν
891 4135 1150 4206 Χριστόν·

374 4223 678 4293 Μακάριος
705 4226 882 4296 ἀνὴρ,
911 4224 985 4284 οὗ
1013 4229 1185 4284 ἐστιν
1211 4231 1279 4285 τὸ
1311 4231 1502 4302 ὄνομα
1523 4234 1746 4302 Κυρίου
1780 4235 1882 4290 ἐλ-

309 4316 408 4382 πίς
443 4317 654 4370 αὐτοῦ.
678 4347 750 4357 ——
776 4318 849 4372 Τὸ
877 4318 1068 4388 ὄνομα
1094 4321 1339 4389 Κυρίου,
1385 4323 1509 4377 ἀντὶ
1534 4323 1627 4376 τοῦ
1670 4323 1729 4377 '0
1763 4323 1880 4378 Κύ-

312 4425 444 4477 ριος.
494 4409 807 4479 Μακαρίζει
831 4410 888 4463 δὲ
927 4412 1018 4465 τὸν
1071 4413 1168 4467 ἐπὶ
1214 4415 1362 4485 μόνῳ
1395 4414 1698 4469 πεποιθότα
1733 4415 1882 4487 Θεῷ,

310 4501 508 4571 καὶμὴ
546 4500 633 4572 ἐφ’
667 4501 838 4572 ἑτέρῳ
894 4504 1180 4574 πράγματι
1203 4523 1218 4538 ο
1262 4506 1497 4576 ἀλλαχοῦ
1558 4509 1669 4580 γάρ
1707 4525 1841 4580 φησι
1865 4528 1881 4544 ο

310 4589 616 4658 Μακάριος
650 4591 828 4661 ἀνὴρ,
873 4596 905 4646 ὁ
937 4592 1194 4655 Marmor
1217 4595 1316 4648 ἐπὶ
1354 4597 1597 4666 Κύριον.
1627 4599 1786 4652 Ἐστι
1825 4599 1883 4652 δὲ

309 4682 342 4749 ἡ
376 4680 471 4735 τοῦ
503 4682 774 4753 παρόντος
827 4683 995 4754 ῥητοῦ
1050 4686 1300 4753 σύνταξις
1331 4687 1506 4752 οὕτως
1527 4703 1543 4720 ·
1575 4690 1882 4759 Μακάριος

1971 2220 2130 2276 trum,
2152 2213 2255 2268 hoc
2279 2225 2380 2279 est,
2406 2228 2568 2284 supra
2601 2214 2956 2267 securitatem
3003 2210 3152 2266 ﬁdei.

2044 2303 2112 2358 Et
2163 2304 2358 2358 direxit
2392 2321 2604 2374 gressus
2639 2319 2803 2357 meos.
2826 2302 2888 2356 Et
2921 2311 3147 2357 ostensa
3179 2300 3312 2354 mihi
3372 2299 3550 2354 salu-te

1972 2411 2068 2466 per
2098 2405 2370 2466 praecepta
2391 2395 2728 2466 evangelica,
2765 2395 3029 2465 omnique
3063 2409 3295 2464 prorsus
3323 2393 3548 2462 explosa

1973 2494 2346 2555 tortuositate,
2389 2493 2492 2547 iter
2518 2509 2703 2548 meum
2762 2495 2898 2546 adeo
2958 2491 3180 2556 direxit,
3205 2498 3266 2544 ut
3293 2503 3388 2558 per
3410 2487 3552 2542 obli-

1970 2578 2102 2653 qua,
2135 2594 2225 2637 aut
2252 2599 2348 2654 per
2369 2583 2558 2638 devios
2601 2583 2772 2638 calles
2797 2582 3037 2652 amplius
3058 2596 3167 2636 non
3200 2582 3474 2635 incedam.

2044 2762 2211 2818 Vens.
2248 2765 2299 2818 4.
2329 2763 2398 2817 Et
2428 2763 2645 2817 immisit
2676 2763 2730 2816 in
2760 2780 2817 2817 os
2849 2778 3023 2818 meum
3052 2763 3316 2816 canticum
3339 2779 3582 2820 norum.‘

1974 2855 2199 2911 Cantica
2232 2857 2494 2912 nimirum
2527 2871 2649 2927 qua:
2679 2855 2747 2910 de
2803 2855 3145 2910 admirandis
3203 2863 3370 2924 atque
3427 2856 3552 2909 illu-

1975 2951 2181 3004 stribus
2231 2949 2436 3004 Christi
2478 2949 2646 3019 gestis
2677 2948 3020 3002 Christicola:
3077 2950 3423 3002 cecinerunt.
3454 2945 3560 3001 νεὶ

1976 3042 2292 3095 Orationem
2329 3040 2666 3094 Dominicam
2695 3054 2707 3090 :
2749 3037 2911 3093 Pater
2945 3047 3141 3102 noster,
3179 3039 3347 3108 quies
3375 3039 3569 3092 ἔτισα-ν

1979 3131 2044 3185 lis
2068 3172 2082 3195 ,
2110 3147 2270 3200 quam
2303 3130 2565 3185 Christus
2600 3145 2698 3183 nos
2737 3129 2950 3183 docuit.

2054 3222 2324 3291 Hymnum
2353 3221 2464 3275 Deo
2493 3229 2692 3273 nostro.
2750 3217 2865 3271 lloe
2894 3217 2960 3270 ad
2993 3215 3420 3271 declarationem
3470 3213 3568 3269 di-r

1978 3325 2124 3371 ctum
2157 3323 2242 3370 est
2265 3316 2388 3369 novi
2418 3316 2642 3370 cantici.

2065 3407 2322 3461 Videbunt
2353 3407 2531 3460 multi.
2559 3406 2770 3460 Lumen
2817 3405 3076 3458 nimirum
3110 3403 3377 3469 scientiae,
3429 3419 3564 3460 cum

1981 3509 2141 3555 antea
2178 3498 2308 3554 caeci
2340 3507 2549 3553 essent.
2576 3496 2675 3552 Vel
2704 3496 2970 3551 videbunt
3026 3496 3180 3564 signa
3207 3505 3262 3550 et
3291 3496 3558 3552 miracula

1980 3591 2181 3647 Christi
2213 3599 2267 3644 et
2297 3599 2613 3644 sanctorum
2648 3588 2794 3657 ejus.

2053 3680 2124 3734 Et
2179 3679 2458 3734 timebunt.
2491 3678 2774 3734 Christum
2839 3677 3052 3734 scilicet
3114 3677 3430 3748 hujusmodi
3473 3677 3556 3732 fa-

1981 3776 2217 3829 cientem
2252 3772 2540 3826 miracula.

2056 3865 2123 3919 Et
2150 3862 2432 3931 sperabunt
2477 3863 2532 3915 in
2586 3861 2828 3916 Domino.
2859 3860 3178 3930 Sperabunt,
3211 3860 3264 3914 id
3313 3868 3404 3914 est
3429 3859 3560 3913 Crev

1983 3958 2113 4013 dent
2143 3973 2160 4022 ;
2199 3954 2538 4010 crcditcnim
2572 3953 2663 4023 qui
2697 3961 2902 4023 sperat.
2933 3953 3046 4018 Vel,
3081 3952 3382 4022 sperabunt
3412 3950 3567 4021 quod’

1982 4065 2078 4104 eos
2109 4049 2422 4102 sulvatnrns
2481 4045 2576 4108 sit,
2605 4044 2696 4112 qui
2731 4044 3071 4100 crediderint
3125 4043 3180 4098 in
3240 4041 3418 4097 illum.
3457 4039 3568 4096 Per

1991 4140 2279 4196 Dominum
2316 4148 2499 4193 autem
2532 4135 2814 4192 Christum
2844 4136 3108 4206 intellige.

2059 4231 2220 4284 Vens.
2249 4230 2302 4283 5.
2329 4226 2530 4282 Beatus
2554 4227 2652 4291 uir,
2675 4225 2828 4294 cujus
2865 4233 2943 4278 est
2975 4239 3162 4278 nomen
3199 4222 3418 4277 Domini
3444 4237 3573 4291 spes»

1983 4322 2118 4392 ejus.
2150 4319 2357 4376 Nomen
2387 4317 2638 4380 Domini,
2684 4317 2788 4372 hoc
2843 4324 2928 4370 est
2952 4354 2968 4378 ,
3007 4313 3307 4368 Dominus.
3333 4312 3568 4367 Beatum

1985 4417 2154 4484 igitur
2179 4427 2303 4468 eum
2338 4412 2476 4468 dicit
2503 4409 2596 4480 qui
2625 4409 2680 4464 in
2733 4407 2851 4462 solo
2885 4406 2994 4460 Deo
3057 4403 3308 4469 conﬁdit,
3360 4411 3415 4458 et
3447 4419 3564 4460 non

1985 4507 2093 4560 alia
2123 4506 2174 4558 in
2203 4520 2282 4558 re.
2319 4503 2463 4556 Alibi
2497 4502 2660 4556 etiam
2721 4499 2860 4554 dicit
2881 4496 3126 4552 ιρΒεαιαε
3152 4495 3234 4550 vir
3260 4496 3353 4566 qui
3381 4503 3573 4563 sperat

1985 4599 2038 4650 in
2073 4595 2295 4649 Domino
2319 4593 2386 4646 “.
2431 4594 2497 4648 Et
2529 4596 2664 4647 ordo
2698 4598 2785 4646 est
2819 4607 2832 4642 :
2865 4588 3064 4643 Beatus
3121 4588 3226 4655 vir,
3280 4586 3442 4656 cujus
3473 4595 3572 4642 es:

1988 4705 2182 4744 nomen
2223 4686 2434 4741 Domini
2485 4700 2631 4751 spes.
2683 4682 2983 4740 Possumus
3045 4681 3209 4736 etiam
3273 4678 3340 4733 de
3393 4679 3565 4734 Cbrid

309 4771 487 4841 ἀνὴρ,
534 4769 608 4828 οὗ
663 4773 849 4828 αὐτοῦ
897 4775 1030 4829 ἐστι
1084 4779 1152 4830 τὸ
1188 4777 1377 4848 ὄνομα
1410 4781 1636 4849 Κυρίου
1675 4783 1870 4849 ἐλπίς.

1994 4781 2182 4838 stianis
2208 4780 2311 4833 hoc
2345 4777 2554 4834 dictum
2605 4775 2932 4844 intelligere,
2979 4781 3034 4827 et
3080 4780 3404 4828 construere
3466 4787 3572 4841 per

311 4861 600 4932 Δυνάμεθα
656 4863 713 4915 δὲ
778 4865 875 4916 καὶ
923 4864 1106 4930 ἄλλως
1147 4867 1307 4920 τοῦτο
1361 4871 1553 4939 νοῆσαι
1611 4872 1740 4940 περὶ
1778 4873 1870 4925 τῶι

1994 4875 2213 4943 ﬁgurant
2252 4870 2624 4943 hyperbaton,
2649 4869 2756 4922 hoc
2791 4866 2953 4921 modo
2989 4881 3004 4917 :
3038 4867 3237 4919 Beatus
3289 4864 3371 4917 uir
3408 4863 3574 4932 cujus

313 4952 681 5022 Χριστιανῶν,
727 4952 850 5006 καθ’
902 4954 1211 5022 ὑπερϐατὸν
1245 4959 1634 5024 συντάττοντες
1673 4960 1883 5026 οῦτωςο

313 5042 639 5112 Μακάριος,
677 5039 748 5099 οὗ
780 5044 953 5097 ἐστιν
983 5046 1160 5112 ἐλπίς
1195 5048 1260 5101 τὸ
1290 5048 1479 5117 ὄνομα
1510 5051 1735 5119 Κυρίου
1774 5055 1884 5107 αὑ-

314 5136 452 5190 τοῦ⁶
505 5135 671 5190 παντὶ
711 5134 769 5188 δὲ
828 5135 1138 5208 Χριστιανῷ
1185 5139 1248 5191 τὸ
1285 5140 1456 5210 ὄνομα
1492 5141 1591 5195 τοῦ
1648 5145 1884 5214 Χριστοῦ

315 5229 463 5280 ἐστιν
524 5227 681 5289 ἐλπὶς
735 5229 829 5280 καὶ
879 5229 1146 5300 σωτηρία.
1179 5231 1289 5284 Καὶ
1319 5231 1479 5286 τοῦτο
1521 5235 1569 5286 οἱ
1603 5234 1884 5307 μάρτυρες

315 5316 520 5382 ῑδειξαν
555 5317 789 5396 ἐνώπιον
815 5317 922 5370 τῶν
954 5319 1256 5389 τυράννων,
1287 5321 1468 5388 δόξαν,
1503 5323 1597 5379 καὶ
1629 5325 1880 5390 πλοῦτον,

317 5410 408 5461 καὶ
456 5406 650 5462 ἐλπίδα
700 5409 946 5476 ἑαυτῶν,
991 5411 1053 5464 τὸ
1094 5411 1188 5465 τοῦ
1234 5413 1669 5483 Χαριστιανισμοῦ
1713 5416 1886 5486 ὄνομα

318 5499 772 5570 ὁμολογήσαντες.

391 5679 432 5713 tl
465 5675 612 5734 Psal.
646 5694 875 5747 Lxxxnt,
912 5681 999 5737 l3.
1080 5683 1123 5715 "
1152 5681 1302 5740 Psal.
1339 5699 1523 5751 xxxix,
1557 5682 1611 5738 5-.

393 5873 503 5945 (45)
532 5875 614 5930 Al.
648 5876 752 5930 ἀπε
761 5876 826 5948 σή
834 5893 1023 5946 μανον.

1984 4975 2060 5020 est
2120 4981 2237 5033 spes
2295 4979 2485 5017 nomen
2541 4961 2760 5014 Domini
2809 4958 3009 5028 ejus".
3071 4957 3307 5012 Cnilibet
3376 4966 3571 5010 autem

1984 5056 2303 5113 Christiano
2361 5069 2562 5110 nomen
2593 5051 2799 5107 Christi
2830 5058 3083 5120 spes-est
3107 5057 3161 5101 et
3187 5048 3374 5111 salus;
3411 5044 3566 5114 quod

1985 5148 2158 5204 sanati
2194 5153 2466 5216 martyres
2500 5143 2772 5214 praecipue
2816 5139 3058 5196 attestati
3093 5145 3222 5192 sunt
3253 5151 3439 5190 coram
3474 5143 3559 5205 ty-

1991 5241 2180 5297 rannis
2213 5257 2226 5294 :
2265 5239 2466 5309 quibus
2515 5235 2862 5307 apertissime
2913 5231 3169 5286 dicebant
3220 5243 3279 5282 se
3333 5225 3574 5282 divitias-

1991 5347 2123 5387 suas
2157 5345 2372 5394 omnes,
2437 5337 2493 5382 et
2533 5339 2751 5380 onmem
2788 5322 3020 5392 gloriam
3075 5327 3130 5374 et
3187 5331 3339 5387 spem
3371 5316 3424 5370 in
3453 5315 3573 5370 hoc~

1992 5423 2314 5486 colloca-sse,
2341 5418 2484 5489 quod
2519 5415 2723 5470 Christi
2776 5413 2868 5467 Dei
2913 5409 2998 5465 sui
3034 5409 3254 5465 nomine
3316 5407 3574 5478 insignitii

1993 5521 2199 5579 essent,
2228 5512 2356 5567 dum
2385 5507 2686 5566 Christiani
2721 5505 3156 5577 appellarenturr

1625 5771 1830 5835 Variae
1854 5771 2185 5834 lectiones.

2067 5871 2180 5943 (it)
2213 5870 2295 5926 Al.
2344 5870 2498 5941 αὐτῇ.
