3806 6542
367 430 473 498 ιδι

1596 432 1979 500 EUTHYMU
2016 438 2374 500 ZlGABENI
3505 436 3593 502 432

443 549 515 602 Et
547 564 651 604 non
691 555 916 618 rexperit
959 550 1014 602 in
1060 548 1342 603 vanitates.
1397 548 1461 603 Et
1509 549 1826 620 h‘ujusmodi
1859 555 1939 607 vir

2117 555 2225 607 Kal
2273 557 2385 609 οὐκ
2442 553 2781 621 ἐπέϐλεψεν
2826 554 2912 616 εις
2951 551 3376 620 ματαιότητας.
3430 550 3530 604 Καὶ
3573 556 3595 605 ό

371 639 628 696 inanibus
678 641 844 696 rebus
897 655 1122 710 operam
1158 657 1265 696 non
1300 641 1454 697 dedit
1483 657 1497 694 :
1533 658 1655 713 qua:
1691 658 1722 698 a
1754 647 1945 701 multis

369 748 585 789 summa
612 742 940 800 reputantur
969 732 1139 790 bona.

439 825 508 880 Et
563 826 803 879 insanias
862 824 1059 892 falsas.
1116 827 1162 879 Α
1197 830 1479 882 communi
1541 843 1706 885 sensu
1749 844 1944 884 rursus

367 916 886 985 subintelligendnm
948 925 1057 981 est,
1120 915 1191 970 Et
1243 931 1348 972 non
1407 919 1655 988 respexit.
1714 918 1946 973 insaniae

365 1014 546 1060 autem
609 1006 760 1060 falsae
799 1005 890 1076 [ex
931 1005 1135 1060 Graecae
1195 1005 1456 1064 dictionis
1517 1008 1942 1080 signiﬁcatione]

363 1097 622 1151 vaticinia
651 1107 798 1152 sunt.
835 1096 1003 1154 Vates
1034 1099 1180 1152 enim
1214 1098 1294 1152 illi
1355 1099 1676 1155 debaCCbati
1713 1101 1940 1154 demen-

364 1200 447 1244 tes
481 1190 702 1252 liebant.
729 1202 783 1244 et
811 1190 1113 1244 furentium
1147 1192 1323 1246 instar
1358 1191 1701 1246 ferebantur.
1739 1191 1940 1248 Verum

365 1281 504 1336 falsa
545 1292 724 1349 erant,
765 1298 885 1352 quze
939 1283 1399 1353 pra'nuntinbant.
1458 1283 1562 1339 Per
1628 1286 1941 1355 huiusmodi

362 1362 546 1426 autem
587 1374 850 1427 vaticinia
912 1375 1228 1427 universum
1276 1375 1546 1429 idolorum
1602 1379 1812 1431 cultum
1845 1377 1943 1432 de-

363 1474 558 1517 notare
587 1464 779 1528 voluit,
811 1465 979 1518 veluti
1015 1473 1188 1518 totum
1225 1480 1255 1518 a
1285 1476 1462 1533 parte.

434 1554 602 1610 Vens.
653 1557 707 1611 6.
751 1557 928 1612 Multa
972 1558 1148 1626 fecisti
1211 1570 1287 1623 tu,
1320 1559 1543 1613 Domine
1599 1561 1737 1615 Deus
1773 1577 1941 1626 meus,

364 1647 640 1700 mirabilia
693 1660 808 1702 tua.
861 1648 1181 1704 Admiratus
1214 1650 1408 1704 beatus
1441 1649 1608 1704 David
1670 1650 1943 1706 ineﬂabile

364 1740 762 1794 Incarnationis
821 1739 1028 1795 Christi
1090 1742 1434 1810 mysterium,
1495 1749 1548 1794 et
1605 1743 1940 1812 condignum

365 1831 442 1883 illi
475 1845 787 1886 sermonem
847 1832 1098 1888 invenire
1130 1848 1236 1887 non
1271 1833 1482 1897 valens,
1544 1834 1942 1889 exclamatione

365 1924 568 1984 solum,
601 1925 743 1991 quod
773 1924 977 1991 potuit,
1014 1934 1120 1977 tam
1157 1926 1363 1994 grande
1379 1929 1582 1978 donum
1613 1937 1939 1996 prosccutus

365 2024 448 2068 est
472 2033 484 2067 :
509 2014 700 2080 Multa,
740 2016 1018 2086 inquiens,
1037 2016 1357 2070 admiranda
1394 2016 1600 2080 fecisti,
1629 2027 1686 2071 tu
1712 2017 1940 2073 Domine

367 2105 514 2160 Deus
539 2122 716 2160 meus.
747 2107 822 2159 Ita
852 2108 1017 2161 etiam
1054 2108 1184 2161 alibi
1213 2110 1506 2178 Apostolus
1532 2108 1684 2172 facit,
1723 2110 1940 2180 quando

365 2200 798 2255 admirabundus
851 2201 1055 2255 clamat
1089 2220 1103 2256 :
1149 2201 1192 2256 0
1229 2203 1460 2255 altitudo
1511 2203 1817 2256 divitiarum
1853 2219 1942 2256 sa-

361 2291 578 2356 pientia:
619 2299 668 2342 et
707 2291 938 2343 scientia
988 2290 1125 2344 Dei!
1182 2307 1340 2360 quam
1385 2291 1756 2344 inscrutabilia
1817 2301 1939 2345 sunt

355 2380 564 2448 judicia
594 2381 729 2449 ejus,
775 2393 822 2434 et
849 2381 1242 2450 investigabiles
1291 2382 1387 2436 vita
1413 2381 1529 2450 ejus
1553 2382 1596 2414 ¹⁶
1625 2385 1638 2436 !
1670 2381 1940 2436 Mirabilia

362 2483 546 2526 autem
573 2472 814 2541 appellat
839 2487 947 2526 non
975 2487 1040 2526 ea
1065 2482 1302 2537 tantum,
1331 2488 1453 2541 qua:
1471 2479 1719 2542 tempore
1743 2471 1937 2543 Moysi,

363 2573 458 2618 aut
484 2563 614 2618 Jesu
646 2561 814 2627 Nave,
839 2573 934 2618 aut
960 2579 1083 2633 qua:
1105 2564 1217 2619 illis
1245 2563 1564 2633 antiquiora
1595 2579 1622 2615 a
1657 2561 1766 2616 Deo
1791 2563 1940 2616 facta

363 2665 491 2710 sunt
521 2656 809 2719 miracula,
855 2655 951 2709 sed
999 2669 1062 2709 ea
1105 2655 1286 2724 potius
1317 2670 1437 2723 quae
1471 2661 1715 2724 tempore
1744 2654 1937 2708 lucar-

363 2749 606 2803 nationis
647 2748 952 2802 Salvatoris
985 2747 1165 2801 nostri
1211 2747 1352 2800 facta
1406 2756 1557 2810 sunt,
1600 2757 1653 2801 et
1681 2761 1803 2814 qua:
1845 2761 1943 2816 per

363 2843 622 2910 spiritum
680 2841 984 2911 praevidens
1019 2841 1292 2908 Propheta
1325 2854 1540 2894 summa
1603 2856 1728 2892 enin
1761 2839 1939 2894 admi-

363 2937 576 2988 ratione
604 2951 726 3004 quae
759 2935 1002 2989 diximus
1035 2935 1198 2987 verba
1225 2934 1474 3004 protulit.

436 3026 502 3078 Et
534 3026 936 3096 cogitationibus
970 3027 1102 3090 tuis,
1129 3041 1232 3078 non
1259 3034 1335 3078 est
1358 3026 1447 3095 ιιιιί
1476 3007 1678 3078 εἰηιὶίεί
1695 3025 1790 3078 erit
1816 3024 1937 3081 tibi.

363 3118 428 3172 Et
463 3134 568 3172 non
599 3129 682 3173 est
709 3119 908 3188 aliquis
947 3118 1041 3172 tibi
1080 3119 1134 3172 in
1161 3117 1590 3188 cogitationibus
1645 3117 1757 3171 tuis
1791 3132 1939 3171 com-

2045 647 2289 710 τοιοῦτος
2323 646 2425 700 οὐκ
2466 645 2800 698 ἐσπούδασεν
2828 645 2909 708 είς
2943 643 3011 696 τά
3046 643 3275 714 μάταια,
3307 642 3510 714 δηλαδὴ
3533 646 3596 707 ei;

2044 741 2113 790 τὰ
2145 738 2406 790 δοκοῦντα
2431 740 2543 800 τοῖς
2585 735 2801 797 πολλοῖς
2835 733 3038 803 ἀγαθά.

2116 829 2224 883 Kal
2243 830 2464 897 μανίας
2487 827 2756 896 ψευδεῖς.
2805 826 2940 879 Ἀπὸ
2969 826 3154 879 κοινοῦ
3187 824 3351 879 πάλιν
3379 824 3464 888 τὸ,
3495 829 3596 880 Oi):

2045 922 2345 990 ἐπέϐλεψε
2368 937 2384 953 ⁸
2413 923 2605 990 μανίαι
2640 920 2697 974 δὲ
2733 919 2971 989 ψευδεῖς,
3006 920 3062 972 al
3093 920 3348 990 μαντεῖαι
3370 935 3386 952 ο
3421 919 3473 970 oi.
3507 922 3597 990 γὰρ

2047 1016 2274 1086 μάντεις
2308 1013 2670 1086 βακχεύοντες
2717 1013 2999 1077 ἐξίσταντο
3028 1013 3128 1083 μὲν
3152 1011 3246 1066 τοῦ
3276 1013 3598 1083 καθεστηκΰ-

2045 1126 2156 1173 τος,
2189 1110 2286 1162 καὶ
2319 1110 2702 1180 παρεφέροντο
2733 1107 2894 1178 δίκην
2925 1106 3302 1177 μαινομένωνο
3334 1105 3598 1174 ἐψεύδοντο

2043 1203 2119 1265 δὲ,
2171 1203 2303 1272 περὶ
2355 1195 2430 1254 ὧν
2477 1202 2687 1268 ἔλεγον.
2734 1199 2870 1252 Ἀπὸ
2914 1199 2970 1252 δὲ
3017 1197 3119 1268 τῆς
3175 1199 3441 1270 μαντείας
3492 1198 3598 1268 ὃλην

2042 1295 2141 1366 τὴν
2165 1293 2617 1365 εἰδωλολατρείαν
2643 1293 2888 1364 ⁴ᾐνίξατο,
2907 1292 2983 1356 ὡς
3009 1288 3119 1346 ἀπὸ
3154 1292 3357 1362 μέρους
3393 1290 3454 1344 τὸ
3489 1295 3597 1345 πᾶν.

2113 1565 2322 1620 Πολλὰ
2346 1557 2643 1631 ἐποίησας
2665 1563 2767 1624 σὺ.
2791 1561 2970 1630 Κύριε
2998 1554 3031 1615 δ
3057 1563 3200 1624 Θεός
3222 1551 3452 1628 named
3483 1560 3601 1611 θαυ-

2038 1658 2232 1730 μὰσιά
2284 1673 2423 1712 σου.
2461 1656 2793 1722 Ἐκπλαγεὶς
2821 1656 2849 1708 ὁ
2881 1655 3056 1723 μέγας
3097 1651 3262 1705 Δαόὶδ
3292 1651 3355 1703 τὸ
3385 1648 3488 1717 τῆς
3527 1651 3599 1702 ἐν·

2042 1752 2452 1823 ανθρωπήσεως
2508 1750 2602 1803 τοῦ
2657 1746 2896 1819 Χριστοῦ
2926 1745 3231 1816 παράδοξον
3292 1744 3596 1813 μυστήριον,

2043 1846 2139 1899 καὶ
2175 1846 2250 1914 μὴ
2283 1843 2535 1913 δυνηθεὶς
2582 1841 2734 1907 ἄξιον
2781 1840 2940 1904 λόγον
2976 1840 3192 1908 εὑρεῖν,
3221 1835 3418 1890 τοῦτον
3461 1835 3599 1903 μόνον

2043 1935 2422 2004 ἐπεφώνησεν,
2459 1935 2542 1987 ὅτι
2585 1935 2794 1986 Πολλὰ
2835 1930 2907 1984 τὰ
2937 1927 3242 1998 θαυμάσιὰ
3265 1943 3386 1981 σου
3416 1925 3600 1992 ἐπείη.

2042 2045 2183 2096 σας,
2202 2029 2380 2098 Κύριε
2409 2029 2441 2082 ό
2463 2028 2610 2092 Θεός
2631 2043 2773 2095 μουο
2801 2017 2830 2077 ὃ
2853 2025 2944 2076 καὶ
2965 2025 2994 2075 ὁ
3032 2019 3360 2083 Ἀπὸστολος
3383 2019 3598 2072 πέπονθε

2043 2121 2259 2186 Παῦλος
2278 2137 2293 2152 °
2324 2120 2764 2189 ὑπερθαυμάσας
2791 2115 2924 2186 γὰρ,
2958 2115 3257 2184 ἁνεόὀησεν
3279 2129 3294 2142 ·
3336 2113 3409 2166 Ὠ
3425 2111 3598 2176 βάθος

2042 2217 2335 2279 πλούτου,
2361 2214 2459 2267 καί
2483 2212 2728 2279 σοφίας,
2760 2209 2856 2262 καί
2881 2207 3157 2277 γνώσεως
3193 2205 3344 2260 Θεοῦ
3364 2205 3386 2256 .'
3410 2205 3492 2270 ὡς
3511 2204 3600 2258 dr-

2041 2310 2404 2378 εξερεύνητα
2431 2306 2504 2359 τὰ
2543 2305 2796 2374 κρίματα
2822 2301 3009 2356 αὐτοῦ
3032 2299 3131 2352 καὶ
3165 2298 3600 2366 ἀνεξιχνίαστοι

2041 2403 2102 2456 al
2135 2401 2262 2456 ὁδοί
2303 2398 2491 2453 αὑτοῦ
2513 2397 2534 2450 .'
2553 2396 2845 2466 Θαυμάσια
2866 2394 2922 2447 δὲ
2945 2393 3119 2462 λέγει,
3149 2392 3212 2444 οὐ
3241 2389 3406 2460 μόνον
3436 2389 3505 2442 τὰ
3523 2390 3599 2440 ἐπὶ

2043 2490 2310 2556 Μωσέως,
2335 2490 2432 2544 καὶ
2475 2487 2651 2561 Ἰησοῦ
2675 2485 2768 2540 τοῦ
2795 2480 2973 2554 Ναυῆ,
3009 2486 3105 2536 καὶ
3131 2474 3412 2553 Σαμουὴλ,
3438 2480 3528 2532 καὶ
3546 2481 3602 2531 τὰ

2041 2585 2249 2640 τούτων
2281 2582 2620 2652 παλαιότερα
2649 2579 3179 2650 τερατουργήματα,
3215 2573 3333 2627 ἀλλ’
3359 2573 3442 2626 ἐτι
3471 2571 3598 2642 μάλ-

2042 2679 2134 2731 λον
2191 2677 2260 2730 τὰ
2313 2675 2457 2729 κατὰ
2508 2675 2607 2745 τὴν
2665 2672 3083 2742 ἐνανΘρώπησιν
3133 2667 3229 2721 τοῦ
3267 2666 3541 2736 Σωτῆρος,
3571 2663 3600 2717 ἃ

2043 2768 2282 2841 προῖίὼν
2317 2770 2374 2822 ἐν
2399 2765 2696 2838 πνεύματι,
2727 2763 3032 2826 θεσπεσίως
3065 2761 3166 2832 βοᾷ
3191 2759 3251 2812 τὸ
3285 2757 3479 2830 ῥηθέν.

2110 3039 2220 3094 Kal
2246 3037 2371 3104 τοῖς
2393 3031 2806 3103 διαλογισμοῖς
2827 3046 2966 3096 σου,
2999 3028 3110 3083 οὐκ
3131 3026 3267 3082 ἔστι
3295 3026 3390 3092 τίς
3415 3026 3601 3093 dporte—

2042 3132 2294 3199 θήσεται
2323 3147 2445 3184 σοι.
2473 3130 2588 3182 Οὐκ
2625 3127 2775 3180 ἔστιν
2805 3127 2954 3185 ὅστις
2987 3119 3398 3192 ὁμοιωθήσεταί
3440 3134 3519 3170 σοι
3553 3119 3600 3170 ἐν

365 3211 662 3280 parandus.
736 3210 850 3272 lis,
923 3211 1190 3280 inquam,
1259 3210 1725 3280 cogitationibus,
1802 3225 1939 3279 quas

2050 3227 2154 3286 τοῖς
2183 3222 2559 3292 διαλογισμοῖς
2600 3237 2694 3272 σου
2715 3260 2731 3284 ,
2759 3217 2905 3284 λέγω
2935 3216 3011 3279 δὲ,
3039 3216 3152 3276 τοῖς
3185 3211 3314 3282 περὶ
3340 3210 3439 3281 τῆς
3481 3225 3598 3305 προσ

363 3317 576 3356 sunnua
605 3317 726 3355 eum
760 3301 1106 3371 providentia
1142 3315 1239 3370 pro
1277 3301 1560 3354 hominum
1613 3301 1794 3356 salute
1839 3301 1943 3356 sol-

365 3394 548 3446 licitus
608 3393 870 3447 habuisti.
910 3391 1051 3445 Ecce
1079 3392 1226 3445 enim
1260 3391 1405 3460 quod
1453 3391 1658 3460 grande
1701 3399 1756 3445 et
1793 3392 1941 3460 quod

363 3483 746 3538 admirandum
800 3501 940 3554 opus
992 3482 1344 3552 excogitasti,
1379 3491 1437 3536 ut
1489 3491 1548 3536 tu
1578 3481 1741 3537 homo
1783 3484 1942 3536 lieres

365 3586 586 3646 propter
619 3579 918 3632 hominem.

434 3669 760 3722 Anuuntiavi
792 3678 840 3721 et
872 3668 1079 3722 locutus
1101 3684 1222 3722 sum
1250 3706 1263 3732 ,
1291 3667 1652 3736 multiplicata
1681 3675 1804 3720 sunt
1848 3681 1941 3718 su-

363 3775 456 3828 per
485 3777 784 3814 numerum.
816 3761 1178 3825 Annuntiavi,
1239 3761 1440 3829 inquit,
1478 3771 1534 3816 et
1573 3760 1733 3816 docui
1771 3759 1941 3813 multa

367 3851 642 3903 mirabilia
696 3859 789 3904 tua
837 3853 892 3905 in
946 3852 1136 3906 multis
1203 3853 1452 3922 psalmis,
1506 3868 1693 3907 verum
1759 3851 1940 3906 adhuc

366 3945 732 4014 multiplicata
764 3955 912 4008 sunt,
943 3955 1000 3998 et
1026 3945 1164 4000 adeo
1212 3945 1633 4000 innumerabilia
1681 3959 1804 3999 esse
1841 3960 1940 4012 ap-

365 4045 692 4104 paruerunt,
743 4045 801 4089 ut
829 4036 1014 4105 aliquo
1043 4051 1272 4092 numero
1306 4035 1560 4092 concludi
1607 4050 1716 4090 non
1749 4045 1938 4102 potue-

364 4129 498 4181 rint.
528 4126 664 4180 Nam
700 4143 822 4196 qua:
849 4127 1053 4182 dudum
1111 4129 1364 4196 cognovi,
1410 4137 1634 4197 propter
1689 4125 1938 4180 altitudi-

367 4232 489 4272 nem
542 4227 596 4272 et
662 4217 1090 4273 immensitatem
1147 4217 1727 4289 incomprehensibilia
1784 4226 1934 4272 sunt.

365 4309 486 4376 Vel,
511 4326 636 4364 cum
663 4313 792 4380 quid
825 4313 1068 4367 dicerem
1105 4327 1214 4367 non
1255 4312 1515 4367 haberem
1541 4349 1558 4376 ,
1587 4311 1694 4367 hoc
1727 4320 1936 4366 tantum

362 4404 683 4456 annuntiavi
729 4414 784 4459 et
833 4404 1052 4461 locutus
1102 4420 1250 4470 sum,
1315 4402 1466 4475 quod
1526 4418 1744 4458 omnem
1787 4411 1940 4457 trau-

361 4495 692 4549 sccnderunt
721 4511 1032 4551 numerum.

2042 3317 2189 3380 νοίας
2222 3315 2318 3369 καὶ⁸
2361 3313 2662 3383 σωτηρίας.
2707 3311 2840 3363 Ἰδοὺ
2868 3307 2977 3377 γάρ
3007 3301 3119 3358 οἷον
3167 3305 3403 3374 πρᾶγμα
3437 3300 3599 3354 διελο·

2041 3411 2200 3480 γίσω,
2237 3407 2495 3478 γενέσθαι
2520 3405 2810 3472 ἄνθρωπος
2839 3401 2929 3455 διὰ
2954 3399 3046 3452 τον
3069 3397 3384 3467 ἄνθρωπον.

2127 3670 2477 3740 Ἀπήγγειλα
2499 3668 2599 3722 καὶ
2625 3667 2923 3735 ἐλάλησα,
2949 3667 3432 3734 ἐπληθύνθησαν
3463 3654 3600 3731 ὑπὲρ

2040 3763 2308 3831 ἀριθμόν.
2344 3758 2706 3829 Ἀπήγγειλα,
2743 3758 2899 3826 φησι,
2939 3757 3033 3809 καὶ
3065 3753 3285 3818 ἐδίδαξα
3315 3753 3448 3823 περὶ
3481 3751 3595 3805 πολσ

2037 3855 2145 3908 λῶν
2177 3853 2498 3923 θαυμασίων
2533 3870 2628 3905 σου
2669 3853 2729 3904 ἐν
2756 3849 2972 3912 πολλοῖς
2998 3847 3236 3918 ψαλμοῖς
3256 3863 3272 3877 ⁸
3301 3845 3418 3899 ἀλλ’
3445 3844 3601 3912 ἐπληο

2041 3946 2314 4017 ούνθησαν
2348 3945 2450 4008 ἔτι,
2485 3945 2580 3998 καὶ
2616 3943 2898 4012 ἐφάνησαν
2924 3939 3294 4010 ἁναρίθμητα,
3342 3937 3416 4008 μὴ
3449 3935 3596 3988 δυνά-

2044 4052 2184 4107 μενα
2218 4037 2516 4089 ὑποπεσεῖν
2543 4033 2796 4104 ἀριθμῷο
2840 4031 2877 4085 ἃ
2917 4030 3027 4100 γὰρ
3054 4028 3150 4082 νῦν
3187 4027 3381 4096 ἔγνων,
3412 4026 3598 4096 ἀπερί-

2039 4128 2222 4199 ληπτά
2251 4129 2378 4189 εισι,
2412 4126 2498 4180 διὰ
2529 4125 2590 4177 τὸ
2620 4123 2911 4194 μεγαλεῖον
2941 4121 3041 4191 τῆς
3069 4119 3287 4188 φύσεως
3315 4116 3507 4170 αὐτοῦ.
3537 4113 3598 4166 Ἦ

2039 4224 2134 4276 καὶ
2190 4223 2404 4284 ἄλλωςο
2463 4218 2648 4288 Μηδὲν
2677 4217 2868 4286 ἕτερον
2900 4217 3077 4269 εἰπεῖν
3125 4212 3448 4283 δυνάμενος,
3507 4210 3599 4262 ἀπ-

2039 4314 2272 4384 ήγγειλα
2315 4313 2410 4368 καὶ
2445 4312 2685 4382 ἐλάλησα
2713 4309 2810 4362 νῦν
2839 4308 3003 4362 τοῦτο
3038 4305 3199 4378 μόνον
3239 4305 3370 4376 περὶ
3406 4302 3596 4362 αὐτῶν,

2036 4411 2120 4463 ὅτι
2152 4405 2570 4476 ἐπληθύνθησαν
2600 4402 2743 4474 ὑπὲρ
2769 4400 3028 4470 ἀριθμόν.

435 4584 601 4639 Vens.
626 4589 680 4641 7.
705 4587 1042 4657 Sacriﬁcium
1087 4597 1136 4642 et
1191 4588 1513 4642 oblationem
1540 4588 1788 4651 noluisti,
1818 4603 1936 4640 cor-

2114 4583 2348 4638 Θυσίαν
2391 4582 2489 4635 καὶ
2531 4579 2886 4649 προσφορὰν
2907 4578 3019 4630 οὐκ
3055 4573 3404 4643 ἠθέλησαςο
3439 4585 3599 4639 σωμιι

362 4691 458 4743 pus
485 4687 659 4731 autem
710 4679 980 4747 perfecisti
1022 4679 1174 4733 mihi.
1231 4678 1364 4745 Qua:
1400 4689 1707 4748 sequuntur
1733 4681 1786 4733 in
1815 4695 1938 4748 per-

363 4782 556 4820 sonam
581 4767 789 4823 Christi
825 4770 1059 4824 dicenda
1086 4782 1238 4834 sunt,
1265 4782 1322 4823 ut
1355 4787 1586 4840 magnus
1621 4786 1721 4825 nos
1751 4771 1940 4826 docuit

365 4858 566 4912 Paulus
598 4860 652 4913 in
702 4860 944 4930 Epistola
992 4861 1060 4914 ad
1095 4860 1350 4917 Hebraeos
1378 4865 1441 4916 ³⁷.
1475 4864 1566 4916 Ait
1597 4864 1760 4932 igitur
1795 4865 1940 4934 quod

363 4963 486 5018 post
522 4951 956 5007 incarnationem
1011 4952 1152 5009 Deus
1196 4953 1364 5007 Filius
1397 4953 1534 5007 dixit
1565 4955 1630 5008 ad
1661 4954 1876 5008 Patrem
1922 4971 1936 5007 :

364 5041 474 5104 Tu,
497 5041 678 5108 Pater,
701 5044 757 5097 in
788 5054 1067 5114 posterum
1106 5045 1272 5116 legale
1295 5060 1455 5098 omne
1484 5044 1814 5100 sacriliciutn
1854 5059 1939 5098 re-

362 5135 631 5204 probasti,
702 5145 758 5190 et
815 5137 1124 5192 oblationes
1183 5152 1378 5190 omnes
1443 5136 1558 5206 lege
1613 5135 1934 5191 institutas:

362 5243 550 5282 verum
585 5243 792 5297 corpus
826 5228 959 5282 mihi
991 5227 1223 5284 eﬂ‘ecisti
1255 5245 1321 5282 ex
1358 5226 1603 5295 Virginis
1657 5227 1939 5297 sanguini-

360 5319 486 5381 bus,
551 5332 609 5374 ut
649 5336 746 5390 pro
777 5321 1059 5376 hominum
1130 5323 1305 5376 salute
1359 5321 1414 5374 in
1473 5319 1808 5374 sacriﬁcium
1849 5319 1936 5374 ol-

359 5410 552 5467 lerrer.

435 5504 600 5559 Vens.
642 5507 696 5560 8.
734 5506 1087 5570 Holocausta,
1137 5518 1183 5562 et
1217 5523 1311 5576 pro
1353 5517 1566 5572 peccato
1613 5522 1718 5560 non
1747 5507 1940 5576 (ιιιωεὶ-

359 5595 498 5650 risti.
538 5597 594 5650 lu
631 5597 878 5652 [λοι-ἰιίςο
935 5608 990 5652 et
1026 5600 1454 5653 Deuteronomio
1487 5601 1636 5654 clare
1669 5599 1937 5663 invenies,

359 5703 608 5758 qualitati
641 5699 830 5745 essent
863 5691 1210 5754 holocausta,
1266 5702 1320 5748 et
1369 5707 1495 5762 (line
1527 5693 1797 5748 sacriﬁcia
1840 5707 1939 5762 pro

431 5868 475 5899 “
509 5868 667 5923 lion).
705 5885 777 5933 χι,
815 5869 902 5922 55.
995 5870 1035 5900 ¹⁷
1063 5868 1225 5925 Hebr.
1257 5885 1311 5938 κ,
1346 5869 1397 5926 5.

2035 4677 2105 4730 δὲ
2152 4677 2491 4744 κατηρτίσω
2512 4692 2638 4743 μοι.
2674 4674 2756 4725 Τὰ
2791 4669 3046 4725 ἐντεῦθεν
3084 4670 3150 4721 ἐκ
3185 4665 3478 4738 προσώπου
3513 4661 3596 4716 τοῦ

2037 4769 2280 4840 Χριστοῦ
2341 4767 2574 4837 ῥηθῆναι
2635 4762 2848 4825 Παῦλος
2878 4765 2907 4814 ὁ
2941 4759 3240 4822 ἀπόστολος
3283 4756 3520 4820 ἐδίδαξεν
3546 4755 3597 4806 ἐν

2037 4867 2104 4934 τῇ
2131 4861 2269 4933 πρὸς
2310 4861 2598 4929 Ἐὗραίους
2642 4856 2935 4926 Ἐπιστολῇ
2957 4869 2972 4886 ·
3005 4856 3140 4926 φησι
3162 4853 3272 4923 γὰρ
3303 4852 3332 4906 6
3369 4852 3492 4915 Υἱὸς
3511 4852 3600 4903 καὶ

2038 4957 2173 5018 θεὸς
2227 4955 2367 5025 πρὸς
2421 4954 2513 5006 τὸν
2573 4952 2796 5021 Πατέρα
2838 4951 2978 5019 μετὰ
3017 4950 3117 5019 τὴν
3169 4945 3599 5016 ἐνανθρὼπησιν,

2041 5047 2122 5099 ὅτι
2147 5045 2255 5099 Τοῦ
2307 5045 2496 5098 λοιποῦ
2547 5043 2960 5112 ἀπεδοκίμασας
2988 5040 3088 5111 τὴν
3116 5037 3354 5108 νομικὴν
3392 5034 3595 5094 θυσίαν,

2042 5138 2139 5191 καὶ
2171 5137 2270 5206 τὴν
2296 5136 2510 5189 ἐκεῖθεν
2541 5134 2861 5205 προσφοράν
2883 5145 2896 5162 ⁴
2927 5131 3086 5200 σῶμα
3117 5131 3174 5184 δέ
3202 5125 3600 5185 κατεσκεύασᾶς

2046 5245 2137 5302 μοι
2193 5230 2545 5299 παρθενικῶν
2597 5227 2658 5291 ἐξ
2708 5227 2978 5296 αἱμάτων,
3025 5225 3108 5287 εἰς
3146 5222 3208 5277 τὸ
3255 5219 3600 5289 θυσιασθῆναι

2041 5326 2202 5379 τοῦτο
2233 5324 2363 5394 περὶ
2396 5323 2675 5392 σωτηρίας
2704 5320 2815 5373 τῶν
2835 5317 3164 5388 ἀνθρώπων.

2120 5502 2648 5572 Ὀλοκαυτώμιιτα,
2695 5501 2793 5554 καὶ
2837 5499 2972 5566 περὶ
3008 5496 3298 5566 ἁμαρτίας
3332 5495 3437 5546 οὐκ
3477 5487 3601 5553 lifti-

2036 5614 2252 5666 τησας.
2283 5596 2374 5648 Ἐν
2401 5597 2468 5664 τῇ
2498 5591 2667 5663 βίϐλῳ
2691 5589 2786 5644 τοῦ
2825 5586 3118 5643 Δευῖτικοῦ
3162 5585 3258 5639 καὶ
3287 5583 3384 5636 τοῦ
3412 5583 3602 5633 Δευτε-

2043 5690 2297 5774 ρονομεου
2333 5685 2522 5757 σαφῶς
2568 5685 2847 5755 εὑρήσεις,
2881 5680 3000 5734 τίνα
3039 5676 3138 5750 μὲν
3185 5678 3252 5730 τὰ
3305 5669 3599 5728 ὀλοκαυτὼο
