3806 6534
166 421 258 485 ιδὶδ
1275 419 1670 482 COMMENT.
1708 424 1788 484 IN
1826 427 2191 490 PSALMOS.

3205 465 3208 468 ~
3259 438 3372 499 454

170 543 316 600 ματα,
344 525 454 578 τίνα
473 521 529 576 δὲ
545 522 614 577 τὰ
650 521 775 594 περὶ
801 523 1079 596 ἁμαρτίας
1102 527 1339 599 θύματα,
1360 532 1458 585 καὶ
1478 533 1683 595 ἁπλῶς.

1793 547 2064 606 peccato:
2097 546 2152 592 et
2180 541 2368 595 omnia
2428 541 2668 612 denique
2717 543 3062 601 oblationum
3112 556 3168 603 et
3200 554 3374 605 sacri-

164 615 392 688 διαφορὰς
411 615 514 668 τῶν
543 613 738 667 θυσιῶν
781 616 876 670 καὶ
910 621 1261 691 προσφορῶν,
1303 622 1455 686 Τέως
1497 624 1542 677 δ’
1591 625 1685 678 οὖν

165 725 323 778 φησιν,
347 706 421 758 ὅτι
459 703 616 774 Ἐμοῦ
647 706 1040 774 σαρκωθέντος,
1057 710 1151 762 τοῦ
1179 711 1396 779 λογικοῦ
1429 716 1520 766 καὶ
1551 715 1685 786 ἁλη-

163 795 286 850 θινοῦ
314 795 557 864 Θύματος,
599 793 691 847 τοῦ
734 795 982 866 αἴροντος
1021 800 1124 871 τὴν
1159 802 1437 873 ἁμαρτίαν
1460 803 1557 857 τοῦ
1596 805 1687 858 κό-

161 905 297 958 σμου,
324 885 464 938 οὐδὲν
498 885 655 954 σῶμα
687 885 799 956 (45)
831 889 1056 959 νομικὸν
1086 892 1443 964 ἐξεζήτησας.

221 981 338 1032 Τότε
357 973 546 1030 show
590 977 736 1032 Ἰδοὺ
760 979 906 1047 ἥκω.
931 982 1065 1036 Τότε
1088 999 1103 1014 ο
1135 985 1303 1052 πότε;
1331 987 1462 1042 Ὅτε
1493 989 1560 1042 τὰ
1597 1008 1683 1044 νο-

164 1071 278 1143 μικὰ
305 1070 504 1139 θύματα
536 1071 926 1142 ἀπηυδόκησας
950 1091 964 1104 ·
1003 1076 1124 1130 τότε
1166 1078 1277 1149 γὰρ
1311 1075 1467 1134 εἶπον
1493 1083 1678 1149 αὐτὸς,

155 1168 220 1218 ὅτι
270 1162 462 1230 Πάτερ,
504 1161 753 1232 ἤγγικεν
795 1166 834 1233 ἠ
885 1165 1051 1234 ὥρα·
1100 1168 1373 1234 δόξασόν
1414 1188 1531 1228 σου
1573 1175 1682 1228 τὸν

163 1256 300 1310 Υίόν·
323 1256 378 1307 τὸ
400 1254 522 1325 γὰρ,
563 1255 708 1310 Ἰδοὺ
738 1256 883 1326 ἥκω,
920 1259 1008 1323 Ὠς
1029 1261 1164 1332 ὁρᾷς
1189 1264 1553 1337 ἡτοίμασμαι.

206 1435 293 1486 Ἐν
317 1433 580 1502 κεφαλίδι
610 1435 860 1499 βιϐλίου
893 1437 1216 1509 ⁴ιπέιηοαπται
1240 1445 1372 1512 περὶ
1404 1445 1574 1516 ἐμοῦ.
1616 1449 1680 1501 υἱ

161 1526 366 1596 Ἑϐραῖοι
392 1526 566 1593 βιϐλία
605 1530 707 1599 μὲν
733 1531 959 1586 καλοῦσι
999 1533 1068 1588 τὰ
1101 1538 1514 1609 συγγράμματα
1542 1558 1556 1572 ο
1590 1559 1682 1596 κε-

153 1617 338 1685 φαλίδας
376 1618 464 1682 δὲ,
493 1619 560 1670 τὰ
608 1622 919 1693 εἰλητάρια,
961 1625 1037 1689 ὡς
1065 1627 1127 1680 τό
1149 1643 1162 1656 ·
1209 1631 1305 1683 ΥΙὲ
1333 1632 1677 1700 ἀνθρώπου,

149 1708 270 1778 φάγε
294 1708 394 1776 τὴν
419 1711 718 1778 κεφαλίδα
753 1716 1004 1784 ταύτην.
1060 1718 1410 1792 Εἱληταρίοις
1445 1725 1552 1795 γὰρ
1594 1729 1680 1779 ὲν-

152 1802 368 1868 ἐγραςρον,
416 1802 508 1854 καὶ
555 1804 621 1856 οὐ
657 1806 874 1876 τεύχεσι
909 1811 1315 1880 τετραγώνοις,
1367 1816 1442 1880 ὠς
1493 1819 1674 1889 ἡμεῖς.

148 1891 590 1962 ψησῖνόΣωτὴρ,
641 1894 725 1946 ὅτι
778 1896 881 1949 Ἐν
927 1899 1521 1968 ειληταρίῳβιόλιόυ
1579 1907 1675 1974 γέ-

148 1996 354 2044 γραπται
391 1981 519 2046 περὶ
575 1982 763 2051 ἐμοῦο
821 1984 1032 2053 βιὸλίου
1068 1989 1162 2054 δὲ,
1199 1993 1542 2061 προφητικοῦ
1579 1995 1670 2063 δη-

148 2070 265 2138 λαδὴ,
311 2071 542 2124 τουτέστι
572 2075 647 2126 τὰ
680 2078 809 2145 περὶ
868 2077 968 2148 τῆς
1003 2080 1141 2148 ἐμῆς
1202 2082 1676 2155 ὲνανθρωπήσεως

147 2164 566 2232 προκατήγγειλαν
599 2167 654 2218 οἱ
703 2169 1004 2239 προφῆται.
1039 2171 1210 2226 Τοῦτο
1256 2177 1351 2227 καὶ
1397 2177 1673 2243 Ἰουδαίοις

146 2255 329 2325 ὕπερον
369 2255 569 2326 ἔλεγεν,
637 2260 713 2324 ὡς
761 2262 860 2314 τό·
913 2266 982 2317 El
1026 2263 1374 2322 ἐπιστεύετε
1423 2271 1674 2342 Μωυσῇ.

142 2346 432 2400 ἐπιστεύετε
461 2347 537 2402 ἂν
567 2349 726 2420 ἐμοὶ,
763 2355 856 2405 καὶ
887 2353 1025 2408 ἄλλα
1051 2357 1244 2413 πολλὰ.

198 2524 252 2580 Τὸ
272 2528 501 2594 ποιῆσαι
532 2531 606 2584 τὸ
634 2535 864 2603 θέλημά
902 2551 1040 2602 σου,
1083 2539 1115 2593 ὁ
1146 2542 1291 2608 Θεός
1316 2561 1458 2612 μου,
1490 2546 1673 2614 ἠϐου-

144 2617 320 2684 λήθην.
367 2619 510 2674 Ἐπεὶ
545 2623 620 2674 τὰ
655 2626 783 2696 περὶ
808 2626 943 2696 ἐμοῦ
977 2629 1286 2701 προώριστο
1312 2636 1404 2687 καὶ
1433 2653 1675 2707 προκατ-

143 2711 356 2776 malta,
385 2715 612 2784 ποιῆσαι
655 2715 718 2769 τὸ
791 2717 1006 2790 θέλημὰ
1055 2738 1148 2776 σου
1208 2724 1532 2797 ἠϐουλήθην.
1567 2730 1674 2783 Πε-

141 2802 281 2871 ριττὸν
302 2803 398 2874 γὰρ
419 2806 658 2861 ἐνταῦθα
714 2808 774 2862 τὸ
826 2810 953 2865 τοῦ.
981 2813 1206 2884 Θέλημα
1227 2817 1284 2869 δὲ
1307 2819 1403 2871 τοῦ
1437 2820 1671 2892 Πατρὸς,

138 2894 305 2960 ἠὺπὲρ
348 2896 442 2964 τῆς
469 2899 584 2950 τῶν
617 2900 923 2972 ἀνθρώπων
973 2905 1248 2975 σωτηρίας
1294 2911 1436 2965 κατὰ
1494 2915 1674 2982 σάρκα

140 2987 287 3056 spari)
307 2987 393 3040 τοῦ
420 2989 551 3042 Υίοῦ
591 2992 784 3048 αὑτοῦ.
813 2994 950 3064 Περὶ
977 2995 1169 3051 τούτου
1200 2999 1294 3052 καὶ
1327 3001 1490 3064 αὐτὸς
1522 3002 1675 3058 ὕστε-

140 3099 209 3149 ρον
264 3081 400 3137 εἶπεν
449 3088 476 3139 ὁ
529 3088 815 3158 Χριστὸς,
851 3091 958 3155 ὃτι,
1014 3095 1403 3162 Καταϐέόηκα
1461 3097 1529 3153 ἐκ
1566 3103 1672 3156 τοῦ

1791 629 2041 684 liciorum
2099 647 2325 702 genera.
2362 635 2455 689 Ait
2513 635 2684 708 igitur
2717 655 2732 691 :
2771 637 2907 693 Cum
2942 654 3132 693 verum
3166 655 3270 708 ego
3307 655 3372 693 ac

1789 719 2122 775 rationabile
2182 722 2520 779 sacriﬁcium
2579 727 2730 793 sim,
2792 736 2847 782 et
2908 727 3094 783 omnia
3172 728 3365 784 mundi

1785 807 1998 864 deleam
2039 824 2283 881 peccata,
2311 825 2366 869 tu
2406 816 2616 871 nullum
2670 819 2909 890 amplius
2942 821 3113 888 legale
3146 823 3365 876 sacriﬁ-

1783 899 1929 954 cium
1971 905 2296 972 quaesivisti.

1857 991 2004 1047 Tunc
2032 994 2148 1050 dixi
2171 1012 2190 1050 :
2212 998 2346 1053 Ecce
2375 1001 2539 1056 venio.
2573 1000 2728 1056 Tunc
2755 1003 3012 1057 nimirum
3041 1004 3258 1074 quando
3285 1005 3368 1060 lc-

1784 1084 1928 1152 galia
1981 1091 2251 1144 sacrificia
2289 1093 2578 1162 reprobata
2631 1104 2792 1160 sunt;
2848 1107 2979 1149 tunc
3041 1097 3188 1150 enim
3253 1097 3365 1150 dixi

1781 1190 1881 1246 ego
1909 1194 1922 1230 :
1955 1176 2137 1248 Pater,
2191 1187 2328 1237 venit
2376 1186 2531 1249 hora,
2575 1188 2817 1258 glori/ica
2881 1187 3076 1243 Filium
3132 1189 3365 1244 tuum".

1790 1264 1929 1323 Nam
1962 1269 2109 1339 quod
2133 1271 2208 1324 ait
2239 1290 2253 1327 :
2281 1273 2414 1328 Ecce
2437 1278 2583 1330 venio
2610 1318 2625 1344 ,
2662 1278 2802 1334 idem
2831 1287 2933 1343 est,
2963 1293 3026 1334 ac
3051 1281 3322 1336 sidiceret
3351 1292 3369 1334 ε·

1783 1359 1946 1416 Vides
1971 1363 2116 1430 quod
2148 1375 2374 1432 paratus
2407 1382 2551 1422 sum.
3365 1374 3385 1391 ‘

1855 1452 2020 1508 Vens.
2053 1454 2108 1508 9.
2151 1454 2218 1508 In
2245 1455 2508 1512 volumine
2560 1459 2684 1514 libri
2749 1463 3005 1530 scriptum
3040 1463 3212 1518 estde
3260 1480 3368 1520 me.

1782 1544 2237 1616 Couscriptiones
2270 1547 2484 1604 Hebraei
2510 1551 2680 1608 libros
2709 1555 3080 1622 appellabant.
3113 1565 3164 1610 et
3204 1556 3363 1610 invo-

1782 1637 1927 1691 lutas
1961 1641 2186 1694 chartas
2229 1641 2530 1706 volumina,
2562 1643 2716 1713 juxta
2748 1645 2878 1699 illud
2911 1663 2925 1700 :
2962 1645 3075 1700 Fili
3101 1647 3359 1711 hominis,-

1783 1731 1996 1784 comede
2057 1731 2157 1785 hoc
2210 1731 2449 1788 volumen
2476 1736 2539 1790 ".
2613 1735 2878 1794 lnvolutis
2933 1739 3079 1792 enim
3153 1739 3366 1795 chartis

1784 1823 2125 1883 scribebant,
2179 1835 2235 1879 et
2287 1841 2398 1880 non
2451 1828 2740 1897 quadratis
2785 1830 2967 1895 libris,
3004 1840 3064 1886 ut
3097 1848 3198 1886 nos
3231 1833 3366 1888 faci-

1782 1928 1926 1967 mus.
1964 1912 2053 1966 Ait
2085 1913 2252 1983 igitur
2310 1915 2564 1971 Salvator
2597 1937 2611 1973 :
2645 1917 2712 1972 In
2743 1921 3011 1976 volumine
3048 1923 3192 1985 libri,
3235 1937 3364 1992 pro‘

1779 2003 1986 2071 phetici
2018 2005 2301 2068 nitnirum,
2335 2009 2594 2077 scriptum
2623 2020 2701 2064 est
2729 2013 2792 2065 de
2835 2028 2937 2074 me,
2999 2013 3103 2066 hoc
3139 2023 3245 2077 εει,
3297 2027 3360 2066 ea

1782 2111 1905 2163 qua:
1937 2095 2003 2148 ad
2033 2095 2475 2154 [incarnationem
2511 2115 2687 2154 meam
2720 2102 3020 2171 pertinent,
3051 2118 3081 2156 a
3115 2103 3355 2173 prophe-

1783 2184 1856 2240 tis
1889 2184 2149 2255 praedicta
2196 2197 2325 2242 sunt
2355 2209 2370 2246 :
2404 2190 2549 2259 quod
2585 2192 2718 2260 ipsis
2749 2195 2913 2248 etiam
2942 2192 3149 2250 ludatis
3176 2195 3362 2250 Domi-

1778 2291 1885 2330 nus
1909 2286 2099 2347 postea
2145 2279 2344 2334 iterum
2376 2281 2692 2348 aﬂirmavit,
2724 2285 2913 2341 dicens
2943 2302 2956 2338 :
2988 2287 3050 2341 Si
3076 2288 3364 2342 crederetis

1781 2368 1976 2438 Moysi,
2012 2371 2291 2428 crederetis
2342 2376 2504 2429 etiam
2558 2385 2608 2430 et
2654 2377 2786 2430 mihi
2839 2377 2925 2450 [de
2970 2395 3050 2432 me
3092 2380 3231 2433 enim
3271 2380 3365 2434 ille

1776 2462 1987 2530 scripsit
2013 2462 2108 2536 "J,
2133 2473 2187 2519 et
2217 2466 2325 2520 alia
2349 2466 2668 2537 huiusmodi
2703 2470 2898 2524 multa.

1853 2554 2057 2610 Facere
2103 2560 2427 2613 voluntatem
2487 2569 2658 2626 tuam,
2691 2560 2832 2616 Deus
2887 2577 3054 2628 meus,
3083 2562 3243 2616 volui.
3284 2561 3354 2616 Ει

1777 2651 2039 2718 quoniam
2068 2667 2189 2720 quae
2239 2652 2304 2706 ad
2371 2669 2457 2707 me
2510 2655 2809 2721 pertinent,
2841 2653 2953 2722 jam
2989 2655 3352 2708 determinata

1776 2751 1905 2795 sunt
1965 2751 2020 2796 et
2068 2742 2329 2812 praedicta
2379 2759 2410 2798 a
2463 2746 2772 2813 pr0phetis,
2809 2744 2935 2801 ideo
2964 2745 3152 2800 facere
3203 2745 3357 2799 volui

1775 2835 2121 2890 voluntatem
2155 2843 2332 2891 tuam.
2365 2835 2689 2903 Superﬂuus
2718 2845 2804 2893 est
2836 2841 2985 2894 enim
3052 2837 3349 2900 articulus,

1774 2926 1870 2996 qui
1908 2927 2140 2981 habetur
2169 2929 2222 2982 in
2251 2927 2466 2992 Graeco,
2491 2938 2617 2982 ante
2649 2928 2929 2983 inﬁnitum
2968 2928 3145 2998 facere
3169 2926 3349 3000 [quem

1773 3017 1869 3088 qui
1926 3017 2263 3088 superﬂuum
2319 3035 2426 3073 non
2479 3029 2770 3090 putarunt,
2829 3020 3234 3074 transtulerunt
3296 3028 3356 3070 ut

1776 3108 2064 3180 [acerem];
2107 3111 2364 3166 voluntas
2390 3123 2571 3166 autem
2599 3111 2779 3167 Patris
2802 3110 2906 3166 fuit
2934 3125 2995 3166 ea
3016 3150 3032 3176 ,
3061 3108 3180 3165 Filii
3206 3125 3356 3164 mors

136 3174 350 3240 οἱφανού
378 3178 485 3245 οὐχ
508 3177 621 3231 ἵνα
651 3179 801 3233 ¹ποιῶ
852 3181 917 3234 τὸ
945 3183 1178 3252 θέλημα
1203 3186 1271 3240 τὸ
1307 3187 1480 3258 ἐμὸν,
1510 3193 1672 3249 ἀλλὰ

1790 3203 2079 3255 secundum
2103 3216 2353 3268 carnem,
2372 3219 2495 3274 qua:
2519 3218 2621 3273 pro
2648 3204 2890 3257 humana
2920 3202 3121 3266 salute,
3140 3216 3356 3256 summa

135 3265 185 3315 τὸ
206 3265 402 3334 θέλημα
433 3268 542 3323 τοῦ
575 3269 933 3339 πέμψαντός
971 3291 1074 3342 με.

1774 3307 1897 3346 cum
1921 3293 2364 3362 dispensatione,
2390 3309 2421 3348 a
2457 3294 2568 3349 Deo
2595 3296 2866 3364 permissa
2897 3303 3002 3349 est.
3036 3293 3108 3346 De
3125 3307 3234 3362 qua
3253 3306 3352 3345 vo-

134 3355 302 3413 luntate
331 3361 441 3430 ipse
462 3363 636 3418 etiam
669 3361 841 3420 Filius
869 3365 1089 3421 dicebat
1119 3384 1132 3421 :
1165 3365 1448 3436 Descendi,
1473 3390 1577 3428 non
1606 3388 1663 3431 ut
1693 3378 1924 3447 facerem
1961 3355 2287 3439 voluntatem
2329 3355 2522 3452 meam,
2551 3355 2641 3440 sed
2665 3386 2988 3440 voluntatem
3051 3383 3191 3451 ejus,
3261 3382 3354 3453 qui

134 3453 245 3507 misit
264 3473 333 3510 me
353 3458 414 3511 ".

185 3550 272 3602 Kal
292 3552 391 3604 τὸν
428 3553 628 3622 νόμον
656 3568 797 3619 σου,
825 3556 896 3611 ἐν
917 3558 1090 3627 μέσῳ
1119 3556 1229 3626 τῆς
1263 3565 1500 3628 κοιλίας
1523 3581 1666 3633 μου.

132 3638 188 3689 Th
213 3639 297 3692 Ἐν
314 3641 474 3710 μέσῳ
495 3643 618 3712 τῆς
638 3647 874 3712 κοιλίας
903 3664 1045 3716 μου,
1073 3649 1198 3701 ἀντὶ
1242 3651 1341 3703 Ἐκ
1373 3653 1539 3721 μέσου
1571 3657 1670 3724 τῆς

132 3729 296 3794 κοιλίας
319 3750 434 3801 μου,
465 3736 778 3803 τουτέστιν,
815 3741 880 3791 ἐκ
913 3739 1166 3810 καρδίας,
1196 3741 1494 3814 ὁλοψύχως,
1537 3747 1672 3816 πρός

130 3820 248 3884 Θεσις
275 3825 385 3877 ἀντὶ
417 3827 764 3896 προθέσεως.
805 3830 940 3882 Ἀπὸ
978 3831 1162 3886 κοινοῦ
1192 3832 1250 3885 δὲ
1277 3832 1516 3904 ληπτέον
1573 3837 1672 3889 πάι

129 3911 194 3965 λιν
235 3915 304 3977 τὸ,
340 3917 719 3987 Ἠόουλήθην
768 3921 1042 3991 ποιῆσαι,
1097 3924 1216 3995 ἦτοι
1249 3925 1540 3998 πληρῶσαι
1571 3928 1664 3980 τὸν

127 4005 255 4073 νόμον
282 4025 388 4071 σου,
418 4013 570 4080 φημὶ
610 4009 676 4079 δὴ
715 4010 834 4083 (46)
866 4013 965 4077 τὰς
1002 4013 1246 4080 ἐντολὰς,
1280 4014 1347 4079 ἇς
1381 4034 1474 4086 μοι
1502 4017 1665 4071 δέδω-

127 4110 222 4159 κας,
246 4099 302 4148 ὲκ
332 4102 565 4169 καρδίας
598 4118 726 4170 μου.

177 4212 661 4282 Εὑηγγελισάμην
731 4214 1137 4284 δικαιοσύνην
1194 4217 1266 4272 ἐν
1326 4219 1662 4290 Ἐκλλησίᾳ

120 4299 330 4370 μεγάλῃ,
373 4305 742 4375 Δικαιοσύνην
773 4306 926 4376 λέγει
966 4309 1026 4362 τὸ
1049 4310 1412 4380 Εὐαγγέλιον,
1462 4312 1537 4375 ὡς
1582 4314 1662 4366 δι-

122 4391 276 4444 καιοῦν
305 4393 509 4458 πάντας
559 4397 690 4460 τοὺς
748 4398 1138 4464 πιστεύοντας,
1204 4401 1302 4454 καὶ
1352 4401 1658 4473 τηροῦντας

120 4482 300 4546 ἐντολὰς
327 4486 512 4551 αὑτοῦ,
551 4488 727 4540 ὁποῖοί
781 4490 903 4542 ποτ’
927 4489 994 4542 ἂν
1022 4484 1158 4543 ὦσιν
1193 4485 1340 4545 οὗτοι
1360 4509 1375 4524 ο
1399 4495 1491 4546 καὶ
1515 4495 1598 4547 ὅτι
1629 4496 1656 4547 ὁ

119 4569 198 4632 μὲν
218 4573 496 4641 Μωσαῖκὸς
557 4579 724 4648 νόμος
777 4581 960 4649 μόνοις
989 4586 1104 4644 τοῖς
1152 4582 1426 4647 Ἰουδαίοις
1455 4584 1611 4652 ἐδόθη
1635 4599 1650 4614 ·

1838 3570 1910 3624 Ει
1963 3571 2122 3640 legem
2185 3581 2330 3624 tuam
2359 3571 2415 3625 in
2454 3572 2624 3625 medio
2661 3572 2857 3625 ventris
2895 3572 3014 3626 mei.
3077 3571 3145 3626 In
3177 3572 3350 3628 medio

1767 3660 1960 3712 ventris
2027 3659 2150 3723 mei,
2195 3673 2294 3728 pro
2346 3673 2414 3712 ex
2461 3660 2628 3714 corde
2678 3668 2846 3727 atque
2891 3677 2955 3718 ex
3003 3670 3118 3713 tota
3151 3663 3336 3715 anima

1769 3763 1887 3801 mea
1910 3766 1927 3814 ;
1947 3756 2005 3801 ut
2031 3749 2102 3802 sit
2124 3748 2436 3818 praepositio
2460 3765 2556 3818 pro
2575 3749 2980 3818 praepositione.
3003 3749 3046 3801 A
3068 3749 3352 3802 communi

1769 3845 1949 3890 autem
2003 3853 2167 3892 sensu
2210 3839 2734 3909 subintelligendum
2786 3848 2890 3902 est,
2946 3838 3102 3893 Volui
3149 3839 3353 3908 facere,

1771 3922 1873 3976 hoc
1895 3931 1999 3988 est,
2030 3925 2175 3978 volui
2199 3925 2496 3994 adimplere
2518 3943 2583 3982 ex
2609 3929 2773 3982 corde
2804 3943 2924 3983 meo
2947 3928 3118 3998 legem
3151 3937 3295 3982 tuam
3325 3943 3348 3996 ς,

1770 4024 1861 4067 tua
1894 4014 2152 4070 nimirum
2184 4017 2466 4084 mandata,
2489 4034 2612 4089 qua:
2636 4019 2837 4074 dedisti
2867 4019 3024 4074 mihi.

1837 4209 2003 4268 Vens.
2033 4214 2116 4268 10.
2149 4213 2523 4284 Evangelizavi
2545 4217 2818 4285 justitiam
2844 4228 2989 4271 tuam
3022 4219 3076 4272 in
3107 4217 3344 4274 Ecclesia

1769 4321 1985 4374 magna.
2031 4305 2163 4360 Vide
2211 4309 2490 4376 quomodo
2528 4309 2882 4376 Evangeliqu
2937 4309 3028 4363 Dei
3071 4308 3338 4378 justitiam

1766 4399 2026 4466 appellat,
2070 4399 2197 4468 quia
2243 4414 2342 4468 per
2395 4397 2751 4468 Evangeliqu
2816 4399 2908 4452 Dei
2965 4400 3342 4466 justiticantur

1765 4490 2051 4543 credentes
2106 4505 2319 4554 omnes,
2354 4497 2410 4544 et
2460 4493 2818 4545 observantes
2867 4490 3014 4544 illius
3063 4493 3343 4557 mandata,

1764 4595 2079 4650 quicunque
2107 4581 2159 4634 hi
2192 4581 2398 4636 fuerint
2420 4590 2474 4635 et
2511 4582 2880 4650 undecunque
2917 4598 2940 4636 ι·
2979 4589 3032 4636 et
3078 4583 3205 4650 quia
3234 4567 3340 4638 [lex

119 4663 164 4711 τὸ
185 4663 231 4715 δὲ
251 4665 600 4737 Εὑαγγέλιον,
638 4671 814 4724 ἅπασι
841 4676 957 4736 τοῖς
987 4672 1190 4728 ἔθνεσι.
1245 4675 1470 4728 Δίκαιον
1500 4676 1557 4729 δὲ
1591 4676 1651 4728 τὸ

1790 4672 1998 4726 losaica
2031 4673 2165 4728 solis
2193 4681 2406 4728 tantum
2432 4673 2640 4728 Judaeis
2672 4675 2799 4728 data
2833 4683 2937 4739 est,
2984 4675 3337 4745 Evangelittm

118 4751 178 4822 μὴ
201 4757 334 4809 τόνδε
383 4759 571 4828 μόνον,
607 4760 747 4815 ἀλλὰ
779 4763 990 4826 πάντας
1036 4762 1236 4833 ἐπίσης
1263 4765 1342 4826 είς
1375 4765 1651 4834 σωτηρίαν

1793 4776 1886 4815 ero
1917 4763 2180 4817 omnibus
2200 4764 2475 4833 gentibus.
2512 4762 2728 4818 Justum
2770 4773 2952 4818 autem
2989 4773 3111 4818 erat
3141 4775 3198 4818 ut
3229 4781 3337 4822 non

115 4844 287 4900 καλεῖν.
321 4850 653 4920 Ἐκκλησίαν
712 4851 768 4905 δὲ
829 4853 1078 4924 μεγάλην
1135 4856 1270 4925 φησι
1323 4854 1422 4918 τὰς
1487 4856 1652 4908 πολυ-

114 4935 394 5004 ανθρώπους
420 4943 748 5013 συναγωγὰς
782 4945 893 4999 τῶν
933 4946 1223 5012 Ἰουδαίων,
1261 4948 1319 5002 ὲν
1353 4942 1433 5011 οἷς
1469 4949 1646 5019 ἑπαρο

114 5028 384 5095 ρησιὰζετο.

176 5292 314 5349 Ἰδοὺ
340 5301 409 5352 τὰ
437 5301 612 5369 χείλη
638 5319 764 5370 μου
792 5304 866 5356 οὺ
898 5301 984 5372 μὴ
1015 5303 1290 5369 κωλύσω,
1319 5303 1496 5371 Κύριε
1516 5341 1533 5368 ,
1566 5304 1652 5358 σὺ

111 5382 288 5452 ἔγνως.
335 5391 424 5454 Ὠς
449 5394 610 5463 ὁρᾷς,
645 5395 709 5447 οὐ
737 5397 812 5465 μὴ
845 5394 1076 5448 κωλύσω
1106 5395 1176 5448 τὰ
1201 5397 1355 5467 χείλη
1403 5415 1505 5468 μου
1560 5397 1650 5450 λέ-

163 5565 202 5595 ’δ
220 5568 369 5626 Joan.
417 5589 552 5642 ml,
581 5579 632 5634 1.

1758 4868 1902 4908 unus
1935 4863 2029 4907 aut
2073 4853 2214 4908 alter
2261 4863 2475 4908 tantum
2526 4856 2781 4924 pupulus,
2824 4855 2920 4909 sed
2967 4855 3111 4922 quod
3147 4871 3340 4912 omnes

1756 4957 1912 5010 aeque
1935 4943 2000 4996 ad
2033 4943 2265 4998 salutem
2301 4954 2655 4998 vocarentur.
2694 4944 2796 4998 Per
2820 4943 3122 4999 Ecclesiam
3153 4956 3337 4999 autem

1759 5047 2012 5102 magnam
2061 5032 2379 5088 Iudaeorum
2443 5049 2744 5106 synagogas
2800 5036 3089 5104 intelligit,
3167 5036 3334 5088 veluti

1758 5122 2072 5180 hominibus
2123 5123 2642 5195 frequentissimas,
2694 5127 2752 5178 in
2824 5125 3022 5195 quibus
3077 5124 3336 5180 Christus

1752 5215 1929 5284 palam
1964 5232 2030 5270 ac
2059 5217 2230 5271 libere
2258 5218 2475 5272 locutus
2509 5227 2613 5273 est.

1821 5305 1954 5359 Ecce
1985 5305 2128 5360 labia
2178 5323 2292 5362 mea
2322 5325 2422 5361 non
2460 5307 2764 5375 prohibebo,
2785 5306 3034 5369 Domine,
3070 5313 3126 5357 tu
3158 5303 3329 5358 scisti.
3439 5361 3441 5363 ,

1747 5394 2217 5465 Quemadmodum
2261 5409 2322 5456 tu
2366 5399 2538 5466 vides,
2595 5401 2795 5470 inquit,
2847 5414 2957 5453 non
3020 5395 3332 5466 prohibebo

751 5580 795 5613 ¹⁹
826 5579 1038 5637 Esech.
1064 5595 1150 5644 HI,-
1175 5578 1225 5632 Ι.
1300 5579 1346 5611 ²⁶
1379 5578 1542 5634 lua-n.
1584 5593 1638 5643 v,
1667 5577 1756 5632 46.
1848 5580 1890 5610 ⁹¹
1935 5579 2070 5634 ibid.
2100 5579 2192 5636 50.

1401 5719 1604 5782 Variae
1635 5719 1960 5786 lectiones.

167 5834 266 5906 ιιδ)
295 5856 380 5907 πρ.
419 5841 587 5914 θῦμα.

1824 5844 1937 5914 (ιιι)
1962 5838 2052 5897 At.
2086 5839 2145 5895 δέ
