3806 6560
156 383 237 449 ιδι
1268 374 1664 439 COMMENT.
1707 372 1792 433 IN
1834 373 2197 435 PSALMOS.

3257 387 3360 444 458

155 497 393 556 κειοῦνται
419 475 830 559 016iuatot:6tdt
863 496 961 566 τὴν
986 494 1214 565 ἑνότητα
1270 495 1363 548 καὶ
1395 490 1683 548 κοινωνίαν

1811 498 2011 543 ιειεςιιιιι
2037 489 2174 558 justi
2210 489 2313 544 sibi
2342 489 2477 560 ipsis
2503 491 2806 558 ascribunt,
2839 500 3060 562 pr0pter
3093 494 3360 552 unitatem

151 593 232 662 τῆς
255 587 503 650 πίστεως.

206 680 296 735 Kal
327 681 364 746 ἠ
394 678 612 746 καρδία
673 696 793 747 μου
836 677 1190 747 ἐγκατέλιπε
1232 693 1329 747 με.
1363 676 1456 748 Τῷ
1483 678 1682 739 δοκεῖν,

149 769 390 826 ἀπέϐαλον
424 768 521 822 καὶ
549 769 648 838 τὴν
671 768 900 838 καρδίαν
935 785 1060 838 μου,
1091 764 1180 823 οἷα
1210 768 1284 837 μὴ
1314 766 1687 837 ῥωννυόμενος

149 864 214 924 εἰς
238 859 555 930 εὐτολμίανο
616 859 896 934 ἠθκαρδία
947 860 1056 930 γὰρ
1109 859 1404 931 θαρῤύνει,
1455 857 1550 912 καὶ
1603 856 1686 909 δι-

147 955 342 1025 εγείρει.

204 1045 568 1113 Εὺόόκησον,
614 1049 812 1114 Κύριε,
836 1045 945 1100 τοῦ
973 1045 1286 1114 ῥύσασθαί
1306 1062 1403 1114 με.
1447 1046 1685 1115 Θιλησον

146 1141 209 1202 είς
231 1137 282 1190 τὸ
302 1136 583 1200 ἐξελέσθαι
619 1155 685 1209 με
717 1139 943 1192 τούτων.

199 1318 365 1386 Κύριε
385 1359 399 1383 ,
433 1322 521 1386 εις
553 1321 620 1374 τὸ
647 1321 957 1388 βοηθῆσαι
980 1338 1082 1391 μοι
1116 1323 1405 1390 πρόσχες.
1433 1350 1504 1361 -—
1533 1322 1685 1388 Πρό-

142 1427 280 1482 σχες,
304 1412 456 1475 ἀντὶ,
496 1413 805 1483 Ἐπιμελῶς
829 1414 928 1470 ἴδε.

197 1508 797 1573 Καταισχυνθείησαν
849 1506 948 1561 καὶ
987 1506 1437 1577 ἐντραπείησαν
1475 1511 1530 1562 οἱ
1590 1503 1686 1572 ζη-

143 1596 363 1663 τοῦντες
389 1599 503 1665 τεὴν
531 1600 742 1668 ψυχήν
772 1618 913 1669 μου,
939 1600 1048 1654 τοῦ
1080 1600 1286 1668 ἐξᾶραι
1313 1599 1685 1667 αὐτὴν.”Αμπ

144 1689 218 1741 καὶ
273 1689 445 1756 ἄμφω
502 1691 662 1742 ταυτὶ
713 1691 1072 1744 παθέτωσανο
1150 1691 1686 1762 καταισχυνθείησαν

147 1781 243 1849 μὲν,
283 1780 364 1843 ὡς
395 1781 724 1849 ἡττηθέντες
781 1784 879 1853 τῆς
930 1785 1207 1855 ἡμετέρας
1237 1785 1553 1856 ὑπομονῆςο
1593 1785 1686 1837 ιν-

143 1873 453 1942 τραπείησαν
483 1873 561 1935 δὲ,
609 1873 685 1936 ὠς
716 1874 954 1944 ὁρῶντες
989 1877 1088 1942 τὴν
1120 1879 1249 1947 περὶ
1292 1877 1440 1948 ἡμᾶς
1467 1877 1684 1948 ἄμαχόν

142 1977 216 2014 σου
241 1961 491 2030 δύναμιν,
516 1964 810 2033 ζητοῦντες
845 1966 946 2034 τὴν
973 1966 1156 2037 ψυχήν
1197 1985 1322 2036 μου,
1354 1969 1448 2020 ἐπὶ
1479 1967 1558 2038 τῷ
1596 1967 1685 2032 ἐξ·

143 2055 348 2120 αγαγεῖν
397 2053 566 2125 αὐτὴν
626 2056 716 2108 διὰ
764 2058 1037 2128 τιμωρίας
1094 2059 1462 2127 παντοδαπῆς.
1502 2060 1572 2112 Ἦ
1626 2060 1686 2112 τὸ

142 2142 252 2212 ἅμα,
285 2147 412 2197 ἀντὶ
439 2145 556 2212 τοῦ,
583 2147 722 2218 ὁμοῦ
750 2148 973 2212 πάντες.

196 2317 754 2386 Ἀποστραφείησαγ
805 2321 890 2384 εις
945 2319 1017 2373 τὰ
1071 2322 1286 2389 ὀπίσω,
1333 2328 1431 2381 καὶ
1487 2346 1687 2386 καται-

140 2410 533 2475 σχυνθειήσιιν
587 2413 642 2465 ot
691 2411 976 2480 θέλοντές
1008 2431 1114 2482 μοι
1162 2418 1339 2471 κακά.
1383 2420 1438 2473 Ἀ
1450 2439 1687 2494 ποστ-ρα-

141 2499 347 2569 φείησαν
373 2501 674 2568 ἄπρακτοι,
709 2503 786 2574 μὴ
815 2506 1233 2576 περιγενόμενοι
1267 2510 1367 2580 τῆς
1398 2512 1539 2583 ἐμῆς
1571 2516 1684 2588 (47)

140 2591 450 2655 ὲνστὰσεως·
484 2594 580 2647 καὶ
625 2594 716 2650 διὰ
757 2595 920 2650 τοῦτο
970 2601 1522 2673 καταισχυνθείησαν.
1555 2607 1684 2660 Ποι-

140 2681 283 2734 umet
315 2683 370 2736 δὲ
403 2683 505 2755 τὴν
536 2684 700 2755 ἀρὰν,
739 2687 820 2749 εἰς
860 2686 1101 2758 ἔμφασιν
1161 2689 1265 2761 τῆς
1319 2693 1378 2746 ὲν
1409 2698 1476 2766 τῇ
1532 2698 1681 2770 ψυχῇ

141 2772 327 2842 ὀδύνης.

193 2864 666 2934 Κομισάσθωσαν
687 2869 1054 2940 παραχρῆμα
1073 2874 1379 2944 αἰσχύνην
1405 2878 1608 2934 αὐτῶν
1629 2886 1684 2936 οι

137 2952 391 3022 λέγοντές
419 2973 544 3023 μοι,
571 2953 749 3028 Εὖγε,
783 2954 942 3029 εὖγε.
992 2964 1126 3033 Περὶ
1158 2964 1251 3020 τοῦ
1292 2963 1469 3036 Εὖγε,
1520 2968 1682 3042 εὖτε,

140 3047 532 3118 προειρήκαμεν
558 3051 640 3102 ὅτι
667 3052 1104 3108 ἐπιτωοαστικόν
1133 3057 1280 3111 ἐστιν
1304 3060 1613 3133 ἐπίρρημα.

1790 594 1855 632 ac
1885 579 2441 636 communicationem
2471 583 2614 637 ﬁdei.

1863 670 1930 724 Et
1964 688 2056 726 cor
2087 687 2258 726 meum
2290 675 2569 745 dereliquit
2613 692 2711 730 me.
2745 674 2948 741 Vidi-or:
2993 677 3152 747 quasi
3198 678 3360 734 corde

1791 763 2067 827 desertus,
2105 777 2230 818 cum
2267 781 2383 821 mea
2421 767 2602 822 omnis
2639 768 2692 822 in
2731 777 2787 822 te
2838 768 3035 822 ﬁducia
3090 769 3360 825 inﬁrmata

1792 857 1878 908 sit.
1942 855 2122 925 Ipsum
2174 857 2319 912 enim
2379 873 2494 924 cor,
2556 862 2797 914 animum
2847 860 3089 918 excitare
3123 863 3266 919 solet
3305 872 3360 918 et

1792 961 2049 1018 pra's'are
2068 950 2374 1004 audaciam.

1867 1041 2028 1096 Vens.
2059 1043 2141 1097 Η.
2170 1042 2386 1096 Placeat
2419 1043 2531 1107 tibi,
2562 1043 2801 1106 Domine,
2828 1055 2886 1098 ut
2908 1048 3100 1114 eripias
3129 1064 3232 1102 me.
3262 1047 3358 1103 Ve-

1791 1134 1878 1195 lis,
1939 1136 2133 1205 inquit,
2169 1135 2414 1202 Domine,
2455 1153 2539 1191 me
2571 1137 2639 1190 ab
2667 1137 2750 1190 bis
2772 1139 3027 1194 omnibus
3055 1142 3265 1211 eripere
3297 1153 3362 1196 ac

1791 1225 1897 1277 hbe
1910 1227 2020 1279 rari
2055 1227 2335 1296 periculis.

1861 1317 2109 1382 Domine,
2135 1318 2203 1370 ad
2240 1317 2598 1388 adjuvandum
2625 1335 2706 1374 me
2727 1322 2942 1390 respice.
2962 1320 3184 1378 Intende
3201 1322 3390 1390 mihi,.

1789 1419 1844 1463 et
1879 1425 1964 1463 me
1981 1409 2277 1479 diligenter
2304 1420 2546 1480 aspecta.

1866 1503 2028 1556 \‘Ens.
2069 1502 2156 1555 15.
2215 1501 2542 1557 Erubescant
2573 1513 2622 1556 et
2661 1505 3059 1573 confundantur
3085 1508 3246 1561 simul
3275 1509 3363 1578 qui

1789 1604 2032 1666 quierunt
2056 1595 2293 1648 animum
2331 1609 2527 1660 meam,
2555 1605 2612 1648 ut
2643 1596 2886 1664 auferant
2929 1613 3065 1652 eam.
3121 1597 3364 1668 Utraque

1790 1689 1935 1742 enim
1969 1687 2054 1742 eis
2084 1687 2355 1753 accident,
2390 1694 2449 1740 ιιι
2479 1693 2534 1740 et
2584 1688 2793 1758 pudore
2834 1687 3162 1752 adiciantur,
3199 1689 3364 1744 veluti

1791 1777 1918 1832 victi
1949 1787 2138 1832 nostra
2162 1775 2448 1846 patientia,
2517 1783 2571 1831 et
2619 1775 3047 1842 confundantur,
3107 1778 3364 1832 invictam

1787 1885 1912 1926 esse
1974 1878 2263 1924 cernentes
2289 1868 2588 1938 potentiam
2623 1877 2792 1932 tuam,
2825 1883 2928 1938 qua
2978 1884 3076 1924 nos
3102 1871 3364 1940 protegis.

1787 1961 2071 2036 [Sequitur
2093 1958 2135 2032 :]
2158 1959 2263 2024 Qui
2289 1973 2532 2030 qumrunt
2557 1961 2791 2014 animum
2811 1977 3003 2025 meam,
3019 1961 3120 2015 hoc
3144 1971 3248 2024 est,
3272 1977 3364 2031 qui

1787 2051 1890 2105 boc
1925 2065 2093 2104 unum
2135 2048 2272 2102 votis
2303 2050 2584 2111 omnibus,
2611 2059 2664 2103 et
2695 2059 2810 2104 toto
2840 2059 3030 2118 petunt
3080 2050 3284 2117 studio,
3308 2059 3364 2106 ul

1788 2156 1875 2195 me
1905 2140 2073 2194 variis
2099 2139 2419 2194 exanimem
2447 2139 2754 2210 suppliciis.
2783 2138 2902 2207 Vel,
2923 2142 3108 2206 simul,
3143 2141 3245 2196 hoc
3261 2150 3364 2208 est,

1788 2246 1895 2286 una
1919 2247 2136 2286 omnes.

1861 2321 2254 2378 Convertuntur
2297 2331 2612 2384 retrorsum,
2635 2331 2682 2376 et
2717 2321 3028 2378 erubescant
3058 2324 3146 2393 qui
3192 2325 3364 2379 volunt

1791 2414 1921 2468 mihi
1965 2415 2133 2468 mata.
2171 2414 2579 2470 Conrertantur
2609 2422 2755 2468 retro
2787 2412 3004 2480 inanes,
3034 2429 3092 2470 re
3141 2415 3364 2484 infecta,

1789 2519 1876 2562 me
1929 2521 2036 2562 non
2080 2513 2361 2576 superato,
2413 2513 2578 2574 atque
2634 2504 2762 2560 ideo
2794 2505 3145 2562 erubescant.
3191 2507 3364 2563 Variis

1785 2607 1970 2653 autem
2001 2598 2181 2653 modis
2211 2609 2310 2653 eos
2343 2605 2684 2660 exsecratur.
2739 2605 2797 2651 ut
2826 2605 3150 2666 conceptum
3185 2599 3365 2654 animo

1789 2691 2035 2746 dolorem
2075 2690 2321 2760 apertius
2361 2689 2614 2760 explicet.

1866 2869 2028 2924 Vens.
2079 2869 2168 2922 16.
2226 2865 2426 2922 Ferant
2460 2869 2644 2923 statim
2690 2869 3053 2938 confusionem
3091 2885 3245 2924 suam
3283 2887 3367 2942 qu:

1790 2961 1974 3016 dicunt
2007 2961 2157 3024 mihi,
2177 2959 2341 3031 Euge,
2374 2976 2523 3029 euge.
2544 2959 2618 3015 De
2631 2958 2796 3028 Euge,
2821 2977 2948 3032 euge
2973 2961 3086 3032 jam
3123 2962 3260 3019 alibi
3286 2962 3364 3019 di-

1789 3053 1992 3117 ximus,
2028 3054 2174 3121 quod
2209 3051 2529 3106 adverbium
2561 3059 2648 3109 est
2669 3051 2961 3108 irritantis.

196 3113 712 3208 Ἇγιιλλιᾶσθωσαν
733 3145 832 3198 καὶ
855 3148 1377 3217 εὐφρανθήτωσαν
1397 3113 1411 3132 ⁸
1435 3113 1683 3215 ἓέῖῂσοι

1838 3113 2030 3200 ’νη-ε.
2046 3113 2150 3198 ’17.
2181 3141 2460 3197 Exsuttent
2496 3151 2547 3197 et
2573 3143 2818 3198 [tutentur
2857 3145 2912 3199 in
2936 3154 2985 3199 te
3023 3113 3198 3199 omnes
3229 3159 3364 3214 qua:-

139 3229 337 3297 πάντες
366 3235 420 3286 ol
452 3233 770 3304 ζητοῦντές
795 3252 891 3302 σε,
923 3241 1124 3308 Κύριε.
1159 3240 1232 3294 Τὸ
1249 3242 1691 3312 Ἀγαλλιάσθω-

141 3335 242 3374 σαν
268 3323 358 3377 καὶ
385 3327 922 3397 εὐφρανθήτωσαν,
954 3331 1004 3384 τι
1033 3333 1134 3402 μὲν
1166 3332 1372 3403 βούλει,
1409 3344 1687 3412 ταυτοσή-

145 3431 320 3481 μαντον
346 3418 564 3487 νόμισον
598 3418 711 3491 (48)
732 3437 744 3450 ο
780 3423 829 3476 sl
859 3422 905 3476 δ’
935 3418 1050 3489 οὖν,
1084 3425 1233 3494 ἔχεις
1266 3429 1362 3482 καὶ
1417 3430 1517 3501 τὴν
1566 3435 1690 3488 τοῦ·

141 3522 232 3560 των
292 3509 549 3581 διαφορὰν
601 3513 662 3565 ὲν
723 3513 802 3583 τῷ
851 3514 1020 3584 τρίτῳ
1077 3515 1247 3587 στίχῳ
1305 3519 1400 3573 τοῦ
1459 3523 1503 3576 0'
1551 3525 1691 3594 ψαλ-

145 3598 253 3668 μοῦ.
323 3601 453 3655 Ἐπὶ
517 3602 622 3656 σοι
697 3604 774 3670 δὲ,
843 3606 966 3660 ἀντὶ
1021 3608 1135 3671 τοῦ,
1211 3610 1331 3662 Ἐπὶ
1381 3613 1448 3682 τῇ
1499 3616 1578 3679 είς
1630 3617 1689 3670 σὲ

146 3711 322 3748 πιστει.

201 3785 296 3838 Καὶ
333 3785 675 3842 εἰπάτωσαν
719 3790 816 3844 διὰ
875 3795 1122 3860 παντὸς,
1187 3799 1628 3867 Marcum-01in.)
1656 3803 1688 3854 ὀ

143 3875 350 3942 Κύριος,
401 3880 454 3931 οι
519 3879 868 3950 ἀγαπῶντες
930 3885 998 3938 τὸ
1047 3888 1344 3956 σωτήριόν
1421 3906 1562 3946 σου.
1624 3895 1690 3946 Oi

143 3965 439 4034 ἀγαπῶντες
466 3971 568 4042 τὴν
600 3974 896 4044 σωτηρίαν,
926 3977 1026 4046 τὴν
1055 3979 1162 4031 ἀπὸ
1189 3979 1283 4032 σοῦ
1315 3998 1328 4012 ·
1356 3981 1388 4052 ἢ
1419 3985 1687 4054 σωτήριον

143 4055 289 4147 αυτοῦ
318 4059 458 4128 λέγει
485 4060 586 4130 τὴν
601 4061 1015 4136 ἑνανθρὼπησιν
1047 4069 1245 4124 αὐτοῦ·
1278 4075 1546 4146 σωτήριος
1575 4075 1686 4147 γὰρ

147 4146 268 4219 αὕτη
293 4151 396 4213 τοῖς
421 4151 764 4207 ἀπολωλόσιν
793 4155 1030 4224 ἐγένετο.
1058 4160 1396 4225 Εἰπάτωσαν
1416 4165 1474 4218 δὲ
1510 4146 1687 4231 οὕτως

141 4235 223 4291 οἷα
249 4240 338 4310 τῆς
363 4242 517 4313 παρὰ
557 4243 651 4296 σοῦ
685 4247 1009 4317 ἐπικουρίας
1036 4251 1399 4322 τυγχάνοντες
1429 4271 1443 4286 ο
1489 4259 1686 4327 Μεγα-

143 4332 396 4397 λυγθήτω
424 4334 502 4400 δὲ,
536 4337 658 4389 ἀντὶ
679 4336 799 4402 τοῦ,
831 4338 1023 4408 Μέγας
1055 4343 1388 4413 νομισοήτω.

201 4417 332 4509 Ἐγὼ
357 4424 424 4476 δὲ
443 4427 678 4494 πτωχός
703 4428 820 4495 εἰμι
843 4430 942 4482 καὶ
974 4431 1183 4499 πένης.
1213 4433 1384 4489 Τοῦτο
1407 4437 1683 4509 προσώπῳ

1796 3246 1964 3292 rentes
1999 3246 2067 3300 te,
2087 3236 2332 3291 Domine.
2352 3235 2662 3300 Exsultare,
2677 3246 2731 3290 et
2751 3235 2922 3291 laetari
2943 3236 3028 3290 hic
3052 3237 3192 3292 idem
3216 3250 3364 3306 aque

1792 3328 2122 3400 signiﬁcant.
2164 3326 2322 3392 Quod
2358 3326 2405 3382 si
2435 3326 2522 3380 cui
2555 3328 2753 3396 placet,
2783 3338 2844 3380 ut
2893 3342 3058 3382 sensu
3090 3326 3364 3392 diﬁ‘erant,

1793 3415 2238 3486 videatquidde
2276 3430 2469 3472 eorum
2528 3415 2838 3471 diﬁ‘erentia
2895 3416 3103 3472 dictum
3166 3418 3240 3473 sit
3309 3418 3364 3472 in

1793 3509 1954 3564 tertio
1979 3507 2251 3564 versiculo
2291 3508 2419 3561 noni
2450 3507 2644 3578 psalmi
2683 3522 2696 3558 :
2748 3506 2814 3561 In
2841 3516 2902 3579 te
2947 3519 3150 3578 autem,
3173 3509 3229 3565 id
3259 3519 3365 3577 est,

1791 3601 1850 3655 In
1887 3599 2014 3668 ﬁde,
2048 3614 2170 3669 qua:
2199 3607 2285 3655 est
2316 3599 2372 3654 in
2407 3606 2480 3654 te.

1868 3803 1933 3857 Et
1957 3802 2138 3856 dicant
2169 3815 2415 3868 semper,-
2443 3797 2819 3866 Maguiﬁcetur
2847 3795 3098 3850 Dominus
3125 3796 3215 3866 qui
3235 3794 3365 3850 dili-

1788 3902 1917 3964 gunt
1955 3890 2194 3945 salutare
2236 3895 2406 3944 tuum.
2462 3885 2568 3952 Qui
2629 3885 2864 3954 diligunt
2913 3885 3164 3946 salutem.
3244 3899 3366 3954 quae

1791 4000 1820 4038 a
1859 3993 1911 4038 te
1951 3992 2056 4038 est.
2092 3981 2212 4045 Vel,
2273 3978 2512 4034 salutare
2535 3987 2706 4039 tuum,
2769 3977 2822 4032 id
2872 3983 2976 4040 est,
3031 3975 3366 4031 incarnatio-

1791 4091 1915 4132 nem
1948 4071 2412 4129 tuam.Salutaris
2458 4069 2608 4125 enim
2652 4068 2756 4123 fuit
2797 4083 2862 4123 ea
2916 4068 3224 4122 incarnatio
3299 4069 3366 4124 iis

1789 4171 1884 4241 qui
1917 4171 2219 4242 perierant.
2250 4167 2453 4224 Omnes
2506 4165 2674 4235 igitur
2723 4167 2815 4235 qui
2884 4165 3148 4219 auxilium
3209 4173 3360 4219 tuum

1788 4262 2072 4319 consecuti
2107 4269 2257 4324 sunt,
2282 4259 2508 4315 dicant:
2552 4253 2930 4326 Hagniﬁcetur
2978 4255 3260 4319 Dominus,
3309 4255 3361 4308 id

1789 4363 1894 4417 est,
1931 4353 2164 4421 Magnus
2195 4360 2503 4421 reputetur.

1864 4445 2026 4500 Vens.
2063 4445 2149 4500 18.
2184 4443 2295 4513 Ego
2335 4452 2511 4497 autem
2549 4441 2723 4508 inops,
2765 4447 2815 4492 et
2846 4453 3045 4507 pauper
3066 4453 3203 4491 sum.
3251 4435 3364 4493 Iloc

138 4508 223 4560 τοῦ
253 4514 361 4566 καθ’
390 4516 622 4570 ἕκαστον
651 4517 844 4570 πιστοῦ
873 4535 886 4548 °
941 4525 1181 4590 Πτωχὸς
1210 4524 1340 4594 γὰρ,
1368 4527 1443 4591 ὡς
1499 4508 1677 4582 πάντα

1811 4554 1856 4591 :x
1889 4508 2324 4604 uniuscujusque
2359 4532 2538 4586 ﬁdelis
2571 4545 2806 4600 persona
2835 4530 2946 4584 dici
3000 4536 3200 4597 potest.
3271 4528 3357 4582 lno

140 4602 414 4672 προέμενος
443 4625 457 4639 ·
500 4611 595 4661 καὶ
653 4610 872 4679 Πένης,
911 4611 986 4676 ὡς
1019 4615 1322 4684 αὐτουργὸς
1349 4618 1458 4672 τῶν
1504 4621 1677 4688 ἀναγ-

140 4693 320 4748 καίων·
351 4700 408 4752 τὸ
441 4702 563 4770 μὲν,
603 4703 712 4757 ἀπὸ
741 4703 834 4757 τοῦ
882 4707 1134 4762 ἐκπεσεῖν
1191 4704 1268 4764 ὧν
1315 4706 1463 4782 εἶχε·
1492 4715 1551 4766 τὸ
1597 4714 1677 4780 δὲ,

139 4782 236 4837 ἀπὸ
262 4788 347 4842 τοῦ
385 4792 667 4860 πένεσθαι,
710 4795 826 4865 ἦτοι
858 4798 1097 4868 ἐνεργεῖν
1128 4803 1223 4854 καὶ
1254 4806 1481 4858 πονεῖν.’

139 4875 225 4942 χὸς
248 4882 379 4934 enim
408 4883 523 4954 [qui
553 4886 747 4942 Latine
776 4889 957 4960 inops,
991 4907 1054 4947 cx
1117 4898 1444 4968 etymologia
1502 4899 1676 4955 Graeci
1717 4897 1959 4952 nominis
1989 4913 2018 4951 ιι
2055 4896 2303 4951 cadendo
2332 4895 2510 4952 dictus
2575 4894 2678 4967 τε»ιῖ
2755 4897 2923 4952 veluti
2977 4896 3046 4950 ab
3101 4898 3358 4951 omnibus
3467 4937 3470 4941 ι

1790 4642 1924 4698 opes
1953 4626 2098 4681 enim
2129 4632 2260 4680 sunt
2295 4622 2595 4679 Christiani
2628 4636 2843 4685 omnes,
2894 4619 3064 4675 veluti
3107 4619 3201 4690 qui
3232 4621 3362 4675 uni-

1795 4733 1950 4774 versa
1985 4717 2221 4770 fortunae
2249 4715 2393 4769 bona
2425 4713 2777 4777 dimiserunt,
2803 4720 2859 4766 et
2886 4711 3356 4783 pauperes,veluti

1795 4804 1890 4873 qui
1914 4803 2151 4873 propriis
2176 4803 2430 4858 manibus
2457 4801 2771 4857 necessaria
2799 4801 2901 4856 sibi
2932 4810 3148 4870 parant.
3207 4803 3360 4854 Πτω-

139 4974 354 5041 antiquis
399 4979 597 5046 Opibus
629 4980 914 5046 deciderit,
947 4993 998 5038 et
1021 5000 1169 5042 nunc
1194 4989 1265 5042 sit
1287 4991 1408 5046 sine
1428 5007 1552 5061 ope.
1573 4990 1747 5058 Πένης
1773 5002 1901 5044 vero
1930 4987 2044 5060 [qui
2111 4987 2303 5042 Latine
2359 4987 2581 5059 pauper]
2642 5003 2672 5041 ιι
2711 4989 2897 5044 labore
2926 5006 2942 5053 ;
3006 4989 3130 5058 quia
3199 4988 3357 5042 nimi-

138 5078 245 5116 rum
271 5071 479 5138 proprio
537 5073 720 5128 labore
759 5090 1063 5145 opportuna
1111 5083 1293 5138 omnia
1356 5085 1457 5139 sibi
1510 5091 1812 5152 comparat.

207 5159 394 5226 Κύριος
431 5164 703 5232 φροντιεῖ
729 5184 867 5234 μου.
924 5169 1045 5223 Ἐπὶ
1073 5173 1260 5227 τοῦτον
1312 5177 1420 5247 γὰρ
1459 5179 1553 5230 καὶ
1585 5179 1682 5248 μό-

1855 5172 2117 5226 Dominus
2143 5172 2410 5226 sollicitus
2443 5173 2542 5225 erit
2563 5173 2684 5226 mei.
2722 5173 2803 5225 Ad
2841 5172 2984 5225 hunc
3010 5171 3152 5225 enim
3180 5171 3354 5225 solum

139 5259 226 5335 νον
245 5250 551 5320 κατέφυγον,
583 5255 679 5307 καὶ
701 5255 763 5307 οὐ
791 5258 1113 5325 περιόψεταί
1147 5280 1237 5332 με,
1265 5264 1357 5318 τὸν
1385 5265 1675 5332 ἐλπίζοντα

1811 5264 2034 5335 onfugi,
2093 5274 2148 5319 et
2189 5265 2311 5319 ideo
2353 5280 2437 5319 me
2491 5265 2543 5318 in
2586 5280 2644 5321 se
2678 5273 2990 5333 sperantem
3018 5279 3127 5318 non
3173 5263 3358 5333 despi-

139 5332 222 5384 ἐπ’
244 5340 406 5395 αὐτόν.

211 5426 409 5497 Βοηθός
433 5452 550 5501 μου
587 5437 684 5490 καὶ
719 5440 1178 5509 ὑπερασπιστὴς
1237 5462 1352 5510 μου
1417 5443 1474 5501 εἴ
1518 5449 1620 5514 σὺ,
1643 5452 1676 5504 ὁ

1778 5357 1903 5412 ciet.

1854 5449 2086 5517 Adjutor
2133 5463 2304 5510 meus,
2366 5456 2416 5500 et
2467 5456 2732 5514 protector
2785 5461 2929 5499 meus
2974 5461 3028 5500 es
3071 5454 3150 5512 tu,
3218 5445 3358 5499 Deus

143 5516 273 5583 Θεός
287 5538 395 5588 μου
414 5541 426 5554 ο
450 5527 535 5594 μὴ
566 5532 882 5600 χρονίσῃς.
921 5533 980 5586 ’0
998 5534 1129 5598 Θεός
1151 5551 1277 5606 μου,
1300 5537 1376 5607 μὴ
1409 5539 1676 5612 βραδύνῃς

1811 5516 1956 5610 meus,
1987 5557 2050 5596 ns
2089 5541 2404 5593 tardaueris.
2447 5540 2591 5594 Deus
2623 5553 2800 5605 meus,
2832 5552 2902 5594 ne
2935 5537 3124 5593 tardus
3164 5551 3241 5595 διε
3290 5537 3357 5592 ad

1445 5719 1640 5781 Varia
1675 5719 2007 5783 lectiones.

217 5794 311 5865 (Π)
336 5802 414 5857 Al.
445 5809 814 5875 ἀναστάσεως.

440 5905 714 5999 Pareat.
755 5923 874 5974 ιιιι.
919 5913 1254 5977 CXXVIII.

1859 5820 1974 5892 (48)
2008 5821 2094 5876 ΔΙ.
2145 5819 2587 5891 ταυτοσήμαντα.

2963 5911 3035 5973 15
