3806 6568
475 349 581 422 ινδ)

1677 349 1822 410 ΕυἹ
1837 350 1993 408 IIYM
2008 351 2067 410 Il
2114 347 2481 412 ZIGABENI
3587 359 3665 428 ‘60

469 473 840 544 adiuvandum
876 486 980 523 me.
1022 467 1151 522 Mihi
1221 476 1403 520 autem
1470 465 1656 521 nescio
1715 465 1847 536 quid
1918 481 2044 535 pro-

2161 466 2228 528 ιίς
2260 465 2320 516 τὸ
2351 463 2618 533 βοηθῆσαι
2653 467 2801 534 ἡμῖν.
2846 465 2988 534 Ἐγὼ
3015 465 3071 520 δὲ
3100 465 3404 539 βαθύτερόν
3452 487 3500 523 τι
3533 490 3664 530 κατα.

470 565 696 620 l'undius
726 562 979 617 videntur
1011 557 1114 614 sibi
1135 557 1272 612 velle
1302 557 1417 612 haec
1438 557 1623 618 verba,
1649 557 1694 613 si
1730 573 2042 613 accommo-

472 659 666 712 dcmus
693 655 854 729 beato
893 651 1058 706 David
1097 650 1251 705 illum
1283 650 1617 706 versiculum
1647 668 1658 703 :
1723 649 1836 722 Ego
1869 662 2045 705 autent

470 751 622 816 inops
654 762 794 808 sum,
835 753 884 796 et
926 758 1148 814 pauper.
1177 742 1510 798 Prmviderat
1568 740 1843 814 PrOpheta
1889 759 2046 799 sutu-

471 853 588 892 mas
621 837 742 890 illas
800 835 1021 891 divitias
1053 851 1176 904 qua:
1219 849 1248 888 a
1293 833 1384 890 Dei
1417 833 1588 903 gratia
1614 833 1669 887 in
1698 832 2046 889 Christianos

471 939 625 984 erant
659 927 997 982 ell‘undendae
1034 945 1047 981 :
1080 941 1316 997 cumque
1363 941 1458 981 eas
1490 941 1601 980 non
1661 926 1925 981 mediocri
1951 926 2046 981 dc-

473 1021 678 1076 sidrrio
713 1019 1093 1089 concupisset,
1133 1018 1353 1074 demum
1378 1016 1544 1072 veluti
1577 1015 1623 1071 is
1649 1015 1742 1086 qui
1785 1031 1846 1073 se
1882 1031 2046 1071 nove-

469 1124 552 1168 rat
583 1113 651 1168 ab
684 1128 748 1167 eo
781 1121 1026 1181 tempore
1054 1111 1250 1180 procul
1289 1124 1435 1175 esse,
1461 1109 1821 1164 contristatus
1848 1117 1953 1173 est,
1989 1117 2046 1162 et

471 1206 733 1258 miserum
765 1219 826 1258 se
854 1202 976 1258 ideo
1008 1201 1293 1272 appellans
1319 1202 1396 1254 ait
1428 1217 1441 1255 :
1475 1199 1588 1270 Ego
1631 1200 1803 1269 inops,
1832 1209 1880 1254 et
1911 1215 2048 1268 pau-

403 1359 406 1364 _
466 1314 559 1366 per
626 1315 778 1363 sum,
838 1297 932 1368 qui
1015 1295 1334 1366 bujusmodi
1397 1293 1713 1348 divitiarum
1774 1292 2048 1364 particeps

467 1405 589 1445 csse
613 1403 862 1458 nequeo;
891 1395 1266 1443 verumtamen
1296 1385 1442 1442 Deus
1463 1386 1568 1441 erit
1594 1383 1699 1440 mei
1751 1385 2043 1450 sollicitus,

469 1491 528 1534 ut
555 1480 766 1535 scilicet
799 1477 932 1532 mihi
965 1478 1169 1547 pariter
1208 1475 1440 1546 gloriam
1473 1475 1620 1530 illam
1649 1475 2042 1537 communicet,

461 1590 632 1642 quam
672 1571 860 1628 lideles
883 1571 936 1626 iu
965 1569 1230 1626 caelorum
1285 1585 1451 1641 regno
1513 1569 1825 1639 percepturi
1862 1580 1992 1624 sunt
2027 1586 2042 1634 ;

468 1668 742 1738 siquidem
776 1675 831 1721 et
869 1667 937 1720 ab
969 1667 1090 1736 ipso
1124 1664 1358 1719 Domino
1381 1665 1591 1720 dictum
1623 1663 1877 1733 legimus,
1898 1664 2043 1733 quod

2146 557 2378 626 νενόηκα.
2397 573 2409 586 ·
2443 557 2504 609 τὺ
2535 558 2664 627 γὰρ,
2708 557 2854 627 Ἐγὼ
2884 558 2952 612 δὲ
2979 562 3217 628 πτωχός
3235 562 3360 630 ιείμι
3388 563 3667 636 aulaei-qq,

2142 651 2220 714 ὡς
2280 650 2539 720 μακαρίῳ
2607 652 3014 721 προσαρμόζων
3099 651 3283 716 Δαϐὶδ,
3340 653 3564 723 εὑρίσκω
3611 664 3668 716 δτι

2146 742 2382 813 προϊδὼν
2433 742 2872 817 ἑκχυθησόμενον
2923 743 3153 799 πλοῦτον
3204 747 3304 816 τῆς
3367 745 3571 816 χάριτος
3613 757 3668 818 εἰς

2143 836 2272 900 τοὺς
2301 836 2689 906 Χριστιανοὺς,
2715 835 3066 907 ἐπεθύμησεν
3091 836 3284 904 αὑτοῦ,
3346 839 3445 892 καὶ
3466 834 3544 893 οἷα
3595 860 3669 910 μα.

2148 928 2288 998 κρὰν
2317 926 2394 982 ὢν
2409 927 2520 983 τῶν
2553 928 2776 1000 ἡμερῶν
2795 930 3018 993 τούτων,
3047 929 3321 1000 ἠθύμησε,
3340 931 3437 983 καὶ
3459 931 3671 988 itacui:-

2131 1018 2313 1083 -νίζων
2350 1020 2544 1074 ἑαυτὸν
2574 1014 2754 1086 εἶπεν,
2813 1021 2895 1074 ὅτι
2919 1019 3069 1090 Ἐγὼ
3095 1019 3166 1073 δὲ
3197 1023 3433 1088 πτωχός
3457 1025 3560 1090 ειμι
3601 1028 3671 1078 καί

2146 1109 2359 1178 πένης,
2394 1111 2472 1180 μὴ
2491 1113 2673 1184 τυχὼν
2706 1112 2798 1166 τοῦ
2825 1113 3069 1166 τοιούτου
3099 1112 3356 1168 πλούτου.
3436 1113 3600 1181 Ὅμως
3643 1121 3666 1169 ό

2149 1201 2295 1268 Θεὸς
2327 1203 2608 1272 φροντιεῖ
2621 1223 2738 1274 μου
2767 1245 2784 1271 ,
2833 1205 2974 1258 ὥστε
3037 1204 3366 1274 κοινωνῆσαι
3433 1205 3561 1272 κάμὲ
3603 1207 3672 1274 τῆς

2147 1295 2230 1358 είς
2263 1293 2492 1367 ὕστερον
2518 1297 2679 1367 δόξης
2704 1298 2813 1351 τῶν
2843 1297 3075 1360 πιστῶν,
3117 1297 3177 1350 ὲν
3210 1298 3278 1366 τῇ
3336 1294 3449 1348 τῶν
3480 1295 3672 1361 οὐρανῶν

2157 1387 2410 1460 βασιλείᾳ
2429 1405 2444 1421 °
2474 1391 2608 1461 φησι
2635 1390 2744 1461 γὰρ
2773 1389 2870 1444 καὶ
2900 1391 2930 1444 ό
2960 1389 3212 1460 Χριστὸς,
3253 1389 3336 1441 ὅτι
3399 1387 3503 1440 Καὶ
3545 1389 3674 1441 Διιῶό

2153 1481 2538 1552 ἐπεθύμησεν
2562 1483 2713 1538 ιδεῒν
2733 1482 2848 1552 τὴν
2877 1483 3107 1552 ἡμέραν·
3143 1479 3260 1548 τὴν
3282 1479 3443 1550 ἐμήν
3466 1497 3479 1510 ·
3502 1479 3570 1532 διὸ
3611 1483 3676 1532 ul

2159 1576 2234 1647 μὴ
2261 1577 2526 1649 βραδῧναι
2567 1576 2704 1648 πρδς
2731 1576 2794 1631 τδ
2825 1575 3249 1646 ὲνανθρωπῆσαι
3282 1571 3580 1643 παρακαλεῖ
3614 1575 3677 1626 τὶν

2155 1665 2287 1721 Υίδν
2316 1667 2408 1721 τοῦ
2435 1668 2669 1739 Πατρός.

471 1761 642 1817 David
671 1761 991 1830 concupivit
1019 1760 1204 1816 videre
1223 1761 1369 1816 diem
1403 1760 1525 1829 ejus
1571 1775 1678 1831 qua
1703 1761 1920 1815 ratione
1956 1769 2116 1832 rogat
2147 1777 2299 1820 nunc
2327 1764 2498 1820 Deum
2528 1764 2804 1837 Propheta
2833 1771 3044 1829 noster,
3103 1763 3295 1816 dicens
3323 1778 3335 1813 :
3409 1758 3493 1814 Ne
3543 1763 3674 1825 larda.

454 1855 632 1920 ceris,
703 1866 848 1908 tuam
887 1853 1147 1908 nimirum
1173 1853 1636 1909 incarnationem.
1698 1849 1840 1906 Sunt
1895 1852 2042 1906 enim
2084 1854 2448 1924 supplicantis
2480 1858 2644 1912 verba
2672 1855 2739 1910 ad
2776 1855 2944 1911 Deum
2978 1853 3198 1908 Filium.

846 1946 914 2000 In
943 1946 1098 2015 finem
1124 1945 1371 2000 Psalmus
1398 1945 1500 2014 ipsi
1523 1943 1712 1998 David.

986 2034 1308 2091 PSALMUS
1369 2034 1483 2090 XL.

544 2131 609 2184 In
649 2132 808 2200 ﬁnem
855 2128 1202 2193 inscribitur,
1237 2126 1364 2196 quia
1397 2125 1741 2196 proiiltetiam
1773 2125 2044 2189 continet,

471 2242 596 2294 qutu
621 2223 881 2278 tendebat
913 2220 980 2276 ad
1015 2220 1202 2275 linem.
1239 2217 1494 2274 Praedicit
1543 2219 1691 2275 enim
1748 2217 2048 2290 proditoris

457 2315 623 2369 Juda:
652 2314 1030 2369 rebellionem.
1069 2311 1131 2367 Et
1187 2312 1400 2368 clarum
1467 2311 1691 2382 quidem
1749 2319 1836 2368 est
1885 2311 2049 2380 hujus

463 2407 665 2475 psalmi
698 2414 1102 2476 argumentum.
1144 2403 1220 2459 De
1247 2420 1438 2460 amore
1466 2405 1611 2459 enim
1672 2413 1727 2459 et
1781 2405 2050 2458 charitate

454 2499 526 2554 ~in
576 2513 848 2570 pauperes
895 2506 1214 2568 pertractat.
1297 2496 1504 2552 Tamen
1575 2498 1742 2552 altius
1791 2497 2091 2552 consider

445 2591 667 2656 «rando,
686 2593 761 2645 ‘ad
791 2589 1092 2646 Salvatoris
1113 2591 1292 2646 nostri
1325 2589 1536 2646 Christi
1568 2589 1890 2660 mysterium
1917 2603 2050 2658 per-

473 2684 632 2750 tinet,
659 2684 751 2754 qui
781 2697 1008 2754 egenus,
1047 2694 1100 2738 et
1131 2695 1340 2752 pauper
1375 2682 1492 2736 lieri
1545 2681 1720 2736 voluit
1754 2681 1824 2736 ob
1851 2679 2046 2734 huma-

474 2788 601 2829 nam
631 2775 864 2830 salutem
896 2790 912 2840 ;
941 2775 1033 2843 qui
1062 2774 1227 2828 etiam
1256 2773 1309 2827 in
1346 2771 1645 2843 Evangelio
1707 2771 1849 2842 apud
1877 2769 2014 2825 Joau
2034 2798 2048 2809 -

439 2881 598 2922 suem
654 2869 941 2937 praesentis
1010 2865 1204 2936 psalmi
1279 2865 1445 2919 verba
1482 2865 1553 2920 de
1607 2879 1668 2920 se
1715 2864 1865 2919 dicta
1927 2877 2051 2918 esse

439 2969 729 3025 stestatur,
760 2969 814 3015 et
849 2960 916 3015 de
943 2957 1107 3023 Juda,
1136 2959 1264 3012 dum
1303 2957 1378 3013 ait
1429 2957 1497 3012 ad
1559 2957 1839 3028 apostolos
1873 2973 1888 3011 :
1924 2954 2050 3010 Non

461 3056 537 3110 de
572 3053 817 3110 omnibus
853 3051 994 3117 dico,
1021 3053 1132 3106 scio
1163 3066 1295 3121 quos
1321 3049 1476 3120 elegi,
1534 3046 1626 3105 sed
1674 3058 1730 3102 ut
1769 3046 2051 3118 Scriptura

433 3148 782 3216 “impleatur,
825 3145 1046 3199 dicens:
1086 3145 1188 3210 Qui
1250 3146 1542 3197 mauducat
1607 3157 1797 3211 partem
1852 3156 2050 3208 meum,

2077 1948 2125 2006 B

2570 1951 2673 2015 Είς
2695 1948 2763 2001 τὸ
2796 1947 2975 2014 τέλος
3032 1945 3114 2011 τῷ
3144 1943 3346 1998 Διιόίδ.

2729 2036 3026 2092 ΨΑΛΜΟΣ
3053 2031 3144 2089 Μ’.

2220 2133 2324 2197 Είς
2375 2131 2439 2183 τὸ
2481 2128 2656 2194 τέλος
2679 2128 3112 2200 ἐπιγέγραπται,
3154 2127 3229 2191 ὡς
3281 2124 3556 2196 περιέχων
3586 2143 3682 2194 προ-
3780 2124 3781 2176 l

2151 2223 2380 2293 φητείαν
2420 2224 2500 2285 είς
2529 2221 2683 2286 τέλος
2717 2221 3135 2292 ἐπιτεινομένην
3168 2238 3183 2254 ο
3225 2219 3582 2290 προαγορεύει
3608 2222 3682 2288 γὰρ
3780 2223 3781 2293 i

2151 2315 2408 2387 περὶτῆς
2436 2314 2780 2378 ἁποστασίας
2823 2313 3019 2368 Ἰούδα.
3059 2313 3173 2368 Καὶ
3201 2313 3425 2383 φανερὰ
3460 2312 3551 2382 μὲν
3593 2313 3685 2364 ὑπό·
3780 2381 3781 2384 η

2152 2405 2304 2469 θεσις
2339 2404 2418 2476 τῷ
2449 2406 2684 2477 παρόντι
2714 2405 2938 2475 ψαλμῷ,
2969 2407 3003 2476 ἡ
3036 2403 3403 2474 φιλοπτωχία.
3451 2404 3684 2471 Ἀναφέρε-

2149 2514 2242 2550 ται
2266 2497 2324 2550 δὶ
2348 2497 2761 2569 μυστικώτερον
2791 2489 2948 2560 οὗτος
2977 2498 3057 2560 είς
3079 2497 3345 2567 Χριστὸν.
3375 2495 3467 2549 διὰ
3484 2495 3570 2564 τὴν
3591 2496 3685 2564 ἠμί.

2149 2590 2319 2661 τέραν
2345 2589 2742 2661 πτωχεύσαντα
2783 2590 3084 2661 σωτηρίαν,
3153 2589 3231 2652 ὡς
3282 2587 3451 2649 αὐτὸς
3504 2585 3688 2650 ἐδίδαξεν
3780 2605 3781 2662 ξ

2153 2685 2209 2736 ὲν
2231 2681 2310 2753 τῷ
2336 2682 2479 2737 κατὰ
2529 2683 2788 2752 Ἰωάννην
2823 2681 3139 2750 Εὑαγγελίῳ
3158 2695 3174 2710 ο
3203 2681 3396 2750 εἴρηκε
3437 2679 3540 2748 γὰρ
3561 2676 3688 2736 οὕτως

2153 2777 2291 2848 πρὸς
2318 2778 2443 2842 τοὺς
2499 2778 2829 2841 ἀποστόλους
2859 2795 2873 2810 °
2948 2779 3030 2831 Οὐ
3093 2775 3227 2845 περὶ
3281 2775 3527 2829 πάντων
3566 2769 3690 2840 ὑμῶν
3780 2773 3781 2778 ‘

2150 2869 2306 2940 λέγω
2339 2885 2354 2901 °
2384 2866 2519 2926 οῖδα
2548 2869 2657 2935 οὓς
2686 2869 3068 2940 ἐξελεξάμην
3093 2887 3107 2900 ·
3142 2869 3282 2922 ἀλλ’
3310 2869 3417 2921 ἵνα
3461 2868 3498 2934 ἠ
3525 2867 3567 2918 Γ
3564 2863 3690 2933 βαφὴ

2156 2961 2480 3032 πληρωθῇ·
2521 2963 2575 3016 ’0
2605 2961 2843 3032 τρώγων
2869 2962 2999 3032 μετ’
3035 2961 3186 3031 ἐμοῦ
3235 2961 3344 3015 τὸν
3391 2959 3592 3026 ἄρτον,
3619 2958 3690 3008 ἐπ-

2152 3052 2302 3124 ῆρεν
2329 3055 2424 3109 ἐπ’
2471 3054 2581 3125 ἐμὲ
2626 3053 2742 3122 τὴν
2791 3053 3058 3122 πτέρναν
3077 3051 3288 3108 αὐτοῦ.
3322 3052 3499 3119 Ἄλλη
3527 3049 3577 3102 δὲ
3620 3049 3692 3115 0'11
3779 3105 3781 3120 4

2155 3149 2472 3222 εὑρίσκεται
2508 3148 2702 3220 Γραφὴ
2724 3147 2884 3201 τοῦτο
2917 3145 3174 3215 λέγουσα,
3202 3148 3251 3200 εἰ
3283 3144 3359 3216 μὴ
3399 3145 3560 3214 μόνον
3581 3139 3692 3211 ἠτιῦ

442 3241 688 3294 elevavit
708 3249 894 3294 contra
937 3255 1018 3292 me
1040 3239 1346 3292 calt-aneum
1372 3254 1526 3291 suum
1559 3238 1632 3293 ".
1671 3235 1877 3291 Nullibi
1901 3234 2048 3291 enim

2161 3241 2426 3313 παρόντος
2458 3240 2676 3311 ψαλμοῦ
2707 3258 2722 3272 ο
2761 3239 2895 3309 φησὶ
2941 3239 3049 3310 γάρ
3070 3252 3086 3268 ’
3157 3239 3221 3291 ὐ
3245 3237 3475 3291 ἐσθίων
3521 3233 3692 3300 ἄρτους

437 3333 788 3401 ΔἸιιιίυιῑιιιοιιὶ
817 3332 1189 3388 testimonium
1223 3332 1459 3386 habetur
1487 3330 1544 3386 in
1571 3327 1878 3399 Scriptura,
1910 3343 2049 3400 prce-

2161 3305 2294 3400 μοι),
2330 3305 2700 3402 ditarit/turn
2733 3305 2834 3383 ea;
2855 3305 2960 3398 ἐμὲ
2982 3305 3372 3398 σέτερνισμόν.

445 3437 722 3498 ‘terquam
763 3425 911 3496 quod
973 3424 1027 3478 in
1061 3424 1312 3495 praesenti
1384 3424 1598 3495 psalmo
1646 3423 1893 3479 dicitur:
1957 3422 2062 3487 Qui
2102 3424 2386 3480 manduca:
2413 3439 2576 3492 panes
2608 3441 2767 3486 meos,
2801 3422 3164 3493 magniﬁcarit
3216 3429 3408 3474 contra
3467 3435 3543 3472 me
3607 3429 3697 3481 sup-

435 3521 860 3592 "plantatiortem
881 3520 954 3573 “.

551 3614 714 3669 Vsus.
740 3612 796 3667 Ξ.
820 3612 1016 3667 Beatus
1037 3615 1119 3668 vir
1145 3613 1234 3682 qui
1265 3613 1515 3684 intelligit
1569 3629 1726 3682 super
1765 3615 1969 3684 inopem
2003 3622 2053 3667 et

473 3721 777 3775 pauperem.
809 3734 878 3744 —
907 3702 1013 3772 Qui
1055 3704 1325 3775 intelligit,
1360 3707 1462 3760 hoc
1511 3715 1618 3770 est,
1649 3706 1743 3777 qui
1794 3707 2053 3761 conside-

479 3805 585 3862 rat,
621 3797 714 3867 qui
743 3797 950 3866 cogitat
1002 3795 1055 3852 id
1091 3795 1237 3866 quod
1280 3795 1481 3852 decens
1528 3804 1634 3851 est.
1693 3797 2054 3866 lntelligentia

446 3889 624 3942 -enim
654 3896 740 3944 est
781 3888 1023 3957 diligens
1051 3895 1105 3943 et
1137 3896 1330 3943 exacta
1388 3887 1780 3942 consideratio.
1831 3885 2052 3956 lnopem

460 3987 663 4033 ‘autem
687 3987 740 4032 et
766 3994 1061 4050 pauperem
1097 3980 1409 4050 promiscue
1434 3979 1616 4033 solent
1673 3979 1948 4050 appellare
1969 3978 2049 4031 in.

450 4073 780 4142 -digentem.
833 4072 1060 4141 Antiqui
1111 4086 1238 4127 vero
1311 4087 1408 4142 per
1467 4071 1685 4141 inopem
1747 4071 2057 4127 mendicum

483 4163 881 4235 intelligebant,
913 4163 1078 4217 veluti
1122 4164 1213 4234 qui
1243 4163 1392 4218 omni
1438 4177 1664 4232 prorsus
1689 4172 1902 4218 careret
1933 4176 2059 4232 ope,

475 4266 535 4310 et
573 4257 694 4327 qui,
724 4262 785 4309 ut
816 4255 947 4310 alibi
973 4255 1222 4310 diximus
1255 4253 1343 4324 [ex
1370 4254 1700 4326 etymologia
1751 4254 1931 4309 Grteci
1956 4269 2057 4309 no-

483 4346 689 4420 minis],
725 4349 794 4402 ab
859 4348 1089 4417 antiquo
1147 4356 1295 4402 statu
1347 4346 1682 4402 decidisset:
1764 4361 2060 4417 pauperem

481 4454 608 4494 vero
623 4455 746 4494 eum
766 4439 858 4510 qui
891 4441 1146 4496 manibus
1167 4454 1230 4493 ac
1259 4443 1480 4510 proprio
1503 4439 1692 4495 labore
1723 4439 1826 4493 sibi
1852 4439 2055 4492 victum

479 4543 716 4600 pararet,
753 4543 814 4585 ut
841 4531 894 4585 in
934 4532 1260 4601 praecedenti
1290 4532 1508 4601 psalmo
1561 4531 1826 4585 diximus.
1861 4529 2058 4584 Beatus

479 4622 647 4689 igitur
677 4620 724 4675 is
759 4629 866 4683 est,
902 4622 995 4688 qui
1029 4621 1333 4676 debitorem
1378 4621 1547 4677 Deum
1584 4622 1768 4676 habet.
1824 4621 1927 4675 Per
1952 4622 2056 4676 διι-

483 4711 756 4763 lomoncm
783 4712 929 4764 enim
982 4710 1246 4764 docemur
1312 4711 1464 4764 illum
1509 4713 1616 4766 Deo
1681 4711 2053 4776 commodare,

2227 3607 2530 3678 Μακάριος
2579 3609 2612 3662 ὀ
2634 3608 2866 3665 συνιὼν
2888 3607 2984 3661 ἐπὶ
3028 3605 3272 3675 πτωχὸν
3329 3603 3436 3657 καὶ
3491 3599 3695 3664 πένητα.

2156 3736 2228 3748 --
2263 3704 2324 3757 '0
2358 3703 2610 3767 συνιὼν,
2643 3701 2765 3756 ἀντὶ
2787 3700 2904 3763 τοῦ,
2945 3701 3005 3754 ’0
3023 3700 3236 3771 φρονῶν
3266 3699 3326 3751 τὸ
3349 3697 3502 3750 δέον·
3529 3694 3700 3751 σύνεσις

2159 3793 2289 3864 γὰρ,
2327 3793 2390 3846 τὸ
2431 3795 2652 3862 φρονεῖν
2675 3791 2758 3845 εὖ.
2785 3793 3008 3860 Πτωχδν
3031 3790 3090 3844 δὲ
3119 3790 3219 3845 καὶ
3261 3791 3475 3857 πένητα
3517 3781 3699 3848 ἀδιαᾳὸη

2157 3903 2270 3955 ρως
2310 3885 2469 3938 εἴωθε
2503 3885 2689 3940 καλεῖν
2718 3885 2811 3938 τὸν
2846 3883 3072 3954 ἄπορον.
3114 3887 3178 3942 Ol
3207 3883 3263 3937 δὲ
3311 3880 3558 3940 παλαιοὶ,
3588 3892 3702 3928 πτω-

2157 3979 2254 4050 χὸν
2279 3981 2376 4048 μὲν
2406 3979 2594 4044 ἔλεγον
2621 3978 2715 4032 τὸν
2743 3978 2994 4047 ἐπαίτην,
3025 3978 3089 4029 ὲκ
3138 3976 3235 4028 τοῦ
3288 3971 3668 4040 κατεπτηχέναι
3687 3982 3699 3994 ⁸

2160 4071 2372 4140 πένητα
2395 4071 2474 4137 δὲ,
2503 4071 2598 4124 τὸν
2627 4071 2772 4141 πόνῳ
2803 4070 3003 4141 χειρῶν
3045 4067 3142 4138 τὴν
3195 4068 3482 4135 ἐφήμερον
3540 4058 3704 4132 τροφήν

2159 4164 2541 4235 ποριζόμενον.
2640 4164 2925 4233 Μακάριος
3004 4161 3182 4214 τοίνυν
3240 4163 3268 4214 ὁ
3335 4158 3594 4220 τοιοῦτος,
3649 4155 3704 4213 ὡς

2161 4255 2571 4328 χρεωφειλέτην
2597 4255 2738 4326 ἔχων
2769 4255 2862 4307 τὸν
2888 4255 3044 4308 Θεόν.
3073 4254 3210 4322 Φησὶ
3235 4251 3347 4323 γὰρ
3372 4252 3464 4305 διὰ
3502 4252 3596 4321 μὲν
3641 4248 3710 4298 Σο·

2160 4349 2460 4420 λομῶντος,
2492 4350 2573 4404 ὅτι
2614 4352 2679 4402 '0
2703 4346 2894 4402 ἐλεῶν
2924 4345 3167 4414 πτωχὸν
3210 4343 3465 4405 δανείζει
3487 4339 3600 4406 Θεῷ
3619 4357 3630 4369 ε
3657 4337 3707 4389 δι’

2165 4437 2374 4503 οίκείας
2399 4438 2454 4491 δὲ
2485 4437 2756 4506 γλώττης,
2796 4436 2882 4489 ὅτι
2912 4435 3044 4504 Ἐφ’
3085 4435 3239 4488 ὅσον
3291 4431 3617 4499 ἐποιήσατε
3640 4423 3707 4477 ἑνὶ

2164 4531 2391 4583 τούτων
2463 4528 2584 4582 τῶν
2645 4526 2929 4597 ἀδελφῶν
2999 4543 3120 4594 μου
3183 4522 3550 4590 ἐλαχίστων,
3608 4512 3709 4582 ἐμεὶ

2163 4619 2510 4686 ἐποιήσατε.
2550 4618 2709 4675 Οὕτω
2741 4620 2862 4688 μὲν,
2894 4619 3023 4688 περὶ
3069 4618 3177 4670 τῶν
3212 4614 3402 4676 ἁπλῶς
3452 4612 3708 4678 πενήτων·

2170 4710 2469 4781 βαθύτερον
2508 4710 2585 4774 δὲ,
2621 4712 2716 4763 καὶ
2755 4713 2884 4781 περὶ
2907 4707 3146 4780 Χριστοῦ
3177 4706 3372 4777 ῥηθείη
3399 4704 3487 4769 ἂν,
3516 4699 3704 4754 61'th-

481 4800 574 4867 qui
601 4801 780 4870 inopis
801 4803 1110 4857 miseretur.
1127 4802 1281 4868 Quod
1300 4802 1521 4870 proprio
1542 4817 1635 4855 ore
1648 4801 1726 4855 Ch
1738 4802 1907 4856 ristus
1925 4815 2049 4855 con-

2168 4803 2358 4872 κάριος
2390 4805 2418 4856 ὁ
2450 4803 2686 4873 φρονῶν,
2712 4803 2795 4855 ὅτι
2830 4802 2964 4866 Θεός
2997 4802 3148 4852 ἐστιν
3183 4793 3362 4863 οὗτος,
3389 4798 3415 4846 ό
3466 4798 3525 4846 ὲν
3545 4788 3711 4858 ἀπορίᾳ

473 4889 745 4954 ﬁrmavit,
767 4891 957 4945 dicens
981 4906 1000 4944 :
1022 4890 1458 4959 Quotiescumque
1483 4889 1712 4959 feceritis
1734 4893 1827 4944 uni
1851 4889 1973 4947 huic
1993 4905 2049 4943 ea

2169 4897 2622 4966 περιερχόμενος,
2664 4895 2762 4948 καὶ
2793 4895 2868 4966 μὴ
2897 4893 3037 4964 ἔχων
3069 4890 3171 4946 ποῦ
3199 4890 3357 4960 κλίνῃ
3383 4887 3480 4957 τὴν
3507 4881 3715 4950 κεφαλὴν

481 4981 712 5034 minimis
743 4982 1024 5048 fratribus,
1063 4982 1191 5033 mihi
1212 4980 1424 5048 fecistis
1456 4982 1521 5036 ".
1553 4979 1634 5036 Et
1669 4981 1775 5038 hoc
1829 4983 2050 5052 quidem

481 5083 642 5142 paito
727 5073 1054 5144 simpliciter
1133 5076 1428 5143 exponitur
1515 5075 1582 5130 de
1669 5077 2054 5147 pauperibus:

2167 4990 2248 5052 εἰς
2271 4989 2581 5042 ἀνάπαυσιν
2610 5004 2626 5020 ο
2662 4989 2885 5058 συνήσει
2913 4986 2972 5039 δὲ
3003 4985 3185 5046 τοῦτο,
3215 4983 3310 5051 ἀφ’
3344 4975 3416 5034 ῶν
3450 4982 3478 5031 ὁ
3513 4972 3720 5046 Χριστὸς

2171 5081 2316 5132 ποιεῖ
2344 5080 2440 5133 καὶ
2470 5079 2732 5133 διδάσκει.

471 5182 673 5221 verum
710 5169 1041 5237 profundius
1067 5167 1444 5237 intelligendo,
1471 5177 1529 5223 ut
1551 5169 1821 5234 diximus,
1860 5169 2059 5239 exponi
2103 5182 2286 5239 potest
2356 5173 2597 5243 psalmus
2670 5173 2738 5226 de
2773 5169 3040 5224 Christo:
3096 5167 3356 5237 quodque
3404 5163 3603 5216 beatus
3651 5154 3720 5207 ilic

479 5273 590 5328 est,
627 5265 722 5334 qui
760 5264 1017 5334 intelligit
1073 5272 1130 5316 et
1195 5264 1510 5318 considerat
1565 5265 1852 5319 Christum
1939 5263 2109 5316 Deum
2141 5279 2296 5330 esse,
2319 5268 2536 5319 tametsi
2572 5263 2870 5332 indigentia
2952 5275 3016 5314 ac
3057 5266 3379 5328 paupertate
3420 5263 3577 5306 tanta
3623 5257 3719 5299 esse

488 5359 772 5412 videretur
799 5356 1195 5422 circumdatus,
1232 5358 1481 5413 utetiam
1521 5374 1632 5414 non
1667 5358 1921 5421 haberet,
1971 5356 2064 5410 ubi
2106 5356 2588 5426 reclinaretcaput
2616 5371 2801 5411 suum.
2832 5357 3000 5408 Rei-te
3031 5353 3175 5407 enim
3244 5348 3630 5406 considerans,
3678 5337 3722 5389 ἱιὶ

475 5456 647 5524 plene
674 5455 944 5521 intelliget
976 5465 1042 5505 ex
1070 5450 1138 5504 iis
1169 5468 1291 5522 quae
1313 5463 1368 5508 et
1397 5468 1651 5508 sermone
1697 5467 1802 5506 suo
1849 5450 2062 5514 docuit,
2098 5459 2152 5506 et
2181 5452 2445 5520 operibus
2481 5449 2880 5521 comprobavit.

567 5547 628 5600 In
659 5548 741 5600 die
774 5545 1184 5600 mala-liberabit
1240 5562 1358 5599 eum
1404 5545 1678 5600 Dominus.
1749 5541 2056 5598 Utilitatem

479 5637 675 5702 docet,
699 5653 862 5708 quam
903 5652 967 5690 ex
1000 5637 1308 5707 huiusmodi
1358 5637 1720 5708 intelligentia
1778 5635 1904 5702 quis
1933 5648 2058 5703 per-

2238 5545 2340 5598 'Er
2390 5541 2577 5610 ἡμέρᾳ
2617 5535 2854 5609 πονηρᾷ
2892 5541 3145 5606 ῥύσεται
3195 5535 3383 5591 αὑτὸν
3413 5535 3452 5588 ὁ
3505 5530 3722 5596 Κύριος.

2167 5636 2419 5689 Διδάσκει
2451 5631 2512 5687 τὸ
2537 5636 2725 5705 κέρδος
2755 5635 2853 5704 τῆς
2887 5633 3148 5702 τοιαύτης
3185 5629 3480 5690 συνέσεως.
3535 5621 3659 5676 Ποίει
3676 5613 3723 5668 δέ

595 5818 653 5851 ’⁸³
680 5815 841 5871 ἰυλη.
873 5831 993 5882 xm,
1032 5817 1114 5873 l3.
1202 5817 1244 5854 "
1275 5815 1425 5873 I'sal.
1459 5831 1544 5884 ιι,
1575 5815 1655 5870 11).
1739 5817 1780 5852 ²’
1806 5815 1998 5871 Matth.

2162 5857 2174 5879 ,
2222 5816 2308 5869 40.
