3866 6546
212 360 312 427 ibi

1357 358 1747 433 COMMENT.
1781 372 1863 435 IN
1903 373 2265 437 PSALMOS.

3337 392 3443 457 ibi!

210 470 359 530 ἔστιν
423 475 600 545 ἡμέρα
664 476 894 547 πονηρὰ,
948 479 1359 550 προειρήκαμεν
1411 483 1469 534 ἐν
1536 482 1616 551 τῷ
1674 481 1760 547 ,λς

1886 492 2144 554 ceptnrus
2173 487 2265 541 sit.
2305 485 2437 554 Quae
2466 496 2645 546 autem
2673 492 2747 549 sit
2768 495 2885 552 dies
2913 502 3077 568 mala,
3118 504 3359 567 diximus
3386 514 3443 570 in

206 566 425 635 ψαλμῷ,
461 568 520 617 τὸ
543 569 626 620 Οὐ
652 572 1284 637 καταισχυνθήσονται
1313 574 1385 625 ἐν
1431 573 1613 642 καιρῷ
1660 591 1770 628 πο-

207 653 376 723 νηρῷ
422 656 837 726 ἑρμηνεύοντες.
898 658 1107 712 Ταύτὺν
1168 660 1277 729 γὰρ
1338 663 1512 716 εἰπεῖν
1582 664 1772 734 καιρὸν

207 751 461 817 πονηρὸν,
489 750 582 802 καὶ
622 750 837 820 ἡμέραν
871 754 1135 822 πονηράν.

275 842 485 907 Κύριος
500 840 534 893 δ
542 842 803 910 (αρυλάξ
806 860 864 895 αι
886 846 1091 898 αὐτόν.
1113 846 1437 916 Ἐπεύχεται
1458 848 1535 917 τῷ
1550 850 1771 918 τοιούτῳ

204 930 231 982 ὁ
252 932 565 1002 Προφήτης,
596 935 671 997 ὡς
696 935 907 1004 ἀγαθῷ.

288 1112 393 1163 Καὶ
419 1111 596 1177 ζήσαι
614 1116 822 1171 αὐτόν.
867 1118 979 1171 Καὶ
998 1118 1354 1192 ζωοποιῆσαι.

269 1202 374 1254 Καὶ
393 1206 729 1274 μακαρίσαι
750 1208 940 1262 αὐτὸν
959 1211 1029 1262 ἐν
1060 1211 1133 1280 τῇ
1167 1213 1263 1282 γῆ.
1323 1212 1433 1267 Καὶ
1500 1214 1772 1283 μακάριον

201 1291 474 1357 άναδείξαι
501 1297 595 1349 καὶ
617 1296 879 1366 ζηλωτὸν,
904 1301 1005 1353 οὐκ
1027 1302 1086 1353 ὲν
1106 1305 1173 1374 τῇ
1208 1302 1460 1375 παρούσῃ
1486 1306 1555 1375 γῇ
1587 1304 1771 1374 μόνον,

198 1380 328 1433 ἀλλὰ
354 1386 448 1435 καὶ
476 1388 533 1438 ἐν
570 1390 634 1457 τῇ
666 1387 917 1462 βασιλεία
937 1390 1046 1445 τῶν
1077 1392 1338 1464 οὐρανῶν.

265 1566 366 1615 Καὶ
394 1564 480 1632 μὴ
503 1567 745 1636 παραδῶ
766 1570 954 1626 αὐτὸν
978 1573 1064 1639 εις
1088 1571 1292 1643 χεῖρας
1314 1572 1546 1644 ἐχθρῶν
1563 1576 1770 1632 αὐτοῦ.

198 1652 341 1720 Μήτε
375 1656 594 1725 ὁρατῶν
629 1661 766 1728 μήτε
790 1662 1059 1731 ἀοράτων.

262 1829 480 1895 Κύριος
529 1833 836 1901 ,ϐοηθῆσαι
897 1837 1078 1904 αὐτῷ,
1122 1840 1220 1894 ἐπὶ
1275 1834 1490 1911 κλίνης
1545 1844 1760 1913 ὀδύνης

1948 1857 2114 1916 Vens.
2178 1863 2234 1922 4.
2282 1864 2540 1925 Dominus

193 1920 400 1974 αὐτοῦ.
455 1923 576 1976 Ἐπὶ
614 1925 804 1996 κλίνης
832 1927 1043 2000 ὀδύνης,
1071 1929 1190 2001 ἦτοι
1227 1932 1325 2003 τῆς
1356 1934 1468 2004 (49)
1509 1935 1769 2008 ὑποδεχο-

196 2015 355 2084 μένης
396 2016 558 2070 αύτὸν
598 2019 939 2089 ὀδυνώμενον
984 2024 1043 2076 ἐν
1091 2024 1250 2095 νόσῳ.
1319 2027 1553 2089 Ἀκύλας
1583 2029 1641 2083 δὲ
1673 2031 1769 2085 καὶ

194 2105 521 2174 Θεοδωτίων,
554 2110 617 2162 ού
648 2112 707 2164 τὸ
736 2114 991 2168 εὐκτικὸν
1022 2112 1183 2183 εἶδος,
1226 2118 1360 2173 ἀλλὰ
1407 2120 1469 2172 τὸ
1497 2120 1589 2175 τοῦ
1641 2123 1769 2192 μέλ·

195 2196 373 2262 λοντος
438 2202 533 2252 ἐπὶ
563 2202 672 2255 τῶν
715 2205 992 2275 ῥηθέντων
1040 2208 1409 2265 ὲκδεδώκασιν
1436 2227 1450 2242 ο
1489 2209 1601 2268 οἷον
1637 2217 1767 2269 Διαο

195 2292 449 2358 φυλάξει
485 2294 578 2348 καὶ
606 2294 794 2366 ζήσει,
826 2300 921 2354 καὶ
951 2302 1020 2357 τὰ
1049 2303 1294 2373 τοιαῦτα,
1320 2305 1396 2370 ὡς
1419 2308 1766 2377 ἀντιμισθίαν

191 2381 405 2437 ἅπαντα
443 2387 734 2454 κρίναντες
775 2390 970 2446 ταῦτα.

256 2660 448 2730 Ὅλην
476 2664 590 2731 τὴν
617 2668 828 2738 κοίτην
869 2672 1058 2728 αὐτοῦ
1097 2674 1403 2746 ἐστρεψας
1437 2680 1508 2733 ἐν
1544 2680 1618 2749 τῇ
1662 2681 1767 2750 ἄῤ-

187 2752 409 2820 ρωστίᾳ
438 2757 643 2812 αὐτοῦ.
680 2761 885 2832 Κοίτην
929 2766 1031 2833 μὲν
1059 2766 1208 2835 λέγει
1255 2770 1357 2841 τὴν
1388 2773 1712 2828 κατάκλισιν
1744 2792 1763 2811 ο

195 2843 537 2914 Ἕστρεψας
567 2848 646 2915 δὲ,
699 2851 821 2904 ἀντὶ
864 2854 959 2907 τοῦ
1005 2857 1298 2924 Ἥλλαξας.
1356 2863 1464 2915 Τοῦ
1519 2864 1763 2919 τοιούτου

194 2932 334 2999 γοῦν,
405 2937 562 3006 φησι,
601 2939 698 3010 τὴν
736 2943 1058 3000 κατάκλισιν
1102 2950 1161 3000 ὲν
1214 2952 1391 3023 καιρῷ
1450 2955 1765 3027 ἀρρωστίας

195 3026 445 3093 ηλλαξας.
477 3031 582 3083 ἀπὸ
610 3039 842 3105 νοσερᾶς
870 3040 951 3103 είς
985 3040 1251 3112 ὑγιεινήν.
1290 3043 1483 3113 Ὅλην
1518 3045 1608 3111 δὲ,
1639 3048 1763 3101 ἀντὶ

193 3115 278 3168 τοῦ
302 3120 594 3185 Παντελὼς
625 3141 639 3156 ο
675 3128 1022 3200 Ἕστρεψας
1046 3132 1130 3197 δὲ,
1174 3134 1296 3189 ἀντὶ
1340 3134 1438 3188 τοῦ
1478 3138 1760 3208 Στρέψεις.

194 3209 256 3260 Ἦ
277 3217 672 3286 ποχαστικιῦς,
709 3221 909 3290 μᾶλλον
938 3224 997 3279 δὲ
1031 3228 1408 3300 προφητικῶς,
1437 3229 1515 3294 ὡς
1538 3231 1763 3299 γεγονὸς

192 3298 302 3357 εἷπε
328 3306 394 3359 τὸ
428 3313 811 3383 γενησόμενον.

264 3609 412 3679 Ἐγὼ
466 3608 647 3668 εἶπα·
696 3617 892 3685 Κύριε,
924 3618 1188 3689 ἐλέησόν
1233 3641 1330 3694 με.
1387 3626 1468 3682 Τὰ
1511 3629 1759 3686 ἐντεῦθεν

192 3702 379 3766 πάντα,
406 3705 689 3779 προσώπῳ
712 3708 806 3760 τοῦ
847 3710 1086 3780 Χριστοῦ
1125 3712 1372 3782 λέγονται
1408 3734 1422 3751 ο
1447 3721 1761 3791 παρακαλεῖ

190 3795 239 3846 δὲ
270 3796 357 3848 τὸν
401 3798 537 3850 Θεὸν
582 3801 656 3864 ὡς
707 3801 1015 3872 ἄνθρωπος,
1056 3806 1319 3864 δεικνύων
1373 3812 1455 3866 ὅτι
1502 3816 1609 3880 πᾶς
1662 3816 1756 3868 ἄν·

189 3883 399 3952 Θρωπος
430 3889 602 3943 δεῖται
635 3892 729 3945 τοῦ
767 3894 951 3960 ἐλέους
978 3898 1072 3952 τοῦ
1105 3899 1261 3956 Θεοῦ.

254 4001 456 4056 Ἰασαι
489 4005 603 4073 τὴν
631 4007 843 4077 ψυχήν
864 4028 1008 4079 μου,
1050 4012 1142 4067 ὅτι
1197 4015 1468 4086 ἥμαρτόν
1493 4034 1613 4078 σοι.
1647 4023 1757 4077 Καὶ

192 4091 287 4160 μὴν
342 4096 642 4165 ἁμαρτίαν,
698 4101 886 4168 φησὶν,
950 4103 1051 4157 οὐκ
1101 4106 1404 4176 ὲποίησεν’
1462 4110 1578 4164 ἀλλ’
1633 4113 1756 4166 ἐπεὶ

190 4182 251 4234 δι’
283 4186 432 4253 ἡμᾶς
458 4188 647 4257 γέγονε
687 4192 810 4245 καθ’
842 4194 1013 4263 ἡμᾶς,
1038 4197 1447 4253 οίκειοποιεῖται
1473 4202 1581 4256 τῶν
1607 4203 1755 4257 ἰδίων

184 4278 269 4328 καὶ
320 4281 392 4332 τὰ
442 4282 611 4352 πάθη,
656 4283 753 4336 καὶ
795 4286 893 4349 τὰς
928 4289 1114 4355 φωνάς
1144 4306 1159 4319 ·
1217 4293 1311 4346 καὶ
1363 4295 1503 4367 ὅπερ
1546 4297 1754 4366 ὀφείλει

186 4367 303 4439 βοᾷν
338 4373 374 4442 ἠ
408 4374 778 4446 ἀμαρτήσασα
830 4379 992 4449 φύσις
1046 4382 1229 4453 ἡμῶν,
1278 4386 1440 4442 τοῦτο
1490 4388 1589 4461 βοᾷ
1645 4393 1751 4461 πρὸ

183 4461 401 4532 ταύτης,
456 4466 597 4537 ὑπὲρ
653 4469 899 4540 ταύτης,
956 4474 1032 4536 ὠς
1098 4476 1211 4546 (50)
1267 4479 1449 4542 αὐτὸς,
1505 4477 1594 4536 οἶα
1649 4487 1751 4555 τῆς

185 4551 348 4619 αὐτῆς
373 4556 465 4606 καὶ
482 4557 644 4620 αὐτὸς
670 4558 766 4623 ὢν,
794 4564 842 4615 εἰ
888 4566 983 4616 καὶ
1012 4568 1183 4638 χωρὶς
1207 4569 1504 4640 ἁμαρτίας.
1534 4551 1745 4646 Ὠσπερ

180 4638 232 4691 δὲ
254 4644 313 4694 τὸ
344 4644 604 4715 θυόμενον
643 4650 785 4723 ὑπὲρ
829 4654 1107 4723 ἁμαρτίας
1141 4661 1285 4713 κατά
1324 4638 1415 4714 τὸν
1445 4663 1629 4731 νόμον,
1666 4638 1745 4729 εἰς

182 4731 335 4785 ἑαυτὸ
390 4742 487 4807 τὴν
543 4741 823 4813 ἁμαρτίαν
880 4748 1183 4820 ἀνεδέχετο,
1229 4756 1326 4807 καὶ

1876 577 2088 644 psalmo
2118 594 2303 644 xxxVI,
2339 581 2455 635 ibi:
2496 582 2616 637 Non
2670 588 3062 657 confundentur
3118 597 3170 651 in
3218 607 3447 671 tempore
3521 643 3532 662 τ

1876 670 2036 723 malo.
2066 669 2245 741 IEque
2264 674 2408 727 enim
2437 675 2750 744 signiﬁcant
2785 680 2905 738 dics
2932 685 3096 752 mala,
3145 699 3199 745 et
3227 669 3444 763 tempus

1876 760 2101 814 malum.

1950 851 2114 907 Vens.
2144 854 2194 908 5.
2235 855 2490 913 Dominus
2526 874 2789 918 conservet
2822 882 2962 923 eum.
3024 871 3283 931 Precatur
3311 875 3448 935 Pro-

1877 942 2038 1011 pheta
2073 960 2170 1013 pro
2199 946 2514 1017 hujusmodi
2549 951 2793 1023 homine,
2853 968 3108 1032 tanquam
3169 982 3268 1039 pro
3325 971 3442 1027 viro

1875 1036 2133 1103 quoliiam
2162 1039 2324 1093 bono.

1950 1124 2016 1178 Et
2049 1129 2268 1198 viviﬁcet
2312 1149 2450 1190 eum.
2485 1137 2540 1191 id
2563 1148 2672 1204 est,
2709 1141 2890 1200 vivere
2911 1147 2978 1199 [at
3000 1150 3090 1201 iat.

1950 1216 2018 1268 Et
2044 1216 2249 1272 beatum
2289 1240 2406 1277 eum
2446 1227 2618 1293 faciat
2662 1230 2716 1283 in
2759 1240 2925 1290 terra.
2966 1236 3030 1289 Et
3060 1238 3276 1295 beatum
3314 1260 3440 1299 eum

1876 1321 2000 1362 esse
2024 1310 2299 1376 ostendat,
2331 1316 2817 1390 aemulationeque,
2847 1339 2945 1379 seu
3001 1326 3308 1388 imitatione
3359 1334 3445 1388 di-

1876 1412 2067 1466 gnum,
2104 1415 2215 1454 non
2244 1401 2296 1455 in
2324 1408 2580 1471 praesenti
2611 1419 2818 1466 tantum
2854 1422 3030 1482 terra,
3068 1420 3162 1475 sed
3190 1421 3244 1476 in
3274 1438 3443 1493 regno

1874 1487 2035 1541 etiam
2076 1491 2365 1547 caelorum.

1952 1580 2021 1634 Et
2054 1599 2156 1636 non
2211 1586 2390 1639 tradat
2431 1605 2547 1642 eum
2584 1591 2637 1645 in
2684 1610 2873 1651 manus
2924 1600 3255 1659 inimicorum
3308 1593 3443 1677 ejus.

1874 1672 1984 1728 Nec
2013 1689 2139 1730 eum
2190 1677 2491 1735 visibilium
2532 1694 2625 1739 aut
2668 1687 3020 1749 invisibilium
3066 1698 3304 1755 hostium
3333 1717 3446 1757 ma-

1876 1765 2036 1823 nibus
2069 1769 2249 1827 dedat.

2575 1887 2718 1941 opem
2756 1875 2894 1944 [erat
2944 1879 3022 1932 illi
3061 1898 3219 1951 super
3255 1884 3445 1939 lectum

1870 1954 2070 2008 doloris
2103 1955 2241 2024 ejus.
2295 1957 2474 2031 Super
2520 1963 2719 2021 lectum
2766 1967 2994 2038 doloris,
3052 1974 3104 2028 in
3150 1991 3256 2044 quo
3289 1979 3446 2048 mgri-

1872 2045 2062 2101 tudine
2095 2061 2160 2103 ac
2198 2054 2391 2109 morbo
2441 2056 2720 2127 laborans,
2755 2061 2986 2121 amictus
3018 2066 3109 2122 diu
3153 2069 3282 2125 olim
3335 2072 3445 2127 de-

1870 2135 2098 2194 tinetur.
2155 2144 2353 2214 Aquila
2417 2156 2638 2216 autem,
2689 2161 2742 2208 et
2809 2153 3114 2215 Theodotio
3169 2178 3277 2217 non
3347 2179 3447 2235 per

1869 2230 2169 2296 optativum
2232 2235 2494 2302 modum,
2561 2243 2655 2297 sed
2714 2260 2813 2314 per
2862 2246 3109 2305 futurum
3161 2230 3443 2312 indicativi

1868 2322 2051 2376 onmia
2080 2322 2191 2379 hac
2214 2327 2380 2381 verba
2407 2330 2709 2402 reddidere,
2744 2337 2995 2395 videlicet
3030 2359 3043 2397 :
3075 2343 3444 2417 Conservabft,

1883 2411 2199 2484 Viriﬁcabit,
2238 2426 2313 2487 et,
2361 2421 2522 2492 Opem
2575 2426 2725 2495 feret,
2776 2434 2959 2489 omnia
3010 2435 3127 2493 haec
3184 2442 3342 2510 quasi
3388 2411 3441 2498 in

1869 2508 2176 2565 mercedem
2228 2527 2291 2567 ac
2349 2517 2767 2577 retributionem
2826 2528 3119 2597 quamdam
3183 2531 3291 2587 dici
3351 2550 3443 2589 ar-

1867 2597 2151 2657 bitrantes.

1944 2690 2252 2750 Universum
2286 2699 2455 2756 cubile
2477 2704 2591 2773 ejus
2650 2709 2850 2764 vertiin
2876 2712 2928 2765 in
2961 2715 3273 2783 inﬁrmitate
3300 2722 3439 2791 ejus.

1865 2783 1969 2840 Per
2020 2789 2221 2853 cubile,
2258 2792 2577 2851 decubitum
2629 2799 2900 2874 intelligit.
2972 2806 3189 2865 Venisti
3233 2783 3438 2879 autem,

1865 2882 1970 2937 hoc
2003 2894 2107 2951 est,
2142 2884 2470 2946 lmmutasti.
2527 2891 2580 2947 In
2632 2902 2898 2966 tempore,
2954 2900 3150 2972 inquit,
3203 2907 3439 2965 inlirmi-

1866 2978 1992 3033 tatis
2028 2979 2193 3049 hujus
2248 2983 2372 3047 viri,
2421 2994 2477 3040 tu
2536 2991 2763 3046 mutasti
2818 2992 2937 3061 ejus
2997 2996 3335 3067 decubitum,
3371 3003 3441 3058 ab

1865 3085 2008 3140 nigro
2032 3073 2315 3140 nimirum,
2342 3086 2505 3146 atque
2532 3081 2750 3137 inﬁrmo
2776 3083 2841 3139 ad
2868 3102 3060 3141 sanum
3086 3102 3150 3145 ac
3177 3093 3439 3152 validum.

1796 3184 1837 3246 ε
1868 3159 2087 3218 Mutasti
2105 3176 2284 3222 autem
2323 3171 2644 3238 universum,
2674 3175 2779 3231 hoc
2803 3186 2907 3247 est,
2933 3179 3167 3240 Prorsus
3190 3190 3439 3244 mutasti.

1868 3254 2276 3313 Advertendum
2319 3272 2498 3316 tamen
2532 3267 2673 3334 quod
2702 3272 2979 3338 pra'terito
3019 3284 3267 3346 tempore
3305 3296 3440 3338 usus

1866 3354 1947 3401 est
1980 3363 2077 3417 pro
2112 3349 2317 3405 futuro.
2357 3352 2569 3409 Vertiin
2599 3360 2766 3426 enim,
2806 3362 2908 3417 hoc
2939 3375 3042 3431 est,
3074 3365 3282 3425 Vertes.
3320 3371 3440 3438 Vcl,

1867 3442 2188 3510 conjectura
2238 3450 2496 3515 quadam,
2552 3452 2663 3507 imo
2703 3469 2832 3510 vero
2882 3460 3069 3526 potius
3120 3464 3440 3533 prophetico

1863 3547 2037 3600 more,
2069 3553 2189 3607 quae
2221 3538 2405 3595 futura
2432 3552 2609 3610 erant,
2640 3556 2697 3601 ut
2721 3549 2832 3617 jam
2859 3550 3001 3607 facta
3025 3568 3437 3613 commemorat.

1936 3651 2105 3708 Vens.
2143 3652 2199 3708 5.
2241 3652 2358 3725 Ego
2394 3656 2552 3713 dixi:
2578 3659 2820 3726 Domine,
2850 3666 3095 3721 miserere
3142 3670 3263 3724 mei.
3307 3670 3439 3737 Qua:

1862 3750 2196 3810 sequuntur,
2228 3760 2293 3800 ex
2331 3746 2537 3803 Christi
2587 3767 2821 3821 persona
2880 3756 3105 3827 legenda
3160 3772 3308 3825 sunt,
3340 3766 3434 3833 qui

1860 3832 2010 3887 velut
2072 3834 2236 3891 homo
2290 3835 2458 3893 Deum
2518 3849 2693 3910 rogat,
2730 3846 3030 3903 ostendens
3092 3851 3195 3905 hoc
3254 3832 3435 3919 pacto,

1863 3926 2164 3992 quemlibet
2185 3927 2459 3985 hominem
2493 3930 2585 3988 Dei
2618 3935 2827 3991 auxilio
2859 3938 3122 4008 indigere.

1937 4039 2082 4094 Sana
2146 4045 2383 4099 animam
2440 4063 2631 4113 meam,
2694 4052 2821 4120 quia
2877 4057 3087 4121 yercavi
3146 4058 3263 4117 tibi.
3326 4061 3434 4118 Sed

1860 4135 2135 4201 quomodo
2186 4137 2315 4193 alibi
2370 4139 2605 4209 legimus
2651 4141 2932 4199 Christum
2987 4159 3272 4216 peccatum
3325 4169 3434 4210 non

1858 4225 2096 4283 fecisse?
2128 4228 2503 4285 Certissimum
2537 4235 2755 4303 quidem
2788 4246 2895 4301 est,
2946 4240 3097 4295 illum
3153 4259 3433 4314 nunquam

1857 4335 2157 4389 peccasse;
2192 4338 2380 4376 verum
2419 4325 2547 4393 quia
2598 4336 2820 4396 propter
2840 4344 2940 4385 nos
2970 4330 3146 4386 factus
3183 4344 3266 4387 est
3291 4334 3433 4389 idem

1857 4411 2003 4480 quod
2039 4427 2166 4479 nos,
2225 4414 2385 4468 homo
2417 4415 2697 4481 nimirum,
2739 4420 3021 4487 passiones
3054 4422 3241 4488 etiam,
3273 4433 3438 4493 atque

1857 4502 2091 4559 allectus
2123 4514 2369 4573 nostros,
2410 4508 2568 4575 quasi
2608 4512 2861 4578 proprius
2893 4512 2996 4566 sibi
3031 4527 3435 4584 consequenter

1857 4593 2195 4661 vindicavit,
2251 4606 2305 4651 et
2364 4599 2509 4667 quod
2563 4599 2745 4656 dicere
2806 4618 2902 4672 par
2965 4614 3083 4659 erat
3135 4607 3430 4663 humanam

1859 4696 2132 4751 naturam,
2188 4703 2309 4757 quae
2370 4704 2712 4759 peccaverat,
2788 4694 2890 4750 hoc
2942 4696 3058 4765 ipse
3111 4706 3268 4754 antea
3335 4716 3435 4771 pro

1377 4759 1746 4823 συγκατέκαιε

1879 4779 1940 4831 lla
1970 4780 2035 4832 ad
2074 4778 2291 4836 Patrem
2327 4782 2611 4851 clamavit,
2663 4787 2831 4841 veluti
2878 4789 2975 4859 qui
3024 4790 3272 4861 ejusdem
3310 4804 3431 4848 erat

180 4833 378 4903 τλύτην
432 4838 657 4910 ἐαυτῷο
712 4841 856 4896 οὕτω
899 4848 993 4900 καὶ
1045 4843 1242 4915 οὗτος,
1294 4853 1553 4922 ουόμενος
1608 4856 1748 4925 ὑπὲρ

180 4922 278 4950 ,διῗηι
313 4927 589 4950 L--_---,~,
634 4934 647 4950 ι
716 4933 739 4945 ε·
868 4939 881 4950 .
970 4941 982 4950 .
1101 4942 1112 4950 ι
1275 4944 1284 4950 .
1450 4949 1453 4950 ,
1542 4947 1553 4950 -
1605 4948 1619 4950 _

2216 4833 2229 4836 ν
2879 4833 2975 4859 Ἰ...
3025 4833 3272 4861 Ἵππη...
3310 4833 3427 4848 ...ιη

1879 4874 2080 4931 ειμι-ιιι,
2117 4871 2334 4925 tametsi
2381 4874 2501 4928 sine
2554 4886 2802 4945 peccato.
2852 4878 2918 4934 Et
2966 4885 3427 4950 quemadmodum

180 5015 267 5065 καὶ
316 5016 390 5079 ὡς
453 5021 617 5087 αὐτὸς
669 5026 1019 5098 ἁμαρτήσας,
1073 5034 1217 5088 οὕτω
1268 5040 1360 5090 καὶ
1393 5040 1586 5103 ἐδεῖτο,
1650 5045 1743 5096 καὶ

179 5104 400 5176 ἕθνησκε
430 5113 516 5166 διὰ
541 5116 956 5184 φιλανθρωπίας
984 5124 1310 5200 ὑπερϐολήν.

178 5380 332 5437 bilem
358 5390 474 5455 ejus
501 5395 959 5452 misericordiam.

247 5506 311 5556 Ol
337 5505 533 5575 ἐχθροί
556 5530 675 5580 μου
712 5513 885 5571 εἷπον
928 5519 1082 5573 κακά
1120 5541 1243 5593 μοι.
1301 5527 1362 5580 Οἱ
1408 5530 1594 5603 ἐχθροὶ
1646 5534 1740 5587 τοῦ

429 4931 592 4999 ρτιῶν
624 4933 804 5003 ἡμῶν,
833 4939 915 5002 εἰς
966 4941 1156 4994 ἑαυτὸν
1188 4944 1392 5007 ταύτας
1438 4947 1744 5015 ἀνεδέξατο,

1882 4959 2088 5027 ictima,
2119 4978 2242 5032 quae
2270 4965 2400 5019 olim
2438 4981 2537 5037 pro
2568 4981 2793 5037 peccato
2822 4971 3235 5038 immolabatur,
3269 4975 3427 5044 juxta

1848 5052 2048 5122 legem,
2072 5067 2356 5125 peccatum
2387 5059 2441 5112 in
2484 5076 2544 5115 se
2588 5063 2948 5132 suscipiebat,
2991 5066 3135 5134 quod
3174 5080 3279 5118 una
3303 5082 3424 5120 cum

1849 5147 2076 5203 victima
2108 5152 2358 5206 comburi
2413 5152 2745 5209 dicebatur:
2806 5154 2882 5208 ita
2930 5164 2983 5208 et
3026 5154 3276 5210 Christus
3329 5171 3426 5224 pro

180 5206 376 5256 nostris
414 5207 729 5264 immolatus
787 5216 1049 5281 peccatis,
1101 5220 1154 5272 in
1206 5236 1266 5274 se
1314 5224 1493 5293 ipsum
1556 5235 1739 5290 omnia
1782 5249 1971 5295 nostra

2032 5244 2282 5314 suscepit
2333 5253 2609 5314 peccata:
2668 5261 2769 5301 nec
2819 5261 2979 5302 secus
3073 5262 3136 5301 ac
3187 5249 3233 5301 si
3310 5250 3427 5318 ipse

1926 5536 2090 5592 Vnus.
2131 5538 2181 5590 6.
2240 5537 2455 5591 Inimici
2503 5540 2601 5592 mei
2647 5540 2897 5594 dixerunt
2948 5543 3091 5597 mala
3134 5546 3281 5601 mihi.
3317 5546 3424 5602 lni-

1480 5711 1677 5772 Varim
1709 5712 2039 5776 lectiones.

257 5788 362 5863 (49)
384 5794 466 5851 Al.
496 5798 578 5851 ὅτι
618 5802 1023 5880 ὑποσχομένης.

1923 5818 2034 5889 (50)
2066 5820 2137 5873 is.
2178 5821 2342 5892 αὕτη.
