3866 6540
423 5997 442 6064 >

453 491 558 556 46Ἰ
1647 497 2024 559 EUTHYMII

2143 500 2425 561 GABENI
2775 553 2782 556 .
3586 503 3671 568 468

454 604 892 661 misericordiam
925 619 990 660 ac
1035 605 1367 663 inell'ahilem
1418 609 1714 677 quamdam
1743 611 1861 681 ejus
1891 627 2026 668 cono

2143 616 2546 684 τυγκατάϐασιν
2571 617 2668 670 καὶ
2691 612 3120 685 φιλανθρωπίανσ
3140 612 3234 668 τοῦ
3284 613 3534 681 Σωτῆρος
3558 615 3666 668 ἀπο·

454 698 892 765 descensionem,
934 699 1105 756 multa
1140 716 1264 756 cum
1291 703 1649 759 admiratione
1683 706 2018 770 narraverit,

2143 708 2440 777 θαυμάσας,
2474 707 2644 779 ὕμνον
2673 706 2823 777 αὑτῷ
2859 705 3151 777 σχεδιάζει,
3181 705 3358 772 λέγων
3400 720 3415 735 ο
3448 707 3666 779 Edmun-

453 784 715 854 li'ymnum
752 785 1038 858 deinceps,
1093 797 1150 845 et
1211 788 1430 846 laudem
1483 793 1530 848 ei
1577 795 1728 849 canit
1777 794 2024 852 dicens:

2143 802 2254 865 ιέος
2291 802 2320 854 ὁ
2352 801 2484 864 Θεὸς
2519 799 2614 854 τοῦ
2671 799 2877 870 κυρίως
2921 799 3158 869 Ἰσραὴλ,
3193 800 3222 851 ὃ
3260 801 3400 860 ἐστι,
3465 798 3568 851 τῶν
3607 819 3668 853 at.

448 873 781 931 Laudandus
809 887 894 932 est
915 877 1062 936 Deus
1089 882 1201 936 veri
1233 881 1472 951 lsraelis,
1503 884 1608 941 hoc
1640 895 1746 954 est,
1781 887 2024 943 fidelium

2143 893 2302 957 στῶν,
2337 893 2412 956 ὡς
2444 895 2503 947 ἐν
2525 891 2604 963 τῷ
2633 898 2718 946 κα¹
2744 891 2945 961 ψαλμῷ
2976 893 3322 960 προέφημεν,
3379 890 3668 959 ἑρμηνεύον-

448 967 618 1033 Deus,
675 971 1144 1039 quemadmodum
1208 974 1264 1029 in
1315 992 1407 1032 xxi
1462 977 1672 1047 psalmo
1723 980 2024 1036 declaravi.

2143 1000 2224 1046 τες
2252 983 2314 1037 τό
2348 999 2363 1014 ·
2404 983 2723 1050 Φοϐηθήτω
2749 981 2826 1049 δὴ
2853 981 2955 1036 ἀπ’
2981 981 3167 1035 αὑτοῦ
3193 981 3356 1035 ἅπαν
3384 981 3449 1033 τὸ
3473 980 3672 1047 σπέρμα

449 1073 592 1126 mus,
634 1072 978 1131 exponentes
1021 1067 1356 1124 versiculum
1414 1070 1566 1124 illiilli
1605 1089 1620 1126 :
1656 1071 1860 1128 Timeat
1903 1090 2022 1128 eum

2144 1074 2395 1144 Ἰσραήλ
2416 1091 2429 1104 '
2481 1075 2589 1129 ἀπὸ
2616 1074 2674 1128 δὲ
2702 1074 2796 1128 τοῦ
2820 1074 2915 1128 νῦν
2948 1073 3148 1134 αἰῶνος
3171 1073 3267 1126 καὶ
3296 1071 3428 1142 ἄχρι
3462 1071 3551 1122 τοῦ
3575 1073 3672 1140 μέλ-

447 1167 600 1204 omne
637 1168 812 1208 semen
845 1153 1040 1211 Israel.
1083 1155 1413 1217 Laudandus
1451 1171 1632 1216 autem
1680 1163 1750 1219 ab
1786 1164 1890 1220 hoc
1921 1181 2026 1221 sa:-

2143 1175 2336 1233 iov'roc.
2371 1165 2506 1223 Εἶτα
2538 1169 2828 1240 ἐπεύχεται
2877 1168 3107 1238 ταχῦναι
3157 1167 3252 1219 τοῦ
3303 1164 3569 1218 Δεσπότου
3597 1163 3673 1231 τὴν

445 1239 574 1295 culo
605 1256 784 1313 usque
809 1244 878 1300 ad
913 1245 1182 1302 futurum.
1218 1249 1298 1306 Ac
1339 1250 1559 1306 demum
1591 1262 1730 1320 orat,
1768 1264 1825 1312 et
1879 1257 2024 1313 votis

2143 1263 2566 1334 ivavﬂptbrmatv,
2627 1239 2703 1316 ὲν
2740 1261 2818 1332 τῷ
2857 1262 3063 1324 εἰπεῖν,
3129 1260 3396 1322 Γένοιτο,
3458 1258 3673 1326 γένοιτο.

445 1333 704 1390 omnibus
738 1337 922 1405 poscit
953 1338 1194 1394 futuram
1237 1342 1381 1397 hanc
1424 1343 1640 1399 Domini
1692 1346 2025 1403 incarnatio-

2143 1354 2349 1408 Νοεῖται
2371 1355 2427 1409 δὲ
2453 1356 2525 1410 τὰ
2545 1355 2809 1424 ρηθέντα
2843 1369 2857 1383 ⁸
2885 1354 3142 1408 ἐπίτασιν
3160 1353 3216 1406 δὲ
3247 1352 3414 1421 εὐχῆς
3473 1353 3500 1403 ό
3519 1349 3673 1402 διπλα-

445 1439 594 1489 nem,
625 1427 692 1482 de
718 1444 825 1498 qua
847 1444 1012 1501 supra
1041 1432 1256 1489 locutus
1285 1443 1391 1501 est,
1411 1451 1576 1505 quam
1605 1438 1858 1495 celeriter
1881 1439 2024 1507 ﬁeri,

2135 1444 2362 1514 σιασμὺς
2393 1445 2486 1498 τοῦ
2517 1446 2764 1500 Γένοιτο
2793 1447 3054 1518 παριστᾷ.

443 1516 633 1574 dicens
677 1519 879 1586 :Fi‘at,
917 1523 1035 1589 ﬁat.
1072 1522 1437 1596 lntelligimus
1494 1529 1639 1584 enim
1687 1530 2017 1601 Prophetam
2057 1542 2250 1607 optare
2283 1537 2336 1592 id
2381 1538 2528 1608 quod
2561 1539 2817 1608 superius
2872 1516 3032 1592 dixit.
3109 1537 3201 1591 Illa
3266 1544 3453 1590 autem
3508 1533 3674 1602 repeti-

446 1611 525 1666 tio
575 1615 752 1679 verbi,
827 1615 974 1684 Fiat,
1037 1621 1306 1678 orationis
1368 1624 1734 1680 intensionem
1789 1628 2152 1689 demonstrat.

659 1707 728 1763 In
767 1712 926 1782 ﬁnem
962 1714 1017 1768 in
1050 1715 1460 1786 intelligentiam
1499 1719 1628 1788 filiis
1656 1719 1808 1777 Care.

978 1807 1301 1867 PSALMUS
1348 1809 1484 1866 XLI.

2232 1733 2335 1798 Εἰς
2369 1730 2436 1785 τὸ
2466 1731 2642 1798 τέλος
2669 1733 2755 1796 είς
2791 1730 3052 1784 σύνεσιν
3089 1727 3211 1793 τοῖς
3237 1728 3393 1792 υἱοῖς
3436 1725 3590 1794 Κορέ.

2669 1822 2964 1877 ΨΑΛΜΟΣ
3008 1822 3145 1876 MA'.

519 1893 595 1950 De
627 1896 750 1952 liliis
789 1898 930 1955 Core
977 1901 1217 1958 diximus
1271 1903 1325 1962 in
1383 1904 1658 1962 Prommio
1695 1911 1902 1977 operis.
1962 1909 2027 1966 1η

2202 1919 2345 1991 Περὶ
2379 1921 2478 1989 μὲν
2500 1917 2611 1972 τῶν
2642 1916 2778 1970 υἱῶν
2839 1915 3008 1986 Κορὲ,
3049 1914 3469 1984 προειρήκαμεν
3521 1912 3572 1965 ὲν
3617 1908 3678 1977 τῷ

447 1985 603 2053 finem
631 1987 959 2045 inscribitur
987 2002 1214 2064 propter
1257 1995 1595 2066 prophetias,
1627 2013 1751 2069 quae
1781 1999 1870 2056 hic
1891 2015 2028 2058 eon-

449 2077 715 2143 tinentur.
751 2093 805 2138 et
843 2084 909 2137 ad
943 2085 1102 2140 linem
1160 2087 1483 2146 tendebant.
1524 2089 1660 2146 Cum
1699 2093 1844 2149 enim
1875 2094 2025 2151 futu-

449 2185 572 2224 rum
607 2185 774 2238 esset,
806 2183 864 2228 ut
908 2175 1261 2234 Hebra'orum
1297 2183 1535 2252 populus
1568 2183 1640 2239 ob
1668 2187 1886 2256 prepria
1928 2189 2028 2245 de-

449 2263 574 2319 licta
611 2266 679 2320 ab
707 2267 949 2338 Assyriis
978 2271 1029 2323 in
1062 2270 1390 2343 Babylonem
1423 2276 1681 2344 captivus
1708 2277 2025 2345 duceretur,

449 2356 537 2410 ubi
563 2373 668 2412 ιη
693 2360 858 2414 annis
885 2361 1142 2417 detentus
1175 2371 1279 2426 est,
1317 2364 1625 2433 praevidens
1694 2367 1800 2422 hoc
1827 2367 2026 2425 beatus

449 2448 644 2511 David.
685 2459 872 2520 utpote
911 2453 1239 2522 prnphetico
1301 2455 1516 2512 adlatus
1571 2458 1791 2530 spiritu,
1847 2461 1920 2532 pii
1967 2477 2030 2517 ac

450 2539 690 2611 religiosi
727 2542 1111 2613 cujuscunque
1146 2543 1321 2600 Judaei
1375 2547 1429 2600 in
1477 2550 1798 2618 captivitate
1827 2553 2031 2621 degen-

451 2632 520 2686 tis
575 2647 870 2700 personam
930 2635 1119 2702 sumit,
1159 2637 1215 2690 in
1252 2640 1508 2708 praesenti
1549 2642 1783 2709 psalmo,
1853 2644 2028 2698 veluti

451 2722 712 2786 Daniclis,
749 2723 1069 2790 Ezechielis,
1105 2728 1270 2783 trium
1299 2746 1619 2800 puerorum.
1652 2743 1708 2788 et
1736 2733 2023 2803 similium,

453 2820 505 2867 et
531 2823 717 2870 narrat
739 2831 860 2885 qua:
889 2827 1019 2873 tunc
1039 2821 1310 2891 temporis
1344 2824 1689 2893 contigerint.
1755 2825 1824 2880 In
1875 2828 2032 2884 intel-

453 2903 727 2971 ligentiam
755 2920 886 2960 vero
927 2906 1090 2973 dixit,
1118 2908 1402 2980 judicans,
1429 2914 1576 2983 quod
1612 2915 1706 2986 qui
1740 2916 1882 2973 inter
1910 2918 2032 2974 illos

455 2993 650 3062 majori
678 3006 834 3051 erant
867 2997 1076 3067 praediti
1106 2990 1489 3073 intelligentia,
1525 3005 1660 3071 haec,
1708 3017 1805 3063 aut
1838 3008 2034 3080 hujus-

454 3086 600 3140 modi
644 3089 810 3143 verba
835 3089 902 3146 ad
942 3089 1107 3146 Deum
1140 3093 1475 3151 clamabant.
1531 3097 1646 3162 Vel,
1701 3115 1764 3155 ea
1795 3103 2030 3168 ratione,

460 3180 584 3246 quia
624 3181 690 3235 ad
721 3182 1133 3254 percipiendum
1161 3185 1330 3242 t0tius
1359 3188 1556 3258 psalmi
1591 3205 1838 3260 sensum,
1861 3195 2031 3249 multa

459 3274 646 3328 lectori
681 3289 819 3342 opus
851 3285 935 3332 est
973 3276 1355 3349 intelligentia.

532 3368 699 3424 Vatis.
728 3369 785 3426 2.
818 3369 1282 3436 Quemadmodum
1314 3374 1583 3430 desiderat
1637 3393 1791 3431 cerva
1820 3376 1890 3429 ad
1917 3376 2037 3446 fon.

460 3469 532 3515 tes
567 3477 848 3530 aquarum,
879 3461 956 3515 ita
988 3461 1256 3519 desiderat
1288 3466 1470 3521 anima
1498 3484 1610 3522 mea
1639 3467 1708 3522 ad
1760 3478 1833 3530 te,
1872 3465 2036 3523 Deus.

459 3550 718 3607 Ardentis
778 3552 1041 3609 desiderii
1084 3554 1489 3610 vehementiam
1525 3559 1817 3613 ostendere
1851 3558 2041 3613 volens

459 3643 758 3714 Propheta,
808 3661 1032 3702 cervam
1065 3661 1333 3717 perquam
1370 3648 1707 3704 sitibundam
1761 3651 1817 3704 in
1850 3666 2038 3729 excin-

460 3735 610 3805 plum
643 3738 914 3805 sumpsit;
963 3754 1086 3809 quae
1111 3753 1234 3794 cum
1265 3749 1320 3795 et
1348 3749 1542 3811 suapte
1585 3753 1782 3796 natura
1811 3743 2036 3799 calidis-

461 3827 599 3884 sima
626 3829 719 3893 sit,
743 3840 801 3883 et
829 3829 1105 3898 reptilium
1139 3845 1202 3885 ac
1237 3840 1560 3902 serpentum
1595 3831 1880 3898 carnibus,
1913 3835 2039 3905 qui-

461 3923 566 3977 bus
594 3922 738 3978 vesci
779 3921 940 3988 solet,
974 3922 1152 3992 magis
1181 3922 1348 3976 etiam
1377 3923 1730 3990 incendatur,
1767 3941 2036 3996 aquarum

461 4013 646 4070 fontes
680 4028 843 4083 quam
878 4012 1117 4069 maxime
1145 4024 1316 4082 amat,
1375 4025 1430 4070 et
1479 4017 1630 4072 circa
1687 4033 1785 4074 eos
1820 4033 2041 4088 semper

462 4106 666 4161 versari
699 4107 868 4174 cupit.
910 4106 1230 4164 Desiderare
1261 4115 1446 4164 autem
1481 4109 1570 4164 hic
1603 4109 1782 4180 posuit
1807 4124 1908 4179 pro
1937 4109 2043 4164 Fe-

2120 2011 2406 2083 ,προοιμίῳ
2441 2011 2542 2081 τῆς
2566 2009 2850 2081 παρούσης
2885 2007 3092 2078 βίϐλου.
3147 2009 3250 2070 Εἰς
3307 2005 3374 2056 τὸ
3439 2003 3601 2067 τέλος
3633 2002 3678 2055 δὲ

2129 2105 2570 2174 ἐπιγέγραπται,
2616 2102 2704 2156 διὰ
2751 2100 2851 2165 τὰς
2909 2102 2969 2153 ὲν
3010 2097 3185 2168 τούτῳ
3239 2096 3588 2166 προφητείας,
3617 2094 3679 2152 εἰς

2127 2196 2280 2260 τέλος
2341 2195 2728 2266 ἔπειγομένας.
2785 2191 2941 2245 Ἐπεὶ
3000 2189 3109 2258 γὰρ
3173 2187 3404 2256 ἔμελλον
3473 2186 3678 2253 Ἑϐραῖοι

2129 2291 2342 2362 χρόνοις
2364 2287 2592 2359 ὕστερον
2613 2286 2765 2355 παρὰ
2784 2283 3148 2338 Βαϐυλωνίων
3172 2279 3678 2350 αἰχμαλωτισθῆναι,

2129 2383 2217 2436 διὰ
2243 2381 2344 2445 τὰς
2378 2380 2613 2448 ἀνομίας
2640 2377 2844 2442 αὐτῶν,
2879 2375 2975 2430 καὶ
2997 2373 3284 2440 διαγαγεῖν
3334 2369 3676 2438 ἑϐδομήκοντα

2132 2477 2228 2544 ἐτη
2260 2477 2318 2528 ἐν
2379 2470 2710 2537 Βαϐυλῶνι,
2773 2465 3023 2537 κινηθεὶς
3086 2465 3191 2518 ὑπὸ
3242 2461 3339 2515 τοῦ
3402 2456 3678 2530 διορατικοῦ

2134 2567 2446 2637 πνεύματος
2485 2566 2512 2617 ό
2570 2562 2757 2625 Δαϐὶδ,
2806 2559 3067 2614 ἀνέλαϐεν
3124 2556 3424 2627 πρόσωπον
3485 2552 3680 2604 ἑκάστου

2134 2659 2244 2712 τῶν
2283 2655 2691 2727 εὐσεϐεστὲρων
2728 2655 2787 2706 ἐν
2833 2653 2948 2714 τοῖς
3004 2649 3395 2720 αἰχμαλώτοις,
3452 2640 3556 2697 οἷον
3606 2639 3679 2693 τοῦ

2133 2749 2353 2820 Δανιὴλ,
2381 2747 2475 2802 τοῦ
2529 2745 2811 2816 Ἰεζεκιὴλ,
2842 2744 2952 2797 τῶν
2975 2742 3143 2812 τριῶν
3180 2739 3410 2801 παίδων,
3458 2737 3548 2789 καὶ
3597 2733 3683 2786 τῶν

2135 2843 2416 2904 τοιούτων,
2449 2839 2544 2894 καὶ
2573 2840 2639 2894 τὰ
2671 2837 3018 2911 προκείμενα
3068 2834 3292 2898 διέξεισι
3314 2849 3329 2861 ο
3392 2831 3454 2883 τὸ
3501 2829 3569 2889 δὲ,
3603 2828 3683 2890 Εἷς

2135 2938 2416 3001 σύνεσιν,
2436 2935 2748 3006 πρόκειται,
2772 2932 3062 2993 διδάσκων,
3092 2929 3173 2982 ὅτι
3201 2924 3540 2984 συνετισθεὶς
3581 2922 3682 2974 ἕκα-

2136 3047 2262 3095 στος
2309 3028 2514 3090 αὐτῶν,
2550 3025 2723 3081 ταῦτα
2775 3023 2905 3075 ἐϐόα
2957 3018 3094 3089 πρὸς
3141 3019 3319 3072 Θεόνο
3367 3015 3404 3087 ἦ
3431 3017 3509 3068 ὅτι
3555 3010 3685 3083 χρεία

2139 3124 2410 3184 συνέσεως
2439 3124 2552 3183 τοῖς
2588 3115 3030 3187 ἀναγινώσκουσι
3052 3111 3252 3167 ταῦτα.

2213 3372 2318 3424 Ὃν
2344 3367 2572 3436 τρόπον
2600 3361 2878 3419 ἐπιποθεῖ
2900 3362 2939 3430 ἡ
2965 3360 3195 3429 ἔλαφος
3218 3355 3318 3410 ἐπὶ
3360 3354 3470 3422 τὰς
3521 3349 3688 3420 πηγὰς

2136 3460 2257 3516 τῶν
2284 3458 2540 3524 ὑδάτων,
2565 3457 2755 3522 οὕτως
2785 3451 3060 3508 ἐπιποθεῖ
3110 3452 3148 3519 ἠ
3199 3447 3372 3518 ψυχή
3411 3465 3526 3516 μου
3564 3442 3688 3512 πρὸς

2138 3553 2234 3616 σὲ,
2259 3555 2292 3608 ό
2313 3552 2480 3618 Θεός.
2528 3551 2603 3603 Τὸ
2643 3545 2876 3618 σφοδρὸν
2911 3545 3011 3613 τῆς
3041 3540 3343 3611 ἐπιθυμίας
3366 3539 3688 3609 παραστῆσαι

2143 3644 2492 3717 βουλόμενος,
2518 3638 2876 3712 παράδειγμα
2919 3635 3022 3704 τὴν
3051 3625 3500 3703 διψητικωτᾶτην
3525 3627 3688 3717 ἔλαφον

2145 3715 2362 3790 ἔλαϐεν.
2393 3729 2546 3797 Αὕτη
2570 3729 2680 3801 γὰρ
2711 3727 2872 3798 φύσει
2903 3721 3039 3780 οὖσα
3091 3721 3294 3794 θερμὴ,
3353 3719 3449 3774 καὶ
3521 3715 3692 3787 μᾶλλον

2145 3825 2482 3896 ὲκκαιομὲνη
2511 3824 2634 3887 ταῖς
2671 3819 2834 3890 σαρξὶ
2867 3819 2975 3873 τῶν
3003 3816 3202 3886 ὄφεων,
3240 3814 3338 3877 οὓς
3367 3812 3456 3866 ἀεὶ
3515 3806 3694 3874 λαφύσ-

2147 3939 2251 3989 σει,
2305 3919 2549 3990 σφοδρδν,
2580 3917 2695 3987 ἔχει
2741 3914 2852 3969 τῶν
2895 3912 3088 3982 πηγῶν
3153 3909 3246 3963 τὸν
3301 3907 3505 3976 ἔρωτα.
3558 3902 3622 3954 Τὸ
3647 3898 3693 3950 δὲ

2144 4015 2474 4078 Ἐπιποϐεῐ,
2532 4013 2790 4082 σημαίνει
2843 4008 2906 4063 τὸ
2957 4006 3208 4070 Σπεύδει,
3269 4003 3366 4057 καὶ
3420 3999 3692 4065 ἐπείγεται,

2145 4107 2289 4162 κατὰ
2315 4105 2409 4160 τὸν
2453 4104 2690 4158 Ἀκύλαν
2724 4117 2739 4134 ·
2766 4101 2922 4170 Πρὸς
2942 4099 3019 4154 σὲ
3046 4098 3126 4164 δὲ,
3145 4095 3393 4167 δηλονότι
3423 4093 3513 4146 τὸν
3539 4103 3694 4143 κατοι-

461 4199 709 4264 stinare;
755 4197 820 4253 Et
852 4199 924 4252 ita
954 4197 1154 4269 Aquila
1203 4199 1470 4255 reddidit.
1516 4200 1580 4254 Et
1611 4200 1760 4270 quod
1793 4201 1914 4255 ait:
1953 4199 2033 4255 Ita

2143 4197 2347 4254 κοῢντα
2383 4197 2451 4251 τὰ
2473 4199 2533 4250 ὲν
2567 4194 2964 4266 Ἰερουσαλήμ·
3013 4191 3072 4244 ὲν
3128 4185 3414 4243 Βαϐυλῶνι
3463 4184 3566 4253 γὰρ
3611 4179 3694 4230 οὐκ

462 4289 732 4345 desiderat
760 4293 941 4346 anima
973 4307 1090 4346 mea
1119 4291 1188 4346 ad
1221 4300 1289 4358 te,
1333 4291 1580 4362 inquam,
1613 4291 1951 4348 habitantem
1986 4293 2033 4349 in

2143 4293 2316 4363 ᾤοντο
2349 4288 2493 4345 εἶναι
2523 4288 2711 4356 αὐτὸν,
2760 4286 2849 4341 διὰ
2892 4285 2992 4356 τὴν
3053 4281 3154 4352 τῆς
3207 4279 3395 4351 χώρας
3442 4271 3695 4330 εἰδωλολα-

461 4381 790 4439 Jerusalem.
827 4381 1064 4439 Putabat
1103 4384 1248 4439 enim
1287 4383 1526 4454 populus
1558 4384 1650 4454 qui
1678 4384 1732 4438 in
1767 4382 2043 4454 Babylone
2141 4384 2347 4456 τρείαν.

461 4480 602 4539 erat,
633 4489 694 4531 se
716 4474 903 4530 divina
928 4474 1363 4545 praesentia-illic
1397 4473 1522 4530 ideo
1553 4473 1660 4529 l‘rui
1698 4489 1810 4529 non
1887 4489 2074 4546 posse,
2115 4475 2246 4544 quia
2307 4477 2460 4546 regio
2513 4473 2602 4529 illa
2653 4471 2910 4528 universa
2965 4471 3235 4526 idolorum
3324 4462 3492 4522 cultui
3537 4460 3696 4515 deser-

463 4569 626 4624 viret.

538 4661 702 4716 Vens.
734 4662 787 4716 3.
826 4660 1007 4717 Sitivit
1036 4662 1217 4716 anima
1252 4677 1368 4717 mea
1407 4664 1478 4717 ad
1517 4664 1684 4717 Deam
1721 4663 1916 4732 fortem
1969 4661 2047 4716 υἱ-
2081 4663 2126 4718 D
2236 4660 2567 4727 Ἐδίψησεν
2604 4660 2642 4724 ἠ
2691 4660 2864 4724 ψυχή
2923 4669 3040 4723 μου
3079 4660 3229 4718 πρὸς
3287 4660 3395 4702 τον
3441 4660 3581 4740 cisiis-
3613 4660 3676 4740 te:

469 4764 689 4810 ventem.
743 4753 946 4822 Sitivit,
982 4755 1033 4810 id
1069 4763 1174 4822 est,
1200 4754 1370 4810 Valde
1405 4756 1743 4827 concupivit.
1776 4756 1856 4811 lla
1890 4755 2033 4811 undi

2153 4753 2430 4821 ἰσχυρὸν,
2487 4749 2598 4803 τὸν
2644 4747 2852 4809 ζῶντα.
2915 4773 2988 4786 —-
3044 4742 3402 4810 Ἔδίψησεν,
3461 4734 3576 4792 ἀντὶ
3599 4734 3698 4827 τοῦ,

473 4861 586 4917 que
613 4845 874 4902 desiderii
926 4845 1180 4902 ardorem
1220 4847 1482 4903 ostendit.
1523 4825 1744 4903 Fortem
1780 4855 1966 4902 autem
1997 4859 2033 4900 et

2167 4843 2619 4916 Ἐπιθυμητικῶς
2636 4842 2761 4917 ἔσχε
2786 4857 2800 4872 ο
2819 4838 2883 4894 τὸ
2905 4838 3016 4909 γὰρ
3048 4834 3276 4896 διακαὲς
3298 4835 3400 4902 τῆς
3437 4825 3701 4917 ἐπιθυμίας

470 4914 746 4993 viventem
771 4936 945 4994 Deum
976 4939 1216 5010 appellat
1269 4949 1490 5010 propter
1515 4941 1764 4996 inﬁrmos
1803 4957 1867 4996 ac
1901 4954 2033 4994 mori

2151 4942 2184 5012 ἠ
2223 4914 2660 5009 λέξιςγὲμφαίνειμ
2680 4914 2705 4967 ον
2733 4933 2953 5004 ίσχυρδν
2981 4931 3038 4983 δὲ
3067 4928 3164 4983 καὶ
3217 4927 3402 5023 ζῶντα
3430 4923 3569 5023 λέγει
3609 4914 3701 5023 ,τὸν

469 5037 597 5085 tuos
655 5029 946 5102 Babylonis
1009 5006 1167 5087 deos.
1213 5006 1448 5098 Quidam
1498 5047 1564 5088 ex
1619 5035 1722 5086 boc
1779 5030 2033 5088 versiculi

2156 5033 2311 5095 Θεὸν,
2340 5032 2428 5085 διὰ
2459 5032 2585 5092 τοὺς
2611 5027 2862 5088 ἀσθενεῖς
2895 5024 2990 5077 καὶ
3015 5021 3244 5090 νεκροὺς
3292 5016 3450 5077 θεοὺς
3475 5011 3579 5064 τῶν
3608 5006 3702 5117 Βῖ-

469 5130 753 5193 sumptum
783 5137 908 5180 esse
938 5123 1131 5180 dicunt
1169 5123 1433 5196 hymnum
1473 5124 1648 5190 illuni,
1691 5139 1854 5194 quem
1881 5120 2033 5177 Graec

2158 5125 2459 5178 ϐυλωνίων.
2487 5121 2644 5184 Τινὲς
2677 5119 2735 5172 δέ
2771 5134 2938 5187 φασιν
2965 5112 3220 5168 ἐντεῦθεν
3264 5103 3588 5178 πεποιῆσθαι
3629 5097 3703 5148 τὸν

471 5213 767 5284 Trisagion
811 5221 1016 5269 vocant
1061 5212 1212 5286 [quo
1270 5213 1500 5269 laudare
1558 5213 1804 5268 solemus
1863 5213 2029 5266 Deum

2160 5216 2332 5286 ’ὕμνον
2359 5214 2454 5268 τοῦ
2484 5211 2801 5284 Τρισαγίου.

471 5306 720 5362 dicentes
749 5322 764 5360 :
796 5303 1026 5362 Sanctus
1055 5306 1213 5372 Deus,
1238 5314 1458 5360 saucius
1490 5305 1672 5376 fortis,
1705 5313 1922 5359 sanctus
1957 5305 2060 5357 im-

473 5397 772 5469 mortalia]
3468 5469 3476 5470 ί
3681 5459 3702 5470 _

547 5397 742 5452 malis.

547 5395 776 5556 artandi];
828 5490 1057 5554 ueniam,
1089 5499 1139 5544 et
1181 5489 1444 5560 apparebo
1497 5498 1624 5544 ante
1677 5487 1870 5558 faciem
1911 5487 2006 5543 Dei

2231 5486 2383 5541 Πότε
2437 5483 2565 5551 ἥξω
2610 5481 2708 5536 καὶ
2752 5477 3092 5550 ὀφθήσομαι
3151 5473 3232 5542 τῷ
3288 5469 3575 5572 aparchen.)
3611 5459 3705 5572 ff?!

443 5637 446 5642 _
476 5577 616 5650 [Hoc
638 5589 744 5649 est,
772 5591 897 5636 ante
927 5581 1109 5651 ipsum
1138 5555 1360 5653 Deum]
1388 5555 1848 5652 Concupiseenlis
1873 5592 2033 5633 sermi

2176 5577 2366 5642 Θεοῦ;
2408 5573 2836 5645 Ἐπιθυμοῦντος
2866 5574 2894 5626 ὁ
2931 5570 3092 5639 λόγος
3121 5585 3138 5601 ο
3167 5568 3330 5629 Πότε,
3396 5562 3569 5633 φησιν,
3607 5555 3706 5654 ἡξει)

476 5682 564 5727 est
595 5691 611 5728 :
643 5673 899 5738 Quando,
931 5673 1130 5745 inquit,
1166 5674 1383 5730 veniam
1416 5674 1482 5728 ad
1513 5681 1566 5729 te
1586 5675 1640 5728 in
1663 5671 1976 5740 Jerusalem,
2002 5685 2031 5724 e

2167 5670 2306 5736 πρὸς
2381 5667 2439 5722 σὲ
2491 5665 2604 5738 (51)
2652 5666 2708 5720 ἑν
2772 5660 3152 5737 Ἰερουσαλὴυ..
3187 5658 3286 5714 καὶ
3318 5656 3610 5727 ὀφθήσομαι
3642 5660 3706 5718 τῳ

2236 4659 2567 4727 Ἐδίψησεν
2604 4657 2642 4724 ή
2691 4653 2864 4724 ψυχή
2923 4669 3040 4723 μου
3079 4649 3229 4718 πρὸς
3287 4649 3395 4702 τὸν
3441 4645 3581 4701 Θεὸν
3613 4641 3702 4694 τεν

563 5881 566 5883 λ
1800 5853 1995 5916 Variae
2039 5850 2370 5916 lectiones.

550 5961 667 6035 (fil)
692 5961 780 6018 Al.
808 5957 878 6015 Ὦ
911 5961 1293 6030 Ἰερουσαλήμ.
