3806 6542
182 500 282 563 460

1334 491 1718 555 COMMENT.
1755 493 1839 555 IN
1873 492 2236 555 PSALMOS.

3315 493 3423 556 470

180 613 454 685 προσώπῳ
483 611 578 666 τοῦ
609 609 782 676 Θεοῦ;
818 607 1120 673 τουτέστιν,
1150 606 1227 678 τῷ
1260 606 1380 676 Θεῷ
1400 648 1414 671 ,
1446 607 1590 660 κατὰ
1656 623 1735 660 πε

1857 607 2132 678 apparebo
2164 623 2348 664 coram
2390 617 2463 674 te,
2495 608 2735 665 adorans
2759 608 3020 663 nimirum
3049 615 3102 663 et
3127 607 3317 662 colens
3350 618 3425 667 te.

181 709 438 778 ρίφρασιν
477 723 493 737 ·
522 704 840 775 ὀφθήσομαι
886 703 966 766 δὲ,
999 701 1087 753 διὰ
1119 699 1218 768 τῆς
1251 700 1308 751 έν
1355 699 1433 768 τῷ
1477 699 1588 768 ναῷ
1649 699 1746 751 λα-

179 799 362 866 τρείας
418 799 512 852 καὶ
564 797 989 868 παραστάσεως,
1019 794 1158 864 ὅπερ
1193 791 1294 845 οὐκ
1323 789 1469 844 ἐστιν
1493 790 1550 842 έν
1573 789 1751 843 Βαϐυ-

180 900 328 943 mw.
399 900 404 908 '

255 1070 551 1138 Ἔγενήθη
581 1069 652 1122 τὰ
691 1068 920 1135 δάκρυα
963 1065 1093 1136 ἐμοὶ
1148 1066 1330 1133 ἄρτος
1380 1063 1604 1132 ἡμέρας
1652 1063 1747 1115 καὶ

176 1170 413 1232 νυκτὸς,
441 1168 513 1220 ἐν
556 1165 636 1230 τῷ
656 1164 944 1232 λέγεσθαι
970 1181 1071 1233 μοι
1121 1164 1252 1217 καθ’
1307 1159 1572 1228 ἑκάστην
1610 1157 1750 1228 ἠμέ-

169 1276 286 1327 par
318 1274 335 1290 '
373 1257 502 1311 Ποῦ
530 1258 702 1310 ἐστιν
729 1260 762 1309 ό
795 1255 939 1321 Θεός
977 1269 1133 1317 σονς
1186 1253 1277 1305 Ἐν
1322 1252 1402 1322 τῷ
1465 1251 1749 1315 ὀνειδίζειν

176 1367 262 1418 μοι
291 1350 425 1410 τοὺς
452 1347 833 1410 Βαϐυλωνίους
853 1347 950 1400 τοῦ
980 1345 1119 1398 Θεοῦ
1153 1363 1257 1416 μου
1292 1343 1600 1408 ἀσθένειαν,
1627 1343 1750 1408 ἐγέ-

169 1441 320 1492 νοντό
356 1457 450 1509 μοι
476 1439 545 1492 τὰ
575 1438 792 1507 δακρυά
823 1454 926 1506 μου
957 1437 1142 1506 ἄρτος,
1191 1435 1289 1506 οὐχ
1319 1435 1444 1489 ὅσον
1493 1435 1576 1498 εἰς
1622 1433 1749 1504 τρό-

167 1535 296 1603 om
339 1533 460 1586 ἀλλ’
492 1533 616 1586 ὅσον
638 1534 718 1594 εἰς
746 1530 950 1601 ὄρεξιν.
995 1530 1301 1599 Ὠρεγόμην
1332 1528 1443 1598 γὰρ
1467 1527 1746 1599 δακρύων,

160 1623 238 1685 ὡς
296 1625 494 1694 ἄρτου,
548 1623 641 1676 καὶ
693 1618 833 1694 ἦσάν
900 1639 990 1692 μοι
1039 1622 1314 1689 ἀναγκαῖα
1359 1620 1555 1684 ταῦτα,
1606 1620 1747 1690 ώςή

158 1715 343 1784 τροφὴ
379 1717 547 1769 πᾶσιν
574 1713 910 1784 ἀνθρώποις.
950 1711 1012 1765 Ἦ
1031 1711 1088 1765 δὲ
1117 1711 1342 1782 τοιαύτη
1375 1711 1557 1781 ὄρεξις
1588 1711 1684 1765 καὶ
1715 1711 1748 1781 ἡ

153 1805 411 1876 ἀνάγκη,
477 1806 538 1859 οὐ
601 1806 764 1876 μόνον
822 1805 882 1858 έν
931 1805 1116 1876 ἡμέρᾳ
1160 1798 1324 1874 ἦσαν,
1373 1803 1507 1857 ἀλλὰ
1553 1803 1648 1857 καὶ
1689 1804 1749 1856 ἓν

152 1897 344 1950 νυκτί.

1857 701 2163 773 seduloque
2194 700 2293 756 tibi
2331 701 2621 762 assistens.
2670 710 2724 757 et
2783 702 2889 754 alia
2926 691 3159 765 faciens,
3214 713 3337 770 quae
3371 701 3425 754 in

1855 795 2056 864 templo
2096 802 2192 850 tuo
2219 793 2335 850 fieri
2369 793 2564 851 decet?
2603 792 2875 850 Uuiverso
2904 795 3048 849 enim
3096 794 3198 849 hoc
3226 792 3426 848 solatio

1852 887 2154 956 privamur,
2215 894 2504 958 postquam
2550 885 2641 942 hic
2692 885 2970 956 Babylone
3020 884 3220 954 captivi
3270 882 3426 954 degi-

1853 997 1997 1036 "IIIS.

1927 1075 2090 1132 Vens.
2119 1075 2174 1130 4.
2212 1074 2452 1129 Fuerunt
2480 1074 2609 1129 mihi
2639 1076 2891 1144 lacryma:
2923 1088 3050 1128 mea:
3071 1072 3224 1139 panis
3251 1071 3336 1124 die
3363 1086 3426 1123 ac

1851 1180 2022 1234 nocte,
2049 1169 2176 1222 dum
2205 1169 2404 1224 dicitur
2420 1170 2551 1223 mihi
2566 1170 2800 1240 quotidie
2823 1185 2841 1222 :
2867 1166 2968 1222 Ubi
2989 1175 3066 1222 est
3095 1164 3235 1220 Deus
3264 1172 3384 1218 tuus
3401 1164 3427 1217 .’

1851 1257 1990 1312 Dum
2024 1257 2332 1329 Babylonii,
2369 1259 2570 1329 inquit,
2601 1258 2692 1314 Dei
2733 1258 2838 1312 mei
2875 1257 3260 1328 impotentiam
3291 1254 3425 1309 milii

1851 1350 2274 1420 exprobrarent,
2320 1351 2572 1422 lacryma’.
2601 1349 2994 1405 meminerunt
3053 1346 3187 1402 mihi
3244 1346 3423 1416 panis,

1853 1458 1962 1496 non
2002 1443 2146 1513 quod
2176 1425 2273 1498 eis‘
2309 1457 2588 1513 pasccrcr,
2624 1442 2720 1498 sed
2751 1443 2879 1512 quia
2917 1441 3092 1496 instar
3124 1438 3282 1510 panis
3330 1452 3424 1492 eas

1853 1533 2259 1600 desiderabam,
2284 1541 2338 1588 et
2359 1533 2487 1603 quia
2529 1546 2638 1586 non
2671 1547 2833 1588 secus
2863 1531 2994 1584 mihi
3027 1536 3186 1585 erant
3221 1543 3424 1598 oppor-

1853 1637 2000 1683 tunae
2029 1643 2192 1699 quam
2225 1625 2601 1683 esurientibus
2629 1639 2752 1682 esse
2782 1637 2952 1695 panes
2985 1623 3198 1678 soleant
3224 1636 3241 1675 :
3279 1619 3425 1674 unde

1851 1735 2038 1775 earum
2065 1719 2362 1783 desiderio,
2397 1733 2504 1773 non
2535 1717 2773 1772 interdiu
2801 1722 3038 1779 tantum,
3068 1714 3160 1769 sed
3185 1711 3423 1767 assiduis

1852 1813 2016 1868 etiam
2044 1813 2301 1868 noctibus
2333 1811 2643 1866 detinebar.

231 1988 437 2044 Ταῦτα
465 1988 803 2059 ἐμνήσθην,
834 1989 928 2044 καὶ
955 1989 1169 2058 ἑξέχεα
1197 1988 1291 2042 ἐπ’
1317 1987 1422 2058 ἐμὲ
1455 1986 1570 2056 τὴν
1628 1990 1735 2057 ψυ-

1923 1993 2090 2050 Υειιε.
2123 1995 2178 2049 5.
2211 1993 2342 2049 Πατ
2402 1994 2714 2048 recordatus
2754 2008 2898 2058 sum,
2933 2001 2983 2046 et
3035 1990 3197 2060 effudi
3238 1991 3292 2043 in
3345 2005 3428 2043 me

155 2077 283 2147 χήν
300 2095 447 2149 μου.
482 2109 552 2119 -
586 2080 800 2144 Ταῦτα,
822 2083 944 2135 ἀντὶ
965 2079 1062 2132 τοῦ
1089 2077 1350 2140 Τοιαῦτα,
1375 2078 1520 2149 φημὶ
1551 2078 1608 2131 δὲ
1647 2078 1709 2130 τό
1735 2093 1750 2109 ο

156 2169 288 2224 Ποῦ
325 2171 504 2224 ἐστιν
529 2174 562 2226 ό
583 2173 726 2237 Θεός
759 2187 913 2236 σους
970 2171 1219 2240 Ἐξέχεα
1239 2171 1319 2234 δὲ,
1360 2171 1503 2232 ἀντὶ,
1560 2171 1755 2241 ’13χαὺ-

157 2279 310 2316 νωσα
364 2264 424 2316 ὲν
487 2262 717 2335 ἐμαυτῷ
767 2264 866 2333 τὴν
919 2263 1100 2334 ψυχήν
1157 2281 1283 2334 μου,
1317 2263 1601 2333 παρέλυσα
1653 2263 1750 2315 τοῦ

165 2357 320 2409 τόνου
365 2371 380 2386 ·
437 2356 502 2410 τὸ
564 2357 664 2426 μιν
710 2356 820 2426 γὰρ
877 2356 1156 2423 συνεστὸς,
1211 2356 1526 2428 έπέρρωται
1559 2372 1572 2386 ·
1607 2357 1668 2409 τδ
1696 2357 1753 2409 δὲ

169 2450 444 2520 διαρρέον,
469 2449 840 2520 κεχαύνωται.
872 2450 994 2522 Χρὴ
1027 2449 1086 2502 δὲ
1141 2449 1376 2503 καθόλου
1427 2448 1746 2518 γινώσκειν,

170 2545 241 2607 ὡς
275 2543 441 2613 ἡτῶν
486 2545 759 2616 Ἐϐραίων
785 2546 1089 2610 διάλεκτος,
1140 2545 1473 2616 ἀδιαφόρως,
1523 2545 1600 2609 ὡς
1657 2547 1751 2599 ἐπὶ

173 2639 232 2690 τὸ
265 2636 540 2702 πλεῖστον,
569 2641 691 2702 ταῖς
717 2639 1006 2704 συντάξεσι
1037 2639 1328 2710 κέχρηται,
1366 2640 1621 2710 καθάπερ
1652 2642 1748 2692 καὶ

172 2731 264 2782 νῖν
309 2730 398 2784 ἐπ’
446 2730 553 2800 ἐμὲ
617 2732 874 2798 εἰποῦσα,
916 2734 1036 2787 ἀντὶ
1083 2734 1177 2786 τοῦ
1207 2734 1276 2787 ἐν
1307 2733 1458 2802 ἐμοί.
1493 2732 1553 2786 Εἰ
1582 2733 1636 2786 δὲ
1667 2732 1747 2793 τὸ,

173 2821 353 2876 ταῦτα
389 2825 724 2892 ἐμνήσθην,
778 2819 914 2896 πρὸς
945 2827 1036 2880 τὸν
1083 2826 1281 2896 ἐφεξῆς
1317 2826 1497 2896 στίχον
1533 2824 1749 2880 ἀποδώ-

176 2931 310 2977 σεις,
335 2915 518 2986 ἕτερον
550 2918 730 2987 νόημα
775 2920 1050 2988 ποιήσεις,
1100 2919 1184 2972 ὅτι
1239 2916 1412 2970 ταῦτα
1443 2914 1745 2987 ἐμνήσθην,

177 3004 272 3058 καὶ
304 3006 548 3078 διέχυσα,
585 3008 872 3062 τουτέστιν
901 3009 1081 3079 ἀνῆκα
1115 3008 1644 3080 ἐστενοχωρημένην
1689 3011 1747 3063 έν

176 3100 391 3170 ἐμαυτῷ
431 3100 533 3172 τὴν
566 3102 746 3172 ψυχήν
809 3119 934 3169 μου.
987 3100 1176 3155 Ταῦτα
1223 3099 1280 3154 δὲ
1331 3101 1494 3166 ποιεῖ,
1538 3099 1741 3171 δηλαδὴ

173 3191 266 3243 τοῦ
294 3192 482 3262 ἑφεξῆς
518 3193 703 3262 στίχου
736 3209 751 3223 °
787 3193 922 3262 φησὶ
947 3193 1055 3261 γάρ
1083 3209 1100 3224 θ

1850 2090 2086 2143 animam
2119 2104 2311 2143 meam.
2354 2087 2479 2142 llaec
2526 2087 2846 2142 recordatus
2898 2099 3018 2140 sum
3048 2123 3064 2146 ,
3120 2083 3286 2139 verba
3333 2081 3423 2136 illa

1849 2181 2136 2244 nimirum,
2191 2196 2312 2251 qua:
2339 2180 2407 2235 ad
2445 2195 2532 2236 me
2587 2179 2849 2234 dicuntur
2881 2176 3129 2246 quotidie
3162 2193 3176 2230 :
3215 2175 3316 2230 Ubi
3345 2182 3426 2229 est

1852 2272 1993 2328 Deus
2022 2282 2144 2327 tuus
2169 2274 2195 2327 .’
2223 2272 2399 2340 Quam
2428 2272 2499 2327 ob
2530 2286 2755 2328 causam
2791 2269 3001 2340 Eﬁ'udi,
3032 2269 3138 2324 hoc.
3173 2277 3279 2332 εει,
3315 2266 3424 2320 La-

1853 2363 1999 2426 xavi,
2038 2362 2090 2416 in
2125 2378 2211 2417 me
2248 2362 2366 2432 ipso
2416 2363 2657 2417 animam
2719 2375 2920 2424 meam,
2969 2368 3024 2415 et
3052 2359 3420 2414 constantiam

1852 2454 1973 2525 ejus
1997 2469 2216 2510 omnem
2246 2454 2510 2534 dissolvi.
2539 2452 2655 2508 Hac
2703 2463 2888 2510 autem
2918 2452 3207 2508 eﬂ'usionis
3238 2460 3422 2505 trans.

1852 2547 2056 2602 latione
2080 2563 2212 2603 usus
2233 2556 2318 2604 est
2339 2545 2630 2617 Propheta,
2663 2546 2812 2617 quia,
2841 2559 2961 2616 quae
2989 2543 3246 2601 solidiora
3270 2551 3420 2606 sunt,

1853 2638 2094 2693 ﬁrmiora
2128 2647 2293 2708 atque
2326 2639 2701 2694 constantiora
2730 2653 2854 2693 esse
2881 2637 3064 2693 solent
3095 2651 3112 2691 :
3140 2649 3262 2705 quae
3288 2648 3421 2687 vero

1854 2729 2043 2794 liuida,
2072 2731 2322 2786 molliora
2360 2738 2526 2800 atque
2551 2729 2783 2784 laxiora.
2823 2727 2958 2783 Illud
3006 2729 3062 2783 in
3097 2727 3416 2782 universum

1847 2823 2392 2877 animadvertendum
2434 2830 2538 2879 est.
2575 2821 2722 2892 quod
2780 2819 2987 2875 Hebraei
3045 2832 3423 2888 smpenumero

1845 2915 2139 2970 verborum
2183 2912 2699 2969 constructiouibus
2750 2911 3132 2966 indifferenter
3161 2917 3417 2970 utuntur,

1844 3013 1903 3060 nt
1935 3021 2083 3060 nunc
2122 3025 2135 3061 :
2170 3005 2379 3075 E/fudi,
2414 3004 2616 3074 inquit,
2650 3006 2705 3057 in
2745 3020 2847 3066 me,
2873 3018 2972 3072 pro
3005 3003 3152 3056 Intra
3183 3017 3290 3055 me.
3319 3001 3423 3052 Ve-

1844 3113 1965 3152 rum
2009 3099 2056 3153 si
2081 3098 2251 3153 verba
2285 3098 2420 3162 haec,
2456 3097 2787 3152 Recordatus
2839 3111 2976 3157 sum,
3015 3095 3079 3148 ad
3131 3094 3418 3160 sequentia

1846 3190 2175 3254 refcrantur,
2203 3190 2344 3245 alius
2373 3189 2639 3244 ellicictur
2665 3203 2890 3249 sensus,
2945 3186 3203 3240 videlicet
3237 3202 3253 3243 :
3294 3184 3419 3239 llzee.

174 3286 484 3342 recordatus
517 3301 661 3348 sum,
693 3297 747 3341 et
777 3285 1013 3339 animam
1054 3300 1256 3348 meam,
1281 3295 1439 3339 antea
1473 3285 1732 3339 nimirum
1771 3285 2042 3354 angustiis
2106 3291 2463 3346 coarctatam,
2513 3282 2700 3350 eﬂ'udi,
2753 3281 2856 3335 hoc
2889 3288 2992 3343 est,
3061 3279 3294 3340 absolvi,
3363 3286 3420 3329 ιι

183 3383 412 3436 relaxavi
445 3384 496 3436 in
531 3397 616 3437 me
649 3382 789 3453 ipso.
831 3380 964 3448 Qua:
993 3389 1172 3436 autem
1195 3382 1305 3437 sint
1335 3381 1470 3442 lucc.
1503 3397 1624 3451 qua:
1648 3380 1970 3434 rt‘Cordatus
2004 3394 2149 3440 sum,
2175 3379 2326 3433 audi.

241 3482 366 3533 Ὀτι
390 3479 775 3548 διελεύσομαι
805 3478 875 3531 ἐν
910 3479 1073 3544 τόπῳ
1114 3475 1358 3545 σκηνῆς
1393 3475 1735 3544 θαυμαστῆς

1922 3475 2187 3540 Quoniam
2216 3473 2547 3542 pertransibo
2580 3475 2632 3528 in
2670 3475 2783 3527 loco
2816 3474 3146 3529 ωορκ-παινιὶ
3177 3476 3416 3528 admira-

169 3573 279 3638 ἕως
296 3573 575 3627 τοῦοικου
600 3571 705 3626 τοῦ
731 3570 902 3625 Θεοῦ.
923 3569 1036 3640 (5‘2)
1074 3569 1377 3640 Ἐνείσθην,
1407 3569 1563 3638 φησὶ,
1596 3585 1736 3639 μνη-

174 3663 317 3726 σθεὶς
345 3664 426 3716 ὅτι
454 3665 820 3731 περιπατήσω
867 3661 1028 3713 πάλιν
1053 3660 1113 3712 έν
1143 3658 1220 3729 τῷ
1245 3658 1360 3730 ναῷ
1405 3659 1569 3729 μέχρι
1627 3657 1738 3710 τῶν

174 3753 377 3808 ἀδύτων
400 3755 600 3810 αὐτοῦ·
663 3755 872 3822 σκηνὴν
913 3753 1014 3824 μὲν
1044 3751 1154 3824 γὰρ
1208 3751 1528 3822 θαυμαστὴν
1589 3751 1735 3820 λέγει

174 3845 265 3897 τὸν
305 3847 649 3916 περιώνυμον
686 3845 783 3900 τοῦ
837 3844 1186 3915 Σολομῶντος
1239 3844 1366 3898 ναόν
1401 3861 1415 3876 ·
1465 3841 1617 3898 οἷκον
1677 3833 1734 3896 δὲ

176 3937 328 4001 Θεοῦ,
365 3940 428 3992 τὰ
472 3937 642 3992 ἄδυτα
670 3935 764 3990 τοῦ
809 3935 960 3991 ναοῦ.
1024 3935 1170 4006 Πρὸς
1210 3934 1269 3990 δὲ
1315 3933 1416 4007 τὴν
1471 3935 1736 4008 δευτέραν

176 4031 439 4100 ἐξήγησιν,
469 4032 530 4085 τὸ
553 4030 662 4096 ὅτι,
697 4026 1060 4099 βεϐαιωτικὸν
1092 4029 1333 4099 νοήσεις,
1389 4025 1465 4092 ὡς
1523 4044 1733 4098 προςη-

177 4121 411 4186 τεύοντος
459 4121 556 4175 τοῦ
599 4121 877 4190 λέγοντος.
931 4119 1165 4184 Ἀλλως,
1225 4118 1401 4190 σκηνὴ
1459 4119 1580 4189 μὲν,
1611 4121 1644 4191 ἡ
1675 4120 1732 4186 ἐξ

177 4214 323 4280 ἡμῶν
343 4215 466 4283 ἅγια
489 4213 584 4268 τοῦ
613 4214 794 4282 Λόγου
830 4211 1006 4282 σάρξ·
1035 4211 1325 4282 Θαυμαστὴ
1350 4211 1407 4265 δὲ
1441 4209 1600 4282 αὕτη.
1656 4211 1734 4274 ὼς

177 4303 290 4373 δὲχα
321 4308 522 4377 σπορᾶς
564 4307 927 4375 συμπαγείσα
964 4321 979 4334 °
1011 4299 1165 4370 οἶκος
1194 4305 1272 4370 δὲ,
1306 4305 1340 4376 ἡ
1385 4304 1547 4376 νοερὰ
1602 4303 1734 4358 ταῦ·

176 4413 268 4466 της
285 4400 444 4468 ψυχὴ,
474 4399 564 4452 διὰ
593 4399 765 4468 μέσης
795 4399 904 4470 γὰρ
942 4398 1114 4468 αὐτῆς
1142 4400 1170 4451 ό
1207 4397 1340 4461 Θεὸς
1384 4396 1632 4468 ὡμίλησε
1663 4399 1728 4467 τῇ

180 4489 327 4556 σαρκί
357 4505 371 4520 ο
394 4491 553 4551 τόπος
579 4489 659 4554 δὲ,
689 4489 853 4553 αὐτὸς
881 4492 908 4542 ὁ
927 4489 1120 4557 Λόγος,
1143 4489 1200 4541 έν
1223 4487 1402 4559 ἑαυτῷ
1427 4489 1528 4559 τὴν
1557 4505 1730 4558 προσ-

178 4576 458 4647 ληφθεῖσαν
517 4580 682 4649 φύσιν
737 4580 1056 4651 ὑποστήσας
1115 4596 1175 4633 τε
1239 4579 1334 4633 καὶ
1393 4578 1730 4648 πηξάμενος.

180 4672 513 4744 Διελεύσομαι
535 4668 649 4738 οὖν,
675 4673 830 4744 φησὶ,
860 4673 951 4726 διὰ
974 4670 1065 4726 τοῦ
1091 4671 1268 4740 Λόγου
1289 4671 1382 4726 τοῦ
1413 4670 1550 4724 Θεοῦ
1581 4687 1733 4742 χειρ-

182 4765 562 4834 αγωγούμενος,
617 4766 720 4828 ἕως
778 4766 876 4836 τῆς
915 4765 1097 4836 ψυχῆς
1142 4765 1236 4819 τοῦ
1273 4765 1728 4836 προσλήμματος,

1845 3569 1964 3622 bilis
1987 3584 2150 3637 usque
2185 3568 2254 3621 ad
2283 3568 2497 3622 domum
2529 3566 2640 3620 Dei."
2694 3565 2999 3621 Recreatus
3036 3575 3200 3635 atque
3230 3569 3410 3623 anima

1843 3661 2119 3717 relaxatus
2168 3676 2313 3723 sum,
2370 3660 2568 3730 inquit,
2634 3660 2906 3713 memoria
2959 3669 3232 3729 repetens,
3267 3661 3411 3730 quod

1843 3767 2038 3808 rursus
2070 3751 2123 3806 in
2162 3751 2368 3821 templo
2399 3760 2494 3806 tuo
2543 3753 2999 3807 deamlmlaturus
3055 3768 3205 3815 sum,
3255 3763 3308 3808 et
3344 3755 3411 3809 ad

1843 3843 1995 3900 illius
2047 3858 2222 3914 usque
2291 3839 2456 3914 adyta
2504 3852 2895 3914 perventurus.
2962 3845 3062 3899 Per
3089 3845 3414 3902 admirabile

1838 3938 1983 3992 enim
2017 3923 2458 4002 tabernaculum,
2483 3937 2906 3992 celeberrimum
2941 3936 3256 3994 Salomonis
3285 3947 3415 3994 lem-

1840 4027 1989 4098 plum
2031 4027 2306 4097 intelligit,
2350 4036 2404 4083 et
2433 4042 2529 4097 per
2559 4029 2782 4082 domum
2820 4026 2937 4090 Dei.
3009 4029 3172 4101 adyta
3236 4029 3412 4101 ipsius

1839 4119 2049 4190 templi.
2085 4119 2240 4185 Quod
2275 4120 2320 4176 si
2358 4123 2598 4190 priorem
2645 4122 3043 4191 expositionem
3079 4122 3252 4192 magis
3277 4138 3406 4193 pro-

1837 4212 2078 4272 baveris.
2113 4211 2435 4275 dictionem,
2483 4213 2757 4282 quoniam,
2797 4212 3037 4282 iutellige
3075 4212 3166 4266 hic
3224 4213 3412 4282 jacere

1836 4319 1936 4374 pro
1968 4303 2227 4358 adverbio
2258 4303 2645 4369 conﬁrmandi,
2682 4304 2837 4369 juxta
2871 4303 3122 4360 llebraici
3176 4306 3408 4360 idioma-

1838 4396 1908 4449 tis
1939 4395 2423 4461 consuetudinem,
2449 4402 2503 4448 et
2527 4394 2694 4448 verba
2738 4395 2995 4449 versiculi
3032 4396 3409 4466 prophetautis

1835 4486 2003 4539 verba
2033 4500 2179 4539 esse.
2234 4483 2330 4539 Vel
2359 4485 2519 4538 aliter
2556 4501 2570 4537 :
2607 4483 2710 4538 Per
2743 4485 3187 4547 tabernaculum.
3217 4496 3408 4541 sancta

1837 4573 2002 4630 Verbi
2031 4590 2160 4629 caro
2192 4581 2372 4645 potest
2402 4574 2656 4643 intelligi,
2691 4590 2814 4644 qua
2842 4575 3039 4629 merito
3069 4574 3408 4632 admirabilis

1834 4667 1941 4722 dici
1966 4675 2168 4738 potest,
2198 4666 2325 4736 quia
2350 4664 2560 4735 absque
2601 4665 2710 4720 ullo
2733 4668 2946 4720 semine
2981 4674 3242 4722 concreta
3275 4677 3359 4722 est
3387 4684 3403 4732 ;

1835 4768 1889 4816 et
1912 4775 2007 4830 per
2037 4759 2259 4813 domum
2282 4757 2402 4820 Dei,
2461 4757 2640 4812 anima
2670 4757 2818 4812 illius
2849 4757 3056 4822 carnis,
3093 4774 3190 4827 pcr
3241 4774 3402 4828 quam

183 4853 460 4924 φιλοσοφῶν
501 4857 627 4928 περὶ
653 4818 858 4921 αὖτῶνι,
883 4857 979 4911 καὶ
993 4818 1232 4928 ’θεωρῶν
1263 4818 1405 4910 χοῖτά
1452 4818 1684 4924 έόναμιν
1706 4872 1722 4887 ο

1847 4855 1976 4908 Deus
2002 4854 2054 4908 in
2088 4862 2370 4922 assumpta
2397 4865 2563 4906 carne
2594 4849 2904 4905 diversatus
2935 4860 3040 4904 est.
3093 4849 3272 4906 Locus
3304 4867 3402 4904 au-

180 4950 463 5020 περαιτέρω
494 4949 551 5002 δὲ
585 4947 926 5019 προϐαίνειν,
978 4947 1164 5001 οὐκέτι
1197 4947 1717 5018 συγχωρηοήσομαι.

1825 4957 1936 5002 tem
1971 4946 2336 5010 tabernaculi,
2360 4945 2539 5015 ipsum
2566 4954 2648 4999 est
2679 4943 2920 4998 Verbum
2966 4943 3082 5005 Dei,
3127 4959 3224 5012 per
3252 4943 3398 5014 quod

180 5052 400 5096 concreta
439 5051 544 5107 est,
577 5053 629 5097 et
670 5041 880 5096 exstitit
907 5040 1113 5096 Christi
1152 5054 1304 5094 caro.
1345 5040 1701 5094 Pertransibo
1742 5037 1930 5109 igitur,
1963 5038 2157 5109 inquit.
2181 5053 2276 5107 per
2310 5035 2549 5092 Verbum
2580 5035 2694 5101 Dei,
2719 5043 2775 5090 ct
2813 5051 2986 5106 usque
3056 5035 3121 5089 ad
3187 5051 3403 5090 assum-

180 5142 264 5198 ptze
287 5135 460 5189 carnis
487 5134 728 5188 animam
755 5131 1032 5186 deducar:
1065 5131 1120 5185 iu
1155 5130 1342 5185 animo
1379 5145 1501 5185 meo
1547 5130 1809 5184 nimirum
1839 5146 1903 5186 ea
1931 5129 2276 5194 examinans,
2347 5137 2403 5184 et
2464 5126 2872 5197 contemplans,
2939 5140 3062 5194 qua:
3100 5126 3168 5182 de
3250 5133 3401 5180 tanto

181 5230 407 5298 mysterio
441 5229 722 5301 percipere
755 5239 966 5298 potero.
1005 5225 1247 5283 Ulterius
1271 5227 1419 5281 enim
1450 5228 1790 5296 pertransire
1825 5242 1932 5282 non
1965 5227 2209 5282 dabitur.

247 5322 334 5374 Ἔν
379 5323 551 5391 φωνῇ
601 5319 1022 5391 ἀγαλλιάσεως
1067 5319 1167 5373 καὶ
1223 5319 1720 5389 ἐξομολογήσεως

180 5411 307 5480 ἤχου
332 5413 735 5482 ἑορτάζων-τος.
773 5411 1135 5481 Διελεύσομαι
1161 5409 1216 5462 δὲ
1255 5412 1312 5462 έν
1345 5413 1496 5481 φωνῇ
1521 5412 1715 5481 χαρᾶς.

179 5503 254 5556 καὶ
280 5505 331 5557 ἐν
358 5507 509 5574 φωνῇ
555 5505 912 5573 εὐχαριστίας
956 5503 1092 5571 ἡχου
1142 5501 1522 5572 ὲορταστικοῦ,
1557 5517 1715 5553 τουτ-

182 5594 305 5648 ἐστιν
349 5595 626 5666 Ἐορτάσω
657 5594 842 5659 πάλιν,
865 5594 937 5658 ὼς
957 5595 1244 5665 πρότερον,
1280 5593 1374 5646 καὶ
1396 5594 1462 5663 τῇ
1495 5591 1589 5645 τοῦ
1621 5591 1710 5644 νό-

187 5703 264 5752 μου
294 5687 514 5758 λατρεία
539 5688 837 5760 χρήσομαι.

1900 5320 1966 5374 In
1985 5337 2104 5375 voce
2133 5320 2530 5380 exsultationis.
2555 5332 2604 5374 et
2630 5319 2974 5387 confessionis
2998 5317 3117 5370 ,ςοηί
3136 5317 3398 5385 festivita-

1828 5421 1927 5466 tem
1953 5411 2289 5468 celebrantis.
2325 5411 2678 5467 Perlransibo
2701 5418 2883 5464 autem
2922 5410 2973 5463 in
3028 5423 3160 5461 voce
3190 5409 3394 5476 gaudii,

1827 5511 1878 5556 et
1905 5503 2206 5570 gratiarum
2255 5503 2513 5568 actionis,
2561 5501 2614 5555 in
2656 5514 2788 5555 voce
2843 5499 2960 5554 soni
3019 5497 3224 5564 festivi,
3254 5513 3315 5552 ac
3348 5498 3394 5552 si

1827 5591 2038 5647 diceret
2078 5609 2092 5646 :
2127 5591 2476 5648 Festivitates
2512 5607 2725 5652 rursus,
2762 5597 2822 5642 ut
2843 5590 2995 5656 olim,
3020 5587 3130 5644 Deo
3155 5603 3276 5646 meo
3306 5604 3396 5644 cc-

1827 5683 2072 5749 lebrabo,
2101 5693 2151 5739 ct
2173 5685 2335 5740 solito
2376 5691 2501 5738 utar
2541 5684 2688 5739 cultu
2733 5683 2886 5754 legis.

1458 5864 1652 5924 Varize
1686 5863 2012 5924 leclimws.

243 5970 330 6042 (52)
356 5970 434 6024 Al.
467 5970 735 6041 amatory.
