3806 6550
374 438 475 504 471

376 645 659 700 conturbas
688 646 808 701 me?
832 647 1013 714 Quare
1053 665 1141 707 me
1174 652 1356 720 angis,
1384 654 1585 725 inquit,
1627 663 1682 710 et
1721 655 1957 711 confun-

374 736 483 801 dis,
508 745 563 793 et
589 737 828 807 quietem
854 753 1052 809 capere
1086 757 1195 796 non
1216 743 1399 800 sinis?
1426 744 1556 800 liae
1583 753 1765 802 autem
1791 748 1956 804 verba

375 831 558 885 dicere
601 830 791 901 coepit.
817 841 1111 903 postquam
1143 835 1347 891 certior
1398 836 1584 894 factus
1633 848 1720 894 est
1755 841 1823 895 de
1853 856 1957 896 suo

374 926 429 978 in
463 924 695 993 patriam
736 925 934 980 reditu.
1912 978 1917 985 .

445 1014 619 1085 Spera
668 1016 723 1070 in
775 1016 904 1083 Deo,
974 1024 1228 1090 quoniam
1286 1027 1458 1080 adhuc
1514 1028 1803 1095 conﬁtebor
1850 1029 1952 1083 illi.

373 1105 648 1172 Quoniam
671 1109 877 1179 gratias
903 1111 977 1164 illi
1004 1126 1184 1186 agam,
1215 1115 1306 1170 ubi
1344 1118 1606 1174 nimirum
1641 1120 1696 1173 in
1721 1128 1955 1190 patriam

373 1199 610 1254 rediero.

445 1290 700 1348 Salutarc
731 1295 903 1350 vultus
937 1301 1059 1359 mei.
1094 1307 1143 1354 et
1178 1299 1314 1356 Deus
1344 1318 1516 1358 utens.
1584 1304 1723 1359 Cum
1773 1304 1957 1359 futura

373 1393 428 1441 et
458 1401 489 1440 a
518 1401 579 1442 se
619 1388 848 1457 praevisa
881 1388 973 1445 Dei
1008 1391 1273 1448 beneﬁcia
1307 1396 1361 1449 in
1400 1396 1588 1451 animo
1629 1398 1957 1463 revolveret,

373 1493 591 1533 summa
645 1494 772 1534 cum
809 1479 1183 1538 delectatione
1241 1485 1394 1541 illum
1443 1489 1957 1558 circumloquendn,

373 1569 686 1636 invocavit,
753 1569 949 1628 dicens
1006 1592 1020 1627 :
1072 1573 1117 1630 Ο
1181 1576 1335 1634 salus
1405 1593 1570 1644 mea,
1625 1587 1683 1635 et
1730 1597 1762 1636 ο
1816 1581 1959 1636 Deus

374 1678 557 1720 meus.

449 1755 532 1810 Ad
570 1775 650 1813 me
671 1759 841 1829 ipsum
877 1763 1196 1829 conturbata
1225 1774 1303 1820 est
1327 1768 1506 1821 anima
1528 1786 1661 1821 mea.
1682 1800 1751 1810 -—
1774 1768 1855 1822 Ad
1882 1784 1962 1822 me

1594 450 1916 515 EUTHYM
1928 447 1983 508 lI
2024 448 2391 518 ZIGABENI

446 552 612 608 Vsus.
638 553 693 609 6.
751 556 930 623 Quare
960 557 1129 612 tristis
1171 575 1247 627 es,
1294 562 1475 616 anima
1513 580 1652 630 mea,
1710 573 1758 620 et
1793 579 1957 636 quare
1986 564 2032 621 Δ

3530 464 3628 528 4Ἶὲ

2146 566 2791 640 ’1νατίπερ1λυποςεῒ,
2841 574 2880 643 ἡ
2926 577 3098 644 ψυχη
3131 592 3275 645 per,
3334 577 3431 630 mi
3488 580 3627 636 lrart

2058 661 2510 731 συνταράσσεις
2537 682 2653 734 με;
2685 668 2841 723 Διατί
2871 665 3099 736 θλίϐεις,
3124 670 3218 725 καὶ
3240 668 3385 723 διατί
3423 675 3625 742 συγχεῖς

2062 770 2152 823 με,
2193 755 2287 809 καὶ⁸
2314 755 2417 810 οὐκ
2442 757 2536 826 ἐᾷς
2562 759 3048 829 ὴρεμεῖνςταῦτα
3088 761 3147 815 δὲ
3199 761 3382 832 ἔλεγε,
3446 763 3630 833 πληροο

2061 846 2258 918 φοριαν
2289 850 2536 919 περὶτῆς
2573 852 2836 906 ἐπανόδου
2862 852 3183 925 δεξάμενος.
3434 880 3441 889 ·

2137 1031 2440 1084 Ἔλπισον
2465 1029 2565 1085 ἐπὶ
2600 1031 2708 1087 τὸν
2749 1031 2920 1094 Θεὸν,
2974 1033 3065 1089 ὅτι
3115 1033 3631 1103 ἐξομολογήσομαι

2060 1123 2243 1189 αὐτῷ.
2295 1125 2417 1178 ’Ὁτι
2447 1125 2833 1197 εὐχαριστὴσω
2855 1126 3027 1196 αὐτῷ,
3063 1125 3379 1181 ἐπανελθὼν
3416 1127 3634 1198 δηλαδή.

2133 1218 2437 1288 Σωτήρων
2477 1221 2585 1276 τοῦ
2618 1221 2945 1289 προσώπου
2971 1239 3114 1290 μου,
3138 1222 3237 1275 καὶ
3261 1225 3294 1276 ὁ
3322 1222 3472 1287 Θρὸς
3505 1239 3634 1287 μου.

2063 1306 2176 1379 Τῆς
2203 1309 2434 1383 ὕστερον
2462 1312 2787 1383 εὐεργεσίας
2824 1309 2923 1365 τοῦ
2953 1309 3092 1364 Θεοῦ
3129 1310 3430 1380 μνησθεὶς,
3478 1310 3635 1378 ἡδέως

2062 1406 2406 1460 ἐπικαλεῖται
2432 1404 2621 1470 αὑτὸν,
2655 1404 2830 1473 λέγων
2865 1420 2882 1436 ⁸
2915 1400 2987 1458 Ὦ
3013 1403 3262 1475 σωτηρία
3321 1419 3451 1473 μου,
3491 1419 3633 1472 περι-

2064 1496 2407 1568 φραστικῶς,
2435 1497 2531 1551 καὶ
2554 1489 2599 1550 ὦ
2623 1496 2652 1550 ὁ
2673 1496 2809 1561 Θεός
2838 1513 2967 1567 μου.

2123 1768 2278 1836 Πρὸς
2301 1766 2565 1837 ἐμαυτὸν
2619 1768 2673 1833 ὴ
2706 1765 2883 1836 ψυχή
2904 1784 3021 1836 μου
3049 1765 3371 1834 ἐταράχθη.
3399 1793 3474 1805 -—
3496 1765 3635 1832 Πρδς

371 1852 570 1919 ipsum,
611 1851 713 1909 hoc
741 1866 850 1919 est,
883 1854 941 1910 ln
978 1872 1065 1912 me
1097 1857 1242 1928 ipso,
1281 1861 1503 1916 nemine
1560 1862 1668 1915 alio
1713 1863 1952 1916 exterius

2089 1859 2348 1929 χιαυτὸν,
2379 1860 2502 1914 ἀντὶ
2525 1860 2644 1926 τοῦ,
2692 1860 2782 1913 Ἐν
2808 1858 3055 1929 ἐμαυτῷ,
3083 1859 3312 1929 μηδενὸς
3364 1858 3479 1912 τῶν
3522 1857 3635 1922 Eira-

377 1957 672 1999 mmrorem
714 1940 883 2002 hunc
959 1964 1139 2004 meum
1195 1952 1427 2009 sciente.
1487 1952 1817 2012 Coaturbata
1881 1964 1952 2009 est

2097 1965 2156 2001 εν
2183 1948 2493 2013 συνειδότος
2509 1966 2601 2016 μοι
2632 1950 2733 2020 τὴν
2762 1948 3024 2020 τοιαύτην
3046 1948 3246 2019 λύπην.
3315 1948 3639 2017 Ἓταράχθη

373 2045 585 2102 autem,
623 2040 935 2112 recogitans
998 2044 1264 2099 nimirum
1328 2057 1551 2115 peccata
1609 2050 1684 2105 ob
1730 2066 1853 2120 quae
1902 2050 1952 2105 in

2089 2040 2138 2103 ὲ,
2168 2040 2604 2111 ἀναλογιζομὲνη
2632 2042 2733 2105 τὰς
2750 2041 3050 2111 ἁμαρτίας,
3097 2041 3168 2094 δι’
3212 2041 3280 2106 ἃς
3344 2041 3636 2111 παρεδόθη-

371 2130 729 2189 inimicorum
787 2149 987 2192 manus
1038 2140 1223 2196 traditi
1292 2157 1506 2210 sumus,
1584 2143 1666 2199 vel
1746 2158 1954 2199 moram

374 2237 445 2280 ac
520 2224 832 2283 tarditatem
895 2230 1210 2300 recogitans
1263 2234 1474 2289 reditus
1530 2235 1703 2289 nostri
1756 2235 1811 2289 in
1865 2251 1958 2305 pa-

374 2313 559 2370 triam.

442 2406 734 2476 Propterea
770 2427 970 2466 memor
995 2429 1084 2467 cro
1132 2415 1209 2467 tui
1268 2414 1331 2468 de
1397 2426 1538 2470 terra
1580 2415 1864 2481 Iordanis,
1907 2428 1957 2472 et

372 2495 709 2553 Hermoniim
776 2518 808 2554 a
862 2512 1043 2557 monte.
1105 2504 1332 2559 modico.
1402 2505 1722 2577 Propterea,
1760 2507 1959 2578 inquit,

372 2588 607 2647 adlictus
638 2608 850 2648 memor
873 2609 968 2649 ero
993 2596 1094 2662 tui,
1126 2596 1232 2653 hoc
1263 2608 1370 2664 est,
1397 2602 1736 2658 reeordabor
1765 2602 1957 2668 studii,

371 2690 427 2740 et
460 2698 605 2740 cura:
645 2694 777 2751 tua,
810 2701 975 2757 quam
1015 2688 1259 2746 habuisti
1297 2692 1449 2748 circa
1499 2709 1624 2761 nos,
1665 2701 1715 2751 et
1761 2695 1960 2766 praeci-

371 2791 482 2847 pue
512 2777 585 2834 ob
615 2778 705 2834 illa
748 2780 916 2847 bona,
946 2781 1149 2852 quibus
1186 2783 1243 2839 in
1290 2795 1439 2841 terra
1475 2786 1862 2858 promissionis
1899 2796 1953 2846 te

374 2875 602 2922 auctore
661 2865 1005 2923 l‘ruebamnr.
1072 2868 1176 2926 Per
1219 2870 1522 2929 Iordanem
1562 2875 1712 2931 enim
1759 2886 1815 2932 et
1865 2892 1963 2946 per

374 2956 686 3025 proximum
726 2957 803 3012 illi
834 2967 1107 3024 montem.
1137 2960 1231 3032 qui
1258 2971 1313 3018 et
1350 2961 1715 3032 Hermoniim,
1745 2975 1803 3022 et
1834 2964 1965 3022 Her-

372 3062 506 3103 mnn
541 3048 769 3117 dicitur,
815 3058 987 3109 totam
1017 3049 1264 3109 Iudaeam
1321 3055 1675 3128 signiﬁcavit.
1732 3057 1963 3116 Addidit

374 3141 541 3196 etiam
571 3142 842 3212 privatam
879 3144 1088 3200 montis
1108 3145 1257 3202 illius
1284 3146 1632 3217 qualitatem,
1675 3150 1823 3223 quod
1849 3152 1961 3208 sci-

374 3234 506 3291 licet
544 3251 737 3304 parum
766 3247 867 3291 est.

454 3325 614 3383 Vens.
649 3329 705 3385 8..
736 3328 968 3399 Abyssas
1017 3331 1268 3403 abyssum
1296 3336 1505 3392 invocat
1532 3339 1586 3393 in
1620 3355 1792 3393 vocem
1815 3344 1963 3393 cata-

374 3426 645 3473 ractarum
694 3429 932 3475 tuarum.
987 3421 1350 3494 Antiquorum
1409 3425 1506 3481 Dei
1563 3426 1959 3483 beneﬁciorum

375 3525 613 3573 memor,
646 3510 923 3582 deplorat,
952 3514 1100 3585 quod
1136 3516 1189 3570 in
1224 3516 1518 3587 prasentia
1545 3518 1615 3574 ab
1648 3533 1716 3575 eo
1741 3517 1955 3574 dereli-

374 3610 501 3659 ctus
557 3603 834 3671 videatur,
895 3620 994 3676 per
1034 3606 1320 3678 abyssum,
1377 3617 1594 3666 vastum
1650 3611 1963 3682 intelligens

375 3694 757 3752 calamitatum
792 3698 1046 3769 pelagus,
1077 3697 1134 3753 in
1172 3716 1284 3771 quo
1329 3708 1464 3757 tunc
1507 3717 1567 3758 sc
1596 3704 1960 3763 constitutum

374 3787 619 3844 Videbat.
650 3786 956 3856 Profunda,
986 3791 1193 3860 inquit,
1230 3806 1296 3849 ac
1329 3802 1483 3848 vasta
1526 3795 1835 3861 calamitas,
1868 3810 1965 3850 va-

379 3879 608 3937 stiorem
635 3880 799 3936 aliam
832 3896 1052 3950 semper
1071 3891 1231 3937 vocat
1249 3882 1645 3951 calamitatem,
1668 3886 1737 3942 ad
1762 3901 1957 3943 vocem

376 3970 938 4036 catarar'tarumﬂioc
968 3979 1074 4041 est,
1126 3973 1445 4028 collisorum
1514 3982 1754 4031 tuorum.
1809 3975 1963 4032 Adeo

376 4060 527 4114 enim
554 4061 804 4126 alternae,
831 4075 895 4115 ac
919 4059 1237 4130 frequentes
1254 4061 1595 4117 calamitates
1624 4065 1960 4126 contractos,

378 4166 444 4206 ac
471 4151 699 4208 collisos
730 4167 834 4209 nos
863 4167 1057 4209 servos
1089 4160 1216 4210 tuos
1264 4152 1617 4221 adoriuntur,
1668 4163 1730 4210 ut
1765 4166 1961 4210 mutuo

377 4258 502 4298 sese
537 4243 820 4301 adhortari
848 4244 1144 4301 videantur
1177 4263 1190 4300 :
1223 4253 1279 4302 et
1312 4246 1452 4302 adeo
1486 4262 1589 4303 nos
1613 4246 1880 4320 aliiigunt,
1908 4257 1962 4302 et

375 4339 632 4403 pungunt
673 4342 752 4400 ut,
781 4351 893 4406 prae
923 4334 1093 4391 nimio
1122 4335 1312 4392 dolore
1357 4336 1423 4392 ad
1452 4337 1750 4394 clamorem
1792 4338 1960 4393 etiam

375 4412 827 4497 nosprovocent.
870 4430 1049 4487 Dictio
1075 4437 1261 4487 autem
1313 4440 1736 4496 cataractarum,
1769 4431 1959 4488 Graeca

374 4525 461 4575 est
486 4529 543 4574 et
573 4517 717 4593 idem
741 4520 831 4576 hic
870 4521 1169 4592 signiﬁcat,
1207 4531 1268 4578 ut
1293 4523 1557 4592 diximus,
1587 4522 1761 4592 quod.
1798 4525 1956 4579 colli-

2066 2149 2167 2201 μεν
2193 2133 2309 2195 τοῖς
2352 2132 2604 2203 ὲχΟροῖς⁶
2634 2132 2669 2205 ἢ
2700 2132 2800 2205 τὴν
2850 2132 3164 2205 βραδύτητα
3208 2133 3309 2202 τῆς
3358 2133 3641 2186 ἐπανόδου.

2132 2406 2235 2459 Διὰ
2269 2403 2444 2461 τοῦτο
2464 2401 2902 2474 μνησθήσοιωί
2922 2417 3038 2455 σου
3068 2400 3137 2455 ἐκ
3183 2398 3296 2469 γῆς
3332 2397 3641 2465 Ἰορδάνου,

2063 2498 2163 2555 καὶ
2194 2497 2693 2569 ⁹Ερμονιεὶμ,άπὸ
2720 2496 2898 2563 ὄρους
2910 2493 3157 2564 μικροῦ.
3192 2492 3294 2545 Διὰ
3351 2490 3517 2543 τοῦτο
3565 2488 3642 2541 νῦι.

2064 2590 2402 2661 θλιϐόμενος.
2456 2586 2843 2659 μνησθήσομαι
2906 2604 3033 2649 σου,
3090 2584 3362 2648 τουτέστι,
3441 2598 3641 2652 pungo-

2064 2682 2242 2737 νεύσω
2269 2681 2369 2749 τῆς
2392 2680 2520 2751 περὶ
2571 2681 2718 2749 ἡμᾶς
2760 2677 3092 2750 κηδεμονίας
3153 2694 3270 2735 σου,
3331 2673 3431 2741 ἀφ’
3472 2666 3551 2727 ὧν
3598 2673 3643 2722 ἐι.

2064 2778 2131 2846 τῇ
2165 2775 2239 2844 γῇ
2270 2773 2368 2842 τῆς
2418 2770 2754 2841 ἐπαγγελίας
2803 2769 3206 2839 ἀπηλαύσαμεν
3250 2765 3500 2836 ἀγαθῶν.
3562 2763 3644 2816 Διᾶ

2064 2865 2280 2939 γὰρτοῦ
2318 2866 2584 2936 Ἰορδάνου
2613 2864 2708 2919 καὶ
2738 2862 2832 2918 τοῦ
2861 2861 3265 2930 πλησιάζοντος
3294 2857 3446 2927 αὐτῷ
3473 2857 3647 2927 ὅρους,

2063 2959 2092 3016 ὃ
2122 2959 2218 3014 καὶ
2252 2958 2576 3030 Ἐρμονιεὶμ
2616 2956 2866 3012 καλεῖται
2920 2955 3017 3009 καὶ
3060 2952 3306 3023 Ἑρμῶν.
3350 2951 3490 3019 ὅλην
3557 2948 3646 3014 τὴν

2077 3049 2340 3107 Ἰουδαίαν
2373 3048 2667 3119 ἐδήλωσεν.
2707 3045 3026 3119 Προσέθηκε
3057 3042 3114 3097 δὲ
3140 3043 3239 3097 καὶ
3278 3041 3535 3111 ἰδιότητα
3561 3034 3647 3092 τοῦ

2063 3144 2245 3215 ὅρους,
2275 3142 2358 3196 ὃτι
2388 3141 2497 3195 τοῦ
2519 3137 2759 3210 μικροῦ.

2140 3318 2445 3384 Ἀϐυσσος
2508 3314 2793 3369 ἄϐυσσον
2861 3310 3235 3366 ἐπικαλεῖται
3289 3310 3380 3377 εις
3445 3306 3650 3379 φωνὴν

2065 3410 2185 3466 τῶν
2211 3405 2639 3479 παταρῤακτῶιο
2671 3423 2812 3460 σου.
2836 3405 2949 3474 Τῆς
2987 3401 3311 3475 εὐεργεσίας
3367 3399 3651 3474 μνησθεὶς,

2065 3500 2408 3574 ἐκτραγῳδεῖ
2438 3499 2535 3554 καὶ
2563 3498 2662 3572 τὴν
2696 3495 3109 3565 ἐκγατάλειψιν,
3160 3496 3405 3549 ἄδυσσον
3468 3491 3652 3545 καλῶν

2064 3594 2126 3647 τὺ
2150 3592 2312 3664 βάθος
2342 3589 2451 3643 τῶν
2481 3588 2802 3659 συμφορῶν.
2833 3586 3040 3641 Βαθεῖα
3075 3584 3280 3655 θλῖψις,
3318 3582 3518 3653 φησὶν,
3571 3580 3652 3652 βα-

2066 3684 2219 3739 θεῖαν
2249 3682 2428 3752 θλῖψιν
2461 3678 2778 3734 ἐκκαλεῖται
2806 3680 2888 3742 εἰς
2939 3677 3071 3748 βοὴν
3111 3677 3223 3729 τῶν
3266 3668 3654 3745 κατερῤαγμέ-

2066 3793 2173 3832 νων
2212 3792 2339 3830 σου·
2373 3773 2657 3829 τουτέστιν
2689 3770 2864 3835 οὕτως
2903 3768 3324 3839 ἀλλεπαλ).ήλως
3369 3767 3514 3837 ἡμῖν
3558 3765 3655 3825 τοῖς

2065 3865 2549 3941 κατεῤῥαγμένοις⁹
2571 3863 2780 3929 δούλοις
2813 3880 2907 3918 σου
2949 3862 3191 3925 ἐπίασιν,
3221 3859 3298 3924 ὡς
3328 3860 3517 3913 δοκεῖν
3567 3856 3656 3911 a1-

2064 3959 2262 4031 λήλαις
2312 3955 2703 4027 ἐγκελεύεσθαι
2733 3967 2749 3983 ⁸
2787 3954 2884 4007 xui.
2915 3950 3175 4006 τοσοῦτον
3222 3950 3547 4015 δάκνουσιν,
3590 3946 3657 4009 ὡς

2067 4053 2197 4124 βοᾷν
2233 4051 2382 4123 ἡμᾶς
2408 4046 2512 4103 ὐπδ
2534 4049 2634 4116 τῆς
2660 4045 2876 4117 ὀδύνης.
2906 4043 3337 4116 Καταρρακτῶν
3396 4043 3479 4109 δὲ,
3548 4040 3659 4093 ἀντὶ

2065 4144 2160 4201 τοῦ
2181 4141 2675 4216 κατερῤαγμένων,
2727 4137 3087 4210 ἐνεργητικὸν
3142 4136 3266 4189 ἀντὶ
3321 4133 3659 4205 παθητικοῦ.

2071 4238 2184 4292 Καὶ
2210 4236 2387 4301 ἄλλως
2415 4253 2430 4266 ’
2460 4233 2534 4291 Τὸ
2568 4230 2809 4303 ἄμετρον
2841 4231 2949 4285 τῶν
3010 4229 3302 4302 ἡμετέρων
3339 4225 3658 4299 ἁμαρτιῶν,

2065 4333 2127 4388 τὸ
2151 4332 2394 4405 ἄμετρον
2419 4327 2529 4383 τῶν
2583 4326 2691 4382 σῶν
2736 4324 3086 4380 ἐπικαλεῖται
3124 4320 3436 4394 οἰκτιρμῶν
3463 4338 3479 4353 ·
3520 4318 3660 4371 ὥστε

2066 4426 2164 4497 τὴν
2183 4422 2366 4494 φωνὴν
2384 4421 2494 4476 τῶν
2509 4418 2887 4477 ἀποοτολικῶν
2902 4416 3276 4487 κηρυγμάτων
3293 4412 3658 4482 ἀκουσθῆναι.

2067 4516 2468 4589 Καταρρἂται
2490 4511 2619 4586 γὰρ.
2646 4513 2740 4565 καὶ
2761 4512 2810 4565 οἱ
2842 4510 3149 4572 ἀπόστολοι,
3172 4508 3661 4578 καταρῤὁισσοντες

377 4624 567 4665 sorum
618 4616 715 4664 aut
745 4609 1184 4667 conlractorum.
1214 4610 1335 4684 [Est
1366 4613 1512 4667 enim
1577 4614 1799 4670 veritate
1856 4629 1952 4668 no-

2089 4612 2249 4664 τᾶσαν
2271 4608 2503 4683 ἔπαρσιν
2522 4604 2861 4675 διαϐολικήν.
2895 4603 3122 4656 Νοεῖται
3150 4601 3208 4654 δὲ
3226 4596 3662 4668 ἀγαγωγικώτεο

374 4718 529 4764 men,
564 4710 619 4756 ct
647 4702 936 4758 descendit
989 4719 1019 4758 a
1070 4705 1237 4760 verbo
1290 4701 1626 4778 καταράσσω
1670 4705 1818 4776 quod
1875 4717 1965 4763 est

377 4794 606 4860 Callido,
634 4805 728 4851 aut
761 4796 1101 4871 confringo.]
1139 4798 1205 4854 Et
1240 4799 1372 4855 licet
1404 4800 1625 4870 proprie
1678 4801 1781 4857 hoc
1834 4816 1959 4857 ver-

375 4885 504 4941 ltale
530 4900 733 4943 nomen
762 4888 1122 4960 καταράκτης
1171 4889 1350 4946 active
1383 4890 1456 4945 sit
1505 4889 1952 4960 significationis,

378 4976 470 5033 hic
506 4984 690 5033 tamen
721 4980 956 5050 ponitur
1001 4982 1058 5037 in
1086 4980 1333 5052 passiva.
1394 4981 1550 5048 Quod
1587 4981 1632 5037 si
1688 4982 1742 5036 in
1774 4982 1955 5037 activa

376 5068 784 5139 significatione
813 5071 1108 5129 dictionem
1130 5088 1341 5138 sumas,
1387 5072 1569 5128 littera
1600 5073 1827 5144 legenda
1850 5080 1959 5138 est,

377 5159 447 5214 In
481 5178 653 5216 uocem
682 5164 1102 5234 confractorum,
1136 5164 1242 5220 hoc
1273 5173 1378 5230 est,
1415 5164 1823 5231 collidenlium,
1858 5181 1957 5221 seu

375 5251 837 5326 confringentium
868 5264 1086 5313 tuorum
1114 5274 1128 5323 ;
1162 5265 1216 5312 et
1238 5264 1368 5313 tunc
1397 5272 1610 5327 expone
1635 5266 1807 5312 tomm
1838 5273 1961 5311 ver-

375 5344 611 5401 siculum
644 5345 746 5403 bec
812 5357 972 5417 pacto
1017 5364 1033 5404 :

2070 4720 2165 4774 ρον
2189 4701 2423 4765 ἄϐυσσος
2440 4698 2536 4753 καὶ
2570 4697 2856 4767 ἄϐυσσοςή
2882 4693 3097 4750 Παλαιὰ
3116 4690 3329 4762 Γραφὴ.
3351 4691 3503 4754 καὶὴ
3525 4691 3659 4747 Νέα.

2065 4795 2154 4850 διὰ
2177 4791 2244 4847 τὰ
2271 4791 2410 4865 βάθη
2448 4791 2558 4846 τῶν
2594 4788 2930 4860 ἀποκρύφων
2963 4786 3273 4858 νοημάτων.
3307 4786 3374 4839 Ἦ
3401 4786 3504 4838 νέα
3533 4782 3662 4851 γοῦν

2067 4887 2408 4943 ἐπικαλεῖται
2428 4886 2528 4957 τὴν
2560 4883 2828 4945 Παλαιὰν,
2870 4880 2958 4935 διὰ
2986 4880 3082 4951 τὴν
3101 4880 3287 4949 φωνὴν
3302 4878 3415 4931 τῶν
3445 4894 3662 4946 προφη-

2067 4979 2176 5034 τῶν
2195 4996 2209 5011 ·
2228 4978 2321 5033 καὶ
2346 4971 2491 5032 οὗτοι
2514 4974 2624 5046 γὰρ
2648 4974 3027 5046 καταρράκται
3045 4970 3316 5040 λέγονται,
3340 4969 3432 5023 διὰ
3450 4968 3515 5021 eo
3529 4967 3665 5021 ἄνω-

2072 5072 2163 5127 θεν
2181 5070 2445 5140 καταχεῖν
2485 5067 2545 5121 τὸ
2563 5067 2706 5138 ὕδωρ
2742 5065 2842 5134 τῆς
2875 5062 3239 5137 προφητείας.
3276 5058 3666 5113 Ἐπικαλεῖται

2069 5161 2247 5217 τοίνυν
2273 5158 2445 5230 αὐτὴν
2467 5197 2483 5220 ,
2519 5155 2594 5217 ὡς
2630 5155 2884 5224 μάρτυρα
2914 5193 2928 5216 ,
2979 5151 3170 5204 ἕνεκεν
3214 5147 3309 5201 τοῦ
3348 5145 3531 5208 δεῖξαι
3583 5143 3667 5196 δτι

2068 5254 2119 5308 oi
2152 5251 2430 5323 προφῆται
2470 5250 2597 5319 περὶ
2625 5247 2718 5300 τοῦ
2761 5242 3001 5316 Χριστοῦ
3036 5238 3548 5314 προκατήγγειλαν.

1111 5346 1461 5403 lmmensitas
1521 5357 1874 5417 peccatorum
1959 5355 2304 5407 nostrorum,
2382 5339 2804 5396 immensitatem
2863 5336 3087 5390 invocat
3142 5331 3664 5387 misericordiarnm

373 5443 646 5490 tuarum:
690 5445 856 5507 atque
880 5437 987 5493 hoc
1016 5437 1085 5493 ad
1136 5452 1325 5491 vocem
1362 5436 1781 5506 praedicatorum
1852 5432 2157 5506 Evangelii,
2224 5434 2329 5487 hoc
2372 5439 2478 5493 est,
2537 5419 2937 5498 apostolorum.
2992 5424 3135 5479 Sunt
3192 5423 3339 5478 enim
3417 5418 3665 5490 apostoli

377 5530 705 5588 validissimi
746 5533 968 5604 quidam
996 5532 1398 5596 confractores,
1429 5547 1645 5588 omnem
1689 5531 1948 5586 nimirum
1990 5529 2327 5587 diabolicam
2356 5525 2649 5579 elationem
2720 5518 3157 5588 confringentes.
3210 5513 3367 5582 Quod
3444 5515 3500 5569 si
3539 5522 3663 5568 tex-

380 5630 499 5675 tum
535 5624 686 5693 legas
729 5632 895 5695 prout
922 5626 1087 5679 etiam
1144 5624 1246 5695 legi
1277 5632 1456 5694 potest
1495 5642 1509 5679 :
1546 5624 1613 5679 In
1653 5641 1829 5680 vorem
1872 5632 2277 5678 cntaractarum
2310 5626 2547 5680 tuarum,
2623 5622 2780 5683 petes
2809 5611 2970 5683 juxta
3030 5609 3283 5664 altiorem
3357 5615 3651 5675 anagoaen

382 5714 715 5788 intelligere,
757 5720 902 5789 quod
945 5719 1200 5791 abyssus,
1258 5730 1316 5773 et
1368 5720 1624 5791 abyssus,
1687 5719 1859 5777 Vetus
1916 5732 1971 5774 et
2005 5717 2218 5774 Novum
2248 5712 2661 5772 Testamentum
2711 5706 3044 5804 signiﬁcent,
3079 5706 3155 5804 ob
3216 5699 3660 5804 profunditatem

385 5810 652 5866 nimirum
738 5812 1082 5867 occultorum
1142 5828 1448 5868 sensuum:
1487 5822 1542 5868 ct
1620 5814 1822 5878 dicere,
1881 5813 2028 5884 quod
2105 5809 2338 5872 Novum.
2411 5803 2714 5871 Αηῑίψιιιω
2810 5801 3028 5856 ίηνοοειῑ
3113 5797 3562 5859 Τθειθηδθωαων
3607 5807 3660 5845 ¹¹¹

386 5920 580 5964 vocem
614 5911 1017 5963 cataractarum
1065 5915 1309 5973 tuarum,
1361 5907 1462 5962 hoc
1489 5913 1592 5970 cst,
1647 5920 1742 5964 nor
1770 5919 1960 5962 vocem
2003 5902 2397 5994 prophetarum
2454 5907 2694 5990 tuorum.
2724 5892 3003 5995 .Diclmlur
3036 5891 3183 5950 enim
3256 5890 3449 5947 πικτίίο
3528 5901 3661 5960 ["0"
