3806 6588
413 475 518 540 475

1671 471 2053 536 EUTHYMII
2097 449 2470 532 ZIGABENI'

3565 470 3662 537 ιτσ

417 586 668 644 Psolmus
700 587 799 656 ipsi
835 586 1001 642 Dat-id
1029 562 1120 658 qui
1153 585 1296 657 apud
1335 583 1588 640 Hebrwos
1633 582 1747 638 sine
1793 582 1984 638 inscri-

2134 580 2344 650 ναλμὸς
2393 578 2471 646 τᾷ
2495 577 2693 646 Δαὸὶδ,
2729 578 3138 650 ἀνεπίγραφος
3173 579 3312 650 παρ’
3348 581 3643 652 Ἑϐραίοις

970 678 1148 747 ptione
1191 676 1440 732 habetur.

942 812 1267 871 PSALMUS
1295 813 1461 870 XLII.

487 925 738 982 ιιι-(εοεαε
795 929 1042 998 psalmus
1098 938 1249 984 caret
1286 929 1637 999 insriptione,
1679 927 1846 984 veluti
1899 927 1994 998 qui

2659 824 2956 880 ΨΔΛΜΟΣ
2983 822 3121 880 MB'.

2178 937 2582 1009 Ἀνεπίγραφός
2608 939 2778 1006 ἐστιν,
2817 940 2894 1003 ώς
2923 941 3024 1010 τῆς
3050 939 3223 1010 αὐτῆς
3243 938 3328 1011 τῷ
3363 937 3478 1008 πρὸ
3512 939 3662 992 αὑτοῦ

421 1016 674 1085 ejusdem
710 1026 795 1073 est
814 1020 1122 1089 argumenti
1151 1031 1207 1075 et
1243 1020 1528 1076 sententiae
1565 1035 1691 1075 cum
1724 1019 1996 1090 superiori

2134 1028 2384 1098 υγχάνων
2429 1029 2690 1094 διανοίας·
2721 1031 2870 1086 δοκεῖ
2915 1033 3028 1102 γὰρ
3060 1031 3229 1103 μέρος
3257 1029 3456 1092 αὑτοῦ,
3496 1029 3583 1082 διὰ
3613 1031 3665 1083 τὸ

421 1108 652 1176 psalmo,
683 1117 738 1163 et
790 1109 937 1164 illius
981 1111 1388 1179 quodammodo
1429 1126 1556 1180 pars
1599 1126 1720 1166 esse
1753 1111 1991 1167 videtur.

421 1197 723 1252 Plurimum
759 1201 902 1254 enim
926 1215 1049 1255 cum
1085 1216 1150 1256 eo
1176 1201 1432 1271 congruit
1463 1219 1479 1268 ;
1511 1210 1567 1257 et
1596 1203 1895 1259 verisimile
1909 1212 1994 1259 est

421 1289 676 1344 eumdem
706 1290 898 1354 fuisse,
925 1293 1017 1362 qui
1057 1294 1191 1356 haec,
1223 1303 1389 1360 atque
1422 1293 1512 1348 illa
1547 1294 1711 1348 verba
1754 1297 2001 1364 protule-

422 1379 514 1432 rit.
549 1379 680 1445 Qum
701 1380 863 1435 etiam
898 1381 1062 1436 simili
1095 1393 1255 1438 modo
1281 1399 1348 1439 ex
1380 1383 1545 1438 unius
1567 1390 1779 1438 tantum
1802 1385 2001 1440 dicun-

2100 1117 2304 1188 πολλὴν
2335 1117 2480 1190 ἔχειν
2507 1119 2853 1190 συμφωνίαν·
2889 1121 2918 1174 δ
2953 1119 3086 1188 γοῦν
3111 1119 3181 1172 τὰ
3205 1120 3262 1172 ὲν
3287 1117 3493 1185 ἐκείνῳ
3518 1115 3666 1183 φθεγ-

2104 1207 2355 1278 ξάμενος,
2387 1211 2686 1280 φθέγγεται
2711 1213 2808 1266 καὶ
2829 1212 2900 1266 τὰ
2925 1213 2982 1266 ὲν
3007 1209 3202 1278 τούτῳ.
3227 1204 3324 1270 Εἷς
3338 1209 3401 1262 δέ
3423 1224 3510 1269 τις
3537 1208 3665 1259 ἐστὶν

2103 1299 2133 1350 δ
2169 1299 2364 1368 λέγων,
2402 1302 2496 1356 καὶ
2545 1303 2614 1358 τὰ
2661 1303 2810 1374 πάθη
2840 1304 2936 1358 τοῦ
2965 1304 3159 1373 γένους
3201 1304 3283 1364 είς
3313 1298 3518 1353 ἑαυτὸν
3556 1298 3667 1351 ἀνα·

2104 1388 2416 1461 δεχόμενος,
2449 1393 2584 1448 διότι
2617 1396 2714 1448 καὶ
2749 1395 2973 1458 σπάνιος
3000 1395 3029 1448 ὀ
3053 1392 3319 1454 τοιοῦτος.

424 1481 516 1524 tur
548 1488 807 1542 persona,
843 1475 1010 1529 veluti
1056 1475 1148 1545 qui
1197 1477 1367 1533 totius
1426 1476 1609 1547 populi
1657 1492 1880 1532 causam
1939 1494 2003 1534 ac
2047 1485 2332 1551 passiones
2361 1487 2414 1541 in
2433 1501 2491 1541 se
2509 1487 2830 1557 susceperit.
2848 1487 3001 1553 Quod
3021 1487 3272 1541 fortassis
3321 1484 3432 1542 illa,
3480 1484 3668 1535 ratione

423 1568 675 1626 cﬂectum
739 1580 841 1636 est,
910 1571 1038 1640 quia
1095 1587 1258 1628 rarus
1308 1587 1373 1628 ac
1429 1589 1566 1642 pene
1620 1575 1816 1630 unicus
1873 1577 2000 1646 quis
2039 1581 2266 1649 reperiri
2305 1584 2478 1651 possit
2509 1585 2603 1655 qui
2630 1585 2682 1639 id
2717 1584 2899 1641 faciat.

495 1689 658 1742 Vens.
679 1689 939 1743 LJudica
964 1691 1116 1751 mihi,
1142 1691 1307 1747 Deus.
1335 1691 1572 1748 Verbum
1593 1693 1790 1746 Judica
1811 1693 1856 1749 si
1875 1709 2000 1749 cum

426 1781 747 1836 accusativo
775 1780 1039 1852 jungatur
1073 1783 1215 1839 idem
1245 1785 1516 1854 signiﬁcat
1549 1786 1693 1855 quod
1725 1785 2002 1841 Condem-

427 1874 682 1945 na,juxta
695 1878 837 1944 quod
852 1877 1054 1932 dictum
1078 1879 1307 1946 legimus
1325 1880 1369 1911 ³⁸
1392 1877 1624 1935 :Judica
1645 1880 1792 1945 illos,
1822 1879 2000 1944 Deus;

429 1967 472 2020 si
493 1981 621 2022 vero
639 1981 763 2022 cum
793 1967 976 2024 dativo
1011 1967 1096 2040 [ut
1122 1969 1258 2035 hic],
1293 1969 1436 2024 idem
1471 1971 1574 2025 erit
1616 1971 1783 2042 quod,
1825 1970 2002 2026 Judex

431 2068 570 2113 esto.

503 2171 569 2225 Et
599 2173 834 2227 discerne
870 2189 1085 2227 causam
1132 2191 1301 2228 meam
1348 2175 1410 2229 de
1445 2184 1594 2245 gente
1642 2191 1745 2228 non
1794 2183 2001 2229 sancto.

431 2262 510 2316 De
537 2274 708 2333 gente,
749 2265 802 2318 id
839 2273 945 2330 est,
975 2265 1111 2321 Cum
1140 2277 1318 2338 gente.
1350 2266 1467 2334 Vel,
1502 2268 1755 2322 discerne
1779 2281 2003 2321 causam

433 2358 501 2410 de
533 2365 696 2426 gente
739 2358 994 2420 scelesta,
1059 2368 1226 2430 atque
1257 2361 1480 2431 injusta.
1515 2369 1570 2418 et
1616 2359 1786 2416 Deum
1818 2377 2006 2417 verum

439 2465 547 2502 non
580 2449 818 2508 colente.
860 2450 1116 2522 lntelligit
1142 2461 1326 2508 autem
1357 2454 1707 2524 Babylonios.

502 2541 546 2592 Α
586 2539 700 2593 viro
735 2539 934 2608 injuste
961 2551 1007 2596 et
1041 2541 1223 2598 doloso
1249 2543 1390 2612 eripe
1429 2560 1529 2598 me.
1585 2542 1852 2614 lnjustum
1889 2546 2010 2615 qui-

432 2627 554 2681 dem
586 2627 742 2691 dicit,
774 2628 938 2684 veluti
977 2631 1250 2699 iniquum,
1271 2640 1436 2701 atque
1465 2631 1732 2702 exlegem,
1754 2633 2007 2689 dolosum

434 2734 587 2784 vero,
615 2731 675 2774 ut
702 2721 1072 2793 deceptorem.
1108 2723 1322 2778 Similia
1357 2732 1539 2778 autem
1587 2724 1701 2780 fere
1738 2725 2010 2782 habentur

437 2811 492 2865 in
529 2812 622 2867 illa“
648 2812 814 2868 trium
855 2829 1148 2885 puerorum
1175 2814 1446 2870 oratione.
1478 2814 1680 2870 Dedisti
1727 2815 1895 2879 enim,
1925 2816 2010 2870 in-

435 2904 657 2972 quiunt,
685 2920 785 2961 nos
815 2907 926 2976 regi
967 2905 1194 2976 iniusto,
1222 2917 1278 2963 ct
1325 2907 1569 2961 omnium
1615 2922 1736 2976 quae
1775 2907 1828 2960 in
1867 2917 2010 2961 terra

438 3003 569 3050 sunt
598 2998 855 3066 pessimo.
882 2997 1015 3053 Illud
1035 2999 1196 3054 etiam
1223 2997 1622 3062 adnotandum,
1647 2998 1791 3068 quod
1819 2999 2011 3068 singu-

440 3088 541 3143 lari
573 3089 889 3159 aliquando,
932 3099 987 3144 et
1016 3090 1315 3160 aliquando
1348 3090 1543 3162 plurali
1591 3107 1686 3146 seu
1724 3091 2012 3146 collectivo

441 3179 661 3234 nomine
685 3194 774 3247 eo,
807 3191 1031 3236 accusat
1060 3198 1074 3235 :
1113 3182 1238 3250 quia
1272 3181 1567 3246 nimirum,
1599 3191 1650 3235 et
1687 3179 1924 3250 privata,
1960 3189 2014 3235 et

440 3272 722 3326 communi
794 3273 1058 3342 pravitate
1123 3273 1507 3328 convivchant.
1562 3271 1643 3325 Tu
1714 3287 1843 3327 vero
1919 3287 2014 3339 per

439 3370 678 3429 gentem,
708 3369 764 3417 et
814 3362 1087 3418 hominem
1136 3364 1401 3435 iniustum
1447 3370 1502 3418 et
1557 3363 1806 3418 dolosum
1862 3363 2011 3430 ipsos

2173 1700 2394 1769 Κρῒνόν
2407 1719 2531 1771 μοι,
2563 1705 2596 1757 ὀ
2621 1703 2784 1767 Θεός.
2806 1701 2881 1754 Τὸ
2913 1699 3153 1769 Κρῖνον,
3187 1699 3237 1751 εί
3271 1696 3376 1766 μὲν
3405 1695 3665 1763 αἰτιατικῇ

2102 1792 2309 1846 πτώσει
2342 1794 2657 1863 συνταγείη,
2693 1793 2948 1864 σημαίνει
2981 1795 3187 1862 κυρίως
3221 1790 3284 1843 τδ
3306 1786 3666 1855 Κατάκρινον,

2102 1883 2179 1946 ὡς
2212 1884 2294 1937 τό·
2326 1884 2545 1952 Κρῒνον
2601 1884 2826 1952 αὐτοὺς
2848 1925 2864 1950 ,
2895 1887 2928 1939 d
2966 1883 3143 1946 Θεόςο
3187 1880 3326 1934 εἰδὲ
3363 1878 3578 1948 sema,
3600 1878 3669 1944 τὸ,

2104 1977 2153 2029 Κ
2161 1975 2314 2048 ριτὴς
2341 1976 2524 2044 γενοῦ.

2177 2176 2286 2231 Kai
2336 2176 2594 2230 δι’κασον
2641 2175 2756 2243 τὴν
2806 2174 2986 2242 δίκην
3029 2191 3149 2243 μου
3196 2170 3267 2235 ἐξ
3305 2171 3530 2233 ἔθνους
3575 2167 3669 2235 οὐχ

2109 2269 2307 2322 ὁσίου.
2334 2265 2538 2333 -—"E£
2564 2268 2802 2335 ἔθνους,
2825 2267 2946 2322 ἀντὶ
2972 2265 3087 2330 τοῦ,
3107 2264 3264 2320 Μετὰ
3282 2263 3502 2325 ἔθνουςο
3538 2261 3668 2331 ῆτὴν

2108 2357 2168 2423 ἐξ
2199 2359 2386 2422 ἔθνους
2421 2359 2658 2421 ἀνοσίου,
2687 2360 2782 2414 καὶ
2809 2357 2878 2413 τὰ
2910 2359 2991 2422 εἰς
3017 2356 3151 2410 Θεὸν
3181 2355 3378 2410 ἀδίκου
3406 2367 3424 2383 ·
3453 2351 3670 2413 τοιοῦτος

2107 2447 2218 2520 γὰρ
2245 2451 2272 2502 ὁ
2309 2449 2545 2514 ἀνόσιος·
2573 2449 2724 2518 λέγει
2764 2448 2822 2501 δὲ
2847 2449 2974 2511 τοὺς
3001 2443 3409 2503 Βαῦυλωνίους.

2192 2539 2334 2594 Ἀπὸ
2388 2538 2608 2606 ἀνδρὸς
2659 2537 2872 2592 ἀδίκου
2930 2537 3031 2591 καὶ
3085 2535 3298 2588 δολίου
3348 2529 3550 2601 ῥῦσαι
3590 2546 3670 2598 με.

2123 2628 2350 2684 Ἀδίκου
2385 2628 2503 2700 μὲν,
2539 2629 2615 2691 ώς
2639 2627 2863 2698 ἀνόμου·
2891 2627 3100 2681 δολίου
3125 2624 3204 2689 δὲ,
3232 2623 3309 2687 ώς
3343 2621 3672 2683 ἀπατεῶνος.

2109 2722 2273 2793 Δηλοῖ
2313 2720 2369 2775 δὲ
2415 2722 2509 2774 καὶ
2557 2720 2717 2774 τοῦτο
2743 2720 2840 2774 καὶ
2869 2721 2900 2790 ἡ
2933 2718 3212 2789 προσευχὴ
3254 2717 3431 2786 τριῶν
3466 2714 3671 2767 παὶδων.

2110 2812 2444 2885 Παρέδωκας
2494 2811 2599 2882 γὰρ
2682 2811 2887 2882 φησιν,
2933 2811 3076 2880 ἡμᾶς
3133 2807 3346 2878 βασιλεί
3381 2806 3554 2874 ἁδίκῳ
3594 2804 3674 2855 καὶ

2112 2904 2588 2978 παρανομωτάτῳ,
2612 2901 2762 2973 παρὰ
2791 2903 2971 2956 πᾶσαν
2990 2901 3091 2971 τὴν
3119 2901 3244 2970 γῆν.
3283 2897 3428 2952 Ποτὲ
3460 2897 3557 2964 μὲν
3577 2890 3672 2957 οὖν,

2111 2994 2513 3066 πληθυντικῶς,
2564 2993 2696 3046 ποτὲ
2757 2993 2838 3057 δὲ,
2895 2991 3090 3053 ἑνικῶς
3123 2987 3306 3041 αὐτῶν
3365 2985 3672 3054 κατηγορεῖ,

2111 3087 2368 3140 διότικαὶ
2407 3088 2560 3157 κοινῇ
2609 3084 2702 3138 καὶ
2756 3083 2862 3156 ίδὶᾳ
2916 3081 3152 3152 πονηρία
3198 3077 3466 3142 συνέζων.
3521 3078 3589 3127 Σὺ
3628 3075 3674 3126 δὲ

2113 3179 2330 3248 νοήσεις
2379 3176 2550 3242 ἔθνος,
2596 3176 2848 3238 καὶτοὺς
2896 3175 3176 3245 δαίμονας·
3231 3171 3445 3242 ὁμοῖως
3497 3169 3551 3221 δὲ
3598 3167 3676 3220 καὶ

2112 3268 2400 3340 ἄνθρωπον
2430 3268 2615 3322 ἄδικον
2645 3269 2737 3322 καὶ
2763 3267 2958 3331 δόλιον,
2992 3266 3084 3319 τὸν
3106 3264 3376 3327 διάϐολον,
3411 3263 3489 3325 ὡς
3517 3261 3678 3330 προεὶο

2116 3377 2299 3431 ρηταιο
2332 3361 2486 3414 οὐδὲν
2524 3361 2634 3430 γὰρ
2675 3359 2968 3429 ἀνθρώπου
2997 3357 3267 3427 διαφέρει,
3323 3353 3477 3408 κατὰ
3504 3353 3563 3405 τὸ
3597 3353 3677 3420 ἐμ·

439 3453 739 3520 ιιεειιιοηεε,
770 3463 825 3509 ct
869 3454 1174 3510 daemonum
1210 3455 1509 3526 principem
1543 3454 1835 3524 intelliges.
1864 3452 2010 3509 Nihil

2134 3449 2309 3514 ταθὲς,
2345 3452 2441 3504 καὶ
2480 3450 2783 3521 φιλήδονον,
2825 3447 3027 3518 ὁμοίως
3078 3444 3352 3516 ἀνθρώπῳ
3389 3443 3680 3512 φιλοσώμα-

439 3543 585 3596 cnim
617 3542 874 3600 diﬂ'erunt
899 3545 967 3599 ab
1001 3545 1222 3601 homine
1257 3543 1785 3615 perturbationibus,
1809 3544 2013 3614 quippe

2117 3541 2253 3607 τῶν,
2289 3542 2385 3596 καὶ
2413 3545 2526 3606 τοῖς
2559 3541 2792 3594 πάθεσιν
2822 3537 3258 3609 ἀναφυρόμενος.

439 3650 588 3699 cum,
635 3650 786 3690 more
850 3635 1158 3702 hominum,
1197 3650 1402 3716 vesano
1453 3635 1792 3704 voluptatum
1834 3649 2020 3690 amore
2057 3634 2448 3704 corripiantur.
2491 3633 2770 3703 corporeis
2849 3633 2992 3702 quod
3043 3628 3351 3683 afficiantur
3431 3624 3681 3698 passioni-

440 3728 563 3790 ltus,
597 3735 651 3782 et
683 3726 851 3782 variis
877 3728 1232 3798 inquinentur
1255 3727 1731 3798 concupiscentiis.

513 3840 677 3897 Vens.
694 3842 751 3896 2.
772 3842 912 3907 Quia
937 3852 991 3895 tu
1020 3858 1096 3906 es,
1119 3841 1279 3908 Deus,
1309 3842 1561 3912 fortitudo
1580 3858 1716 3897 mea.
1739 3841 2019 3906 Stabilitas

440 3933 653 3990 scilicet
687 3949 828 3998 mea,
863 3949 929 3988 ac
958 3934 1104 3989 vires
1135 3948 1291 3990 meat.

515 4047 695 4114 Quare
718 4063 800 4100 me
831 4048 1116 4116 repulisti!
1148 4047 1394 4104 Tradens
1422 4062 1506 4104 me
1539 4048 1591 4102 in
1622 4049 2016 4120 captivitatem.

443 4139 556 4208 Ego
607 4139 754 4194 enim
803 4153 996 4196 servus
1034 4148 1163 4195 tuus
1212 4155 1354 4207 sum,
1393 4140 1446 4194 hi
1491 4154 1622 4195 vero
1671 4140 1770 4196 tibi
1823 4141 2020 4196 adver-

447 4237 665 4281 santur.

514 4317 586 4373 Et
613 4335 774 4388 quare
807 4321 974 4375 tristis
1003 4320 1210 4388 incedo,
1248 4323 1376 4377 dum
1408 4323 1593 4395 afﬂigit
1621 4340 1699 4380 me
1730 4323 1976 4377 inimicus
1997 4325 2023 4379 ἵ

444 4410 564 4466 Νοη
604 4425 876 4468 accusans
906 4411 1076 4468 Deum
1108 4413 1214 4468 hoc
1247 4413 1404 4480 dicit,
1439 4415 1531 4471 sed
1563 4416 1786 4486 placans
1815 4415 2017 4485 potius,

445 4519 508 4559 ac
539 4505 820 4572 mitigans.

513 4594 679 4652 Vens.
716 4597 770 4651 5.
802 4596 996 4652 Emitte
1014 4597 1191 4670 ,ιω-ειη
1217 4611 1389 4665 tuam,
1439 4608 1487 4655 et
1531 4601 1808 4655 ueritatem
1855 4609 2023 4654 tuam.

441 4688 604 4742 Juxta
647 4703 952 4760 anagogen,
982 4706 1078 4760 per
1110 4692 1284 4748 lucem
1310 4701 1364 4748 et
1395 4693 1706 4758 veritatem,
1739 4690 2023 4746 Christum

443 4781 715 4849 intclli’git.
760 4781 874 4852 Ego
908 4784 1080 4848 enim,
1135 4783 1334 4855 inquit,
1382 4785 1478 4840 tua:
1521 4801 1662 4851 sum,
1716 4784 1934 4850 veritas,
1976 4793 2026 4838 el

442 4874 549 4926 vita
568 4873 634 4927 “.
682 4873 846 4929 Juxta
887 4875 1173 4930 historiam
1207 4892 1358 4943 vero,
1394 4876 1572 4931 lucem
1627 4876 1859 4945 appellat
1898 4889 2024 4943 pro-

443 4965 762 5028 teetionem,
803 4975 857 5020 et
896 4967 1202 5022 custodiam
1226 4967 1347 5030 Dei,
1390 4982 1512 5038 qua:
1535 4983 1811 5025 summum
1846 4967 2019 5038 quod-

443 5054 570 5110 dam
615 5056 818 5114 laetitia:
851 5059 1034 5115 lumen
1074 5076 1261 5116 secum
1293 5061 1470 5127 aﬁ‘ert,
1517 5062 1679 5132 cujus
1731 5061 2026 5132 splendore

441 5162 634 5205 munes
676 5150 1031 5206 atllictionum
1064 5155 1306 5208 tenebrae
1350 5153 1749 5210 dissolvuntur.
1809 5151 2025 5207 Verita-

441 5244 550 5290 tem
585 5247 767 5294 autem
799 5256 1036 5311 expone,
1071 5242 1123 5296 id
1159 5251 1265 5306 est,
1302 5258 1489 5298 verum
1529 5243 1818 5296 auxilium.

506 5353 634 5422 Ipsa
677 5372 759 5409 me
805 5356 1161 5420 deduxerunt,
1216 5365 1267 5410 et
1310 5357 1648 5410 adduxerunt
1692 5356 1749 5409 in
1796 5367 2021 5409 montem

444 5454 686 5496 sanctum
728 5453 900 5511 tuum,
940 5456 990 5500 et
1017 5446 1074 5498 in
1104 5443 1455 5498 tabernaculo
1497 5453 1610 5496 tua.
1652 5441 1767 5496 Hoc
1800 5442 1854 5496 in
1900 5442 2022 5496 loco

448 5545 665 5606 tempus
683 5540 916 5609 positum
946 5547 1031 5594 est
1067 5553 1166 5607 pro
1194 5546 1457 5605 tempore,
1490 5533 1825 5605 praeteritum
1849 5533 2026 5587 .nimi-

447 5641 570 5680 rum
622 5642 722 5697 pro
772 5627 976 5683 futuro.
1003 5626 1144 5693 Tua,
1177 5625 1377 5697 inquit,
1411 5627 1525 5690 lux,
1559 5630 1612 5679 et
1655 5632 1748 5677 tua
1796 5622 2022 5690 veritas,

447 5715 564 5784 ipsa
595 5732 684 5773 me
715 5718 1011 5782 deducent,
1040 5723 1094 5772 et
1122 5716 1394 5772 adducent
1420 5715 1478 5770 in
1510 5723 1748 5770 montem
1770 5721 2021 5769 sanctum

451 5815 606 5863 tuum
643 5809 799 5875 Sion,
838 5819 893 5866 et
919 5807 975 5864 in
1001 5808 1382 5875 tabernacula,
1416 5809 1518 5864 hoc
1548 5817 1653 5874 est,
1681 5807 1736 5863 in
1761 5808 2020 5879 templum

522 5997 566 6029 ει
599 5995 742 6052 νδειι,
785 6012 835 6061 v,
882 5998 964 6053 ll.
1045 6002 1086 6033 ³⁸
1111 6001 1266 6058 Juatt.
1307 6018 1414 6063 ιιιγ.
1440 6002 1490 6057 σε

2193 3845 2322 3898 Ὀτι
2362 3842 2444 3896 σὺ
2480 3835 2553 3906 εἴ,
2584 3842 2617 3894 ὁ
2648 3838 2816 3904 Θεὸς,
2845 3834 3185 3905 κραταιωμά
3212 3852 3354 3904 μου.
3395 3831 3681 3902 Στερέωσις

2121 3951 2222 4006 μου
2257 3934 2411 4003 ἰσχύς
2437 3949 2562 3998 μου.

2199 4053 2384 4108 Ἰνατί
2425 4050 2648 4107 ἀπώσω
2697 4065 2810 4120 ne;
2853 4048 3075 4112 Ἐκδοὺς
3130 4049 3214 4110 εἰς
3271 4047 3680 4116 αἰχμαλωσίαν·

2120 4145 2211 4210 σδς
2247 4144 2346 4214 μὲν
2379 4145 2489 4215 γὰρ
2518 4142 2632 4213 ἐγὼ
2668 4142 2876 4206 δοῦλος·
2908 4135 3064 4205 οὗτος
3087 4141 3165 4205 δὲ,
3188 4139 3393 4211 ἐχθρός
3425 4157 3542 4192 σου.

2189 4325 2295 4380 Καὶ
2322 4325 2478 4379 [rati
2505 4321 2944 4392 σκυθρωπάζων
2968 4320 3314 4388 πορεύομαι.
3357 4317 3435 4369 ἐν
3461 4315 3542 4380 τῷ
3575 4313 3685 4368 θλί-

2122 4423 2249 4472 ἰΐειν
2280 4418 2388 4471 τὸν
2410 4416 2667 4486 ἐχθρόν;
2704 4415 2818 4468 Οὐκ
2846 4411 3096 4481 ἐγκαλῶν
3119 4410 3295 4465 ταῦτα
3323 4425 3517 4479 φησιν,
3570 4406 3686 4459 ἀλλὰ

2122 4507 2416 4562 δυσωπῶν.

2208 4597 2686 4662 Ἑξαπόστειλον
2709 4596 2777 4650 τὸ
2805 4595 2933 4665 φῶς
2962 4610 3102 4657 σου,
3137 4594 3238 4648 καί
3270 4590 3388 4660 τὴν
3413 4587 3684 4656 ἀλήθειάν

2128 4705 2268 4745 σου.
2318 4688 2704 4758 Ἀναγωγικῶς
2764 4689 2884 4758 μὲν,
2919 4689 3012 4741 τὸν
3066 4686 3306 4758 Χριστὸν
3359 4686 3685 4738 αἰνίττεταιο

2127 4787 2262 4854 φησὶ
2293 4783 2402 4854 γάρ
2424 4801 2439 4816 ⁸
2494 4782 2641 4851 Ἐγώ
2665 4785 2780 4851 ειμι
2826 4781 2895 4834 τὸ
2919 4779 3066 4850 φῶς,
3091 4777 3204 4832 ’καί
3230 4777 3269 4844 ἠ
3299 4776 3573 4840 ἀλήθεια,
3601 4768 3686 4823 καί

2124 4874 2163 4943 ἡ
2198 4874 2334 4942 ζωήυ
2361 4874 2485 4929 καθ’
2523 4874 2765 4944 ἱστορίαν
2821 4873 2900 4936 δὲ,
2942 4871 3060 4941 φῶς
3095 4869 3196 4939 μὲν
3231 4869 3394 4922 καλεῖ
3435 4867 3537 4935 τὴν
3577 4866 3686 4916 ἑπι-

2129 4966 2362 5036 σκοπὴν,
2393 4966 2514 5036 ἥτις
2562 4966 2640 5036 τῷ
2675 4966 2815 5033 φωτὶ
2866 4965 2967 5034 τῆς
3015 4963 3192 5033 χαρᾶς
3231 4960 3349 5013 λύει
3400 4958 3462 5011 τὸ
3514 4955 3687 5014 σκότος

2127 5062 2231 5131 τῆς
2261 5060 2518 5129 θλίψεως·
2549 5059 2814 5129 ἀλήθειαν
2844 5055 2924 5118 δὲ,
2954 5055 3054 5126 τὴν
3083 5051 3347 5124 ἀληθινὴν
3373 5048 3639 5119 βοήθειαν.

2189 5347 2351 5403 Αὐτὰ
2397 5365 2473 5416 με
2515 5346 2865 5415 ὡδήγησαν,
2920 5343 3017 5396 καί
3053 5341 3287 5412 ἤγαγον
3313 5355 3386 5409 με
3434 5337 3527 5401 εἰς
3566 5332 3684 5401 ὄρος

2123 5442 2297 5510 ἅγιόν
2327 5454 2467 5504 σου,
2501 5437 2600 5491 καὶ
2648 5439 2736 5502 εἰς
2785 5435 2855 5490 τὰ
2909 5434 3276 5504 σκηνώματὰ
3330 5447 3471 5485 σου.
3517 5422 3682 5492 Ἐνήὶ-

2123 5534 2321 5587 λακται
2371 5532 2400 5584 ὁ
2431 5531 2644 5600 χρόνος,
2687 5529 2810 5583 ἀντὶ
2866 5526 3233 5597 Ὀδηγήσουσι
3289 5521 3388 5576 καὶ
3441 5518 3685 5586 ἄξουσινο

2125 5625 2279 5682 αὐτὰ
2315 5625 2394 5690 δὲ,
2439 5621 2643 5692 δηλαδὴ
2680 5620 2742 5674 τὺ
2770 5619 2888 5689 φῶς
2935 5636 3030 5672 σου
3065 5619 3156 5671 καὶ
3203 5618 3237 5686 ἡ
3284 5610 3515 5684 ἀλήθειά
3564 5619 3683 5658 σου·

2127 5715 2224 5768 καὶ
2257 5713 2385 5784 ὅρος
2408 5711 2508 5782 μὲν
2542 5711 2720 5779 ἅγιον,
2757 5710 2818 5762 τὸ
2848 5708 3008 5762 Σιώνο
3035 5704 3370 5777 σκηνώματα
3389 5701 3465 5766 δὲ,
3505 5699 3536 5751 ὁ
3559 5696 3683 5752 θεῖοι

2129 5809 2281 5873 ναός.
2323 5803 2712 5876 ’Δναγωγικῶς
2735 5804 2811 5872 δὲ,
2844 5805 2872 5857 ὁ
2894 5801 3130 5874 Χριστος
3164 5798 3422 5872 ὁδηγήσει
3451 5795 3550 5850 καὶ
3583 5789 3682 5854 ἄξει
