3866 6556
197 487 296 553 tu
961 440 964 443 ’
1372 483 1760 548 COMMENT.
1795 482 1877 546 IN
1918 456 2292 546 PSALMOS;

3303 483 3410 546 478

191 595 306 655 τοὺς
339 577 562 652 simois;
613 590 693 655 είς
747 589 846 660 τὴν
897 590 1010 647 ἀνω
1060 589 1219 656 Σιὼν,
1263 591 1358 644 καὶ
1390 593 1458 646 τά
1505 592 1731 663 οὐράνια

1860 609 2009 648 uum.
2048 593 2213 650 Juxta
2239 608 2535 664 anagogem
2564 594 2837 661 Christus,
2873 595 2990 665 qui,
3043 603 3101 649 ut
3161 599 3414 666 superius

195 683 528 754 σκηνώματα·
569 682 710 751 Ἐγὼ
736 682 868 752 γὰρ,
909 681 1094 750 φησιν,
1124 680 1240 751 είμί
1274 683 1314 750 ἠ
1337 682 1496 748 ὁδός.

1833 683 2092 750 diximus,
2126 687 2220 739 lux
2269 693 2374 750 est,
2421 695 2476 740 et.
2521 687 2740 751 veritas,
2776 687 3008 742 deducet
3064 697 3116 741 et
3183 687 3414 743 adducet

193 772 362 826 ﬁdeles
429 787 614 828 omnes
657 772 722 826 ad
765 787 1055 843 supernam
1103 771 1257 838 Sion,
1304 782 1358 828 et
1407 773 1476 828 ad
1557 774 1806 830 coelestia
1845 777 2218 834 tabernacula.
2281 777 2394 850 Ego
2450 777 2596 834 enim
2652 795 2790 842 sum,
2845 779 3046 846 inquit,
3105 780 3212 844 via,
3273 780 3411 833 veri-

195 875 286 926 tas,
315 872 418 917 etc.

253 955 352 1010 Καὶ
398 954 820 1023 εἰσελεύσομαι
868 954 1019 1023 πρὸς
1050 955 1119 1009 τὸ
1162 956 1600 1024 θυσιαστήριον
1634 955 1742 1012 τοῦ

196 1045 348 1099 Θεοῦ.
382 1045 708 1114 Λατρεύσων
745 1045 917 1116 αὐτῷ,
947 1046 1043 1099 καὶ
1077 1045 1280 1100 θύσων.

254 1137 399 1202 Πρὸς
427 1136 532 1190 τὸν
563 1138 732 1199 Θεὸν,
759 1137 867 1190 τὸν
891 1138 1296 1206 εὐφραίνοντα
1327 1139 1444 1207 τὴν
1489 1141 1744 1209 νεότητά

185 1247 310 1296 μου.
335 1230 504 1282 Τοῦτο
535 1231 816 1300 προσώπῳ
839 1232 974 1299 φησι
1003 1231 1112 1284 τῶν
1142 1233 1200 1285 ἐν
1223 1233 1576 1305 αἰχμαλωσίᾳ
1614 1251 1743 1303 γεν-

193 1317 467 1384 νηθέντων,
508 1319 602 1371 καὶ
628 1319 765 1373 νέων
791 1320 1192 1374 ἀναϐαινόντων
1221 1322 1302 1386 είς
1347 1321 1700 1394 Ἰερουσαλήμ
1723 1338 1739 1354 ο

192 1407 320 1470 εἰκὸς
335 1407 441 1476 γὰρ
463 1410 586 1471 τοὺς
613 1411 854 1478 πατέρας
881 1411 1060 1464 αὐτῶν
1083 1413 1396 1468 ἀποθανεῖν.
1424 1413 1497 1467 Ἦ
1515 1415 1741 1483 νεότητα

190 1498 320 1563 λέγει
350 1497 447 1566 τὴν
501 1499 642 1551 κατά
690 1501 1052 1570 προαίρεσινο
1103 1502 1324 1566 ἑνέαζον
1371 1505 1480 1573 γὰρ
1515 1506 1634 1568 ταῖς
1661 1505 1744 1568 είς

188 1590 272 1655 τὴν
294 1588 384 1671 τοῦ
408 1589 552 1643 Θεοῦ
584 1590 844 1662 λατρείαν
871 1593 1224 1663 προθυμίαις.
1268 1595 1658 1663 Ἀναγωγικῶς
1683 1595 1740 1648 δὲ

188 1681 378 1750 νεότης,
406 1683 440 1751 ἡ
473 1683 562 1736 διὰ
604 1682 700 1736 τοῦ
752 1684 1131 1754 βαπτίσματος
1160 1687 1483 1752 ἀνανέωσις,
1520 1687 1611 1741 καὶ
1643 1685 1739 1740 τοῦ

188 1773 399 1826 παλαιοῦ
426 1773 720 1845 ἀνθρώπου
749 1777 1076 1841 ἀπέκδυσις.

1916 955 2084 1012 Vens.
2121 957 2177 1011 4.
2209 955 2277 1010 Et
2313 957 2544 1011 introibo
2570 956 2640 1010 ad
2665 956 2836 1011 altare
2862 955 2977 1010 Dei.
3009 954 3282 1020 Adorabo,
3326 954 3415 1009 in-

1847 1049 1988 1120 quit,
2019 1048 2211 1112 Deum,
2241 1055 2297 1102 et
2336 1049 2658 1103 sacritlcabo
2689 1053 2762 1102 ei.

1916 1140 2005 1194 Ad-
2026 1139 2190 1194 Deum
2225 1140 2315 1210 qui
2344 1139 2582 1208 laetiﬁcat
2616 1139 2946 1207 juveututem
2981 1156 3166 1193 meam.
3196 1139 3317 1195 llaec
3343 1157 3409 1197 ex

1848 1248 2042 1288 eorum
2087 1249 2324 1303 persona
2356 1235 2502 1288 dicta
2533 1241 2687 1296 sunt,
2716 1233 2806 1302 qui
2843 1235 2894 1286 in
2940 1234 3254 1301 captivitate
3301 1235 3410 1289 nati

1848 1331 2030 1389 erant,
2071 1332 2127 1378 et
2185 1324 2278 1394 qui
2332 1323 2497 1378 modo
2550 1323 2922 1378 ascendebant
2974 1324 3026 1376 in
3084 1321 3408 1379 Jerusalem.

1849 1413 2162 1468 Verisimile
2198 1413 2344 1467 enim
2385 1421 2493 1472 cst,
2527 1399 2717 1467 eorum
2756 1423 3011 1481 parentes
3055 1415 3108 1466 in
3141 1413 3412 1484 Babylone

1849 1503 2096 1570 captivos
2147 1502 2400 1572 periisse.
2434 1501 2529 1554 Vel
2567 1517 2664 1570 per
2706 1502 3068 1570 juventutcm,
3127 1503 3410 1571 vigescens

1852 1595 2019 1648 animi
2072 1595 2415 1664 propositum
2460 1594 2732 1662 intelligit.
2773 1594 3195 1647 Renovabantnr
3239 1595 3408 1654 enim,

1849 1691 1905 1738 et
1930 1683 2334 1752 quiodammodo
2362 1684 2812 1755 juvenescebaut,
2846 1699 2970 1737 cum
3026 1685 3192 1737 divini
3231 1685 3414 1738 cultus

1847 1793 2065 1845 semper
2135 1776 2310 1846 magis
2379 1775 2847 1832 succcnderentur
2899 1777 3192 1832 desiderio.
3251 1772 3414 1828 Juxta

185 1866 1264 1934 snasogen,perjuventutemrenovatio
1317 1871 1410 1926 illa
1467 1870 1815 1941 intelligitur,
1856 1883 1980 1938 quae
2031 1867 2090 1923 iit
2120 1883 2218 1938 per
2265 1868 2622 1938 baptismum,
2673 1869 2913 1938 quando,
2967 1876 3132 1921 exuto
3187 1865 3414 1934 antiquo

186 1953 405 2022 homine,
433 1971 637 2010 norum
663 1959 959 2016 induimus.

251 2048 805 2120 Ἐξομολοτήσομαι
854 2066 954 2108 σοι
1011 2054 1082 2108 ἐν
1130 2055 1364 2124 κιθάρᾳ.
1417 2059 1450 2111 ὁ
1506 2055 1668 2123 Θεὸς,
1708 2057 1740 2110 d

1915 2053 2084 2109 Vsus.
2123 2053 2178 2109 5.
2219 2053 2520 2121 Conﬁtebor
2566 2053 2664 2106 tibi
2698 2053 2753 2107 in
2801 2051 3004 2106 cithara
3043 2052 3204 2117 Deus,
3272 2051 3412 2106 Deus

187 2139 312 2205 Θεός
335 2156 482 2208 μου,
534 2141 644 2211 Τὴν
685 2142 961 2214 προτέραν
992 2144 1344 2216 ἀπολήψομαι
1377 2149 1740 2209 κατάστασιν,

181 2231 318 2283 τοῦτο
347 2233 464 2302 γὰρ
497 2233 766 2304 ἐδήλωσεν
791 2235 879 2290 διὰ
904 2236 1004 2305 τῆς
1028 2238 1284 2309 κιθάραςο
1321 2239 1463 2308 μετὰ
1491 2239 1743 2308 ὀργάνων

181 2322 550 2395 εὖχαριστήσω
612 2342 715 2379 σοι’
775 2327 812 2382 ἃ
865 2329 1407 2399 αἰχμαλωτισθέντες
1473 2331 1566 2384 ἐπὶ
1619 2331 1742 2393 ταῖς

185 2414 332 2476 ίτὲαις
361 2417 706 2486 ἐκρέμασαν,
743 2418 820 2483 ὡς
851 2419 1052 2489 ἀργίαν
1081 2421 1181 2491 ἤδη
1232 2421 1738 2490 καταψηφισθέντα.

191 2501 564 2570 ’Λναγωγικῶς
594 2505 649 2559 δὲ
680 2505 901 2576 κιθάρα,
946 2509 978 2577 ἡ
1027 2509 1309 2579 πρακτικὴ
1353 2509 1544 2578 ἀρετὴ,
1573 2509 1650 2569 ὡς
1681 2509 1740 2560 ὲν

179 2593 338 2655 ἄλλοις
376 2596 710 2665 εἰρήκαμεν·
746 2597 808 2650 τδ
843 2598 924 2664 δὲ,
953 2601 986 2652 ὀ
1024 2601 1190 2665 Θεὸς,
1222 2599 1256 2651 ὁ
1285 2601 1428 2664 Θεός
1469 2617 1610 2669 μου,
1645 2600 1745 2670 τὴν

182 2685 248 2746 είς
269 2685 392 2738 Θεὸν
425 2686 686 2755 ὲμψαίνει
707 2687 1114 2758 διαπυροτάτην
1138 2689 1401 2743 διάθεσιν.

1850 2161 2019 2200 meus.
2049 2145 2292 2198 Primum
2325 2143 2524 2212 inquit,
2561 2151 2725 2213 atque
2753 2144 3106 2198 ammniorem
3135 2144 3258 2197 vita:
3284 2157 3416 2196 mea:

1848 2245 2052 2292 statum
2084 2235 2439 2304 recuperabo,
2476 2235 2808 2306 organisque
2844 2243 3005 2304 atque
3039 2231 3414 2288 instrumentis

1848 2326 2094 2388 musicis.
2120 2335 2179 2380 ut
2200 2326 2351 2388 olim,
2392 2325 2483 2379 tibi
2516 2326 2722 2395 gratias
2753 2339 2906 2395 agam
2934 2342 2949 2392 ;
2977 2339 3097 2393 quze
3127 2323 3306 2377 omnia
3348 2322 3416 2375 ab

1847 2433 1916 2472 eo
1942 2429 2310 2487 temporequo
2340 2418 2394 2471 in
2424 2417 2698 2488 Babylone
2727 2417 2924 2483 captivi
2947 2431 3159 2478 sumus,
3185 2431 3416 2484 suspen-

1851 2509 2032 2563 dimus
2055 2509 2109 2563 in
2147 2508 2412 2564 salicibus
2449 2525 2464 2574 ;
2494 2523 2556 2562 ea
2600 2508 2860 2562 nimirum
2901 2509 3135 2568 ratione,
3171 2516 3228 2559 ut
3261 2517 3412 2575 post-

1850 2615 2013 2670 quam
2049 2599 2234 2654 nullus
2268 2614 2368 2654 nos
2400 2609 2528 2654 tunc
2573 2600 2810 2653 musices
2851 2613 2984 2652 usus
3015 2599 3262 2656 decebat.
3294 2598 3414 2666 ipsa

1851 2690 2216 2746 instrumenta
2252 2692 2362 2746 illic
2397 2692 2560 2746 veluti
2613 2691 2676 2744 ad
2727 2691 2918 2757 otium,
2953 2700 3112 2757 atque
3166 2688 3413 2748 inertiam

185 2779 530 2832 condemnata
553 2779 822 2847 jacerent.
851 2779 1012 2835 Juxta
1037 2795 1313 2852 anagogen
1340 2797 1436 2851 per
1452 2781 1742 2846 citharam,
1780 2781 2038 2836 virtutem
2068 2783 2324 2838 moralem
2360 2771 2736 2851 intelligimus,
2768 2796 2889 2850 quae
2960 2784 3104 2834 circa
3175 2780 3415 2834 actiOnes

185 2886 446 2939 versatur,
479 2887 541 2932 ut
564 2878 692 2933 alibi
723 2879 983 2935 diximus.
1019 2878 1190 2934 Verba
1220 2891 1401 2935 autem
1422 2880 1511 2933 illa
1537 2896 1553 2931 :
1583 2878 1748 2946 Deus,
1788 2877 1931 2934 Deus
1964 2897 2130 2948 meus,
2156 2881 2431 2952 ingentem
2456 2894 2519 2934 ac
2550 2879 2782 2934 validum
2812 2877 3058 2933 ardorem
3124 2877 3178 2931 in
3245 2877 3412 2930 Deum

182 2973 570 3029 demonstrant.
2045 3029 2051 3035 _

247 3067 430 3122 Ἰνατί
469 3070 802 3136 περίλυπος
847 3067 923 3134 εἴ,
969 3072 1006 3138 ἡ
1051 3076 1220 3140 ψυχή
1244 3089 1384 3141 μου,
1433 3073 1534 3126 καί
1581 3070 1739 3126 irati

1922 3067 2102 3132 Quare
2143 3065 2314 3119 tristis
2357 3079 2412 3118 es
2455 3063 2635 3116 anima
2669 3079 2804 3126 mea,
2847 3071 2896 3116 et
2923 3078 3087 3131 quare
3131 3060 3414 3115 conturbas

180 3159 618 3223 συνταράσσεις
664 3175 779 3227 με;
816 3159 1069 3213 ἕλπισον
1125 3160 1222 3211 ἐπὶ
1267 3159 1375 3212 τὸν
1426 3161 1594 3221 Θεὸν,
1649 3155 1740 3209 ὅτι

1856 3175 1931 3212 me
1967 3161 1992 3212 ?
2030 3174 2183 3226 spera
2223 3158 2273 3209 iu
2320 3155 2448 3220 Deo,
2491 3155 2737 3223 quoniam
2787 3155 2960 3206 adhuc
3012 3154 3293 3220 conﬁtebor
3332 3151 3415 3205 illi

178 3249 683 3319 ἐξομο.ιογήσομαι
713 3249 891 3316 αὐτῷ,
939 3249 1242 3316 σωτήριον
1277 3251 1385 3304 τοῦ
1415 3247 1740 3317 προσώπου

1856 3252 2085 3306 salutare
2119 3250 2292 3302 uultus
2335 3249 2458 3309 mei,
2485 3257 2532 3300 et
2563 3246 2698 3300 Deus
2747 3261 2918 3299 meus.
2975 3244 3177 3298 Eadem
3218 3259 3412 3298 rursus

176 3357 298 3408 μου,
324 3341 430 3394 καὶ
480 3343 514 3395 ό
565 3342 710 3407 Θεός
735 3357 877 3409 μου.
921 3341 1004 3394 Τὰ
1044 3339 1184 3392 αὑτά
1215 3339 1378 3394 πάλιν
1410 3337 1559 3408 αὐτῷ
1598 3336 1739 3407 πρὸς

1856 3345 1967 3414 ipse
1994 3343 2097 3396 sibi
2132 3341 2199 3394 ad
2234 3341 2495 3408 majorem
2542 3338 2743 3392 mentis
2779 3337 3407 3423 sugconﬁrmationcm

179 3433 469 3505 ἐπίῤῥωσιν
493 3435 871 3501 ὲγκελεύεται.
1500 3494 1505 3499 ,

1856 3433 2110 3504 ρΐιῐιείρίι.

177 3494 275 3591 Ek:
291 3494 350 3579 τὸ
376 3494 558 3592 τέλος
592 3529 715 3594 τοῖς
737 3527 891 3593 υίοῖς
909 3527 1058 3594 Κορὲ
1073 3529 1163 3592 είς
1185 3530 1462 3582 σύνεσιν.
1493 3494 1740 3594 Ψαλμὸς

1856 3494 1913 3580 in
1952 3494 2108 3595 ﬁnem
2155 3523 2283 3592 ﬁliis
2313 3521 2448 3576 Core
2477 3520 2547 3574 ad
2595 3519 2998 3590 intelligentiam
3033 3517 3281 3574 Psalmus
3313 3517 3413 3587 ipsi

777 3617 860 3684 τῷ
897 3618 1103 3672 Δαϐίδ.

2535 3613 2725 3666 David.

728 3711 1023 3764 ΨΑΛΜΟΣ
1058 3709 1193 3764 ΜΓ.

2361 3703 2681 3760 PSALMUS
2710 3703 2888 3759 XLIII.

235 3803 474 3870 Τοιαύτη
495 3802 593 3872 μὲν
617 3804 708 3856 καὶ
735 3802 830 3856 τοῦ
856 3809 951 3872 μα’
981 3802 1200 3872 ψαλμοῦ
1229 3803 1530 3874 ἐπιγραφήο
1559 3819 1740 3872 προει-

1918 3801 2127 3858 Similis
2164 3808 2248 3855 est
2283 3799 2565 3868 inscriptio
2617 3799 2806 3868 psalmi
2849 3814 2961 3863 xu,
3019 3797 3088 3852 de
3143 3813 3247 3867 qua
3298 3799 3409 3869 jam

179 3897 415 3966 ρήκαμεν
451 3895 508 3948 δὲ
566 3896 696 3964 περὶ
733 3895 903 3963 αὐτῆς
971 3896 1029 3947 ὲν
1080 3894 1295 3965 ἐκείνῳ.
1347 3893 1463 3948 Νῦν
1523 3894 1580 3947 δὲ
1638 3893 1740 3963 χρὴ

1856 3893 2112 3948 diximus.
2147 3890 2306 3945 Nunc
2343 3889 2474 3944 illud
2508 3899 2722 3943 tantum
2772 3889 2953 3944 dicere
2988 3900 3223 3958 oportet,
3267 3889 3411 3960 quod

174 3987 420 4040 τοσοῦτον
452 3987 647 4048 είπεῖν,
680 3983 1054 4054 ὅτιπροσὼπῳ
1077 3985 1359 4039 Ματαθίου
1381 3985 1475 4038 τοῦ
1509 3987 1740 4039 Μακκα-

1856 3987 2040 4040 beatus
2073 3983 2242 4037 David
2290 3982 2559 4052 psalmum
2595 3983 2740 4037 hunc
2769 3981 2990 4052 scripsit
3018 3983 3070 4036 in
3119 3997 3409 4052 personam

177 4077 316 4130 ὁσίου
342 4079 442 4131 καὶ
467 4077 576 4129 τῶν
608 4077 813 4130 παίδων
839 4077 1004 4130 αὑτοῦ
1033 4079 1124 4130 τὸν
1152 4077 1399 4146 παρόντα
1425 4095 1740 4147 ἰτροαναφω⁴

1856 4079 2126 4134 Matathiae
2168 4075 2484 4140 Machabaai,
2515 4082 2570 4130 et
2603 4074 2837 4129 ﬁliorum
2866 4074 3004 4143 ejus,
3045 4075 3135 4144 qui
3178 4090 3302 4129 cum
3345 4090 3411 4128 eo

173 4171 248 4220 νεῖ
269 4168 533 4238 ψαλμδνὸ
561 4169 744 4222 Δαόίδο
769 4168 819 4221 οἳ
841 4169 1316 4238 καταπονηθείσης
1341 4169 1444 4237 τῆς
1482 4168 1740 4234 Ἰουδαίας

1856 4182 2112 4240 tempore,
2144 4185 2254 4240 quo
2283 4167 2471 4223 Judaea
2493 4169 2642 4238 regio
2670 4167 2738 4221 ab
2759 4166 3028 4221 Antiocho
3051 4177 3411 4236 cognomento

177 4259 272 4313 ὑπὸ
315 4261 598 4329 Ἀντιόχου
627 4260 722 4313 τοῦ
767 4261 1102 4330 Ἐπιφανοῦς
1132 4263 1229 4315 καὶ⁵
1253 4261 1366 4314 τῶν
1392 4261 1740 4322 Μακεδόνων.

1856 4262 2073 4326 Illnstri,
2103 4269 2266 4331 atque
2299 4275 2328 4313 a
2367 4259 2756 4314 Macedonibus
2802 4267 3110 4312 vastaretur
3137 4298 3151 4321 ,
3193 4261 3411 4312 exsules

175 4349 261 4400 καὶ
293 4349 666 4419 ἁρπαγείσης,
707 4351 946 4418 φυγάδες
990 4350 1166 4412 ὅντες.
1231 4351 1616 4422 ἀνεθάρρησαν
1645 4352 1740 4419 add

1856 4361 2059 4412 essent,
2095 4366 2219 4406 sero
2273 4349 2415 4415 licet,
2473 4349 2616 4404 vires
2683 4356 2904 4409 tamen,
2965 4357 3129 4416 atque
3167 4348 3409 4400 animum

174 4457 317 4504 ποτε,
335 4439 438 4493 καὶ
460 4441 855 4508 συναγαγόντες
873 4442 1033 4505 ὅσους
1056 4440 1321 4509 ἠδύναντο
1345 4443 1480 4511 πρὸς
1502 4441 1740 4511 ἄμυναν,

1856 4443 2066 4498 tandem
2123 4447 2466 4510 receperunt.
2523 4438 2676 4492 Unde
2727 4439 2972 4491 collectis
3028 4451 3126 4504 pro
3172 4447 3414 4504 tempore

174 4530 700 4603 παρεσκευάσθησαν
754 4531 832 4602 τῷ
885 4533 1007 4603 Θεῷ
1066 4531 1593 4604 θαῤῥήσαντες.¹Ὧν
1645 4537 1740 4601 τὴν

1856 4531 2040 4600 copiis,
2088 4529 2158 4583 ad
2220 4527 2597 4582 defensionem
2653 4540 2718 4580 ac
2747 4525 3041 4579 vindictam
3079 4539 3305 4578 suorum
3357 4525 3411 4577 in

177 4631 417 4702 ἱστορίαν
487 4629 732 4700 ἀκριϐῶς
785 4627 855 4680 τά
921 4625 1328 4681 Μακκαϐαἳστά
1398 4627 1740 4682 διδάσκουσιν

1856 4621 1958 4674 Deo
1984 4619 2210 4674 ﬁdentes
2228 4633 2350 4673 sese
2379 4618 2754 4682 accinxerunt,
2787 4627 2841 4670 ut
2875 4618 3096 4672 uberius
3129 4617 3183 4672 in
3224 4631 3410 4672 corum

185 4723 470 4792 Ἰωσήπου.
509 4719 895 4786 Κατεπτηχὸσι
942 4717 1000 4770 δὲ
1037 4721 1150 4780 τοῖς
1181 4720 1244 4770 ὲκ
1285 4717 1466 4786 φυγῆς
1515 4720 1740 4790 συνηλε-

1856 4713 2076 4766 historia
2119 4710 2398 4780 Iosephus
2455 4711 2660 4764 retulit.
2701 4711 2834 4766 Cum
2875 4710 3037 4779 igitur
3085 4711 3139 4764 hi
3195 4713 3415 4767 exsules

174 4815 393 4882 γμένοις
417 4811 501 4865 διὰ
523 4811 620 4880 τὴν
637 4810 744 4862 τῶν
756 4808 1082 4862 Μακεδόνων
1105 4809 1390 4878 ἀπήνειαν,
1407 4810 1740 4876 προσάγουσι

1856 4820 1975 4856 rum
2012 4803 2224 4858 caeteris
2278 4801 2544 4872 fugitivis,
2595 4802 2686 4871 qui
2739 4816 2803 4856 ex
2851 4801 3059 4856 Juda2is
3101 4805 3414 4872 congregati

174 4902 516 4970 παραίνεσιν,
577 4903 636 4951 ἐν
685 4899 852 4968 εὐχῆς
900 4895 1082 4965 τύπῳ,
1143 4899 1208 4965 τῇ
1269 4898 1574 4968 ἀναμνήσει
1631 4899 1740 4953 τῶν

1856 4897 2107 4960 fuerant,
2175 4897 2248 4952 ob
2297 4895 2655 4950 Macedonum
2719 4894 2984 4950 saevitiam
3058 4897 3414 4965 trepidarent,

171 4991 310 5042 κατὰ
342 4990 469 5052 τοὺς
499 4989 744 5053 πατέρας
777 4987 956 5040 αὐτῶν
1005 4987 1392 5055 γεγενημένων
1441 4989 1742 5056 τεραστίων

174 5079 688 5150 παραθαρρύνοντες
719 5077 935 5142 αὐτοὺς,
985 5077 1080 5130 καὶ
1141 5077 1221 5139 είς
1269 5076 1360 5129 τὸν
1395 5077 1628 5149 πόλεμον
1661 5081 1742 5134 δι-

175 5169 287 5234 ιγεί
293 5185 447 5239 ροντε
457 5186 503 5230 ς.

252 5345 319 5399 '0
357 5347 522 5412 Θεὸς,
565 5347 635 5399 ἐν
680 5346 806 5412 τοῖς
848 5345 1000 5400 ὠσίν
1041 5347 1213 5416 ήμῶν
1261 5350 1632 5420 ἠκούσαμεν,
1687 5352 1742 5404 οἱ

171 5439 423 5506 πατέρες
455 5437 624 5506 ἡμῶν
648 5439 1015 5507 ἀνήγγειλαν
1045 5441 1192 5507 ἡμῖν
1213 5441 1390 5511 ἔργον
1423 5443 1455 5496 ὃ
1485 5442 1740 5511 είργὰσω

171 5529 241 5580 ἐν
265 5529 390 5594 ταῖς
413 5528 661 5597 ἡμέραις
692 5529 910 5592 αὐτῶν,
945 5531 1017 5582 ἐν
1062 5531 1308 5600 ἡμέραις
1350 5533 1648 5599 ἀρχαίαις.
1670 5563 1741 5573 -

184 5621 239 5671 '0
271 5621 433 5684 Θεὸς,
473 5620 544 5673 ἐν
573 5621 692 5686 τοῖς
720 5622 872 5675 ὠσίν
902 5622 1071 5689 ἡμῶν
1106 5624 1456 5692 ἠκούσαμεν
1476 5663 1491 5686 ,
1527 5625 1606 5686 εἰς
1647 5623 1738 5693 βε-

173 5710 398 5764 ϐαίωσιν
425 5711 520 5764 τοῦ
547 5713 707 5780 λόγου
737 5715 1057 5783 πρόσκειται
1095 5715 1174 5779 τὸ,
1209 5713 1330 5780 Τοῖς
1367 5713 1521 5768 ὠσίν
1544 5715 1732 5783 ἡμῶν.

173 5801 290 5854 Καὶ
315 5802 417 5872 γάρ
443 5802 736 5872 εἰώθαμεν,
770 5805 898 5858 ὅταν
920 5805 1237 5876 διηγώμεθα
1269 5805 1397 5874 περὶ
1428 5798 1504 5859 ὧν
1526 5807 1738 5875 πεπλη-

1851 4989 2294 5043 rxhortationem
2332 4989 2435 5044 sibi
2465 4989 2518 5042 in
2543 4987 2808 5043 oratiOnis
2836 4986 3065 5042 formam
3093 5004 3418 5056 composue-

1849 5090 2000 5145 runt,
2034 5098 2154 5152 qua:
2197 5082 2470 5136 mirabilia
2500 5097 2728 5150 quaque
2759 5082 3165 5151 progenitorum
3192 5096 3416 5134 suorum

1850 5171 1991 5226 facta
2029 5181 2534 5228 commemoraret:
2578 5182 2636 5226 ut
2692 5172 2778 5226 his
2835 5173 3092 5227 nimirum
3156 5171 3418 5229 exemplis

1849 5264 2230 5318 animarentur
2263 5274 2317 5318 et
2353 5264 2608 5318 lidentius
2639 5263 3013 5318 excitarentur
3058 5261 3123 5314 ad
3159 5276 3416 5330 pugnam.

1926 5353 2093 5409 Vsus.
2118 5353 2173 5408 2.
2201 5353 2362 5418 Deus,
2401 5355 2621 5408 auribus
2667 5355 2864 5408 nostris
2893 5354 3215 5417 audivimus,
3241 5361 3416 5422 patres

1851 5450 2023 5502 nostri
2064 5450 2512 5502 annuutiaveruut
2565 5447 2712 5501 nobis
2740 5463 2870 5515 opus
2900 5445 3038 5515 quod
3074 5454 3322 5515 operatus
3362 5462 3417 5499 es

1849 5539 1902 5591 in
1930 5539 2110 5593 diebus
2137 5555 2340 5603 eorum,
2382 5540 2435 5593 in
2473 5540 2658 5592 diebus
2711 5539 2967 5606 antiquis.
3026 5535 3183 5603 Quod
3235 5537 3416 5592 dicit:

1849 5630 2162 5684 Audirimus
2193 5631 2409 5684 auribus
2445 5630 2664 5692 nostris,
2691 5628 2898 5683 dictum
2930 5638 3016 5683 est
3047 5628 3115 5682 ad
3151 5629 3412 5698 majorem

1846 5723 2320 5777 continuationem
2400 5730 2453 5776 et
2532 5720 2794 5790 majorem
2877 5721 3034 5776 ﬁdem
3116 5721 3414 5776 sermonis.

1845 5812 2102 5867 Solemus
2135 5811 2278 5865 enim
2305 5810 2526 5881 quando
2552 5810 2772 5879 aliquod
2797 5809 3002 5865 factum
3031 5825 3320 5865 narramus
3341 5811 3414 5867 de

176 5895 553 5967 ροφορήμεθα,
621 5898 906 5967 μάρτυρας
959 5898 1097 5952 αὑτά
1161 5898 1610 5970 παραλαμϐάνειν
1667 5900 1732 5954 τὰ

1856 5918 1950 5975 luo
1974 5901 2108 5958 certi
2137 5918 2348 5969 sumus,
2383 5914 2578 5959 sensus
2608 5901 2756 5972 ipsos
2793 5915 3079 5959 assumere
3119 5901 3174 5958 in
3219 5909 3412 5970 tcstcs,
