3806 6532
93 373 181 431 m
1163 365 1558 426 COMMENT.
1619 364 1701 424 IN
1742 366 2112 429 PSALJIOS.
3205 380 3315 444 439

88 483 165 537 διὰ
200 477 296 548 τὴν
325 475 603 546 εὐχέρειαν
650 475 750 532 καὶ
781 475 1078 548 ’παχύτητα
1105 475 1206 547 τῆς
1265 476 1540 546 βοηθείας.
1579 477 1591 493 '

1816 493 1907 543 lue
1931 480 2268 536 celeritatem
2289 481 2462 538 divini
2494 484 2732 554 explicat
2751 485 2964 540 auxilii.
2989 485 3098 554 Tu,
3117 489 3319 560 inquit.

90 576 216 642 λόγῳ
263 571 404 640 μόνῳ
437 569 742 640 χρώμενος,
781 573 860 634 εξς
891 570 951 624 τὸ
983 570 1158 624 σῶσαι
1187 570 1278 624 τὸν
1325 569 1387 633 ἐξ
1446 568 1593 624 Ἰακὰ

1814 569 1836 622 ηἱ
1865 571 1982 625 solo
2012 572 2179 626 verbo
2213 575 2384 630 uteris
2413 591 2536 630 cum
2581 576 2839 646 populum
2884 579 3037 633 illum
3087 583 3267 638 salvas
3302 623 3317 649 ,

90 663 438 731 καταγόμενον
475 661 623 714 λαόν.
655 664 724 714 Ἦ
752 665 781 714 ό
834 663 892 715 ὲν
949 662 1206 730 πολέμοις
1246 659 1593 728 ὑποτιθέμενι

1815 658 1837 710 li
1867 657 2153 713 descendit
2181 675 2247 716 ex
2279 660 2470 718 Jucob.
2501 662 2596 720 Vel
2628 665 2786 720 aliter
2813 683 2829 721 :
2870 668 2949 722 Tu
2979 669 3072 738 qui
3097 669 3151 724 in
3184 687 3318 740 prai-

87 755 190 816 πῶς
243 754 308 807 ἂν
373 754 611 822 σωϐοίηο
671 755 936 825 ποιήσατε
1000 755 1130 822 γὰρ,
1167 753 1326 823 φησὶ,
1359 752 1488 805 τάδε
1543 769 1590 804 κι

1812 750 2122 818 ssuggeris,
2149 759 2205 806 et
2232 753 2627 811 subministras
2657 759 2856 826 pepulo
2900 768 2994 814 tuo
3045 764 3266 818 modum
3298 805 3315 831 ,

86 846 216 899 τάδε.
1734 850 1849 904 quo
1880 836 2081 892 salvari
2109 838 2326 903 debeat,
2360 839 2551 897 dicens
2583 861 2596 898 :
2630 843 2756 898 Haec
2791 855 2888 900 aut
2919 847 3008 900 illa
3038 848 3225 904 lacile.

156 938 251 988 Ἐν
270 936 369 988 σοι
406 935 552 1002 τοὺς
579 935 838 1004 ἐχθροὺς
876 937 1047 1005 ἡμῶν
1076 933 1484 1006 κεράτιοῦμεν.
1517 940 1635 994 Κα-

1809 923 1976 982 Vens.
2008 927 2062 984 6.
2102 927 2169 983 In
2206 941 2255 985 te
2273 932 2512 987 inimicos
2542 943 2746 988 nostros
2777 952 2942 990 cornu
2963 947 3221 1006 petemus.
3255 943 3311 998 ld

84 1028 492 1096 ταγωνισόμεθα,
529 1029 592 1079 ἐκ
625 1031 936 1098 μεταφορᾶς
971 1028 1080 1080 τῶν
1113 1027 1294 1095 ζώων,
1333 1027 1369 1082 ἃ.
1393 1032 1505 1093 τοῖς
1541 1047 1587 1082 κε

1812 1028 1822 1073 t
1851 1021 2282 1092 proﬂigabimus.
2319 1025 2579 1082 Tractum
2607 1035 2692 1082 est
2721 1038 2899 1084 autem
2943 1032 3048 1086 hoc
3102 1049 3168 1087 ex
3203 1052 3315 1090 mc-

86 1135 192 1188 ρασι
222 1119 653 1172 καταπαλαίουσι
680 1120 789 1171 πᾶν
825 1120 1141 1176 ἀντίπαλον.

1734 1111 1961 1179 tapbora
1990 1115 2332 1182 animalium,
2365 1132 2485 1186 ηοω
2519 1119 2783 1172 cornibus
2817 1130 3050 1174 certant.

140 1209 233 1263 Kal
279 1208 350 1260 ἐν
390 1209 470 1274 τῷ
498 1209 744 1277 ὀνόματι
797 1223 916 1263 σου
961 1209 1450 1278 ἐξουδενώσομεν
1491 1209 1633 1276 τοὺς

1806 1201 1874 1255 Et
1896 1204 1948 1256 in
1979 1207 2188 1261 nomine
2207 1200 2312 1260 ~tuo
2360 1225 2662 1277 spernemus
2713 1211 3040 1280 insurgentes
3087 1215 3141 1266 in
3197 1230 3309 1268 nos.

82 1300 574 1368 ἐπανισταμένους
623 1302 784 1370 ἡμῖν.
841 1302 1207 1372 ΠεποίΘαμεν,
1235 1305 1422 1372 φησὶν,
1463 1304 1585 1356 ὄτιιι

1806 1293 2092 1363 ιηῦάίιιιιιε,
2123 1298 2328 1369 inquit,
2360 1301 2506 1368 quod
2539 1309 2753 1356 tantum
2773 1302 3092 1358 invocantes
3115 1320 3309 1360 nomen

85 1393 228 1461 ὄνομα
273 1409 370 1444 σου
411 1393 572 1461 μόνον
628 1394 1010 1457 ὲπισείσαντες
1062 1397 1270 1460 αὐτοῖς,
1337 1399 1428 1447 καὶ
1465 1395 1588 1464 μόνα

1807 1400 1888 1438 um
1920 1387 2189 1443 adversus
2224 1389 2410 1446 hostes
2442 1401 2685 1457 nostros,
2720 1402 2774 1447 et
2802 1396 3180 1450 tantummodo
3211 1415 3310 1454 vo-

81 1485 423 1552 ὲμϐοήσαντες
451 1484 532 1535 ὅτι
572 1485 600 1537 ό
629 1484 760 1547 Θεὸς
785 1485 880 1537 τοῦ
905 1486 1144 1555 Ἰσραὴλ,
1165 1485 1239 1548 ὡς
1259 1486 1412 1539 οὐδὲν
1433 1486 1584 1539 αὐτοὶ

1806 1475 2049 1543 erantes,
2083 1479 2254 1534 Deum
2282 1481 2487 1545 Israel,
2545 1483 2651 1537 hoc
2697 1484 2921 1538 nomine
2961 1486 3309 1554 conﬁrmati,

82 1573 394 1642 ἡγησόμεθα,
431 1575 522 1626 καὶ
545 1575 1057 1647 εὐκαταφρονήτους
1093 1579 1416 1648 ποιήσομεν.

1784 1584 2056 1626 ternemus
2089 1578 2144 1626 et
2175 1571 2330 1628 ﬂocci
2350 1572 2632 1629 iaciemus
2657 1589 2776 1629 eos.
3285 1583 3287 1586 ‘

139 1665 209 1716 Οὐ
233 1663 344 1730 γὰρ
371 1663 470 1716 ἐπὶ
499 1663 581 1728 τῷ
625 1664 780 1729 τόξῳ
799 1683 920 1735 μου
941 1665 1147 1730 ἐλπιῶ,
1185 1668 1282 1722 καὶ
1306 1669 1344 1734 ἡ
1365 1667 1628 1735 ῥομφαία

1807 1662 1964 1720 Vsus.
1992 1667 2046 1722 7.
2076 1665 2257 1736 Neque
2288 1669 2426 1722 enim
2457 1669 2512 1722 in
2542 1685 2671 1722 arcu
2698 1685 2812 1723 meo
2851 1670 3096 1738 sperabo,
3128 1681 3178 1724 et
3195 1672 3310 1740 gla-

79 1774 173 1823 μου
194 1758 258 1808 οὺ
291 1755 482 1810 σώσει
497 1774 598 1823 με.
625 1759 684 1810 El
710 1757 818 1829 γὰρ
854 1759 946 1812 καὶ
970 1762 1180 1822 τούτοις
1206 1759 1512 1828 ὥπλισμαι,
1544 1778 1582 1812 νε

1806 1773 1848 1809 ts
1877 1773 2022 1818 meus
2057 1775 2161 1812 non
2186 1759 2416 1814 salvabit
2445 1777 2545 1815 me.
2569 1758 2704 1814 Nam
2737 1770 2796 1814 et
2823 1761 2870 1815 si
2907 1761 3022 1828 lege
3047 1762 3174 1814 belli
3203 1762 3309 1816 liu-

82 1819 151 1915 μῳ
172 1844 425 1914 πολέμου,
455 1819 571 1899 ἀλλ’
603 1819 832 1901 obicient
867 1848 1077 1911 τούτοις
1105 1819 1446 1920 τεθάρρηκα.
1499 1819 1507 1824 ⁷

1805 1852 1961 1906 πηοᾱὶ
2001 1855 2172 1910 armis
2199 1855 2482 1910 accinctus
2517 1857 2644 1920 sim,
2671 1855 2822 1909 nulla
2856 1855 2987 1908 mihi
3030 1862 3214 1910 tamen
3253 1858 3308 1912 in

1723 1943 1806 1998 eis
1829 1943 1985 1998 adest
2016 1943 2234 2000 ﬁducia.
3333 1935 3337 1938 λ

140 2027 406 2091 Ἐσωσας
465 2026 576 2094 γὰρ
609 2027 766 2095 ἡμᾶς
813 2027 880 2081 ἐκ
926 2027 1044 2081 τῶν
1094 2029 1419 2082 θλιϐόντων
1445 2029 1620 2099 ἡμᾶς.

1800 2032 1966 2088 Vsus.
2000 2032 2056 2086 8.
2088 2033 2326 2089 Salvasti
2349 2052 2445 2090 nos
2469 2037 2534 2091 de
2566 2033 2912 2107 amigentibus
2941 2056 3034 2094 nos
3065 2082 3080 2107 ,
3118 2048 3169 2094 et
3206 2039 3301 2106 qui

81 2120 157 2171 καὶ
190 2117 327 2183 τοὺς
354 2119 694 2187 μισοῦντας
743 2118 900 2188 ἡμᾶς
948 2120 1358 2188 κατῄσχυνας.
1418 2121 1584 2192 Πεῐρα

1802 2133 1944 2178 erant
1974 2140 2068 2178 nos
2108 2124 2420 2204 confudisti.
2461 2125 2595 2180 Nam
2651 2136 2805 2189 tuum
2855 2131 3062 2197 experti
3116 2144 3305 2184 sumus

80 2211 166 2280 γὰρ
194 2210 286 2278 τῆς
322 2211 475 2281 παρὰ
506 2210 598 2264 σοῦ
632 2211 890 2282 βοηθείας
915 2213 1299 2286 καὶπρότερον
1333 2212 1583 2284 ὲλάὸομετ

1800 2215 1983 2271 xilinm
2020 2215 2039 2287 [
2053 2215 2455 2273 advocantibus
2486 2219 2635 2273 enim
2667 2217 2931 2290 adfuisti]
2981 2221 3303 2289 scimusque

79 2303 154 2354 καὶ
176 2300 393 2371 οἴδαμεν
416 2303 567 2366 ὅπως
589 2301 986 2374 ἀπιλαμόάνῃ.

1807 2306 1878 2361 od
1951 2307 2007 2362 in
2067 2317 2346 2378 posterum
2401 2309 2518 2378 pari
2568 2309 2730 2364 modo
2795 2317 2850 2364 te
2910 2310 3305 2368 advocantibus

1725 2396 1926 2451 aderis.

141 2476 231 2528 Ἔν
258 2475 342 2541 τῷ
370 2478 491 2542 Θεῷ
526 2478 1035 2552 ἐπαινεθησόμεθα
1056 2483 1209 2551 ὅλην
1237 2484 1351 2554 τὴν
1375 2487 1622 2555 ἡμέραν.

1802 2484 1958 2540 Vsns.
1995 2487 2048 2542 9.
2079 2486 2145 2542 In
2177 2487 2284 2542 Deo
2317 2488 2662 2543 laudabimur
2688 2499 2799 2544 tota
2834 2491 2940 2546 die.
2965 2490 3070 2546 Pro
3090 2491 3305 2547 Lauda-

77 2566 136 2618 Τδ
171 2568 728 2638 ἐπαινεθησόμεθα,
773 2574 1216 2643 Καυχησόμεθα
1246 2571 1400 2628 εἶπεν
1425 2578 1454 2630 ὁ
1483 2577 1580 2647 Σύι,

1798 2593 1916 2642 nur,
1947 2575 2310 2646 Symmachus
2361 2579 2541 2643 dixit,
2590 2577 3002 2648 Cloriabimur;
3043 2599 3170 2638 nam
3209 2586 3301 2654 qui

83 2675 248 2728 μαχος·
282 2661 439 2731 ὁγὰρ
485 2662 862 2734 καυχώμενος,
897 2665 1089 2720 ἑαυτὸν
1129 2669 1360 2724 ἐπαινεῖ.
1399 2671 1511 2724 υῦκ
1561 2672 1586 2723 ὲ

1802 2667 1990 2721 »ι’ἱαιιιτ
2017 2669 2260 2736 seipsum
2311 2670 2518 2724 laudat.
2554 2669 2793 2726 Tametsi
2831 2715 2845 2736 ,
2875 2673 3053 2742 inquit
3084 2716 3098 2739 ,
3134 2677 3305 2730 multa

79 2751 238 2819 ἑτέρῳ,
273 2751 429 2820 φησι,
463 2752 746 2824 πράγματι
773 2755 882 2808 τῶν
915 2756 1170 2811 ἁπάντων
1202 2762 1582 2832 καυχησόμεθα

1820 2773 2060 2816 nostram
2088 2763 2318 2832 gloriam
2347 2763 2543 2818 adduci
2598 2757 2824 2833 possent
2854 2805 2869 2830 ,
2913 2768 3064 2820 nulla
3117 2775 3298 2824 tamen

79 2843 224 2896 καίτοι
253 2844 427 2898 πολλᾶ
457 2846 634 2912 λέγειν
667 2847 905 2918 ἔχοντες,
937 2848 1052 2904 ἀλλ’
1078 2851 1111 2922 ἢ
1139 2853 1194 2903 ὲν
1219 2853 1365 2924 μόνῳ
1395 2854 1472 2924 τῷ
1499 2857 1582 2909 ὲπι

1797 2866 1824 2904 a
1855 2852 1908 2907 in
1940 2867 1998 2906 re
2036 2853 2430 2923 gloriabimur,
2474 2870 2636 2924 quam
2690 2857 2744 2910 in
2803 2873 2916 2910 uno
2970 2858 3110 2924 hoc,
3154 2861 3298 2929 quod

76 2935 335 3001 γινώσκειν
354 2937 445 2989 τὸν
475 2937 627 2992 Θεόν.
655 2941 728 2994 Τὸ
755 2941 811 2994 δὲ
845 2942 1165 3010 Ὀληντὶιν
1186 2943 1436 3012 ἡμέραν,
1459 2950 1579 3001 Κατ

1803 2961 1891 2998 um
1927 2945 2331 3015 cognoscimus.
2373 2947 2440 3000 Et
2473 2947 2618 3016 quod
2652 2947 2728 3002 ait
2756 2966 2768 3002 :
2807 2947 2938 3002 Tota
2969 2953 3053 3004 die
3077 2991 3091 3016 ,
3145 2952 3302 3023 Sym-

76 3025 251 3079 αᾶσαν
280 3027 395 3094 τὴν
421 3030 651 3097 ἡμέραν
673 3035 700 3084 ὁ
750 3032 980 3096 Ἀκύλας
1009 3035 1256 3089 ἐκδίδωσι
1301 3037 1579 3109 πανταχοῦ

1800 3035 1972 3100 ιοιιιιε,
2006 3035 2109 3090 Per
2142 3054 2348 3091 omnem
2382 3035 2522 3090 diem
2553 3037 2712 3104 dixit,
2733 3047 2788 3093 et
2817 3040 3033 3108 Aquila,
3091 3041 3191 3095 Per
3223 3052 3303 3096 to-

75 3118 159 3168 ea:
182 3117 492 3190 Σῦμμαχος,
521 3124 655 3175 Καθ’
685 3123 839 3190 ὅλην
869 3123 982 3190 τὴν
1009 3123 1184 3192 ζωήν.

547 3124 655 3175 (at?
685 3123 839 3190 ὅλην
869 3123 982 3190 τὴν
1009 3123 1184 3192 ζωήν.
1645 3154 1687 3211 c
1723 3135 1829 3180 tam
1868 3127 2050 3183 vitam.

129 3211 223 3263 Kal
253 3212 324 3264 ἐν
367 3211 448 3276 τῷ
482 3214 724 3282 ὀνόματί
770 3229 888 3270 σου
933 3215 1497 3287 ἐξομολογησάμεθα
1528 3223 1615 3286 εις

1801 3215 1859 3268 Et
1887 3216 1942 3268 in
1977 3215 2183 3268 nomine
2227 3223 2314 3270 tuo
2355 3217 2723 3286 conﬁtebimur
2752 3219 2805 3273 in
2854 3220 3128 3275 sarculum.
3171 3221 3304 3276 Con-

77 3301 163 3350 τὺν
189 3301 387 3356 αἰῶνα.
420 3304 494 3356 Τὸ
545 3305 1160 3375 Ἐξομολογησόμεθα,
1215 3311 1338 3362 ἀντὶ
1387 3311 1480 3364 τοῦ
1527 3318 1580 3364 Δι

1809 3305 1982 3359 bimur
2013 3322 2110 3375 pro
2140 3304 2518 3373 Narrabimus,
2543 3317 2602 3362 ut
2643 3309 2929 3364 sitsensus
2955 3325 2970 3364 :
2999 3309 3056 3362 In
3083 3299 3308 3366 nomine

76 3394 367 3460 ηγησόμεοά
391 3410 538 3454 τινες
564 3397 902 3465 νενοήκασιν,
922 3391 1053 3462 οἷον,
1083 3399 1140 3451 ὲν
1166 3397 1242 3468 τῷ
1271 3400 1494 3470 ὀνόματί
1521 3420 1579 3456 σο

1792 3410 1817 3450 o
1854 3397 2221 3450 narrationem
2261 3395 2547 3462 faciemus,
2585 3399 2856 3452 mirabilia
2887 3415 3295 3455 connumeran-

75 3481 293 3551 διήγησιν
324 3485 684 3554 ποιησόμεθα,
713 3487 1109 3556 καταλέγοντες
1139 3492 1306 3544 πᾶσιν
1331 3492 1430 3544 ὅσα
1460 3492 1517 3546 ἐν
1553 3512 1578 3546 τ

1780 3499 1820 3549 5,
1847 3500 1967 3555 qua:
1997 3484 2100 3538 hoc
2129 3498 2327 3540 nomen
2363 3497 2540 3548 tuum,
2575 3494 2688 3540 tam
2717 3488 2769 3540 in
2803 3489 3050 3556 patribus
3076 3493 3283 3546 nostris

77 3579 164 3640 τοῖς
191 3577 425 3644 πατράσι
457 3579 550 3629 καὶ
581 3579 637 3630 ὲν
680 3579 811 3649 ἡμῖν
841 3581 1111 3651 ἐνήργησε
1137 3586 1294 3637 τοῦτο
1325 3586 1580 3654 μεγαλεῖα

1790 3589 1876 3627 am
1906 3575 1958 3628 in
1991 3574 2148 3629 nobis
2178 3613 2193 3637 ,
2226 3573 2706 3643 supradwminum
2742 3577 2901 3631 (idem
2953 3577 3153 3634 etl'ecit.
3189 3579 3288 3635 νει

75 3669 130 3719 'il
154 3670 236 3720 καὶ
259 3670 430 3733 ἄλλως
460 3685 474 3700 ⁸
509 3670 599 3740 Τῷ
619 3670 841 3742 ὀνόματί
873 3690 964 3726 σου
995 3677 1484 3748 εὐχαριστήσομεν,
1514 3681 1578 3748 τῆ

1793 3677 1872 3721 ter
1901 3685 1914 3720 :
1945 3665 2162 3720 Nemini
2196 3675 2290 3721 tuo
2330 3667 2536 3734 gratias
2565 3683 2811 3738 agamus.
2862 3669 2930 3724 Et
2973 3671 3115 3740 quod
3173 3672 3249 3725 ait
3279 3689 3292 3725 :

73 3759 356 3828 προθέσεως
377 3761 644 3829 περιττῶς
665 3761 926 3831 κειμένης
943 3779 958 3793 '
982 3762 1043 3816 τὸ
1064 3765 1117 3816 δὲ
1149 3768 1252 3829 Εἰς
1275 3765 1378 3817 τὸν
1407 3763 1576 3818 αἰῶνα

1815 3759 2086 3823 swculum,
2121 3773 2312 3814 omnes
2335 3758 2426 3813 alii
2458 3759 2788 3829 interpretes
2819 3762 3022 3832 passim
3050 3762 3291 3819 transfe-

73 3847 118 3897 τὸ
142 3846 223 3900 ἀεὶ
259 3847 547 3917 σημαίνειν
572 3848 771 3912 πάντες
801 3839 1074 3923 πανταχόῦ
1105 3869 1261 3922 φασι.

620 3848 771 3912 άντες
801 3839 1074 3923 πανταχόῦ
1105 3869 1261 3922 φασι.
1715 3859 1866 3911 runt,
1901 3862 2123 3918 semper.

131 3940 266 3991 Νυνὶ
305 3939 373 3992 δὲ
405 3939 660 4008 ἀπώσω,
692 3944 788 3997 καὶ
825 3946 1216 4013 κατῄσχυνας
1257 3944 1436 4014 ἡμᾶς.
1469 3948 1614 4001 ’Λπ-

1790 3938 1956 3994 Vens.
1993 3940 2080 3993 10.
2113 3939 2269 3994 Nunc
2303 3951 2477 3995 autem
2505 3944 2756 4010 repulisti
2789 3953 2837 3997 et
2869 3943 3160 4012 confudisti
3189 3961 3293 4000 me.

73 4031 182 4084 ώσω
220 4035 337 4101 μὲν,
367 4035 442 4100 ὡς
473 4037 727 4102 ἀναξίους
751 4053 766 4069 ο
804 4037 1198 4105 κατῄσχυνας
1229 4037 1308 4104 δὲ,
1349 4038 1470 4090 ἀντὶ
1493 4039 1576 4090 τοῦ

1791 4029 1971 4095 pulisti
2001 4029 2258 4097 quidem;
2295 4042 2352 4084 ut
2393 4031 2642 4100 indignos
2666 4071 2682 4094 ,
2746 4033 3036 4100 confudisti
3067 4048 3215 4096 vero,
3244 4033 3294 4088 id

73 4124 397 4195 αἰσχυνθῆναι
429 4128 759 4198 πεποίηκας,
796 4129 872 4198 μὴ
897 4126 1429 4199 ἀντιλαμϐανόμενος
1454 4129 1576 4199 illi-‘71

1803 4160 1820 4188 ,
1848 4121 2108 4177 confundi
2143 4123 2458 4193 permisisti,
2494 4124 2622 4178 dum
2647 4125 2807 4179 nobis
2832 4132 2981 4178 tanta
3014 4124 3297 4180 sustinen-

73 4215 272 4268 τοιαῦτα
304 4218 641 4287 πασχόντων.

1712 4213 1858 4267 tibus
1884 4214 2044 4280 mala,
2065 4229 2220 4284 Opem
2247 4216 2451 4268 nullam
2486 4215 2677 4270 tulisti.

124 4311 218 4363 Kal
245 4314 352 4366 οὐκ
380 4313 674 4382 ἐξελεύσῃ
726 4316 759 4368 ὀ
791 4312 934 4379 Θεὸς
979 4313 1050 4367 ἐν
1100 4313 1230 4379 ταῖς
1271 4312 1611 4383 δυνάμεσιν

1794 4301 1861 4356 Et
1889 4319 1994 4356 non
2015 4305 2320 4373 egredieris,
2355 4304 2513 4369 Deus,
2547 4305 2597 4357 in
2622 4305 2899 4356 virtutibus
2930 4305 3147 4357 nostris.
3195 4305 3297 4357 Hie

71 4399 233 4466 ἡμῶν.
293 4402 582 4456 Κάνταῦθα
631 4403 968 4473 ἀντιχρονία,
1007 4403 1191 4465 καθὼς
1239 4404 1266 4455 6
1307 4402 1574 4473 Σύμμαχο

1789 4412 1872 4449 am
1918 4406 2135 4466 tempus
2170 4412 2268 4466 pro
2296 4407 2541 4464 tempore
2567 4393 3291 4464 ponitur,quemadmodum

71 4488 307 4549 ἐξέδωκεν
339 4507 352 4523 ·
386 4492 493 4546 Kal
537 4497 608 4547 οὺ
635 4494 983 4563 συννεξάρχῃ
1014 4493 1138 4559 τοῖς
1169 4495 1569 4564 στρατεύμασι

1796 4488 2080 4542 mmaclius
2108 4487 2367 4551 reddidit,
2394 4487 2625 4540 dicens:
2666 4482 2778 4538 Nec
2821 4483 2982 4538 simul
3013 4481 3291 4551 egredieris

70 4582 246 4649 ἡμῶν·
278 4585 444 4638 ταῦτα
479 4587 608 4656 γὰρ,
641 4587 896 4656 δυνάμεις
926 4587 1208 4639 ἐκάλεσεν.

1787 4597 1830 4632 m
1861 4580 2178 4634 exercitibus
2207 4580 2424 4632 nostris.
2460 4577 2746 4632 Exercitus
2777 4577 2921 4629 enim
2952 4613 2967 4639 ,
3012 4575 3244 4628 virtutes
3275 4613 3290 4637 ,

1713 4672 1816 4724 hoc
1847 4680 1950 4733 est,
1978 4678 2272 4740 pmestates
2299 4667 2608 4736 appellavit.

132 4761 520 4829 Ἃπέστρεψας
576 4759 734 4830 ἡμᾶς
786 4761 874 4824 εἰς
893 4758 964 4812 τὰ
1020 4758 1213 4811 ὀπίσω
1263 4755 1422 4822 παρὰ
1470 4753 1609 4820 τοὺς

1789 4760 1954 4816 Vens.
2017 4761 2103 4815 ll.
2137 4757 2454 4814 Convertisti
2483 4774 2579 4810 nos
2605 4764 2895 4809 retrorsum
2913 4753 3290 4822 postinimicos

67 4855 294 4922 ἐχθροὺς
323 4855 507 4924 ἡμῶν.
540 4852 796 4924 Πρώτους
836 4850 987 4922 παρὰ
1016 4853 1082 4921 τῇ
1117 4853 1183 4920 σῇ
1215 4848 1490 4918 ἐπισκοπῇ
1525 4864 1570 4899 τε

1788 4863 1945 4907 mos.
1974 4853 2085 4907 Nos
2116 4850 2323 4904 amicos
2352 4850 2480 4903 olim
2533 4855 2659 4902 tuos
2681 4887 2696 4911 ,
2731 4857 2785 4900 et
2825 4847 2918 4916 qui
2963 4847 3092 4900 olim
3149 4846 3291 4914 apud

67 4949 348 5015 ιαγμένους
381 4945 729 5016 ἀπέστρεψας
763 4946 844 5007 εἰς
879 4945 975 5013 τὴν
1008 4943 1245 5012 ἐσχάτην
1287 4937 1464 5006 τάξιν,
1519 4956 1570 4992 κε

1786 4943 2040 5008 stodiam,
2073 4950 2126 4996 et
2151 4938 2546 5010 protectionem
2582 4946 2731 4991 tuam
2764 4936 2818 4990 in
2859 4937 3038 5005 primo
3088 4936 3289 4991 ordine

65 5039 374 5102 ὃπεῧίὗασας
403 5041 549 5109 ἡμᾶς
579 5042 691 5102 τοῖς
720 5035 936 5107 ἐχθροῖς
969 5033 1146 5106 ἡμῶν.

1790 5034 2068 5098 tebamus,
2099 5029 2345 5086 avertisti
2369 5030 2422 5084 in
2450 5028 2706 5083 ultimum
2736 5027 2940 5092 locum,
2973 5037 3027 5081 et
3049 5027 3293 5080 inimicis

1713 5124 1953 5195 propriis
1977 5123 2290 5193 subjecisti.
3186 5193 3191 5196 γ

121 5216 224 5268 Kal
255 5218 304 5269 οι
357 5215 683 5285 μισοῦντες
744 5209 921 5281 ἡμᾶς,
987 5207 1312 5279 διήρπαζον
1346 5205 1608 5272 ἑαυτοῖς.

1788 5214 1856 5268 Et
1885 5215 1974 5283 qui
2000 5215 2217 5268 oderant
2257 5230 2378 5277 nos,
2420 5210 2742 5279 diripiebant
2776 5209 2897 5262 sibi.
2960 5207 3291 5275 Diripiebant

65 5308 350 5377 Διήρπαζον
374 5309 442 5360 τὰ
458 5307 727 5377 ἡμέτερα.

1715 5303 1821 5360 sibi
1853 5315 2043 5361 nostra
2083 5305 2345 5358 nimirum
2377 5303 2537 5356 bona.

126 5401 375 5468 Ἐὄωκας
393 5401 553 5474 male
571 5400 652 5466 ὡς
690 5398 954 5467 πρόϐατα
973 5395 1277 5466 βρώσεως.
1329 5393 1403 5448 Τὸ
1430 5390 1613 5446 "E60:-

1786 5395 1954 5453 Vsns.
2009 5395 2096 5450 12,
2156 5395 2366 5450 Dedisti
2407 5410 2500 5448 nos
2553 5402 2807 5461 tanquam
2863 5404 2980 5443 oves
3027 5401 3287 5442 escarum.

64 5509 184 5559 ιιας,
237 5497 350 5547 ἀντὶ
379 5493 474 5546 τοῦ
508 5492 863 5563 Παρέδωκας,
909 5487 1202 5552 ἐξέδωκας,
1257 5485 1354 5538 καὶ
1386 5483 1508 5538 οὐδὲ
1535 5483 1567 5538 ti

1785 5488 2012 5542 'adidisti
2053 5501 2178 5552 nos,
2214 5487 2362 5541 sicut
2394 5499 2520 5539 oves
2548 5498 2562 5537 :
2603 5497 2734 5537 oves
2773 5481 2918 5545 dico,
2948 5495 3056 5534 non
3087 5491 3206 5548 quae
3238 5477 3288 5530 in

66 5586 290 5656 πρόϐατα
309 5589 576 5658 κτήσεως,
613 5584 749 5638 ἀλλὰ
795 5582 1082 5653 βρώσεως·
1111 5579 1286 5632 ταῦτα
1319 5577 1430 5648 γὰρ
1461 5579 1569 5630 ἐκεί

1791 5578 2143 5643 ssessionem,
2168 5590 2233 5630 ac
2255 5590 2356 5644 pro
2396 5573 2725 5644 patrimonio
2771 5572 3111 5626 retineantur
3134 5609 3150 5633 ,
3187 5568 3291 5626 sed

67 5700 158 5732 νων
184 5683 494 5752 φαυλότερα,
521 5680 595 5742 ὡς
625 5681 704 5742 εἰς
729 5677 943 5748 σφαγὴν
966 5677 1270 5746 ἐπιτήδεια.

1716 5689 1834 5744 quae
1857 5673 2078 5725 viliores
2122 5669 2254 5735 sint,
2291 5676 2346 5722 et
2377 5667 2711 5721 carniﬁcina:
2740 5673 3109 5730 cxpunantur.

136 5775 232 5825 Ἔν
257 5776 376 5842 τοῖς
409 5777 610 5830 ἔθνεσι
631 5771 972 5840 διέσπειρας
995 5766 1177 5854 ἡμεῖςν
1207 5769 1301 5832 Εἰς
1330 5769 1575 5823 δουλείαν
1594 5783 1610 5800 ⁸

1793 5763 1859 5818 Et
1891 5763 1942 5817 in
1969 5759 2208 5832 gentibus
2243 5759 2542 5826 dispersisti
2564 5773 2678 5814 nos.
2727 5755 2784 5814 In
2809 5758 3162 5848 'servitutem
3196 5753 3282 5809 ni-
