3866 6550
132 385 229 453 485

1245 385 1636 448 COMMENT.
1680 383 1765 446 IN
1795 383 2163 448 PSALMOS.

3249 384 3356 447 ‘486
3436 451 3451 471 ο

196 499 291 554 Καὶ
325 501 440 552 οὐκ
475 496 882 568 ἐπε-,λαθόμεθὰ
909 514 1046 554 σου.
1077 497 1246 549 Ὥστε
1263 497 1528 565 ὀνομάσαι
1550 495 1682 550 Θεὸν

1858 491 1926 545 Et
1957 494 2105 546 obliti
2135 508 2236 545 non
2272 507 2454 545 summ
2484 491 2585 546 tui.
2636 488 2705 545 Ut
2750 489 2916 544 alium
2962 489 3352 550 invocaremus

130 593 318 644 ἕτερον.

193 609 204 644 ε
243 608 318 644 ον.

193 608 296 736 [sai
341 683 452 735 οὐκ
484 681 862 752 ἠδικήσαμεν
906 683 977 737 ἐν
1032 682 1108 752 τῇ
1144 682 1395 752 διαθήκῃ
1422 697 1561 737 σου.
1608 682 1685 735 Οὐ

129 773 441 844 παρέδημεν
485 774 576 826 τὸν
602 775 768 843 νόμον
789 785 883 829 σου
907 793 924 806 ο
974 775 1150 830 ἀδικεῖ
1194 776 1302 848 γὰρ
1343 774 1433 828 τὸν
1462 775 1626 844 νόμον
1659 775 1687 826 ὁ

131 861 472 930 παρασαίνων
506 864 690 918 αὐτόν.
741 895 747 900 -

190 1039 289 1092 Kal
327 1041 440 1092 οὐκ
463 1039 698 1108 ἀπέστη
730 1044 816 1107 εἰς
845 1041 918 1096 τὰ
957 1043 1149 1098 ὀπίσω
1185 1046 1224 1113 ἠ
1255 1045 1470 1114 καρδία
1496 1048 1683 1117 ἡμῶν.

132 1131 227 1184 Καὶ.
250 1131 354 1183 οὐκ
383 1132 593 1203 ἀπέστη
625 1133 719 1185 ἐπὶ
745 1134 813 1187 τὰ
838 1134 1076 1204 χείρονα.
1109 1135 1294 1191 Ταῦτα
1322 1138 1378 1191 δὲ
1405 1141 1581 1194 πάντα
1601 1141 1689 1193 λέ-

132 1237 304 1289 γουσιν
352 1222 402 1274 oi
457 1222 868 1296 θεοσεϐέστεροι
908 1226 1004 1279 τοῦ
1045 1227 1197 1294 λαοῦ,
1228 1229 1279 1281 oi
1335 1232 1430 1284 καὶ
1473 1233 1531 1284 ὲν
1573 1234 1688 1297 τοῖς

131 1314 381 1377 τοιούτοις
410 1315 608 1367 πάθεσι
640 1317 1002 1385 φυλάττοντες
1033 1319 1132 1384 τὰς
1163 1321 1384 1385 ἐντολὰς
1409 1321 1504 1375 τοῦ
1527 1322 1688 1387 Θεοῦ,

131 1405 211 1458 καὶ
240 1405 384 1474 ὑπὲρ
416 1406 553 1459 ὅλων
583 1407 690 1459 τῶν
720 1408 1200 1480 ὑπολελειμμένων
1226 1410 1690 1480 δικαιολογοῦνται

131 1498 250 1600 ego;
299 1498 396 1551 τὸν
434 1497 567 1553 Θεὸν
593 1535 610 1565 ,
645 1497 961 1569 ἀλείφοντες
987 1502 1082 1556 καὶ
1125 1502 1350 1568 τούτους
1396 1504 1478 1568 εἰς
1519 1493 1688 1575 εὔψυ-

131 1603 257 1657 χιαν.

1791 583 1985 638 Deum.

1863 675 1934 730 Et
1979 677 2175 746 injuste
2203 692 2306 731 non
2359 678 2558 747 egimus
2607 676 2662 728 in
2715 682 3018 728 testamento
3069 683 3178 729 tuo.
3238 675 3357 731 Non

1793 773 2117 841 transgressi
2151 787 2341 828 sumus
2380 772 2550 842 legem
2578 779 2746 824 tuam.
2789 770 2996 839 injuste
3045 771 3193 824 enim
3225 773 3359 841 agit,

1793 875 1848 920 et
1877 865 2075 933 injuria
2109 864 2288 934 ipsam
2319 864 2491 931 legem
2526 859 2724 927 afﬁcit,
2761 860 2856 929 qui
2901 861 3047 914 illam
3081 871 3359 932 transgre-

1794 959 1962 1013 ditur.
2405 969 2418 978 ·’

1867 1049 2032 1105 Vens.
2065 1048 2152 1104 i9.
2184 1047 2257 1102 Et
2278 1062 2381 1101 non
2411 1046 2620 1101 recessit
2657 1054 2799 1099 retro
2829 1061 2921 1098 cor
2945 1055 3203 1098 nostrum.
3239 1043 3358 1100 Non

1793 1140 2163 1209 confugimus,
2199 1139 2394 1208 inquit,
2432 1137 2500 1191 ad
2529 1136 2820 1190 deteriora.
2850 1134 3004 1189 Dicta
3033 1145 3216 1188 autem
3247 1135 3362 1188 [nec

1795 1239 1926 1286 sunt
1953 1233 2007 1285 in
2039 1243 2327 1297 personam
2357 1242 2545 1282 eorum
2578 1226 2673 1295 qui
2704 1228 2844 1280 inter
2875 1233 3106 1280 caeteros
3154 1225 3210 1278 in
3267 1240 3363 1293 po-

1799 1322 1947 1390 pulo,
1990 1320 2201 1390 pietati,
2235 1317 2592 1388 religionique
2616 1331 2680 1371 ac
2730 1315 2918 1369 divino
2967 1314 3142 1368 cultui
3187 1315 3362 1383 magis

1796 1412 2090 1468 studebant
2122 1429 2138 1479 ;
2172 1411 2306 1480 qui,
2355 1418 2410 1466 et
2448 1409 2495 1466 si
2533 1408 2701 1463 tantis
2731 1416 2920 1463 essent
2958 1405 3362 1462 calamitatibus

1796 1501 2156 1566 circumdati,
2187 1500 2371 1555 divina
2403 1509 2588 1554 tamen
2637 1497 2894 1552 mandata
2943 1497 3312 1552 observabant
3345 1514 3361 1550 :

1799 1593 1944 1647 unde
1967 1593 2129 1646 etiam
2156 1605 2256 1661 pro
2287 1588 2410 1644 aliis
2438 1589 2714 1654 omnibus,
2739 1587 2832 1657 qui
2866 1586 3178 1642 deiecerant
3200 1625 3216 1652 ,
3256 1586 3364 1642 Deo

1798 1699 1860 1738 se
1887 1693 2138 1752 purgant,
2165 1691 2220 1737 et
2244 1681 2428 1736 socios
2469 1680 2672 1739 pariter
2727 1680 2796 1734 ad
2861 1679 3364 1748 magnanimitatem

1799 1771 2064 1827 excitant.

203 1852 550 1921 Ἐξέκλινας
595 1856 704 1923 τὰς
741 1857 984 1925 ’τρίϐους
1025 1858 1195 1928 ἡμῶν
1229 1861 1348 1916 ἀπὸ
1386 1862 1496 1930 τῆς
1547 1861 1694 1918 ὀδοῦ

1870 1859 1938 1914 Et
1959 1860 2236 1914 deciinasti
2269 1860 2484 1914 semitas
2506 1866 2716 1912 nostra:
2752 1875 2784 1912 a
2832 1859 2916 1912 via
2945 1869 3056 1912 tua.
3096 1857 3162 1912 Et
3192 1865 3368 1911 muta-

131 1958 253 1997 σου.
286 1945 403 1998 Καὶ
433 1947 808 2018 μετέστρεψας
837 1950 937 2013 τὰς
984 1951 1206 2021 τρίϐους
1245 1953 1402 2024 ἡμῶν
1441 1953 1549 2008 ἀπὸ
1594 1955 1694 2026 τῆς

131 2034 238 2086 ὀδοῦ
267 2052 390 2098 σου,
417 2037 519 2108 τῆς
549 2039 684 2110 πρὸς
710 2039 803 2096 τὸν
823 2041 950 2094 ναόν
977 2059 1092 2107 σου,
1110 2042 1186 2106 ὡς
1212 2045 1408 2113 μηκέτι
1436 2043 1693 2098 δύνασθαι

138 2127 255 2194 πρὸς
294 2128 465 2181 αὑτὸν
522 2129 781 2198 βαδίζῖιν,
831 2133 942 2186 τῶν
973 2132 1072 2204 μὲν
1122 2135 1692 2204 αἰχμαλωτισθέντων,

135 2215 229 2268 τῶν
255 2217 311 2269 δὲ
343 2220 624 2287 φυγόντων
654 2222 762 2276 ἀπὺ
792 2224 890 2295 τῆς
923 2225 1204 2297 πατρίδος.

194 2305 315 2360 Ὀτι
352 2307 759 2378 ἐταπείνωσας
780 2311 937 2382 ἡμᾶς
960 2314 1031 2368 ἐν
1057 2319 1218 2381 τόπφ
1248 2315 1578 2383 κακώσεωςο
1605 2315 1696 2387 Τῷ

135 2395 219 2464 τῆς
250 2399 456 2468 φυγῆς,
485 2400 579 2452 καὶ
603 2400 681 2472 τῷ
713 2402 812 2473 τῆς
845 2405 1248 2474 αἰχμαλωσίας.

197 2489 298 2542 Kal
340 2491 732 2563 ἐπεκάλυψεν
772 2497 930 2567 ἡμᾶς
955 2499 1098 2554 σκιὰ
1131 2499 1410 2557 θανάτου.
1454 2501 1694 2572 Θλῖψιςή

139 2581 334 2635 ἐοικυῖα
366 2583 606 2656 θανάτῳ,
634 2587 719 2641 διὰ
747 2590 844 2661 τὴν
891 2590 1118 2661 πικρίαν
1141 2609 1157 2625 ο
1188 2591 1332 2646 ἔοικε
1375 2591 1485 2664 γὰρ
1510 2595 1543 2664 ἠ
1571 2594 1698 2646 σκιὰ

140 2671 208 2743 τῷ
231 2677 598 2749 πρωοτύπῳ,
625 2681 718 2733 καὶ
741 2684 992 2752 μιμεῖται
1018 2685 1194 2740 τοῦτο.

204 2953 266 3004 ΕΙ
289 2951 701 3022 ἐπελαϐόμεθα
739 2955 845 3010 τοῦ
879 2956 1170 3028 ὀνόματος
1202 2961 1308 3016 τοῦ
1331 2964 1480 3019 Θεοῦ

143 3073 203 3084 ——
230 3044 342 3097 Τοῦ
371 3045 521 3098 Θεοῦ
547 3045 731 3114 ἡμῶν,
775 3052 1247 3120 περιφραστικῶς.

208 3223 309 3276 Καὶ
342 3226 394 3276 ει
425 3223 861 3295 διεπετάσαμεν
903 3228 1106 3297 χεῖρας
1156 3230 1326 3300 ἡμῶν
1363 3234 1513 3302 πρὸς
1553 3238 1703 3290 Θεὸν

143 3313 478 3384 ἀλλότριον.
503 3319 674 3372 Τοῦτο
691 3319 785 3373 τοῦ
812 3322 1071 3393 ῥηθέντος
1100 3325 1456 3397 ὲπεξήγησις.

206 3498 351 3566 Οὐχί
373 3503 405 3552 ό
440 3499 580 3566 Θεὸς
599 3501 911 3571 ἐκζητήσει
957 3504 1179 3570 ταῦτα;
1214 3507 1276 3560 Ei
1313 3507 1433 3562 τόδε
1473 3511 1705 3582 nancti;-

147 3605 330 3657 καμεν,
368 3585 475 3659 ἆρα
503 3592 624 3662 ο)χ“ι
653 3594 680 3644 ὀ
711 3593 842 3656 Θεὸς
870 3594 1166 3667 ὲκζητήσει
1209 3597 1380 3651 ταῦτα
1405 3616 1420 3667 ;

195 3772 385 3838 Αὐτὸς
426 3773 536 3843 γὰρ
587 3773 864 3843 γινώσκει
903 3775 977 3830 τὰ
1021 3778 1241 3847 κρύφια
1285 3780 1396 3850 τῆς
1438 3783 1706 3851 καρδίας.

146 3863 273 3916 οὐδὲ
295 3864 718 3936 ἐνεθυμήθημέν
741 3881 796 3919 τι
825 3866 1087 3923 τοιοῦτον.

208 4045 333 4098 Ὀτι
352 4044 532 4098 ἕνεκα
563 4060 679 4108 σου
705 4047 1112 4117 θανατούμεθα
1140 4048 1294 4118 ὅλην
1318 4051 1433 4120 τὴν
1457 4053 1706 4122 ἡμέραν.

147 4136 218 4204 Τῇ
249 4137 600 4206 προαιρέσει*
662 4138 755 4190 καὶ
806 4137 916 4209 γὰρ
943 4140 1234 4210 δυνάμενοι
1271 4143 1563 4200 συνθέσθαι
1600 4150 1712 4211 τοῖς

150 4225 575 4297 εἰδωλολάτραις,
628 4228 722 4282 καὶ
768 4229 977 4298 διάγειν
1023 4230 1100 4294 ὡς
1147 4234 1206 4285 ὲν
1251 4234 1459 4299 ἀνέσει,
1522 4238 1610 4291 διὰ
1651 4239 1711 4292 σὲ

147 4315 320 4368 πάντα
354 4317 719 4387 ὑπομένομεν,
747 4320 843 4372 καὶ
874 4319 1147 4392 πρόθυμοί
1177 4323 1345 4394 ἐσμεν
1364 4327 1443 4387 είς
1473 4327 1709 4397 σφαγήν.

149 4405 216 4458 Ti.
243 4407 303 4460 δὲ
340 4410 488 4475 Ὀτι,
524 4412 798 4480 περιττόν.

229 4615 660 4684 Ἔλογίσθημεν
679 4617 760 4683 ὠς
787 4619 1050 4685 πρόϐατα
1079 4619 1341 4690 σφαγῆς.
1366 4621 1465 4676 Διά
1490 4622 1550 4677 τὸ
1575 4625 1715 4696 πρὸς

152 4706 424 4774 ἀναίρεσιν
459 4709 683 4778 εὐχερὲς
708 4709 887 4780 ἡμῶν,
923 4712 1018 4764 καὶ
1047 4709 1108 4764 τὸ
1141 4711 1218 4784 μὴ
1271 4712 1530 4768 δύνασθαι
1563 4717 1714 4786 ἀμύ-

152 4814 259 4850 νειν
287 4801 520 4863 ἑαυτοῖς.

232 4915 623 4983 Ἐξεγέρθητι.
658 4917 752 4978 Εἰς
783 4917 1062 4988 ἐκδίκησιν
1092 4918 1186 4972 τοῦ
1215 4918 1348 4974 λαοῦ
1383 4938 1498 4978 σου.

229 5027 416 5082 Ἶνατί
473 5029 706 5096 ὑπνοῖς,
766 5033 941 5101 Κύριε
957 5048 977 5096 ;
1058 5032 1218 5088 Ἰνατί
1272 5035 1567 5106 ἡσυχάζεις
1622 5039 1715 5093 ἐπὶ

149 5120 316 5173 πλέον
350 5121 718 5192 μακροθυμῶν
737 5141 752 5190 ;
774 5124 1032 5194 ἡσυχάζει
1063 5126 1171 5196 γὰρ
1192 5126 1397 5182 ὑπνῶν.

233 5320 562 5389 Ἀνάστηθι.
624 5323 718 5386 Εἰς
765 5323 1038 5396 βοήθειαν.
1085 5326 1296 5380 Ταύτδν
1339 5327 1397 5380 δὲ
1443 5327 1604 5382 τοῦτο
1639 5328 1717 5399 τῷ

162 5411 531 5482 Ἐξεγέρθητι.
577 5414 710 5468 Ἀπὸ
752 5415 861 5469 τῶν
897 5416 1256 5488 ἀνθρωπίνων
1286 5421 1576 5490 ὲνεργειῶν
1623 5424 1717 5476 καὶ

150 5502 352 5556 παθῶν
366 5501 631 5574 εἰώθαμεν
659 5505 1085 5578 χαρακτηρίζειν
1117 5509 1180 5562 τὸ
1220 5509 1385 5578 θεῖον,
1413 5510 1488 5576 ὼς
1521 5513 1719 5567 πολλά-

152 5607 240 5655 κις
265 5591 588 5665 εἰρήκαμεν,
623 5595 698 5666 μὴ
727 5595 1016 5666 δυνάμενοι
1039 5596 1214 5663 ἄλλως
1239 5598 1606 5672 διαλεχθῆναι,
1627 5603 1714 5658 διὰ

150 5683 252 5754 τὴν
275 5683 642 5758 ἀκροωμένων
671 5687 978 5745 ἀσθένειαν.

1794 1953 1864 2008 sti
1905 1953 2130 2010 semitas
2172 1960 2388 2008 nostras
2431 1950 2572 2005 avia
2598 1950 2782 2020 templi
2825 1951 2942 2017 tui,
3004 1959 3062 2004 ut
3109 1950 3178 2004 ad
3229 1949 3365 2003 illml

1795 2045 2029 2115 amplius
2059 2058 2283 2116 pergere
2332 2055 2668 2112 nequeamus
2702 2059 2716 2096 :
2767 2057 2892 2094 cum
2947 2051 3199 2095 nostrum
3231 2041 3322 2096 alii
3349 2079 3365 2104 ,

1797 2133 1996 2204 captivi
2024 2134 2156 2200 sint,
2187 2141 2241 2188 et
2267 2131 2358 2186 alii
2389 2131 2581 2201 procul
2612 2129 2854 2201 fugerint
2884 2145 2913 2183 a
2955 2129 3155 2199 patria.

1865 2332 2028 2387 Vens.
2067 2331 2159 2385 20.
2198 2331 2458 2397 Quoniam
2500 2329 2798 2384 Itumiliasti
2843 2344 2937 2382 nos
2976 2329 3031 2382 in
3074 2327 3189 2382 loco
3235 2328 3368 2398 ami-

1798 2425 2011 2480 ctionis.
2043 2422 2100 2477 in
2136 2423 2257 2477 loco
2287 2422 2552 2492 angustiae
2578 2461 2593 2486 ,
2629 2428 2724 2474 aut
2761 2420 3118 2491 captivitatis.
3293 2475 3297 2478 .

1868 2517 1936 2572 Et
1966 2515 2233 2584 cooperuit
2264 2530 2358 2569 nos
2393 2514 2580 2567 umbra
2611 2513 2820 2567 mortis.
2871 2512 2926 2566 Id
2967 2520 3050 2566 est
3085 2511 3370 2566 calamitas

1798 2622 2063 2680 praesens,
2101 2621 2222 2677 quae
2246 2605 2383 2660 adeo
2413 2605 2609 2660 acerba
2641 2614 2744 2669 est,
2775 2610 2836 2656 ut
2889 2602 3047 2656 morti
3103 2616 3240 2672 pene
3289 2602 3370 2656 si-

1799 2700 1945 2754 milis
1977 2699 2247 2753 videatur.
2293 2695 2550 2752 Umbram
2576 2694 2720 2749 enim
2751 2707 2872 2748 eam
2891 2692 3204 2762 appellavit,
3240 2695 3370 2760 quia

1804 2791 2009 2846 umbra:
2041 2789 2106 2845 iis
2135 2788 2299 2844 rebus
2341 2785 2694 2854 similesqesse
2737 2785 2916 2840 solent
2943 2821 2958 2849 ,
3002 2797 3231 2853 quarum
3263 2781 3374 2836 for-

1803 2896 1921 2937 mas
1946 2886 2363 2950 repraesentant.

1869 2970 2031 3026 Vens.
2059 2970 2150 3024 21.
2185 2969 2247 3024 Si
2271 2968 2421 3022 obliti
2443 2981 2625 3021 sumus
2647 2965 2875 3021 nominis
2906 2963 2999 3019 Dei
3017 2964 3202 3018 nostri.
3257 2963 3376 3019 Hoc

1803 3071 1885 3116 est
1912 3103 1927 3125 ,
1977 3062 2022 3117 si
2068 3059 2162 3114 Dei
2206 3057 2381 3115 nostri
2420 3058 2575 3114 obliti
2610 3071 2823 3112 sumus.
2877 3054 3376 3109 Circumlocutione

1733 3168 1780 3231 ο
1811 3153 1954 3206 cnim
1984 3165 2119 3205 usus
2153 3155 2261 3204 est.

1879 3242 1948 3295 Et
1973 3243 2018 3297 si
2050 3241 2374 3296 extendimus
2395 3253 2582 3292 manus
2603 3247 2812 3290 nostras
2832 3235 2900 3288 ad
2935 3235 3097 3288 Deum
3119 3234 3376 3287 alienum.

1685 3399 1702 3404 ἡ
1811 3336 1934 3390 llaec
1969 3335 2127 3389 verba
2160 3332 2224 3386 ad
2253 3329 2613 3401 praecedentis
2663 3327 2915 3380 versiculi
2975 3325 3376 3392 expositionem

1807 3426 1956 3482 dicta
1991 3436 2140 3480 sunt.

1884 3516 2051 3572 Vens.
2083 3515 2175 3570 22.
2217 3511 2406 3566 Nonne
2451 3511 2592 3565 Deus
2628 3509 2855 3579 requiret
2910 3508 3013 3560 ista
3048 3507 3071 3560 ἲ
3115 3505 3172 3560 Si
3222 3504 3329 3558 itoc
3356 3543 3374 3570 ,

1809 3609 2003 3679 inquit,
2035 3619 2130 3662 aut
2157 3607 2288 3661 illud
2335 3605 2652 3667 fecerimus,
2680 3615 2864 3657 nonne
2923 3599 3064 3654 Deus
3105 3599 3220 3652 haec
3253 3611 3378 3652 om-

1808 3700 1896 3754 nia
1925 3695 2208 3766 exquiret?

1886 3788 2008 3857 Ipse
2033 3788 2170 3842 enim
2198 3787 2338 3840 novit
2363 3783 2674 3838 abscondita
2699 3781 2894 3838 cordis.
2938 3783 3015 3835 Ac
3055 3780 3101 3835 si
3138 3781 3376 3834 diceret:

1809 3879 2003 3950 Neque
2033 3882 2086 3933 in
2115 3879 2356 3933 animum
2381 3875 2758 3930 nostrumtale'
2774 3873 3052 3944 quidpiam
3083 3871 3380 3942 aliquando

1810 3971 2152 4028 induximus.

1877 4062 2142 4128 Quoniam
2191 4069 2401 4128 propter
2452 4067 2500 4112 te
2540 4056 2927 4126 mortificamur
2982 4065 3095 4109 tota
3148 4055 3254 4110 die.
3308 4056 3386 4110 Ex

1813 4161 2004 4207 nostro
2031 4151 2288 4205 nimirum
2323 4151 2606 4218 proposito
2635 4156 2690 4202 et
2753 4155 2950 4217 sponte
3001 4154 3208 4201 nostra.
3251 4145 3383 4199 Nam

1814 4259 1938 4298 cum
1966 4243 2189 4312 paciiice
2216 4241 2491 4310 possimus
2526 4254 2591 4294 ac
2627 4245 2744 4292 tuto
2773 4237 2973 4307 degere
3029 4237 3172 4290 inter
3202 4235 3383 4288 idolo-

1819 4339 1993 4392 latras
2037 4333 2314 4397 homines,
2345 4347 2410 4386 ac
2443 4331 2537 4386 Dei
2571 4334 2756 4384 hostes
2795 4344 2810 4382 :
2863 4334 3082 4396 propter
3105 4337 3156 4380 te
3208 4333 3384 4378 tamen

1816 4428 1999 4487 omnia
2025 4428 2384 4486 sustinemus,
2417 4431 2472 4476 et
2505 4421 2573 4475 ad
2608 4419 2912 4474 obeundam
2945 4431 3044 4486 pro
3073 4424 3127 4471 te
3155 4424 3383 4468 mortem

1748 4514 1791 4568 Β
1820 4520 1992 4592 parati
2023 4514 2432 4581 sumusJDictio
2449 4521 2652 4575 autem,
2677 4508 2960 4575 Quoniam,
2983 4503 3385 4574 superﬂuaest.

1893 4630 2204 4685 Existimati
2235 4641 2415 4680 sumus
2440 4623 2595 4692 quasi
2621 4638 2737 4676 oves
2769 4621 3068 4674 occisionis.
3111 4617 3249 4684 Quia
3283 4616 3390 4671 sci—

1823 4724 1948 4778 licet
1977 4721 2096 4776 neci
2136 4734 2328 4774 sumus
2365 4714 2624 4786 expositi,
2660 4723 2719 4768 ut
2747 4712 3162 4781 nobismetipsis
3182 4710 3391 4763 auxilio

1822 4829 1944 4870 esse
1973 4825 2330 4882 nequeamus.
3285 4791 3292 4795 ’

1817 4985 1822 4990 ,
1891 4927 2057 4982 Vens.
2090 4927 2181 4982 25.
2217 4925 2474 4996 Exsurge.
2505 4925 2581 4978 Ad
2613 4919 2796 4994 populi
2837 4918 2915 4974 tui
2970 4915 3280 4972 vindictam.

1897 5036 2076 5104 Quare
2135 5037 2426 5102 obdormis,
2488 5035 2755 5089 Domine?
2807 5032 2988 5098 Quare
3035 5032 3273 5100 quiescis
3327 5043 3391 5083 ac

1821 5136 1972 5183 tanta
1999 5129 2172 5186 uteris
2207 5127 2665 5199 longanimitate?
2693 5126 2989 5193 Quiescere
3016 5126 3156 5178 enim
3184 5123 3393 5178 videtur

1822 5219 1914 5290 qui
1943 5219 2168 5274 dormit.

1894 5329 2146 5399 Resurge.
2178 5329 2236 5384 in
2272 5330 2536 5384 auxilium
2567 5335 2818 5382 nostrum
2850 5325 3084 5380 scilicet.
3120 5322 3188 5377 Et
3237 5321 3384 5376 idem

1823 5418 2362 5491 signiticatResurge,
2393 5421 2498 5476 hoc
2523 5422 2578 5475 in
2612 5420 2757 5484 loco,
2791 5418 2936 5489 quod
2962 5413 3395 5485 Exsurge.Sole-

1822 5525 1947 5566 mus
1970 5519 2149 5566 autem
2175 5512 2442 5575 actiones,
2478 5509 2873 5580 passionesque
2894 5523 2988 5562 seu
3019 5503 3253 5559 aﬂ'ectus
3278 5503 3387 5559 bu-

1823 5619 2016 5659 mauos
2048 5603 2328 5658 Divinitati
2353 5603 2673 5666 attribuere,
2706 5609 2767 5655 ut
2802 5615 2944 5670 saepe
2970 5597 3208 5653 diximus
3237 5613 3254 5663 ;
3279 5610 3389 5650 non

1823 5695 2066 5750 valentes
2095 5694 2271 5761 aliter,
2300 5693 2373 5750 ob
2393 5691 2707 5749 auditorum
2737 5689 3134 5755 inﬁrmitatem,
3168 5700 3387 5744 sensum

1823 5782 2116 5854 explicare.
