3806 6584
438 445 453 462 ,
538 376 648 441 437

1779 378 2172 444 EUTHYMII
2215 382 2578 444 ZEGABENI
3653 383 3716 450 488

612 491 685 546 Ει
723 483 1050 560 πετερείιαι
1095 492 1151 543 in
1187 487 1364 556 ﬁnem.
1412 486 1549 541 Cum
1585 487 1696 557 jam
1749 502 1818 542 ex
1869 498 2023 558 parte
2056 502 2096 546 et

2279 492 2386 544 Kal
2414 491 2498 560 μὴ
2527 487 2743 559 ἀπώσῃ
2773 491 2859 555 εἰς
2899 489 3091 556 τέλος.
3155 491 3250 542 ‘tsx
3285 487 3490 560 μέρους
3522 490 3642 559 ἡμᾶς
3659 504 3716 551 καὶ

542 586 611 640 ad
645 599 858 655 tempus
888 583 1175 653 repuleris,
1205 597 1272 635 ne
1302 594 1565 653 perpetuo
1592 583 1758 637 etiam
1791 583 2046 652 repellas.

618 673 782 729 Vens.
811 674 901 728 24.
934 673 1110 740 Quare
1140 673 1334 742 faciem
1376 685 1522 727 tuam
1577 676 1765 728 avertis
1793 676 1818 730 l
1863 674 1981 729 Hoc
2003 681 2108 741 est,

542 765 917 820 visitationem
951 774 1006 820 et
1036 766 1342 819 custodiam
1367 773 1541 829 tuam,
1577 773 1835 835 tanquam
1866 765 1936 820 ab
1963 764 2108 821 indi-

537 857 683 928 gnis.

604 946 943 1002 Oblivisceris
986 947 1177 1016 inopia:
1222 955 1450 1009 nostris,
1481 956 1531 1000 et
1578 947 1982 1001 tribulationum
2020 963 2112 1001 no-

535 1048 793 1092 strarum.
828 1039 872 1091 A
908 1039 1186 1092 communi
1238 1053 1403 1094 sensu
1465 1054 1658 1094 rursus
1701 1042 1968 1094 sumenda
2023 1051 2109 1095 est

535 1133 704 1185 dictio
731 1131 946 1196 Quare;
978 1145 1073 1198 per
1097 1129 1332 1199 inopiam
1381 1145 1506 1185 vero
1557 1131 1646 1184 hic
1690 1132 1996 1188 moleSliam
2054 1141 2110 1188 et

537 1223 846 1293 passionem
874 1221 1168 1290 signiﬁcat,
1197 1219 1378 1285 Quare
1424 1221 1772 1279 Oblivisceris
1823 1225 1990 1295 igitur
2026 1226 2111 1280 in-

529 1316 671 1383 opia:
700 1322 922 1377 nostrai,
954 1312 1005 1366 id
1033 1319 1116 1366 est
1144 1352 1160 1376 ,
1193 1312 1308 1366 Cur
1346 1315 1551 1369 nullam
1583 1316 1963 1372 calamitatum
2011 1333 2110 1373 no-

531 1414 773 1458 strarum
807 1403 1072 1456 rationem
1109 1402 1278 1456 habes
1306 1402 1329 1455 ?

603 1491 767 1549 Vens.
795 1492 885 1546 εδ.
925 1491 1191 1556 Quoniam
1215 1493 1499 1547 humiliata
1523 1503 1601 1549 est
1633 1498 1686 1550 in
1705 1496 1912 1564 pulvere
1924 1496 2108 1551 animo

531 1593 737 1639 nostra.
768 1584 872 1653 Ipsi
924 1598 1024 1636 nos
1044 1622 1060 1648 ,
1092 1585 1302 1652 inquit,
1331 1591 1592 1653 tanquam
1625 1586 1858 1642 humiles
1883 1626 1899 1652 ,
1937 1596 2106 1656 atque

532 1677 730 1746 abiecti
763 1677 912 1730 humi
945 1674 1326 1731 decumbimus
1351 1713 1367 1740 ,
1398 1683 1453 1731 et
1528 1675 1586 1730 in
1643 1685 1788 1731 terra
1844 1678 2107 1747 prostrati

532 1783 746 1823 SUIIIIIS.

603 1859 1010 1929 Conglulinalus
1051 1865 1129 1911 est
1181 1858 1239 1927 in
1285 1864 1430 1911 terra
1466 1867 1642 1912 uenter
1677 1865 1878 1914 noster.
1907 1860 2106 1926 jAccu-
2136 1848 2179 1903 Β

531 1949 712 2004 bando
741 1950 1001 2003 nimirum
1025 1947 1197 2002 humi.
1230 1945 1326 2002 Vel
1375 1947 1507 2002 dum
1557 1949 1927 2004 calamitatum
1964 1965 2105 2019 pon-

528 2041 658 2096 dere
684 2040 950 2110 depressi,
987 2039 1218 2105 curvati,
1261 2039 1316 2094 in
1345 2047 1550 2094 terram
1603 2041 1953 2110 inspicimus.
2005 2041 2104 2097 Ille

529 2135 697 2189 etiam
729 2131 954 2186 humilis
985 2131 1039 2184 in
1065 2139 1267 2185 terram
1320 2131 1628 2187 demittitur
1658 2173 1674 2198 ,
1731 2133 1827 2203 qui
1871 2135 2106 2191 terrenis

529 2222 763 2292 negotiis
804 2221 1142 2291 immergitur
1177 2237 1192 2273 :
1225 2221 1316 2277 ille
1341 2223 1755 2293 cunglutinatur
1805 2233 1985 2289 terras,
2009 2225 2104 2294 qui

525 2315 754 2383 gulosus
785 2321 892 2376 est,
923 2324 1016 2368 aut
1051 2311 1378 2379 fornicator,
1407 2323 1503 2368 aut
1536 2313 1582 2368 si
1627 2315 1749 2384 quis
1773 2315 1916 2372 alius
1945 2315 2104 2371 blan-

525 2407 612 2460 dis
643 2407 886 2462 adhaaret
921 2405 1320 2475 voluptatibus.

595 2495 760 2552 Vens.
793 2496 882 2550 26.
904 2497 1166 2565 Exsurge,
1186 2495 1441 2562 Domine,
1472 2495 1670 2566 adjuva
1719 2513 1836 2552 nos.
1893 2497 2102 2554 Videris

523 2588 670 2643 enim
707 2587 904 2643 sedere
931 2593 985 2642 et
1014 2596 1307 2656 pereuntes
1352 2602 1452 2640 nos
1488 2587 1792 2657 despicere.

604 2677 674 2732 Et
701 2677 866 2732 libera
903 2693 999 2732 nos
1029 2686 1241 2746 propter
1289 2692 1477 2732 nomen
1525 2685 1692 2732 tuum.
1733 2677 1853 2732 Non
1881 2677 1952 2732 ob
2001 2692 2100 2733 no-

525 2783 764 2826 strarum
791 2770 1054 2824 virtutum
1095 2771 1290 2824 merita
1320 2769 1372 2824 id
1410 2771 1708 2840 poscimus,
1738 2785 1863 2825 cum
1892 2779 1945 2825 et
1971 2785 2099 2840 pec-

524 2871 760 2929 catores,
797 2873 850 2917 et
880 2863 1056 2916 salute
1105 2862 1312 2933 indigni
1345 2861 1532 2932 {simus
1557 2878 1572 2927 ;
1601 2862 1695 2918 sed
1731 2872 1790 2916 ut
1817 2864 2095 2928 timeatur,

523 2964 580 3010 et
614 2955 949 3010 venerationi
986 2955 1057 3009 sit
1083 2969 1284 3010 nomen
1317 2963 1492 3020 tuum,
1519 2964 1664 3010 etne
1686 2955 1755 3008 ab
1787 2955 2097 3010 idololatris

525 3047 952 3117 blasphemetur.
987 3045 1051 3100 Et
1072 3046 1234 3113 juxta
1266 3045 1554 3102 historiam
1573 3046 1791 3100 abunde
1824 3045 2093 3115 psalmum

527 3141 673 3194 hunc
713 3138 1088 3208 exposuimus.
1114 3136 1275 3192 Juxta
1325 3152 1602 3207 anagogen
1636 3151 1762 3192 vero
1783 3136 2100 3207 dicerepos-

523 3244 714 3285 sumus
741 3267 757 3293 ,
783 3229 949 3283 verba
983 3228 1179 3297 psalmi
1207 3227 1480 3282 eil‘erenda
1517 3243 1638 3283 esse
1669 3243 1735 3282 ex
1779 3237 2095 3283 sanctorum

524 3327 820 3390 martyrum
860 3332 1094 3388 persona
1123 3318 1188 3371 ad
1221 3317 1502 3373 Christum
1529 3358 1546 3384 ,
1579 3317 1672 3388 qui
1701 3318 1871 3372 multa
1897 3327 1950 3374 et
1975 3333 2098 3390 gra-

519 3412 608 3467 via
662 3413 833 3482 ipsius
883 3409 1088 3465 Christi
1129 3410 1301 3480 gratia
1337 3411 1484 3479 passi
1510 3421 1642 3466 sunt
1670 3449 1685 3474 ,
1742 3420 1797 3466 et
1848 3419 1960 3466 tota
2007 3412 2096 3467 die

522 3504 852 3560 mortilicati.
874 3503 988 3569 Vel,
1015 3518 1082 3558 ex
1107 3518 1337 3572 persona
1355 3518 1810 3574 quorumcunque
1836 3503 2092 3572 ﬁdelium,

524 3615 589 3655 ac
619 3601 1000 3669 religiosorum
1026 3599 1336 3662 hominum,
1376 3597 1470 3667 qui
1502 3611 1532 3650 a
1561 3596 1937 3667 sanguinariis
1967 3611 2097 3668 gen-

522 3689 666 3744 tibus
695 3687 986 3742 laedantur.

521 3777 586 3833 In
620 3779 778 3848 ﬁnem
818 3794 912 3844 pro
947 3775 1011 3830 iis
1039 3778 1129 3846 qui
1180 3775 1542 3831 commutandi
1577 3785 1702 3830 sunt
1724 3815 1740 3840 ,
1771 3775 1902 3844 filiis
1937 3773 2092 3842 Core,

717 3871 770 3924 in
796 3869 1224 3938 intelligentiam,
1254 3868 1523 3922 canticum
1547 3881 1643 3935 pro
1671 3867 1888 3922 dilecto.

1033 4044 1352 4103 PSALMUS
1390 4043 1574 4102 XLIV.

594 4141 661 4196 1n
685 4141 847 4210 ﬁnem
873 4139 1092 4208 quidem
1121 4140 1446 4210 inscriptum
1487 4146 1573 4194 est
1599 4136 1672 4194 ob
1695 4135 2006 4208 prophetias
2035 4137 2088 4189 in

521 4236 735 4306 psalmo
764 4242 1048 4288 contentas
1079 4248 1198 4303 quin
1227 4233 1295 4286 ad
1319 4232 1483 4287 linem
1520 4230 1834 4286 tendebant.
1881 4227 1990 4284 Pro
2022 4229 2087 4286 iis

519 4342 671 4391 vero,
699 4327 788 4396 qui
823 4327 1192 4380 commutandi
1226 4333 1370 4390 sunt,
1401 4324 1505 4378 hoc
1535 4333 1640 4386 est,
1691 4337 1790 4392 pro
1819 4321 2089 4378 Christia-

517 4419 627 4484 nis,
659 4419 754 4488 qui
783 4431 882 4486 per
903 4417 1255 4486 baptismatis
1290 4415 1759 4485 regenerationem
1790 4412 2084 4470 innovandi

2218 586 2350 653 πρὸς
2368 583 2558 653 καιρὸν
2588 583 2970 653 ἀπωσάμενος,
3007 583 3082 652 μὴ
3113 582 3409 645 διαπαντὸς
3442 581 3640 655 ἀπῶσῃ.

2296 673 2479 731 Ἰνὶιτι
2529 676 2596 729 τὸ
2645 675 2974 744 πρόσωπόν
3013 689 3131 728 σου
3183 673 3614 744 ἀποστρέφεις
3648 677 3716 748 Τὴν

2213 769 2525 837 ἐπισκοπὴν
2555 785 2670 834 σου,
2703 769 2778 832 ὼς
2811 767 2921 822 ἀπὸ
2943 767 3200 832 ἀναξίων.

2289 947 2696 1018 Ἐπιλιινθάνῃ
2725 949 2835 1017 τῆς
2863 948 3156 1016 πτωχείας
3185 946 3373 1016 ἡμῶν,
3396 946 3502 1001 καὶ
3533 943 3621 1014 τῆς
3639 950 3716 1002 0.11-

2212 1046 2373 1111 ψεως
2402 1042 2590 1111 ἡμῶν.
2621 1041 2754 1095 Ἀπὸ
2785 1039 2966 1094 κοινοῦ
2996 1040 3157 1093 πάλιν
3183 1038 3245 1092 τὸ
3281 1039 3476 1094 Ἱνατί.
3513 1039 3715 1108 Πτωχείαν

2212 1135 2268 1189 δὲ
2302 1133 2447 1202 λέγει
2476 1134 2570 1188 νῦν
2618 1131 2717 1203 τὴν
2765 1131 3067 1200 κακουχίαν
3089 1145 3104 1160 ·
3139 1131 3271 1182 ίδιον
3299 1129 3407 1198 γάρ
3437 1131 3676 1198 πτωχείας
3697 1125 3739 1198 ἡ(

2212 1226 2507 1295 κακουχία.
2564 1221 2973 1290 Ἐπιλανθάνῃ
3007 1221 3090 1286 δὲ,
3143 1220 3267 1276 ἀντὶ
3311 1218 3428 1283 τοῦ,
3476 1218 3570 1270 Ἐν
3605 1219 3718 1272 οὐδενὶ

2211 1319 2355 1390 λόγῳ
2381 1317 2534 1388 τίθης
2567 1316 2760 1371 ταῦτα.

2284 1494 2402 1546 Ὅτι
2449 1490 2813 1560 ἐταπεινώθη
2850 1491 2938 1556 εἷς
2991 1490 3145 1560 χοῦν
3191 1489 3230 1557 ἡ
3270 1487 3442 1559 ψυχὴ
3494 1487 3653 1556 ἡμῶν.
3680 1491 3715 1540 'tI

2211 1585 2382 1654 ψυχὴ
2415 1583 2601 1654 ήμῶν,
2647 1583 2764 1635 ἀντὶ
2802 1583 2894 1635 τοῦ
2932 1582 3143 1650 Ἡμεῖς,
3188 1580 3718 1650 περιφραστικῶςολέ-

2213 1698 2301 1749 γει
2337 1678 2416 1744 δὲ,
2477 1678 2560 1731 ὃτι
2595 1675 3028 1747 Κατηνέχθημεν
3077 1677 3157 1737 εἰς
3190 1673 3314 1742 γῆν,
3361 1673 3464 1725 καὶ
3498 1671 3718 1725 πεπτώκα-

2216 1789 2337 1842 μεν.

2286 1866 2620 1934 Ἑκολλήθη
2649 1867 2737 1931 είς
2760 1863 2875 1934 γῆν
2915 1864 2953 1932 ἡ
2993 1861 3228 1931 γαστὴρ
3273 1859 3470 1930 ἡμῶν.
3506 1859 3626 1912 Ὑπὸ
3657 1878 3718 1928 χιι

2211 1960 2460 2031 μευνίας,
2491 1959 2524 2028 ἢ
2562 1957 2654 2010 τοῦ
2689 1957 2916 2010 κύπτειν
2947 1955 3084 2026 πρὸς
3137 1954 3239 2022 γῆν
3269 1953 3358 2006 ἀεὶ
3383 1951 3469 2023 τῷ
3493 1951 3631 2022 βάρει
3649 1952 3717 2002 τῶν

2208 2053 2460 2122 θλίψεων.
2499 2049 2863 2103 Ταπεινοῦται
2889 2048 2946 2100 δὲ
2977 2049 3058 2110 είς
3083 2047 3214 2116 χοῦν
3250 2047 3344 2099 καὶ
3371 2047 3400 2098 6
3431 2045 3551 2106 τοϊς
3577 2045 3718 2111 nivei;

2207 2142 2614 2216 προστετηκὼς,
2661 2144 2755 2196 καὶ
2779 2141 3067 2212 ίκολλᾶται
3098 2140 3178 2202 είς
3235 2139 3340 2207 γῆν
3371 2139 3399 2189 6
3435 2137 3719 2204 γαστρξμσρο

2207 2252 2324 2306 γος,
2355 2235 2450 2289 καὶ
2479 2236 2508 2288 6
2535 2234 2754 2304 πόρνος,
2786 2231 2882 2287 καὶ
2905 2232 3014 2295 πᾶς
3031 2228 3335 2301 φιλήδονος.

2287 2495 2568 2557 Ἀνάστα,
2602 2494 2797 2562 Κύριε,
2841 2491 3160 2561 βοήθησον
3205 2487 3374 2557 ἡμῖν.
3434 2487 3608 2549 Δοκεῖς
3645 2485 3719 2552 γὰρ

2203 2587 2553 2651 καθέζεσθαι,
2581 2583 2856 2656 περιορῶν
2886 2580 3061 2648 οὒτῳς
3088 2580 3504 2650 ἀπολλυμένους
3539 2578 3674 2647 ἡμᾶς.

2271 2680 2580 2748 Λύτρωσαι
2612 2675 2788 2746 ἡμᾶς,
2817 2674 3025 2729 ἕνεκεν
3054 2673 3159 2728 τοῦ
3194 2673 3492 2741 ὀνόματός
3518 2687 3635 2723 σου.
3668 2668 3717 2720 Οὔ

2201 2770 2287 2824 διὰ
2313 2769 2412 2833 τὰς
2457 2769 2734 2840 ἡμετέρας
2763 2768 2966 2837 ἀρετάς
2987 2782 3001 2796 ο
3033 2766 3134 2818 οὐκ
3181 2764 3330 2828 ἄξιαι
3361 2764 3471 2830 γάρ
3491 2779 3506 2792 ·
3541 2759 3633 2812 ἀλλ’
3661 2760 3718 2810 iv:

2199 2861 2430 2933 φοόερὸν
2463 2860 2576 2931 (55)
2611 2861 2718 2930 εῐη,
2752 2859 2846 2912 καὶ
2873 2859 2947 2928 μὴ
2978 2857 3384 2927 βλασφημεῖται
3411 2854 3474 2907 τὸ
3498 2854 3581 2905 σὺν
3599 2852 3718 2919 δνομι

2201 2955 2355 3024 παρὰ
2369 2953 2479 3008 τῶν
2504 2949 2930 3022 είδωλολατρῶν.
2963 2950 3121 3002 Κατὰ
3153 2949 3251 3017 μὲν
3281 2946 3550 3013 ἱστορίαν,
3575 2943 3721 3002 litavit;

2199 3051 2228 3102 6
2251 3047 2463 3118 ψαλμὺς
2509 3046 2882 3116 ἡρμήνευται·
2923 3041 3067 3096 κατὰ
3094 3042 3149 3094 δὲ
3176 3040 3493 3110 ἀναγωγὴν,
3525 3039 3718 3106 λέγομεν

2198 3141 2264 3194 ἂν
2284 3138 2353 3193 τὰ
2381 3136 2476 3191 τοῦ
2499 3135 2714 3207 ψαλμοῦ
2747 3135 2940 3188 τούτου
2985 3133 3120 3204 πρὸς
3147 3135 3238 3186 τὸν
3271 3133 3507 3202 Χριστὸν
3545 3131 3589 3181 οἱ
3617 3130 3720 3200 pig-

2198 3247 2360 3302 τυρες
2392 3229 2616 3295 πάντες,
2647 3229 2698 3281 οι
2725 3228 2894 3297 μυρία
2923 3225 2991 3278 δι’
3019 3225 3186 3279 αὑτὸν
3215 3224 3482 3286 παθόντες
3501 3222 3588 3275 καὶ
3605 3223 3721 3273 (law

2197 3322 2448 3392 τούμενοι
2477 3319 2608 3391 ὃλην
2639 3319 2737 3388 τὴν
2771 3317 2991 3388 ἡμέραν
3016 3331 3032 3346 ⁸
3086 3315 3223 3371 ἀλλὰ
3251 3315 3348 3368 καὶ
3392 3315 3584 3375 πάντες
3612 3313 3723 3363 εὐσε-

2200 3417 2333 3480 ϐεῖς,
2360 3413 2462 3467 ὑπὸ
2481 3413 2588 3465 τῶν
2612 3410 2911 3482 μιαιφόνων
2933 3407 3098 3464 ἐθνῶν
3119 3406 3554 3478 ὲπηρεαξόμενοί
3572 3421 3638 3469 τε,
3653 3403 3721 3456 ul

2198 3504 2564 3587 καταδαπανώ
2571 3520 2746 3573 μενοι.

2196 3770 2302 3834 Εἰς
2340 3767 2406 3822 τὸ
2449 3765 2625 3830 τέλος
2672 3765 2827 3832 ὑπὲρ
2867 3763 2986 3818 τῶν
3028 3762 3602 3833 άλλοιωθησομένων
3628 3743 3722 3824 τοῖξ

2264 3859 2415 3925 υἱοῖς
2445 3859 2594 3926 Κορὲ
2618 3861 2704 3924 είς
2741 3860 3001 3912 σύνεσιν
3025 3875 3038 3888 ·
3094 3857 3217 3927 ᾠδὴ
3267 3857 3425 3925 ὑπὲρ
3475 3854 3578 3910 τοῦ
3616 3856 3724 3924 (ira-

2264 3968 2346 4022 πη
2355 3953 2478 4008 τοῦ.

2741 4044 3038 4100 ΨΑΛΜΟΣ
3065 4045 3199 4100 MA'.

2262 4143 2368 4207 Εἰς
2400 4139 2467 4194 τὸ
2506 4137 2680 4204 τέλος
2716 4138 2838 4207 μὲν,
2868 4136 2955 4189 διὰ
2987 4135 3082 4197 τὰς
3109 4137 3165 4187 ὲν
3194 4134 3374 4203 τούτῳ
3409 4132 3722 4204 προφητείας,

2190 4234 2272 4296 εἰς
2327 4231 2481 4294 τέλος
2530 4228 2902 4290 ἐλαυνούσαςο
2948 4227 3088 4297 ὑπὲρ
3134 4225 3244 4278 τῶν
3279 4223 3728 4291 Marmaricam-

2189 4341 2312 4380 νων
2359 4324 2438 4388 δὲ,
2502 4323 2810 4386 τουτέστιν,
2849 4319 2988 4389 ὑπὲρ
3017 4319 3124 4373 τῶν
3151 4318 3513 4389 Χριστιανῶν,
3559 4317 3606 4368 οἳ
3651 4316 3722 4366 ἁλ-

2190 4417 2585 4486 λοιωθήσονται
2619 4414 2732 4485 (56)
2763 4395 2850 4466 διὰ
2875 4413 2977 4482 τῆς
3019 4410 3451 4479 παλιγγενεσίας
3476 4409 3569 4461 τοῦ
3601 4408 3728 4475 ἁγίου

515 4520 696 4577 erant,
734 4518 973 4564 veterem
1002 4516 1271 4563 exueules
1301 4508 1604 4571 hominem,
1657 4517 1713 4563 et
1763 4522 1965 4562 novum
2002 4507 2086 4560 in-

2212 4508 2592 4578 ιαπτίσματος,
2647 4506 3046 4574 ἀπεκδυόμενοι
3113 4505 3213 4574 μὲν
3261 4503 3352 4556 τὸν
3405 4503 3626 4555 παλαιὸν
3651 4499 3727 4550 ἇν-

485 4603 770 4658 duentes.
836 4601 1075 4670 Antiqua
1128 4602 1298 4665 enim,
1336 4600 1513 4671 inquit
1569 4599 1864 4670 Propheta,
1906 4607 2085 4653 trans-

513 4696 710 4758 ierunt,
770 4708 885 4746 ecce
938 4708 1072 4746 nova
1129 4691 1274 4760 facta
1330 4700 1452 4746 sunt
1507 4692 1705 4746 omnia.
1757 4689 1882 4746 Haec
1917 4692 2083 4763 igitur

515 4783 876 4838 commutatio
910 4783 1316 4839 transformatio
1353 4793 1460 4849 est,
1490 4793 1543 4837 et
1563 4782 1764 4854 prioris
1792 4797 2084 4839 conversa-

517 4875 684 4930 tionis
741 4875 1072 4930 immutatio.
1120 4875 1272 4930 Filii:
1319 4877 1482 4931 etiam
1521 4873 1654 4928 Core
1710 4874 1834 4930 ideo
1881 4875 2082 4929 inscri-

516 4975 666 5037 ptum
704 4979 809 5033 est,
833 4967 961 5037 quia
991 4968 1070 5023 eis
1096 4969 1258 5023 datus
1303 4966 1408 5023 fuit
1436 4966 1526 5022 hic
1564 4967 1809 5037 psalmus
1851 4981 1882 5020 a
1918 4967 2080 5022 beato

517 5060 706 5122 David,
762 5069 821 5113 ut
850 5076 973 5115 eum
1019 5071 1303 5126 canerent,
1335 5060 1794 5131 quemadmodum
1820 5060 1874 5114 in
1904 5073 2086 5130 prooe-

512 5148 623 5203 mio
648 5150 831 5219 operis
857 5151 1278 5206 declaravimus.
1326 5151 1404 5203 All
1435 5149 1845 5219 intelligentiam
1899 5164 2030 5204 vero
2066 5167 2082 5204 :

512 5241 642 5308 quia
691 5240 762 5294 ob
801 5242 1116 5296 reconditos
1169 5242 1367 5312 psalmi
1404 5255 1623 5306 sensus,
1686 5241 1853 5294 multa
1889 5240 2082 5295 lectori

512 5332 874 5403 intelligentia
912 5349 1054 5406 opus
1089 5334 1182 5389 sit.
1233 5333 1300 5387 Et
1325 5333 1594 5386 canticum
1619 5347 1636 5386 :
1661 5334 1790 5402 quia
1823 5347 1931 5387 non
1973 5348 2082 5387 una

509 5437 636 5478 cum
695 5426 926 5481 musicis
965 5426 1384 5492 instrumentis,
1436 5425 1538 5480 sed
1586 5425 1825 5480 humana
1867 5433 2076 5480 tantum

510 5531 646 5572 voce
673 5520 1000 5574 cauebatur.
1033 5517 1320 5574 Postremo
1365 5517 1514 5589 quod
1571 5517 1795 5586 dicitur,
1856 5520 1968 5572 Pro
1995 5518 2078 5572 di—

2191 4605 2433 4672 Ορωπον,
2470 4600 2782 4672 ἐνδυόμενοι
2815 4599 2871 4652 δὲ
2911 4599 3002 4654 τὸν
3050 4604 3189 4654 νέον.
3248 4599 3325 4652 Τὰ
3374 4596 3587 4666 ἀρχαῖα
3622 4594 3728 4661 γὰρ,

2190 4693 2347 4763 φησὶ,
2390 4691 2722 4762 παρῆλθεν,
2767 4689 2897 4746 ἰδοὺ
2952 4692 3162 4760 γέγονε
3188 4691 3259 4744 τὰ
3314 4689 3500 4742 πάντα
3555 4683 3730 4738 καινά.

2201 4787 2512 4846 Ἀλλοίωσις
2537 4784 2666 4854 γὰρ,
2687 4786 2720 4854 ἡ
2756 4786 3140 4854 μεταποίησις,
3171 4784 3264 4834 καὶ
3299 4783 3332 4851 ἡ
3358 4783 3454 4850 τῆς
3480 4778 3734 4836 πολιτείας

2187 4875 2480 4944 ὲναλλαγή.
2522 4874 2650 4940 Τοῖς
2679 4874 2832 4940 υἱοῖς
2859 4874 2915 4926 δὲ
2939 4873 3110 4940 Κορὲ,
3142 4873 3224 4923 ὅτι
3249 4871 3502 4931 τούτοιςὸ
3537 4865 3734 4935 ψαλμδς

2189 4970 2294 5022 ὑπὸ
2346 4969 2439 5022 τοῦ
2501 4969 2669 5022 Δαὸὶδ
2725 4965 3070 5038 ἐνεχειρίσθη
3129 4965 3265 5035 πρὸς
3313 4965 3374 5016 τὸ
3416 4960 3491 5014 διὰ
3543 4958 3732 5011 totiter:

2192 5061 2593 5133 μελῳδηθῆναι,
2629 5061 2811 5123 καθὼς
2863 5063 2919 5113 ἐν
2951 5057 3261 5128 προοιμίοις
3289 5059 3388 5127 τῆς
3425 5053 3606 5124 βίῢλου
3643 5048 3732 5100 τῶν

2186 5154 2432 5224 Ψαλμῶν
2465 5153 2954 5226 παραδεδώκαμεν.
2972 5154 3077 5218 Εις
3096 5151 3355 5203 σύνεσιν
3381 5149 3454 5208 δὲ,
3483 5146 3571 5197 ὃτι
3592 5139 3733 5212 χρεία

2188 5246 2454 5307 συνέσεως
2483 5245 2598 5306 τοῖς
2630 5243 3065 5311 ἀναγινώσκουσι
3110 5240 3199 5293 διὰ
3228 5241 3296 5292 τὰ
3326 5233 3733 5305 ἐγκεκρυμμένοι

2186 5335 2306 5388 Θεία
2333 5335 2620 5404 νοήματα·
2660 5333 2798 5405 ’ῼδὴ
2833 5335 2911 5399 δὲ,
2970 5334 3054 5386 ὅτι
3104 5331 3164 5384 οὐ
3200 5332 3296 5384 σὺν
3329 5329 3599 5398 ὀργάνοις,
3635 5318 3736 5372 ἀλλ’

2187 5425 2298 5480 ἀπὸ
2342 5427 2596 5496 γλώσσης
2625 5426 2814 5498 μόνης,
2857 5425 3199 5496 ἑμελῳδήθη.
3235 5423 3306 5476 Τὸ
3331 5420 3385 5474 δὲ
3424 5415 3610 5482 ’Υπὲρ
3647 5410 3737 5464 τοῦ

2183 5518 2522 5588 ἀγαπητοῦ,
2584 5518 3066 5590 συγκεφαλαίωσις
3112 5518 3214 5589 τῆς
3260 5517 3382 5577 ὅλης
3410 5503 3737 5579 ἐπιγραφῆςς

1855 5700 2059 5764 Varius
2088 5697 2420 5762 lectiones.

581 5803 695 5878 (55)
715 5803 798 5858 τσ.
888 5808 943 5859 et
969 5800 1378 5872 βλασφημῆται.

2260 5800 2372 5872 (56)
2402 5799 2488 5856 AI.
2522 5798 2683 5870 ὑπέρ.
