3866 6542
223 371 328 435 48:)

1386 377 1771 440 COMMENT.
1809 378 1893 441 IN
1932 383 2286 451 PSALMOS.
2326 382 2329 387 ί

3363 402 3430 468 ις
3433 406 3469 469 0

221 488 304 540 ὅτι
337 487 460 558 ’περὶ
510 486 602 541 τοῦ
658 489 897 561 Χριστοῦ
946 490 1201 554 διέξεισιν
1253 491 1280 542 6
1327 488 1581 558 ψαλμόςο
1634 482 1777 553 οὗτος

1892 494 2062 550 lecto:
2124 500 2293 556 totius
2347 501 2724 577 inscriptionis
2771 510 3099 566 summulam
3131 513 3377 569 continet
3407 527 3463 571 et

222 582 291 645 γᾶ
302 597 357 647 ρ,
384 581 410 631 6
433 580 738 649 ἀγαπητός·
764 582 842 654 τῷ
869 584 1043 653 Πατρὶ
1074 581 1195 653 μὲν,
1221 580 1295 645 ὡς
1316 582 1444 643 Υἱὸς
1470 583 1785 652 μονογενής·

222 673 358 740 ἡμῖν
412 669 491 733 δὲ,
538 670 613 734 ὡς
665 672 857 742 πατὴρ
888 673 1043 743 ἡμῶν
1093 671 1622 743 κηδεμονικώτατος.
1654 672 1790 742 Περὶ

220 761 414 815 τούτου
470 762 580 833 γάρ
608 780 776 833 φησιν
805 764 835 816 ὁ
870 765 1065 845 Πατήρ
1090 779 1106 795 ’
1158 760 1348 831 Οὗτός
1382 762 1555 817 ἐστιν
1587 766 1620 818 ό
1656 763 1789 828 Υἱός

218 871 337 922 μου
370 857 402 909 d
426 855 757 922 ἀγαπητός.
791 856 1056 924 -Ὑπέρ
1086 854 1193 909 τοῦ
1222 856 1531 925 ἀγαπητοῦ
1557 855 1636 920 δὲ,
1669 855 1790 909 ἀντὶ

219 942 335 1009 τοῦ,
368 946 503 1015 Περὶ
525 945 622 998 τοῦ
653 946 966 1016 ἀγαπητοῦ,
1014 948 1267 1017 καθάπερ
1291 946 1387 1001 καὶ
1418 950 1475 1000 ἐν
1500 946 1683 1011 ἄλλοις
1716 947 1789 999 εί-

220 1038 490 1107 ριξκαμεν,
521 1039 781 1109 πρόθεσις
811 1040 932 1093 ἀντὶ
966 1039 1298 1109 προθέσεως.

296 1301 705 1371 Ἐξηρεύξατο
762 1308 800 1374 ἠ
865 1305 1079 1375 καρδία
1127 1325 1248 1377 μου
1298 1309 1484 1378 λόγον
1541 1311 1785 1377 ἀγαθόν.
1866 1334 1869 1337 <

214 1393 403 1457 Συνεὶς
452 1398 480 1448 6
533 1398 820 1468 προφήτης
868 1400 951 1451 ὅτι
997 1400 1210 1468 μεγάλα
1242 1402 1373 1471 περὶ
1424 1402 1520 1453 τοῦ
1544 1403 1785 1471 Χριστοῦ

219 1486 405 1555 μέλλει
440 1490 878 1559 προαγορεῦσαι,
922 1492 1343 1563 προοιμιάζεται
1364 1495 1446 1549 ὅτι
1470 1494 1629 1564 λόγον
1653 1497 1788 1565 άγα-

214 1578 304 1631 θον
337 1580 436 1632 καὶ
480 1583 745 1651 σωτήριον
774 1585 913 1653 ὲρεῖ.
948 1585 1147 1638 Σκόπει
1197 1585 1254 1639 δὲ
1286 1586 1385 1656 τὴν
1416 1585 1654 1657 ἔμφασιν
1693 1589 1787 1642 τοῦ

224 1668 651 1738 Ἐξηρεύξατο.
684 1674 983 1745 Μονονουχὶ
1005 1676 1114 1745 γάρ
1136 1692 1322 1746 φησιν.
1360 1677 1442 1729 ὄτι
1472 1677 1720 1749 καθάπερ
1754 1681 1785 1749 ὴ

216 1760 392 1830 ἑρυγὴ
430 1761 508 1831 μὴ
541 1762 882 1834 βουλομένων
929 1766 1087 1835 ἡμῶν
1146 1766 1401 1837 πρόεισι,
1432 1771 1529 1834 τῆς
1576 1768 1785 1832 κοιλίας

1891 597 2096 656 caput:
2134 592 2260 661 quia
2316 594 2574 651 nimirum
2643 597 2733 653 hic
2766 607 3037 655 tractatur
3089 602 3157 658 de
3213 603 3462 669 Christo,

1891 682 1986 748 qui
2023 689 2077 735 et
2115 683 2217 752 ipsi
2257 684 2403 741 Patri
2434 688 2669 745 dilectus
2699 700 2805 755 est,
2845 703 3105 761 tanquam
3129 693 3303 753 Filius
3332 698 3461 752 uoi-

1889 770 2107 841 gcnitus
2139 788 2153 827 :
2184 786 2238 829 et
2267 777 2427 833 nobis
2481 781 2719 848 pariter,
2752 783 2877 853 quia
2911 786 3154 839 omnium
3209 798 3462 843 nostrum

1866 868 2048 931 'pater
2070 872 2155 919 est
2188 867 2640 926 studiosissimus
2669 888 2681 923 :
2715 875 2859 927 unde
2886 874 3054 928 etiam
3078 876 3145 930 de
3166 891 3233 931 eo
3254 878 3461 933 dictum

1891 969 2016 1010 esse
2068 956 2348 1026 legimusa
2376 957 2534 1016 Patre
2568 980 2581 1017 :
2623 961 2724 1016 llic
2761 973 2838 1017 est
2899 962 3073 1019 Filius
3125 984 3268 1022 meus
3327 970 3463 1023 dile-

1890 1046 2086 1102 ctus”.
2129 1048 2232 1101 Pro
2265 1050 2456 1105 dilecto
2486 1061 2668 1108 autem
2698 1094 2714 1119 ,
2753 1054 2857 1109 hoc
2890 1065 2999 1121 est,
3025 1060 3089 1110 de
3121 1057 3335 1114 dilecto.
3366 1060 3463 1115 E-t

1892 1139 2036 1191 enim
2067 1142 2383 1210 praepositio
2416 1158 2515 1213 pro
2548 1146 2955 1216 praepositione,
2998 1156 3059 1203 ut
3087 1150 3216 1206 alibi
3248 1167 3392 1222 saepe
3431 1169 3461 1208 a

1892 1230 2175 1299 prophetis
2207 1235 2456 1303 usurpari
2493 1236 2756 1294 diximus.

1966 1320 2128 1377 Vens.
2167 1325 2221 1377 2.
2286 1324 2566 1383 Eructavit
2610 1347 2704 1385 cor
2761 1349 2929 1386 meum
2983 1337 3195 1390 verbum
3246 1338 3461 1393 bonum.

1891 1409 2140 1466 Ceruens
2174 1417 2438 1483 propheta
2461 1460 2475 1481 ,
2513 1419 2661 1488 quod
2694 1437 2884 1493 magna
2913 1426 3160 1494 quwdam
3211 1429 3278 1483 de
3302 1429 3464 1484 Cirri-

1892 1510 1977 1557 sto
2007 1503 2112 1558 sibi
2143 1514 2300 1560 erant
2330 1509 2702 1577 prwdicenda,
2731 1516 2960 1569 exordio
2993 1519 3227 1587 quodam
3266 1521 3461 1584 utitur,

1893 1593 2086 1650 dicens
2111 1611 2420 1655 sermonem
2455 1618 2515 1657 se
2544 1603 2746 1661 bonum
2774 1623 2837 1662 ac
2880 1609 3176 1665 salutarem
3210 1615 3463 1682 prolatu-

1890 1698 2035 1739 rum.
2088 1683 2170 1740 Tu
2220 1703 2353 1744 vero
2380 1690 2544 1746 etiam
2575 1696 2878 1765 emphasim
2935 1701 3222 1757 considera
3285 1706 3465 1768 verbi,

1895 1773 2193 1834 Eructavit.
2225 1777 2365 1835 Illud
2399 1784 2545 1838 enim
2573 1786 2734 1841 nobis
2759 1788 3004 1845 indicare
3034 1793 3269 1858 videtur,
3314 1798 3462 1865 quod

212 1850 417 1920 ταύτης
473 1854 935 1926 ἁναπεμποὺσης,
997 1856 1141 1911 οὕτω
1194 1858 1290 1912 καὶ
1352 1858 1443 1912 τὸν
1497 1860 1627 1930 περὶ
1692 1860 1777 1913 τοῦ

2825 1841 2848 1843 η
3317 1841 3462 1865 νυ..

1893 1868 2353 1936 quemadmodum
2408 1876 2704 1941 eructatio,
2753 1880 2919 1934 etiam
2988 1896 3017 1935 a
3063 1884 3302 1940 nolentis
3370 1900 3466 1942 ore

209 1944 454 2014 Χριστοῦ
516 1946 676 2015 λόγον
730 1948 1051 2021 ἀνέπεμψεν
1084 1951 1183 2022 ἤδη
1218 1951 1462 2005 κάτωθεν
1516 1954 1546 2024 ἡ
1588 1955 1785 2025 καρδία

212 2052 311 2105 μου
337 2077 352 2100 ,
393 2038 707 2107 πλησθεῖσα
744 2040 846 2111 τῆς
876 2043 1084 2113 τροφῆς
1111 2044 1203 2095 τοῦ
1228 2043 1386 2112 ἁγίου
1447 2044 1782 2116 Πνεῦματος.

1892 1958 2027 2023 exit,
2063 1961 2305 2015 humano
2364 1963 2625 2020 nimirum
2657 1978 2848 2025 ventre
2874 1984 2994 2026 eam
3029 1973 3077 2027 vi
3115 1974 3349 2044 quadam
3382 1978 3465 2032 elo

1894 2048 2082 2117 ﬂante,
2144 2054 2219 2108 ita
2247 2066 2303 2111 et
2335 2058 2426 2113 hic
2488 2061 2734 2129 psalmus
2775 2065 2842 2120 de
2902 2065 3111 2123 Dilecto
3160 2071 3229 2125 ab
3267 2073 3464 2127 intimo

210 2128 499 2201 Propheta:
535 2135 710 2190 nostri
742 2136 911 2192 corde
935 2137 1176 2194 emissus
1231 2139 1609 2211 sit,superna
1676 2144 1913 2214 quadam
1966 2147 2017 2201 vi
2078 2149 2152 2203 ita
2222 2150 2555 2223 impellente,
2650 2173 2776 2213 cum
2870 2164 3201 2220 suavissimo
3283 2172 3461 2225 sancti

208 2221 454 2291 Spiritus
480 2225 644 2294 epulo
676 2225 914 2283 refertus
940 2238 1106 2283 esset.

269 2318 442 2385 Λέγω
469 2316 584 2387 ἐγὼ
606 2319 678 2373 τὰ
706 2318 850 2389 ἔργα
878 2337 998 2388 μου
1052 2318 1133 2385 τῷ
1158 2321 1428 2385 βασιλεῖ.
1463 2323 1778 2394 Προσφωνῶ

206 2408 391 2462 λοιπὸν
424 2410 541 2479 ἐγὼ
577 2411 656 2481 τῷ
698 2410 923 2465 Βασιλεῖ
947 2412 1171 2484 Χριστῷ
1195 2412 1264 2466 τὰ
1299 2413 1436 2483 ἔργα
1470 2432 1595 2484 μου,
1625 2434 1778 2470 τουτ-

207 2499 319 2554 ἐστι
349 2501 458 2564 τὰς
482 2505 612 2573 περὶ
641 2502 809 2557 αὐτοῦ
839 2503 1179 2574 προφητείας
1204 2521 1328 2574 μου.
1357 2506 1645 2577 Προφήτου
1671 2507 1780 2579 γὰρ

209 2592 383 2663 ἔργον,
422 2595 671 2665 ὑφαίνειν
701 2597 1061 2668 προφητείας.

281 2686 343 2741 Ἠ
375 2688 638 2757 γλῶσσά
666 2709 787 2761 μου
817 2693 1086 2764 κάλαμος
1118 2694 1501 2765 γραμματέως
1533 2690 1783 2762 ὀξυγρὰο

1958 2324 2089 2379 Dico
2128 2343 2221 2395 ego
2273 2346 2385 2383 mea
2418 2347 2577 2400 opera
2604 2333 2732 2405 regi.
2765 2335 2993 2393 Profero
3016 2350 3221 2408 autem,
3261 2344 3460 2415 inquit.

1884 2415 2106 2472 Christo
2136 2418 2270 2490 Regi
2311 2437 2477 2491 opera
2522 2441 2664 2490 mea,
2694 2428 2797 2482 hoc
2827 2438 2935 2493 est,
2968 2433 3283 2502 praphetias
3322 2453 3461 2506 quas

1887 2511 1955 2564 de
1982 2524 2050 2565 eo
2080 2509 2294 2566 albatus
2331 2512 2541 2582 Spiritu
2573 2519 2890 2585 pronuntio.
2951 2520 3245 2594 Propheta:
3307 2531 3453 2584 enim

1889 2613 2029 2669 opus
2052 2609 2136 2655 est
2172 2602 2491 2672 prophetias
2520 2616 2834 2663 contexere.

1958 2689 2169 2761 Lingua
2218 2709 2333 2747 mea
2365 2695 2608 2753 calamus
2635 2702 2822 2755 scriba:
2868 2704 3114 2760 velociter
3151 2711 3456 2771 scribentis.

205 2794 338 2845 90v.
404 2781 524 2832 Καὶ
577 2781 667 2833 διὰ
709 2781 901 2836 τούτου
952 2786 1309 2855 παρίστησιν,
1341 2785 1415 2848 ὼς
1442 2784 1542 2838 οῦκ
1572 2783 1777 2837 οἴκοθεν

1885 2781 1976 2839 llis
2001 2785 2165 2839 etiam
2197 2787 2384 2843 verbis
2415 2789 2549 2845 illud
2588 2793 2952 2861 demonstrat,
2988 2804 3269 2869 quomodo
3300 2821 3365 2860 ex
3397 2824 3457 2863 se

209 2871 337 2939 ipsi.
399 2872 673 2942 Καθάπερ
722 2874 853 2946 γὰρ,
888 2876 1078 2945 φησὶν,
1134 2878 1162 2928 6
1220 2877 1467 2946 κάλαμος
1517 2875 1777 2947 ὑπηρετεῖ

1885 2877 2000 2947 ipso
2025 2877 2232 2948 aliquid
2267 2879 2527 2938 dicturus
2564 2898 2668 2939 non
2709 2894 2811 2941 est.
2852 2887 3321 2954 Quemadmodum
3357 2915 3451 2953 ca-

210 2962 361 3031 μόνον
419 2968 488 3034 τῇ
539 2966 687 3036 χειρὶ
731 2967 826 3019 τοῦ
884 2968 1145 3039 γραφέως
1183 2968 1525 3038 κινούμενος,
1558 2967 1688 3022 ἔνθα
1719 2967 1777 3020 ἂν

1885 2969 2079 3036 lamus,
2115 2970 2318 3041 inquit,
2354 2973 2648 3032 scribentis
2698 2981 2883 3034 manui
2920 2981 3184 3051 inservit,
3236 2998 3291 3042 et
3360 2992 3449 3050 ille

206 3054 379 3125 ἐκείνη
419 3055 614 3110 τοῦτον
645 3058 844 3131 κινήσῃ
863 3072 876 3086 °
913 3057 1055 3111 οὕτω
1095 3060 1189 3113 καὶ
1225 3060 1259 3129 ὴ
1288 3057 1398 3129 ἐμὴ
1427 3057 1651 3126 γλῶσσα
1681 3056 1785 3110 κά-

204 3146 366 3217 λαμός
398 3150 525 3202 ἐστι
556 3149 964 3221 γραμματέως,
986 3142 1107 3219 ἦτοι
1142 3152 1427 3221 γραφέως,
1456 3149 1659 3221 δηλαδὴ
1687 3149 1782 3203 τοῦ

1882 3065 2095 3114 tantum
2147 3070 2421 3129 movetur,
2454 3078 2564 3134 quo
2610 3080 2805 3123 manus
2863 3070 3017 3126 illum
3052 3074 3352 3145 impulerit,
3382 3084 3453 3137 ita

1882 3163 1938 3208 et
1961 3154 2146 3224 lingua
2179 3172 2297 3212 mea
2332 3174 2551 3213 summo
2579 3162 2654 3216 illi
2688 3165 2905 3231 scribae,
2969 3182 3159 3228 sancto
3190 3175 3451 3231 nimirum

207 3239 353 3306 ἁγίου
395 3240 742 3310 Πνεύματος,
798 3244 1095 3313 κινουμένη
1132 3242 1314 3306 καθὼς
1343 3243 1413 3296 ἂν
1442 3243 1650 3305 ἐκεῖνος
1689 3260 1775 3295 κι-

1885 3244 2137 3315 Spiritui,
2198 3248 2394 3302 calami
2427 3251 2711 3321 cujusdam
2758 3256 2930 3311 vicem
2990 3273 3230 3329 praestat,
3280 3274 3336 3320 et
3387 3283 3452 3322 eo

208 3332 338 3403 νήση
365 3331 603 3402 ταύτην.
651 3333 1000 3404 Ὀξυγράφου
1047 3334 1106 3387 δὲ
1148 3331 1324 3398 εἶπεν,
1372 3334 1459 3388 διὰ
1483 3334 1584 3405 τὴν
1617 3334 1773 3403 εὐχέ-

209 3437 353 3490 ρειαν
399 3424 507 3494 τῆς
556 3425 917 3492 ἐπαγγελίας.
956 3425 1270 3496 ’Ἄνθρωποι
1316 3425 1414 3495 μὲν
1463 3425 1594 3495 γὰρ,
1649 3442 1773 3495 σχο-

208 3514 486 3586 λαιότερον
512 3518 920 3588 ὑπαγορεύουσι
948 3521 1041 3572 καὶ
1066 3521 1393 3590 γράφουσιν,
1430 3518 1774 3588 ἅπασχολού-

211 3624 353 3675 μενοι
389 3608 537 3679 πρὸς
565 3610 787 3680 εὕρεσιν
813 3628 906 3680 νοη
918 3611 1237 3681 μάτων,καὶ
1259 3611 1534 3683 συνθήκην
1552 3611 1771 3679 λέξεων,

207 3697 288 3751 διὰ
314 3700 419 3768 τὴν
454 3700 553 3769 τῆς
587 3700 833 3765 διανοίας
863 3703 1169 3758 ἀσθένειαν.
1208 3706 1385 3777 Μέχρι
1408 3703 1600 3759 τούτου
1636 3721 1775 3775 συμ-

204 3789 449 3857 περάνας
480 3789 541 3842 τὸ
582 3792 892 3862 προοίμιον,
925 3792 1156 3864 ἄρχεται
1182 3793 1274 3847 τοῦ
1309 3794 1488 3863 λόγου,
1513 3795 1649 3866 πρὸς
1681 3796 1773 3850 τόν

204 3881 439 3949 Χριστὸν
469 3883 571 3954 ἥδη
616 3885 1063 3955 ἀποτεινόμενος,
1118 3887 1381 3956 περὶτῶν
1428 3889 1641 3958 ἀρετῶν
1676 3888 1769 3941 τοῦ

202 3974 402 4045 προσλή
413 3992 650 4047 μματος.

272 4158 513 4226 Ὠραῖος
553 4157 768 4214 κάλλει
804 4163 964 4229 παρὰ
996 4161 1133 4228 τοὺς
1185 4163 1353 4229 υἱοὺς
1400 4164 1510 4218 τῶν
1548 4166 1769 4235 ἀνθρώο

200 4262 339 4305 πων.
374 4250 577 4303 Λείπει
608 4250 668 4304 τὸ
700 4250 994 4321 ὑπάρχεις
1014 4269 1028 4283 ’
1061 4253 1377 4325 ὡραιότητα
1410 4255 1467 4307 δὲ
1512 4256 1763 4323 κάλλους,

200 4340 256 4392 οὐ
286 4341 621 4413 σωματικὴν
649 4343 799 4410 λέγει
820 4382 835 4408 ,
867 4344 1004 4398 ἀλλὰ
1031 4344 1292 4415 ψυχικήν.
1326 4349 1623 4419 Διετήρησε
1658 4350 1764 4420 γὰρ

198 4432 361 4504 αὐτὴν
396 4432 623 4497 ἄσυλον,
662 4434 823 4505 μόνος
870 4436 1022 4507 παρὰ
1057 4437 1265 4501 πάντας
1298 4438 1484 4508 μείνας
1518 4441 1767 4512 ἀναμάρ-

1878 3342 2088 3389 tantum
2153 3348 2422 3405 movetur,
2485 3354 2595 3409 quo
2656 3341 2895 3412 Spiritus
2954 3348 3099 3402 illam
3153 3350 3444 3410 direxerit.

1878 3426 2129 3482 Scribam
2199 3440 2379 3483 autem
2448 3432 2714 3488 velociter
2776 3436 3107 3493 scribentem
3175 3443 3348 3508 dixit,
3391 3456 3449 3499 ut

1875 3518 2272 3575 enuntiationis
2296 3520 2614 3578 facilitatem
2644 3526 2978 3583 ostenderet.
3011 3530 3271 3590 Homines
3301 3538 3446 3591 enim

1876 3608 1946 3662 ob
1979 3610 2213 3679 propriae
2253 3614 2454 3667 mentis
2505 3616 2853 3683 tenuitatem,
2904 3620 2992 3676 vis
3025 3624 3230 3692 pariter
3269 3640 3447 3681 enun-

1877 3700 2015 3757 tiare
2069 3713 2303 3772 possunt
2344 3712 2401 3760 et
2439 3706 2705 3777 scribere,
2759 3709 2888 3765 dum
2932 3714 2999 3769 ad
3051 3730 3316 3772 sensuum
3362 3720 3447 3775 in-

1876 3794 2218 3859 ventionem,
2260 3804 2314 3850 et
2361 3796 2665 3853 dictionum
2726 3805 3127 3861 eonnexionem
3183 3811 3446 3865 attentius

1875 3893 2238 3953 occupantur.
2265 3886 2546 3944 Hactenus
2581 3889 2804 3948 luerunt
2831 3896 3045 3951 exordii
3079 3900 3266 3953 verba.
3292 3902 3447 3956 Nunc

1874 3983 2055 4029 autem
2086 3992 2395 4033 sermonem
2445 3983 2783 4051 aggreditur,
2846 3993 2899 4040 et
2929 3989 3096 4043 verba
3146 3993 3337 4064 dirigit
3375 3996 3445 4050 ad

1872 4066 2153 4122 Christum
2187 4069 2256 4123 dc
2282 4074 2549 4140 assumpti
2587 4073 2832 4131 hominis
2859 4079 3156 4138 virtutibus
3180 4084 3443 4154 loquens.
3478 4089 3519 4107 '

1946 4157 2112 4215 Vens.
2144 4162 2198 4216 5.
2245 4160 2525 4226 Speciosus
2579 4166 2756 4235 forma
2814 4186 2925 4239 pra:
2968 4171 3094 4238 ﬁliis
3147 4175 3442 4230 hominum.

1873 4251 2316 4323 Subintelligitur
2346 4256 2610 4324 verbum,
2661 4275 2739 4314 es.
2790 4261 3038 4329 Speciem
3093 4280 3222 4319 vero
3277 4267 3438 4333 hanc,

1870 4343 1974 4399 hoc
2016 4354 2100 4399 est
2150 4344 2576 4413 formositatem,
2615 4365 2725 4405 non
2772 4355 3043 4421 corporis,
3095 4355 3191 4410 sed
3241 4358 3441 4414 animae

1870 4434 2334 4505 pulchritudinem
2372 4438 2615 4509 intelllge
2642 4454 2655 4491 :
2686 4455 2850 4509 quam
2910 4445 3178 4514 integram
3221 4463 3442 4518 semper

196 4537 371 4591 τητος.
414 4523 646 4588 Ἡσαΐας
674 4526 732 4579 δὲ
766 4526 964 4595 λέγων,
993 4528 1077 4580 ὅτι
1119 4530 1234 4584 Καὶ
1285 4530 1526 4599 εἴδομεν
1552 4532 1760 4596 αὑτὸν,

1885 4527 2127 4584 3hristus
2162 4530 2425 4593 servavit,
2482 4533 2635 4588 solus
2693 4536 2856 4602 supra
2890 4549 3083 4592 omnes
3111 4553 3438 4607 permanens

198 4614 290 4667 καὶ
318 4617 437 4670 οὐκ
467 4612 632 4684 εἶχεν
655 4615 839 4683 εἶδος,
866 4619 1010 4674 οὐδὲ
1036 4619 1286 4685 κάλλος,
1319 4620 1479 4676 ἀλλὰ
1507 4622 1572 4675 τὸ
1602 4618 1764 4689 εἶδος

1885 4621 1990 4676 ιίιιο
2042 4632 2293 4689 peccato.
2345 4622 2512 4679 Isaias
2567 4624 2714 4680 enim
2749 4625 2988 4681 dicens:
3029 4627 3267 4684 Vidimus
3318 4648 3437 4686 eum

197 4707 375 4761 αὐτοῦ
426 4707 659 4776 ἄτιμον,
719 4710 819 4762 καὶ
862 4711 1169 4774 ἐκλεῖπον,
1200 4714 1361 4781 παρὰ
1405 4714 1546 4780 τοὺς
1593 4714 1765 4779 υἱοὺς

197 4795 307 4850 τῶν
326 4800 660 4867 ἀνθρώπων
681 4842 696 4866 ,
737 4804 868 4873 περὶ
887 4803 979 4856 τοῦ
1012 4804 1261 4875 σώματος
1280 4806 1451 4875 λέγει,
1484 4805 1595 4861 οἷον
1622 4806 1689 4880 ἦν
1706 4810 1765 4861 ὲν

194 4891 267 4960 τῷ
296 4891 393 4945 τοῦ
426 4893 630 4958 πάθους
657 4894 834 4965 καιρῷ
862 4896 1426 4968 ,προπηλακιζόμενον
1449 4898 1545 4950 καὶ
1570 4915 1763 4967 μαστι-

196 4978 443 5051 ζόμενον,
480 4985 574 5037 καὶ
603 4986 773 5057 μυρία
805 4987 1038 5058 πάσχον.

268 5252 561 5323 Ἑξεχύθη
596 5255 636 5324 ἡ
671 5256 842 5324 χάρις
869 5256 942 5311 ἐν
972 5257 1209 5325 χείλεσι
1239 5274 1378 5314 σου.
1421 5260 1591 5330 Φησὶν
1614 5260 1643 5312 6
1669 5261 1760 5314 εὐ-

190 5348 520 5418 αγγελιστὴς
545 5388 561 5413 ,
595 5350 677 5403 ὅτι
707 5349 1020 5421 ἐθαύμαζον
1058 5351 1151 5405 ἐπὶ
1179 5352 1291 5414 τοῖς
1323 5351 1501 5419 λόγοις
1523 5353 1622 5424 τῆς
1655 5353 1756 5423 χά-

186 5452 355 5505 ριτος,
387 5442 501 5502 τοῖς
526 5440 992 5511 ἐκπορευομένοις
1038 5442 1128 5495 διὰ
1172 5443 1437 5512 στόματος
1469 5444 1709 5513 Χριστοῦ
1734 5460 1749 5476 ο

184 5527 432 5583 ιὀοῦνται
485 5530 540 5583 δὲ
579 5532 729 5601 χείλη
761 5532 1027 5603 Χριστοῦ,
1088 5533 1185 5587 καὶ⁸
1230 5535 1279 5587 oi
1315 5535 1629 5601 ἀπόστολοι,
1668 5538 1750 5600 είς

181 5615 270 5678 οὓς
296 5618 531 5691 ἐξεχύθη
555 5622 793 5692 δαψιλῶς
816 5624 850 5694 ἡ
889 5623 1046 5693 χάρις
1076 5623 1170 5677 τοῦ
1199 5624 1357 5693 ἁγίου
1390 5626 1706 5698 Πνεύματος
1731 5643 1745 5657 ο

247 5798 293 5831 ³⁸
320 5798 509 5856 Matth.
537 5818 621 5870 ut,
647 5804 734 5859 ΓΙ.
814 5806 857 5838 ⁸ο
885 5808 987 5863 lsa.
1013 5810 1208 5878 Lm,2,
1232 5812 1287 5868 5.
1365 5812 1406 5843 "
1438 5808 1572 5865 Luc.
1599 5824 1673 5876 tv,
1711 5810 1803 5866 22.

500 5899 775 5964 ΡΑτιιοι..
823 5901 943 5965 Gn.
996 5904 1313 5968 CXXVIII.

1863 4728 1964 4767 non
1999 4714 2275 4767 habentem
2324 4716 2569 4783 speciem,
2622 4732 2784 4786 neque
2816 4718 3083 4784 decorem,
3113 4721 3203 4774 sed
3241 4725 3436 4790 species

1861 4804 1976 4873 ejus
2000 4805 2137 4867 vilis,
2159 4816 2208 4858 et
2237 4804 2480 4875 deﬁciens
2510 4824 2669 4875 super
2707 4824 2885 4864 omnes
2910 4811 3049 4880 ﬁlios
3076 4814 3343 4869 hominum
3366 4817 3432 4878 δ’,

1861 4896 1929 4951 de
1956 4911 2190 4967 corpore
2218 4899 2340 4967 ejus
2371 4900 2654 4969 loquitur;
2684 4901 2865 4971 qualis
2899 4905 3157 4960 nimirum
3212 4906 3435 4963 futurus

1860 4997 2006 5043 esset
2064 4988 2320 5044 Christus
2353 4989 2635 5046 Passionis
2688 4999 2958 5063 tempore,
3023 4995 3170 5065 quod
3213 4998 3430 5065 probris

1861 5082 2073 5137 scilicet
2113 5096 2178 5137 ac
2214 5082 2391 5153 plagis
2426 5084 2750 5140 alliciendus
2788 5094 2843 5140 et
2877 5087 3203 5158 ignominias
3229 5091 3431 5143 multas

1857 5188 2018 5244 passu
2028 5178 2142 5230 rus.
3400 5188 3417 5201 ⁵

1926 5266 2134 5335 Diﬁ'usa
2156 5276 2229 5321 est
2251 5269 2431 5336 gratia
2456 5268 2511 5321 in
2549 5266 2708 5321 labiis
2743 5268 2871 5322 tuis.
2902 5269 3245 5339 Erangelista
3279 5273 3424 5325 enim

1854 5356 1930 5409 ait
1964 5356 2112 5426 quod
2148 5357 2497 5412 mirabantur
2522 5360 2696 5413 turba:
2726 5358 2770 5391 δι
2812 5375 2979 5429 super
3011 5361 3189 5415 verbis
3238 5363 3430 5432 gratim

1854 5462 1976 5518 qua:
1996 5448 2221 5503 exibant
2250 5450 2318 5504 de
2346 5465 2442 5505 ore
2460 5450 2606 5519 ejus.
2627 5450 2927 5505 Possumus
2957 5452 3125 5506 etiam
3157 5468 3253 5521 per
3280 5453 3423 5508 labia

1858 5537 1980 5605 ejus
2028 5546 2249 5592 sanctos
2283 5539 2562 5607 apostolos
2623 5540 2972 5609 intelligere:
3008 5542 3061 5595 in
3103 5558 3244 5611 quos
3285 5545 3424 5598 adeo

1858 5631 2075 5687 abunde
2095 5633 2269 5686 sancti
2302 5620 2543 5701 Spiritus
2568 5635 2738 5703 gratia
2769 5633 2941 5690 elTusa
2966 5644 3070 5700 est,
3097 5645 3155 5689 ut
3186 5652 3283 5706 per
3301 5652 3423 5693 eam

2905 5909 2972 5973 16
