3806 6558
107 427 208 495 193

1243 426 1635 493 COMMENT.
1668 423 1752 486 1N
1788 385 2153 485 PSALMos.

3254 417 3362 487 (94

166 547 278 601 Kal
320 533 608 615 ὁδηγήσει
656 561 729 601 σε
793 533 1151 617 θαυμαστῶς
1211 546 1251 616 ἤ
1326 543 1497 609 δεξιά
1535 557 1676 596 σου.

1877 537 1950 592 Et
1989 539 2208 593 deducet
2261 548 2309 593 te
2348 537 2666 592 mirabiliter
2705 537 2920 593 dextera
2955 547 3066 593 tua.
3113 538 3366 604 Dextera,

112 635 318 710 ’Λγάγῃ
354 657 414 692 σε
437 641 528 691 ἐπὶ
546 639 614 692 es
637 638 868 692 τοιαῦτα
900 638 1306 710 κατορθώματα
1341 639 1374 710 ἡ
1432 635 1678 706 δεξιότης

101 743 223 790 σου,
251 732 555 794 τουτέστιν,
609 731 642 800 ἠ
688 731 871 801 ἀγαθή
934 746 1027 784 σου
1089 731 1296 799 φύσις·
1359 730 1523 793 αὐτὸς
1571 729 1682 798 γὰρ

94 817 248 890 αὐτῷ
277 822 558 891 ἀρκέσεις,
583 820 813 893 μηδενὸς
838 821 1026 892 ἑτέρου
1053 822 1328 893 δεόμενος.
1356 820 1680 891 Θαυμαστὸν

93 908 147 962 δὲ
180 911 244 965 τὸ
281 913 374 982 ὑφ’
397 912 595 966 ὲαῑτοῦ
616 912 933 966 ὀδτινείσθαί
960 930 1107 969 τινα.

169 1179 248 1233 Τὰ
270 1178 432 1249 ,βέλη
460 1195 580 1235 σου
628 1182 996 1250 ἠκονημένα,
1045 1181 1290 1248 durare,
1339 1182 1481 1239 λαοὶ
1535 1185 1682 1238 ὑπο-

103 1269 255 1324 κάτω
281 1289 400 1327 σου
435 1273 769 1328 πεσοῦνται
793 1273 865 1328 ἐν
888 1275 1104 1345 καρδίᾳ
1129 1273 1250 1330 τῶν
1298 1274 1530 1345 ἐχθρῶν
1577 1274 1683 1329 τοῦ

103 1358 421 1427 βασιλέως.
481 1362 690 1425 Πάντες
745 1363 796 1415 ot
853 1363 1144 1435 ἐξηγηταὶ,
1199 1365 1321 1420 καθ’
1374 1363 1684 1436 ὑπερϐατὸν

117 1451 460 1506 συντάσσουσι
489 1452 550 1504 τὺ
573 1453 759 1523 ῥητὴ,
789 1451 904 1508 οἷον
939 1471 955 1485 ⁶
1031 1454 1112 1508 Τὰ
1132 1453 1294 1523 ,βέλη
1319 1471 1438 1510 σου
1463 1455 1686 1524 ἠκονη-

113 1543 271 1611 μένα,
297 1543 538 1606 δυνατὰ
591 1547 664 1600 ἐν
692 1547 902 1616 καρδίᾳ
941 1546 1062 1601 τῶν
1099 1546 1332 1616 ἐχθρῶν
1362 1547 1468 1601 τοῦ
1497 1547 1689 1612 ,ϐασι-

121 1634 276 1701 Δέως.
308 1666 380 1677 -—
418 1639 566 1692 Auct
619 1641 898 1694 ὑποκάτω
933 1655 1054 1696 σου
1125 1640 1479 1706 πεσοῦνται,
1543 1639 1688 1694 κατά

126 1727 446 1796 παρὲνοσσιν.
482 1729 622 1798 Βέλη
663 1729 722 1782 δὲ
751 1731 848 1784 τοῦ
871 1731 1132 1802 Χριστοῦ,
1188 1732 1243 1785 οἱ
1293 1729 1389 1784 τοῦ
1433 1731 1685 1800 Εὑαγγε·

124 1819 228 1872 λίου
247 1818 406 1886 λόγοι,
423 1820 515 1873 διά
540 1837 600 1873 τε
627 1823 689 1874 τὸ
717 1823 930 1892 ταχέως
980 1823 1303 1895 διαδραμεῖν
1364 1823 1464 1895 τὴν
1504 1826 1686 1878 οἰκου-

129 1913 296 1982 μένην,
312 1883 414 1967 καὶ
449 1911 542 1966 διὰ
569 1914 632 1968 τὸ
691 1883 966 1985 εὐστόχως
1011 1883 1229 1987 βάλλείν
1270 1917 1371 1981 τὰς
1421 1883 1686 1987 εὐαισθή-
1722 1883 1763 1939 Β

125 2023 237 2067 τους
266 2004 433 2075 ψυχάς
455 2020 472 2036 ·
500 2008 828 2078 ἠκονημένα
861 2009 940 2073 δὲ,
972 2010 1064 2064 διὰ
1121 2010 1184 2064 τὺ
1217 2009 1474 2082 λαμπρὸν
1502 2010 1686 2064 καὶτὸ

125 2096 693 2168 τμητικόν.Δάμπουο-ι
724 2099 835 2171 γὰρ
860 2103 926 2170 τῇ
957 2101 1211 2174 ἀληθείᾳ,
1272 2102 1370 2156 καὶ
1425 2101 1686 2172 τέμνουσι

127 2188 215 2260 τὴν
230 2189 512 2259 ἁμαρτίαν.
553 2191 796 2246 Δυνατδν
816 2191 874 2246 δὲ
898 2193 1048 2261 λέγει
1076 2193 1171 2247 τὸν
1195 2192 1456 2264 Χριστὸν,
1495 2193 1557 2247 οὗ
1591 2195 1687 2264 μό-

129 2296 209 2333 νον
227 2279 306 2333 διὰ
341 2279 438 2351 τὴν
473 2282 896 2354 παντοδύναμον
929 2282 1096 2338 αὐτοῦ
1124 2282 1380 2356 θεότητα,
1429 2282 1567 2338 ἀλλὰ
1593 2282 1688 2337 καὶ

129 2373 208 2426 διὰ
236 2372 290 2426 τὸ
317 2375 539 2444 νικῆσαι
569 2374 661 2428 τὸν
701 2375 972 2442 διάϐολον,
1015 2379 1082 2449 τῇ
1114 2376 1308 2448 ἀνδρίᾳ
1331 2377 1441 2432 τῶν
1461 2375 1564 2447 τῆς
1595 2375 1690 2430 ἀν-

131 2465 448 2536 θρωπότητος
471 2467 708 2539 ἀρετῶν.
745 2467 934 2522 Ταῦτα
962 2469 1020 2523 δὲ
1045 2469 1113 2523 τὰ
1156 2468 1310 2540 βέλη,
1342 2469 1400 2522 ὲν
1429 2471 1498 2541 τῇ
1550 2484 1687 2540 καρ-

131 2558 209 2628 δίᾳ
232 2560 502 2630 πεπήγασι
528 2561 639 2614 τῶν
671 2562 803 2630 πρὶν
838 2561 1054 2633 ἐχθρῶν
1085 2561 1183 2616 τοῦ
1224 2561 1491 2632 βασιλέως
1525 2559 1687 2624 Θεοῦ,

131 2650 198 2713 ὡς
225 2650 469 2707 δύνασθαι
489 2653 594 2725 τὴν
626 2653 842 2724 πληθὺν
885 2655 1069 2708 αὐτῶν
1104 2654 1310 2724 λέγειν,
1339 2652 1690 2723 Τετρωμένη

137 2743 311 2813 ἀγάπῃ
337 2746 450 2814 εἰμὶ
471 2745 610 2816 ἐγώ.
642 2746 972 2818 Τρώσαντες
1001 2747 1116 2819 (57)
1145 2747 1278 2819 γὰρ,
1319 2746 1419 2800 οὐκ
1453 2745 1686 2811 ἀνεῖλον,

134 2836 248 2890 ἀλλὰ
275 2837 469 2907 μᾶλλον
503 2839 736 2908 νεκροὺς
753 2839 916 2904 ὄντας
939 2842 1018 2904 είς
1050 2840 1256 2912 ἀρετὴν
1286 2838 1571 2904 ὲζώωσαν,
1595 2839 1692 2891 καὶ

131 2930 362 2984 εἵλκυσαν
394 2932 533 2999 πρὸς
564 2931 660 2986 τὸν
692 2931 838 2986 Θεῖον
886 2932 1089 3004 ἔρωτα.
1140 2931 1286 2987 Aaol
1319 2931 1375 2985 δὲ
1409 2928 1692 2987 ὑποκάτω

129 3037 232 3075 σου
267 3023 616 3087 πεσοῦνται,
680 3024 990 3088 τουτέστιν,
1038 3022 1442 3078 ὑποπεσοῦνταί
1487 3039 1572 3076 σοι
1624 3022 1694 3077 δι’

133 3113 387 3183 ὑποταγῆς
413 3114 624 3181 πολλοὶ,
655 3116 772 3168 ὅσοι
811 3115 1017 3186 δηλαδὴ
1047 3115 1391 3188 ἐτρώθησαν·
1407 3110 1522 3170 εἷεν
1553 3114 1602 3168 δ’
1626 3115 1694 3168 ἄν

1785 631 1985 700 inquit,
2020 639 2136 694 tua,
2163 630 2268 684 hoc
2303 639 2409 694 est,
2449 631 2593 685 bona
2617 646 2680 687 ac
2721 640 2871 688 recta
2911 642 3001 687 tua
3049 641 3243 688 natura
3276 632 3370 689 de-

1785 723 1947 777 ducet
1971 730 2024 778 te
2045 723 2110 777 ad
2148 723 2410 793 praaclara
2444 741 2458 776 :
2493 723 2612 780 haec
2655 724 2912 780 nimirum
2936 725 3153 780 virtutis
3180 739 3369 796 opera.

1785 813 1864 868 Tu
1907 814 2052 869 enim
2104 813 2224 884 ipse
2275 815 2371 870 tibi
2417 815 2553 872 satis
2598 831 2679 882 es,
2722 824 2771 872 et
2809 817 2962 872 nullo
3015 817 3122 872 alio
3158 817 3372 887 indiges

1786 906 2012 960 auxilio.
2058 905 2436 962 Admiratione
2491 914 2674 963 autem
2719 922 2932 964 summa
2984 908 3209 980 dignum
3259 917 3368 972 est,

1785 997 1929 1066 quod
1965 1013 1995 1050 a
2035 1012 2096 1054 se
2145 999 2268 1068 ipso
2294 999 2419 1069 quis
2454 997 2522 1053 ad
2557 1007 2765 1055 rectam
2807 1000 3074 1055 virtutum
3116 1000 3369 1056 semitam

1785 1088 2109 1143 deducatur.

1860 1181 2028 1236 Vens.
2064 1181 2116 1236 6.
2146 1181 2374 1252 Sagitta!
2411 1191 2518 1237 tuo:
2546 1191 2738 1252 acuta,
2763 1200 2792 1238 ο
2824 1193 3028 1253 potens,
3070 1186 3253 1256 populi
3276 1187 3373 1240 sub

1791 1283 1840 1327 te
1879 1274 2074 1327 cadent
2123 1274 2176 1326 in
2219 1273 2376 1328 corde
2433 1275 2771 1330 inimicorum
2809 1277 2967 1346 regis.
3020 1275 3374 1347 Expositorcs

1789 1380 2003 1432 omnes,
2045 1379 2144 1435 per
2175 1369 2514 1437 hyperbaton
2553 1379 2884 1425 construunt
2927 1372 3218 1440 praesentis
3251 1387 3375 1428 ver-

1790 1457 1950 1514 siculi
2004 1444 2194 1518 verba,
2244 1457 2348 1512 hoc
2394 1467 2600 1528 pacto:
2640 1457 2865 1530 Sagitta:
2928 1469 3034 1516 tua:
3087 1473 3282 1534 acute,
3343 1477 3376 1518 ο

1788 1564 1994 1621 potens,
2037 1551 2090 1606 in
2151 1553 2307 1607 corde
2344 1553 2687 1608 inimicorum
2720 1557 2856 1626 regis
2902 1556 3088 1626 infixo:
3124 1569 3269 1613 sunt.
3313 1559 3378 1614 Et

1789 1644 1936 1715 quod
1967 1645 2088 1698 ait:
2143 1642 2342 1714 Populi
2390 1646 2487 1700 sub
2514 1656 2562 1700 te
2599 1645 2809 1714 cadent,
2862 1663 2960 1718 per
3005 1651 3375 1718 parenthesin:

1784 1735 1952 1806 jacet.
1987 1736 2213 1808 Sagitta:
2248 1747 2432 1793 autem
2459 1737 2688 1805 Christi,
2741 1740 3042 1810 evangelici
3099 1748 3230 1798 sunt
3258 1757 3378 1799 sero

1792 1844 2003 1894 mones,
2020 1829 2112 1899 qui
2134 1845 2402 1900 perquam
2423 1825 2679 1887 celeriter
2693 1831 3012 1889 universum
3041 1833 3228 1889 orbem
3254 1850 3381 1905 per-

1789 1931 2045 1986 currunt,
2080 1931 2132 1975 et
2157 1919 2268 1976 ietu
2301 1921 2619 1977 certissimo
2660 1922 2802 1980 bene
2835 1924 3140 1981 sentientes
3168 1927 3383 1983 animas

1792 2007 1995 2063 feriunt
2029 2026 2042 2064 :
2069 2011 2163 2081 qui
2186 2027 2472 2069 sermones
2501 2013 2646 2069 acuti
2678 2013 2852 2072 elIecti
2877 2017 3298 2087 essedicuntur,
3326 2027 3384 2076 et

1791 2111 2013 2172 prapter
2031 2118 2310 2158 summum
2341 2120 2534 2161 eorum
2557 2107 2926 2178 splendorem,
2957 2119 3010 2165 et
3038 2120 3264 2183 propter
3295 2111 3383 2167 in-

1790 2194 2010 2250 cidendi
2028 2198 2158 2251 vim.
2187 2195 2350 2251 Nitidi
2369 2198 2516 2253 enim
2545 2206 2675 2253 sunt
2699 2206 2754 2256 et
2787 2199 2904 2269 ipsa
2937 2203 3167 2259 veritate
3195 2203 3385 2274 splen-

1797 2287 2058 2355 descunt,
2095 2303 2162 2343 ac
2204 2289 2410 2358 pariter
2440 2289 2692 2345 incidunt
2737 2301 2982 2362 peccata.
3033 2291 3170 2350 lllud
3199 2304 3382 2351 autem

1794 2379 2487 2452 animadvertendumcst,
2521 2381 2665 2452 quod
2697 2377 2890 2448 dictio,
2918 2382 3122 2450 Acutae,
3155 2385 3384 2455 partici-

1793 2469 1943 2540 pium
1978 2472 2257 2539 passivum
2291 2481 2376 2527 est
2412 2485 2441 2524 a
2472 2471 2641 2527 verbo
2680 2471 2827 2527 Acuo
2869 2474 3054 2540 :quod
3085 2490 3153 2530 ex
3193 2474 3384 2532 Grazca

1794 2560 2036 2615 lectione
2058 2560 2264 2615 clarius
2298 2568 2467 2632 patet.
2493 2561 2774 2617 Potentem
2800 2577 2932 2618 vero
2965 2563 3248 2620 Christum
3286 2581 3384 2634 ap-

1796 2651 1981 2722 pellat,
2031 2667 2140 2706 non
2195 2651 2372 2708 solum
2414 2651 2486 2706 ob
2531 2652 2966 2722 omnipotentem
3006 2653 3382 2717 divinitatem,

1795 2743 1890 2798 sed
1921 2745 2086 2798 etiam
2116 2745 2246 2814 quia
2291 2742 2615 2798 fortitudine
2650 2757 2714 2797 ac
2765 2745 2982 2808 robore,
3031 2755 3086 2800 et
3129 2745 3387 2800 humanis

1796 2836 2096 2894 virtutibus
2127 2836 2428 2891 daemonem
2481 2838 2783 2906 superavit.
2825 2835 2919 2891 Ha:
2953 2837 3120 2908 igitur
3171 2839 3389 2910 sagitta

1797 2931 1850 2984 in
1891 2912 2083 2985 eorum
2127 2927 2296 2985 corde
2321 2928 2502 2983 inﬁxae
2533 2936 2684 2996 sunt,
2719 2928 2810 2998 qui
2851 2937 3010 2985 antea
3070 2929 3164 2986 Dei
3221 2929 3388 3002 Regts

1799 3022 2008 3078 inimici
2041 3031 2216 3088 erant,
2253 3022 2326 3075 ita
2380 3028 2440 3075 ut
2484 3035 2673 3076 eorum
2718 3021 3008 3076 multitudo
3035 3038 3182 3077 nunc
3205 3023 3392 3078 dicere

1798 3116 1973 3186 possit
1991 3113 2159 3188 [quod
2187 3115 2242 3168 in
2265 3113 2512 3170 Canticis
2532 3113 2836 3169 caticorum
2853 3113 3110 3187 legimus]
3137 3132 3151 3168 :
3195 3112 3394 3170 Vulne-

133 3205 240 3276 βέλη
274 3207 506 3277 Χριστοῦ
560 3208 655 3262 καὶ
691 3209 740 3262 oi
783 3208 1094 3274 ἀπόστολοι,
1138 3207 1456 3279 ἠκονημένα
1505 3207 1596 3262 διὰ
1629 3207 1690 3260 τὸ

1856 3216 1923 3260 ιια
1965 3223 2060 3277 ego
2096 3222 2214 3259 sum
2245 3223 2275 3260 a
2316 3205 2601 3270 clmritale,
2645 3205 2750 3260 hoc
2793 3215 2876 3260 est
2909 3204 2930 3278 [
2959 3219 2988 3260 a
3035 3207 3250 3278 sagittis
3298 3216 3394 3263 aut

129 3297 359 3370 λαμπρὸν
386 3299 483 3354 τοῦ
523 3299 664 3370 βίον,
688 3303 783 3355 καὶ
812 3301 878 3355 τδ
902 3299 1336 3373 παρεισδύεσθαι
1380 3303 1501 3366 ταῖς
1549 3317 1693 3373 καρ-

123 3389 248 3455 δίαις
307 3393 416 3446 τῶν
473 3392 963 3464 μαθητευομένων,
1008 3393 1098 3448 διὰ
1153 3393 1254 3465 τῆς
1310 3393 1692 3458 διδασκαλίας.

1796 3316 1822 3354 a
1851 3301 2053 3370 iaculis
2079 3296 2433 3368 charitatis];
2463 3297 2778 3366 hujusmodi
2819 3309 2999 3353 autem
3042 3300 3256 3368 sagitta
3277 3299 3389 3354 ictu

1800 3402 1903 3444 suo
1959 3384 2248 3441 vulnerant
2275 3385 2516 3456 quidem,
2555 3386 2648 3440 sed
2687 3401 2794 3440 non
2831 3385 3180 3453 interimunt,
3205 3387 3394 3457 quini-

122 3481 284 3554 Μέχρι
307 3483 499 3538 τούτου
531 3488 646 3549 τοῖς
673 3485 776 3555 τῆς
839 3485 1263 3559 ἀνθρωπότητος
1304 3486 1400 3540 τοῦ
1456 3483 1690 3556 Χριστοῦ

1862 3491 1894 3531 o
1924 3491 2020 3531 eos
2051 3475 2233 3545 potius
2255 3473 2348 3543 qui
2378 3473 2509 3528 olim
2549 3473 2851 3531 virtutibus
2886 3476 3091 3530 mortui
3120 3483 3278 3531 erant
3313 3477 3393 3530 vi-

119 3575 286 3642 λόγοις
310 3578 689 3649 ἐνδιατρίψας,
737 3580 948 3634 ἄνεισιν
989 3579 1090 3651 ἤδη
1139 3577 1234 3632 καὶ
1280 3577 1373 3630 ἐπὶ
1423 3577 1549 3640 τοὺς
1601 3575 1690 3646 τῆς

1856 3570 2055 3632 ilicant,
2089 3575 2142 3621 et
2167 3565 2234 3620 ad
2263 3566 2510 3621 divinum
2541 3579 2783 3621 amorem
2812 3567 3158 3636 pertrahunt.
3195 3568 3394 3640 Sequi-

121 3666 362 3740 ϐεότητος
383 3671 569 3724 αὐτοῦ.

1856 3679 1907 3718 ιι·
1939 3679 1952 3716 :
1988 3660 2183 3730 Populi
2215 3659 2311 3714 sub
2354 3668 2402 3713 te
2434 3658 2646 3720 cadent.
2675 3657 2780 3712 hoc
2808 3664 2913 3723 est,
2957 3659 3054 3714 tibi
3095 3659 3398 3730 subjicien.

120 3768 221 3814 tur.
295 3759 573 3833 Quotquot
655 3765 918 3821 nimirum
1001 3764 1070 3819 ab
1127 3762 1442 3834 hujusmodi
1505 3759 1728 3832 sagittis
1809 3755 2014 3811 ruerint
2099 3752 2396 3808 vulnerati.
2477 3753 2582 3807 Per
2644 3751 2874 3822 sagittas
2947 3753 3114 3808 etiam
3194 3755 3396 3812 Christi

120 3857 382 3924 apostolos
417 3873 716 3930 possumus
739 3862 1070 3931 intelligere,
1129 3861 1222 3930 qui
1258 3859 1428 3925 acuti,
1504 3857 1609 3914 hoc
1647 3863 1755 3921 est,
1833 3851 2070 3916 nitidati,
2131 3866 2194 3905 ac
2259 3849 2428 3905 lucidi
2487 3863 2610 3906 esse
2674 3851 2953 3915 dicuntur,
3007 3861 3232 3922 propter
3276 3855 3400 3908 vitas

123 3949 456 4018 splendorem
491 3973 509 4022 ;
551 3966 605 4011 et
637 3957 764 4027 quia
817 3956 1038 4027 propria
1099 3957 1352 4013 doctrina
1406 3954 1459 4010 in
1535 3950 1933 4022 discipulorum
1989 3947 2159 4004 corda
2228 3953 2606 4018 penetrarunt.
2697 3943 2972 4002 "actenus
3029 3945 3100 4004 de
3193 3949 3398 4008 Christi

126 4048 456 4107 humanitate
485 4067 672 4108 sermo
706 4052 828 4120 fuit,
850 4054 1113 4126 deinceps
1144 4053 1212 4108 de
1240 4053 1388 4108 illius
1410 4050 1703 4109 divinitate
1744 4052 2067 4118 pertractat.

199 4142 264 4196 Ὀ
302 4146 516 4212 θρόνος
569 4161 708 4212 σου,
763 4151 797 4202 ό
849 4149 1014 4214 Θεὸς,
1059 4149 1148 4212 εις
1194 4147 1303 4202 τὸν
1336 4145 1544 4200 αἰῶνα
1601 4144 1690 4198 τοί

1884 4137 2050 4192 Vens.
2089 4137 2140 4191 7.
2173 4136 2413 4190 Tltrontts
2449 4144 2568 4189 tuus
2598 4139 2650 4188 in
2684 4137 2938 4191 sa'culum
2971 4138 3175 4192 stcculi.
3225 4137 3402 4193 Thro-

131 4231 360 4301 αιῶιοος.
389 4237 452 4290 Ὀ
477 4237 690 4308 θρόνος,
719 4239 1000 4309 βασιλείας
1026 4237 1103 4292 ὢν
1123 4237 1418 4309 σύμϐολον,
1453 4236 1553 4309 τὴν
1609 4234 1690 4306 βαι

1856 4248 1914 4288 us
1946 4238 2029 4287 est
2081 4231 2243 4301 regite
2272 4231 2555 4301 dignitatis
2589 4223 2882 4294 indicium,
2921 4229 3067 4283 unde
3115 4245 3211 4300 per
3257 4230 3403 4284 thro-

134 4324 332 4382 σιλείαν
357 4329 684 4384 αίνίττεται.
718 4333 886 4399 Λέγει
932 4331 1012 4396 δὲ,
1061 4333 1146 4385 ὅτι
1186 4330 1249 4384 Ἦ
1293 4330 1547 4401 βασιλεία
1595 4347 1690 4384 σου

1856 4342 1968 4388 um,
2021 4326 2220 4378 merito
2276 4338 2499 4392 regnum
2531 4321 2975 4393 signiticatur,ct
3021 4335 3217 4375 sensus
3265 4327 3348 4374 cst
3387 4335 3402 4375 :

135 4417 314 4484 ἁῖδιος.
352 4423 492 4492 Ὀρα
524 4404 604 4486 ει,
631 4423 780 4487 ὅπως
817 4423 952 4476 Θεὸν
1026 4423 1280 4495 φανερῶς
1326 4422 1419 4476 τὸν
1473 4422 1690 4476 Χοιστδε

1856 4431 2063 4489 egnum
2119 4426 2270 4470 tuum
2331 4421 2596 4469 aeternum
2655 4414 2782 4477 erit,
2835 4427 2899 4465 ex
2959 4412 3160 4481 quibus
3218 4411 3402 4465 verbis

149 4507 427 4585 ὠνόμασεν.
1817 4508 2171 4580 apertissime
2199 4514 2368 4577 patet,
2414 4506 2558 4574 quod
2596 4504 2878 4558 Christum
2926 4501 3199 4573 Pmphcta
3233 4501 3401 4556 Deum

1754 4628 1794 4681 υ
1820 4617 1944 4656 esse
1979 4599 2332 4655 intellexerit.

1898 4691 2057 4762 Virga
2108 4689 2442 4752 directionis,
2498 4687 2648 4758 virga
2683 4686 2829 4757 regni
2892 4686 2990 4740 tui.
3037 4684 3138 4739 Per
3173 4684 3406 4756 virgam,

156 4800 272 4845 σου.
317 4795 382 4847 Ἦ
415 4794 637 4864 ῥάϐδος,
658 4795 758 4863 τῆς
795 4793 1118 4860 δικαστικῆς
1145 4792 1396 4858 ἐξουσίας
1426 4790 1690 4863 σύμϐολον

1856 4785 2026 4839 udicis
2082 4782 2386 4838 auctoritas
2421 4795 2485 4835 ac
2520 4789 2766 4850 potestas
2808 4777 3148 4850 designatur.
3174 4776 3406 4838 iudicis.

165 4876 217 4934 Ἡ
251 4884 537 4957 δικαστική
598 4903 691 4940 σου
725 4886 840 4954 οὖν,
874 4888 1065 4958 φησὶν,
1115 4885 1360 4952 ἒξουσία,
1423 4884 1690 4955 εὐθύτητό

1856 4875 2028 4947 uquit,
2063 4881 2334 4945 potestate
2359 4881 2506 4927 recte
2538 4871 2730 4926 uteris.
2765 4869 2931 4925 Recte
2971 4869 3119 4926 enim
3169 4867 3407 4939 iudicas,

156 4968 307 5043 ἐστιν,
333 4979 508 5052 ὀρθῶς
538 4979 858 5045 δικάζουσα.
890 4980 961 5033 Ἢ
981 4977 1076 5034 καὶ
1114 4977 1291 5042 ἄλλως
1317 5018 1332 5042 ,
1383 4976 1583 5049 ῥάϐδον
1611 4975 1690 5029 νόε

1856 4980 1882 5023 rt
1906 4969 2055 5037 juste
2084 4965 2360 5038 procedis.
2396 4961 2536 5036 [νει
2575 4961 2754 5028 aliter,
2788 4977 2885 5033 per
2915 4962 3124 5033 virgam
3153 4960 3410 5017 directio-

1834 5061 1942 5126 nis,
1996 5057 2302 5130 castigandi
2340 5064 2666 5128 potestatem
2715 5054 3004 5124 intellige:
3060 5068 3181 5121 qua:
3216 5054 3412 5106 merito

1833 5155 1905 5208 ita
1934 5151 2260 5222 appellatur,
2297 5148 2426 5220 quia
2460 5147 2590 5203 dum
2629 5159 2829 5217 pravos
2851 5145 2996 5215 justo
3022 5146 3270 5212 castigat,
3300 5142 3412 5196 eis-

1835 5261 1944 5316 que
1973 5241 2306 5314 supplicium
2342 5238 2529 5304 infert,
2570 5239 2774 5293 multos
2803 5233 3121 5305 huiusmodi
3153 5233 3415 5303 exemplis

1840 5339 1905 5393 ad
1935 5345 2142 5392 rectam
2175 5336 2438 5388 virtutum
2469 5331 2718 5388 semitam
2747 5325 2994 5400 dirigit.]

232 5427 587 5498 Ἠγάπησας
647 5428 1066 5497 δικαιοσύνην,
1099 5428 1196 5482 καὶ
1247 5428 1548 5498 ἐμίσησας
1587 5428 1690 5482 dre

1909 5431 2073 5485 Vens.
2108 5430 2160 5486 8.
2198 5427 2444 5482 Dilexisti
2475 5424 2752 5495 justitiam
2781 5430 2834 5475 et
2863 5419 3025 5474 odis‘i
3064 5415 3417 5488 iniquitatem.

131 5516 314 5607 {Nam
362 5522 624 5593 Ἀνομίαν
651 5521 800 5588 λέγει
823 5520 920 5592 τὴν
969 5521 1205 5575 ἀδικίαν.
1259 5521 1526 5582 Ποικίλως
1565 5520 1621 5574 δὲ
1651 5538 1690 5572 et

1856 5524 1942 5578 :‘cr
1974 5523 2322 5592 iniquitatem
2348 5516 2672 5587 iniustitiam
2703 5512 2973 5584 intelligit:
3021 5508 3200 5566 Variis
3235 5517 3416 5564 autem

131 5597 185 5654 Χ
201 5613 373 5688 ριστῷ
396 5617 817 5686 προσμαρτυρεῖ
837 5613 937 5686 τὴν
957 5613 1332 5686 δικαιοσύνην,
1375 5613 1451 5677 ὡς
1482 5613 1690 5666 ἅπαντι

1856 5613 2022 5667 nodis
2055 5611 2324 5681 Propheta
2362 5606 2589 5663 Christo
2633 5600 2962 5673 injustitiam
2999 5597 3224 5656 ascribit
3251 5597 3416 5653 veluti

238 4698 462 4766 Ράϐδος
496 4701 828 4768 εὐθύτητος
865 4702 901 4769 ἡ
951 4699 1176 4768 ῥάϐδος
1221 4697 1332 4769 τῆς
1391 4699 1717 4764 ,βασιλείας

153 5076 234 5123 μοι
265 5069 362 5140 τὴν
388 5071 746 5142 παιδευτικὴν
777 5071 1030 5141 δύναμιν,
1060 5069 1200 5141 αὕτη
1251 5069 1368 5134 οὖν,
1428 5068 1726 5139 εὐθύτητὸς

149 5151 277 5226 ἐστι,
315 5162 541 5226 δικαίως
571 5161 931 5232 μαστίζουσα.

1518 5790 1717 5853 Variae
1744 5789 2075 5852 lectiones.

233 5895 340 5967 (57)
377 5895 588 5967 Δῃλαδῇ
620 5898 667 5950 οἱ
709 5893 876 5964 λόγοι.
