3866 6558
446 395 554 461 1³95

1675 392 2054 456 EUTIIYMII
2113 392 2481 456 ZIGABENI

3609 398 3702 468 496

435 510 495 566 ei
545 508 664 579 qui.
684 507 1004 564 universum
1047 505 1232 561 orbem
1275 503 1627 577 iudicaturus
1675 507 1770 562 sit.
1816 505 2001 561 Deindt

2127 509 2313 578 κρῖναι
2344 507 2620 578 μέλλοντι.
2678 504 2812 568 Εἶτα
2861 510 3026 568 πάλιν
3075 511 3213 585 πρὸς
3264 512 3327 568 τὸ
3372 511 3701 587 πρόσλημμα

444 615 643 658 rursus
674 598 742 654 ad
794 605 1136 667 assumptum
1186 597 1463 652 hominem
1510 611 1820 653 sermonem
1863 611 2023 653 suum

449 692 647 746 iterum
678 690 974 755 convertit,
1001 689 1194 744 dicens
1226 706 1243 744 :

517 783 808 852 Propterea
839 782 988 835 unxit
1011 789 1059 836 te
1098 780 1262 846 Deus,
1296 780 1436 836 Deus
1477 791 1598 835 tuus
1639 781 1752 836 oleo
1784 781 2023 836 exsulta-

442 877 605 932 tionis
635 889 748 944 pra:
783 873 1127 944 participibus
1159 875 1284 928 tuis.
1326 872 1656 943 Participcs,
1685 874 1720 928 ii
1761 874 2024 928 dicuntur

438 971 538 1040 qui
576 970 720 1024 inter
745 983 805 1022 se
835 967 891 1022 in
927 967 1110 1037 aliquo
1142 967 1570 1032 communicant,
1613 968 1719 1022 hoc
1748 974 1854 1032 est,
1897 966 2022 1035 qui-

438 1062 544 1116 bus
572 1058 776 1129 aliquid
805 1073 1097 1113 commune
1123 1066 1226 1113 est.
1261 1057 1483 1113 Christo
1511 1069 1693 1112 autem
1740 1057 1795 1112 in
1844 1057 2021 1112 norni-

434 1170 508 1210 ue
566 1168 724 1224 reges
780 1166 972 1205 omnes
1045 1149 1456 1205 communicant
1533 1168 1548 1206 :
1604 1150 1732 1221 quia
1822 1150 2018 1206 christi

429 1261 657 1312 omnes,
686 1243 738 1298 id
764 1251 874 1307 est,
899 1243 1054 1298 uncti
1082 1241 1449 1313 appellantur,
1468 1257 1532 1297 eo
1556 1243 1700 1311 quod
1723 1243 1844 1298 oleo
1868 1243 2017 1298 uncti

437 1340 572 1395 sint.
624 1335 983 1405 Ungebantur
1038 1335 1187 1390 enim
1235 1335 1364 1388 olim
1426 1349 1604 1405 reges,
1654 1351 1841 1390 verum
1895 1335 2018 1392 illos

429 1432 658 1504 quidem
693 1432 974 1502 prophetae
1019 1430 1109 1485 viii
1148 1429 1274 1499 hoc,
1319 1437 1484 1498 atque
1526 1428 1731 1482 usitato
1761 1428 1883 1482 oleo
1914 1445 2016 1482 uu-

433 1526 662 1595 gebant,
715 1524 766 1576 in
806 1521 961 1592 regni
1004 1520 1268 1590 signum:
1304 1528 1357 1574 te
1397 1534 1549 1586 vero,
1613 1520 1806 1590 inquit,
1859 1521 2018 1590 longe

425 1620 644 1683 aliter,
702 1625 868 1685 atque
925 1615 1000 1668 illi
1054 1614 1498 1683 iniungebantur,
1554 1613 1698 1669 Deus
1748 1615 1904 1668 unxit
1961 1615 2012 1669 in

426 1725 639 1780 regem.
688 1707 844 1763 Unde
886 1705 1015 1760 alibi
1051 1706 1119 1761 de
1155 1705 1378 1760 Christo
1417 1705 1686 1776 scriptum
1730 1706 1963 1778 legimus
1996 1723 2011 1760 :

2128 602 2368 656 ποιεῖται
2403 601 2497 656 τὸν
2528 602 2708 672 ἳόγον.

2196 777 2302 832 Διὰ
2331 777 2511 834 τοῦτο
2536 779 2744 850 ἔχρισέ
2764 797 2839 838 σε
2866 785 2901 837 d
2926 784 3072 850 Θεός
3106 799 3245 848 σου,
3276 786 3489 840 ἔλαιον
3531 786 3701 855 ἀγαι-

2123 869 2405 936 λιάσεως,
2433 873 2594 940 παρὰ
2629 873 2771 940 τοὺς
2788 877 3090 946 μετόχους
3125 893 3267 934 σου.
3302 877 3541 950 Μέτοχοί
3575 881 3700 934 εἰσιν

2122 961 2173 1013 oi
2204 963 2478 1017 κοινωνοί.
2521 965 2857 1020 Κοινωνοῦσι
2901 968 2959 1021 δὲ
2991 968 3070 1039 τῷ
3095 970 3304 1040 χριστῷ
3336 971 3430 1024 τοῦ
3463 973 3697 1026 τοιούτου

2122 1051 2392 1122 ὀνόματος
2426 1054 2636 1120 πάντες
2660 1057 2710 1109 oi
2737 1056 3007 1127 βασιλεῖς,
3063 1063 3277 1130 χριστοὶ
3304 1064 3402 1115 καὶ
3431 1058 3583 1117 οὗτοι
3611 1082 3700 1117 κα-

2121 1142 2400 1214 λούμενοι,
2430 1147 2585 1219 παρὰ
2610 1148 2672 1202 τὸ
2700 1149 2954 1220 χρίεσθαι
2973 1169 2986 1181 ·
3007 1152 3125 1204 ἀλλ’
3161 1154 3408 1217 ἐκείνους
3447 1153 3551 1224 μὲν
3576 1171 3699 1224 προσ

2121 1237 2291 1303 φῆται
2332 1237 2516 1309 ἔχριον
2576 1239 2638 1293 τὸ
2700 1241 2883 1294 ἔλαιον
2918 1244 3216 1298 σκευαστὸν
3283 1247 3366 1308 εἰς
3430 1245 3698 1315 βασιλείας

2123 1327 2394 1396 σύμϐολον
2418 1345 2430 1357 ·
2458 1327 2518 1381 σὲ
2546 1328 2602 1382 δὲ
2631 1331 2835 1401 τρόπον
2867 1330 3056 1402 ἕτερον
3106 1331 3239 1403 παρ’
3287 1332 3491 1394 αὐτοὺς
3519 1333 3550 1385 ό
3579 1333 3698 1395 Θεὸς

2120 1419 2362 1490 ἔχρισεν,
2388 1421 2463 1485 ὡς
2497 1421 2752 1492 βασιλέα.
2805 1423 2948 1495 Ἐγὼ
2975 1424 3065 1492 δὲ,
3113 1425 3271 1495 φησὶ,
3326 1423 3698 1494 κατεστάθῃν

2110 1512 2422 1580 ,βασιλεὺς
2443 1513 2776 1580 ὑπἀὐτοῦ,
2798 1516 2894 1570 καὶ
2932 1517 2995 1569 οὐ
3049 1515 3294 1570 τοιοῦτον
3332 1515 3538 1582 ἔλαιον,
3574 1516 3696 1569 ἀλλὰ

2116 1607 2326 1675 κρίσιν
2357 1606 2800 1676 ἀγαλλιάσεως.
2833 1608 3046 1678 Ὠσπερ
3078 1607 3172 1662 οὖν
3229 1608 3512 1680 ῥομφαίαν
3570 1608 3695 1661 Θεοῦ

2118 1697 2215 1751 καὶ
2246 1697 2376 1763 τόξα
2409 1699 2505 1752 καὶ
2559 1698 2688 1770 βέλη
2765 1700 3086 1766 ἀκούοντες,
3133 1699 3188 1752 εῐ
3235 1717 3290 1754 τι
3333 1700 3601 1763 τοιοῦτον,
3641 1702 3694 1753 οὐ

430 1801 544 1871 Ego
605 1807 780 1854 autem
841 1797 1200 1851 constitutus"
1225 1812 1343 1849 sum
1395 1795 1507 1850 Rea:
1575 1796 1642 1849 ab
1703 1814 1766 1852 eo
1799 1797 1864 1851 ⁸⁸.
1895 1797 2001 1852 Non

2115 1790 2288 1844 ταῦτα
2328 1791 2439 1862 (58)
2476 1792 2802 1862 παχυμερὲς
2853 1792 3104 1864 νοοῦμεν,
3172 1793 3311 1848 ἀλλὰ
3355 1793 3458 1864 τὴν
3500 1793 3695 1848 τούτων

430 1863 773 1964 hujusmodi,
811 1889 1013 1960 inquit,
1065 1897 1124 1942 tu
1187 1889 1310 1944 oleo
1369 1896 1567 1943 unctus
1607 1904 1692 1955 es,
1747 1888 1844 1945 sed
1889 1890 2001 1944 oleo

2118 1882 2428 1951 ἐνέργειαν,
2459 1881 2602 1936 οὕτω
2634 1885 2731 1936 καὶ
2759 1883 2942 1937 ἔλαιον
2969 1863 3089 1950 νῦν,
3129 1884 3230 1956 τὴν
3255 1863 3442 1957 χρισιν
3482 1884 3694 1956 νομίζοο

413 1981 843 2039 cxsultationis.
892 1977 1366 2047 Quemadmodum
1411 1993 1541 2032 vero
1593 1994 1718 2033 cum
1767 1979 2010 2049 gladium

429 2075 524 2128 Dei
558 2083 612 2128 et
643 2087 857 2136 arcum,
887 2078 943 2124 et
977 2069 1207 2138 sagittas
1240 2065 1504 2130 dicimus,
1527 2074 1619 2121 aut
1650 2066 1780 2136 quid
1809 2067 2010 2131 simile,

424 2182 491 2221 ea
523 2182 628 2220 non
675 2164 936 2228 demisse,
989 2170 1085 2214 aut
1134 2161 1374 2213 humano
1423 2157 1611 2227 aliquo
1661 2173 1811 2214 more
1842 2158 2008 2212 intel-

426 2258 666 2327 ligimus,
720 2253 816 2310 sed
869 2253 1109 2308 divinam
1171 2250 1466 2320 quamdam
1522 2252 1652 2314 vim,
1698 2260 1862 2320 atque
1891 2249 2007 2304 eiii-

421 2353 632 2405 caciam
689 2362 784 2416 per
823 2360 886 2400 ea
941 2342 1315 2413 significamus
1342 2379 1357 2406 ,
1409 2340 1484 2394 ita
1530 2348 1583 2394 et
1621 2354 1716 2410 per
1759 2339 1863 2394 olei
1914 2356 2016 2396 un.-

2115 1989 2240 2043 μεν.
2271 1972 2469 2043 Χρίσις
2531 1972 2588 2026 δὲ
2635 1974 3040 2042 ἀγαλλιάσεως,
3105 1977 3139 2046 ἠ
3204 1976 3559 2046 ἐπιφοίτησις
3609 1974 3694 2031 τοῦ

2111 2066 2272 2134 ἁγίου
2311 2066 2454 2119 Πνεύ
2465 2083 2637 2137 ματος
2680 2082 2696 2099 ο
2750 2069 3050 2140 χαροποιὺν
3079 2069 3136 2122 δὲ
3163 2069 3226 2123 τδ
3255 2070 3417 2139 ἅγιον
3449 2068 3692 2140 Πνεῦμα.

2112 2157 2360 2211 Καθόλου
2387 2157 2445 2212 δὲ
2500 2160 2533 2230 ὴ
2563 2159 2771 2230 χρίσις,
2803 2160 2887 2214 ὅτι
2917 2161 3013 2214 καὶ
3039 2161 3159 2214 ὅλον
3197 2161 3306 2233 ὅλῳ
3360 2163 3553 2233 συνῆν,
3611 2161 3694 2215 καὶ

2110 2249 2213 2302 οὐκ
2249 2251 2312 2303 ὲκ
2342 2250 2573 2322 μερικοῦ
2601 2251 2968 2322 χαρίσματος,
2993 2253 3070 2316 ὡς
3099 2253 3192 2307 ἐπὶ
3225 2254 3336 2308 τῶν
3391 2271 3694 2325 πνευματο-

2126 2343 2310 2413 φόρων
2339 2343 2552 2413 ἀνδρῶν
2582 2361 2596 2376 ο
2625 2345 2721 2398 καὶ
2749 2345 2894 2398 κατὰ
2925 2345 3086 2399 τοῦτο
3119 2344 3231 2417 γὰρ
3258 2346 3499 2417 διέφερε.

406 2440 658 2508 ςιὶοηοηι
709 2438 800 2493 hic
847 2449 957 2506 quo
998 2444 1223 2488 unctum
1275 2445 1398 2485 esse
1444 2429 1678 2500 legimus
1739 2429 2025 2494 dilectum,
2081 2432 2228 2488 aliud
2280 2434 2540 2504 quiddam
2595 2449 2761 2504 quam
2815 2435 2986 2490 verba
3041 2446 3242 2490 sonent
3281 2433 3690 2507 intelligendum

405 2539 505 2587 est
554 2547 572 2586 ς

631 2528 808 2584 sancti
848 2527 1114 2581 nimirum
1189 2523 1432 2594 Spiritus
1479 2522 1777 2588 adventus,
1804 2522 1898 2593 qui
1931 2523 2175 2579 laetitiam
2211 2536 2268 2582 et
2321 2527 2582 2596 gaudium
2612 2526 2807 2583 aﬂ‘erre
2838 2543 3024 2584 secum
3055 2529 3214 2584 solet.
3260 2529 3476 2600 Integra
3515 2541 3691 2584 autem

408 2639 484 2682 ac
518 2622 756 2694 perfecta
790 2621 892 2675 luit
913 2621 1028 2674 hazc
1059 2617 1266 2673 Christi
1305 2615 1575 2683 inunctio,
1611 2616 1741 2686 quia
1778 2630 1887 2671 non
1933 2627 1990 2673 ut
2018 2619 2073 2672 in
2105 2619 2227 2675 aliis
2260 2621 2640 2690 Spiritualibus
2679 2621 2990 2678 hominibus
3019 2637 3143 2678 esse
3173 2623 3335 2688 solet,
3362 2639 3426 2678 ex
3466 2625 3692 2693 quadam

415 2717 777 2773 chrismatum
820 2717 977 2782 parte
1026 2708 1268 2779 Spiritus
1313 2708 1366 2762 in
1397 2706 1620 2763 Christo
1676 2707 1876 2774 inerat,
1905 2708 2000 2764 sed
2033 2718 2178 2766 totus
2209 2725 2306 2782 per
2335 2728 2527 2768 omnes
2549 2724 2732 2784 partes
2756 2728 2881 2770 eum
2915 2715 3258 2786 repleverat:
3283 2730 3392 2785 qua
3427 2715 3482 2769 in
3515 2729 3577 2770 re
3597 2730 3694 2770 c2-

415 2809 553 2870 teris
573 2804 830 2861 omnibus
865 2804 1025 2873 longe
1056 2801 1377 2870 praestabat.

487 2897 654 2954 Vsus.
678 2897 733 2953 9.
771 2895 989 2965 Myrrha
1019 2901 1068 2948 et
1109 2901 1273 2947 stacta
1314 2902 1364 2947 et
1405 2892 1557 2946 casia
1590 2909 1624 2946 a
1673 2893 1998 2948 vestimentis

416 2991 543 3046 tuis.
578 2987 682 3044 Per
713 2987 1044 3042 vestimenta
1101 2984 1408 3040 divinitatis
1460 2984 1691 3050 Christi,
1738 2987 1984 3040 animam

413 3092 470 3139 et
497 3095 718 3137 carnem
755 3078 1114 3148 intelligimus
1159 3077 1436 3148 assumpti
1491 3078 1755 3146 hominis,
1791 3079 1996 3148 quibus

413 3171 617 3228 Christi
644 3169 904 3225 divinitas
955 3166 1307 3222 ineﬂabiliter
1341 3165 1748 3221 circumamicta
1779 3173 1920 3230 erat,
1949 3172 2005 3220 et

412 3279 534 3335 qua:
560 3262 859 3332 Apostolus
891 3260 956 3314 ad
1001 3257 1261 3314 Hebraeos
1300 3257 1550 3312 velamen
1577 3257 1869 3328 appellavit
1906 3257 1994 3311 di-

2161 2896 2406 2966 Σμύρνα
2418 2896 2516 2952 καί
2533 2897 2768 2968 στακτὴ
2787 2898 2884 2953 καί
2908 2899 3160 2965 κασσία,
3181 2898 3303 2954 ἀπὸ
3317 2897 3437 2953 τῶν
3451 2901 3692 2968 (patitur

2099 3001 2241 3042 σου.
2280 2986 2498 3057 Ὶμάτια
2521 2989 2618 3060 τῆς
2645 2988 2740 3043 τοῦ
2777 2990 2958 3059 Λόγου
2986 2990 3265 3058 θεότητος,
3311 2991 3345 3062 ἡ
3386 2990 3480 3044 τοῦ
3519 3008 3689 3062 προσ-

2102 3077 2392 3150 λήμματος
2423 3079 2571 3152 ψυχὴ
2624 3081 2720 3135 καὶ
2779 3082 2938 3152 σὰρξ,
2979 3075 3062 3145 οἷς
3117 3082 3303 3153 ἐκείνη
3367 3085 3688 3153 ἀπορρήτοις

2101 3171 2447 3242 ὲνεχωρήθη,
2478 3170 2514 3226 ἃ
2548 3172 2642 3225 καὶ
2666 3175 3149 3244 παραπετάσματα
3193 3172 3350 3226 καλεί
3401 3172 3616 3236 Παῦλος
3661 3171 3688 3223 ό

2101 3262 2423 3326 ἀπόστολος.
2457 3262 2720 3319 Βούλεται
2755 3265 2812 3318 δὲ
2845 3265 2943 3318 νῦν
2988 3267 3016 3319 ό
3047 3266 3349 3337 Προφήτης
3373 3267 3587 3330 εἰπεῖν,
3609 3265 3684 3320 ὅτι

412 3371 587 3410 cens:
623 3352 929 3425 [Christum
983 3350 1231 3405 initiasse
1289 3349 1449 3405 nobis
1479 3348 1622 3404 viam
1665 3364 1860 3403 novam
1898 3364 1995 3420 per

2113 3353 2198 3407 Εκ
2231 3354 2332 3424 μὲν
2366 3354 2468 3424 τῆς
2511 3355 2720 3426 σαρκός
2745 3373 2888 3424 σου,,
2923 3355 3192 3428 νέκρωσις
3231 3357 3385 3410 ἐσται
3411 3359 3506 3410 καὶ
3536 3357 3688 3411 ἁδα-

409 3447 655 3503 velamen
676 3443 748 3510 δ’,
781 3445 836 3499 id
877 3454 988 3507 est,
1023 3458 1120 3512 per
1157 3457 1380 3497 carnem
1433 3457 1612 3497 suam.
1645 3439 1667 3514 ]
1695 3439 1895 3496 Verum
1926 3441 1994 3497 ad

2113 3446 2331 3518 φθορία·
2359 3447 2566 3503 τούτων
2591 3449 2701 3520 γὰρ
2729 3449 3004 3520 σύμϐολον
3048 3452 3081 3520 ή
3145 3449 3395 3521 σμύρναο
3436 3451 3552 3513 τοῖς
3606 3467 3686 3503 νε-

417 3554 646 3596 sensum
675 3539 973 3593 verborum
1035 3534 1324 3604 Propheta:
1382 3534 1672 3605 diligenter
1730 3535 1995 3591 attende:

410 3633 579 3697 Caro,
613 3631 812 3700 inquit,
846 3640 938 3684 tua
993 3638 1221 3683 mortem
1279 3627 1538 3698 patietur,
1577 3626 1674 3682 sed
1707 3642 1815 3682 non
1871 3643 1996 3682 cor-

415 3726 726 3794 ruptionem
759 3739 774 3776 :
804 3730 858 3777 et
910 3720 1095 3774 anima
1142 3727 1234 3772 tua
1282 3718 1350 3772 ad
1413 3717 1620 3772 inferos
1672 3717 1992 3773 descendet.

407 3815 632 3888 Myrrha
659 3814 860 3870 etenim
893 3812 1085 3882 inungi
1143 3810 1393 3866 solebant
1431 3816 1780 3864 mortuorum
1813 3810 1990 3864 homi-

405 3923 542 3964 num
575 3920 832 3976 corpora,
857 3915 916 3960 ut
944 3905 1264 3973 incorrupta
1299 3911 1678 3958 servarentur.
1715 3900 1782 3956 Et
1812 3910 1987 3959 stacte

407 4001 610 4055 humor
641 3997 866 4069 quidam
898 4004 1005 4060 est,
1041 3997 1137 4067 qui
1161 4011 1430 4051 einauaus
1461 4011 1490 4049 a
1529 3995 1748 4065 myrrha
1776 3994 1984 4061 stillat;

400 4088 589 4144 omnis
643 4096 822 4142 autem
856 4087 1026 4150 stilla,
1079 4100 1178 4141 seu
1219 4093 1391 4155 gutta,
1426 4094 1485 4139 ut
1525 4084 1698 4155 inquit
1726 4083 1987 4150 Basilius,

402 4180 662 4234 deorsum
700 4178 896 4244 fertur,
941 4186 996 4233 et
1051 4179 1120 4231 ad
1182 4177 1446 4232 inferiora
1501 4175 1794 4233 delabitur.
1849 4177 1985 4233 Dum

403 4271 574 4342 igitur
609 4270 891 4342 myrrham
923 4277 976 4324 et
1007 4276 1236 4327 stactem
1269 4276 1637 4340 proventuras
1668 4269 1802 4324 dicit
1834 4285 1864 4324 a
1888 4286 1982 4325 ve-

2101 3541 2255 3611 κροῖς
2289 3539 2399 3610 γὰρ
2445 3539 2696 3610 σώμασιν
2743 3541 3108 3614 ἀδιαφθορίας
3160 3542 3349 3596 ἕνεκεν
3390 3543 3681 3612 ὲπαλείφε-

2113 3648 2246 3684 ται·
2285 3631 2349 3684 ὲκ
2385 3631 2444 3685 δὲ
2502 3631 2605 3702 τῆς
2660 3631 2844 3703 ψυχῆς
2874 3650 2991 3699 σου,
3040 3633 3268 3697 κάθοδος
3315 3636 3397 3698 είς
3451 3634 3680 3705 ᾅδηνοή

2096 3719 2305 3791 στακτὴ
2334 3719 2443 3792 γὰρ
2469 3720 2531 3773 τὺ
2569 3720 2736 3790 ὑγρὸν
2761 3721 2864 3790 τῆς
2891 3720 3147 3793 σμύρνης
3187 3721 3360 3786 ἐστὶν,
3407 3723 3532 3775 όσον
3585 3721 3680 3775 αὐ-

2090 3810 2194 3881 τῆς
2235 3811 2347 3883 (59)
2382 3811 2802 3882 ὰπολαϐόμενον
2834 3814 3208 3879 καταστάζειο
3266 3813 3420 3867 πᾶσα
3458 3812 3517 3866 δὲ
3552 3829 3676 3865 σταο

2089 3901 2227 3974 γὼν,
2267 3903 2618 3976 κατωφερὴς,
2642 3905 2720 3969 ὡς
2756 3906 2785 3958 ὁ
2828 3905 3338 3978 μέγαςὲξηγήσατο
3376 3905 3676 3967 Βασίλειος.

2101 3996 2165 4049 Ἦ
2203 3995 2260 4048 δὲ
2293 3997 2522 4062 κασσία,
2584 3995 2848 4066 φλοιῶδες
2887 3997 3089 4069 ἄρωμα
3128 3997 3525 4051 εὐωδέστατον.
3584 3996 3676 4048 Al-

2088 4086 2331 4140 νίττεται
2362 4084 2418 4138 δὲ
2458 4085 2546 4139 διὰ
2578 4086 2784 4156 ταύτης
2817 4086 2916 4156 τὴν
2956 4086 3186 4140 εὐωδίαν
3209 4085 3304 4139 τοῦ
3347 4083 3675 4140 Δεσποτικοῦ

2089 4176 2380 4248 σώματος’
2441 4175 2604 4245 φύσει
2652 4177 2762 4250 γὰρ
2808 4173 2877 4249 ἦν
2896 4178 3119 4246 εὑῶδες,
3168 4177 3258 4231 διὰ
3296 4177 3397 4248 τὴν
3435 4181 3675 4246 ἀναμαρ-

2087 4269 2310 4342 τησίαν.

404 4368 678 4426 stimentis
710 4363 1020 4420 divinitatis
1055 4362 1286 4427 Christi,
1329 4362 1382 4418 id
1415 4371 1522 4427 est,
1555 4377 1585 4416 a
1625 4377 1854 4434 corpore
1898 4371 1952 4418 et
2004 4363 2073 4417 ab
2112 4364 2295 4417 anima
2324 4361 2470 4432 ejus,
2536 4363 2668 4434 quid
2701 4363 2852 4419 aliud
2915 4379 3078 4434 quam
3128 4363 3381 4433 corpOris
3450 4369 3671 4417 mortem

404 4460 612 4528 absque
636 4457 1012 4524 corruptione,
1081 4461 1136 4508 et
1197 4453 1393 4508 anima:
1437 4452 1506 4507 ad
1587 4452 1796 4510 inferos
1847 4454 2175 4510 descensum
2247 4453 2568 4523 signiﬁcat?
2632 4453 2793 4510 Casia
2845 4455 3010 4510 etiam
3067 4463 3254 4511 cortex
3312 4459 3535 4528 quidam
3589 4471 3673 4517 est

399 4549 846 4608 odoratissimus.
869 4548 970 4602 Per
1007 4545 1211 4600 casiam
1271 4545 1459 4612 igitur,
1526 4545 1920 4602 suavissimum
1981 4544 2255 4600 Domiuiei
2331 4547 2582 4616 corporis
2645 4546 2870 4602 odorem
2929 4548 3226 4619 signiﬁcat,
3280 4550 3431 4620 quod
3482 4558 3668 4605 natura

372 4645 518 4715 «ipsa
558 4639 748 4712 optimi
777 4646 895 4692 erat
928 4637 1138 4703 odoris,
1163 4651 1229 4691 eo
1247 4635 1391 4705 quod
1423 4634 1546 4691 sine
1573 4644 1802 4706 peccato
1829 4652 2047 4706 semper
2066 4637 2254 4692 fuerit.

467 4736 510 4788 Α
536 4730 778 4785 dantibus
810 4727 1070 4781 eburneis.
1099 4725 1157 4778 lu
1183 4724 1372 4780 Graeco
1400 4739 1497 4793 pro
1517 4741 1549 4778 a
1575 4725 1812 4780 domibus
1848 4727 1982 4798 legi-

2173 4724 2319 4780 Ἀπὸ
2335 4724 2576 4794 βάρεων
2600 4727 3031 4795 ἐλεφαντίνων.
3089 4727 3292 4800 Βάρεις
3357 4729 3664 4789 ἐκαλοῦντο,

380 4839 548 4886 mus,
583 4820 772 4891 βάρεις
803 4817 912 4872 ἀπὸ
947 4817 1473 4889 βάρεων.ηῡίειιηῑυι’
1501 4826 1684 4872 autem
1706 4817 1904 4890 βάρεις
1925 4826 1980 4873 el.
2013 4802 2056 4856 θ
2084 4820 2134 4874 οἱ
2173 4816 2316 4872 οἴκοι
2355 4821 2446 4872 καὶ
2487 4819 2537 4872 oi
2575 4821 2718 4874 ναοί.
2744 4820 2856 4891 Τὴν
2892 4820 3073 4892 ψυχὴν
3134 4822 3191 4875 δὲ
3230 4824 3329 4876 καὶ
3399 4823 3460 4877 τὸ
3508 4822 3666 4892 σῶμα

394 4913 597 4969 domus
661 4919 714 4965 et
759 4910 987 4980 templa.
1023 4909 1126 4963 Per
1155 4907 1354 4964 domus
1382 4907 1572 4978 igitur,
1613 4924 1709 4964 seu
1745 4909 1970 4980 templa,

397 5008 640 5064 animam
689 5017 745 5061 et
791 5015 1142 5074 assumptum
1206 5003 1417 5059 Christi
1457 5018 1658 5074 corpus
1688 5001 1973 5072 intelligit,

384 5111 518 5166 'qua:
554 5105 609 5152 et
641 5093 948 5150 divinitatis
973 5094 1301 5149 vestimenta
1324 5092 1594 5163 superius
1651 5092 1973 5162 appellavit,

2076 4911 2239 4966 πάλιν
2267 4909 2523 4978 ὀνομάζει
2582 4911 2772 4983 βάρεις
2795 4929 2812 4945 ο

2077 5021 2157 5058 τω
2199 5005 2294 5056 irai
2323 4999 2475 5066 οἶκος
2531 5005 2627 5057 καὶ
2677 5005 2805 5068 ναὸς
2849 5005 2951 5075 τῆς
2994 5007 3283 5078 θεότητος·
3346 5003 3460 5061 οἷον
3507 5006 3660 5060 ἔσται

2861 4912 2936 4977 ὡς
2967 4914 3076 4984 γὰρ
3118 4916 3312 4984 ἱμάτια
3340 4915 3530 4980 ταῦτα,
3566 4915 3664 4968 οὖ-

2085 5097 2155 5151 τα
2197 5098 2456 5168 ρηθέντα,
2496 5099 2608 5153 ἀπὸ
2653 5098 2763 5152 τῶν
2808 5099 3044 5169 ἱματίων
3093 5117 3210 5168 σου,
3249 5101 3399 5169 λέγω
3448 5101 3502 5155 δὲ
3551 5103 3662 5154 ἀπὸ

392 5201 449 5247 et
480 5206 632 5247 nunc
659 5188 905 5260 ejusdem
930 5187 1123 5245 domos
1161 5187 1402 5259 appellat
1441 5202 1537 5244 seu
1572 5187 1793 5255 templa.
1829 5185 1973 5239 Ordo

2119 5187 2294 5257 ἅρεων
2331 5203 2346 5218 ο
2375 5189 2433 5241 τὸ
2485 5188 3016 5258 δὲἙλεεραντίνων,
3069 5190 3193 5242 ἀντὶ
3236 5189 3331 5244 τοῦ
3356 5189 3654 5260 λαμπρῶν·

391 5295 573 5342 autem
633 5285 759 5341 talis
799 5284 910 5340 sit:
953 5282 1174 5354 Myrrha
1205 5290 1260 5337 et
1291 5289 1470 5338 stacte
1519 5288 1574 5334 et
1606 5279 1755 5334 casia
1786 5277 1969 5350 erunt]

2113 5282 2308 5353 αμπρὰ
2326 5283 2434 5354 γὰρ
2452 5283 2518 5336 τὰ
2531 5283 2879 5352 ἐλεφάντινα,
2893 5282 2983 5336 διὰ
2999 5283 3103 5352 τὴν
3115 5283 3254 5351 ἄγαν
3276 5283 3653 5350 στιλπνότητα.

395 5394 426 5435 a
457 5379 805 5436 vestimentis
837 5376 985 5443 tuis;
1015 5390 1044 5429 a
1067 5373 1200 5438 tuis,
1231 5373 1484 5444 inquam,
1510 5370 1768 5426 eburneis
1793 5371 2048 5428 domibus
2073 5389 2166 5429 seu
2206 5377 2445 5445 templis.
2477 5375 2749 5430 Eburneis
2780 5385 2964 5431 autern
2997 5375 3134 5430 dixit
3167 5389 3268 5446 pro
3332 5372 3650 5447 Splendidis.

387 5471 695 5531 Candidum
731 5470 878 5524 enim
909 5467 1048 5524 ebur
1078 5473 1162 5522 est
1190 5473 1245 5524 et
1284 5463 1648 5535 splendescit.

464 5648 510 5681 “'
539 5645 684 5701 Psal.
717 5661 776 5709 ii,
818 5645 874 5702 6.
948 5642 995 5676 δ’
1036 5641 1200 5702 Hebr.
1235 5658 1290 5712 κ,
1320 5641 1414 5698 20.

1725 5729 1927 5792 Variae
1979 5728 2313 5793 lectiones.

456 5834 570 5909 βε)
604 5833 708 5890 Ἵσ.
745 5826 1104 5905 παχῦμερῶς.

2144 5833 2254 5903 (59)
2289 5832 2373 5886 Al.
2398 5832 2729 5904 ἀποθλιϐόμε
2740 5851 2846 5890 νον.
