3866 6540
470 390 579 452 499
1709 385 2032 448 EUTHYM
2048 385 2096 442 ll
2131 384 2494 452 ZIGABENI
3609 394 3698 458 500

470 516 620 559 ctum
661 504 806 560 enim
837 511 893 560 et
924 502 1246 558 Varictatem
1285 499 1710 555 intellectualem
1768 497 2038 570 intelligit,

2174 499 2228 568 é,
2260 508 2325 576 τῇ
2357 507 2598 578 ποικιλίᾳ
2634 506 2740 562 τῶν
2789 507 3083 578 εὐπρεπῶν
3108 506 3344 578 ἀρετῶν.
3373 506 3586 578 Νοητὴν
3611 497 3703 578 γὰρ

471 591 1015 668 ειυοωοὰιιιοᾱιιηιξίη
1050 605 1346 662 progressu
1377 588 1728 645 manifestius
1755 587 1937 644 docet.

2174 597 2300 667 .ἐγει
2339 599 2632 672 περιϐολὴν
2666 601 2758 654 καὶ
2794 598 3086 664 ποικιλίαν,
3119 600 3194 663 ὡς
3255 599 3466 669 προῖὼν
3523 600 3700 667 διδάξει

547 771 710 826 Vens.
752 772 837 825 ll.
898 770 1059 835 Audi,
1087 770 1224 838 ﬁlia,
1261 779 1310 824 et
1348 767 1481 833 ride,
1510 777 1558 823 et
1613 767 1813 822 inclina
1865 785 2047 822 aurem

477 874 644 917 tuam.
700 860 838 916 Vide
894 876 1005 930 quo
1064 870 1227 930 pacto
1282 860 1529 930 reginam
1570 861 1710 913 hanc
1749 859 2051 913 Ecclesium

476 954 750 1026 PrOpheta
770 952 990 1008 Christo
1025 952 1381 1023 despondeat.
1409 953 1599 1006 Filiam
1633 961 1812 1005 autem
1843 949 2051 1004 Christi

477 1046 724 1102 eamdem
756 1045 1073 1116 appellavit,
1114 1059 1278 1114 quam
1300 1059 1554 1114 sponsam
1585 1043 1730 1098 fecit.
1771 1040 1916 1096 Inter
1951 1041 2051 1095 ho-

480 1138 658 1193 mines
693 1137 838 1192 enim
878 1135 1217 1207 impossibile
1248 1144 1336 1190 est
1382 1135 1628 1190 eamdem
1681 1143 1734 1188 et
1791 1144 2049 1203 sponsam

479 1227 724 1296 ejusdem
755 1225 859 1280 viri
891 1239 1012 1280 esse
1032 1233 1085 1280 et
1112 1223 1301 1289 tiliam,
1337 1221 1431 1278 sed
1455 1223 1509 1277 in
1548 1222 1771 1275 Christo
1795 1218 2052 1288 possibile

478 1325 584 1373 est.
617 1315 894 1386 Spirituali
920 1313 1065 1371 enim
1097 1314 1257 1369 modo
1286 1313 1402 1368 hmc
1457 1313 1631 1374 tiunt;
1677 1312 1877 1380 quippe
1927 1323 2051 1364 cum

483 1423 578 1479 per
618 1407 968 1478 Evangelium
1007 1407 1061 1460 in
1093 1421 1351 1476 sponsam
1393 1420 1494 1460 nos
1523 1405 1623 1460 sibi
1669 1405 1868 1471 deligat
1897 1401 2056 1457 Chri-

482 1510 621 1561 stus,
653 1507 707 1553 et
743 1515 840 1569 per
885 1499 1142 1569 baptismi
1196 1498 1674 1569 regenerationem
1708 1495 1928 1550 eosdem
1961 1494 2055 1548 ad-

483 1599 635 1662 optet
659 1591 712 1646 in
739 1591 904 1647 ﬁlios.
943 1590 1082 1645 Audi
1137 1590 1326 1661 igitur,
1365 1589 1544 1659 inquit
1590 1588 1883 1657 Propheta,
1934 1601 2056 1656 quae

483 1684 628 1746 dico,
661 1691 716 1738 et
749 1683 870 1738 vide
907 1701 921 1737 :
955 1681 1138 1737 omnia
1169 1682 1258 1737 illa
1292 1680 1574 1745 nimirum,
1610 1695 1730 1750 quae
1759 1686 1979 1749 propter
2005 1685 2057 1732 te

483 1791 682 1844 passus
735 1786 820 1832 est
859 1775 1126 1845 Sponsus,
1183 1785 1277 1830 aut
1323 1790 1660 1846 quacunque
1693 1773 1824 1828 fecit
1881 1771 2054 1826 admi-

484 1870 676 1932 randa,
711 1878 765 1922 et
797 1867 998 1923 inclina
1023 1883 1211 1922 aurem
1241 1878 1386 1922 luam
1415 1866 1562 1921 illius
1593 1864 1904 1935 praeceptis.

552 1957 622 2014 Et
662 1959 966 2014 obliviscere
995 1961 1247 2030 populum
1285 1968 1455 2013 tuum.
1486 1957 1678 2013 Gentis
1707 1965 1836 2024 tua,
1874 1969 2052 2025 pravae

481 2053 740 2108 nimirum
775 2052 1206 2110 conversationis
1237 2051 1453 2107 illorum
1489 2060 1543 2106 et
1570 2050 1770 2120 prioris
1796 2049 1944 2103 vitae.

555 2231 626 2285 Et
645 2231 857 2286 domum
899 2229 1070 2300 patris
1103 2232 1201 2286 tui.
1239 2231 1304 2286 Et
1336 2231 1598 2298 templum
1630 2228 1830 2284 diaboli
1884 2227 2055 2296 patris

481 2321 562 2376 tui
597 2339 613 2376 :
644 2321 828 2376 Omnis
852 2322 1020 2386 enim,
1065 2321 1262 2392 inquit,
1294 2323 1384 2392 qui
1415 2322 1537 2391 fecit
1556 2331 1848 2390 peccatum,
1879 2336 1908 2374 ε
1931 2319 2055 2372 dia-

483 2412 606 2468 bolo
629 2413 874 2468 nascitur
893 2415 958 2468 ³⁸.
991 2410 1338 2468 Obliviscere
1370 2413 1536 2468 etiam
1569 2411 1936 2468 scelestornm
1967 2423 2055 2465 sa-

483 2505 816 2560 criﬁciorum
878 2520 943 2561 ac
996 2505 1360 2561 festivitatum
1421 2505 1638 2559 illarum
1700 2517 1836 2572 quas
1891 2501 2056 2569 impie

483 2595 616 2649 olim
668 2595 986 2664 peragebas.
1023 2595 1378 2650 Vel‘domum
1409 2593 1575 2662 patris
1635 2590 1889 2646 fortassis
1932 2588 2056 2642 ideo

486 2686 642 2750 dicit,
673 2685 800 2756 quia
841 2686 1069 2756 gentiles
1091 2687 1220 2741 olim
1249 2686 1302 2739 in
1333 2692 1587 2752 parentes
1625 2699 1690 2738 ac
1737 2681 2052 2754 progenito-

488 2791 578 2833 res
608 2777 712 2831 sibi
749 2777 1099 2834 ascrihebant
1132 2777 1410 2832 fabulosos
1450 2777 1572 2831 illos
1608 2775 1761 2830 deos.
1789 2773 1930 2841 Quid
1959 2773 2056 2840 igi-

489 2880 584 2923 tur
609 2867 676 2922 ad
703 2868 820 2923 haec
857 2868 1040 2923 dicent
1069 2867 1284 2924 Judaei?
1317 2869 1540 2923 Certum
1570 2867 1715 2920 enim
1749 2873 1855 2930 est,
1907 2864 2054 2935 quod

487 2958 557 3014 de
583 2973 774 3014 eorum
811 2957 1098 3028 Synagoga
1157 2973 1266 3014 non
1304 2958 1551 3029 loquitur
1603 2957 1896 3028 Pr0phets,
1929 2969 2054 3011 cum

490 3051 608 3119 lege
632 3055 854 3103 cautum
879 3059 1045 3116 esset,
1077 3057 1135 3103 ut
1169 3064 1198 3104 a
1234 3051 1429 3120 patriis
1461 3051 1710 3106 moribus
1761 3065 1870 3104 non
1900 3063 2054 3104 rece-

494 3141 709 3197 derent.

560 3233 726 3290 Vsus.
757 3236 845 3289 l2.
887 3233 954 3289 Et
986 3236 1312 3305 concupiscet
1365 3235 1471 3289 Rex
1509 3236 1745 3290 decorem
1782 3245 1956 3290 tuum.
1994 3233 2060 3286 Et

487 3327 680 3396 diliget
708 3334 784 3391 te,
817 3327 1015 3397 inquit,
1048 3327 1094 3382 si
1124 3326 1324 3383 feceris
1357 3327 1639 3400 qttte'diai.
1678 3327 1779 3382 Per
1804 3328 2059 3382 decorem

489 3433 644 3484 vero,
699 3428 758 3474 ut
800 3417 1068 3487 diximus,
1117 3419 1316 3476 animae
1369 3419 1838 3490 pulchritudinem
1896 3418 2063 3474 intel-

491 3507 624 3579 hgh.

560 3596 827 3663 Quoniam
857 3598 982 3666 ipse.
1023 3609 1100 3654 est
1158 3597 1414 3653 Dominus
1469 3599 1610 3655 Deus
1676 3609 1818 3664 tuus,
1849 3609 1898 3655 et
1927 3598 2061 3654 ado-

491 3687 637 3741 rabis
675 3703 816 3741 eum.
851 3688 1195 3759 Desponsare
1222 3688 1324 3755 illi,
1354 3688 1557 3760 inquit.
1607 3699 1661 3745 et
1695 3689 1964 3760 adoptare
1991 3691 2061 3744 ab

491 3793 578 3834 eo.
615 3777 880 3835 Dominus
909 3781 1056 3836 enim
1089 3787 1219 3837 tuus
1268 3790 1372 3844 est,
1401 3782 1572 3836 veluti
1607 3792 1838 3837 creator.
1873 3779 1918 3836 0
1955 3780 2061 3834 imo

494 3881 741 3922 mensam
771 3867 1210 3922 misericordiam
1243 3877 1300 3923 et
1323 3868 1720 3938 benignitatem
1757 3866 1849 3926 Dei
1875 3868 1890 3922 l
1919 3866 2063 3922 Ado-

495 3958 646 4014 rabis
676 3974 823 4023 eum,
850 3959 1049 4029 inquit,
1083 3968 1140 4015 ut
1194 3975 1376 4025 serva,
1429 3962 1642 4018 tametsi
1705 3961 1794 4016 ille
1854 3970 1908 4016 te
1955 3960 2061 4016 sibi

498 4061 757 4116 sponsam
789 4047 983 4103 fecerit
1012 4056 1067 4104 et
1103 4049 1289 4104 ﬁliam.

567 4133 739 4192 Vsus.
765 4136 851 4193 15.
888 4135 954 4190 Et
974 4138 1090 4207 ﬁlia
1111 4137 1238 4209 Tyri
1266 4140 1321 4193 in
1339 4140 1662 4195 muneribus.
1679 4121 1832 4197 Idola
1847 4141 2064 4198 colebat

499 4227 676 4299 'l'yrus
706 4237 761 4284 et
783 4229 1106 4300 impiissima
1137 4230 1280 4286 inter
1309 4246 1502 4288 omnes
1532 4233 1668 4288 alias
1697 4243 1815 4288 erat
1843 4233 2058 4289 civitas.

495 4317 749 4375 Pmdicit
783 4320 955 4391 igitur
1003 4321 1177 4392 ipsam
1211 4322 1374 4377 etiam
1408 4322 1610 4394 Tyrum
1663 4324 1886 4381 Christo
1917 4325 2062 4379 dona

494 4411 780 4466 allaturam
814 4427 974 4480 esse;
1009 4414 1340 4484 templorum
1374 4415 1637 4470 nimirum
1690 4418 2063 4472 constructio-

496 4517 618 4568 nes,
649 4502 957 4561 oblationes
1022 4513 1078 4561 et
1117 4507 1328 4576 reliqua
1388 4524 1511 4579 quae
1557 4508 1621 4563 ad
1653 4505 1899 4564 divinu'm
1937 4524 2065 4578 per-

2083 3120 2131 3182 ϐ

2151 706 2283 760 φανε
2293 687 2427 759 ρὼτε
2435 707 2547 761 ρον.

2225 782 2549 844 Ἀκουσον,
2596 784 2870 852 θύγατερ,
2931 783 3032 837 καί
3086 783 3196 846 Ide,
3253 783 3351 838 καὶ
3397 781 3604 838 κλῖνον
3643 783 3697 835 τὸ

2151 861 2262 932 οὖς
2313 882 2453 921 σου.
2520 870 2660 940 Ὅρα
2708 870 2824 934 πῶς
2887 871 3365 941 προμνηστεύεται
3421 869 3699 940 ταύτηντῷ

2153 960 2396 1030 Χριστῷ.
2423 960 2712 1030 Θυγατέρα
2740 963 2798 1018 δὲ
2829 962 2924 1018 τοῦ
2969 963 3207 1033 Χριστοῦ
3250 962 3352 1035 τὴν
3395 963 3568 1030 αὐτὴν
3615 965 3701 1017 πά-

2153 1051 2237 1103 λιν
2271 1050 2552 1122 ὀνόμαζει.
2590 1053 2714 1108 Ἐπὶ
2739 1055 2838 1124 μὲν
2865 1054 2974 1108 τῶν
2995 1054 3322 1124 ἀνθρώπων,
3380 1053 3483 1107 οὐκ
3539 1053 3693 1107 ἔνεστι

2153 1147 2252 1218 τὴν
2287 1147 2460 1219 αὐτὴν
2492 1143 2634 1202 εἶναι
2662 1149 2759 1202 καί
2791 1148 3012 1219 νύμφην
3043 1149 3139 1202 καὶ
3174 1149 3456 1216 θυγατέρα
3502 1148 3591 1202 τοῦ
3616 1149 3698 1201 αὒ-

2154 1239 2283 1294 τοῦ·
2323 1241 2415 1294 ἐπὶ
2452 1240 2509 1294 δὲ
2529 1239 2623 1293 τοῦ
2659 1240 2921 1311 Χριστοῦ,
2955 1241 3052 1294 καὶ
3101 1240 3416 1310 ἀμφότερα,
3473 1255 3696 1308 πνευμα-

2156 1331 2284 1386 τικὰ
2307 1334 2416 1403 γάρ
2440 1347 2454 1359 ⁶
2487 1333 2584 1386 καὶ
2621 1330 3003 1402 ὲνυμφεύσατο
3037 1331 3137 1400 μὲν
3166 1330 3359 1400 αὐτὴν,
3379 1329 3468 1384 διὰ
3489 1329 3580 1382 τοῦ
3611 1328 3695 1382 Es).

2147 1424 2413 1500 ,αγγελίου
2446 1440 2459 1455 ο
2491 1423 2848 1492 ἀνεγέννησεν
2885 1423 2964 1489 δὲ,
3013 1423 3102 1477 διὰ
3161 1421 3257 1476 τοῦ
3320 1421 3699 1492 βαπτίσματος.

2161 1519 2450 1580 Ἀκουσον,
2485 1515 2672 1585 φησὶν,
2702 1512 2738 1567 ἃ
2766 1513 2931 1581 λέγω,
2965 1511 3060 1566 καὶ
3085 1512 3162 1564 ίδε
3201 1511 3300 1564 ὅσα
3327 1510 3415 1564 διὰ
3445 1509 3507 1562 σὲ
3529 1509 3702 1562 πέπονη

2159 1609 2250 1664 Θεν
2288 1612 2317 1664 ὁ
2355 1609 2586 1679 νυμφίος
2618 1626 2633 1641 ο
2679 1608 2837 1679 ἢόσα
2870 1605 3139 1677 πεποίηκε
3169 1603 3425 1673 Θαύματα
3453 1620 3468 1633 ·
3499 1603 3590 1654 καὶ
3606 1600 3706 1654 uli-

2159 1720 2247 1758 νον
2270 1704 2331 1758 τὸ
2360 1701 2454 1766 οὓς
2483 1719 2602 1756 σου.
2626 1699 2825 1764 ὑπόθες
2856 1698 2986 1752 αὐτὸ
3007 1699 3128 1760 ταῖς
3160 1695 3406 1758 ἐντολαῖς
3431 1691 3616 1750 αὑτοῦ.

2226 1964 2335 2020 Kal
2364 1963 2653 2018 ἐπιλάθου
2686 1961 2792 2016 τοῦ
2829 1959 2983 2014 λαοῦ
3028 1943 3167 2011 σου.
3211 1952 3317 2010 Τοῦ
3366 1953 3555 2012 ἔθνους
3609 1967 3708 2013 σου,

2132 2054 2424 2120 τουτέστι,
2476 2054 2576 2124 τῆς
2626 2052 2872 2122 πονηρᾶς
2920 2047 3100 2104 αὐτῶν
3159 2043 3460 2106 πολιτείας,
3507 2041 3709 2108 καὶτῆς

2157 2149 2325 2221 προτέ
2336 2166 2432 2220 ρας
2459 2145 2758 2215 διαγωγῆς.

2229 2239 2338 2295 Καὶ
2377 2239 2484 2294 τοῦ
2514 2238 2685 2292 οἴκου
2711 2234 2816 2290 τοῦ
2848 2234 3074 2303 πατρός
3112 2247 3253 2285 σου.
3289 2227 3400 2282 Καὶ
3455 2225 3549 2280 τοῦ
3594 2221 3704 2276 ναοῦ

2159 2335 2253 2390 τοῦ
2291 2334 2559 2396 διαϐόλου,
2603 2333 2695 2388 τοῦ
2722 2333 2924 2404 πατρός
2956 2348 3070 2385 σου.
3121 2328 3244 2394 Πᾶς
3273 2327 3406 2398 γὰρ,
3456 2324 3653 2394 φησὶν..
3681 2325 3708 2375 δ

2157 2425 2344 2482 ποιῶν
2370 2425 2486 2494 τὴν
2513 2426 2824 2494 ἁμαρτίαν,
2849 2424 2917 2478 ἐκ
2945 2422 3052 2477 τοῦ
3083 2419 3367 2474 διαϐόλου
3397 2415 3704 2486 γεγένηται.

2171 2518 2465 2574 Ἐπιλάθου
2496 2518 2592 2571 καὶ
2626 2516 2734 2570 τῶν
2763 2514 2976 2586 μιαρῶν
3007 2513 3230 2575 θυσιῶν,
3263 2511 3359 2564 καὶ
3387 2508 3496 2562 τῶν
3521 2507 3708 2573 ἐναγῶν

2159 2611 2385 2665 ἐκείνων
2411 2611 2662 2664 τελετῶν.
2712 2609 2821 2662 Καὶ
2851 2607 3027 2670 ἄλλως
3058 2604 3166 2677 γὰρ
3191 2603 3264 2680 τὰ
3301 2601 3431 2671 ἔθνη
3485 2599 3707 2666 πατέρας

2159 2703 2367 2756 ἑαυτῶν
2389 2702 2700 2772 ἐπέγραφον
2723 2701 2850 2763 τοὺς
2885 2697 3287 2770 μυθευομένους
3309 2691 3487 2752 Θεούς.
3511 2690 3574 2744 Τί
3593 2690 3632 2742 δ’
3656 2688 3709 2742 ἂν

2159 2795 2367 2848 εῐποιεν
2405 2794 2651 2848 Ἰουδαῖοι
2702 2792 2837 2863 πρὸς
2861 2791 3034 2846 ταῦτα
3055 2807 3070 2855 ;
3096 2787 3382 2857 Προδήλως
3407 2784 3536 2855 γὰρ,
3554 2782 3613 2834 οὗ
3628 2778 3709 2848 τὴν

2159 2884 2338 2940 αὐτῶν
2374 2884 2522 2952 λέγει
2551 2881 2897 2953 συναγωγὴν,
2923 2875 3005 2943 οἷς
3045 2878 3282 2951 μάλιστα
3303 2876 3464 2947 νόμος
3497 2872 3574 2943 μὴ
3601 2869 3709 2940 ἀφί-

2163 2975 2390 3028 στασθαι
2419 2974 2527 3028 τῶν
2557 2973 2824 3045 πατρίων.

2248 3236 2634 3304 Ἐπιθυμήσει
2683 3239 2716 3290 ό
2768 3235 3071 3301 βασιλεὺς
3125 3234 3233 3288 τοῦ
3291 3233 3559 3297 κάλλους
3589 3242 3708 3281 σου.

2165 3326 2278 3381 Καὶ
2303 3327 2585 3398 ἀγαπήσει
2609 3343 2689 3392 σε,
2719 3327 2769 3379 εἰ
2805 3327 3056 3397 ποιήσεις
3099 3325 3135 3380 ἃ.
3170 3319 3346 3379 εἷπον.
3414 3321 3622 3383 Κάλλος
3664 3317 3710 3370 δὲ

2165 3419 2389 3489 ταύτης,
2419 3421 2451 3490 ἠ
2477 3419 2686 3491 ψυχικὴ
2717 3418 3009 3489 ῶραιότης,
3041 3415 3117 3481 ὡς
3139 3417 3381 3487 εἴρηται.

2241 3594 2371 3647 Ὀτι
2391 3593 2566 3658 αὐτό(
2609 3594 2779 3646 ἐστιν
2814 3593 2847 3644 ὁ
2867 3587 3102 3658 Κύριός
3140 3602 3277 3654 σου,
3323 3589 3418 3642 καὶ
3465 3600 3709 3653 προσκυ-

2164 3686 2378 3754 νήσεις
2405 3684 2588 3748 αὐτῷ.
2621 3681 2980 3752 Νυμφεύθητι
3008 3681 3176 3750 αὐτῷ,
3221 3679 3317 3732 καὶ
3362 3675 3709 3745 υίοποιήθητι.

2174 3781 2237 3834 '0
2289 3779 2570 3848 Δεσπότης
2611 3777 2706 3831 σού
2754 3777 2923 3839 ἐστιν,
2974 3773 3048 3838 ὡς
3109 3771 3466 3842 δημιουργός.
3512 3770 3576 3822 Ὢ
3630 3767 3721 3833 τῆς·

2165 3872 2396 3943 ἀπείρου
2450 3869 2913 3940 συγκαταδάσεως
2973 3867 3068 3921 καὶ
3119 3861 3567 3935 φιλανθρωπίαςῖ
3623 3859 3713 3913 Καὶ

2166 3965 2570 4036 προσκυνήσεις
2599 3961 2750 4033 αὐτῷ
2794 3959 3077 4025 δουλικῶς,
3136 3958 3189 4011 εί
3231 3958 3325 4012 καὶ
3369 3955 3590 4024 νύμφην
3635 3951 3713 4004 καὶ

2168 4057 2447 4128 Θυγατέρα
2479 4071 2537 4108 σε
2569 4054 2866 4125 πεποίηκε.

2239 4149 2352 4204 Kal
2389 4147 2654 4218 θυγάτηρ
2683 4147 2869 4214 Τύρου
2893 4146 2964 4199 ἐν
3009 4142 3238 4212 δώροις.
3278 4139 3614 4218 κατείδωλος
3657 4130 3713 4204 ἦν

2167 4245 2202 4314 ἡ
2233 4241 2430 4313 Τύρος,
2470 4239 2566 4294 καὶ
2620 4236 3024 4306 δυσσεσεστάτη
3069 4235 3302 4305 μάλιστα
3353 4233 3464 4285 τῶν
3523 4230 3713 4283 πόλεων

2168 4335 2366 4390 ἄλλων.
2401 4330 2742 4403 Προφητεύει
2774 4327 2924 4398 γοῦν,
2957 4328 3039 4382 ὅτι
3073 4326 3166 4380 καὶ
3197 4324 3336 4395 αὑτὴ
3361 4322 3714 4396 δωροφορήσει

2173 4427 2250 4495 τῷ
2278 4422 2500 4496 Χριστῷ
2548 4421 2697 4475 ναῶν
2739 4419 3051 4490 οἰκοδομὰς,
3100 4417 3196 4472 καὶ
3233 4415 3578 4485 ἀναθήματα,
3636 4408 3715 4462 καὶ

2170 4517 2270 4588 τὴν
2303 4516 2473 4585 ἄλλην
2494 4513 2774 4584 λατρείαν.
2809 4513 3024 4578 Ἔσται,
3051 4510 3238 4580 φησὶν,
3270 4509 3328 4562 ὲν
3358 4506 3571 4578 δώροις.
3618 4506 3712 4556 8v-

494 4595 672 4650 tinent
697 4596 926 4652 cultum.
957 4595 1096 4667 Erit,
1127 4597 1328 4667 inquit,
1361 4601 1416 4655 in
1439 4601 1602 4657 donis
1635 4602 1741 4657 ﬁlia
1776 4603 1926 4673 Tyri,
1963 4603 2054 4657 hot

2174 4609 2351 4678 rdtm)
2397 4607 2452 4660 δὲ
2505 4605 2714 4673 Τύρου,
2772 4603 2896 4658 ἀντὶ
2950 4602 3082 4668 τοῦ,
3136 4603 3170 4671 ἡ
3203 4599 3466 4670 Θυγάτηρ
3522 4597 3712 4666 Τύρος·

497 4693 603 4750 est,
631 4685 748 4757 ipsa
777 4685 980 4758 Tyrus.
1005 4688 1101 4744 Est
1128 4690 1274 4746 enim
1305 4691 1506 4747 idioma
1541 4693 1890 4758 llebraieum,
1913 4695 2054 4764 juxta

2174 4697 2369 4768 ἰδίωμα
2396 4697 2503 4768 γὰρ
2534 4694 2812 4749 καὶτοῦτο
2845 4693 3136 4764 Ἐϐραῖκόν
3171 4709 3186 4725 ·
3214 4691 3360 4746 οὕτω
3387 4693 3494 4760 γὰρ
3526 4690 3615 4741 καὶ
3646 4683 3714 4747 ab.

497 4778 646 4847 quod
684 4789 737 4834 et
768 4780 934 4835 filiam
976 4780 1272 4852 Babylonis
1325 4785 1434 4839 dici
1489 4785 1744 4855 legimus,
1803 4795 1860 4840 et
1899 4785 2064 4841 tiliam

499 4868 655 4934 Sion,
695 4877 744 4924 et
779 4871 883 4924 alia
917 4871 1232 4940 huiusmodi
1259 4875 1451 4930 multa.
1485 4873 1676 4931 Filiam
1706 4885 1888 4931 autem
1926 4876 2063 4932 civi-

495 4967 659 5014 tatem
685 4960 945 5030 appellat,
974 4963 1042 5017 ad
1065 4963 1231 5020 totius
1250 4965 1547 5036 provinciae
1568 4967 2060 5036 comparationem,

496 5051 656 5120 eujus
679 5053 799 5123 ipsa
832 5051 1013 5124 Tyrus
1036 5062 1122 5110 est
1153 5071 1304 5126 pars.
1342 5056 1593 5112 Similem
1631 5058 1889 5127 loquendi
1944 5073 2063 5115 mo-

497 5144 628 5197 dum
683 5144 928 5199 invenies
978 5145 1034 5200 in
1080 5146 1186 5201 line
1242 5147 1435 5216 psalmi
1481 5165 1627 5203 Lxxn
1681 5149 1830 5222 [ibiz
1871 5150 2063 5205 Utan-

501 5236 736 5288 nuntiem
801 5250 980 5290 omnes
1034 5235 1372 5292 laudationes
1433 5250 1550 5293 tuas
1606 5240 1660 5292 in
1720 5240 1886 5309 portis
1934 5239 2062 5309 ﬁlia:

495 5325 670 5401 Sion.]
1060 5326 1064 5331 ’

571 5421 780 5478 Vultum
809 5429 957 5475 tuum
993 5421 1407 5489 deprecabuntur
1440 5440 1617 5480 omnes
1647 5425 1831 5481 divites
1857 5427 2058 5500 populi.

565 5605 613 5639 ⁸³
662 5604 819 5662 Joan.
853 5626 975 5677 vni,
1006 5611 1103 5665 54.

2168 4789 2440 4860 Θυγάτηρ
2479 4787 2862 4852 Βαϐυλῶνος,
2890 4786 2984 4840 καὶ
3017 4788 3072 4841 ετ
3126 4804 3178 4840 τι
3239 4783 3500 4838 τοιοῦτον.
3555 4781 3711 4845 Θυγα-

2165 4879 2298 4949 τέρα
2324 4879 2380 4932 δὲ
2403 4876 2632 4931 καλοῦσι
2655 4877 2754 4946 τὴν
2777 4877 2955 4942 πόλιν,
2985 4874 3061 4939 ὡς
3096 4875 3234 4945 πρὸς
3254 4873 3353 4945 τὴν
3375 4873 3500 4942 ὃλην
3527 4870 3714 4940 χώραν.

2166 4967 2234 5042 ἧς
2280 4968 2419 5040 αὕτη
2473 4968 2637 5039 μέρος
2673 4967 2811 5023 εστι.
2873 4967 3013 5037 Περὶ
3053 4969 3148 5020 τοῦ
3197 4965 3489 5033 ιδιώματος
3540 4960 3712 5013 τούτου

2169 5062 2373 5132 ζητῶν,
2407 5061 2661 5132 εὑρήσεις
2689 5060 2783 5114 καὶ
2809 5059 2922 5131 (6|)
2957 5061 3037 5123 είς
3073 5057 3164 5113 τὸν
3186 5055 3261 5128 οβ’
3290 5057 3522 5128 ψαλμὸν,
3551 5055 3607 5106 ὲν
3649 5048 3715 5118 τῷ

2168 5153 2331 5208 τέλει.

2245 5425 2316 5479 Τὸ
2363 5422 2688 5493 πρόσωπόν
2731 5437 2848 5475 σου
2893 5417 3366 5474 λιτανεύσουσιν
3405 5412 3620 5473 πάντες
3669 5411 3715 5460 οι

1821 5699 2023 5763 Varite
2059 5698 2388 5764 lectiones.

569 5801 678 5874 (6i)
699 5805 764 5862 Al
818 5807 980 5878 Ζήτει
1011 5803 1249 5876 περὶτοῦ
1277 5803 1568 5876 ἰδιώματος
1604 5805 1812 5873 τούτου,
1877 5807 1933 5858 ἐν
1975 5803 2050 5876 τῷ
2072 5802 2147 5874 οβ’
2173 5803 2392 5873 ψαλμῷ,
2417 5804 2472 5856 ὲν
2494 5802 2570 5873 τῷ
2591 5802 2756 5856 τέλει.
