3866 6536
471 406 579 472 503

1694 406 2080 473 EUTHYMII
2116 408 2290 471 ZIGA
2302 413 2477 474 BEN!
3613 416 3701 480 504

468 519 669 590 quibus
705 518 1169 576 sollicitudinibus
1201 518 1282 573 bas
1312 518 1555 590 virgines
1588 519 2034 581 immunessunt,

2163 530 2292 587 ιενος
2332 524 2734 593 ἀπαλλαγεῖσα,
2807 526 2906 580 καὶ
2963 522 3099 596 πρὸς
3153 522 3315 596 μόνον
3375 523 3473 577 τὸν
3529 529 3701 594 νοητὸν

469 628 609 667 cum
631 611 700 666 ad
733 611 952 666 unicum
978 620 1034 666 et
1063 610 1343 667 caelestem
1377 611 1652 682 Sponsum
1682 610 1861 667 solum
1908 621 2036 679 spe-

472 711 704 765 ctantes,
738 702 1098 772 spiritualiter
1123 703 1492 767 oblectentur,

538 794 813 849 Ducentur
863 795 920 849 in
959 795 1212 865 templum
1262 796 1439 867 Regis.
1474 795 1569 850 Vel
1600 795 1730 867 quia
1762 794 2035 866 virginum

468 887 695 942 ordines
735 888 788 941 in
821 885 1070 943 Ecclesia
1111 896 1428 943 statuentur
1457 907 1470 942 :
1502 889 1583 942 vel
1614 903 1709 957 per
1746 887 2035 956 templum,

468 981 748 1037 emlestem
782 981 985 1052 regiam
1007 981 1277 1052 intelligit,
1309 981 1375 1035 ad
1405 994 1567 1052 quam
1601 980 1842 1052 virgines
1862 979 2036 1036 addu.

467 1080 661 1127 ccntur
694 1071 764 1126 ab
795 1071 1026 1141 angelis.

539 1252 708 1308 Vsus.
739 1253 826 1308 i7.
854 1252 964 1308 Pro
1008 1253 1249 1322 patribus
1281 1253 1385 1306 tuis
1444 1253 1555 1305 nati
1601 1259 1722 1305 sunt
1766 1251 1858 1306 tibi
1916 1251 2036 1321 ﬁlii.

471 1343 599 1400 Haec
622 1346 687 1400 ad
716 1344 1019 1401 Ecclesiam
1049 1343 1290 1399 ﬁdelium
1331 1341 1480 1398 dicta
1513 1348 1644 1398 sunt
1680 1356 1881 1411 :quam
1911 1341 2038 1412 quia

467 1437 710 1508 iusserat
748 1436 1028 1506 Propheta
1057 1449 1087 1488 a
1131 1435 1309 1504 patria
1359 1433 1527 1489 domo
1561 1431 1871 1498 discedere,
1908 1445 2040 1486 eon-

469 1527 678 1583 solatur
712 1542 860 1582 nunc
889 1526 1101 1590 dicens,
1136 1525 1279 1595 quod
1313 1523 1409 1579 lilii
1444 1523 1588 1593 ejus,
1643 1521 1829 1577 ﬁdeles
1883 1521 2042 1576 nimi-

471 1635 618 1683 rum,
653 1620 748 1690 qui
782 1634 880 1690 per
914 1615 1248 1689 baptismum
1281 1615 1642 1687 regenerandi
1673 1623 1853 1681 erant,
1907 1628 2040 1670 nas-

469 1722 664 1768 centur
730 1712 853 1767 loco
922 1719 1212 1782 parentum
1289 1707 1448 1781 ejus,
1518 1717 1686 1779 atque
1743 1707 1797 1762 in
1849 1719 2040 1761 eorum

470 1803 818 1861 suliicicntur
850 1803 1216 1874 dignitatem;
1254 1799 1616 1871 cpiscopique
1665 1813 1729 1854 ac
1779 1794 2038 1854 custodes

473 1895 784 1957 hominum,
834 1903 890 1949 et
915 1871 1314 1950 vEcciesiarum
1353 1891 1616 1963 prasides
1668 1891 1722 1944 in
1765 1898 1882 1945 toto
1913 1888 2046 1944 orbe
2079 1871 2120 1927 Β

473 1985 924 2042 constituentur:
962 1985 1110 2057 quod
1169 1984 1226 2040 iu
1277 1982 1643 2054 sequentibus
1671 1983 1835 2036 etiam
1871 1980 2046 2052 magis

471 2077 706 2147 explicat
735 2076 924 2132 dicens
951 2092 966 2130 :

541 2167 842 2221 Constitues
871 2184 960 2221 eos
984 2167 1244 2236 principes
1276 2182 1431 2234 super
1478 2184 1681 2221 omnem
1707 2175 1928 2220 terram.
1961 2162 2044 2218 Ad

472 2255 758 2312 Christum
806 2272 1118 2312 sermonem
1181 2257 1370 2321 habet,
1423 2257 1583 2326 cujus
1645 2264 1900 2327 parentes
1945 2267 2044 2309 seu

471 2357 659 2416 patres
693 2363 758 2403 ex
786 2356 1033 2403 materno
1065 2363 1286 2419 genere,
1313 2349 1587 2402 Abraham
1619 2347 1742 2412 fuit,
1769 2362 1832 2401 ac
1862 2343 2045 2401 caeteri

471 2439 803 2508 patriarchae
831 2447 884 2494 et
914 2439 1198 2510 propheta).
1219 2457 1235 2504 ;
1259 2440 1352 2494 lilii
1383 2455 1510 2496 vero
1536 2438 1768 2508 apostoli
1798 2436 1964 2508 ,quod
1990 2437 2044 2490 in

470 2533 794 2604 dignitatem
828 2539 1120 2603 parentum
1171 2531 1379 2588 Christi
1412 2530 1630 2586 suli‘ecti
1663 2537 1832 2594 sunt;
1867 2525 2044 2582 eﬂ'ecti

469 2625 731 2679 nimirum
752 2633 806 2680 et
833 2623 937 2694 ipsi
962 2624 1314 2694 patriarchae,
1337 2639 1402 2678 ac
1422 2623 1782 2693 plurimarum
1801 2619 2044 2691 gentium

468 2725 680 2786 patres,
708 2731 849 2785 quos
877 2731 978 2786 per
1015 2717 1354 2785 baptismum
1411 2716 1516 2772 sibi
1565 2723 1878 2786 genuerunt
1905 2733 1919 2769 :
1949 2711 2043 2783 qui

471 2806 641 2864 etiam
672 2805 820 2876 digni
853 2806 1021 2860 habiti
1047 2816 1195 2871 sunt,
1227 2815 1286 2859 ut
1318 2807 1547 2874 spiritus
1579 2807 1808 2878 gratiam
1836 2805 2049 2876 recipe-

473 2906 625 2965 rent,
661 2907 835 2968 utque
862 2897 1028 2951 veluti
1060 2897 1246 2952 eximii
1272 2896 1496 2966 quidam
1532 2899 1701 2954 duces
1738 2897 1794 2952 in
1825 2896 2050 2951 univcrc

476 3001 598 3040 sum
625 2984 812 3040 orbem
857 2994 1127 3041 terrarum
1185 2986 1560 3041 mitterentur.
1619 2984 1821 3042 Euntes
1879 2987 2045 3050 enim,

474 3078 678 3150 inquit,
719 3077 902 3132 docete
944 3094 1125 3133 omnes
1177 3089 1352 3149 gentes
1381 3079 1464 3146 ⁵⁸;
1519 3094 1624 3134 nec
1673 3078 2048 3133 tantummodo

2144 616 2325 688 ὁρῶσα
2371 619 2625 689 νυμφίον,
2686 619 2866 688 χαίρει
2921 615 3329 688 πνευματικῶς.

2227 799 2620 868 Ἀχθήσονται
2681 799 2769 863 εις
2812 794 2967 850 ναὸν
2995 792 3322 859 βασιλέως.
3372 792 3447 845 Ἢ
3501 791 3583 844 ὅτι
3621 792 3702 845 καὶ

2147 891 2434 962 παρθένων
2452 891 2711 959 τάγματα
2743 886 2821 958 τῷ
2846 885 3036 957 κλήρῳ
3058 885 3158 955 τῆς
3197 884 3401 954 Ἐκκλη
3413 883 3540 946 σίας
3593 884 3704 952 aeo-

2151 986 2468 1058 ρισθήσεται
2503 1000 2520 1015 °
2577 982 2611 1054 ἢ
2663 981 2813 1046 ναὸν,
2875 980 2971 1034 τὸν
3036 977 3386 1047 ιπουράνιον,
3439 977 3536 1029 καὶ
3563 976 3628 1030 τὰ
3656 978 3704 1030 ὲν

2147 1077 2365 1150 οὐρανῷ
2394 1074 2664 1147 βασίλεια,
2697 1074 2779 1137 εις
2809 1070 2846 1126 ἃ
2887 1070 3040 1142 παρὰ
3083 1068 3194 1123 τῶν
3257 1067 3513 1138 ἁγγίλων
3554 1068 3706 1138 aldi].

2150 1187 2353 1225 σονται.

2229 1260 2378 1316 Ἀντί
2409 1257 2528 1314 τῶν
2557 1258 2829 1326 πατέρων
2860 1268 2980 1311 σου
3022 1253 3444 1323 ἐγεννήθησαν
3504 1252 3560 1303 οι
3609 1250 3712 1304 τίοι

2147 1370 2287 1408 σου.
2323 1350 2498 1406 Τοῦτο
2529 1350 2668 1421 πρὸς
2701 1349 2801 1419 τὴν
2836 1347 3163 1415 συναγωγὴν
3213 1344 3326 1397 τῶν
3397 1343 3610 1396 πιστῶν
3651 1343 3713 1394 tl.

2149 1461 2320 1516 ρηκεν
2351 1459 2365 1472 ·
2397 1441 2592 1513 ἐπειδὴ
2625 1439 2734 1510 γὰρ
2763 1438 3050 1492 ἐκέλευσεν
3090 1435 3264 1504 αὐτὴν
3301 1433 3610 1502 ἀποστῆναι
3628 1431 3708 1485 τού

2149 1533 2405 1607 πατρῴου
2473 1533 2654 1598 οἷκον,
2682 1528 3095 1600 παραμυθεῖται
3147 1525 3380 1597 ταύτην,
3427 1526 3514 1578 ὅτι
3561 1523 3709 1576 τέκνα

2148 1631 2342 1699 αὐτῆς,
2367 1629 2539 1699 ἤγουν
2594 1625 2645 1680 oi
2698 1622 3095 1685 πιστεύσαντες
3121 1621 3216 1676 καὶ
3259 1615 3710 1686 ἀναγεννηθέντες

2148 1723 2238 1778 διὰ
2259 1721 2352 1776 τοῦ
2377 1720 2772 1791 βαπτίσματος,
2805 1717 3129 1786 γενήσονται
3168 1713 3288 1768 ἀντὶ
3328 1710 3441 1764 τῶν
3479 1708 3708 1778 πατέρων

2152 1816 2343 1885 αὐτῆς,
2374 1815 2498 1868 ὅσον
2523 1814 2604 1874 εις
2631 1809 2973 1881 προστασίαν
3005 1823 3019 1839 ·
3061 1805 3408 1875 κατίστησαν
3449 1801 3561 1872 γὰρ
3605 1801 3708 1854 ini-

2151 1923 2341 1962 σκοποι
2382 1906 2477 1958 καὶ
2515 1901 2818 1973 προστάται
2867 1898 2978 1952 τῶν
3035 1898 3181 1952 κατὰ
3231 1897 3433 1958 τόπους
3502 1893 3708 1962 Ἐκκληο

2151 1999 2304 2064 σιῶν,
2331 1997 2360 2050 ὃ
2389 1998 2484 2051 καὶ
2513 1993 2602 2049 διὰ
2625 1994 2734 2047 τῶν
2759 1992 2888 2062 ἑξῆς
2911 1991 3204 2062 ἐδήλωσεν.
3231 1987 3404 2042 εἰπών
3424 1999 3440 2016 ⁸

2220 2174 2843 2244 Καταστήσειαῠτοὺς
2870 2171 3171 2243 ἄρχοντας
3212 2169 3313 2224 ἐπὶ
3356 2167 3570 2226 πᾶσαν
3608 2165 3706 2233 τὴν

2148 2273 2288 2342 γῆν.
2316 2272 2388 2325 Ἢ
2422 2273 2517 2324 καὶ
2546 2269 2684 2341 πρὸς
2709 2267 2800 2322 τὸν
2837 2265 3074 2336 Χριστὸν
3105 2264 3135 2317 ὁ
3167 2263 3347 2331 λόγος,
3398 2258 3462 2317 οὗ
3493 2259 3707 2329 πατέρες

2153 2367 2274 2438 μὲν,
2314 2365 2438 2418 ὅσον
2475 2363 2586 2417 ἀπὸ
2621 2361 2722 2430 τῆς
2755 2358 2962 2430 μητρὸς
2992 2353 3182 2420 αὐτοῦ,
3228 2353 3490 2424 Ἀϐραὰμ
3525 2352 3616 2406 καὶ
3659 2350 3702 2402 oi

2147 2458 2329 2512 λοιποὶ
2366 2453 2705 2525 πατριάρχαι
2734 2452 2832 2505 καὶ
2853 2449 3134 2522 προφῆται
3161 2461 3176 2476 ⁶
3205 2445 3315 2499 υἱοὶ
3348 2445 3430 2510 δὲ,
3478 2443 3528 2496 oi
3583 2441 3704 2495 aus.

2149 2551 2352 2612 στολοι,
2382 2548 2580 2610 οἵτινες
2605 2545 2953 2613 ὲπανέὃησαν
2977 2543 3058 2604 είς
3086 2541 3149 2594 τὸ
3181 2538 3401 2607 ἀξίωμα
3420 2537 3530 2590 τῶν
3561 2533 3706 2588 πατι-

2152 2659 2260 2714 ρων
2289 2639 2480 2704 αὑτοῦ,
2520 2635 2856 2707 πατριάρχαι
2881 2652 2938 2689 τε
2973 2633 3280 2704 γενόμενοι,
3319 2632 3384 2684 ὲν
3429 2629 3509 2699 τῷ
3533 2626 3704 2696 γεννῆ-

2150 2751 2242 2789 σαι
2281 2733 2370 2788 διὰ
2390 2732 2486 2786 τοῦ
2519 2729 2899 2801 βαπτίσματος
2925 2728 3102 2782 πάντα
3127 2725 3198 2780 τὰ
3234 2724 3390 2795 ἔθνη,
3414 2724 3512 2778 καὶ
3555 2721 3705 2785 ἁξιω·

2150 2825 2334 2888 θέντες
2392 2822 2486 2878 τοῦ
2537 2818 2915 2892 πνευματικοῦ
2967 2819 3330 2890 χαρίσματος.
3418 2814 3577 2869 Ἀλλὰ
3619 2812 3704 2865 καὶ

2149 2914 2541 2984 ἀπεστάλησαν
2567 2909 2828 2980 ἄρχοντες
2856 2909 2989 2979 παρ’
3050 2907 3218 2961 αὐτοῦ
3272 2907 3356 2970 είς
3406 2907 3583 2958 πᾶσαν
3613 2902 3702 2970 τὴν

2150 3009 2274 3076 γῆν.
2303 3000 2708 3072 Πορευθέντες
2730 3000 2861 3071 γὰρ,
2895 2999 3053 3069 φησι,
3081 2997 3501 3068 μαθητεύσατε
3529 2991 3704 3046 πάντα

2149 3098 2225 3154 τὰ
2270 3098 2443 3164 ἔθνη.
2486 3095 2560 3148 ού
2623 3093 2783 3164 μόνον
2838 3092 2896 3146 δὲ
2953 3089 3157 3155 ζῶντες
3195 3083 3396 3160 ἧρξαν,
3447 3083 3580 3140 ἀλλὰ
3619 3079 3704 3136 καὶ

473 3167 602 3223 dum
625 3169 872 3223 viverent
927 3169 1298 3240 principatum
1341 3169 1489 3226 hunc
1538 3169 1910 3236 retinuerunt,
1949 3170 2044 3226 sed

2163 3188 2300 3262 μετὰ
2348 3187 2583 3242 θάνατον
2614 3201 2629 3216 ⁶
2684 3185 2885 3246 πάντες
2947 3182 3057 3253 γὰρ
3105 3182 3156 3235 oi
3208 3180 3414 3245 πιστοὶ,
3448 3172 3701 3244 πανταχοῦ

469 3261 633 3316 etiam
652 3270 774 3330 post
798 3271 1053 3320 mortem.
1086 3261 1284 3317 Eorum
1310 3263 1454 3319 enim
1483 3263 1770 3334 praeceptis
1796 3279 1859 3318 ac
1885 3261 2054 3319 moni-

471 3353 568 3417 tis,
595 3351 799 3423 ubique
833 3354 1076 3424 gentium
1109 3352 1297 3409 fideles
1328 3353 1736 3424 obtemperant,
1769 3361 1936 3423 atque
1977 3351 2047 3407 ab

472 3444 556 3502 eis
639 3443 978 3517 diriguntur.
1035 3443 1344 3502 Ostendant
1400 3445 1587 3517 itaque
1649 3443 1867 3510 Judtei,
1918 3443 2047 3512 qui-

471 3552 600 3593 nam
664 3551 856 3592 eorum
928 3537 1024 3592 lilii
1093 3539 1490 3608 imperaverint
1566 3535 1865 3606 aliquando
1944 3535 2047 3590 toti

473 3638 634 3684 terra!
673 3646 688 3682 :
724 3642 848 3682 cum
878 3628 979 3699 ipsi
1015 3629 1201 3700 potius
1233 3629 1493 3684 universo
1551 3643 1700 3683 nunc
1751 3627 1873 3684 orbi
1927 3643 2046 3684 ser-

472 3721 647 3777 viant.

543 3812 715 3871 Vens.
744 3814 834 3870 18.
865 3813 1069 3869 Memor
1088 3831 1176 3868 ero
1205 3815 1429 3869 nominis
1461 3816 1536 3869 tui
1574 3815 1626 3869 in
1657 3816 1801 3869 omni
1823 3833 2042 3886 genera-

475 3905 617 3960 tione
647 3914 698 3960 et
734 3905 1094 3976 generatione.
1126 3905 1240 3961 Hoc
1275 3919 1341 3960 ex
1377 3919 1611 3976 persona
1651 3904 1912 3961 Ecclesiae
1964 3905 2047 3960 di-

474 4008 624 4056 ctum
680 4005 786 4061 est,
833 4007 1123 4069 postquam
1177 4004 1286 4052 tam
1343 3998 1619 4067 praeclaris
1677 3998 1840 4054 donis
1882 3997 2045 4068 digna

474 4094 561 4143 est
626 4085 834 4142 habita.
904 4084 1176 4159 Repetitio
1256 4095 1438 4143 autem
1505 4088 1598 4143 illa
1655 4088 2047 4159 generationis,

474 4185 798 4251 perpetuam
835 4179 1044 4250 prolem
1079 4194 1145 4235 ac
1200 4180 1611 4236 successionem
1656 4180 1963 4251 signiﬁcat;
1993 4186 2049 4234 et

475 4286 610 4327 sane
672 4285 888 4342 semper
941 4269 1149 4326 Christi
1183 4285 1396 4344 memor
1427 4269 1530 4326 fuit
1573 4269 1839 4334 Ecclesia,
1890 4271 2050 4340 cujus

475 4368 698 4427 nomine
733 4369 994 4442 insignita
1031 4368 1236 4424 mirum
1271 4368 1328 4422 in
1356 4367 1579 4423 modum
1609 4367 1902 4436 gloriatur.

407 4441 414 4454 ⁸
552 4441 861 4532 Propterea?
893 4462 1073 4532 populi
1120 4459 1512 4529 conﬁtebuntur
1537 4458 1635 4513 tibi
1681 4459 1742 4512 in
1772 4456 2047 4514 sarculum.

2152 3282 2264 3342 τοῖς
2291 3279 2475 3350 νόμοις
2509 3277 2688 3333 αὐτῶν
2717 3276 2813 3329 καὶ
2849 3276 2969 3338 ταῖς
2990 3272 3397 3344 παραγγελίαις
3425 3269 3698 3330 πείθονται,

2151 3375 2246 3428 καὶ
2299 3372 2590 3427 ίθύνονται.
2640 3369 2987 3436 Δειξάτωσαν
3037 3364 3132 3422 οὖν
3177 3367 3228 3421 οἱ
3287 3364 3550 3426 Ἰουδαῖοι,
3578 3360 3701 3421 τίνες

2150 3465 2256 3520 υἱοὶ
2283 3463 2466 3518 αὐτῶν
2507 3459 2683 3534 ἧρξαν
2711 3461 2895 3531 πάσης
2928 3459 3029 3529 τῆς
3086 3459 3230 3528 γῆς’
3285 3455 3401 3526 (64)
3443 3453 3478 3524 ἢ
3524 3450 3701 3524 μᾶλλον

2150 3558 2300 3627 πάσῃ
2326 3558 2392 3624 τῇ
2423 3556 2493 3626 γῇ
2522 3552 2854 3608 δουλεύουσι.

2217 3819 2659 3889 Μνησθήσομαι
2690 3813 2799 3871 τοῦ
2837 3811 3135 3884 ὀνόματός
3177 3824 3296 3867 σου
3325 3809 3399 3865 ἐν
3432 3810 3593 3875 πάσῃ
3618 3821 3698 3876 τε·

2149 3911 2259 3982 νεᾷ
2279 3911 2378 3967 καί
2412 3908 2609 3982 γενεᾷ.
2651 3908 2879 3978 Τοῦτοή
2923 3903 3248 3976 Ἐκκλησία,
3281 3903 3442 3974 φησὶ,
3470 3899 3701 3955 τοιούτων

2150 4006 2481 4071 ἀξιωθεῖσαο
2523 4003 2560 4074 ἡ
2606 4000 2975 4062 ἅναδίπλωσις
3013 3997 3074 4052 δὲ
3107 3997 3207 4065 τῆς
3251 3996 3474 4065 γενεᾶς,
3507 3990 3600 4062 τὴν
3633 3989 3700 4049 εἰς

2150 4097 2239 4153 ἀεὶ
2287 4094 2544 4167 διαδοχὴν
2593 4093 2873 4164 σημαίνει.
2914 4089 3026 4144 Καὶ
3075 4087 3184 4160 μὴν
3217 4086 3312 4141 καὶ
3355 4084 3699 4156 μιμνήσκεται

2149 4190 2239 4244 ἀεὶ
2258 4187 2354 4242 τοῦ
2382 4186 2625 4259 Χριστοῦ
2649 4203 2662 4217 ·
2686 4183 2798 4258 (65)
2823 4183 2947 4239 ἐπεὶ
2974 4181 3073 4236 καὶ
3096 4179 3193 4236 ἀπ’
3208 4177 3404 4242 αὐτοῦ,
3425 4171 3697 4248 Χριστιανὴ

2153 4281 2440 4351 κέκληται.

2223 4463 2325 4516 Διὰ
2358 4461 2533 4516 τοῦτο
2559 4456 3114 4528 ἐξομολογήσονταί
3133 4470 3234 4510 σοι
3263 4456 3352 4520 εὶς
3383 4453 3491 4508 τὸν
3514 4449 3697 4508 αἰῶνα.
3720 4443 3723 4448 ’

475 4530 749 4623 Quoniam
785 4530 939 4610 tanta
995 4555 1053 4610 in
1085 4569 1173 4609 me
1223 4552 1566 4624 providentia
1606 4566 1669 4606 ac
1705 4550 1890 4606 studio
1917 4566 2048 4608 usus

2163 4554 2297 4608 Διότι
2355 4551 2627 4623 τοσαύτης
2690 4566 2761 4621 με
2817 4547 3164 4620 προμηθείας
3219 4543 3484 4615 ἠξίωσας,
3538 4539 3697 4608 πλήθη

475 4664 560 4716 es,
602 4645 845 4703 fidelium
882 4645 1068 4716 populi
1112 4645 1242 4699 dum
1278 4644 1459 4700 vivent
1489 4642 1697 4715 gratias
1738 4640 1834 4696 tibi
1891 4650 2052 4712 agent

477 4740 824 4794 innumeras.

548 4826 616 4881 Et
654 4827 710 4878 in
741 4825 995 4886 uetulum
1035 4824 1238 4878 steculi.
1274 4822 1390 4878 Non
1423 4824 1476 4879 in
1536 4824 1790 4895 praesenti
1839 4832 2048 4878 tantum

477 4913 702 4979 saeculo,
751 4912 848 4969 sed
897 4913 1064 4968 etiam
1111 4913 1166 4968 in
1203 4913 1411 4980 futuro,
1450 4913 1598 4983 quod
1642 4913 1902 4969 saeculum
1947 4927 2049 4969 ειε-

480 5005 590 5062 culi
617 5005 843 5070 dicitur,
880 5004 1039 5075 quasi
1071 5003 1311 5062 nobilius
1333 5006 1404 5060 sit
1439 5012 1493 5060 et
1525 5004 1675 5060 nullo
1702 5005 1806 5060 line
1830 5005 2055 5060 conclu-

479 5097 669 5151 datur.

708 5187 776 5243 In
805 5189 961 5258 ﬁnem
997 5204 1093 5258 pro
1121 5188 1252 5259 ﬁliis
1291 5187 1422 5244 Core
1446 5206 1542 5258 pro
1578 5189 1822 5245 occultis.

1004 5364 1331 5422 PSALMUS
1385 5365 1547 5420 XLV.

543 5460 613 5516 In
642 5461 799 5530 ﬁnem
831 5459 1048 5529 quidem
1076 5460 1281 5515 dictum
1317 5469 1422 5524 est,
1449 5460 1577 5530 quia
1609 5459 1907 5530 prophetiae
1928 5475 2047 5530 quae

552 5577 602 5610 ⁸⁸
633 5575 828 5631 Matth.
861 5585 1055 5643 xxvm,
1094 5576 1183 5633 18.

2151 4645 2361 4699 πιστῶν
2390 4641 2849 4716 εύχαριστήσουσί
2908 4657 3015 4706 σοι,
3057 4639 3192 4710 παρ’
3218 4638 3342 4693 ὅλον
3391 4639 3482 4695 τὸν
3513 4631 3702 4703 ἀνθρὼ-

2152 4752 2306 4790 πινον
2334 4699 2489 4807 βίονῗ
2534 4699 2547 4716 ⁸
2676 4699 2691 4714 ⁸
3001 4699 3013 4706 1
3143 4699 3157 4710 1
3493 4783 3512 4796 ί
3609 4699 3621 4703 -
3708 4699 3717 4778 Ι

2218 4827 2329 4883 Kal
2383 4828 2473 4892 εις
2531 4825 2640 4881 τὸν
2667 4825 2857 4880 αἰῶνα
2932 4823 3040 4878 τοῦ
3088 4821 3332 4888 αἰῶνος.
3374 4819 3484 4875 Καὶ
3510 4817 3602 4871 οὐκ
3630 4813 3700 4874 εἰς

2151 4917 2242 4971 τὸν
2279 4914 2376 4971 τοῦ
2407 4915 2682 4986 παρόντος
2705 4916 2915 4986 κόσμου
2938 4914 3114 4970 αίῶνα
3147 4914 3337 4984 μόνον,
3361 4909 3495 4966 ἀλλὰ
3518 4907 3605 4962 καὶ
3629 4904 3700 4964 εἷς

2156 5012 2249 5066 τὸν
2277 5010 2370 5064 τοῦ
2406 5009 2694 5080 μέλλοντος
2719 5025 2734 5040 ο
2769 5002 2925 5070 οὗτος
2957 5007 3064 5076 γὰρ
3115 5005 3314 5068 αἰῶνος
3356 5001 3508 5066 αἰὼν,
3531 4998 3603 5061 ὡς
3631 5011 3703 5048 τι·

2160 5101 2331 5173 μιώτε
2341 5118 2433 5174 ρον
2459 5100 2556 5155 καὶ
2575 5099 2906 5167 ἀπέραντον.

2154 5197 2258 5260 Εἰς
2309 5193 2378 5248 τὸ
2425 5189 2601 5258 τέλος
2630 5190 2784 5261 ὑπὲρ
2825 5189 2945 5244 τῶν
2986 5188 3133 5246 υἱῶν
3172 5187 3348 5258 Κορὲ,
3403 5185 3544 5255 ὑπὲρ
3594 5179 3699 5237 τῶν

2784 5279 3074 5349 κρυφίων.

2711 5372 3005 5427 ΨΔΛΜΟΣ
3042 5369 3176 5426 ME’.

2231 5462 2331 5530 Είς
2379 5465 2442 5519 τὸ
2496 5463 2673 5532 τέλος
2729 5465 2851 5536 μὲν,
2893 5465 2976 5518 ὅτι
3012 5461 3153 5534 πρὸς
3181 5460 3338 5527 τέλος
3359 5458 3546 5532 ὁρῶσιν
3572 5452 3694 5509 ait»

1831 5667 2030 5731 Varias
2074 5667 2402 5739 lectiones.

542 5764 660 5904 (et;
691 5765 891 5821 "16.01.

547 5835 640 5904 (οδ
693 5836 778 5892 Al.
846 5835 891 5891 Ἐ

570 5835 640 5893 65

693 5836 778 5892 Al.
846 5835 998 5891 Ἐπεὶ
1049 5837 1141 5890 καὶ⁸
1195 5835 1290 5892 ἀπ’
1328 5835 1493 5891 αὑτοῦ
1529 5837 1848 5908 Χριστιανοὶ
1891 5837 2209 5907 κέκληνται.
