3866 6564
196 429 324 495 505
949 428 955 434 ’
1405 434 1794 496 COMMENT.
1831 435 1918 495 IN
1957 427 2323 498 PSALMOS.
2385 503 2395 527 ι
2723 427 2734 436 ’
3381 427 3488 496 505

190 545 402 615 τούτῳ
460 547 829 620 προφητεῖαιο
886 546 1253 620 προαγορεύει
1291 548 1349 602 δὲ
1381 551 1484 612 τὰς
1529 549 1674 603 κατὰ
1713 549 1813 620 τῆς

1931 551 2007 606 hic
2040 554 2400 606 continentur
2429 549 2495 606 ad
2533 549 2697 606 finem
2745 549 3062 606 tendebant.
3099 545 3358 604 Pra‘edicit
3387 563 3491 604 au-

203 639 582 740 ⁹ξκκλησεας
614 642 674 694 ὲν
705 641 849 712 ἀρχῇ
879 641 975 695 τοῦ
1006 639 1372 712 κηρύγματος
1406 641 1812 705 ἐπαναστάσεις

1931 652 2033 698 tem
2067 642 2155 697 hic
2175 643 2422 712 psalmus
2445 641 2660 698 futuros
2687 643 2951 700 adversus
2974 641 3278 698 Ecclesiam
3311 638 3491 697 insul-

191 731 316 781 τῶν
347 733 679 802 τυράννων,
729 733 824 786 καὶ
860 732 960 804 τὴν
990 733 1198 800 ταύτης
1226 732 1527 806 ὑπομονὴν,
1573 733 1667 786 καὶ
1711 731 1811 802 τὴν

1931 735 2176 803 tuszqui
2225 749 2346 790 mox
2379 735 2448 788 ab
2495 735 2824 805 evangelica:
2872 732 3282 804 praedicationis
3329 731 3491 787 initio

193 822 430 894 ἐφεξῆς
501 827 748 895 εἰρήνην.
812 825 905 878 Διδ
967 825 1062 879 καὶ
1125 825 1266 896 μετά
1317 826 1412 879 τὸν
1465 819 1813 896 προλαϐόντα

1931 827 2232 884 concitandi
2283 837 2486 882 erant.
2529 825 2706 895 Ipsius
2766 826 2928 881 etiam
2969 825 3222 881 Ecclesiae
3277 826 3492 894 patien-

191 913 456 980 δικαίως
523 919 826 970 τέτακταιο
878 919 1086 980 ἐκεῖνος
1147 919 1250 987 μὲν
1287 919 1420 988 γὰρ,
1462 917 1564 988 τὴν
1617 917 1813 986 κλῆσιν

1931 920 2051 975 tiam
2122 928 2177 974 et
2255 933 2441 987 pacem
2523 919 2741 973 demum
2817 926 3081 974 secutam.
3147 915 3300 971 llnde
3380 929 3490 970 non

195 1005 399 1074 αὐτῆς
447 1009 742 1078 περιέχει·
777 1002 934 1071 οὗτος
967 1009 1045 1073 δὲ,
1071 1011 1139 1062 τὰ
1169 1010 1308 1079 μετὰ
1327 1009 1428 1080 τὴν
1456 1010 1673 1079 κλῆσιν.
1710 1009 1811 1061 Ἕν

1931 1008 2198 1064 immerito
2237 1016 2363 1076 post
2393 1007 2792 1077 praecedentem
2853 1005 3123 1076 psalmum
3166 1006 3488 1060 collocatur.

191 1113 317 1200 {tu}
355 1099 426 1152 δὲ
477 1100 592 1154 τῶν
648 1099 894 1171 ἀρχαιων
921 1101 1295 1170 ἀντιγράφων,
1334 1101 1432 1172 οὐχ
1477 1099 1659 1169 ’Υπὲρ
1693 1100 1813 1154 τῶν

1931 1100 2018 1156 Ille
2045 1101 2194 1156 enim
2225 1099 2486 1156 Ecclesiae
2517 1101 2867 1155 vocationem
2897 1099 3163 1162 continet,
3189 1098 3277 1152 hic
3306 1107 3491 1152 autem

193 1188 364 1244 υἱῶν
405 1191 588 1260 Κορὲ,
652 1191 788 1245 ἀλλὰ
826 1191 959 1258 Τοῖς
985 1194 1142 1258 υιοῖς
1172 1192 1341 1261 Κορὲ,
1401 1193 1809 1262 ιπεγέγραπτο.

1931 1208 1984 1248 ea
2013 1208 2134 1264 qua:
2167 1204 2291 1263 post
2319 1198 2662 1248 vocationem
2697 1191 2988 1249 subsecuta
3017 1199 3166 1246 sunt.
3196 1188 3254 1245 ln
3291 1189 3494 1258 aliqui-

194 1283 313 1335 Ka‘t
343 1283 550 1354 δῆλον,
581 1285 658 1348 ὡς
688 1284 825 1357 λήθῃ
857 1285 1018 1339 τοῦτο
1057 1285 1153 1340 τοῦ
1179 1288 1304 1340 κατ’
1333 1287 1510 1356 ἀρχὰς
1534 1285 1815 1355 μεταγρά-

1931 1285 2025 1339 bus
2061 1294 2241 1339 autem
2264 1285 2543 1338 veteribus
2564 1280 2972 1352 exemplaribus
3010 1281 3335 1350 inscriptum
3365 1288 3487 1334 est:

189 1373 446 1444 ψαντος.
481 1377 591 1445 ἀφ’
623 1371 686 1431 οῦ
713 1394 858 1441 τινος
892 1377 1105 1449 διεδόθη
1150 1379 1406 1449 καὶπρὸς
1435 1379 1564 1441 τοὺς
1593 1379 1808 1440 ἄλλους.

1931 1375 2075 1431 Fitiis
2133 1375 2269 1430 Core
2310 1391 2330 1430 :
2383 1377 2592 1445 absque
2651 1374 2740 1428 illa
2798 1374 3038 1429 dictione
3105 1388 3242 1441 pro;
3299 1385 3488 1426 verum

191 1467 526 1536 Δυνάμεθα
550 1467 608 1522 δὲ
635 1469 732 1521 καὶ
758 1467 934 1530 οὕτως
958 1468 1296 1540 ἑρμηνεῦσαι
1325 1469 1426 1539 τὴν
1472 1469 1809 1540 ἐπιγραφὴν,

191 1558 305 1628 τὴν
345 1560 526 1628 ὑπὲρ
555 1561 815 1631 πρόθεσιν
849 1563 968 1616 ἀντὶ
992 1563 1090 1633 τῆς
1120 1561 1220 1615 διά
1247 1562 1641 1632 λαμϐάνοντες·
1676 1557 1810 1628 οἷον,

192 1650 304 1703 Διὰ
355 1650 497 1704 τῶν
520 1650 666 1706 υιῶν
698 1652 870 1722 Κορέ.
915 1652 1191 1723 Ἐπονήθη
1228 1653 1327 1723 μὲν
1367 1653 1477 1724 γὰρ
1505 1652 1583 1724 τῷ
1624 1653 1810 1718 Δαεὶδ,

193 1740 553 1813 ὶμελῳδήθη
611 1744 690 1808 δὲ,
731 1744 820 1797 διὰ
847 1745 960 1798 τῶν
1008 1745 1142 1798 υἱῶν
1189 1745 1368 1813 Κορέ·
1397 1745 1532 1814 φασὶ
1561 1744 1671 1815 γὰρ
1711 1744 1814 1816 τὴν

1931 1756 1982 1801 ut
2013 1747 2086 1802 sit
2119 1761 2316 1802 sensus
2343 1787 2359 1813 ,
2398 1745 2544 1816 quod
2609 1761 2703 1817 per
2756 1743 2929 1798 Filios
2987 1742 3122 1798 Core
3169 1742 3496 1797 decantatus

205 1833 545 1936 Ἱιὶσραῖκὴν
567 1835 712 1902 λέξιν
749 1838 844 1891 καὶ
862 1837 946 1900 τὸ,
970 1838 1072 1891 Διὰ
1089 1836 1210 1891 τῶν
1225 1835 1394 1902 υιῶν,
1413 1838 1510 1892 καὶ
1529 1837 1614 1901 τὺ,
1629 1835 1812 1906 ’Υπὲρ

1931 1848 2004 1896 est
2034 1839 2123 1896 hic
2141 1840 2409 1912 psalmus,
2439 1839 2654 1896 tametsi
2687 1837 3027 1907 compositus
3058 1851 3087 1889 a
3109 1833 3299 1890 David.
3327 1833 3498 1886 Aiunt

200 1924 337 1980 τῶν
370 1926 540 1982 υιῶν
565 1929 769 1998 ὁμοίως
826 1929 1140 1999 σημαίνειν.
1184 1929 1354 1997 ’Υπὲρ
1391 1927 1514 1983 τῶν
1541 1929 1814 1997 κρυφίων

1931 1933 2064 1987 enim
2097 1906 2540 2004 praepositionem
2580 1933 2720 1986 hanc
2751 1906 2894 1999 apud
2929 1927 3187 1982 Hebraeos
3241 1925 3294 1979 in
3344 1931 3497 1978 utra-

195 2018 281 2083 δὲ,
309 2019 460 2072 ἀντὶ
491 2020 588 2073 τοῦ
621 2022 758 2091 Περὶ
801 2021 914 2074 τῶν
943 2021 1350 2092 κεκρυμμένων
1391 2022 1507 2084 τοῖς
1553 2020 1772 2083 πολλοῖς
1793 2037 1810 2054 ο

1931 2039 2027 2094 que
2071 2025 2199 2094 poni
2261 2023 2686 2095 significatione.
2742 2020 2898 2088 Quod
2930 2035 3060 2074 vero
3111 2019 3234 2072 ait:
3269 2016 3378 2071 Pro
3408 2031 3497 2068 oc-

195 2112 612 2182 αῐνιγματὼδη
671 2113 782 2184 γὰρ
833 2115 895 2166 ἂν
928 2113 1105 2185 τούτῳ
1147 2113 1214 2167 τὰ
1251 2113 1446 2170 πολλά.
1491 2113 1719 2184 Εἴρηται
1754 2112 1811 2166 δι

1931 2117 2101 2182 'ultis,
2165 2133 2400 2188 expone,
2442 2117 2496 2172 id
2549 2123 2655 2182 est,
2707 2115 2772 2169 de
2825 2113 3069 2168 occultis.
3123 2109 3308 2165 Multis
3349 2107 3495 2162 enim

197 2206 522 2276 προσώπῳ
553 2205 663 2258 τῶν
695 2206 1035 2267 ἀποστόλων.
1077 2207 1172 2259 καὶ
1200 2207 1308 2259 τῶν
1342 2205 1666 2277 μαρτύρων.

1931 2210 2159 2274 occulta,
2185 2209 2289 2264 hoc
2327 2217 2434 2273 est,
2489 2210 2726 2263 obscura
2764 2216 2930 2274 atque
2964 2205 3148 2272 ignota
3181 2209 3332 2266 sunt,
3376 2212 3499 2270 qua:

199 2297 256 2350 in
281 2296 408 2350 hoc
441 2295 659 2366 psalmo
685 2298 1062 2363 continentur,
1093 2297 1397 2354 eﬂ‘eruntur
1423 2306 1608 2353 autem
1665 2297 1829 2367 hujus
1870 2301 2066 2370 psalmi
2118 2303 2285 2358 verba
2323 2318 2390 2358 ex
2429 2300 2807 2372 apostolorum
2847 2311 2947 2352 seu
3014 2301 3319 2363 martyrum
3370 2305 3497 2360 per-

199 2403 383 2444 sona.

285 2482 354 2536 ⁸0
406 2483 558 2551 Θεὸς
616 2483 807 2554 ἡμῶν,
864 2486 1182 2558 καταφυγὴ
1257 2485 1356 2540 καὶ
1411 2484 1687 2553 δύναμις.
1753 2482 1814 2538 '0

1988 2483 2151 2540 Vens.
2181 2482 2237 2537 Ξ.
2269 2481 2406 2536 Deus
2435 2488 2614 2535 noster
2638 2478 2903 2549 refugium
2927 2485 2977 2532 et
3011 2477 3201 2530 virtus.
3239 2471 3496 2528 Christus

201 2571 470 2642 Χριστὸς
496 2573 575 2635 εἰς
610 2571 670 2626 ὃν
710 2574 874 2642 ἡμεῖς
911 2573 1388 2644 πεπιστεύκαμεν,
1412 2571 1678 2642 φεύγουσι
1715 2571 1816 2640 μὲν

1931 2594 1972 2633 n
2014 2592 2176 2648 quem
2203 2576 2507 2640 credimus,
2549 2581 2605 2628 et
2635 2571 2906 2642 refugium
2947 2567 3109 2624 nobis
3133 2576 3238 2630 est,
3276 2564 3497 2636 quoties

204 2664 384 2733 ἡμῖν,
417 2665 721 2736 καταφυγή
764 2665 914 2719 ἐστιν
933 2680 949 2696 ⁶
979 2666 1404 2736 ἀνθισταμένοις
1433 2665 1513 2729 δὲ,
1545 2663 1776 2732 δύναμις
1798 2679 1813 2694 ο

1931 2670 1984 2725 Ib
2015 2669 2254 2724 inimicis
2276 2667 2550 2738 fugamur,
2575 2671 2632 2718 et
2655 2664 2834 2718 virtus
2863 2661 3052 2724 etiam,
3078 2660 3181 2714 hoc
3199 2667 3303 2718 est.
3327 2656 3498 2711 robur

1921 1475 2071 1538 patet
2123 1469 2175 1522 id
2219 1467 2469 1522 effectum
2513 1483 2638 1523 esse
2702 1466 2990 1536 scriptoris
3035 1464 3270 1528 incuria,
3321 1477 3352 1518 a
3383 1474 3494 1531 quo

1920 1577 2078 1617 error
2119 1560 2174 1615 in
2205 1568 2437 1616 caeteros
2469 1561 2769 1616 emanavit.
2802 1557 3107 1614 Possumus
3135 1557 3299 1612 etiam
3325 1569 3496 1624 expo-

1920 1669 2054 1710 nere
2093 1654 2537 1725 praepositionent
2605 1671 2724 1724 pro,
2751 1654 2874 1707 loco
2930 1650 3334 1722 praepositionis
3379 1663 3493 1716 per,

207 2756 392 2820 αῦτδς
421 2755 539 2829 γὰρ
565 2757 872 2812 ἐνετείλατο
898 2759 1125 2828 φεύγειν
1143 2759 1266 2828 μὲν,
1292 2758 1421 2822 τοὺς
1449 2757 1814 2828 πειρασμούςο

1931 2779 2012 2819 seu
2038 2767 2306 2832 potestas,
2339 2759 2558 2828 quoties
2591 2756 2855 2827 impetum
2890 2754 3110 2808 illorum
3148 2749 3494 2806 sustinentes

206 2849 611 2917 ἐμπίπτοντας
632 2849 710 2914 δὲ,
746 2849 1110 2907 ἀνθίστασθαι
1137 2851 1206 2906 δι’
1237 2849 1541 2921 ὑπομονῆς·
1569 2847 1712 2902 ὥστε
1738 2847 1814 2920 μὴ

1931 2855 2256 2911 resistimus.
2311 2853 2432 2922 Ipse
2461 2853 2608 2906 enim
2662 2856 2718 2903 et
2751 2845 3111 2902 tentationem
3183 2843 3368 2912 fugere
3403 2855 3504 2895 nos

207 2940 504 3012 ἡττᾶσθαι
532 2940 764 2997 τούτων.

1931 2948 2109 3015 iussit,
2144 2955 2198 3001 et
2244 2944 2582 3000 irruentibus
2627 2942 2682 2996 in
2723 2955 2826 2996 nos
2858 2937 3122 3002 inimicis,
3160 2949 3258 3006 per
3288 2934 3500 3005 patien-

1921 3041 2054 3095 tiam
2084 3038 2368 3101 resistere,
2399 3051 2469 3090 ne
2501 3034 2568 3089 ab
2601 3033 2709 3088 illis
2731 3045 3080 3101 superemur.

293 3139 548 3208 Βοηθὸς
563 3140 630 3195 ἐν
641 3139 889 3210 θλίψεσι
909 3140 1038 3207 ταῖς
1053 3139 1374 3208 εὐρούσαις
1391 3136 1548 3208 ἡμᾶς
1563 3136 1822 3206 σφόδρα.

1992 3130 2228 3200 Adjutor
2275 3129 2330 3182 in
2398 3125 2831 3180 tribulationibus
2890 3137 3008 3192 qua
3052 3121 3362 3173 invenerunt
3408 3131 3504 3170 nos

218 3233 301 3287 Τὸ
333 3231 612 3302 Σφόδρα,
642 3208 781 3302 πρὸς
804 3230 887 3296 τὸ,
923 3230 1178 3298 Βοηθὸς,
1198 3229 1526 3282 ἀποδίδωσιν
1553 3229 1582 3280 ὁ
1612 3225 1823 3295 Χρυσό-

1931 3223 2098 3279 υαιάε.
2131 3220 2442 3276 Dictionem
2474 3216 2660 3279 Valde,
2687 3215 3124 3285 Chrysostomus
3155 3208 3499 3264 referendam

223 3342 472 3397 στομος.
509 3325 712 3377 Σκόπει
761 3323 840 3388 δὲ,
879 3323 962 3376 δτι
996 3322 1053 3374 αἱ
1089 3321 1300 3392 θλίψεις
1340 3319 1655 3392 εὑρίσκουσι
1695 3317 1823 3380 τοὺς

1931 3331 2048 3372 esse
2076 3313 2210 3370 dicit
2260 3312 2327 3367 ad
2365 3311 2664 3365 dictionem
2714 3306 2970 3375 Adjutor.
3005 3304 3143 3357 Illud
3183 3317 3330 3356 nunc
3371 3315 3506 3355 con-

221 3421 384 3474 κατὰ
432 3417 572 3471 Θεδν
597 3416 828 3484 ζῶντας,
852 3415 1295 3471 καταδιώκουσαι
1315 3415 1538 3478 αὐτοὺς,
1567 3411 1660 3466 τοῦ
1683 3411 1821 3464 Θεοῦ

1931 3406 2380 3472 sidera,docente
2403 3410 2454 3456 te
2477 3400 2749 3470 Propheta
2770 3404 2988 3459 nostro,
3018 3394 3163 3464 quod
3181 3391 3506 3447 alnictiones

221 3510 754 3583 παραχωροῦντος,
815 3481 905 3565 iva
959 3509 1401 3580 γυμνασθέντες,
1467 3503 1823 3576 δοκιμώτεροι

1931 3508 1984 3556 et
2010 3497 2356 3554 calamitates
2413 3491 2664 3547 invenire
2721 3504 2818 3543 eos
2843 3487 3096 3541 homines
3142 3485 3377 3548 soleant,
3407 3481 3503 3552 qui

217 3571 532 3672 γένωνται.
561 3601 634 3655 Ἢ
651 3571 864 3669 θλίψις
889 3571 1244 3671 γὰρίφησὶν,
1269 3571 1823 3668 ὑπομονὴντκατέρ-

1931 3593 2119 3647 vivunt
2152 3585 2458 3644 secundum
2497 3583 2669 3637 Deum
2705 3579 3005 3650 :quodque
3039 3573 3389 3646 permittente
3422 3571 3506 3627 sie

217 3693 472 3764 νάξεται
493 3709 507 3724 ο
539 3693 578 3761 ἡ
620 3691 689 3746 δὲ
717 3691 1022 3762 ὑπομονὴ,
1055 3690 1335 3761 δοκιμήν.
1384 3689 1443 3744 '0
1476 3690 1584 3762 γὰρ
1601 3687 1736 3750 Θεὸς
1760 3684 1821 3738 οὗ

222 3784 444 3838 κωλύει
482 3782 584 3854 μὲν
623 3782 752 3846 τοὺς
782 3782 1153 3854 πειρασμοὺς,
1184 3781 1274 3836 διὰ
1294 3781 1395 3852 τὴν
1433 3780 1697 3852 ῥηθεῖσαν
1736 3777 1825 3833 αι-

222 3877 357 3931 τίαν
381 3891 397 3905 ⁶
427 3877 693 3930 ἐπιόντων
725 3875 804 3940 δὲ,
837 3875 1174 3946 παρίσταται
1201 3873 1420 3945 βοηθός.

1930 3685 2064 3750 Deo,
2099 3696 2196 3737 eos
2215 3685 2648 3751 persequuntur,
2679 3682 2737 3728 ut
2775 3671 3174 3727 exercitatione
3211 3664 3504 3737 probatio.-

1928 3793 2017 3832 res
2047 3774 2199 3830 fiant.
2241 3768 2546 3826 Tributatio
2585 3767 2756 3830 enim,
2805 3763 3005 3833 inquit,
3049 3761 3362 3831 patientiam
3384 3771 3508 3824 ope-

1933 3878 2111 3932 ratur,
2143 3865 2406 3935 patientia
2451 3877 2568 3916 vero
2598 3858 2963 3928 probationem
2985 3854 3060 3909 ".
3102 3850 3215 3905 liac
3245 3848 3311 3902 de
3342 3859 3508 3900 causa

227 3976 386 4029 Deus
415 3975 768 4044 insurgentes
825 3971 880 4028 in
937 3985 1041 4028 nos
1094 3972 1456 4040 tentatioues,
1487 3987 1599 4028 non
1628 3970 1813 4028 statim
1846 3967 2122 4041 prohibet,
2203 3961 2300 4019 sed
2361 3974 2487 4015 cum
2543 3954 2888 4018 advenerint,
2920 3966 3078 4022 apem
3132 3961 3290 4003 suam
3347 3941 3506 3998 nobis

224 4065 533 4137 impendit.

302 4161 414 4218 Διὰ
434 4161 613 4217 τοῦτο
638 4162 708 4217 οὐ
729 4161 1194 4232 φοϐηθησόμεθα
1208 4160 1279 4216 ἐν
1307 4161 1385 4226 τῷ
1407 4163 1820 4230 ταράσσεσθαι

224 4259 353 4325 τὴν
369 4254 517 4326 γῆν,
536 4254 633 4308 καὶ
651 4255 1072 4324 μετατίθεσθαι
1093 4253 1200 4322 ὄρη
1222 4254 1294 4307 ἐν
1308 4252 1574 4322 καρδίαις
1593 4255 1821 4307 θαλασ-

227 4348 392 4404 σῶν.
419 4345 596 4399 Τοῦτο
614 4347 676 4400 τὺ
702 4346 928 4417 χωρίον,
957 4345 1082 4400 οὔτε
1115 4347 1144 4400 ὁ
1168 4345 1341 4416 μέγας
1363 4346 1645 4408 Βασίλειος
1677 4343 1821 4398 κατά

230 4437 542 4510 ἀναγωγὴν
560 4437 738 4508 ἔσχεν,
768 4435 894 4492 οὔτε
926 4441 953 4492 ὁ
978 4438 1389 4508 Χρυσόστομος,
1422 4437 1561 4493 ἀλλὰ
1596 4435 1821 4508 συμφώ-

231 4529 349 4594 νως
380 4524 560 4589 εἷπον,
601 4529 684 4582 ὅτι
720 4528 972 4596 λέγουσιν
1001 4530 1050 4583 oi
1080 4530 1249 4598 ἅγιοι,
1279 4529 1354 4593 ὡς
1393 4530 1500 4601 ἄρα
1536 4528 1631 4582 τοῦ
1681 4530 1821 4598 Χρι-

232 4617 372 4673 στοῦ
422 4617 748 4688 βοηθοῦντος
797 4619 934 4690 ἡμῖν
968 4619 1196 4689 σφόδρα,
1227 4619 1484 4673 οὐδέποτε
1515 4618 1822 4692 φοϐηθησό-

234 4709 411 4780 μεθα,
467 4707 578 4760 οὐδ’
628 4708 676 4761 εἰ
723 4709 876 4762 πᾶσα
922 4711 956 4780 ἠ
1011 4709 1080 4778 γῆ
1141 4708 1541 4782 συνταραχθείη
1576 4710 1820 4779 σεισμοῖς

1999 4153 2170 4210 Vnus.
2201 4152 2254 4208 '5.
2287 4153 2577 4218 Propterea
2622 4161 2726 4198 non
2763 4138 3063 4196 timebimus
3093 4134 3220 4186 dum
3258 4129 3505 4184 turbatur

1927 4265 2091 4316 terra,
2147 4260 2197 4305 et
2251 4247 2652 4316 transferuntur
2693 4247 2894 4293 montes
2939 4236 2993 4288 in
3041 4232 3201 4286 corda
3255 4225 3505 4279 marium.

1928 4344 2133 4398 Locum
2171 4341 2344 4402 hunc,
2368 4351 2472 4392 nec
2504 4347 2736 4404 magnus
2766 4326 3022 4387 Basilius,
3047 4336 3148 4376 nec
3176 4319 3511 4388 Chrysoslo-

1931 4452 2053 4490 mus
2096 4433 2252 4503 juxta
2287 4441 2570 4499 anagogen
2619 4427 2926 4488 exponunt,
2961 4414 3055 4470 sed
3091 4426 3200 4466 uno
3230 4423 3325 4463 ore
3353 4405 3507 4503 jus-ta-

1928 4493 2164 4581 litteram
2197 4493 2424 4575 tantuuf
2443 4493 2634 4570 dicunt
2662 4554 2677 4578 ,
2703 4511 2870 4564 verba
2903 4508 3019 4560 haec
3051 4508 3366 4556 sanctorum
3399 4493 3508 4548 dici

1927 4628 2186 4688 persona,
2242 4609 2550 4672 fatentium,
2599 4601 2745 4674 quod
2789 4599 3012 4654 Christo
3053 4608 3150 4648 eos
3213 4588 3507 4658 adiuvante

1930 4678 2210 4776 nunquam
2264 4701 2560 4763 timebunt,
2618 4708 2796 4764 neque
2830 4691 2874 4746 si
2912 4689 3173 4742 universa
3197 4689 3346 4736 terra
3371 4678 3505 4732 hor-

236 4774 538 4869 iﬁouaiotc,
567 4800 676 4855 οὐδ’
699 4803 749 4854 ει
770 4801 840 4855 τὰ
865 4774 966 4873 ὅρη
1123 4774 1360 4872 φυσικης
1383 4774 1544 4875 ἕδρας
1564 4774 1813 4857 ἀνασπα-

1931 4774 2114 4856 rendis
2151 4793 2498 4851 concutiatur
2541 4783 2968 4845 tememotibus,
2997 4791 3177 4846 neque
3221 4774 3267 4828 si
3297 4779 3512 4826 montes

242 4895 476 4956 σθέντα.
533 4895 614 4958 εις
659 4895 730 4950 τὰ
783 4895 924 4968 βάθη
970 4895 1073 4965 τῆς
1119 4895 1400 4967 θαλάσσης
1441 4897 1829 4964 ἀποσφενδονι-

1923 4907 1953 4947 a
2010 4887 2312 4947 stabilitate
2346 4897 2411 4938 ac
2450 4881 2580 4938 sede
2612 4893 2713 4934 sua
2760 4870 3002 4929 naturali
3047 4865 3271 4929 divulsi,
3303 4863 3358 4916 in
3386 4874 3512 4928 pro-

239 4951 551 5043 σθεῖενέἘῑ
587 4951 643 5041 δὲ
692 4951 804 5041 τῶν
839 4951 1121 5059 στοιχείων
1160 4987 1303 5042 οὕτω
1345 4951 1727 5059 σῦγχεομένων
1763 4987 1823 5041 οὺ

1931 4984 2152 5040 fundum
2208 4977 2378 5033 maris
2425 4972 2857 5030 transferantur.
2900 4966 2979 5019 Ac
3035 4963 3082 5018 si
3134 4951 3509 5016 dicerent:Si

235 5079 521 5149 δεῑσομεν,
569 5079 749 5150 πολλῷ
781 5080 985 5151 μᾶλλον
1019 5081 1140 5134 οὐδὲ
1173 5080 1281 5134 τῶν
1322 5081 1600 5152 τυράννων
1632 5081 1823 5134 sittu-

239 5172 512 5242 θειμένων
542 5173 697 5244 ἡμῖν.
731 5173 896 5226 Ὅθεν
937 5172 1032 5227 καὶ
1083 5171 1294 5236 Παῦλος
1338 5171 1492 5241 Ιλεγε
1530 5170 1642 5242 (66)
1673 5184 1689 5200 ⁸
1734 5170 1830 5234 Τίς

240 5265 406 5335 ἡμᾶς
431 5265 720 5428 ἢχωρήσει
767 5265 886 5320 ἀπὸ
931 5263 1037 5333 τῆς
1090 5261 1330 5334 ἀγάπης
1375 5262 1482 5319 τοῦ
1532 5259 1829 5331 Χριστοῦ;

240 5358 400 5425 τόδε;
497 5357 654 5424 τόδε;

319 5647 369 5680 ⁸⁸
397 5646 563 5704 Rom.
590 5664 644 5714 ν,
671 5648 726 5704 3.
803 5648 850 5681 "
875 5646 1034 5702 Rom.
1071 5660 1190 5712 rm,
1222 5647 1314 5704 35.

1927 5070 2217 5131 elementis
2266 5067 2405 5122 adeo
2461 5062 2715 5120 confusis
2756 5053 3104 5114 l'ormidaturi
3155 5065 3262 5104 non
3295 5059 3510 5104 sumus,

1928 5165 2102 5219 multo
2155 5161 2340 5218 minus
2377 5152 2796 5226 insurgentibus
2831 5150 2885 5204 in
2921 5162 3023 5202 nos
3053 5139 3303 5215 tyrannis
3337 5135 3511 5203 trepi-

1925 5255 2203 5313 dabimus.
2243 5251 2397 5307 Unde
2418 5249 2585 5304 etiam
2611 5243 2912 5316 Apostolus
2953 5236 3172 5292 dicebat
3209 5242 3224 5283 :
3257 5228 3389 5294 Quis
3415 5242 3510 5280 nos

1933 5347 2203 5419 separabit
2225 5361 2256 5399 a
2275 5343 2535 5398 charitate
2551 5337 2791 5394 Christi?
2812 5329 3132 5404 [tribulatio,
3151 5339 3220 5376 an
3241 5319 3508 5390 angustia,

1933 5411 2006 5496 an
2065 5440 2254 5509 fames,
2293 5454 2360 5491 an
2388 5435 2624 5494 auditas,
2659 5446 2726 5483 an
2755 5422 3070 5497 periculum,
3105 5434 3172 5472 an
3197 5411 3511 5487 persecutio,

1933 5551 2000 5587 an
2024 5532 2236 5604 gladius
2262 5531 2304 5564 ⁵¹
2329 5529 2352 5582 ?
2376 5537 2430 5584 ct
2462 5540 2583 5597 qua:
2608 5523 2682 5579 ibi
2718 5510 3076 5590 sequuntur.]

1596 5736 1798 5799 Varia)
1852 5735 2178 5800 lectiones.

325 5870 436 5944 (66)
463 5869 652 5930 Graeca
679 5872 843 5930 verba
875 5871 955 5930 sic
979 5871 1179 5930 habent
1213 5885 1228 5928 :
1260 5869 1495 5939 hoccine,
1538 5884 1606 5924 an
1635 5865 1770 5923 illud
1803 5864 1938 5923 .'Sic
1969 5866 2112 5924 alius
2139 5864 2332 5922 codex.
