3866 6582
430 413 539 481 507

1659 412 2041 472 EUTl-IYMII
2079 414 2437 475 ZIGABENI
2473 429 2478 434 '
3569 416 3659 477 5M

505 538 671 593 Vsus.
695 538 748 592 4.
783 535 1076 592 Sonuerunt
1109 541 1157 585 et
1192 530 1418 585 turbata:
1443 539 1560 584 sunt
1615 545 1766 598 aqua
1803 544 2004 593 eorum,

2183 531 2458 597 Ἦχησαν
2487 528 2587 583 καί
2616 529 3040 597 ἐταράχθησαν
3084 529 3154 583 τὰ
3193 529 3385 582 ὕδατα
3443 529 3658 584 αὐτῶν·

431 627 736 682 sonturbati
767 633 888 678 sunt
920 630 1122 676 montes
1149 621 1206 676 in
1233 620 1546 688 fortitudine
1566 619 1701 689 ejus.
1734 619 2000 689 Omnipo-

438 730 582 782 tens,
639 716 920 786 inquiunt,
988 715 1147 769 nobis
1201 713 1406 768 auxilio
1453 722 1555 767 est.
1623 712 2004 782 Szepenumero

437 808 583 862 enim
611 806 843 858 marium
878 804 1078 858 ﬂuctus
1115 803 1457 858 fremuerunt
1489 802 1916 871 conturbatique
1950 809 2003 856 et

435 900 696 956 commoti
732 907 885 958 sunt,
916 896 1338 951 eﬂervescentes
1368 895 1632 950 nimirum
1673 895 2002 950 irruentium

438 1003 725 1047 ventorum
751 991 802 1043 vi
841 1002 856 1041 :
891 999 1107 1043 montes
1136 989 1299 1042 etiam
1329 1002 1719 1054 nonnunquam
1747 986 2002 1045 concussi

441 1090 593 1140 sunt.
632 1082 826 1138 Omnia
875 1089 1057 1134 autem
1101 1081 1211 1134 haec
1243 1088 1514 1148 potestate
1549 1080 1638 1134 Dei
1675 1080 2002 1136 adiciuntur.

439 1175 594 1231 Unde
617 1174 745 1228 alibi
777 1173 941 1226 etiam
973 1172 1047 1224 ait
1079 1189 1093 1232 ;
1127 1171 1232 1235 Qui
1259 1172 1518 1224 convertis
1541 1173 1860 1242 profundum
1893 1188 2006 1225 ma-

435 1270 511 1322 ris
529 1269 596 1320 '3.
615 1269 747 1320 Item
769 1282 785 1320 :
811 1264 916 1330 Qui
935 1266 1144 1334 respicit
1163 1275 1356 1318 terram
1372 1274 1420 1320 et
1440 1265 1566 1332 facit
1581 1280 1696 1318 eam
1719 1267 2002 1319 tremere”.

437 1359 605 1414 Maria
628 1366 808 1412 autem
836 1358 889 1411 in
916 1357 1110 1426 plurali
1135 1373 1366 1412 numero
1385 1356 1537 1420 dicit,
1557 1356 1711 1425 juxta
1730 1354 2008 1414 Hebralca:

439 1455 638 1523 linguae
677 1455 1158 1514 consuetudinem.
1205 1460 1263 1506 ut
1297 1451 1422 1505 alibi
1455 1450 1715 1506 diximus.
1752 1451 1870 1516 Vel,
1914 1466 2008 1520 per

433 1550 636 1613 maria,
677 1550 862 1602 varios
897 1548 1064 1602 maris
1143 1546 1299 1601 sinus
1335 1553 1428 1599 aut
1464 1554 1675 1600 tractus
1731 1544 2005 1612 intelligit.

438 1641 609 1694 Veluti
641 1639 898 1702 (Eccum,
953 1638 1197 1692 ionicum
1252 1645 1307 1690 et
1358 1637 1495 1692 alios
1535 1637 1868 1705 huiusmodi.
1897 1636 2007 1692 Nec

439 1742 623 1786 tamen
678 1733 777 1785 abs
814 1747 874 1786 re
903 1729 1088 1791 fuerit,
1126 1729 1210 1783 his
1248 1729 1430 1784 verbis
1463 1729 1814 1798 anagogicum
1841 1728 2005 1784 etiam

437 1833 662 1872 sensum
719 1818 1136 1874 accommodare
1164 1835 1180 1872 :
1204 1817 1318 1871 Non
1354 1818 1692 1881 timebimus.
1729 1819 2004 1889 inquiunt.

439 1912 572 1966 dum
599 1911 850 1965 turbatur
879 1919 1046 1976 terra,
1069 1909 1172 1964 hoc
1195 1919 1298 1974 est,
1320 1911 1448 1966 dum
1483 1910 1698 1982 tyranni
1721 1919 1775 1966 et
1804 1911 2006 1966 subditi

435 2015 636 2056 eorum.
661 2002 842 2070 populi
869 2009 1090 2056 terrena
1123 2003 1400 2070 sapientes
1427 2002 1815 2058 turbabuntur.
1843 2001 2007 2075 [Tur-

441 2094 554 2147 bati
589 2102 770 2149 autem
806 2101 953 2155 sunt,
986 2093 1209 2162 antiqua
1249 2108 1313 2148 ac
1339 2095 1512 2161 patria
1544 2109 1736 2149 eorum
1772 2111 2006 2151 conver-

433 2187 652 2242 satione
669 2185 1289 2253 immutata.)Quinimo,
1312 2202 1489 2254 neque
1509 2187 1674 2244 etiam
1697 2189 2008 2245 timebimus

437 2277 569 2331 dum
599 2286 834 2339 montes,
869 2277 992 2341 hoc,
1026 2288 1132 2343 est,
1170 2279 1392 2347 superbi
1433 2280 1673 2348 elatique
1695 2281 1900 2344 animo,
1943 2297 2008 2337 ac

443 2376 718 2422 tumentes
762 2368 1059 2430 dtemones,
1086 2369 1140 2422 in
1167 2371 1621 2424 amarescentium
1648 2385 1711 2423 ac
1734 2371 1898 2424 maris
1926 2373 2010 2425 in-

432 2468 556 2516 star
574 2460 1050 2515 infructuosorum
1074 2461 1354 2516 hominum
1372 2461 1536 2515 corda
1557 2462 1954 2518 transferentur
1991 2482 2005 2528 ;

444 2553 546 2606 hoc
575 2561 681 2615 est,
712 2553 840 2606 dum
881 2553 1096 2608 irruere
1123 2567 1220 2607 eos
1242 2553 1570 2617 videbimus,
1610 2554 1662 2607 in
1697 2553 2009 2622 huiusmodi

441 2643 712 2707 homines,
765 2645 840 2698 ita
889 2652 948 2698 ut
991 2643 1058 2698 ad
1114 2645 1353 2697 furorem
1385 2659 1480 2698 eos
1528 2654 1694 2711 atque
1741 2647 2008 2700 insaniam

441 2740 847 2796 commoveant,
881 2743 935 2787 et
991 2733 1187 2789 servire
1230 2746 1328 2787 eos
1373 2733 1538 2786 etiam
1563 2742 1766 2801 cogant
1797 2735 1852 2789 in
1888 2750 2010 2791 nos.

443 2822 613 2876 Multa
663 2822 806 2877 enim
855 2823 1170 2891 hujusmodi
1207 2823 1350 2880 facta
1402 2825 1576 2880 fuisse
1624 2826 1919 2880 traduntur
1957 2828 2010 2881 in

439 2913 814 2982 apostolorum
850 2915 1026 2970 Actis.
1049 2914 1140 2985 [Et
1171 2915 1317 2984 quod
1351 2916 1428 2970 ait
1455 2956 1470 2980 ,
1502 2917 1758 2972 sonuisse
1788 2932 1854 2971 ac
1885 2932 2017 2972 con-

444 3004 696 3059 turbatas
762 3020 885 3061 esse
946 3021 1118 3074 aquas
1169 3021 1402 3074 eorum,
1459 3007 1535 3062 ita
1599 3007 2013 3075 intelligendum

442 3104 552 3158 est,
595 3105 656 3151 ut
681 3098 858 3151 oratio
899 3098 964 3153 ad
1014 3107 1228 3154 montes
1275 3100 1563 3167 dirigatur,
1597 3116 1660 3155 ac
1685 3103 1731 3156 si
1766 3103 2010 3156 diceret:

441 3189 616 3258 Aquas
651 3204 840 3245 eorum
894 3190 1226 3262 montium.)
1277 3190 1380 3247 Per
1418 3208 1590 3262 aquas
1635 3203 1817 3249 autem
1855 3209 2008 3247 mon.

445 3279 578 3334 tium
596 3280 898 3335 diabolicos
931 3291 1096 3351 atque
1115 3282 1432 3340 idololatras
1461 3283 1712 3337 homines
1743 3282 2016 3354 intelligit,

2105 620 2527 689 ἐταράχθησαν
2579 620 2653 675 τὰ
2697 621 2804 688 ὄρη
2848 621 2908 674 ἐν
2950 620 3022 688 τῇ
3051 622 3433 690 κραταιότητι
3462 623 3654 680 αὐτοῦ.

2105 709 2278 761 Τοῦτο
2308 708 2582 776 λέγουσιν,
2619 711 2706 764 ὅτι
2740 711 3157 781 Παντοδύναμος
3184 710 3212 762 6
3243 711 3443 780 βοηθὸς
3480 712 3654 779 ἡμῶν

2105 801 2369 865 πολλάκις
2418 801 2527 872 γὰρ
2576 802 2645 855 τὰ
2676 801 2845 855 ὕδατα
2879 801 2986 856 τῶν
3015 802 3300 856 θαλασσῶν
3333 804 3544 872 ἤχησαν
3573 805 3656 858 καὶ

2105 892 2490 963 ἐταράχθησαν
2541 894 2832 963 κυκώμενα
2901 895 2997 947 καὶ
3045 893 3510 963 ἁναὸρασσόμενα
3553 900 3657 959 ταῖς

2107 983 2249 1051 βίαις
2281 983 2389 1037 τῶν
2412 985 2800 1054 ἐμπιπτόντων
2817 986 3057 1052 ἀνέμων.
3089 984 3210 1038 Ἔτι
3241 985 3297 1038 δὲ
3331 984 3430 1039 καὶ
3457 985 3523 1038 τὰ
3547 987 3655 1055 ὅρη,

2105 1074 2478 1144 ἑσαλεύθησαν
2511 1074 2742 1144 σεισμῷ.
2785 1073 2971 1128 Ταῦτα
3002 1073 3060 1127 δὲ
3098 1074 3309 1142 γίνεται
3337 1075 3398 1126 ἐν
3432 1077 3496 1144 τῇ
3521 1074 3659 1128 δυνά-

2109 1183 2199 1236 μει
2254 1163 2441 1220 αὑτοῦ.
2484 1164 2537 1216 Ὀ
2550 1165 2977 1234 μεταστρέφων
3025 1166 3156 1234 γὰρ,
3195 1167 3348 1235 φησὶ,
3407 1167 3476 1218 τὸ
3499 1164 3660 1232 κῦτος

2106 1256 2216 1321 τῆς
2282 1254 2623 1322 θαλάσσης·
2673 1256 2789 1320 καὶ,
2840 1254 3208 1310 Ἐπιϐλέπων
3256 1256 3350 1309 ἐπὶ
3387 1255 3504 1322 τὴν
3538 1257 3656 1326 γῆν,

2108 1347 2206 1402 καὶ
2231 1346 2418 1401 ποιῶν
2443 1346 2639 1413 αὐτὴν
2670 1347 2926 1417 τρέμειν.
2956 1349 3256 1402 Θαλασσῶν
3286 1350 3344 1402 δὲ
3380 1349 3658 1420 πληθυντιο

2107 1440 2221 1503 κῶς
2283 1438 2426 1499 εἶπε,
2467 1440 2610 1494 κατὰ
2650 1440 2749 1509 τὴν
2819 1441 3082 1511 Ἐὁραῖδα
3132 1441 3453 1512 συνήθειαν,
3505 1442 3575 1504 ὡς
3611 1445 3659 1498 ὲν

2107 1531 2287 1592 ἄλλοις
2313 1533 2634 1602 εἰρήκαμεν.
2662 1533 2732 1586 Ἢ
2751 1532 3027 1596 Θαλάσσας
3053 1533 3210 1587 καλεῖ
3236 1536 3363 1597 τοὺς
3388 1536 3660 1604 διαφόρους

2109 1623 2369 1686 κόλπους,
2409 1623 2502 1676 τὴν
2529 1625 2778 1702 Αἰγαῖον,
2819 1625 2914 1678 τὸν
2964 1624 3168 1688 Ἰόνιον,
3201 1628 3298 1679 καὶ
3325 1627 3397 1680 τὰ
3427 1627 3662 1683 τοιαῦτα.

2109 1718 2223 1771 Οὐκ
2269 1719 2499 1790 ἄκαιρον
2553 1720 2632 1783 δὲ,
2685 1720 2781 1773 καὶ
2833 1719 3198 1786 ἁναγωγικῶς
3228 1719 3570 1790 ἑρμηνεῦσαι
3605 1720 3663 1773 τὰ

2112 1813 2491 1884 προρρηθέντα
2511 1831 2525 1844 ·
2561 1815 2635 1868 Οὐ
2665 1814 3090 1886 φοϐηθησόμεθα
3124 1818 3182 1868 ὲν
3211 1815 3289 1885 τῷ
3307 1816 3664 1885 ταράσσεσθαι

2110 1903 2207 1974 τὴν
2255 1904 2382 1974 γῆν,
2425 1907 2546 1975 ἦτοι
2587 1908 2715 1969 τοὺς
2772 1908 2936 1976 γήϊνα
2979 1908 3311 1977 φρονοῦντας
3359 1908 3664 1979 τυράννους,

2109 1997 2203 2050 καὶ
2236 1996 2547 2068 ὑπηκόους·
2577 1999 2945 2068 ὶταράσσοντο
2988 1999 3120 2070 γὰρ,
3163 2000 3276 2067 (67)
3319 2002 3666 2069 μετατιθεμέ-

2109 2105 2217 2143 νων
2271 2089 2371 2158 τῆς
2401 2088 2656 2159 πατρῴου
2704 2091 2982 2154 πολιτείας
3029 2090 3229 2145 αὐτῶν.
3256 2092 3364 2144 Ναὶ
3404 2092 3534 2162 μὴν,
3561 2093 3662 2146 οὑδὲ
3751 2092 3754 2094 ⁷

2111 2182 2169 2232 ἐν
2220 2180 2299 2250 τῷ
2365 2181 2782 2250 μετατίθεσθαι,
2829 2184 2998 2252 ἤγουν
3061 2183 3413 2252 είσὲρχεσθαι
3445 2184 3515 2237 τὰ
3555 2184 3664 2252 δρη,

2109 2270 2358 2325 τουτέστι
2383 2272 2513 2335 τοὺς
2545 2272 2893 2344 ἐπηρμένους
2912 2274 3200 2344 δαίμονας,
3221 2278 3301 2338 εἰς
3323 2274 3422 2338 τὰς
3460 2275 3666 2344 καρδίας

2111 2365 2220 2417 τῶν
2238 2364 2498 2434 ἁλμυρῶν
2511 2365 2607 2418 καὶ
2629 2366 2842 2434 πικρῶν
2859 2365 2953 2417 ἀνθ
2961 2365 3180 2436 ρώπων,
3201 2367 3562 2437 ἐκμαίνοντας
3578 2371 3667 2422 αὖ·

2112 2455 2238 2518 τοὺς
2251 2455 2326 2518 είς
2346 2454 2568 2508 τδνκαθ⁹
2583 2456 2738 2525 ἡμῶν
2753 2457 2912 2525 φόνον
2930 2473 2945 2487 ο
2970 2455 3139 2510 πολλὰ
3156 2457 3263 2528 γὰρ
3281 2457 3509 2512 τοιαῦτα
3528 2475 3667 2526 γεγο-

2113 2548 2260 2601 νέναι
2281 2549 2656 2620 παρίστησινη
2677 2548 2855 2617 βίϐλος
2879 2550 2990 2603 τῶν
3001 2551 3376 2604 ἀποστολικῶν
3402 2550 3666 2620 Πραξίαν.

2119 2639 2328 2692 ’Υδατα
2361 2640 2417 2692 δὲ
2436 2640 2822 2709 αὑτῶν,ἧγουν
2853 2639 2962 2693 τῶν
2995 2640 3288 2709 δαιμόνων,
3329 2643 3378 2694 οἱ
3405 2642 3671 2695 εἰδωλολά-

2116 2747 2266 2800 τραι,
2291 2731 2448 2800 δίκην
2473 2733 2684 2788 ὑδάτων
2706 2734 2835 2804 τῇδε
2857 2734 3080 2788 κάκεῖσε
3111 2734 3548 2804 μεταφερόμενοι
3573 2737 3670 2799 τοῖς

2125 2825 2394 2895 πνεύμασι
2417 2826 2515 2893 τῆς
2546 2825 2752 2880 τούτων
2783 2827 3020 2896 ἀπάτης,
3061 2827 3112 2880 οἳ
3142 2829 3360 2897 ἧχησαν
3391 2827 3493 2892 μὲν
3521 2827 3674 2895 βοῶνι

2117 2934 2230 2979 τες,
2281 2918 2374 2969 καὶ
2405 2917 2657 2984 ἀλλήλοις
2704 2918 3150 2987 παραθήγοντες’
3197 2920 3574 2989 ἐταράχθησαν
3604 2918 3668 2981 δὲ,

2122 3005 2517 3076 θορυϐηθέντες
2557 3006 2650 3059 ἐπὶ
2683 3009 2804 3071 ταῖς
2835 3007 3319 3078 παραδοξοποιίαις
3341 3008 3452 3060 τῶν
3484 3008 3671 3061 δούλων

2119 3095 2218 3149 τοῦ
2247 3097 2407 3159 Θεοῦ,
2435 3097 2533 3151 καὶ
2553 3100 2618 3167 τῇ
2641 3098 3072 3170 ἀκαταγωνίστῳ
3094 3101 3324 3170 δυνάμει
3343 3119 3354 3133 ·
3385 3101 3672 3171 ἐταράχθη-

2126 3209 2225 3245 σαν
2254 3191 2312 3244 δὶ
2344 3191 2440 3244 καὶ
2466 3190 2535 3244 τὰ
2565 3191 2689 3262 ὅρη,
2720 3194 2970 3247 τουτέστι
3017 3196 3113 3248 καὶ
3136 3195 3290 3248 αὐτοὶ
3340 3198 3390 3249 οἱ
3416 3195 3671 3264 δαίμονες,

2126 3282 2467 3349 ἁτονοῦντες,
2494 3284 2589 3337 καὶ
2615 3285 2988 3356 ἐλαυνόμενοι.

442 3371 535 3439 qui
561 3387 824 3442 aquarum
857 3373 1030 3426 inatar
1072 3372 1178 3426 huc
1205 3375 1452 3428 etilluca
1473 3374 1668 3443 spiritu
1691 3375 2034 3444 deceptionis
2063 3383 2326 3445 aguntur,
2386 3377 2593 3446 quique
2638 3376 2942 3431 clamantes
3001 3386 3308 3430 sonuerunt
3372 3385 3428 3433 et
3500 3389 3676 3432 mutuo

443 3478 566 3518 sese
604 3463 670 3517 ad
728 3464 971 3518 ﬁdelium
1053 3478 1240 3518 necem
1295 3464 1582 3519 irritantes
1635 3466 1839 3520 turbati
1895 3473 2046 3530 sunt,
2082 3473 2137 3519 et
2170 3467 2444 3535 perterriti
2510 3468 2563 3520 in
2601 3465 2943 3522 admirandis
2975 3483 3258 3522 servorum
3287 3468 3380 3524 Dei
3438 3470 3676 3539 operibus

442 3555 683 3624 atquein
715 3554 915 3609 invicto
964 3569 1156 3610 eorum
1192 3555 1409 3610 robore.
1442 3555 1672 3610 Turbati
1705 3555 1874 3616 etiam
1907 3565 2037 3611 sunt
2072 3566 2308 3625 montes,
2368 3559 2471 3613 hoc
2513 3566 2619 3625 est,
2679 3557 2780 3627 ipsi
2833 3557 2997 3612 etiam
3028 3557 3338 3628 ,daemones
3402 3559 3678 3614 debiliorcs

445 3648 572 3706 facti
611 3654 740 3703 sunt
765 3654 931 3717 atque
960 3644 1014 3699 in
1044 3645 1225 3717 fugam
1255 3646 1384 3701 acti.

517 3805 684 3862 Vens.
739 3807 795 3862 ὅ.
832 3804 1101 3860 Fluminis
1185 3807 1411 3876 impetus
1473 3808 1708 3877 la’tiﬁcat
1760 3809 2007 3863 civitaten

2204 3807 2313 3862 Τοῦ
2362 3805 2628 3875 ποταμοῦ
2670 3805 2741 3859 τὰ
2790 3805 3099 3875 ὀρμήματα
3131 3809 3532 3876 εὐφραίνουσι
3585 3809 3678 3876 τὴν

447 3899 566 3952 Dei.
604 3899 830 3953 Occulta
869 3897 959 3953 hic
1018 3900 1305 3952 traduntur
1358 3899 1640 3971 mysteria.
1699 3898 1764 3954 Et
1817 3899 2012 3955 ilumen

445 3987 666 4056 quidem
716 3987 971 4042 Christus
1030 3986 1231 4042 dicitur
1285 4000 1506 4058 propter
1561 3991 1876 4046 dulcissima
1921 3990 2018 4045 do-

446 4077 636 4131 ctrinae
668 4078 787 4145 ejus
839 4079 1064 4145 ﬂuenta,
1123 4097 1244 4149 quae
1293 4081 1478 4138 ﬁdeles
1514 4086 1727 4140 animas
1765 4085 2014 4152 irrigant,

448 4167 795 4235 impinguant
823 4178 877 4223 et
901 4169 966 4222 ad
997 4169 1308 4226 uberrimos
1344 4173 1603 4226 virtutum
1673 4164 1896 4230 fructus.
1922 4175 2016 4229 de-

448 4259 680 4315 ducunt.
714 4260 869 4318 Unde
895 4277 990 4331 per
1020 4264 1308 4332 quemdam
1339 4267 1654 4335 prophetam
1687 4269 1852 4323 dicit:
1881 4269 2015 4323 Ecce

436 4341 655 4406 ideclino
697 4352 766 4405 ad
799 4370 908 4417 eos,
937 4356 1093 4421 quasi
1128 4355 1323 4424 [iumen
1349 4360 1494 4425 pacis
1527 4359 1592 4412 ⁶⁰.
1647 4358 1751 4414 Per
1780 4361 2014 4430 impetus

452 4455 632 4499 autem
654 4445 819 4515 hujus
857 4447 1122 4512 ﬂuminis,
1157 4457 1380 4504 sanctos
1408 4451 1768 4520 intelligimus
1791 4440 2015 4521 aposto-F

452 4536 552 4599 los,
589 4537 682 4606 qui
714 4539 780 4591 ab
798 4553 862 4592 eo
888 4540 1039 4594 missi
1077 4549 1241 4609 atque
1266 4541 1484 4612 impulsi
1511 4553 1661 4605 sunt,
1693 4544 1756 4597 ad
1778 4543 2013 4598 ndelium

448 4623 775 4683 doctrinam.
813 4630 1006 4685 Euntes
1035 4632 1203 4695 enim,
1235 4633 1434 4701 inquit,
1463 4634 1643 4688 docete
1684 4637 1862 4688 omnei
1893 4651 2016 4705 gen-

450 4733 528 4777 tes
556 4723 623 4775 ⁸¹.
656 4723 866 4777 Civitas
900 4739 1028 4776 vero
1067 4723 1156 4779 Dei
1200 4733 1283 4778 est
1330 4725 1569 4779 ﬁdelium
1617 4727 1964 4798 cnngregatio
1999 4769 2014 4791 ,

453 4815 570 4882 ipsa
620 4813 876 4867 nimirum
927 4814 1369 4868 Christianorum
1427 4815 1688 4881 Ecclesia,
1751 4833 1870 4887 qua:
1921 4818 2015 4871 Dei

450 4920 575 4961 esse
598 4903 816 4968 dicitur,
850 4905 976 4973 quia
1019 4904 1126 4958 vita
1162 4918 1213 4960 et
1265 4908 1613 4961 conversatio
1656 4923 1843 4962 eorum
1906 4907 2018 4963 Deo

452 5008 599 5066 grata
677 5005 778 5057 est.
837 4995 1138 5051 Ltetiiicant
1193 4997 1358 5066 igitur
1413 4997 1711 5052 Ecclesiam
1766 5000 2014 5068 apostoli,

2122 3902 2304 3953 πόλιν
2321 3897 2428 3952 τοῦ
2457 3893 2622 3950 Θεοῦ.
2659 3896 2943 3950 Ἐντεῦθεν
2963 3899 3032 3949 τὰ
3055 3897 3284 3968 κρύφια,
3305 3899 3398 3951 καὶ
3424 3902 3672 3968 μυστικά·

2123 3990 2364 4058 ποταμὸς
2396 3987 2493 4057 μὲν
2523 3987 2629 4057 γὰρ
2658 3987 2686 4039 ὁ
2715 3987 2970 4056 Χριστὸς,
3004 3987 3096 4040 διὰ
3126 3989 3194 4042 τὰ
3224 3991 3545 4057 γλυκύτατα
3573 3994 3674 4064 ῥεύ-

2125 4100 2269 4150 ματα
2284 4081 2382 4150 τῆς
2405 4079 2755 4154 διδασκαλίας
2778 4079 2968 4143 αὐτοῦ,
2988 4079 3242 4154 ἄρδοντα,
3260 4081 3353 4134 καὶ
3385 4085 3672 4151 πιαίνοντα,

2123 4178 2219 4232 καὶ
2285 4178 2423 4250 πρὸς
2495 4176 2869 4248 καρπογονίαν
2923 4176 3138 4245 ἀρετῶν
3187 4179 3389 4245 ἄγοντα
3457 4181 3558 4244 τὰς
3589 4181 3676 4232 τῶν

2124 4269 2327 4323 πιστῶν
2369 4269 2583 4339 ψυχάς·
2613 4270 2746 4337 φησὶ
2787 4268 2897 4338 γὰρ
2941 4269 3010 4322 δι’
3053 4270 3171 4332 ἐνὸς
3216 4270 3325 4325 τῶν
3365 4273 3674 4343 προφητῶν·

2124 4360 2275 4414 Ἰδοὺ
2315 4359 2428 4429 ἐγὼ
2475 4360 2735 4413 ἐκκλίνω
2774 4360 2868 4412 ἐπ’
2905 4359 3152 4427 αὐτοὺς,
3186 4361 3268 4426 ὡς
3301 4368 3569 4432 ποταμὸς
3607 4365 3674 4417 ει-

2119 4449 2311 4518 ρήνης
2331 4467 2345 4482 ·
2364 4449 2691 4518 Ὀρμὴματα
2713 4447 2791 4512 δὲ,
2811 4449 2997 4513 αὑτοῦ,
3022 4451 3070 4502 οἱ
3099 4449 3232 4503 θεῖοι
3263 4450 3569 4512 ἀπόστολοι,
3585 4468 3675 4514 πα-

2131 4540 2488 4612 ρορμηθέντες
2522 4537 2653 4610 παρ’
2683 4539 2850 4594 αὐτοῦ
2878 4541 2957 4604 είς
2986 4539 3085 4610 τὴν
3123 4541 3234 4594 τῶν
3271 4541 3483 4594 πιστῶν
3512 4543 3668 4595 διδασ-

2128 4634 2337 4687 καλίαν·
2357 4633 2754 4700 Πορευθέντες
2768 4630 2898 4700 γὰρ,
2911 4649 2984 4701 φη
2992 4632 3063 4694 σὶ,
3072 4633 3491 4700 μαθητεύσατε
3503 4633 3676 4687 πάντα

2126 4723 2200 4776 τὰ
2244 4723 2405 4788 ἔθνη.
2465 4723 2625 4785 Πόλις
2677 4721 2733 4774 δὲ
2791 4720 2885 4774 τοῦ
2940 4721 3099 4784 Θεοῦ,
3157 4723 3220 4776 τδ
3275 4724 3531 4794 σύστημα
3580 4725 3671 4775 τῶν

2125 4813 2351 4877 πιστῶν,
2367 4819 2401 4883 ὴ
2422 4812 2531 4866 τῶν
2551 4811 2892 4883 Χριστιανῶν
2922 4813 3242 4883 Ἐκκλησία,
3264 4815 3353 4869 διὰ
3373 4818 3431 4869 τὸ
3451 4814 3672 4879 θεοφιλὲς

2123 4903 2224 4971 τῆς
2249 4901 2521 4964 πολιτείας
2549 4901 2750 4956 αὐτῶν.
2780 4901 3181 4972 Εὑφραίνουσιν
3208 4899 3302 4957 οὖν
3334 4905 3434 4974 τὴν
3470 4903 3676 4970 Ἐκκλη-

2125 4997 2247 5049 σίαν
2280 4998 2328 5048 οἱ
2359 4993 2645 5048 ἀπόστολοι
2676 4995 2772 5048 καὶ
2802 4994 2902 5066 βίῳ
2937 4993 3033 5047 καὶ
3060 4994 3225 5066 λόγῳ.
3258 4997 3366 5050 Χαὶ
3392 4997 3564 5057 ἄλλως
3589 4995 3637 5047 δέ
3660 5010 3671 5023 ο

451 5087 701 5152 exeundo
753 5101 818 5142 ac
859 5087 1130 5142 doctrina.
1202 5088 1298 5143 Vel
1359 5089 1518 5142 aliter
1561 5107 1576 5142 :
1618 5088 1725 5142 Per
1785 5091 2009 5156 impetus

2129 5088 2373 5157 ποταμὸς
2423 5087 2542 5155 μὲν,
2586 5087 2645 5140 τὸ
2686 5086 2912 5158 Πνεῦμα
2943 5087 3004 5140 τὸ
3051 5088 3245 5155 ἅγιον·
3286 5089 3579 5158 ὁρμήματα
3627 5085 3674 5137 δὲ

453 5173 716 5239 ﬂuminis,
767 5177 907 5232 dona
948 5188 1115 5248 atque
1163 5179 1494 5234 charismata
1563 5180 1874 5248 intelligere
1899 5195 2009 5248 post

2125 5177 2314 5242 αὕτοῦ,
2348 5177 2415 5231 τὰ
2448 5177 2683 5248 διάφορα
2713 5178 3052 5248 χαρίσματα,
3087 5175 3228 5248 cici)
3271 5179 3560 5248 Ἐκκλησία
3594 5193 3674 5229 κα·

457 5283 649 5324 sumus
675 5269 850 5324 sancti
875 5269 1135 5340 Spiritus,
1163 5269 1366 5339 quibus
1399 5267 1640 5324 Ecclesia
1664 5270 1734 5324 ab
1752 5285 1816 5323 eo
1833 5280 2025 5324 ornata

451 5369 553 5415 est.

525 5468 888 5538 Sanctiﬁcavit
929 5471 1330 5525 tabernaculum
1358 5486 1510 5524 suum
1535 5469 1861 5525 Altissimus.
1894 5470 2014 5540 ipsa

525 5602 575 5636 ⁸⁸
619 5603 761 5660 Psal.
794 5620 940 5669 utv,
957 5604 1022 5686 '8.

2133 5266 2567 5336 τακεκόσμηται.

2207 5466 2483 5534 Ἡγῖασεν
2546 5464 2613 5517 τὸ
2661 5462 2951 5532 σκήνωμα
2995 5462 3184 5518 αὐτοῦ
3214 5467 3248 5518 ὁ
3282 5464 3574 5532 Ὕψιστος.
3616 5456 3666 5513 Ἦ

1135 5604 1180 5634 ⁸⁹
1209 5602 1489 5668 i‘sal.cut,
1523 5602 1614 5660 32.
1690 5603 1736 5635 ⁶⁰
1762 5604 1867 5658 lsa.
1909 5617 2054 5667 uvr,
2079 5602 2164 5657 12.
2218 5603 2260 5634 ⁶¹
2297 5597 2485 5656 Matth.
2520 5615 2706 5663 xxvtu,
2736 5600 2822 5655 l9.

1809 5718 2015 5780 Variae
2047 5717 2376 5780 lectiones.

539 5843 652 5906 (67)
681 5845 764 5898 Al.
805 5842 1252 5910 μετατιθεμένης.
