3866 6546
167 392 267 457 513

1311 403 1702 468 COMMENT.
1743 405 1828 468 IN
1857 405 2220 472 PSALMOS.

3287 400 3399 467 5M
3471 471 3473 474 ι

167 513 324 582 ἡμῶν
357 515 395 568 δ
429 515 568 582 Θεὸς
615 517 842 575 Ἰακώϐ.
902 519 1271 575 Ἑπανέλαϐεν
1316 523 1350 593 ἡ
1418 523 1715 592 Ἐκκλησία

1831 527 2000 578 voster
2031 525 2170 579 Deus
2195 523 2387 579 Iacob.
2424 523 2720 594 lnsurgens
2763 529 2929 593 atque
2979 519 3258 578 insultans
3310 523 3407 578 ad.

163 606 219 659 τὸ
249 608 552 679 προρρηθὲν
585 610 912 681 θαρσοποιδν
936 613 1296 685 ἐπιφώνημα,
1324 614 1460 686 πρὸς
1484 614 1720 683 ἀὔξησιν

165 697 414 768 εὐψυχίας
446 702 536 753 καὶ
579 704 900 774 καρτερίας,
945 706 1376 776 ἐπεμϐαίνουσα,
1428 707 1527 762 καὶ
1560 707 1718 761 ἐναλ-

164 787 352 858 λομένη
393 791 475 860 τῷ
511 791 713 863 ξιιθικῐιρ

166 968 259 1034 Εἰς
289 967 354 1021 τὸ
377 967 553 1038 τέλος
587 973 753 1043 -ὐπὲρ
801 976 921 1030 τῶν
969 977 1118 1034 υἰῶν
1149 981 1320 1050 Κορέ.
1362 982 1611 1052 Ψαλμὸς
1641 983 1721 1050 τῷ

831 1070 1029 1126 Δαϐἰδ.

694 1159 989 1214 “mox
1026 1164 1173 1230 Μςῖι.

225 1243 324 1307 είς
341 1243 411 1296 τὸ
435 1244 611 1312 τέλος
632 1247 733 1316 μὲν
747 1249 833 1302 διά
852 1250 949 1311 τὰς
973 1253 1030 1304 ὲν
1049 1253 1224 1325 τούτῳ
1254 1257 1614 1327 προφητείας,
1646 1261 1722 1324 ὼς

163 1333 406 1419 πολλάκις
465 1337 772 1408 εἰρήκαμεν
800 1357 814 1372 ·
858 1345 1220 1414 προαγορεύει
1256 1350 1364 1419 γὰρ
1410 1348 1722 1416 ἀκολούθως

161 1427 247 1476 καὶ
280 1418 436 1490 οὗτος
465 1428 495 1478 6
528 1428 747 1500 ψαλμὺς
775 1433 838 1484 τὸ
867 1434 1139 1503 ἀήττητον
1181 1439 1383 1511 κράτος
1424 1441 1520 1494 τοῦ
1557 1444 1722 1513 εὐαγ-

161 1516 362 1585 γελικοῦ
393 1521 772 1592 κηρύγματος.
802 1528 875 1580 Τὸ
903 1528 980 1591 δὲ,
1027 1527 1196 1598 Ὑπὲρ
1225 1533 1345 1586 τῶν
1371 1535 1517 1589 υἱῶν
1548 1539 1720 1606 Κορὲ,

161 1610 691 1683 προηρμηνεύσαμεν
721 1616 780 1668 ἐν
821 1617 900 1688 τῷ
938 1620 1046 1690 πρὸ
1075 1622 1267 1676 τούτου
1301 1625 1503 1697 ψαλμῷ
1533 1644 1548 1660 ο
1579 1629 1722 1683 οὕτω

159 1698 256 1792 γάρ
299 1701 708 1772 ἐπιγέγραπται
755 1709 1029 1775 κάκεῖνος.
1083 1715 1251 1769 Οὐδὲν
1292 1717 1349 1770 δὲ
1391 1719 1622 1792 κρύφιον
1664 1727 1722 1779 ὲν

158 1788 228 1859 τῷ
273 1795 500 1862 παρόντι
534 1811 549 1825 ο
601 1799 748 1868 σαφῆ
804 1800 861 1853 δὲ
920 1803 1122 1873 πάντα,
1178 1809 1271 1861 καὶ
1324 1788 1718 1880 εὐδιάγννωστα.

159 1883 426 1956 Προσώπῳ
454 1886 512 1939 δὲ
543 1889 655 1942 τῶν
683 1891 1000 1948 ἀποστόλων
1043 1899 1298 1969 προλέγει
1352 1901 1419 1955 τὰ
1453 1904 1547 1957 τοῦ
1575 1906 1715 1974 ψαλ-

161 1978 250 2073 μοῦ
294 1979 322 2030 ὁ
369 1979 561 2045 Δαϐὶδ,
597 1983 648 2035 οἶ
705 1989 1176 2060 κατευοδούμενοι,
1219 1995 1312 2047 καὶ
1367 1995 1598 2064 πολλοὺς
1648 2005 1714 2073 τῇ

158 2068 318 2122 πίστει
351 2075 754 2144 προσάγοντες,
801 2078 906 2134 ὑπὸ
948 2087 1311 2156 περιχαρείας
1339 2068 1718 2148 ἐνεκελεύοντο

156 2165 253 2226 τοῖς
269 2164 443 2218 ἔθνεσι
469 2167 712 2237 χαίρειν,
734 2173 817 2235 είς
844 2171 880 2226 ἀ
910 2176 1063 2244 παρὰ
1088 2178 1183 2230 τοῦ
1211 2179 1462 2252 Σωτῆρος
1484 2184 1719 2240 ἀπεστά-

157 2253 306 2323 λησαν
331 2273 344 2286 ·
392 2259 616 2330 χαίρειν
653 2263 730 2330 δὲ,
771 2266 852 2318 ὅτι
888 2268 1148 2336 γεγόνασι
1189 2272 1529 2346 κληρονομία
1554 2277 1714 2334 Θεοῦ.

215 2519 404 2576 Πάντα
439 2524 515 2579 τὰ
544 2525 715 2596 ἔθνη,
751 2533 1090 2600 κροτήσατε
1136 2537 1363 2608 χεῖρας.
1406 2543 1519 2596 Καὶ
1561 2538 1718 2609 οὗτος

159 2607 516 2707 inp—6mg
550 2619 771 2687 χειρῶν,
817 2622 1092 2692 σύμϐολόν
1119 2627 1238 2682 ἐστι
1269 2607 1718 2707 ὑπερϐαλλούσης

162 2703 332 2797 γαράς.
377 2704 514 2758 Ἀπὸ
544 2708 641 2762 τοῦ
677 2711 952 2780 συμϐόλου
997 2717 1202 2782 τοίνυν,
1247 2722 1348 2793 τὴν
1380 2703 1570 2797 νχαράν
1613 2703 1718 2782 ὲπ-

161 2791 413 2894 ape-tiam-
432 2799 556 2894 Δοᾼύζ
597 2803 678 2894 ὃτι
709 2808 943 2879 πατάγῳ
969 2811 1171 2881 χειρῶν
1201 2791 1532 2885 σωματικῶς
1579 2823 1718 2894 χρή-

164 2885 325 2949 σασθε,
361 2889 492 2942 ἀλλ’
523 2891 607 2946 ὃτι
635 2893 884 2966 ψυχικῶς
907 2901 1136 2971 χάρητε,
1169 2905 1414 2960 τοιούτου
1445 2885 1717 2964 Δεσπότου

164 2977 600 3048 καταξιωθέντες,
637 2987 1024 3060 φιλανθρώπου
1052 2995 1149 3048 καὶ
1178 2997 1610 3070 παντοδυνάμου.

233 3154 598 3224 Ἀλωιάξατε
641 3161 722 3227 τῷ
771 3163 914 3230 Θεῷ,
950 3165 1021 3221 ἐν
1063 3171 1234 3240 φωνῇ
1275 3173 1658 3242 mmmam.

165 3245 523 3321 Μεταφορικὸν
577 3255 811 3309 ἐνταῦθα
859 3259 920 3312 τὺ
984 3261 1386 3328 Ἀλαλάξατε,
1437 3270 1558 3322 ἀντὶ
1600 3245 1718 3334 τοῦ,

174 3338 448 3432 ξβπινίκιον
512 3343 687 3414 ὕμνον
737 3348 916 3420 ᾁσατεο
985 3351 1064 3422 τῷ
1121 3353 1260 3424 Θεῷ.
1333 3357 1556 3428 κυρίως
1611 3361 1720 3432 γὰρ

165 3429 472 3502 ἀλαλαγμὸς,
501 3438 753 3503 ἐνυάλιος
784 3441 937 3513 φωνὴ
975 3434 1086 3497 τῶν
1128 3445 1406 3501 νικώντων
1449 3451 1508 3504 ἐν
1547 3429 1717 3524 μάχῃ..

166 3526 520 3616 καταπλήττου
529 3545 599 3582 σα
629 3531 756 3594 τοὺς
777 3532 881 3603 ἠδη
903 3534 1259 3606 κλινομένους
1281 3539 1374 3611 ὲχθ
1385 3541 1530 3609 ρούς.
1561 3544 1718 3616 Φωνὴ

165 3611 212 3665 δὲ
240 3617 632 3686 ἀγαλλιάσεως,
657 3624 690 3678 ἡ
736 3624 1079 3700 εὐφροσύνης
1123 3632 1318 3701 μεστή.
1351 3627 1485 3688 Εἶτα
1523 3611 1719 3707 ἐπάγει

167 3709 245 3760 καὶ
266 3709 354 3780 τὴν
382 3714 468 3765 ait
478 3712 591 3767 ίαν.

224 3801 341 3856 Ὀτι
361 3807 580 3874 Κύριος
602 3807 882 3875 ὕψιστος,
917 3812 1187 3880 φοϐερὸς,
1213 3816 1516 3886 βασιλεὺς
1533 3821 1720 3891 μέγας

163 3891 244 3945 ἐπὶ
295 3895 498 3952 πᾶσαν
543 3900 661 3965 τὴν
707 3901 846 3970 γῆν.
876 3903 1020 3958 Attici
1049 3907 1079 3958 6
1119 3907 1375 3979 Χριστὸς,
1414 3913 1442 3964 6
1494 3913 1718 3984 ὕψιστος

165 3987 284 4077 κατὰ
313 3989 408 4060 τὴν
453 3991 714 4061 θεότητα,
765 3995 998 4065 φοϐερὸς
1050 3998 1145 4052 νῦν
1193 4001 1302 4054 ἀπὸ
1329 4003 1440 4057 τῶν
1473 4006 1720 4077 σημείων

164 4071 227 4130 ὧν
271 4081 387 4135 καθ’
432 4085 679 4155 ἑκάστην
726 4093 1104 4160 τερατουργετ.
1163 4085 1239 4146 OE
1295 4095 1392 4148 xui.
1437 4098 1499 4150 τὸ
1527 4071 1718 4171 ⁷ϐνομα

167 4171 308 4236 μόνον
355 4174 617 4243 μαστίζει
659 4178 754 4230 καὶ
804 4179 1101 4235 ἀπελαύνει
1146 4184 1273 4248 τοὺς
1307 4185 1590 4256 δαίμονας.
1621 4193 1718 4245 καὶ

164 4258 264 4314 λύει
306 4265 398 4327 τὰς
443 4269 640 4329 νόσους
674 4284 689 4299 ο
736 4269 830 4321 καὶ
886 4268 1144 4339 βασιλεὺς
1195 4274 1369 4344 μέγας
1412 4277 1504 4332 ἐπὶ
1535 4282 1716 4338 πᾶσαν

164 4353 247 4422 τὴν
289 4357 391 4426 γῆν
423 4375 438 4390 ο
491 4359 553 4410 ὲν
587 4361 736 4432 πάσῃ
764 4361 874 4432 γὰρ
904 4365 972 4433 τῇ
1006 4366 1075 4434 γῇ
1103 4364 1308 4436 κλῆρον
1355 4369 1537 4442 ἐαυτῷ
1587 4391 1716 4427 συν-

163 4448 425 4516 ιπήσατο,
469 4449 564 4503 διὰ
599 4451 710 4504 τῶν
737 4452 1157 4508 ἀποσταλέντων
1190 4456 1369 4527 ἡμῶν.
1405 4461 1479 4514 Τδ
1519 4464 1720 4533 Μέγας

161 4536 225 4601 δὲ,
249 4542 331 4594 διὰ
357 4544 486 4605 τοὺς
525 4545 896 4615 προσκαίρους
936 4545 1154 4618 εἴρηται
1195 4549 1455 4620 βασιλεῖς,
1489 4558 1718 4627 μικροὺς

1831 4569 1932 4623 εει,
1980 4571 2146 4626 super
2177 4570 2392 4608 omnem
2424 4565 2621 4608 terram
2662 4573 2677 4606 :

161 4629 324 4699 ὂντας,
355 4638 453 4690 καὶ
492 4637 711 4706 μικρῶν
746 4637 1153 4707 βασιλεύοντας.

1663 3200 1790 3282 ἳό

1825 627 2018 669 versus
2046 616 2258 670 hostem
2289 612 2535 669 Ecclesia
2567 612 2970 667 invocationem
2998 610 3110 680 jam
3144 611 3408 680 superius

1825 707 2024 762 factam
2057 709 2238 764 denuo
2268 711 2483 781 repetit,
2518 722 2639 778 quae
2685 707 2927 760 animum
2980 705 3088 761 sibi
3150 714 3206 762 et
3264 707 3410 764 vires

1825 798 2208 854 subministret
2235 798 2302 851 ad
2340 798 2517 867 majus
2549 793 2890 851 fortitudinis
2932 804 2988 849 et
3041 791 3410 862 magnanimi-

1823 890 1955 945 tatis
1985 891 2413 945 incrementum.

1931 982 1998 1040 In
2023 984 2176 1051 ﬁnem
2210 1000 2306 1053 pro
2340 983 2467 1053 ﬁliis
2502 982 2635 1039 Core
2659 1023 2674 1050 ,
2706 981 2957 1038 Psalmus
2977 981 3079 1049 ipsi
3108 978 3300 1035 David.

2366 1163 2691 1221 PSALMUS
2739 1162 2903 1218 XLVI

1897 1255 1964 1310 In
2010 1257 2166 1326 ﬁnem
2190 1257 2357 1313 etiam
2393 1257 2716 1313 inscribitur
2748 1257 2836 1311 hic
2877 1256 3148 1316 Psalmus,
3180 1264 3408 1324 propter

1823 1347 2143 1417 prophetias
2187 1363 2308 1418 qua;
2337 1347 2391 1401 in
2440 1364 2506 1402 eo
2541 1348 2920 1411 continentur,
2955 1355 3012 1398 ut
3063 1348 3262 1414 saepius
3318 1346 3404 1398 di-

1823 1447 1973 1493 ctum
2028 1448 2150 1500 est,
2205 1445 2261 1492 et
2312 1437 2377 1491 ad
2433 1438 2592 1491 finem
2621 1437 2936 1491 tendebant.
2976 1436 3227 1490 Prmdicit
3261 1438 3407 1491 enim

1825 1540 2229 1599 consequenter
2258 1530 2323 1584 ad
2359 1530 2756 1600 praecedentem
2784 1529 3056 1583 Psalmnm
3089 1569 3103 1594 ,
3138 1545 3406 1583 summam

1825 1633 1987 1692 atque
2022 1622 2284 1676 invictam
2317 1621 2646 1687 evangelica:
2671 1620 3106 1674 conversationis
3126 1621 3407 1674 virtutem.

1827 1713 1893 1767 Et
1931 1714 2076 1784 quod
2108 1713 2224 1768 ait:
2265 1711 2372 1766 Pro
2399 1714 2524 1780 ﬁliis
2560 1712 2710 1774 Core,
2741 1711 2814 1765 ibi
2865 1712 3135 1780 superiori
3187 1711 3409 1766 Psalmo

1822 1804 1933 1872 jam
1963 1807 2343 1874 exposuimus.
2367 1804 2462 1858 Est
2488 1815 2667 1858 autem
2700 1805 2786 1859 hic
2831 1803 3087 1859 Psalmus
3121 1813 3268 1857 totus
3299 1802 3408 1858 cla-

1824 1913 1939 1958 rus.
1965 1905 2019 1951 et
2052 1897 2188 1952 nihil
2219 1896 2516 1950 obscurum
2563 1897 2830 1950 continet.
2867 1894 3000 1946 Illud
3043 1885 3248 1946 tantum
3280 1893 3406 1948 ani-

1823 1986 2269 2041 madvertendum
2298 1995 2402 2048 est,
2432 1996 2492 2040 ut
2515 2000 2581 2038 ex
2618 1985 2989 2054 apostolorum
3014 1999 3244 2053 persona
3277 1998 3410 2053 pro-

1822 2079 2054 2144 feratur,
2083 2079 2175 2147 qui
2204 2078 2368 2132 veluti
2401 2091 2662 2147 prospere
2689 2091 2754 2130 ac
2801 2074 3036 2130 feliciter
3069 2084 3405 2143 praeeuntes,

1821 2179 1877 2226 et
1908 2171 2108 2223 multos
2134 2168 2472 2223 adducentes
2501 2166 2568 2220 ad
2609 2167 2766 2221 fidem
2791 2206 2806 2231 ,
2843 2181 2954 2233 prae
2985 2166 3194 2230 laetitia,
3231 2180 3399 2234 quam

1824 2261 1928 2332 ipsi
1962 2276 2229 2315 summam
2257 2258 2386 2314 inde
2418 2258 2815 2328 percipiebant,
2841 2258 3074 2328 gaudere
3097 2258 3212 2327 pari
3245 2258 3409 2311 modo

1819 2354 2011 2424 iubent
2037 2368 2229 2408 omnes
2259 2363 2447 2421 gentes
2509 2353 2576 2406 ad
2629 2366 2767 2420 quas
2827 2365 2857 2403 a
2911 2350 3194 2405 Salvatore
3250 2350 3406 2404 missi

1824 2443 2042 2499 fuerant
2073 2462 2088 2511 ;
2117 2444 2264 2514 quod
2297 2443 2512 2497 scilicet
2541 2441 2748 2498 elfectaa
2794 2442 2904 2496 sint
2939 2441 3230 2496 haereditas
3264 2439 3378 2496 Dei.

1897 2538 2062 2593 Vens.
2082 2538 2138 2591 9..
2172 2535 2367 2591 Omnes
2391 2544 2587 2606 gentes,
2621 2535 2858 2604 plaudite
2877 2535 3146 2589 manibus.
3177 2534 3412 2588 Plausus

1824 2645 2084 2684 manuum
2119 2629 2172 2683 in
2214 2643 2441 2684 summa:
2475 2628 2675 2682 laetitiae
2718 2629 2933 2699 signum
2975 2628 3088 2682 lieri
3115 2629 3279 2682 solet.
3304 2625 3412 2682 Per

1825 2719 1929 2775 hoc
1959 2721 2125 2791 igitur
2152 2720 2366 2790 signum
2394 2726 2580 2790 gentes
2598 2717 2756 2788 jubet
2783 2718 3021 2771 laetitiam
3053 2718 3398 2787 przrseferre.

1828 2811 2015 2881 Neque
2044 2815 2188 2867 enim
2233 2809 2368 2866 illud
2401 2822 2607 2865 tantum
2634 2811 2790 2880 petit,
2823 2818 2883 2865 ut
2907 2811 3155 2866 sensibili
3189 2810 3403 2880 crepitu

1827 2904 2172 2976 plauderent,
2204 2911 2469 2975 quantum
2507 2912 2565 2958 ut
2597 2902 2782 2957 animo
2832 2918 2894 2957 ac
2924 2904 3117 2972 spiritu
3152 2903 3411 2957 lauat-en-

1825 3008 1914 3052 tur
1945 3015 1960 3052 :
1993 2998 2121 3068 quia
2152 2998 2314 3051 talem
2339 3013 2401 3052 ac
2428 3005 2640 3051 tantum
2671 3005 2856 3052 essent
2909 2997 3189 3051 consecuti
3227 2995 3415 3051 Domi-

1826 3105 1977 3151 num,
2014 3089 2446 3154 misericordem,
2480 3088 2757 3152 videlicet,
2787 3099 2840 3142 et
2863 3088 3324 3157 omnipatentem.

1894 3178 2132 3233 Jubilale
2166 3178 2271 3233 Deo
2310 3180 2362 3232 in
2396 3195 2515 3233 uoce
2536 3179 2934 3233 exsultationis.
2967 3176 3232 3241 Verbum,
3257 3177 3409 3244 ,ἱειὺὶ-

1823 3271 1970 3332 Ιαιε..
1991 3272 2357 3340 metaphorice
2380 3269 2582 3323 dictum
2602 3278 2704 3333 est,
2733 3284 2796 3322 ac
2813 3269 2860 3322 si
2881 3271 3085 3322 diceret
3110 3287 3123 3323 :
3149 3267 3410 3322 Victuriae

1823 3365 2082 3435 hymnum
2115 3362 2316 3414 canite.
2347 3358 2440 3414 Est
2473 3360 2620 3414 enim
2645 3360 2858 3428 jnbilus
2891 3358 3107 3429 proprie
3149 3358 3408 3415 militaris

1821 3458 2067 3526 quaedam
2097 3453 2456 3519 vociferatio,
2493 3468 2658 3522 quam
2692 3454 2932 3508 victores
2957 3452 3008 3507 in
3043 3469 3222 3524 pugna
3247 3454 3408 3508 emit-

1821 3559 1933 3603 tere
1981 3553 2406 3608 consueverunt,
2437 3555 2495 3598 ut
2534 3545 2718 3599 hostes
2754 3545 2807 3597 in
2843 3543 3025 3610 fugam
3061 3543 3172 3610 jam
3205 3559 3398 3598 versos

1818 3641 1993 3710 magis
2026 3647 2385 3710 perterreant.
2440 3634 2557 3690 Vox
2607 3636 2774 3691 etiam
2822 3635 3248 3702 exsultationis,
3299 3650 3408 3690 vox

1818 3742 1902 3790 est
1931 3733 2130 3786 lartitia:
2159 3731 2318 3802 plena
2351 3747 2367 3787 :
2404 3729 2602 3785 deinde
2634 3743 2859 3783 causam
2897 3729 3093 3783 addit:

1891 3824 2054 3879 Vens.
2089 3824 2141 3878 5.
2177 3822 2442 3889 Quoniam
2486 3820 2745 3875 Dominus
2772 3819 3009 3874 excelsus
3036 3861 3051 3885 ,
3110 3820 3363 3875 terribilis
3390 3862 3407 3887 ,

1818 3916 1929 3972 Rea:
1947 3933 2169 3987 magnus
2187 3930 2342 3983 super
2359 3931 2565 3969 onmem
2593 3924 2814 3967 terram.
2841 3911 3108 3978 Quoniam
3132 3913 3405 3981 Christus,

1818 4009 1911 4081 qui
1939 4009 2236 4066 secundum
2260 4009 2598 4062 divinitatem
2627 4007 2932 4061 altissimus
2957 4013 3060 4071 est,
3095 4005 3396 4061 terrihilem

1818 4102 1983 4156 etlam
2049 4097 2156 4172 [vel
2189 4105 2244 4151 ut
2267 4099 2447 4167 potius
2478 4105 2637 4151 sonat
2665 4095 2851 4151 Graeca
2882 4097 3051 4151 dictio
3072 4137 3087 4163 ,
3124 4095 3358 4166 φοϐερὸς
3387 4134 3406 4161 ,

1818 4192 2121 4246 timendum
2158 4188 2265 4262 se],
2293 4190 2554 4244 omnibus
2581 4187 2946 4254 demonstrat,
2967 4190 3037 4244 ob
3063 4189 3218 4260 signa
3252 4189 3406 4244 vide-

1817 4285 1967 4348 licet,
2015 4291 2068 4339 et
2115 4283 2377 4337 miracula
2424 4297 2544 4350 qnte
2591 4282 2824 4352 singulis
2871 4281 3066 4336 diebus
3119 4291 3402 4352 operatur.

1819 4377 1998 4446 Hujus
2028 4374 2170 4430 enim
2199 4374 2279 4428 vel
2299 4372 2474 4426 solum
2500 4388 2697 4425 nomen
2749 4380 2960 4441 torquet
2987 4380 3148 4440 atque
3179 4372 3404 4440 expellit

1821 4467 2120 4530 daemones,
2146 4475 2200 4521 et
2229 4467 2452 4519 morbos
2489 4463 2824 4531 curaturum
2846 4461 3008 4515 etiam
3034 4459 3143 4514 Rex
3171 4475 3404 4529 magnus

2738 4552 2944 4623 quippe
2995 4566 3118 4605 cum
3164 4553 3218 4606 in
3252 4551 3403 4606 omni

1832 4661 1978 4707 terra
2011 4649 2379 4704 haereditatem
2405 4647 2507 4702 sibi
2539 4648 2764 4713 adeptus
2792 4647 2884 4713 sit,
2903 4661 3000 4716 per
3017 4660 3117 4702 nos
3142 4647 3400 4701 nimirum

163 4731 436 4796 apostolos.
474 4746 614 4800 quos
641 4731 692 4785 in
725 4732 1040 4787 universum
1074 4733 1350 4802 mundum,
1382 4738 1449 4793 ad
1497 4737 1772 4812 Evangelii
1838 4741 2279 4811 praedicationem
2334 4738 2505 4794 misit.
2575 4736 2826 4807 Magnum
2924 4748 3109 4792 autem
3202 4737 3404 4808 Regem

161 4819 414 4878 Christum
466 4826 762 4895 appellavit
787 4865 804 4891 ,

161 4920 310 4983 tione,
337 4931 390 4975 et
420 4921 622 4988 exiguo
652 4927 881 4989 regnant
912 4928 1173 4989 tempore.

229 5011 515 5079 ’Υπέταξε
579 5014 767 5080 λαοὺς
831 5013 996 5081 ἡμῖν.
1070 5016 1210 5080 Τοὺς
1280 5016 1340 5082 ἐξ
1404 5017 1675 5073 Ἰουδαίων
1699 5037 1715 5054 ο

159 5100 289 5160 οὗτοι
334 5109 446 5178 γὰρ
492 5105 699 5177 πρῶτοι
741 5106 1090 5171 ἐπίστευσαν,
1136 5109 1422 5179 τρισχίλιοι
1457 5113 1552 5163 καὶ
1586 5129 1716 5164 πεν-

158 5201 491 5272 τακισχίλιοι,
551 5199 950 5261 ἀποϐάλλοντες
995 5199 1094 5270 τὴν
1141 5199 1362 5271 ἔχθραν,
1407 5205 1502 5256 καὶ
1543 5221 1714 5274 προσο

157 5292 443 5363 δραμόντες
504 5295 618 5355 τοῖς
669 5293 1017 5356 ἀποστόλοις,
1074 5293 1237 5357 εὐθὺς
1289 5295 1428 5364 μετὰ
1479 5297 1578 5364 τὴν
1636 5297 1718 5360 είς

157 5383 342 5446 αὐτοὺς
371 5383 669 5456 ὶπιδημίαν
699 5382 793 5436 τοῦ
824 5383 1208 5454 Παρακλήτου,
1249 5385 1356 5455 πρὸ
1387 5385 1481 5439 τοῦ
1513 5385 1716 5450 ἐξιέναι

160 5473 242 5526 ἐπὶ
272 5476 338 5528 τὰ
372 5473 524 5544 ἔθνη.

219 5565 323 5619 Καὶ
373 5567 520 5634 ἔθνη
577 5565 700 5621 ὑπὸ
758 5565 902 5632 τοὺς
959 5565 1152 5632 πόδας
1213 5565 1399 5636 ἡμῶν.
1462 5566 1603 5631 Τοὺς
1661 5567 1721 5634 ἐξ

160 5652 318 5706 ἐθνῶν
341 5656 794 5722 πεπιστευκότας,
817 5655 866 5709 οἳ
886 5659 979 5710 καὶ
996 5655 1215 5726 θερμῶς
1236 5656 1587 5712 ὑπεκλίνοντο
1606 5660 1722 5722 τοῖς

160 5747 277 5799 moi.
322 5748 435 5800 τῶν
477 5749 812 5817 ἀποστόλων,
847 5749 942 5804 καὶ
975 5749 1043 5803 τὰ
1084 5751 1206 5821 ίχνη
1244 5747 1452 5803 τούτων
1479 5748 1720 5813 εὐσεϐῶς

161 5840 580 5910 ιιῖτησπάζοντο.
1537 5853 1542 5857 ’

883 4835 1103 4895 propter
1166 4831 1528 4900 temporarias
1581 4833 1718 4891 istos
1757 4850 1913 4907 reges
1940 4844 2187 4899 nostros,
2219 4833 2311 4898 qui
2347 4843 2403 4888 et
2433 4832 2645 4887 minimi
2690 4839 2821 4888 sunt
2903 4833 3052 4890 illius
3116 4847 3407 4903 compara-

1891 5015 2058 5071 ναις.
2093 5013 2146 5069 4.
2179 5013 2413 5081 Subjecit
2444 5012 2666 5081 populos
2693 5012 2864 5066 nobis.
2910 5009 3014 5066 Per
3029 5013 3258 5081 papulos
3318 5011 3405 5066 hic

1815 5111 2031 5168 Judreos
2067 5110 2188 5164 illos
2219 5107 2468 5177 intelligit
2498 5107 2588 5175 qui
2616 5106 2778 5175 primi
2832 5107 3078 5159 omnium
3130 5106 3185 5158 in
3238 5105 3403 5158 Chri-

1817 5217 1956 5261 stum
1984 5202 2333 5258 crediderunt
2365 5216 2379 5253 :
2415 5199 2501 5251 illa
2535 5198 2741 5253 scilicet
2774 5197 2875 5250 tria
2927 5199 3095 5250 millia
3126 5239 3141 5262 ,
3199 5206 3253 5252 et
3307 5198 3400 5251 illa

1817 5297 2058 5366 quinque
2082 5293 2274 5356 millia,
2305 5305 2427 5361 quae
2457 5290 2642 5342 statim
2700 5302 2831 5358 post
2862 5288 3127 5342 Paraclcti
3159 5287 3399 5357 Spiritus

1815 5385 2149 5447 adventum,
2211 5380 2476 5449 depositis
2538 5376 2948 5438 simultatibus,
2999 5375 3066 5429 ad
3122 5377 3400 5445 apostolos

1825 5475 2214 5544 conlugcrnnt,
2251 5480 2542 5539 antequam
2570 5467 2644 5520 illi
2675 5469 2885 5521 exirent
2920 5468 2986 5519 ad
3024 5476 3236 5538 gentes.

1898 5563 1966 5618 Et
1989 5575 2162 5634 gentes
2192 5563 2285 5615 sub
2314 5558 2530 5629 pedibus
2555 5557 2770 5611 nostris.
2805 5556 2867 5609 Et
2901 5571 3018 5623 eos,
3057 5556 3144 5625 qui
3176 5559 3240 5611 de
3265 5573 3400 5629 ger.-

1823 5658 1972 5713 tibus
1995 5655 2378 5713 crediderunt,
2432 5651 2526 5721 qui
2569 5649 2673 5704 tide
2718 5649 2972 5703 ardentes
3021 5652 3394 5720 apostolorum

1823 5748 2051 5818 pedibus
2084 5745 2328 5801 inclinati
2361 5755 2487 5799 sunt
2519 5783 2534 5810 ,
2560 5751 2614 5801 et
2667 5743 2884 5798 illorum
2924 5743 3148 5813 vestigia
3198 5743 3286 5814 pie
3335 5757 3400 5798 ac

1823 5839 2073 5911 religiose
2129 5837 2440 5907 ample‘xuti.
