3866 6542
418 389 534 456 515

1637 379 2023 454 ΕΠΤῌΥΜΠ
2063 378 2234 440 ZIGA
2246 377 2392 440 BEN
2399 377 2426 437 Ι

3577 377 3680 444 ειδ-

495 503 666 564 Vens.
695 501 748 557 5.
782 498 956 568 Elegit
985 496 1135 560 nobis
1166 497 1526 552 luereditatent
1562 495 1688 552 sibi.
1741 497 1841 552 l’er
1889 509 1989 549 nos

2132 491 2519 568 ῨἙξελέξατο
2580 489 2726 560 ἡμῖν
2789 490 2908 560 τὴν
2962 493 3378 563 κληρονομίαν
3437 495 3672 551 ἑαυτοῦ.

419 598 832 668 dispensatores
864 589 1124 648 Ecclesiae
1159 605 1274 648 sum
1299 590 1464 661 elegit
1497 605 1618 656 eos,
1648 591 1742 660 qui
1768 605 1834 645 ex
1863 604 1996 658 gen.

422 691 572 752 tibus
594 685 740 754 digni
759 691 941 738 essent
966 681 1019 736 in
1048 681 1415 736 hereditatem
1444 697 1638 747 suam;
1660 682 1815 751 juxta
1833 679 1990 736 illud:

421 777 570 840 Dabo
588 774 682 828 tibi
704 782 878 843 gentes
899 771 1262 830 Itcreditatem
1287 782 1434 826 tuam
1461 773 1500 803 ⁷¹
1526 789 1541 836 ;
1593 786 1842 842 quosque
1882 785 2004 826 ωε..

420 885 561 939 gnus
605 867 692 920 hic
730 875 921 920 noster
975 865 1086 918 Rex
1144 879 1238 934 per
1285 879 1385 920 nos
1415 905 1430 930 ,
1477 865 1640 919 veluti
1691 880 1784 932 per
1827 864 2004 920 duces

421 954 707 1023 quosdam,
739 952 843 1007 sibi
895 951 952 1005 in
1000 952 1208 1007 milites
1259 954 1580 1023 assumpsit.
1624 953 1801 1022 [Nam
1849 952 1994 1023 quod

421 1045 496 1095 ait
531 1060 544 1096 :
575 1040 746 1111 Elegit
783 1042 956 1102 nobis,
988 1042 1224 1111 positum
1257 1052 1360 1107 est,
1397 1058 1493 1113 pro
1517 1082 1531 1110 ,
1579 1045 1634 1096 in
1686 1044 1888 1108 nobis;
1942 1043 1994 1098 id

421 1144 526 1194 est,
555 1149 651 1203 per
691 1149 809 1186 nos.
836 1131 856 1203 ]

490 1226 722 1293 Speciem
750 1224 921 1278 Iacob
951 1242 1113 1294 quam
1149 1225 1359 1280 dilexit.
1385 1225 1573 1296 Neque
1615 1227 1720 1284 hoc
1763 1235 1995 1291 tantum,

423 1317 518 1372 sed
544 1332 640 1372 eos
671 1317 816 1372 enim
851 1332 945 1386 per
983 1331 1084 1372 nos
1112 1317 1296 1388 elegit,
1323 1319 1417 1387 qui
1455 1319 1706 1374 utiliores
1734 1329 1894 1374 erant
1925 1319 1998 1374 de

426 1426 624 1482 genere
661 1409 872 1472 Jacob,
920 1424 1061 1478 quos
1119 1407 1382 1464 dilectam
1439 1412 1678 1479 speciem
1727 1407 2006 1475 Propheta.

422 1502 677 1571 appellat,
701 1505 802 1554 hoc
823 1509 928 1563 est,
952 1499 1225 1555 formosos
1249 1508 1412 1568 atque
1430 1510 1678 1564 ornatos,
1699 1499 2000 1555 virtutibus

426 1594 684 1645 nimirum
721 1608 734 1643 :
765 1601 930 1660 atque
966 1591 1086 1645 ideo
1134 1590 1300 1644 etiam
1348 1591 1582 1646 maxime
1629 1591 1878 1646 dilectos.
1931 1592 2000 1647 Et

426 1683 681 1752 superius
711 1683 931 1752 quidem
967 1681 1268 1751 praeposuit
1293 1680 1538 1747 Judmos,
1573 1683 1664 1751 qui
1691 1683 1854 1752 primi
1878 1671 2002 1754 post

425 1773 628 1830 Christi
663 1774 1120 1827 resurrectionem
1155 1772 1556 1838 credidissent,
1608 1789 1760 1828 nunc
1806 1784 1996 1829 contra

426 1865 694 1935 praeponit
733 1873 944 1933 gentes.
975 1865 1117 1932 quod
1149 1880 1214 1918 ex
1245 1865 1326 1918 eis
1360 1864 1541 1934 plures
1572 1879 1789 1935 semper
1822 1868 2001 1920 credi-

429 1960 625 2016 derint.
659 1955 830 2012 Judaci
861 1959 1004 2012 enim
1053 1959 1310 2027 gentibus
1363 1962 1710 2028 comparati,
1769 1959 1998 2013 minima

429 2051 676 2120 quamam
711 2065 836 2119 pars
862 2060 990 2104 sunt
1017 2049 1280 2105 ﬁdelium.

501 2225 666 2280 Vens.
704 2225 755 2279 6.
786 2226 1033 2279 Ascendit
1069 2224 1324 2281 Dominus
1349 2227 1401 2279 in
1422 2226 1594 2296 jubilo
1619 2265 1637 2291 ,
1665 2227 1916 2280 Dominus
1951 2226 2008 2279 in

429 2331 549 2370 uoce
576 2315 732 2370 tubaz.
767 2315 878 2370 Hoc
908 2319 961 2370 iu
993 2319 1114 2370 loco
1164 2318 1368 2373 Christi
1407 2333 1702 2374 ascensum
1756 2318 1812 2374 in
1865 2320 2010 2373 caelo

429 2409 816 2477 praenuntiavit
845 2425 857 2462 :
891 2409 1352 2477 quemadmodum
1381 2447 1397 2474 ,
1430 2419 1485 2464 et
1516 2410 1569 2464 in
1603 2426 1740 2466 χχιιι
1769 2411 2004 2480 psalmo,

429 2501 878 2568 signiﬁcavimus.
901 2498 1394 2568 Perjubilationem
1419 2509 1628 2567 autem,
1657 2509 1710 2557 ct
1745 2516 1841 2573 per
1864 2502 2006 2558 tuba!

429 2605 640 2660 Vocem,
668 2606 834 2648 voces
867 2592 1115 2664 intelligit
1149 2593 1576 2662 praecedentium
1611 2604 1741 2648 tunc
1774 2596 2008 2665 angelo-

431 2700 577 2748 rum,
593 2685 972 2753 jubilationem
995 2683 1236 2754 quidem,
1258 2696 1475 2754 propter
1497 2687 1586 2739 illa
1607 2687 1768 2741 verba
1790 2697 1921 2760 tunc
1939 2688 2010 2743 ab

433 2778 640 2845 angelis
662 2778 868 2842 prolata
892 2794 906 2830 :
932 2776 1188 2830 Dominus
1205 2776 1361 2845 [ortis
1379 2787 1426 2830 et
1446 2788 1649 2846 potens,
1671 2787 1720 2831 et
1751 2778 2007 2834 Dominus

431 2877 612 2937 potens
637 2871 689 2921 in
717 2867 898 2935 praelia
927 2869 973 2899 ⁷³
1003 2885 1016 2933 ;
1047 2884 1168 2938 qua:
1196 2869 1247 2922 iu
1282 2870 1525 2923 victoriae
1565 2869 1825 2940 hymnum
1863 2871 2009 2926 dicta

433 2961 706 3015 videntur.
726 2960 960 3015 Jubilum
981 2961 1124 3015 enim
1145 2961 1388 3015 victoriae
1406 2975 1592 3016 vocem
1611 2978 1733 3017 esse
1751 2963 2012 3018 diximus.

436 3049 797 3106 'l'ubaeautcm
832 3067 1016 3107 vocem
1034 3053 1168 3108 dixit
1184 3057 1253 3108 ob
1276 3055 1437 3107 verba
1455 3055 1545 3110 illa
1567 3071 1582 3110 :
1603 3054 1792 3110 Tollite
1801 3065 2010 3126 portas,

435 3142 720 3211 principes,
747 3153 952 3198 vestras
972 3145 1040 3208 ⁷³,
1072 3153 1122 3197 et
1155 3161 1273 3214 qua:
1292 3157 1619 3216 sequuntur.
1649 3147 1848 3202 Prteire
1864 3149 2007 3203 enim
2034 3169 2082 3231 ς

436 3232 613 3286 Solent
643 3232 950 3298 tubicines,
1004 3235 1222 3303 quoties
1264 3237 1612 3292 exercituum
1661 3236 1831 3293 duces
1880 3254 2006 3294 cum

433 3323 658 3378 victoria
689 3325 742 3376 in
768 3328 998 3394 patriam
1035 3334 1397 3382 revertuntur.
1431 3326 1524 3383 Vel
1573 3328 1732 3384 aliter
1757 3369 1772 3395 ,
1807 3331 2012 3400 perjn-

435 3415 600 3469 hilum
661 3424 714 3471 et
747 3431 842 3486 per
891 3432 1078 3472 vocem
1116 3418 1294 3487 tubae,
1337 3420 1655 3490 angelorum
1705 3435 1869 3476 voces
1923 3423 2008 3476 in-

435 3506 639 3561 tellexit
668 3524 681 3560 :
717 3508 844 3576 quia
876 3507 1188 3576 hujusmodi
1216 3510 1379 3564 verba
1409 3511 1556 3566 clare
1605 3526 1672 3567 ac
1719 3512 2012 3568 manifeste

436 3595 502 3648 ad
534 3610 724 3650 omnes
761 3595 949 3649 mundi
981 3596 1118 3651 lines
1151 3611 1247 3666 per
1273 3600 1647 3667 apostolorum
1701 3599 2010 3655 doctrinam

437 3692 830 3752 pervenerunt.

507 3774 674 3828 Vens.
707 3775 757 3828 7.
786 3773 1010 3830 Psallite
1041 3775 1144 3830 Deo
1166 3776 1612 3844 nostro,'psallite
1645 3776 1776 3849 Regi
1809 3789 2010 3845 nostra,

437 3866 669 3934 psallite.
737 3867 873 3920 Cum
934 3869 1193 3937 prazclara
1229 3869 1429 3925 Christi
1487 3885 1654 3940 opera
1699 3881 1754 3927 et
1792 3872 2012 3929 illorum

439 3958 873 4025 magnitudim-m
924 3959 1255 4025 narraverit,
1309 3975 1526 4015 summo
1573 3963 1836 4034 deinceps
1887 3979 2012 4018 cum

439 4051 627 4104 studio
659 4051 980 4106 universum
1015 4055 1204 4108 orbem
1247 4053 1479 4108 advocat
1509 4055 1576 4110 ad
1609 4055 1759 4111 illius
1800 4057 2012 4112 laudes.

441 4137 557 4193 Hoc
593 4141 738 4194 cnim
787 4142 889 4196 sibi
935 4143 1048 4197 vult
1105 4145 1357 4214 repetitio
1407 4145 1498 4199 illa
1543 4147 1717 4213 verbi,
1769 4145 2016 4218 Psallite,

439 4230 491 4283 id
527 4244 630 4297 est,
669 4228 886 4288 Canite.
921 4233 987 4286 Et
1016 4234 1218 4290 deinde
1240 4249 1465 4291 causam
1498 4238 1650 4293 addit
1675 4254 1775 4294 cur
1809 4255 2014 4297 canen-

439 4321 686 4378 dutnsit:

517 4416 677 4472 Vsus.
707 4417 760 4471 8.
798 4416 1080 4488 Quoniang
1094 4419 1205 4474 Rex
1231 4421 1401 4475 omnis
1428 4431 1583 4478 terra:
1613 4423 1776 4490 Deus,
1799 4424 2015 4495 psallite

2109 567 2424 648 Ἐξελέξατο
2445 583 2514 636 δι’
2539 582 2720 652 ἡμῶν,
2745 583 2858 638 τῶν
2878 585 3182 655 οἰκονόμων
3203 587 3301 657 τῆς
3350 586 3680 660 Ἐκιλησίας

2097 675 2287 739 αὐτοῦ,
2317 677 2442 737 τοὺς
2479 675 2542 741 ἐξ
2567 675 2736 728 ἐθνῶν
2763 676 2950 744 ἀξίους
2978 677 3057 739 είς
3083 677 3459 749 κληρονομίαν
3491 681 3675 747 αὐτοῦ,

2097 764 2240 818 κατά
2263 764 2324 818 τό
2350 779 2366 794 ·
2393 764 2572 818 Δώσω
2605 782 2703 819 σοι
2746 766 2891 833 ἔθνη
2924 765 3040 833 τὴν
3073 770 3490 838 κληρονομίαν
3525 786 3637 826 σου
3657 788 3676 805 ο

2097 854 2190 918 οὒς
2215 857 2311 909 καὶ
2339 855 2406 908 δι’
2437 857 2617 926 ἡμῶν,
2648 856 2724 919 ὥς
2743 856 2832 910 διά
2856 873 3021 911 τινων
3054 859 3402 930 στρατηγῶν,
3449 863 3479 914 ὁ
3511 861 3676 932 μέγας

2097 940 2252 1009 οὗτος
2276 945 2530 1016 βασιλεὺς
2551 945 3022 1019 ἐστρατολόγησεν
3050 949 3252 1019 ἑαυτῷ.

2170 1200 2291 1269 Τὴν
2334 1202 2652 1272 καλλονὴν
2688 1203 2920 1271 Ἰακὼϐ,
2968 1203 3049 1274 ἣν
3077 1207 3423 1277 ἠγάπησεν.
3474 1211 3587 1268 Καὶ
3616 1215 3678 1267 οὐ

2099 1292 2320 1356 τούτους
2381 1293 2566 1363 μόνον,
2605 1292 2743 1347 ἀλλὰ
2790 1296 2884 1348 καὶ
2933 1297 3064 1360 τοὺς
3110 1299 3570 1372 χρησιμωτέρους
3617 1305 3681 1356 ὲκ

2099 1386 2290 1453 γένους
2360 1386 2556 1439 Ἰακώϐ
2591 1402 2604 1416 ⁶
2668 1388 2898 1452 τούτους
2964 1392 3073 1460 γάρ
3144 1390 3409 1459 καλλονὴν
3487 1393 3682 1447 Ἰακὼό

2099 1478 2405 1549 ὠνόμασεν,
2458 1479 2534 1544 ὡς
2571 1479 2863 1544 καλλίονας
2912 1481 2974 1546 ἐξ
3023 1481 3220 1535 Ἰακώϐ
3245 1499 3260 1514 ο
3292 1486 3360 1554 ἢν
3396 1485 3678 1555 χαλλονὴν,

2099 1571 2381 1625 τουτέστιν
2417 1570 2511 1634 οὓς
2546 1571 2748 1636 καλοὺς
2782 1574 3095 1644 ἠγάπησεν,
3123 1574 3199 1639 ὡς
3222 1577 3683 1646 κεκαλλωπισμέ-

2101 1681 2225 1725 νους
2269 1665 2390 1728 ταῖς
2419 1665 2668 1734 ἀρεταῖς.
2707 1667 2854 1720 Ἀνω
2901 1668 3001 1736 μὲν
3055 1663 3149 1722 οὖν
3202 1672 3510 1740 προσέταξε
3561 1674 3684 1737 τοὺς

2117 1753 2426 1818 Ἰουδαίους,
2486 1755 2563 1818 ὡς
2619 1754 2870 1826 πρώτους
2928 1757 3067 1826 μετὰ
3115 1757 3212 1830 τὴν
3251 1761 3556 1815 ἀνάστασιν
3592 1762 3680 1816 τοῦ

2034 1831 2072 1883 Β
2101 1847 2337 1918 Χριστοῦ
2367 1849 2764 1911 πιστεύσαντας
2784 1864 2797 1878 ·
2824 1849 3058 1903 ἐνταῦθα
3091 1851 3167 1916 δὲ,
3196 1854 3512 1908 τούναντίον
3537 1858 3681 1910 ἐποί-

2101 1954 2222 2008 ησε,
2252 1938 2338 1990 διὰ
2362 1939 2421 1992 τὸ
2453 1939 2804 2010 παμπληθεῖς
2833 1942 3114 1994 πιστεύειν
3135 1943 3219 1995 ἀεὶ
3246 1945 3371 2009 τοὺς
3397 1947 3460 2012 ἐξ
3492 1946 3682 2012 ἐθνῶν,

2105 2033 2198 2083 καὶ
2231 2030 2406 2101 βραχύ
2445 2049 2499 2084 τι
2533 2033 2700 2104 μέρος
2744 2028 2886 2087 εἶναι
2927 2034 3063 2106 πρὸς
3094 2036 3218 2100 τοὺς
3253 2036 3313 2102 ἐξ
3355 2038 3531 2092 ἐθνῶν
3560 2040 3680 2103 τοὺς

2103 2122 2162 2189 ἐξ
2202 2123 2418 2194 Ἰσραὴλ
2451 2123 2832 2188 πιστεύοντας.

2188 2215 2396 2284 Ἀνέϐη
2430 2218 2462 2268 δ
2491 2217 2638 2282 Θεὸς
2665 2217 2735 2269 ἐν
2759 2216 3111 2288 ἀλαλαγμῷ,
3151 2220 3366 2287 Κύριος
3411 2219 3485 2274 ἐν
3513 2222 3681 2290 φωνῇ

2105 2306 2464 2378 σάλπιγγος.
2511 2308 2778 2362 Ἐνταῦθα
2816 2307 2916 2380 τὴν
2947 2313 3025 2372 εἰς
3069 2310 3334 2380 οὐρανοὺς
3371 2313 3560 2366 ἄνοδον
3593 2315 3680 2368 τοῦ

2107 2401 2346 2472 Χριστοῦ
2387 2401 2857 2470 προκαταγγέλλει
2884 2401 3072 2468 Δαϐὶδ,
3103 2403 3180 2465 ὼς
3223 2405 3283 2456 ὲν
3315 2404 3395 2474 τῷ
3433 2404 3520 2473 κγ’
3552 2405 3680 2476 ψαλ-

2111 2494 2197 2568 μῷ
2225 2496 2724 2568 ἐπεσημηνάμεθα.
2771 2494 3114 2568 ’Δλαλαγμὸν
3141 2495 3198 2552 δὲ
3242 2495 3392 2567 λέγει
3423 2496 3519 2554 νῦν
3556 2499 3682 2555 σαλ-

2111 2606 2330 2659 πιγγος,
2354 2591 2454 2652 τὰς
2483 2591 2668 2658 φωνὰς
2691 2591 2803 2644 τῶν
2845 2592 3157 2661 τηνικαῦτα
3192 2595 3682 2664 προπορευομὲνων

2108 2683 2357 2751 ἀγγέλων
2391 2699 2405 2714 ’
2469 2683 2786 2753 ἀλαλαγμὸν
2827 2685 2950 2754 μὲν,
2999 2684 3088 2738 διὰ
3135 2683 3236 2737 τό·
3274 2687 3491 2752 Κύριος
3549 2702 3679 2755 κρα-

2111 2774 2274 2841 ταιὸς
2295 2758 2392 2829 καὶ
2433 2774 2712 2842 δυνατὸς,
2752 2777 2968 2844 Κύριος
2995 2775 3252 2842 δυνατὸς
3283 2776 3354 2829 ἐν
3401 2776 3681 2846 πολέμῳ·

2110 2866 2268 2919 τοῦτο
2318 2867 2447 2936 γὰρ,
2501 2867 2669 2938 ὕμνος
2714 2867 2982 2933 ἑπινίκιος
3011 2884 3028 2900 ο
3066 2869 3190 2921 ἐπεὶ
3226 2869 3319 2922 καὶ
3349 2867 3681 2936 ἀλαλαγμὸς,

2113 2958 2264 3026 φωνή
2295 2959 2442 3010 ἐστιν
2477 2957 2744 3019 ἑπινίκιος
2769 2973 2784 2988 ·
2809 2956 2992 3028 φωνὴν
3020 2957 3076 3010 δὲ
3108 2958 3432 3025 σάλπιγγος,
3465 2959 3557 3013 διὰ
3589 2961 3682 3012 τόο

2117 3049 2319 3116 Ἄρατε
2347 3049 2566 3114 πύλας,
2605 3051 2659 3100 ol
2688 3049 2999 3116 ἄρχοντες.
3030 3050 3222 3119 ὑμῶν,
3270 3052 3366 3104 καὶ
3403 3052 3471 3105 τά
3511 3051 3638 3123 ἑξῆς
3664 3067 3676 3081 ·

2111 3138 2347 3194 ὁδοποιεῖ
2393 3138 2504 3209 γὰρ
2546 3140 2579 3208 ή
2634 3138 2893 3206 σάλπιγξ,
2957 3143 3067 3203 τοῖς
3111 3138 3579 3210 ἀναζευγνύουσιν
3625 3147 3680 3196 ἐκ

2115 3228 2354 3299 πολέμου
2383 3229 2722 3300 βασιλεῦσιν.
2760 3232 2830 3284 Ἢ
2860 3230 2956 3285 καὶ
2978 3231 3155 3294 ἄλλως
3189 3228 3348 3286 εἶπεν
3379 3235 3475 3298 τάς
3504 3235 3682 3302 quivit;

2111 3322 2220 3376 τῶν
2249 3322 2502 3391 ἀγγέλων
2522 3321 2840 3392 ἀλαλαγμὸν
2881 3324 2973 3376 καὶ
3010 3325 3196 3394 φωνὴν
3239 3325 3562 3393 σάλπιγγος,
3601 3327 3680 3378 διὰ

2112 3415 2173 3468 τὺ
2197 3415 2413 3487 τρανῶς
2433 3415 2527 3469 καὶ
2555 3415 2721 3479 ὀξέως
2745 3415 3082 3484 ἀκουσθῆναι
3111 3415 3180 3469 τά
3206 3415 3432 3470 τοιαῦτα
3466 3418 3686 3487 ῥήματα

2114 3507 2250 3577 πρὸς
2295 3507 2513 3561 ἅπαντα
2561 3507 2654 3562 τοῦ
2683 3507 2888 3577 κόσμου
2918 3507 2986 3560 τά
3021 3509 3260 3579 πέρατα,
3304 3509 3398 3563 δια
3435 3508 3540 3577 τῆς
3577 3507 3689 3562 τῶν

2113 3601 2430 3655 ἀποστόλων
2471 3601 2842 3666 διδασκαλίας.

2195 3779 2433 3835 Ψὰλατε
2464 3778 2545 3844 τῷ
2602 3778 2724 3845 Θεῷ
2773 3778 2964 3848 suae,
3021 3777 3258 3848 ψὰλατε
3317 3783 3398 3846 τῷ
3439 3781 3681 3845 ,Βασιιει

2115 3871 2307 3943 ήμῶν,
2334 3871 2594 3940 ψᾶλαι-ε.
2628 3872 3044 3942 Διηγησάμενος
3073 3871 3135 3924 τὸ
3164 3871 3399 3942 μέγεθος
3453 3873 3564 3926 τῶν
3592 3873 3680 3927 τοῦ

2115 3964 2355 4034 Χριστοῦ
2388 3963 2853 4034 κατορθωμάτων,
2897 3963 3055 4016 καλεῖ
3073 3963 3170 4035 τὴν
3224 3963 3552 4034 οἰκουμένην
3609 3965 3682 4027 είς

2115 4058 2395 4130 εὐφημίαν
2434 4057 2574 4128 μετὰ
2601 4055 2806 4128 πολλῆς
2838 4058 2937 4127 τῆς
2966 4057 3209 4124 σπουδῆς
3250 4071 3266 4086 ·
3326 4056 3489 4111 τοῦτο
3526 4058 3632 4127 γὰρ
3655 4059 3682 4110 ὁ

2115 4149 2210 4206 τοῦ
2250 4149 2492 4204 Ψάλατε
2543 4150 2840 4220 παρίστησι
2872 4148 3297 4218 διπλασιασμός.
3355 4149 3592 4203 Ψὰλατε
3609 4148 3676 4207 δὲ.

2118 4242 2246 4297 ἀντὶ
2277 4242 2676 4314 Μελῳδήσατε,
2715 4239 2835 4296 εἶτα
2871 4243 2968 4297 καὶ
3003 4243 3036 4312 ή
3073 4244 3224 4295 αἰτία
3249 4241 3342 4296 τοῦ
3373 4243 3595 4296 Ψάλατε
3615 4257 3630 4271 ο

2177 4423 2307 4478 Ὀτι
2346 4419 2646 4487 βασιλεὺς
2669 4423 2702 4474 ό
2735 4419 2880 4484 Θεὸς
2899 4418 3104 4486 πάσης
3137 4418 3249 4488 τῆς
3276 4421 3412 4488 τῆς,
3453 4420 3681 4490 φάλαινα

439 4511 728 4577 sapienter.
759 4510 976 4577 Canite,
1009 4513 1209 4582 inquit,
1265 4514 1375 4570 Deo
1401 4513 1533 4586 [tegi
1569 4524 1783 4579 nostro,
1820 4517 1871 4571 id
1905 4529 2008 4584 est,

2124 4515 2413 4581 συνετῶς.
2455 4512 2844 4584 Μελῳδήσατε,
2892 4515 3051 4580 φησι,
3083 4512 3193 4588 υτῷ
3253 4513 3374 4584 Θεῷ
3419 4514 3497 4585 τῷ
3527 4515 3675 4586 βασι.

440 4601 659 4657 Christo
689 4619 703 4658 ε
741 4607 1003 4674 quoniam
1045 4603 1162 4660 Rex
1201 4616 1286 4660 est
1317 4608 1487 4662 totius
1520 4617 1679 4665 terra:
1708 4628 1720 4664 :
1763 4608 1902 4664 Data
1933 4621 2012 4666 est

440 4695 585 4744 enim
615 4694 762 4758 mihi,
796 4695 996 4765 inquit,
1035 4697 1205 4749 omnis
1223 4704 1457 4764 potestas
1485 4699 1539 4752 in
1570 4700 1697 4754 calo
1723 4709 1773 4755 et
1804 4702 1856 4755 in
1909 4713 2014 4756 ter-

443 4795 502 4832 ra
535 4780 603 4834 ".
643 4781 864 4837 Psallite
899 4796 1080 4840 autem
1132 4801 1236 4840 non
1272 4787 1622 4857 simpliciter,
1657 4795 1751 4846 sed
1797 4793 2014 4861 sapien-

442 4877 546 4935 ter,
586 4871 686 4926 hoc
717 4882 824 4940 est,
875 4890 983 4930 non
1041 4876 1227 4945 lingua
1281 4886 1516 4945 tantum,
1588 4882 1682 4936 sed
1733 4883 1900 4937 corde
1962 4893 2016 4939 et

439 4962 722 5018 intellectu
773 4983 786 5018 :
835 4966 1210 5038 intelligentes
1260 4971 1474 5027 scilicet
1519 4973 1571 5027 id
1611 4974 1759 5046 quod
1788 4977 2014 5045 canitis,

438 5060 498 5106 et
529 5068 779 5122 quaenam
812 5056 922 5110 sint
953 5059 1218 5125 praeclara
1250 5059 1402 5117 illius
1431 5077 1622 5132 opera.
2015 5107 2018 5111 ι

515 5144 678 5200 Vens.
710 5145 762 5201 9.
794 5145 1048 5220 Regnavit
1090 5149 1227 5205 Deus
1259 5168 1414 5220 super
1444 5165 1640 5224 gentes.
1685 5157 1860 5212 Antea
1899 5156 2018 5229 qui-

443 5234 565 5289 dem
604 5239 745 5293 Deus
773 5240 1018 5308 gentium
1066 5243 1230 5297 etiam
1290 5243 1697 5314 dominabatur,
1741 5264 1930 5303 verum
1960 5257 2018 5303 ut

447 5327 751 5384 nolentium
795 5340 852 5386 et
904 5319 1224 5402 rebelliu'm,
1275 5352 1420 5392 nunc
1467 5349 1649 5394 autem
1703 5340 2014 5397 volentibus

447 5419 704 5491 imperat,
734 5433 794 5478 ut
825 5426 1164 5499 redemptor.
1203 5429 1270 5484 Et
1295 5432 1424 5501 quia
1459 5431 1734 5503 duplicem
1759 5432 2016 5490 Christus

451 5514 616 5568 habet
644 5526 922 5585 naturam,
954 5531 1080 5576 ante
1131 5521 1566 5579 incarnationem
1600 5540 1724 5580 eum
1757 5541 2016 5596 regnasse

450 5607 690 5664 dicimus
743 5619 802 5663 ut
841 5611 1032 5677 Deutu,
1087 5623 1211 5684 post
1253 5615 1714 5672 resurrectionem
1750 5633 1880 5674 vero
1931 5633 2023 5673 re-.

526 5789 570 5818 "
607 5789 753 5844 Psal.
806 5807 864 5854 ιι,
902 5791 957 5844 8.
1031 5792 1076 5824 ⁷⁸
1109 5793 1258 5848 Psal.
1309 5811 1462 5861 XXIII,
1503 5797 1555 5851 8.

2118 4608 2200 4661 λεί
2220 4609 2404 4678 ἡμῶν,
2429 4607 2550 4677 ἦτοι
2573 4605 2650 4676 τῷ
2673 4605 2917 4677 Χριστῷ,
2939 4603 3076 4657 διότι
3109 4603 3367 4674 βασιλεὺς
3385 4605 3561 4677 πάσης
3584 4606 3679 4675 τῆς

2119 4703 2223 4771 γῆς
2245 4701 2411 4754 ἐστιν.
2431 4698 2640 4767 Ἐδόθη
2652 4715 2758 4770 μοι
2789 4699 2923 4770 γὰρ,
2955 4700 3112 4768 φησι,
3137 4699 3310 4754 πᾶσα
3337 4699 3586 4763 ἐξουσία
3612 4699 3679 4752 ἐν

2117 4793 2353 4866 adpare”)
2382 4795 2480 4849 ttat
2525 4793 2625 4849 ἐπὶ
2665 4793 2776 4864 γῆς
2805 4811 2818 4826 ’
2853 4792 3062 4864 ψάλατε
3093 4794 3152 4848 δὲ
3191 4794 3268 4865 μὴ
3298 4795 3508 4862 ἁπλῶς,
3546 4794 3678 4849 ἀλλὰ

2120 4888 2349 4960 νοητῶς,
2367 4888 2534 4958 ἦγουν
2561 4887 2638 4959 μὴ
2657 4887 2870 4959 γλώττῃ
2891 4888 3077 4956 μόνον,
3098 4888 3235 4942 ἀλλὰ
3262 4891 3354 4942 καὶ
3375 4889 3478 4955 νοῖ,
3502 4889 3678 4941 συνὲν-

2118 4999 2231 5048 τες,
2282 4982 2392 5036 τίνι
2424 4981 2741 5054 μελῳδεῖτε,
2787 4981 2882 5034 καὶ
2916 4981 3011 5034 ἐπὶ
3043 4981 3217 5044 ποίοις
3241 4981 3675 5052 κατορθὼμσσπν.

2202 5161 2630 5217 Ἐϐασίλευσεν
2666 5162 2699 5214 ὀ
2727 5161 2871 5226 Θεὸς
2901 5158 2998 5213 ἐπὶ
3057 5158 3129 5212 τὰ
3192 5159 3356 5225 ἔθνη.
3425 5158 3678 5229 Πρότερον

2124 5258 2222 5328 μὲν
2273 5254 2588 5309 ἐϐασίλευεν
2622 5253 2888 5316 ἀκόντων,
2933 5251 3008 5314 ὼς
3055 5251 3390 5324 δημιουργός
3427 5267 3441 5281 ·
3484 5249 3568 5303 νῦν
3600 5248 3678 5309 δὲ,

2123 5351 2381 5416 ἑκόντων,
2412 5347 2488 5410 ὡς
2523 5347 2843 5419 Δυτρωτής.
2877 5345 2988 5398 Καὶ
3025 5345 3148 5398 ἐπεὶ
3171 5343 3394 5407 διπλοῦς
3443 5339 3528 5416 ἦν,
3577 5340 3678 5408 πρὸ

2127 5443 2229 5512 μὲν
2260 5441 2361 5510 τῆς
2390 5440 2884 5510 ἐνανθρωπήσεως,
2915 5438 2992 5500 ὡς
3020 5437 3154 5500 Θεὸς
3184 5432 3331 5506 εἶχεν
3380 5442 3477 5505 τὴν
3526 5432 3676 5501 βασι-

2122 5533 2275 5585 λείαν
2303 5546 2320 5562 ο
2360 5529 2500 5599 μετὰ
2524 5531 2582 5583 δὲ
2613 5529 2713 5598 τὴν
2753 5530 2819 5582 ὲκ
2857 5527 3068 5597 νεκρῶν
3134 5526 3452 5590 ἀνάστασιν,
3497 5518 3676 5574 ἔλαϐεν

2124 5618 2291 5688 αὐτὴν
2325 5619 2419 5671 καὶ
2444 5617 2520 5681 ὡς
2549 5617 2856 5688 ἄνθρωπος.
2885 5619 3017 5671 Τότε
3047 5619 3156 5686 γὰρ
3186 5608 3309 5668 εἷπε
3333 5613 3394 5668 τό
3421 5629 3435 5644 ·
3477 5610 3682 5676 Ἐδόθη

1663 5796 1708 5827 ’³
1743 5797 1880 5852 Ibid.
1918 5799 1968 5854 7.
2047 5798 2094 5831 ⁷⁸
2126 5799 2318 5854 Matth.
2354 5812 2550 5864 ιιιίιι,
2601 5796 2686 5852 i8.
