3806 6566
103 418 185 487 511
753 424 756 432 ’
1223 414 1614 485 COMMENT.
1660 423 1745 485 IN
1783 417 2147 487 PSALMOS.

3110 427 3115 432 ’
3200 423 3309 490 518

97 556 176 610 μοι
197 532 357 590 πᾶσα
384 533 662 597 ἐξουσία,
691 534 786 588 καὶ
814 535 886 589 τὰ
917 535 1065 605 ἑξῆς.
1119 536 1243 590 Ἐπὶ
1297 538 1367 591 τὰ
1398 538 1527 608 εθνη
1551 539 1630 606 δὲ,

1776 555 1900 594 num
1926 540 2108 596 denuo
2131 539 2501 610 assumpsisse
2525 545 2586 594 ut
2610 537 2886 594 hominem
2908 536 3010 606 ;'et
3039 538 3161 596 ideo
3189 549 3324 597 tunc

96 622 306 701 δηλονότι
326 627 538 696 πάντα,
575 629 658 682 ὅτι
678 630 736 681 ἐν
767 629 974 684 ἅπασιν
1003 629 1182 684 ἔθνεσι
1201 630 1632 686 πεπιστεύκασν

98 722 174 776 καὶ
193 721 256 788 πῇ
299 720 422 788 μὲν,
455 719 690 772 καθόλου
719 720 778 772 τὸ
805 721 957 784 ἔθνος
988 722 1134 775 ἅπαν
1159 739 1182 757 °~
1209 727 1286 793 πῇ
1311 723 1388 788 δὲ,
1419 723 1478 788 ἐξ
1506 727 1637 795 ήμι»

99 811 249 872 σεξας·
291 812 365 878 πῇ
390 810 468 870 δὲ,
505 812 569 862 ἐκ
602 812 824 880 μέρους.
860 815 963 876 Εἰς
985 811 1192 866 πᾶσαν
1216 815 1325 885 γὰρ
1375 815 1489 884 τὴν
1521 817 1639 887 γῆν

96 904 324 969 ἐξῆλθεν
354 905 387 956 ὀ
424 905 684 972 φθόγγος
703 903 822 957 τῶν
845 905 1178 960 ἀποστόλων.
1553 891 1556 894 ’

157 1167 210 1217 ’0
230 1165 378 1231 Θεὸς
398 1165 648 1233 κάθηται
677 1167 776 1221 ἐπὶ
833 1172 1052 1236 θρονου
1104 1173 1277 1241 ἁγίου
1339 1176 1545 1230 αυτοῦ.
1581 1177 1641 1230 ’0

95 1259 175 1328 μὲν
194 1259 398 1324 θρόνος,
438 1257 716 1327 βασιλείας
744 1261 1014 1330 σύμϐολον
1041 1279 1058 1298 ο
1125 1264 1188 1319 τὸ
1231 1266 1288 1318 δὲ
1344 1267 1640 1338 καθῆσθαι,

91 1350 452 1420 βεϐαιότητος.
482 1353 647 1421 Λέγει
689 1349 805 1417 οὖν,
845 1357 928 1408 ὅτι
968 1348 996 1408 ὃ
1043 1358 1278 1428 Χριστὸς
1330 1360 1643 1429 βεϐαιοίται

93 1445 167 1495 ὲπὶ
189 1442 285 1517 τῆς
315 1443 596 1512 βασιλείας
649 1447 838 1510 αὑτοῦ,
890 1450 1032 1503 κατὰ
1087 1451 1176 1504 τόθ
1227 1453 1543 1508 Ἐκάθισεν
1577 1456 1647 1508 ἐν

90 1530 231 1598 δεξιᾷ
265 1533 380 1600 τῆς
397 1537 832 1605 μεγαλοσύνης
855 1539 925 1591 ἐν
953 1540 1216 1608 ὑψηλοῖς
1238 1560 1252 1575 ο
1279 1543 1372 1595 τοῦ
1407 1546 1645 1613 μεγάλου

91 1626 136 1677 δὲ
160 1624 394 1694 Παύλου,
417 1627 479 1680 τὸ
510 1630 697 1698 ῥητόν.
727 1629 922 1699 Ἀγιον
960 1633 1017 1685 δὲ
1082 1634 1173 1687 τὸν
1220 1635 1410 1707 Θρόνον
1471 1633 1648 1702 εἶπεν,

89 1716 152 1777 ὼς
171 1715 412 1787 καθαρὸν
455 1718 636 1789 πάσης
697 1723 1183 1792 προσωποληψίας,
1257 1730 1351 1778 καὶ
1429 1729 1652 1798 ἀπαρά-

91 1826 334 1878 γραπτον.

151 1988 471 2053 ’Ἄρχοντες
507 1988 677 2042 λαῶν
713 1991 1124 2061 συνήχθησαν
1138 1996 1292 2063 μετὰ
1335 1999 1440 2054 τοῦ
1495 2003 1645 2058 Θεοῦ

100 2077 355 2147 Ἀϐραάμ.
401 2079 670 2134 Ἐνταῦθα
698 2081 939 2138 δείκνυσι
992 2085 1086 2139 τοῦ
1139 2089 1496 2157 εὐαγγελικοῦ
1545 2112 1648 2165 κη·-

95 2171 355 2241 ρὺγματος
379 2171 476 2242 τὴν
509 2173 685 2242 ἰσχὺν,
716 2174 799 2228 ὅτι
833 2176 937 2230 οὐκ
984 2178 1211 2232 ιδιωτῶν
1271 2183 1454 2251 μόνον,
1511 2187 1649 2241 ἀλλὰ.

94 2265 168 2350 καὶ
193 2262 464 2330 βασιλέων
493 2267 587 2316 καὶ
627 2267 918 2337 ἡγεμόνων
939 2269 1136 2338 ἥψατο.
1171 2275 1281 2327 Καὶ
1331 2277 1486 2330 αὐτοὶ
1540 2279 1648 2350 γὰρ

91 2349 232 2418 οὗτοι,
263 2355 616 2425 συνήχθησαν
645 2359 786 2426 μετὰ
812 2359 908 2412 τοῦ
943 2363 1202 2438 Χριστοῦ,
1273 2365 1374 2436 τῆς
1429 2349 1649 2440 μερίδος

92 2444 233 2498 αὑτοῦ
269 2447 596 2531 γενόμενοι·
629 2449 767 2503 Θεοῦ
797 2450 856 2506 δὲ
903 2452 1157 2525 Ἀϐραὰμ
1201 2454 1380 2520 εἶπεν.
1441 2461 1646 2531 ὲμφαίυ

91 2551 197 2597 νων,
227 2535 312 2588 ὅτι
340 2530 494 2602 οὗτος
529 2533 598 2608 ἦν
627 2540 655 2592 ὁ
689 2542 972 2609 κάκείνου,
1023 2546 1118 2599 καὶ
1175 2547 1285 2601 τῶν
1335 2548 1396 2612 ἐξ
1435 2530 1644 2612 ἐκείνου

92 2625 221 2688 Θεὸς,
256 2629 351 2679 καὶ
367 2623 449 2690 εἷς
482 2624 640 2695 οὗτος
673 2633 972 2706 νομοθέτης
1002 2636 1100 2706 τῆς
1157 2639 1403 2705 Παλαιᾶς
1447 2645 1646 2715 Διαθή-

91 2733 196 2784 κης.
245 2721 342 2773 καὶ
375 2720 473 2790 τῆς
501 2722 732 2794 Καινῆς.

152 2980 265 3033 Ὀτι
292 2982 397 3035 τοῦ
421 2983 570 3036 Θεοῦ
591 2986 643 3038 οἱ
662 2987 927 3053 reparato!
961 2987 1067 3057 τῆς
1084 2988 1194 3060 γῆς
1218 2992 1453 3061 σφόδρα
1468 2993 1650 3063 ἐπὴρ.

99 3073 304 3136 θησαν.
375 3074 734 3147 Συνήχθησαν
767 3078 821 3130 δὲ
855 3081 995 3148 μετὰ
1053 3081 1146 3134 τοῦ
1202 3083 1357 3148 Θεοῦ,
1412 3085 1546 3141 διότι
1601 3089 1649 3142 οἱ

92 3162 388 3230 ἁπόςτελοι,
434 3167 682 3236 (τούτους
712 3169 820 3237 γὰρ
872 3171 1156 3242 ὠνόμασεν
1211 3179 1507 3244 κραταιοὺς
1555 3178 1648 3233 τοῦ

91 3253 233 3318 Θεοῦ,
266 3255 343 3319 ὼς
366 3261 430 3327 τῇ
460 3258 690 3328 δυνάμει
721 3261 814 3314 τοῦ
846 3263 1002 3331 ἁγίου
1061 3265 1380 3337 Πνεῦματος
1441 3287 1648 3344 κεκρα‹

88 3349 434 3415 ταιωμένους,
469 3353 564 3404 καὶ
593 3352 864 3423 δαιμόνων
901 3356 996 3408 καὶ
1041 3358 1322 3429 τυράννων
1370 3377 1647 3434 κεκρατη-

92 3435 286 3506 κότας),
328 3439 530 3509 σφόδρα
559 3441 668 3494 τῶν
691 3444 894 3512 γηΐνων
922 3446 1176 3501 ἁπάντων
1206 3449 1466 3520 ἀνώτεροι
1490 3455 1650 3522 γεγό-

89 3544 219 3588 νασι,
255 3531 396 3600 μήτε
433 3533 670 3602 ηδοναίς,
705 3536 846 3604 μήτε
874 3536 1074 3600 λύπαις
1105 3539 1432 3605 ἐαλωκότες.

1739 634 1812 686 ab
1843 645 1910 687 eo
1941 633 2150 686 dictum
2183 631 2415 702 legimus
2451 650 2465 685 :
2501 631 2640 684 Data
2662 638 2740 685 est
2785 630 2911 684 mihi
2959 646 3132 686 omnis
3179 644 3325 700 pote-

1739 733 1869 779 uaa.
1908 725 2042 778 Data
2073 730 2159 779 est
2203 731 2385 778 autem
2417 739 2582 792 super
2611 737 2808 778 omnes
2846 731 3058 792 gentes,
3100 725 3228 792 quia
3265 726 3322 778 in

1738 817 2000 871 omnibus
2022 817 2281 886 gentibus
2318 816 2509 870 ﬁdeles
2542 815 2742 885 reperti
2769 825 2916 869 sunt.
2950 815 3014 868 Et
3047 815 3174 869 alibi
3207 815 3325 888 qui.

1738 906 1862 961 dem
1895 906 1950 960 in
1986 906 2302 960 universum
2337 914 2449 959 tota
2483 907 2636 959 natio
2671 905 2929 969 credidit,
2983 906 3108 959 alibi
3139 916 3320 960 autem

1741 1010 1869 1065 pars
1901 998 2100 1066 major,
2135 1006 2230 1050 aut
2271 998 2473 1050 minor.
2511 997 2574 1050 In
2599 1013 2802 1050 omnem
2824 997 2972 1049 enim
2999 1006 3193 1050 terram
3215 999 3320 1049 exi-

1741 1089 1812 1142 vit
1842 1089 2211 1158 apostolorum
2251 1105 2411 1143 sonus
2445 1089 2514 1141 ⁷⁸.

1816 1178 1954 1231 Deus
1985 1179 2125 1232 sedet
2148 1195 2305 1247 super
2330 1179 2571 1232 thronum
2601 1187 2844 1231 sanetum
2872 1192 3046 1241 suum,
3071 1174 3326 1238 Throntts

1743 1276 1829 1320 est
1855 1271 2017 1336 regite
2045 1269 2331 1337 dignitatis
2365 1275 2615 1337 signum;
2650 1268 2843 1322 sedere
2890 1275 3071 1320 autem
3113 1265 3327 1318 stabili-

1745 1357 1879 1411 tatis
1906 1358 2197 1412 indicium.
2224 1358 2434 1413 Sensus
2465 1366 2571 1421 est,
2599 1356 2885 1411 Christum
2919 1359 2974 1410 in
3013 1358 3118 1410 hoc
3157 1370 3325 1424 regno

1747 1463 1854 1503 suo
1905 1450 2158 1503 stabilem
2206 1464 2363 1515 esse;
2410 1450 2564 1518 juxta
2597 1464 2762 1516 quem
2812 1463 3036 1502 sensum
3093 1449 3325 1516 legimus

1751 1541 1894 1609 apud
1952 1541 2296 1610 Apostolum,
2347 1541 2491 1607 quod
2539 1541 2732 1594 sedere
2783 1540 2938 1594 illum
2990 1538 3123 1593 fecit
3183 1536 3326 1591 Deus

1752 1634 1807 1688 in
1831 1635 2050 1686 dextera
2084 1633 2388 1702 majestatis
2431 1632 2488 1685 in
2528 1632 2742 1686 excelsis
2780 1632 2849 1684 ".
2887 1629 3152 1684 Sanctum
3198 1643 3328 1684 vero

1755 1722 2015 1774 thronum
2073 1721 2234 1784 dixit,
2291 1720 2458 1774 veluti
2501 1735 2699 1788 purutn
2751 1735 2817 1773 ac
2867 1717 3130 1772 mundum
3179 1717 3328 1771 omni

1758 1812 2076 1881 acceptione
2108 1827 2470 1880 personarum
2501 1818 2668 1880 atque
2695 1809 2802 1864 alia
2832 1809 2980 1863 omni
3011 1807 3332 1876 exceptione

1681 1911 1722 1964 Β
1745 1906 2045 1963 carentem.

1820 1997 1989 2052 Vens.
2045 1998 2133 2052 10.
2177 1998 2450 2064 Principes
2493 1994 2806 2064 populorum
2865 1992 3169 2062 congregati
3205 1999 3331 2045 sunt

1749 2106 1866 2144 cum
1905 2089 2014 2144 Deo
2052 2087 2349 2142 Abraham.
2385 2085 2725 2155 Evangelia»
2748 2084 3161 2153 praedicationis
3181 2081 3331 2136 vires

1749 2181 1926 2251 magis
1959 2181 2125 2235 etiam
2156 2180 2520 2240 demonstrat,
2560 2176 2706 2247 quod
2736 2190 2845 2229 non
2880 2174 3082 2230 idiotas
3115 2180 3328 2226 tantum

1747 2282 1804 2329 et
1835 2276 2082 2344 privatos
2116 2272 2392 2335 homines,
2419 2269 2512 2324 sed
2561 2268 2844 2339 principes
2893 2269 3057 2321 etiam
3090 2274 3144 2318 et
3175 2277 3333 2333 rege.)

1750 2367 1902 2434 ipsos
1947 2366 2264 2418 attraxerit.
2315 2361 2598 2431 Siquidem
2644 2367 2701 2414 ct
2768 2372 2960 2413 eorum
3013 2355 3168 2410 inulti
3201 2367 3330 2408 cum

1748 2457 1976 2512 Christo
2025 2453 2344 2528 congregati
2386 2460 2516 2508 sunt
2554 2461 2609 2506 et
2657 2452 2895 2521 partium
2950 2449 3068 2518 ejus
3121 2444 3330 2501 ell'ecti.

1755 2547 1921 2603 Deum
1973 2558 2155 2603 autem
2217 2547 2492 2601 Abraham
2552 2543 2836 2600 Christum
2898 2540 3212 2612 appellavit.
3263 2545 3333 2602 ~ut

1750 2640 2002 2696 eumdem
2039 2655 2160 2694 eum
2195 2653 2316 2693 esse
2343 2635 2702 2708 signiﬁcaret,
2729 2637 2820 2706 qui
2859 2634 2990 2689 olim
3022 2632 3256 2686 Abrahae
3279 2637 3335 2684 et

1749 2741 2097 2802 posterorum
2135 2731 2254 2801 ejus
2300 2729 2448 2784 Deus
2487 2729 2695 2790 fuerat,
2731 2736 2900 2797 utque
2933 2726 3184 2780 eumdem
3209 2735 3334 2777 esse

1749 2822 2068 2878 ostenderet
2099 2821 2327 2890 Antiqui
2361 2818 2703 2874 Testamenti
2730 2815 3102 2887 legislatorem
3134 2811 3330 2877 Deum,

1750 2914 1845 2983 qui
1881 2914 2046 2967 etiam
2077 2921 2134 2967 et
2161 2911 2321 2966 Novi.

1825 3005 2091 3071 Quoniam
2114 3007 2278 3074 [artes
2299 3002 2395 3057 Dei
2414 3005 2600 3070 ajterra
2628 3000 2948 3055 uehementer
2976 2993 3167 3050 elevati
3185 2998 3331 3047 sunt.

1751 3097 2077 3167 Congregati
2107 3106 2291 3150 autem
2327 3105 2456 3150 sunt
2481 3108 2604 3149 cum
2635 3093 2748 3147 beo
2803 3090 3080 3144 Abraham
3135 3085 3211 3139 illi
3246 3099 3340 3154 po-

1752 3191 2008 3258 pulorum
2059 3188 2361 3258 principes,
2397 3185 2660 3256 quoniam
2692 3180 2929 3252 apostoli
2964 3179 3131 3250 [quos
3155 3191 3218 3231 ea
3247 3190 3337 3228 rae

1756 3279 1908 3332 tione
1924 3275 2104 3332 Fortes
2123 3276 2240 3341 Dei,
2257 3278 2357 3330 hoc
2370 3285 2459 3330 est
2479 3275 2736 3329 robustos
2764 3267 3185 3338 Deiappeilavit,
3203 3267 3334 3335 quia

1757 3369 1935 3425 sancti
1969 3369 2214 3437 Spiritus
2240 3367 2449 3422 auxilio
2495 3363 2802 3428 fortiﬁcati,
2833 3361 3116 3415 dremones
3145 3367 3198 3412 et
3255 3368 3339 3425 ty-

1759 3475 1963 3516 rannos
1996 3459 2288 3531 vicerunt]
2322 3476 2337 3513 :
2370 3459 2631 3528 quoniam
2677 3456 2756 3518 hi,
2799 3455 3045 3523 inquam;
3104 3446 3337 3518 apostoli

1759 3563 1976 3608 terrena
2002 3569 2066 3608 ac
2095 3552 2373 3607 mundana
2401 3552 2590 3604 omnia
2613 3553 3038 3618 superaverunt,
3055 3557 3158 3597 nec
3180 3539 3337 3596 volu-

89 3623 322 3728 ptatibus
352 3623 480 3730 ullis
508 3636 602 3678 aut
630 3627 1078 3684 tribulationibus
1109 3631 1238 3687 victi
1265 3644 1395 3688 sunt
1419 3635 1536 3707 [sed
1567 3639 1680 3696 vita
1721 3658 1784 3700 ac
1815 3660 2073 3701 sermone
2112 3659 2328 3714 semper
2351 3644 2668 3697 claruerunt
2699 3656 2713 3693 :
2751 3645 2912 3708 atque
2943 3636 3065 3690 ideo
3102 3648 3200 3704 per
3217 3644 3336 3685 eos.

87 3720 277 3826 s'utnmi
309 3720 470 3826 etiam
497 3720 774 3790 principes
803 3737 866 3777 ac
897 3738 1074 3792 reges,
1100 3725 1168 3780 ad
1195 3725 1476 3784 Christum
1503 3733 1720 3789 adducti
1754 3747 1905 3792 sunt.
1934 3739 2067 3792 Illud
2102 3754 2210 3792 non
2240 3733 2678 3807 praetereundum
2706 3730 2964 3785 duximus
2991 3728 3138 3799 quod
3163 3726 3338 3783 dictio

205 3813 441 3914 BePiliYi,
464 3829 628 3914 ξ³⁸¹¹⁵
658 3824 764 3882 δεῖν
800 3819 1262 3891 q‘lemadmOdum
1295 3827 1566 3895 expositio
1595 3828 1801 3900 docuit,
1829 3844 1884 3888 et
1907 3850 1971 3888 ex
2003 3831 2189 3886 Graeca
2222 3830 2455 3914 lectione
2485 3827 2733 3896 apertius
2758 3821 2956 3894 patet].

91 3908 331 3975 Ψαλμάς
364 3907 526 3977 ᾠδῆς
561 3910 686 3975 τοῖς
713 3912 863 3977 υἱοῖς
886 3916 1037 3984 Κορὲ
1066 3915 1313 3985 δευτέρᾳ
1351 3922 1657 3979 Σαϐϐἁτου

660 4006 953 4060 ΨΑΛΜΟΣ
983 4010 1114 4064 ΜΖ’.

148 4093 220 4148 Τί
251 4097 346 4165 μὲν
372 4095 668 4167 ἑρμηνεύει
704 4101 950 4168 Ψαλμὸς
972 4101 1158 4171 ᾠδῆς,
1206 4106 1262 4157 ἐν
1311 4108 1424 4171 τοῖς
1469 4125 1658 4180 προοι-

82 4189 236 4256 μίοις
267 4190 361 4258 τῆς
394 4188 681 4268 παρούσης
702 4190 886 4261 βίϐλου
921 4193 1368 4265 προδιελάϐομεν,
1410 4198 1539 4252 ἔνθα
1559 4201 1656 4256 καὶ

77 4282 156 4343 τὸ,
178 4282 310 4348 Τοῖς
327 4281 476 4348 υἱοῖς
490 4283 639 4352 Κορὲ
659 4301 712 4336 σε
721 4288 1069 4356 σαφήνισται.
1088 4289 1128 4339 Τ
1133 4288 1159 4342 ὸ
1170 4291 1423 4360 Δευτέρᾳ
1437 4293 1494 4346 δὲ
1508 4297 1656 4348 Safi-

81 4375 289 4439 ϐάτου,
319 4375 417 4446 τὴν
444 4378 658 4446 ἡμέραν
703 4377 854 4448 δηλοί
871 4380 993 4432 καθ’
1021 4380 1088 4452 ἣν
1116 4383 1436 4456 ἐμελῳδήοη
1460 4404 1473 4418 ο
1510 4387 1653 4441 Σάϐ.

77 4466 250 4520 ϐατον
278 4469 382 4539 γὰρ
435 4469 676 4539 Ἑϐραῖοι
721 4472 820 4544 τὴν
852 4472 980 4543 ὃλην
1039 4474 1310 4546 ἑϐδομάδα
1372 4478 1652 4536 καλοῦσιν.

79 4559 446 4629 Εὐχαριστίας
471 4561 528 4614 δὲ
559 4564 802 4632 περιέχει
831 4564 858 4616 ὁ
887 4564 1104 4635 ψαλμὸς
1140 4560 1296 4630 οὗτος
1321 4569 1429 4621 τῶν
1460 4573 1523 4624 ἐκ
1553 4573 1655 4643 τῆς

1767 3975 1771 3980 .
1865 3928 2114 3982 Psalmus
2137 3925 2356 3987 cantici,
2389 3923 2518 3992 ﬁliis
2553 3921 2688 3976 Core
2721 3918 2952 3974 secunda
2983 3915 3233 3972 Sabbati.
3331 3953 3333 3958 ι

2254 4013 2578 4069 PSALMUS
2633 4010 2840 4066 XLVII.

1829 4109 1970 4174 Quid
2033 4109 2307 4180 signiﬁcet
2369 4106 2638 4160 Psalmus.
2695 4103 2913 4167 cantici,
2972 4101 3217 4158 diximus
3278 4102 3337 4158 in

1758 4203 2024 4271 prooemio
2060 4205 2267 4271 operis,
2295 4201 2385 4254 ubi
2415 4199 2578 4253 etiam
2605 4196 3035 4258 deelaravimus,
3067 4194 3201 4264 quid
3231 4193 3338 4248 sibi

1759 4292 1890 4348 velit
1942 4292 2232 4360 inscriptio
2266 4289 2470 4344 :Filiis
2498 4279 2650 4342 Core.
2694 4285 2852 4350 Quod
2887 4298 3015 4338 vero
3071 4285 3189 4337 ait:
3246 4299 3336 4336 se-

1759 4385 1932 4440 cunda
1965 4383 2209 4449 Sabbati,
2240 4384 2382 4438 diem
2413 4383 2558 4435 illam
2590 4380 2794 4448 signat,
2827 4391 2934 4446 qua
2957 4376 3203 4445 psalmus
3234 4374 3340 4428 fuit

1758 4478 2104 4532 decantatus.
2137 4473 2440 4528 Sabbatum
2470 4478 2653 4524 autem
2693 4466 2867 4521 Judaei
2914 4472 3087 4518 totam
3130 4463 3340 4517 hebdo-

1759 4568 1976 4622 madam
2001 4565 2299 4634 appellant.
2329 4560 2588 4616 Continet
2617 4558 2706 4613 hic
2732 4557 2980 4626 psalmus
3035 4553 3339 4624 gratiarum

75 4653 466 4722 αἰχμαλωσίας
525 4654 852 4719 Βαϐυλῶνος
895 4658 1310 4712 ἐπανελθόντων
1369 4661 1524 4725 αὖθις
1579 4665 1646 4728 εἰς

1776 4660 2010 4713 actiones
2034 4673 2100 4712 ex
2124 4670 2314 4711 eorum
2348 4667 2603 4724 persona.
2630 4653 2720 4718 qui
2755 4665 2786 4704 e
2811 4646 3142 4717 Babylonica
3169 4645 3340 4715 capti-

88 4743 469 4816 Ἰερουσαλήμ.
510 4746 771 4816 Ἀρμόσει
804 4748 860 4801 δὲ
897 4749 990 4802 καὶ
1017 4753 1131 4814 τοῖς
1155 4751 1220 4803 ἐκ
1250 4751 1351 4822 τῆς
1371 4755 1654 4824 αἰχμαλω-

79 4842 212 4902 σίας
282 4843 388 4895 τῶν
430 4842 665 4896 εἰδώλων
749 4842 1137 4899 ἐπανελθοῦσιν
1189 4845 1271 4909 εἰς
1325 4847 1655 4916 θεογνωσίαν

77 4937 321 4998 πιστοῖς.

152 5114 355 5182 Μέγας
380 5116 618 5184 Κύριος.
640 5115 832 5184 Μέγας
859 5117 926 5188 τῇ
958 5115 1211 5188 δυνάμει,
1243 5123 1308 5192 τῇ
1372 5122 1555 5194 σοφίᾳ,
1591 5128 1658 5196 τῇ

73 5207 404 5276 ἁγαθότητι.

152 5301 270 5354 Kal
304 5302 537 5367 αὶνετὸς
568 5287 828 5370 οφόδρα.
867 5301 978 5354 Καὶ
1009 5303 1218 5374 σφόδρα
1270 5305 1421 5372 ἄξιος
1490 5311 1662 5365 αἰνεῖ.

75 5391 242 5454 αθσιι,
270 5393 357 5445 διὰ
390 5393 456 5446 τὰ
475 5393 557 5454 εἰς
587 5392 734 5462 ημᾶς
763 5394 1110 5461 γεγενημένα
1167 5394 1453 5463 τεράστια,
1511 5397 1662 5462 ὅπως

73 5486 126 5535 οἱ
166 5482 608 5553 ἐπιλελησμένοι,
642 5481 961 5550 παραδόξως
997 5482 1400 5556 ἀνεκλήθημεν,
1429 5491 1524 5542 καὶ
1561 5489 1660 5560 τῆς

73 5575 502 5647 φιλανθρωπίας
525 5573 691 5627 αὐτοῦ
715 5574 1117 5645 τετυχήκαμεν.

199 5848 238 5880 ⁷⁸
282 5847 426 5905 Psal.
459 5861 619 5910 xvttt,
647 5843 698 5898 5.
775 5843 821 5875 ⁷⁸
867 5840 1031 5896 ιιυιηο.
1069 5830 1108 5906 ι’,
1143 5841 1196 5893 5.

1766 4753 1932 4805 vitate
1949 4750 2000 4803 in
2019 4747 2324 4803 Jerusalem
2353 4758 2544 4800 rursus
2560 4741 2764 4797 reversi
2793 4746 2957 4795 sunt:
2985 4740 3198 4792 tametsi
3224 4752 3344 4790 om-

1769 4841 1930 4895 nibus
1952 4839 2120 4894 etiam
2151 4838 2330 4908 poesit
2358 4833 2613 4890 ﬁdelibus
2643 4830 2841 4901 aptari,
2861 4827 2954 4899 qui
2976 4826 3048 4882 ah
3068 4827 3340 4881 idolorum

1769 4947 1832 4988 ac
1853 4931 2161 4985 daemonum
2183 4925 2505 4998 captivitate
2533 4924 2600 4976 ad
2634 4918 3002 4990 cognitionem
3041 4916 3132 4972 Dei
3165 4915 3346 4972 redie-

1766 5032 1918 5078 ΐυιὶῑ.

1843 5115 2002 5170 Vens.
2037 5113 2093 5166 ‘2.
2155 5110 2381 5181 Magnus
2435 5105 2718 5161 Dominus.
2760 5101 3036 5158 Potestate
3079 5095 3340 5152 nimirum

1759 5205 2141 5275 sapientiaque
2170 5212 2221 5255 et
2252 5201 2519 5255 bonitate.

1832 5297 1899 5350 Et
1931 5294 2222 5350 laudabitis
2261 5292 2433 5347 valde.
2468 5289 2532 5344 Et
2565 5289 2722 5344 valde
2751 5285 2952 5354 dignus
2998 5281 3092 5350 qui
3149 5279 3345 5334 laude-

1761 5399 1849 5444 tur
1875 5391 1946 5444 oh
1978 5402 2193 5443 summa
2221 5386 2478 5441 videlicet
2507 5379 2793 5441 miracula,
2818 5390 2936 5446 quae
2965 5377 3348 5442 operatusest

1757 5483 1813 5537 iu
1853 5483 2030 5537 nobis.
2061 5479 2333 5536 Oblivioni
2366 5478 2510 5531 enim
2546 5476 2658 5530 dati
2686 5471 3031 5531 videbamur,
3053 5474 3109 5520 et
3147 5475 3338 5519 tamen

1758 5574 2069 5629 mirandum
2121 5574 2177 5626 in
2204 5569 2448 5632 modum,
2479 5577 2535 5622 et
2583 5570 2780 5635 praeter
2826 5559 3070 5614 omnium
3121 5555 3342 5626 opinio-

1772 5680 1894 5719 nem
1943 5665 2012 5718 ab
2037 5664 2233 5719 exsilio
2278 5662 2333 5715 in
2364 5660 2598 5730 patriam
2631 5653 2897 5718 revocati,
2943 5659 2998 5707 et
3031 5649 3345 5704 misericor~

1768 5756 1915 5809 diam
1955 5754 2235 5810 consecuti
2265 5767 2477 5807 sumus.
