3866 6542
485 381 591 453 515

557 505 624 562 In
649 505 862 561 ciuitate
903 503 1003 559 Dei
1031 502 1223 558 nostri.
1254 500 1461 574 Dignus
1483 509 1568 556 est
1601 509 1784 556 autem
1818 501 1911 570 qui
1943 500 2060 554 lau-
2086 505 2134 562 Α

481 609 644 656 detur
693 599 748 653 in
802 597 1026 651 civitate
1078 595 1409 661 Jerusalem,
1456 595 1512 648 in
1553 609 1662 664 qua
1706 594 2058 661 cognoscitur

483 699 542 748 et
593 690 818 746 colitur.
870 687 1059 760 Neque
1111 687 1259 744 enim
1312 687 1482 743 Deum
1523 687 1751 744 laudant
1795 687 1890 756 qui
1932 701 2056 742 eum

482 784 759 856 ignorant.

549 873 612 927 1η
644 881 818 927 monte
850 881 1038 929 sancto
1081 873 1222 941 ejus.
1262 873 1399 929 Cum
1443 872 1686 928 civitatis
1724 870 2057 937 meminerit,

479 977 884 1036 consequenter
924 977 979 1022 et
1037 975 1278 1021 montem
1329 965 1380 1022 ei
1415 966 1656 1020 vicinum
1708 979 1775 1020 ac
1817 964 2054 1033 quodam

481 1057 644 1112 modo
699 1059 912 1112 unitum
958 1057 1230 1111 nominat.
1288 1055 1680 1126 Saepenumero
1733 1058 1899 1110 etiam
1961 1068 2058 1123 per

478 1150 901 1227 appellationem
933 1147 1308 1213 montisSion,
1356 1150 1474 1219 ipsa
1506 1146 1813 1203 Jerusalem
1852 1145 2058 1200 intelli-

479 1242 645 1310 gitur.
681 1240 890 1295 Civitas
919 1249 1100 1294 autem
1135 1239 1228 1295 Dei
1267 1240 1376 1294 dici
1411 1247 1593 1310 potest
1645 1238 1890 1295 Ecclesia
1923 1238 2058 1292 lide-

479 1334 612 1388 lluin
658 1335 712 1387 in
766 1349 873 1403 qua
927 1331 1071 1387 Deus
1114 1333 1362 1387 creditur
1415 1331 1688 1394 habitare,
1722 1344 1844 1398 qua:
1892 1328 2056 1383 etiam

477 1442 639 1481 mons
704 1425 957 1480 dicitur:
1009 1425 1141 1494 quia
1203 1439 1372 1493 supra
1429 1431 1650 1476 terrena
1695 1419 1880 1474 omnia
1927 1417 2057 1472 vitia

476 1516 709 1578 eminet,
746 1517 883 1571 etin
919 1516 1097 1585 ipsum
1133 1515 1313 1570 fertur
1339 1513 1567 1568 caelum.

557 1607 719 1662 Vens.
744 1608 800 1661 '5.
825 1606 964 1660 Bene
982 1605 1206 1674 fundato
1226 1604 1582 1659 exsultatione
1605 1603 1860 1656 universa:
1881 1610 2056 1655 terra.

479 1701 539 1757 In
569 1711 777 1764 monte,
806 1701 1055 1770 inquam,
1087 1698 1223 1753 bene
1255 1697 1508 1762 fundato,
1542 1693 1912 1750 exsultatione
1937 1693 2060 1746 nni-

481 1811 653 1850 versa:
701 1804 879 1848 terra.
931 1792 1282 1847 Post'vocem
1329 1790 1476 1844 enim
1525 1787 1728 1859 εὐρίζῳ
1771 1787 2056 1854 interpun-

1699 379 2081 448 EU‘I‘HYMII
2120 378 2478 441 ZlGABENI
3613 378 3704 444 δίο

2241 498 2346 552 ἐν
2372 499 2552 553 πόλει
2580 494 2685 552 τοῦ
2715 496 2865 550 Θεοῦ
2896 495 3087 566 ἡμῶν.
3121 497 3398 552 Δὶνεῖσθαι
3430 496 3510 563 δὲ,
3557 499 3612 550 ἐν
3654 503 3710 568 τῇ

2171 587 2531 659 Ἰερουσαλὴμ
2566 591 2632 657 τῇ
2694 586 3038 660 γνωριζούσῃ
3077 605 3091 620 ·
3134 590 3182 642 οί
3232 589 3341 657 γὰρ
3384 589 3708 658 ἀγνοοῦντες,

2157 680 2258 734 οὐκ
2283 679 2620 734 ἐπαινοῦσιν.
3713 676 3722 688 ⁵

2229 859 2333 914 Ἐν
2361 860 2480 927 ὄρει
2500 859 2647 926 ἁγίῳ
2668 856 2876 912 αὑτοῦ.
2919 857 3082 912 Πόλιν
3111 857 3305 924 εἰπὼν,
3341 857 3436 912 καὶ
3465 857 3559 910 τοῦ
3575 856 3711 926 ὅρους

2159 952 2301 1007 Σιὼν
2344 952 2775 1022 ἐμνημόνευσεν,
2828 951 2904 1014 ὡς
2968 952 3252 1022 ήνωμένου
3313 952 3456 1021 αὐτῇ
3516 950 3599 1004 διὰ
3629 951 3710 1022 τὴν

2158 1044 2474 1114 ἐγγύτητα·
2510 1043 2842 1106 πολλάκιςδέ
2873 1044 2968 1096 καὶ
3031 1041 3139 1097 ἀπὸ
3206 1043 3369 1112 μόνου
3435 1041 3531 1094 τοῦ
3573 1044 3711 1111 ὅρους

2158 1138 2351 1192 τούτου
2380 1137 2532 1207 δηλοῖ
2554 1136 2652 1206 τὴν
2695 1134 3190 1207 ἰιρουσαλήμ.Ετη
3223 1136 3270 1189 δ’
3309 1135 3377 1188 ἂν
3407 1135 3562 1196 πόλις
3595 1134 3708 1188 Θεοῦ

2159 1233 2299 1300 καὶὴ
2338 1229 2637 1298 Ἐκκλησία
2653 1228 2764 1282 τῶν
2788 1228 3022 1296 πιστῶν,
3051 1223 3348 1304 ἐνῇοικεϊν
3380 1228 3707 1282 πιστεύεται’

2159 1326 2192 1394 ὴ
2221 1324 2265 1376 δ’
2290 1323 2429 1391 αὑτὴ
2462 1323 2557 1376 καὶ
2598 1322 2745 1391 ὅρος,
2778 1322 2853 1386 ὼς
2894 1323 3272 1393 ὑπερκειμένη
3311 1321 3500 1390 πάσης
3529 1338 3712 1392 χαμερ-

2161 1416 2295 1479 ποῦς
2333 1416 2554 1478 κακίας,
2582 1415 2679 1468 καὶ
2703 1414 2839 1485 πρὸς
2868 1415 3105 1484 οὐρανὸν
3143 1414 3556 1485 ἀναπταμένη.

2229 1597 2474 1668 Εὐρίζῳ,
2492 1599 2897 1667 ἁγαλλιάματι
2920 1600 3130 1666 πάσης
3157 1599 3271 1668 τῆς
3291 1599 3430 1670 γῆς.
3465 1600 3613 1671 Ὀρει
3644 1600 3708 1666 δέ,

2157 1692 2235 1762 τῷ
2274 1690 2632 1761 εὒριζομένῳ,
2660 1689 2738 1760 τῷ
2785 1691 3157 1762 ἀγαλλιάματι
3205 1693 3389 1763 πάσης
3457 1694 3557 1762 τῆς
3594 1693 3708 1761 γῆς.

2162 1787 2301 1856 μετὰ
2323 1787 2433 1858 γὰρ
2466 1787 2527 1840 τὸ
2565 1784 2813 1856 Εὐρίζῳ,
2852 1785 3100 1839 στικτέον
3129 1799 3142 1815 ·
3176 1781 3296 1838 εἶτα
3347 1785 3413 1839 τὸ
3473 1787 3708 1853 ἀγαλλιάο

480 1885 655 1956 geuda
682 1885 858 1940 oratio
887 1894 1010 1948 est;
1059 1881 1353 1951 legendum
1397 1854 1604 1934 deinde
1642 1875 2012 1945 άγαλλιάματι
2038 1914 2053 1938 ,

2166 1854 2294 1947 ματι
2349 1854 2748 1945 ἀναγνωστέον.
2794 1876 3222 1948 Ἀγαλλιάματι
3270 1876 3329 1932 δὲ
3383 1877 3590 1944 πάσης
3621 1876 3709 1946 τῆς

479 1980 585 2033 boc
617 1987 722 2041 est,
760 1993 885 2032 cum
911 1976 1110 2046 gaudio
1157 1991 1221 2030 ac
1253 1974 1620 2030 delectatione
1664 1974 1838 2026 totius
1883 1969 2053 2025 orbis.

547 2069 745 2122 Montes
778 2069 932 2133 Sion,
958 2068 1126 2120 latera
1152 2065 1442 2136 aquilonis,
1459 2067 1644 2120 civitas
1676 2063 1828 2135 Regis
1854 2063 2054 2134 magni.

479 2157 704 2225 Quoties
731 2159 854 2229 quis
895 2158 1026 2212 mihi
1059 2175 1125 2213 ex
1175 2169 1493 2213 transverso
1555 2163 1721 2224 atque
1784 2169 1848 2208 es
1888 2154 2057 2208 latere

478 2265 787 2306 conversus
813 2262 922 2316 est,
969 2251 1058 2304 ille
1105 2251 1275 2304 latera
1326 2264 1446 2304 mea
1496 2263 1608 2306 non
1637 2257 1840 2302 temere
1885 2262 1917 2300 a
1971 2262 2057 2302 me

475 2343 740 2412 appellari
773 2350 974 2412 potest.
1007 2340 1142 2396 Nam
1185 2340 1330 2412 quod
1378 2349 1750 2395 transversum
1783 2337 1916 2392 mihi
1949 2345 2054 2402 est,

478 2446 625 2490 recte
647 2435 854 2489 dicitur
874 2451 940 2490 ex
972 2433 1149 2488 latere
1174 2433 1308 2487 mihi
1335 2447 1459 2488 esse
1482 2449 1496 2498 ;
1520 2441 1575 2487 et
1591 2433 1720 2501 quia
1745 2443 1904 2484 mons
1923 2425 2056 2482 Sion

475 2527 715 2595 aquiloni
754 2536 917 2580 vento
945 2540 976 2580 e
1003 2525 1215 2580 directo
1256 2527 1523 2579 adversus
1563 2537 1672 2576 non
1719 2530 1826 2577 est.
1865 2519 2056 2588 Neque

479 2617 629 2671 enim
650 2617 836 2686 aquilo
867 2630 1019 2671 recta
1045 2627 1237 2671 contra
1277 2631 1402 2671 eum
1432 2617 1627 2685 spirat,
1655 2616 1749 2669 sed
1775 2629 1844 2668 ex
1879 2623 2059 2668 trans-

478 2722 662 2772 verso,
691 2708 767 2761 nil
801 2708 1186 2762 admirandum
1216 2708 1261 2762 si
1313 2707 1462 2762 bunc
1513 2715 1754 2761 montem
1782 2704 2056 2774 Propheta

481 2798 653 2852 latera
692 2798 968 2866 aquilonis
995 2797 1308 2867 appellavit,
1339 2798 1533 2852 dicens
1571 2814 1586 2851 :
1624 2795 1756 2862 Vos,
1789 2804 2057 2851 ornontes

481 2888 636 2954 Sion,
675 2888 766 2958 qui
800 2904 864 2942 ex
900 2895 1224 2944 transverso
1260 2889 1536 2955 aquilonis
1578 2890 1736 2952 estis,
1774 2901 1938 2959 atque
1987 2904 2056 2944 ex

480 2980 652 3035 latere
681 2980 802 3046 ejus
849 2979 1048 3049 jacetis
1082 2979 1101 3053 [
1129 2981 1326 3038 scitote
1362 2981 1490 3051 quia
1531 2995 1762 3050 magnus
1795 2981 2056 3036 Dominus

478 3082 565 3127 est
623 3081 680 3128 et
722 3073 1017 3128 laudabilis
1053 3075 1227 3138 valde,
1280 3073 1416 3143 etc.]
1457 3073 1573 3128 Nec
1619 3073 1838 3142 illepide
1885 3074 2052 3128 etiam

2159 1970 2296 2040 γῆς,
2327 1971 2450 2024 ἀντὶ
2473 1969 2570 2023 τοῦ
2601 1971 2969 2041 Τερπνότητι.

2233 2065 2384 2129 Ὀρη
2419 2061 2685 2125 Σιὼγ,τὰ
2719 2062 2953 2130 πλευρὰ
2989 2060 3099 2116 τοῦ
3113 2059 3331 2130 βορῤἇ,
3358 2061 3397 2130 ἠ
3439 2061 3708 2127 adlectari

2151 2151 2462 2218 ,ϐασιλέως
2491 2151 2600 2206 τοῦ
2623 2152 3005 2223 μεγάλου.’1“δ
3025 2153 3092 2206 ἐκ
3128 2151 3365 2221 πλαγίου
3395 2169 3492 2222 μοι
3510 2168 3710 2223 τετραμ-

2161 2245 2344 2315 μένον,
2373 2245 2585 2319 πλευρά
2630 2263 2722 2317 μοι
2784 2246 2985 2314 λέγοιτ’
3037 2247 3105 2301 ἂν
3132 2285 3149 2301 .
3181 2246 3326 2300 κατὰ
3351 2246 3613 2315 πλευρὰν,
3660 2244 3708 2296 τὸ

2156 2338 2387 2408 πλάγιον
2413 2338 2550 2408 (72)·
2577 2341 2701 2394 ἐπεὶ
2726 2335 2821 2393 οὖν
2837 2341 2932 2393 καὶ
2955 2339 3038 2406 τὸ,
3061 2337 3216 2393 Σιὼν
3235 2339 3396 2406 ὅρος,
3425 2339 3488 2391 οὑ
3510 2339 3618 2391 κατ’
3637 2337 3708 2391 εὖ·

2159 2431 2334 2496 θεῐαν,
2365 2431 2481 2484 ἀλλ’
2505 2434 2569 2486 ἐκ
2598 2431 2832 2501 πλαγίου
2849 2434 3030 2487 κεῖται
3066 2427 3202 2505 πρὸς
3262 2432 3356 2486 τὸν
3393 2433 3614 2504 βορῤἄν,
3657 2430 3706 2483 οὐ

2157 2527 2267 2596 γὰρ
2314 2526 2403 2579 ἐπ’
2433 2526 2654 2589 εὐθείας
2717 2525 2877 2580 τοῦτο
2940 2529 3230 2588 καταπνεῖ,
3281 2525 3531 2597 πλευρὰν
3569 2521 3707 2577 αὑτοῦ

2159 2614 2400 2684 κέκληκε
2427 2614 2602 2683 λέγων
2626 2629 2642 2648 ⁸
2672 2609 2743 2668 Ὦ
2765 2614 2869 2687 ὅρη
2898 2613 3062 2681 Σιὼν,
3084 2615 3154 2668 τὰ
3183 2615 3392 2684 πλάγια
3416 2614 3512 2669 τοῦ
3542 2616 3704 2686 mea,

2156 2707 2226 2762 τὰ
2253 2707 2396 2762 κατὰ
2424 2707 2668 2778 πλευρὰν
2707 2708 2858 2778 αὑτῷ
2883 2708 3138 2778 κείμενα.
3169 2708 3499 2780 Περιχαρῶς
3519 2709 3572 2763 δέ
3593 2709 3706 2761 ἁνα-

2159 2801 2406 2855 καλεῖται
2437 2801 2532 2854 καὶ
2557 2800 2618 2855 τὸ
2646 2800 2775 2870 ϐρος
2819 2800 2910 2852 καὶ
2941 2801 3041 2870 τὴν
3088 2800 3246 2853 πόλιν
3275 2815 3288 2829 '
3313 2801 3413 2853 καὶ
3476 2800 3570 2869 ὅρη
3627 2799 3707 2867 μὲν

2155 2893 2311 2960 λέγει
2354 2891 2416 2945 τὸ
2457 2891 2606 2962 ὅρος,
2666 2891 2807 2945 κατὰ
2851 2890 3134 2946 διάλεκτον
3206 2891 3497 2960 Ἑϐραῒδα,
3553 2889 3704 2952 καθὼς

2159 2987 2423 3052 πολλάκις
2457 2988 2762 3058 εἰρήκαμεν
2787 3001 2802 3019 ⁸
2833 2986 3006 3056 μέγαν
3027 2984 3084 3038 δέ
3125 2983 3377 3054 βασιλέα,
3410 2984 3508 3038 τὸν
3557 2981 3672 3035 Θεόν
3692 2997 3704 3010 ·

2162 3081 2310 3151 μόνῳ
2330 3081 2440 3149 γὰρ
2465 3078 2664 3148 τούτῳ,
2692 3077 2829 3148 μόνη
2855 3075 2993 3147 αὕτη
3022 3077 3295 3130 ἀνέκειτο.
3361 3075 3526 3130 Κατὰ
3548 3074 3601 3128 δέ
3627 3073 3704 3126 ἀν-

478 3174 720 3220 montem
763 3181 870 3220 una
925 3180 990 3220 ac
1037 3167 1316 3222 civitatem
1371 3166 1652 3232 advocat;
1699 3175 1754 3222 et
1810 3175 2049 3220 montem

2166 3173 2405 3243 αγωγὴν,
2438 3172 2634 3242 ἑτέραν
2659 3169 2896 3240 ἐροῦμεν
2925 3171 3158 3236 ἔννοιαν,
3195 3170 3278 3222 ὅτι
3324 3168 3534 3242 βορρᾶν
3554 3165 3704 3236 ulmi)

477 3259 697 3330 quidem
731 3258 927 3327 plurali
952 3273 1182 3314 numero
1215 3268 1426 3315 montes
1460 3259 1791 3330 dicit,juxta
1824 3257 2052 3314 Hebrai-

478 3365 603 3404 cuin
658 3348 886 3412 idioma,
950 3360 1009 3404 ut
1067 3367 1211 3420 smpe
1261 3351 1552 3418 diximus;
1608 3366 1866 3422 maguum
1924 3365 2055 3406 vero

479 3458 664 3512 regem
719 3441 890 3496 Deum
937 3445 1195 3512 appellat,
1232 3445 1360 3512 quia
1409 3443 1514 3498 soli
1568 3443 1680 3497 Deo
1737 3443 1923 3497 oblata
1985 3458 2053 3497 ac

481 3536 730 3590 dedicata
762 3545 882 3590 erat
909 3533 1236 3590 Jerusalem.
1270 3534 1431 3589 Juxta
1463 3551 1741 3605 anagogen
1771 3551 1869 3606 per
1899 3536 2058 3605 aqui-

477 3626 680 3690 lonem,
711 3627 988 3681 diabolqu
1021 3643 1167 3695 saepe
1197 3627 1492 3698 siguillcari
1536 3627 1891 3697 intelligimus
1924 3643 1939 3679 :
1977 3628 2054 3680 Ab

477 3718 728 3788 aquilone
780 3720 948 3782 enim,
998 3718 1221 3789 inquit,
1277 3718 1632 3774 accendentur
1686 3721 1863 3772 omnia
1912 3719 2057 3772 mala

479 3824 637 3876 super
671 3809 956 3862 terram".
982 3808 1112 3862 ltetn
1146 3809 1276 3863 alibi
1309 3828 1324 3864 :
1370 3810 1681 3873 Aquilonem
1718 3811 1976 3877 expellam
2023 3827 2058 3864 α

480 3901 624 3954 vobis
659 3901 727 3952 ⁷⁸.
754 3899 948 3954 Latera
973 3909 1182 3965 autem,
1212 3903 1316 3956 hoc
1346 3913 1450 3969 est,
1488 3906 1733 3959 membra
1762 3905 2058 3976 aquilonis,

481 4003 674 4061 gentes
735 4001 913 4048 erant.
957 3994 1049 4047 Ait
1100 3993 1267 4063 igitur
1315 3996 1460 4066 quod
1517 3996 1759 4052 membra
1821 3997 2048 4066 diaboli,

481 4086 682 4155 quibus
711 4085 842 4140 olim
872 4085 962 4140 ille
981 4085 1387 4153 dominabatur,
1423 4088 1612 4144 ell‘ecta
1652 4101 1783 4146 sunt
1832 4100 2047 4148 montes

482 4177 638 4240 Sion,
681 4175 786 4231 hoc
830 4184 935 4241 est,
987 4177 1241 4232 sublimia
1291 4179 1540 4247 quadam
1611 4189 1775 4250 atque
1826 4182 2046 4239 excelsa

2159 3263 2350 3334 Γραφὴ
2372 3263 2530 3316 καλεῖ
2547 3262 2810 3326 πολλάκις
2823 3261 2916 3315 τὸν
2934 3260 3204 3314 διάϐολον·
3226 3261 3376 3314 Ἀπὸ
3387 3258 3580 3327 βορῤᾶ
3597 3257 3701 3325 γὰρ.

2156 3353 2797 3427 φησὶν,ἑκκαυθήσεται
2820 3355 2890 3407 τὰ
2903 3352 3078 3420 κακὰ,
3103 3353 3198 3406 ἐπὶ
3225 3350 3440 3406 πᾶσαν
3455 3350 3567 3418 τὴν
3591 3347 3701 3418 γῆν·

2154 3449 2249 3503 καὶ
2273 3448 2437 3502 πάλιν
2462 3464 2478 3479 ·
2507 3447 2615 3501 Καὶ
2636 3447 2741 3500 τόν
2767 3447 2886 3502 ἀπὸ
2904 3445 3099 3514 ,ϐορῤἇ
3116 3445 3378 3509 ἐκόιώεω
3415 3444 3520 3513 ἀφ’
3545 3441 3701 3512 ὑμῶν.

2154 3543 2373 3612 Πλευρὰ
2397 3541 2454 3594 δὲ
2486 3540 2677 3607 αὐτοῦ,
2710 3542 2879 3610 ἧγουν
2913 3540 3076 3610 μέλη,
3106 3540 3175 3593 τὰ
3203 3539 3356 3609 ἔθνη.
3415 3538 3555 3605 Φησὶ
3612 3535 3702 3587 τοί·

2154 3652 2272 3701 νυν,
2303 3637 2386 3689 ὅτι
2413 3635 2480 3688 τὰ
2516 3635 2652 3705 μέλη
2678 3631 2774 3686 τοῦ
2805 3632 3055 3686 διαϐόλου
3083 3627 3157 3686 ὧν
3196 3631 3361 3696 αὐτὸς
3390 3630 3702 3702 ἐκυρίευσεν,

2156 3730 2258 3802 ὅρη
2289 3729 2428 3784 Σιὼν
2451 3730 2729 3798 γεγόνασι,
2782 3727 3064 3780 τουτέστιν
3125 3725 3258 3795 ὕψος
3332 3726 3429 3778 καὶ⁵
3481 3721 3703 3795 «pssum

2156 3821 2258 3889 τῆς
2283 3817 2615 3887 Ἐκκλησίας
2647 3818 2755 3870 τῶν
2789 3815 3020 3879 πιστῶν,
3051 3815 3139 3868 διὰ
3186 3816 3246 3867 τὸ
3285 3811 3704 3884 ὑπεραναστῆναι

2158 3909 2270 3964 τῶν
2295 3909 2446 3962 κάτω
2477 3909 2798 3980 συρομένων
2829 3906 3199 3978 πραγμάτων,
3233 3906 3331 3960 καὶ
3357 3906 3452 3959 διὰ
3481 3906 3578 3975 τὴν
3625 3905 3704 3956 av-

2158 4003 2345 4072 δρείαν
2370 4002 2570 4056 αὐτῶν.
2606 4003 2714 4055 Καὶ
2740 4002 2791 4055 τί
2840 4002 2984 4068 λέγω
3036 3999 3169 4070 ὕψος
3208 3998 3304 4052 καὶ
3333 3997 3620 4069 πρόϐολοις
3653 3994 3703 4046 Ἠ

2159 4094 2313 4157 πόλις
2345 4094 2440 4148 τοῦ
2480 4093 2750 4164 βασιλέως
2778 4089 3037 4163 Χριστοῦ,
3067 4089 3242 4145 ταῦτα
3270 4091 3441 4144 εἰσινο
3489 4091 3552 4144 ἐκ
3602 4085 3703 4140 τού-

2158 4203 2270 4239 των
2299 4187 2410 4258 γὰρ
2435 4188 2468 4257 η
2519 4185 2820 4257 Ἐκκλησία
2848 4185 3204 4254 συνέστηκεν.

481 4267 736 4324 Ecclesiae
761 4272 1072 4336 cacumina,
1095 4286 1160 4326 eo
1184 4274 1327 4344 quod
1369 4289 1398 4327 a
1436 4275 1668 4331 terrenis
1703 4288 1866 4347 atque
1899 4279 2049 4334 bumi
2098 4279 2273 4337 aﬂlsis
2312 4283 2477 4338 rebus
2511 4281 3014 4350 elevati,sublimes
3048 4281 3102 4336 in
3152 4282 3322 4335 altum
3390 4279 3702 4337 conscende.

482 4369 632 4426 runt,
661 4372 719 4418 et
745 4373 967 4435 propter
982 4381 1172 4421 eorum
1203 4367 1607 4425 fortitudinem.
1632 4370 1830 4426 Verum
1900 4388 2095 4442 parum
2171 4375 2307 4442 dixi,
2337 4377 2482 4447 quod
2512 4376 2724 4432 excelsa
2762 4377 2902 4431 facta
2921 4377 3031 4432 sint
3067 4375 3375 4440 cacumina,
3403 4391 3527 4430 cum
3549 4372 3702 4446 potius

481 4453 622 4508 facta
678 4457 790 4510 sint
846 4459 1006 4514 sedes
1041 4475 1108 4515 ac
1151 4460 1516 4518 diversorium
1559 4465 1790 4522 Christi.
1842 4467 1925 4524 Ex
1970 4471 2053 4525 eis
2083 4473 2228 4526 enim
2271 4483 2602 4544 congregata
2650 4481 2736 4528 est
2765 4471 3003 4528 ﬁdelium
3039 4471 3307 4539 Ecclesia,
3332 4475 3391 4528 in
3466 4487 3571 4544 qua
3635 4468 3702 4522 in-

480 4546 690 4600 habitat
716 4558 770 4602 et
793 4551 990 4606 residet
1022 4551 1279 4609 Christus
1307 4556 1592 4614 Dominus.

552 4637 717 4694 Vens.
750 4641 802 4694 4.
846 4641 988 4696 Dens
1032 4645 1083 4697 in
1131 4647 1376 4702 domibus
1407 4650 1522 4718 ejus
1553 4663 1894 4722 cognoscetur
1937 4670 2054 4708 cum
2087 4658 2132 4714 ι)

481 4730 774 4783 auxiliatus
800 4731 958 4799 fuerit
983 4735 1053 4789 ei.
1074 4734 1204 4806 [Pro
1229 4740 1485 4795 dotnibus
1520 4743 1576 4794 in
1603 4741 1794 4799 Graeco
1823 4746 2054 4814 legimus

480 4821 726 4893 βάρεσι.]
758 4824 898 4879 Sunt
939 4836 1120 4882 autem
1151 4828 1338 4900 βάρεις
1372 4835 1668 4904 magniﬁcae
1694 4851 1756 4891 ac
1803 4838 2051 4907 splendi-

477 4914 562 4968 dae
595 4915 812 4982 domus,
835 4932 930 4986 per
957 4935 1092 4988 quas
1117 4921 1220 4976 hoc
1252 4924 1304 4977 in
1345 4924 1463 4980 loco
1489 4927 1744 4997 templum
1776 4930 2054 5000 signiﬁca-

478 5019 593 5074 tur,
643 5011 791 5081 quod
835 5022 954 5066 erat
985 5016 1038 5067 in
1070 5014 1375 5073 Jerusalem
1410 5037 1423 5073 :
1472 5021 1525 5074 in
1555 5037 1664 5092 quo
1694 5023 2054 5078 manifestare

476 5119 536 5158 se
592 5119 658 5158 ac
722 5115 910 5159 notum
977 5111 1358 5167 sacerdotibus
1403 5115 1581 5169 facere
1629 5115 1842 5169 solebat
1887 5113 2051 5180 Deus,

474 5198 696 5266 quando
717 5199 1040 5254 adveniente
1057 5203 1242 5272 aliquo
1263 5204 1403 5259 bello
1422 5206 1501 5259 eis
1520 5215 1636 5259 erat
1659 5205 2048 5261 attxiliaturus.

476 5291 602 5344 Haec
647 5301 832 5345 autem
879 5293 931 5346 in
962 5293 1176 5350 laudem
1226 5296 1468 5351 civitatis
1513 5298 1659 5351 dicta
1704 5303 1854 5350 sunt.
1884 5295 2048 5351 Juxta

476 5397 756 5454 anagogen
788 5400 884 5454 per
909 5387 1188 5442 civitatem
1217 5389 1531 5443 communio
1567 5388 1658 5442 illa
1703 5388 2045 5456 intelligitur,

473 5485 580 5540 qua
613 5472 802 5530 ﬁdeles
837 5476 891 5530 in
918 5478 1050 5542 vita,
1108 5488 1272 5549 atque
1323 5482 1738 5535 conversatione
1781 5495 1880 5535 sua
1912 5495 2046 5534 con-

469 5565 796 5636 junguntur.
861 5569 960 5623 Est
1013 5581 1195 5626 autem
1254 5588 1360 5626 una
1397 5574 1512 5626 Lazc
1564 5573 1777 5642 civitas,
1823 5583 2046 5644 propter

543 5683 587 5714 ""
615 5682 812 5739 Jerem.
847 5701 885 5752 ι,
916 5685 999 5739 14.
1101 5686 1146 5718 ⁷⁸
1169 5685 1286 5742 Joel
1317 5703 1375 5755 ll,
1400 5686 1490 5741 20.

2244 4653 2306 4706 Ὀ
2343 4652 2490 4718 Θεὸς
2517 4651 2586 4705 ἐν
2633 4649 2761 4716 ταῖς
2779 4649 3040 4718 βάρεσιν
3078 4649 3267 4703 αὑτοῦ
3357 4649 3700 4720 γινώσκεται,

2157 4747 2304 4801 ὅταν
2326 4743 3066 4815 ἀντιλαμϐάνηταιαὺτῆς.
3119 4744 3339 4809 Βάρεις,
3367 4745 3417 4797 ol
3447 4744 3700 4812 ἐπιφανεῖς

2156 4837 2330 4894 οῐκοιο
2365 4837 2475 4893 εῐεν
2503 4837 2630 4891 δ’ἆν
2659 4836 2829 4889 ταῦτα
2851 4835 2946 4889 νῦν
2983 4837 3010 4888 ό
3046 4836 3172 4899 ναὸς
3204 4836 3302 4904 τῆς
3344 4836 3700 4905 Ἰερουσαλὴμ,

2157 4933 2216 4984 ἐν
2246 4925 2310 4999 ᾧ,
2349 4931 2536 4998 φησιν,
2596 4925 2958 4998 ἐμφανίζεται
3009 4929 3123 4988 τοῖς
3168 4925 3426 4996 ἱερεῦσιν,
3488 4924 3700 4995 ὁπηνίκα

2158 5023 2398 5091 πολέμου
2431 5020 2854 5083 καταλαϐόντος,
2903 5020 3076 5090 μέλλῃ
3122 5019 3338 5090 βοηθεῖν
3391 5021 3567 5082 αὐτοῖς
3599 5033 3612 5046 ⁸
3636 5012 3700 5068 εἷ-

2158 5133 2259 5169 πεν
2293 5115 2350 5168 δὲ
2378 5113 2558 5178 τοῦτο,
2593 5112 2728 5183 πρὸς
2754 5111 2978 5166 ἔπαινον
3005 5113 3105 5181 τῆς
3155 5112 3385 5175 πόλεως.
3431 5114 3699 5178 Ἀναγωγι-

2156 5207 2269 5268 κῶς
2318 5205 2376 5258 δὲ
2433 5205 2583 5268 πόλις
2647 5204 2832 5274 μὲν,ὴ
2882 5203 3126 5256 πολιτεία
3175 5205 3276 5273 τῆς
3323 5206 3554 5267 πίστεως
3608 5202 3700 5254 τῶν

2159 5294 2451 5365 ἅπανταχῆ
2477 5294 2822 5365 Χριστιανῶν
2850 5310 2863 5323 ·
2895 5293 2993 5365 μία
3029 5297 3137 5365 γὰρ
3158 5295 3324 5366 αὕτη,
3351 5297 3438 5350 διὰ
3467 5297 3560 5366 τὴν
3588 5294 3699 5346 Inoo

2159 5405 2246 5440 σιν
2269 5392 2363 5440 καὶ
2394 5385 2681 5438 κοινωνίαν
2742 5385 2841 5454 τῆς
2898 5386 3202 5449 εὐσεϐείας.
3273 5388 3468 5457 Βάρεις
3511 5387 3564 5439 δὲ
3618 5382 3697 5436 καὶ

2155 5475 2315 5543 οἶκοι,
2343 5478 2392 5530 oi
2429 5477 2571 5530 κατὰ
2596 5477 2762 5529 τόπον
2793 5477 2910 5530 ναοὶ
2931 5476 3132 5540 αὐτῶν,
3189 5481 3249 5530 ἐν
3279 5475 3360 5540 οἷς
3419 5482 3446 5532 ὁ
3488 5475 3696 5546 Χριστὴς

2156 5571 2540 5640 ἐμφανίζεται,
2575 5570 2703 5622 ὅταν
2746 5568 2991 5638 διωγμοῦ
3046 5569 3466 5636 καταλαϐόντος,
3514 5569 3695 5637 ὑπερα-

1832 5757 2042 5819 Varite
2077 5757 2410 5818 lectiones.

545 5850 659 5926 (72)
690 5855 779 5911 Al.
826 5855 884 5912 Ὀ
907 5857 970 5913 ἐκ
997 5857 1230 5928 πλαγίου
1257 5877 1349 5931 μοι
1377 5859 1776 5930 τετραμμένος,
1815 5859 2025 5928 πλευρά
2052 5875 2141 5930 μοι
2177 5859 2374 5927 λέγοιτ’
2406 5857 2491 5912 ἄν.
2523 5855 2678 5912 Κατὰ
2709 5855 2954 5929 πλευρὰν
2991 5857 3100 5931 γὰρ
3129 5859 3188 5914 τδ
3225 5859 3467 5929 πλάγιον.
