3806 6574
403 427 508 492 527
1648 422 2039 486 EUTHYMII
2083 426 2445 488 ZEGABENI
3539 431 3610 497 tu

408 545 570 592 vocat
591 546 816 591 sanctus
852 534 1110 605 Spiritus.
1141 533 1393 587 Animam
1426 532 1569 588 enim
1598 542 1809 588 tantum
1839 550 1911 604 qu

2108 553 2187 599 τας
2239 535 2397 589 καλεῖ
2443 537 2502 588 τὸ
2539 534 2760 606 Πνεῦμα
2813 534 2872 588 τὸ
2908 535 3096 604 ἅγιον,
3142 534 3323 606 ψυχὴν
3375 534 3611 609 ἐπιζηιοῦν

411 633 481 683 rit
519 629 890 699 intelligentia:
919 637 1225 698 compotem
1280 641 1444 696 quam
1500 643 1608 682 non
1645 626 1854 683 divitim
1884 642 1914 681 c

2108 629 2330 684 ιυνιέναι
2383 628 2711 698 δυναμένην,
2754 627 2822 699 ἢν
2850 628 2911 681 οὐ
2950 627 3202 694 πλοῦτος,
3235 628 3372 681 ἀλλὰ
3398 629 3528 691 θεῖος
3548 635 3611 701 φό-

411 722 621 783 bibent,
686 718 781 775 sed
838 719 1001 774 timor
1056 718 1173 773 Dei.
1209 716 1275 772 Et
1309 718 1454 789 quod
1522 718 1654 774 dicit
1711 719 1886 775 Simul

2108 719 2181 783 5ος
2234 719 2544 791 χαρίζεται.
2607 719 2959 773 Ἐπιτοαυτύ
3015 718 3109 786 δὲ,
3142 719 3265 772 ἀντὶ
3310 719 3429 785 τοῦ,
3475 719 3611 791 Ὁμοῦ,

409 828 597 875 unum,
634 812 777 865 idem
812 818 922 875 est,
958 808 1102 878 quod
1137 809 1280 878 Una,
1311 811 1584 867 similiter.
2086 813 2308 884 ὁμοίως.

483 905 639 959 Vens.
680 903 737 957 4.
776 902 847 957 Os
890 919 1063 957 meum
1097 903 1343 974 loquetur
1375 905 1711 973 sapientiora.
1750 902 1986 958 Audito-

2163 904 2232 958 Τὸ
2264 903 2460 973 στόμα
2491 920 2613 973 μου
2656 901 2919 968 λαλήσει
2947 902 3194 972 σοφίαν.
3243 904 3509 974 Διεγείρει
3531 909 3612 971 τοὺς

409 1013 497 1053 res
529 997 734 1051 excitat
762 997 826 1049 ad
857 996 1238 1063 attentionem,
1261 996 1429 1051 veluti
1462 997 1558 1066 qui
1582 995 1650 1050 de
1683 996 1844 1050 rebus
1876 1012 1905 1047 n

2110 997 2361 1066 ὶκροατὰς
2396 997 2475 1058 είς
2534 994 2831 1065 προσοχὴν,
2862 996 2939 1056 ὼς
2989 994 3087 1065 οὐχ
3135 995 3276 1066 ὑπὲρ
3309 997 3613 1068 προσκαίρων

408 1087 653 1143 minimis
682 1096 1021 1142 tractaturus
1075 1088 1170 1151 sit,
1206 1088 1299 1143 sed
1337 1087 1406 1143 de
1444 1087 1679 1143 excelsis
1710 1087 1893 1156 potius

2110 1087 2247 1142 πινῶν
2275 1089 2617 1159 πραγμάτιον
2651 1085 2865 1158 μέλλων
2896 1089 3062 1157 ἐρεῖν,
3097 1088 3232 1141 ἀλλὰ
3256 1089 3384 1158 περὶ
3412 1091 3613 1159 μεγάλων

405 1179 757 1236 venerandis.
788 1178 892 1233 Per
921 1177 1248 1249 sapientiam
1274 1224 1277 1227 .
1302 1189 1483 1234 autem
1516 1178 1699 1233 divina
1732 1176 1908 1239 intelli

2112 1178 2185 1234 Lai.
2218 1178 2490 1252 φοῦερῶν.
2520 1179 2718 1247 Σοφίαν
2749 1178 2805 1232 δὲ
2862 1179 3011 1248 λέγει
3046 1179 3114 1234 τὰ
3147 1181 3339 1252 σοφίας
3374 1183 3615 1250 πεπληρω.

404 1272 644 1343 eloquia,
676 1286 798 1337 qua:
819 1270 1093 1341 sapientia
1124 1278 1257 1326 sunt
1294 1270 1525 1326 referta.

930 1270 1093 1325 lentia
1124 1278 1257 1326 sunt
1294 1270 1525 1326 referta.
2089 1272 2226 1343 μένα
2260 1272 2433 1340 λόγια.

479 1355 555 1418 Ει
579 1361 854 1417 nteditatio
885 1360 1063 1415 cordis
1093 1361 1195 1415 mei
1229 1360 1660 1431 intelligentiam.
1690 1357 1982 1416 Pollicetur

2157 1364 2265 1420 Kal
2291 1366 2329 1433 ή
2364 1363 2588 1434 μελέτη
2635 1362 2745 1432 τῆς
2776 1363 3020 1433 καρδίας
3050 1382 3171 1433 μου
3209 1364 3485 1420 σύνεσιν.
3534 1368 3614 1420 Ἐν-

401 1468 463 1508 se
502 1453 640 1507 nihil
702 1461 933 1518 temere,
987 1454 1081 1508 sed
1137 1462 1393 1508 accurate
1450 1453 1635 1508 omnia
1682 1454 1899 1508 dicturu

2111 1449 2263 1512 ςαῦθα
2292 1457 2645 1511 κατατίθεται
2681 1456 2756 1528 μὴ
2795 1456 3221 1528 ἀπερισκέπτως
3266 1458 3431 1527 ἐρεῖν,
3458 1456 3614 1512 ἀλλ’ἐκ

402 1545 718 1613 Meditatio,
758 1546 960 1617 inquit,
997 1546 1181 1602 cordis
1212 1545 1371 1610 meis,
1405 1546 1508 1601 hoc
1544 1554 1650 1615 est,
1676 1546 1905 1617 diligens

2114 1548 2346 1621 ιελέτης.
2369 1548 2609 1620 Λαλήσει
2633 1549 2763 1619 γὰρ,
2788 1550 2944 1619 φησὶ,
2984 1548 3077 1602 καὶ
3106 1550 3138 1618 ἡ
3171 1549 3372 1618 μελέτη
3404 1548 3498 1616 τῆς
3524 1566 3617 1619 καρ-

409 1647 622 1694 attenta
653 1638 855 1695 mentis
887 1652 1021 1694 meae
1066 1637 1466 1701 consideratio,
1521 1638 1687 1693 verba
1732 1637 1912 1709 loquel

2111 1641 2204 1705 ila;
2235 1659 2360 1713 pou,
2399 1642 2699 1706 τουτέστιν,
2752 1640 2986 1710 ἀκριϐὴς
3015 1639 3110 1693 τοῦ
3146 1641 3265 1701 νοός
3311 1658 3414 1710 μου
3440 1640 3614 1694 διάικε-

403 1732 726 1802 plenissima
768 1723 1167 1804 intelligentiae,
1218 1731 1328 1795 vel,
1369 1737 1623 1801 loquetur
1673 1732 1865 1797 verba,

2112 1751 2199 1800 ne,
2223 1734 2488 1795 συνέσεως
2519 1733 2761 1803 γέμοντα
2788 1736 3035 1806 ῥήματα,
3074 1734 3106 1806 ἢ
3141 1735 3411 1797 συνέσεως
3434 1735 3615 1805 δεόμενα

403 1842 524 1893 quae
561 1823 915 1897 percipienda
956 1826 1125 1878 multa
1159 1823 1265 1878 erit
1297 1839 1436 1894 opus
1464 1824 1847 1897 intelligentia.

1059 1826 1125 1878 lta
1159 1823 1265 1878 erit
1297 1839 1436 1894 opus
1464 1824 1847 1897 intelligentia.
2011 1869 2058 1928 Β
2085 1830 2165 1892 εις
2199 1826 2259 1881 τὸ
2281 1826 2562 1899 νοηθῆναι.

476 1918 644 1975 Vens.
692 1917 744 1975 5.
789 1915 1068 1971 lnclinabo
1108 1916 1162 1969 in
1207 1916 1523 1985 parabolam
1568 1933 1750 1973 aurem
1787 1933 1979 1972 meam.

2155 1918 2351 1975 Κλινῶ
2380 1921 2469 1986 είς
2494 1917 2847 1989 παραϐολὴν
2877 1920 2946 1974 τὸ
2975 1917 3086 1986 οὖς
3100 1937 3241 1989 μου.
3274 1919 3615 1991 Διαλεγόμενος

402 2016 726 2071 Sermonem
762 2011 1055 2067 habiturus
1112 2009 1180 2063 ad
1227 2024 1348 2076 vos,
1407 2008 1682 2065 inclinabo
1737 2009 1903 2066 viciss

2111 2014 2223 2087 πρὸς
2249 2014 2415 2083 ὑμᾶς,
2446 2014 2601 2084 φησὶ,
2651 2011 2817 2066 κλινῶ
2847 2014 2904 2066 ἐν
2931 2014 3086 2084 μέρει
3133 2013 3191 2067 τδ
3222 2008 3316 2077 οὖς
3345 2015 3441 2085 τῆς
3480 2015 3614 2085 dep];

402 2122 591 2179 aurem
644 2106 839 2161 anima:
890 2120 1019 2160 meae
1069 2104 1122 2159 in
1164 2101 1505 2174 parabolant,
1545 2117 1671 2174 quae
1714 2117 1745 2157 a
1790 2117 1905 2159 sant

2113 2123 2190 2160 tou
2218 2108 2295 2168 είς
2320 2106 2419 2176 τὴν
2450 2105 2823 2176 ἐνηχουμένην
2850 2122 2943 2176 μοι
2976 2105 3128 2177 παρά
3172 2105 3267 2160 τοῦ
3305 2107 3460 2175 ἁγίου
3490 2108 3616 2161 [lmi-

403 2197 536 2252 milti
587 2196 791 2267 Spiritu
827 2196 1160 2266 suggeritur.
1198 2192 1304 2249 Per
1347 2193 1665 2264 parabolam
1712 2208 1841 2249 vero
1892 2194 1906 2247 l

2111 2215 2256 2261 ιατος
2285 2197 2605 2268 παραϐολήν
2626 2215 2638 2227 ·
2678 2197 2830 2266 λέγει
2879 2196 3071 2272 δὲινῢν
3103 2197 3425 2271 παραϐολὴν
3469 2199 3531 2253 τὰ
3555 2203 3614 2253 al-

403 2287 721 2358 ambiguum
780 2277 946 2356 atque
1006 2284 1413 2356 amigmaticum
1461 2298 1774 2341 sermonem
1806 2285 1906 2344 inti

2116 2288 2352 2361 ίγματα·
2386 2288 2480 2342 καὶ
2505 2287 2615 2359 γὰρ
2644 2286 3021 2360 αἰνιγματώδη
3070 2288 3138 2343 τὰ
3183 2289 3493 2360 προφητικά
3522 2293 3613 2354 riu,

401 2378 542 2451 ligit.
577 2377 719 2434 Sunt
746 2379 892 2433 enim
930 2377 1250 2448 prophetica
1282 2376 1465 2432 omnia
1493 2376 1746 2447 ambigua
1791 2378 1904 2434 adut

2114 2381 2169 2432 ιὰ
2220 2378 2319 2448 τὴν
2370 2378 2640 2447 ἀσάφειαν
2700 2376 2810 2430 τῶν
2874 2377 3315 2447 κεκρυμμένωνι
3348 2376 3611 2446 νοημάτων.

402 2471 558 2537 dum,
590 2479 809 2541 propter
832 2469 1079 2525 occultos
1104 2482 1302 2525 sensus
1326 2466 1663 2523 obscuritate
1686 2469 1905 2524 verbort

2111 2471 2465 2538 Δξιοπιστίαν
2493 2470 2549 2524 δὲ
2579 2472 2693 2533 τοῖς
2723 2468 2918 2524 ἑαυτοῦ
2969 2468 3151 2539 λόγοις
3193 2468 3537 2541 περιέθηκεν,
3563 2470 3614 2532 ὡς

400 2565 638 2620 velatos.
689 2562 878 2619 Fidem
912 2562 1058 2618 enim
1103 2560 1352 2616 sermoni
1391 2574 1493 2616 suo
1542 2561 1708 2616 etiam
1755 2572 1903 2632 priest

1250 2560 1352 2615 ,on'i
1391 2574 1493 2616 suo
1542 2561 1708 2616 etiam
1755 2568 1979 2632 praestat
2080 2564 2478 2635 ἐμπνεομένοις
2523 2562 2753 2619 ἄνωθεν.

399 2656 487 2715 bis
511 2656 724 2720 verbis,
757 2656 886 2710 dum
917 2668 1157 2723 superne
1186 2666 1250 2707 ea
1279 2651 1383 2707 sibi
1424 2652 1650 2708 denotat
1695 2652 1978 2723 inspirari.

471 2749 719 2818 Aperiunt
790 2748 846 2801 in
929 2744 1194 2800 Psalterio
1277 2744 1689 2814 propositionem
1766 2761 1972 2799 meam.

2164 2740 2402 2804 Ἀνοίξω
2439 2741 2512 2795 ἐν
2557 2743 2871 2809 ψαλτηρίφ
2899 2741 2963 2794 τὸ
3007 2740 3327 2810 πρόϐλημά
3346 2758 3482 2810 μου.
3506 2741 3612 2811 Πρό-

400 2841 505 2897 Pcr
539 2841 947 2913 propositionem
990 2853 1301 2895 sermonem
1339 2836 1620 2906 intelligit,
1677 2837 1743 2891 ad
1779 2838 1903 2892 exbt

2110 2834 2180 2905 ἕλη
2190 2850 2266 2902 μα
2289 2833 2442 2886 καλεί
2465 2834 2557 2887 τὸν
2579 2832 2737 2902 λόγον
2760 2834 2852 2886 τὸν
2880 2833 3155 2904 προϐεόλη
3164 2834 3329 2903 μένον
3357 2836 3436 2897 εἰς
3459 2834 3613 2904 παραί-

402 2934 663 2990 tatioucm
695 2941 860 3001 atque
894 2931 1184 2985 utilitatem
1238 2927 1582 2984 audientium
1640 2928 1901 2998 propositi

2113 2940 2225 2978 εσιν
2248 2926 2341 2977 καὶ
2359 2923 2629 2991 ὠφέλειαν
2653 2924 2763 2977 τῶν
2789 2926 3179 2995 ἀκροωμένων.
3199 2924 3421 2989 ’Δνοίξω
3439 2924 3509 2987 δὲ,
3525 2942 3614 2976 του-

400 3038 467 3080 ac
500 3023 793 3094 prolatum.
826 3022 1079 3091 Aperiam
1112 3021 1299 3091 igitur,
1339 3020 1440 3074 hoc
1484 3026 1592 3085 est,
1617 3017 1903 3074 manifesta

2115 3018 2250 3083 ἐστι,
2282 3017 2585 3088 φανερὼσω
2623 3018 2715 3070 τὸν
2761 3018 2918 3087 λόγον
2973 3035 3075 3089 μου
3124 3018 3266 3087 μετὰ
3299 3018 3486 3088 μέλους
3509 3017 3613 3085 ψιλ-

382 3116 549 3185 ltuttc
574 3130 883 3171 sermonem
921 3129 1128 3178 meum,
1157 3127 1265 3167 una
1296 3127 1422 3166 cum
1452 3110 1705 3167 Psalterii
1753 3110 1885 3164 itarn

2106 3108 2292 3179 ‘qplou.
2338 3109 2398 3162 Ὀ
2426 3110 2533 3182 γὰρ
2571 3109 2807 3178 ἀνοίγων
2865 3109 3038 3178 θύραν
3090 3113 3319 3181 φανεροῖ
3373 3108 3437 3162 τᾶ
3478 3109 3609 3161 ἔνδον.

400 3211 511 3265 nia.
536 3207 668 3263 Nam
698 3206 790 3278 qni
816 3206 1042 3277 jauuatn
1075 3206 1275 3275 aperit,
1306 3204 1488 3260 omnia
1516 3202 1845 3266 manifestat,
1863 3222 1893 3274 ιι

2106 3202 2192 3256 Ἐκ
2219 3200 2312 3254 τοῦ
2348 3201 2760 3272 προηγουμένου
2784 3205 2963 3255 τοίνυν
2979 3201 3251 3273 ἐδήλωσεν
3277 3202 3339 3254 to
3367 3201 3609 3270 ἑπόμενον.

398 3302 550 3357 intus
597 3309 755 3355 sunt.
806 3298 883 3354 Ex
917 3316 982 3354 eo
1012 3297 1156 3352 cnim
1205 3300 1347 3368 quod
1382 3297 1659 3368 pragcedit,
1696 3296 1895 3352 deuota

2109 3294 2234 3347 ista:
2289 3293 2485 3364 μέλους
2541 3292 2599 3346 δὲ
2657 3291 2975 3364 ὀργανικοῦ,
3019 3293 3107 3346 ἵνα
3154 3294 3380 3363 γένηται
3423 3293 3449 3345 δ
3490 3291 3612 3358 λόγος

398 3394 453 3449 id
486 3388 1042 3463 quod‘conscquitur.
1077 3388 1561 3445 .‘ilanit‘estaturum
1607 3404 1668 3445 se
1694 3400 1877 3443 autem

2108 3385 2355 3457 ,δὺτερος.
2422 3385 2655 3452 Ἀνοίγει
2700 3384 2757 3439 δὲ
2806 3386 2865 3438 ὲν
2912 3382 3199 3457 ψαλτηρίῳ
3250 3385 3313 3437 τὸ
3365 3383 3611 3453 πρόϐλημα

399 3487 475 3542 ait
509 3501 634 3542 cum
677 3484 963 3540 harmonia
992 3493 1046 3538 et
1074 3490 1360 3554 cantu,.ut
1392 3498 1578 3540 sermo
1606 3497 1743 3540 suus
1771 3482 1902 3552 jucu

2108 3478 2246 3532 ,ὐτοῦ
2278 3479 2306 3531 δ
2343 3477 2513 3531 ποιῶν
2542 3477 2637 3529 καὶ
2681 3475 2968 3543 διδάσκων,
3022 3480 3115 3529 καὶ
3150 3475 3251 3547 τὴν
3284 3474 3475 3546 πρᾶξιν
3504 3473 3611 3542 ἔχων

398 3579 522 3633 dior
571 3579 665 3634 sit.
701 3577 865 3633 Juxta
899 3594 1178 3648 anagogen
1213 3577 1303 3632 ille
1334 3576 1549 3646 aperire
1598 3573 1803 3630 dicitur
1851 3590 1901 3644 pl

2111 3571 2155 3641 ᾦ
2199 3570 2343 3640 λόγῳ
2391 3570 2699 3641 σύμφωνον.
2734 3570 2810 3622 Τὸ
2844 3568 2954 3639 γὰρ
3004 3568 3166 3638 μέλος
3204 3567 3300 3619 τοῦ
3357 3565 3611 3636 ψαλτηρίου

399 3673 727 3744 positionem
778 3685 934 3727 suam
964 3671 1020 3725 in
1054 3670 1347 3737 Psalterio,
1401 3668 1496 3739 qui
1527 3666 1658 3723 facit
1691 3667 1895 3736 pariter

2114 3663 2165 3715 ιὰ
2188 3662 2384 3733 χειρῶν
2403 3660 2767 3733 ἀπαρτίζεται
2788 3676 2801 3690 ·
2834 3664 2932 3733 τῆς
2960 3660 3273 3734 πρακτικῆς
3303 3659 3361 3714 δὲ
3389 3657 3612 3729 σύμϐολον

399 3762 605 3830 docet,
664 3760 820 3829 cujus
873 3775 1039 3831 opera
1098 3759 1449 3817 sermonibus
1498 3767 1830 3827 congruunt.
1891 3756 1976 3811 Ad
2077 3755 2133 3808 at
2161 3757 2342 3825 χεῖρες

399 3854 687 3910 melodiam
721 3854 865 3908 enim
902 3852 1156 3908 Psalterii
1182 3849 1527 3908 excitandam
1551 3849 1806 3904 manibus
1835 3862 1974 3918 opus

398 3954 505 4012 est,
547 3961 641 4016 per
673 3960 812 4015 quas
848 3944 1111 4014 operaudi
1136 3942 1371 3998 facultas
1401 3941 1743 4011 designatur.

472 4013 639 4091 Vens.
658 4013 712 4089 6—.
733 4034 841 4091 Cur
863 4035 1050 4089 timebo
1078 4036 1132 4089 in
1156 4035 1240 4088 die
1268 4034 1411 4087 mala
1435 4032 1579 4088 ?Pcr
1596 4031 1975 4102 interrogatio-

2160 4020 2346 4076 Ἰνατί
2371 4020 2668 4092 φοϐοῦμαι
2696 4021 2768 4074 ἐν
2794 4021 2983 4091 ἡμέρῃ
3025 4034 3265 4089 xor-nng
3290 4037 3312 4087 ;
3351 4019 3477 4073 Κατ’
3504 4013 3611 4087 ἐρώ-

403 4141 525 4183 nem
555 4126 785 4198 legenda
824 4137 955 4181 sunt
992 4126 1108 4183 hinc
1136 4126 1325 4183 verba.
1367 4122 1548 4179 Vultis
1575 4124 1738 4189 scire,
1774 4125 1902 4194 inqu

2111 4131 2232 4185 ησιν
2274 4114 2649 4176 ἀναγνωστέον
2676 4130 2691 4147 ο
2726 4114 2995 4168 Βούλεσθέ
3045 4132 3115 4186 με
3152 4114 3347 4186 μαθεῖν
3377 4112 3506 4167 διατί
3537 4128 3611 4178 go-

400 4230 496 4269 «ιιι-
520 4213 653 4269 mibi
688 4210 987 4271 timendum
1019 4214 1092 4271 sit
1135 4216 1189 4269 in
1225 4216 1310 4271 die
1345 4214 1514 4269 futuri
1539 4212 1778 4283 iudicii?
1822 4214 1900 4267 Ha

2106 4203 2280 4274 ιοῦμαι
2310 4206 2369 4258 ἑν
2403 4206 2469 4276 τῇ
2494 4204 2679 4276 ἡμέρᾳ
2707 4204 2805 4274 τῆς
2837 4204 3103 4277 κρίσεωςς
3132 4205 3342 4277 ταύτην
3372 4205 3473 4273 γὰρ
3493 4201 3609 4268 λέγει

398 4305 544 4358 enim
575 4306 717 4361 diem
744 4306 940 4361 malam
966 4307 1229 4379 appellat.
1259 4305 1724 4377 quemadmodum
1753 4311 1808 4360 et
1843 4305 1901 4360 al;

2107 4295 2339 4367 ςονηρὰν,
2365 4296 2439 4359 ὡς
2478 4299 2537 4351 ὲν
2586 4296 2666 4369 τῷ
2705 4297 2949 4370 δευτέρῳ
2980 4299 3149 4370 στίχῳ
3178 4299 3273 4353 τοῦ
3329 4303 3382 4369 p'
3429 4290 3610 4366 ψαλμοῦ

400 4394 453 4451 ἱιι
483 4395 692 4466 psalmo
724 4410 787 4451 ιι.
817 4394 837 4468 [
874 4397 948 4452 ibi
977 4415 992 4451 :
1046 4396 1112 4451 In
1145 4397 1232 4452 die
1260 4398 1402 4452 mala
1447 4397 1693 4452 liberabit
1725 4413 1844 4452 eum
1871 4396 1903 4451 ﬂ

1814 4413 1844 4451 η
1871 4396 1979 4473 ου.
2075 4388 2614 4462 προαποδεδὼκαμεν
2631 4404 2646 4420 ο
2687 4389 2877 4445 λοιπὸν
2905 4386 2998 4446 οὖν
3026 4392 3317 4446 ἀκούσατε.

397 4489 593 4553 minus,
644 4489 733 4544 ubi
797 4488 1107 4560 diximus].
1159 4492 1359 4546 Audite
1407 4490 1579 4563 igitur
1624 4505 1845 4547 causam
1904 4490 1973 4546 ti-

397 4580 589 4635 ιηοι·ἰε.
1998 4564 2050 4623 D

470 4647 732 4740 1»ιὶᾳαὶιᾶ
761 4670 996 4725 ealcanei
1042 4673 1145 4727 mei
1174 4670 1533 4728 circumdabit
1593 4691 1695 4731 me.
1754 4675 1969 4742 Timeo,

2152 4678 2221 4734 'H
2253 4678 2471 4749 ἀνομία
2500 4677 2612 4748 τῆς
2640 4680 2902 4745 πτέρνης
2937 4693 3058 4745 μου
3098 4674 3401 4729 κυκλώσει
3424 4690 3510 4743 με.
3533 4671 3609 4723 Φο-

397 4763 600 4833 inquit,
635 4763 761 4834 quia
799 4772 932 4819 tunc
959 4764 1219 4835 iniquitas
1272 4767 1481 4835 peccati
1530 4769 1659 4833 mei,
1709 4770 1813 4824 hoc
1864 4785 1900 4824 e:

2101 4773 2299 4843 ἒοῦμαι,
2331 4774 2416 4826 ὅτι
2441 4772 2710 4826 κυκλώσει
2736 4786 2804 4840 με
2826 4769 2949 4822 τότε
2972 4771 3004 4839 ἡ
3030 4768 3231 4836 ἀνομία
3258 4769 3353 4839 τῆς
3374 4765 3604 4837 ἁμαρτίας

396 4857 527 4926 quia
565 4867 846 4924 peccatum
878 4872 1059 4912 incum
1098 4860 1468 4915 circumdabit
1497 4877 1605 4918 me.
1643 4861 1899 4919 Calcanet

2096 4883 2202 4931 ιου,
2247 4865 2523 4927 τουτέστι,
2567 4864 2600 4931 ή
2635 4862 2880 4932 ἁμαρτία
2939 4878 3062 4931 μου,
3119 4862 3263 4914 κατὰ
3298 4859 3599 4928 περίφρασιν.

395 4948 539 5002 enim
593 4949 779 5019 posuit
829 4966 927 5020 pro
982 4950 1306 5022 deceptione
1360 4971 1372 5008 :
1416 4955 1874 5022 quemadmodum

2103 4958 2182 5011 1τέ
2194 4974 2293 5027 ρνα
2323 4956 2547 5027 μὲνγὰρ
2571 4957 2603 5024 ἡ
2638 4955 2843 5022 ἀπάτη.
2892 4952 2968 5016 ὡς
2995 4955 3052 5007 ὲν
3084 4954 3161 5023 τῷ
3190 4951 3473 5021 δηλωθέντι
3499 4943 3606 5016 ψαλο

394 5040 521 5094 alibi
548 5040 600 5095 in
641 5055 1069 5098 commemorato
1094 5044 1310 5114 psalmo
1339 5060 1405 5100 x1.
1432 5043 1532 5117 [ibi
1563 5063 1576 5099 :
1610 5046 1895 5116 Magniﬁca

2105 5049 2164 5119 ιῷ
2199 5049 2555 5121 προείπομεν.
2576 5046 2788 5116 ’Δπάτη
2818 5046 2897 5110 δὲ,
2926 5048 2959 5116 ἡ
2988 5045 3251 5115 ἁμαρτία,
3284 5043 3357 5107 ὡς
3380 5039 3608 5097 ἀπατῶσα

394 5132 676 5187 adversum
751 5151 830 5189 me
906 5135 1454 5207 supplantationem]
1547 5136 1893 5190 declaravimt

2101 5140 2166 5191 ὸν
2200 5139 2603 5209 ἁμαρτάνοντα.
2639 5136 2791 5199 Εἶδες
2842 5137 3006 5205 σοφὸν
3058 5134 3216 5202 λόγον
3262 5133 3356 5187 καὶ
3401 5127 3604 5187 συνετὺν,

395 5220 575 5295 [Quod
608 5234 788 5281 tamen
816 5240 881 5280 ex
913 5226 1147 5282 lectione
1177 5224 1366 5281 (ἕνεκιά
1397 5225 1594 5281 melius
1645 5228 1898 5295 percipitt

2106 5248 2218 5294 πως
2247 5230 2333 5283 διὰ
2363 5230 2456 5283 τοῦ
2488 5231 2805 5298 εἰσαγαγεῖν
2829 5228 3018 5282 ἑαυτὸν
3049 5220 3608 5296 φοϐούμενον,παρῄνεο

391 5332 517 5370 cum
547 5316 735 5373 Graeca
750 5317 920 5373 dictio
949 5318 1304 5390 πτερνισμὸς,
1326 5318 1431 5373 boc
1449 5328 1553 5379 est,
1578 5317 1889 5388 supplantat

2101 5341 2130 5375 ἐ
2162 5323 2446 5391 φοϐεῖσθαι
2482 5321 2580 5391 τὴν
2628 5320 2928 5393 ἁμαρείαν,
2991 5317 3233 5387 διδάξας,
3263 5318 3395 5387 ἅμα,
3430 5316 3515 5367 καὶ
3539 5310 3604 5362 ὅτι

389 5412 500 5469 ἀπὸ
529 5412 626 5482 τῆς
658 5412 916 5485 πτέρνης,
950 5415 1050 5467 hoc
1105 5420 1190 5466 est
1212 5454 1227 5478 ,
1259 5429 1289 5465 a
1326 5413 1587 5468 caicaneo
1623 5413 1888 5468 deducatu

1274 5429 1289 5465 ι
1326 5413 1587 5468 caicaneo
1623 5413 1970 5487 deducatur.]
2070 5416 2249 5485 κρίσις
2281 5416 2433 5469 ἔσται
2461 5413 2777 5475 ἀδέκαστος.

387 5502 681 5559 Peccatum
724 5520 853 5560 vero
905 5508 1104 5560 merito
1148 5505 1398 5574 dcceptio
1455 5506 1799 5575 appellatur,
1841 5508 1969 5578 quia
2012 5517 2334 5579 peccantem
2364 5510 2543 5578 ipsum
2573 5506 2796 5577 deripit.
2837 5507 3028 5562 Vidisti
3097 5505 3361 5578 sapientia
3414 5503 3600 5574 plenum

388 5609 718 5659 sermonem,
752 5611 861 5664 quo
895 5596 1185 5667 Propheta,
1227 5597 1356 5652 dum
1390 5613 1451 5652 se
1482 5598 1674 5655 timere
1720 5600 2048 5666 introduxit,
2102 5600 2242 5655 alios
2305 5607 2467 5654 caute
2506 5597 2790 5654 admonuit
2857 5599 3049 5654 timere
3092 5611 3122 5650 a
3178 5597 3443 5669 peccatis,
3497 5602 3597 5645 cum

396 5685 638 5740 udicium
698 5687 790 5739 Dei
839 5687 1106 5756 ejusmodi
1160 5691 1403 5743 futurum
1440 5688 1535 5754 sit,
1572 5697 1632 5742 ut
1686 5694 1962 5760 corrumpi
2006 5708 2113 5748 non
2151 5692 2347 5763 possit.

462 5778 625 5832 Vens.
657 5782 709 5834 7.
741 5777 843 5843 Qui
874 5780 1142 5850 conﬁdunt
1172 5780 1223 5833 in
1253 5789 1512 5849 potestate
1530 5797 1648 5846 sua,
1675 5791 1723 5835 et
1748 5782 1802 5840 in
1827 5784 1963 5836 mul-

2143 5786 2210 5837 Ol
2242 5785 2594 5848 πεποιθότες
2639 5783 2737 5837 ἐπὶ
2773 5782 2850 5852 τῇ
2877 5782 3125 5853 δυνάμει
3171 5781 3379 5847 αὐτῶν,
3404 5778 3484 5832 καὶ
3514 5772 3590 5825 ἐπὶ

342 5946 345 5951 Ἰ
386 5870 610 5924 titndine
639 5872 951 5927 divitiarum
986 5889 1201 5927 sitarum
1232 5874 1556 5945 gloriantur.
1606 5873 1845 5933 Subaudi

2100 5873 2143 5940 (ξ)
2174 5872 2388 5941 πλήθει
2408 5874 2511 5929 τοῦ
2533 5876 2801 5930 πλούτου
2821 5874 3019 5930 αὐτῶν
3046 5875 3422 5946 καυχώμενοι.
3450 5870 3596 5937 θεοῖ·
