3806 6540
185 440 286 504 529
328 485 332 489 «

1280 440 1673 502 COMMENT.
1737 439 1818 499 IN
1860 443 2229 503 PSALMOS.

3328 418 3440 502 me

181 556 536 613 υπακουστέον
592 559 669 619 τὸ,
739 558 1085 611 Ἀκούσατε.
1138 561 1413 616 Δυνατοὺς
1464 558 1523 613 δὲ
1587 559 1735 627 λέγει

1862 558 1976 612 lum
2029 567 2136 627 est,
2189 560 2293 615 hoc
2347 560 2402 615 in
2464 560 2606 622 loro,
2659 557 2906 624 verbum,
2945 555 3281 611 Auscultate.
3328 557 3435 609 Pu-

180 648 284 711 νῦν,
312 647 372 700 οὐ
403 645 528 709 τοὺς
559 647 619 699 ἐν
648 646 794 717 ἔργῳ
827 646 1008 716 μόνον,
1027 647 1163 701 ἀλλὰ
1193 648 1286 701 καὶ
1317 650 1442 711 τοὺς
1476 649 1533 700 ὲν
1560 647 1705 718 λόγῳ
1725 663 1741 679 ⁶

178 739 406 799 καὶτοὺς
436 737 747 802 πλουσίους,
787 738 848 792 οὐ
874 739 1001 802 τοὺς
1037 740 1097 792 ὲν
1123 740 1371 811 χρήμασι
1401 741 1585 810 μόνον,
1607 737 1742 793 ἀλλὰ

177 832 258 885 καὶ
281 832 409 893 τοὺς
437 831 495 883 ἐν
516 830 753 900 λογικοτς
789 830 1133 903 θεωρήμασι.
1160 832 1412 896 Καλέσας
1436 832 1493 885 δὲ
1517 831 1739 896 τούτους

177 922 289 992 ἰδίᾳ,
321 924 488 993 φησιν
508 939 523 954 ο

1853 652 2069 706 testatis
2121 660 2304 706 autem
2363 667 2560 707 nomen
2628 652 2776 724 large
2833 650 3247 720 intelligendum
3315 656 3434 715 est,

1851 740 1924 796 ita
1992 752 2049 797 ut
2089 757 2197 798 non
2237 750 2449 799 tantum
2487 744 2553 797 ad
2588 759 2683 799 eos
2717 743 2992 813 dirigatur
3019 755 3223 803 sermo,
3250 739 3341 808 qui
3376 738 3435 792 in

1849 835 2114 905 Operibus
2150 874 2165 899 ,
2228 836 2325 892 sed
2383 836 2449 890 ad
2502 850 2595 892 eos
2657 836 2823 891 etiam
2900 834 2995 904 qui
3067 833 3120 887 in
3178 845 3435 887 sermone

1847 936 2099 997 potentes
2131 936 2279 983 sunt.
2316 926 2493 983 Simili
2524 926 2684 982 modo
2712 924 2932 981 divitias
2966 923 3118 988 dicit,
3186 938 3298 977 non
3338 938 3434 985 eas

174 1018 395 1077 lautum,
431 1028 551 1084 quae
574 1013 629 1067 in
655 1012 925 1082 pecuniis,
972 1022 1067 1081 aut
1121 1013 1247 1069 aliis
1306 1013 1540 1069 fortuna!
1582 1013 1745 1071 bonis
1773 1017 2110 1083 consistunt,
2146 1018 2241 1074 sed
2267 1033 2363 1075 eas
2387 1019 2553 1074 etiam
2593 1032 2714 1090 qua!
2738 1016 2818 1072 ad-
2838 1017 3146 1073 doctrinam
3171 1024 3226 1070 et
3258 1014 3438 1083 philo-

171 1104 369 1174 sophiae
396 1105 577 1160 studia
613 1105 912 1175 pertinent.
968 1106 1065 1160 llis
1117 1106 1280 1174 igitur
1319 1107 1391 1161 ita
1428 1106 1710 1176 sigillatim
1765 1112 2108 1175 convocatis,
2164 1125 2476 1167 sermonem
2528 1111 2879 1181 prosequitur
2905 1149 2920 1172 ,
2970 1109 3165 1164 dicens
3200 1123 3234 1159 :-

235 1199 513 1269 Ἆδελεσός
529 1204 603 1255 οὐ
629 1202 978 1270 λυτρυῦται,
1011 1202 1381 1272 λυτρώσεται
1396 1203 1710 1271 ἅνθρωπος
1722 1223 1742 1270 ;

177 1291 336 1354 Ἐκεῖ,
362 1294 551 1360 φησὶν,
575 1292 695 1345 οὐδὲ
721 1292 951 1361 ἀδελφὸς
970 1291 1199 1347 δύναται
1226 1293 1613 1364 λυτρώσασθαι
1630 1298 1734 1365 τῆς

1921 1205 2089 1265 Vsus.
2134 1207 2189 1263 8.
2252 1206 2454 1264 Frater
2501 1225 2607 1262 non
2651 1209 2887 1269 redimit,
2961 1206 3177 1260 redimet
3227 1198 3433 1257 homo?

1847 1300 1989 1366 lllic,
2016 1301 2218 1371 inquit,
2252 1314 2430 1370 neque
2459 1300 2578 1371 ipse
2610 1301 2775 1355 etiam
2810 1301 2978 1354 frater
3015 1296 3282 1351 redimere
3318 1295 3431 1349 fra-

165 1382 452 1447 κολάσεως,
470 1385 498 1435 ό
511 1382 671 1450 φύσει
690 1383 967 1453 φίλτατος
986 1385 1020 1456 ἡ
1041 1385 1149 1454 γὰρ
1167 1386 1319 1455 ἰσχὺς
1341 1385 1434 1438 καὶ
1452 1385 1518 1439 τὰ
1532 1388 1735 1456 χρῆμα.

1862 1400 1990 1446 trem
2019 1399 2202 1463 potest
2237 1407 2267 1445 a
2294 1392 2588 1463 supplicio,
2634 1392 2826 1454 frater.
2873 1390 3118 1460 inquam,
3155 1387 3246 1457 qui
3296 1402 3430 1441 san-

162 1492 222 1527 τα
267 1476 338 1528 οὐ
366 1475 818 1530 συνδιαϐαίνουσι.
849 1477 958 1530 Kal.
992 1478 1041 1530 εἰ
1067 1476 1294 1545 ἀδελφὸς
1325 1478 1386 1530 οὗ
1419 1476 1733 1548 λυτροῦται,

161 1565 491 1635 λυτρώσεται
508 1568 825 1638 ἅνθρωποςς
850 1569 911 1622 τὸ
927 1569 1026 1640 μὲν
1042 1568 1175 1639 γὰρ,
1215 1568 1511 1639 Ἀδελφὸς
1533 1570 1605 1623 οὐ
1626 1572 1740 1623 ,ιυ-

160 1655 413 1724 τροῦται,
439 1659 579 1711 κατὰ
596 1658 872 1728 ἀπόφασιν
901 1660 1276 1724 ἀναγνωστέον
1296 1678 1311 1693 ·
1341 1660 1400 1713 τδ
1425 1659 1481 1713 δὲ
1507 1659 1738 1729 Λυτρώ-

158 1764 322 1803 σεται
351 1749 684 1818 ἄνθρωπος,
728 1751 871 1805 κατὰ
904 1752 1195 1822 ἐρώτησιν,
1234 1752 1371 1822 μετὰ
1407 1751 1731 1823 βαρύτητος.

157 1840 350 1894 Λοιπὸν
378 1837 473 1896 οὖν
527 1846 627 1897 οὐκ
670 1843 816 1897 ἔστιν
847 1846 967 1898 ἐκεῖ
994 1843 1288 1916 λύτρωσις.
1331 1844 1447 1898 ἀλλ’
1498 1843 1732 1898 ἐνταῦθα

1849 1478 2014 1547 guiue
2080 1478 2239 1535 nobis
2287 1479 2778 1549 coniunctissimus
2830 1488 2957 1534 est:
2989 1479 3134 1532 vires
3182 1476 3326 1531 enim
3374 1482 3429 1529 ct

1847 1566 2054 1623 divitia:
2109 1569 2241 1623 illuc
2298 1570 2588 1625 nobiscum
2634 1571 2839 1639 pariter
2894 1586 3002 1624 non
3050 1568 3425 1624 descendent:

1845 1660 1991 1732 quod
2019 1660 2062 1715 si
2090 1660 2262 1716 frater
2283 1678 2391 1716 non
2425 1662 2670 1726 redimit,
2702 1676 2809 1731 quo
2836 1668 2997 1732 pacto
3025 1660 3239 1714 alienus
3262 1659 3427 1712 homo

1842 1750 2184 1806 redemerit?
2231 1749 2405 1822 llujus
2439 1760 2621 1807 autem
2683 1750 2939 1806 versiculi
2990 1749 3158 1804 verba
3202 1745 3424 1802 divisim

1842 1841 2069 1912 legenda
2102 1852 2255 1909 sunt,
2285 1844 2359 1898 ita
2392 1852 2454 1898 ut
2506 1844 2758 1898 absolute
2815 1849 2869 1896 et
2918 1857 3042 1898 cum
3095 1840 3429 1894 determina-

156 1934 245 2003 χρὴ
258 1933 356 1986 διὰ
377 1936 666 2004 μετάνοιαν
720 1936 915 1990 ἑαυτόν
937 1953 1061 1990 τινα
1088 1935 1435 2008 λυτροῦσθαι.
1466 1936 1606 2007 Φησὶ
1629 1936 1735 2003 γὰρ

1866 1939 1993 1992 ione
2018 1938 2237 1991 dicatur
2261 1956 2275 1993 :
2316 1936 2511 1991 Frater
2541 1955 2645 1992 non
2671 1938 2879 1991 redimit
2904 1954 2923 2003 ;
2947 1943 3000 1991 et
3026 1941 3231 2006 puncto
3258 1932 3425 1997 facto,

157 2027 185 2095 ἡ
213 2025 407 2097 Γραφή
429 2041 446 2058 ⁸
486 2027 628 2082 Ἐὰν
649 2028 889 2098 ἀναστῇ
911 2029 1039 2083 Νῶε
1062 2029 1159 2084 καί
1203 2029 1326 2084 ’1ὼὸ
1352 2029 1449 2084 καί
1472 2028 1721 2099 Δανιὴλ,

157 2118 314 2182 υἰοὺς
332 2117 533 2173 αὐτῶν
555 2119 653 2174 καὶ
686 2119 1015 2190 θυγατέρας
1043 2122 1115 2175 οὐ
1148 2118 1236 2190 μὴ
1250 2121 1572 2187 ρύσονται.

1838 2027 2082 2083 Redimet
2118 2028 2275 2083 homo
2309 2031 2333 2084 ?
2371 2027 2769 2099 lnterrogativc
2817 2026 3180 2084 enuntianda.
3234 2025 3429 2081 Restat

1786 2194 1791 2199 ν
1837 2118 2027 2189 igitur,
2056 2128 2115 2172 ut
2137 2117 2286 2172 nulla
2318 2118 2428 2174 illic
2459 2120 2726 2190 speranda
2757 2119 2827 2175 sit
2857 2117 3153 2187 redemptio
3184 2134 3197 2170 :
3224 2128 3345 2169 cum
3370 2113 3426 2168 in

158 2213 404 2282 praesenti
434 2215 542 2267 vita
576 2214 912 2281 poenitentia:
943 2213 1198 2285 lacrymis
1227 2210 1438 2268 tantum
1477 2211 1941 2282 veniaitnretrari
1976 2210 2266 2281 possiLAit
2291 2210 2436 2267 enim
2466 2211 2595 2267 alibi
2644 2212 2923 2282 Scriptura
2954 2226 2967 2264 :
3006 2207 3066 2264 Si
3099 2207 3426 2271 surrexerint

160 2304 283 2368 Noe,
321 2303 445 2370 Job,
478 2312 529 2359 et
570 2303 784 2370 Daniel,
831 2305 975 2373 ﬁlios
1024 2321 1148 2360 suos
1193 2314 1245 2360 et
1293 2305 1436 2375 ﬁlias
1474 2320 1599 2359 suas
1638 2319 1744 2356 non
1772 2300 2093 2357 liberabant.

223 2400 307 2452 οὐ
355 2396 539 2451 δώσει
588 2396 667 2463 τῷ
722 2396 845 2464 Θεῷ
905 2398 1210 2467 ἐξίλασμα
1259 2396 1501 2452 ἑαυτοῦ.
1538 2395 1676 2451 Οὔτε
1710 2395 1739 2450 ό

1908 2393 2029 2448 Νοη
2050 2395 2196 2450 dabit
2228 2395 2334 2451 Deo
2354 2396 2709 2466 placationem
2735 2398 2837 2451 sui.
2871 2394 2978 2450 Nec
2998 2393 3192 2458 frater,
3221 2390 3423 2461 inquit.

161 2491 401 2561 ἁδελφὸς,
454 2489 578 2545 οὔτε
618 2494 645 2544 ό
686 2490 836 2556 ξένος
885 2491 1047 2546 δώσει
1086 2493 1202 2545 ἐκεῖ
1232 2491 1522 2562 ὲξίλασμα,
1570 2492 1735 2563 ἦγουν

1862 2500 1940 2542 tec
1968 2497 2268 2542 extraneus
2299 2488 2448 2558 quis,
2483 2487 2597 2543 illic
2635 2488 2769 2543 dare
2802 2487 3003 2557 poterit
3028 2484 3423 2557 piscationem,

161 2584 348 2655 λύτρον
382 2584 602 2650 ἑαυτοῦ,
628 2584 848 2638 κολάσει
878 2585 975 2638 καὶ
1006 2584 1171 2648 αὐτὸς
1195 2584 1272 2639 ὢν
1303 2584 1628 2649 ὑπεύθυνος.

222 2850 332 2907 Καὶ
365 2851 482 2918 τὴν
519 2850 697 2919 τιμὴν
732 2850 841 2919 τῆς
874 2849 1232 2919 λυτρὼσεως
1252 2850 1363 2919 τῆς
1400 2850 1609 2921 ψυχῆς
1637 2852 1744 2905 αὐ-

165 2945 285 3001 τοῦ.
316 2945 429 2998 Καὶ
466 2944 527 2996 οὐ
559 2942 722 2997 δώσει
759 2943 858 3014 τὴν
886 2944 1075 3015 τιμὴν,
1127 2944 1298 3016 ἦγουν
1329 2943 1595 3013 ἰξὼνησιν
1645 2944 1745 3012 τῆς

167 3036 475 3106 ὲλευθερέας
497 3036 662 3091 αὐτοῦ
681 3038 781 3107 τῆς
799 3037 977 3107 ψυχῆς
998 3054 1012 3068 ·
1037 3036 1215 3107 ψυχῆς
1262 3037 1371 3107 γὰρ
1397 3036 1744 3107 ἀνθρωπίνης

165 3128 269 3183 οὐδ’
295 3128 325 3180 ό
349 3127 558 3198 κόσμος
586 3127 705 3189 ὅλος
743 3126 1025 3190 ἀντάξιος·
1055 3127 1178 3180 ἐπεὶ
1207 3127 1298 3180 καὶ
1320 3128 1347 3179 ό
1371 3126 1562 3197 Σωτὴρ
1583 3125 1739 3196 ἡμῶν

170 3220 373 3291 μέλλων
397 3218 725 3290 λυτροῦσθαι
772 3218 873 3290 τὴν
903 3219 1253 3288 ἀνθρωπίνην
1277 3218 1478 3289 ψυχὴν,
1530 3220 1737 3289 αἰχμα-

168 3311 519 3367 λωτισθεῖσαν
552 3311 657 3365 ὑπὸ
708 3308 805 3364 τοῦ
843 3310 1113 3373 διαϐόλου,
1168 3310 1230 3363 οὐ
1256 3312 1360 3380 γῆν
1412 3310 1632 3373 ἔδωκεν,
1675 3311 1735 3364 οὐ

1837 2573 1945 2628 hoc
2006 2581 2115 2638 est,
2150 2575 2578 2645 redemptionem
2621 2575 2704 2631 sui
2734 2578 2940 2647 ipsius:
2976 2590 3097 2631 cum
3155 2575 3270 2644 ipse
3330 2586 3427 2642 po-

1837 2668 1946 2720 tius
2006 2672 2217 2739 pmnasﬁ
2252 2670 2459 2739 pariter
2530 2669 2763 2725 daturus
2809 2669 2881 2724 sit
2914 2709 2929 2734 ,
2968 2675 3157 2739 utpote
3184 2665 3426 2738 peccatis

1842 2759 2144 2814 obnoxius.

1912 2847 2079 2906 Vens.
2107 2850 2163 2915 9,
2202 2851 2387 2907 lO.'Et
2417 2853 2642 2921 pretium
2668 2854 3042 2924 redemptionis
3074 2854 3263 2907 auimre
3286 2866 3419 2906 sum.

1846 2941 1911 2996 Et
1940 2959 2048 2998 non
2099 2943 2251 2998 dabit
2280 2945 2519 3014 pretium
2561 2944 2976 3016 redemptionis,
3013 2944 3117 2999 hoc
3159 2951 3265 3007 est,
3308 2955 3417 2994 non

1844 3034 1996 3091 dabit
2022 3036 2452 3105 redemptionem
2480 3052 2581 3107 pro
2604 3038 2859 3094 libertate
2887 3038 3082 3093 animae
3104 3050 3220 3092 sua:
3244 3072 3262 3098 ,
3298 3048 3422 3087 cum

1844 3140 1945 3196 pro
1986 3127 2151 3182 unius
2213 3127 2453 3184 bominis
2480 3128 2663 3184 anima
2716 3129 3011 3184 universus
3062 3127 3228 3182 etiam
3273 3126 3449 3181 orbis

1845 3216 2123 3273 suﬂiciens
2169 3219 2403 3288 pretium
2451 3236 2560 3276 non
2606 3222 2679 3276 sit
2720 3239 2733 3275 :
2782 3220 2987 3290 quippe
3015 3234 3136 3271 rum
3172 3216 3424 3272 Salvator

1848 3318 2063 3372 noster,
2097 3311 2381 3367 hominum
2413 3313 2628 3367 animas
2655 3329 2685 3367 a
2711 3327 2856 3368 saevo
2878 3314 3124 3366 dmmone
3157 3311 3210 3364 iu
3249 3310 3425 3378 capti-

168 3404 459 3468 θὰλασσαν,
495 3404 561 3458 οὐ
601 3403 831 3474 κόσμον,
879 3402 1016 3456 ἀλλὰ
1041 3402 1101 3455 τὸ
1132 3402 1329 3455 ἑαυτοῦ
1360 3402 1542 3473 τίμιον
1575 3396 1735 3475 αἷμα.

1862 3404 2069 3459 ritatem
2104 3411 2258 3460 actas
2292 3405 2679 3477 redempturus
2709 3444 2725 3469 ,
2760 3414 2965 3460 terram
3025 3419 3137 3459 non
3187 3403 3425 3466 dederit,

168 3498 322 3551 Ποῖον
349 3492 446 3552 οὖν
474 3496 699 3567 εὑρήσει
723 3503 808 3559 τις
852 3494 969 3547 ἐκεῖ
997 3493 1194 3565 λύτρον
1231 3493 1417 3560 ἄξιονς
1453 3494 1594 3566 Ὅρα
1646 3497 1739 3549 καὶ

170 3585 302 3656 σοφὲ
335 3588 580 3658 ῥήματα,
608 3585 702 3638 καὶ
730 3585 950 3651 συνετὰ,
972 3585 1066 3639 καὶ
1095 3586 1497 3656 αἰνιγματώδη.

1850 3512 1960 3553 non
2015 3511 2167 3553 mare
2199 3537 2215 3565 ,
2261 3512 2369 3553 non
2412 3499 2592 3570 ipsum
2627 3500 2872 3570 denique
2899 3498 3112 3562 orbem.
3138 3497 3237 3553 sed
3263 3511 3425 3551 suum

1847 3603 1948 3659 pro
1999 3589 2157 3645 nobis
2226 3592 2691 3660 pretiosissimum
2753 3592 3079 3664 sanguinem
3146 3588 3429 3646 eti‘nderit.

169 3678 469 3743 Quamnam
502 3676 670 3747 igitur
692 3675 1131 3747 redemptionem
1154 3676 1265 3732 illic
1304 3676 1574 3747 quispiam
1609 3677 1863 3734 idoneam
1888 3680 2138 3738 invenire
2163 3684 2364 3752 poterit
2393 3684 2417 3738 ἲ
2449 3683 2533 3739 Tu
2625 3699 2756 3741 vero
2837 3684 2954 3755 ipsa
3041 3685 3206 3740 etiam
3276 3681 3413 3736 Pro-

172 3771 341 3839 pheta:
375 3768 541 3823 verba
570 3767 862 3824 considera
889 3806 905 3832 ,
936 3776 1199 3837 quantam
1239 3769 1734 3826 suboscurioribus
1764 3772 1953 3828 verbis
1990 3772 2318 3844 sapientiam
2351 3777 2688 3832 reconditam
2722 3776 2982 3833 habeant.

244 3861 607 3917 Ἐκοπίασεν
629 3862 717 3927 εἰς
744 3862 852 3915 τὸν
878 3860 1085 3926 αἰῶνα,
1121 3860 1220 3916 καί
1258 3860 1500 3929 ζήσεται
1527 3865 1615 3930 εἰς
1640 3861 1736 3917 τέ-

1918 3864 1983 3919 Et
2015 3866 2272 3922 laboravit
2309 3869 2365 3922 in
2402 3868 2676 3933 sarculum,
2710 3877 2763 3923 et
2793 3868 2925 3923 vivet
2975 3868 3031 3922 in
3069 3868 3249 3936 ﬁnem.
3282 3865 3422 3922 Cum

168 3960 294 4021 λος.
331 3954 736 4024 Καθαψὰμενος
759 3953 871 4007 τῶν
903 3955 1317 4026 ἀμετανοήτων,
1353 3955 1618 4027 τρέπεται
1641 3955 1735 4010 καὶ

1862 3959 2135 4028 )upugerit
2162 3959 2434 4030 Propheta
2479 3975 2574 4016 eos
2596 3959 2690 4030 qui
2742 3959 3130 4030 pmnitentiam
3159 3973 3267 4013 non
3297 3972 3425 4027 ege-

173 4047 304 4117 πρδς
330 4047 454 4108 τοὺς
486 4043 906 4112 μιτανοοῦντας,
957 4045 1055 4098 καὶ
1082 4048 1396 4118 παρηγορεῖ
1442 4048 1535 4101 τὸν
1568 4047 1739 4101 κόπον

170 4139 265 4205 τῆς
306 4135 594 4206 μετανοίας
614 4137 736 4197 ταῖς
773 4134 957 4189 ἐλπίσι
986 4134 1081 4189 τοῦ
1119 4137 1425 4207 μέλλοντος.
1472 4137 1588 4192 Καὶ
1609 4138 1738 4191 ἑκο-

173 4229 352 4295 uiuos,
394 4226 579 4298 φησιν,
613 4228 694 4291 εἰς
713 4227 806 4281 τὸν
834 4226 1010 4282 αἰῶνα
1042 4227 1232 4282 τοῦτον
1262 4230 1292 4282 ό
1324 4230 1620 4299 μετανοῶν,
1645 4230 1741 4283 καὶ

171 4318 351 4371 λοιπὸν
377 4319 603 4388 ζήσεται
642 4317 966 4380 διαπαντός’
1004 4316 1166 4371 τοῦτο
1202 4318 1312 4388 γὰρ
1344 4319 1429 4383 τὸ,
1480 4320 1741 4387 Ζήσεται

168 4413 257 4476 εἰς
312 4410 503 4476 τέλος.
531 4409 687 4480 Ζωήν
715 4408 774 4463 δὲ
803 4408 952 4477 λέγει
1002 4409 1099 4481 τὴν
1131 4410 1338 4480 κυρίως
1367 4411 1459 4465 καὶ
1502 4411 1700 4466 ἄπονον
1726 4426 1739 4439 ο

171 4506 205 4571 ἡ
231 4504 341 4575 γὰρ
369 4504 621 4569 ἐνταῦθα,
646 4500 1121 4575 καταχρηστικῶς,
1137 4505 1213 4570 ὡς
1227 4506 1576 4577 παραδίδοται
1599 4506 1738 4577 (75).

171 4594 331 4658 Τέλος
356 4594 412 4649 δὲ
443 4596 656 4666 νοήσεις
686 4595 780 4649 καὶ
803 4593 898 4649 τὸν
929 4594 1195 4665 μέλλοντα
1222 4598 1392 4652 αἰῶνα
1411 4615 1426 4631 ο
1459 4596 1609 4662 τέλος
1633 4599 1740 4669 γὰρ

172 4685 375 4750 ἰκτῖνος
398 4684 493 4739 τοῦ
525 4685 816 4758 παρόντος.

1843 4057 1973 4104 runt
2010 4049 2065 4104 in
2092 4051 2347 4119 praesenti
2375 4051 2483 4105 vita
2506 4091 2520 4116 ,
2548 4067 2694 4106 nunc
2727 4051 2795 4105 ad
2831 4050 3162 4121 praenitentes
3194 4056 3447 4104 conrer-'

1851 4142 2009 4205 titur,
2039 4151 2093 4196 ct
2123 4141 2431 4197 futurorum
2462 4156 2579 4212 spe,
2622 4142 2962 4211 paenitentia:
2982 4142 3266 4198 molestias
3293 4153 3428 4194 con-

1849 4232 2081 4286 solatur.
2110 4232 2179 4287 Et
2203 4233 2493 4299 laboravit,
2528 4234 2730 4304 inquit,
2769 4239 2824 4289 in
2858 4235 3122 4290 sarculum
3157 4234 3261 4287 hoc
3292 4245 3428 4301 prat-

1850 4340 1999 4389 seus,
2045 4324 2137 4378 ille
2169 4326 2425 4379 nimirum
2460 4326 2553 4395 qui
2586 4325 2961 4394 pmitentiam
2993 4324 3108 4393 agit
3140 4331 3236 4377 :et
3268 4321 3424 4374 dein-

1851 4431 1981 4486 ceps
2014 4418 2178 4471 etiam
2230 4417 2376 4470 vivet
2418 4426 2703 4487 perpetuo.
2752 4415 2870 4470 Hoc
2910 4414 3055 4469 enim
3114 4412 3427 4481 signiﬁcant

1852 4507 2016 4563 verba
2057 4507 2144 4560 illa
2173 4526 2186 4561 :
2234 4506 2376 4561 Vivet
2414 4509 2468 4561 in
2493 4508 2671 4577 ﬁnem.
2706 4507 2885 4563 Vitam
2912 4513 3091 4559 autem
3114 4519 3234 4560 eam
3267 4504 3427 4568 dicit,

1852 4611 1977 4667 quae
2030 4598 2253 4668 proprie
2295 4599 2406 4652 vita
2452 4605 2560 4664 est,
2600 4607 2655 4652 et
2710 4598 2829 4653 sine
2881 4597 3089 4651 labore.
3128 4597 3234 4651 Ista
3277 4594 3427 4650 enim

1852 4704 2094 4761 praesens
2123 4689 2418 4759 improprie
2439 4690 2549 4744 vita
2563 4689 2788 4754 dicitur,
2820 4696 2882 4743 ut
2902 4688 3031 4744 alibi
3058 4687 3423 4743 tradidimus:

1853 4796 1951 4851 per
1984 4780 2145 4835 linem
2206 4797 2337 4835 vero
2379 4781 2627 4838 futurum
2670 4782 2934 4838 saeculum
2977 4781 3223 4853 iutellige
3253 4822 3269 4847 ,
3310 4795 3424 4842 quo

1853 4888 2094 4942 praesens
2131 4873 2393 4930 saeculum
2425 4875 2773 4931 terminatur.

237 4955 354 5010 Οὐκ
374 4955 584 5026 ὄψεται
614 4960 1019 5027 καταφθορὰν,
1046 4958 1194 5013 ὅταν
1215 4959 1313 5027 ἴδῃ
1342 4960 1577 5028 σοφοὺς
1598 4961 1735 5017 ἀπο-

1923 4961 2089 5018 Vsus.
2130 4963 2212 5018 ll.
2257 4962 2382 5018 Non
2412 4962 2599 5018 videbit
2624 4963 3009 5033 corruptionem
3037 5001 3052 5025 ,
3090 4977 3206 5016 cum
3238 4959 3429 5012 viderit

176 5044 566 5116 θνήσκοντας.
629 5049 690 5104 ’0
720 5050 964 5113 τοιοῦτος
1009 5050 1576 5123 πεπληροφορημένος
1612 5053 1735 5123 περὶ

1862 5058 2118 5126 sapientes
2175 5057 2478 5112 morientes.
2552 5056 2876 5127 llujusmodi
2944 5056 3105 5109 homo
3137 5095 3153 5117 ,
3211 5052 3302 5119 qui
3357 5050 3433 5105 de

177 5137 273 5207 τῆς
302 5140 599 5213 μελλούσης
652 5142 913 5214 κρίσεως,
960 5143 1090 5199 ὅταν
1142 5145 1226 5215 ἴδῃ
1273 5145 1402 5207 τοὺς
1441 5147 1641 5214 σοφοὺς
1677 5146 1747 5200 τὰ

179 5230 314 5295 θεῖα,
344 5233 459 5304 ἦτοι
489 5233 618 5298 τοὺς
657 5233 947 5304 ἐναρέτους
990 5234 1461 5307 ἀποθνήσκοντας,
1515 5240 1578 5291 οὐ
1604 5237 1746 5303 δόξει

182 5319 385 5390 βλέπει-ν
411 5324 768 5395 καταφθορὰν
793 5326 876 5389 εἰς
921 5323 983 5380 τὸ
1018 5325 1212 5396 μηκέτ’
1234 5323 1373 5381 εἶναι
1397 5368 1412 5394 ,
1451 5327 1569 5381 ἀλλ’
1594 5327 1749 5382 ἐναλ-

179 5410 341 5485 λαγὴν
383 5415 491 5469 ἀπὸ
537 5415 746 5486 φθορᾶς
772 5416 853 5479 εἰς
893 5416 1227 5487 ἀφθαρσίαν.
1275 5419 1346 5472 Ἢ
1370 5416 1465 5472 καὶ
1498 5419 1628 5473 ὅταν
1657 5419 1743 5490 ῐδῃ

176 5502 298 5569 τοὺς
318 5507 510 5575 σοφοὺς
538 5506 609 5559 τὰ
627 5506 835 5576 μάταια
865 5507 1330 5578 ἀποθνήσκοντας,
1361 5510 1423 5563 οὗ
1452 5509 1595 5578 δόξει
1629 5510 1744 5582 βλέο

184 5608 299 5650 πειν
322 5596 673 5667 καταφθορὰν
695 5597 946 5670 σώματος
968 5599 1103 5671 ἐμοῦ
1139 5602 1232 5655 καὶ
1255 5600 1455 5674 ψυχῆς,
1481 5601 1557 5667 ὡς
1590 5603 1747 5658 αὐτοὶ

1853 5148 2041 5205 futuro
2099 5149 2307 5218 judicio
2349 5157 2536 5206 certus
2588 5160 2696 5214 est,
2729 5165 2850 5204 cum
2900 5147 3096 5202 viderit
3144 5143 3435 5213 sapientes

1849 5245 2000 5315 viros
2062 5258 2127 5298 ac
2166 5244 2371 5299 virtute
2419 5243 2680 5316 praeditos
2732 5243 2896 5304 mori,
2936 5256 3042 5294 non
3086 5235 3433 5291 existimabit

1850 5351 1912 5393 se
1946 5338 2355 5408 corruptionem
2373 5350 2561 5392 eorum
2588 5335 2790 5397 videre,
2813 5347 2931 5388 eam
2960 5330 3085 5385 dico
3111 5326 3428 5396 corruptio-

1857 5443 2004 5492 nem,
2034 5444 2141 5499 qua
2171 5430 2407 5499 amplius
2443 5427 2612 5484 futuri
2643 5440 2753 5482 non
2780 5432 2909 5482 sunt
2943 5442 2956 5478 :
2991 5422 3240 5493 quinimo
3271 5420 3422 5475 arbi-

1855 5519 2093 5575 trabitur
2121 5536 2181 5576 se
2199 5519 2635 5574 immutationem
2665 5516 2849 5573 videre
2868 5531 2899 5569 a
2927 5514 3104 5584 fragili
3139 5514 3240 5567 hac
3260 5521 3314 5569 et
3339 5526 3435 5566 οι·-

1854 5604 1998 5663 duca
2026 5608 2137 5665 vita
2160 5609 2225 5666 ad
2252 5608 2501 5666 stabilem
2525 5605 2816 5679 quamdam
2842 5614 2897 5661 et
2922 5605 3313 5675 incorruptam.
3337 5597 3434 5656 Vel

1524 5782 1730 5846 Variae
1773 5782 2108 5850 lectiones.

254 5875 361 5950 (75)
387 5878 473 5935 Al.
497 5881 1105 5956 προπαραδεδώκαμιν.
