3806 6546
444 445 552 512 535

1664 459 2049 522 EUTIIYMII
2092 462 2458 531 ZIGABENI
3584 480 3655 547 5⁸16

445 572 548 629 cet,
579 562 685 619 hoc
734 571 840 628 est,
871 563 1112 621 Prorsus
1149 565 1242 621 (iet
1302 567 1515 628 inutile.
1572 571 1708 626 Nam
1742 574 1889 644 quod
1922 591 2018 628 vc-

2139 577 2259 646 ῖδῃ.
2312 613 2384 623 -
2433 587 2926 652 Παλαιωθήσεται
2957 628 2971 652 ,
3023 589 3147 642 ἀντὶ
3224 589 3359 652 τοῦ,
3437 588 3653 660 ἄχρηστος

445 665 655 710 tustum
719 665 825 720 est,
880 657 1070 714 inutile
1117 674 1241 716 esse
1295 672 1554 718 censetur
1589 683 1602 719 :
1636 665 1784 734 quod
1839 676 2018 720 autem

445 748 579 803 utile
613 763 718 804 non
756 757 864 814 est,
891 751 1050 818 quasi
1093 751 1206 822 jam
1246 769 1356 808 non
1392 755 1488 822 sit,
1520 756 1802 826 abjicitur.
1834 757 2018 814 Conli-

443 838 648 894 debant
679 840 778 905 illi,
816 841 1010 912 inquit,
1055 844 1108 898 in
1137 845 1454 902 divitiarum
1505 857 1668 918 atque
1716 851 2016 905 amicorum

442 930 601 1002 copia
661 949 675 984 :
725 948 847 1002 quae
906 935 959 989 in
1000 935 1216 992 inferno
1281 951 1373 993 aut
1435 941 1581 994 nulla
1653 950 1747 995 ant
1804 942 2018 998 inutilis

441 1023 568 1080 erit.
621 1025 736 1081 Illic
767 1027 915 1082 enim
973 1030 1293 1086 huiusmodi
1344 1047 1455 1087 non
1500 1032 1869 1088 admittuntur
1919 1050 2018 1089 au-

443 1115 596 1172 xilia.

511 1209 554 1260 Δ
589 1208 763 1279 gloria
787 1227 886 1264 sua
929 1213 1136 1282 expulsi
1167 1225 1308 1268 sunt.
1353 1213 1468 1270 Non
1512 1216 1626 1271 haec
1677 1228 1890 1273 tantum
1939 1219 2020 1274 eis

442 1299 784 1368 acciderunt,
817 1301 947 1372 quia
987 1303 1166 1360 brutis
1213 1321 1290 1361 se‘
1324 1305 1540 1363 similes
1569 1308 1878 1372 reddidere,
1929 1327 2020 1365 ve-

443 1406 564 1445 rum
591 1401 646 1446 et
672 1394 954 1464 propriam
997 1397 1299 1453 amiserunt
1333 1399 1590 1469 gloriam,
1624 1401 1697 1456 ob
1725 1418 1888 1472 quam
1918 1403 2017 1473 ipsi

442 1485 674 1552 periere.
721 1486 950 1548 Summo
975 1492 1120 1544 enim
1157 1491 1345 1547 studio
1402 1495 1751 1561 tenebantur,
1804 1504 1860 1548 ut
1904 1513 2018 1552 me-

443 1580 674 1634 moriam
717 1582 821 1637 sibi
859 1582 1040 1638 laudis
1090 1595 1375 1657 pararent.
1435 1587 1623 1658 Neque
1677 1590 1839 1643 modo
1877 1590 2018 1645 hanc

443 1668 773 1736 amiserunt,
829 1673 923 1727 sed
958 1682 1013 1726 et
1056 1675 1286 1745 insuper
1340 1678 1643 1747 ignmninia
1689 1688 1902 1734 tantum
1956 1696 2018 1737 ac

444 1760 658 1827 probris
689 1761 962 1818 celebrem
991 1765 1137 1818 illum
1174 1767 1542 1838 reliquerunt.

514 1850 683 1907 Vens.
719 1856 805 1910 16.
877 1856 1247 1914 Verumtamen
1316 1861 1453 1917 Deus
1515 1864 1734 1919 redimet
1781 1868 2018 1920 animam

452 1961 625 1998 meant
658 1946 723 2001 de
751 1963 910 2002 manu
939 1949 1158 2019 inferni,
1189 1968 1306 2005 cum
1341 1957 1596 2024 acceperit
1634 1974 1734 2010 me.
1794 1956 1918 2014 llaec
1955 1959 2023 2016 de

443 2039 645 2093 Chris'i
676 2041 1053 2097 incarnatione
1081 2045 1336 2113 prmdicta
1369 2057 1497 2101 sunt
1529 2056 1578 2101 et
1612 2049 1678 2102 de
1711 2051 2018 2106 animarum

445 2128 796 2198 liberatione,
827 2151 948 2204 qua:
983 2146 1114 2190 tunc
1150 2139 1202 2190 in
1245 2139 1463 2194 inferno
1521 2153 1700 2196 erant.
1749 2142 2020 2210 lledimet,

445 2221 640 2288 inquit,
674 2225 911 2280 animam
949 2243 1148 2293 meam,
1191 2231 1416 2298 quando
1449 2247 1543 2300 per
1575 2233 2015 2291 incarnationem

448 2330 527 2367 me
559 2316 662 2368 sibi
706 2317 761 2370 in.
783 2317 1124 2375 domicilium
1153 2323 1450 2392 acceperit.

515 2424 678 2482 Vens.
723 2429 806 2492 l7,
841 2429 922 2484 l8.
962 2429 1045 2486 Ne
1076 2432 1317 2489 timueris
1354 2451 1471 2488 cum
1508 2437 1650 2493 dit-es
1689 2441 1868 2507 factus
1900 2448 2018 2510 [ue-

440 2517 512 2571 rit
545 2518 723 2586 horno,
758 2531 850 2575 aut
880 2539 996 2577 cum
1031 2525 1390 2595 multiplicata
1418 2529 1583 2597 fuerit
1628 2531 1802 2601 gloria
1833 2523 2020 2588 domus

444 2611 578 2680 ejus,
609 2615 884 2682 quoniam,
918 2634 1035 2671 cum
1056 2620 1336 2688 interierit,
1369 2641 1470 2678 non
1503 2635 1672 2678 sumet
1703 2628 1904 2692 omnia,
1929 2645 2020 2682 ne-

443 2721 541 2775 que
565 2706 843 2762 descendet
878 2726 999 2765 cum
1031 2728 1089 2766 eo
1119 2714 1293 2784 gloria
1353 2717 1490 2785 ejus.
1547 2717 1620 2772 De
1685 2719 1891 2782 iniusto
1927 2721 2022 2775 lio-

446 2797 594 2854 mine
644 2814 958 2857 sermonem
989 2803 1151 2860 habet
1178 2805 1420 2878 [tametsi
1453 2809 1773 2880 simpliciter
1803 2812 1871 2867 de
1917 2812 2018 2866 ho-

445 2891 594 2946 mine
639 2891 793 2964 loqui
841 2895 1138 2969 videatur].
1182 2900 1260 2955 Ne
1321 2899 1608 2969 l‘ormides,
1670 2904 1869 2974 inquit,
1929 2916 2022 2960 aut

443 2984 652 3054 cogites
701 2988 848 3058 quod
903 2989 1138 3046 humana
1204 2995 1346 3049 Deus
1393 3010 1499 3050 non
1565 2998 1815 3068 aspiciat.
1875 2997 2020 3053 Nihil

443 3081 590 3132 enim
623 3095 811 3135 eorum
846 3081 1142 3141 descendet
1168 3103 1292 3142 cum
1337 3089 1430 3144 illo
1460 3089 1514 3144 in
1554 3089 1837 3148 lnl‘ernum
1871 3112 1881 3147 :
1923 3095 2016 3148 sed

445 3169 630 3226 nudus
653 3171 826 3228 abibit
867 3176 1078 3232 relictis
1110 3179 1389 3236 omnibus.
1425 3180 1669 3236 Gloriam
1699 3194 1881 3238 autem
1915 3185 2019 3240 do—

2127 673 2302 738 ἔσται,
2361 677 2660 740 τουτέστιν,
2705 679 2805 732 οὐκ
2859 679 3038 735 ἔσται.
3081 682 3155 735 Τὸ
3189 682 3423 752 μὲνγὰρ
3452 683 3651 748 παλαιὸν,

2127 764 2434 834 ἄχρηστονσ
2468 768 2528 820 τὸ
2585 767 2630 822 δ’
2655 769 2952 840 ἄχρηστον,
3015 772 3118 842 ἥδη
3183 773 3259 842 μὴ
3312 773 3394 827 δν.
3442 772 3655 848 Ἐθάῥρτι-

2129 873 2251 921 σαν,
2307 861 2459 930 φησὶ,
2496 864 2561 931 τῇ
2596 861 2822 933 βοηθείᾳ.
2861 863 2956 916 τοῦ
2985 863 3219 917 πλούτου
3253 869 3350 918 καὶ
3371 865 3482 917 τῶν
3513 868 3654 934 φῦλον,

2124 951 2246 1020 ἥτις
2277 951 2334 1004 ἐν
2363 953 2440 1023 τῷ
2464 953 2566 1026 ᾅδῃ
2591 955 2651 1008 ού
2682 958 3071 1026 χρησιμεύσει,
3106 959 3243 1010 διότι
3291 958 3390 1010 υύκ
3433 957 3546 1011 ἔστι
3569 977 3655 1014 συν-

2125 1045 2495 1101 διαϐαίνουσα.

2211 1230 2313 1283 Ἐκ
2373 1229 2482 1296 τῆς
2527 1229 2714 1295 δόξης
2771 1229 2973 1284 αὐτῶν
3026 1230 3414 1297 ἐξώσθησαν.
3468 1231 3570 1283 Καὶ
3616 1234 3655 1285 0'3

2127 1320 2299 1375 ταῦτα
2327 1322 2664 1376 πεπόνθασιν
2718 1324 2966 1394 ἑλόμενοι
3001 1323 3100 1393 τὴν
3135 1322 3382 1391 ἀλογίαν,
3441 1323 3570 1376 ἀλλὰ
3595 1331 3658 1376 καὶ

2126 1414 2226 1482 τὴν
2270 1413 2429 1477 δόξαν
2479 1413 2790 1482 ἀπώλεσαν,
2859 1414 2928 1467 δι’
2979 1415 3047 1484 ἦν
3095 1415 3204 1485 ἄρα
3248 1413 3346 1467 καὶ
3399 1412 3656 1469 ἀπώλοντο.

2139 1507 2515 1562 Ἐσπούδασαν
2573 1510 2671 1578 μὲν
2719 1508 2828 1580 γὰρ
2879 1508 3102 1579 μνήμην
3133 1507 3360 1559 ἐπαίνου
3383 1504 3659 1559 καταλιπεῖν

2126 1601 2341 1664 ἑαυτοῖς
2366 1615 2380 1628 ’
2409 1600 2686 1655 ἀπέϐαλον
2710 1599 2766 1654 δὲ
2798 1600 2892 1653 καὶ
2926 1598 3150 1668 ταύτην,
3191 1597 3224 1666 ἦ
3257 1594 3656 1668 ἀμαυρωθείπαν,

2126 1692 2157 1761 ἤ
2209 1691 2302 1745 καὶ
2337 1691 2416 1754 είς
2439 1692 2609 1762 ψόγον
2646 1691 3259 1761 ἀντιπεριχωρήσασαν.

2197 1866 2372 1935 Πλὴν
2401 1871 2432 1922 ό
2475 1866 2622 1932 Θεὸς
2662 1864 3037 1935 λυτρώσεται
3061 1863 3179 1932 τὴν
3213 1861 3431 1933 ψυχήν
3467 1878 3579 1931 μου
3611 1865 3657 1919 ἐκ

2126 1964 2324 2030 χειρὸς
2355 1960 2526 2028 ᾅδου,
2553 1959 2702 2012 ὅταν
2735 1957 3012 2029 λαμϐάνῃ
3031 1974 3130 2028 με.
3159 1955 3480 2028 Προφητεία
3508 1955 3656 2008 τοῦτο·

2129 2055 2255 2126 περί
2290 2071 2346 2106 τε
2405 2057 2502 2123 τῆς
2557 2051 3030 2121 ὲνανορωπήσεως
3079 2049 3172 2103 τοῦ
3236 2047 3402 2113 Θεοῦ,
3465 2047 3558 2101 καὶ
3592 2053 3658 2118 τῆς

2126 2147 2441 2217 ἐλευθερίας
2467 2145 2576 2198 τῶν
2599 2147 2656 2198 ὲν
2695 2143 2797 2216 ᾅδῃ
2841 2141 3054 2213 ψυχῶν.
3122 2139 3502 2212 Δυτρὼσεται,
3546 2141 3657 2209 φησὶ,

2125 2242 2222 2312 τὴν
2245 2241 2427 2310 ψυχήν
2461 2257 2588 2310 μου,
2615 2239 2744 2292 ὅταν
2778 2236 3035 2307 λαμϐάνῃ
3097 2252 3165 2304 με
3195 2227 3350 2286 οἷκον
3399 2231 3568 2300 ἑαυτῷ
3599 2232 3658 2287 διὰ

2125 2334 2223 2404 τῆς
2254 2333 2752 2403 ὲνςινθρωπήσεως.

2199 2455 2292 2519 Μὴ
2317 2451 2530 2520 φοϐοῦ,
2580 2451 2728 2504 ὅταν
2761 2447 3085 2514 πλουτήσῃ
3116 2447 3462 2512 ἅνθρωπος,
3495 2441 3530 2509 ἦ
3557 2441 3659 2494 ὅταν

2125 2519 2449 2615 πλὴθυνθῇ
2482 2547 2518 2614 ἠ
2547 2543 2697 2608 δόξα
2755 2543 2860 2596 τοῦ
2901 2542 3073 2596 οἴκου
3121 2539 3331 2600 αὐτοῦ,
3359 2536 3452 2589 ὅτι
3488 2537 3586 2588 οὐκ
3613 2534 3659 2585 ἐν

2123 2643 2204 2706 τῷ
2231 2639 2647 2705 ἀποθνήσκειν
2688 2637 2875 2690 αὑτὸν
2927 2634 3190 2702 λήψεται
3217 2632 3288 2686 τὰ
3321 2629 3535 2692 πάντα,
3557 2626 3659 2680 οὐδὲ

2123 2732 2647 2802 συγκαταϐήσεται
2679 2729 2840 2794 αὐτῷ
2868 2729 2905 2794 ἡ
2934 2727 3086 2790 δόξα
3121 2723 3334 2780 αὐτοῦ.
3381 2722 3657 2790 Ἄνθρωπον

2124 2827 2536 2895 ἐνταῦθαιλέγει,
2557 2825 2649 2878 τὸν
2679 2825 2884 2878 ἄδικον.
2915 2823 3006 2892 Μὴ
3029 2820 3296 2890 πτοηϐᾒς,
3323 2816 3507 2885 φησιν,
3529 2815 3590 2874 ὡς
3606 2814 3659 2882 μὴ

2122 2919 2424 2990 ἐφορῶντος
2449 2917 2540 2970 τοῦ
2573 2915 2708 2969 Θεοῦ
2733 2914 2801 2968 τὰ
2823 2912 3160 2981 ἀνθρώπινα·
3182 2908 3339 2962 οὐδὲν
3372 2906 3478 2976 γὰρ
3500 2903 3660 2956 τούτων

2125 3009 2605 3080 συγκαταϐήσεται
2635 3007 2784 3078 αὐτῷ
2807 3008 2887 3070 εἰς
2925 3005 3082 3078 ᾅδην,
3122 3003 3260 3056 ἀλλὰ
3317 2999 3521 3069 γυμνὸς
3564 2998 3660 3048 πάνυ

2123 3123 2230 3158 των
2269 3102 2654 3157 ἀπελεύσεται.
2721 3100 2888 3164 Δόξαν
2912 3099 2968 3152 δὲ
2997 3097 3190 3160 εἰπὼν,
3217 3095 3372 3163 λέγει
3400 3094 3496 3162 τὴν
3522 3106 3657 3160 μετα·

2121 3197 2370 3267 λωσύνην
2399 3236 2415 3260 ,
2463 3194 2555 3248 τὸν
2605 3195 2810 3262 ὄγκον,
2855 3193 2952 3263 τὴν
3008 3191 3393 3262 περιφάνειαν.
3450 3184 3551 3256 (73)
3607 3181 3659 3236 'H

444 3277 588 3326 mus,
623 3265 1082 3334 magniﬁcentiam
1106 3285 1202 3326 seu
1233 3271 1431 3326 fastum
1461 3274 1699 3344 appellat
1730 3283 1783 3331 et
1804 3278 2016 3332 vivendi

2139 3291 2278 3356 ’δόξα
2299 3265 2406 3343 τοῦ
2428 3287 2602 3341 οἴκου
2632 3283 2840 3340 αὑτοῦ·
2857 3284 2983 3350 δόξα
3006 3281 3106 3352 μὲν
3137 3282 3313 3342 οἴκου,
3351 3279 3520 3332 στοαὶ.
3543 3273 3660 3341 περί-

446 3355 782 3426 superbiam.
819 3358 918 3415 Vel
955 3360 1120 3417 aliter
1161 3380 1176 3418 :
1224 3363 1410 3419 Gloria
1451 3366 1640 3420 domus
1675 3369 1865 3432 ipsius,
1923 3369 2022 3424 do-

445 3465 572 3506 mus
600 3461 728 3508 sunt
758 3465 1106 3522 ornamenta,
1142 3466 1199 3513 ut
1225 3461 1489 3530 porticus,
1526 3462 2023 3530 deambulationes,

447 3561 639 3605 aurata
697 3558 863 3612 tecta,
915 3551 1316 3620 pavimentum,
1356 3555 1613 3608 animalia
1660 3557 1769 3610 illic
1825 3556 2027 3628 lapillis

447 3639 726 3708 distincta,
755 3649 934 3711 prata,
959 3639 1125 3706 horti,
1154 3657 1438 3699 servorum
1465 3659 1679 3716 greges.
1707 3657 2026 3717 sumptuosa

447 3732 712 3802 supellex,
766 3739 819 3786 et
851 3747 1003 3797 vasa,
1041 3741 1136 3788 aut
1162 3733 1205 3789 si
1246 3735 1377 3804 quid
1401 3735 1547 3790 aliud
1598 3737 1865 3807 ejusmodi
1922 3751 2025 3795 est.

447 3823 633 3880 Gtoria
669 3834 850 3880 autem
883 3827 1155 3897 corporis,
1215 3826 1479 3883 fortitudo
1510 3838 1616 3896 est,
1655 3832 2026 3900 pulchritudo.

447 3928 501 3973 et
528 3918 854 3988 proceritas.
901 3918 1086 3974 Gloria
1119 3935 1252 3977 vero
1287 3921 1505 3988 animae,
1533 3922 1648 3978 sola
1694 3924 1892 3980 virtus.
1926 3927 2030 3982 Re-

448 4019 559 4066 stat
607 4011 797 4081 igitur,
841 4019 900 4066 ut
930 4011 1094 4067 verba
1130 4013 1217 4067 illa
1269 4013 1551 4084 Propheta:
1583 4032 1596 4068 :
1633 4014 1817 4071 Omnis
1853 4019 2028 4088 gloria

449 4101 696 4166 hominis,
734 4103 868 4156 sicut
897 4102 1077 4167 herba,
1113 4104 1191 4158 vel
1218 4106 1353 4160 sicut
1378 4106 1476 4175 ﬂos
1524 4105 1717 4174 herba,
1746 4107 1812 4163 de
1837 4124 2032 4180 c0rpo-

448 4196 530 4253 ris
553 4196 727 4265 gloria
759 4196 904 4252 dicta
940 4213 1064 4254 esse
1099 4199 1494 4272 intelligantur.

523 4307 691 4368 Vens.
731 4311 818 4367 l9.
870 4311 1144 4379 Quoniam
1207 4315 1388 4369 anima
1441 4316 1558 4383 ejus
1600 4317 1653 4370 in
1703 4317 1814 4370 vita
1862 4317 2030 4384 ipsius

451 4404 802 4460 benedicetur.
833 4405 954 4476 ipse
979 4406 1126 4460 enim
1156 4405 1287 4462 dum
1320 4407 1522 4464 vixerit
1561 4409 1756 4463 beatus
1793 4408 2027 4473 dicetur,

449 4503 504 4552 et
534 4495 850 4553 laudabitur
876 4501 944 4553 ab
973 4498 1063 4565 iis,
1087 4499 1180 4570 qui
1211 4500 1486 4570 ignorant,
1525 4515 1774 4571 quamam
1809 4501 1877 4554 sit
1904 4517 2029 4556 vera

2129 3401 2313 3446 πατοι,
2347 3379 2582 3453 χρυσοῦς
2605 3378 2826 3448 ὄροφος,
2862 3377 3078 3445 ἔδαφος,
3103 3375 3219 3439 ζῶα
3274 3372 3472 3440 ψηφῖσι
3503 3367 3662 3436 διηνθι-

2131 3478 2332 3547 σμένα,
2375 3473 2660 3545 λειμῶνες,
2723 3470 3066 3541 παράδεισοι,
3101 3462 3456 3536 ἀνδραπόδων
3491 3459 3659 3526 ἀγέλαι,

2132 3566 2399 3635 πολυτελῆ
2451 3563 2678 3623 ἔπιπλα,
2729 3565 2824 3613 καὶ
2880 3557 3073 3625 σκεύη,
3133 3558 3230 3610 καὶ
3257 3554 3312 3608 εἷ
3343 3572 3397 3606 τι
3423 3551 3659 3604 τοιοῦτον·

2128 3660 2258 3727 δόξα
2282 3659 2338 3712 δὲ
2367 3657 2624 3728 σώματος
2657 3655 2755 3725 μὲν
2777 3650 3092 3724 ἀνθρώπου,
3128 3651 3317 3719 ῥώμη,
3345 3647 3439 3701 καὶ
3486 3644 3661 3703 καλλος.

2130 3753 2225 3806 καὶ
2257 3750 2511 3822 μέγεθος,
2578 3750 2669 3802 καὶ
2699 3747 2767 3800 τὰ
2819 3745 3043 3799 τοιαῦτα
3065 3759 3078 3774 ο
3110 3743 3240 3806 δόξα
3273 3741 3333 3793 δὲ
3361 3739 3551 3809 ψυχῆς.
3591 3735 3662 3804 μόο

2131 3864 2220 3900 νον
2250 3848 2280 3914 ἡ
2311 3843 2479 3914 ἀρετή
2501 3859 2512 3872 ·
2543 3842 2729 3894 λοιπὸν
2751 3839 2844 3893 οὖν
2875 3840 2934 3890 τὸ
2963 3855 2976 3869 ο
3001 3836 3172 3893 Πᾶσα
3196 3835 3349 3895 δόξα
3374 3827 3662 3896 ἀνθρώπου.

2130 3942 2209 4006 ὡς
2231 3941 2467 4008 χόρτος.
2495 3937 2533 4004 ἢ
2557 3937 2637 4002 ὠς
2659 3935 2837 3996 ἄνθος
2864 3930 3238 4001 χόρτου,περὶ
3261 3929 3362 3998 τῆς
3393 3921 3662 3994 σωματικῆς
3741 3967 3746 3972 ,

2132 4033 2362 4102 νοοῦμεν
2398 4028 2653 4100 εἰρῆσθαι
2675 4026 2852 4096 δόξης.

2204 4324 2332 4376 Ὅτι
2361 4323 2400 4390 ἠ
2432 4320 2604 4392 ψυχὴ
2631 4319 2820 4375 αὑτοῦ
2854 4319 2924 4372 ἐν·
2953 4316 3026 4386 τῇ
3050 4316 3163 4385 ζωῇ
3181 4315 3372 4371 αὑτοῦ
3387 4306 3666 4399 εὐλογηθή-

2133 4433 2322 4472 σεται.
2381 4417 2488 4469 Καὶ
2546 4414 2656 4485 γὰρ
2714 4411 2878 4476 αὐτὸς
2935 4413 3042 4475 ἕως
3097 4411 3164 4464 ἂν
3199 4409 3290 4479 ζῇ,
3323 4407 3663 4478 μακαρίσεται,

2134 4506 2549 4578 εὐφημούμενος
2572 4503 2724 4576 παρὰ
2763 4503 2870 4558 τῶν
2897 4501 3258 4572 ἀγνοούντων,
3289 4499 3376 4562 τίς
3404 4500 3434 4569 ἡ
3467 4491 3664 4567 μακαρία

449 4589 577 4644 vitae
611 4590 918 4648 beatitudo.
960 4590 1095 4648 Nam
1127 4593 1217 4648 ubi
1246 4603 1497 4650 mortuus
1524 4593 1712 4658 fuerit,
1745 4595 2021 4648 contraria

2139 4601 2280 4671 ζωή·
2313 4599 2735 4670 τελευτήσαντος
2767 4597 2845 4662 δὲ,
2885 4593 3145 4650 τάναντία
3191 4593 3460 4646 πείσεται.

451 4693 684 4750 prorsus
705 4682 969 4751 patietur.

525 4793 877 4864 Conﬁtebitur
909 4798 1004 4853 tibi
1036 4815 1155 4853 cum
1207 4799 1331 4856 bene
1368 4801 1556 4869 feceris
1587 4801 1659 4855 ei.
1693 4798 1873 4855 Verba
1914 4799 2030 4855 haec

453 4886 523 4942 ad
549 4902 843 4960 pauperem
874 4890 1014 4947 dicta
1047 4902 1198 4948 sunt.
1219 4891 1345 4961 Ubi,
1371 4894 1572 4966 inquit,
1598 4895 1763 4961 bona,
1790 4894 1892 4948 hoc
1920 4901 2028 4960 est,

453 4988 610 5050 grata
647 4983 697 5038 ei
743 4981 966 5052 feceris,
1022 4993 1158 5042 tunc
1207 4994 1420 5043 tantum
1479 4987 1574 5044 tibi
1625 4994 1750 5058 aget
1800 4989 2030 5058 gratias.

453 5069 589 5126 Nam
623 5076 969 5145 postmodum
1001 5079 1267 5150 despiciet
1301 5087 1467 5150 atque
1499 5087 1838 5146 contemnet,
1888 5087 2032 5132 tam-

454 5166 560 5223 etsi
594 5167 648 5222 in
685 5172 836 5226 omni
897 5174 1167 5229 virtutum
1226 5189 1431 5244 genere
1484 5172 1807 5244 profeceris.
1848 5171 2036 5228 Dicere

454 5257 621 5312 etiam
674 5276 994 5330 possumus.
1036 5265 1181 5335 quod
1219 5266 1336 5320 haec
1371 5268 1537 5321 verba
1574 5281 1670 5336 per
1701 5262 2032 5335 Prophetam

453 5346 522 5402 ad
559 5347 725 5405 Deum
757 5352 825 5407 de
856 5353 1066 5424 injuste
1096 5353 1320 5410 homine
1351 5353 1498 5409 dicta
1528 5352 1660 5416 sint,
1694 5367 1760 5407 ac
1792 5353 1838 5407 si
1869 5352 2021 5406 dice-

454 5448 578 5496 ret:
603 5441 832 5508 Quoties
860 5463 1032 5518 pravo
1060 5448 1190 5502 huic
1219 5447 1428 5502 homini
1459 5444 1786 5502 beneﬁcium
1815 5445 2035 5515 aliquod

2219 4801 2765 4873 Ἐξομολογήσεται
2795 4815 2916 4866 σοι,
2970 4800 3118 4854 ὅταν
3163 4798 3473 4867 drawist
3519 4785 3665 4850 αὐτῷ·

2137 4898 2280 4969 Πρὸς
2297 4897 2388 4950 τὸν
2415 4898 2622 4963 πένητα
2647 4897 2674 4949 ὁ
2695 4895 2875 4964 λόγος,
2893 4895 2975 4949 ὅτι
3001 4894 3172 4947 Ὅταν
3195 4890 3398 4958 ἀγαθὰ.
3418 4885 3663 4940 τουτέστιν.

2138 4993 2410 5062 εὑάρεστα
2477 4988 2714 5060 ποιήσῃς
2753 4986 2928 5057 αὐτῷ,
2979 4988 3103 5039 τότε
3135 4984 3298 5054 μόνον
3329 4973 3667 5062 εὐχαριστήσει

2141 5061 2324 5137 σοι’ίτδ
2353 5081 2396 5134 δ’
2420 5081 2570 5145 ἑξῆς,
2586 5079 3015 5149 καταφρονήσει,
3033 5078 3130 5130 καὶ
3161 5074 3502 5144 ὑπερόψεται,
3529 5067 3568 5118 εἰ
3588 5061 3668 5115 καὶ

2141 5173 2510 5244 κατορθώσεις
2540 5171 2762 5223 ἃπασαν
2790 5170 3015 5240 ἀρετήν.
3052 5168 3124 5220 Ἢ
3165 5167 3260 5219 καὶ
3293 5165 3424 5242 πρὸς
3462 5161 3539 5212 τὸν
3559 5153 3668 5208 Θεὸν

2141 5265 2359 5336 εἴρηται
2390 5263 2583 5327 ταῦτα,
2616 5263 2699 5316 ὅτι
2721 5262 2892 5315 Ὅταν
2915 5259 3329 5330 ἁγαθοποιήσῃς
3358 5253 3510 5324 αὐτῷ,
3531 5250 3664 5315 €311-

2135 5356 2415 5430 ριστήσει·
2447 5354 2579 5407 ὅταν
2607 5353 2664 5407 δὲ
2714 5352 2953 5422 συντύχῃ
3006 5351 3230 5413 λύπαις,
3292 5341 3662 5436 βλασφημήσΞΥ

2147 5447 2174 5498 ὁ
2198 5443 2255 5498 δὲ
2299 5443 2511 5506 δίκαιος
2563 5443 2850 5513 εὑλογήσει
2881 5441 2970 5494 τὸν
2995 5440 3200 5510 Κύριον
3229 5441 3290 5492 ὲν
3331 5435 3664 5498 παντὶκαιρῲο

457 5527 781 5608 contuleris,
829 5555 961 5598 tunc
992 5541 1198 5614 gratias
1227 5541 1327 5597 tibi
1377 5550 1534 5613 aget:
1575 5556 1764 5598 verum
1805 5539 1850 5596 si
1899 5554 2022 5609 quae
2063 5537 2138 5592 illi
2176 5539 2521 5593 calamitates
2551 5535 2898 5600 obvenerint,
2933 5534 3000 5588 ad
3037 5532 3403 5606 blasphemias
3468 5533 3514 5582 et
3569 5535 3666 5577 ma-

457 5628 653 5689 ledicta
684 5635 966 5707 confugiet
1000 5652 1012 5689 :
1051 5649 1162 5690 non
1206 5634 1286 5691 sic
1314 5645 1494 5692 autem
1545 5635 1758 5705 justus,
1802 5631 1897 5690 sed
1939 5631 2232 5688 benedicet
2268 5631 2560 5686 Dominum
2594 5631 2648 5685 in
2680 5630 3120 5699 omnitempore.

1817 5812 2014 5875 Variaa
2039 5810 2368 5873 lectiones.

533 5945 642 6016 (78)
671 5947 796 6001 Πίεο
843 5959 1020 6013 usque
1049 5943 1114 5999 ad
1152 5941 1549 6000 Commentarii
1597 5942 1760 5995 linem
1788 5939 1838 5993 in
1869 5936 1974 5992 alio
2008 5934 2143 5993 Cod.
2173 5934 2578 5992 desiderantur.
