3866 6534
213 466 307 534 537

1348 459 1736 521 somnum.
1772 460 1854 521 1N
1891 443 2293 522 PsALMos.‘

3332 469 3438 533 538

268 578 688 638 Εἰσελεύσεται
757 573 869 639 ἔως
942 570 1151 642 γενεᾶς
1200 571 1476 640 πατέρων
1549 572 1757 627 αὐτοῦ.

1941 571 2105 629 Vens.
2145 573 2237 628 '20.
2298 572 2550 629 Introibit
2607 592 2767 645 usque
2819 577 2873 630 in
2907 579 3293 648 generationem
3342 599 3437 651 pa-

217 668 535 731 ‘Ano‘lavtbv,
598 665 970 720 εἰσελεύσεται
1032 666 1113 728 εις
1174 664 1242 718 τὰ
1318 662 1609 718 κατώτατα
1660 664 1759 733 τῆς

205 767 314 837 γῆς.
350 763 452 827 ἓως
478 759 573 815 τοῦ
604 759 754 831 ᾅδου,
777 760 913 813 ὅπου
938 757 1085 811 ἐστὶν
1107 758 1140 829 ἡ
1172 756 1339 826 γενεὰ
1368 755 1478 810 τῶν
1503 756 1760 827 πατέρων

246 856 378 913 ὖτοῦ.

250 876 253 877 ⁷
297 876 378 913 ου.

206 876 412 1011 αυῖεως
436 944 653 1009 αἰῶνος
690 945 802 998 οὐκ
832 942 1042 1011 ὄψεται
1064 939 1213 1011 φῶς.
1235 939 1381 1003 Ἕως
1413 939 1564 993 ἐστὶν
1598 940 1756 993 σιῶν.

206 1043 282 1095 ἀεὶ
316 1039 530 1093 διιστιν
564 1036 722 1091 αἰών.
752 1037 996 1100 Αιωνίως
1028 1031 1122 1090 οὖν
1144 1034 1246 1089 οὐκ
1287 1032 1480 1103 ὄψεται
1509 1031 1647 1102 φῶς,
1677 1031 1760 1094 εἰς

208 1135 379 1198 σκότος
403 1130 845 1203 παραπεμφθείς.
957 1191 965 1199 ,

264 1314 364 1369 Kal
393 1311 707 1380 ἅνθρωπος
738 1310 809 1364 ἐν
833 1308 975 1380 τιμῇ
998 1306 1106 1371 ὢν,
1149 1309 1222 1363 οὐ
1259 1305 1495 1376 συνῆκε
1520 1321 1535 1335 '
1574 1320 1762 1373 παρα·

205 1403 538 1472 συνεᾶλήθη
560 1403 683 1471 τοῖς
706 1403 961 1470 κτήνεσι
982 1400 1109 1468 τοῖς
1125 1399 1410 1468 ἀνοήτοις
1425 1397 1525 1455 καὶ
1542 1395 1762 1468 ὡμοιώ-

204 1504 268 1567 θη
294 1496 514 1562 αὐτοῖς.
560 1494 879 1567 Σχετλιάζει
918 1493 1104 1559 πάλιν,
1127 1493 1212 1546 ὅτι
1254 1492 1350 1547 καὶ
1369 1492 1398 1545 6
1418 1490 1707 1561 ἄνθρωπος
1731 1489 1761 1542 6

206 1588 363 1660 βραχύ
390 1606 443 1642 τι
470 1588 605 1660 παρ’
635 1586 901 1656 ἀγγέλους
931 1583 1285 1651 ἐλαττωθεὶς,
1317 1583 1450 1652 περὶ
1492 1576 1554 1637 οὖ
1589 1597 1759 1650 φησιν

203 1687 228 1736 6
259 1678 540 1752 Σολομῶν·
600 1679 765 1749 Μέγα
820 1678 1131 1747 ἄνθρωπος
1174 1677 1274 1731 καὶ
1332 1676 1532 1747 τίμιον
1601 1672 1761 1740 ἀνὴρ

204 1776 474 1843 ἐλεήμων,
499 1772 962 1846 napum/:61qu
991 1775 1106 1837 τοῖς
1143 1772 1369 1842 κτήνισι
1429 1770 1544 1833 τοῖς
1598 1768 1761 1838 ἀνοή-

204 1886 319 1933 τοις.

652 1960 903 2030 Ψαλμὸς
927 1960 1006 2027 τῷ
1048 1960 1256 2029 Ἀσάφ.

730 2055 1030 2110 ΨᾹΛΜΟΣ
1065 2054 1201 2110 MB'.

261 2149 362 2202 Kal
391 2150 530 2220 περὶ
550 2147 651 2217 τῆς
682 2147 793 2202 Τοῦ
808 2137 1002 2216 Ἀσάφ
1046 2148 1365 2218 ἐπιγραφῆς
1394 2149 1451 2201 ὲν
1484 2147 1761 2218 προοιμίῳ

202 2244 286 2311 τῆς
336 2240 524 2311 βίϐλου
570 2241 679 2295 τῶν
714 2241 967 2313 Ψαλμῶν
1008 2239 1352 2311 διελάσομεν,
1380 2241 1476 2293 καὶ
1507 2238 1761 2309 περιττὸν

203 2333 427 2404 ἡγοῦμαι
450 2335 585 2406 περὶ
615 2334 785 2388 αὑτοῦ
818 2333 1132 2402 παλιλογεῖν
1152 2349 1167 2365 ’
1201 2333 1442 2401 εὐλόγως
1471 2332 1528 2386 δὲ
1553 2325 1706 2394 οὗτος
1732 2329 1761 2382 6

200 2423 391 2494 ψαλμὺς
425 2424 715 2479 ἀκολουθεῖ
751 2423 831 2495 τῷ
865 2424 972 2495 πρὸ
1032 2423 1199 2478 αὐτοῦ
1225 2439 1241 2456 ⁸
1289 2424 1386 2478 καὶ
1437 2422 1548 2495 γὰρ
1579 2424 1672 2476 καὶ
1702 2427 1761 2476 ὲν

200 2517 353 2587 τούτῳ
398 2517 775 2587 διαμαρτυρία
830 2517 925 2571 καὶ
994 2516 1219 2587 ἐλεγχος
1243 2532 1257 2548 ⁸
1292 2515 1433 2586 πλὴν
1470 2516 1528 2569 ἒν
1566 2516 1761 2584 ἐκείνῳ

205 2609 288 2676 μιν
365 2610 526 2663 πᾶσα
599 2608 765 2677 φύσις
836 2609 1144 2679 ἀνθρώπων
1208 2606 1562 2674 συγκαλεῐται
1621 2605 1760 2677 πρὸς

200 2701 478 2770 ἀκρόασιν·
510 2701 745 2756 ενταῦθα
772 2702 850 2767 δὲ,
882 2704 910 2756 6
932 2702 1163 2773 οὐρανὸς
1186 2701 1280 2754 καὶ
1305 2703 1339 2772 ἡ
1369 2702 1462 2770 γῆ·
1491 2704 1760 2769 Προσκα-

200 2793 431 2849 ,ιέσεται
451 2795 565 2865 γὰρ
599 2796 705 2850 τὸν
735 2796 998 2866 οὐρανὸν
1025 2795 1166 2859 ἅνω,
1194 2796 1293 2849 καὶ
1340 2794 1457 2862 τὴν
1495 2793 1633 2863 γῆν.
1690 2794 1761 2847 Εν

201 2886 378 2955 ἐκεινῳ
406 2887 505 2954 μὲν
530 2885 721 2950 ἁπλῶς
758 2889 868 2943 πᾶς
894 2886 1149 2958 πονηρῶς
1174 2885 1307 2957 βιῶν
1337 2889 1758 2958 κατηγορεῖται·

202 2979 252 3031 ιν
275 2978 447 3048 τούτῳ
473 2978 532 3032 δε
582 2980 633 3032 oi
676 2978 922 3033 Ἰουδαῖοι
958 2978 1297 3048 ἐλέγχονται.
1348 2976 1459 3029 Καὶ
1491 2974 1649 3038 ἄλλος
1701 2974 1760 3026 δὲ

202 3071 474 3141 προφήτης
510 3070 725 3139 εἰσάγει
748 3072 841 3124 τὸν
862 3070 996 3124 Θεὸν
1015 3068 1190 3133 οὕτως
1243 3064 1601 3137 δικαζόμενον
1660 3066 1759 3119 aut

199 3160 499 3233 ἐλέγχοντα,
538 3162 750 3232 λέγων’
782 3164 1135 3218 Ἀκούσατε.
1171 3159 1496 3231 φάραγγες,
1540 3159 1639 3212 καὶ
1667 3162 1759 3211 θε-

1866 674 2005 719 trum
2048 682 2287 721 suorum.
2332 666 2435 722 Ubi
2467 679 2721 724 mortuus
2772 668 2962 733 fuerit,
3007 671 3348 742 ingredietur
3383 677 3435 729 in

1867 760 2053 815 intima
2087 769 2249 817 terrae
2280 777 2455 834 usque
2486 763 2540 817 in
2570 764 2872 831 infernum,
2913 766 3003 821 ubi
3045 777 3127 822 est
3156 771 3440 836 generatio

1868 861 2086 923 patrum
2114 868 2368 909 suorum.

1943 941 2118 1014 Usque
2156 946 2213 999 iu
2242 946 2514 1013 {sarculum
2577 964 2683 1002 non
2737 949 2929 1003 uidebit
2983 948 3175 1005 lucem.
3235 948 3439 1014 Donec,

1867 1033 2066 1104 inquit,
2103 1037 2366 1091 saeculum
2420 1046 2550 1092 est:
2587 1038 2848 1093 saeculum
2884 1053 3014 1093 vero
3067 1055 3285 1110 semper
3331 1049 3437 1094 cst.

1845 1127 2154 1206 Nunquam
2203 1128 2370 1199 igitur
2396 1128 2602 1184 videbit
2653 1130 2853 1197 lucem,
2886 1140 3072 1202 utpote
3120 1131 3323 1186 missus
3371 1129 3440 1184 ad

1867 1222 2144 1277 tenebras.

1939 1312 2104 1370 Vens.
2125 1314 2216 1370 ‘21.
2252 1312 2318 1367 Et
2342 1314 2516 1380 homo,
2535 1331 2652 1369 cum
2680 1317 2733 1370 in
2749 1316 2945 1370 honore
2965 1328 3120 1378 esset,
3149 1330 3252 1369 non
3279 1316 3405 1367 lutet

1867 1407 2016 1471 (exit,
2050 1417 2387 1478 comparatus
2411 1419 2490 1463 est
2516 1408 2792 1479 pecoribus
2834 1408 3225 1476 insipientibus,
3269 1418 3318 1463 et
3369 1408 3443 1461 si-

1868 1501 2010 1557 milis
2038 1500 2216 1571 [actus
2258 1509 2340 1556 est
2390 1501 2522 1555 illis.
2583 1498 2797 1556 Rursus
2855 1501 3134 1556 miseriam
3190 1500 3442 1570 deplorat

1868 1590 2187 1652 humanam.
2236 1590 2383 1662 quod
2418 1594 2581 1645 homo
2621 1591 2835 1648 scilicet
2870 1591 2965 1661 qui
3009 1589 3283 1645 modicum
3310 1588 3440 1659 quid

1867 1682 1937 1737 ab
1991 1684 2201 1754 angelis
2259 1683 2566 1741 minoratus
2611 1693 2715 1746 est,
2760 1691 2815 1738 et
2860 1684 2927 1737 de
2965 1697 3070 1753 quo
3110 1679 3366 1735 Salomon
3424 1696 3438 1733 :

1866 1773 2092 1845 Magnus
2120 1778 2298 1843 homo,
2330 1787 2379 1831 et
2423 1778 2714 1832 honoratus
2756 1776 2839 1832 vir
2878 1776 3178 1831 misericors
3224 1789 3243 1828 :
3286 1787 3440 1829 com-

1866 1880 2088 1938 paratus
2126 1870 2197 1925 sit
2230 1870 2538 1939 pecoribus,
2565 1879 2618 1924 et
2643 1870 2840 1925 similis
2866 1870 2946 1925 eis
2970 1870 3043 1923 sit
3072 1867 3273 1923 factus.

2342 1960 2589 2016 Psalmus
2616 1960 2716 2028 ipsi
2737 1960 2940 2028 Asaplt.

2365 2051 2688 2108 PSALMUS
2714 2050 2906 2107 XLIX.

1933 2144 2075 2210 Quid
2103 2144 2209 2200 sibi
2242 2144 2376 2199 velit
2432 2144 2725 2215 inscriptio
2771 2144 2976 2214 Asaph,
3032 2145 3248 2199 abunde
3299 2142 3440 2197 dixi-

1864 2249 1988 2290 mus
2017 2237 2069 2289 in
2101 2237 2368 2305 protentio
2389 2238 2593 2307 aperis.
2634 2237 2758 2292 Ideo
2784 2235 3124 2306 superﬂuum
3154 2235 3435 2300 ducimus,

1862 2342 1925 2383 ea
1958 2328 2156 2383 iterum
2193 2338 2463 2398 repetere.
2516 2328 2631 2383 Non
2680 2337 2887 2384 temere
2945 2337 3127 2382 tamen
3172 2328 3259 2382 hic
3292 2328 3438 2397 psal-

1864 2434 1987 2476 mus
2006 2421 2306 2477 collocatns
2327 2430 2413 2476 est
2439 2431 2557 2491 post
2589 2422 2836 2492 proxime
2860 2419 3279 2491 praecedentem,
3306 2434 3430 2473 cum

1865 2514 2160 2579 utrobique
2215 2522 2560 2567 contestetur
2622 2528 2723 2566 nos
2778 2522 2833 2567 et
2880 2511 3250 2582 reprehendet
3301 2508 3439 2563 Pro-

1863 2608 2047 2677 pheta.
2080 2604 2317 2661 Tametsi
2368 2606 2498 2659 illud
2530 2606 2654 2676 quis
2714 2604 2962 2659 fortassis
2990 2604 3268 2659 diversum
3315 2616 3441 2657 esse

1865 2701 2087 2762 dixerit,
2122 2698 2269 2769 quod
2311 2699 2422 2753 illic
2480 2699 2717 2754 humana
2759 2697 2939 2754 omnis
2969 2709 3163 2752 natura
3221 2696 3288 2751 ad
3338 2712 3439 2749 au-

1863 2792 2123 2847 diendum
2148 2800 2510 2856 convocatur,
2543 2790 2632 2845 hic
2681 2799 2865 2845 autem
2903 2791 3107 2844 caelum
3172 2790 3358 2859 ipsum
3387 2794 3442 2841 et

1864 2892 2008 2939 terra
2039 2902 2054 2939 :
2087 2883 2374 2938 Advocabit
2403 2884 2571 2950 enim,
2602 2882 2802 2953 inquit,
2847 2882 3034 2937 uelum
3082 2882 3147 2936 de
3204 2896 3438 2942 sursum,

1861 2990 1911 3031 et
1969 2986 2205 3044 terram;
2258 2986 2313 3031 et
2365 2977 2510 3047 quod
2562 2977 2615 3030 in
2665 2977 2761 3032 illo
2816 2977 3035 3047 quidem
3099 2976 3151 3029 in
3216 2974 3442 3029 univer-

1863 3089 1983 3129 sum
2037 3072 2267 3142 quilibet
2300 3080 2618 3136 accusatur,
2653 3072 2748 3140 qui
2794 3085 2961 3140 prave
3017 3068 3174 3131 vivit,
3230 3067 3286 3121 in
3335 3067 3442 3121 hoc

1862 3182 1994 3222 vero
2032 3164 2205 3220 Judari
2238 3173 2449 3219 tantum
2496 3163 2827 3236 reprehendi
2884 3163 3198 3216 videantur.
3243 3158 3339 3214 Est
3383 3168 3439 3213 et

194 3253 358 3321 μέλια
412 3254 526 3323 τῆς
544 3254 680 3324 γῆς,
709 3255 795 3309 ὅτι
820 3255 1019 3324 κρίσις
1057 3252 1136 3319 τῷ
1165 3251 1286 3318 Θεῷ
1308 3250 1459 3319 πρὸς
1483 3250 1591 3305 τὸν
1604 3250 1757 3305 λαὸν

1868 3258 2007 3313 alius
2038 3256 2334 3327 Propheta,
2364 3256 2456 3326 qui
2494 3257 2661 3311 Deum
2698 3255 2864 3311 simili
2896 3254 3058 3309 modo
3096 3253 3436 3323 iudicantem

198 3347 391 3413 αὐτοῦ,
417 3348 515 3401 καὶ
539 3347 693 3417 μετὰ
729 3347 834 3402 τοῦ
896 3347 1054 3402 ,λαοῦ
1099 3345 1571 3414 διαλεχθήσεται
1592 3359 1607 3375 ο
1658 3344 1754 3397 καὶ

1861 3357 1913 3402 et
1942 3348 2427 3418 reprehendentem
2458 3348 2752 3402 introducit
2780 3346 2970 3402 dicens
2999 3363 3014 3400 :
3049 3347 3259 3410 Audite,
3279 3343 3440 3399 valles

207 3438 441 3505 Ἡσαΐας
470 3442 710 3507 Ἄκουε,
739 3440 981 3509 οὐρανὲ,
1007 3445 1104 3494 και
1129 3438 1424 3502 ἐνωτίζου,
1454 3439 1492 3506 ἡ
1512 3436 1607 3507 γῆ.
1645 3438 1756 3491 Καὶ

1868 3452 1904 3496 et
1935 3442 2284 3512 fundamenta
2307 3452 2482 3506 terra,
2507 3443 2753 3512 quoniam
2769 3441 3034 3511 judicium
3064 3441 3168 3494 Deo
3203 3448 3278 3493 est
3311 3453 3439 3509 erga

199 3530 416 3601 ςόνηθες
445 3535 514 3603 τῇ
576 3534 769 3605 Γραφῇ
819 3533 881 3586 τδ
921 3531 1164 3585 τοιοῦτον
1205 3532 1415 3602 σχῆμα,
1474 3531 1610 3602 ὅπερ
1637 3531 1756 3583 ἐστὶ

1868 3532 2107 3600 populum
2130 3548 2307 3598 suum,
2350 3541 2399 3587 et
2452 3550 2570 3587 cum
2619 3532 2813 3603 populo
2862 3548 2958 3585 suo
2994 3530 3345 3601 disceptabit,
3377 3537 3436 3584 et

197 3623 634 3693 ﬂquttxdnatov
691 3625 787 3679 καὶ
812 3622 1338 3694 ιντρεπτικώτατον,
1367 3623 1451 3675 ὃτι
1477 3622 1546 3676 τὰ
1569 3622 1756 3692 ἄψυχα

1868 3625 2028 3681 Isaias
2058 3641 2074 3681 :
2107 3625 2268 3692 Audi,
2300 3625 2509 3689 calum,
2539 3635 2586 3679 et
2615 3625 2832 3680 auribus
2882 3626 3111 3694 percipe,
3147 3633 3306 3677 terra.
3329 3622 3436 3676 Pa-

193 3716 503 3782 καθέζονται
543 3717 734 3787 κριταὶ
781 3716 890 3770 τῶν
949 3716 1232 3788 ἐμψύχων,
1290 3716 1406 3785 ἅμα
1453 3715 1511 3769 δὲ
1540 3717 1633 3769 καὶ
1656 3715 1757 3781 τῆς

1868 3720 2093 3775 miliaris
2128 3720 2273 3775 enim
2306 3727 2392 3775 est
2415 3719 2559 3790 apud
2622 3718 2962 3790 Scripturam
3027 3717 3116 3772 hic
3173 3714 3434 3786 loquendi

194 3806 280 3862 τοῦ
321 3809 459 3864 Θεοῦ
515 3808 928 3879 φιλανθρωπίας
973 3806 1527 3885 ἀποδεικτικώτατον,
1559 3806 1753 3862 τοσοῦ-

1868 3811 2108 3878 modus,
2160 3826 2273 3882 quo
2326 3810 2394 3867 ad
2453 3812 2707 3867 timorem
2780 3813 2985 3881 pariter
3046 3825 3110 3864 ac
3168 3809 3433 3880 pudorem

191 3916 275 3953 τον
302 3902 770 3971 συγγαταὸάντος,
794 3900 937 3955 ὥστε
970 3902 1066 3955 καὶ
1120 3897 1404 3971 κρίνεσθαι
1454 3898 1595 3969 μετὰ
1643 3898 1755 3953 τῶν

1868 3904 2215 3958 excitandum
2257 3905 2334 3957 uti
2367 3904 2531 3968 solet,
2554 3902 2684 3958 dum
2720 3902 2872 3967 facit,
2919 3902 3066 3972 quod
3105 3901 3222 3971 ipsa
3265 3901 3431 3955 etiam

191 3993 502 4065 ἀνθρώπων.

1862 3995 2102 4049 inanima
2159 4008 2487 4051 conscssura
2518 3997 2651 4059 sint,
2709 3994 2967 4064 ipsosque
3022 3994 3205 4047 anima
3240 3990 3436 4063 prmdi-

193 4097 272 4142 tos
332 4086 589 4143 homines
635 4087 970 4158 iudicatura.
1025 4084 1306 4141 Summam
1346 4094 1610 4155 praeterea
1656 4083 1746 4139 Dei
1785 4084 1963 4141 inuos
1993 4087 2433 4143 misericordiam
2478 4086 2748 4156 Propheta
2831 4087 2886 4141 in
2933 4100 2999 4143 co
3061 4087 3428 4151 demonstrat,

253 4275 393 4342 Θεὸς
417 4274 572 4331 θεῶν
628 4276 841 4343 Κύριος
886 4272 1181 4340 ἐλάλησα,
1228 4272 1326 4326 καὶ
1355 4271 1614 4326 ἐκάλεσε
1640 4269 1756 4338 τὴν

185 4366 314 4437 γῆν.
357 4368 616 4438 Τέσσαρα
650 4366 1031 4438 σημαινόμενα
1070 4364 1164 4418 τοῦ
1200 4366 1344 4430 Θεὸς
1374 4364 1638 4433 ὀνόματος
1663 4364 1753 4416 εὖ·

189 4460 443 4529 ρίσκομεν
469 4460 622 4528 παρὰ
647 4461 715 4530 τῇ
769 4459 958 4530 Γραφῇ
982 4475 995 4489 ο
1024 4457 1083 4510 τὸ
1114 4457 1213 4526 μὲν
1259 4457 1465 4528 κυρίως
1518 4456 1751 4526 λεγόμε-

96 4172 105 4185 “
190 4178 309 4233 dum
349 4180 500 4234 illum
548 4180 707 4236 nobis
739 4179 877 4235 adeo
938 4178 1378 4235 condescendere
1425 4178 1615 4239 tradit,
1676 4187 1733 4231 ut
1775 4179 2061 4232 nobiscum
2093 4180 2267 4235 etiam
2298 4179 2540 4249 judicar‘i
2566 4180 2717 4235 velit.

1938 4269 2100 4325 Vsus.
2142 4272 2194 4326 1.
2260 4271 2397 4326 Deus
2450 4274 2667 4326 deorum
2732 4272 2940 4326 locutus
2984 4280 3086 4333 est,
3136 4279 3185 4324 et
3233 4271 3437 4324 vocavit

1859 4373 2077 4418 terram.
2137 4364 2293 4434 Apud
2332 4364 2684 4435 Scripturam
2747 4380 2943 4418 nomen
3009 4363 3150 4417 Deus
3196 4372 3435 4427 quatuor

1865 4457 2170 4511 assumitur
2224 4458 2426 4512 modis.
2468 4456 2530 4510 Et
2569 4458 2745 4527 primo
2801 4457 3024 4525 quidem
3061 4457 3230 4510 Deum
3274 4455 3431 4508 illum

190 4566 340 4616 μενον
398 4549 475 4614 ὡς
525 4549 661 4614 Θεὸς
717 4549 938 4604 πάντων
986 4548 1355 4619 δημιουργός·
1402 4548 1464 4599 τὸ
1487 4546 1566 4611 δὲ,
1608 4547 1752 4601 κατὰ

1868 4546 2111 4609 licinius,
2144 4549 2237 4618 qui
2274 4563 2456 4602 rerum
2500 4549 2748 4602 omnium
2799 4548 3032 4603 Creator
3081 4557 3161 4603 est
3211 4554 3265 4600 et
3324 4546 3432 4601 Do-

190 4641 409 4713 μὶμησιν
433 4642 527 4697 καὶ⁵
570 4642 861 4713 ὁμοίωσιν.
891 4641 968 4705 ὡς
1000 4643 1081 4709 τὸ,
1142 4640 1289 4707 Θεὸς
1339 4639 1491 4695 θεῶν
1539 4641 1753 4709 Κύριος

1868 4640 2061 4695 minus.
2100 4640 2355 4695 Secundo
2382 4656 2477 4711 per
2519 4640 2933 4696 similitudinem
2975 4647 3141 4710 atque
3171 4640 3433 4694 imitatio—

183 4735 460 4804 ὲλάλησε*
490 4739 605 4791 καί·
642 4737 706 4791 '0
733 4738 879 4802 Θεὸς
926 4737 1078 4805 ἔστη
1117 4738 1187 4791 ἐν
1212 4735 1537 4806 συναγωγῇ
1566 4735 1749 4802 Θεῶν,

1868 4748 2001 4794 nem,
2040 4735 2206 4787 Deum
2238 4733 2476 4801 aliquem
2503 4732 2767 4802 appellari
2806 4733 3081 4798 videmus,
3116 4746 3166 4786 ut
3201 4732 3254 4785 in
3290 4748 3429 4802 pra:-

183 4827 425 4896 ἐνμέσῳ
456 4829 523 4883 δὲ
556 4829 700 4897 Θεὸς
732 4828 1025 4899 διακρινεῖ
1046 4849 1059 4861 ο
1098 4829 1213 4882 καίσ
1249 4828 1399 4898 Ἐγὼ
1427 4826 1590 4892 εἶπα,
1627 4829 1755 4883 θεοί

1868 4828 1990 4880 senti
2023 4826 2256 4896 psalmo,
2317 4825 2454 4880 Deus
2515 4826 2737 4880 deorum
2801 4826 3008 4881 locutus
3066 4838 3143 4881 est
3168 4826 3234 4883 “.
3273 4826 3429 4891 Item,

183 4917 334 4986 ἐστε,
360 4921 455 4975 καὶ
512 4922 632 4975 υιοὶ
693 4921 995 4990 ’Υψίστου
1035 4921 1260 4987 πάντες
1281 4938 1295 4952 ⁸
1326 4921 1444 4983 καὶ,
1473 4920 1659 4982 Θεοὺς
1680 4923 1751 4975 οὐ

1868 4920 1989 4973 Deus
2038 4922 2181 4973 stetit
2215 4920 2266 4972 in
2296 4936 2566 4992 synagoga
2600 4921 2846 4986 deorum,
2911 4921 2962 4974 in
3014 4920 3183 4974 medio
3248 4931 3427 4974 autem

183 5011 628 5081 κακολογήσας,
674 5013 773 5067 καὶ
836 5013 1139 5081 ἄρχοντας
1170 5012 1277 5067 τοῦ
1310 5011 1465 5067 λαοῦ
1493 5026 1613 5065 σου
1636 5014 1751 5066 οὐκ

1868 5012 1968 5068 leas
2000 5012 2317 5082 dijudicabit
2347 5011 2393 5046 ⁸⁸
2414 5053 2430 5077 ,
2474 5024 2527 5069 et
2557 5032 2569 5067 :
2610 5012 2719 5086 Ego
2754 5013 2871 5067 dixi
2910 5028 2929 5067 .'
2958 5013 3045 5067 Dii
3070 5014 3219 5076 estis,
3250 5023 3298 5067 et
3322 5013 3426 5081 filii

181 5098 329 5166 ἐρεῖς
349 5101 563 5169 κακῶς.
596 5103 766 5173 Δῆλον
790 5105 923 5175 γὰρ,
958 5104 1043 5156 ὅτι
1066 5103 1233 5166 Θεοὺς
1258 5105 1316 5157 ὲν
1343 5103 1574 5166 ταύταις
1620 5105 1746 5166 ταῖς

1868 5105 2109 5161 lltissimi
2146 5122 2324 5160 omnes
2356 5106 2423 5159 “.
2456 5107 2635 5160 item:
2685 5106 2799 5160 Diis
2853 5122 2956 5160 non
3012 5105 3319 5168 maledicos,
3369 5114 3422 5158 et

183 5189 395 5260 κλήσεσι
419 5194 576 5247 καλεῖ
601 5194 727 5257 τοὺς
754 5193 822 5247 δι’
842 5194 1044 5264 ἀρετῆς
1075 5195 1447 5264 μιμουμένους
1469 5194 1561 5248 τὸν
1590 5195 1744 5257 Θεὸν,

1868 5198 2169 5266 ινίηεὶρὶὺιιδ
2188 5197 2372 5267 populi
2394 5197 2472 5251 tui
2503 5213 2604 5251 non
2635 5197 2779 5251 dices
2809 5197 3028 5251 malum.
3065 5195 3418 5250 Manifestum

1844 5290 1990 5344 enim
2020 5296 2106 5344 est
2137 5288 2451 5358 huiusmodi
2504 5292 2728 5343 nomine
2772 5304 2867 5357 eos
2903 5288 3109 5347 vocari.
3167 5286 3259 5354 qui
3324 5301 3422 5354 per

1842 5381 2106 5435 virtutem
2162 5380 2335 5434 Deum
2392 5397 2579 5436 verum
2636 5381 2943 5443 imitantur,
2987 5379 3193 5448 quique
3252 5377 3418 5432 veluti

1845 5473 2124 5542 principes
2169 5487 2233 5527 ac
2272 5472 2511 5542 judiccs,
2574 5471 2835 5540 regendo.
2902 5471 3241 5539 imperando,
3271 5468 3420 5538 judi-

1844 5564 2043 5631 cando,
2080 5564 2188 5619 Deo
2214 5564 2427 5619 similes
2468 5562 2597 5617 facti
2640 5568 2795 5617 sunt.
2828 5559 3015 5616 Tertio
3046 5561 3210 5615 modo
3242 5560 3412 5615 Deum

1843 5657 1956 5712 dici
2014 5655 2329 5712 invenimus
2382 5655 2541 5725 juxta
2596 5653 2926 5724 analogiam,
2974 5668 3040 5709 eo
3092 5653 3411 5722 modoquo

1843 5748 2054 5821 Moyses
2115 5746 2424 5804 Pharaonis
2490 5744 2635 5803 Deus
2692 5745 2874 5805 dictus
2915 5753 3040 5814 est,
3091 5744 3258 5801 veluti
3315 5741 3415 5814 qui

181 5283 413 5349 καὶτοὺς
458 5286 681 5357 ὁμοίους
722 5285 798 5357 τῷ
826 5285 970 5355 Θεῷ,
1003 5285 1145 5339 κατὰ
1194 5287 1254 5339 τὸ
1302 5287 1494 5356 ἄρχειν
1536 5286 1633 5340 καὶ
1679 5288 1741 5339 τὸ

181 5367 397 5439 κρίνειν,
444 5373 519 5438 ὡς
539 5374 592 5427 oi
616 5373 879 5446 ἄρχοντες
921 5374 1017 5428 καὶ
1065 5374 1116 5428 οἱ
1179 5377 1389 5445 κριταί.
1450 5377 1651 5446 Τρίτον
1681 5376 1739 5429 δὲ

183 5462 591 5535 σημαινόμενον,
644 5465 788 5519 κατὰ
831 5464 1150 5533 ἀναλογίαν,
1180 5464 1258 5529 ὡς
1283 5468 1312 5519 6
1345 5467 1589 5536 Μωῡσῆς
1617 5466 1738 5530 θεὸς

180 5550 364 5621 Φαραὼ
383 5554 693 5626 λεγόμενος,
724 5551 813 5611 οἷα
850 5557 1237 5629 τερατουργῶν
1266 5558 1390 5613 κατ’
1411 5558 1607 5624 αὐτοῦ,
1638 5558 1736 5611 καὶ

181 5648 572 5719 τιμωρούμενος
621 5650 812 5715 αὑτὸν,
870 5651 967 5704 καὶ
997 5651 1074 5722 τῷ
1106 5651 1410 5723 βουλήματι
1451 5652 1735 5724 χρώμενος

182 5737 255 5802 εἰς
274 5743 605 5813 παραγωγὴν
658 5742 772 5797 τῶν
816 5742 1117 5807 κολάσεων,
1166 5743 1263 5797 καὶ
1301 5746 1590 5815 προφήτην
1636 5745 1733 5799 τοῦ

274 5923 320 5961 ⁸⁵
358 5927 500 5987 Psal.
552 5944 736 6001 um,
777 5930 797 5987 Ι
889 5927 938 5963 ⁸⁸
963 5927 1101 5989 Ibid.
1135 5931 1189 5987 6.
1263 5930 1310 5965 ⁸⁸
1339 5930 1511 5988 Exod.
1564 5944 1699 6003 nu,
1733 5929 1824 5986 28.
