3866 6546
506 424 617 493 5ἱ3

1731 443 2117 506 ΕΗΤΙΙΥΜΗ
2160 448 2523 509 ZIGABENI

3636 444 3749 525 su

564 542 732 598 Vens.
757 542 809 601 9.
831 543 954 601 Non
983 548 1238 618 accipiam
1270 554 1332 606 de
1363 552 1519 610 domo
1553 565 1644 611 tua
1672 558 1889 624 vitulos,
1910 575 2061 630 neque

2250 563 2332 616 Οὐ
2363 562 2609 631 δέξομαι
2654 565 2723 619 ἐκ
2774 566 2881 621 τοῦ
2936 567 3109 623 οἴκου
3140 581 3260 623 σου
3278 570 3576 638 μόσχους,
3605 575 3732 628 οὐδὲ

493 633 559 688 de
578 633 821 705 gregibus
848 637 952 691 luis
967 637 1167 695 hircos.
1192 639 1272 697 Ne
1302 645 1611 712 existimes,
1640 648 2069 720 inquit,gratum

492 725 627 779 mibi
660 726 868 781 cultum
898 730 1239 800 impendere,
1271 743 1369 790 aut
1403 738 1537 792 mibi
1586 743 1881 806 Inservire,
1936 744 2068 799 dum

491 815 742 872 studiose
769 819 1075 877 sacriﬁcas.
1114 821 1301 896 Neque
1334 826 1480 881 enim
1512 828 1733 901 indigeo
1758 832 2067 893 sacriﬁciis.

489 923 614 961 cum
643 908 791 963 nulla
850 923 911 965 re
971 913 1247 982 deﬁciam,
1311 921 1560 988 quinimo
1618 933 1671 978 et
1728 926 1910 980 omnia
1969 942 2071 998 ego

487 1001 654 1056 etiam
681 1001 914 1073 singulis
944 1008 1243 1076 praebeam.
1293 1010 1565 1077 Quocirca
1615 1017 1761 1071 nulla
1801 1019 1851 1072 in
1887 1030 2071 1088 poste-

490 1109 610 1146 rum
639 1094 964 1164 huiusmodi
993 1101 1289 1172 suscipiam
1356 1106 1651 1163 sacriﬁcia.
1701 1110 1848 1165 Alibi
1902 1115 2068 1168 etiam

488 1185 742 1239 acerbius
769 1203 868 1255 per
902 1189 1099 1244 isaiam
1136 1193 1357 1249 eosdem
1401 1200 1604 1268 carpit,
1662 1202 1893 1262 dicens:
1929 1205 2071 1270 Quid

488 1275 619 1330 mihi
649 1279 938 1334 multitudo
953 1282 1349 1354 sacriﬁciorum
1375 1300 1664 1345 vestrorum
1694 1296 1722 1350 ἵ
1752 1295 1936 1363 plenus
1954 1316 2070 1352 sum

485 1366 819 1425 holocaustis
848 1373 1078 1428 arietum
1118 1392 1137 1431 :
1174 1378 1382 1448 adipem
1410 1398 1693 1451 agnorum,
1755 1396 1804 1441 et
1850 1393 2070 1460 sangui-

485 1474 600 1512 nem
651 1469 925 1517 taurorum
955 1474 1114 1537 atque
1145 1471 1418 1525 hircorum
1452 1489 1556 1527 non
1591 1477 1728 1529 volo.
1765 1478 1896 1544 Quis
1929 1482 2070 1535 enim

482 1554 761 1621 exquisiuit
799 1555 909 1609 lucc
955 1557 1020 1611 de
1075 1561 1319 1617 manibus
1380 1567 1565 1620 vestris
1584 1569 1631 1600 “
1659 1569 1685 1624 .’
1718 1571 1919 1626 lterum
1973 1589 2071 1643 per

484 1638 799 1709 Jeremiam,
830 1645 1022 1703 dicrns
1057 1666 1072 1704 :
1111 1650 1254 1718 Quid
1300 1654 1433 1709 mihi
1474 1659 1594 1712 thus
1647 1661 1751 1729 fers
1796 1662 1860 1717 de
1924 1638 2070 1719 Seba

483 1743 533 1786 et
549 1736 945 1793 cinnamomum
999 1740 1064 1796 de
1096 1752 1239 1797 terra
1273 1745 1562 1818 longinqua
1599 1752 1648 1785 "
1676 1754 1701 1807 ?
1741 1754 2018 1812 Etrursus
2049 1773 2066 1813 :

2173 648 2241 708 ἐκ
2273 654 2394 709 τῶν
2418 660 2710 726 ποιμνίων
2736 674 2855 715 σου
2888 661 3228 731 χειμάρους.
3257 662 3415 716 Θύων
3447 665 3729 733 ἐπιμελῶς,

2178 745 2254 816 μὴ
2283 747 2395 801 οἴου
2450 765 2518 818 με
2570 748 2898 822 θεραπεύειν
2936 752 2995 806 ἐν
3040 753 3215 823 τούτῳ
3239 771 3254 783 ⁸
3312 756 3375 807 οὐ
3412 755 3604 825 δέομαι
3632 761 3728 828 γὰρ

2175 836 2398 901 θυσιῶν,
2426 840 2682 911 ἀνενδεὴς
2714 840 2936 895 πάντων
2969 841 3043 894 ὢν
3065 858 3080 875 ’
3116 843 3211 898 καὶ
3256 844 3479 898 πάντων
3511 846 3730 915 μάλιστα

2174 931 2306 983 πᾶσι
2357 930 2627 1001 χορηγός·
2665 931 2792 986 ὅθεν
2834 934 2928 987 τοῦ
2976 933 3166 988 λοιποῦ
3242 936 3303 989 οὐ
3365 935 3594 1008 δέξομαι
3647 940 3731 1003 τὰς

2172 1017 2431 1082 τοιαύτας
2463 1018 2672 1084 θυσίας.
2733 1021 3110 1093 Εύτονώτερον
3142 1023 3199 1077 δὲ
3229 1024 3578 1080 καθάπτεται
3619 1030 3732 1082 τού-

2174 1127 2302 1173 των,
2370 1110 2460 1164 διὰ
2493 1112 2714 1166 Ἡσαΐου
2748 1112 2956 1182 λέγων’
2989 1115 3052 1169 Tl
3085 1133 3186 1182 μοι
3230 1116 3468 1183 πλῆθος
3500 1118 3622 1171 τῶν
3647 1124 3733 1175 θυι

2173 1200 2325 1255 σιῶν
2344 1202 2545 1272 alter;
2572 1204 2811 1274 πλήρης
2839 1207 2962 1274 ειμι
2978 1221 2993 1237 ο
3031 1207 3499 1277 ὁλοκαυτώματα
3544 1211 3729 1279 κριῶν,

2175 1293 2272 1345 καί
2297 1294 2481 1363 στέαρ
2510 1295 2714 1364 σιγῶν,
2741 1297 2839 1351 καὶ
2864 1292 3007 1365 allia
3031 1298 3259 1367 ταύρων
3283 1300 3381 1353 καί
3415 1301 3648 1370 τράγων
3671 1306 3732 1356 et"

2167 1387 2494 1457 βούλομαι.
2552 1390 2648 1455 Τίς
2673 1389 2784 1458 τὰρ
2813 1389 3107 1457 ἐζήτησεν
3157 1391 3345 1447 ταῦτα
3377 1393 3448 1447 ἐκ
3478 1391 3601 1447 τῶν
3626 1412 3732 1462 χει-

2164 1478 2293 1547 ρῶν
2330 1479 2544 1549 optim;
2613 1482 2709 1534 καὶ
2747 1481 3019 1552 Ἱερεμίας
3075 1483 3133 1536 δέ
3177 1501 3381 1555 φησιν’
3426 1484 3617 1540 Ἰνατί
3644 1505 3732 1555 μοι

2171 1573 2422 1627 λίϐανον
2453 1572 2524 1626 ἐκ
2552 1572 2712 1628 Σαόᾶ
2742 1574 2944 1643 φέρεις
2963 1614 2978 1637 ,
3023 1575 3121 1629 καί
3155 1575 3505 1646 κινάμωμον
3534 1577 3605 1630 ἐκ
3635 1577 3731 1646 γῆς

2165 1663 2508 1732 μακρόθενς
2569 1668 2665 1717 καὶ
2701 1665 2900 1717 ’πάλιν⁸
2946 1666 3070 1720 οὐκ
3097 1666 3378 1734 ἐλάλησα
3414 1670 3575 1736 πρὸς
3610 1670 3732 1735 τοὺς

2173 1756 2433 1826 πατέρας
2462 1754 2631 1825 ὑμῶν
2652 1757 2783 1824 περὶ
2816 1758 3065 1820 θυσιῶν,
3104 1758 3206 1812 καί
3238 1759 3373 1828 περὶ
3406 1762 3732 1815 ὁλοκαυτω-

485 1821 609 1881 Nott
644 1829 851 1886 locutus
883 1849 998 1888 sum
1028 1833 1100 1888 ad
1124 1846 1306 1905 patres
1334 1850 1528 1894 vestros
1558 1842 1624 1896 de
1671 1847 1978 1915 sacriﬁciis.
2019 1862 2061 1903 et

485 1919 549 1946 Δ-
591 1921 907 1946 L-l-__-_-.s_
943 1944 968 1946 __
1221 1932 1235 1946 ρ
1310 1935 1325 1946 α
1383 1936 1395 1946 .
1434 1936 1471 1946 -.
1528 1937 1566 1946 -.
1657 1938 1687 1946 -.
1754 1940 1766 1946 -
1832 1942 1843 1946 -
2033 1944 2061 1946 _,

2171 1821 2373 1916 μάτων
2401 1821 2513 1902 cini
2543 1821 2937 1919 ἐνετειλάμην
2973 1851 3182 1918 αὐτοῖς
3200 1870 3213 1883 ο
3234 1821 3329 1908 καί
3357 1854 3496 1908 ἄλλα
3525 1855 3729 1909 τοιαῦτα

480 1919 549 1976 de
584 1921 909 1982 holocaustis
939 1944 1042 1982 non
1070 1932 1325 1988 mandavi
1347 1936 1420 1990 eis
1433 1936 1498 1991 “.
1528 1937 1592 1991 Et
1620 1938 1725 1993 alia
1754 1940 2061 2010 bujusmodi

2171 1941 2403 2010 διάφορα
2450 1942 2729 2012 προφῆταί
2768 1960 2926 2013 φασι.
2963 1945 3075 1998 Καὶ
3119 1946 3227 2017 μὴν
3257 1946 3429 2000 πολλὰ
3481 1949 3616 2018 περὶ
3649 1949 3729 2001 θυ-

483 2015 655 2070 multa
698 2018 951 2089 plerique
982 2022 1374 2094 prophetarum
1407 2032 1648 2087 tradunt.
1685 2030 1839 2098 Quod
1865 2034 1910 2090 si
1940 2037 2061 2105 quis

2172 2033 2303 2085 σιῶν
2334 2031 2424 2086 διὰ
2458 2033 2704 2098 Μωσέως
2733 2015 3150 2107 ἐνομοθέτησεν.
3183 2015 3341 2091 Ἔστι
3375 2038 3435 2091 δὲ
3464 2015 3621 2103 λύσις
3646 2040 3729 2103 τῆς

481 2121 510 2159 a
540 2105 651 2163 Deo
683 2109 834 2164 dicat
883 2127 983 2183 per
1011 2113 1236 2185 Moysen
1272 2117 1325 2173 in
1361 2118 1477 2190 lege
1512 2124 1712 2179 tradita
1735 2125 2061 2183 luissemau-

2171 2123 2435 2193 δοκούσης
2491 2105 2890 2197 ἐναντιότητος,
2942 2105 3027 2180 ὅτι
3073 2128 3146 2181 Οὐ
3201 2130 3635 2200 προηγουμένως
3672 2131 3729 2181 5-.“

485 2199 609 2255 data
646 2201 712 2257 de
734 2204 1046 2272 sacriﬁciis,
1080 2207 1214 2263 illud
1240 2210 1307 2263 ad
1342 2211 1481 2267 bane
1529 2214 1899 2283 objectioncm
1958 2219 2061 2275 dici

2171 2213 2364 2266 ἑαυτὸν
2395 2214 2765 2283 ἐνομοθέτησα
2796 2215 2926 2286 περὶ
2956 2216 3160 2270 θυσιῶν
3181 2234 3195 2248 °
3254 2219 3329 2289 μὴ
3364 2219 3476 2289 γὰρ
3512 2220 3730 2290 ἔχρῃζον

483 2292 689 2358 poterit
722 2312 737 2349 :
771 2296 918 2365 quod
952 2300 1354 2357 sacriﬁciorum
1386 2304 1491 2370 lex,
1522 2322 1629 2361 non
1663 2309 2061 2380 principaliter,

2171 2300 2408 2366 τούτων,
2445 2302 2581 2356 ἀλλὰ
2613 2304 3106 2371 συγκαταϐατικῶς
3135 2307 3225 2360 διὰ
3257 2309 3356 2379 τὴν
3385 2309 3547 2379 ὑμῶν
3583 2312 3731 2381 σκλη-

477 2399 656 2454 neque
681 2401 746 2440 ex
772 2388 951 2458 primo
976 2392 1261 2461 proposito
1281 2395 1479 2449 tradita
1497 2405 1581 2450 est
1615 2408 1840 2469 propter
1868 2400 2061 2467 Deum,

2171 2393 2394 2462 ρίτητα.
2426 2391 2592 2458 Εἰδὼς
2628 2395 2739 2464 γὰρ
2763 2395 2908 2465 ὑμᾶς
2938 2396 3087 2463 ἅπαξ
3120 2410 3177 2453 εν
3200 2399 3464 2471 Αἰγύπτῳ
3499 2403 3729 2474 asp.an-

476 2491 541 2530 ea
567 2479 800 2544 ratione,
835 2481 975 2550 quod
1006 2482 1319 2554 bujusmodi
1353 2487 1626 2543 sacriﬁcia
1651 2489 1727 2542 illi
1757 2492 2061 2562 placerent.

2171 2486 2332 2549 κότας
2359 2484 2529 2546 θύειν.
2562 2488 2655 2539 καὶ
2692 2486 2867 2558 ἡδέως
2895 2488 3036 2557 πρὸς
3082 2489 3241 2543 τοῦτο
3266 2491 3364 2543 καὶ
3394 2492 3728 2547 δυσαποσπᾶ-

475 2566 663 2639 Νυῳιε
692 2572 838 2626 enim
877 2575 964 2629 his
1004 2578 1170 2632 rebus
1196 2576 1477 2646 indigebat
1524 2590 1620 2634 aut
1680 2582 2061 2639 delectabatur

2171 2595 2311 2641 στως
2345 2577 2592 2647 ἔχοντας,
2631 2579 2990 2653 συνεχώρησα
3019 2580 3182 2635 τοῦτο
3232 2583 3357 2637 κατ’
3399 2586 3724 2655 οἰκονομίαν,

481 2658 788 2717 Deus:sed
832 2664 1087 2722 humana:
1111 2668 1611 2728 dttritimttiisertlts
1669 2674 1843 2745 legem
1909 2676 2061 2731 illam

2171 2669 2525 2740 μεταστήσας
2576 2670 2677 2734 τὰς
2719 2671 2916 2736 θυσίας
2966 2674 3047 2736 είς
3097 2675 3360 2745 ἐμαυτὸν,
3394 2676 3483 2729 ἴνα
3512 2681 3579 2747 τῇ
3616 2695 3727 2731 συν-

482 2754 756 2809 tradidit:
798 2759 1159 2817 considerans
1196 2764 1343 2817 enim
1404 2763 1665 2822 Hebraeos
1710 2768 1764 2820 in
1825 2767 2061 2839 Aigypto

2171 2762 2319 2831 εχείᾳ
2354 2762 2563 2816 τούτων
2601 2764 2982 2834 μνημονεύητὲ
3030 2783 3154 2836 μου,
3200 2766 3297 2821 καὶ
3329 2770 3364 2839 ἠ
3399 2769 3509 2824 τῶν
3542 2771 3726 2824 θυσιῶν

470 2842 584 2910 jam
614 2844 880 2903 didicisse
921 2849 996 2905 uti
1027 2853 1343 2919 sacriﬁciis,
1379 2865 1432 2909 et
1470 2856 1702 2913 libenter
1738 2859 1790 2912 in
1829 2861 1913 2915 eis
1939 2876 2061 2915 ver-

2171 2854 2331 2925 ὴδονὴ
2384 2853 2595 2926 φυλάξῃ
2650 2857 2713 2909 es
2780 2858 3067 2930 πρδς“ὲμὲ
3120 2860 3286 2926 σέϐας
3329 2864 3388 2916 ὲν
3432 2864 3725 2936 ἀνθρώποις

476 2935 614 3002 sari,
648 2952 747 2992 nec
809 2955 968 3009 posse
1023 2943 1287 3011 perfacile
1327 2948 1398 3002 ab
1467 2946 1553 3002 bis
1616 2950 1800 3022 avelli,
1847 2966 2061 3007 summa

2171 2945 2507 3015 ἀχαρίστοις.
2537 2948 2632 3000 καὶ
2653 2949 2786 3019 ῥᾷον
2814 2950 3357 3022 ἐπιλανθανομένους.
3418 2955 3536 3009 Νῦν
3565 2957 3620 3011 at
3645 2957 3725 3010 τοῦ

479 3026 898 3096 dispensatione
923 3048 986 3088 ea
1013 3034 1081 3088 ad
1117 3042 1333 3107 tempus
1360 3042 1653 3107 concessit,
1682 3042 1815 3097 illud
1839 3043 2058 3100 interim

2171 3035 2380 3107 μακροῦ
2419 3038 2635 3105 χρόνου,
2698 3039 2796 3093 καὶ
2853 3040 2963 3096 τῶν
3022 3044 3298 3099 τοσούτων
3329 3047 3591 3102 ἑκάστοτε
3645 3066 3726 3118 ση-

476 3118 860 3189 lucrifaciens,
920 3125 1066 3194 quod
1100 3127 1166 3182 ad
1217 3130 1300 3184 sui
1339 3132 1548 3187 cultum
1584 3148 1647 3197 ea
1712 3133 2055 3202 transferret,

2171 3131 2337 3200 μείων
2370 3131 2789 3202 βεϐαιωσάντων
2816 3135 2985 3205 ὑμᾶς,
3015 3136 3095 3190 ὅτι
3116 3136 3229 3206 ἐγώ
3256 3139 3376 3206 είμι
3398 3140 3531 3203 Θεὸς
3562 3142 3721 3210 μόνος.

473 3212 734 3284 quodque
763 3215 842 3270 illi
869 3217 952 3271 sui
985 3219 1582 3289 smpiusmeminisseut
1614 3224 1744 3279 dum
1782 3224 2042 3297 frequen—

2171 3224 2447 3293 ιπογυμνῶ
2498 3224 2598 3294 τὴν
2654 3225 2796 3296 ἐμὴν
2828 3223 3076 3297 γνώμην,
3112 3230 3205 3281 καὶ
3258 3229 3559 3301 διαρρήδην
3604 3232 3726 3283 ἀπα-

471 3306 708 3361 tioribus
766 3310 1059 3368 sacriﬁciis
1094 3313 1443 3371 interessent.
1491 3316 1727 3371 Noverat
1759 3321 1906 3374 enim
1946 3324 2052 3377 hoe

2171 3315 2378 3389 γορεύω
2409 3316 2510 3379 τὰς
2566 3316 2757 3381 θυσίας
2784 3356 2799 3379 .
2835 3316 2911 3381 ὡς
2955 3319 3267 3391 ἀχρήστους
3318 3321 3415 3375 καὶ
3460 3324 3721 3392 περιττάς.

474 3408 639 3466 pacto
675 3399 1054 3460 intercedente
1107 3406 1287 3475 aliqua
1349 3408 1740 3475 oblectatione,
1796 3413 2051 3481 pietatem

2171 3410 2622 3480 Αίσχυνὲσθωσαν
2668 3412 2717 3464 οί
2783 3411 3072 3478 Ἰουδαῖοι,
3145 3416 3591 3487 παρατρέχοντες
3639 3414 3722 3485 τὴν

471 3502 537 3543 ac
574 3489 896 3561 religionem
924 3492 978 3548 in
1006 3494 1198 3560 Deu-n,
1230 3498 1284 3551 in
1323 3505 1433 3552 tam
1466 3499 1695 3565 ingratis
1723 3510 1889 3570 atque
1913 3504 2054 3559 oblio

2171 3502 2447 3574 ἀλήθειαν,
2486 3504 2582 3556 καὶ
2621 3503 2850 3574 μύοντες
2874 3506 3011 3577 πρὸς
3045 3505 3106 3559 τὸ
3127 3509 3184 3562 ὲν
3215 3510 3329 3571 τοῖς
3356 3511 3565 3579 ῥήμασι
3582 3505 3722 3560 τοῦτο

470 3577 644 3634 viosis
683 3580 887 3636 animis
924 3582 1136 3638 diutius
1173 3600 1336 3653 posse
1377 3590 1698 3643 conservari
1764 3606 1779 3643 :
1816 3600 1870 3643 at
1906 3608 2055 3646 nunc
2165 3594 2307 3663 φῶς.

469 3670 689 3738 quando
747 3679 859 3725 tsm
912 3671 1175 3729 diuturno
1245 3685 1490 3746 tcu‘pure
1561 3694 1625 3733 ac
1685 3681 1852 3737 tantis
1890 3683 2061 3752 signis
2098 3684 2304 3754 ubique
2338 3688 2584 3758 gentium
2618 3687 2781 3744 factis
2816 3688 3067 3746 homines
3093 3689 3205 3760 jam
3238 3692 3292 3745 in
3361 3692 3462 3747 boc
3537 3695 3723 3747 conﬁr-

472 3762 601 3816 mati
636 3772 786 3827 sunt,
832 3764 978 3834 quod
1026 3781 1167 3822 unus
1257 3778 1342 3824 est
1396 3784 1558 3826 verus
1631 3770 1795 3836 Dens,
1850 3773 2096 3831 denudat
2170 3778 2354 3848 palam
2396 3780 2487 3836 ille
2519 3791 2683 3852 atque
2706 3784 2884 3854 aperit
2913 3784 3074 3841 nobis
3116 3801 3213 3855 per
3254 3785 3575 3858 Prophetam
3618 3806 3726 3845 sen-

470 3857 692 3911 tentiam
729 3873 911 3925 suam,
966 3860 1364 3917 sacritlciorum
1408 3864 1837 3934 snperlluitatem
1879 3869 2026 3924 clare
2100 3873 2352 3929 omnibus
2416 3877 2769 3933 annuntians.
2829 3876 3254 3935 Confundantur
3311 3882 3480 3951 igitur
3546 3881 3721 3938 indui.

469 3949 566 4018 qui
665 3950 950 4006 veritatem
1007 3964 1348 4023 pervertunt,
1427 3964 1482 4013 et
1563 3957 1766 4025 lucem,
1832 3976 1954 4032 qua:
2032 3963 2086 4018 in
2155 3964 2453 4039 Scriptura
2498 3971 2684 4028 verbis
2744 3971 2911 4039 jacet,
2974 3972 3242 4044 obtegunt
3298 3949 3466 4047 atque
3515 3978 3723 4033 abscon-

471 4040 634 4097 dunt.

540 4129 707 4187 Vens.
736 4134 824 4191 10.
856 4134 1121 4203 Quoniam
1156 4155 1285 4195 metu
1330 4154 1452 4197 sunt
1506 4160 1680 4199 omnes
1734 4147 1858 4213 {crte
1919 4148 2060 4217 agri,

471 4241 662 4294 pecore
695 4226 750 4280 in
802 4230 1068 4285 montibus
1096 4241 1145 4286 et
1174 4234 1347 4289 boves.
1384 4236 1482 4302 Ea,
1536 4239 1739 4308 inquit,
1770 4240 2048 4299 sacriﬁcia

476 4332 584 4371 non
618 4320 945 4392 suscipiam,
977 4325 1237 4393 quoniam
1268 4338 1452 4382 creata
1501 4331 1685 4385 omnia
1728 4321 1845 4387 mea
1907 4343 2058 4390 sunt.

469 4409 576 4464 Per
606 4409 748 4466 feras
776 4420 960 4468 autem
996 4416 1113 4486 agri
1180 4419 1385 4473 munda
1445 4419 1705 4493 intelligit
1741 4426 2059 4495 quadrupes

469 4502 583 4569 dia,
620 4521 742 4574 quae
765 4507 819 4559 in
850 4510 997 4579 agris
1032 4519 1359 4578 pascuntur.
1410 4512 1562 4569 Solet
1591 4515 1736 4569 enim
1770 4517 2057 4588 Scriptura

2237 4147 2365 4201 ὀτι
2427 4145 2537 4215 ἐμά
2581 4147 2713 4201 ἐστι
2766 4148 2962 4201 πάντα
3012 4146 3084 4201 τὰ
3126 4150 3301 4217 θηρία
3364 4150 3471 4205 τοῦ
3533 4148 3718 4218 timori.

2158 4239 2352 4308 κτήνη
2400 4243 2471 4294 ἐν
2509 4238 2632 4305 τοῖς
2673 4239 2841 4308 ὄρεσι
2866 4279 2881 4303 ,
2915 4240 3016 4294 καὶ
3043 4241 3212 4306 βόες.
3239 4242 3363 4295 Ὅτι
3403 4244 3466 4296 ού
3494 4244 3717 4310 δέξομαι,

2157 4334 2315 4405 φησὶ,
2349 4334 2415 4388 τὰ
2448 4332 2719 4406 ρηθέντα,
2775 4333 2858 4386 ὅτι
2905 4332 3015 4402 ὲμά
3063 4335 3181 4386 ἐστι
3213 4334 3412 4389 πάντα.
3465 4336 3632 4405 Θηρέα
3673 4336 3720 4386 δὲ

2156 4425 2327 4496 ἀγροῦ
2387 4424 2535 4493 λέγει
2594 4423 2662 4477 τὰ
2694 4427 2753 4478 ὲν
2797 4425 2912 4487 τοῖς
2950 4424 3140 4493 ἀγροῖς
3193 4426 3472 4493 νεμόμενα
3525 4425 3715 4494 καθαρὰ

2154 4516 2502 4587 τετράποδα·
2549 4516 2612 4568 τὸ
2647 4515 2756 4585 γὰρ
2801 4515 2911 4569 τῶν
2951 4515 3158 4586 θηρίων
3202 4516 3396 4585 ὗνομα,
3448 4516 3573 4570 ποτὲ
3630 4517 3717 4586 μὲν

472 4610 581 4650 non
612 4595 842 4651 immitia
898 4606 1107 4653 tantmn
1168 4616 1233 4656 ac
1283 4602 1558 4657 silvestria
1616 4605 1898 4673 animalia,
1961 4607 2052 4662 sed

2171 4610 2254 4663 ἐπὶ
2278 4608 2390 4661 τῶν
2417 4605 2626 4678 ἀγρίων
2650 4647 2665 4673 ,
2723 4605 2856 4659 ποτὲ
2909 4605 2968 4659 δὲ
3004 4607 3098 4660 ἐπὶ
3136 4606 3243 4660 τῶν
3272 4608 3497 4678 ἡμέρων
3520 4608 3713 4678 τίθησιν

474 4691 713 4745 ιιιίιίονίσ
739 4692 903 4747 etiam
955 4708 1023 4750 ac’
1049 4695 1355 4753 domestica
1388 4699 1630 4755 ferarum
1675 4703 1905 4758 nomine
1954 4717 2052 4773 ap-

472 4781 699 4849 pellare.
744 4783 893 4840 Meas
950 4796 1133 4842 autem
1195 4804 1321 4845 esse
1346 4789 1498 4854 dico,
1546 4792 1675 4861 quia
1729 4792 2050 4861 huiusmodi

470 4873 652 4926 omnia
687 4889 789 4945 ego
811 4877 1014 4932 creavi.
1038 4878 1297 4945 Qttaedam
1327 4896 1456 4937 vero
1469 4884 1806 4954 exemplaria
1823 4885 2050 4943 habent:

472 4962 665 5019 Omnes
694 4965 822 5034 forte
850 4966 1127 5032 silvarum,
1176 4978 1232 5026 et
1286 4978 1418 5027 tunc
1474 4974 1709 5030 immitia
1770 4975 2050 5047 intelliges

467 5054 775 5123 signiﬁcari
848 5057 1135 5117 animalia.
1188 5060 1462 5131 siquidem
1527 5064 2059 5131 agrosdomestica

466 5146 673 5216 praedia
718 5149 1088 5219 appellamus,
1123 5160 1178 5208 et
1211 5153 1401 5217 silvas,
1445 5155 1745 5210 immitiora
1804 5156 1944 5219 loca,
2002 5157 2056 5211 in

466 5240 670 5310 quibus
704 5240 833 5298 feras
854 5244 1035 5300 solent
1062 5246 1238 5316 magis
1262 5247 1467 5303 versari
1504 5266 1516 5302 :
1551 5256 1606 5302 et
1641 5256 1773 5302 tunc
1793 5261 2057 5315 expones,

2162 4695 2440 4765 ἠΓραφὴ.
2479 4693 2621 4763 Ἐμὰ
2671 4693 2727 4746 δὲ
2778 4688 2872 4746 οῦν
2900 4695 3071 4756 ἐστιν.
3127 4694 3203 4757 ὡς
3241 4696 3377 4763 ἐμοῦ
3429 4697 3713 4753 κτίσαντος.

2158 4787 2291 4841 Τινά
2332 4786 2390 4840 δὲ
2436 4785 2544 4840 τῶν
2591 4785 2944 4855 ἀντιγράφων
2977 4786 3154 4854 θηρία
3186 4786 3293 4841 τοῦ
3314 4787 3547 4859 δρυμοῦ
3589 4788 3715 4857 γρά-

2160 4894 2374 4949 φουσιν,
2409 4878 2467 4931 ὲν
2496 4869 2579 4939 οἷς
2621 4877 2823 4946 μᾶλλον
2856 4878 3073 4949 νοήσεις
3095 4880 3163 4931 τὰ
3197 4879 3371 4948 ἄγρια
3392 4896 3406 4908 ·
3448 4882 3593 4950 ἀγροὶ
3622 4881 3714 4950 μὲν

2160 4969 2290 5039 γὰρ,
2336 4966 2408 5021 τὰ
2448 4967 2636 5038 ἥμερα
2660 4966 2835 5038 χωρία
2884 4982 2901 4997 ⁸
2944 4967 3141 5038 δρυμολ⁵
3187 4968 3267 5035 δὲ.
3299 4967 3370 5021 τὰ
3411 4969 3577 5037 ὑλώδη
3630 4968 3715 5020 καὶ

2161 5060 2528 5132 θηριότροφα·
2564 5059 2660 5112 καὶ
2700 5058 3008 5122 ἀποδώσεις
3063 5061 3145 5122 εἰς
3197 5060 3486 5129 ἐξήγησιν,
3533 5061 3607 5113 ὅτι
3646 5058 3715 5110 (lit

2155 5153 2223 5208 τὰ
2253 5151 2439 5223 ἥμερα
2473 5150 2636 5222 μόνον
2665 5151 2777 5220 ὲμά
2802 5152 2975 5217 ἐστιν,
3008 5152 3144 5205 ἀλλὰ
3174 5153 3269 5204 καὶ
3316 5152 3385 5205 τὰ
3415 5154 3587 5225 ἄγρια.
3630 5150 3711 5216 Ἐξ

2156 5242 2356 5311 ὀλίγων
2381 5242 2437 5296 δὲ
2469 5240 2647 5306 ζώων,
2666 5240 2764 5295 ὅλα
2790 5241 2857 5295 τὰ
2879 5240 3252 5312 θυσιαζόμενα
3275 5243 3450 5299 καλεῖ.

466 5336 612 5405 quod
643 5351 752 5391 non
800 5338 979 5393 solum
1019 5339 1319 5394 domestica
1358 5339 1623 5393 animalia
1675 5338 1768 5394 Dei
1801 5347 1951 5401 sunt,
1989 5338 2082 5393 sel
2123 5339 2286 5393 etiam
2316 5335 2611 5392 silvestria.
2638 5335 2735 5389 His
2768 5343 2951 5390 autem
3014 5336 3204 5405 paucis
3260 5338 3566 5390 animalium
3621 5348 3713 5388 uo-

467 5431 711 5507 minjbus
765 5441 962 5488 caetera
990 5434 1177 5489 omnia
1211 5433 1484 5489 contineri
1498 5434 1694 5498 voluit,
1723 5449 1844 5504 qua:
1865 5434 2152 5490 sacriﬁciis
2185 5441 2315 5488 sunt
2362 5432 2580 5490 idonea.

543 5526 712 5583 Vsus.
770 5527 858 5582 Η.
914 5527 1150 5601 Cognovi
1193 5527 1374 5582 omnia
1407 5526 1645 5582 volatilia
1713 5526 1849 5581 caeli.
1893 5525 2050 5592 Novi,

470 5619 674 5688 inquit,
714 5620 831 5675 haec
869 5623 1078 5681 omnia,
1123 5633 1187 5675 ac
1222 5617 1390 5675 veluti
1454 5620 1803 5678 certissimus
1855 5635 2048 5677 eorum

475 5711 761 5778 Dominus,
796 5725 1117 5770 enumerata
1144 5728 1207 5769 ea
1242 5713 1419 5770 habeo
1450 5728 1618 5785 penes
1655 5729 1762 5770 me.

2235 5528 2511 5595 Ἔγνωκα
2581 5523 2778 5579 πάντα
2838 5523 2911 5579 τὰ
2972 5522 3214 5578 πετεινὰ
3280 5522 3387 5577 τοῦ
3447 5520 3708 5589 adparari-

2160 5617 2421 5687 Γνωρίζω
2473 5616 2681 5672 ταῦτα·
2736 5614 3097 5689 ἠριθμημένα
3142 5614 3283 5686 ἔχω,
3331 5614 3406 5679 ὡς
3452 5614 3707 5680 Δεσπότης

2160 5708 2362 5764 αὐτῶν.

544 5893 591 5929 θ’
618 5893 722 5951 lsa.
780 5910 816 5963 ι,
858 5893 937 5962 Il,
976 5895 1061 5951 l2.
1137 5895 1182 5930 ’³
1217 5894 1428 5953 Jercm.
1466 5912 1536 5962 vr,
1565 5895 1655 5952 20.
1722 5897 1769 5929 “
1797 5894 2000 5952 Jerem.
2025 5907 2125 5961 vn,
2152 5891 2242 5948 22.
