3866 6574
134 350 230 417 tta
1271 297 1661 410 COMlllEN'l‘.

1843 345 2179 409 ’SALMOS.
3261 353 3370 417 546

193 463 293 519 Kal
330 460 627 530 ὡραιότης
668 457 854 529 ἀγροῦ
889 459 1015 530 μετ’
1045 457 1193 529 ἐμοῦ
1235 460 1429 516 ἐστιν.
1472 461 1682 532 Ὠεραιό⁴
1714 509 1720 524 ,

1868 457 1935 514 Et
1951 458 2291 529 pulchritudo
2310 460 2424 531 agri
2434 477 2649 518 nucum
2671 472 2768 519 est.
2788 463 2889 521 Per
2913 467 3374 538 pulchritudinem

136 574 257 629 τητα
305 555 574 610 ἐκάλεσεν
617 552 789 626 ἀγροῦ
836 553 965 617 τοὺς
1012 554 1073 621 ἐξ
1122 554 1311 626 ἀγρῶν
1380 555 1663 626 φυομένοεη

1846 552 1905 621 {ri
1943 553 2158 610 fructus
2201 553 2452 625 intelligit
2488 556 2583 627 qui
2631 558 2685 612 in
2713 558 2860 628 agris
2895 571 3224 624 nascuntur,
3281 566 3373 634 qui

136 644 402 719 καρπούςο
452 642 635 700 ταῦτα
688 643 797 715 γὰρ
846 643 943 698 καὶ
969 643 1173 708 κάλλος
1200 644 1308 697 εισι
1336 643 1433 697 τοῦ
1485 643 1660 716 ἀγροῦ

1846 645 1948 700 iam
1975 645 2441 718 pulchritudinem
2464 649 2757 719 quamdam
2794 660 2958 722 atque
2987 664 3373 710 ornamentum

135 740 216 793 καὶ
235 738 407 808 ὡραῖα
434 735 526 789 διὰ
562 734 663 799 τὰς
691 734 843 805 ὧρας
868 733 963 788 τοῦ
995 734 1247 790 ἐνιαυτοῦ
1300 734 1662 805 ὀνομάζονται

1850 735 1937 803 ;ris
1961 735 2218 804 omnibus
2234 746 2519 807 praestant.
2552 737 2619 792 Et
2635 739 2762 809 quia
2784 739 2970 797 Graeca
2991 741 3163 798 dictio
3176 742 3377 813 ὡραιό-

133 832 257 887 Μετ’
283 826 429 899 ἐμοῦ
456 828 516 881 δέ
551 828 744 894 ἐστιν,
771 829 892 880 ἀντὶ
922 826 1041 892 τοῦ,
1098 826 1236 898 Παρ⁹
1264 827 1412 898 ἐμοὶ,
1443 828 1500 880 ἐν
1535 825 1658 892 ἐξου

1852 844 1918 899 ις,
1955 842 2065 883 non
2098 828 2575 898 pulchritudinem
2612 841 2849 898 tantum,
2896 834 2992 889 sed
3030 837 3379 905 tempestivi-

135 925 211 997 σία
257 938 375 993 μου.
413 921 563 991 Ὅρα
605 921 661 975 δέ
715 920 834 984 πῶς
892 918 1236 984 συνοπτικῶς
1307 919 1662 990 ἐμνημόνευσ

1855 926 1964 974 tem
2000 920 2167 975 etiam
2200 921 2497 991 signiﬁcat,
2525 939 2646 994 quae
2687 924 2742 979 in
2767 925 2913 996 agris
2962 924 3019 982 id
3069 926 3255 997 eﬁicit,
3314 939 3374 983 ut

132 1017 330 1069 πάντων
348 1029 364 1044 ·
397 1013 810 1084 προσεφέροντο
835 1012 943 1085 γὰρ
967 1014 1047 1076 είς
1075 1011 1270 1065 θυσίαν
1305 1010 1415 1065 ἀπὸ
1452 1009 1552 1080 μὲν
1575 1009 1659 1064 τῶτ

1842 1011 1912 1065 tis
1939 1015 2542 1085 quaequetemporibns
2596 1016 2737 1072 miro
2772 1017 2964 1073 ordine
3024 1023 3367 1089 proveniunt,

133 1104 480 1178 τετραπόδων,
530 1105 678 1177 βόες,
723 1106 820 1158 καὶ
844 1107 1064 1176 τράγοι,
1110 1104 1204 1158 καὶ
1257 1104 1546 1174 πρόϐατα·
1574 1102 1660 1157 an;

1852 1119 1882 1159 c
1905 1105 2053 1177 quod
2094 1107 2240 1164 hanc
2271 1109 2759 1179 tetnpestivitatem
2835 1110 2980 1167 Deus
3026 1127 3212 1168 secum
3247 1130 3372 1169 esse

133 1201 181 1254 δέ
224 1200 323 1253 τῶν
364 1198 658 1263 πετεινῶν,
701 1197 1049 1268 περιστεραὶ,
1101 1195 1195 1250 καὶ
1240 1196 1534 1266 τρυγόνες’
1576 1195 1660 1248 ἀπε

1843 1197 1956 1265 icit,
2011 1200 2139 1270 quia
2189 1201 2241 1256 in
2284 1202 2407 1272 ejus
2456 1201 2717 1259 facultate
2772 1211 2882 1272 est,
2919 1221 3039 1262 eam
3109 1217 3370 1276 pratstare

133 1294 179 1346 δὲ
202 1292 301 1345 τῶν
330 1291 587 1362 καρπῶν,
620 1289 927 1362 σεμίδαλις,
955 1290 1052 1343 κει)⁸
1082 1285 1249 1353 οἶνος,
1290 1288 1384 1340 καὶ
1410 1286 1610 1340 ἔλαιον.

1839 1290 1942 1361 gris
1974 1298 2069 1346 aut
2092 1307 2313 1362 negare.
2332 1291 2399 1346 Et
2414 1295 2701 1350 considera
2723 1310 2884 1365 quam
2918 1297 3107 1367 paucis
3122 1299 3366 1353 omnium

136 1386 443 1449 meminerit,
469 1400 596 1456 qua:
628 1387 681 1440 in
720 1383 998 1439 sacriﬁcio
1047 1381 1439 1438 oﬁcrebantur.
1472 1377 1858 1435 Olferebantur
1895 1382 2042 1439 enim
2075 1400 2142 1439 ex
2177 1385 2630 1457 quadrupedibus
2690 1388 2884 1456 boves,
2963 1390 3125 1457 hirci,
3195 1402 3369 1463 atque

135 1499 274 1550 ores;
314 1498 378 1538 ex
408 1481 761 1547 volucribus,
795 1480 1084 1545 columbae,
1115 1488 1169 1534 et
1194 1486 1438 1533 turtures
1476 1494 1490 1530 :
1519 1483 1574 1530 et
1608 1489 1696 1529 ex-
1716 1483 1878 1533 terra:
1941 1478 2217 1551 frugibus.
2269 1482 2455 1553 siligo,
2483 1483 2695 1550 viuum,
2725 1494 2892 1556 atque
2918 1486 3126 1541 oleum.

204 1577 332 1633 Ἐὰν
350 1575 646 1644 πεινάσω,
673 1577 747 1630 οὐ
780 1573 867 1646 μή
907 1589 1009 1629 σοι
1036 1572 1207 1626 εἴπω.
1243 1568 1414 1622 Τοῦτο
1446 1567 1565 1622 κατ’
1601 1566 1683 1620 el-

1857 1567 2026 1628 γεω.
2059 1572 2149 1627 12.
2175 1572 2239 1629 Si
2255 1575 2512 1642 esuriem,
2544 1592 2644 1631 non
2675 1576 2852 1630 dicam
2876 1578 2990 1632 tibi.
3012 1577 3115 1632 Per
3137 1577 3367 1633 ironiam

138 1670 333 1742 ρωνείαν
360 1665 504 1733 εἶπε,
559 1667 841 1737 διασύρων
881 1664 978 1737 τὴν
1004 1662 1186 1719 αὐτῶν
1223 1660 1537 1732 παχύτητα,
1579 1658 1665 1711 oio

1837 1676 1891 1717 ac
1939 1663 2096 1730 dicit,
2152 1665 2496 1734 redarguens
2542 1682 2734 1723 eorum
2789 1671 3235 1736 crassitudinem,
3272 1675 3364 1743 qui

141 1765 289 1835 μένων
322 1762 410 1817 τὸν
447 1761 594 1815 Θεὸν
637 1760 848 1814 δεῖσθαι
900 1758 1010 1812 τῶν
1055 1754 1258 1810 θυσιῶν
1320 1755 1400 1816 είς
1453 1748 1668 1821 βρῶσιν.

1837 1753 2061 1810 stabant
2082 1770 2241 1826 egere
2280 1756 2447 1813 Deum
2478 1758 2773 1816 sacriﬁciis
2799 1759 2866 1815 ad
2897 1760 3364 1826 manducandum,

136 1856 276 1926 θησὶν
312 1852 423 1919 οὖν,
456 1855 541 1907 ὅτι
576 1853 688 1906 Καὶ
720 1853 771 1906 εί
821 1850 1000 1923 ὀρθῶς
1034 1845 1441 1917 ὑπελάμϐανες.
1474 1842 1577 1894 οὐκ
1616 1839 1663 1895 at

1835 1844 1923 1900 »εἰ
1958 1844 2217 1903 diceret:
2255 1845 2499 1906 Tametsi
2553 1857 2613 1905 tu
2675 1850 2730 1907 id
2793 1862 2945 1909 recte
2994 1854 3362 1921 existimares,

139 1949 329 2018 ἐζήτουν
356 1949 550 2016 φαγεῖν
596 1946 704 2000 ἀπὸ
736 1945 853 1999 σοῦ.
883 1944 994 1998 Καὶ
1022 1942 1258 1998 ἄκουσον
1281 1939 1378 2008 τὴν
1407 1933 1608 1988 αἰτίαν.

1839 1952 1889 2005 go
1917 1945 2100 1995 tamen
2123 1953 2151 1992 a
2180 1949 2237 1995 te
2266 1939 2478 1996 nullum
2511 1949 2754 2011 peterem
2784 1943 2970 2000 cibum
3028 1945 3098 2001 ad
3133 1948 3366 2003 mandu-

1839 2028 2046 2083 iudum.
2067 2026 2135 2082 Et
2158 2044 2385 2085 causam
2413 2028 2642 2085 subiicit
2681 2048 2700 2085 :

1782 2028 2046 2083 ca‘udum.
2067 2028 2135 2082 Et
2158 2044 2385 2086 causam
2413 2028 2642 2100 subiicit
2681 2048 2700 2088 :

202 2128 328 2197 Ἐμὴ
362 2127 466 2197 γάρ
495 2127 682 2182 ἐστιν
722 2127 760 2195 ἠ
792 2124 1118 2196 οἰκουμένη
1168 2119 1362 2176 καὶτὸ
1392 2112 1686 2182 πλήρωμα

1853 2114 1999 2170 Meus
2020 2124 2098 2171 cst
2120 2119 2260 2173 enim
2298 2119 2444 2174 orbis
2475 2129 2631 2175 terra:
2661 2130 2711 2176 et
2738 2122 3021 2193 plenitudo
3047 2124 3182 2195 ejus.
3226 2125 3360 2182 Cum

138 2220 313 2288 αὐτῆς.
346 2219 518 2291 Ἑμῆς
549 2218 750 2289 οὔσης,
773 2217 966 2272 ἔλαϐον
1000 2216 1068 2270 ἂν
1103 2216 1289 2277 αὐτός.

1833 2203 1962 2272 {itur
1987 2221 2106 2263 mea
2133 2208 2205 2263 sit
2233 2215 2403 2274 terra,
2439 2224 2655 2266 sumam
2697 2225 2820 2283 ego,
2875 2212 2923 2269 si
2987 2229 3129 2284 opus
3173 2214 3360 2283 fuerit,

141 2331 163 2367 ι
188 2329 257 2368 tne
289 2313 401 2384 ipso
433 2312 861 2386 [quodcumque
913 2313 1163 2369 libuerit.
1199 2309 1307 2366 Sed
1346 2306 1475 2378 quia
1513 2300 1676 2357 nullis
1717 2294 1863 2353 Deus
1925 2299 2240 2369 huiusmodi
2296 2299 2636 2374 adjumentis
2692 2304 2922 2376 indiget,
3003 2308 3134 2363 audi
3229 2309 3362 2379 quid

140 2406 178 2459 d'
211 2423 234 2460 a
282 2445 296 2461 .

170 2404 276 2569 muti}
302 2501 557 2573 φάτομαι
601 2500 715 2572 (79)
745 2499 891 2570 κρέα
924 2500 1178 2569 ταύρων,
1205 2497 1243 2568 ἢ
1268 2493 1411 2579 αἷμα
1441 2491 1667 2564 τράγων

1852 2478 2022 2536 Vsus.
2053 2480 2140 2537 l5.
2184 2480 2445 2553 Nunquid
2477 2482 2806 2539 manducabe
2844 2501 3031 2565 carnes
3059 2495 3358 2555 taurorum,

142 2562 341 2663 αἰθρίης
376 2562 509 2650 ἰξαΐ
537 2562 819 2665 ἐρώτησιν
852 2593 933 2648 ἔτι
962 2562 1299 2663 πλατύτερον
1326 2562 1544 2657 ἐλέγξει
1574 2582 1669 2656 τὴν

1832 2584 1869 2624 ιι
1891 2573 2199 2643 sanguinem
2219 2573 2488 2629 hircorum
2505 2577 2698 2643 potabo
2716 2574 2744 2628 ?
2758 2575 2857 2630 Per
2880 2562 3359 2648 interrogationem

146 2661 292 2743 ἄνοιαν
320 2686 526 2744 αὐτῶν*
570 2661 666 2759 Μὴ
717 2661 848 2758 γὰρ,
877 2687 1064 2757 φησὶν,
1114 2661 1283 2749 ὼςήοί
1327 2679 1673 2752 ψευδώνυμοι

1832 2662 2005 2731 genda
2078 2671 2208 2719 sunt
2256 2664 2372 2720 haec
2446 2664 2638 2721 verba.
2694 2664 2882 2723 Latius
2932 2676 3112 2723 autem
3169 2684 3358 2724 eorum

147 2779 233 2832 θεοὶ
271 2778 370 2832 τῶν
404 2780 606 2843 ἐθνῶν,
670 2779 930 2844 τοιαύτης
997 2775 1256 2848 βρώσεως
1296 2772 1391 2826 καὶ⁵
1459 2771 1674 2839 πόσεως

1832 2755 2076 2810 nentiam
2126 2756 2412 2829 redarguit
2480 2756 2806 2829 :Nunquid
2870 2775 2993 2832 ego,
3080 2761 3359 2833 inquiens.

145 2870 414 2941 ἐπιδέομαις
470 2873 688 2940 ὃπουγε
737 2869 836 2923 καὶ
874 2846 1060 2922 πολλοὶ
1103 2868 1212 2921 τῶν
1241 2861 1674 2933 ἐπιεικεστέρων
1784 2846 2270 2941 ((ι-υεωιιίιηιοίὶυιη
2352 2850 2475 2909 falsi
2528 2853 2773 2923 gentium
2856 2852 2955 2925 dii)
3042 2854 3361 2925 ltujusmodi

144 2965 396 3032 ἀνθρώπων
423 2964 874 3037 ἀποστρέφονται
902 2963 1108 3033 ταὺτην
1147 2959 1244 3015 καλ⁸
1297 2956 1671 3012 διαπτύουσιν.

1840 2939 2042 3006 bo,aut
2074 2949 2205 3012 potu
2246 2942 2466 3012 indigeo
2486 2942 2508 2997 l
2528 2943 2973 3015 quandoquidem
3006 2946 3160 3000 multi
3191 2946 3359 3001 ctiam

1777 3030 2051 3100 aequiores
2109 3033 2357 3090 homines
2389 3049 2453 3090 ea
2493 3035 2775 3106 negligunt
2834 3044 2891 3090 et
2954 3038 3361 3093 contemnunt?

200 3145 370 3201 Θῦσον
388 3145 466 3214 τῷ
498 3143 633 3211 Θεῷ
653 3144 877 3202 θυσίαν
904 3140 1215 3206 αἰνέσεως.
1234 3138 1383 3211 Ὀρα
1421 3134 1674 3208 φανερῶς

1852 3123 2122 3181 νεκεΛι.
2161 3125 2391 3182 Immola
2429 3128 2534 3184 Deo
2550 3130 2884 3198 sacri/icium
2936 3128 3132 3185 laudis.
3171 3129 3358 3186 Palam

147 3232 500 3305 ἐκδαλλομένην
532 3232 643 3304 τὴν
668 3232 901 3302 νομικὴν
927 3227 1207 3300 λατρείαν,
1230 3227 1324 3281 καὶ
1348 3225 1671 3288 ἀντεισαγοσ

1833 3226 1934 3273 ttet
1963 3235 2031 3274 ex
2086 3219 2174 3276 his
2220 3221 2408 3277 verbis
2460 3222 2686 3292 legalem
2764 3222 2975 3277 cultum
3030 3224 3255 3293 expelli,
3303 3230 3360 3279 et

148 3325 284 3396 μένην
300 3326 391 3397 τὴν
418 3324 819 3394 εὐαγγελικήν.
860 3323 927 3375 Ἦ
960 3320 1072 3393 γὰρ
1101 3318 1170 3373 δι’
1198 3317 1468 3379 αἰνέσεως
1504 3313 1667 3368 θυσία

1831 3312 2153 3383 νεηεειίευηι
2195 3314 2494 3370 introduci.
2526 3314 2870 3369 Sacriﬁcium
2900 3316 3047 3370 enim
3087 3315 3233 3385 quod
3260 3332 3358 3386 per

145 3418 233 3477 τοῖς
256 3418 594 3489 Χριστιανοῖς
619 3414 1104 3485 ἀποκεκλήρωται.
1145 3410 1365 3464 Δίνεσιν
1416 3408 1474 3461 δέ
1516 3406 1668 3475 λέγει

1831 3402 1992 3458 udem
2026 3402 2107 3469 ﬁt,
2132 3403 2472 3460 Christianis
2495 3406 2820 3461 attributum
2852 3417 2957 3462 est.
2986 3406 3089 3460 Per
3134 3406 3351 3461 laudem

146 3507 221 3578 τὴν
237 3511 511 3588 εὐφημίαν,
577 3509 611 3580 ἢ
645 3508 744 3579 τὴν
775 3505 1167 3577 εὐχαριστίανο
1230 3502 1327 3556 καὶ
1373 3499 1671 3571 ἀμφότερα

1833 3506 1906 3547 ero
1933 3491 2371 3549 benedictionem
2409 3503 2464 3550 et
2494 3495 2798 3567 gratiarum
2845 3497 3119 3551 actionem
3156 3497 3360 3553 intelli-

145 3598 231 3673 γὰρ
257 3600 327 3654 δεῖ
345 3581 539 3666 ποιεῖν,
611 3601 698 3670 ιφ’
729 3594 812 3663 οἷς
860 3600 926 3652 ὲκ
949 3595 1047 3650 τοῦ
1076 3595 1154 3667 μὴ
1178 3594 1332 3658 ὄντος
1387 3591 1672 3663 παρήχθη·

1825 3587 1877 3640 ιι.
1920 3581 2228 3656 Utrumque
2259 3586 2404 3642 enim
2436 3586 2705 3645 debemus
2732 3586 2865 3653 Deo,
2900 3587 3226 3644 benedicere
3302 3590 3352 3643 ei

148 3704 243 3756 μεν,
265 3691 344 3743 καὶ
370 3691 436 3745 τὰ
456 3690 605 3762 πρὸς
628 3687 819 3761 χρείαν
843 3687 938 3740 καὶ
968 3684 1269 3742 ἀπόλαυσιν
1290 3680 1669 3753 ἐκτησάμεθα,

1829 3676 2061 3741 mirum,
2113 3687 2171 3733 et
2199 3679 2407 3748 gratias
2452 3693 2636 3750 agere,
2677 3680 2823 3750 quod
2880 3679 3092 3736 scilicet
3131 3682 3185 3735 in
3233 3698 3356 3736 esse

145 3784 218 3834 καὶ
237 3786 334 3853 φῶς
367 3784 628 3854 γνώσεως
657 3781 1095 3854 προσελάσομεν,
1130 3776 1227 3833 καὶ
1249 3774 1439 3841 ἁπλῶς
1472 3774 1670 3841 εἰπεῖν,

1828 3767 2027 3825 roducti
2084 3785 2302 3837 sumus,
2342 3784 2467 3825 cum
2498 3779 2658 3829 antea
2714 3786 2823 3826 non
2871 3787 3147 3837 essemus,
3211 3775 3355 3844 qunti

145 3874 398 3946 τηλικαῦτα
429 3879 533 3949 sim
540 3874 787 3949 ργετήθη
796 3890 918 3946 μεν.

1833 3861 1900 3916 sui
1926 3871 2118 3919 nostro
2145 3863 2458 3919 necessaria
2490 3862 3010 3935 poeMdi-mus,quod
3030 3867 3216 3937 cognit
3238 3868 3360 3923 ouis

1187 3948 1195 3957 ’
1378 4006 1383 4011 .
1774 3953 1961 4011 lumen
1997 3954 2342 4026 accepimus,
2372 3965 2428 4012 et
2455 3954 2603 4026 quod
2637 3957 2873 4012 summis
2901 3955 3140 4028 denique
3173 3957 3358 4014 allecti

1773 4061 1967 4102 sumus
1996 4046 2301 4104 beneﬁciis.

196 4138 287 4192 Kal
314 4139 538 4208 ἀπόδος
578 4138 660 4205 τῷ
702 4136 974 4207 ’Υψίστφ
997 4132 1106 4201 τὰς
1136 4131 1327 4203 εὐχάς
1378 4145 1519 4187 σου.
1558 4129 1672 4194 Τὰς

1847 4134 1913 4190 Et
1948 4137 2105 4192 redde
2141 4138 2415 4194 Altissimo
2441 4147 2561 4194 uota
2593 4149 2707 4195 tua.
2741 4139 2801 4195 Id
2829 4148 2938 4204 est.
2986 4142 3270 4197 orationes
3302 4151 3355 4194 et

143 4228 254 4302 ὑπὲρ
282 4235 550 4305 σωτηρίας
574 4249 668 4286 σου
688 4247 704 4263 °
761 4231 1058 4302 χρεωστεῖς
1084 4226 1196 4298 γὰρ
1241 4226 1402 4280 τοῦτο
1445 4225 1620 4280 ποιεῖν
1656 4240 1670 4257 ·

1831 4244 1968 4285 'eces
2003 4244 2102 4299 pro
2132 4231 2308 4286 salute
2344 4239 2458 4286 tua.
2494 4232 2665 4288 Debes
2707 4234 2852 4289 enim
2905 4232 2957 4287 id
3013 4232 3214 4288 facere.
3267 4232 3358 4288 Vel

142 4322 324 4396 ῆεύχὰς
348 4326 497 4396 λέγει
550 4327 647 4390 τὰς
684 4323 1033 4396 ὑποσχέσεις,
1073 4319 1174 4384 τὰς
1224 4317 1368 4389 ὑπὲρ
1421 4316 1515 4371 τοῦ
1579 4317 1669 4370 εὐ-

1827 4334 1872 4374 tr
1903 4329 2029 4374 vota
2086 4321 2482 4390 promissiones
2506 4322 2768 4392 intelligo,
2798 4338 2939 4392 quas
2984 4321 3189 4378 fecerat
3227 4324 3354 4377 Dcn.

142 4421 349 4485 αρεστείν
374 4420 523 4474 αὑτω
550 4430 568 4446 ’
598 4415 750 4471 οὕτω
785 4418 893 4486 γὰρ
925 4415 1100 4469 ποιεῖν
1123 4412 1218 4467 καὶ
1268 4409 1512 4464 Ἰουδαῖοι
1568 4411 1669 4463 ἐπ-

1830 4426 1854 4465 a
1887 4411 2033 4467 enim
2070 4427 2130 4468 se
2162 4412 2404 4468 facturos
2438 4412 2548 4467 Deo
2594 4412 2993 4483 pollicebantur
3043 4411 3215 4467 Judaei
3241 4453 3256 4476 ,
3304 4421 3357 4466 et

140 4509 442 4578 τ,γγείλαντο,
471 4510 571 4567 καὶ
616 4510 779 4583 ἡμεῖς
837 4503 1311 4576 ἐπαγγελλόμεθα,
1361 4500 1440 4566 ὡς
1495 4500 1667 4555 δοῦλοι

1828 4517 1878 4560 ιε
1906 4504 2068 4559 etiam
2098 4505 2446 4573 pollicemur,
2482 4512 2740 4574 tanquam
2771 4505 2916 4559 servi
2951 4503 3217 4570 Domino;
3246 4505 3355 4560 Deo

140 4602 366 4678 Δεσπότῃ.
397 4606 704 4677 Εὐαρεστεῑ
753 4602 812 4656 δὲ
874 4600 1036 4672 μόνος
1089 4598 1119 4651 ὁ
1175 4598 1470 4668 ἐνάρετος·
1521 4594 1582 4647 τὸ
1614 4592 1667 4648 δὲ

1819 4604 1957 4650 utem
1990 4594 2037 4649 is
2066 4595 2219 4650 solus
2248 4594 2426 4664 placet
2449 4635 2464 4654 ,
2500 4594 2591 4664 qui
2631 4593 2838 4649 virtute
2896 4594 3159 4664 praeditus
3212 4608 3293 4650 est
3332 4612 3346 4648 :

142 4693 261 4749 θύειν
280 4662 407 4767 ζῶα,
435 4662 541 4755 of»;
567 4696 771 4769 ἀρετή·
799 4662 1030 4750 unicast
1057 4689 1127 4745 τά
1153 4662 1306 4761 ἔθνη..
1335 4687 1487 4762 παρὰ
1510 4684 1669 4741 τοῦτο

1830 4686 1877 4742 ιιι
1925 4662 2546 4753 εεετίίίοιιτεὶηίωεῑίυ,
2579 4685 2782 4740 nullius
2818 4662 3045 4755 prorsus
3068 4695 3149 4741 est
3177 4686 3357 4740 virtu-

141 4784 350 4859 ἐνάρετα,
1779 4772 1872 4827 tis.
1906 4770 2092 4841 Neque
2133 4772 2279 4827 enim
2337 4781 2528 4844 gentes
2567 4774 2638 4829 ob
2684 4788 2785 4830 sua
2839 4773 3112 4830 sacriﬁcia
3156 4775 3356 4830 virtute

1778 4873 2040 4934 praestare
2065 4863 2479 4920 existimantur.

192 4970 282 5024 Kal
308 4934 665 5037 ἐξεκάλεσαὶ
682 4987 759 5040 με
788 4970 860 5025 ἐν
886 4966 1078 5038 ᾑμέρᾳ
1105 4965 1373 5035 θλίψεως
1393 4979 1535 5029 σου,
1567 4962 1668 5017 καί

1856 4955 2019 5012 Vens.
2052 4957 2138 5012 15.
2179 4955 2246 5011 Et
2273 4958 2455 5011 invoca
2494 4972 2572 5011 me
2610 4958 2665 5011 in
2700 4956 2784 5013 die
2830 4959 3195 5014 tribulationis
3226 4969 3351 5024 tum,

139 5058 420 5134 ἐξακοῦμαι
452 5079 549 5132 σε,
588 5064 688 5123 καὶ
718 5062 1003 5127 δοξάσεις
1029 5075 1129 5129 με.
1162 5056 1321 5112 Οὕτω
1364 5055 1548 5121 θῦσον,
1575 5053 1666 5108 καὶ

1825 5060 1827 5095 τ
1856 5064 2042 5104 eruam
2073 5058 2142 5112 te,
2163 5058 2213 5102 et
2238 5043 2564 5119 gioriﬁcabis
2596 5065 2698 5105 mc.
2721 5049 3008 5114 Sacritica,
3033 5052 3229 5123 inquit.
3253 5053 3352 5104 hoc

140 5153 304 5219 ἀπόδος
331 5157 358 5210 ὃ
385 5159 704 5229 χρεωστείς,
735 5157 833 5209 καὶ
869 5154 990 5207 τότε
1023 5150 1374 5224 θαρρούντως
1414 5147 1667 5204 ἐπικάλε-

1822 5152 1962 5212 acto,
1986 5154 2041 5200 et
2071 5144 2236 5200 redde
2271 5143 2380 5200 Deo
2411 5144 2556 5214 quod
2606 5143 2774 5201 debes
2795 5184 2811 5209 ,
2854 5154 2911 5199 et
2961 5153 3095 5198 tunc
3133 5142 3349 5198 deunun

142 5245 214 5295 σαί
246 5263 327 5315 με,
354 5250 447 5302 καὶ
477 5248 770 5318 ἐξελοῦμαί
794 5263 854 5299 σε
882 5245 981 5316 τῆς
1029 5244 1285 5314 θλίψεως,
1345 5243 1456 5296 εἴτε
1520 5242 1669 5313 παρά

1825 5251 1973 5292 tvoca
2006 5251 2111 5298 me,
2144 5244 2201 5291 et
2234 5237 2463 5307 eripiam
2502 5244 2555 5291 te
2605 5250 2671 5290 ex
2697 5236 2845 5289 omni
2897 5233 3211 5298 hominum,
3260 5240 3352 5286 aut

141 5333 422 5407 ἀνθρώπων,
448 5344 557 5395 εἴτε
580 5340 733 5411 παρά
763 5337 1059 5409 δαιμόνων.
1115 5336 1229 5391 Καὶ
1281 5334 1525 5399 δοξάσεις
1578 5349 1666 5404 με,

1822 5341 2085 5382 emortum
2136 5326 2467 5394 afﬂictione,
2496 5335 2551 5382 et
2597 5325 2926 5397 gloriﬁcabis
2964 5340 3049 5380 me
3092 5334 3349 5394 tauquam

143 5424 202 5487 ὦς
240 5432 430 5504 ἀψευδῆ
479 5435 572 5488 καὶ
627 5434 797 5504 ταχὺν
859 5430 1072 5501 βοηθόν.
1134 5427 1561 5499 Παρατηρητέον
1609 5426 1667 5480 δὲ

1824 5435 2028 5474 eracem
2070 5434 2134 5475 ac
2183 5421 2417 5476 celerem
2438 5419 2765 5490 adiutorem.
2792 5415 3205 5473 Observandum
3222 5430 3351 5472 vero

144 5515 238 5581 πῶς
261 5519 482 5589 ἀνοίγων
507 5527 573 5595 τῇ
602 5521 936 5592 εὖαγγελικῇ
990 5507 1218 5589 λατρεία
1248 5517 1418 5587 θύραν
1444 5520 1471 5571 ὁ
1509 5517 1666 5582 Θεὸς,

1825 5519 1862 5567 ιι
1894 5511 2171 5581 quomodo
2205 5510 2348 5567 Deus
2376 5508 2673 5581 evangelici
2707 5511 2887 5564 cultus
2932 5509 3090 5565 nobis
3136 5508 3225 5564 hic
3263 5510 3352 5576 ja-

145 5606 278 5674 εὑθὺς
303 5615 390 5666 καὶ
423 5617 549 5685 περὶ
584 5614 686 5684 τῆς
712 5615 875 5684 ἁγίας
901 5613 1128 5684 ἐνέφηνε
1155 5609 1406 5677 Τριὰδος.
1464 5608 1667 5664 Θῦσον

1822 5623 1944 5663 nam
1973 5608 2250 5679 aperiens,
2283 5606 2467 5663 statim
2498 5606 2664 5662 etiam
2698 5612 2904 5661 sanctae
2930 5602 3216 5659 Trinitatis
3250 5617 3349 5658 co-

146 5696 419 5773 ἴάρνφησὶ,
475 5703 551 5771 τῷ
588 5702 731 5769 Θεῷ,
776 5701 916 5772 εἶτα,
962 5700 1071 5757 Kal
1115 5698 1345 5766 ἀπόδος
1380 5697 1460 5764 τῷ
1504 5699 1665 5767 ’Υψι-

1815 5704 2079 5757 nitionem
2118 5701 2433 5758 tradiderit.
2493 5700 2786 5772 Sacriﬁco,
2817 5698 3013 5770 inquit,
3066 5695 3218 5763 Deo;
3267 5702 3342 5760 et,

602 5848 609 5855 .
1411 5795 1615 5858 Variae
1646 5795 1976 5861 lectiones.

209 5893 302 5969 (79)
327 5896 406 5953 Al.
438 5900 615 5973 φάγω.
