3806 6546
455 347 562 416 551
1186 388 1200 406 .
1671 336 2056 400 EUTHYMII
2095 335 2461 396 ZlGABENl
3603 320 3694 384 552

457 478 612 542 gnat,
644 468 1014 524 utsitsensus
1033 457 1720 533 composuissccumhuuc
1741 454 2035 526 psalmum,
2081 464 2370 527 postquam
2425 449 2652 508 intravit
2703 449 2769 504 ad
2803 446 3070 504 Bersabee
3115 451 3170 501 et
3235 439 3521 516 gravidam
3594 453 3694 494 eam

459 568 717 625 reddidit.

536 659 698 714 Vens.
736 655 792 710 5.
822 653 1070 706 Miserere
1097 647 1408 732 mei,‘Deus,
1448 647 1736 702 secundant
1779 661 2016 716 magnam

2217 638 2512 709 Ἐλέησόν
2525 653 2620 708 με,
2652 636 2686 689 ό
2708 633 2872 698 Θεὸς,
2899 630 3050 685 κατὰ
3079 628 3146 685 τὸ
3159 627 3318 700 μέγα
3342 624 3519 689 ἔλεός
3574 637 3692 678 σου.

457 747 884 808 misericordiam
905 755 1075 798 tuam.
1091 721 1256 797 Juxta
1277 741 1630 801 immensam,
1665 736 1866 807 inquit,
1885 744 2015 790 tuan

2157 737 2406 808 Ἐλέησόν
2430 751 2498 806 με
2535 731 2703 797 ἀξίως
2734 727 2830 783 τοῦ
2863 727 3105 799 μεγάλου
3123 725 3311 787 ἐλέους
3344 737 3463 788 σου,
3499 720 3583 774 ὅτι
3611 736 3693 789 με·

461 840 900 900 miscrieordiam
937 838 1205 893 miserere
1229 835 1356 890 mei.
1391 834 1735 888 Immensum
1766 831 1913 885 enim
1951 843 2012 884 es

2157 831 2277 895 τάλα
2305 828 2577 898 ἥμαρτον.

500 937 607 991 ιιο‹Ι
640 934 868 991 deliqui.

460 951 607 1010 quon
640 951 868 1001 neuqut.

530 1028 599 1083 Et
626 1025 915 1080 secundant
949 1018 1348 1074 multitudinem
1376 1017 1785 1072 miserationum
1817 1027 2016 1072 tuarun:

2205 1011 2313 1067 Καὶ
2338 1007 2490 1065 κατὰ
2519 1007 2586 1061 τὸ
2613 1005 2850 1074 πλῆθος
2876 1002 2996 1056 τῶν
3046 997 3368 1067 οίκτιρμῶν
3418 1011 3539 1049 σου
3581 993 3695 1058 ἐξά-

460 1122 574 1176 dele
614 1118 956 1187 iniquitatem
977 1130 1170 1166 meam.
1222 1111 1664 1180 Supplicantium
1707 1124 1860 1164 more
1883 1124 2016 1164 eum

2157 1107 2354 1174 ιειψον
2405 1101 2473 1155 τὸ
2522 1096 2804 1167 ἀνόμημά
2828 1113 2970 1166 μου.
3032 1092 3106 1146 To
3140 1089 3274 1144 αὑτό
3334 1083 3693 1142 ἐδιπλασίασεν

461 1217 586 1267 dem
620 1211 820 1278 sa‘pius
846 1207 1072 1276 repertit
1094 1219 1338 1260 sensum.
1364 1205 1425 1258 Et
1450 1219 1542 1273 per
1565 1202 1913 1273 iniquitatem
1938 1217 2016 1271 ρι’(

2157 1198 2226 1252 ὶνο
2239 1215 2337 1267 μα,
2379 1193 2612 1264 σύνηθες
2627 1191 2739 1261 γὰρ
2761 1188 2920 1242 τοῦτο
2939 1188 3050 1250 τοῖς
3083 1185 3385 1254 δεομένοις.
3429 1180 3693 1249 Ἀνόμημι

460 1323 570 1376 qua
617 1271 760 1358 LXX
795 1271 1028 1369 ἀνομίαν
1067 1299 1327 1352 dixerunt
1364 1271 1542 1366 [juxta
1573 1271 2016 1376 signiﬁcationeu

2157 1289 2194 1341 ῑέ
2249 1288 2398 1355 λέγει
2455 1286 2557 1357 τὴν
2612 1282 2963 1356 παρανομίαν
3002 1281 3102 1350 τῆς
3159 1276 3410 1346 μοιχείας
3477 1276 3570 1326 καὶ
3618 1271 3692 1325 τοῦ

460 1367 662 1454 ἀνῶσαι
702 1367 986 1463 dictionis]
1030 1388 1539 1460 praevaricationem
1599 1372 1732 1456 legis
1764 1385 2016 1456 intelligit

2157 1379 2351 1448 p6vou.'
2384 1377 2481 1433 καὶ
2505 1379 2675 1448 ἄμφω
2695 1375 2804 1446 γὰρ
2826 1375 2856 1427 ὁ
2879 1373 3042 1442 νόμος
3105 1369 3366 1423 ἐκώλυεν.
3435 1367 3695 1436 ’Δνόμημα

462 1491 516 1544 in
551 1486 816 1544 adulterio
847 1493 899 1538 et
948 1483 1094 1538 caede
1129 1496 1160 1535 a
1218 1495 1278 1535 se
1313 1479 1693 1533 commissam.
1731 1475 2016 1547 Utrumqttt

2157 1472 2202 1527 Βέ
2231 1471 2438 1543 ταύτην
2467 1471 2748 1535 ἐκάλεσεν,
2780 1469 2864 1523 δτι
2904 1467 3063 1538 δίκην
3095 1464 3424 1534 ἀλλοφύλου,
3492 1460 3582 1514 τοῦ
3638 1463 3695 1531 μὴ

461 1584 606 1637 enim
638 1584 756 1650 lege
785 1578 1106 1640 vetabatur,
1152 1573 1258 1639 vel,
1288 1587 1411 1626 eum
1441 1570 1788 1639 iniquitatem
1823 1583 1917 1624 seu
1943 1583 2016 1638 po

2157 1565 2334 1636 νόμον,
2359 1563 2780 1635 ἐπλημμέλησε.

464 1683 572 1736 tius
601 1680 686 1747 |ut
735 1670 998 1744 diximus]
1034 1670 1266 1742 ἀνομίαν
1301 1684 1362 1724 se
1388 1669 1735 1724 commisisse
1769 1665 2026 1730 fateatur,
2064 1674 2468 1736 consequenter
2499 1662 2634 1718 illud
2661 1661 2827 1718 etiam
2887 1658 3143 1725 allirmat,
3210 1673 3271 1714 se
3329 1657 3555 1727 ἄνομον,
3616 1655 3696 1709 hoc

461 1779 569 1831 cst,
599 1778 858 1836 tanquam
888 1767 1133 1834 exlegem
1171 1777 1316 1825 esse,
1339 1775 1465 1815 eum
1488 1758 1810 1830 alienigenae
1841 1758 2038 1824 instar,
2081 1758 2173 1829 qui
2207 1758 2312 1814 sub
2350 1757 2472 1830 lege
2537 1771 2647 1812 non
2698 1758 2792 1822 sit,
2865 1751 3101 1811 nefanda
3129 1751 3245 1809 haec
3267 1750 3469 1806 delicta
3497 1751 3694 1805 commi-

464 1867 618 1922 serit.

534 1955 700 2012 Vsus.
734 1957 792 2010 4.
818 1953 1058 2023 Amplius
1084 1953 1204 2006 lava
1226 1966 1308 2005 me
1330 1949 1695 2020 abiniquitate
1714 1967 1850 2004 mea.
1867 1948 2016 2004 Veni:

2223 1950 2357 2005 Ἐπὶ
2398 1949 2613 2005 πλεῖον
2640 1948 2883 2002 πλῦνόν
2900 1961 2979 2014 με
3005 1944 3126 1998 ἀπὸ
3153 1941 3266 2010 τῆς
3287 1940 3545 2010 ἀνομίας
3582 1957 3693 2009 μου.

461 2051 666 2121 quippe
695 2049 744 2104 ei
791 2049 900 2118 iam
954 2047 1079 2101 data
1115 2045 1296 2099 fuerat
1332 2058 1430 2113 per
1461 2044 1788 2114 prophetam
1821 2039 2016 2095 Nathat

2157 2041 2513 2113 Συνεχωρήθη
2540 2041 2650 2111 γὰρ
2681 2040 2776 2092 καὶ
2812 2038 2899 2091 διὰ
2927 2037 3023 2090 τοῦ
3075 2035 3288 2099 Νάθαν,
3317 2033 3590 2094 εἰπόντος,
3635 2034 3693 2086 ὅτι

462 2143 738 2197 dicentem
775 2157 789 2193 :
819 2139 961 2193 Deus
995 2137 1217 2190 abstulit
1250 2146 1525 2204 peccatum
1559 2144 1707 2187 tuum
1736 2135 1808 2189 ’δε
1844 2149 2016 2188 vernn

2157 2136 2243 2190 καὶ
2275 2135 2491 2202 Κύριος
2522 2131 2736 2201 ἀφεῖλε
2763 2131 2832 2184 τὸ
2877 2127 3194 2198 ἁμάρτημά
3245 2142 3390 2180 σου.
3463 2124 3600 2177 Ἀλλ’
3618 2123 3694 2176 {uti

463 2250 578 2306 prae
605 2232 847 2287 maximo
868 2231 1108 2299 quodam
1149 2226 1351 2281 ardore
1381 2225 1620 2294 amplius
1646 2225 1814 2279 etiam
1869 2223 2016 2279 lavar

2157 2229 2484 2300 θερμότητος
2513 2227 2594 2280 ἔτι
2630 2223 2905 2294 πλυθῆναι
2937 2221 3249 2294 παρακαλεί
3282 2237 3296 2250 σ
3357 2220 3390 2291 ἢ
3421 2219 3484 2271 τδ
3510 2259 3525 2283 ,
3592 2219 3694 2273 ἐπὶ

463 2325 651 2395 cupit;
685 2323 766 2375 vel
792 2319 1044 2388 amplius,
1069 2331 1305 2386 expone,
1337 2331 1437 2386 pro
1461 2317 1638 2370 valde.

2157 2321 2385 2388 πλεῖον,
2413 2319 2533 2374 ἀντὶ
2553 2317 2647 2372 τοῦ
2682 2317 2880 2385 Ἀγαν.

535 2414 605 2466 Et
641 2429 672 2465 a
707 2419 920 2479 peccato
950 2423 1063 2462 meo
1094 2406 1291 2460 munda
1325 2422 1426 2460 me.
1461 2405 1678 2462 Rursus
1703 2407 1913 2476 peccati
1939 2421 2008 2462 no

2205 2415 2316 2469 Kal
2351 2413 2470 2468 ἀπὸ
2501 2409 2611 2480 τῆς
2635 2409 2924 2478 ἁμαρτίας
2982 2425 3097 2477 μου
3151 2407 3488 2474 καθάρισον
3502 2422 3596 2473 με.
3639 2405 3690 2459 Ti

466 2509 611 2562 mine
639 2505 899 2560 delictum
925 2517 956 2556 a
984 2517 1044 2556 se
1073 2500 1434 2556 commissum
1472 2499 1728 2570 appellat,
1765 2499 1908 2570 quod
1946 2515 2012 2554 su

2157 2505 2284 2561 αὐτὸ
2302 2504 2454 2573 λέγει
2477 2501 2640 2556 πάλιν
2671 2498 2969 2569 ἁμαρτίαν,
3000 2498 3083 2550 ὅτι
3138 2497 3344 2568 κυρίως
3395 2497 3628 2567 ἁμαρτία
3666 2500 3686 2565 ὴ

465 2594 656 2666 perius
695 2591 1066 2662 iniquitatem,
1126 2605 1220 2645 seu
1270 2587 1356 2659 [ut
1384 2588 1652 2660 diximus]
1695 2589 1959 2659 ἀνομίαν,
1989 2589 2016 2644 it

2157 2599 2244 2652 τοῦ
2270 2599 2436 2669 νόμου
2471 2596 2808 2668 παράὸασις.
2843 2593 2989 2664 Πλὴν
3023 2593 3098 2654 ὡς
3123 2593 3217 2645 ἐπὶ
3245 2591 3309 2643 τὸ
3377 2591 3618 2643 πλεῖστον
3633 2593 3689 2657 τις»

467 2693 574 2748 est,
606 2681 1102 2753 transgressionem
1129 2680 1262 2750 legis
1287 2679 1580 2756 appellavit
1603 2697 1618 2734 :
1646 2682 1869 2751 proprie
1893 2680 2016 2736 enin

2157 2690 2250 2760 τῆς
2279 2688 2534 2759 ἀνομίας,
2553 2688 2650 2741 καὶ
2677 2685 3046 2758 παρανομίας,
3079 2684 3175 2736 καὶ
3202 2682 3482 2754 ἁμαρτίας
3501 2683 3688 2751 ὀνόματι

469 2778 561 2831 ille
586 2789 814 2843 peccare
845 2773 1071 2838 dicitur,
1106 2773 1199 2842 qui
1229 2772 1400 2842 legem
1434 2774 1861 2842 transgreditur.
1891 2772 2016 2828 Sole

2157 2783 2458 2855 ἀδιαφόρως
2488 2781 2711 2852 χρῆται,
2758 2779 2852 2833 καὶ
2882 2779 2997 2831 ἀντ’
3028 2777 3298 2847 ἀλλήλων.

469 2877 657 2925 autem
685 2867 956 2937 Propheta
992 2868 1307 2935 promiscue
1337 2865 1414 2919 uti
1446 2866 1532 2921 his
1556 2867 1897 2922 nominibus.

540 2958 709 3015 Vnus.
745 2959 799 3014 5.
843 2959 1113 3026 Quoniam
1173 2957 1513 3026 iniquitatem
1575 2975 1746 3012 meam
1807 2975 1902 3029 ego
1953 2975 2011 3012 co

2221 2966 2344 3019 "Ott
2373 2963 2490 3032 τὴν
2519 2962 2779 3030 ἀνομίαν
2827 2976 2948 3029 μου
2983 2955 3123 3027 -ἐγὼ
3171 2957 3466 3026 γινώσκω,
3536 2957 3618 3009 καί
3661 2959 3688 3024 ἠ

470 3068 690 3124 gnosco,
724 3060 776 3106 et
827 3061 1103 3120 peccatum
1154 3066 1325 3103 meum
1366 3061 1551 3104 contra
1592 3068 1672 3105 me
1712 3060 1790 3104 est
1820 3067 2016 3121 semper

2157 3059 2404 3129 ἁμαρτία
2416 3075 2536 3128 μου
2563 3055 2820 3110 ἐνώπιόν
2844 3052 2958 3121 μού
2983 3051 3111 3105 ἐστι
3135 3050 3485 3116 διαπαντός.
3546 3049 3690 3117 Ἐλέηο

471 3145 730 3200 Miserere
777 3145 906 3210 mei,
943 3143 1141 3213 inquit,
1173 3151 1227 3196 et
1273 3141 1477 3196 munda
1527 3159 1636 3208 me,
1667 3144 1796 3213 quia
1853 3159 2016 3215 perpe

2157 3153 2248 3206 σόν
2283 3169 2374 3222 με,
2411 3150 2567 3218 φησὶ,
2602 3148 2695 3202 καὶ
2711 3145 3013 3216 καθάρισόν
3055 3159 3147 3214 με,
3175 3142 3314 3195 διότι
3343 3142 3447 3194 οὑκ
3471 3140 3687 3194 ἐπελαϐό-

469 3237 599 3291 trali
628 3252 658 3291 a
685 3253 768 3290 me
800 3234 1052 3290 criminis
1083 3234 1292 3290 oblitus
1318 3249 1426 3288 non
1453 3251 1598 3299 sum,
1623 3249 1748 3302 nec,
1773 3236 1938 3290 veluti
1978 3237 2012 3290 d

2158 3263 2267 3316 μην
2299 3243 2399 3314 τῆς
2433 3240 2710 3313 ἁμαρτίας
2745 3256 2872 3309 μου,
2926 3237 3000 3300 ὡς
3071 3234 3576 3305 εὐκαταφρονήτου,
3621 3233 3688 3287 διὰ

470 3329 620 3397 regia
669 3327 942 3397 dignitate
975 3325 1275 3398 superbus,
1313 3326 1448 3380 illud
1480 3326 1719 3396 neglexi.
1777 3325 1912 3381 Nam
1943 3336 2016 3382 ets

2157 3337 2243 3391 τὸν
2275 3337 2439 3405 δγκον
2470 3336 2568 3406 τῆς
2604 3333 2884 3404 βασιλείας
2907 3348 2924 3364 ⁸
2983 3329 3166 3384 ἀλλἐί
3189 3328 3285 3382 καὶ
3333 3327 3462 3390 τοὺς
3523 3325 3689 3396 ἀνθρὼο

470 3422 728 3476 homines
761 3422 947 3481 lateat,
982 3435 1083 3490 ego
1115 3428 1300 3474 tamen
1348 3419 1498 3474 illius
1532 3421 1917 3476 enormitatem
1949 3434 2016 3474 eo

2157 3449 2288 3493 πους
2318 3428 2530 3492 ἔλαθον,
2570 3424 2849 3497 ὃμωςέγὼ
2908 3422 3164 3492 γινώσκω
3220 3419 3452 3490 ταύτην,
3511 3419 3685 3488 ἡλίκη·

468 3527 700 3583 gnosco,
751 3525 814 3566 ac
849 3510 1208 3566 conscientiae
1241 3525 1376 3564 meae
1429 3509 1604 3564 oculis
1634 3508 1728 3562 diu
1771 3521 2014 3579 noetuqn

2157 3525 2245 3576 καὶ
2307 3520 2489 3592 βλέπω
2537 3519 2708 3589 αὐτὴν
2763 3516 2980 3583 νύκτωρ
3034 3516 3128 3567 καὶ
3163 3511 3285 3582 μεθ’
3341 3511 3550 3581 ἡμέραν
3601 3513 3686 3570 τάς

471 3605 605 3658 illud
631 3618 801 3658 cerno
832 3620 846 3660 :
879 3602 1084 3672 quippe
1105 3616 1230 3656 cum
1268 3601 1490 3656 assidue
1507 3616 1570 3655 ac
1593 3601 1896 3672 peracerbe
1926 3601 2015 3655 ani

2157 3617 2244 3670 τοῦ
2309 3613 2611 3676 συνειδότος
2660 3609 2981 3680 ὀφθαλμοῖς,
3013 3605 3227 3676 πικρῶς
3262 3603 3590 3674 πλήττουσαν
3610 3603 3687 3671 τὴν

469 3713 614 3752 mam
643 3712 818 3752 meam
852 3695 1122 3750 stimulet.
1165 3693 1299 3760 Quae
1337 3709 1426 3750 res
1459 3704 1668 3750 certam
1707 3693 2016 3764 pmnitenti:

2157 3709 2294 3780 ἐμὴν
2347 3707 2566 3777 ψυχήν
2643 3703 2781 3773 ὅπερ
2839 3680 3131 3774 μετανοίας
3195 3697 3352 3751 ἐστὶν
3384 3697 3688 3768 ,είλικρινοῦς

469 3788 849 3857 conjecturam
879 3792 1121 3854 praestat,
1152 3799 1218 3838 ac
1247 3793 1601 3853 peccatorum
1638 3784 1804 3838 etiam
1832 3783 2016 3837 veniat

2157 3803 2471 3871 τεκμήριον,
2516 3797 2616 3852 καὶ
2676 3793 2938 3864 πρόξενον
2971 3791 3400 3863 συγχωρήσεως.

469 3878 757 3935 conciliat.

543 3966 716 4023 Vens.
753 3967 809 4021 6.
851 3965 968 4020 Tibi
996 3966 1097 4020 soli
1147 3965 1383 4034 peccari.-
1412 3965 1550 4020 Cum
1594 3981 1689 4020 rex
1733 3965 1861 4027 sim,
1906 3972 1961 4019 et
1997 3971 2016 4018 t

2223 3959 2324 4016 Σοὶ
2358 3961 2526 4028 μόνῳ
2550 3956 2835 4024 ἥμαρτον.
2887 3952 2976 4016 Ὠς
3014 3949 3097 4004 σοὶ
3125 3948 3274 4020 μόνῳ
3324 3949 3542 4018 δικαστῇ
3579 3947 3686 4000 ὑπο-

472 4059 651 4116 solnm
685 4056 1108 4112 commissorum
1148 4070 1178 4109 a
1209 4069 1297 4110 me
1349 4056 1621 4110 scelerum
1658 4054 1900 4123 jndieem
1950 4055 2016 4108 ha

2157 4053 2404 4123 κείμενος
2432 4067 2448 4082 ο
2480 4048 2736 4120 βασιλεὺς
2765 4045 2876 4116 γὰρ
2897 4044 2994 4111 ὢν,
3026 4043 3086 4098 σὲ
3118 4043 3280 4113 μόνον
3309 4041 3421 4112 ἔχω
3467 4040 3565 4092 τῶν
3609 4056 3686 4091 πε-

475 4154 656 4216 beam,
690 4149 787 4203 tibi
834 4148 934 4202 soli
965 4163 1227 4218 peccasse
1259 4147 1470 4212 Videor,
1522 4147 1626 4202 hoc
1673 4158 1781 4211 est,
1816 4147 1912 4201 tibi
1947 4161 2009 4200 so

2157 4145 2490 4217 πραγμένων
2524 4159 2617 4213 μοι
2643 4140 2930 4210 δικαστὴν,
2965 4137 3078 4191 τῶν
3105 4135 3288 4190 ἄλλων
3323 4135 3570 4189 ἁπάντων
3607 4130 3684 4185 xti-

470 4241 646 4310 judici
707 4239 997 4308 subjicior.
1049 4239 1388 4293 Caeterurum
1447 4239 1596 4294 enim
1651 4239 1898 4291 omnium
1949 4253 2013 4308 eg

2157 4255 2270 4309 ριος
2304 4235 2402 4298 ὢν,
2435 4235 2529 4288 καὶ
2551 4233 2671 4288 κατ’
2692 4231 2941 4296 ἐξουσίαν
2965 4228 3136 4283 ποιῶν
3159 4227 3196 4281 ἃ
3222 4227 3505 4298 βούλομαι.
3525 4226 3585 4278 Ἦ
3609 4226 3684 4276 καὶ

473 4331 732 4385 dominus
763 4345 910 4393 sum,
945 4340 997 4383 et
1033 4329 1103 4382 ob
1137 4329 1436 4398 potentiam
1493 4342 1670 4381 meam
1709 4327 1874 4380 licere
1917 4326 2016 4380 mil

2157 4333 2232 4385 ὅτι
2265 4330 2392 4393 τοὺς
2417 4328 2546 4390 σοὺς
2577 4327 2776 4396 νόμους
2803 4324 3082 4395 παραὸὰς,
3112 4322 3198 4375 σοὶ
3260 4320 3410 4391 μόνῳ
3448 4319 3520 4389 τῷ
3563 4333 3686 4385 νομιμ-

471 4424 750 4487 videntur,
773 4435 1116 4491 qumcunque
1143 4420 1434 4474 libuerint.
1453 4416 1574 4482 Vel,
1599 4419 1729 4488 quia
1748 4419 1897 4489 leges
1928 4427 2016 4472 tua

2157 4425 2289 4496 θέτη
2313 4421 2522 4476 τούτων
2553 4419 2876 4491 ἡμάρτηκα.

471 4524 860 4586 transgressus
891 4530 1038 4579 sum,
1064 4513 1276 4567 ideirco
1307 4512 1406 4566 tibi
1439 4512 1542 4567 soli
1571 4526 1834 4582 peccasse
1859 4509 2051 4565 videor

473 4610 692 4665 illarum
728 4607 1053 4678 legislatori.

546 4699 615 4752 Et
644 4699 845 4752 malum
873 4713 1054 4752 caram
1085 4708 1132 4751 te
1161 4698 1280 4768 ieci.
1313 4694 1512 4751 Omnia
1543 4698 1687 4752 enim
1724 4697 1899 4762 vides,
1939 4711 2047 4750 non

474 4800 685 4847 tantum
718 4795 943 4862 quando
972 4805 1036 4844 ea
1072 4791 1228 4852 fiunt,
1262 4793 1358 4844 sed
1409 4789 1631 4859 quando
1679 4789 1843 4844 etiam
1892 4788 2047 4843 lutu-

474 4901 591 4938 rum
615 4894 700 4938 est
745 4893 802 4936 ut
831 4884 986 4936 ﬁant.
1023 4881 1136 4936 lloc
1161 4891 1342 4935 autem
1368 4883 1522 4948 dicit,
1560 4883 1774 4952 pudore
1804 4883 2045 4952 seipsum

473 4979 846 5038 cenfunnleus,
888 4977 982 5045 qui
1015 4975 1184 5029 Deum
1216 4976 1494 5031 videntem
1530 4987 1744 5032 tantum
1773 4976 2047 5032 committi
2156 4975 2637 5049 “quu‘jf'wf'
2671 4975 2868 5049 "‘3'":

476 5024 679 5032 --.ω---
707 5024 846 5038 .----,
893 5024 982 5045 -,--
1015 5024 1184 5029 _------
1227 5024 1494 5031 --η-η----
1531 5024 1744 5032 -_-.-_---

474 5072 692 5126 facinus
748 5071 953 5124 veritus
1006 5085 1115 5124 non
1173 5069 1268 5124 sit.
1306 5067 1445 5124 illud
1495 5080 1676 5124 autem
1730 5069 2016 5122 considera

2157 5043 2296 5096 τίαν.
2331 5041 2474 5108 Ὅρα
2529 5036 2607 5102 δὲ,
2670 5033 2788 5096 πῶς
2837 5031 2914 5095 ὡς
2969 5028 3098 5100 περὶ
3145 5027 3265 5089 ἐνὸς
3336 5024 3683 5129 ἁμαρτῇματβ

469 5162 615 5232 quod
656 5161 725 5215 de
751 5174 861 5214 uno
897 5168 1107 5225 tantum
1140 5175 1170 5213 a
1208 5175 1270 5215 se
1312 5161 1612 5217 commisso
1633 5158 1868 5213 crimine
1899 5161 2016 5227 loqu

2157 5137 2308 5190 δοκεῖ
2337 5133 2544 5200 λέγειν,
2568 5129 2657 5182 διὰ
2681 5131 2742 5180 τὸ
2797 5122 3152 5194 ἀπηρτῆσθαι
3207 5119 3307 5190 τῆς
3351 5115 3579 5189 μοιχείας
3607 5111 3679 5162 τὸν

473 5253 712 5316 videtur,
771 5267 896 5305 cum
950 5260 1132 5307 tamen
1196 5252 1356 5322 plura
1407 5261 1643 5304 essent:
1687 5264 1750 5304 ea
1787 5249 2016 5302 nimirum

2157 5228 2320 5298 φόνον
2341 5243 2355 5257 ·
2386 5223 2573 5292 ἐκείνη
2599 5220 2710 5291 γὰρ
2732 5217 3032 5289 εἰργάσατο
3062 5217 3276 5267 τοῦτον.

475 5348 712 5409 ratione,
743 5346 871 5414 quia
906 5361 1074 5399 unmn
1112 5346 1181 5400 ab
1217 5345 1395 5398 altero
1422 5343 1768 5410 dependebat
1805 5358 1818 5394 :
1849 5342 2048 5412 quippe

475 5452 600 5490 eum
632 5436 907 5490 adulterio
935 5437 1212 5506 impulsus
1245 5433 1412 5488 fuerit
1444 5435 1512 5487 ad
1535 5435 1765 5488 eaedem.

550 5525 618 5580 Ut
648 5526 960 5595 iustiﬁceris
1001 5527 1056 5578 in
1089 5523 1422 5578 sermonibus
1452 5525 1580 5591 tuis,
1617 5533 1666 5578 et
1703 5525 1882 5578 uincas
1925 5538 2016 5576 cun

2219 5514 2420 5576 Ὅπως
2447 5507 2524 5562 ἂν
2572 5500 2892 5570 δικαιωθῇς
2921 5501 2989 5553 ἐν
3025 5497 3148 5564 τοῖς
3197 5498 3396 5567 λόγοις
3427 5511 3545 5557 σου,
3589 5487 3670 5540 ml

473 5619 764 5688 iudicaris.
821 5618 1118 5685 Delictum,
1149 5617 1330 5688 inquit
1379 5617 1526 5672 nuod
1584 5617 1688 5673 l'eci
1739 5631 1927 5672 coram
1968 5624 2016 5670 te

2157 5607 2414 5672 νικήσῃς
2438 5603 2508 5655 ἐν
2539 5599 2618 5664 τῷ
2656 5593 2966 5666 κρίνεσθαί
2995 5607 3089 5644 σε.
3147 5589 3403 5657 Ἐποίησα
3445 5585 3492 5638 δὲ
3519 5583 3565 5634 τὸ
3587 5595 3673 5630 u-

2082 4674 2124 4728 D
2224 4672 2332 4728 Kal
2357 4672 2424 4726 τὸ
2442 4667 2714 4735 πονηρὸν
2732 4662 2991 4720 ἐνώπιόν
3046 4676 3163 4716 σου
3211 4657 3490 4726 ἐποίησα.
3539 4651 3682 4708 Πάντα

2155 4770 2263 4838 γὰρ
2294 4762 2572 4838 ὁρᾷς,οὐχ
2599 4761 2688 4814 ὅτε
2739 4759 2978 4828 γίνονται
3024 4754 3206 4825 μόνον,
3255 4750 3396 4806 ἀλλὰ
3450 4749 3536 4802 καὶ
3581 4748 3680 4800 ὅταν

2160 4837 2415 4932 μέλλωσι.
2436 4851 2682 4921 Τοῦτο,δέ
2706 4844 2850 4915 εἷπε,
2882 4847 3262 4917 καταισχύνων
3290 4842 3498 4906 ἑαυτὸν,
3517 4841 3578 4903 ὡς
3603 4837 3684 4890 οὐκ

2156 4946 2518 5020 αἰσχυνθέντα
2546 4944 2638 4996 τὸν
2671 4939 2832 5004 Θεὸν,
2855 4938 3068 5009 ὁρῶντα
3092 4935 3392 5005 γινομένην
3412 4935 3507 5002 τὴν
3539 4932 3683 4998 ἁμαρ-

540 5799 586 5830 ⁹⁶
615 5795 658 5850 ll
696 5794 828 5864 Reg.
857 5810 952 5860 xu,
989 5795 1072 5850 l5.
