3806 6550
107 507 207 570 553
1255 507 1644 574 COMMENT.

1756 507 1762 564 Γ
1803 507 2165 570 PSALMOS;
3229 513 3334 578 554

106 623 199 675 κὸν
221 621 445 678 ἐνώπιόν
475 639 592 690 σου,
628 623 772 678 κατὰ
811 625 909 696 τῆς
951 625 1193 696 ἐμαυτοῦ
1254 626 1520 695 κεφαλῆς,
1572 627 1660 679 ἵνα

1766 625 1944 682 fateor
1977 627 2030 681 in
2085 632 2250 696 caput
2299 641 2477 683 meum
2511 629 2875 697 commisisse,
2914 639 2974 686 ut
3022 602 3238 702 quoiies
3277 644 3335 688 tu

102 713 160 764 ὲν
189 715 301 777 ταῖς
332 714 724 783 δικαιολογίαις
761 733 878 778 σου,
901 718 1020 780 ταῖς
1043 716 1180 786 πρὸς
1215 717 1336 786 ἐμὲ,
1369 717 1461 769 καὶ
1495 718 1554 769 ἐν
1581 715 1661 788 τῷ

1767 733 1985 773 mecum
2015 717 2305 787 iudicaris,
2341 725 2390 772 et
2420 735 2542 788 qua:
2577 720 2720 776 inter
2751 738 2853 779 nos
2902 731 2986 778 est
3019 740 3186 781 causa
3226 725 3340 782 dis-

99 805 372 884 κρίνεσθαί
412 823 471 860 σε
501 807 626 878 ἐμοὶ
658 807 788 879 περ)⁸
813 801 889 862 ὧν
922 809 988 862 σύ
1043 826 1110 879 με
1144 808 1369 878 βασιλέα
1426 808 1658 880 πεποίη-

1767 811 1998 876 cutitur,
2022 811 2164 880 quod
2197 810 2409 865 scilicet
2443 820 2498 864 ιιι
2535 828 2622 866 me
2651 830 2716 867 ex
2749 813 2936 868 inllmo
2977 831 3157 884 regem
3193 816 3340 873 fece-

99 912 230 973 κας,
253 897 346 950 καὶ
366 896 540 959 οὕτως
584 898 833 964 ἐδόξασα,
864 899 978 968 ὲγὼ
1018 899 1074 953 δὲ
1098 901 1225 962 τοὺς
1261 900 1386 964 σοὺς
1422 899 1661 970 ὴΘέτησα

1769 903 1868 969 ris,
1911 911 2170 974 lautaque
2200 918 2265 957 ac
2302 903 2393 958 tali
2425 905 2599 974 gloria
2634 909 3021 976 COuSpicuum,
3082 906 3340 980 quodque

97 985 312 1056 νόμους,
346 991 440 1043 καὶ
472 990 804 1061 παρώργισά
837 1009 918 1057 σε,
958 991 1272 1053 δικαιωθεὶς
1334 991 1534 1062 μᾶλλον
1571 992 1656 1058 σὺ,

1765 1011 1867 1066 ego
1890 1003 2106 1062 contra,
2135 1005 2191 1051 et
2221 996 2369 1065 leges
2396 1006 2517 1053 tuas
2543 1001 2936 1067 spreverim,et
2971 1011 3022 1055 te
3039 1003 3340 1058 sceleribus

94 1081 475 1145 καταδικάσας
512 1100 580 1152 με
609 1084 701 1149 ⁴τιὸ-ν
726 1083 935 1150 ἄθλιον,
960 1085 1035 1147 ώς
1081 1084 1209 1156 περὶ
1238 1084 1328 1137 τὸν
1358 1085 1662 1155 εὐεργέτην

1767 1087 1902 1142 meis
1937 1088 2003 1141 ad
2051 1089 2188 1143 iram
2223 1091 2636 1156 coneitaverim,
2671 1101 2730 1144 ιιι
2768 1092 2822 1146 in
2861 1092 2986 1158 hoc,
3022 1095 3222 1164 inquit,
3249 1097 3340 1165 ju~

93 1167 401 1238 ἀγνώμονα.
441 1170 692 1234 Τοιοῦτος
718 1172 829 1247 γὰρ
860 1167 926 1243 ἦν
950 1174 979 1225 ὀ
1014 1173 1216 1234 σκοπὸς
1267 1173 1357 1226 τοῦ
1397 1172 1662 1243 βιασαμέ-

1765 1179 1911 1233 dicio
1953 1188 2009 1233 ιιι
2047 1180 2222 1251 magis
2253 1181 2594 1251 justiﬁeeris,
2635 1190 2692 1238 et
2725 1198 2825 1255 ego
2871 1186 3138 1251 vicissim,
3173 1187 3338 1242 veluti

94 1274 186 1312 νου
211 1261 302 1313 καὶ
343 1262 672 1331 νικήσαντός
709 1280 773 1332 με
813 1262 1091 1330 δαίμονος,
1133 1263 1294 1315 αὑτὸν
1323 1263 1422 1332 ἐμὲ
1483 1277 1658 1314 κατα-

1767 1283 1894 1340 erga
1933 1278 2144 1324 tantum
2205 1271 2612 1329 henel‘actorem
2664 1277 2798 1331 adeo
2854 1277 3129 1348 ingratus,
3162 1281 3339 1350 magis

98 1353 285 1420 στῆναί
314 1369 405 1423 μοι
443 1353 540 1423 τῆς
565 1353 720 1423 δίκης
748 1355 1029 1424 πρόξενον.
1097 1355 1540 1425 Ἐδικαιολογήθη
1575 1355 1658 1419 δὲ,

1766 1352 2127 1408 condemner.
2163 1353 2235 1407 Ea
2274 1355 2419 1409 enim
2455 1357 2556 1412 fuit
2590 1359 2811 1428 maligni
2853 1361 3118 1418 damonis
3147 1364 3337 1418 intcno

95 1441 189 1493 καὶ
217 1442 510 1512 άντεκρίθη
545 1444 681 1514 πρὸς
713 1446 805 1498 τὸν
858 1446 1022 1498 Δαϐιδ
1068 1447 1096 1498 ὀ
1129 1445 1259 1508 Θεὸς
1307 1445 1394 1499 διὰ
1451 1445 1659 1514 Νάθαν,

1766 1441 1864 1504 tio,
1894 1456 2017 1495 cum
2056 1455 2248 1512 magna
2280 1458 2366 1498 me
2396 1445 2450 1498 vi
2499 1445 2563 1498 ad
2596 1450 2934 1515 peccandum
2983 1452 3200 1522 impulit
3271 1468 3336 1508 ac

95 1533 186 1586 καὶ
217 1534 443 1603 ἤλεγξεν
462 1551 474 1563 ·
502 1536 649 1596 ὅπως
679 1536 962 1606 προϐατέα
985 1535 1177 1588 τοῦτον
1193 1534 1397 1598 λαϐὼν,
1450 1538 1527 1598 εἰς
1565 1535 1662 1605 βα-

1765 1531 2069 1600 superavit,
2102 1543 2158 1586 ιιι
2190 1547 2322 1587 mea:
2352 1549 2440 1588 me
2467 1538 2828 1592 constitueret
2859 1539 3337 1598 condensuationis

91 1626 239 1681 σιλέα
272 1629 602 1698 κατέστησε,
635 1631 730 1682 καὶ
764 1631 977 1700 μυρίων
1015 1628 1320 1682 ἐπιϐουλῶν
1367 1629 1659 1700 ὲρῤύσατο,

1766 1623 2101 1677 ministrum.
2121 1621 2312 1678 Dicere
2330 1633 2512 1679 autem
2532 1641 2827 1694 possumus
2842 1629 3142 1699 iudicatum
3165 1633 3338 1688 fuisse

87 1719 181 1770 καὶ
206 1719 352 1781 ὁπως
375 1719 537 1780 αὐτὸς
567 1721 782 1790 πονηρᾷ
818 1719 1014 1788 πράξει
1041 1719 1133 1771 τὸν
1175 1719 1472 1789 εὐεργέτην
1501 1717 1660 1788 ἡμεί-

1763 1710 1932 1766 Deum
1963 1727 2086 1766 cum
2143 1712 2334 1778 David,
2367 1715 2583 1784 quando
2623 1717 2836 1773 Nathan
2894 1721 3162 1791 propheta
3206 1736 3336 1778 eum

93 1810 244 1878 ψατο,
290 1812 568 1880 Ἐπὴγαγε
601 1811 658 1863 δὲ
675 1811 772 1864 καὶ
816 1813 915 1880 τὴν
961 1812 1284 1882 καταδίκην,
1365 1812 1446 1864 ὅτι
1515 1809 1660 1864 Τάδε

1763 1803 2097 1873 redarguit,
2165 1806 2309 1874 quod
2382 1822 2482 1876 pro
2553 1809 2722 1864 tantis
2797 1809 3081 1867 beneﬁciis
3132 1827 3161 1865 a
3227 1812 3338 1868 Deo

94 1903 244 1970 λέγει
289 1903 502 1970 Κύριος
527 1919 543 1935 ο
589 1902 745 1957 Ἰδοὺ
765 1902 879 1973 ἐγὼ
903 1903 1181 1974 ἑξεγείρω
1213 1903 1313 1958 ἐπι
1347 1901 1422 1956 σὲ
1479 1901 1654 1967 κακὰ,

1763 1899 2024 1966 acceptis,
2054 1897 2170 1968 ipse
2206 1903 2397 1952 contra
2434 1901 2620 1970 pravis
2656 1901 3064 1960 henct‘actorem
3099 1895 3335 1961 actioni-

94 1996 156 2048 ὲκ
177 1998 280 2049 τοῦ
312 1995 482 2049 οἴκου
510 2009 656 2061 σου,
719 1997 900 2050 καὶτὰ
950 1994 1100 2067 ἑξῆς,
1161 1996 1236 2060 ώς
1267 1997 1300 2067 ἡ
1357 1996 1660 2065 δηλωοεῖσα

1765 1989 1868 2045 bus
1904 1997 2287 2045 remuneratus
2318 1985 2420 2056 sit;
2456 1992 2548 2047 ubi
2599 2003 2885 2064 postquam
2920 1998 3008 2052 Dei
3062 1999 3337 2068 justiﬁea-

97 2085 266 2152 βίϐλος
309 2087 628 2157 παρίστησι.

1761 2081 1945 2137 tiones
2007 2083 2349 2152 percensuit,
2384 2083 2896 2142 condemnationem
2929 2087 3095 2144 etiam
3126 2091 3337 2146 addidit

96 2182 268 2237 dicens
299 2185 477 2252 :.ch
517 2183 645 2236 dicit
677 2182 959 2251 Dominus,
988 2184 1122 2238 Ecce
1152 2201 1242 2255 ego
1277 2181 1544 2238 suscitabo
1578 2181 1634 2233 in
1675 2188 1724 2232 te
1764 2180 1912 2234 mala
1942 2193 2007 2233 ex
2050 2179 2208 2232 domo
2237 2188 2331 2232 tua
2367 2179 2413 2210 "
2447 2197 2462 2233 :
2497 2187 2552 2235 et
2585 2181 2714 2247 alia,
2783 2197 2906 2252 qua:
2957 2184 3178 2254 plenius
3234 2186 3335 2239 ha—

95 2281 280 2334 bentur
307 2281 360 2334 in
398 2279 552 2334 libris
573 2277 804 2350 Regum.

168 2372 321 2426 Ἰδοὺ
376 2371 488 2442 γὰρ
535 2372 606 2424 ἐν
657 2372 934 2442 ἀνομίαις
986 2374 1404 2442 συνεληφθην,
1460 2371 1557 2427 καὶ
1585 2371 1656 2425 ἐν

1835 2369 1999 2423 Vens.
2033 2367 2084 2420 7.
2151 2364 2287 2420 Ecce
2333 2366 2472 2420 enim
2520 2369 2574 2419 in
2631 2367 3004 2437 iniquitatibus
3054 2381 3334 2440 conceptus

94 2462 394 2530 ἁμαρτίαις
431 2460 728 2528 ἐκίσσησέ
753 2477 830 2530 με
851 2461 890 2530 ἠ
915 2459 1113 2530 μήτηρ
1137 2479 1280 2532 μου.
1311 2463 1402 2525 Εἰς
1431 2462 1652 2532 συμπά-

1756 2475 1895 2525 sum,
1951 2467 2001 2512 et
2058 2458 2112 2510 in
2131 2457 2358 2525 peccatis
2415 2458 2650 2526 concepit
2714 2475 2792 2512 me
2847 2469 3014 2514 mater
3071 2479 3208 2517 mea.
3262 2464 3334 2519 Ut

97 2555 236 2605 Θειαν
273 2553 368 2606 τὸν
399 2552 530 2606 Θεὸν
566 2551 975 2624 ἐπισπώμενος,
1031 2554 1127 2606 ἐπὶ
1148 2553 1247 2626 τὴν
1300 2551 1498 2607 ἑαυτοῦ
1532 2553 1657 2621 γέν-

1759 2551 1926 2607 Deum
1954 2549 2125 2621 magis
2156 2549 2221 2603 ad
2247 2549 2679 2604 misericordiam
2707 2552 2970 2619 traheret,
2991 2556 3332 2612 nativitatem

96 2659 237 2715 νησιν
263 2643 559 2714 ἀνατρέχει
595 2643 672 2713 τῷ
695 2644 863 2712 λόγῳ.
895 2644 956 2697 El
989 2643 1097 2715 γὰρ
1134 2645 1209 2715 μὴ
1236 2645 1486 2716 ἥμαρτεν
1505 2644 1534 2695 ό
1565 2644 1655 2697 ’Δ-

1757 2656 1911 2697 suam
1938 2641 2409 2695 commemoravit.
2445 2639 2578 2694 Nam
2609 2642 2653 2696 si
2684 2643 2852 2696 Adam
2890 2661 2998 2700 non
3025 2663 3330 2716 peccasset,

97 2737 216 2806 δὰμ,
243 2736 346 2789 οὐκ
373 2735 439 2789 ἂν
463 2735 710 2807 συνήφθη
742 2739 812 2807 τῇ
834 2735 967 2807 Εὖᾳ.
1004 2736 1169 2789 Ὥστε
1193 2737 1225 2806 ἡ
1279 2737 1378 2808 μὲν
1411 2734 1655 2807 ἁμαρτία

1758 2746 2037 2801 nunquam
2087 2731 2424 2801 oportuisset
2476 2731 2629 2786 illum
2659 2733 2782 2788 Erae
2813 2735 3094 2807 conjungi.
3132 2737 3334 2796 Pecca-

97 2827 379 2898 γεγέννηκε
419 2828 521 2900 τὴν
575 2830 871 2898 συνάφειαν
895 2868 911 2892 ,
951 2829 1068 2899 ἡδὲ
1111 2829 1396 2898 συνάφεια,
1437 2829 1565 2891 τοὺς
1597 2827 1655 2894 ἐξ

1756 2829 1874 2878 tum
1923 2825 2108 2892 itaque
2147 2823 2398 2893 copulam
2444 2826 2744 2894 generavit,
2791 2833 2844 2880 et
2877 2828 3070 2898 copula
3109 2847 3330 2886 rursum

108 2920 268 2990 Ἀδάμ
315 2921 409 2973 καὶ
449 2918 614 2983 Ebur
671 2923 762 2973 καὶ
814 2915 960 2974 οὗτοι
1008 2921 1132 2984 τοὺς
1173 2921 1324 2990 ἑξῆς,
1361 2921 1453 2972 καὶ
1482 2919 1656 2982 οὕτως

1756 2927 1856 2970 eos
1881 2912 2162 2984 produxit,
2191 2913 2283 2983 qui
2315 2929 2378 2968 ex
2408 2916 2581 2969 Adam
2615 2925 2668 2971 et
2697 2917 2808 2973 Eva
2837 2920 2946 2974 uati
2983 2930 3143 2989 sunt;
3175 2933 3227 2978 et
3251 2925 3332 2982 sic

103 3013 218 3083 ἄχρι
249 3012 412 3067 Δασίδ
441 3029 454 3042 ·
484 3012 579 3065 καὶ
607 3012 715 3084 γὰρ
748 3015 795 3066 εί
819 3017 912 3066 καὶ
932 3011 1008 3083 τῷ
1039 3013 1188 3082 νόμῳ
1217 3013 1400 3082 τίμιος
1426 3014 1452 3063 ό
1479 3011 1653 3080 γάμος

1757 3004 2018 3076 deinceps
2043 3005 2122 3060 illi
2150 3004 2308 3072 alios,
2341 3015 2506 3077 atque
2536 3006 2624 3062 alii
2651 3009 2808 3075 alios,
2841 3027 3016 3082 usque
3041 3013 3107 3067 ad
3137 3009 3327 3070 David.

106 3103 298 3172 γίγονε,
330 3104 417 3157 διὰ
477 3105 577 3176 τὴν
611 3105 980 3170 παιδοποιίαν,
1017 3102 1153 3157 ἀλλά
1192 3120 1254 3172 γε
1297 3105 1364 3174 τῇ
1401 3102 1558 3170 φύσει
1592 3103 1656 3153 ὲκ

1759 3096 1823 3150 Ει
1853 3098 1979 3152 licet
2010 3099 2216 3168 nuptiae
2267 3113 2416 3154 nunc
2464 3099 2536 3154 ob
2593 3099 2824 3155 ﬁliorum
2886 3105 3329 3170 procreationem

109 3196 194 3264 τῆς
220 3197 484 3268 ἁμαρτίας
516 3197 628 3266 ἔχει
653 3197 752 3266 τὴν
793 3197 1040 3269 πρόοδον.
1072 3197 1234 3252 Ὥστε
1269 3195 1330 3261 ἐξ
1376 3195 1654 3265 ἁμαρτίας

1759 3189 1814 3242 in
1859 3189 2067 3245 honore
2115 3191 2436 3258 habeantur,
2489 3202 2684 3246 natura
2743 3203 2918 3248 tamen
2979 3212 3043 3250 ex
3105 3209 3330 3267 peccato

115 3291 193 3337 tu".
222 3287 577 3357 σννελήφθην,
626 3289 719 3340 καὶ
742 3287 1038 3359 ἐγεννήθην
1064 3301 1078 3317 ⁸
1123 3290 1185 3342 eo
1212 3287 1344 3359 γὰρ,
1389 3287 1645 3352 ἐκίσση-

1761 3281 2108 3350 proveuiunt.
2145 3281 2220 3336 Ex
2250 3291 2476 3352 peccato
2509 3286 2675 3354 igitur
2701 3297 2998 3356 conceptus
3028 3297 3083 3343 et
3112 3291 3328 3357 genitus

117 3393 228 3444 σεν,
285 3380 612 3448 ἐγέννησεν
685 3376 844 3434 εἶπεν
901 3383 929 3434 ὁ
977 3380 1292 3452 Σύμμαχος.
1351 3380 1460 3433 Καὶ
1500 3377 1654 3430 οὐδὲν

1762 3386 1905 3426 sum.
1934 3369 2068 3425 Nam
2106 3373 2250 3444 quod
2285 3375 2527 3430 secundo
2556 3376 2675 3431 loco
2713 3377 2842 3433 dicit
2875 3397 2890 3435 :
2928 3379 3069 3434 Elin
3103 3386 3328 3448 peccatis

120 3470 258 3538 μέγα,
293 3472 338 3523 εξ
366 3474 457 3524 καὶ
485 3472 648 3536 αὐτὸς
679 3474 950 3544 ἥμαρτον,
986 3474 1175 3528 παθὼν
1200 3474 1258 3527 τὸ
1281 3473 1379 3542 τῆς
1408 3471 1647 3540 φύσεως.

1757 3465 1994 3534 concepit
2025 3481 2104 3518 me
2135 3476 2306 3520 mater
2352 3485 2494 3535 mea,
2545 3467 2907 3541 Symmachus
2938 3475 3174 3529 reddidit
3204 3494 3218 3531 :
3259 3476 3326 3532 Et

1756 3555 1810 3608 in
1839 3559 2064 3625 peccatis
2089 3560 2284 3628 genuit.
2316 3559 2432 3613 Non
2485 3571 2570 3616 est
2625 3563 2793 3632 igitur
2842 3579 3093 3634 magnum
3141 3567 3187 3623 si
3226 3585 3328 3638 ego

1758 3653 2000 3718 peccavi,
2029 3659 2238 3705 natura:
2266 3652 2633 3708 conditionem
2673 3656 2974 3712 Sustiuens.

185 3746 317 3802 Ἰδου
349 3752 454 3819 γὰρ
480 3751 772 3820 ἀλήθειαν
799 3754 1145 3823 ἠγάπησας.
1177 3755 1349 3810 Τοῦτο
1383 3757 1518 3827 πρὸς
1551 3757 1648 3828 τὴν

1833 3738 2001 3796 Vens.
2032 3742 2085 3796 8.
2125 3741 2261 3797 Ecce
2307 3745 2446 3798 enim
2487 3747 2756 3826 ceritatem
2805 3747 3062 3805 dilexisti.
3114 3750 3226 3806 lloc
3259 3753 3325 3807 ad

113 3839 345 3907 ῥηθεῖσαν
404 3842 793 3915 ἐξομολόγησιν
855 3845 1115 3915 εἴρηται·
1173 3846 1307 3916 φησὶ
1378 3847 1509 3918 γὰρ,
1565 3848 1648 3900 ὅτι

1759 3833 1904 3888 beati
1935 3833 2104 3888 David
2135 3835 2538 3891 confessionem
2580 3838 2924 3896 referendum
2961 3850 3064 3909 est,
3118 3845 3183 3899 de
3220 3861 3326 3917 qua

120 3931 378 4001 Ἀλήθειαν
410 3935 728 4006 ἠγάπησας,
749 3938 842 3989 καὶ
860 3935 947 3989 διὰ
975 3936 1135 3989 τοῦτο
1160 3935 1487 4009 ὡμολόγησα
1518 3939 1650 3991 ταύ-

1757 3939 1922 3994 snpra
1970 3927 2232 3984 diximus.
2278 3928 2367 3983 Ait
2415 3929 2559 3983 enim
2609 3948 2624 3984 :
2667 3930 2802 3999 Ego,
2845 3948 2965 4004 quae
2998 3951 3123 3990 vera
3177 3951 3325 4003 sunt,

106 4039 211 4093 την,
241 4025 320 4078 ὅτι
349 4025 619 4098 ἥμαρτον.
648 4029 724 4080 Τὸ
766 4029 845 4094 δὲ,
903 4027 1062 4083 Ἰδοὺ
1089 4028 1220 4097 γὰρ,
1252 4031 1506 4100 περιττὸν
1536 4034 1651 4084 κεί-

1757 4015 1954 4082 fateor,
1982 4033 2068 4074 me
2111 4020 2321 4076 scilicet
2372 4037 2646 4091 peccasse.
2685 4021 2795 4078 Hoc
2827 4038 3006 4080 autem
3046 4026 3241 4095 fateor,
3273 4041 3328 4084 et

103 4127 198 4178 ται,
224 4118 317 4168 καὶ
352 4119 441 4170 ἐπὶ
469 4118 564 4171 τοῦ
628 4121 894 4190 παρόντος
931 4119 1139 4190 στίχον,
1181 4121 1279 4173 καὶ⁵
1309 4121 1401 4173 ἐπὶ
1443 4119 1649 4192 προλα-

1761 4122 1867 4162 non
1919 4123 2077 4181 nego,
2123 4112 2252 4182 quia
2297 4121 2352 4166 tu
2399 4113 2683 4168 veritatem
2736 4114 2998 4180 dilexisti,
3057 4128 3111 4174 ct
3160 4121 3325 4176 odisti

101 4204 289 4271 δόντος,
329 4210 449 4263 καθ’
494 4209 754 4280 Ἐὃρατδα
808 4213 1103 4285 συνήθειαν
1131 4228 1146 4243 ο
1202 4213 1377 4268 πολλὰ
1408 4215 1519 4285 γὰρ
1544 4231 1647 4267 τοιο

1758 4205 2124 4260 mendacium.
2155 4205 2248 4259 Illa
2279 4212 2462 4262 autem
2495 4207 2675 4271 verba,
2706 4207 2839 4262 Ecce
2864 4211 3022 4278 enim,
3051 4213 3327 4283 superﬂua

99 4294 222 4350 αὕτα
250 4303 474 4372 περιττὰ
511 4301 716 4372 τίθησι.

1757 4304 1910 4364 sunt,
1944 4304 2053 4351 tam
2087 4296 2138 4351 in
2169 4296 2274 4351 hoc
2303 4298 2576 4353 versiculo
2608 4315 2770 4370 quam
2802 4300 2854 4353 in
2889 4303 3136 4370 proxime
3164 4320 3328 4374 supe-

1756 4385 1912 4441 riori.
1961 4385 2289 4441 Hebraicum
2341 4388 2487 4442 enim
2541 4396 2625 4441 est
2678 4388 2877 4443 idioma
2912 4429 2928 4454 ,
2977 4389 3132 4459 juxta
3181 4395 3326 4463 quod

1757 4477 2034 4548 superﬂua
2070 4478 2239 4532 multa
2264 4479 2317 4532 in
2347 4479 2598 4534 oratione
2631 4479 2856 4549 reperiri
2892 4482 3089 4535 soli-nt.

154 4566 236 4619 Τὰ
266 4569 462 4636 ἄδηλα
489 4571 588 4625 καί
631 4572 701 4626 τὰ
730 4575 951 4644 κρύφια
968 4575 1079 4646 τῆς
1101 4579 1325 4646 σοφίας
1351 4594 1470 4634 σου
1506 4579 1647 4650 ἐδή-

1829 4569 2045 4625 Incerta
2073 4579 2122 4624 et
2142 4569 2349 4624 occulta
2369 4570 2641 4640 sapientia:
2669 4579 2771 4624 tum
2793 4572 3152 4641 manifestasti
3174 4574 3325 4628 mihi.

79 4663 289 4730 λωσὰς
315 4683 434 4734 μοι.
461 4667 633 4721 Τοῦτο
657 4670 796 4740 πρὸς
827 4669 925 4742 τὴν
960 4673 1170 4727 οἰκείαν
1188 4670 1341 4728 εἶπεν
1358 4675 1645 4748 αἰσχύνην,

1756 4662 1868 4719 Hoc
1895 4665 1949 4718 in
1975 4663 2058 4719 sui
2093 4663 2446 4732 ignominiam
2479 4673 2531 4718 et
2574 4663 2954 4718 confusionem
2987 4665 3144 4719 dixit.
3177 4665 3327 4721 Adeo

75 4754 158 4805 ὅτι
199 4755 465 4812 Τοσοῦτόν
527 4777 596 4830 με
649 4761 968 4833 ἠγάπησας,
1024 4766 1106 4819 ὅτι
1136 4766 1229 4820 καὶ
1261 4769 1332 4821 τὰ
1356 4770 1647 4840 ἀπόρρητα

1759 4762 1836 4817 ιιι,
1870 4752 2069 4820 inquit,
2105 4751 2346 4807 dilexisti
2384 4768 2491 4820 me,
2522 4761 2582 4807 ut
2626 4751 2920 4808 ineffabilia
2968 4755 3329 4824 providentia:

72 4845 172 4911 τῆς
209 4849 314 4916 σῆς
339 4851 594 4921 προνοίας
621 4853 898 4923 ὲδήλωσάς
927 4873 1018 4927 μοι
1053 4857 1142 4911 διὰ
1167 4857 1264 4912 τοῦ
1298 4859 1642 4931 προφητικοῦ

1756 4854 1858 4900 tua:
1883 4860 2108 4910 arcana,
2137 4860 2234 4916 per
2270 4845 2646 4916 propheticum
2679 4847 2810 4900 mihi
2847 4848 3100 4916 spiritum
3128 4846 3325 4905 feceris

74 4933 383 5006 πνεύματος
408 4955 421 4968 ·
457 4939 567 5008 ἐγὼ
602 4941 661 4994 δὲ
699 4943 908 5015 ἐφάνην
939 4945 1233 5018 ἀγνώμων.
1677 5012 1679 5019 γ

1756 4935 2063 5003 manifesta,
2089 4952 2192 5005 ego
2237 4946 2416 4992 tamen
2451 4937 2698 5008 ingratus
2727 4954 2854 5010 erga
2901 4947 2954 4994 te
2995 4955 3120 4996 esse
3156 4956 3326 5012 appa-

1748 5044 1854 5083 I‘lll.

152 5115 434 5187 Ῥαντιεῗς
479 5138 558 5190 με
614 5122 911 5191 ὑσσώπῳ,
951 5127 1051 5180 καὶ
1105 5130 1642 5201 καταρισθήσομιιι.

1820 5118 2078 5187 Asperges
2102 5133 2202 5184 me,
2225 5117 2467 5184 Domine,
2485 5119 2706 5190 hyssopo
2730 5130 2780 5174 et
2809 5123 3122 5189 mundabor.
3160 5121 3324 5177 Varia

72 5205 264 5261 Πολλοὶ
286 5213 413 5277 περὶ
433 5213 623 5268 τούτου
635 5215 784 5282 λόγοι
795 5215 1073 5289 τοῦξρητοῦ
1098 5219 1313 5284 πολλοῖς
1327 5223 1642 5291 γεγόνασιν,

1756 5224 1781 5261 a
1808 5209 1994 5266 multis
2019 5209 2166 5264 dicta
2209 5220 2338 5265 sunt
2368 5211 2434 5264 ad
2457 5215 2742 5281 praesentis
2775 5214 3032 5268 versiculi
3061 5214 3325 5282 explana-

71 5296 242 5363 οὐδεὶς
270 5302 326 5355 δὲ
355 5305 544 5373 σαφὲς,
577 5306 686 5359 οὐδ’
714 5308 1111 5381 ἀναντίρρητον
1138 5313 1462 5384 ἀπήγγειλε.
1503 5315 1643 5383 Ἐγὼ

1756 5302 1982 5368 tionem,
2011 5302 2146 5358 nihil
2189 5313 2367 5358 tamen
2407 5305 2478 5359 ab
2503 5306 2584 5360 eis
2612 5306 2749 5359 adeo
2784 5319 3032 5374 apertum
3063 5305 3322 5372 traditur,

73 5385 127 5437 δέ
149 5408 296 5461 φημι
329 5398 699 5467 προφητεύειν
733 5402 862 5472 περὶ
895 5404 1092 5458 ἑαυτοῦ
1117 5403 1208 5457 τὸν
1237 5405 1401 5458 Δαὸὶδ
1429 5407 1486 5458 ἐν
1518 5406 1641 5460 τούς

1756 5393 1818 5456 ιιι
1840 5400 2278 5457 contradictione
2307 5402 2455 5456 omni
2489 5417 2719 5472 prorsus
2745 5414 2955 5457 careat.
2985 5403 3098 5474 Ego
3135 5415 3320 5462 autem

71 5493 198 5549 τοις,
243 5486 329 5539 ὅτι
363 5489 460 5541 καὶ
504 5494 998 5564 συγχωρηθήσεται
1023 5495 1122 5565 τὴν
1155 5497 1432 5567 ἁμαρτίαν
1455 5498 1648 5551 τελεω-

1756 5494 2080 5563 Pmphetam
2109 5503 2238 5562 puto
2281 5493 2367 5548 his
2414 5493 2596 5549 verbis
2638 5494 2703 5549 de
2735 5509 2795 5548 se
2838 5495 2958 5563 ipso
2997 5497 3318 5565 praedicere.

73 5572 255 5643 τέρεν,
296 5581 394 5633 καὶ
440 5585 616 5652 χαρᾶς
658 5585 1056 5655 πλησθήσεται.
1105 5588 1258 5641 Ἐπεί
1287 5589 1398 5659 γὰρ
1424 5591 1453 5643 ό
1477 5589 1644 5660 νόμος

1756 5590 1896 5659 quod
1943 5589 2123 5643 adhuc
2178 5589 2426 5643 exactius
2478 5602 2543 5642 ac
2599 5589 2892 5659 perfectius
2953 5591 3320 5646 absolvendus

73 5661 327 5724 ὖπσώπου
360 5675 688 5744 ραντίσματί
731 5693 882 5742 τινας
912 5679 1019 5732 τῶν
1048 5681 1417 5751 μιαινομένων
1442 5679 1643 5735 ἐκαθάο

1756 5689 1896 5737 esset
1935 5695 1967 5733 ιι
2012 5680 2268 5746 crimine,
2300 5689 2356 5734 et
2405 5679 2606 5750 gaudio
2641 5681 2954 5751 replendus.
3002 5681 3140 5750 Quia
3171 5683 3319 5738 enim

79 5767 253 5828 FEuev,
287 5764 538 5836 ἔστιγὰρ
573 5765 635 5820 τὸ
663 5766 918 5823 ὕσσωπον
941 5765 1084 5834 εἶδος
1107 5771 1266 5838 πόας,
1295 5769 1436 5841 ἄγαν
1495 5788 1639 5844 σμηο

1756 5771 1834 5828 lex
1889 5769 2202 5826 immundos
2275 5769 2542 5840 quosdam
2619 5771 2844 5844 hyssopi
2906 5773 3335 5847 aspcrsionihus

137 5939 181 5971 "
235 5941 425 6017 IReg.
463 5959 560 6011 ιιι,
591 5944 680 6001 Il.
1670 5951 1679 6019 ς

446 6043 719 6108 Pyram"
763 6043 878 6107 Gtt.
928 6043 1264 6109 CXXVIII.
1672 6062 1682 6066 ·
2979 6046 3052 6108 18
