3806 6556
453 503 557 564 555

1681 489 2065 551 EUTIIYMH
2091 545 2094 548 .
2119 489 2481 552 ZIGABENI
3607 491 3691 554 535

453 612 702 672 mnudari
733 607 978 679 iubebat,
1009 622 1070 661 ca
1097 603 1356 662 nimirum
1391 604 1626 670 ratione,
1654 607 1782 675 quia
1823 607 2016 677 liysso-

2137 609 2340 678 ιτικῆς.
2371 608 2514 662 κατὰ
2545 610 2857 680 μεταφορὰν
2885 609 3098 680 ἐκείνης
3151 611 3249 679 τῆς
3288 607 3605 678 καθάρσεως
3638 605 3694 660 εἷο

449 723 552 780 pus
605 706 770 760 herba
802 702 1048 772 qumdam
1083 708 1169 754 est
1211 699 1442 753 multum
1502 697 1825 762 abstersiva,
1873 698 2029 766 juxta

448 801 597 854 illius
650 793 996 867 purgationis
1041 791 1416 861 metaphoram
1463 791 1592 845 ait:
1639 789 1722 844 Tu
1778 793 2028 856 Domine,

444 907 508 946 ea
535 905 622 943 me
643 888 989 958 potissimum
1008 884 1331 954 aspersione
1349 897 1631 953 aspcrges,
1668 897 1788 952 quae
1824 881 2020 951 perfec-

2135 717 2258 762 πεν,
2283 701 2366 753 ὅτι
2402 701 2667 763 ⁹1¹αντιεῖς
2690 718 2756 768 με
2784 701 3110 771 ραντίσματι
3128 699 3442 770 σμηκτικῷ.
3469 699 3566 770 Eii;
3585 698 3629 750 δ’
3647 701 3694 752 ἂν

2131 790 2295 844 τοῦτο
2359 791 2520 859 λόγος
2577 792 2849 859 ἀφέσεως,
2883 792 2916 863 ἧ
2947 794 3040 846 καὶ
3061 793 3122 845 τὸ
3146 792 3385 862 δακρυον
3413 791 3514 861 τῆς
3551 808 3693 861 μετι-

2133 885 2284 944 νοίας
2312 900 2326 916 ⁸
2351 889 2447 939 καὶ
2475 886 2635 940 τοὶτο
2663 890 2772 957 γὰρ
2807 887 2997 940 θεόθεν
3019 886 3329 958 χαρίζεται.

447 987 557 1038 tius
584 997 776 1035 οιιιιιεε
807 978 1076 1048 abstergit
1102 977 1344 1032 maculas
1373 993 1390 1031 :
1429 977 1532 1031 ltoc
1565 985 1748 1031 autem
1775 975 1868 1031 (iet
1934 991 2030 1046 per
2070 977 2337 1047 prolatam
2371 995 2401 1034 a
2464 990 2517 1035 te
2559 980 2888 1034 omnimoda:
2917 981 3284 1036 absolutionis
3362 981 3693 1044 εειιιεηιὶειιι,

449 1075 530 1130 rel
557 1074 948 1144 perlacrytnas
977 1069 1342 1142 pmnitentizc;
1378 1069 1583 1140 quippe
1613 1085 1738 1124 cum
1768 1078 1822 1124 et
1886 1069 2203 1140 ltujnsmodi
2271 1075 2547 1145 laet-ynur,
2616 1085 2676 1129 ut
2726 1075 2816 1128 Dei
2864 1075 3068 1128 donum
3127 1077 3194 1129 alt
3259 1089 3331 1129 eo
3373 1077 3694 1144 proveniant.

448 1169 611 1241 [Nam
640 1169 684 1224 si
720 1167 840 1222 hate
897 1181 925 1220 a
957 1175 1012 1220 te
1067 1165 1202 1219 mihi
1230 1163 1372 1220 dona
1405 1163 1687 1218 adfuerint
1720 1163 1775 1218 itt
1810 1163 2194 1232 abstergendis
2245 1169 2387 1223 meis
2438 1170 2693 1233 maculis,
2729 1169 2950 1239 hyssopi
2994 1169 3168 1223 vicem
3204 1168 3401 1238 ρεςεθεί
3425 1168 3571 1240 unt.]

515 1259 746 1315 Lavabia
781 1273 884 1320 me,
910 1268 958 1311 et
1011 1272 1170 1326 super
1195 1257 1364 1310 nivem
1415 1255 1724 1310 dealbabor.
1759 1254 2022 1311 Euntdetn

447 1369 558 1425 pra:
583 1351 778 1424 gaudio
810 1365 1029 1405 sensum
1061 1350 1274 1419 repetit.

521 1441 686 1498 Vsus.
737 1443 824 1494 10.
864 1441 1090 1494 Auditui
1145 1455 1260 1494 meo
1314 1438 1467 1494 dabis
1516 1439 1925 1495 exsultationem
1975 1447 2022 1494 et

449 1537 714 1592 lwtitiam.
747 1532 886 1600 Quia
917 1533 1147 1587 auribus
1176 1532 1374 1586 anima:
1406 1545 1538 1586 mea:
1569 1540 1620 1586 te
1660 1532 1791 1586 mihi
1829 1547 2024 1602 peper-

449 1631 594 1684 cisse
623 1625 941 1682 instillabis.
979 1624 1288 1680 Exsultatio
1333 1631 1515 1680 autem
1563 1632 1616 1680 et
1657 1624 1844 1678 lmtitia
1876 1624 2021 1680 idem

450 1720 786 1792 signiﬁcant,

524 1835 884 1891 Exsultabunt
915 1850 1038 1888 ossa
1085 1832 1392 1886 humiliata.
1447 1830 1584 1886 Ossa
1632 1846 1772 1895 mea,
1825 1832 2025 1904 inquit,

449 1938 802 1999 peccatorum
835 1925 1079 1996 pondere
1113 1923 1397 1994 depressa,
1427 1922 1806 1990 essultabuut,
1834 1939 1898 1980 ac
1927 1923 2024 1979 dc-

448 2021 629 2093 posito
674 2034 738 2075 eo
768 2033 934 2074 onere
978 2018 1382 2072 allevabnntur.
1422 2015 1523 2071 Per
1563 2033 1660 2072 sua
1713 2033 1843 2074 vero
1901 2034 2027 2074 ossa

450 2116 696 2184 seipsum
743 2125 969 2182 prorsus
1027 2109 1320 2180 signiﬁcat.
1369 2109 1552 2178 Aliqui
1603 2120 1784 2163 autem
1813 2110 2026 2172 dicunt,

447 2205 595 2276 quod
649 2205 741 2258 illa
768 2202 932 2257 verba
965 2219 978 2255 :
1013 2201 1242 2254 Auditui
1271 2215 1382 2254 meo
1411 2200 1562 2254 dabis
1592 2199 2025 2266 exsultationem,

446 2299 512 2351 ad
550 2295 852 2350 Salvaturis
890 2293 1328 2347 lncarnationetn
1376 2293 1674 2360 pertinent,
1706 2303 1764 2346 ut
1798 2293 1868 2346 sit
1903 2308 2028 2347 seu.

451 2403 596 2444 sus:
644 2384 1015 2441 Annuntiabis
1065 2382 1199 2437 milii
1227 2381 1691 2453 jncuudlssimum
1736 2384 2024 2452 gaudium,

449 2483 594 2536 illam
631 2480 887 2534 nimirum
931 2474 1260 2532 iueﬁ‘allilem
1296 2473 1774 2542 incarnationem;
1807 2486 1862 2531 et
1892 2484 2025 2532 tunc

447 2587 576 2631 ossa
608 2588 751 2637 mea,
795 2587 916 2642 qua:
957 2585 1103 2625 nunc
1149 2567 1438 2622 humiliata
1462 2575 1611 2635 sunt,
1661 2584 1770 2640 pra:
1803 2585 2024 2626 summa

447 2666 735 2734 voluptate
749 2661 1109 2719 exsultabunt
1131 2668 1186 2714 et
1214 2658 1532 2716 subsilient.

520 2779 686 2834 Vsus.
723 2779 809 2833 11.
858 2778 1042 2832 Averte
1089 2775 1274 2848 faciem
1325 2784 1473 2829 tuam
1521 2792 1553 2828 a
1597 2775 1826 2843 peccatis
1873 2775 2031 2839 meis,

443 2883 492 2928 et
525 2888 701 2926 omnes
732 2870 1035 2939 iniquitates
1070 2883 1212 2922 meas
1254 2866 1390 2924 dele.
1425 2867 1642 2933 Omnia,
1670 2867 1868 2936 inquit,
1901 2881 2028 2936 pec-

453 2971 572 3015 cata
604 2975 724 3014 utea
760 2959 814 3011 in
860 2963 1157 3026 conspectu
1193 2964 1287 3008 tuo
1322 2956 1528 3024 jacent,
1577 2956 1707 3024 quia
1750 2964 1808 3008 tu
1842 2955 2022 3009 omnia

450 3051 726 3124 conspicis
759 3067 774 3104 :
815 3065 1001 3105 verum
1041 3057 1190 3118 pcto,
1222 3056 1286 3101 ut
1310 3054 1594 3117 aspectum
1626 3046 1695 3100 ab
1728 3045 1837 3102 illis
1871 3055 2025 3100 tuuut

451 3158 726 3207 amoveas,
761 3151 812 3197 et
840 3140 1135 3196 commissa
1171 3155 1202 3194 a
1245 3155 1330 3194 me
1358 3139 1566 3195 scelera
1591 3155 1622 3194 e
1665 3137 1808 3192 libro
1839 3138 2026 3194 deleas

448 3236 726 3290 actionum
759 3248 1023 3289 mearum.

522 3348 809 3404 “2113.12.
856 3346 964 3403 Cor
1010 3344 1262 3400 mundum
1308 3361 1428 3399 crea
1485 3345 1540 3399 in
1588 3361 1691 3411 me,
1724 3344 1882 3399 Deus.
1919 3345 2027 3401 Cor

447 3441 592 3510 apud
635 3439 981 3510 Scripturam
1011 3438 1182 3492 multa
1213 3436 1508 3507 signiﬁcat.
1548 3437 1857 3507 Aliquando
1878 3440 2025 3492 euint

449 3545 548 3600 pro
577 3529 844 3600 singulari
868 3528 1116 3599 corporis
1142 3527 1390 3582 membro
1412 3527 1704 3597 accipitur,
1727 3529 2028 3598 aliquando

449 3637 582 3676 vero
624 3637 722 3692 pro
760 3621 1013 3676 interiori
1064 3620 1154 3674 illa
1203 3619 1434 3676 rationis
1475 3627 1642 3691 atque
1709 3621 2028 3676 intellectus

449 3720 622 3782 parte.
671 3729 699 3764 a
731 3727 838 3781 qua
885 3711 1152 3781 regimur,
1195 3711 1354 3784 juxta
1385 3713 1521 3767 illud
1553 3731 1566 3767 :
1602 3713 1784 3778 Quare
1819 3715 2024 3782 rogitaa

447 3807 613 3860 tiones
645 3802 940 3857 ascendunt
973 3804 1025 3855 in
1059 3802 1221 3856 cauda
1253 3813 1428 3858 vestra
1458 3805 1540 3858 9"?
1574 3804 1870 3872 aliquando
1899 3820 2017 3858 sen-

451 3897 676 3952 tentiam
710 3894 1010 3963 signiﬁcat,
1039 3902 1091 3949 et
1137 3896 1506 3966 propositum,
1533 3895 1690 3964 juxta
1720 3895 1852 3949 illud
1881 3913 1895 3950 :
1923 3896 2026 3950 Cor

449 3996 623 4039 autem
673 3999 852 4038 eorum
905 3982 1056 4050 longe
1085 3993 1162 4038 est
1205 4003 1238 4038 a
1275 4002 1354 4038 me
1392 3986 1437 4018 θ’
1472 4000 1489 4052 ;
1519 3985 1817 4055 aliquando
1865 3989 2028 4044 Izeue-

451 4075 708 4145 placitum
754 4083 808 4129 et
840 4073 1006 4128 animi
1032 4073 1405 4140 all'ectionem,
1431 4073 1589 4143 juxta
1629 4075 1764 4130 illud
1795 4095 1809 4129 :
1843 4075 2026 4130 Inveni

450 4167 619 4222 David
652 4167 820 4222 virum
853 4160 1141 4221 secundum
1195 4183 1288 4221 cor
1330 4183 1504 4222 meum
1533 4167 1550 4198 ¹
1587 4205 1605 4221 .
1638 4166 1702 4220 Et
1729 4169 2025 4240 aliquando

447 4261 708 4326 animam,
746 4265 804 4313 ut
853 4259 939 4314 hic
977 4278 988 4314 :
1023 4261 1129 4314 Cor
1160 4262 1413 4312 mundum
1468 4275 1590 4316 crta
1639 4259 1692 4314 in
1731 4277 1833 4326 me,
1857 4260 2022 4318 Deus.

448 4354 562 4409 Non
597 4364 742 4426 peto,
783 4355 984 4426 inquit,
1035 4363 1094 4408 ut
1128 4354 1290 4408 aliam
1322 4354 1373 4408 in
1422 4368 1510 4409 me
1550 4362 1804 4411 naturam
1841 4373 2022 4423 crees,

445 4443 536 4498 sed
570 4451 626 4498 ιιι
659 4459 828 4514 quam
871 4444 1044 4498 haben
1075 4445 1127 4497 in
1155 4443 1438 4513 antiquam
1463 4446 1726 4502 restituas
1765 4448 2014 4517 pulchri-

445 4534 711 4590 tudinem.
755 4534 982 4591 Crcabis
1023 4542 1205 4588 autem
1255 4549 1354 4589 cor
1404 4536 1665 4590 mundum
1714 4537 1770 4590 itt
1821 4553 1930 4602 tne,
1975 4537 2020 4592 si

447 4636 770 4684 vetustatem
803 4627 974 4693 illam,
1005 4642 1127 4698 qua:
1157 4629 1240 4695 ,ob
1275 4637 1632 4698 peccatorum
1665 4629 1864 4685 sordes
1891 4630 2016 4684 aui-

446 4733 546 4773 nuc
571 4733 706 4773 mea:
753 4719 1006 4783 inlucrct,
1038 4720 1105 4774 ab
1151 4734 1214 4774 ea
1251 4735 1480 4789 prorsus
1526 4721 1843 4778 abstuleris.
1880 4721 2016 4778 Crea

445 4811 611 4882 igitur
641 4811 745 4866 hoc
773 4812 827 4866 in
860 4812 981 4868 loco
1009 4812 1151 4867 dixit
1184 4825 1310 4882 pro,
1332 4813 1584 4869 restitue.

517 4923 582 4978 Et
612 4924 864 4992 spiritum
895 4936 1094 4980 rectum
1143 4927 1339 4979 innova
1376 4924 1431 4977 iu
1477 4924 1818 4980 interioribus
1860 4929 2013 4984 meis.

441 5015 666 5078 Innova,
690 5031 808 5085 pro,
833 5018 1011 5071 denuo
1032 5017 1309 5084 'imntitte.
1352 5014 1640 5084 Deinceps,
1679 5017 1875 5086 inquit,
1911 5018 2019 5071 im-

442 5105 592 5160 mitte
619 5106 673 5160 in
702 5121 788 5161 me
831 5109 1088 5178 spiritum
1139 5117 1371 5171 rectum,
1404 5108 1510 5163 hoc
1552 5118 1660 5176 est,
1695 5111 2018 5171 directiouis

436 5198 693 5266 gratiam,
719 5214 842 5268 qua
867 5199 1173 5254 diabolicas
1211 5202 1264 5252 in
1295 5213 1384 5255 me
1412 5216 1604 5258 omnes
1635 5206 2016 5262 tortuosilates

437 5287 660 5356 dirigat.
686 5287 788 5342 Per
821 5288 1088 5342 interiora
1120 5298 1300 5343 autem
1364 5289 1584 5346 intimas
1609 5293 1803 5348 anima.-
1829 5305 2014 5364 partes

439 5379 712 5448 intelligit.
749 5378 938 5434 Simile
965 5380 1130 5434 etiam
1163 5382 1246 5436 Itis
1277 5389 1383 5447 est,
1415 5384 1562 5454 quod
1609 5387 1840 5457 legimus
1868 5387 2015 5458 apud

438 5468 780 5525 Ezecltielcm
829 5469 934 5523 dici
986 5469 1062 5524 ad
1107 5485 1226 5536 eos,
1257 5473 1350 5542 qui
1395 5474 1448 5530 in
1500 5476 1780 5549 Babylone
1805 5488 2010 5534 erant:

440 5561 588 5616 Dabo
629 5562 774 5617 enim
813 5559 976 5625 vobis,
1008 5561 1205 5632 inquit,
1238 5581 1329 5622 cor
1357 5584 1544 5622 novum
1579 5573 1622 5636 ³,
1660 5585 1720 5624 ac
1753 5571 1797 5626 si
1832 5571 2007 5627 dixis-

436 5670 555 5726 set,
620 5655 904 5712 Inlirtunm
970 5670 1032 5711 ac
1091 5649 1408 5728 languidum
1483 5677 1577 5717 cor
1657 5669 1898 5719 vestrum
1958 5673 2010 5718 ct

435 5745 916 5818 promptitudincm
947 5755 1184 5802 vestram
1218 5751 1516 5826 renovabo.

505 5930 547 5961 θ’
593 5929 788 5982 [ἰιιτειι.
829 5947 904 5996 χι,
1062 5929 1107 5961 ε³⁹
1139 5927 1241 5983 lsa.
1288 5945 1437 5993 xm,
1475 5930 1553 5982 15.

2203 1259 2470 1325 Πλυνεῖς
2497 1275 2594 1328 με,
2646 1257 2743 1312 καὶ
2788 1258 2942 1325 ὑπὲρ
2982 1261 3158 1327 χιόνα
3200 1258 3694 1328 λευκανοήσομαι.

2131 1350 2206 1404 Τὸ
2237 1351 2368 1404 αὐτὸ
2401 1350 2550 1419 λέγει
2576 1349 2738 1405 πάλιν
2774 1351 2863 1419 ὑφ’
2888 1351 3109 1421 ἡδονῆς.

2215 1442 2544 1510 Ἀκουτιεῖς
2587 1459 2662 1513 με
2712 1444 3084 1512 ἀγαλλίασιν
3164 1442 3262 1497 καὶ
3305 1444 3692 1512 εὐφροσύνην.

2131 1536 2265 1598 Ταῖς
2318 1536 2510 1600 ἀκοαῖς
2538 1535 2637 1607 τῆς
2679 1535 2861 1605 ψυχῆς
2916 1554 3020 1606 μου
3054 1538 3346 1607 ἐνηχήσεις
3393 1537 3594 1606 χαρὰν,
3629 1538 3690 1588 ὅτι

2131 1627 2520 1700 συνεχώρησάς
2559 1630 3036 1700 μοι.Ἀγαλλίασις
3068 1630 3124 1683 δὲ
3165 1629 3259 1682 καὶ
3297 1629 3606 1700 εὐφροσύνη
3649 1632 3693 1681 τὸ

2127 1722 2262 1774 αὐτὸ
2297 1723 2683 1794 σημαίνουσιν.
3574 1715 3591 1730 ⁶

2211 1834 2716 1904 Ἀγαλλιάσονται
2735 1831 2917 1888 ὀστέα
2939 1828 3437 1898 τεταπειιωμένα.
3460 1829 3540 1880 Τὰ
3579 1829 3690 1880 (mi

2135 1944 2259 1998 μου,
2297 1927 2452 1996 φησι,
2493 1924 2944 1993 τεταπεινωμένα
2976 1922 3052 1992 τῷ
3085 1921 3242 1992 βάρει
3275 1920 3377 1988 τῆς
3408 1921 3683 1988 ἁμαρτίας,

2130 2018 2580 2088 ἀγαλλιάσονται,
2611 2015 2983 2085 κουφισθέντα
3035 2014 3124 2066 διὰ
3152 2013 3254 2080 τῆς
3279 2011 3549 2080 ἀφέσεως.
3577 2011 3690 2062 Ἀπδ

2133 2112 2334 2183 μέρους
2359 2112 2437 2174 δὲ,
2489 2111 2598 2164 τῶν
2629 2108 2825 2174 ὀστῶν,
2877 2109 2999 2161 ὅλον
3033 2107 3225 2160 ἑαυτὸν
3267 2105 3519 2176 ἑνέςςηνε.
3557 2105 3689 2166 Τινὲς

2127 2205 2185 2258 δέ
2221 2221 2404 2274 φασιν,
2435 2205 2516 2258 ὅτι
2546 2203 2628 2266 τὸ,
2685 2201 3008 2268 Ἀκουτιεῖς
3031 2217 3106 2271 με
3141 2200 3540 2270 ἀγαλλίασιν,
3586 2199 3688 2265 περὶ

2129 2295 2226 2364 τῆς
2249 2294 2722 2364 ἐνανθρωπήσεως
2749 2292 2845 2345 τοῦ
2879 2291 3135 2361 Σωτῆρος
3153 2291 3399 2360 εἴρηκεν,
3429 2289 3511 2340 ὅτι
3529 2290 3687 2353 Ἀνατ-

2130 2385 2308 2454 γελεῖς
2365 2403 2455 2456 μοι
2513 2386 2612 2454 τὴν
2644 2383 2997 2452 παγκόσμιον
3034 2381 3234 2452 χαρὰν,
3269 2381 3386 2450 1ἦτοι
3417 2381 3516 2448 τὴν
3540 2380 3683 2448 uxr};-

2131 2478 2294 2548 ρητον
2327 2476 2767 2549 ὲνανθρώπησιν,
2810 2477 2905 2531 καὶ
2940 2474 3104 2538 εὐθὺς
3137 2473 3280 2541 ἄγαν
3313 2471 3563 2527 ἁλοῦνται
3616 2475 3686 2523 καὶ

2131 2570 2519 2641 σκιρτήσουσιν
2563 2569 2654 2640 ὑφ’
2705 2567 2900 2640 ἡδονῆς
2944 2566 3015 2621 τὰ
3055 2565 3510 2635 τεταπεινωμένα
3546 2566 3685 2618 ὀστέα

2131 2676 2258 2729 μου.

2217 2775 2637 2844 Ἀπόστρεψον
2664 2775 2728 2828 τὸ
2744 2775 3070 2843 πρόσωπόν
3095 2789 3212 2829 σου
3234 2772 3355 2827 ἀπὸ
3383 2772 3498 2825 τῶν
3527 2773 3684 2841 ἀμορ-

2130 2868 2270 2924 τιῶν
2286 2888 2428 2939 μου,
2453 2870 2549 2922 καί
2582 2871 2788 2934 πάσας
2813 2868 2919 2932 τὰς
2937 2869 3192 2934 ἀνομίας
3207 2885 3329 2935 μου
3362 2866 3684 2934 ἐξώλεις-ειν.

2129 2960 2316 3031 Γυμνὰ
2366 2963 2649 3032 πρόκειται
2697 2963 2763 3032 τῇ
2818 2960 3144 3030 παντεφόρῳ
3193 2962 3469 3028 ἐπισκοπῇ
3507 2975 3598 3010 σου
3630 2961 3683 3008 τά

2131 3053 2242 3123 ἐμὰ
2300 3053 2697 3123 ἁμαρτήματα.
2774 3051 3108 3121 Ἀπόστησον
3163 3048 3259 3102 οὖν
3325 3047 3549 3117 ταύτην,
3606 3047 3683 3100 καὶ

2129 3144 2256 3208 ὅλας
2287 3162 2388 3214 μου
2420 3145 2518 3208 τὰς
2546 3144 2780 3216 ἀνομίας
2805 3143 3088 3214 ἐξάλειψον
3111 3141 3221 3195 ἀπὸ
3256 3140 3358 3209 τῆς
3388 3141 3568 3211 βίϐλου
3596 3139 3681 3191 τῶν

2053 3237 2096 3296 C
2130 3235 2307 3308 ἔργων
2329 3253 2455 3307 μου.

2198 3352 2464 3422 Καρδίαν
2511 3351 2780 3420 καθαρὰν
2826 3352 3044 3405 κτίσον
3091 3367 3162 3404 εν
3189 3350 3345 3419 εμοι,
3380 3352 3411 3404 ό
3437 3349 3596 3413 Θείς.
3629 3347 3680 3398 ’11

2129 3445 2327 3514 καρδία
2374 3443 2632 3514 σημαίνει
2685 3443 2856 3498 πολλὰ
2883 3462 2897 3478 ο
2956 3443 3090 3498 ποτὲ
3128 3443 3251 3513 μὲν,
3283 3443 3346 3495 τὸ
3389 3441 3678 3511 σωματικὸν

2130 3536 2324 3607 μόριον
2350 3553 2363 3566 ’
2401 3536 2532 3589 ποτὲ
2571 3536 2650 3601 δὲ,
2685 3537 2780 3592 τοῦ
2828 3535 3161 3606 ἡγεμονικοῦ
3185 3535 3248 3588 τδ
3279 3534 3592 3605 βαθύτατον,
3619 3532 3678 3592 ὡς

2127 3629 2228 3682 τό*
2269 3628 2378 3683 Καὶ
2434 3629 2592 3682 διατι
2638 3629 2919 3699 λογισμοί
2988 3627 3433 3684 ἀναϐαίνουσιν
3468 3628 3533 3679 ἐν
3569 3624 3676 3688 ταῖς

2127 3721 2399 3790 καρδίαις
2426 3721 2634 3791 ὑμῶν;
2662 3721 2791 3774 ποτὲ
2817 3722 2894 3788 δὲ,
2921 3725 3020 3792 τὴν
3051 3721 3282 3792 γνώμην
3326 3721 3420 3774 καὶ
3449 3721 3539 3786 τὴν
3567 3735 3677 3787 προσ

2127 3817 2364 3889 αίρεσινο
2399 3817 2474 3882 ὡς
2495 3818 2558 3871 τό
2588 3832 2602 3846 ⁸
2687 3816 2759 3872 Ἠ
2783 3815 2852 3870 δὲ
2882 3817 3097 3886 καρδία
3132 3816 3324 3871 αὑτοῦ
3343 3816 3533 3883 adﬁxa
3552 3813 3677 3868 d145-

2127 3927 2218 3979 χει
2243 3910 2344 3964 ἀπ’
2365 3910 2513 3979 ἐμοῦ
2541 3924 2554 3938 ⁸
2597 3910 2731 3963 ποτὲ
2761 3910 2838 3975 δὲ,
2868 3909 2967 3980 τὴν
2998 3909 3246 3963 εὐδοκίαν
3263 3909 3360 3962 καὶ
3388 3909 3674 3977 ἀρέσκειαν,

2126 4001 2202 4064 ὡς
2233 4003 2317 4055 τὸο
2344 3998 2541 4069 Εὗρον
2563 4002 2740 4056 Δασὶδ
2761 4003 2954 4070 ἄνδρα
2970 4001 3122 4057 κατὰ
3151 4002 3269 4073 τὴν
3295 4000 3538 4069 καρδίαι·
3553 4013 3670 4066 μου·

2128 4091 2258 4144 ποτὲ
2303 4092 2383 4158 δὲ,
2430 4091 2528 4163 τὴν
2549 4091 2747 4162 ψυχὴν,
2770 4093 2845 4156 ὡς
2879 4092 2973 4145 ἐπὶ
3001 4091 3095 4144 τοῦ
3124 4089 3511 4161 προκειμένου,
3539 4090 3673 4153 Καρ*

2126 4183 2264 4238 δίαν
2291 4185 2558 4251 καθαρὰν
2585 4186 2800 4238 κτίσον
2839 4184 2910 4238 ἐν
2964 4183 3122 4251 ἐμοὶ,
3168 4181 3484 4252 οὐχ’ὲτέραν
3501 4176 3673 4232 auaui:-

2127 4293 2248 4341 σας,
2279 4275 2414 4330 ἀλβὰ
2447 4277 2546 4347 τὴν
2581 4275 2746 4330 οὖσαν
2776 4277 2859 4339 εἰς
2887 4276 2948 4330 τὸ
3010 4277 3239 4346 ἀρχαῖον
3275 4274 3465 4335 κάλλος
3493 4273 3675 4324 ἀποκα-

2125 4368 2419 4438 ταστήσας.
2447 4369 2510 4420 Εἰ
2544 4369 2654 4440 γὰρ
2683 4367 2889 4438 ταύτης
2920 4369 3179 4440 περιέλῃς
3213 4368 3314 4437 τὴν
3341 4366 3670 4432 παλαιότητα,

2124 4458 2221 4528 τὴν
2249 4459 2357 4511 ἀπὸ
2387 4459 2482 4511 τοῦ
2531 4459 2702 4532 ῥύπου
2734 4459 2832 4530 τῆς
2879 4459 3180 4530 ἁμαρτίας,
3241 4458 3445 4520 κτίσεις
3477 4458 3528 4509 ὲν
3565 4452 3673 4522 ἐμοὶ

2131 4549 2357 4619 καρδίαν
2403 4551 2674 4621 καθαράν.
2709 4551 2934 4607 Κτίσον
2965 4551 3080 4619 οὖν,
3131 4551 3254 4604 ἀντὶ
3285 4549 3406 4614 τοῦ,
3427 4545 3673 4603 ἀποκατά-

2127 4657 2226 4712 στη
2235 4657 2343 4695 σον.

2193 4926 2303 4981 Καὶ
2340 4926 2576 4996 πνεῦμα
2607 4926 2781 4994 εὺθὲς
2799 4928 3151 4998 ἐγκαίνισον
3172 4929 3245 4982 ἐν
3280 4930 3406 4996 τοῖς
3429 4927 3672 5000 Arsami;-

2117 5035 2260 5088 μου.
2303 5049 2372 5058 -
2406 5020 2814 5088 Ἐγκαίνισον,
2864 5022 2982 5074 ἀντὶ
3036 5024 3154 5087 τοῦ,
3210 5023 3419 5091 ἔμϐαλε
3469 5021 3671 5084 καινῶς,

2121 5111 2238 5180 ἦτοι
2270 5111 2378 5165 ἀπὸ
2405 5111 2500 5165 τοῦ
2544 5111 2664 5178 νῦν,
2697 5113 2948 5185 χάρισμα
2981 5113 3304 5184 εὐθύτητος,
3336 5115 3540 5168 εὔθυνον
3580 5115 3670 5173 τὰς

2119 5200 2482 5270 ἐγγινομένας
2527 5220 2618 5272 μοι
2671 5205 2824 5274 παρὰ
2854 5204 2948 5257 τοῦ
2993 5205 3254 5275 δαίμονος
3305 5207 3664 5272 σκολιότητας·

2118 5291 2326 5360 ἔγκατα
2372 5293 2428 5347 δὲ
2467 5294 2617 5364 λέγει
2672 5297 2740 5349 τὰ
2769 5297 3021 5367 ἐνδότερα
3055 5299 3200 5369 μέρη
3227 5298 3440 5352 ἑαυτοῦ.
3469 5296 3591 5366 Φησὶ
3616 5297 3665 5347 δὲ

2112 5387 2208 5441 καὶ
2227 5386 2318 5439 διὰ
2354 5387 2622 5459 Ἰεζεκιὴλ
2646 5391 2674 5442 ὁ
2705 5390 2837 5454 Θεὸς
2868 5391 3005 5462 πρὸς
3035 5393 3163 5453 τοὺς
3191 5395 3250 5444 ὲν
3280 5391 3560 5450 Βαϐυλῶνι,
3589 5391 3668 5441 ὅτι

2117 5476 2294 5531 Δώσω
2309 5479 2516 5546 αὐτοῖς
2542 5479 2797 5549 καρδίαν
2825 5481 3047 5550 καινὴν
3072 5483 3169 5536 καί
3191 5484 3426 5554 πνεῦμα
3449 5481 3663 5539 καινὸν.

2118 5573 2416 5638 τουτέστιν,
2480 5573 2843 5628 Ἀνακαινίσω
2874 5575 3258 5648 ἀσθενήσασαν
3293 5577 3385 5632 καὶ
3419 5576 3505 5647 τὴν
3532 5589 3662 5644 καρ-

2120 5663 2236 5717 δίαν
2262 5664 2446 5719 αὑτῶν
2471 5666 2566 5719 καὶ⁸
2601 5669 2703 5736 τὴν
2723 5667 3057 5740 προθυμίαν.

1639 5931 1651 5959 ¹
1689 5929 1706 5982 1
1746 5929 1876 6001 Reg.
1905 5945 2023 5995 xm,
2065 5931 2147 5986 M.
2194 5935 2213 5965 ¹
2250 5932 2450 5989 Ezcclt.
2481 5951 2554 5999 ιιι,
2596 5935 2682 5990 19.
