3866 6550
413 442 520 504 559

1637 443 2018 503 LU'I'UYMII
2056 442 2422 506 ZlGABENI

3544 457 3639 523 560

400 565 565 617 tiora.
589 556 743 625 Quod
792 555 838 614 si
883 556 1007 629 quis
1050 556 1300 629 obiiciat,
1343 559 1565 617 beatum
1615 562 1783 616 David
1839 573 1948 633 post

2066 562 2245 617 ἐποίει
2265 563 2426 618 τοῦτο
2447 563 2536 618 διὰ
2568 564 2657 620 τὸν
2688 566 2874 639 νόμον,
2905 570 2999 625 δαὶ
3026 569 3110 627 ὅτι
3143 571 3301 627 οὔπω
3330 572 3429 645 τῆς
3459 576 3639 647 καινῆς

398 651 712 723 lmjusmodi
764 651 928 706 verba
977 650 1085 706 Deo
1156 652 1360 722 saepius
1411 655 1784 720 sacriﬁcasse,
1828 654 1964 710 illud

2076 654 2267 721 θυσίας
2286 656 2315 709 6
2346 656 2538 728 καιρὸς
2566 658 2836 730 ἐληλύθει.

392 744 940 802 animadvertendum
958 742 1239 812 ducimus,
1260 744 1405 816 quod
1425 761 1537 802 non
1559 763 1625 802 ex
1652 747 1956 818 proposito,
1999 763 2177 819 neque
2210 765 2277 805 ex
2309 750 2534 820 propria
2591 750 2878 810 voluntate
2930 786 2935 787 ί
2965 755 3019 812 id
3077 757 3293 828 agebat,
3338 756 3440 815 sed
3515 759 3637 830 legis

391 843 719 906 reverentia,
770 849 824 895 et
880 841 1008 912 quia
1056 842 1182 897 novi
1242 843 1506 899 sacriﬁcii
1559 843 1679 899 dies
1716 844 1962 900 nondum
2005 855 2250 902 venerat.

461 937 625 994 Vsus.
693 939 778 994 i9.
844 937 1184 1008 Sacriﬁcium
1228 939 1337 994 Deo
1396 940 1617 1010 spiritus
1669 943 1957 995 contritus.

390 1034 610 1097 Anima,
635 1030 837 1102 inquit,
866 1045 985 1100 quae
1009 1031 1318 1087 humilitate
1351 1046 1416 1085 ac
1449 1031 1791 1089 demissione
1820 1048 1960 1103 qua-

390 1111 521 1181 dam
548 1122 860 1177 voluntaria
919 1121 1153 1177 contrita
1204 1121 1395 1187 fuerit,
1416 1134 1636 1195 gratum
1678 1135 1841 1195 atque
1867 1137 1963 1178 ac-

387 1214 662 1285 ceptabile
700 1213 813 1268 Deo
842 1215 1180 1270 sacriﬁcium
1214 1213 1420 1271 reddit.

456 1308 558 1365 Cor
593 1309 885 1363 contritum
933 1317 985 1363 et
1015 1308 1360 1362 humiliatum
1391 1307 1534 1363 Deus
1564 1323 1668 1363 non
1691 1307 1962 1378 despiciet.

385 1400 816 1473 Sapenumero,
882 1408 945 1454 ut
1024 1400 1292 1465 diximus,
1357 1400 1646 1468 Scriptura
1717 1416 1814 1471 per
1868 1415 1967 1455 cor

382 1494 624 1553 animam
691 1491 973 1562 intelligit,
1040 1507 1107 1546 eo
1190 1491 1344 1561 quod
1401 1492 1601 1547 anima:
1655 1492 1820 1548 sedes
1869 1492 1965 1557 sit,

379 1588 519 1638 etin
542 1599 608 1638 eo
629 1583 979 1656 potissimum
1004 1583 1352 1639 diversetur:
1388 1592 1556 1653 atque
1579 1584 1703 1640 ideo
1739 1583 1833 1638 ubi
1868 1598 1965 1639 cor

382 1676 612 1746 patitur,
657 1675 840 1731 anima
880 1673 1069 1730 statim
1120 1690 1150 1730 a
1203 1685 1317 1731 tcto
1343 1675 1525 1730 evolat
1552 1690 1803 1746 corpore.
1838 1674 1963 1731 Non

380 1767 627 1838 despiciet
656 1778 838 1822 autem
885 1781 1008 1836 pro,
1066 1782 1172 1820 non
1238 1774 1458 1831 avertet,
1511 1766 1616 1822 hoc
1650 1775 1754 1835 est,
1797 1782 1958 1823 suum

380 1861 450 1916 ab
474 1844 541 1916 eo
575 1875 680 1914 non
717 1860 1017 1914 dimovebit
1063 1868 1369 1929 aspectum.

447 1952 616 2010 Vens.
648 1953 739 2009 20.
765 1950 1015 2021 Benefac,
1041 1951 1279 2021 Domine,
1314 1952 1369 2006 in
1397 1951 1534 2007 bona
1560 1950 1833 2008 voluntate
1862 1962 1955 2006 tua

379 2044 528 2101 Sion.
586 2045 871 2115 Supplicat
914 2045 1017 2100 hoc
1074 2046 1129 2099 in
1181 2045 1303 2101 loco
1356 2060 1458 2116 pro
1528 2044 1955 2102 retudiﬁcationc

374 2139 705 2202 Jerusalem,
738 2154 860 2208 quae
903 2137 1082 2195 futura
1107 2147 1225 2194 erat
1274 2149 1398 2211 post
1425 2140 1667 2194 reditum
1699 2154 1730 2194 e
1772 2136 1954 2210 Baby-

375 2233 519 2285 lone.
557 2229 579 2302 l
620 2229 879 2296 Quaedam
938 2245 1069 2285 vero
1108 2231 1440 2301 exemplaria
1472 2247 1581 2285 non
1615 2232 1671 2285 in
1704 2245 1945 2285 accusa—

374 2323 486 2378 tivo
523 2337 677 2386 casu,
732 2322 827 2377 sed
854 2323 908 2376 in
955 2321 1140 2377 dativo
1166 2322 1368 2377 habent
1399 2322 1724 2387 dictionem,
1783 2319 1955 2377 Sion:

371 2413 517 2484 quod
555 2430 621 2468 ex
663 2415 905 2470 lectione
942 2412 1133 2469 Graeca
1183 2415 1384 2470 melius
1407 2415 1711 2486 percipitur
1733 2424 1955 2485 propter

370 2506 706 2571 articulum,
768 2504 929 2575 juxta
1008 2519 1172 2575 quem
1230 2513 1298 2567 et
1352 2519 1457 2560 nos
1505 2503 1957 2559 commodissime

373 2596 552 2669 legere
577 2611 877 2667 possumus
905 2597 1140 2667 primam
1192 2596 1468 2650 litteram:
1515 2594 1750 2663 Beuefac
1782 2594 1953 2662 ipsam
1985 2591 2153 2656 Sion,
2190 2590 2277 2645 vel
2332 2594 2388 2645 in
2441 2591 2664 2646 dativo;
2721 2589 2951 2668 Benefac
3003 2590 3107 2660 ipsi
3150 2588 3279 2645 Sion

368 2691 607 2763 exprme]
643 2690 895 2760 Beuefac,
950 2706 1071 2760 pro,
1108 2690 1254 2745 liona
1289 2690 1481 2746 facito.
1514 2691 1675 2745 Aliud
1708 2690 1853 2745 enim
1876 2696 1962 2744 est
2004 2688 2109 2743 hoc
2141 2688 2210 2743 ab
2257 2687 2393 2754 illo;
2447 2687 2601 2756 iuxta
2633 2685 2780 2757 quod
2827 2686 2957 2741 alibi

2136 942 2329 997 Θυσία
2347 942 2428 1011 τῷ
2441 943 2583 1011 Θεῷ,
2603 943 2842 1015 πνεῦμα
2862 947 3396 1015 συντετριμμένον.
3416 948 3641 1021 Εὺπρὸσ-

2066 1036 2255 1125 δεκτος
2316 1035 2477 1092 θυσία
2561 1038 2642 1109 τῷ
2690 1038 2832 1109 Θεῷ,
2883 1038 3031 1110 ψυχὴ
3096 1042 3537 1114 συντετριμμένη
3584 1045 3637 1110 ἐξ

2065 1130 2317 1184 ἑκουσίου
2344 1130 2750 1196 ταπεινώσεως.

2131 1311 2396 1381 Καρδίαν
2427 1313 2949 1383 συντετριμμένην
2994 1329 3093 1367 και
3124 1312 3638 1382 τεταπεινωμένην

2068 1396 2102 1459 ό
2126 1405 2271 1471 Θεὸς
2291 1406 2406 1460 οὐκ
2427 1403 2845 1469 ὲξουδενώσει.
2894 1404 3140 1475 Καρδίαν
3188 1405 3289 1476 τὴν
3307 1405 3492 1476 ψυχὴν
3518 1407 3635 1459 πολ-

2066 1494 2225 1558 λάκις
2251 1496 2288 1566 ἦ
2327 1494 2520 1568 Γραφὴ
2552 1495 2730 1562 καλεῖ,
2776 1495 2865 1549 διὰ
2896 1494 2959 1549 τό
2989 1498 3083 1549 καὶ
3113 1494 3212 1566 τὴν
3240 1497 3474 1567 καρδίαν
3504 1496 3635 1564 ἄγαν

2065 1587 2287 1658 ἔχεσθαι
2344 1589 2443 1659 τῆς
2494 1587 2697 1657 ψυχῆς,
2721 1587 2815 1640 καὶ
2839 1586 2937 1658 τὴν
2956 1585 3134 1657 ψυχὴν
3156 1586 3294 1655 ἄγαν
3325 1587 3635 1655 ἐμπεφυκέ-

2066 1696 2156 1735 ναι
2181 1681 2247 1751 τῇ
2288 1678 2510 1751 καρδίᾳ.
2548 1678 2712 1734 Ὅθεν
2762 1678 2857 1733 καὶ
2893 1677 3173 1748 παθούσης
3204 1681 3303 1750 τῆς
3326 1677 3628 1748 καρδίαςιή

2067 1771 2214 1843 ψυχὴ
2253 1769 2563 1841 ἁφίπταται
2604 1770 2712 1824 ἀπὸ
2732 1765 2826 1824 τοῦ
2854 1769 3109 1841 σώματος
3139 1769 3282 1827 ὅλου.
3322 1770 3632 1834 Ἐξουδένω-

1993 1895 2035 1955 Β
2069 1882 2154 1918 σιν
2182 1864 2239 1918 δὲ
2264 1864 2419 1955 λέγει
2446 1863 2545 1935 τὴν
2574 1864 2949 1955 αποστροφήν.

2134 1954 2487 2024 ’Δτάθυνον,
2511 1954 2714 2021 Κύριε,
2739 1953 2809 2007 ἐν
2838 1951 2912 2022 τῇ
2936 1952 3183 2021 εὐδοκία
3200 1966 3317 2008 σου
3333 1952 3453 2019 τὴν
3471 1951 3632 2007 Σιὼν.

2073 2047 2337 2102 Ἐνταῦθα
2353 2048 2665 2119 παρακαλεῖ
2693 2048 2823 2119 περὶ
2846 2049 2946 2119 τῆς
2968 2048 3109 2120 μετὰ
3132 2048 3227 2117 τὴν
3244 2054 3308 2100 ὲκ
3322 2046 3632 2109 Βαϐυλῶνος

2062 2137 2325 2192 ἐπάνοδον
2348 2136 2705 2207 ἀνοικοῶμῆς
2723 2138 2818 2206 τῆς
2854 2134 3220 2207 Ἰερουσαλήμ
3246 2149 3261 2163 ·
3286 2133 3347 2185 τὸ
3367 2133 3447 2197 δὲ,
3499 2129 3631 2200 (ipsi.

2062 2226 2271 2287 θυνον,
2316 2224 2437 2276 ἀντὶ
2492 2218 2611 2297 τοῦ,
2646 2223 3049 2293 ἀγαθοποίησον
3085 2238 3102 2256 θ
3138 2222 3325 2293 ἕτερον
3366 2220 3479 2290 γὰρ
3510 2218 3632 2290 παρ’

2063 2316 2245 2368 ἐκεῖνο
2273 2312 2450 2380 τοῦτο,
2482 2314 2557 2378 ὡς
2587 2313 2650 2367 τό
2674 2330 2687 2344 ·
2721 2313 3063 2385 Ἀγάθυνεν,
3114 2314 3308 2383 Κύριε,
3331 2311 3457 2377 τοῖς
3470 2312 3624 2379 ’ἆται

2064 2405 2211 2472 θοῖς.
2248 2405 2352 2459 Ἔν
2394 2403 2471 2474 τῇ
2501 2403 2748 2474 εὐδοκία
2783 2422 2901 2460 σου
2932 2405 3011 2460 δὲ.
3042 2403 3315 2468 τουτέστι,
3338 2404 3405 2473 τῇ
3440 2417 3627 2470 συνερ-

2067 2499 2191 2571 γείᾳ
2228 2515 2322 2551 σου

3336 2607 3350 2645 :
3397 2594 3451 2644 et
3503 2596 3627 2643 tunc

3045 2685 3282 2757 legimus
3306 2704 3320 2739 :
3370 2682 3620 2754 Benefac,

371 2789 613 2853 Domine,
635 2789 783 2841 bonis
829 2798 875 2840 et
946 2787 1103 2840 rectis
1151 2788 1328 2842 corde.
1358 2785 1424 2841 In
1452 2788 1584 2841 bona
1617 2794 1795 2841 autem
1832 2784 2095 2840 voluntate
2143 2793 2254 2850 tua,
2291 2786 2395 2839 hoc
2429 2793 2530 2847 est,
2569 2782 2773 2836 auxilio
2805 2791 2857 2837 et
2887 2796 2990 2851 ope
3018 2789 3131 2836 tua.

442 2885 510 2937 Et
567 2881 900 2952 (adiﬁcantur
950 2882 1090 2934 muri
1135 2879 1462 2936 Jerusalem.
1490 2878 1746 2951 Optantis
1774 2895 1953 2936 sermo

370 2982 476 3037 est,
531 2972 757 3027 tametsi
810 2987 879 3027 ex
920 2969 1116 3026 (luces
1165 2972 1406 3027 lectione
1444 2972 1759 3043 imperativi
1801 2971 1952 3027 modi

368 3081 492 3122 esse
524 3068 797 3121 videatur.

438 3160 609 3217 Vens.
665 3160 757 3214 Si.
820 3160 971 3215 Tunc
998 3159 1303 3229 acceptabis
1330 3160 1664 3230 sacri/icium
1692 3158 1945 3229 justitiw.

2131 2877 2243 2930 Καὶ
2275 2876 2726 2947 οικοδομηθήτω
2772 2863 3042 2944 τὰ’τείχη
3089 2874 3507 2946 Ἰερουσαιήμ.
3537 2874 3623 2939 Τὸ,

2052 2974 2509 3047 Οἰκοδομηθήτω,
2542 2974 2959 3046 παρακλητικόν
2979 2974 3150 3036 ἐστιν,
3171 2973 3221 3026 εί
3268 2972 3363 3025 καὶ
3390 2987 3624 3040 προστα-

2050 3067 2238 3121 κτικδν
2274 3065 2558 3137 φαίνεται.

2126 3161 2264 3217 Τότε
2278 3159 2636 3229 εὐδοκήσεις
2656 3159 2880 3216 θυσίαν
2894 3157 3311 3226 δικαιοσύνης.
3329 3156 3464 3210 Τότε
3489 3155 3621 3209 ἁπο-

369 3255 546 3315 Tunc,
580 3254 778 3325 inquit,
811 3252 1023 3323 justum
1060 3252 1332 3323 suscipies
1361 3252 1715 3309 sacriﬁcium.
1745 3250 1804 3306 ln
1837 3250 1947 3306 alio

2065 3253 2178 3325 Βέξῃ
2247 3252 2440 3308 θυσίαν
2491 3252 2742 3307 δικαίαν·
2796 3253 2854 3304 ὲν
2891 3250 3061 3321 ἑτέρῳ
3131 3248 3242 3321 γὰρ
3288 3249 3440 3319 τόπῳ
3529 3247 3622 3300 οὐκ

367 3349 514 3403 cnim
547 3360 693 3401 mine
720 3360 888 3416 quam
920 3346 973 3399 in
1022 3343 1331 3400 Jerusalem
1379 3345 1657 3399 sacriﬁcia
1695 3344 1795 3399 tibi
1836 3360 1945 3400 non

2065 3346 2170 3399 ἔστι
2219 3345 2444 3408 δικαίως
2496 3343 2678 3398 θύειν’
2730 3344 2788 3398 ὲν
2824 3342 2961 3414 μόνῃ
3000 3343 3108 3413 γὰρ
3138 3343 3204 3413 τῇ
3265 3338 3619 3412 Ἰερουσαλὴμ

366 3445 469 3498 rite
493 3440 828 3505 atteruntur,
883 3452 1009 3492 cum
1053 3437 1145 3493 lex
1195 3437 1254 3492 in
1310 3452 1374 3493 ea
1411 3445 1620 3492 tantum
1639 3437 1946 3493 sacriﬁcari

367 3549 530 3605 posse
553 3534 955 3607 mandaverit.

436 3629 764 3685 ouationem
777 3637 825 3682 et
839 3625 1280 3683 holocaustum»
1292 3627 1623 3683 oblationem
1651 3641 1713 3683 ea
1745 3627 1949 3683 intelli-

364 3723 443 3792 git
462 3721 600 3777 sacri
609 3722 755 3788 ﬁcia,
767 3735 999 3791 quorum
1016 3735 1142 3789 pars
1158 3719 1339 3790 aliqua
1360 3728 1569 3775 tantum
1584 3718 1946 3777 oiferebstur:

363 3830 461 3886 per
474 3816 793 3870 holOcausta
819 3819 1024 3878 autem,
1043 3826 1107 3867 ea
1128 3827 1250 3882 qua
1268 3811 1945 3883 imegralncendebautur.

435 3906 583 3960 Tunc
642 3908 877 3973 imponet
917 3920 1073 3974 super
1127 3903 1302 3959 altare
1353 3914 1504 3959 tuum
1554 3906 1772 3960 vitulos.
1820 3905 1946 3961 Haec

2052 3439 2201 3494 θύειν
2222 3440 2250 3493 6
2288 3439 2452 3510 νόμος
2482 3436 2812 3509 ἐπέτρεψεν.

2118 3616 2452 3687 Ἀναφορὰν
2489 3612 2588 3672 καί
2624 3613 3113 3684 ὁλοκαυτώματα.
3168 3608 3470 3681 ’Δναφορὰν
3522 3606 3616 3679 μὶν

2047 3709 2199 3779 λέγει
2228 3710 2297 3765 τὰ
2311 3709 2697 3781 ἅφαιρήματα,
2720 3706 2788 3759 τὰ
2812 3708 2875 3759 ἐκ
2909 3705 3108 3776 μέρους
3163 3700 3612 3774 προσφερόμενα·

2047 3799 2483 3869 ὁλοκαυτώματα
2513 3798 2591 3862 δὲ,
2626 3797 2697 3849 τὰ
2729 3796 2849 3850 καθ’
2879 3793 3203 3865 ὁλοκληρίαν
3229 3792 3513 3861 καιόμενα.

2125 3895 2262 3949 Τότε
2315 3892 2683 3947 ἀνοίσουσιν
2745 3888 2844 3942 ἐπὶ
2901 3887 2970 3941 τὸ
3013 3884 3449 3954 θυσιαστήριόν
3503 3896 3619 3935 σου

363 3996 584 4065 quidem
634 3972 788 4064 juxta
835 3972 1076 4048 historiae
1137 4007 1361 4049 sensum
1427 3994 1572 4049 dicta
1611 4003 1760 4060 sunt,
1788 3995 1943 4066 juxta

2065 3987 2340 4055 ιόσχους.
2393 3983 2580 4038 Ταῦτα
2632 3982 2751 4052 μὲν,
2791 3979 2913 4035 καθ’
2944 3972 3223 4048 ίστορίαν’
3258 3972 3615 4045 ἀναγωγαῶς

367 4100 651 4157 anagogen
718 4099 851 4140 vero
921 4099 986 4141 ea
1050 4084 1299 4155 praedicit
1346 4083 1638 4155 Propheta,
1685 4102 1809 4157 qua:
1874 4088 1943 4142 ad

2065 4079 2124 4145 se,
2155 4079 2403 4148 περὶτῆς
2446 4075 2782 4148 Ἐκκλησίας
2811 4074 2922 4126 τῶν
2953 4070 3163 4125 πιστῶν
3191 4069 3287 4123 καὶ
3328 4070 3426 4139 τῆς
3457 4067 3613 4132 εὐαγο
3691 4106 3697 4111 .

365 4178 667 4234 Ecdesiam
742 4176 1001 4233 ﬁdelium'
1061 4185 1117 4233 et
1169 4178 1236 4231 ad
1314 4178 1695 4248 evangelicum
1769 4181 1945 4235 sacri-

2065 4172 2274 4242 (ελικῇς
2331 4168 2522 4232 θυσίας
2576 4169 2954 4239 προφητεύει·
3006 4162 3255 4217 εὐδοκίαν
3297 4161 3397 4232 μιν
3440 4159 3610 4227 λέγων

367 4269 548 4326 ﬁcium
605 4269 906 4340 pertinent.
996 4268 1062 4324 Fit
1142 4285 1237 4339 per
1293 4270 1493 4326 bonum
1600 4272 1941 4327 voluntatem

2065 4254 2144 4332 ςὴν
2165 4259 2578 4330 ἐνανθρώπησιν
2595 4256 2688 4310 τοῦ
2714 4255 2867 4324 Σωτῆ
2877 4271 2987 4325 ρος,
3012 4252 3088 4317 ὡς
3107 4251 3319 4321 ἀγαθὴν
3342 4249 3610 4321 βούλησιν·

367 4359 679 4416 Salvatoris—
713 4359 1149 4415 incarnationem
1193 4361 1484 4431 intelligit,
1523 4362 1697 4417 veluti
1733 4362 1941 4417 bonum

2065 4351 2185 4406 Ξιὼν
2232 4351 2307 4418 δὲ,
2337 4350 2436 4421 τὴν
2492 4349 2772 4402 πολιτείαν
2814 4348 2924 4399 τῶν
2955 4344 3330 4417 Χριστιανῶν·
3369 4343 3529 4412 τείχη
3557 4340 3612 4394 δὲ

363 4450 637 4520 quoddam
668 4450 1054 4521 propositum:
1084 4458 1141 4506 et
1165 4466 1262 4521 per
1302 4451 1456 4517 Sion,
1502 4452 1941 4509 Christianorum

2065 4448 2237 4518 ιῦτῆς,
2289 4448 2417 4507 τοὺς
2467 4442 2805 4505 ἐπισκόπους
2836 4440 2933 4494 καὶ
2960 4438 3310 4499 διδασκάλους
3341 4450 3357 4464 ·
3392 4435 3513 4488 τότε
3556 4432 3610 4484 δὲ

362 4542 878 4607 conversationem;
909 4556 1005 4609 per
1036 4555 1224 4598 muros
1272 4542 1401 4599 item
1445 4542 1774 4609 Jerusalem,
1826 4547 1941 4614 epi-

2046 4535 2370 4600 ἀποδέξεται
2400 4534 2498 4587 καὶ
2537 4533 2732 4587 θυσίαν
2776 4528 3147 4600 δικαιοσύνης,
3186 4529 3360 4601 ἤγουν
3389 4524 3607 4597 ἀρετῆς·

363 4648 564 4703 scopos
591 4641 646 4686 et
683 4633 965 4688 doctores.
1014 4633 1082 4687 Et
1130 4642 1287 4701 tunc,
1337 4635 1544 4706 inquit,
1582 4637 1821 4706 accipies
1852 4651 1941 4692 sa.

2065 4630 2142 4682 ιαὶ
2167 4627 2449 4699 ἀναφορὰν
2482 4626 2602 4696 μὲν,
2634 4625 2733 4689 τὰς
2753 4624 2845 4679 διὰ
2860 4623 3099 4695 Χριστὸν
3128 4624 3192 4675 ὲκ
3246 4622 3451 4691 μέρους
3478 4618 3609 4670 καύ-

361 4719 628 4777 criﬁcium
678 4719 932 4789 iustitiae,
995 4722 1098 4776 hoc
1138 4730 1246 4787 est,
1286 4725 1623 4780 sacriﬁcium
1667 4727 1939 4784 universae

364 4812 619 4879 virtutis;
649 4821 704 4867 et
728 4813 1092 4877 oblationem,
1145 4815 1249 4871 hoc
1290 4825 1394 4879 est,
1434 4826 1660 4873 sanctos
1714 4819 1939 4877 confes-

364 4919 559 4970 sores;
599 4910 653 4957 et
690 4902 1034 4968 holocausta,
1085 4903 1191 4961 hoc
1226 4914 1337 4971 est,
1375 4916 1597 4966 sanctos
1644 4921 1937 4983 martyres.

364 4994 497 5068 [Illi
549 4994 697 5049 enim
777 4993 1181 5059 oblationibus,
1257 4997 1349 5052 isti
1406 5014 1539 5054 vero
1594 5001 1939 5060 holocaustis

364 5088 560 5143 merito
641 5085 955 5157 comparari
1027 5094 1301 5157 possunt,
1355 5104 1481 5145 eum
1551 5094 1773 5164 utrique
1827 5095 1938 5153 Deo

363 5180 533 5235 oblati
588 5193 653 5234 ac
684 5177 1013 5235 sanctiﬁcati
1061 5179 1207 5248 sint;
1247 5190 1300 5236 et
1331 5182 1677 5242 confessores
1716 5187 1935 5258 quidem

362 5287 431 5326 ex
490 5281 646 5342 parte
702 5284 764 5326 se
829 5271 938 5326 Deo
979 5271 1249 5357 obtuli/sse
1295 5273 1570 5344 videntur,
1605 5287 1828 5350 propter
1849 5295 1940 5336 as—

362 5360 760 5416 severationem
816 5358 965 5428 ﬁdei,
1024 5368 1296 5432 martyres
1351 5373 1534 5418 autem
1591 5382 1657 5420 ex
1683 5367 1936 5439 (integro,

364 5468 487 5508 cum
550 5460 606 5507 et
655 5453 897 5507 animum
967 5454 1196 5523 pariter,
1258 5462 1312 5510 et
1371 5457 1549 5525 ipsum
1613 5473 1816 5529 corpus
1879 5463 1932 5514 in

366 5551 544 5597 totum
578 5541 688 5599 Deo
714 5543 1057 5601 devoverint.
1112 5544 1233 5609 Vel,
1266 5561 1363 5615 per
1394 5547 1727 5613 oblationes,
1763 5566 1933 5605 meru-

362 5634 589 5688 brorum
683 5636 1056 5705 extremitates
1109 5637 1381 5708 intellige,
1441 5639 1509 5695 de
1556 5639 1930 5696 confessorem

360 5739 591 5794 corpore
618 5724 1009 5794 detruncatus;
1043 5743 1139 5797 per
1175 5728 1499 5784 holocausta
1532 5745 1685 5794 vero,
1722 5733 1930 5802 integra

360 5823 662 5887 martyrum
692 5817 970 5884 incendia,
1010 5826 1106 5872 aut
1136 5819 1333 5875 caedes.
1361 5820 1459 5876 Vel
1488 5822 1647 5877 aliter
1672 5840 1687 5878 :
1708 5825 1927 5879 Ohlatio

262 5920 267 5925 ·
361 5902 614 5971 virtutem
671 5903 892 5969 cuidem
942 5906 1239 5977 signiﬁcat,
1273 5908 1369 5967 scd
1400 5923 1463 5966 ex
1492 5917 1649 5980 parte
1687 5911 1928 5970 diminu-

616 6048 649 6059 ..ἱ

2045 4736 2161 4783 est;
2194 4718 2303 4772 τῶν
2341 4715 2694 4789 ὀμολογητῶν
2725 4731 2740 4747 °
2776 4711 3211 4783 ὁλοκαυτώματα
3242 4711 3323 4775 δὲ,
3355 4709 3452 4772 τὰς
3490 4706 3607 4761 καθ’

2042 4814 2340 4885 ὀλόκληρον
2365 4812 2473 4867 τῶν
2505 4811 2823 4885 μαρτύρων.
2842 4812 2911 4864 Ἣ
2931 4810 2990 4863 τδ
3014 4812 3134 4879 μὲν.
3159 4809 3284 4867 τοὺς
3306 4807 3397 4860 διὰ
3428 4806 3608 4873 ξίφους

2045 4903 2529 4980 ἀκροτηριασμοὺς
2591 4904 2703 4958 τῶν
2744 4901 3094 4975 ὁμολογητῶν
3121 4918 3134 4932 ι
3188 4899 3248 4953 τὸ
3276 4897 3359 4965 δὲ,
3386 4900 3481 4962 τὰς
3505 4895 3606 4950 τῶν

2048 4999 2347 5071 μαρτύρων
2399 4997 2637 5068 σφαγάς.
2670 4996 2742 5050 Ἦ
2765 4994 2823 5049 τὸ
2850 4993 2978 5065 μὲν,
3012 4992 3112 5064 τὴν
3141 4993 3207 5045 ἐκ
3239 4993 3440 5062 μέρους
3486 4990 3607 5061 ἀρε-

2040 5092 2164 5162 τὴν,
2195 5092 2271 5156 ὡς
2307 5089 2407 5161 τὴν
2441 5092 2498 5143 ὲν
2533 5089 2718 5160 γάμῳ,
2752 5087 2951 5160 ἢᾶλλῳ
2976 5083 3221 5156 βιωτικῴ
3255 5085 3527 5156 σχήματι·
3552 5079 3607 5134 τὸ

2041 5184 2121 5248 δὲ,
2164 5182 2264 5254 τὴν
2296 5182 2528 5247 τελείαν,
2563 5181 2639 5243 ὡς
2667 5180 2767 5250 τὴν
2829 5179 2888 5231 ὲν
2920 5178 3155 5248 ἀγαμίᾳ,
3196 5175 3230 5247 ἢ
3264 5178 3323 5230 ἐν
3349 5174 3601 5246 μοναδικῇ

2041 5274 2309 5345 πολιτεία.
2333 5274 2542 5344 Μόσχοι
2577 5272 2655 5337 δὲ,
2680 5274 2729 5326 oi
2754 5272 2938 5324 πιστοὶ
2964 5274 3029 5342 τῇ
3050 5269 3287 5340 χορηγίᾳ
3318 5269 3431 5323 τῶν
3481 5269 3602 5337 ἀρε·

2035 5368 2167 5434 τῶν,
2228 5366 2325 5420 καὶ
2373 5368 2558 5429 πίονες
2612 5364 2693 5436 τῷ
2726 5363 2869 5434 ἁγίῳ
2921 5364 3354 5434 Πνεύματιλκαὶ
3389 5360 3602 5431 κερατί-

2036 5457 2222 5521 ζοντες
2253 5456 2343 5510 τὸν
2372 5456 2644 5522 ὂιάϐολον,
2679 5456 2909 5511 καθόλου
2956 5455 3158 5518 πάντες
3179 5454 3227 5507 οί
3252 5455 3447 5507 τέλειοι
3469 5448 3592 5520 πρά-

2036 5551 2115 5615 ξει
2147 5552 2245 5604 καὶ
2285 5550 2453 5620 λόγῳ,
2487 5549 2537 5604 οἳ
2577 5550 2672 5604 καὶ
2726 5552 2805 5614 είς
2840 5548 2901 5602 τδ
2934 5547 3262 5620 ἐπουράνιον
3312 5545 3585 5612 ἀνάγονται

2036 5640 2447 5712 θυσιαστήριον,
2495 5641 2576 5705 είς
2632 5639 2811 5712 ὀσμὴν
2855 5639 3084 5703 εὐωδίας
3118 5638 3198 5710 τῷ
3233 5637 3377 5708 Θεῷ.
3407 5634 3519 5704 Χρὴ
3535 5632 3585 5684 δὲ

2034 5732 2347 5799 γινώσκειν,
2395 5733 2479 5786 ὅτι
2520 5732 2708 5786 πολλοὶ¹
2768 5731 3034 5796 πολλάκις
3083 5731 3184 5802 τὴν
3236 5729 3477 5785 διάθεσιν
3501 5718 3589 5778 τοῦ

2039 5822 2325 5894 μέλλοντος
2345 5823 2539 5896 χρόνου
2596 5826 2716 5880 ἀντὶ
2744 5822 2999 5879 εὐκτικοῦ
3054 5821 3588 5894 παραλαμϐάνουσιν.

2038 5916 2233 5985 ἰδίωμα
2257 5916 2531 5973 καὶτοῦτο
2549 5918 2648 5991 τῆς
2676 5917 2960 5992 Ἑϐραΐδος
2987 5916 3274 5973 διαλέκτου
3331 5914 3588 5985 λέγοντες,
