3866 6556
447 342 554 406 567

1671 348 2052 410 ΕΗΤΗΥΜΙῘ
2096 349 2457 412 ZIGABENI

3581 350 3676 413 ιιι

446 461 814 531 pretabimur.
850 460 986 517 Nam
1039 463 1273 520 aliorum
1307 465 1708 536 expositionem
1759 467 1871 522 illic
1904 477 2011 522 tra-

2123 467 2198 539 τῷ
2227 475 2295 537 ιγ’
2318 468 2807 540 παραδεδώκαμεν.
2843 469 2907 522 Οί
2941 467 3034 523 δύο
3050 468 3107 522 δὲ
3153 466 3326 537 στίχοι
3355 464 3679 530 πλεονάζου-

445 553 707 612 didimus.
731 553 794 608 lii
815 564 994 610 autem
1039 556 1289 612 versiculi
1319 571 1382 612 ea
1411 559 1621 613 ratione
1653 559 1890 628 amplius
1925 560 2013 616 hic

449 646 738 710 habentur,
769 662 836 701 ne
860 646 1027 702 videri
1056 655 1242 718 posset
1266 648 1406 702 idem
1437 649 1680 718 psalmus
1703 648 2014 720 superﬂuus

446 753 592 802 esse,
627 737 756 791 dum
820 738 906 793 his
941 739 1166 808 ponitur
1218 739 1354 809 (87).
1385 740 1654 796 Praeterea
1687 753 1744 796 ut
1791 743 2014 796 doceret

446 846 547 884 nos
593 829 884 899 PrOpheta,
918 831 1062 901 quod
1097 848 1262 887 sensu
1318 833 1600 901 dilferunt,
1635 835 1854 890 tametsi
1892 850 2011 888 ver-

452 924 647 977 borum
687 923 989 992 prolatione
1016 922 1177 978 iidem
1205 940 1326 980 esse
1353 927 1662 980 videantur.
1692 925 1784 980 Ille
1813 925 2010 981 etenim

441 1013 713 1066 insaniam
778 1029 842 1068 ac
892 1011 1131 1070 furorem
1174 1017 1374 1085 carpit,
1406 1031 1514 1086 quo
1561 1012 1933 1070 Sennachcrib
1961 1024 2014 1069 et

445 1104 761 1174 Rhapsaces
790 1106 1057 1161 adversus
1106 1106 1396 1161 Ezechiam
1452 1123 1632 1178 regem
1675 1106 2010 1170 ferebantur,

443 1196 536 1252 hic
571 1211 701 1251 vero
726 1196 1042 1252 Judaeorum
1069 1198 1271 1270 rabiem
1304 1207 1496 1254 contra
1524 1199 1824 1254 Christum.
1857 1196 2013 1264 Quod

441 1288 488 1342 si
523 1287 682 1342 aliter
713 1304 771 1344 se
833 1289 1078 1355 haberet,
1170 1291 1359 1360 procul
1444 1289 1611 1346 dubio
1701 1288 2012 1359 hujusmodi

443 1379 794 1450 superﬂuitas
865 1397 1046 1452 neque
1077 1384 1407 1452 interpretes
1450 1398 1632 1452 neque
1665 1382 1816 1452 ipsos
1848 1381 2010 1437 etiam

441 1469 665 1528 Judaeos
699 1471 974 1528 latuisset.
1002 1471 1206 1528 Verum
1238 1475 1648 1530 excusationem
1681 1475 1883 1529 nullam
1917 1475 2013 1530 ha-

442 1563 573 1619 bent
605 1561 803 1633 Judaei,
837 1566 1060 1629 tametsi
1107 1578 1302 1637 sponte
1336 1584 1432 1624 sua
1491 1568 1800 1624 excutiant.
1834 1568 2009 1623 Aliam

443 1657 592 1712 enim
623 1673 688 1713 ac
723 1657 998 1715 diversam
1047 1675 1275 1731 prorsus
1326 1661 1742 1732 inscriptionem
1783 1671 2013 1730 uterque

2123 575 2242 612 σιν·
2281 560 2421 614 ὥστε
2457 563 2532 630 μὴ
2565 561 2734 626 δόξαι,
2790 563 2874 614 ὅτι
2923 560 3005 624 δὶς
3065 553 3146 622 εἷς
3199 557 3414 628 ψαλμδς
3475 558 3682 610 συνετά-

2119 669 2192 723 γη
2219 653 2355 723 (86),
2382 653 2497 708 ἀλλ’
2537 652 2678 706 ὥστε
2703 652 2934 720 διδάξαι,
2958 653 3041 706 ὅτι
3069 653 3118 705 εἰ
3168 653 3264 705 καὶ
3287 653 3352 721 τῇ
3387 649 3681 721 ὲπαγγελὶᾳ

2119 743 2317 795 ταύτόν
2343 745 2502 808 εἰσιν,
2538 743 2822 813 ἀλλάγετῇ
2856 742 3036 812 ἐννοίᾳ
3063 741 3411 811 διεστήκασιν
3439 757 3453 771 ·
3484 740 3680 804 ἐκεῖνος

2123 833 2222 902 μὲν
2253 834 2361 904 γὰρ
2394 837 2694 905 κατηγορεῖ
2715 836 2812 904 τῆς
2849 834 3044 905 μανίας
3094 833 3188 888 καὶ
3233 833 3331 901 τῆς
3398 829 3683 892 κακονοίας

2117 929 2213 981 τοῦ
2245 929 2611 998 Σεναχηρεὶμ,
2642 927 2850 982 καὶτοῦ
2885 927 3182 997 Ῥαψάκου,
3215 925 3358 978 κατὰ
3410 923 3506 976 τοῦ
3548 922 3686 987 Ἐζε-

2121 1018 2240 1072 κίου
2263 1035 2274 1049 ·
2306 1011 2462 1082 οὗτος
2493 1020 2569 1083 δὲ,
2603 1019 2698 1088 τῆς
2721 1017 2922 1086 λύσσης
2943 1017 3052 1069 τῶν
3087 1014 3355 1069 Ἰουδαίων
3399 1014 3500 1080 τῆς
3554 1013 3683 1065 κατὰ

2118 1109 2213 1165 τοῦ
2236 1109 2497 1181 Χριστοῦ.
2539 1111 2614 1164 Οὐ
2675 1109 2785 1180 γὰρ
2837 1106 2926 1173 ἂν,
2960 1108 3007 1160 εί
3054 1105 3132 1177 μὴ
3190 1105 3350 1158 τοῦτο
3412 1099 3507 1171 ἦν,
3541 1096 3684 1164 οὗτος

2120 1203 2279 1256 ἔλαθε
2346 1202 2555 1263 πάντας
2613 1202 2739 1264 τοὺς
2834 1197 3131 1268 ἐξηγητὰς,
3202 1195 3315 1248 ἀλλ’
3379 1193 3508 1247 οὐδὲ
3571 1192 3685 1253 τοὺς

2131 1294 2418 1367 Ἐϐραίους
2459 1293 2682 1358 αὐτοὺς,
2706 1291 2787 1354 δὶς
2817 1287 3088 1358 ὲνταγεὶς,
3128 1287 3163 1356 ἢ
3233 1285 3448 1352 ἀλόγως
3515 1283 3687 1334 δευτε-

2122 1388 2339 1460 ρωΟείς.
2374 1385 2488 1440 Νῦν
2513 1385 2569 1438 δὲ
2607 1384 2766 1453 λόγον
2803 1382 2902 1436 οὐκ
2933 1380 3235 1451 ἔχουσιν,εί
3291 1377 3386 1430 καὶ
3443 1375 3682 1427 ὲΘελοτυ-

2119 1480 2454 1550 φλώττουσιν
2489 1477 2539 1530 οί
2585 1475 2846 1529 Ἰουδαῖοι.
2874 1471 2980 1526 Καὶ
3021 1471 3128 1543 γὰρ
3169 1470 3263 1524 καὶ
3333 1467 3509 1536 ἄλλην
3541 1460 3685 1528 οὗτος

2119 1572 2249 1645 παρ’
2279 1571 2487 1624 ἒκεῖνον
2520 1566 2734 1637 είληχεν
2765 1562 3100 1634 ἐπιγραφὴν,
3140 1563 3218 1622 είς
3248 1559 3310 1614 τὸ
3376 1558 3535 1619 τέλος
3597 1557 3684 1624 μὲν

2120 1664 2474 1734 πέμπουσαν,
2506 1658 2594 1713 διὰ
2625 1657 2724 1720 τὰς
2755 1655 2900 1710 κατὰ
2939 1654 3049 1708 τῶν
3103 1651 3381 1707 Ἰουδαίων
3433 1651 3499 1704 ὲν
3546 1649 3685 1718 αὑτῷ

441 1764 633 1804 eorum
656 1750 888 1806 sortitus
917 1758 1022 1807 est.
1051 1750 1300 1808 Praisens
1324 1751 1509 1822 itaque
1539 1752 1828 1823 inscriptio
1846 1752 1913 1808 ad
1945 1753 2001 1807 li-

2123 1753 2478 1828 προφητείας,
2510 1751 2595 1805 ὅτι
2633 1747 2742 1820 χρὴ
2768 1747 2896 1811 τοὺς
2915 1744 3394 1815 ἀναγινώσκοντας
3463 1739 3685 1795 ἀποϐλέ-

443 1857 564 1896 nem
595 1857 699 1898 nos
726 1841 880 1912 jubet
926 1843 1200 1914 inspicere
1247 1853 1471 1914 propter
1515 1843 1856 1916 prophetias,
1890 1859 2011 1914 quae

441 1931 532 1987 hic
562 1933 828 1990 adversus
857 1931 1074 1990 Judteos
1119 1936 1489 2006 praedicuntur
1522 1956 1536 1992 :
1573 1935 1738 1992 veluti
1785 1951 2012 1993 monens

442 2021 704 2077 lectorem
733 2033 791 2078 ut
818 2023 1034 2079 illarum
1062 2024 1221 2080 linem
1252 2026 1673 2082 animadvertat.
1696 2025 1852 2094 Quod
1881 2042 2010 2082 vero

440 2110 518 2164 ait
549 2128 564 2166 :
597 2129 690 2179 pro
721 2111 972 2178 M‘aelellt,
1005 2114 1147 2170 idem
1176 2115 1281 2172 sibi
1313 2117 1448 2180 vult,
1475 2131 1539 2171 ac
1563 2117 1608 2172 si
1646 2117 1900 2180 dixisset,
1939 2117 2011 2174 De

443 2203 670 2260 chorea.
704 2203 1036 2263 Christianis
1075 2209 1298 2270 etenim.
1341 2223 1465 2263 cum
1509 2210 1709 2279 legitur
1738 2210 1827 2264 hic
1864 2210 2010 2280 psal-

443 2310 584 2362 mus,
600 2297 980 2352 cxsultandum
1025 2314 1088 2353 ac
1106 2301 1302 2356 chorea
1319 2299 1722 2370 quodammodo
1744 2301 2006 2355 utendum

439 2397 541 2452 est,
583 2399 801 2460 prapter
845 2392 1003 2446 linem
1057 2401 1223 2464 atque
1257 2402 1512 2450 eventum
1557 2409 1758 2456 rerum,
1805 2394 2004 2463 qumin

437 2494 502 2531 eo
529 2480 796 2549 praedictae
822 2492 972 2537 sunt.
1007 2480 1340 2550 Exsultabit,
1374 2484 1574 2554 inquit,
1605 2482 1796 2548 Iacob,
1817 2491 1870 2540 et
1904 2484 2006 2537 lte-

441 2572 642 2626 tabitur
690 2572 883 2630 Israel.
938 2575 1152 2632 lsraelis
1193 2576 1340 2632 enim
1383 2577 1616 2646 populus
1665 2592 1763 2646 pro
1805 2576 2009 2646 popqu

441 2663 710 2733 accipitur
751 2665 1088 2732 Christiano,
1124 2675 1183 2720 ttt
1231 2667 1470 2722 diximus
1505 2669 1561 2722 in
1620 2666 1832 2737 psalmo
1884 2681 2005 2720 xui.

441 2750 821 2824 lntelligentire
853 2756 1017 2810 etiam
1049 2757 1172 2811 ideo
1201 2760 1498 2829 inscriptus
1527 2771 1632 2826 est,
1691 2762 1817 2831 quia
1845 2762 2014 2814 multa

2115 1864 2240 1900 πειν
2265 1846 2346 1909 είς
2375 1843 2436 1898 τὸ
2488 1841 2644 1906 τέλος
2718 1839 2920 1896 αὐτῶν.
2983 1840 3058 1893 Τὸ
3108 1838 3186 1903 δὲ,
3222 1837 3377 1905 ὑπὲρ
3430 1834 3682 1897 Maelio,

2111 1939 2231 1992 ἀντὶ
2260 1935 2379 2001 τοῦ,
2417 1934 2554 2006 Περὶ
2603 1932 2858 2004 χορείας,
2904 1932 3280 2002 ἡρμήνευσαν.
3335 1927 3545 1981 Τοῦτον
3589 1925 3685 1995 γὰρ

2113 2027 2614 2097 ἀναγινώσκοντες,
2639 2022 2939 2094 χορεύομεν
2969 2023 3017 2074 oi
3051 2018 3403 2090 Χριστιανοὶ,
3437 2015 3535 2070 διὰ
3600 2015 3686 2083 τὴν

2109 2122 2335 2176 ἔκϐασιν
2370 2118 2477 2172 τῶν
2518 2114 3027 2188 προφητευθέντων.
3076 2109 3540 2180 Ἀταλλιάσεται
3570 2106 3682 2176 γὰρ,

2119 2213 2303 2283 φησιν,
2341 2207 2560 2273 Ἰακὼϐ,
2586 2205 2684 2260 καὶ
2725 2201 3210 2273 εὐφρανθήσεται
3241 2198 3527 2268 Ἰσραὴλ,
3564 2197 3685 2266 ὅπερ

2122 2303 2287 2373 ἐσμὲν
2326 2301 2510 2372 ἡμεῖς,
2546 2297 2622 2361 ὡς
2652 2298 2710 2351 ὲν
2746 2296 2823 2366 τῷ
2856 2293 2924 2364 ιγ’
2950 2293 3153 2364 ψαλμῷ
3208 2291 3564 2359 διελὰϐομεν.
3622 2290 3684 2340 Τὸ

2118 2394 2198 2460 δὲ,
2267 2389 2597 2454 συνέσεως,
2620 2385 2862 2440 διδάσκει
2900 2384 2982 2438 ὅτι
3041 2382 3309 2443 συνέσεως
3367 2379 3535 2451 χρεία
3585 2381 3683 2439 τοῖς

2119 2483 2608 2552 ἀναγινώσκουσιν,
2646 2479 2722 2541 εἰς
2746 2478 2806 2530 τὸ
2855 2475 3179 2542 ἐπιγνῶναι,
3243 2475 3328 2527 ὅτι
3387 2474 3435 2525 εί
3491 2472 3580 2525 καὶ
3625 2472 3681 2540 τῇ

2117 2572 2418 2642 ἐπαγγελίᾳ
2461 2571 2657 2624 ταύτόν
2689 2571 2806 2622 ἐστι
2851 2567 2927 2635 τῷ
2973 2573 3064 2635 ιτ,
3103 2567 3241 2620 ἀλλά
3270 2567 3459 2635 γε-τῇ
3515 2563 3682 2632 ἐννοίᾳ

2117 2663 2380 2735 διαφορὰν
2419 2663 2532 2733 ἔχει
2562 2661 2937 2733 μυστηριώδη.
2997 2661 3196 2716 Λοιπὸν
3247 2654 3342 2713 οὖν
3415 2660 3548 2721 τοὺς
3600 2657 3681 2712 δύο

2125 2759 2337 2828 στίχους
2361 2754 2746 2825 ἐρμηνευτέον.

443 2850 635 2904 lectori
664 2864 802 2920 Opus
843 2861 928 2906 est
993 2853 1352 2924 intelligentia
1389 2856 1444 2910 in
1498 2855 1584 2912 his
1629 2855 2031 2912 discernendis.
2080 2855 2216 2911 Nam
2261 2853 2389 2908 licet
2423 2851 2712 2906 verborum
2759 2847 3064 2918 prolatione
3104 2848 3296 2904 cadent
3336 2852 3488 2904 'esse
3549 2846 3682 2902 vide-

442 2951 628 3009 antur,
657 2959 780 3013 qua:
809 2944 862 2999 in
894 2945 1020 3011 hoc,
1055 2955 1107 3001 et
1139 2962 1258 3018 quae
1281 2948 1336 3002 in
1365 2964 1462 3004 xm
1492 2949 1763 3005 habentur
1787 2949 2020 3019 psalmo,
2059 2962 2228 3004 sensu
2256 2955 2434 3000 tamen
2461 2941 2801 2997 diderentias
2823 2941 3049 3008 habent,
3111 2941 3378 3014 mysterio
3439 2941 3677 2998 refertas.

444 3033 550 3087 Sed
578 3033 702 3090 illos
740 3035 853 3106 jam
887 3038 1191 3094 versiculos
1214 3053 1575 3110 exponamus,
1607 3055 1748 3111 quos
1778 3042 2014 3111 amplius
2052 3040 2142 3094 hic
2175 3037 2362 3092 haberi
2403 3033 2666 3090 diximus.
3091 3044 3096 3050 ‘

518 3129 699 3188 ιω,
718 3134 767 3199 1,
791 3135 847 3189 2.
875 3133 1023 3188 Dixit
1055 3137 1305 3206 insipiens
1338 3138 1393 3191 in
1434 3139 1589 3192 corde
1618 3154 1738 3206 suo,
1773 3137 1898 3194 Non
1926 3149 2003 3194 est

2177 3133 2365 3186 Εἶπεν
2383 3130 2587 3199 ἄφρων
2604 3130 2675 3182 ἐν
2703 3126 2918 3197 καρδίᾳ
2942 3127 3130 3182 αὑτοῦ
3154 3143 3167 3156 ·
3196 3129 3322 3182 Οὐκ
3349 3130 3488 3182 ἐστι
3519 3127 3650 3192 Oeric
3667 3144 3678 3156 ·

444 3219 614 3288 Deus;
653 3227 888 3294 corrupti
918 3237 1064 3293 sunt,
1094 3237 1146 3283 et
1186 3228 1566 3285 abominabiles
1611 3232 1745 3301 facti
1789 3241 1911 3286 sunt
1955 3232 2009 3285 in

445 3319 838 3388 iniquitatibus.
891 3319 1052 3389 Vide,
1105 3339 1226 3392 quae
1277 3327 1600 3395 exponendo
1659 3326 1903 3382 diximus
1955 3328 2010 3383 in

442 3411 650 3478 psalmo
687 3427 806 3478 xm,
839 3414 983 3482 quod
1025 3429 1153 3469 vero
1202 3415 1291 3470 hic
1323 3455 1340 3482 ,
1370 3416 1425 3470 in
1477 3416 1850 3486 iniquitatibus
1874 3459 1890 3484 ,
1929 3417 2002 3472 ibi

444 3503 601 3568 dixit,
633 3503 689 3556 in
721 3505 940 3559 studiis.

520 3592 639 3648 Non
677 3606 777 3659 est,
821 3597 910 3666 qui
966 3597 1135 3666 faciat
1190 3601 1402 3654 bonum.
1458 3600 1520 3653 in
1578 3608 2012 3654 commemorata

445 3686 655 3756 psalmo
685 3687 863 3743 dixit:
903 3687 1024 3742 Non
1055 3699 1132 3744 est
1158 3692 1247 3760 qui
1281 3691 1449 3758 faciat
1480 3690 1790 3745 bonitatem.

516 3775 683 3833 Vens.
716 3779 749 3833 5
775 3780 826 3832 6.
891 3778 1031 3833 Dens
1074 3780 1138 3833 de
1185 3779 1313 3834 ctelo
1355 3781 1622 3849 prospexit
1670 3796 1827 3849 super
1870 3781 2012 3849 ﬁlios

447 3867 738 3930 hominum,
776 3878 833 3920 ut
866 3871 1059 3923 videret
1100 3870 1148 3922 si
1187 3881 1288 3934 est,
1324 3872 1416 3940 qui
1474 3871 1759 3940 intelligat,
1798 3881 1892 3924 aut
1923 3872 2014 3941 qui

447 3962 690 4030 exquirat
725 3961 888 4014 Deum
917 3977 934 4014 :
961 3979 1135 4017 omnes
1165 3965 1581 4029 declinaverunt,
1604 3965 1765 4018 simul
1801 3967 2014 4020 inutiles

449 4051 581 4120 facti
611 4063 734 4106 sunt
763 4069 781 4108 :
815 4070 916 4107 non
945 4057 1170 4125 est,,qni
1211 4056 1379 4125 faciat
1417 4057 1630 4122 bonum,
1675 4075 1780 4112 non
1812 4069 1889 4113 est
1926 4075 2016 4112 us-

449 4159 548 4214 que
593 4144 660 4198 ad
705 4161 886 4206 unum.
954 4144 1146 4200 Nonne
1198 4155 1505 4214 cognosceret
1539 4163 1736 4212 omnes,
1768 4148 1858 4217 qui
1893 4163 2013 4216 ope-

449 4244 639 4289 rantur
673 4238 1046 4304 iniquitatem?
1083 4240 1172 4308 qui
1203 4242 1453 4294 devorant
1481 4239 1734 4308 populum
1759 4255 1928 4293 meum
1961 4241 2015 4292 in

453 4331 564 4382 cibo
588 4331 781 4406 panis?
815 4329 980 4383 Deum
1032 4346 1134 4383 non
1167 4332 1557 4396 invocaverunt,
1587 4329 1696 4383 illic
1730 4331 2014 4384 timuerunt

451 4423 654 4487 timore,
711 4422 802 4475 ubi
875 4439 976 4477 non
1024 4433 1139 4476 erat
1213 4424 1392 4475 timor.
1437 4419 1590 4485 Vide,
1629 4437 1748 4494 qua:
1808 4421 1861 4475 in
1915 4436 2010 4475 xm

448 4517 660 4591 psalmo
700 4515 842 4570 dicta
873 4526 1024 4572 sunt.

523 4664 795 4728 Quoniam
836 4664 974 4718 Deus
1009 4664 1260 4735 dispersit
1286 4680 1410 4720 ossa
1433 4681 1636 4725 eorum,
1665 4667 1755 4734 qui
1790 4665 2020 4718 homini-

453 4757 549 4809 bus
578 4754 808 4824 placent.
859 4753 1078 4811 Judzeos
1132 4755 1326 4825 carpit,
1367 4771 1504 4826 quos
1553 4757 1840 4810 studiosos
1891 4771 2016 4812 esse

451 4849 621 4916 dicit,
696 4857 759 4902 ut
829 4847 1142 4902 hominibus
1200 4849 1450 4917 placeant
1517 4847 1756 4921 [tametsi
1820 4849 2010 4904 Latina

450 4938 694 4994 dictione
717 4979 733 5006 ,
783 4953 891 4993 non
943 4939 1015 4992 ita
1051 4937 1424 5009 significanter
1476 4940 1528 4993 id
1560 4939 1754 4993 vitium
1783 4943 2010 5010 exprimi

452 5040 630 5101 potest
650 5047 813 5102 quam
847 5031 1055 5094 Graeca,
1093 5048 1216 5102 quae
1241 5033 1404 5086 unico
1434 5033 1722 5099 vocabulo,
1757 5033 2015 5102 ἀνθρωπ-

446 5124 712 5194 αρέσκους
748 5123 1064 5192 huiusmodi
1087 5125 1337 5180 homines
1366 5125 1723 5196 appellavit}:
1769 5126 1872 5179 hoc
1909 5141 2014 5180 au-

450 5228 558 5272 tem
591 5219 785 5272 vitium
814 5231 1191 5286 saepenumero
1211 5216 1467 5273 Christus
1489 5217 1692 5272 iudicis
1716 5217 2013 5286 exprobra-

447 5310 544 5375 vit,
567 5309 882 5381 liypocritas
904 5324 998 5366 eos
1021 5309 1304 5380 appellans
1321 5317 1374 5363 et
1398 5309 1702 5363 secundum
1729 5319 2010 5378 aspectum

447 5402 794 5472 iudicantes;
829 5404 921 5474 qui
955 5404 1120 5466 etiam
1161 5411 1218 5456 ut
1248 5399 1449 5456 Caesari
1486 5399 1782 5469 placerent,
1810 5401 2010 5460 clama-

2114 3220 2541 3290 διεφθάρησαν,
2609 3218 2708 3273 καί
2755 3217 3210 3287 ἐϐδελύχθησαν
3260 3220 3332 3273 ἐν
3397 3220 3678 3288 (ironiam.

2115 3313 2278 3382 Ζήτει
2307 3310 2404 3380 τὴν
2456 3309 2714 3378 ἐξήγησιν
2738 3309 2796 3362 ὲν
2835 3307 2912 3380 τῷ
2975 3309 3044 3378 ιγ’
3088 3308 3324 3380 ψαλμῷο
3368 3310 3436 3362 τὸ
3495 3310 3570 3375 δὲ,
3622 3309 3680 3362 ἐν

2113 3401 2390 3470 ἁνομίαις
2423 3399 2674 3466 ἐνταῦθα,
2728 3401 2800 3454 ἐν
2851 3399 3321 3470 ἐπιτηδεύμασιν
3347 3402 3493 3456 ἐκεῖ.

2189 3582 2310 3632 Οὐκ
2344 3579 2477 3632 ἐστι
2509 3576 2697 3634 ποιῶν
2727 3578 2972 3646 ἀγαθόν.
3003 3575 3183 3647 Ἐντῷ
3222 3576 3448 3648 ῥηθέντι
3476 3575 3678 3648 ψαλμῷ

2119 3673 2240 3725 Οὐκ
2265 3671 2398 3725 ἐστι
2424 3669 2608 3723 ποιῶν
2637 3671 3038 3738 χρηστότητα,
3075 3670 3413 3742 γέγραπται.

2197 3763 2252 3815 Ὀ
2281 3761 2424 3827 Θεὸς
2452 3761 2519 3815 ἐκ
2575 3762 2681 3814 τοῦ
2739 3762 3002 3831 οὐρανοῦ
3059 3761 3348 3831 διέκοψεν
3413 3762 3516 3816 ἐπί
3557 3760 3680 3827 τοὺς

2115 3853 2286 3918 υἱοὺς
2315 3851 2432 3905 τῶν
2465 3850 2813 3920 ἀνθρώπων,
2840 3853 2946 3907 τοῦ
2971 3853 3121 3906 ίδεῖν
3184 3855 3237 3907 εί
3268 3853 3403 3907 ἔστι
3444 3853 3678 3914 συνιὼν.

2117 3945 2439 4014 ἢέκζητῶν
2483 3945 2589 4000 τὸν
2644 3945 2826 4000 Θεόν⁶
2883 3946 3107 4012 πάντες
3163 3946 3520 4014 ἐξέκλιναν,
3576 3946 3678 4014 ἅμα

2115 4039 2563 4108 ήχρειώθησαν·
2593 4038 2704 4090 οὐκ
2733 4037 2865 4090 ἔστι
2900 4038 3088 4090 ποιῶν
3112 4037 3356 4110 ἀγαθὸν,
3388 4040 3506 4092 οὐκ
3526 4038 3678 4091 ἔστιν

2114 4127 2223 4194 ἕως
2255 4127 2411 4191 ἑνός.
2430 4125 2576 4194 Οὐχί
2606 4124 2941 4194 γνώσονται
2966 4124 3191 4192 πάντες
3230 4128 3283 4179 οἱ
3315 4124 3678 4196 ἐργαζόμενοι

2115 4219 2230 4285 τὴν
2251 4219 2505 4286 ἀνομίαν
2533 4232 2552 4279 ;
2587 4219 2652 4270 Ol
2682 4217 3225 4282 κατεσθίοντεςτὸν
3270 4217 3429 4271 λαόν
3459 4234 3576 4284 μου
3621 4215 3680 4268 ἐν

2113 4309 2341 4376 βρώσει
2385 4308 2565 4376 ἄρτου
2591 4348 2606 4372 ,
2652 4307 2764 4361 τὸν
2838 4309 2987 4362 Θεὸν
3047 4312 3159 4364 οὐκ
3215 4308 3678 4363 ἐπεκαλέσαντο.

2117 4399 2278 4452 Ἐκεῖ
2349 4399 2741 4468 ἐφοϐήθησαν
2815 4402 3024 4470 φόϐον,
3073 4400 3146 4459 οὗ
3219 4405 3332 4458 οὐκ
3368 4399 3450 4475 ἦν
3489 4403 3678 4472 φόϐος.

2045 4497 2097 4557 D
2125 4491 2285 4560 Ζὴτει
2311 4489 2512 4559 ὁμοίως
2545 4490 2641 4542 καὶ
2677 4490 2776 4561 τὴν
2805 4492 3012 4546 τούτων
3044 4493 3309 4564 ἐξήγησιν
3343 4496 3403 4548 ὲν
3461 4495 3540 4565 τῷ
3600 4496 3684 4564 ρη-

2124 4581 2267 4633 θέντι
2297 4580 2514 4651 ψαλμῷ.

2195 4671 2327 4725 ’Ὅτι
2384 4674 2416 4725 ό
2463 4672 2607 4738 Θεὸς
2643 4671 3074 4741 διεσκόρπισεν
3113 4673 3268 4731 ὀστᾶ
3308 4675 3679 4744 ἀνθρώπειρέ-

2121 4780 2310 4818 σκων.
2355 4763 2878 4833 Ἀνθρωπαρέσκους
2913 4764 3172 4835 ὀνομάζει
3200 4767 3329 4830 τοὺς
3376 4767 3675 4831 Ἰουδαίους,

2119 4855 2148 4908 δ
2172 4855 2264 4907 καί
2279 4855 2306 4907 ὁ
2326 4854 2562 4925 Χριστὸς
2578 4855 2762 4917 αὐτοῖς
2782 4855 3042 4919 πολλάκις
3063 4855 3364 4922 ὠνείδισεν,
3390 4860 3678 4928 ὑποκριτὰς

2123 4943 2298 5012 λέγων
2329 4945 2425 4998 καὶ
2454 4943 2577 4997 κατ’
2600 4944 2724 5013 δψιν
2760 4946 3055 5016 κρίνοντας
3078 4963 3092 4976 '
3117 4947 3166 5000 οἳ
3195 4947 3293 5001 καὶ
3311 4948 3404 5002 τὸν
3436 4950 3679 5021 Καίσαρα

2119 5037 2538 5108 Θεραπεύοντες,
2557 5038 2727 5091 ὲὸὁων
2747 5055 2761 5070 ο
2803 5041 2926 5094 Οὐκ
2964 5039 3188 5110 ἔχομεν
3205 5042 3497 5108 βασιλέα,
3529 5046 3579 5098 ει
3598 5041 3676 5111 μὴ

2119 5129 2424 5196 Καίσαρα·
2489 5131 2584 5182 καὶ
2631 5129 2768 5200 πρὸς
2814 5130 2908 5183 τὸν
2963 5131 3232 5187 Πιλάίτον⁹
3276 5134 3422 5189 Ἐὰν
3473 5134 3678 5188 τοῦτον

2118 5219 2476 5288 ἀπολύσῃς,
2509 5222 2622 5274 οὐκ
2671 5217 2730 5274 εἷ
2771 5224 2953 5290 φίλος
2990 5224 3098 5278 τοῦ
3143 5227 3465 5295 Καίσαρος.
3495 5222 3593 5282 Ὧν
3618 5227 3677 5281 sit

2119 5312 2254 5366 ὀστᾶ
2269 5311 2668 5381 διεσκόρπισεν,
2688 5315 2808 5384 ἦτοι
2827 5316 2929 5378 τὰς
2949 5316 3143 5385 φυλὰς,
3159 5318 3230 5370 δι’
3255 5313 3332 5374 ὧν
3347 5321 3670 5374 συνίσταντο.

2117 5403 2498 5472 Διεσπάρησαν
2552 5405 2661 5474 γὰρ
2710 5406 2791 5471 είς
2840 5406 3087 5462 δουλείαν
3133 5410 3324 5475 ἔθνους
3360 5412 3575 5474 παντός.
3608 5408 3671 5461 Ἦ

1792 5579 1988 5640 Variae
2033 5579 2360 5644 lectiones.

520 5709 632 5776 (86)
667 5709 1019 5778 Α1.ἐνετάγη.

517 5779 628 5852 (87)
653 5780 838 5836 Graeca
869 5781 944 5836 ita
991 5791 1192 5840 sonant
1222 5799 1234 5836 :
1293 5779 1533 5848 Profecto
1567 5781 1645 5835 hic
1683 5778 2008 5850 (psalmus)

2117 5725 2207 5761 nec
2232 5710 2546 5783 interpretes
2570 5709 2828 5775 latuisset,
2859 5730 2949 5767 nec
2992 5715 3130 5783 ipsos
3158 5714 3397 5778 Juda'os,
3426 5715 3498 5772 bis
3528 5712 3662 5779 posi-

2117 5790 2222 5844 tus,
2248 5778 2324 5834 t'cl
2356 5780 2578 5834 absurde
2611 5784 2874 5848 repetitus.
2995 5797 2998 5800 ‘
