3774 6568
132 318 239 383 569
1335 346 1722 412 COMMENT.
1766 352 1847 412 IN
1888 353 2255 419 PSALMOS.
3285 359 3395 423 διο

128 436 235 541 και
274 437 816 541 ὃτιῌδιαφθαρέντες
884 453 993 507 ὑπὸ
1047 458 1149 526 τῆς
1209 456 1527 533 Ῥωμαῖκῆς
1583 466 1699 535 ῥομι

1873 477 2019 524 erunt
2044 487 2059 525 :
2094 469 2221 524 Non
2254 470 2505 525 habemus
2532 486 2725 541 regem.
2757 471 2862 526 nisi
2890 472 3155 527 Cwsarem
3185 472 3205 503 ⁸
3233 488 3247 536 ;
3272 473 3399 527 item

131 528 325 595 φαίας,
357 532 679 629 ἐλκύσματα
711 544 805 596 καὶ
833 547 1212 620 σπαράγματα
1241 528 1355 617 τοῖς
1384 528 1598 625 θηρίοις
1625 528 1697 610 κα

1873 562 1897 615 [1
1922 561 2158 617 Pilatum
2185 581 2199 617 :
2229 562 2287 618 Si
2324 564 2461 617 [tunc
2492 563 2740 629 dimittis,
2776 582 2881 620 non
2902 582 2956 620 es
2988 566 3191 619 amicus
3221 565 3403 618 Casa-

132 627 407 690 πετεινοῖς
430 632 709 698 γεγόνασι.

1873 651 1908 705 r’s
1930 652 1975 706 ⁸.
2009 651 2254 717 Quorum
2291 651 2594 708 Judeorum
2656 670 2808 720 ossa,
2862 656 2965 709 hoc
3018 663 3125 720 cst,
3168 668 3402 723 quorum

128 713 335 816 "'i_b"5i
359 721 562 788 θυίδυε
594 726 697 796 ίβεί
738 732 901 801 quasi
926 736 1187 792 membris
1210 740 1542 808 quibusdam
1570 741 1975 806 consistebant,
2004 713 2151 800 Deus
2178 746 2461 814 dispersit.
2532 713 2806 816 Dispersi,
2837 749 3040 803 etenim
3112 713 3241 802 sunt
3305 762 3404 815 per

126 810 347 913 orbein,
376 827 435 874 ut
461 823 717 880 omnibus
769 828 1041 886 servirent
1071 835 1410 892 nationibus.
1440 836 1538 893 Vel
1568 838 1693 893 ideo
1730 837 2010 907 dispersos
2029 855 2127 895 eos
2160 810 2329 896 fuisse
2352 841 2507 903 dicit,
2574 810 2703 913 quia
2780 843 3154 898 Romanorum
3217 810 3400 912 gladio

122 903 335 966 perditi
364 924 431 965 ac
465 912 751 986 discerpti,
779 921 1015 978 canibus
1031 932 1088 978 et
1116 926 1437 986 volucribus
1464 929 1711 985 laniandi
1750 903 1932 985 relicti
1965 941 2115 986 sunt.

201 1000 775 1078 Κατῃσχύνθησον,
810 1011 900 1065 ὅτι
929 1019 964 1069 ό
996 1017 1141 1083 Θεὸς
1169 1010 1585 1083 ἐξουὸἐνωσεν
1609 1025 1719 1078 αὑ-

121 1093 299 1183 τούς.
333 1094 575 1168 Αἰσχύνη
614 1103 782 1157 πᾶσιν
830 1104 1013 1161 ἔθνεσι
1058 1113 1495 1183 προσετέθησαν,
1545 1133 1717 1170 κακοε-

119 1180 555 1251 δαιμονέστατοι
588 1194 685 1247 καὶ⁵
726 1197 1090 1267 ἀτυχέστατοι
1124 1205 1217 1257 καὶ
1273 1180 1718 1279 βαρυσυμφορὼ-

120 1291 287 1330 τατοι
322 1281 434 1335 τῶν
471 1283 694 1340 πώποτε
745 1290 1058 1361 ἀνθρώπων
1092 1298 1380 1369 γενόμενοι
1405 1317 1421 1333 ·
1452 1300 1613 1355 τοῦτο
1649 1303 1708 1356 δὲ

122 1371 446 1479 ars-novena
471 1416 486 1441 ,
519 1377 655 1479 οιότι
683 1382 713 1434 ὁ
736 1384 977 1455 Χριστὸς
1004 1390 1338 1461 ἐξουδένημα
1388 1394 1484 1448 καὶ
1514 1394 1716 1460 ὄνειδος

118 1470 329 1530 αὐτοὺς
366 1470 659 1542 πεποίηκε.

198 1648 293 1714 Τίς
337 1649 520 1706 δώσει
547 1653 616 1708 ἐκ
653 1656 809 1712 Σιὼν
838 1658 906 1713 τὸ
949 1662 1250 1730 σωτήριον
1269 1664 1380 1720 τοῦ
1420 1665 1712 1733 ’Ῑσραήλῖ

115 1740 192 1792 ἐν
212 1741 298 1806 τῷ
330 1743 693 1816 ἐπιστρέψαι
725 1751 833 1804 τὸν
859 1752 1008 1807 Θεὸν
1027 1754 1144 1821 τὴν
1167 1758 1587 1825 αἰχμαλωσίαν
1605 1757 1713 1812 τοῦ

1892 1022 2117 1093 Confusi
2158 1036 2303 1089 sunt,
2328 1026 2581 1096 quoniam
2616 1025 2759 1081 Deus
2806 1027 3003 1096 sprevit
3045 1044 3154 1083 eos.
3189 1028 3399 1083 Confu-

1821 1113 1980 1169 sione
2015 1125 2179 1184 atque
2213 1116 2509 1185 ignominia
2539 1117 2682 1185 pleni
2704 1132 2828 1172 esse
2856 1126 3229 1187 apparuerunt
3253 1118 3397 1187 apud

1822 1221 2016 1262 omnes
2049 1216 2263 1277 gentes,
2297 1208 2465 1263 veluti
2498 1210 2745 1264 omnium
2779 1209 3065 1265 hominum
3095 1211 3396 1266 miserrimi

1819 1306 1876 1355 et
1906 1298 2299 1364 infelicissimi,
2332 1310 2387 1356 et
2418 1302 2836 1358 calamitatibus
2870 1304 3114 1357 omnium
3151 1303 3391 1359 maxime

1819 1392 2069 1446 obnoxii.
2100 1390 2425 1460 Huiusmodi
2458 1402 2641 1447 autem
2679 1394 3053 1449 calamitatem
3080 1410 3143 1450 ea
3183 1397 3395 1450 ratione

1818 1482 1967 1552 passi
2014 1488 2166 1545 sunt.
2200 1482 2328 1549 quia
2378 1481 2640 1537 Christus
2688 1484 2899 1551 sprevit
2943 1500 3063 1550 eos,
3107 1485 3163 1540 in
3193 1500 3396 1556 oppro-

1815 1575 1997 1630 brium
2036 1574 2161 1631 illos
2198 1574 2461 1630 universo
2494 1574 2617 1629 orbi
2656 1577 2932 1644 praebens.

1888 1664 2057 1722 Vens.
2100 1668 2153 1721 7.
2173 1665 2306 1733 Quis
2327 1666 2476 1721 dabit
2501 1682 2567 1720 ea:
2599 1665 2731 1722 Sion
2761 1668 3006 1722 salutare
3038 1667 3248 1723 Israel?
3273 1685 3393 1723 cum
3490 1742 3511 1751 ἒ

1812 1760 2127 1816 converterit
2178 1761 2435 1814 Dominus
2465 1762 2827 1828 captivitatem
2865 1760 3031 1828 plebis
3059 1777 3190 1825 sum,
3213 1762 3397 1815 exsul-

113 1834 280 1887 .laoﬁ
306 1836 519 1899 αὐτοῦ,
554 1840 988 1909 ἀγαλλιάσει-αι
1043 1846 1271 1912 Ἰακὼϐ,
1314 1848 1411 1904 καὶ
1445 1851 1699 1917 εὐφραν-

1873 1852 1944 1905 bit
1977 1849 2167 1914 Jacob,
2186 1861 2236 1905 et
2264 1851 2541 1906 ltetabitur
2570 1850 2980 1907 Israel.llorum
3005 1852 3168 1907 etiam
3199 1853 3396 1907 verbo.

116 1925 376 1992 θήσεται
418 1928 676 1999 Ἰσραήλ.
726 1934 838 1987 Καὶ
883 1937 916 2005 ή
967 1936 1173 1991 τούτων
1219 1938 1485 2010 ἐξήγησις
1524 1942 1583 1994 ἐν
1624 1942 1704 2011 τῷ

119 2015 348 2085 ῥηθέντι
382 2018 457 2088 ιγ’
481 2020 687 2093 ψαλμῷ
714 2026 1103 2083 ἁνατάττεται.

122 2111 221 2175 Εἰς
255 2112 326 2166 τὸ
347 2113 527 2179 τέλος
548 2115 617 2169 ἐν
642 2117 873 2186 ὕμνοις,
902 2120 1000 2174 καὶ
1037 2122 1353 2190 συνέσεως
1386 2124 1467 2191 τῷ
1493 2129 1698 2195 Δαϐὶδ,

186 2203 260 2257 ἐν
308 2202 391 2270 τῷ
431 2206 635 2261 ἐλθεῖν
662 2209 806 2276 τοὺς
860 2213 1166 2281 Ζιφαίους,
1226 2216 1324 2269 καὶ
1350 2217 1703 2289 ἀναγγεῖλαι

186 2295 268 2362 τῷ
316 2300 555 2354 Σαούλ·
603 2304 726 2357 Οὐκ
772 2302 903 2359 ἰδοὺ
944 2306 1124 2360 Δαὸιδ
1173 2308 1506 2377 κέκρυπται
1562 2317 1699 2383 παρ’

188 2388 337 2458 ἡμῖν
356 2407 384 2455 ;

672 2489 967 2545 ΨΔΛΜΟΣ
1005 2493 1132 2548 Νῐν.

184 2575 417 2644 Φεύγων
448 2579 540 2633 τὸν
572 2582 744 2634 Σαοὺλ
775 2583 803 2635 ὀ
829 2584 1014 2649 Δαὸὶδ,
1054 2587 1310 2641 ἐκάθισεν
1333 2591 1415 2653 εἰς
1439 2590 1536 2662 τὴν
1566 2590 1699 2662 ἔρη-

125 2685 220 2734 μον
251 2668 362 2739 Ζίφ
387 2685 402 2698 °
432 2672 483 2724 οἱ
507 2674 723 2748 Ζιφαῖοι
753 2675 851 2745 τὴν
880 2677 978 2745 μὲν
1012 2680 1149 2747 πρὸς
1180 2680 1347 2734 Δαδὶδ
1380 2684 1565 2751 φιλίαν
1596 2685 1700 2736 ὑπ-

119 2763 461 2833 εκρίθησαν,
508 2768 896 2837 κατεμήνυσαν
929 2769 985 2823 δὲ
1020 2772 1184 2823 αὐτὸν
1231 2773 1311 2842 τῷ
1356 2774 1528 2827 Σαούλ
1552 2792 1565 2807 ο
1607 2777 1704 2829 καὶ

116 2852 169 2915 ὃς
199 2854 637 2925 ἐπεστράτευσε.
683 2860 929 2931 Πόλεμος
972 2862 1029 2915 δὲ
1076 2863 1186 2916 τῶν
1217 2864 1534 2933 ἀλλοφύλων
1587 2868 1705 2921 ἐπι-

112 2944 411 3015 γενόμενος
454 2948 957 3020 ἀντιπεριέσπασεν
1010 2954 1214 3010 αὐτίκα
1245 2957 1337 3009 τὸν
1362 2957 1537 3011 Σαούλ
1559 2974 1575 2987 ’
1608 2959 1703 3012 καὶ

113 3039 302 3093 λοιπὸν
338 3041 683 3110 ἀπαλλαγεὶς
713 3048 743 3099 ὁ
766 3046 937 3101 Δαὸὶδ
969 3048 1202 3116 ἐκεῖθεν,
1239 3051 1433 3119 ἔφυγε,
1457 3053 1552 3104 καὶ
1577 3068 1703 3104 συν-

1810 1961 1932 1999 rum
1972 1944 2374 2013 expositionem
2409 1946 2462 1999 in
2492 1960 2637 2015 saepe
2677 1953 3115 2001 commemorato
3160 1945 3394 2000 tradidi-

1808 2051 1935 2091 mus
1962 2037 2204 2105 psalmo.

1805 2129 1871 2184 In
1900 2130 2062 2199 finem
2116 2130 2171 2182 in
2221 2129 2455 2197 hymnis,
2499 2128 2868 2198 intelligentia
2911 2129 3014 2199 ipsi
3049 2127 3241 2192 David,
3275 2145 3394 2181 cum

1875 2223 2137 2276 venissent
2174 2219 2404 2290 Ziplta’i,
2426 2233 2475 2275 et
2516 2222 2924 2276 annuntiassent
2963 2221 3141 2288 Sauli,
3192 2221 3392 2277 Nonne

1876 2330 1991 2369 ecce
2021 2313 2193 2368 David
2222 2312 2559 2368 absconditus
2587 2324 2666 2369 est
2697 2314 2840 2384 apud
2871 2330 2969 2368 nos
3232 2298 3241 2303 ﬂ

2381 2491 2709 2548 PSALMUS
2752 2491 2885 2547 LIII.

1876 2580 2114 2653 Fugiens
2156 2583 2378 2638 Saulem
2435 2584 2631 2639 beatus
2671 2584 2865 2649 David,
2902 2583 3185 2654 profectus
3215 2592 3299 2640 est
3332 2585 3386 2638 in

1804 2689 2050 2729 eremum
2097 2674 2258 2746 Ziph.
2307 2674 2514 2744 Zipliaei
2568 2690 2697 2731 vero
2742 2675 3044 2731 amicitiam
3095 2675 3390 2745 ﬁngentes,

1805 2765 1959 2821 Sauli
2006 2766 2416 2835 signiﬁcarunt,
2448 2767 2623 2821 latere
2654 2765 2808 2820 illum
2848 2767 2995 2838 apud
3028 2782 3106 2823 se.
3146 2766 3261 2822 Hoc
3286 2782 3389 2823 au-

1804 2857 1921 2911 dito
1951 2855 2082 2911 Saul
2105 2871 2231 2911 cum
2256 2856 2501 2912 exercitu
2534 2855 2667 2911 illuc
2694 2865 2888 2912 contra
2920 2872 3046 2911 eum
3074 2858 3390 2926 proﬁcisce-

1806 2950 2010 3014 batur;
2041 2964 2233 3005 verum
2280 2947 2506 3012 bellum,
2539 2948 2690 3018 quod
2743 2962 2772 3001 a
2820 2948 3117 3005 Pbilistaeis
3168 2959 3390 3019 repente

1806 3042 2151 3111 supervenit,
2198 3040 2425 3096 Saulem
2469 3040 2721 3106 divertit,
2774 3057 2840 3096 ne
2880 3049 3016 3097 tunc
3052 3041 3196 3095 ultra
3236 3042 3389 3095 illum

109 3133 277 3204 ἔθηκε
306 3136 405 3189 τὸν
429 3138 675 3206 παρόντα
700 3140 919 3211 ψαλμὸν
971 3144 1422 3215 εὐχαριστήριον,
1442 3146 1538 3198 τοῦ
1560 3145 1698 3199 Θεοῦ

1873 3141 2257 3204 :rsequerelur.
2287 3132 2463 3189 Tanto
2488 3134 2672 3204 itaque
2698 3135 2891 3191 beatus
2926 3133 3095 3189 David
3126 3135 3390 3190 liberatus

108 3228 631 3295 κατασκεδάσαντος
697 3208 1178 3306 εὐμήχάνωςῃτῆν
1228 3208 1546 3309 ἐαιόουλήν.
1607 3239 1698 3292 Διὸ

1875 3225 2071 3291 riculo,
2107 3225 2344 3297 aufugit,
2383 3233 2439 3281 et.
2470 3235 2801 3297 prwscutem
2848 3226 3123 3295 psalmum
3173 3226 3228 3279 in
3260 3241 3390 3297 gra-

106 3324 202 3376 καὶ
239 3324 550 3393 ἐνῦμνοις
587 3327 1031 3397 ἐπιγέγραπται·
1080 3332 1215 3400 φησὶ
1256 3329 1388 3398 γὰρ,
1445 3330 1528 3383 ὅτι
1566 3330 1697 3395 Ἐξ-

1873 3334 2006 3373 trum
2045 3320 2321 3373 actionem
2378 3318 2747 3388 compositum
2818 3316 2932 3373 Deo
2981 3316 3185 3372 dicavit
3230 3332 3389 3386 :quo

106 3417 569 3486 ομολογήσομαι
602 3417 683 3484 τῷ
714 3421 977 3490 ὀνόματίξ
998 3437 1137 3487 σου,
1179 3424 1383 3493 Κύριε,
1434 3423 1523 3477 ὅτι
1556 3423 1699 3494 ἀγα-

1873 3410 2059 3481 iutore
2107 3425 2298 3466 omnes
2339 3409 2522 3466 Saulis
2572 3410 2790 3466 insidiae
2858 3410 3125 3467 facillime
3172 3424 3390 3481 semper

105 3509 237 3571 οὐν,
272 3506 364 3561 ὅτι
395 3508 466 3562 ἐκ
500 3509 711 3577 πάσης
745 3512 1011 3580 θλίψεως
1039 3513 1276 3581 sepem
1301 3531 1391 3586 με.
1419 3515 1598 3584 -Εἱς
1625 3514 1694 3568 τὸ

1873 3503 2088 3558 ssolutaa
2119 3511 2270 3557 sunt.
2305 3503 2486 3572 Atque
2516 3502 2641 3557 ideo
2675 3501 2728 3556 in
2779 3501 2991 3572 hymnis
3035 3500 3384 3557 inscribitur.

104 3599 285 3666 τέλος
319 3600 379 3653 δὲ
399 3644 413 3666 ,
450 3601 531 3654 ὅτι
558 3605 695 3671 πρὸς
722 3603 783 3656 τὸ
806 3604 961 3668 τέλος
996 3604 1282 3675 ἐπείγεται
1315 3608 1347 3678 ή
1383 3608 1681 3679 ἐγκειμένη

1873 3596 2105 3664 inﬁtebor
2133 3595 2305 3659 enim,
2357 3594 2556 3665 inquit,
2591 3595 2791 3649 nomini
2826 3605 2937 3658 tuo,
2972 3593 3215 3658 Domine,
3256 3611 3382 3662 quo-

102 3692 287 3762 τούτῳ
312 3694 641 3765 πρόρρησις.
671 3697 1059 3767 Προηγόρευσε
1087 3700 1195 3770 γὰρ
1218 3701 1311 3754 τὸν
1343 3700 1565 3771 ὄλεθρον
1580 3700 1692 3755 τῶν

1873 3700 1949 3739 1m
1986 3684 2178 3739 bonum
2212 3693 2315 3751 est,
2346 3685 2601 3755 quoniam
2634 3699 2699 3738 ea:
2727 3685 2868 3737 omni
2892 3683 3245 3738 tribulatione
3270 3685 3383 3738 eri-

104 3785 579 3840 ἐπιόουλευόντων
636 3789 787 3859 αὐτῷ
817 3828 832 3853 ,
886 3791 1105 3861 φήσας·
1171 3792 1574 3862 Ἀποστρέψει
1624 3793 1699 3848 τὰ

1873 3779 1962 3832 isti
2002 3794 2105 3832 me.
2136 3777 2199 3832 In
2239 3778 2397 3847 ﬁnem
2431 3792 2564 3832 vero
2596 3777 2719 3832 ideo
2750 3777 2911 3842 dixit,
2944 3777 3074 3846 quia
3103 3781 3170 3831 ad
3218 3778 3379 3833 linem

103 3878 269 3929 κακὰ
299 3876 415 3942 τοῖς
450 3878 689 3947 ἐχθροῖς
717 3899 839 3949 μου
867 3896 885 3914 ⁶
924 3881 1025 3936 καὶ
1060 3882 1130 3937 ἐν
1152 3884 1277 3950 τοῖς
1309 3885 1547 3953 ἐχθροῖς
1574 3904 1695 3955 μου

1873 3870 2118 3936 idebant,
2155 3885 2279 3940 quae
2331 3869 2423 3925 hic
2456 3870 2933 3939 praedicebantur;
2967 3871 3371 3941 praedicebatur

101 3969 345 4024 ἐπεῖδεν
368 3974 401 4026 ὀ
425 3975 739 4041 ὀφθαλμός
757 3993 876 4043 μου
898 3992 913 4006 ⁸
946 3975 983 4030 ἃ.
1008 3977 1197 4044 σαφῶς
1227 3978 1285 4031 ἐν
1319 3980 1433 4042 τοῖς
1468 3979 1696 4043 οἰκείοις

1873 3977 1977 4021 tem
2053 3966 2403 4021 inimicorum
2461 3965 2640 4035 ipsius
2718 3966 3045 4022 destructio.
3106 3966 3380 4021 Convertet

96 4061 295 4126 τόποις
323 4064 731 4135 ἐξηγησόμεθα.
758 4066 1073 4134 Συγέσεως
1094 4069 1173 4135 δέ,
1201 4070 1283 4123 ὅτι
1320 4070 1544 4124 συνετοῦ
1570 4072 1689 4125 ἐστι

1874 4060 1972 4126 im,
2006 4059 2208 4129 inquit,
2230 4059 2379 4113 mala
2409 4058 2642 4113 inimicis
2666 4060 2820 4124 meis,
2839 4068 2889 4114 et
2920 4062 2975 4113 in
2996 4059 3228 4114 inimicis
3252 4059 3380 4114 meis

99 4152 172 4205 τὸ
203 4155 263 4206 ἐν
292 4160 472 4231 καιρῷ
512 4156 742 4229 τοιούτῳ
772 4157 997 4213 πάντων
1020 4158 1319 4230 ἀφέμενον,
1360 4162 1554 4232 ὑμνεῖν
1598 4163 1691 4215 τὸν

1873 4153 1933 4205 lit
1962 4151 2149 4205 oculus
2196 4167 2340 4204 meus
2371 4165 2390 4204 :
2425 4165 2549 4221 qua:
2593 4150 2757 4207 verba
2799 4151 3047 4206 dilucide
3092 4151 3230 4207 locis
3262 4153 3379 4207 suis

98 4247 260 4311 Θεὸν,
290 4250 383 4302 xui.
412 4250 605 4304 τοῦτον
630 4252 1014 4307 ἐπικαλεῖσθαι
1046 4255 1265 4326 κριτήν.

1873 4258 2157 4316 ponemus.
2215 4243 2595 4313 Intelligentiaz
2650 4253 2869 4306 autem.
2923 4244 3061 4309 sive,
3128 4254 3186 4298 ut
3248 4244 3376 4299 alibi

94 4338 361 4405 diximus,
392 4341 690 4407 prudentia:
718 4343 841 4400 ideo
866 4346 1193 4415 inscriptum
1229 4356 1332 4410 est,
1370 4346 1504 4417 quia
1538 4344 1836 4417 prudentis
1869 4334 1972 4391 viri
2005 4343 2090 4388 est
2142 4332 2525 4403 Ιιυὶιιεεθωοάί
2590 4342 2840 4403 tempore
2907 4334 3132 4389 οωίεδίδ
3194 4333 3375 4386 στηθί’

94 4429 225 4491 bus.
297 4437 650 4494 liberatorem
698 4438 863 4494 Deum
916 4441 1165 4507 laudare,
1223 4458 1466 4512 eumque
1498 4440 1665 4498 veluti
1702 4434 1947 4506 iudicem
1984 4429 2255 4499 optimum
2285 4428 2583 4483 advocare.

184 4522 249 4574 '0
282 4525 448 4591 Θεὸς,
476 4527 547 4579 ἐν
576 4527 658 4593 τῷ
686 4529 933 4598 ὀνόματί
958 4545 1076 4586 σου
1107 4535 1320 4590 σῶσόν
1345 4552 1437 4603 με.
1480 4533 1580 4588 Διὰ
1620 4535 1680 4587 τδ

1873 4524 2027 4582 Vens.
2049 4525 2104 4580 3.
2137 4524 2300 4587 Deus,
2321 4522 2378 4575 in
2397 4521 2610 4574 nomine
2635 4528 2724 4573 tuo
2754 4519 2960 4573 salvum
2990 4536 3071 4575 me
3103 4520 3213 4591 fac.
3244 4520 3370 4576 Sal-

95 4612 192 4665 σδν
219 4614 415 4687 ὄνομα,
446 4618 584 4672 διότι
613 4619 858 4695 ὀνομάζῃ
891 4625 1104 4696 Σωτὴρ,
1155 4628 1251 4694 καὶ
1276 4629 1548 4698 ἐλεήμων,
1588 4629 1683 4681 uel.

1898 4635 2001 4685 me,
2046 4618 2250 4689 inquit,
2305 4623 2529 4686 propter
2574 4629 2773 4671 nomen
2827 4624 3005 4671 tuum.
3062 4614 3375 4672 Salvatoris

90 4701 345 4768 δίκαιος·
387 4708 567 4761 σῶσόν
594 4728 662 4780 με
689 4711 745 4764 δέ
801 4712 881 4767 ἔτι
921 4718 1016 4769 καὶ
1044 4717 1124 4771 ἔτι
1147 4737 1161 4751 ο
1200 4718 1542 4789 πανταχόθεν
1579 4718 1689 4790 γὰρ

89 4794 407 4852 ὲπιδουλαε.

166 4982 272 5034 Kal
299 4982 371 5036 ἐν
402 4984 479 5052 τῇ
502 4985 751 5055 δυνάμει
787 5006 904 5045 σου
931 4992 1159 5060 κρινεῖς
1186 5010 1287 5061 με.
1310 4994 1424 5047 Καὶ
1453 4995 1680 5060 δυνατὸς

90 5068 189 5134 ὢν,
227 5079 440 5143 κρινεῖς
489 5094 579 5145 με,
627 5073 687 5132 εὖ
728 5074 885 5147 οἶδα,
940 5083 1084 5152 μετὰ
1114 5082 1209 5135 τοῦ
1240 5085 1680 5140 καταδυναστεύ-

95 5178 293 5229 σαντος
327 5168 428 5236 τῆς
458 5169 601 5240 ἐμῆς
630 5170 942 5239 ἀσθενείας,
979 5173 1125 5242 λέγω
1145 5174 1200 5227 δὲ
1231 5176 1326 5229 τοῦ
1359 5177 1557 5243 Σαοὺλ,
1584 5179 1678 5232 καῖ¹

93 5259 345 5326 ποιήσεις
377 5260 476 5329 τὴν
506 5261 812 5331 ἐκδίκησιν.
849 5264 957 5318 Τοῦ
988 5266 1067 5332 δέ,
1091 5268 1337 5336 κρινεῖς,
1377 5271 1676 5345 ἀδιάφορος

92 5349 181 5403 νῦν
204 5352 238 5422 ἡ
274 5351 554 5419 σύνταξις,

168 5625 227 5678 '0
258 5628 432 5693 Θεὸς,
470 5629 844 5687 εἰσάκουσον
882 5632 993 5701 τῆς
1022 5636 1375 5707 προσευχῆς
1410 5656 1549 5709 μου,
1594 5641 1682 5696 ἐν·

153 5804 354 5868 ‘Joalt.
396 5824 506 5878 xxx,
572 5810 650 5866 lii.
734 5809 915 5869 6Ibid.
970 5811 1052 5869 l2.

1786 4714 2017 4779 ctenim,
2067 4724 2122 4769 et
2184 4709 2586 4773 misericordis,
2643 4710 2865 4779 etiusti
2920 4724 3118 4763 nomen
3176 4709 3369 4765 babes.

1788 4806 1997 4862 Praesto
2054 4804 2224 4875 igitur
2256 4803 2392 4859 mihi
2440 4803 2611 4869 adsis,
2643 4803 2907 4875 quoniam
2955 4801 3203 4874 undique
3235 4804 3371 4858 milii

1787 4899 2115 4953 incumbunt
2148 4896 2385 4953 insidiae.

1860 4992 1931 5047 Et
1964 4994 2019 5047 in
2054 4992 2294 5063 potentia
2334 4999 2427 5046 tua
2452 4991 2730 5061 judicabis
2766 5007 2868 5045 me.
2906 4988 2970 5043 Et
3000 5002 3126 5044 cum
3176 4996 3373 5058 potens

1789 5085 1892 5153 sis,
1925 5094 2098 5151 recte,
2128 5085 2279 5151 novi,
2318 5084 2601 5155 iudicabis
2638 5098 2745 5147 me,
2785 5084 2951 5139 simul
2988 5097 3113 5135 cum
3172 5080 3238 5134 iis
3276 5079 3371 5148 qui

1787 5178 2106 5250 opprimunt
2169 5177 2545 5233 infirmitatem
2595 5191 2795 5239 meam,
2848 5175 3070 5230 Saulem
3114 5172 3264 5235 dico,
3315 5181 3372 5226 et

1785 5270 2086 5325 vindictam
2117 5268 2309 5323 facies.
2343 5268 2436 5323 Est
2460 5276 2645 5321 autem
2673 5263 2990 5320 iudill‘erens
3019 5262 3367 5317 constructio

1788 5364 1951 5431 huius
1981 5362 2131 5417 verbi
2154 5360 2450 5431 judicabis.
2483 5359 2700 5430 [Posuit
2740 5358 2887 5413 enim
2959 5355 3238 5425 judicabis
3263 5372 3366 5421 me,

1790 5470 1909 5525 pro,
1940 5453 2219 5524 iudicabis
2276 5452 2436 5519 mihi,
2483 5452 2588 5506 hoc
2640 5448 3043 5519 cst,iudicium
3096 5448 3230 5502 mihi
3287 5447 3369 5502 fa-

1791 5547 1952 5618 cies]
2049 5619 2052 5624 t
2123 5530 2127 5534 ’

1863 5637 2007 5693 Vens
2066 5639 2117 5691 4.
2168 5637 2326 5703 Deus,
2362 5635 2559 5691 exaudi
2596 5635 2888 5689 orationem
2919 5650 3109 5700 meum,
3140 5632 3359 5688 auribus
