3866 6542
232 477 346 527 Ὀτι
377 471 441 524 ἐκ
472 466 669 533 πάσης
696 464 959 535 θλίψεως
988 466 1223 535 ἐῤῥύσω
1263 483 1362 536 με.
1410 467 1698 521 Διεσκέδαο
1728 480 1774 534 Λ

171 587 251 632 σας
272 568 355 620 καὶ
374 564 467 618 νῦν
493 563 589 633 τὴν
616 561 857 615 ἐπίθεσιν
882 559 976 613 τοῦ
1007 559 1204 625 Σαοὺλ,
1232 561 1327 614 καὶ
1359 560 1698 623 ἀνοέλχυσας

171 659 307 717 αὒτδν
335 659 408 721 εἰς
442 656 627 726 ἕτερον
664 652 925 723 πόλεμον.

228 753 321 809 Kal
350 751 415 803 ἐν
455 747 579 814 τοῖς
611 745 842 816 ἐχθροῖς
885 762 1005 816 μου
1043 743 1283 801 ἐπεῖδεν
1321 747 1355 799 ό
1391 743 1700 814 ὀφθαλμός

168 864 285 918 μου.
319 843 402 906 Ὠς
430 840 713 908 προφήτης
745 836 871 891 ἰδὼν
910 836 988 907 τῷ
1043 835 1146 906 τῆς
1197 835 1378 907 ψυχῆς
1430 833 1702 904 ὀφθαλμῷ

170 941 252 1009 τὴν
296 932 662 1002 καταστροφὴν
693 929 791 984 τοῦ
822 948 881 984 τε
928 930 1101 984 Σαοὺλ
1136 929 1231 982 καὶ
1276 928 1384 981 τῶν
1435 927 1698 995 Ζιφαῐων,

173 1030 417 1099 προεῖπεν,
465 1026 548 1079 δτι
598 1023 699 1095 ήδη
741 1022 1015 1077 Ἐπεῐδεν
1042 1023 1077 1076 ό
1106 1020 1413 1090 ὀφθαλμός
1446 1036 1567 1087 μου
1630 1018 1701 1070 ἐν

172 1121 273 1186 τοῖς
309 1116 532 1186 ἐχθροῖς
575 1131 726 1186 μου·
761 1116 943 1169 λείπει
1003 1113 1061 1168 δὲ
1093 1114 1174 1179 τὸ,
1206 1110 1242 1166 ἆ
1275 1111 1641 1179 ἐϐουλόμηνο
1668 1107 1701 1177 ἦ

179 1213 208 1267 ἅ
254 1212 571 1276 πείσονται,
607 1209 681 1271 ὼς
710 1209 770 1261 ὲν
802 1206 881 1277 τῷ
910 1208 985 1261 λδν
1015 1205 1217 1277 ψαλμῷ
1250 1199 1704 1275 προαποδεδώκα-

175 1322 270 1375 μεν.
316 1303 530 1372 Λέγοιτο
559 1301 605 1355 δ’
628 1301 694 1355 ἂν
732 1300 828 1355 καὶ
859 1293 1018 1363 οὗτος
1045 1301 1074 1352 ὁ
1108 1298 1323 1370 ψαλμδς
1356 1294 1487 1365 παρ’
1519 1292 1701 1364 ἡμῶν,

172 1396 285 1449 κατὰ
314 1394 414 1446 τῶν
438 1392 727 1463 δαιμόνων,
756 1390 809 1445 οἳ
854 1393 948 1444 καὶ
979 1388 1251 1460 ἀλλότριοι
1282 1388 1389 1441 εἰσι
1436 1383 1595 1449 Θεοῦ,
1626 1383 1699 1445 ὡς

173 1488 456 1550 ἀποστάται,
490 1486 583 1539 καὶ
607 1485 1005 1556 ἀντικείμενοι,
1059 1483 1157 1539 καὶ
1198 1480 1453 1555 κραταιοὶ
1481 1480 1560 1540 εις
1595 1492 1698 1528 κα·-

173 1582 290 1645 κέαν,
311 1580 377 1643 ὼς
402 1579 710 1649 ἀσώματοι,
742 1578 837 1631 καὶ
874 1577 950 1641 ὡς
990 1575 1460 1647 κοσμοκράτορες.

1307 350 1697 412 COMMENT.
1733 352 1806 411 IN
1844 352 2199 414 PSALMOS.

3278 351 3382 416 574

1878 469 2040 524 Vens.
2071 470 2126 525 9.
2158 473 2425 537 Quoniam
2468 489 2534 529 ea:
2571 475 2717 529 omni
2753 472 3099 527 tribulatione
3134 472 3385 540 eripuisti

1801 576 1896 613 me.
1949 559 2264 630 lnterrupto
2308 565 2517 619 etenim
2586 580 2733 619 nunc
2784 562 2967 619 Saulis
3007 563 3240 631 impetu,
3274 575 3384 631 quo

1798 650 1853 703 in
1902 666 1986 704 me
2025 649 2327 718 ferebatur,
2360 654 2414 707 in
2440 657 2585 711 aliud
2618 657 2819 711 bellum
2856 672 2982 712 eum
3010 656 3307 711 divertisti.

1877 738 1947 793 Et
1980 742 2033 794 in
2070 742 2306 798 inimicis
2341 746 2470 800 meis
2524 746 2761 816 despexit
2809 749 2994 803 oculus
3048 764 3214 801 meus.
3247 747 3383 819 Ani,-

1803 850 1908 889 ma:
1947 834 2208 890 nimirum
2266 838 2465 902 oculis,
2492 853 2555 894 ac
2589 840 2753 893 veluti
2790 841 3079 909 pmpbeta,
3125 838 3382 907 Ziphaeo-

1804 941 1927 979 rum
1981 941 2046 981 ac
2101 925 2283 983 Saulis
2336 928 2617 985 interitum
2656 946 2908 986 cernens.
2957 931 3150 986 Sermo
3200 939 3383 985 autem

1802 1016 2108 1074 defectivus
2154 1028 2260 1083 est,
2311 1030 2365 1076 et
2422 1023 2504 1078 sic
2550 1022 2913 1091 intelligitur:
2946 1022 3154 1080 Oculus
3205 1038 3381 1084 meus.

1804 1108 2002 1177 inquit,
2055 1110 2305 1182 despexit
2365 1129 2430 1169 ac
2490 1114 2627 1168 vidit
2687 1116 2739 1169 in
2797 1112 3040 1169 inimicis
3098 1114 3279 1167 meis:
3316 1127 3381 1166 ea

1806 1202 1988 1255 omnia
2041 1202 2303 1258 nimirum
2352 1222 2474 1275 qua:
2525 1208 2761 1277 optavit,
2797 1208 2878 1262 vel
2924 1223 2985 1261 ea
3031 1207 3213 1260 omnia
3262 1220 3385 1273 qua:

1806 1291 2028 1359 passuri
2061 1301 2230 1359 sunt;
2262 1297 2729 1364 quemadmodum
2767 1298 2931 1353 etiam
2970 1295 3296 1350 tradidimus
3327 1294 3382 1348 in

1810 1380 2026 1449 psalmo
2076 1399 2264 1438 xxxiv.
2325 1386 2514 1439 Eﬂcrri
2577 1387 2753 1474 etiayr
2790 1403 2819 1441 a
2872 1388 3030 1442 nobis
3074 1394 3251 1457 potest
3296 1385 3385 1440 hic

1808 1472 2056 1540 psalmus
2089 1474 2355 1531 adversus
2388 1472 2692 1544 daemones,
2725 1481 2819 1549 qui
2866 1495 2893 1535 a
2926 1481 3036 1534 Deo
3060 1480 3221 1534 alieni
3257 1484 3388 1533 sunt

1810 1572 1869 1616 ut
1899 1564 2129 1623 rebelles
2158 1569 2207 1623 ei
2244 1581 2410 1641 atque
2453 1570 2794 1637 adversarii;
2827 1580 2881 1626 et
2924 1570 3096 1626 fortes
3126 1570 3387 1626 similiter

169 1681 276 1728 sunt
303 1676 361 1727 ad
385 1670 644 1743 patranda
683 1671 892 1728 scelera
957 1680 1218 1741 tanquam
1284 1660 1594 1736 incorporei
1659 1656 1909 1729 spiritus,
1969 1670 2023 1715 et
2079 1671 2341 1733 tanquam
2405 1666 2572 1736 hujus
2632 1667 2797 1720 etiam
2894 1667 3083 1722 mundi
3180 1663 3385 1736 princi-

228 1782 259 1821 ε.

228 1784 259 1821 ε.

173 1784 297 1928 petite
325 1861 382 1915 τὸ
420 1860 590 1926 τέλος
624 1859 695 1913 ἐν
727 1859 962 1928 ὕμνοις,
992 1856 1305 1923 συνέσεως
1329 1855 1409 1921 τῷ
1436 1847 1639 1907 Δαϐίδ.

674 2040 971 2095 ΨΔΛΜΟΣ
1012 2039 1137 2093 NA'.

228 2133 321 2189 Kal.
349 2132 530 2187 τοῦτον
584 2134 863 2202 συνέθηκε
911 2132 1003 2185 τὸν
1050 2132 1287 2202 ψαλμὸν,
1340 2131 1563 2201 φεύγων
1609 2129 1701 2183 τὸν

174 2227 330 2290 Σαοὺλ,
380 2227 469 2281 καὶ
517 2226 838 2296 περιπολῶν
891 2224 990 2295 τὴν
1026 2225 1273 2295 ἔρημονο
1336 2226 1394 2278 ἐν
1428 2226 1541 2287 τοῖς
1578 2222 1701 2275 καθ’

173 2319 325 2371 ἑαυτὸν
366 2318 419 2371 δὲ
447 2318 652 2372 πάθεσι
688 2318 1004 2387 προγράφει
1038 2316 1133 2370 καὶ
1180 2316 1249 2370 τὰ
1303 2314 1396 2369 τοῦ
1435 2315 1699 2384 Χριστοῦ.

174 2413 243 2464 Διὸ
266 2411 346 2464 καὶ
383 2413 465 2476 εις
506 2409 691 2475 τέλος
728 2409 1155 2480 ἐπιγέγραπται,
1193 2409 1288 2462 καὶ
1352 2407 1425 2461 ἐν
1462 2407 1701 2476 ὕμνοις,

174 2505 245 2556 καὶ
293 2503 614 2570 συνέσεως,
649 2498 738 2558 οἶα
766 2504 1160 2575 παραπέμπων
1186 2502 1278 2557 τὸν
1310 2504 1589 2574 ἀκροατὴν
1621 2502 1703 2566 εἰς

174 2596 290 2657 τέλος
312 2595 407 2647 τῶν
440 2596 494 2648 ὲν
527 2594 714 2666 τούτῳ
751 2596 885 2665 περὶ⁴
920 2595 1164 2666 Χριστοῦ
1197 2594 1702 2667 προφητευθέντων,

176 2686 245 2735 καὶ
291 2685 461 2753 ὑμνεῖν
508 2686 607 2739 τὸν
665 2686 735 2740 δι’
773 2687 921 2757 ἡμᾶς
981 2686 1213 2742 τοιαῦτα
1263 2686 1703 2756 καταδεξάμενον

178 2779 596 2848 προτρεπόμενος,
641 2781 737 2833 καὶ
777 2780 918 2850 μετὰ
960 2779 1230 2844 συνόσεως
1276 2780 1445 2847 diu?»
1495 2781 1703 2851 ἀκροᾶ-

176 2866 291 2937 σθαι,
316 2868 393 2924 διὰ
424 2870 481 2924 τὸ
515 2872 991 2943 συνεσκιασμένον
1022 2873 1121 2945 τῆς
1153 2873 1513 2946 προφητείας.

1729 3062 1775 3125 C

238 3133 524 3205 'Erabrmat,
564 3140 605 3194 δ
660 3138 836 3208 Θεὸς,
872 3140 989 3211 τὴν
1038 3144 1398 3213 προσευχήν
1432 3161 1571 3213 μου,
1604 3143 1704 3197 καὶ

172 3225 236 3293 μὴ
262 3230 519 3298 ὑπερίδῃ(-
548 3230 678 3299 τὴν
720 3232 939 3300 δέησίν
966 3251 1111 3303 μου,
1167 3236 1434 3303 πρόσχες
1456 3253 1573 3305 μοι,
1606 3235 1705 3291 καὶ

176 3317 487 3374 εΙσὰκουσόν
518 3340 673 3392 μου.
728 3324 1059 3394 Προείρηται
1111 3328 1246 3396 περὶ
1268 3325 1477 3380 τούτων
1533 3327 1590 3380 ἐν
1628 3327 1704 3397 τῷ

175 3406 365 3479 δευτέρῳ
398 3414 559 3483 στίχῳ
610 3412 707 3466 τοῦ
754 3412 832 3482 νγ¹
862 3415 1107 3486 ψαλμοῦ.
1162 3416 1591 3487 Παρατηρητὲον
1625 3417 1702 3482 δὲ,

177 3498 239 3551 ὅτι
273 3503 296 3553 ὀ
333 3509 399 3566 ις’
425 3504 643 3575 ψαλμδς
668 3506 943 3560 ἀνάπαλιν
971 3506 1085 3577 ἔχει
1123 3508 1261 3578 πρὸς
1293 3509 1387 3562 τὸν
1420 3508 1663 3579 παρόντα
1687 3523 1703 3539 ⁶

177 3592 351 3659 πρῶτον
382 3595 483 3667 γὰρ
531 3600 591 3651 ὲν
651 3598 847 3669 ἐκείνῳ
898 3599 959 3652 τὸ
1009 3598 1422 3665 Εισάκουσον,
1476 3597 1595 3654 εἶτα
1644 3600 1704 3654 τὸ

175 3686 403 3756 Πρόσχες
428 3731 442 3756 ,
483 3692 579 3745 καὶ
634 3692 946 3746 τελευταῖον
976 3693 1037 3747 τὺ
1080 3693 1423 3761 Ἐνὼτισαι,
1460 3694 1533 3757 ὡς
1564 3688 1704 3748 εἶναι

176 3780 370 3850 φανερὰν
392 3782 485 3853 ἤδη
515 3783 623 3855 τὴν
649 3784 972 3855 ἀδιαφορίαν
1001 3786 1100 3856 τῆς
1125 3786 1345 3851 λέξεως.

235 4048 552 4121 Ἕλυπήθην
572 4052 649 4106 ἐν
676 4051 751 4120 τῇ
778 4051 1117 4121 άδολεσχΙᾳ
1141 4071 1281 4122 μου.
1344 4050 1417 4105 Τὸ
1450 4052 1547 4121 τῆς
1582 4053 1706 4107 ἀδο-

172 4140 353 4212 λεσχίας
377 4145 566 4215 ὄνομα,
607 4146 819 4217 κυρίως
857 4146 981 4217 μὲν,
1019 4146 1113 4199 ἐπὶ
1144 4146 1245 4214 τῆς
1272 4146 1544 4217 φλυαρίας
1578 4147 1709 4201 τάτ-

170 4250 308 4289 τεται.
340 4237 618 4307 Δαμϐάνει
645 4238 702 4291 δὲ
745 4237 906 4291 τοῦτο
936 4237 1200 4304 πολλάκις
1232 4242 1261 4292 ὁ
1287 4242 1575 4312 προφήτης
1613 4242 1707 4294 καὶ

170 4326 243 4377 ἐπὶ
265 4326 352 4396 τῆς
378 4330 639 4401 συνεχοῦς
696 4330 1122 4401 ἐμμελετήσεως
1142 4370 1159 4397 ,
1188 4330 1264 4395 ὡς
1296 4333 1358 4385 τό
1376 4348 1389 4361 ο
1419 4330 1528 4386 Καὶ
1559 4330 1703 4400 ἠδο-

169 4418 400 4489 λέσχουν
437 4399 664 4491 ἐνητοῖς
693 4399 1053 4492 δικαιώμάσί
1081 4439 1223 4490 σου,
1273 4423 1548 4491 τουτέστι,
1579 4399 1706 4495 με·
1736 4399 1779 4454 D

170 4508 307 4564 λέτων
334 4516 386 4567 ὲν
415 4514 492 4583 τῷ
525 4516 680 4585 νόμῳ
718 4532 837 4570 σου.
871 4517 982 4569 Καὶ
1017 4513 1111 4570 νῦν
1141 4510 1234 4570 οὗν
1291 4516 1493 4586 ὁμοίως
1515 4518 1701 4587 φησὶν,

170 4608 236 4660 ὅτι
280 4610 580 4683 Ἐλυπήοην
623 4616 681 4666 ὲν
708 4616 775 4683 τῇ
796 4610 1001 4686 μελέτῃ
1036 4632 1159 4683 μου,
1185 4617 1251 4686 τῇ
1288 4616 1417 4685 περὶ
1452 4613 1546 4666 τοῦ
1589 4614 1706 4677 πῶς

172 4700 221 4750 ἂν
258 4702 462 4771 ἐκφύγω
494 4704 594 4768 τὰς
629 4703 929 4767 ἐπιϐουλὰς
959 4705 1069 4758 τῶν
1117 4705 1333 4776 ἐχθρῶν
1354 4722 1368 4738 ο
1425 4704 1705 4776 ἐλυπήθην

170 4788 230 4855 δὲ,
264 4794 327 4862 μὴ
355 4795 625 4867 εὑρίσκων
668 4796 946 4867 μηχανήν.
982 4796 1341 4866 Δαμὸἀνεται
1386 4795 1443 4849 δὲ
1474 4797 1569 4849 καὶ
1612 4796 1707 4849 ἐπὶ

169 4882 244 4936 τοῦ
272 4888 401 4941 κατὰ
450 4889 580 4945 Θέαν
653 4887 1056 4960 μετεωρισμοῦ,
1108 4888 1183 4951 ὼς
1244 4889 1338 4941 τόο
1416 4887 1707 4955 Ἐξῆλθεν

179 4970 355 5031 Ἰσαὰκ
400 4980 514 5053 {89)
545 4980 968 5051 MolecinO'at
993 4981 1079 5048 εἰς
1104 4980 1169 5034 τὸ
1193 4979 1426 5043 πεδίον,
1449 4978 1516 5031 τὸ
1555 4977 1707 5044 πρὸς

169 5062 363 5135 δείλης,

1744 1850 1783 1906 Β

2055 1846 2120 1901 In
2148 1848 2302 1917 ﬁnem
2344 1851 2399 1903 in
2421 1851 2628 1920 hymnis
2660 1852 3023 1923 intelligentia:
3050 1851 3154 1919 ipsi

2496 1946 2688 2003 David.

2358 2038 2679 2096 PSALMUS
2720 2038 2854 2095 LIV.

1879 2126 2035 2183 llunc
2078 2129 2345 2199 psalmum
2399 2131 2519 2199 pari
2583 2130 2747 2186 modo
2797 2132 3131 2202 conscripsit
3184 2132 3379 2187 beatus

1806 2218 1998 2283 David,
2028 2236 2151 2276 cum
2186 2221 2404 2277 Saulom
2444 2222 2673 2292 fugeret,
2702 2234 2755 2279 et
2790 2224 3156 2294 uagabundus
3187 2224 3241 2279 in
3265 2240 3388 2281 cre-

1806 2328 1895 2368 mo
1930 2312 2335 2369 diversaretur.
2368 2315 2593 2377 Verum,
2631 2315 2759 2369 dum
2812 2318 3062 2386 proprias
3095 2317 3384 2385 passiones

1806 2413 1995 2460 narrat
2045 2403 2352 2476 Propheta;
2383 2408 2794 2477 quodammodo
2851 2408 3058 2463 Christi
3095 2409 3386 2477 passiones

1806 2496 2098 2554 describit.
2138 2498 2319 2569 Atque
2348 2498 2471 2555 ideo
2494 2501 2551 2553 in
2572 2500 2731 2568 ﬁnem
2762 2500 3104 2561 inscribitur,
3144 2501 3196 2553 in
3229 2500 3385 2569 Itym-

1808 2589 1915 2655 nia,
1950 2596 2006 2644 et
2052 2589 2446 2661 intelligentite.
2490 2592 2821 2648 Auditorem
2866 2593 3015 2647 enim
3065 2594 3133 2647 ad
3189 2608 3381 2647 eorum

1808 2682 1972 2737 linem
2006 2685 2256 2751 remittit,
2284 2700 2409 2755 quae
2441 2686 2507 2741 de
2536 2685 2760 2742 Christo
2786 2686 2876 2741 hic
2918 2686 3179 2756 pradicta
3202 2694 3335 2741 sunt
3364 2699 3379 2738 :

1807 2774 2112 2845 suadetque
2166 2784 2221 2832 et
2266 2778 2523 2832 hortatur
2570 2793 2670 2833 nos
2692 2777 2765 2831 ad
2819 2778 2966 2834 illius
3027 2778 3239 2841 laudes,
3287 2779 3385 2846 qui

1809 2876 2043 2937 propter
2077 2885 2178 2925 nos
2211 2876 2395 2924 tantas
2426 2870 2713 2939 passiones
2737 2868 3030 2924 sustinuit.
3061 2867 3197 2922 Cum
3221 2866 3387 2920 intel-

1819 2958 2047 3027 ligentia
2081 2960 2245 3013 etiam
2274 2958 2458 3012 omnia
2489 2959 2603 3014 haec
2625 2958 2804 3013 audiri
2835 2957 3117 3022 admonet,
3156 2963 3384 3027 propter

1808 3050 2057 3105 umbram
2104 3058 2271 3118 atque
2288 3052 2676 3106 obscuritatem
2707 3051 3032 3120 prOphetiar.

1879 3143 2047 3199 Vsus.
2092 3143 2148 3210 2,
2183 3145 2238 3198 5.
2275 3143 2509 3197 Auribus
2563 3144 2797 3212 percipe,
2852 3142 3017 3208 Deus,
3086 3141 3383 3195 orationem

1809 3253 2002 3300 meum,
2037 3245 2085 3290 et
2137 3252 2202 3290 ne
2254 3236 2556 3301 despexeris
2592 3235 3022 3304 deprecationem
3072 3248 3268 3295 meam,
3301 3231 3386 3285 in-

1809 3334 1958 3383 tende
2008 3328 2139 3381 mihi
2183 3337 2233 3381 et
2278 3327 2481 3381 exaudi
2525 3343 2627 3381 me.
2692 3324 3027 3394 Hujusmodi
3073 3324 3262 3387 verba,
3318 3336 3383 3375 ac

1786 3423 2140 3489 sententiam
2189 3421 2547 3489 exposuimus
2587 3419 2844 3489 superius
2884 3420 2936 3471 in
2975 3415 3222 3472 secundo
3261 3428 3380 3467 ver-

1808 3516 1985 3571 siculo
2021 3515 2221 3585 psalmi
2265 3530 2387 3568 LIII.
2420 3511 2836 3569 Observandqu
2861 3519 2946 3567 est
2999 3519 3203 3573 tamen,
3234 3506 3380 3577 quod

1810 3608 1862 3662 in
1900 3608 2110 3675 psalmo
2132 3622 2221 3661 xvt
2250 3605 2395 3660 alius
2423 3620 2486 3659 ac
2514 3604 2768 3659 diversus
2785 3613 2872 3659 est
2899 3603 3191 3659 verborum
3221 3598 3380 3661 ordo,

1809 3709 1974 3768 atque
2024 3697 2119 3753 hic
2180 3697 2431 3752 habetur.
2495 3695 2655 3750 Prius
2708 3696 2860 3750 enim
2932 3696 3005 3749 ibi
3075 3692 3299 3762 ponitur
3357 3708 3371 3745 :

1814 3791 2047 3855 Exaudi,
2071 3790 2291 3855 deinde,
2318 3787 2563 3854 Intende,
2585 3799 2642 3845 et
2664 3780 2945 3860 postreino
2968 3788 3125 3841 loco:
3155 3782 3385 3838 Auribus

1809 3886 2059 3953 percipe;
2095 3884 2168 3937 ita
2201 3892 2262 3937 ut
2299 3881 2594 3937 manifeste
2625 3889 2810 3951 pateat
2854 3879 3058 3935 nullam
3084 3892 3209 3934 esse
3241 3874 3383 3946 apud

1807 3974 2137 4044 Prophetam
2164 3975 2359 4028 harum
2379 3973 2681 4028 dictionum
2713 3971 3100 4027 dill‘erentiam.

1882 4065 2248 4119 Contrislatus
2288 4079 2406 4117 sum
2439 4064 2493 4117 in
2530 4061 2878 4117 meditatione
2905 4075 3044 4114 mea.
3084 4056 3240 4123 Quod
3279 4052 3385 4107 [.a-

1811 4159 1921 4214 tiue
1948 4158 2039 4211 hic
2066 4157 2477 4213 meditationem
2502 4155 2754 4226 legimus,
2788 4154 2977 4210 Graece
3004 4152 3239 4205 habetur
3254 4147 3385 4202 ἀδο-

1819 4246 2167 4315 lsoxia,qua§
2212 4243 2383 4299 dictio
2424 4238 3385 4311 propriequidemnugacitatem.seu

1814 4336 1899 4410 [ut
1923 4337 2012 4390 alii
2040 4334 2265 4406 propius
2292 4333 2419 4387 huic
2458 4333 2646 4387 sensui
2674 4326 3057 4398 reddiderunt]
3089 4323 3390 4395 argutatio-

1810 4444 1934 4484 nem
1956 4425 2253 4497 signiﬁcat,
2274 4432 2327 4479 et
2354 4422 2497 4492 apud
2525 4421 2851 4491 Prophetam
2874 4426 3127 4472 nostrum
3142 4427 3392 4484 saepenu-

1809 4532 1961 4573 mero
1979 4531 2075 4585 pro
2096 4515 2318 4570 assidua
2345 4512 2696 4567 meditatione
2713 4508 2984 4579 reperitur
3005 4527 3020 4561 :
3042 4506 3199 4576 juxta
3240 4502 3387 4572 quod

1808 4609 1936 4663 alibi
1965 4607 2137 4661 dicit:
2186 4603 2254 4658 Et
2287 4604 2585 4657 meditabar
2626 4603 2682 4655 in
2711 4598 3182 4669 iustificationibns
3215 4595 3317 4649 tuis
3341 4595 3386 4649 '.

1808 4701 1965 4774 [Nam
1983 4698 2129 4770 quod
2150 4699 2246 4760 ait,
2270 4697 2585 4762 meditabar,
2602 4696 2792 4752 Grmcc
2806 4684 3389 4763 Ιοείιιιτὴδολέσχουν.]

1806 4791 2187 4848 Contristatus
2225 4804 2373 4855 sum,
2408 4788 2611 4859 inquit,
2646 4789 2699 4841 in
2731 4786 3087 4841 meditatione
3120 4796 3262 4846 mea,
3285 4794 3382 4834 co-

1806 4884 2031 4959 gitando
2062 4898 2301 4954 quonam
2343 4890 2500 4952 pacto
2532 4883 2742 4938 evitare
2772 4894 2991 4952 possem
3038 4877 3385 4932 inimicorum

1808 4978 2038 5035 insidias
2071 4995 2086 5032 :
2124 4989 2365 5046 cumque
2392 4974 2597 5029 nullam
2623 4983 2820 5039 artem,
2847 4982 2941 5027 aut
2970 4970 3261 5026 consilium
3296 4980 3387 5018 re-

1814 5070 2073 5140 perirem,
2118 5068 2483 5122 contristatus
2540 5080 2685 5121 sum.
2740 5062 3054 5131 ⁹Λδολεσχία
3092 5060 3254 5114 etiam
3286 5069 3386 5125 pro

169 5164 436 5225 sablimiori
464 5170 561 5225 illa
589 5185 653 5225 ae
686 5168 947 5225 diviniori
982 5168 1448 5238 contemplatione
1514 5166 1818 5236 accipitur,
1867 5166 2023 5234 juxta
2056 5165 2187 5220 illud
2226 5184 2240 5221 :
2282 5163 2462 5218 Exivit
2492 5160 2714 5224 Isaach,
2785 5170 2843 5214 ut
2911 5156 3261 5210 meditaretur
3327 5151 3382 5203 in

170 5273 296 5321 agro,
344 5262 627 5318 inclinante
672 5264 784 5328 iam
825 5262 909 5317 die
936 5262 957 5293 ⁸
996 5260 1071 5332 [in
1098 5260 1288 5315 Grazco
1310 5260 1456 5314 enim
1512 5260 1701 5313 eadem
1744 5259 1984 5315 dictione
2018 5258 2090 5312 ibi
2124 5259 2456 5329 Prophetam
2488 5270 2650 5312 usum
2680 5249 2959 5322 videmus]

225 5356 319 5409 Kal
359 5357 687 5426 ἐταράχθην
714 5358 833 5412 ἀπὸ
878 5355 1085 5426 φωνῆς
1130 5355 1382 5425 ἐχθροῦ.
1437 5354 1534 5409 καὶ
1581 5355 1699 5409 ἀπὸ

169 5440 400 5509 θλίψεως
429 5445 804 5513 ἀραρτωλοῦ.
856 5446 962 5499 Τὸν
994 5444 1169 5498 Σαοὺλ
1215 5444 1475 5515 ὀνομάζει
1504 5445 1701 5515 ἐχυρὸν

228 5616 244 5644 ⁷
281 5617 414 5674 Psal.
471 5637 653 5691 cxvsu,
692 5625 779 5678 47.
862 5628 878 5651 ’³
915 5625 1051 5681 Gcn.
1089 5642 1236 5696 xxiv,
1271 5633 1357 5687 65.

1890 5352 1956 5408 Ει
1990 5352 2235 5407 turbatus
2272 5370 2387 5407 sunt
2418 5371 2450 5405 a
2485 5368 2605 5407 voce
2647 5347 2873 5411 inimici,
2906 5356 2953 5399 et
2982 5361 3013 5397 a
3040 5341 3385 5397 tribulatione

1813 5449 2126 5514 peccatoris.
2187 5444 2476 5502 Inimicum
2537 5443 2760 5499 Saulcm
2805 5438 3064 5510 appellat,
3117 5444 3380 5507 tanquam

1484 5703 1679 5783 Variis
1724 5722 2047 5784 lectiones.

234 5810 331 5881 (89)
360 5812 437 5869 ΔΙ.
482 5815 750 5893 ’Δεραάξμ
