3774 6548
97 472 178 532 577

1186 455 1575 516 COMMENT.
1619 455 1698 514 ΙΝ
1739 455 2106 519 PSALMOS.

3177 461 3286 522 δ’ἴῆ

96 588 214 647 λέγει
269 577 358 648 τὴν
419 569 748 642 σφοδρότητα
817 570 912 624 καὶ
983 569 1154 642 ζάλην
1220 569 1329 624 τῶν
1411 587 1606 640 πειρα-

1774 578 1984 624 :statem
2010 585 2139 626 vero
2177 570 2551 628 vehementem
2594 574 2960 628 tentationum
2990 574 3284 642 procellam

99 691 244 730 ςαων.

123 729 577 822 ῐΚαταπόντισον,
602 756 799 823 Κύριε,
824 757 918 809 καὶ
948 755 1263 810 καταδιελε
1290 755 1398 821 τὰς
1415 756 1611 825 γλώσ-

97 878 188 924 σας
212 856 407 910 αὐτῶν.
440 830 509 902 Th
541 847 665 918 ἑξῆς
701 847 844 901 κατά
865 848 973 899 τῶν
1012 846 1306 912 Ἰουδαίων,
1335 848 1432 900 καὶ
1483 848 1611 920 περὶ

95 946 309 1021 Χριστοῦ.
332 940 754 1003 Καταπόντισον,
784 939 972 1009 φησιν,
1009 933 1052 991 ὦ
1079 939 1281 1010 Κύριε,
1310 942 1408 1003 τὰς
1435 940 1611 1006 γλώσο

97 1061 172 1104 σας
195 1037 352 1093 αὐτῶν
381 1077 396 1102 ,
426 1033 522 1095 τὰς
553 1032 772 1101 βλασφη
782 1031 989 1100 μούσας
1023 1032 1115 1084 τὸν
1155 1032 1246 1084 σὺν
1274 1033 1420 1097 Υἰὸν,
1449 1050 1608 1085 τουτί

93 1136 202 1196 ἐστι,
227 1129 447 1199 βύθισον,
480 1123 844 1188 ὲναποπνίξας
874 1123 950 1194 τῷ
982 1123 1135 1193 βάθει
1159 1123 1252 1176 τοῦ
1275 1125 1606 1195 πνεύματος.

93 1227 165 1277 uti.
192 1217 444 1274 καταδίελε
467 1215 657 1277 αὑτὰς,
687 1215 918 1287 ποιήσας
937 1213 1300 1285 ἀσυμφώνους
1325 1215 1605 1283 ἀλλήλαις,

90 1317 146 1377 ὡς
175 1311 349 1381 μηκέτι
375 1306 628 1360 δύνασθαι
657 1307 1062 1360 συσκὲπτεσοαι
1110 1309 1251 1362 κατά
1289 1307 1382 1361 τοῦ
1422 1309 1608 1378 Σωτῆ-

94 1425 178 1477 ρος.
214 1407 267 1457 Ἃ
302 1400 360 1472 δὴ
409 1400 503 1454 καὶ
546 1399 879 1455 πεπόνθασιν
929 1400 1176 1474 ὕστερον,
1213 1401 1608 1473 διαφθαρέντες

92 1502 172 1556 ὑπό
205 1498 485 1570 Ῥωμαίων.

141 1683 246 1734 Ὀτι
267 1675 417 1733 εἶδον
452 1677 715 1748 ἀνομίαν
777 1680 873 1734 καὶ
927 1682 1277 1751 ἀντιλογίαν
1298 1684 1369 1737 ἐν
1392 1682 1466 1751 τῇ
1501 1686 1608 1736 πό-

88 1779 173 1829 λει.
199 1772 344 1838 Διότι,
372 1771 560 1841 φησὶν,
596 1769 736 1826 ε’δον
768 1775 882 1836 τοῖς
908 1779 1272 1844 προφητικοίς
1303 1777 1610 1847 ὀφθαλμοῖς

88 1869 198 1935 ini;
230 1864 368 1916 πόλει
409 1864 791 1935 Ἰερουσαλὴμ,
826 1867 1058 1936 ἀνομίαν
1084 1869 1206 1937 μὲν,
1238 1868 1320 1921 ὅτι
1367 1869 1607 1938 παρανό-

1716 661 1992 730 intelligit.

1791 751 1955 806 Vnus.
1991 752 2076 807 10.
2109 752 2382 823 Denter-ge,
2408 753 2645 821 Domine,
2675 766 2723 808 et
2753 757 2923 809 divide
2954 757 3164 826 linguas
3195 776 3285 813 ea-

1715 857 1854 894 rum.
1881 840 2012 906 Quae
2041 853 2352 912 sequuntur
2392 842 2659 900 adversus
2700 846 2926 901 Jmlacos
2955 848 3102 901 dicta
3135 861 3284 916 sunt,

1713 931 1858 986 etde
1892 931 2130 987 Christo.
2167 933 2453 1004 Demerge,
2483 935 2685 1004 inquit,
2713 951 2744 989 ο
2776 938 3028 1004 Domine,
3066 940 3283 1009 linguas

1713 1039 1929 1090 eorum,
1978 1025 2072 1096 qui
2109 1026 2308 1080 Filium
2365 1037 2515 1081 tuum
2576 1028 2980 1098 blasphetuant.
3023 1030 3286 1102 Demerge

1713 1131 1892 1177 autem
1930 1141 2022 1180 eas
2057 1125 2293 1196 linguas,
2322 1125 2428 1180 hoc
2461 1136 2568 1191 est,
2625 1127 2782 1181 mitte
2835 1128 2890 1182 in
2922 1130 3283 1198 profundum.

1713 1215 1797 1269 fac
1826 1217 1945 1272 illas
1976 1218 2027 1272 in
2065 1219 2339 1289 profundo
2366 1221 2574 1290 proprii
2624 1221 2868 1290 gutturis
2899 1221 3155 1277 suil‘ocari
3185 1240 3200 1289 ;
3232 1232 3286 1278 et

1712 1309 1894 1364 divide
1923 1327 2037 1376 eas,
2060 1311 2355 1368 faciensne
2384 1313 2752 1384 unalamplius
2777 1316 2832 1370 in
2875 1317 3124 1370 eamdem
3157 1332 3287 1371 sen-

1712 1402 1936 1454 tentiam
1973 1404 2332 1471 conveniant,
2371 1405 2507 1460 adeo
2550 1415 2611 1460 ut
2653 1407 2922 1462 adversus
2950 1407 3283 1464 Salvatorem

1711 1490 1779 1544 de
1829 1501 2028 1546 caetero
2059 1493 2378 1562 conspirare
2408 1510 2516 1548 non
2570 1497 2809 1552 valeant.
2844 1498 2996 1562 Quod
3028 1513 3162 1554 sane
3205 1501 3286 1554 eis

1713 1585 1936 1650 accidit,
1972 1594 2264 1654 postquam
2304 1602 2333 1641 a
2359 1586 2626 1646 Romanis
2663 1589 2824 1646 deleti
2851 1602 3001 1646 sunt.

1784 1672 2048 1735 Quoniam
2080 1675 2188 1729 ridi
2232 1677 2568 1747 iniquitatem
2640 1688 2691 1732 et
2731 1682 3202 1737 contradictionem
3231 1684 3288 1737 in

1713 1768 1940 1822 civitate.
1969 1767 2238 1834 Quoniam
2294 1772 2652 1840 propheticis.
2717 1775 2914 1844 inquit,
2975 1791 3076 1846 ego
3108 1777 3284 1834 oculis

1715 1855 1823 1910 'vidi
1859 1858 1911 1911 in
1963 1859 2188 1914 civitate
2241 1858 2544 1918 Jerusalem
2580 1882 2596 1920 :
2633 1865 2980 1935 iniquitatem
3039 1868 3284 1938 quidem,

91 1919 198 2026 ita):
230 1957 438 2027 ἐζήτουν
483 1919 496 1932 ⁸
523 1919 745 2010 ἀνελεῖνΙ
779 1919 883 2012 ’τὸν
927 1919 1206 2030 ’ἀρχηιγὸνΙ
1235 1963 1337 2030 τῆς
1395 1919 1541 2032 Curi};
1588 1979 1601 1993 '

2584 1919 2641 1920 κγ
2731 1919 2744 1935 .
2842 1919 2862 1920 η
3046 1919 3284 1938 rem.

1774 1963 1838 2000 Im
1867 1947 2048 2017 inique
2071 1964 2154 2003 me
2181 1950 2304 2004 vitae
2326 1960 2605 2008 auctorem
2633 1956 2920 2010 studerent
2948 1957 3284 2023 interimere,

89 2050 379 2119 ἀντιλογίαν
432 2048 515 2112 δὲ,
553 2047 633 2103 ὅτι
669 2050 960 2122 ἀντέλεγον
991 2052 1162 2124 αὐτῷ,
1203 2053 1510 2108 διδάσκοντι
1539 2055 1610 2110 τὰ

91 2144 300 2212 σωτήρια.

147 2233 357 2302 Ἡμέρας
408 2234 512 2287 καὶ
574 2235 794 2302 νυκτὸς
828 2236 1131 2292 κυκλώσει
1157 2239 1372 2304 αὐτὴν,
1407 2238 1506 2292 ἐπὶ
1537 2239 1610 2294 τὰ

89 2327 214 2395 τείχη
259 2325 452 2396 αὐτῆς.
489 2329 746 2399 Ἠμέρας
801 2330 895 2382 καὶ
949 2330 1142 2394 νυκτὸς
1175 2331 1386 2398 συνέξει
1413 2333 1607 2404 αὐτὴν,

88 2420 179 2470 ἀντὶ
221 2419 319 2484 τοῦ,
365 2421 454 2471 ἐπὶ
509 2420 671 2488 πολὺ,
707 2421 743 2493 ἡ
790 2422 1012 2491 ἀνομία,
1063 2424 1230 2493 ῆτουν
1266 2427 1604 2496 παρανομία,

90 2510 214 2581 μέχρι
260 2512 343 2563 καὶ
388 2510 501 2565 τῶν
560 2513 760 2584 τειχῶν
795 2514 990 2585 αὐτῆς,
1045 2517 1330 2571 τουτέστιν
1352 2519 1482 2589 ὃλην
1512 2519 1610 2590 τὴν

90 2603 223 2656 πάλιν.
247 2604 473 2656 Τοιοῦτοι
502 2605 619 2676 γὰρ
647 2609 693 2660 οξ
739 2607 990 2662 Ἰουδαῖοι
1032 2611 1126 2664 καὶ
1152 2611 1296 2679 μετὰ
1321 2612 1420 2682 τὴν
1454 2613 1607 2666 ἀναί-

91 2713 203 2762 ρεσιν
226 2696 307 2750 τοῦ
328 2699 574 2767 Χριστοῦ
605 2701 1006 2772 μεμενήκασιν,
1058 2702 1219 2771 ἄχρις
1246 2702 1313 2756 ἂν
1343 2706 1608 2776 ἐπιστρα-

88 2789 336 2842 τευσάντων
383 2790 580 2855 αὐτοῖς
646 2791 938 2863 Ῥωμαίων
989 2794 1340 2868 πανωλεθρίᾳ
1390 2797 1612 2868 διειρθά-

87 2897 237 2948 βησαν.

135 2971 220 3023 Καὶ
265 2973 468 3042 ἀνομία
541 2975 641 3029 καὶ
685 2977 871 3043 πόνος
925 2978 995 3031 ἐν
1045 2979 1214 3049 μέσῳ
1259 2980 1471 3051 αὐτῆς.
1508 3000 1608 3038 και

81 3060 257 3115 ἀδικία.
308 3063 467 3118 Πάλιν
524 3066 975 3136 ἐπαναλαμϐάνει
1024 3067 1121 3138 τὴν
1167 3071 1431 3140 ἀνομίαν,
1482 3073 1608 3125 ἐπι-

87 3150 332 3223 μονώτερον
375 3155 662 3228 διασύρων
711 3159 930 3222 αὐτοὺς,
990 3161 1073 3214 ὅτι
1140 3163 1285 3216 κατὰ
1319 3163 1484 3233 νόμον
1508 3165 1610 3236 ζῇν

85 3242 339 3311 αὕχοῦντες,
361 3249 726 3319 παρηνόμουν
757 3249 864 3306 ἀεί.
890 3250 1075 3306 Εἰπὼν
1104 3253 1182 3320 δὲ,
1213 3256 1294 3308 ὅτι
1329 3257 1602 3312 κυκλώσει
1634 3263 1679 3321 C

85 3334 213 3405 αὐτὴν
240 3336 355 3407 ἄχρι
378 3339 484 3391 τῶν
548 3339 745 3409 τειχῶν
781 3342 814 3410 ἠ
860 3345 1197 3414 παρανομία,
1250 3345 1493 3401 διδάσκει
1523 3349 1604 3403 ὅτι

82 3426 173 3478 οὐδὲ
196 3427 246 3481 τὸ
281 3431 435 3499 μέσον
460 3431 572 3500 τῆς
607 3431 814 3495 πόλεως
849 3435 1159 3501 ἀνθέξεται,
1190 3437 1306 3490 ἀλλ’
1367 3442 1426 3492 ἐν
1450 3442 1604 3510 μέσῳ

82 3518 228 3572 ἔσται·
252 3540 566 3593 παρανομια
630 3525 749 3596 μὲν,
787 3529 844 3580 ὲν
875 3531 994 3590 ταῖς
1043 3531 1285 3597 κρίσεσι·
1325 3532 1493 3596 κόπος
1523 3535 1602 3603 δὲ,

81 3612 124 3660 ἐν
145 3614 240 3674 ταῖς
287 3614 422 3668 κατὰ
475 3615 597 3669 τῶν
620 3618 879 3672 ἀναιτίων
913 3623 1184 3691 μηχαναῖς
1216 3624 1310 3676 καὶ
1344 3628 1566 3690 σκευαῖς
1586 3643 1602 3660 σ

81 3703 224 3758 ἀδικία
239 3705 310 3771 δὲ,
339 3708 396 3761 ἐν
415 3711 549 3771 ταῖς
587 3709 939 3775 πλεονεξίαις.

126 3969 214 4021 Καὶ
239 3971 340 4023 οὐκ
367 3970 660 4035 ἐξέλιπεν
686 3973 755 4025 ἐκ
788 3973 909 4026 τῶν
952 3975 1258 4030 πλατειῶν
1281 3977 1474 4045 αὐτῆς
1507 3982 1604 4034 τό·

74 4073 153 4122 κος
169 4060 251 4112 καὶ
281 4061 478 4127 δόλος.
537 4062 626 4115 Ἐν
649 4063 796 4135 πάσῃ
831 4065 982 4119 πόλει
1023 4069 1116 4120 καὶ
1165 4068 1419 4123 πλατεῖαι
1470 4073 1607 4126 εἰσιν

73 4148 171 4214 ὁδλὶ,
215 4154 301 4204 καὶ
345 4155 663 4208 στενωποί·
735 4159 832 4210 καὶ
891 4157 1148 4212 πλατεῖαι
1206 4159 1326 4228 μὲν,
1369 4163 1426 4214 ai
1468 4163 1608 4234 πρὸς

73 4237 266 4306 ἄμαξαν,
291 4243 352 4306 ἃς
375 4244 619 4314 λέγομεν
678 4245 936 4317 ἐξαέρους
966 4264 980 4278 ·
1010 4250 1274 4302 στενωποὶ
1299 4251 1379 4314 δὲ,
1411 4254 1466 4306 αἱ
1497 4255 1606 4307 τῶν

71 4330 291 4398 ἐμὸὁλων.
325 4335 435 4399 Τὰς
469 4337 738 4402 πλατείας
769 4338 861 4393 οὖν
891 4340 1082 4394 ἔλαϐεν
1105 4343 1357 4410 ἐνταῦθα,
1383 4345 1518 4400 διότι
1548 4351 1606 4400 ὲν

67 4424 158 4482 ταῖς
190 4425 462 4490 πλατείαις
523 4423 663 4497 ἦσαν
703 4428 760 4482 αἱ
794 4431 995 4500 ἀγοραὶ
1075 4435 1172 4486 καὶ
1231 4436 1342 4504 (9i)
1374 4438 1443 4489 τὰ
1462 4437 1604 4508 σύμ-

69 4510 198 4562 ίολαο
254 4517 411 4570 τόκον
453 4519 558 4587 μὲν
601 4513 778 4584 εἶπεν,
821 4521 903 4573 ὅτι
936 4521 1185 4588 ἐτύκιζον
1223 4525 1602 4593 λανθάνοντες,

1712 2040 2199 2096 contradictionem
2237 2044 2529 2107 vero,dum
2561 2047 2924 2104 saluberrima
2951 2049 3167 2105 docenti
3194 2050 3289 2106 ad-

1711 2143 2085 2190 versarentur.
2441 2209 2447 2216 .

1781 2224 1945 2280 Vens.
1964 2226 1982 2278 l
2000 2227 2047 2279 1.
2067 2226 2161 2282 Die
2184 2245 2248 2282 ac
2279 2239 2426 2285 nocte
2439 2231 2789 2286 circumdabit
2809 2250 2926 2288 eam
2943 2252 3098 2306 super
3111 2253 3288 2290 muros

1711 2317 1843 2386 ejus.
1877 2317 1974 2374 Die
1997 2330 2254 2387 acuocte,
2294 2324 2492 2392 inquit,
2522 2325 2809 2394 iniquitas,
2840 2343 3002 2396 quam
3023 2329 3287 2391 diximus,

1712 2424 1828 2462 eam
1854 2411 2131 2465 civitatem
2170 2429 2345 2484 usque
2382 2415 2448 2468 ad
2482 2432 2669 2473 muros
2692 2419 3017 2475 continebit.
3050 2421 3288 2492 Iniquis-

1711 2499 1833 2554 simi
1860 2502 2043 2571 itaque
2085 2502 2312 2560 fuerunt
2341 2505 2515 2563 Judaei
2547 2509 2711 2564 etiam
2738 2520 2862 2579 post
2893 2512 3100 2569 Christi
3137 2527 3289 2568 mor.-

1713 2598 1846 2657 tem,
1878 2591 2054 2647 donec
2085 2593 2341 2664 Romani,
2382 2599 2550 2654 misso
2596 2601 2844 2656 exercitu
2907 2617 3006 2659 eos
3059 2618 3288 2674 prorsus

1711 2682 2072 2754 dissiparunt.

1790 2950 1852 3004 Et
1877 2953 2152 3022 iniquitas,
2187 2966 2233 3009 et
2260 2955 2412 3009 labor
2446 2957 2500 3011 in
2529 2959 2698 3013 medio
2733 2959 2873 3028 ejus,
2918 2970 2968 3015 et
2999 2961 3288 3030 injustitia.

1711 3040 1925 3100 Rursus
1961 3046 2302 3113 iniquitate‘in
2323 3063 2513 3104 eorum
2549 3054 2878 3122 exprobrat,
2922 3055 3047 3111 illos
3074 3073 3140 3113 eo
3167 3075 3284 3114 ma-

1712 3135 1795 3203 gis
1841 3135 2206 3204 redarguens,
2259 3155 2389 3208 quo,
2431 3157 2556 3195 cum
2611 3145 2793 3200 vivere
2822 3161 2881 3202 se
2921 3149 3290 3216 gloriarentur

1712 3227 2010 3281 secundum
2039 3228 2231 3299 legem,
2281 3230 2470 3301 iniqua
2500 3248 2715 3305 semper
2742 3241 2914 3309 magis
2940 3242 3202 3310 agebant;
3236 3253 3290 3300 et

1713 3332 1839 3371 cum
1867 3318 2089 3384 dixerit,
2132 3323 2278 3390 quod
2325 3323 2589 3394 iniquitas
2633 3341 2752 3381 eam
2795 3330 3160 3388 circumdabit
3195 3351 3289 3390 us-

1713 3425 1822 3480 que
1851 3411 1919 3465 ad
1947 3418 2159 3477 muros,
2189 3414 2354 3470 docet
2387 3419 2664 3482 quomodo
2685 3421 2776 3475 illa
2812 3423 3001 3479 eadem
3034 3441 3144 3479 non
3173 3425 3288 3482 dis-

1713 3504 1870 3559 cedet
1895 3517 1926 3557 a
1963 3505 2145 3559 medio
2171 3505 2425 3573 civitatis,
2449 3511 2582 3579 quin
2610 3515 2720 3567 imo
2751 3513 2862 3571 illic
2884 3515 3137 3572 similiter
3166 3533 3290 3588 per-

1715 3599 1958 3653 manebit
2001 3598 2310 3668 :iniquitas
2361 3603 2578 3671 quidem
2625 3614 2881 3661 versatur
2934 3613 2989 3661 in
3040 3609 3286 3678 judiciis,

1715 3689 1872 3744 labor
1897 3698 2084 3746 autem
2125 3692 2178 3745 in
2209 3692 2426 3750 insidiis
2485 3705 2539 3750 et
2590 3699 3119 3768 machinationibus,
3152 3719 3290 3772 quas

1715 3781 1978 3838 adversus
2012 3782 2335 3840 innocentes
2369 3787 2676 3843 moliuntur
2709 3807 2724 3844 :
2766 3791 3042 3861 iniustitia
3067 3810 3199 3850 vero
3234 3797 3289 3851 in

1715 3873 1940 3926 avaritia
2002 3882 2170 3945 atque
2200 3892 2390 3932 amore
2421 3880 2546 3947 plus
2575 3883 2910 3951 possidendi.

1725 4006 1732 4012 .
1788 3961 1956 4020 Vens.
1998 3965 2082 4020 12.
2120 3965 2188 4020 Et
2221 3983 2326 4022 non
2355 3969 2544 4036 defecit
2569 3971 2634 4025 de
2658 3975 2850 4042 plateis
2883 3975 3000 4044 ejus
3025 3993 3191 4031 usura
3242 3989 3293 4032 et

1715 4055 1891 4110 dolus.
1929 4057 1985 4111 ln
2021 4059 2172 4112 omni
2237 4059 2458 4117 civitate
2509 4063 2638 4120 lata:
2691 4067 2943 4134 quaedam
3001 4070 3102 4124 viae
3141 4081 3291 4138 sunt,

1715 4162 1838 4216 quae
1869 4146 2061 4216 plateae
2079 4149 2385 4211 dicuntur;
2427 4163 2559 4209 sunt
2588 4165 2644 4210 et
2673 4158 2794 4212 alia;
2824 4162 3195 4230 angustiores.
3228 4165 3292 4217 Et

1715 4252 1812 4306 per
1831 4237 2040 4307 plateas
2059 4240 2279 4309 quidem
2309 4257 2506 4300 currus
2541 4254 2859 4314 transeunt,
2896 4265 2991 4305 eas
3017 4269 3115 4304 nos
3140 4253 3298 4318 ἑξαέ-

1717 4346 1843 4400 ρους
1872 4331 2216 4400 appellamus
2257 4350 2270 4388 :
2302 4350 2399 4402 per
2421 4339 2770 4406 angustiores
2807 4357 2935 4395 vero
2958 4344 3290 4402 incedimus.

1719 4423 1940 4479 Plateas
1989 4434 2173 4479 autem
2203 4425 2309 4481 hoc
2337 4424 2393 4481 in
2431 4427 2552 4481 loco
2579 4430 2838 4498 appellat,
2870 4432 2997 4500 quia
3021 4435 3138 4488 rora
3181 4434 3293 4491 illic

1714 4521 1874 4568 erant
1929 4515 2148 4567 venalia
2201 4522 2258 4570 et
2318 4517 2672 4570 commercia.
2726 4517 2957 4573 Usuram
2992 4520 3154 4575 etiam
3188 4521 3296 4576 illis

65 4603 188 4656 τοῦτο
215 4606 301 4659 τοῦ
334 4609 512 4675 νόμου
565 4611 899 4676 κωλύοντος·
965 4613 1117 4668 δόλον
1150 4616 1226 4682 δὲ,
1292 4617 1381 4671 διὰ
1429 4621 1524 4683 τάς
1547 4623 1606 4674 ὲν

1774 4606 1961 4658 :erceri
2025 4605 2186 4670 dicit,
2233 4607 2360 4676 quia
2411 4607 2516 4660 sub
2567 4609 2740 4662 mutui
2779 4618 3040 4678 praetequ
3093 4627 3294 4668 usuras

65 4697 152 4753 τοῖς
181 4701 589 4770 συναλάγμασιν
651 4702 891 4766 ἀπάτας,
925 4703 956 4775 ἢ
1016 4706 1228 4770 καὶτὰς
1259 4707 1428 4773 ἄλλας
1483 4711 1608 4763 ὲπι-

65 4784 244 4852 ϐουλάς.
289 4792 448 4846 Οὕτω
499 4795 685 4847 πᾶσαν
737 4795 924 4856 αὐτοῖς
975 4798 1178 4852 κακίαν
1215 4803 1608 4871 προσεμαρτύ-

64 4893 216 4946 pacm.

114 5150 224 5203 Ὀτι
249 5155 302 5206 ei
331 5156 364 5207 ό
402 5153 624 5221 ἐχθρὸς
667 5152 942 5209 ὠνείδισέ
982 5173 1082 5225 με,
1131 5157 1466 5227 ἐπήνεγκα.
1507 5158 1605 5225 ἂν,

55 5244 130 5294 καὶ
156 5248 200 5297 εὶ
237 5249 267 5298 ό
319 5247 528 5316 μισῶν
550 5265 627 5316 με
677 5249 769 5301 ἐπ’
804 5249 911 5318 ἐμὲ
934 5250 1600 5321 ἐμεγαλορῤημόνησεν,

52 5335 280 5404 ἐκρύϐην
305 5339 385 5392 ἂν
423 5343 530 5394 ἀπ’
560 5342 766 5397 αὑτοῦ.
794 5343 876 5395 Τὰ
906 5343 1153 5395 ἐντεῦθεν
1205 5345 1482 5418 προσώπῳ
1511 5348 1605 5401 τοῦ

53 5426 261 5495 Χριστοῦ
332 5431 590 5500 λέγονται
648 5434 792 5486 κατὰ
848 5432 944 5486 τοῦ
1022 5433 1212 5488 Ἰούδα.
1241 5435 1314 5487 Τὸ
1355 5435 1454 5505 μὲν
1487 5435 1618 5503 οὖν,

52 5517 358 5589 ὠνείδισεν,
449 5526 571 5576 ἀντὶ
629 5526 751 5588 τοῦ,
808 5525 1190 5590 ὲξουδένωσεν,
1239 5527 1335 5580 καὶ
1359 5527 1604 5581 διέϐαλεν

55 5609 279 5684 εἴρηται·
334 5617 399 5670 τὸ
451 5615 532 5683 δὲ,
563 5616 1226 5688 ἐμεγαλορῤήμόνησεν,
1288 5620 1412 5674 ἀντὶ
1480 5620 1600 5686 τοῦ,

1717 4697 1858 4751 clam
1887 4697 2214 4767 exigebant;
2246 4698 2392 4767 quod
2422 4699 2476 4752 in
2511 4699 2627 4769 lege
2659 4701 2887 4755 vetitum
2913 4712 3053 4760 erat.
3095 4703 3288 4758 Dolum

1715 4790 1877 4843 etiam
1918 4789 1989 4843 ibi
2019 4790 2266 4845 adfuisse
2293 4790 2505 4857 asserit,
2537 4791 2610 4848 ob
2640 4791 2890 4849 fallacias
2929 4810 3068 4864 quas
3095 4797 3147 4851 in
3170 4813 3294 4851 mu-

1719 4880 1826 4935 tuis
1857 4885 2208 4938 commerciis
2236 4884 2545 4948 Struebant,
2572 4885 2676 4949 vel,
2719 4885 2791 4941 ob
2823 4901 2992 4942 omne
3024 4889 3171 4943 aliud
3203 4890 3291 4944 in-

1721 4975 1988 5030 sidiarum
2022 4991 2197 5043 genus
2241 4993 2256 5031 :
2287 4987 2340 5031 et
2375 4977 2483 5032 hoe
2510 4985 2672 5046 pacto
2702 4978 2959 5034 universa
2995 4981 3110 5036 illic
3163 4982 3295 5036 vitia

1716 5067 1910 5121 adesse
1943 5075 2195 5121 testatur.
3154 5116 3158 5120 .

1787 5157 1956 5211 Vens.
1996 5159 2081 5211 15.
2116 5157 2376 5224 Quoniam
2410 5158 2458 5212 si
2485 5157 2728 5212 inimicus
2763 5175 2906 5213 meus
2939 5159 3295 5212 maledixisset

1717 5253 1869 5315 mihi,
1911 5253 2278 5305 sustinuissent
2306 5253 2505 5320 utique,
2561 5264 2609 5305 et
2649 5253 2697 5305 si
2743 5251 2811 5315 is,
2841 5251 2931 5320 qui
2968 5252 3151 5303 oderat
3187 5265 3291 5314 me,

1716 5363 1874 5416 super
1911 5363 1990 5399 me
2021 5362 2213 5414 magna
2267 5345 2473 5398 locutus
2529 5344 2739 5412 fuisset,
2778 5343 3167 5396 abscondissem
3206 5357 3289 5394 me

1709 5439 1941 5508 forsitan
1971 5438 2035 5490 ab
2070 5454 2151 5491 eo.
2187 5437 2316 5502 Quae
2343 5446 2654 5505 sequuntur
2695 5450 2761 5488 ex
2792 5432 2996 5488 Christi
3054 5447 3290 5500 persona

1719 5530 2050 5602 proferenda
2104 5538 2234 5583 sunt
2290 5530 2558 5582 adversus
2609 5525 2826 5580 Judam.
2878 5522 2944 5576 Et
2996 5523 3141 5595 quod
3190 5523 3290 5588 ait,

1719 5623 2081 5677 maledixisset
2105 5621 2224 5696 [seu
2273 5620 2429 5692 juxta
2471 5619 2630 5672 aliam
2673 5616 2877 5672 Graeca:
2923 5615 3180 5673 dictionis
3208 5616 3290 5671 si-

1402 5797 1600 5860 Varite
1635 5796 1964 5862 lectiones.

107 5893 210 5965 (9i)
239 5895 324 5951 Al.
357 5896 680 5966 συμϐόλαια.
