3774 6528
101 457 185 536 εει
1093 416 1102 428 ’
1239 448 1632 518 COMMENT.
1679 448 1759 509 1N
1801 449 2159 511 PSALMOS.
3218 458 3328 522 532

102 568 414 639 πρόσκαιρον
466 559 669 625 αὐτῶν,
732 559 857 614 ὅσον
920 558 1079 630 obrue
1125 558 1494 630 διαφθαρῆναι
1523 557 1648 627 μελ-

1822 573 1922 628 ιιιιο
1955 559 2009 612 in
2041 559 2304 616 cordibus
2349 573 2565 618 eorum.
2598 560 2698 617 Per
2748 561 3064 619 habitacula
3120 576 3326 626 autem.

102 660 303 712 liv'rtov.

1761 664 1856 703 seu
1923 647 2006 720 [ut
2063 651 2472 720 signiﬁcantius
2523 651 2712 708 Graeca
2774 654 3020 712 dictione
3060 658 3326 727 exprimi-

102 754 201 826 tur]
234 749 547 822 παροικίας,
600 749 970 806 habitationes
1021 759 1076 806 et
1125 751 1322 806 domos
1411 743 2118 826 temporarias‘intclligit,
2163 748 2333 804 veluti
2415 748 2565 803 brevi
2609 749 3003 819 perduratmas
3085 760 3140 806 et
3222 753 3332 807 cito

103 845 412 918 perdendus.

173 939 310 1008 Ἐγὼ
351 938 500 1006 πρὸς
555 939 660 992 τὸν
710 937 860 992 Θεὸν
899 939 1216 1008 ἐκέκραξα,
1257 940 1355 995 καὶ
1384 942 1416 995 ό
1441 938 1656 1005 Κύριος

101 1031 412 1099 εἰσήκουσέ
472 1049 617 1100 μου.
654 1032 794 1101 Ἤδη
849 1031 1318 1105 πληροφορηθεὶς,
1355 1034 1541 1103 φησιν,
1574 1034 1656 1086 ὅτι

102 1122 373 1193 εἰσήκουσέ
403 1139 528 1191 μου.
603 1123 762 1176 Ἐστι
784 1124 840 1178 δὲ
890 1125 1314 1198 γλαφυρώτερον
1341 1128 1542 1190 εἰπεῖν,
1572 1130 1656 1182 ὅτι

112 1215 238 1283 Ἐγὼ
319 1215 419 1284 μὲν
477 1216 616 1284 πρὸς
642 1216 735 1269 τὸν
775 1217 998 1287 Πατέρα
1039 1218 1316 1289 ἐκέκραξα
1341 1236 1356 1250 ο
1389 1221 1418 1272 δ
1446 1219 1503 1273 δὲ
1528 1219 1656 1282 Υἱὸς

100 1309 370 1376 εἰσήκουσὲ
403 1324 510 1376 μοι.
551 1308 707 1360 Ἐπεὶ
757 1309 853 1360 καὶ
884 1309 1045 1372 αὐτὸς
1077 1309 1329 1363 ἀπώλεσε
1357 1311 1483 1374 τοὺς
1508 1311 1646 1365 Ἰου-

97 1401 278 1464 δαίους,
308 1398 454 1453 κατὰ
486 1399 546 1452 τό
568 1415 581 1428 °
614 1399 700 1455 Σὺ
728 1399 818 1464 δὲ,
876 1400 1073 1468 Κύριε,
1133 1401 1396 1469 ἐλέησόν
1422 1419 1518 1469 με,
1553 1403 1653 1458 καὶ

98 1492 436 1559 ἁνάστησόγ
461 1509 551 1561 με,
584 1496 684 1546 καὶ
737 1492 1158 1548 ἀνταποδώσω
1194 1494 1421 1562 αὐτοῖς.

169 1666 480 1736 Ἑσπέρας,
519 1668 618 1723 καὶ
643 1671 816 1738 πρωῒ,
839 1671 937 1726 καὶ
989 1676 1384 1744 μεσημϐρίας,
1445 1676 1654 1748 διηγή-

1782 813 1819 848 ο

1835 929 1996 986 Vens.
2038 931 2120 987 l7.
2161 931 2271 1002 Ego
2303 934 2375 987 ad
2403 931 2570 987 Deum
2618 933 2872 999 clamavi,
2909 944 2956 988 et
2996 935 3136 991 Deus
3166 953 3333 993 exau-

1756 1022 1888 1076 diuit
1923 1037 2026 1076 me.
2067 1020 2286 1076 Certior
2340 1022 2521 1078 factus
2568 1021 2636 1078 de
2679 1023 2866 1079 divino
2924 1027 3154 1093 auxilio,
3212 1030 3329 1084 ait:

1759 1112 2042 1168 Exaudisti
2077 1128 2181 1168 me.
2222 1111 2420 1168 Verum
2447 1113 2605 1182 juxta
2635 1113 2883 1168 altiorem
2913 1132 3135 1171 sensum
3177 1119 3332 1173 dica-

1761 1221 1884 1260 mus
1921 1224 1936 1260 :
1980 1206 2090 1277 Ego
2113 1211 2360 1278 quidem,
2387 1211 2592 1281 inquit,
2637 1211 2871 1266 clamavi
2899 1213 2964 1266 ad
3012 1213 3248 1280 Patrem,
3279 1226 3332 1268 et

1760 1292 1934 1351 Filius
1985 1300 2270 1353 exaudivit
2325 1315 2436 1354 me.
2488 1299 2605 1370 Ipse
2647 1302 2848 1355 etenim
2898 1300 3068 1358 Filius
3113 1304 3333 1358 Iudaeus

1763 1386 1998 1454 perdidit
2026 1404 2040 1452 ;
2069 1387 2231 1458 juxta
2259 1389 2402 1458 quod
2445 1391 2573 1445 alibi
2611 1408 2674 1446 ex
2723 1393 2846 1461 ejus
2906 1409 3142 1462 persona
3194 1398 3332 1450 seri-

1762 1485 1912 1546 ptum
1947 1477 2179 1548 legimus
2213 1497 2228 1534 :
2262 1478 2339 1534 Tu
2389 1491 2588 1547 autem,
2618 1480 2864 1546 Domine,
2885 1483 3129 1538 miserere
3158 1487 3256 1540 mei
3283 1495 3332 1538 et

1759 1573 2014 1627 resuscita
2043 1589 2143 1638 me,
2172 1581 2221 1626 et
2255 1572 2542 1627 retribuam
2569 1575 2643 1628 eis
2667 1575 2731 1628 ¹¹.

1835 1665 1999 1721 Vsus.
2040 1666 2128 1722 18.
2173 1665 2414 1734 Vespere,
2441 1675 2492 1721 et
2533 1683 2707 1732 mane,
2755 1677 2805 1720 et
2851 1667 3071 1722 meridie
3104 1668 3333 1722 narrabo

99 1776 252 1830 σομαι
340 1762 438 1814 καὶ
492 1761 844 1832 ἀπαγγελῶ,
903 1764 1002 1818 καὶ
1061 1767 1488 1822 εἰσακούσεται
1540 1770 1652 1839 τῆς

1835 1759 2188 1822 annuntiabo,
2212 1767 2263 1812 et
2303 1759 2554 1814 exaudiet
2601 1775 2778 1814 vocem
2828 1776 3018 1814 meam.
3065 1758 3332 1830 Tempora

97 1853 282 1925 φωνῆς
337 1871 478 1922 μου.
540 1855 682 1919 Τοὺς
725 1858 954 1927 καιροὺς
1031 1859 1184 1929 δη).οὲ
1227 1861 1336 1916 τῶν
1402 1837 1654 1932 μεείάλών

1822 1850 2034 1920 gnificat
2084 1866 2410 1922 magnarum
2470 1853 2636 1908 trium
2693 1853 3010 1923 synaxium,
3060 1867 3200 1921 quas
3229 1869 3332 1908 nos

100 1947 246 2017 τριῶν
304 1945 636 2012 συνάξεωνμ
667 1946 733 2010 ἃς
789 1949 951 2018 ἡμεῖς
1021 1949 1296 2021 καλοῦμεν
1341 1952 1654 2024 ἑσπερινὸν,

99 2037 295 2107 ὄρθρον,
325 2038 422 2090 καὶ
477 2037 857 2108 μεσημϐρίαν.
917 2040 1262 2111 Διηγήσομαι
1289 2042 1358 2096 τὰ
1393 2044 1489 2098 τοῦ
1519 2045 1657 2099 Θεοῦ

101 2128 384 2196 θαυμάσια,
447 2128 543 2181 καὶ
575 2128 882 2196 ἀπαγγελῶ
915 2132 1050 2184 πᾶσι
1091 2134 1206 2195 τοῖς
1243 2133 1339 2186 σὺν
1369 2134 1492 2204 ἐμοί
1527 2149 1542 2163 ⁸
1583 2135 1658 2198 ὡς

101 2213 218 2271 εἶναι
245 2219 466 2284 ταύτὸν,
498 2218 580 2286 τὸ,
613 2219 997 2290 διηγήσομαι,
1040 2224 1134 2276 καὶ
1169 2223 1252 2288 τὸ,
1306 2224 1653 2295 ἀπαγγελῶ.

103 2309 161 2359 'ii
187 2307 515 2378 διηγήσομαι
553 2309 652 2378 μὲν
685 2309 748 2362 τὰ
777 2309 986 2363 παλαιά
1012 2327 1026 2343 ο
1055 2309 1356 2380 ἀπαγγελῶ
1397 2311 1451 2364 δὲ
1479 2312 1549 2365 τὰ
1579 2313 1657 2376 εἰς

101 2401 186 2469 ἐμὲ
212 2402 578 2472 γεγενημένα.

158 2581 528 2650 Δυτρώσεται
580 2583 650 2637 ἐν
686 2583 898 2654 εἰρήνῃ
941 2586 1056 2652 τὴν
1119 2587 1333 2657 ψυχήν
1385 2606 1505 2657 μου
1537 2590 1657 2644 ἀπὸ

101 2672 201 2727 τῶν
269 2674 624 2744 ἐγγιζόντων
663 2695 786 2746 μοι,
815 2677 904 2732 ὅτι
934 2678 1004 2732 ἐν
1057 2679 1314 2746 πολλοῖς
1343 2675 1504 2748 ἦσαν
1534 2681 1657 2736 σὺν

102 2767 230 2833 ἐμοί.
260 2797 337 2807 ——
381 2769 484 2822 Ἐν
522 2767 758 2836 εἰρήνῃ,
808 2769 930 2822 ἀντὶ
963 2770 1272 2842 τοῦ,χωρὶς
1305 2771 1492 2827 πόνου.
1530 2774 1653 2841 Ἐγ-

99 2859 332 2926 γίζοντας
361 2860 417 2914 δὲ
440 2861 598 2914 καλεῖ
629 2861 756 2925 τοὺς
816 2862 962 2930 ἀμφὶ
991 2862 1082 2914 τὸν
1112 2863 1308 2928 Σαοὺλ,
1333 2862 1410 2926 ὡς
1451 2881 1654 2932 συγγε-

100 2953 196 3011 vel;
223 2951 317 3001 καὶ
351 2950 788 3021 συστρατιώτας.
821 2946 960 3004 Εἶτα
985 2952 1169 3020 τίθησι
1229 2953 1321 3006 καὶ
1349 2953 1448 3022 τὴν
1471 2955 1654 3007 αἰτίαν

99 3042 181 3111 τῆς
212 3042 534 3114 ὲγγύτητος.
570 3043 716 3109 Ὅτι,
746 3043 904 3113 φησὶ,
941 3043 1082 3114 μετὰ
1111 3043 1325 3096 πολλῶν
1357 3046 1450 3098 καὶ
1475 3045 1652 3099 ἄλλων

102 3135 459 3202 στρατιωτῶν,
505 3136 604 3190 σὺν
629 3136 756 3206 ἐμοὶ
783 3131 924 3206 ἦσαν
944 3135 1295 3206 διαιτώμενοι
1347 3136 1442 3190 καὶ
1482 3154 1647 3206 στρα-

100 3228 385 3297 τευόμενοι.

159 3413 593 3468 Εἱσακούσεται
623 3417 656 3468 ό
687 3413 852 3480 Θεὸς,
879 3415 979 3468 καὶ
1033 3410 1390 3469 ταπεινώσει
1429 3421 1651 3482 αυτούς

101 3507 128 3558 ὁ
172 3507 450 3574 ὑπάρχων
477 3505 591 3574 πρὸ
622 3505 740 3558 τῶν
766 3505 1016 3562 αιώνων.
1048 3508 1220 3571 Αὐτὸς
1247 3507 1358 3576 γὰρ
1429 3507 1655 3577 ἐποίησε

98 3597 212 3660 τοὺς
238 3598 435 3663 αἰῶνας
455 3615 470 3630 ο
504 3597 585 3651 διὸ
607 3597 702 3650 καὶ
724 3597 833 3669 πρὸ
853 3599 962 3652 τῶν
991 3597 1206 3653 αἰώνων
1257 3599 1530 3670 ὑπάρχειν
1561 3599 1654 3653 λέ-
1701 3669 1707 3677 ε

96 3704 264 3755 γεται.

153 3784 240 3835 οὐ
270 3782 374 3850 γάρ
395 3782 569 3836 ἐστιν
593 3782 801 3848 αὐτοῖς
821 3783 1238 3853 ἀντάλλαγμα,
1267 3783 1355 3838 ὅτι
1377 3785 1489 3839 οὐκ
1517 3785 1656 3854 ἐφο-

95 3875 360 3943 ϐήθησαν
393 3877 500 3929 τὸν
536 3877 705 3931 Θεόν.
732 3876 845 3929 Οὐκ
896 3876 1035 3940 ἔστι,
1069 3878 1252 3946 φησιν,
1285 3878 1470 3940 αὐτοῖς
1496 3877 1656 3932 ἐναλ-

94 3967 255 4036 λιτὴ,
283 3968 384 4022 ἀπὸ
404 3971 503 4039 τῆς
527 3968 726 4029 κακίας
744 3970 824 4032 εἰς
852 3968 1212 4038 ἁγαθωσῠνην
1231 3984 1246 4000 ο
1307 3968 1424 4023 ἀλλ’
1444 3970 1655 4039 ἀμετά-

94 4059 277 4130 ϐλητοι
328 4067 581 4130 μένουσιν
606 4076 622 4092 ’
685 4059 830 4113 οὕτω
878 4063 988 4130 γὰρ
1013 4063 1041 4112 δ
1078 4061 1378 4132 Σύμμαχος
1400 4062 1652 4126 ἐξέδωκε.

93 4155 347 4222 Λέγοιντο
379 4154 423 4207 δ’
455 4155 520 4208 ἂν
550 4155 722 4208 ταῦτα
779 4153 879 4208 καὶ
935 4157 1078 4209 κατὰ
1112 4156 1220 4209 τῶν
1255 4158 1656 4227 χριστοκτόνων

101 4247 365 4300 Ἰουδαίων
395 4264 412 4280 ο
471 4250 892 4319 ιπαρασάμσνος
941 4249 1052 4320 γὰρ
1104 4250 1293 4314 αὐτοις
1345 4251 1478 4316 ἄνω,
1521 4253 1656 4322 φησι

93 4338 200 4402 νῦν,
243 4339 316 4392 ὅτι
341 4340 735 4393 Εἰσακούσεταί
770 4357 870 4410 μου
897 4341 928 4393 ὁ
956 4341 1213 4410 Χριστὸς,
1246 4342 1342 4394 καὶ
1389 4342 1658 4395 ταπεινώο

96 4447 170 4483 σει
212 4433 421 4496 αὐτούς.
478 4433 592 4486 Καὶ
643 4433 753 4502 γὰρ
779 4433 828 4485 οἱ
865 4433 966 4503 μὲν
1044 4434 1393 4506 ἀνῃρέθησαν
1426 4449 1442 4464 ο
1481 4436 1529 4488 οξ
1574 4435 1653 4499 δὲ,

1759 1945 2258 2015 congregationes,
2311 1961 2406 2000 seu
2446 1947 2710 2002 collectas
2763 1959 2966 2000 vocare
3020 1960 3333 2015 possumus,

1759 2037 2130 2106 vespertinum
2163 2038 2450 2102 nimirum,
2476 2039 2828 2104 matutinum,
2859 2049 2914 2094 et
2945 2039 3333 2094 meridianum.

1758 2125 2028 2192 Narrabo,
2078 2128 2277 2198 inquit,
2336 2129 2609 2184 mirabilia
2643 2128 2762 2194 Dei,
2797 2137 2849 2184 et
2881 2131 3224 2185 annuntiabo
3271 2145 3334 2184 ea

1759 2219 2018 2276 omnibus
2059 2222 2155 2290 qui
2194 2235 2407 2275 mecum
2445 2231 2629 2284 erunt.
2677 2222 2752 2276 ita
2789 2231 2848 2276 ut
2888 2223 3033 2277 idem
3087 2223 3160 2277 sit
3211 2237 3336 2277 nar-

1759 2323 1906 2373 rare,
1936 2310 2084 2380 quod
2122 2311 2476 2367 annuntiare.
2531 2311 2620 2366 Vel
2654 2313 2895 2367 narrabo
2925 2313 3148 2383 quidem
3187 2314 3335 2368 anti-

1761 2417 1890 2470 qua,
1923 2403 2266 2458 annuntiabo
2300 2413 2486 2459 autem
2523 2421 2584 2460 ea
2627 2421 2752 2476 quze
2804 2417 3087 2474 postremo
3139 2407 3196 2460 in
3248 2421 3336 2460 me

1758 2491 1903 2548 facta
1939 2503 2091 2548 sunt.

1828 2583 1997 2639 Vens.
2043 2585 2133 2640 l9.
2182 2585 2420 2640 Redimet
2471 2587 2526 2640 in
2584 2605 2712 2656 pare
2749 2589 2986 2641 animam
3051 2603 3219 2641 meam
3267 2598 3335 2640 ab

1755 2674 2316 2744 appropinquantibus
2359 2675 2527 2741 mihi;
2568 2679 2820 2746 quoniam
2856 2678 2912 2730 in
2968 2676 3147 2731 multis
3188 2685 3338 2730 erant

1759 2783 1984 2821 mecum.
2021 2767 2078 2821 In
2117 2782 2272 2836 pace,
2327 2766 2432 2822 hoc
2471 2775 2579 2832 est,
2610 2769 2728 2822 sine
2769 2769 2978 2823 labore.
3029 2768 3338 2839 Appropin-

1757 2868 1993 2928 qnantes
2026 2867 2209 2913 autem
2263 2874 2360 2913 eos
2416 2868 2600 2922 vocat,
2661 2861 2751 2928 qui
2811 2868 2971 2914 erant
3015 2875 3138 2914 cum
3181 2861 3334 2920 Saul,

1757 2958 2024 3019 tanquam
2061 2950 2166 3005 sibi
2222 2960 2491 3020 cognatos
2528 2959 2692 3018 atque
2719 2950 2844 3004 olim
2882 2952 3332 3018 commilitones;

1755 3042 1955 3099 deinde
1997 3042 2433 3112 propinquitatis
2488 3045 2756 3099 rationem
2811 3047 2986 3113 ponit.
3037 3043 3331 3110 Quoniam,

1757 3133 1954 3202 inquit,
1987 3133 2150 3188 simul
2179 3149 2302 3187 cum
2335 3133 2522 3187 multis
2555 3135 2678 3187 aliis
2708 3135 2975 3188 militibus
3003 3143 3164 3187 antea
3223 3148 3335 3187 me-

1761 3238 1886 3278 cum
1941 3223 2166 3277 {tierunt
2191 3263 2206 3289 ,
2243 3222 2350 3277 hoc
2378 3231 2485 3284 est.
2524 3225 2788 3292 quoniam
2829 3239 3042 3278 mecum
3075 3221 3334 3276 convixe-

1763 3324 1908 3377 rant,
1951 3325 2004 3369 et
2040 3330 2253 3369 mecum
2279 3315 2795 3370 commilitaverant.

1833 3400 2003 3457 Vsus.
2031 3401 2122 3458 20.
2163 3401 2432 3456 Exaudiet
2474 3401 2612 3456 Deus
2643 3411 2692 3456 et
2731 3402 3045 3465 Itumiliabit
3089 3419 3200 3469 eos,
3246 3405 3335 3471 qui

1763 3503 1838 3548 est
1869 3504 1990 3548 ante
2038 3476 2401 3562 steculaslpse
2424 3493 2626 3548 etenim
2653 3493 2796 3548 Deus
2820 3493 2946 3548 fecit
2969 3497 3200 3561 sa-cula;
3227 3510 3334 3550 non

1764 3584 1964 3640 mirum
1996 3584 2180 3655 igitur,
2215 3584 2260 3642 si
2291 3596 2418 3640 ante
2453 3599 2516 3639 ea
2550 3583 2724 3639 fuisse
2753 3584 2979 3639 dicitur.

1836 3789 1960 3845 Non
1993 3801 2072 3845 est
2120 3791 2259 3844 enim
2311 3789 2389 3843 eis
2423 3789 2797 3855 commutatio,
2846 3804 3008 3858 neque
3052 3789 3335 3844 timuerunt

1764 3883 1953 3938 Deum.
1993 3883 2328 3946 lmmutatio,
2361 3882 2560 3952 inquit,
2601 3881 2748 3935 nulla
2791 3881 2874 3936 eis
2923 3889 3030 3944 est,
3063 3897 3090 3935 a
3124 3882 3332 3936 malitia

1762 3980 1829 4034 ad
1864 3979 2183 4038 bonitatem,
2213 3990 2242 4028 a
2276 3975 2409 4029 vitio
2438 3976 2506 4028 ad
2537 3975 2792 4039 virtutes,
2829 3973 2925 4029 sed
2965 3974 3336 4030 immutabilcs

1763 4077 2113 4142 permanent.
2169 4067 2253 4121 Ad
2305 4065 2455 4120 hunc
2511 4065 2656 4119 enim
2717 4081 2936 4120 sensum
2973 4065 3336 4136 Symmachus

1761 4161 2024 4219 reddidit.
2067 4159 2305 4216 Possunt
2336 4159 2498 4213 etiam
2538 4159 2652 4212 haec
2677 4156 2840 4211 verba
2869 4157 3104 4226 proferri
3137 4159 3335 4213 adver-

1763 4270 1859 4309 sus
1889 4251 2093 4308 Christi
2142 4249 2442 4312 occisores,
2483 4247 2724 4312 Judzeos,
2780 4258 2972 4301 contra
3018 4264 3177 4315 quos,
3209 4263 3334 4302 cum

1763 4345 2018 4414 superius
2045 4344 2379 4410 imprecatus
2411 4338 2596 4399 fuerit,
2621 4339 2782 4392 modo
2804 4338 2878 4390 ait
2905 4353 2918 4388 :
2951 4337 3218 4392 Exaudiet
3249 4355 3336 4393 me

1759 4438 2042 4498 Christus,
2095 4442 2148 4487 et
2189 4430 2503 4485 humiliabit
2534 4445 2626 4484 eos
2669 4446 2684 4482 :
2727 4429 3193 4498 quemadmodum
3251 4429 3335 4482 l'a-

96 4523 546 4594 περιλειφϐέντες,
609 4525 1096 4595 τεταπεινωμένοι,
1151 4528 1316 4578 πανύ⁵
1361 4525 1504 4579 ἐονει
1535 4526 1654 4579 δου-

1822 4540 1914 4580 um
1944 4523 2215 4578 videmus.
2269 4518 2374 4571 Alii
2421 4517 2624 4572 etenim
2681 4531 2870 4570 eorum
2928 4515 3130 4568 sublati
3179 4521 3330 4577 sunt,

93 4617 304 4670 λεύουσι
355 4619 452 4681 τὰς
501 4620 740 4689 ἐσχάτας
805 4619 1137 4688 ὑπηρεσίας.
1185 4618 1248 4670 '0
1289 4618 1580 4686 ὑπάρχων
1599 4619 1656 4672 δὲ

95 4711 204 4776 πρὸ
232 4710 341 4763 τῶν
373 4711 619 4778 αἰώνων,
651 4710 790 4763 κατὰ
819 4710 919 4780 τὴν
950 4707 1206 4780 Θεότητα·
1240 4711 1334 4762 καὶ
1366 4712 1472 4780 γὰρ
1503 4710 1656 4762 αὐτοὶ

99 4803 356 4872 ἠργμένον
381 4805 444 4857 ὲκ
470 4803 574 4872 τῆς
605 4799 815 4874 μητρὸς
843 4800 1032 4870 ἔλεγον
1063 4802 1228 4855 αὐτόν
1265 4819 1280 4834 ·
1331 4788 1390 4855 τδ
1442 4803 1520 4868 δὲ,
1573 4805 1656 4855 Οὐ

101 4894 202 4962 πάρ
223 4895 382 4948 ἐστιν
404 4896 609 4962 αὐτοῖς
630 4893 1003 4964 ἀν’τάλαγμα,
1076 4894 1657 4966 προσεπινοεῖταιξωὲ)

95 4991 187 5040 καὶ
209 4988 372 5053 ἄλλως
427 4989 522 5042 ἐπὶ
584 4988 793 5043 τούτων
819 5005 834 5015 ·
877 4989 960 5041 ὅτι
991 4986 1158 5050 αὐτὸς
1178 4981 1246 5057 ἦν
1286 4987 1346 5039 τδ
1371 4986 1655 5057 δεδομένον

96 5079 232 5150 ὑπὲρ
287 5083 501 5134 πάντων
564 5079 872 5150 ἀνθρώπων
929 5078 1296 5148 ἁντάλαγμα’
1345 5077 1404 5131 δν
1465 5079 1654 5149 ἐπειδὴ

95 5172 192 5222 οὐκ
230 5173 491 5238 ἐδέξαντο,
526 5173 627 5225 οὐκ
653 5171 801 5246 ἐστιν
824 5172 1008 5234 αὐτοῖς
1054 5171 1244 5241 ἕτερον
1282 5167 1434 5235 ἄξιον
1493 5171 1658 5225 ἀντά-

101 5275 289 5332 ιαγμα.

1752 4619 1934 4678 caeteri
1975 4629 2129 4676 vero,
2163 4611 2258 4682 qui
2297 4611 2474 4665 relicti
2507 4608 2683 4674 l‘uere,
2715 4607 2956 4677 dispersi
2998 4622 3095 4676 per
3120 4608 3332 4676 orbem,

1753 4709 1952 4781 abjecti
2004 4715 2173 4776 atque
2230 4702 2524 4767 humiliati,
2553 4701 2810 4754 omnibus
2842 4701 3096 4755 serviunt
3153 4701 3336 4753 natio-

1755 4803 1940 4857 nibus.
1979 4799 2044 4851 Et
2075 4796 2219 4866 quod
2255 4795 2332 4849 ait
2363 4813 2375 4850 :
2411 4793 2515 4860 Qui
2549 4803 2626 4847 est
2657 4801 2783 4846 ante
2826 4793 3046 4855 sa'cula,
3080 4792 3143 4845 ad
3173 4791 3338 4846 Chri-

1757 4897 1826 4951 sti
1874 4894 2230 4948 divinitatem
2262 4888 2556 4944 referatur.
2589 4889 2694 4957 ipsi
2743 4889 2891 4942 enim
2922 4886 3093 4942 Judaei
3125 4903 3188 4942 ex
3220 4889 3338 4942 sola

1761 4987 1888 5042 .lesu
1947 4994 2127 5039 matre
2167 4983 2499 5053 principium
2563 4983 2825 5037 habuisse
2861 4980 3225 5034 affirmabant.
3274 4979 3338 5033 Et

1761 5080 1905 5152 quod
1939 5078 2214 5144 sequitur,
2279 5073 2403 5128 Non
2454 5086 2530 5129 est
2583 5075 2694 5128 illis
2741 5074 3110 5137 commutatio,
3168 5072 3333 5125 alium

1762 5187 1988 5230 sensum
2025 5170 2203 5232 habet,
2242 5167 2604 5236 intelligendo
2638 5167 2803 5221 etiam
2841 5165 2906 5220 de
2933 5164 3156 5218 Iudaeis.
3197 5164 3333 5228 Quia

1764 5266 1911 5321 enim
1975 5261 2230 5318 Christus
2279 5276 2377 5330 pro
2435 5260 2697 5313 universo
2752 5271 2950 5326 genere
2986 5255 3227 5308 humano
3279 5254 3334 5307 in

94 5365 563 5416 commutationem
597 5361 757 5415 datus
800 5367 902 5423 est,
939 5369 992 5413 et
1023 5357 1196 5413 Judaei
1231 5359 1718 5416 commutationem
1751 5363 1914 5424 hanc,
1987 5359 2091 5413 hnc
2175 5363 2282 5419 cst,
2355 5355 2532 5424 ipsum
2616 5352 2904 5405 Ποιιιὶιιιιιιι
2957 5349 3145 5404 Jesum
3198 5350 3340 5404 rcci-

96 5468 216 5520 pcre
263 5459 576 5517 noluerunt,
608 5463 799 5520 restat,
838 5455 1015 5522 inquit
1047 5451 1339 5526 Pr0pheta,
1391 5465 1451 5509 ut
1483 5458 1634 5511 nulla
1680 5453 1915 5525 amplius
1950 5452 2054 5505 alia
2094 5452 2176 5504 eis
2202 5451 2274 5504 sit
2314 5445 2697 5502 commulatio.

176 5546 456 5612 Ἐξέτεινε
496 5545 608 5615 τὴν
640 5547 808 5616 χεῖρα
841 5545 1028 5614 αὑτοῦ
1061 5546 1128 5601 ἐν
1165 5545 1245 5613 τῷ
1277 5546 1650 5604 ἀποδιδόναι.

169 5727 201 5759 ²¹
234 5728 607 5789 Psal.x1.,-Il.

1832 5541 2084 5597 Extendit
2120 5558 2334 5596 manum
2363 5555 2514 5595 suam
2570 5537 2625 5590 in
2673 5534 3027 5590 retribuendo.
3080 5532 3335 5590 Extendit

1439 5817 1634 5881 Varia:
1660 5818 1986 5881 lectiones.

169 5926 270 5997 (9‘2)
297 5929 380 5983 Al.
415 5928 637 5998 προσέτι
674 5927 892 5980 νοεῖται.
