3834 6546
435 451 542 514 5‘33

1650 459 2028 522 EUTHYMII
2069 457 2394 521 ZIGABEN
2405 461 2446 524 l.

3571 457 3667 524 584

446 575 592 622 Deus
658 575 979 636 potestatem
1051 581 1115 623 ac
1205 567 1350 624 vires
1406 585 1535 626 suas
1591 571 1646 626 in
1708 570 2003 642 puniendo,

2125 569 2424 634 Ἐξέτεινεν
2471 573 2500 625 ὁ
2557 571 2694 635 Θεὸς
2743 570 2844 643 τὴν
2894 571 3224 643 κολαστικὴν
3279 571 3449 627 αὐτοῦ
3519 572 3663 629 δύνα-

443 668 502 713 ut
550 658 821 729 condigna
856 657 1116 713 nimirum
1149 663 1534 730 peccatoribus
1571 663 1842 718 retribuat
1871 679 2004 719 suo-

438 750 619 820 plicia.

507 840 671 895 Vans.
702 842 789 895 2‘2.
825 842 1254 912 Profanarerunt
1287 852 1661 902 testamentum
1693 851 1830 917 ejus.
1871 848 2004 904 Saul

433 941 486 986 et
521 933 818 1001 compliccs
865 933 1318 1000 profanaverunt,
1365 936 1468 990 hoc
1511 947 1616 1001 est.
1673 947 2003 1008 spreverunt

437 1025 608 1095 legem
672 1025 788 1089 Dei,
848 1041 955 1095 qua
1018 1031 1310 1082 mandatur
1362 1046 1376 1082 :
1440 1028 1640 1100 Diliges
1706 1032 2012 1099 proximum

439 1129 588 1169 tuum
625 1117 686 1179 ¹¹,
730 1127 782 1169 et
827 1118 932 1170 alia
969 1117 1302 1187 hujusmodi.
1340 1120 1545 1174 Christi
1579 1130 1758 1175 autem
1791 1122 2004 1176 occiso-

437 1222 526 1260 res
555 1221 878 1276 spreverunt
912 1208 1290 1276 Evangelium.
1345 1210 1642 1266 Profanum
1687 1223 1868 1268 autem
1911 1229 2006 1283 ap-

435 1296 689 1364 pellatur,
722 1298 865 1366 quod
897 1314 1185 1352 commune
1218 1310 1300 1354 est
1334 1310 1518 1356 etnon
1556 1318 1800 1358 sacrum.

515 1389 686 1443 Divisi
705 1402 828 1444 sunt
864 1391 928 1444 ab
969 1392 1050 1446 ira
1103 1394 1276 1448 vultus
1311 1394 1445 1462 ejus,
1471 1403 1520 1447 et
1555 1398 2004 1466 appropinquare-

439 1491 560 1534 runt
596 1482 758 1535 corda
783 1500 986 1538 eorum.
1012 1481 1207 1547 Juda2i,
1239 1485 1438 1553 inquit.
1475 1486 1637 1541 divisi
1673 1495 1798 1540 sunt
1827 1489 1894 1539 ab
1924 1487 2003 1541 ira

438 1572 622 1626 vultus
655 1572 886 1634 Christi,
939 1577 1066 1644 quia
1111 1590 1235 1628 cum
1270 1573 1498 1629 Romani
1531 1593 1627 1631 cos
1667 1578 2006 1644 ohsidercnt,

439 1665 583 1719 inter
618 1681 676 1719 se
709 1666 868 1721 divisi
917 1675 1066 1722 sunt.
1127 1667 1361 1733 Quidam
1397 1671 1539 1722 enim
1601 1685 1787 1724 eorum
1825 1672 1912 1724 illa
1947 1687 2007 1726 se

440 1757 550 1823 pati
593 1757 852 1810 dicebant
888 1767 1111 1826 propter
1142 1758 1445 1823 Christum,
1513 1761 1656 1814 inter
1703 1779 1842 1830 quos
1889 1771 2008 1816 erat

442 1847 737 1918 .losephus,
765 1849 856 1918 qui
890 1850 1053 1903 etiam
1086 1849 1138 1903 in
1171 1850 1262 1903 illo
1289 1866 1451 1920 opere
1493 1868 1594 1905 suo
1619 1853 1688 1906 de
1731 1869 2008 1924 expugna-

441 1938 592 1991 tione
621 1937 946 2004 Jerusalem,
977 1939 1255 1994 Christum
1295 1939 1404 1995 [οι-ε
1440 1939 1609 1996 Deum
1631 1959 1748 1997 esse
1778 1953 2007 2000 testatus

445 2037 551 2083 est.
586 2027 652 2080 Et
687 2028 854 2082 corda
903 2044 1092 2084 eorum
1147 2032 1361 2085 veritati
1411 2034 2007 2103 appropinquaverunt,

443 2120 572 2172 dum
607 2120 938 2185 cogitarent.
966 2120 1110 2190 quod
1143 2121 1396 2178 Christus
1425 2135 1572 2179 esset
1607 2125 1769 2180 Deus.
1799 2129 2010 2198 Appro-

446 2213 710 2280 pinquare
755 2212 898 2266 enim
938 2213 1012 2267 illi
1070 2214 1332 2269 dicuntur
1383 2217 1620 2283 veritati,
1675 2220 1767 2289 qui
1811 2221 2004 2275 saltem

438 2303 691 2358 dubitare
718 2305 1011 2372 incipiunt.

513 2395 701 2450 Molles
742 2399 874 2465 {acti
901 2408 1023 2452 sunt
1048 2416 1226 2454 eorum
1254 2419 1516 2457 sermones
1551 2419 1707 2473 super
1733 2405 1925 2470 oleum,
1956 2415 2007 2460 et

436 2489 536 2554 ipsi
557 2499 676 2541 sunt
700 2489 908 2557 jacufa.
933 2489 1045 2546 lloc
1070 2493 1134 2546 de
1160 2494 1416 2550 omnibus
1447 2496 1649 2550 Clu-isti
1684 2498 2004 2552 interfecto-

439 2579 592 2632 ribus
619 2581 675 2632 in
704 2580 1018 2636 universum
1048 2581 1252 2636 dictum
1273 2594 1358 2638 est
1391 2605 1404 2638 :
1437 2586 1528 2654 qui
1560 2594 1853 2656 antequam
1879 2603 2002 2640 eum

438 2671 775 2737 occiderent,
819 2673 1046 2729 blandos
1096 2675 1146 2729 ei
1220 2690 1284 2730 ac
1317 2677 1463 2732 leves
1495 2694 1778 2734 sermones
1818 2680 2006 2749 loque-

439 2763 660 2826 bantur,
694 2763 869 2818 Rabbi
899 2781 1020 2820 eum
1077 2768 1437 2836 appellantes,
1474 2778 1526 2824 et
1557 2770 1801 2827 dicentes
1846 2790 1860 2826 :
1895 2771 2006 2827 Sei-

435 2871 554 2907 mus
585 2856 709 2920 quia
739 2872 896 2910 verax
917 2873 990 2920 es,
1010 2867 1058 2911 et
1080 2859 1288 2912 verbum
1317 2859 1410 2914 Dei
1436 2862 1488 2915 in
1517 2864 1733 2917 veritate
1765 2863 1917 2918 doces
1939 2865 2003 2931 “,

434 2953 490 2998 ct
527 2945 633 2998 alia
666 2946 1002 3015 hujusmodi.
1045 2949 1147 3015 Qui
1180 2959 1359 3006 tamen
1391 2939 1449 3007 re
1484 2955 1597 3023 ipsa
1626 2963 1781 3010 erant
1837 2957 2003 3012 veluti

437 3036 757 3091 acutissima
789 3039 1032 3106 quaedam
1064 3041 1264 3110 jacula,
1301 3055 1354 3098 et
1386 3045 1532 3100 illius
1553 3050 1874 3118 sanguinem
1903 3064 2000 3119 ap-

444 3129 727 3197 petebant.
765 3129 876 3184 Dici
926 3133 1092 3185 etiam
1125 3143 1356 3202 possunt
1383 3136 1495 3190 haec
1526 3138 1690 3191 verba
1719 3137 1784 3192 (lc
1813 3136 1998 3200 Saule,

2111 678 2225 731 μιν,
2253 663 2347 715 ἐπὶ
2375 663 2454 734 τῷ
2483 663 2798 718 ἀποδιδόναι
2831 663 3020 727 αὐτοῖς
3063 663 3162 735 τὴν
3199 663 3561 735 ὀφειλομένην
3588 683 3662 720 τι·

2107 747 2346 821 μωρίαν.

2191 843 2616 914 Ἐϐεσήλωσαν
2642 847 2760 916 τὴν
2789 849 3087 917 διαθήκην
3108 849 3397 903 αὑτοῦ.οί
3427 848 3556 918 περὶ
3589 849 3666 904 τὸν

2109 936 2281 990 Σαοὺλ
2345 938 2466 1007 μὲν,
2525 939 2897 1011 δεεσήλωσαν,
2925 943 3104 996 εῐτουν
3127 943 3568 1012 περιεφρόνησαν
3587 943 3667 995 τὸν

2108 1028 2294 1097 νόμον,
2320 1030 2380 1093 ὃς
2409 1047 2579 1100 φησιν
2603 1049 2619 1064 ’
2650 1033 3015 1102 Ἀγαπήσεις
3071 1034 3178 1087 τὸν
3241 1035 3514 1100 πλησίον
3542 1051 3666 1098 σου,

2107 1119 2205 1172 καὶ
2230 1121 2334 1174 ὅσα
2362 1123 2586 1175 τοιαῦτα
2608 1137 2622 1153 ο
2647 1124 2696 1176 οἱ
2719 1123 2774 1176 δὲ
2798 1125 3194 1192 χριστοκτόνοι,
3225 1124 3286 1176 τὸ
3328 1123 3666 1192 Εὐαγγέλιον.

2107 1212 2344 1284 Βέΰηλον
2377 1214 2506 1284 γὰρ,
2542 1215 2603 1268 τὸ
2625 1215 2804 1268 κοινὸν
2829 1215 2921 1269 καὶ
2951 1216 3186 1286 ἀνίερον.

2177 1398 2654 1468 Διεμερίσθησαν
2691 1395 2808 1450 ἀπὸ
2841 1394 3024 1464 ὀργῆς
3055 1395 3162 1448 τοῦ
3194 1393 3527 1463 προσώπου
3573 1396 3667 1449 ai)-

2107 1491 2237 1553 τοῦ,
2267 1489 2366 1544 καὶ
2403 1488 2661 1558 ἤγγισαν
2691 1490 2751 1540 αι
2781 1487 3017 1554 καρδίαι
3048 1485 3270 1541 αὐτῶν.
3343 1486 3482 1538 Ἀπὸ
3520 1486 3669 1555 ὀργῆς

2109 1584 2310 1655 δηλαδὴ
2363 1582 2457 1635 τοῦ
2501 1579 2770 1650 Χριστοῦ·
2827 1578 2922 1632 τοῦ
2963 1579 3274 1648 Ῥωμαϊκοῦ
3309 1580 3419 1648 γὰρ
3450 1578 3666 1647 πολέμου

2111 1674 2532 1743 πολιορκοῦντος
2587 1670 2810 1734 αὐτοὺς,
2869 1670 3331 1740 διεμερίσθησαν·
3384 1671 3531 1732 τινὲς
3576 1669 3666 1738 γὰρ

2111 1767 2272 1822 αὑτὸν
2327 1765 2514 1833 ελεγον
2574 1764 2663 1818 διὰ
2695 1763 2785 1817 τὸν
2825 1763 3033 1833 Ἰησοῦν
3092 1763 3266 1815 ταῦτα
3309 1763 3565 1831 πάσχειν,
3604 1756 3666 1814 ὧν

2111 1854 2193 1923 εἷς
2219 1855 2288 1930 ἦν
2319 1857 2412 1912 καὶ
2440 1856 2724 1926 Ἰώσηπος,
2753 1855 2949 1926 μικροῦ
2980 1856 3114 1908 Θεὸν
3145 1855 3310 1908 αὐτὸν
3338 1854 3667 1922 ὁμολογήσας

2111 1953 2170 2006 ὲν
2197 1953 2266 2022 τῇ
2302 1949 2471 2020 βίϐλῳ
2503 1950 2602 2018 τῆς
2639 1947 2897 2011 ἁλώσεως
2911 1947 3290 2017 Ἰερουσαλήμ.
3315 1946 3426 1998 Καὶ
3456 1945 3667 2014 ἤγγισαν

2110 2042 2169 2094 αἱ
2219 2041 2437 2110 καρδίαι
2497 2039 2691 2104 αὐτῶν
2731 2042 2795 2110 τῇ
2849 2038 3100 2110 ἀληθείᾳ,
3155 2036 3551 2104 λογιζομένων,
3599 2036 3666 2087 ὅτι

2111 2139 2242 2200 ἴσως
2270 2134 2402 2198 Θεὸς
2423 2128 2491 2207 ἦν
2523 2150 2538 2166 ο
2588 2131 2827 2202 mam;
2854 2130 2983 2201 γὰρ,
3007 2130 3034 2182 ὁ
3062 2128 3401 2196 ὲνδοιασμός.

2194 2411 2672 2476 Ἦπαλύνθησαν
2697 2407 2750 2458 οἱ
2765 2405 2932 2473 λόγοι
2954 2401 3155 2458 αὐτῶν
3168 2405 3319 2470 ὑπερ
3335 2403 3566 2464 ελαιον,
3581 2409 3662 2452 καί

2108 2505 2280 2560 αὐτοί
2297 2505 2415 2557 εἱσι
2435 2498 2704 2566 βολίδες.
2727 2495 2898 2549 Τοῦτο
2956 2493 3150 2555 κοινῶς
3182 2494 3312 2563 περὶ
3341 2493 3561 2544 πάντων
3574 2489 3665 2541 τῶν

2110 2595 2530 2671 χριστοκτόνων·
2551 2591 2601 2644 οἳ
2631 2590 2737 2661 πρὸ
2759 2587 2854 2642 τοῦ
2886 2587 3098 2640 ἀνελεῖν
3119 2585 3280 2638 αὐτὸν
3310 2585 3371 2635 ἐν
3395 2581 3664 2651 ὑποκρίσει

2110 2690 2305 2757 λόγους
2338 2684 2489 2756 αῦτῷ
2539 2682 2880 2752 προσέφερον
2907 2677 3170 2742 ἁπαλοὺς,
3215 2674 3414 2728 Ῥαεὸὶ
3467 2671 3664 2726 καλοῦν-

2108 2799 2201 2844 τες
2243 2782 2338 2834 καὶ
2387 2779 2680 2847 λέγοντεςο
2733 2773 2994 2840 Οτδαμεν
3061 2770 3150 2823 ὅτι
3217 2767 3462 2833 ἀληθὴς
3487 2762 3663 2827 simul

2108 2873 2224 2940 τὴν
2256 2871 2402 2926 ὁδὸν
2439 2865 2546 2920 τοῦ
2582 2865 2731 2920 Θεοῦ
2758 2864 2829 2916 ἐν
2858 2861 3109 2928 ἀληθείᾳ
3134 2859 3468 2922 διδάσκεις,
3503 2860 3586 2910 καὶ
3609 2858 3665 2908 τὰ

2107 2962 2360 3017 τοιαῦτα.
2391 2957 2558 3012 Αὐτοὶ
2587 2957 2641 3009 δὲ
2664 2952 2806 3026 ἦσαν
2835 2955 2982 3007 ἔνδον
3002 2949 3319 3021 ἠκονημένα
3357 2948 3513 3018 βέλη,
3556 2948 3663 3015 ὁρε-

2109 3054 2320 3124 γόμενα
2343 3049 2445 3104 τοῦ
2475 3049 2707 3120 αἵματος
2743 3043 2929 3099 αὑτοῦ.
2955 3042 3184 3110 Λέγοιτο
3217 3040 3261 3093 δ’
3286 3041 3354 3092 ἂν
3383 3041 3557 3092 ταῦτα
3582 3037 3662 3090 καὶ

2112 3147 2239 3216 περὶ
2288 3144 2384 3197 τοῦ
2412 3141 2607 3206 Σαοὺλ,
2636 3140 2694 3204 ὃς
2727 3139 3161 3210 ὑποκρινόμενος
3215 3132 3369 3200 ἔλεγε
3389 3147 3405 3163 ο
3468 3130 3662 3184 Τέκνον

433 3221 530 3286 qui
565 3218 851 3290 Propheta:
884 3232 1073 3276 nostro
1110 3225 1324 3291 blande,
1366 3228 1460 3282 sed
1494 3229 1749 3285 simulate
1775 3231 2000 3301 loquens

2121 3235 2306 3298 Δαϐίδ,
2338 3234 2430 3288 καὶ
2472 3234 2526 3287 εί
2551 3248 2602 3283 τι
2635 3228 2898 3284 τοιοῦτον.

434 3309 645 3366 dicebat
677 3329 691 3365 :
728 3310 838 3366 Fili
867 3313 1059 3383 David,
1089 3325 1142 3370 et
1171 3318 1274 3372 alia
1305 3319 1644 3389 hujusmodi.

511 3401 672 3458 Vsus.
699 3404 786 3459 25.
819 3404 979 3460 laeta
1040 3411 1326 3479 cogitatum
1383 3421 1530 3466 tuum
1579 3414 1633 3466 in
1675 3412 1918 3480 Domino,
1952 3423 2000 3468 et

432 3494 546 3562 ipse
581 3505 627 3549 te
662 3499 910 3552 enutriet.
941 3500 1226 3566 Omnibus,
1267 3502 1360 3573 qui
1397 3504 1612 3559 insidiis
1645 3506 1997 3575 impetuntttr,

437 3599 785 3642 communem
834 3590 1265 3646 admonitionem
1309 3594 1530 3663 praebet.
1576 3596 1693 3663 Ipse
1719 3596 1886 3660 enim,
1917 3597 2002 3650 in.

439 3678 574 3746 quit,
611 3679 895 3746 Dominus,
928 3683 972 3736 si
1007 3683 1058 3737 in
1083 3699 1147 3739 eo
1173 3684 1419 3740 fiduciam
1456 3687 1732 3754 habueris,
1765 3689 2004 3744 enutriet

442 3779 494 3823 te
523 3786 537 3834 ;
571 3772 713 3840 quod
751 3772 797 3827 si
829 3776 1050 3840 nutriet,
1085 3776 1275 3830 induet
1304 3777 1465 3831 etiam
1494 3794 1510 3842 ;
1571 3787 1625 3833 et
1682 3778 1731 3834 si
1792 3779 2000 3845 induet,

436 3863 714 3918 custodiet
744 3863 968 3933 insuper
987 3873 1043 3919 et
1071 3867 1344 3921 liberabit.

509 3952 634 4006 Non
674 3954 822 4008 dabit
853 3959 905 4009 in
941 3957 1196 4010 stecufum
1229 3959 1626 4028 ﬂuctuationem
1676 3961 1845 4030 justo.
1882 3958 2002 4017 Non

436 4043 505 4098 ad
531 4045 788 4107 multum,
821 4047 1020 4117 inquit,
1073 4057 1293 4120 tempus
1321 4051 1473 4107 dabit
1500 4053 1651 4123 justo
1703 4064 2002 4125 tempesta-

441 4147 571 4200 tem,
599 4147 690 4191 aut
722 4142 1013 4207 procellam
1049 4145 1434 4198 tentationum.
1473 4145 1562 4199 Ait
1591 4147 1733 4210 enim
1764 4145 2002 4218 Aposto-

435 4227 524 4281 lus
577 4242 592 4278 :
628 4229 829 4284 Fidelis
863 4231 1024 4298 Deus,
1056 4235 1147 4304 qui
1201 4251 1303 4288 non
1343 4237 1606 4302 permittet
1668 4254 1760 4293 nos
1807 4239 2001 4294 tentari

436 4336 602 4388 supra
659 4321 734 4387 id,
790 4324 931 4391 quod
992 4339 1275 4393 possumus
1306 4326 1374 4380 “.
1417 4327 1565 4382 Dixit
1616 4339 1796 4384 autem
1832 4329 2001 4386 Deum

436 4425 546 4466 non
577 4412 832 4468 daturum
868 4416 1218 4481 tentationes,
1267 4435 1380 4474 non
1425 4422 1553 4489 quia
1609 4419 1726 4491 ipse
1780 4435 1873 4476 eas
1906 4422 2004 4476 im-

436 4504 636 4568 mittat,
687 4505 781 4561 sed
823 4507 952 4578 quia
989 4509 1319 4578 permittens
1352 4525 1446 4568 eas
1475 4527 1505 4565 a
1542 4510 1790 4569 daemone
1839 4513 2000 4569 nobis

432 4595 645 4662 inferri,
677 4599 794 4668 ipse
843 4600 969 4655 illas
995 4603 1409 4670 quodammodo
1437 4605 1652 4661 videtur
1679 4605 1998 4671 immittere,
2029 4595 2075 4651 Β

432 4702 557 4740 cum
593 4690 882 4756 prohibere
916 4693 1190 4761 potuisset
1213 4701 1266 4748 et
1304 4709 1412 4749 non
1446 4697 1813 4764 prohibuerit.

505 4774 670 4829 Vens.
697 4777 786 4829 24.
823 4776 898 4829 Τιι
940 4789 1135 4845 autent,
1162 4780 1324 4844 Deus,
1355 4782 1575 4837 deduces
1597 4800 1683 4838 eos
1717 4786 1772 4838 in
1787 4797 2001 4853 puteum

430 4864 696 4920 interitus.
729 4867 836 4923 Eos
879 4869 1024 4934 dico,
1069 4873 1160 4940 qui
1212 4874 1476 4928 adversus
1525 4875 1844 4934 innocentes
1877 4889 2000 4936 ten-

431 4955 568 5009 dunt
597 4957 848 5013 insidias.
895 4957 998 5014 Per
1029 4969 1252 5030 puteum
1300 4973 1480 5020 autem
1515 4965 1790 5034 interitus,
1817 4980 1998 5028 vastas

431 5048 695 5115 quasdam
754 5065 819 5105 ac
845 5052 1009 5107 veluti
1045 5056 1114 5108 ob
1146 5054 1251 5110 loci
1298 5056 1728 5125 profunditatem
1776 5061 2006 5117 inevita-

431 5140 566 5195 biles
595 5155 784 5210 paanas
814 5143 1103 5214 intelligit;
1137 5148 1267 5216 quia
1309 5148 1355 5202 si
1391 5149 1520 5218 quis
1552 5150 1607 5203 in
1639 5159 1862 5219 puteum
1907 5169 2004 5208 ce-

429 5229 646 5296 ciderit,
681 5247 787 5286 non
825 5233 894 5289 de
923 5233 1072 5289 facili
1109 5235 1260 5291 illinc
1287 5239 1468 5293 exitus
1499 5247 1702 5306 pateat.

506 5319 623 5375 Viri
663 5325 1004 5395 sanguinum,
1048 5336 1096 5381 et
1130 5327 1304 5383 dolosi
1357 5345 1459 5381 non
1490 5327 1845 5383 dimidiabuut
1890 5331 2002 5387 dies

2187 3411 2538 3480 ἐπίρῤιψον
2556 3405 2656 3462 ἐπὶ
2673 3406 2893 3486 Κύριον
2917 3403 3031 3470 τὴν
3059 3399 3358 3470 μέριμναν
3407 3413 3548 3465 σου,
3573 3395 3658 3450 καί

2102 3505 2287 3569 αὐτός
2316 3517 2391 3555 σε
2439 3499 2765 3567 διαθρέψει.
2824 3493 3022 3565 Κοινὴν
3074 3497 3310 3546 ποιεῖται
3337 3491 3479 3560 πρὸς
3509 3489 3662 3542 ἄπαν-

2101 3614 2201 3660 τας
2261 3591 2790 3659 ἐπιϐουλευομένους
2836 3586 3160 3657 παραίνεσιν
3189 3601 3201 3614 ο
3249 3583 3414 3644 αὐτὸς
3467 3582 3570 3649 γάρ
3611 3594 3661 3631 σε

2101 3683 2667 3758 διαθρέψει,καὶκατὰ
2703 3681 2862 3750 σῶμα
2889 3679 2985 3731 καὶ
3008 3678 3146 3732 κατὰ
3169 3675 3351 3745 ψυχήν
3377 3689 3391 3703 ο
3420 3675 3472 3726 εἰ
3493 3673 3547 3727 δὲ
3563 3673 3662 3724 ita.

2103 3781 2315 3852 θρέψει,
2352 3785 2450 3832 καὶ.
2484 3777 2732 3832 ὲνδῦσειο
2769 3775 2818 3827 εί
2863 3771 2920 3824 δὲ
2944 3770 3040 3824 καὶ
3076 3769 3309 3834 susum,
3332 3767 3430 3821 καὶ
3451 3763 3658 3834 φυλάξει

2103 3876 2197 3928 καὶ
2227 3873 2474 3943 ῥύσεται.

2180 3968 2265 4021 Οὐ
2294 3964 2478 4018 δώσει
2511 3965 2600 4027 είς
2647 3963 2756 4014 τὸν
2799 3956 2988 4013 αιῶνα
3051 3955 3253 4010 σάλον
3307 3951 3389 4018 τῷ
3441 3950 3657 4011 δικαίῳ.

2103 4058 2178 4112 Οὐ
2231 4056 2393 4108 δώσει
2447 4055 2611 4124 μέχρι
2671 4048 2868 4104 πολλοῦ
2899 4047 3145 4102 κλύδωνα
3168 4045 3242 4115 τῷ
3287 4043 3659 4113 δικαίῳοφησὶ

2102 4150 2212 4220 γὰρ
2242 4149 2272 4200 ὁ
2310 4144 2658 4208 ’Δπόστολος,
2719 4143 2803 4196 ὅτι
2857 4139 3079 4204 Πιστὸς
3125 4139 3159 4191 ὀ
3217 4136 3386 4201 Θεὸς,
3445 4133 3514 4198 ὃς
3561 4133 3659 4186 οὐκ

2102 4240 2270 4296 ἐάσει
2305 4237 2459 4309 ἡμᾶς
2480 4233 2880 4304 πειρασθῆναι
2900 4229 3054 4298 ὑπὲρ
3076 4226 3108 4282 ὃ
3133 4226 3464 4296 δυνάμεθα.
3490 4252 3560 4264 —
3585 4223 3657 4275 οὐ

2104 4333 2285 4390 δώσει
2307 4331 2364 4386 δὲ
2387 4326 2561 4394 εἶπεν,
2584 4329 2667 4383 ὅτι
2694 4322 3046 4396 παραχωρῶν
3069 4319 3376 4389 ἐπάγεσθαι
3421 4317 3524 4370 ὑπὸ
3557 4315 3660 4368 δια-

2103 4428 2260 4483 σόλου
2289 4425 2418 4488 τοὺς
2449 4420 2813 4494 πειρασμοὺς,
2877 4415 3028 4470 δοκεῖ
3083 4411 3250 4475 αὐτὸς
3270 4410 3498 4472 τούτους
3532 4405 3657 4461 tud-

2103 4536 2245 4590 γειν,
2269 4518 2354 4572 ὃτι
2381 4514 2624 4570 κωλῦσαι
2652 4509 2977 4579 δυνάμενος,
2996 4505 3100 4561 οὐκ
3127 4503 3393 4561 ἐκώλυσε.

2173 4773 2258 4829 Σὺ
2297 4771 2388 4840 δὲ,
2425 4771 2458 4826 ὀ
2493 4768 2660 4836 Θεὸς,
2681 4765 2963 4832 κατάξεις
2987 4763 3212 4828 αὐτοὺς
3231 4780 3321 4828 εις
3333 4761 3516 4833 φρέαρ
3539 4759 3654 4814 δια·

2104 4866 2352 4940 φθορᾶς.
2394 4863 2533 4924 Τοὺς
2589 4857 3039 4920 ὲπιὸουλεύοντας
3073 4859 3185 4920 τοῖς
3225 4855 3426 4918 ἀθώοις
3452 4870 3465 4885 ·
3494 4852 3656 4923 φρέαρ

2103 4962 2213 5031 γὰρ
2241 4959 2538 5030 διαφθορᾶς
2565 4951 2720 5009 εἶπεν
2751 4953 2811 5006 τὸ
2859 4953 2996 5024 βαθὺ
3027 4950 3121 5004 καὶ
3167 4950 3408 5018 ἄφυκτον
3458 4945 3556 5014 τῆς
3582 4959 3656 4996 τι·

2106 5054 2318 5125 μωρίας
2352 5069 2368 5084 ο
2391 5050 2635 5105 τοιοῦτον
2664 5047 2772 5118 γὰρ
2806 5045 2868 5099 τὸ
2897 5046 3099 5118 φρέαρ.

2176 5325 2426 5392 Ἀγόρες
2462 5318 2723 5388 αἱμάτων
2747 5317 2847 5370 καί
2879 5315 3230 5381 δολιότητος
3285 5330 3357 5368 ου
3383 5328 3462 5382 μη
3524 5309 3649 5375 ἡμι-

426 5427 572 5466 suos.
626 5412 790 5481 Atqui
841 5416 895 5468 in
938 5415 1150 5483 psalmo
1200 5416 1604 5486 septuagesimo
1658 5419 1896 5472 secundo
1923 5419 1992 5474 de

2121 5417 2372 5471 γεύσωσι
2397 5412 2502 5480 τὰς
2529 5411 2749 5481 ἡμέρας
2783 5408 3000 5464 αὐτῶν.
3033 5409 3143 5461 Καὶ
3193 5407 3299 5478 μὴν
3358 5409 3412 5459 ὲν
3459 5403 3537 5471 τῷ
3581 5399 3650 5468 ορ

430 5501 744 5570 hujusmodi
797 5504 1116 5561 hominibus
1177 5506 1450 5576 Propheta
1485 5507 1638 5576 dicit,
1691 5510 1835 5579 quod
1882 5511 1990 5564 dies

2121 5505 2304 5577 μαλμῷ
2333 5503 2598 5576 περὶτῶν
2631 5502 2888 5556 τοιούτων
2917 5501 3088 5570 λέγει,
3146 5499 3230 5551 ὅτι
3311 5498 3403 5550 καὶ
3450 5492 3649 5560 ἡμέραι

426 5593 569 5660 pleni
616 5596 964 5652 invenientur
1013 5599 1068 5652 in
1119 5601 1221 5654 eis.
1257 5600 1460 5654 Verum
1515 5599 1591 5656 ibi
1640 5601 1830 5671 plenos
1875 5602 1993 5658 dies

2121 5596 2354 5666 πλήρεις
2383 5593 2811 5663 εὑρεθήσονται
2835 5593 2905 5646 ἐν
2933 5591 3157 5659 αὐτοῖς.
3177 5590 3345 5662 Δῆλον
3375 5588 3458 5642 οῦν
3487 5588 3567 5638 ὅτι
3597 5587 3649 5634 ὲν

427 5684 585 5750 dixit,
619 5688 918 5754 respiciens
950 5703 1059 5744 non
1101 5688 1169 5742 ad
1201 5690 1342 5758 vitae,
1372 5691 1470 5745 sed
1515 5691 1585 5747 ad
1615 5691 1870 5748 vitiorum
1930 5707 1996 5747 ac

2121 5691 2297 5760 ικείνῳ
2328 5688 2553 5759 πλήρεις
2577 5687 2676 5752 τὰς
2701 5687 2913 5759 ἡμέρας
2955 5685 3148 5758 φησὶν,
3179 5684 3242 5738 οὐ
3289 5682 3421 5754 πρὸς
3460 5676 3647 5748 μέτρον

501 5872 544 5902 ⁸⁸
569 5871 726 5928 Deut.
756 5871 928 5934 ".5:
970 5870 1161 5931 Matth.
1225 5888 1338 5937 xu,
1393 5873 1448 5930 9.
1528 5875 1570 5908 "
1605 5873 1796 5930 Matth.
1855 5887 1989 5941 χχιι,

2185 5872 2228 5905 ιδ
2259 5869 2273 5923 l
2301 5871 2427 5928 Cor.
2467 5889 2520 5939 ι,
2557 5869 2646 5924 15.
