3834 6548
138 394 225 455 585
1048 422 1058 434 ο
1279 383 1668 446 COMMENT.
1732 382 1813 443 IN
1856 382 2218 445 PSALMOS.
3266 376 3377 442 585

146 511 228 579 τῆς
252 506 401 575 ζωῆς.
427 496 584 555 illi”
610 496 745 568 πρδς
770 497 867 569 τὴν
918 497 1142 561 κακίαν,
1202 499 1287 552 ὅτι
1339 499 1398 551 ai
1466 498 1676 569 ἡμέρας

1805 497 2010 552 nalitite
2056 507 2393 551 mensuram.
2448 492 2672 547 Illorum
2710 491 2858 548 enim
2886 490 3005 548 dies
3035 491 3186 548 vitiis
3226 492 3379 564 pleni

155 600 311 656 αὐτῶν
331 595 542 664 πλήρεις
572 592 672 662 τῆς
705 590 925 655 κακίας.
979 591 1244 647 Ἐνταῦθα
1286 591 1343 645 δέ
1378 608 1567 663 φησιν,
1602 593 1685 647 δτι

1805 602 1988 655 erant;
2016 590 2122 644 hoc
2149 596 2332 643 autem
2366 587 2420 640 in
2448 587 2568 641 loco
2596 586 2695 650 ait,
2726 585 2872 657 quod
2896 586 3206 656 praevidens
3237 587 3405 643 lteus‘

156 686 387 761 προειδὼς
410 686 437 737 ὁ
462 684 591 746 Θεὸς
622 681 719 754 τήν
749 682 1021 754 ἀμετρίαν
1071 686 1170 754 τῆς
1219 684 1421 747 κακίας
1482 684 1686 749 αὐτῶν,

1805 684 2070 738 scelerum
2113 680 2539 735 immensitatem
2568 716 2586 743 ,
2616 693 2711 734 eos
2735 688 2865 734 ante
2891 688 3108 749 tempus
3163 680 3382 744 evellet,

156 776 499 852 προεκθερίζει
528 777 767 840 τούτους,
802 775 890 830 ἵνα
928 776 1003 847 μὴ
1040 776 1225 831 πλεῖον
1248 776 1567 847 ἁμάρτωσι,
1592 779 1691 832 καὶ⁹

1805 792 1864 830 ne
1884 774 2101 829 scilicet
2127 772 2302 842 magis
2328 781 2555 842 peccent
2576 787 2590 825 :
2610 771 2753 826 unde
2776 770 2963 825 divina
2987 772 3278 842 castigatio
3298 773 3382 827 eis

154 875 332 941 γίνεται
362 866 734 939 φιλανθρωπία
774 869 808 937 ή
841 867 1101 938 τιμωρία.
1173 868 1232 921 ’0
1271 868 1329 921 δὲ
1374 867 1536 937 λόγος
1587 868 1690 922 οὐκ

1805 864 2032 920 edicitur
2084 864 2139 917 in
2168 861 2632 918 misericordiam.
2678 862 2744 916 Et
2779 879 2963 919 sermo
2990 864 3093 919 iste
3126 880 3234 918 non
3262 863 3387 918 uni-

153 965 248 1018 ίστι
274 960 563 1024 καθολικδς,
616 958 731 1012 ἀλλ’
784 960 892 1013 ἀπὸ
925 960 1020 1012 τοῦ
1076 959 1467 1023 πλεονάζοντος
1492 975 1507 991 ⁸
1568 959 1692 1013 ἐπεί

1805 954 2056 1021 versalis,
2080 952 2299 1007 tametsi
2341 953 2396 1007 in
2425 951 2676 1022 pluribus
2712 951 2767 1007 id
2801 953 3103 1021 contingat.
3140 952 3392 1008 Nonnul-

152 1072 272 1117 τινες
295 1052 535 1116 τοιοῦτοι,
563 1053 626 1121 τῇ
659 1049 829 1123 κακίᾳ
865 1053 1379 1121 συγκατεγήρασαν.
1417 1046 1586 1107 Εἶπεν
1637 1051 1697 1105 δέ.

1805 1050 1880 1103 los
1910 1048 2060 1106 enim
2111 1062 2237 1101 eum
2294 1046 2413 1101 suis
2458 1045 2609 1101 vitiis
2658 1044 2911 1102 videmus
2959 1061 3386 1103 consenescere.

151 1146 301 1209 τοῦτο,
335 1145 666 1215 ἐκδειματῶν
692 1144 819 1207 τοὺς
848 1145 1128 1212 φονικοὺς,
1158 1145 1255 1198 καὶ
1282 1144 1493 1208 δολίους
1523 1161 1540 1177 ⁸
1598 1144 1695 1200 άν-

1805 1140 1915 1195 Iloe
1967 1150 2151 1195 autem
2209 1139 2367 1205 dixit,
2418 1147 2478 1193 ut
2526 1139 2979 1211 sanguinolentos
3044 1154 3110 1196 ac
3164 1141 3391 1198 dolosos

152 1239 253 1305 δρες
281 1237 333 1291 δέ
358 1236 605 1305 αἱμάτων
633 1236 726 1290 καὶ
760 1235 1075 1307 δολιότητος
1118 1236 1367 1308 εἴρηκεν,
1400 1243 1477 1302 ὡς
1508 1238 1697 1309 ἀνδρι-

1805 1234 1952 1289 viros
1997 1232 2480 1304 perlerrefaceret.
2519 1230 2680 1287 Viros
2719 1240 2907 1287 autem
2963 1233 3292 1303 sanguinum
3338 1242 3392 1288 ct

152 1330 377 1399 ζομένους
405 1331 485 1392 εἰς
517 1329 712 1398 φόνους
744 1330 839 1383 καὶ
858 1329 1041 1394 δόλους
1075 1345 1089 1359 ·
1123 1330 1212 1384 διά
1264 1330 1321 1385 δὲ
1375 1331 1468 1385 τοῦ
1521 1329 1696 1395 δόλου,

1805 1325 2026 1381 dolosos
2055 1325 2217 1388 dixit,
2272 1324 2439 1381 veluti
2470 1324 2709 1380 viriliter
2754 1332 2982 1395 agentes
3032 1326 3178 1380 circa
3229 1325 3390 1380 dolos

151 1422 305 1474 πᾶσαν
337 1420 530 1475 κακίαν
558 1417 799 1491 ᾐνίξατο.
837 1421 1049 1485 Ἀλλως
1102 1439 1184 1487 τε,
1239 1422 1430 1494 ὥσπερ
1484 1422 1699 1493 ἄνθρω-

1808 1429 1864 1475 et
1900 1420 2074 1475 cades
2108 1438 2121 1474 :
2155 1428 2208 1474 et
2244 1434 2342 1488 per
2371 1417 2557 1473 dolum
2586 1434 2753 1473 omne
2783 1418 2978 1473 vitium
3009 1419 3288 1489 intelligit.
3324 1419 3393 1474 Et

151 1529 233 1564 πον
255 1511 461 1581 εἰρήνης
491 1511 641 1579 λέγει
691 1511 786 1565 τὸν
837 1513 1137 1583 εἰρηνικὸν,
1188 1512 1330 1566 οὕτω
1374 1514 1469 1568 καὶ
1524 1512 1697 1583 ἄνδρα

1805 1510 2271 1582 quemadmodum
2318 1526 2701 1581 saepenumero
2746 1510 2922 1566 virum
2959 1513 3134 1580 pacis,
3177 1512 3389 1567 dictum

150 1603 381 1675 αἱμάτων,
406 1603 494 1657 τὸν
518 1604 823 1676 αίμοχαρῆ,
856 1606 952 1657 καὶ
970 1606 1071 1658 ὅσα
1104 1603 1355 1659 τοιαῦτα.

1805 1605 2111 1674 reperimus
2146 1605 2290 1675 apud
2326 1602 2669 1674 Scripturam
2692 1645 2705 1668 ,
2743 1619 2843 1676 pro
2878 1606 2994 1660 viro
3025 1605 3277 1676 paciﬁco,
3321 1606 3397 1666 ita

151 1710 193 1773 et
223 1703 379 1755 virum
404 1702 731 1770 sanguinum
761 1718 912 1758 nunc
955 1703 1082 1774 poni
1124 1702 1402 1765 videmus.
1438 1718 1541 1775 pro
1572 1703 1689 1757 viro
1729 1702 2091 1771 sanguinario
2118 1743 2133 1767 ,
2171 1702 2277 1757 hoc
2306 1710 2427 1769 est,
2471 1714 2576 1768 pro
2608 1718 2677 1758 eo
2742 1702 2839 1773 qui
2904 1704 3175 1764 sanguine
3242 1707 3396 1762 dele-

152 1803 318 1848 ctatur.
346 1795 408 1848 Et
435 1793 541 1847 alia
570 1792 824 1865 ejusdem
859 1794 1029 1851 modi.

218 1904 348 1975 ἐγὼ
366 1903 450 1969 δὲ,
481 1906 685 1974 Κύριε,
717 1905 910 1962 eamdi
938 1907 1038 1961 ἐπὶ
1075 1908 1177 1963 σέ.
1237 1909 1409 1963 Τοῦτο
1466 1906 1698 1977 σύνηθες

1881 1905 1994 1972 Ego
2029 1914 2207 1958 autem
2258 1904 2481 1974 sperabo
2512 1905 2569 1957 in
2604 1913 2678 1968 te,
2704 1903 2951 1966 Domine.
2984 1904 3109 1960 llaec
3141 1916 3229 1962 est
3270 1924 3392 1964 cono

155 1999 223 2051 ἀεὶ
242 1996 552 2069 ἐπιφώνημα
586 1998 666 2067 τῷ
691 1999 858 2054 Δαὸίδ
890 2018 906 2033 °
933 2000 1082 2067 ἅπαξ
1110 2001 1219 2073 γάρ
1268 2001 1551 2073 πειραθεὶς
1606 2000 1699 2054 τοῦ

1808 2008 1964 2052 sueta
1998 1994 2276 2051 invocatio
2307 1994 2450 2050 beati
2483 1993 2655 2048 David
2684 2012 2698 2047 :
2724 1995 2818 2064 qui
2848 2011 2973 2051 cum
3010 1998 3215 2068 sapius
3244 1999 3398 2055 illius

156 2088 332 2160 καρποῦ
354 2092 450 2161 τῆς
475 2089 557 2154 είς
586 2090 722 2146 Θεὸν
759 2091 996 2159 ἐλπίδος,
1022 2095 1117 2148 καὶ
1142 2095 1353 2160 ἐλπίζει
1384 2095 1587 2159 διόλου,
1611 2094 1706 2148 καὶ

160 2178 364 2242 ἐλπίζειν
413 2178 694 2248 ὁμολογεῖ.
751 2178 1012 2251 Ἀρμόσει
1061 2182 1108 2235 δ’
1149 2183 1218 2237 ἂν
1242 2185 1336 2238 καὶ
1358 2186 1489 2254 ήμίν
1517 2186 1545 2237 ό
1571 2180 1705 2252 ψαλ-

160 2269 365 2341 μὺς,(93)
386 2270 549 2341 χωρὶς
566 2270 771 2339 ὀλίγων
789 2272 991 2343 ῥητῶν,
1028 2275 1064 2329 ἃ
1094 2277 1190 2329 καὶ
1213 2277 1495 2346 προϊόντες
1511 2291 1704 2345 σημει-

165 2362 404 2433 ωσόμεθα.
435 2362 517 2415 Τά
548 2361 656 2432 μὲν
673 2358 767 2416 οῦν
793 2362 1064 2433 εῦληπτα,
1094 2366 1415 2437 παρήσομεν
1443 2366 1701 2428 νοεῖσθαι,

159 2456 273 2508 κατὰ
290 2455 378 2525 τήν
411 2454 524 2526 (94)
547 2456 1069 2528 προαποδεδομένην
1110 2458 1375 2529 ἐξήγησιν
1408 2476 1421 2490 ·
1481 2459 1549 2512 τά
1574 2458 1703 2511 δυσ-

158 2546 409 2616 χερέστερα
459 2546 539 2613 δέ,
579 2547 1099 2618 μεταχειρισόμεθα.
1163 2549 1601 2618 Ἐλυπήθηνὲν
1627 2549 1703 2619 τῇ

158 2637 448 2708 ἀδολεσχίᾳ
488 2656 641 2708 μου,
695 2639 921 2711 δηλαδὴ,
956 2643 1025 2712 τῇ
1072 2639 1210 2712 πρὸς
1261 2642 1393 2706 τοὺς
1431 2642 1702 2712 ἐμπαθεῖς

162 2729 412 2801 λογισμοὺς
434 2731 631 2803 ὁμιλία
661 2749 765 2803 μου
791 2749 805 2763 ο
838 2732 1017 2804 λύπην
1047 2734 1155 2805 γὰρ
1190 2733 1416 2806 ὕστερον
1440 2738 1503 2790 ἐκ
1531 2753 1701 2804 μετα-

163 2822 343 2888 μελείας
376 2823 633 2893 ἐπιφέρει
662 2838 674 2851 ⁸
706 2822 830 2894 ἢτῇ
863 2826 1000 2895 πρὸς
1030 2826 1155 2888 τοὺς
1176 2826 1437 2895 τυχόντας
1486 2826 1701 2897 ἀνθρώ-

162 2928 268 2975 πους
320 2914 677 2986 ἀκαιρολογίᾳ
739 2932 842 2986 μου
870 2931 886 2946 ·
936 2917 1031 2969 καὶ
1079 2916 1411 2987 ἐταράχθην,
1462 2916 1572 2970 άπὸ
1602 2918 1702 2988 τῆς

1808 2090 1922 2160 spei
1946 2089 2188 2143 fructum
2202 2086 2665 2157 expertusfuerit,
2680 2090 2866 2158 quaein
2884 2087 3057 2145 Deum
3088 2098 3196 2156 est,
3220 2092 3398 2161 impo-

1806 2190 2016 2237 sterum
2061 2189 2116 2236 et
2156 2180 2411 2236 stabilem
2441 2180 2494 2234 in
2523 2194 2589 2235 eo
2623 2195 2777 2250 spem
2818 2181 3077 2249 collocat,
3122 2192 3177 2239 et
3224 2185 3397 2239 collo-

1808 2286 1967 2327 casse
1998 2286 2118 2326 eam
2153 2269 2467 2326 conﬁtetur.
2509 2269 2781 2339 Congruit
2805 2271 2972 2326 etiam
3019 2273 3108 2329 hic
3148 2274 3398 2343 psalmus

1806 2363 2067 2418 omnibus
2093 2360 2367 2426 ﬁdelibus,
2394 2360 2588 2430 paucis
2617 2369 2830 2416 tantum
2859 2364 3129 2434 exceptis,
3181 2380 3301 2434 quae
3341 2364 3396 2419 in

1806 2469 2104 2525 progressu
2143 2451 2480 2508 declarando
2525 2451 2999 2522 signiﬁcabimus;
3057 2470 3246 2510 verum
3285 2473 3396 2513 non

1805 2550 1988 2606 omnia
2018 2564 2237 2606 rursum
2269 2564 2633 2619 exponemus,
2662 2549 2759 2604 sed
2789 2549 3117 2605 obscuriora
3158 2559 3397 2606 tantum.

1804 2642 1940 2699 Nam
1980 2656 2102 2714 quae
2136 2641 2342 2696 facilia
2384 2648 2535 2705 sunt,
2567 2641 2816 2696 sinemus
2851 2642 3078 2713 intelligi
3115 2644 3275 2711 juxta
3303 2660 3399 2700 ειη

1806 2737 2136 2807 positionem
2171 2736 2284 2805 jam
2324 2736 2584 2790 traditam
2620 2753 2633 2790 :
2672 2736 3032 2792 Contristatus
3063 2754 3179 2792 sunt
3216 2739 3271 2792 in
3295 2756 3398 2793 me-

1803 2826 2062 2880 ditatione
2105 2840 2243 2891 mea,
2300 2822 2405 2880 hoc
2456 2833 2580 2890 est,
2623 2824 2679 2880 in
2725 2830 3149 2885 conversatione
3176 2871 3190 2893 ,
3232 2846 3397 2900 quant

1805 2917 1972 2973 babui
1994 2917 2121 2973 dum
2144 2919 2198 2972 in
2220 2917 2648 2988 cogitationibus
2666 2935 2845 2976 essem
2872 2923 3395 2991 perturbatissimis.

161 3002 386 3075 ὺποόολῆς
410 3007 503 3061 τοῦ
537 3006 744 3078 ἐχθροῦ
781 3010 1014 3078 μου-καὶ
1045 3008 1380 3079 άμαρτωλοῦ
1403 3009 1657 3081 δαίμονος
1684 3026 1695 3038 ·

1805 3009 2207 3081 aﬁectibusque
2259 3026 2323 3066 ac
2393 3011 2751 3081 passionibus
2803 3015 3007 3084 plenis.
3061 3015 3398 3086 Hujusmodi

161 3097 401 3169 ἐμάκρυνα
418 3099 473 3153 δέ
507 3099 624 3154 ἀπὸ
657 3099 751 3153 τοῦ
781 3099 939 3167 Θεοῦ,
972 3100 1256 3171 κολληθεὶς
1292 3103 1405 3166 τοῖς
1454 3102 1698 3173 δαίμοσι,

1805 3106 1953 3161 ειιίιιι
2014 3106 2379 3176 cogitationes
2439 3121 2609 3172 mea),
2667 3108 2964 3163 subsecuta
3029 3112 3399 3179 pmnitcntia,

160 3185 227 3240 διὰ
250 3190 331 3260 τῆς
350 3191 438 3245 τοῦ
470 3192 597 3263 βίου
624 3209 727 3263 μου
765 3193 1095 3265 μιαρότητος
1119 3210 1134 3224 ο
1174 3195 1267 3248 καὶ
1316 3194 1582 3265 ηὐλίσθην
1641 3198 1699 3249 ἐν

1809 3197 2057 3254 dolorem
2115 3197 2245 3251 mibi
2293 3198 2551 3254 allerunt.
2638 3197 2733 3255 Vel
2793 3199 2985 3271 [quia
3024 3241 3040 3265 ,
3100 3213 3161 3257 ut
3230 3218 3397 3274 supe-

160 3276 211 3345 τῇ
242 3258 443 3350 ἐρημίᾳ,
470 3258 587 3334 *καὶ
625 3258 916 3352 *ἀκαρπίᾷμ
978 3258 1464 3351 Καταπόντισον,
1506 3258 1699 3355 ιξύριε,

1818 3289 1937 3345 rius
2011 3287 2256 3344 diximus
2304 3328 2318 3353 ,
2368 3286 2558 3344 Graeca
2646 3258 2818 3346 dictio
2874 3258 3197 3363 ’ἀδολεσχία
3246 3258 3390 3351 nron

161 3369 236 3421 καὶ
269 3372 576 3428 καταδίελε
604 3374 712 3441 τὰς
741 3374 1030 3444 γλώσσας
1059 3374 1281 3441 αὐτῶν,
1343 3375 1453 3431 τῶν
1509 3377 1699 3449 δαιμό-

1811 3389 2022 3435 tantum
2054 3380 2497 3447 meditationem,
2529 3381 2623 3438 sed
2661 3383 3031 3453 nugacitatem
3065 3389 3257 3451 etiam,
3299 3397 3395 3442 aut

161 3476 258 3525 νων,
278 3462 404 3518 ὣστε
439 3467 516 3536 μὴ
535 3464 810 3520 δύνασθαι
836 3470 1155 3538 συμφωνεῖν
1194 3470 1273 3532 είς
1300 3468 1399 3533 τὰς
1422 3469 1545 3522 κατ’
1566 3469 1699 3540 ἐμοῦ

1809 3475 2213 3543 argutationcm
2239 3472 2536 3542 signiﬁcat,
2563 3472 2725 3540 juxta
2748 3475 2914 3531 alium
2935 3491 3186 3544 sensum,
3234 3480 3323 3536 dic
3353 3481 3395 3553 ε]

159 3554 422 3622 ἐπιόουλάς,
443 3559 566 3613 Ὅτι
627 3554 794 3613 εἶδον
822 3560 1075 3630 ἀνομίαν
1110 3562 1209 3615 καί
1239 3562 1595 3633 ἀντιλογίαν
1633 3564 1699 3617 ἐν·

1807 3564 2194 3621 Contristatus
2228 3580 2349 3620 sum
2387 3566 2777 3636 intempestivo
2805 3583 3062 3625 sermone
3098 3588 3241 3638 meo,
3288 3590 3401 3643 quo

160 3643 216 3712 τῇ
236 3649 406 3715 πόλει,
440 3651 635 3721 ήγουν,
672 3652 729 3705 ἐν
762 3654 830 3723 τῇ
863 3652 1109 3725 πολιτείᾳ
1143 3654 1346 3712 αὐτῶν.
1414 3655 1699 3727 ’Δνομοῦσι

1807 3657 2037 3713 assidue
2068 3656 2124 3712 in
2152 3657 2493 3727 qttotidianis
2526 3660 2827 3731 colloquiis
2845 3662 3126 3732 superﬂue
3156 3674 3282 3720 utor
3302 3705 3317 3729 ,
3348 3683 3399 3721 et

158 3738 245 3807 γὰρ
277 3740 699 3812 ἁμαρτάνοντες,
732 3743 829 3797 καὶ
856 3744 1202 3814 ἁντιλέτουσι
1242 3748 1353 3810 τοῖς
1389 3750 1505 3811 σοῖς
1534 3765 1699 3819 προσ·

1809 3748 2052 3802 turbatus
2087 3764 2208 3802 sum
2237 3750 2304 3802 ab
2330 3750 2544 3804 inimici
2583 3752 2713 3813 mei,
2749 3760 2805 3807 et
2832 3753 2902 3808 ab
2944 3755 3100 3824 inqui
3167 3772 3233 3812 ac
3272 3773 3402 3827 pec-

157 3830 359 3900 τὰγμασι
388 3849 402 3863 ·
436 3835 595 3906 τείχη
620 3835 677 3888 δὲ
710 3835 901 3907 αὐτῆς,
938 3838 987 3891 oi
1025 3838 1362 3910 ἰσχυρότεροι
1401 3839 1463 3905 ἐξ
1483 3841 1662 3895 αὐτῶν
1687 3858 1699 3873 ·

1807 3843 2015 3899 catoris
2042 3843 2306 3899 daemonis
2331 3845 2686 3915 suggestione
2708 3864 2723 3900 :
2743 3845 3037 3918 Elongatus
3082 3852 3243 3905 etiam
3279 3869 3397 3907 sunt

158 3920 292 3986 κόπος
354 3925 407 3979 δὲ
462 3928 520 3979 ἐν
606 3928 757 3999 μέσῳ
823 3929 1033 3999 αὐτῆς,
1092 3930 1181 3985 διά
1254 3932 1384 3995 τοὺς
1457 3934 1699 4007 στερρὦ

1806 3952 1839 3989 a
1869 3934 1999 4002 Deo,
2027 3943 2082 3990 et
2111 3934 2318 3991 adlnesi
2354 3936 2597 4003 diabolo,
2629 3941 2813 4008 pravis
2859 3942 3120 3997 nimirum
3154 3946 3393 4000 actioni-

157 4010 306 4079 αὐτοῖς
351 4017 891 4091 άνταγωνιζομένους
918 4038 932 4053 ·
995 4021 1249 4077 πλατεῖαι
1301 4024 1361 4077 δὲ
1411 4025 1608 4096 αὐτῆς,
1645 4029 1699 4080 αἱ

1808 4028 1911 4084 bus
1929 4029 2102 4095 meis;
2139 4039 2187 4084 et
2215 4030 2391 4083 mansi
2410 4032 2466 4084 in
2490 4031 2805 4098 solitudine,
2826 4050 2923 4089 seu
2963 4033 3051 4107 [ut
3077 4038 3401 4107 expressius

154 4102 242 4155 ὁδοὶ
264 4107 449 4176 αὐτῶν,
484 4111 561 4175 ὡς
592 4111 968 4183 άντικείμεναι
1007 4117 1071 4185 τῇ
1096 4117 1255 4187 στενῇ
1277 4115 1382 4186 ὁδῷ
1401 4116 1493 4171 τοῦ
1521 4116 1661 4171 Θεοῦ
1682 4134 1697 4147 ⁸

158 4194 287 4259 τόκος
312 4199 385 4264 δέ,
419 4203 451 4273 ή
484 4202 776 4274 προσθήκη
809 4206 904 4271 καὶ
929 4205 1156 4273 επαυξις
1189 4208 1288 4277 τῆς
1330 4208 1443 4279 (95)
1498 4209 1698 4281 προθυο

157 4287 261 4354 μίας
290 4308 303 4322 ·
339 4296 397 4346 τὸ
429 4295 505 4359 δὲ,
542 4296 678 4348 Ὀτι
702 4297 755 4349 ει
785 4297 816 4350 ὁ
849 4297 1064 4367 ἐχθρὸς
1091 4299 1371 4353 ὠνείδισέ
1391 4318 1490 4370 με,
1515 4302 1610 4355 καὶ
1631 4304 1702 4357 τὰ

154 4378 273 4449 ἑξῆς,
305 4384 424 4456 άχρι
448 4387 567 4453 τοῦ,
616 4388 863 4443 Ἐλθέτω
898 4390 975 4459 δὴ
1006 4391 1264 4458 θάνατος
1302 4392 1396 4445 ἐπ’
1453 4395 1698 4463 αὐτοὺς,

152 4478 392 4552 προσώπῳ
450 4482 544 4535 τοῦ
606 4482 844 4553 Χριστοῦ
904 4484 1015 4555 (96)
1072 4485 1368 4555 λέγονται,
1412 4487 1555 4542 κατὰ
1604 4488 1699 4541 τοῦ

161 4567 321 4636 Ἰούδα,
350 4574 531 4638 καθὼς
559 4575 866 4647 εἰρήκαμεν
901 4592 917 4608 ⁸
972 4578 1174 4632 ἐλθέτω
1211 4578 1269 4632 δὲ
1325 4579 1554 4645 θάνατος
1604 4582 1699 4634 ἐπὶ
1735 4616 1777 4669 D

150 4663 251 4725 τοὺς
283 4666 557 4737 δαίμονας,
595 4669 715 4738 ήτοι
758 4671 1028 4742 παντελὴς
1081 4673 1466 4743 άνενεργησία.
1529 4674 1603 4728 Τὸ
1644 4676 1701 4729 δὲ

152 4752 259 4822 ἑξῆς
286 4763 756 4834 προηρμήνευται.
783 4763 1076 4833 Παροικίαι
1108 4764 1166 4817 δέ
1194 4764 1400 4829 αὐτῶν,
1465 4766 1516 4818 oi
1564 4765 1703 4837 πλη-

152 4851 341 4916 σιασμοὶ
372 4854 553 4908 αὐτῶν
575 4856 711 4926 πρὸς
738 4855 906 4925 ἡμᾶς.
933 4855 1074 4920 Τοὺς
1107 4855 1305 4919 αὐτοὺς
1342 4856 1401 4910 δὲ
1440 4853 1551 4910 νόει
1609 4874 1701 4927 μοι

150 4937 228 4989 καὶ
260 4941 592 5011 ἐγγίζοντας,
628 4946 724 5009 ,ὡς
754 4948 840 5001 ἀεὶ
890 4946 1334 5018 προσϐάλλοντας
1387 4949 1541 5019 ήμτν.
1596 4948 1700 5003 Ἐν

148 5035 373 5101 πολλοῖς
403 5036 469 5089 δὲ
500 5035 665 5109 ἦσαν
697 5039 822 5093 σὺν
845 5040 1000 5109 ἐμοὶ,
1037 5041 1162 5095 ἀντὶ
1188 5040 1280 5094 τοῦ
1314 5041 1419 5095 Σὺν
1474 5040 1693 5103 πολλοῖς

148 5112 266 5187 ἦσαν
288 5129 339 5177 ἐν
368 5129 513 5197 ἐμοὶ,
536 5133 653 5182 κατ’
675 5130 976 5201 ἐναλλαγὴν
998 5130 1106 5184 τῶν
1128 5131 1443 5203 προθέσεων
1470 5148 1483 5162 ⁸
1508 5132 1689 5198 ὅέστι,

148 5205 311 5265 Πολλοὶ
341 5217 601 5285 συνῆλθον
636 5219 758 5273 κατ’
795 5220 953 5291 ἐμοῦ.
981 5222 1096 5275 Οὐκ
1120 5221 1235 5275 ἔστι
1259 5222 1316 5276 δὲ
1360 5222 1545 5287 αὐτοῖς
1568 5223 1697 5277 άντο

147 5300 376 5373 ἀλλαγμα
408 5311 523 5381 (97)
554 5312 856 5375 τουτέστιν,
888 5314 1200 5385 άνταλλαγὴ
1250 5315 1358 5368 ἀπὸ
1391 5314 1590 5379 κακίας
1613 5316 1693 5380 είς

146 5392 499 5473 ἀγαθωσύνην,
532 5402 606 5468 ὡς
637 5405 1080 5476 προαποδέδοται.
1160 5406 1582 5477 Ἔϐεσήλωσαν
1622 5408 1693 5462 δὲ

1805 4120 1862 4174 in
1891 4119 2085 4177 Graeco
2111 4121 2366 4196 habetur]
2408 4125 2463 4178 in
2492 4141 2669 4181 eremo
2692 4165 2708 4191 ,
2748 4127 2853 4181 hoc
2904 4137 3013 4193 est,
3060 4130 3115 4183 in
3148 4129 3397 4191 deserto,

1804 4224 1972 4284 atque
2000 4214 2055 4269 in
2081 4216 2373 4271 sterilitate
2417 4219 2709 4276 virtutum.
2746 4218 3023 4291 Demerge,
3078 4220 3398 4290 Domineget

1804 4308 1977 4363 divide
2022 4308 2231 4380 linguas
2273 4326 2500 4376 eorum;
2550 4311 2860 4365 dtemonunt
2910 4312 3196 4381 nimirum;
3234 4316 3305 4369 ita
3338 4330 3397 4374 ιιι

1805 4401 2130 4471 conspirare
2187 4403 2425 4471 amplius
2496 4418 2606 4456 non
2657 4403 2906 4473 possint,
2950 4414 3047 4458 aut
3097 4415 3397 4463 contexere

1805 4492 2040 4549 insidias
2072 4492 2366 4547 adversum
2402 4508 2489 4548 me
2525 4511 2540 4547 :
2584 4493 2851 4557 Quoniam
2890 4496 2997 4550 vidi
3034 4498 3392 4565 iniquitatem,

1803 4593 1853 4636 et
1874 4582 2348 4637 contradictionem
2390 4583 2446 4636 in
2471 4584 2713 4649 civitate,
2748 4585 2851 4640 ltoc
2885 4596 2989 4654 est,
3014 4587 3071 4642 in
3116 4591 3397 4646 communi

1808 4675 2030 4729 illorum
2076 4677 2527 4732 conversatione.
2578 4678 2772 4747 Inique
2818 4681 2965 4734 enim
3015 4692 3207 4749 agunt.
3260 4682 3392 4739 dum

1810 4775 2045 4834 peccant
2081 4781 2098 4819 :
2130 4776 2185 4820 et
2232 4765 2437 4821 divinis
2484 4768 2875 4824 contradicunt
2917 4770 3217 4835 mandatis,
3260 4771 3392 4827 dum

1804 4871 1867 4908 ea
1917 4854 2428 4924 transgrediuntur;
2481 4871 2580 4926 per
2626 4873 2820 4914 muros
2869 4868 3053 4915 autem
3100 4860 3346 4918 civitatis
3374 4900 3393 4925 .

1800 4963 1897 5005 eos
1936 4948 2212 5004 daemones
2237 4948 2546 5021 intelligere
2578 4966 2914 5021 possumus,
2944 4954 3041 5024 qui
3076 4955 3218 5011 inter
3265 4954 3392 5010 illos

1800 5042 2138 5111 potentiores
2162 5053 2315 5099 sunt.
2341 5041 2409 5097 Et
2431 5044 2575 5113 quod
2601 5046 2677 5099 ait
2700 5045 2941 5102 laborem
2977 5062 3099 5103 esse
3126 5046 3180 5100 in
3214 5048 3392 5102 medio

1802 5135 1952 5192 illius
2002 5135 2264 5202 civitatis,
2301 5146 2526 5208 prepter
2546 5153 2642 5193 eos
2666 5140 2874 5194 dictum
2908 5148 3017 5205 est,
3041 5137 3132 5207 qui
3161 5146 3390 5194 strenue

1803 5243 1928 5283 cum
1969 5228 2079 5284 illis
2129 5229 2431 5285 decertant.
2492 5231 2697 5287 Plateae
2756 5233 2884 5286 item
2922 5231 3069 5285 illius
3120 5231 3387 5294 civitatis,

1805 5319 2113 5375 daemonum
2151 5322 2248 5375 vite
2279 5330 2429 5387 sunt,
2470 5331 2655 5392 utpote
2689 5322 2888 5378 divinae
2927 5322 3003 5375 illi
3039 5321 3137 5376 vim
3165 5323 3392 5391 opposi-

1802 5420 1889 5474 tte.
1920 5427 2086 5483 quam
2117 5426 2327 5467 arctam
2357 5428 2479 5469 esse
2501 5414 2734 5486 legimus
2761 5417 2814 5468 in
2850 5412 3169 5485 Evangelio.
3204 5412 3386 5470 Usura

1454 5589 1652 5653 Variae
1689 5588 2023 5656 lectiones.

203 5700 307 5775 (93)
331 5688 413 5760 Al.
440 5707 521 5759 Δι’
540 5708 754 5775 ὀλίγων.

204 5774 306 5849 (ἓξ)
346 5778 429 5849 Al.
460 5774 880 5849 προδεδομένην.

207 5844 309 5913 (95)
342 5848 425 5901 ΔΙ.
455 5844 751 5919 ἁμαρτίας.

404 5942 672 6007 ΡΑτιιοι.
704 5948 822 6009 Gtt.
850 5947 1163 6012 CXXVIII.

1880 5718 1991 5785 (96)
2031 5716 2114 5773 Al.
2137 5718 2388 5785 λέγομεν.

1877 5788 1987 5858 (97)
2024 5790 2107 5841 AI.
2140 5789 2302 5858 ήτουν
2330 5789 2624 5862 ἐναλλαγή,

2827 5944 2899 6008 19
