3834 6542
387 343 508 412 τοι

1627 355 2016 418 EUTHYMII
2063 358 2427 421 ZlGABENI

3569 367 3667 433 592

471 463 643 530 Deus,
693 459 858 515 vitam
901 475 1071 514 meant
1105 459 1418 515 annuntiavi
1453 461 1570 516 tibi.
1604 465 1974 522 Conversatio

2176 468 2241 521 Ὀ
2281 470 2449 537 Θεὸς,
2501 465 2619 536 τὴν
2645 465 2803 540 ζωήν
2841 487 2966 541 μου
3014 469 3341 542 ἐξήγγεαά
3383 486 3507 532 σοι.
3565 477 3671 552 Τὴν

400 571 528 612 netu
557 553 656 610 tibi
679 565 853 608 meam
884 551 1213 622 signiﬁcavi,
1247 552 1552 610 secundum
1584 571 1750 626 quam
1771 559 1986 628 jamdiu

399 649 551 704 vivo.

467 738 714 812 Posuisti
739 738 1005 810 lacrymas
1031 753 1175 792 meas
1198 737 1252 791 in
1277 749 1556 808 conspectu
1580 749 1692 806 tuo,
1727 743 1987 811 quemad-

400 833 640 896 modum,
690 840 742 888 et
793 831 847 884 in
882 831 1235 901 promissione
1267 843 1381 886 tua.
1420 830 1502 886 Tu
1537 833 1746 899 vidisti,
1786 835 1986 900 inquit,

397 927 671 998 iacrymas
704 939 877 990 meas,
929 925 1392 993 quemadmodum
1424 926 1707 996 pollicitus
1747 928 1878 981 olim
1925 943 1986 984 es

391 1020 455 1076 «in
485 1018 861 1090 promissione
913 1029 1026 1073 tua.
1064 1016 1259 1088 Legem
1308 1019 1456 1074 enim
1489 1027 1762 1086 statuens,
1799 1021 1987 1076 dixisti

386 1115 464 1168 de
493 1111 752 1167 omnibus
795 1111 885 1180 qui
915 1111 1174 1181 iujuriam
1218 1112 1503 1182 patiuntur
1531 1130 1546 1168 :
1610 1110 1881 1168 Clamabit
1913 1115 1985 1169 ad

396 1221 501 1268 me,
533 1213 700 1273 et,ego
727 1202 1017 1256 exaudiam
1042 1217 1181 1268 eum,
1221 1203 1524 1258 misericors
1555 1205 1698 1257 enim
1729 1220 1849 1258 sum
1879 1205 1947 1261 ".

468 1295 852 1348 Convertentur
891 1293 1094 1349 inimici
1127 1293 1228 1347 mei
1254 1302 1565 1349 retrorsum.
1606 1295 1722 1351 Hoc
1753 1305 1859 1361 est,
1893 1295 1982 1350 fu-

395 1390 570 1460 gient.
602 1387 862 1443 Praedicit
893 1387 1065 1452 enim,
1113 1385 1261 1458 quod
1294 1385 1544 1442 futurum
1592 1396 1732 1443 erat.
1767 1387 1984 1444 Secun-

395 1484 525 1538 dum
561 1496 846 1553 anagogen
877 1494 1007 1534 vero
1041 1479 1228 1535 dicere
1258 1493 1578 1549 possumus,
1603 1481 1750 1551 quod
1784 1496 1981 1552 quem-

393 1577 692 1633 admodum
739 1575 1022 1630 daemones
1083 1573 1281 1644 praeire
1331 1588 1432 1630 nos
1482 1575 1685 1640 solent,
1765 1577 1983 1646 quoties

396 1687 499 1728 nos
522 1668 909 1741 superaverint
934 1674 989 1722 et
1015 1665 1160 1722 viam
1187 1667 1350 1722 nobis
1375 1667 1669 1723 ostendere
1689 1682 1811 1738 quae
1829 1667 1984 1722 ducit

394 1762 464 1816 ad
496 1761 902 1832 perditionem:
948 1759 1024 1812 ita
1066 1757 1342 1829 quotiesa
1369 1761 1528 1815 nobis
1574 1762 1705 1816 victi
1750 1760 1978 1823 iuerint.

385 1864 564 1921 retro,
596 1860 721 1924 post
749 1865 854 1908 nos
883 1858 1302 1922 consequuntur
1330 1852 1697 1909 oblatrantes.

466 1947 536 2003 In
573 1962 881 2018 quacunque
908 1947 992 2002 die
1020 1947 1328 2002 invocarem
1351 1955 1422 2011 te,
1448 1961 1564 2002 ecce
1605 1948 1824 2019 cognovi
1844 1948 1984 2018 quod

373 2053 451 2096 .tu
495 2041 635 2096 Deus
670 2057 815 2096 meus
845 2057 922 2098 es.
953 2039 1207 2108 Quoties,
1243 2043 1443 2107 inquit,
1469 2042 1683 2097 ardenti
1717 2051 1768 2097 te
1800 2045 1986 2098 animo

371 2135 693 2207 aliquando
725 2133 1082 2197 invocavero,
1113 2134 1299 2189 statim
1335 2134 1595 2206 cognovi,
1623 2133 1728 2190 hoc
1744 2144 1848 2204 est,
1887 2149 1981 2191 co-

390 2243 624 2302 gnosco,
660 2227 806 2299 quod
834 2235 893 2283 tu
945 2226 1090 2282 Deus
1122 2242 1280 2284 meus
1300 2243 1382 2284 es.
1430 2226 1624 2283 Posuit
1653 2227 1798 2282 enim
1847 2240 1984 2284 tem-

377 2339 496 2392 .pus
551 2337 651 2394 pro
698 2332 966 2393 tempore.
1021 2319 1128 2378 Sed
1155 2320 1432 2392 quomodo
1466 2322 1792 2392 cognosco?
1845 2323 1981 2380 dum

370 2416 608 2471 scilicet
638 2417 922 2472 exaudies.

468 2509 636 2566 Vens.
672 2510 759 2564 il.
791 2506 861 2564 In
897 2509 1005 2564 Deo
1057 2509 1290 2565 laudabo
1354 2510 1586 2578 verbum,
1649 2511 1706 2566 in
1753 2509 1980 2566 Domino

379 2601 621 2658 laudabo
661 2618 974 2659 sermonem.
1037 2601 1279 2659 Verbum
1349 2601 1611 2658 Laudabo
1649 2643 1666 2668 ,
1722 2602 1979 2659 eumdem

393 2699 483 2752 hic
542 2710 765 2752 sensum
799 2695 985 2762 habet,
1015 2711 1178 2767 quem
1213 2698 1480 2769 superius
1513 2698 1837 2754 diximusin
1861 2712 1983 2754 ver-

381 2789 602 2845 siculo:
650 2787 716 2841 ln
744 2789 850 2842 Deo
869 2788 1102 2844 laudabo
1122 2806 1387 2846 sermones
1435 2807 1573 2846 meos
1597 2805 1619 2855 ;
1645 2798 1702 2846 et
1735 2805 1831 2860 per
1858 2805 1980 2845 ver-

391 2886 546 2951 bum,
572 2883 881 2938 breviorem
901 2882 1217 2939 orationem
1242 2882 1521 2956 intelligit,
1547 2899 1646 2954 per
1664 2895 1976 2940 sermonem

388 2989 541 3042 vero,
574 2975 894 3046 longiorem.

449 3064 529 3120 λη
557 3064 664 3120 Deo
710 3067 914 3135 speravi
949 3105 964 3132 ,
1023 3083 1127 3122 non
1195 3065 1383 3120 timebo
1446 3066 1574 3137 quid
1636 3067 1803 3136 faciat
1848 3065 1977 3120 mihi

2091 561 2372 618 πολιτείαν
2404 579 2512 634 μου
2545 563 2875 635 ἐφανέρωσά
2898 581 3002 632 σοι,
3039 567 3107 637 ἣν
3139 565 3266 637 άρτι
3295 567 3663 642 πολιτεύομαι.

2167 750 2346 805 Ἐθου
2391 749 2465 804 τὰ
2513 748 2749 820 δάκρυα
2794 750 3056 807 ἐνώπιόν
3091 769 3232 820 σου,
3265 755 3349 822 ὡς
3378 757 3480 811 καὶ
3511 756 3584 812 ἐν
3603 759 3664 829 τῇ

2087 841 2422 912 examssim
2458 857 2600 899 σου.
2647 845 2898 909 Ἐπεῖδες
2941 847 3010 900 τὰ
3043 845 3259 918 δάκρυά
3292 865 3419 918 μου,
3469 851 3548 915 ὡς
3584 855 3665 905 καὶ

2089 933 2147 984 ἐν
2171 935 2236 1004 τῇ
2255 935 2560 1008 ἐπαγγελίᾳ
2583 951 2678 989 σου
2709 937 2970 1008 ὑπέσχου.
2998 937 3328 1008 Νομοθετῶν
3348 941 3480 1009 γὰρ,
3505 943 3666 1010 ἐπηγ-

2088 1025 2308 1092 γείλατο
2343 1027 2474 1096 περὶ
2506 1027 2603 1081 τοῦ
2634 1029 3020 1099 ἀδικουμένου,
3071 1031 3157 1084 δτι
3202 1031 3487 1097 Στενάξει
3528 1034 3662 1102 πρός

2081 1135 2180 1187 με,
2203 1118 2301 1173 καί
2325 1119 2747 1192 ἐπακούσομαι
2776 1122 2966 1178 αὐτοῦ
2996 1139 3013 1156 ο
3074 1124 3352 1194 ἐλεήμων
3381 1126 3496 1195 γάρ
3536 1129 3662 1196 ειμι.

2159 1305 2680 1376 Ἐπιστρέψουσιν
2714 1311 2770 1362 οι
2805 1309 3012 1379 ἐχθροί
3049 1328 3172 1381 μου
3197 1313 3288 1378 εις
3331 1312 3406 1367 τὰ
3459 1313 3662 1368 ὀπίσω.

2099 1399 2155 1452 Ἀ
2164 1400 2646 1471 ποστραφήσονται
2661 1403 2744 1466 είς
2757 1405 2826 1456 τά
2842 1403 3037 1471 ὀπίσω,
3057 1405 3327 1473 τουτέστι,
3350 1405 3632 1475 φεύξονται
3644 1423 3658 1438 ο

2090 1490 2403 1561 προφητεία
2447 1491 2506 1544 δὲ
2549 1492 2730 1548 τοῦτο.
2774 1492 3167 1564 ’Λναγωγικῶς
3207 1495 3288 1562 δὲ,
3323 1496 3663 1566 κυριεύοντες

2096 1581 2197 1652 μέν
2227 1581 2383 1654 ὑμῶν
2419 1584 2470 1636 oi
2515 1583 2772 1655 δαίμονες
2811 1585 3204 1658 προηγοῦνται,
3227 1587 3662 1654 ὑποδεικνύοντες

2085 1675 2220 1746 ἡμῖν
2249 1675 2351 1746 τὴν
2389 1675 2471 1739 είς
2523 1675 2807 1732 ἀπώλειαν
2845 1679 3121 1751 φέρουσαν
3163 1680 3322 1735 διδόν’
3367 1679 3659 1751 ἡττώμενοι

2084 1763 2166 1830 δέ,
2201 1764 2426 1820 ἕπονται
2458 1765 2959 1833 καθυλακτοῦντες.

2171 1943 2280 1997 Ἔν
2312 1960 2349 2016 ῃ
2377 1944 2458 2000 ἂν
2479 1945 2674 2017 ἡμέρᾳ
2701 1949 3158 2028 επικαλέσωμαι
3190 1967 3286 2019 σε,
3316 1951 3453 2008 ιδοὺ
3483 1955 3662 2023 ἔγνων

2089 2037 2180 2092 ὅτι
2219 2041 2363 2108 Θεός
2385 2057 2508 2110 μου
2527 2036 2589 2095 εἴ
2609 2043 2713 2098 σύ.
2745 2043 2915 2099 Ὅταν
2938 2045 3020 2111 δὲ,
3039 2047 3228 2116 φησιν,
3249 2045 3655 2118 ἐπικαλέσωμαι

2088 2131 2311 2202 Θερμῶς
2339 2172 2356 2200 ,
2388 2133 2552 2198 εὐθὺς
2585 2134 2780 2205 ἔγνων,
2821 2137 2946 2190 ἀντὶ
2971 2137 3069 2192 τοῦ
3096 2137 3381 2204 Γινώσκω,
3416 2141 3503 2194 δτι
3537 2140 3655 2204 θεός

2087 2239 2190 2293 μου
2217 2218 2268 2276 εἷ
2291 2223 2354 2277 σύ
2375 2240 2390 2256 ο
2411 2226 2749 2300 ἁντιχρονίᾳ.
2787 2229 2911 2294 Πῶς
2943 2227 3001 2284 δὲ
3027 2230 3284 2299 γινώσκω
3310 2247 3327 2299 ;
3355 2231 3581 2296 Πάντως
3604 2233 3653 2286 ἐν

2082 2314 2162 2387 τῷ
2199 2318 2608 2375 είσακούεσθαι.

2166 2505 2298 2562 Ἐπί
2337 2506 2418 2574 τῷ
2450 2507 2573 2574 Θεῷ
2599 2508 2902 2565 ἐπαινέσω
2954 2510 3140 2581 ῥῆμα,
3182 2511 3282 2567 ἐπί
3342 2512 3428 2579 τῷ
3475 2515 3653 2582 Κυρίῳ

2081 2599 2381 2654 ἐπαινέσω
2409 2601 2618 2670 λόγον.
2667 2602 2743 2656 Τδ
2792 2603 3128 2658 Ἐπαινέσω
3149 2605 3434 2660 κάνταῦθα
3482 2607 3645 2660 τοιοῦσ

2081 2690 2174 2746 τόν
2210 2692 2382 2756 ἐστιν,
2409 2689 2523 2746 οἷον
2558 2693 2788 2765 εἴπομεν
2819 2696 2914 2748 καὶ
2968 2697 3050 2760 τὸ,
3095 2698 3200 2751 Ἔν
3227 2696 3310 2762 τῷ
3341 2697 3468 2764 Θεῷ
3497 2700 3649 2752 eam.

2079 2783 2241 2839 νέσω
2270 2784 2416 2853 τοὺς
2434 2786 2663 2856 λόγους
2679 2803 2819 2856 μου.
2853 2785 3049 2857 Ῥἦμα
3087 2787 3187 2858 μὲν
3221 2784 3317 2843 οὖν
3363 2789 3538 2859 λέγει,
3570 2790 3648 2844 τὸν

2081 2877 2292 2950 βραχὺν
2321 2877 2482 2948 λόγον
2508 2891 2524 2909 ·
2549 2878 2742 2949 λόγον
2765 2877 2846 2945 δὲ,
2868 2880 2959 2933 τὸν
3000 2881 3246 2951 μείζονα.

2149 3063 2283 3118 Ἐπί
2312 3062 2392 3130 τῷ
2411 3063 2535 3131 Θεῷ
2563 3063 2822 3135 ἤλπισα,
2856 3067 2928 3121 οὐ
2959 3065 3385 3137 φοϐηθήσομαι
3412 3067 3472 3121 τί
3492 3065 3646 3135 ποιή-

303 3138 306 3140 ’
391 3159 568 3214 homo.
621 3157 722 3213 ille
775 3159 1038 3214 nimirum
1095 3159 1282 3223 homo,
1333 3159 1403 3214 de
1440 3174 1551 3230 quo
1600 3159 1654 3214 in
1703 3158 1971 3231 principio

2098 3173 2172 3211 ret
2191 3175 2297 3228 μοι
2341 3158 2680 3226 ἄνθρωπος.
2711 3160 2812 3214 Ὃν
2857 3155 3012 3214 εἶπεν
3060 3161 3118 3214 ἐν
3156 3162 3299 3231 ἀρχῇ
3345 3159 3642 3232 ἄνθρωπον,

390 3253 526 3308 dixit
557 3269 575 3306 :
609 3251 874 3318 Quoniam
899 3251 1228 3306 conculcaut't
1262 3268 1345 3305 me
1369 3252 1544 3307 homo.

463 3431 739 3488 Vsus.12.
773 3431 840 3488 In
861 3448 942 3488 me
988 3442 1135 3499 sunt,
1168 3432 1330 3500 Deus,
1379 3442 1520 3500 vota,
1563 3447 1680 3502 qua:
1751 3430 1972 3485 reddam

386 3526 718 3582 laudationis
755 3533 880 3582 tum.
942 3527 1004 3582 In
1062 3541 1209 3594 mea,
1267 3528 1472 3598 inquit,
1545 3525 1812 3581 memoria
1866 3523 1973 3578 illae

388 3619 725 3676 laudationis
769 3628 878 3675 ιιιαι
918 3619 1322 3689 promissiones
1348 3628 1500 3685 sunt,
1539 3633 1678 3688 quas
1718 3632 1805 3672 me
1844 3616 1973 3672 red-

385 3716 628 3770 diturum
658 3711 1202 3770 aﬂirmo.Pollicitus
1239 3714 1386 3768 enim
1427 3713 1608 3768 fuerat
1647 3712 1841 3767 beatus
1863 3711 1971 3765 Da-

385 3807 497 3874 vid,
522 3823 583 3862 se
609 3805 776 3862 Deum
801 3804 1214 3862 benefactorem
1243 3820 1405 3860 suum
1437 3804 1786 3860 laudaturum
1821 3817 1965 3859 esse.

456 3898 742 3956 Yeas.i3.
783 3898 1053 3964 Quoniam
1112 3897 1356 3968 eripuisti
1402 3896 1640 3952 animam
1674 3911 1846 3950 meam
1904 3895 1969 3950 de

370 3999 576 4044 .morte.
608 3989 863 4044 Animam
896 4004 1096 4057 meam,
1127 3989 1232 4044 hoc
1297 3996 1418 4052 est,
1460 3989 1754 4059 meipsum.
1809 3986 1966 4054 Quod

367 4083 439 4138 «si
501 4082 744 4136 animam
815 4079 870 4135 vi
934 4096 1034 4136 sua
1093 4080 1392 4152 signiﬁcari
1454 4080 1589 4136 velis
1639 4080 1965 4151 intelligere,

385 4190 485 4245 per
516 4185 746 4230 mortem
782 4184 1063 4244 peccatum
1097 4175 1362 4244 intellige,
1388 4174 1558 4230 veluti
1610 4174 1757 4245 quod
1785 4174 1966 4245 primo

387 4268 634 4324 omnium
671 4267 882 4338 parenti
916 4269 1113 4324 mortis
1143 4282 1310 4324 causa
1343 4269 1642 4325 exstiterit.

460 4358 654 4416 Oculos
683 4378 825 4416 meos
856 4378 889 4415 a
911 4361 1185 4432 lacrymis,
1215 4363 1371 4430 pedes
1411 4379 1553 4418 meos
1593 4381 1624 4418 a
1662 4365 1838 4434 lapsu.
1863 4363 1965 4420 Per

365 4452 741 4523 elapsum,aut
773 4456 1252 4526 praecepsaliquod
1282 4456 1543 4526 intellige,
1571 4466 1666 4511 aut
1685 4458 1963 4528 laqueum,

355 4552 441 4597 «et
472 4560 566 4615 per
586 4545 778 4614 pedes,
814 4546 978 4614 hujus
1008 4546 1132 4602 vitae
1165 4546 1324 4602 viam.

435 4727 686 4782 -Placebo
714 4746 895 4784 coram
924 4729 1152 4786 Domino
1182 4731 1236 4785 in
1261 4730 1464 4787 lumine
1491 4731 1966 4806 uiventium.[lllud

363 4821 566 4892 .primo
635 4822 1187 4878 animadvertendum
1239 4823 1524 4890 ducimus,
1594 4827 1739 4894 quod
1776 4826 1969 4881 Graeca

385 4914 556 4968 dictio
605 4914 964 4985 εὑαρεστήσω
991 4928 1102 4968 non
1153 4913 1331 4970 solum
1392 4915 1667 4985 signiﬁcat
1727 4916 1968 4986 placebo,

386 5005 484 5064 sed
517 5005 682 5061 etiam
706 5015 926 5078 gratum
961 5006 1222 5079 faciam].
1273 5005 1437 5062 Juxta
1498 5023 1659 5078 quem
1713 5023 1964 5076 sensum,

386 5096 519 5166 Quae
553 5098 686 5166 Deo,
718 5099 921 5170 inquit,
943 5109 1099 5172 grata
1131 5110 1281 5166 sunt,
1313 5100 1532 5166 faciam,
1568 5101 1748 5158 donec
1785 5103 1963 5158 lucem

387 5196 529 5248 banc
564 5193 744 5261 video,
776 5209 900 5265 quae
949 5194 1262 5250 viventibus
1309 5195 1480 5250 lucet.
1510 5193 1646 5249 Nam
1673 5202 1796 5264 post
1814 5210 1961 5251 mor-

2075 3251 2208 3305 Ὀτι
2248 3251 2674 3321 κατεπάτησέν
2719 3269 2798 3323 με
2841 3253 3176 3340 ἅνθρωπος,
3226 3251 3420 3307 τοῦτον
3438 3254 3530 3306 καὶ
3557 3253 3641 3308 νῦν

2073 3343 2246 3400 λέγει.

2174 3361 2246 3400 ει.

2137 3360 2245 3492 YEr
2271 3437 2426 3508 ἐμοὶ,
2451 3439 2484 3492 ό
2524 3436 2691 3505 Θεὸς,
2715 3438 2914 3509 εὐχαί,
2943 3437 3016 3506 ἀς
3041 3437 3339 3493 ἀποδώσω
3366 3437 3642 3504 αίνέσεώς

2072 3547 2212 3587 σου.
2262 3530 2352 3586 Ἐν
2377 3535 2444 3605 τῇ
2481 3533 2672 3604 μνήμῃ
2703 3549 2799 3588 σου
2850 3531 2994 3586 εἰσὶν
3059 3533 3117 3585 αῑ
3184 3531 3513 3603 ὑποσχέσεις
3548 3533 3638 3602 τῆς

2073 3622 2339 3688 αίνισεώς
2364 3641 2483 3691 σου,
2521 3625 2588 3690 ἃς
2617 3623 2886 3680 ἀποδώσω
2909 3641 2925 3658 ο
2953 3624 3228 3696 ὑπέσχετο
3279 3625 3392 3696 γὰρ
3441 3625 3638 3680 αίνέσιι

2073 3719 2166 3772 τὸν
2192 3718 2492 3790 εὐεργέτην
2525 3719 2679 3775 Θεόν.

2145 3903 2267 3956 Ὅτι
2295 3903 2530 3972 ἐρῤύσω
2551 3902 2669 3973 τὴν
2689 3905 2905 3974 ψυχήν
2936 3922 3057 3976 μου
3089 3904 3161 3960 ἐκ
3252 3905 3533 3960 θανάτου.
3574 3930 3636 3945 -

2078 3993 2199 4063 Τὴν
2221 3997 2435 4066 ψυχήν
2475 4014 2621 4066 μου,
2669 3999 2791 4052 ἀντὶ
2830 3999 2926 4051 τοῦ
2987 3997 3142 4069 Ἐμὲ,
3173 3998 3633 4070 περιφραστικῶκ

2072 4085 2133 4138 El
2153 4083 2211 4137 δέ
2238 4086 2332 4138 καὶ
2352 4085 2450 4156 τὴν
2481 4085 2662 4158 ψυχὴν
2691 4086 2862 4157 αὐτὴν
2908 4086 3088 4151 θέλεις
3143 4087 3359 4157 νοῆσαι,
3417 4087 3634 4141 Θάνατον

2069 4177 2322 4242 καλέσεις
2349 4177 2448 4250 τὴν
2475 4179 2775 4250 ἁμαρτίαν,
2801 4179 2876 4243 ὡς
2908 4181 3090 4236 αἰτίαν
3109 4180 3342 4235 θανάτου
3363 4182 3633 4252 καταρχὰς

2069 4270 2376 4342 γενομένην
2399 4270 2478 4342 τῷ
2501 4271 2940 4344 πρωτοπλάστῳ.

2143 4361 2296 4430 Τοὺς
2329 4363 2681 4435 ὀφθαλμούς
2703 4384 2825 4435 μου
2848 4367 2968 4422 ἀπὸ
2993 4366 3289 4436 δακρύων,
3342 4370 3440 4423 καί
3502 4367 3633 4432 τοὺς

2071 4453 2265 4522 πόδας
2296 4471 2423 4536 μου
2443 4455 2564 4510 ἀπὸ
2586 4454 3018 4525 ὀλισθήματος.
3063 4456 3369 4529 Ὀλίσθημα
3418 4455 3527 4509 νόει
3550 4471 3634 4526 μοι

2070 4544 2163 4598 τὸν
2189 4548 2465 4617 κρημνὸν,
2496 4547 2528 4619 ἢ
2557 4548 2658 4620 τὴν
2682 4548 2921 4616 παγίδα·
2973 4549 3166 4619 ὥσπερ
3208 4552 3306 4603 καὶ
3346 4548 3529 4615 πόδας,
3587 4545 3631 4599 εί

2070 4637 2272 4709 βούλει,
2305 4639 2404 4711 τὴν
2427 4641 2658 4713 πορείαν
2691 4640 2786 4694 τοῦ
2813 4640 2956 4712 βίου.

2138 4733 2550 4808 Εὐαρεστήσω
2581 4733 2839 4788 ἐνώπιον
2852 4735 3098 4802 Kvplov,
3123 4733 3194 4788 ἐν
3220 4735 3367 4804 φωτί
3397 4733 3628 4796 ζώντων.

2071 4825 2360 4897 Εὐάρεστα
2385 4825 2597 4896 πράξω,
2621 4825 2725 4889 ἐως
2759 4827 2828 4880 ἂν
2853 4825 2916 4880 τὸ
2955 4827 3077 4897 φῶς
3109 4826 3268 4880 τοῦτο
3323 4826 3519 4896 βλέπω,
3571 4821 3628 4875 τὸ

2072 4919 2265 4988 φαῖνον
2297 4921 2411 4981 τοῖς
2434 4918 2590 4983 ζῶσι.
2621 4918 2778 4973 Μετὰ
2797 4919 2907 4989 γὰρ
2973 4919 3223 4983 Θάνατον,
3285 4919 3628 4988 εὐαρέστησις

2068 5009 2169 5061 οὐκ
2199 5007 2338 5062 ἐστι.
2367 5007 2476 5061 Καὶ
2502 5007 2702 5072 ἄλλως,
2765 5007 2883 5078 φῶς
2916 5005 3138 5072 ζώντων
3168 5007 3319 5058 ἐστὶν
3346 5005 3403 5056 ai
3432 4999 3629 5056 ἐντολαὶ

2065 5101 2161 5156 τοῦ
2190 5101 2351 5157 Θεοῦ·
2397 5101 2456 5160 Ἡ
2470 5101 2695 5170 ἐντολὴ
2716 5103 2847 5172 γὰρ,
2880 5101 3036 5172 φησὶ,
3055 5099 3281 5168 Κυρίου
3297 5093 3620 5165 τηλαυγὴς.

2065 5192 2402 5265 φωτίζουσα
2455 5193 2842 5264 ὀφθαλμούς·
2889 5197 3005 5260 καὶ,
3039 5194 3280 5260 Λύχνος
3335 5190 3456 5256 τοῖς
3483 5182 3625 5239 ποσί
3685 5236 3698 5248 .

382 5293 492 5340 tem
528 5287 742 5340 nullum
773 5287 878 5342 crit
938 5285 1176 5356 amplius
1217 5287 1562 5356 gratiﬁcandi
1612 5296 1852 5357 tempus.
1895 5287 1962 5345 Et

2098 5305 2180 5344 lO‘U
2231 5290 2263 5342 ὀ
2296 5287 2482 5358 νόμος
2547 5300 2668 5341 σου
2711 5303 2726 5319 ο
2761 5286 2819 5358 ἢ,
2871 5287 3185 5357 Εὐάρεστος
3212 5282 3517 5355 ὀφθήσομαι
3567 5278 3623 5330 ἐν

385 5378 569 5440 aliter,
614 5394 718 5449 per
761 5379 1063 5434 viventium
1107 5379 1312 5445 lucem,
1342 5377 1600 5433 mandata
1631 5379 1724 5436 Dei
1761 5381 1968 5437 intelli-

2077 5382 2157 5454 τῷ
2181 5381 2385 5451 αἰωνίῳ
2399 5380 2540 5451 φωτὶ
2562 5380 2671 5433 τῶν
2701 5379 2790 5434 ἀεὶ
2802 5379 3045 5444 ζώντων.

383 5469 479 5539 εει.
540 5469 872 5536 Ρηοεεριιιηι
960 5471 1108 5528 enim
1169 5469 1412 5538 Domini,
1479 5472 1678 5542 inquit,
1745 5472 1979 5529 lucidum
2025 5475 2337 5530 illuminans
2395 5472 2596 5528 oculos.
2670 5471 2824 5539 Item,
2873 5471 3148 5546 LLucerna
3200 5471 3417 5544 pedibus
3498 5461 3621 5517 M058

380 5563 590 5618 verbum
650 5565 963 5632 tuum;vel.
994 5565 1404 5636 Gratusatque
1435 5574 1695 5636 acceptus
1753 5569 2031 5636 apparebo
2097 5570 2158 5625 in
2205 5575 2409 5625 aeterna
2459 5565 2679 5623 illorum
2727 5567 2871 5635 luce,
2934 5567 3030 5639 qui
3094 5573 3359 5638 perpetuo
3432 5555 3618 5615 νίειυΐί

379 5659 532 5708 sunt.

445 5832 492 5866 ﬂ
519 5832 666 5890 Psal.
711 5847 798 5900 XC,
827 5831 926 5889 ’50
