3774 6522
123 441 228 506 593

1279 437 1672 500 COMMENT.
1714 436 1796 498 IN
1836 434 2199 501 PSALMOS.

3262 437 3368 501 τοι

119 553 218 620 Εἰς
249 552 313 607 τὸ
347 551 544 618 τέλος,
581 552 668 623 μὴ
693 551 1064 621 διαφθείρῃς,
1105 549 1184 617 τῷ
1205 549 1384 624 alqu
1418 552 1506 616 είς
1538 564 1686 612 στη-

1903 551 2061 619 ﬁnem
2116 568 2181 607 ne
2238 568 2547 625 corrumpas
2603 555 2708 622 ipsi
2761 554 2933 610 David
2981 555 3034 608 in
3086 551 3233 608 tituli
3285 552 3386 604 iu-

185 646 542 716 λογριιφίαν,
596 647 669 699 ἐν
707 644 788 711 τῷ
826 645 1018 700 αὐτὸν
1044 643 1521 715 ἀποδιδράσκειν
1562 642 1684 698 ἀπὸ

186 736 510 807 προσώπου
553 735 776 791 Σαοὺλ,
809 738 898 801 εις
925 735 993 789 τὸ
1017 735 1350 804 σπήλαιον.

669 829 963 884 “suos
988 826 1133 897 Nq'.

183 922 290 976 Καὶ
313 922 375 976 τὸ
399 921 457 974 ἑν
491 919 570 990 τῷ
587 919 842 991 σπηλαίῳ
869 920 970 990 τῆς
1006 920 1218 991 ἐρήμου
1249 919 1409 975 Γαδδὶ
1437 919 1684 973 κίνδυνον

120 1013 433 1086 παραδόξως
487 1013 794 1083 διαφυγὼν,
851 1014 942 1068 ὅτε
1005 1013 1460 1084 ἐγκεκρυμμένον
1514 1009 1682 1066 αὐτοῦ

117 1113 402 1183 ἐπεισῆλθε
435 1110 633 1177 Σαοὺλ,
661 1111 758 1165 καὶ
781 1110 1131 1182 ἐνηυλίσατο,
1177 1109 1366 1174 καθὼς
1419 1109 1683 1180 προειρή-

114 1221 310 1273 καμεν,
344 1204 436 1258 τὸν
467 1201 685 1274 ψαλμὸν
701 1203 892 1256 τοῦτον
919 1201 1200 1267 συνέταξε,
1249 1203 1346 1256 καὶ
1374 1201 1575 1272 ὁμοίως
1626 1201 1684 1254 δὲ

111 1297 185 1363 τῷ
216 1295 327 1366 πρὸ
355 1294 522 1349 αὐτοῦ
551 1297 654 1362 Εἷς
716 1295 1177 1364 στηιιογραερίαν
1232 1293 1566 1364 ἐπέγραψεν,
1615 1292 1682 1346 δι’

108 1388 176 1457 ἢν
198 1389 386 1442 αἰτίαν
412 1389 718 1460 εἰρήκαμεν
740 1405 755 1419 ο
781 1391 888 1454 Είς
907 1387 975 1441 τὸ
997 1387 1176 1455 τέλος
1204 1387 1260 1442 δὲ
1281 1381 1460 1454 οὗτος,
1487 1388 1564 1450 ὡς
1583 1388 1683 1441 ἐπ-

105 1481 396 1549 ειγόμενος
422 1481 499 1541 είς
523 1479 677 1543 τέλος
715 1479 826 1533 τῶν
854 1481 912 1532 έν
942 1479 1118 1552 τούτῳ
1158 1480 1291 1551 περὶ
1324 1481 1426 1551 τῆς
1453 1480 1683 1550 Ἐκκληο

108 1571 235 1631 σίας
249 1570 364 1622 τῶν
384 1569 554 1624 ἐθνῶν
572 1571 1062 1640 προφητευθέντων
1079 1587 1094 1603 ·
1126 1571 1188 1624 τὸ
1217 1571 1273 1626 δὲ
1291 1573 1348 1626 Μ
1355 1571 1388 1638 ὴ
1415 1572 1682 1642 διαφθεί-

95 1680 240 1733 ρῃς,
272 1661 384 1733 ίδίᾳ
408 1663 506 1716 καὶ
531 1662 656 1716 καθ’
681 1663 878 1716 ἑαυτὸν
908 1663 1291 1731 ἀναγνωστέον
1308 1683 1322 1697 ο
1356 1667 1414 1718 ὲν
1441 1669 1507 1738 τῇ
1528 1668 1685 1722 νυκτὶ

105 1753 219 1823 γὰρ
246 1753 436 1826 ἐκείνῃ
468 1754 802 1824 κοιμωμένῳ
822 1753 902 1824 τῷ
934 1754 1112 1808 Σαοὺλ
1146 1754 1390 1810 ἐπελθὼν
1421 1755 1680 1827 ξιφήρης.

1860 644 2203 712 scriptionem
2275 661 2393 701 cum
2457 649 2670 720 fugeret
2706 665 2737 702 a
2789 647 2928 718 facie
2981 645 3116 703 Saul
3162 647 3218 700 in
3262 659 3377 712 spe-
3447 690 3458 700 ,

1859 739 2093 791 (uncam.

2244 883 2248 887 _
2287 831 2568 891 PSALMU
2581 835 2619 888 S
2675 833 2810 892 LVI.

1859 921 2139 980 Psalmum
2168 924 2315 980 hunc
2345 927 2678 998 conscripsit
2739 927 2934 983 beatus
3001 922 3190 985 David,
3245 935 3370 975 cum

1792 1024 1987 1084 praeter
2020 1031 2238 1071 omnem
2269 1033 2422 1087 spem
2469 1018 2774 1088 periculum
2853 1016 3157 1089 eﬂ‘ngisset,
3225 1011 3372 1082 quod

1791 1108 2207 1164 sustinueratin
2231 1111 2492 1182 spelunca
2519 1110 2861 1184 desertilGad
2890 1128 2904 1166 :
2927 1109 3144 1183 quando
3161 1105 3374 1161 scilicet

1792 1200 1917 1271 ipso
1949 1201 2063 1256 illic
2102 1201 2371 1270 latitante,
2400 1203 2683 1272 ingressus
2718 1203 2884 1258 etiam
2908 1219 2974 1257 eo
3002 1210 3080 1257 est
3117 1198 3273 1261 Saul,
3317 1203 3372 1250 et

1791 1294 2162 1364 pernoctavit,
2196 1305 2255 1349 ut
2311 1295 2691 1366 praediximus.
2734 1293 3058 1350 Inscribitur
3084 1292 3248 1347 etiam
3283 1287 3372 1342 hic

1791 1395 1852 1442 ut
1909 1387 2158 1457 proxime
2210 1387 2546 1456 praecedens,
2615 1387 2682 1442 In
2751 1387 2897 1440 tituli
2955 1385 3370 1458 inscriptionem,

1791 1479 1978 1536 eadem
2015 1479 2272 1535 nimirum
2305 1480 2539 1544 ratione,
2595 1495 2760 1551 quam
2795 1481 2870 1536 ibi
2894 1480 3161 1535 diximus.
3237 1476 3369 1530 Item

1790 1573 1843 1628 in
1876 1573 2058 1640 ﬁnem,
2093 1572 2221 1642 quia
2252 1572 2320 1628 ad
2354 1572 2514 1628 linem
2572 1587 2765 1628 eorum
2810 1573 3090 1638 tendebat,
3143 1587 3262 1640 quae
3305 1570 3373 1624 de

1791 1665 2036 1735 gentium
2074 1663 2318 1721 Ecclesia
2353 1665 2407 1719 in
2434 1679 2501 1721 eo
2527 1663 2925 1734 praedicuntur.
2967 1665 3026 1718 Et
3064 1663 3206 1731 quod
3233 1661 3371 1730 legi-

1793 1774 1952 1814 mus:
1993 1757 2077 1813 Ne
2107 1775 2449 1830 corrumpas,
2482 1775 2579 1814 seu
2623 1757 2708 1830 [ut
2746 1757 2906 1812 aliter
2955 1755 3154 1825 exponi
3197 1763 3374 1822 petest

103 1843 268 1900 τοῦτο
292 1845 356 1899 τὸ
390 1846 696 1918 πρόσρημτ.
715 1847 1038 1919 κατεπᾴδων
1063 1847 1242 1918 ἑαυτῷ
1273 1848 1686 1918 συνεχέστερον,

1875 1866 1978 1906 arca
2009 1849 2199 1923 dictio]
2253 1851 2328 1922 μὴ
2360 1851 2703 1922 διαφθείρῃς,
2735 1865 2797 1904 ne
2817 1850 3032 1919 perdas,
3066 1863 3161 1918 per
3186 1861 3245 1900 se
3263 1844 3374 1914 pri-

102 1937 424 1990 κατέστειλε
456 1937 550 1990 τὸν
583 1938 778 2008 θυμὸν,
808 1939 907 1993 καὶ
930 1940 1031 1994 οὐκ
1077 1940 1295 1995 ἀνεῖλεν
1317 1940 1501 1994 αὐτόν.
1527 1940 1692 1994 Ὅθεν

1875 1943 1966 1997 tim
2002 1943 2292 2015 legendum
2337 1953 2443 2000 est.
2474 1942 2548 1997 Ea
2584 1943 2728 1998 enim
2755 1949 2920 1997 nocte
2941 1941 3139 1994 beatus
3199 1936 3370 1991 David

103 2029 320 2100 ἔγραψε
349 2032 630 2084 καὶτοῦτο
663 2047 678 2062 ο
719 2031 836 2103 ἅμα
869 2034 990 2103 μὲν.
1024 2032 1316 2098 διδάσκων,
1361 2032 1482 2095 πῶς
1526 2034 1690 2098 αὐτὸς

1875 2050 1922 2089 m
1954 2035 2136 2104 gladio
2175 2035 2255 2089 ira
2285 2045 2598 2091 commotus
2655 2050 2819 2105 supra
2859 2032 3082 2088 Saufem
3134 2027 3372 2084 astabat;

101 2123 414 2192 ἐκράτησεν
433 2124 528 2177 τοῦ
547 2123 722 2194 θυμοῦ
761 2141 774 2154 ·
800 2125 916 2194 ἅμα
942 2125 1022 2189 δὲ,
1053 2126 1150 2180 καὶ
1209 2125 1494 2198 παραινῶν
1527 2129 1694 2182 παντὶ

1878 2143 1994 2181 rum
2046 2127 2361 2197 huiusmodi
2399 2128 2562 2182 verba
2613 2126 2810 2182 crebro
2855 2138 3086 2189 canens,
3138 2121 3374 2176 furorem

107 2213 184 2285 μὴ
217 2215 566 2286 διαφθείρειν
591 2215 692 2286 τὴν
717 2216 1096 2282 ἀνεξικακίαν.
1118 2217 1238 2290 Χρὴ
1264 2218 1324 2273 δὲ
1372 2217 1689 2288 γινώσκειν,

1875 2234 1956 2290 [ue
1984 2220 2122 2275 iram
2158 2236 2376 2276 omnem
2429 2222 2716 2290 repressit.
2769 2230 2817 2276 et
2870 2219 3096 2274 inimico
3143 2226 3377 2284 parcens

102 2308 186 2358 ὅτι
217 2307 414 2361 τοῦτον
442 2307 541 2378 μὲν
563 2308 654 2360 τὸν
683 2307 900 2378 ψαλμὸν
934 2308 1168 2376 Ξξελθὼν
1233 2310 1344 2364 ἀπὸ
1391 2311 1486 2364 τοῦ
1549 2329 1690 2382 σπη-

1875 2326 1898 2365 rt
1959 2309 2260 2364 interemit.
2334 2308 2660 2380 Hujusmodi
2740 2310 2906 2380 igitur
2962 2307 3124 2361 verba
3209 2305 3375 2360 etiam

105 2398 262 2452 λαίου
290 2399 641 2469 συνέγραψεν
665 2415 682 2430 '
705 2399 798 2453 τὸν
819 2399 876 2454 δὲ
917 2407 1045 2470 ρμα¹
1070 2400 1152 2455 ἔτι
1179 2401 1317 2456 ἐνὼν
1371 2403 1528 2476 αὐτῷ
1588 2405 1685 2459 καὶ

1875 2402 1999 2456 ulmo
2057 2403 2365 2473 inscripsit,
2421 2403 2632 2458 docens
2711 2400 2990 2471 quomodo
3058 2399 3173 2468 ipse
3232 2395 3376 2448 iram

106 2490 380 2559 ἀγωνιῶν,
416 2489 492 2553 ὡς
519 2490 619 2562 ἠδη
654 2490 1178 2562 συγκεκλεισμένος.

1875 2493 2151 2560 Jeraverit,
2183 2502 2239 2550 et
2263 2495 2568 2550 admonens
2597 2494 2702 2548 hoc
2735 2503 2895 2564 pacto
2924 2499 3157 2546 caeteros
3177 2501 3377 2543 omnes

105 2597 171 2636 ne
191 2590 552 2650 corrumpant
600 2598 695 2638 seu
734 2584 986 2652 perdant,
1042 2585 1147 2638 hoc
1198 2593 1286 2640 est
1341 2601 1412 2640 ne
1468 2587 1696 2656 abigant
1738 2587 2078 2656 patientiam.
2144 2585 2280 2642 Illud
2327 2588 2470 2642 scire
2492 2593 2711 2656 oportet
2734 2586 2878 2653 quod
2899 2585 3047 2639 hunc
3103 2582 3375 2652 psalmum

109 2675 442 2744 conscripsit
470 2683 758 2745 postquam
807 2677 877 2731 de
955 2676 1215 2746 spelunca
1272 2692 1528 2749 egressus
1608 2686 1692 2734 est
1722 2694 1738 2744 ;
1772 2679 2138 2734 centesimum
2174 2692 2306 2732 vero
2333 2685 2386 2732 et
2413 2662 2893 2748 quadragesimum
2939 2675 3212 2747 primum,
3249 2684 3379 2724 cum

110 2764 287 2818 adhuc
333 2765 387 2817 iu
464 2764 726 2834 spelunca
790 2775 938 2820 esset
990 2772 1157 2836 atque
1209 2765 1266 2820 in
1318 2765 1621 2836 angustiis,
1675 2777 1730 2822 et
1785 2765 1945 2838 quasi
1966 2765 2307 2823 abinimicis
2337 2767 2655 2822 conclusus.

189 2857 490 2924 Ἐλέησόν
519 2875 618 2928 με,
668 2859 703 2912 ὁ
726 2858 889 2924 Θεὸς.
930 2858 1200 2928 ἐλέησόν
1224 2876 1322 2930 με,
1341 2860 1432 2914 ὅτι
1461 2860 1560 2914 ἐπὶ
1590 2859 1690 2915 σοὶ

1875 2858 2043 2915 Vens.
2071 2861 2126 2914 2.
2165 2859 2414 2915 Miserere
2437 2861 2558 2922 mei,
2593 2860 2753 2918 Deus.
2781 2860 3031 2914 miserere
3077 2855 3198 2917 mei,
3255 2855 3385 2924 quia

118 2949 452 3018 αέκοιθενή
483 2949 655 3020 ψυχή
690 2968 830 3020 μου.
868 2950 926 3005 Ὀ
945 2950 1348 3020 διπλασιασμὸς
1372 2949 1466 3005 τοῦ
1484 2951 1693 3019 Ἐλέη-

1877 2961 1925 3006 ιε
1946 2953 2378 3022 confiditanima
2428 2970 2564 3008 mea.
2628 2952 2901 3021 Repetitio
2967 2950 3079 3013 illa,
3137 2947 3382 3000 miserere

122 3046 233 3095 σίν
276 3058 371 3108 με,
432 3041 534 3112 τὴν
562 3042 818 3095 ἐπίτασιν
849 3041 1111 3112 ἐμφαίνει
1141 3043 1240 3112 τῆς
1287 3042 1550 3112 δεήσεως,
1615 3043 1690 3096 UO

1875 3046 1925 3110 εἰ,
1946 3045 2220 3100 intentum
2253 3047 2618 3116 supplicantis
2635 3047 2876 3100 auiumm
2899 3043 3121 3098 indicat.
3142 3041 3203 3095 lu
3227 3038 3381 3094 nullo

127 3132 372 3199 πέποιθα,
395 3135 552 3204 φησὶ,
581 3133 668 3186 ἐπ’
690 3133 834 3205 ἀλλῳ
864 3134 973 3187 τινὶ
993 3132 1104 3187 τῶν
1133 3134 1467 3197 ἀπάντων,εί
1499 3133 1574 3205 μὴ
1600 3134 1694 3188 ἐπὶ

1877 3153 1928 3203 o,
1988 3138 2188 3208 inquit,
2246 3139 2483 3198 επηίίἀςι.
2544 3139 2647 3194 nisi
2705 3139 2758 3192 in
2811 3146 2865 3192 te
2921 3137 3060 3192 solo.
3112 3133 3370 3188 Miserere

134 3225 267 3296 μόνῳ
279 3225 381 3280 σοί.
407 3227 502 3278 Διὸ
523 3226 748 3298 ἐλέησόν
782 3243 873 3296 με,
904 3226 998 3280 τὸν
1024 3225 1169 3280 οὕτω
1191 3227 1686 3295 καταδιωκόμενον.

1875 3243 1936 3297 go
1963 3229 2095 3292 mei,
2128 3239 2416 3300 postquam
2446 3228 2765 3299 bujusmodi
2795 3225 3235 3297 persecutionem
3260 3236 3386 3277 sus-

1798 3320 1967 3374 tineo.
2468 3332 2471 3333 '

204 3406 307 3462 Kal
333 3407 405 3462 ἐν
425 3406 502 3475 τῇ
553 3407 698 3478 σκιᾷ
716 3408 836 3462 τῶν
864 3409 1178 3479 πτερύγων
1199 3422 1319 3464 σου
1340 3407 1549 3475 tanta),
1580 3408 1692 3475 ἕως

137 3493 201 3554 οὗ
237 3498 310 3570 (Ξ)
344 3497 614 3566 παρέλθῃ
639 3499 677 3565 ἡ
712 3499 953 3567 ἀνομία.
1006 3499 1174 3553 Σκιάν
1206 3499 1498 3569 πτερύγιον
1547 3500 1697 3568 λέγει

140 3590 230 3660 τὴν
259 3591 484 3662 σκέπην,
529 3591 661 3663 περὶ
688 3585 756 3663 ἧς
787 3593 1093 3662 εἰρήκαμεν
1145 3591 1336 3662 σαφῶς
1395 3593 1456 3646 ὲν
1506 3591 1586 3663 τῷ
1617 3597 1695 3656 ις’

139 3683 345 3754 ψαλμῷ,
383 3685 463 3748 τίς
491 3684 581 3738 τό’
613 3684 717 3740 Ἐν
740 3684 813 3753 τῇ
842 3684 1046 3750 σκέπη
1086 3683 1207 3738 τῶν
1227 3683 1543 3753 πτέρυτων
1573 3698 1694 3740 σου

143 3777 461 3846 σκεπάσας
475 3795 574 3848 με.
618 3778 878 3848 ’Δνομίαν
905 3777 982 3842 δὲ,
1040 3777 1160 3845 Τὴν
1212 3775 1570 3844 ἐπιϐουλὴν,
1626 3777 1704 3841 ὡς

142 3870 169 3918 ὀ
206 3867 430 3932 Ἀκύλας
466 3867 756 3934 ἐξέδωκεν.
783 3867 978 3920 Nostro
1012 3864 1058 3920 δ’
1085 3865 1174 3930 ἂν,
1215 3863 1428 3936 ἧπαρά
1479 3879 1540 3916 τε
1597 3861 1704 3916 τῶν

143 3957 343 4028 ὁρατῶν
378 3961 473 4014 καὶ
496 3960 750 4031 ἀοράτων
788 3959 1024 4030 ἐχθρῶν.
1071 3957 1327 4028 Παρέλθῃ
1355 3955 1413 4010 δὲ
1459 3954 1705 4019 πάντως,

145 4052 264 4105 ὅταν
291 4052 420 4122 πρὸς
445 4052 582 4106 Θεὸν
619 4050 866 4124 ἀναλύσῃ
892 4048 1473 4120 στεφανωθησόμενος.

1883 3410 1954 3465 Et
1991 3411 2044 3466 in
2119 3415 2311 3468 umbra
2369 3418 2582 3470 alarum
2659 3425 2872 3470 tuarum
2925 3413 3167 3484 sperabo,
3226 3412 3388 3466 donec

1807 3507 2338 3578 transeatiniquitas.
2364 3509 2469 3564 Per
2494 3507 2744 3564 umbram
2765 3507 2973 3563 alarum
2994 3505 3112 3571 Dei,
3145 3502 3385 3559 divinam

1805 3595 2226 3664 protectionem,
2273 3605 2439 3666 atque
2471 3595 2774 3652 custodiam
2834 3595 3108 3665 intelligit,
3159 3594 3228 3650 de
3279 3609 3386 3663 qua

1808 3684 1982 3740 multa
2013 3685 2254 3740 diximus
2301 3686 2354 3740 in
2385 3687 2599 3756 psalmo
2638 3702 2754 3750 xw,
2790 3685 2865 3740 ibi
2905 3705 2918 3742 :
2958 3684 3018 3739 In
3066 3684 3388 3754 protectioue

1807 3776 2024 3830 alarum
2055 3785 2268 3836 tuarum
2303 3789 2543 3850 proteges
2573 3795 2675 3833 me.
2709 3778 2903 3847 Aquila
2939 3785 3123 3832 autem
3164 3774 3389 3830 insidias

1805 3869 1969 3934 dixit,
1999 3870 2146 3940 quod
2181 3868 2320 3925 LXX
2355 3871 2444 3925 hic
2467 3872 2801 3942 iniquitatem
2843 3869 3225 3926 reddiderunt.
3247 3867 3389 3923 lusi-

1809 3961 1929 4017 dias
1963 3977 2093 4018 vero
2122 3978 2220 4019 eas
2244 3964 2550 4034 intelligere
2570 3980 2883 4036 possumus,
2915 3977 3054 4034 quas
3089 3961 3391 4017 invisibiles

1813 4064 1970 4118 teque
2033 4063 2197 4124 atque
2277 4054 2525 4111 visibiles
2605 4056 2900 4112 adversum
2988 4068 3092 4110 nos
3181 4049 3390 4105 inimici

147 4152 372 4198 struunt.
401 4142 639 4199 Omnino
689 4151 872 4198 autem
923 4150 1054 4198 tunc
1109 4139 1447 4206 transibunt,
1495 4138 1718 4211 quando
1749 4140 1994 4198 resoluto
2035 4158 2290 4216 corpore,
2329 4159 2361 4201 a
2449 4147 2558 4202 Deo
2604 4145 2732 4216 quis
2797 4145 2852 4201 in
2906 4143 3048 4200 coelo
3096 4140 3390 4198 coronabi-

149 4247 251 4291 llll'.

210 4330 574 4402 Κεκράξομαι
610 4329 883 4399 πρὸςτὸν
922 4328 1094 4394 Θεὸν,
1126 4326 1234 4381 τὸν
1273 4325 1562 4396 ὕψιστον,
1605 4323 1716 4379 τὸν

1889 4325 2049 4381 Vens.
2087 4328 2140 4382 5.
2182 4327 2441 4384 Clamabo
2501 4328 2570 4382 ad
2606 4329 2772 4381 Deum
2818 4327 3139 4380 altissimum
3201 4326 3390 4394 Deum,

147 4424 291 4479 Θεὸν
323 4425 426 4480 τὸν
457 4421 950 4493 εὐεργετήσαντὰ
988 4437 1086 4490 με.
1148 4418 1420 4488 ’Ὕψιστον
1489 4417 1608 4488 μὲν,
1639 4416 1700 4480 ὡς

1875 4420 1904 4472 ri
1939 4419 2189 4488 benefeeit
2219 4421 2722 4475 mihi.Altissimuut
2752 4421 3004 4489 appellat,
3039 4419 3184 4488 quod
3222 4421 3393 4474 cmlos

152 4516 465 4586 ἐπουράνιον
494 4513 976 4585 ἐὐεργετήσαντα
1031 4510 1112 4576 δὲ,
1165 4509 1241 4573 ὡς
1289 4506 1558 4582 πρότερον
1621 4506 1700 4559 κα⁴

1875 4526 2014 4566 nues
2063 4511 2222 4580 longe
2289 4509 2676 4566 transcendat.
2737 4509 2839 4575 Qui
2904 4508 3175 4563 benel‘ecit
3235 4508 3392 4571 mihi,

151 4606 239 4661 νῦν
267 4608 574 4676 ἀξιώσαντα
613 4605 892 4678 βοηθείας.

213 4785 675 4850 Ἐξαπέστειλεν
704 4784 774 4848 ἐξ
803 4779 1201 4850 cupas-017,“!
1225 4778 1424 4834 ἔσωσέ
1450 4795 1548 4848 με.
1595 4775 1715 4839 Ἐξ-

150 4879 465 4934 απέστειλεν
498 4878 732 4948 δύναμιν
767 4875 827 4941 ὲξ
867 4874 1038 4944 ὕψους
1074 4889 1088 4904 ·
1122 4874 1183 4926 οὐ
1231 4873 1341 4941 γὰρ
1388 4868 1448 4936 ἐξ
1501 4869 1716 4939 ἀνθρω-

152 4971 308 5040 πίνης
333 4969 584 5042 βοηθείας
609 4969 885 5041 esp-soon»:
924 4966 1020 5020 τοῦ
1055 4967 1114 5020 ὲν
1142 4964 1222 5038 τῷ
1257 4962 1510 5036 σπηλαίῳ
1540 4978 1713 5033 προσ·

144 5063 455 5134 δοκωμένου
485 5061 764 5116 κινδύνου.

206 5157 469 5212 Ἔδωκεν
522 5155 754 5220 ὄνειδος
777 5153 922 5220 τοὺς
944 5149 1440 5215 κα-ταπατοῦντάς
1465 5166 1562 5218 με.
1595 5149 1718 5202 Μα-

147 5249 333 5312 θόντες
359 5251 468 5321 γὰρ
485 5250 535 5303 oi.
569 5250 701 5317 περὶ
739 5246 915 5300 Σαοὺλ
958 5244 1019 5298 τὸ
1035 5243 1279 5314 γεγονὸς,
1310 5243 1452 5312 ἄγαν
1515 5243 1720 5313 ῂσχύνο

1820 4616 1886 4656 co
1924 4599 2070 4671 quod
2101 4609 2262 4656 antea
2292 4601 2483 4667 etiam,
2522 4601 2744 4672 dignum
2785 4615 2871 4655 me
2915 4614 3018 4656 suo
3052 4598 3244 4655 fecerit
3297 4615 3366 4654 au

1754 4723 1798 4781 υ
1825 4694 1978 4749 xilio.

1901 4786 2064 4844 Vens.
2089 4788 2143 4842 4.
2182 4786 2327 4842 Misit
2353 4787 2417 4844 de
2442 4789 2593 4852 creto,
2611 4788 2904 4844 et-salvavit
2930 4803 3028 4843 me.
3050 4787 3235 4844 Robur
3269 4789 3404 4844 mihi

1826 4895 1856 4935 e
1879 4881 2020 4934 emlo
2046 4877 2286 4936 demisit.
2318 4879 2505 4950 Neque
2535 4881 2681 4936 enim
2735 4881 2976 4935 humano
3031 4881 3236 4936 auxilio
3268 4880 3404 4934 Iibe-

1828 4981 1983 5027 ratus
2017 4986 2164 5036 sum,
2197 4985 2336 5026 eum
2352 4973 2484 5029 mihi
2519 4974 2572 5028 in
2605 4973 2866 5045 spelunca
2891 4972 3190 5043 periculum
3224 4972 3404 5026 immio

1825 5073 1996 5121 neret.

1900 5157 2062 5214 Vens.
2098 5161 2151 5226 5,
2183 5160 2238 5214 6.
2275 5158 2436 5214 Dedit
2463 5159 2517 5211 iu
2537 5156 2876 5224 opprobrium
2913 5148 3276 5207 conculcantes
3300 5168 3398 5204 me.

1829 5249 1968 5317 Quia
1998 5267 2122 5306 cum
2178 5249 2306 5306 Sa-ul
2340 5258 2395 5304 et
2435 5247 2662 5302 comites
2720 5247 2840 5314 ejus
2895 5243 3195 5296 rescissem.
3254 5239 3400 5308 quod

147 5343 344 5413 θησαν,
366 5342 443 5407 ὡς
473 5340 781 5412 τηλικαῦτα
803 5337 1127 5410 σφαλέντες,
1177 5337 1272 5390 καὶ
1321 5336 1699 5404 καταγέλαστο

1875 5349 2042 5395 estutn
2077 5341 2268 5403 Fuerat,
2302 5355 2496 5408 magna
2524 5353 2584 5391 se
2625 5333 2922 5405 ignominia
2971 5331 3208 5385 allectus
3247 5339 3406 5398 puta-

149 5435 424 5502 δόξαντες.
458 5435 524 5489 Τί
547 5435 604 5488 δέ
639 5435 759 5486 ἐστι
789 5433 850 5485 τὸ
873 5432 1235 5495 καταπατεῖν,
1265 5430 1484 5501 εἴρηται
1536 5430 1594 5481 ἐν
1642 5428 1700 5498 τᾷ

1875 5439 1982 5496 unt,
2007 5446 2072 5485 eo
2093 5429 2234 5500 quod
2268 5437 2478 5484 tantam
2509 5426 2583 5478 rei
2612 5425 2748 5479 bene
2773 5423 3026 5494 gerendae
3054 5421 3403 5475 occasionem

148 5533 257 5604 πρὸ
285 5531 476 5586 τούτου
522 5527 746 5600 ψαλμῷ.

1835 5522 2177 5583 amisissent,
2243 5521 2384 5574 unde
2427 5516 2645 5572 ridiculi
2693 5530 2920 5585 prorsus
2959 5522 3401 5568 recenserentur.

1837 5613 1979 5679 Quid
2003 5623 2187 5670 autem
2219 5612 2287 5668 sit
2315 5609 2658 5672 conculcare,
2713 5606 2958 5662 diximus
3033 5605 3086 5660 in
3139 5604 3405 5675 superiori

1838 5703 2070 5774 psalmo.

1487 5793 1686 5859 Varias
1717 5793 2038 5860 lectiones-

198 5875 302 5972 l‘i)
333 5899 418 5955 Al.
449 5897 728 5970 παρέλθω,
759 5905 890 5955 utet
921 5898 1082 5970 paulo
1126 5895 1374 5953 inferius.
