3834 6536
420 380 525 448 5'29

1623 398 2011 469 EUTHYMII
2056 409 2420 474 ZlGABENI
3577 426 3672 491 εοο

417 508 530 564 cet,
579 499 728 573 quod
762 502 968 556 nullam
993 514 1201 573 queant
1254 507 1474 578 injuriae
1505 526 1731 570 causam
1780 519 1980 576 atlerre

2110 521 2212 592 ἧκε
2239 523 2322 587 τδ,
2370 523 2510 578 Ἀλλ’
2566 526 2630 581 οὐ
2656 526 2893 586 δύνασθε
2946 531 3176 603 κρίνειν,
3243 534 3320 600 ὡς
3369 533 3671 607 νοούμενον.

416 591 575 660 quasi
610 591 662 646 id
693 592 1176 664 subintelligatur;
1239 606 1292 654 et
1327 615 1639 659 sermonem
1674 622 1836 662 suum
1870 625 1996 678 pro-

416 682 691 752 sequitur,
745 684 938 742 dicens
979 703 994 743 :
1055 687 1272 745 Etenim
1325 691 1380 746 in
1429 695 1596 750 corde
1641 697 1994 769 iniquitatem

415 773 774 842 meditaminl,
813 783 867 832 et
885 792 1080 835 manus
1106 791 1302 838 vestra:
1321 785 1647 856 iniustitiam
1675 803 1998 860 operantur.

417 861 483 916 Et
532 864 678 934 quod
729 867 826 931 ait,
876 867 1232 939 Complicant,
1296 889 1362 928 ex
1425 879 1745 948 metaphora
1803 897 1994 939 eorum

411 955 572 1023 dixit,
611 959 704 1029 qui
734 961 958 1032 laqueos
987 963 1258 1029 tendunt,
1287 976 1384 1021 aut
1419 969 1626 1040 plagas,
1669 974 1740 1028 ob
1785 975 1993 1032 variam

413 1051 678 1108 nimirum
720 1056 1080 1112 consiliorum
1129 1059 1514 1116 calliditatem.
1557 1063 1712 1131 Quod
1741 1084 1872 1124 vero
1899 1071 1996 1134 ait,

2107 613 2219 668 Καὶ
2241 616 2352 687 γὰρ
2383 618 2442 670 εν
2473 618 2675 692 καρδίᾳ
2689 623 2924 694 ἀνομίαν
2961 624 3252 695 μελετᾶτε,
3278 628 3379 682 καὶ
3413 627 3472 681 αἱ
3508 629 3677 696 χεῖρες

2107 705 2263 776 ὑμῶν
2292 709 2525 780 ἀνομίαν
2565 713 2890 787 πράττουσι.
2924 716 3361 787 Συμπλέκουσι
3399 718 3463 771 δὲ
3512 711 3675 783 εἶπεν,

2103 798 2169 852 ἐκ
2205 804 2526 874 μεταφορᾶς
2553 805 2665 862 τῶν
2687 807 3006 864 πλεκόντων
3052 811 3314 878 παγίδας,
3357 810 3456 864 διὰ
3483 811 3545 864 τδ
3575 827 3678 864 ποι-

2101 890 2252 946 κίλον
2287 894 2395 950 τῶν
2426 898 2879 973 ἐπιχειρημάτων
2905 919 2922 935 ο
2947 903 3010 957 τὺ
3036 903 3094 958 δὲ
3117 905 3225 960 Ἐν
3253 904 3329 973 τῇ
3380 904 3465 974 τῇ
3515 903 3678 975 πρόσ-

2102 999 2308 1050 κειται,
2340 989 2423 1044 ὅτι
2454 992 2511 1044 ὲν
2542 995 2608 1065 τῇ
2659 997 2734 1066 γῇ
2793 995 2969 1051 ταῦτα
3015 998 3223 1052 ποιεῖτε
3246 1013 3260 1028 ο
3290 999 3349 1052 εν
3372 998 3436 1053 δι
3470 996 3551 1068 τῷ
3565 996 3676 1069 ᾅδῃ.

2107 1075 2206 1148 οὐχ
2237 1080 2414 1149 οὕτως
2451 1085 2625 1152 ῐεετε.

410 1143 480 1202 In
522 1157 692 1217 terra,
716 1151 931 1254 dictum
966 1162 1072 1217 est,
1107 1155 1236 1224 quia
1269 1154 1322 1209 in
1354 1163 1498 1211 terra
1533 1159 1648 1215 haec
1697 1173 1993 1235 peragunt.
2027 1143 2252 1230 Namvin
2295 1143 2534 1246 inferno,
2568 1143 2624 1236 et
2661 1183 2710 1239 si
2745 1185 3062 1240 animorum
3133 1184 3376 1254 pravitas
3465 1186 3679 1242 omnino

410 1258 520 1299 non
551 1243 813 1310 cessabit,
835 1243 950 1316 ipsa
973 1255 1151 1302 tamen
1183 1250 1325 1306 male
1346 1252 1541 1322 agendi
1574 1253 1808 1311 facultas
1827 1273 2059 1327 prorsus
2091 1265 2292 1324 aberit.

486 1334 649 1392 Vens.
682 1336 736 1391 4.
767 1336 1004 1393 Alienati
1034 1350 1158 1394 sunt
1202 1354 1503 1410 peccatores
1551 1363 1586 1400 a
1618 1347 1797 1402 vulva.
1839 1349 1998 1406 Inve-

412 1429 560 1485 hitur
588 1430 644 1485 in
678 1431 988 1500 pertinaces
1019 1447 1082 1486 ac
1113 1431 1250 1490 (ixos
1278 1435 1331 1489 in
1358 1437 1606 1505 peccatis
1639 1439 1916 1509 homines,
1943 1452 1982 1500 el

2105 1429 2418 1528 Στηλιτεύει
2465 1429 2526 1514 το

411 1523 606 1594 paucis
631 1523 815 1588 docet,
884 1524 1199 1596 cuiusmodi
1261 1536 1470 1594 essent,
1511 1539 1566 1584 et
1625 1546 1789 1600 quam
1847 1535 1994 1604 passi

411 1625 542 1672 sunt
568 1617 810 1672 ruinam.
835 1617 919 1673 Ab
943 1619 1102 1687 ipsis.
1130 1619 1333 1688 inquit,
1371 1622 1729 1680 incunabulis
1767 1626 1993 1683 alienati

2187 1361 2800 1438 ’Δπηλλοτριώθησαν
2828 1374 2886 1426 oi
2916 1371 3258 1442 ἁμαρτωλοὶ
3292 1372 3414 1426 ἀπὸ
3433 1369 3678 1440 μήτρας.

2532 1461 2596 1526 ὓς
2647 1464 3089 1536 ἀνεπιστρόφους
3141 1466 3536 1536 ἁμαρτωλοὺς,
3599 1465 3681 1518 καὶ

2100 1547 2346 1604 διδάσκει
2375 1553 2466 1608 διὰ
2502 1553 2956 1626 βραχέωνδποϊοι
3012 1559 3166 1622 ὅντες
3210 1559 3417 1612 ὁποίαν
3473 1558 3680 1627 λαμϐά-

2103 1659 2253 1697 νουσι
2307 1651 2716 1721 καταστροφήν.
2753 1649 2876 1706 ¹Έτι
2910 1650 3444 1723 βρεφουργούμενοι.
3508 1650 3677 1720 φησὶν,

409 1720 539 1765 sunt
587 1725 618 1765 a
655 1708 815 1777 Deo;
870 1709 1034 1782 juxta
1094 1713 1242 1782 quod
1276 1715 1487 1771 scilicet
1513 1718 1825 1786 praescitum
1875 1732 1982 1774 eral

2105 1708 2631 1812 ἀπηλλοτριώθησαν
2650 1708 2748 1796 τοῦ
2781 1708 3133 1805 Θεοέίκατὰ.
3321 1708 3496 1796 αὑτοῦ
3522 1708 3535 1718 ’

411 1820 442 1860 a
481 1804 614 1870 Deo,
665 1804 790 1860 illos
844 1820 972 1862 mox
1025 1805 1368 1876 alienandos,
1388 1824 1450 1864 ac
1475 1810 1982 1884 misereperdendo:

2105 1804 2332 1899 γνωσιν,
2353 1804 2478 1887 ⁷καὶ,
2512 1804 3029 1906 απηλλοτριωμένοι
3054 1834 3145 1890 διὰ
3173 1804 3238 1890 τδ
3305 1834 3515 1907 μέλλον
3571 1804 3676 1888 ἑλο-

409 1911 554 1954 esse.

486 1987 807 2046 Erraverunt
848 1991 915 2046 ab
952 2000 1124 2047 utero.
1150 1993 1232 2047 Ab
1262 1992 1505 2048 Ecclesia
1538 1995 1817 2054 nimirum.
1837 1996 1989 2053 Uteri

409 2081 555 2136 enim
588 2097 652 2138 ac
698 2083 1048 2139 muliebrium
1102 2083 1346 2140 locorum
1413 2086 1655 2143 Ecclesia
1695 2089 1776 2145 eis
1818 2089 1993 2145 instar

407 2183 514 2239 est,
545 2177 640 2246 qui
678 2192 708 2230 a
749 2177 857 2233 Deo
893 2178 1268 2248 adoptantur;
1319 2181 1522 2251 quippe
1574 2197 1697 2252 quze
1751 2182 1990 2238 miriﬁco

409 2267 756 2337 baptismatis
787 2269 1028 2337 lavacro,
1059 2272 1112 2326 in
1148 2287 1323 2327 novos
1362 2274 1614 2330 homines
1645 2290 1741 2331 eos
1769 2275 1987 2332 format.

410 2357 746 2415 Erraverunt
783 2361 948 2430 igitur
977 2377 1008 2416 a
1045 2362 1129 2416 via
1165 2363 1549 2420 mandatorum
1584 2364 1676 2422 Dei
1727 2366 1990 2421 aberran-

404 2459 492 2506 tes
520 2467 584 2507 ex
626 2458 777 2514 tunc.
812 2469 920 2509 non
953 2455 1240 2524 operibus,
1275 2465 1337 2512 ut
1370 2457 1610 2514 diximus
1638 2499 1654 2522 ,
1703 2459 1799 2522 sed
1849 2473 1989 2530 prae-

404 2541 634 2598 scientia
673 2543 785 2599 Dei.
816 2543 890 2598 Ita
942 2548 1086 2601 enim
1132 2547 1262 2602 alibi
1318 2549 1460 2617 apud
1485 2549 1781 2606 Jeremiam
1818 2567 1848 2606 a
1878 2549 1990 2608 Deo

404 2632 515 2686 diei
547 2632 778 2702 legimus
805 2655 820 2691 :
856 2634 1178 2707 Priusquam
1203 2647 1251 2693 te
1273 2641 1560 2707 formarem
1589 2641 1642 2694 in
1667 2650 1840 2704 utero,
1870 2643 1989 2697 novi

404 2735 478 2786 te.
505 2735 556 2781 et
594 2737 876 2799 antequam
907 2734 1076 2786 exires
1095 2731 1158 2786 de
1186 2733 1361 2798 vulva,
1403 2734 1736 2801 sanctiﬁcavi
1769 2743 1818 2790 te
1839 2735 1912 2790 ‘°.

475 2817 662 2876 Locuti
699 2832 824 2877 sunt
848 2824 1018 2890 falsa.
1049 2824 1166 2880 Non
1195 2827 1263 2880 ab
1285 2835 1443 2882 utero
1472 2826 1608 2883 falsa
1646 2827 1812 2882 locuti
1833 2835 1985 2891 sunt,

404 2914 500 2969 sed
545 2914 710 2970 simul
745 2928 809 2970 ac
843 2917 909 2970 ad
945 2916 1297 2988 grandiorem
1330 2925 1546 2974 aetatem
1579 2933 1895 2987 pervenere.

478 3003 649 3062 Vens.
687 3007 744 3062 5.
777 3006 1080 3063 Furorillis
1111 3009 1401 3064 secundum
1454 3010 1857 3067 similitudinem
1877 3029 1990 3068 ser-

402 3099 593 3167 pentis.
626 3099 793 3155 Aiunt
823 3111 1133 3170 serpentem
1165 3101 1258 3156 ubi
1283 3100 1340 3155 in
1365 3101 1600 3171 aliquem
1641 3104 1872 3174 cmperit
1901 3103 1987 3160 iu-

401 3205 546 3256 rere,
579 3206 860 3262 nunquam
901 3193 1038 3246 iram
1071 3202 1169 3248 aut
1197 3192 1439 3248 furorem
1487 3195 1780 3265 deponere,
1810 3196 1986 3254 donec

400 3298 671 3339 venenum
697 3256 968 3349 intulerit,
991 3292 1086 3338 aut
1109 3284 1315 3340 rabiem
1340 3299 1487 3340 mors
1510 3287 1797 3346 ademerit.
1813 3288 1991 3346 Furor
2017 3256 2063 3316 θ

402 3391 559 3446 reque
583 3376 754 3447 igitur
784 3376 870 3431 bis
899 3377 1265 3447 implacabilis
1299 3389 1405 3435 est.
1448 3377 1812 3437 Perseverant
1840 3382 1986 3438 enim

402 3470 549 3534 irati,
577 3476 633 3526 et
661 3468 819 3525 dolos
850 3476 1118 3539 perpetuo
1169 3470 1491 3527 moliuntur.

468 3561 638 3627 Quasi
668 3561 870 3630 aspidis
906 3563 1086 3616 surdae
1110 3602 1127 3627 ,
1159 3571 1208 3616 et
1265 3564 1568 3618 obturantis
1623 3581 1783 3620 aures
1837 3583 1984 3621 suas.

402 3654 627 3710 Furoris
682 3653 1103 3710 simllitudinem
1170 3655 1237 3710 ad
1291 3657 1464 3725 ipsam
1520 3657 1686 3713 etiam
1738 3658 1983 3730 aspidem

399 3745 681 3804 transfert.
721 3746 899 3801 Furor
926 3760 1140 3820 eorum,
1175 3746 1376 3816 inquit,
1409 3748 1568 3818 quasi
1595 3748 1746 3805 furor
1776 3751 1985 3820 aspidis

401 3839 583 3896 surdae
612 3857 627 3893 :
664 3853 773 3894 non
801 3838 1048 3909 aspidem
1079 3837 1224 3906 dico,
1262 3855 1385 3909 qua;
1417 3848 1613 3896 natura
1669 3841 1836 3898 surda
1868 3843 1940 3899 sit
1967 3881 1982 3908 ,

401 3934 496 3990 sed
518 3947 640 4002 quae
671 3931 797 3986 data
829 3947 1020 4002 opera,
1045 3939 1210 4002 atque
1239 3941 1362 3988 astu
1411 3933 1649 4003 quodam
1679 3934 1872 3991 audire
1905 3951 1988 3991 re-

402 4025 564 4090 nuit;
601 4031 764 4092 atque
803 4022 927 4078 ideo
957 4035 1363 4094 consequenter
1393 4025 1604 4081 addidit
1636 4045 1652 4082 :
1696 4029 1867 4100 Atque
1886 4029 1983 4085 ob-

403 4120 633 4174 turantis
667 4133 827 4172 aures
850 4134 999 4171 suas.
1027 4117 1229 4175 Deinde
1266 4127 1486 4186 tempus
1511 4129 1734 4179 enarrat
1762 4124 1984 4196 quando

404 4214 641 4267 maxime
669 4209 1046 4267 obsurdescit.

474 4303 640 4360 Vens.
678 4303 732 4358 6.
768 4303 900 4370 Quae
930 4321 1034 4360 non
1059 4306 1306 4361 exaudiet
1338 4324 1514 4363 vocem
1569 4310 1982 4378 incantantium,

398 4409 448 4456 et
478 4400 714 4470 veneﬁci,
745 4400 1028 4454 incantata
1049 4417 1082 4454 a
1110 4401 1358 4470 sapienti.
1385 4401 1488 4458 Per
1512 4403 1861 4459 incantantes
1889 4418 1984 4459 eos

400 4491 688 4563 intelligit,
736 4507 874 4564 quos
928 4493 1305 4550 incantatores
1337 4535 1354 4559 ,
1406 4509 1504 4550 seu
1556 4495 1984 4566 praestigiatores

2025 1893 2073 1952 B

2100 1925 2261 1996 γίσθη
2271 1943 2390 1982 σαν.
3682 1928 3691 1966 ‘

2171 2018 2649 2087 Ἐπλανήθησαν
2679 2020 2800 2076 ἀπὸ
2828 2021 3114 2090 γαστρός.
3141 2021 3275 2075 Ἀπὸ
3308 2021 3412 2091 τῆς
3453 2019 3675 2090 Ἐκιληο

2101 2113 2259 2176 σίας·
2303 2114 2490 2184 μήτηρ
2523 2113 2631 2187 γὰρ
2665 2114 2804 2186 αὕτη
2838 2115 2933 2169 καὶ
2994 2114 3213 2186 γαστὴρ
3256 2114 3366 2170 τῶν
3408 2115 3673 2168 υίοθετου-

2101 2203 2284 2274 μένων
2310 2204 2391 2276 τῷ
2424 2204 2565 2276 Θεῷ,
2613 2206 2968 2274 ἀναγεννῶσα
3007 2206 3232 2271 τούτους
3271 2206 3360 2261 διὰ
3389 2207 3494 2258 τοῦ
3532 2206 3673 2274 ἁγίου

2101 2297 2506 2368 βαπτίσματος.
2582 2297 3002 2370 Ἐπλανήθησαν
3074 2298 3268 2372 πόρρω
3310 2298 3413 2366 τῆς
3468 2296 3672 2360 εὐθείας

2097 2389 2207 2443 τῶν
2247 2389 2408 2443 θείων
2439 2391 2692 2457 ἐντολῶν,
2723 2391 2825 2444 οὐκ
2866 2392 3138 2463 ἐνεργείᾳ,
3164 2390 3302 2454 ἀλλ’,
3335 2390 3416 2452 ὡς
3445 2391 3668 2459 εἴρηται,

2096 2483 2163 2551 τῇ
2220 2481 2534 2552 προγνώσει
2577 2481 2673 2535 τοῦ
2699 2480 2859 2536 Θεοῦ.
2889 2482 3050 2536 Οὕτω
3077 2481 3184 2552 γὰρ
3219 2475 3374 2548 εἶπεν
3421 2481 3523 2533 καὶ
3549 2479 3670 2550 πρδς

2095 2571 2192 2626 τὸν
2231 2572 2510 2644 Ἱερεμίαν
2551 2576 2580 2628 ὁ
2605 2574 2739 2638 Θεός
2766 2590 2780 2604 ο
2826 2574 2948 2643 Πρὸ
2988 2574 3098 2630 τοῦ
3123 2590 3202 2643 με
3230 2572 3466 2627 πλάσαι
3501 2588 3578 2626 σε
3611 2571 3672 2624 ἐν·

2095 2663 2316 2731 κοιλίᾳ,
2345 2664 2674 2734 ἐπίσταμαι
2701 2681 2797 2734 σε,
2823 2668 2922 2722 καὶ
2947 2667 3062 2736 πρὸ
3080 2666 3187 2721 τοῦ
3212 2679 3287 2720 σε
3310 2664 3588 2730 ἐξελθεῖν
3610 2663 3668 2717 ἐκ

2089 2755 2344 2824 μήτρας,
2375 2757 2594 2827 ἡγίακὰ
2632 2773 2727 2812 σε.

2178 2846 2530 2917 Ἐλάιιησαν
2556 2848 2778 2919 ψευδῆ.
2803 2849 2976 2903 Τοῦτο
3002 2846 3104 2903 οὐκ
3135 2846 3244 2902 ἀπὸ
3279 2845 3547 2919 γαστρὸς,
3567 2844 3668 2901 ἀλλ’

2097 2943 2182 3006 είς
2209 2940 2428 3012 ἡλικίαν
2458 2941 2730 3004 ἐλθόντες.

2167 3032 2364 3100 Θυμὸς
2417 3029 2645 3097 αὐτοῖς,
2680 3031 2832 3086 κατὰ
2859 3029 2978 3099 τὴν
3014 3033 3302 3100 ὁμοίωσιν
3335 3029 3447 3085 τοῦ
3470 3030 3664 3097 ὄφεως.

2091 3123 2231 3178 Φασὶ
2273 3123 2366 3178 τὸν
2419 3123 2544 3193 ὅφιν
2585 3122 2931 3192 ἑπιμανὲντα
2953 3125 3086 3188 τινὶ,
3134 3123 3410 3194 μηδέποτε
3436 3122 3666 3193 μεθεῖναι

2092 3215 2185 3268 τὸν
2213 3213 2410 3285 θυμὸν,
2450 3214 2612 3285 ἄχρις
2647 3214 2714 3270 ἂν
2743 3215 2778 3285 ἢ
2813 3213 2990 3287 δράσῃ
3023 3232 3077 3270 τι
3108 3216 3301 3278 κακὸν,
3357 3215 3390 3286 ἢ
3439 3230 3666 3285 προαπο.

2097 3307 2258 3378 θάνῃ.
2279 3306 2464 3377 Θυμδς
2489 3302 2584 3360 οὖν
2624 3307 2720 3360 καὶ
2742 3305 2958 3371 τούτοις
2989 3307 3292 3372 ἀνένδοτος,
3323 3306 3420 3360 καὶ
3449 3306 3666 3359 διαπανο

2095 3399 2189 3463 τδς
2214 3398 2523 3463 επίδουλος.

2179 3577 2338 3632 Ὠσει
2372 3578 2633 3645 ἀσπίδος
2689 3579 2920 3650 κωφῆς,
2979 3579 3080 3634 καὶ
3119 3578 3408 3645 ,βυούσης
3436 3578 3507 3632 τὰ
3557 3571 3668 3632 ὦτα

2094 3668 2308 3738 αὐτῆς.
2343 3671 2665 3742 Μεταφέρει
2701 3672 2760 3725 τὸ
2813 3672 3170 3742 παράδειγμα
3226 3669 3321 3724 τοῦ
3367 3668 3540 3739 θυμοῦ
3580 3669 3667 3721 καὶ

2094 3763 2192 3816 ἐπὶ
2216 3763 2318 3835 τὴν
2344 3764 2572 3820 ἀσπίδα.
2609 3764 2796 3835 Θυμδς
2825 3765 2963 3819 ὡσεὶ
2991 3765 3219 3828 ἀσπίδος
3255 3763 3465 3833 κωφῆς,
3490 3761 3586 3814 καὶ
3609 3759 3663 3812 οὐ

2094 3853 2256 3923 φύσει
2292 3854 2507 3924 κωφῆς,
2529 3855 2667 3910 ἀλλὰ
2695 3855 3028 3927 πανουργίᾳ..
3054 3855 3154 3910 Διὰ
3174 3854 3339 3908 τοῦτο
3374 3853 3478 3926 γὰρ
3505 3867 3670 3920 προσ.

2094 3946 2260 4016 έθηκε
2291 3947 2375 4000 τό⁶
2409 3947 2520 4002 Kal
2545 3948 2835 4017 ,βυούσης
2865 3948 2940 4003 τὰ
2965 3945 3088 4005 ὦτα
3125 3947 3353 4017 αὐτῆς·
3384 3943 3499 4001 εἶτα
3529 3945 3663 4010 διέξ-

2101 4054 2207 4092 εισι
2247 4041 2341 4094 καὶ
2369 4041 2500 4096 πότε
2532 4041 2798 4112 κωφεὺει.

2165 4307 2333 4373 "Huc
2349 4309 2460 4362 οὐκ
2475 4309 2897 4364 είσακούσεται
2913 4309 3084 4381 spatii
3089 4331 3122 4376 ς
3135 4310 3499 4380 ἐπᾳδόντων,
3523 4327 3664 4380 φαρ-

2085 4398 2286 4468 μακοῦ
2323 4415 2408 4463 τε,
2455 4401 2958 4469 φαρμακευομένη
2989 4401 3152 4471 παρὰ
3166 4403 3390 4471 σοφοῦ.
3418 4402 3665 4474 Ἐπᾴδονο

2089 4507 2189 4554 τας
2213 4490 2363 4560 λέγει
2427 4493 2557 4556 τοὺς
2597 4491 2967 4563 καλουμένους
2999 4488 3313 4561 ἐπαοιδοῦς.
3345 4497 3539 4560 οἵτινες
3579 4496 3663 4551 διά

398 4585 739 4655 appellamus
768 4603 784 4640 :
821 4586 914 4657 qui
945 4587 1288 4643 carminibus
1319 4587 1647 4656 quibusdam
1675 4628 1689 4648 .
1722 4596 1816 4642 aut
1847 4602 1982 4656 prae-

2105 4601 2257 4638 ιινων
2301 4583 2530 4654 ἐπῳδῶν
2590 4587 3102 4657 καταγοητεύοντες
3135 4589 3264 4652 τοὺς
3317 4589 3526 4660 θυμοὺς
3561 4588 3662 4640 τῶν

399 4676 580 4746 stigiis
638 4677 942 4748 repentium
1004 4693 1070 4734 ac
1161 4687 1552 4734 venenatorum
1621 4679 1980 4734 animantium

401 4766 643 4821 furorem
676 4765 959 4822 cohibent.
993 4767 1122 4824 Suis
1171 4770 1317 4824 enim
1353 4770 1600 4825 artiﬁciis
1650 4785 1840 4826 eorum
1875 4784 1974 4825 sae-

399 4853 583 4910 vitiam
612 4853 850 4924 placant,
880 4863 1046 4925 atque
1070 4856 1173 4910 hoc
1207 4865 1367 4926 pacto
1405 4872 1470 4911 ea
1499 4867 1790 4921 venantur,
1819 4867 1876 4912 et
1909 4857 1976 4912 ad

399 4947 741 5003 medicorum
773 4962 934 5002 usum
968 4957 1278 5004 asservant.
1317 4948 1480 5020 Aspis
1526 4949 1732 5020 igitur,
1787 4957 1842 5006 et
1891 4949 1980 5004 illa

395 5040 743 5109 potissimum
793 5054 915 5111 quae
950 5040 1247 5112 palamnaea
1303 5041 1645 5111 appellatur,
1699 5042 1866 5098 certis
1929 5042 1982 5098 id

395 5133 734 5203 coniecturis
757 5147 1130 5202 praenoscens,
1149 5134 1440 5188 obstruere
1469 5148 1636 5188 aures
1661 5147 1791 5189 suas
1820 5133 1978 5199 solet,

394 5232 562 5295 atque
600 5223 708 5280 hoc
736 5234 894 5294 pacto
920 5238 1111 5278 eorum
1143 5231 1289 5279 artes
1313 5223 1570 5278 evadere.
1605 5221 1757 5278 Ordo
1788 5231 1971 5278 autem

392 5316 687 5372 verborum
718 5296 1030 5385 huiusmodi
1065 5322 1152 5371 est
1180 5331 1195 5370 :
1238 5316 1369 5383 Quae
1396 5317 1543 5385 aspis
1580 5330 1688 5370 non
1723 5317 1977 5371 exaudiet

391 5421 578 5462 vocem
609 5407 1041 5471 incantantium,
1072 5414 1129 5463 et
1166 5421 1276 5463 non
1307 5407 1564 5466 exaudiet
1589 5421 1777 5462 vocem
1815 5421 1975 5462 vene-

392 5499 504 5563 lici,
545 5501 762 5556 tametsi
798 5501 1076 5554 incantata
1117 5501 1232 5566 sit,
1265 5513 1330 5553 ac
1387 5497 1677 5568 praestigiis
1724 5498 1901 5553 illecta
1945 5515 1974 5553 a

390 5591 624 5660 sapienti
653 5592 792 5666 viro.
846 5589 1163 5661 Sapientem
1193 5591 1396 5662 quippe
1444 5590 1534 5646 hic
1583 5591 1763 5660 ipsum
1797 5593 1976 5647 artiﬁ-

391 5699 510 5739 cem
569 5698 634 5738 ac
681 5683 986 5740 veneﬁcum
1034 5683 1275 5755 appellat
1323 5727 1336 5741 .
1400 5682 1568 5739 veluti
1629 5683 1780 5740 illius
1840 5686 1976 5742 artis

461 5870 509 5906 ⁸³
534 5867 737 5930 .lerem.
777 5885 818 5940 ι,
849 5873 904 5930 5.

2089 4674 2360 4746 ἑρπετῶν,
2411 4677 2509 4730 καὶ
2551 4673 2614 4728 τὸ
2669 4677 2957 4748 ἀγριαίνου
3015 4676 3192 4739 οὕτως
3254 4680 3658 4753 ἐξημεροῦντες,

2090 4769 2455 4838 λαμϐάνουσι,
2515 4771 2615 4826 καὶ
2679 4771 2922 4842 χρῶνται
2953 4771 3093 4844 πρὸς
3133 4774 3401 4844 ίατρείαν.
3445 4777 3506 4829 Ἦ
3538 4773 3658 4844 γοῦν

2089 4863 2285 4928 ἀσπὶς,
2311 4864 2407 4917 καὶ
2455 4865 2658 4934 μᾶλλον
2700 4865 3153 4937 ὲπονομαζομένη
3189 4869 3526 4938 παλαμναία,
3557 4867 3658 4920 ἀπό

2089 4970 2253 5007 τινων
2278 4955 2596 5025 τεκμηρίων
2611 4957 3050 5029 προαισθομένη,
3068 4958 3190 5028 βύει
3211 4961 3282 5014 τὰ
3303 4961 3509 5032 ἑαυτῆς
3534 4956 3656 5023 ὦτα,

2091 5047 2188 5099 καὶ
2251 5044 2396 5100 οὕτω
2437 5047 2833 5118 διαδιδράσκει.
2897 5051 3052 5104 Ἐστι
3103 5051 3161 5105 δὲ
3205 5053 3238 5123 ἡ
3289 5051 3657 5121 σύνταξιςτῶν

2090 5137 2296 5208 ῥητῶν,
2329 5137 2524 5203 οὕτως·
2556 5140 2718 5204 Ἤτις
2749 5142 2848 5195 οὐκ
2883 5143 3273 5199 είσακούσεται
3307 5148 3491 5214 φωνῆς
3531 5150 3654 5216 ina-

2086 5229 2308 5295 δόντων,
2349 5232 2445 5284 καὶ
2510 5233 2834 5303 φαρμακοῦ,
2867 5237 3116 5291 τουτέστι
3159 5239 3384 5309 γόητος,
3411 5255 3654 5311 γοητευοο

2090 5321 2226 5390 μένη
2255 5323 2407 5393 παρὰ
2447 5323 2614 5393 σοφοῦ
2633 5325 2848 5394 ἀνδρός.
2872 5327 3043 5395 Σοφὸν
3070 5327 3127 5382 δὲ
3157 5328 3279 5394 νῦν,
3305 5332 3399 5385 τὸν
3422 5330 3655 5400 τεχνίτην

2084 5411 2334 5468 ἐκάλεσε.
2370 5407 2674 5482 ῐῐροσςρυῶς
2705 5413 2762 5467 δὲ
2799 5417 2894 5470 καὶ
2947 5417 3039 5470 τὸν
3061 5417 3186 5488 ὅφιν
3213 5422 3308 5474 καὶ
3339 5422 3442 5494 τὴν
3466 5417 3651 5474 ἀσπίδα

2084 5501 2333 5558 τέθεικεν
2368 5505 2449 5568 είς
2480 5505 2838 5578 παράδειγμα
2861 5524 2875 5538 ⁶
2903 5511 2930 5563 ὁ
2953 5511 3128 5565 Σαοὺλ
3164 5513 3276 5585 γὰρ
3307 5520 3403 5570 καὶ
3429 5513 3649 5568 ὲνεκύτει

2085 5595 2160 5658 ὡς
2192 5594 2341 5664 ὅτις,
2375 5597 2470 5649 καὶ
2507 5597 2772 5663 πολλάκις
2813 5603 3265 5674 κατεπᾳδόμενος
3301 5601 3480 5675 λόγοις
3517 5606 3646 5671 ἁγα-

2088 5685 2200 5751 θοῖς
2229 5685 2380 5758 παρὰ
2409 5685 2506 5740 τοῦ
2559 5689 2744 5758 Δαὸὶδ,
2777 5692 2858 5746 ὅτι
2890 5691 3057 5756 αὐτὸς
3085 5693 3187 5766 μέν
3218 5696 3339 5751 ἔστι
3360 5695 3538 5768 κύριος
3555 5689 3646 5745 καὶ
