3834 6544
123 443 218 512 0οι
1285 441 1678 507 COMMENT.

1843 444 2212 509 PSALMOS.
3258 446 3368 510 602

123 556 379 625 δεσπότης
409 553 506 608 καὶ
562 552 820 624 βασιλεύς
845 568 860 583 ’
912 546 1067 617 οὗτος
1093 554 1171 617 δὲ,
1198 554 1389 621 δοῦλος
1411 558 1509 611 καὶ
1539 558 1689 612 κύων

1820 560 2050 615 eritum.
2083 560 2381 620 Commode
2407 578 2538 620 vero
2565 563 2837 635 serpentis
2866 570 2921 620 et
2947 559 3155 633 aspidis
3179 576 3366 615 exem-

125 648 380 717 τεθνηκὼς
404 647 491 702 καὶ
531 647 755 718 ψύλλος,
790 646 1145 717 ἑθελοκωφῶν
1165 643 1255 720 ἦν,
1287 650 1362 715 ὡς
1387 651 1574 715 ἀσπίς.

1820 652 1941 706 ilum
1978 651 2222 720 adducit,
2248 670 2385 721 eum
2419 656 2549 712 Saul
2579 666 2635 714 et
2657 658 3012 718 irasceretur.
3035 664 3092 707 ut
3112 665 3366 722 serpens,

124 752 170 796 et
200 739 637 805 obsurdesceret,
673 739 823 796 velut
853 740 1023 811 aspis,
1054 755 1178 795 eum
1213 741 1779 799 blandosaemellitos
1809 743 1950 799 beati
2016 746 2180 801 David
2245 762 2529 805 sermones
2595 756 2916 821 sperneret,
2968 747 3169 816 quibus
3244 751 3372 797 tan-

124 851 269 905 quam
302 835 561 889 suavibus
593 836 922 907 quibusdam
984 844 1150 907 atque
1209 835 1904 908 eﬂicacibuslearminibus
1973 841 2224 897 emollire
2304 843 2457 897 illum
2544 858 2606 897 ac
2656 843 2888 898 delinire
2963 838 3371 906 contenderat:

124 928 270 984 veluti
294 943 416 983 cum
447 927 667 984 Saulem
704 929 1004 999 principem
1036 944 1105 987 ac
1136 944 1318 1001 regem
1374 947 1537 988 suum
1584 933 1919 1004 appellabat,
1948 948 2007 990 se
2037 951 2163 991 vero
2190 930 2433 1001 servum,
2496 952 2688 992 canem
2749 947 3046 998 mortuum,
3099 945 3151 990 et
3212 951 3371 1006 pror-

124 1044 205 1083 sus
230 1026 516 1091 abiectum.

193 1121 245 1174 Ὀ
270 1122 412 1187 Θεὸς
458 1122 782 1191 συντρίψει
812 1123 975 1213 τοὺς,
1005 1124 1261 1191 ὀδόντας
1285 1125 1488 1179 αὐτῶν
1510 1126 1581 1179 ἐν
1601 1125 1681 1191 τῷ

1855 1126 2029 1181 Vens.
2074 1129 2126 1182 7.
2166 1126 2308 1180 Deus
2344 1133 2575 1179 conteret
2607 1123 2786 1177 dentes
2818 1138 2999 1176 eorum
3040 1122 3093 1173 in
3120 1137 3209 1173 ore
3224 1123 3372 1190 ipso-

121 1215 349 1284 στόματι
372 1214 593 1269 αὐτῶν.
634 1216 885 1277 Ὀδόντας
919 1215 1178 1286 ὀνομάζει
1200 1216 1300 1279 τὰς
1334 1218 1673 1280 κακυντικὰς

1820 1237 1919 1274 um.
1952 1219 2056 1275 Per
2085 1219 2278 1274 dentes
2308 1258 2323 1281 ,
2354 1216 2691 1287 perniciosas
2720 1228 2781 1269 ac
2827 1214 3037 1268 validas
3069 1228 3261 1268 eorum
3295 1213 3374 1265 vi-

124 1305 219 1358 τῶν
249 1308 506 1360 τοιούτων
530 1305 797 1376 δυνάμεις
816 1323 830 1337 ο
865 1306 1089 1370 ὀδόντας
1113 1307 1170 1361 δὲ
1202 1306 1398 1372 εἰπὼν,
1432 1309 1528 1361 καὶ
1561 1307 1683 1360 στό-

1820 1328 1872 1368 es
1906 1311 2184 1381 intelligit,
2213 1317 2267 1364 et
2306 1310 2586 1376 expositas
2615 1306 2681 1361 ad
2717 1305 2984 1377 patranda
3036 1305 3265 1359 scelera.
3310 1304 3375 1358 Et

127 1414 278 1468 ματος
326 1398 764 1469 ἐμνημόνευσεν,
817 1398 848 1452 δ
900 1399 1118 1470 νοήσεις
1172 1398 1273 1471 τήν
1329 1398 1683 1471 περιεκτικήν

1820 1420 1907 1460 um
1939 1404 2183 1459 dentium
2216 1400 2547 1465 meminerit,
2598 1400 2776 1470 ipsum
2833 1399 2997 1452 etiam
3029 1413 3092 1452 os
3125 1397 3373 1459 addidit,

124 1489 386 1561 πονηρίανο
1796 1514 1907 1569 quo
1933 1494 2332 1567 complectendi
2381 1501 2550 1564 atque
2592 1490 3094 1547 comorehendendi
3144 1490 3375 1545 facultas

1798 1590 2099 1646 indicatur.

184 1668 222 1722 τ
222 1668 288 1735 ὰς
305 1670 504 1739 μύλας
531 1668 654 1725 τῶν
684 1672 956 1726 λεόντων
984 1672 1375 1728 avrea/lacer
1392 1676 1428 1729 ό
1451 1673 1687 1742 Κύριος.

1867 1682 2038 1738 Malas
2080 1681 2289 1736 leonum
2334 1677 2592 1750 confregit
2641 1675 2923 1730 Dominus.
2989 1672 3049 1727 In
3104 1671 3377 1741 superiori

134 1763 213 1819 Ἐν
238 1764 311 1870 τῷ
340 1767 677 1839 προλαϐόντι
695 1767 898 1839 ψαλμῷ
916 1769 1195 1839 σκύμνους
1218 1771 1389 1835 αὐτὰς
1422 1771 1686 1835 καλέσας,

1820 1776 2015 1832 isalmo
2039 1774 2255 1830 catulos
2278 1774 2496 1828 leonum
2530 1786 2626 1826 eos
2653 1767 2947 1840 appellavit
2979 1782 2995 1821 :
3025 1767 3081 1820 in
3119 1764 3378 1833 praesenti

125 1861 173 1911 iv
201 1859 275 1928 τῷ
301 1860 560 1931 παρόντι,
608 1861 709 1915 καὶ
736 1863 868 1932 περὶ
898 1861 1129 1915 ὀδόντων
1157 1860 1346 1931 φησιν.
1383 1861 1539 1917 Ἐστι
1578 1862 1634 1916 δὲ
1660 1865 1689 1916 6

1820 1884 1929 1926 vero
1968 1870 2189 1924 leonum
2242 1866 2437 1922 dentes
2463 1864 2684 1930 jhabere
2735 1862 2862 1918 illos
2909 1861 3063 1916 dicit.
3108 1859 3378 1914 Caeterum

130 1957 286 2026 στίχος
331 1946 495 2018 οὗτος
537 1954 944 2022 διπλασιασμὸς
992 1953 1090 2007 τοῦ
1131 1953 1240 2022 πρὸ
1269 1951 1461 2019 αὐτοῦ,
1501 1952 1685 2016 καθὼς

1820 1979 1845 2017 n
1880 1962 1983 2017 hoc
2007 1959 2277 2015 versiculo
2303 1958 2552 2013 eamdem
2577 1954 2776 2025 repetit
2827 1952 3159 2010 sententiam
3212 1965 3379 2020 quam

128 2050 174 2098 ὲν
200 2047 406 2109 πολλοῖς
461 2046 790 2116 εἰρήκαμεν.
835 2045 988 2099 Ἐπεὶ
1021 2046 1116 2099 καὶ
1148 2044 1206 2099 αἱ
1250 2043 1437 2114 μύλαι,
1469 2045 1682 2109 ὀδόντες

1820 2072 1847 2110 n
1881 2052 2208 2125 praecedenti
2259 2050 2537 2105 vidimus:
2597 2047 3059 2117 quemadmodum
3123 2056 3378 2111 saepenu-

130 2141 264 2193 εῐσίν.
292 2140 387 2201 Ἦ,
415 2140 465 2191 εἰ
487 2136 691 2208 βούλει,
714 2137 936 2201 ὀδόντας
962 2137 1083 2205 μὲν,
1102 2138 1319 2205 νοήσεις
1333 2141 1458 2199 τοὺς
1471 2133 1682 2205 τομεῖς·¹

1820 2161 1946 2201 nero
1983 2145 2226 2199 diximus
2278 2142 2598 2213 prophetam
2646 2139 2842 2194 facere.
2890 2136 3026 2190 Nam
3072 2143 3127 2189 et
3179 2134 3375 2195 molae,

133 2232 279 2301 μύλας
305 2231 386 2297 δὲ,
417 2230 550 2294 τοὺς
604 2230 884 2300 ἐνδότερον
913 2229 1154 2295 ὀδόντας,
1185 2228 1285 2293 οὓς
1319 2231 1412 2283 καὶ
1439 2230 1683 2282 λεαίνον-

1820 2236 2031 2305 najores
2058 2235 2252 2290 dentes
2286 2244 2435 2290 sunt.
2467 2235 2631 2286 Potes
2657 2232 2819 2283 etiam
2863 2244 2958 2298 per
2986 2227 3181 2281 dentes
3212 2223 3381 2278 intel-

128 2342 210 2388 τας
242 2325 502 2393 λέγομεν,
540 2324 617 2386 ὡς
647 2323 890 2376 νοεῖσθαι
916 2322 1011 2399 ,διὰ
1030 2321 1240 2376 τούτων
1268 2324 1369 2386 τὰς
1397 2317 1560 2392 ἦττον
1591 2322 1688 2375 καὶ

1825 2342 1951 2399 gere
1981 2342 2076 2381 eos
2107 2334 2315 2381 tantum
2348 2324 2438 2377 hic
2470 2322 2578 2377 dici
2605 2362 2620 2383 ,
2657 2322 2750 2388 qui
2805 2320 2986 2374 cibum
3044 2324 3378 2377 conterunt,

133 2416 305 2485 μᾶλλον
328 2415 566 2485 βλάϐας,
596 2410 687 2479 αἷς
727 2413 1000 2467 ἔϐλαπτον
1027 2414 1155 2476 τοὺς
1207 2413 1685 2486 παραπίπτοντας.

1822 2436 1881 2474 er
1910 2418 2080 2474 molas
2108 2432 2260 2484 vero,
2291 2431 2388 2472 eos
2421 2416 2513 2486 qui
2550 2415 2844 2468 interiores
2873 2421 3025 2472 sunt,
3051 2423 3188 2477 quos
3208 2406 3377 2459 etiam

131 2508 262 2578 ’θρα
283 2508 337 2561 δὲ
367 2508 523 2570 ὅπως
550 2506 682 2560 ποτὲ
710 2506 841 2576 μειοῖ
864 2505 940 2568 ὼς
982 2506 1076 2557 ἐπὶ
1099 2504 1194 2557 τοῦ
1228 2504 1515 2573 μέλλοντος
1537 2503 1689 2571 λέγει

1820 2512 2029 2567 molares
2095 2519 2190 2565 aut
2220 2509 2472 2565 leoninos
2513 2505 2891 2576 appellamus:
2924 2504 2996 2556 ita
3039 2511 3098 2555 ut
3145 2512 3242 2569 per
3274 2497 3378 2550 hu-

133 2602 436 2670 ειη-τρίψει
458 2616 475 2631 σ
507 2598 639 2652 ποτὲ
668 2598 747 2663 δὲ,
784 2599 859 2660 ὡς
894 2597 988 2650 ἐπὶ
1047 2595 1507 2667 παρεληλυθότος,
1541 2600 1694 2651 Συν-

1820 2602 2024 2659 usmodi
2060 2602 2303 2657 dentium
2339 2600 2776 2661 distinctionem,
2805 2596 3044 2663 majores
3098 2600 3152 2646 et
3200 2589 3382 2644 mino—

129 2692 343 2748 ἔθλασε.
385 2693 645 2757 Τοιοῦτος
678 2692 789 2764 γὰρ
813 2693 843 2746 6
880 2691 1045 2762 νόμος
1071 2690 1179 2744 τῶν
1217 2691 1692 2764 προφητευόντων,

1821 2711 1880 2750 es
1907 2694 2250 2750 oll‘ensiones
2284 2693 2513 2761 intelligi
2543 2689 2781 2759 possint.
2814 2686 2951 2740 Illud
2991 2684 3156 2737 etiam
3188 2678 3377 2735 consi-

129 2785 191 2849 ὡς
215 2786 480 2850 πολλάκις
504 2785 748 2857 εἴρηται.

1820 2786 1922 2841 lera
1944 2785 2220 2856 quomodo
2242 2784 2536 2855 aliquando
2556 2781 2829 2850 Propheta
2844 2779 2897 2833 in
2921 2778 3104 2832 futuro
3124 2782 3375 2843 tempore

128 2881 292 2935 dicat:
328 2882 621 2949 Conteret;
669 2891 727 2937 et
773 2879 1068 2951 aliquando
1090 2880 1146 2937 in
1177 2881 1484 2952 praeterito.
1537 2878 1831 2952 Confregit.
1879 2881 2205 2953 Huiusmodi
2251 2882 2396 2937 enim
2469 2887 2555 2936 est
2629 2876 3025 2948 prophetarum
3098 2885 3262 2934 mos,
3324 2874 3387 2924 ut

129 2977 301 3046 saepius
338 2978 599 3035 diximus.

173 3071 809 3139 Ἔξουδενωθήσονται,
829 3069 972 3125 ὡσεὶ
990 3067 1146 3136 ὕδωρ
1161 3066 1694 3136 διαπορευόμενον.

131 3167 191 3219 θύ
218 3165 506 3236 ποτάμιον,
558 3164 681 3219 οὐδὲ
731 3166 988 3235 πηγαῖον,
1026 3162 1154 3216 ἀλλ’
1182 3159 1288 3214 ὑπό
1332 3176 1479 3218 τινος
1505 3158 1691 3229 χυθὲν,

130 3254 292 3319 uenire
333 3255 527 3323 ἔτυχεν
545 3252 862 3323 φερόμενον,
884 3251 1304 3321 ἐσκεδασμένον.
1331 3248 1693 3314 Ἐξουδενω·

131 3346 402 3414 θήσονται
435 3346 513 3411 δὲ,
549 3347 672 3400 ἀντὶ
698 3345 796 3399 τοῦ
821 3343 1443 3417 Καταφρονηθήσονται.

1875 3060 2039 3118 Vens.
2080 3061 2137 3115 8.
2185 3060 2267 3113 Ad
2315 3056 2540 3111 nihilum
2581 3053 2882 3116 devenient,
2936 3061 3193 3119 tanquam
3244 3063 3385 3117 aqua

1802 3156 2110 3210 decurrens.
2135 3152 2344 3221 Aquam
2378 3150 2468 3204 hic
2501 3163 2608 3203 non
2629 3145 2874 3199 ﬂuminis
2898 3142 3050 3204 dicit,
3072 3148 3166 3193 aut
3192 3138 3386 3204 fontis,

1802 3249 1894 3304 sed
1925 3259 2123 3317 aquam
2148 3242 2400 3311 intelligit
2423 3256 2452 3295 a
2480 3238 2738 3308 quopiam
2757 3237 3012 3299 effusam,
3043 3242 3137 3287 aut
3160 3232 3388 3286 fortuito

1800 3338 2032 3409 eiectam
2069 3374 2084 3399 ,
2118 3349 2184 3390 ac
2214 3333 2400 3388 statim
2437 3331 2771 3399 dispersam.
2839 3324 2905 3378 Et
2959 3324 3102 3393 quod
3144 3323 3266 3377 ait:
3305 3321 3388 3376 Ad

132 3440 334 3492 nihilum
363 3438 629 3493 devenient
660 3453 757 3493 seu
799 3437 896 3510 [ut
926 3438 1112 3493 Graece
1143 3437 1308 3491 unico
1335 3436 1503 3491 verbo
1537 3431 1788 3503 dicitur]
1846 3427 2337 3491 Adnihilabuntur,
2412 3438 2649 3494 expone,
2702 3436 2802 3492 pro
2879 3416 3261 3488 Spernentur,
3332 3426 3391 3473 et

131 3534 266 3590 nihili
300 3533 457 3590 fient.

188 3629 451 3685 Ἓντεγεῒ
460 3631 529 3684 τὸ
547 3628 726 3695 τόξον
745 3629 855 3683 αὐτ
864 3629 956 3694 οῦ,
970 3628 1088 3694 ἕως
1110 3622 1183 3685 οὗ
1202 3626 1683 3697 ἀσθενήσουσιν.

1877 3618 2118 3673 Intende:
2142 3629 2323 3668 arcum
2346 3627 2501 3665 suum
2536 3608 2702 3663 donec
2740 3606 3101 3675 inﬁrmentur.
3134 3597 3391 3655 lntendel

145 3722 369 3775 Ἐντενεῐ
398 3721 500 3792 τὴν
525 3721 856 3792 κολαστικὴν
890 3719 1057 3774 αὑτοῦ
1089 3719 1320 3790 δύναμιν
1347 3719 1467 3772 κατ’
1495 3717 1697 3783 αὐτῶν,

132 3817 217 3870 καὶ
249 3815 425 3885 βαλεῖ.

201 3910 359 3965 Ὠσεὶ
387 3908 574 3978 κηρὸς
601 3908 807 3974 τακεὶς
831 3904 1480 3975 ἀνταναιρεθήσονται.
1545 3904 1670 3957 ’Ᾱντ
1687 3931 1703 3945 ο

132 4000 281 4064 αξξως
328 4000 427 4069 τῆς
476 3999 703 4069 φονικῆς
754 3996 934 4052 αὐτῶν
965 3995 1193 4066 γνώμης
1251 3994 1704 4066 ἀναιρεθήσονται

134 4093 379 4158 εὐκόλως,
443 4093 602 4163 δίκην
664 4090 839 4161 κηροῦ
865 4090 1146 4152 τακέντος.
1202 4089 1357 4161 Ἅμα
1394 4087 1506 4158 γὰρ
1539 4081 1696 4150 οὗτος

137 4186 419 4260 πλησιάζει
449 4188 610 4259 πυρὶ,
641 4188 737 4241 καὶ
755 4185 872 4258 ἅμα
902 4186 1155 4256 τήκεται.
1528 4202 1531 4211 ί

202 4369 434 4424 Ἔπεσε
483 4367 604 4436 πῦρ
647 4367 742 4422 ἐπ’
794 4365 1041 4433 αὐτοὺς,
1105 4365 1204 4419 καὶ
1235 4364 1348 4418 οὐκ
1383 4357 1548 4417 εἶδον
1598 4360 1707 4414 τὸν

134 4459 319 4526 ἣλιον.
374 4458 567 4531 Κηροῦ
617 4458 902 4530 μνησθεὶς,
928 4457 1025 4511 καὶ
1068 4457 1182 4525 πῦρ
1230 4453 1562 4526 προσέθηκε,
1592 4449 1706 4520 πῦρ

134 4553 297 4619 λέγων
328 4554 421 4607 τὸν
467 4553 731 4624 θεήλατον
787 4551 979 4620 θυμὸν,
1018 4549 1114 4603 καὶ
1142 4548 1303 4612 εὐθὺς
1343 4548 1425 4610 εἰς
1451 4545 1551 4617 τὴν
1577 4545 1704 4597 ὲπι-

137 4642 293 4698 οὖσαν
317 4644 538 4715 ἡμέραν
564 4642 663 4696 οὐκ
690 4639 957 4710 ἔφθασαν.

201 4823 314 4891 Πρὸ
344 4824 453 4877 τοῦ
495 4823 772 4877 συνιέναι
791 4820 900 4887 τὰς
922 4820 1192 4885 ἀκάνθας
1225 4817 1394 4887 ὑμῶν
1433 4815 1551 4883 τὴν
1599 4815 1708 4885 ῥά-

134 4930 301 4981 μνον.
324 4915 467 4985 Πρὸς
487 4914 578 4966 τὸν
601 4913 775 4966 Σαοὺλ
790 4912 931 4966 κατὰ
952 4910 1308 4980 ἀποστροφὴν
1337 4912 1366 4962 6
1396 4909 1553 4976 λόγος
1569 4924 1583 4938 ο
1625 4906 1706 4960 ὅτι

139 5005 290 5059 τοῦτο
319 5008 568 5059 πεσεῖται
585 5004 646 5057 τὺ
674 5004 808 5074 πῦρ,
841 5004 948 5075 πρὸ
964 5003 1057 5056 τοῦ
1081 5003 1383 5072 αὐξηθῆναι
1411 5002 1511 5065 τὰς
1532 5001 1705 5070 ἁμαρ-

138 5098 254 5161 τίας
280 5099 453 5164 ὑμῶν.
487 5099 605 5151 Ἵνα
629 5099 685 5151 δὲ
717 5097 885 5160 σαφὲς
911 5098 995 5167 εἴη
1026 5095 1086 5148 τὸ
1124 5095 1438 5164 λεγόμενον,
1463 5093 1708 5147 ἄκανθαν

144 5188 240 5259 μὶν
265 5191 415 5244 καλεῖ
464 5192 498 5258 ἠ
541 5189 731 5260 Γραφὴ
760 5189 859 5259 τὴν
888 5186 1166 5259 ἁμαρτίαν
1190 5203 1205 5219 ·
1241 5186 1445 5257 ῥάμνος
1476 5185 1534 5239 δέ
1559 5185 1707 5237 ἐστιν

142 5277 277 5345 εἶδος
312 5282 555 5350 ἀκάνθης
616 5281 874 5351 μέγιστον
950 5278 1043 5332 καὶ
1088 5279 1479 5349 σκληρότατον.
1526 5277 1696 5347 Φησὶν

143 5372 257 5437 οῦδ,
293 5376 372 5429 ὃτι
436 5376 511 5427 T6
554 5373 794 5444 δηλωθὲν
827 5371 938 5443 πῦρ
996 5373 1275 5435 πεσεῖται,
1322 5372 1430 5439 πρὸ
1475 5370 1567 5424 τοῦ
1609 5370 1706 5431 τὰς

141 5467 378 5534 ἀκάνθας
421 5468 598 5539 ὑμῶν,
640 5469 761 5538 ήτοι
834 5466 933 5529 τὰς
982 5464 1282 5535 ἁμαρτίας,
1335 5463 1574 5516 συνιέναι
1609 5462 1707 5531 τὴν

150 5560 365 5629 ῥάμνον,
404 5561 651 5614 τουτέστι
709 5557 900 5629 μαθεῖν
954 5556 1052 5611 καὶ
1099 5558 1180 5619 εἰς
1235 5554 1310 5624 (4)
1368 5552 1481 5618 ἕξιν
1532 5552 1705 5607 ἐλθεῖν

151 5652 426 5719 μεγέθους,
460 5652 556 5706 καὶ
598 5652 701 5720 τῆς
734 5648 1102 5722 σκληρότητος
1141 5646 1243 5718 τῆς
1269 5645 1498 5717 ρἀνου,
1530 5645 1558 5698 ὃ
1588 5645 1708 5697 ἐστι

1802 3720 1995 3770 contra
2028 3725 2124 3764 eos
2153 3708 2295 3761 Deus
2323 3719 2479 3759 suam
2505 3702 2559 3756 in
2593 3698 2812 3757 inferno
2844 3698 3170 3768 potentiam,
3216 3702 3385 3763 atque

1802 3819 1898 3861 eos
1930 3803 2219 3873 percutiet.

1876 3895 2045 3950 Vsus.
2078 3894 2132 3949 9.
2164 3892 2334 3957 Quasi
2356 3906 2474 3945 cera
2514 3888 2798 3957 liquefacta
2842 3882 3171 3952 auferentur.
3224 3877 3392 3932 Aufe-

1803 4000 2017 4054 rentur,
2056 3985 2345 4057 inquit,de
2375 3983 2543 4047 facili,
2570 3983 2747 4037 instar
2787 3978 3055 4048 liquautis
3096 3989 3258 4031 cerae.
3314 3971 3391 4027 Ita

1805 4080 1949 4136 enim
1988 4086 2229 4133 meretur
2281 4074 2509 4129 immitis
2560 4088 2626 4127 ac
2674 4083 2853 4126 saevus
2906 4082 3098 4122 eorum
3149 4066 3391 4120 animus.

1807 4173 1943 4225 Nam
1979 4169 2143 4226 simul
2186 4183 2249 4223 ac
2294 4181 2416 4221 cera
2464 4164 2575 4234 igni
2614 4162 2833 4216 admota
2885 4157 3095 4221 fuerit,
3133 4156 3395 4210 continuo

1808 4262 2085 4332 liquescit.

1878 4354 2079 4410 Cecidit
2114 4353 2248 4423 ignis
2272 4367 2430 4419 super
2446 4365 2555 4413 eos,
2577 4357 2747 4402 etnon
2770 4344 3014 4399 viderunt
3040 4339 3224 4395 solem.
3240 4337 3394 4393 Cera:

1810 4445 2078 4510 meminit,
2111 4443 2273 4497 modo
2313 4444 2490 4509 ignem
2519 4437 2670 4491 addit
2699 4474 2715 4497 ,
2745 4436 2926 4504 ignem
2975 4430 3255 4501 appellans
3303 4427 3393 4481 ul-

1808 4538 2013 4591 tionem
2045 4551 2073 4588 a
2102 4534 2211 4589 Deo
2243 4532 2471 4587 illatam.
2491 4528 2792 4584 Confestim
2826 4526 2998 4596 igitur
3028 4540 3055 4576 a
3091 4532 3391 4591 conspectu

1809 4630 1954 4703 ignis
1985 4628 2298 4696 perierunt,
2357 4625 2429 4678 ita
2483 4632 2542 4677 ut
2597 4622 2663 4675 ad
2708 4627 3026 4689 sequentem
3090 4616 3232 4669 diem
3283 4628 3394 4669 non

1808 4721 2180 4793 pervenerint.
2215 4720 2320 4774 Per
2344 4717 2512 4771 solem
2549 4715 2697 4770 enim
2735 4714 2879 4768 diem
2910 4708 3188 4773 intelligit.

1886 4815 2054 4871 Vens.
2111 4814 2198 4868 10.
2261 4811 2584 4879 Priusquam
2656 4806 2954 4876 intelligant
3003 4803 3169 4869 spina:
3214 4805 3398 4852 nostra:

1812 4908 2115 4963 rhamnum.
2169 4903 2515 4976 Apostrophe
2546 4900 2716 4956 utitur
2764 4897 3060 4966 Propheta.
3111 4889 3399 4947 Convertit

1809 5001 1954 5057 enim
1990 5013 2300 5055 sermonem
2334 5010 2493 5053 suum
2521 4995 2586 5049 ad
2616 4992 2859 5047 Saulem.
2884 4988 3170 5058 lgnisiste,
3193 4981 3393 5049 inquit.

1811 5110 1978 5164 Super
2010 5108 2108 5147 vos
2158 5090 2405 5152 decidet,
2453 5088 2778 5158 priusquam
2834 5090 3056 5153 peccata
3112 5084 3289 5130 vestra
3340 5072 3394 5124 in

1809 5174 2137 5241 immensum
2163 5184 2457 5239 creverint.
2497 5179 2569 5234 Ut
2602 5186 2783 5232 autem
2830 5173 3030 5228 clarior
3070 5169 3158 5222 fiat
3202 5178 3396 5219 sensus

1810 5295 1970 5348 quem
2001 5277 2256 5340 dicimus,
2294 5276 2428 5330 illud
2479 5271 2875 5330 animadverte,
2928 5263 3074 5331 quod
3109 5260 3393 5326 Scriptura

1808 5386 1955 5440 saepe
1992 5385 2087 5439 per
2113 5371 2358 5437 spinam,
2387 5370 2692 5434 'peccatum
2745 5356 3019 5425 intelligit.
3080 5352 3393 5405 Rhamnum

1811 5472 1989 5519 autem
2018 5463 2302 5516 dumorum
2326 5458 2595 5530 quoddam
2621 5468 2794 5524 genus
2816 5458 2921 5512 est,
2944 5446 3089 5517 quod
3141 5443 3396 5498 maximis

1772 5570 1774 5573 '
1810 5562 1973 5623 atque
2002 5551 2339 5607 acutissimis
2371 5547 2629 5603 refertum
2659 5551 2744 5597 est
2777 5540 3003 5594 aculeis.
3064 5537 3154 5591 Ait
3187 5536 3395 5605 igitur:

1811 5646 1959 5717 Ignis
1986 5645 2099 5709 ille,
2129 5658 2291 5716 quem
2325 5641 2592 5705 diximus,
2620 5637 2773 5709 prius
2802 5634 2999 5701 irruet,
3030 5645 3193 5702 quam
3224 5628 3399 5699 spina:

1498 5819 1702 5884 Varia)
1744 5821 2080 5885 lectiones.

224 5924 297 5997 (4)
330 5926 408 5982 Al.
454 5928 626 5997 ἄξιον.
