3834 6560
106 414 202 481 £09
1237 401 1634 467 COMMENT.
1670 402 1754 466 IN
1795 401 2162 465 PSALMOS.
3227 403 3338 471 510

104 544 185 584 τον
219 522 284 597 ἦν
343 521 400 577 τό
429 537 442 554 ο
482 520 595 577 Kal
651 519 722 576 ἐν
766 517 890 586 τοῖς
933 515 1172 588 ἐχθροῖς
1213 534 1333 587 μου
1363 514 1600 571 ἐπεῖδεν
1629 518 1663 570 ό

1785 516 2034 574 )stendet
2060 515 2194 572 mihi
2235 529 2582 587 quaecunque
2614 527 2898 588 optavero,
2920 520 3005 573 vel
3037 517 3334 585 Quodcun-

105 615 384 690 ὀφθαλμός
400 631 544 684 μου,
578 617 638 668 ἐν
659 613 736 684 τῷ
773 629 842 682 νγ
877 611 1080 684 ψαλμῷ
1111 609 1390 681 κείμενον.

1785 623 1874 678 ιιιε
1903 607 2110 662 decens
2142 606 2332 675 fuerit,
2372 618 2432 663 ut
2462 608 2702 664 videam.
2747 608 3072 679 Huiusmodi
3103 613 3334 682 ligurum

1763 699 2025 768 loquendi
2061 699 2302 754 vidimus
2332 700 2386 754 in
2420 703 2628 770 psalmo
2661 717 2754 758 uti
2783 703 2855 758 ibi
2894 720 2910 757 ξ
2939 702 3004 756 Et
3026 705 3081 758 in
3107 707 3336 762 inimicis

1767 793 1897 845 meis
1933 790 2176 859 despexit
2207 793 2408 846 oculus
2429 779 2594 848 meus.

165 883 249 950 Μὴ
274 880 636 948 ἀποκτείνῃς
670 878 916 946 αὐτοὺς,
950 876 1030 947 μή
1085 889 1231 931 ποτε
1259 871 1661 930 ἐπιλάθωνται

106 977 195 1032 τοῦ
217 977 396 1045 νόμου
425 989 545 1028 σου
568 989 581 1002 ·
618 973 1052 1042 διασκόρπισον
1098 968 1324 1034 αὐτοὺς
1346 968 1416 1022 ἐν
1440 965 1512 1034 τῇ
1554 965 1658 1019 δυ-

106 1069 253 1139 νάμει
281 1084 418 1129 σου.
477 1066 571 1120 καὶ
605 1063 903 1134 κατάφαγε
941 1062 1188 1127 αὐτοὺς,
1248 1063 1281 1115 ό
1327 1063 1660 1127 ὑπερασπι-

104 1161 235 1228 στής
252 1176 388 1229 μου.
414 1159 608 1226 Κύριε.
632 1158 774 1226 Ὅρα
803 1155 899 1208 τοῦ
926 1157 1220 1226 Προφήτου
1269 1153 1368 1224 τὴν
1398 1154 1654 1218 ἀνεξικα-

105 1256 226 1316 κίαν,
273 1253 336 1322 ἢν
379 1251 463 1304 δεῖ
521 1252 811 1317 μιμεῖσθαι
853 1249 948 1300 καὶ
981 1249 1148 1317 ἡμᾶς.
1198 1245 1518 1328 Παρακαλεῖ
1547 1247 1658 1314 γὰρ

109 1348 170 1417 μὴ
184 1343 527 1413 ἀναιρεθῆναι
553 1342 679 1404 τοὺς
703 1341 932 1410 ἐχθροὺς
949 1339 1140 1403 αὑτοῦ,
1163 1340 1252 1392 ἵνα
1283 1340 1358 1408 μὴ
1391 1354 1658 1407 προαναι-

109 1440 346 1510 ρεθέντεε,
383 1434 750 1488 ἐπιλάθωνται
783 1434 891 1485 τῶν
923 1431 1086 1484 θείων
1116 1430 1348 1484 ἐντολῶν
1408 1428 1506 1481 τοῦ
1546 1428 1658 1481 λοι-

108 1531 212 1584 ποῦ.
265 1529 321 1582 ’0
352 1529 466 1598 γὰρ
505 1526 816 1586 ἀποθανὼν,
851 1522 1273 1577 ἐπιλανθάνεται
1304 1523 1405 1593 ήδη
1436 1520 1530 1574 τοῦ
1571 1521 1656 1574 v6—

109 1642 211 1694 μου.
238 1623 373 1692 Φησὶ
399 1622 511 1691 γάρ
540 1636 556 1652 ο
595 1619 725 1673 Ὅτι
756 1619 868 1672 οὐκ
913 1615 1089 1671 ἔστιν
1119 1617 1191 1670 ἐν
1223 1615 1302 1681 τῷ
1338 1615 1574 1681 θανάτῳ
1623 1615 1657 1667 δ

103 1713 469 1783 μνημονεύων
520 1726 660 1768 σου.
696 1709 859 1764 Ἀλλὰ
898 1707 1396 1780 διασκορπισθῆναι
1433 1708 1654 1772 αὐτοὺς,

107 1805 434 1876 ἡττηθέντας,
469 1806 565 1859 καὶ
595 1802 1025 1872 ταπεινωθῆναι,
1073 1802 1170 1856 καὶ
1233 1799 1380 1854 οὕτω
1434 1799 1656 1871 βελτιω-

1840 885 1924 940 Ne
1955 886 2167 940 occidas
2202 903 2317 951 eos,
2351 888 2626 958 nequando
2658 887 3037 945 obliviscantur
3059 891 3188 961 legis
3211 903 3337 949 ture.

1764 976 2021 1048 Disperge
2052 995 2141 1033 eos
2163 980 2221 1033 in
2251 981 2446 1034 virtute
2479 990 2594 1046 tua,
2629 991 2678 1034 et
2701 981 2901 1050 depone
2929 999 3041 1047 eos,
3071 995 3340 1048 protector

1765 1087 1935 1136 meus,
1975 1070 2215 1128 Domine.
2252 1071 2388 1127 Vide
2433 1075 2626 1127 miram
2664 1074 2950 1142 Propheta:
2983 1076 3332 1145 patientiam,

1765 1177 1928 1232 quam
1964 1171 2019 1216 et
2049 1177 2152 1216 nos
2185 1161 2388 1218 imitari
2421 1162 2600 1218 decet.
2632 1162 2809 1233 Rogat
2835 1167 2981 1218 enim
3023 1181 3124 1235 pro
3153 1167 3341 1220 inimi-

1763 1255 1846 1310 cis
1884 1270 1955 1309 ne
1996 1255 2346 1318 occidantur,
2383 1271 2449 1309 ne
2479 1263 2659 1309 morte
2691 1256 2978 1326 praeventi.
3000 1257 3338 1313 obliviscan-

1762 1356 1854 1401 tur
1899 1350 2282 1400 mandatorum
2341 1347 2460 1402 Dei.
2507 1330 2640 1401 Nam
2691 1350 2784 1418 qui
2835 1353 3087 1414 moritur,
3139 1351 3337 1405 divinae

1761 1440 1900 1510 legis
1932 1439 2324 1505 obliviscitur;
2359 1441 2504 1495 unde
2537 1441 2666 1496 alibi
2693 1458 2708 1496 :
2740 1441 3008 1507 Quoniam
3039 1460 3143 1497 non
3177 1454 3254 1498 est
3279 1444 3334 1497 in

1764 1544 1933 1588 morte
1965 1535 2056 1603 qui
2082 1551 2282 1588 memor
2311 1536 2380 1587 sit
2415 1537 2528 1599 tui;
2558 1535 2652 1589 sed
2685 1536 2860 1590 victos
2887 1536 2953 1590 ad
2991 1537 3094 1590 hoc
3123 1547 3335 1590 tantum

1763 1626 2214 1696 dispergi,deiici
2255 1634 2421 1697 atque
2461 1628 2736 1683 humiliari
2772 1636 2950 1699 rogat,
2973 1637 3032 1682 ut
3056 1631 3338 1698 probiores

1764 1717 2092 1773 reddantur.
2124 1716 2180 1771 Ei
2207 1719 2326 1790 ipse
2368 1719 2588 1789 quidem
2621 1717 2792 1773 David
2829 1723 2902 1774 ita
2929 1721 3174 1791 optabat,
3198 1719 3341 1776 Deus

1765 1821 1945 1865 autem
1967 1811 2178 1881 justqu
2217 1813 2452 1881 protulit
2478 1812 2776 1881 judicium,
2801 1823 2858 1868 et
2879 1829 2975 1869 eos
3003 1813 3095 1883 qui
3116 1813 3343 1868 insana-

110 1899 258 1976 θῆναι.
331 1897 392 1950 '0
438 1898 536 1968 μὲν
585 1894 682 1952 οὗν
717 1896 884 1950 Δασὶδ
942 1895 1119 1959 οὕτως
1172 1896 1477 1965 ἐζήτησενο
1513 1893 1543 1945 δ
1600 1892 1659 1945 δέ

1785 1902 1902 1958 tiles
1952 1909 2136 1968 erant,
2185 1903 2434 1959 occidit:
2477 1904 2616 1959 alios
2672 1921 2825 1970 vero,
2889 1906 2982 1973 qui
3039 1904 3344 1974 aliquando

109 1992 216 2053 θεὸς
268 1990 518 2042 ἐδίκασεν
576 1988 831 2054 δικαίως,
895 1989 990 2042 καὶ
1050 1989 1179 2050 τοὺς
1254 1986 1353 2074 μὲν
1400 1985 1657 2049 ἀνιάτους

1785 2005 2006 2050 uturum
2031 1998 2158 2050 ’erat
2190 2005 2250 2051 ut
2297 1995 2552 2052 meliores
2604 1997 2822 2060 tierent,
2863 1997 3102 2067 eliugere
3138 1998 3343 2067 permi-

111 2080 256 2134 ἀνεῖλε
289 2097 303 2112 ο
348 2083 479 2144 τοὺς
538 2080 596 2134 δέ
663 2079 1026 2151 βελτιωθῆναι
1077 2077 1390 2148 μέλλοντας,
1464 2077 1657 2146 φυγεῖν

1785 2089 1860 2157 sit,
1883 2099 2050 2160 atque
2080 2091 2187 2146 hoc
2217 2098 2379 2161 pacto
2431 2091 2766 2161 supplicanti
2797 2089 3090 2162 PrOpbetm
3119 2092 3341 2150 annuit.

113 2175 485 2244 παρεσκεύασε,
519 2176 614 2228 καὶ
645 2172 818 2237 οὕτως
875 2172 1163 2245 ἐπλήρωσε
1231 2170 1324 2224 τοῦ
1374 2169 1659 2242 δεηθέντος

1785 2185 1827 2240 ει
1857 2187 2000 2256 quod
2053 2186 2181 2240 ait:
2233 2185 2480 2255 Depone,
2522 2185 2729 2239 dictum
2777 2192 2881 2250 est,
2909 2198 3028 2254 pro
3075 2183 3342 2251 Deprime,

111 2266 186 2336 τὴν
221 2266 454 2336 αἴτησιν.
490 2266 796 2336 Κατὰγαγε
819 2266 894 2332 δὲ,
915 2267 1036 2319 ἀντὶ
1056 2265 1150 2318 τοῦ
1181 2263 1552 2318 Ταπείνωσον.
1763 2292 1929 2353 atque
1965 2281 2233 2336 Ηηηιίιεα,

173 2357 228 2413 Ἠ
251 2361 512 2428 ἁμαρτία
543 2360 843 2429 στόματος
871 2357 1090 2415 αὐτῶν.
1125 2359 1158 2410 ὁ
1198 2357 1382 2427 λόγος
1413 2353 1663 2425 χειλέων

1834 2375 1998 2430 Vsas.
2028 2375 2115 2428 15.
2157 2373 2424 2428 Delicium
2471 2372 2579 2427 oris
2630 2388 2838 2436 eorum,
2867 2387 3038 2426 sermo
3075 2370 3344 2425 labiorum

110 2447 292 2502 αὐτῶν.
368 2449 494 2503 Ἐπὶ
541 2449 634 2503 τὸν
681 2449 842 2516 λόγον
895 2451 1058 2503 πάλιν
1095 2447 1206 2502 τῶν
1257 2446 1662 2518 χριστοκτόνων

1785 2483 2002 2520 morum.
2037 2464 2278 2520 Rursum
2314 2467 2379 2520 a’d
2413 2479 2720 2519 sermonem
2751 2461 2891 2518 redit
2920 2463 2988 2518 de
3018 2461 3222 2517 Christi
3254 2463 3342 2516 in-

109 2540 464 2610 ὲπανατρέχει,
495 2539 693 2610 λέγων,
720 2540 801 2593 ὅτι
826 2539 1073 2611 ἁμαρτία
1100 2538 1195 2593 τοῦ
1230 2538 1504 2609 στόματος
1561 2537 1659 2590 αύ-

110 2626 196 2680 τῶν
213 2631 358 2682 ἐστιν
387 2631 416 2682 ὁ
461 2629 646 2692 ἄδικος
677 2628 836 2698 λόγος
891 2629 1001 2683 τῶν
1064 2631 1291 2701 χειλέων
1335 2630 1539 2697 αὐτῶν,
1605 2628 1664 2682 ὃν

110 2714 254 2788 εἷπον,
290 2722 722 2791 Σταυρωθήτω,
758 2724 852 2776 καὶ
884 2723 1012 2778 εἴτι
1042 2721 1307 2777 τοιοῦτον.

160 2899 252 2953 Kal
277 2898 817 2968 συλληφθήτωσαν
829 2897 901 2951 ἐν
929 2895 1003 2966 τῇ
1031 2898 1412 2967 ὑπερηφανίᾳ
1445 2896 1666 2952 αὐτῶν.

108 3022 162 3033 --
180 2992 334 3047 Μετὰ
361 2992 472 3061 τῆς
510 2992 923 3060 ὑπερηφανίας
952 2989 1152 3045 αὐτῶν
1173 2989 1438 3054 ἐξέδωκεν
1468 2993 1495 3043 ὁ
1525 2991 1597 3043 Σύ
1607 3009 1672 3062 μ-

112 3103 253 3156 μαχος
283 3103 306 3120 ο
363 3085 764 3156 ἠλαζονεύοντο
822 3085 954 3155 γὰρ,
994 3084 1070 3147 ὡς
1139 3083 1393 3155 ’Δδραάμ
1430 3085 1672 3171 ἔκγονοι⁹

107 3179 186 3231 καὶ
211 3178 278 3241 ὡς
306 3176 403 3231 τοῦ
421 3176 587 3247 νόμου
619 3176 878 3246 φύλακες.
918 3174 1391 3247 Συλληφθήτωσαν
1434 3175 1492 3228 δὲ
1548 3177 1655 3230 ὑπὸ

110 3271 202 3324 τῶν
244 3271 559 3340 Ῥωμαίων.

165 3365 262 3418 Kal
291 3363 364 3428 ἐξ
401 3361 551 3430 ἀρᾶς
572 3363 668 3416 καὶ
707 3361 973 3432 ψεύδους
1040 3359 1542 3431 διαγγελήσονται
1598 3377 1669 3416 εν

111 3457 428 3522 συντελείᾳ.
473 3455 644 3526 Ἀρὰν
701 3453 940 3508 ἐνταῦθα
967 3452 1067 3525 τὴν
1103 3453 1459 3524 βλασφημίαν
1485 3453 1664 3522 λέγει,

111 3549 167 3616 ἡν
189 3548 444 3617 κατέχεον
465 3547 562 3600 τοῦ
605 3545 844 3618 Χριστοῦ
872 3561 888 3577 ⁸
931 3545 1126 3615 ψεῦδος
1163 3545 1243 3612 δὲ,
1301 3545 1329 3598 ὃ
1389 3562 1671 3616 κατεμαρ-

111 3640 337 3710 τύρησαν
373 3640 563 3706 αὑτοῦ,
598 3639 681 3693 ὅτι
710 3639 927 3693 κελεύει
976 3641 1052 3711 μὴ
1108 3637 1294 3692 δοῦναι
1333 3638 1537 3708 κῆνσον
1592 3635 1669 3708 τῷ

114 3733 356 3806 Καίσαρι,
417 3734 598 3787 καίτοι
651 3733 839 3802 σαφῶς
896 3733 1187 3795 εἰπόντος’
1221 3729 1533 3788 ,Ἀπόδοτε
1597 3729 1672 3784 τὰ

115 3828 394 3895 Καίσαρος
418 3827 693 3894 Καίσαρι.
734 3825 836 3879 Διὰ
851 3824 952 3895 τὴν
982 3823 1336 3895 βλασφημίαν
1366 3819 1482 3890 οὖν,
1511 3825 1667 3894 φησι,

113 3920 196 3972 καὶ
214 3920 273 3973 τὸ
299 3918 516 3989 ψεῦδος,
543 3918 849 3989 διάγγελμα
883 3919 978 3972 καὶ
1006 3915 1274 3988 περιλάλη
1285 3932 1361 3987 μα
1407 3917 1544 3969 πᾶσι
1581 3933 1674 3984 γε·

115 4011 371 4082 νήσονται,
402 4015 504 4066 οὐκ
538 4011 631 4065 ἐπί
656 4027 764 4066 τινι
786 4007 1207 4081 κατορθώματι,
1236 4007 1353 4062 ἀλλ’
1379 4008 1472 4060 ἐπὶ
1501 4024 1674 4061 scata-

117 4108 329 4178 στροφῇ,
365 4105 484 4160 καθ’
524 4106 592 4178 ἠν
629 4105 950 4160 ἀπώλοντοο
973 4103 1184 4175 ταύτην
1226 4103 1340 4173 γὰρ
1397 4098 1515 4156 εἷπε
1548 4117 1673 4155 συν-

115 4195 334 4254 τέλειαν.

187 4493 285 4547 Ἔν
313 4495 456 4564 ὀργῃ
501 4492 892 4558 συντελείας.
930 4491 1028 4545 καὶ
1084 4491 1157 4546 οὐ
1196 4508 1284 4560 μη
1334 4490 1672 4560 ὐπάρξωσι.

1768 2559 2183 2622 terfectorihus,
2214 2560 2432 2616 dicens.
2461 2557 2611 2627 quod
2665 2567 2950 2627 peccatum
2981 2556 3342 2619 oriseorum,

1768 2651 1875 2706 l'uit
1907 2649 2110 2721 impius
2153 2649 2246 2704 ille
2296 2662 2504 2713 sermo,
2545 2662 2709 2717 quem
2755 2647 3027 2701 adversus
3053 2645 3342 2702 Christum

1769 2745 2143 2816 protulerunt,
2175 2743 2424 2797 dicentes
2470 2757 2483 2794 :
2525 2739 2912 2808 Cruci/ﬁgatur,
2961 2748 3059 2794 aut
3115 2739 3160 2794 si
3211 2738 3348 2810 quid

1770 2838 1920 2893 aliud
1949 2837 2220 2906 ejusmodi
2249 2845 2358 2892 est.

1847 2929 1916 2983 Et
1956 2927 2469 2997 comprehendantur
2511 2928 2564 2984 in
2623 2927 2873 2998 superbia
2924 2945 3046 2982 sua.
3096 2926 3352 2997 Symma-

1775 3023 1912 3077 chus
1945 3023 2251 3087 transtulit,
2282 3039 2399 3075 cum
2439 3022 2686 3090 superbia
2730 3039 2853 3078 sua.
2883 3020 3171 3076 lactabant
3199 3017 3348 3072 enim

1776 3121 1940 3180 atque
1975 3112 2214 3166 inaniter
2243 3111 2648 3181 gloriabantur,
2699 3112 2854 3181 quod
2896 3118 3128 3178 nepotes
3159 3111 3350 3160 essent

1690 3232 1736 3291 ο
1776 3201 2077 3267 Abraham,
2106 3207 2161 3255 et
2192 3203 2284 3270 qui
2320 3200 2422 3254 soli
2464 3199 2708 3252 divinam
2746 3199 2922 3268 legem
2957 3197 3224 3250 haberent
3258 3207 3275 3248 :
3311 3206 3344 3246 a

1771 3295 2033 3351 Romanis
2065 3305 2197 3347 tunc
2227 3293 2548 3363 expugnati,
2581 3307 2770 3361 pinnas
2813 3291 3037 3344 dedere.

1843 3386 2008 3444 Vens.
2040 3387 2124 3442 ll.
2162 3386 2231 3440 Et
2270 3387 2334 3440 de
2355 3385 2715 3440 exsecratione
2738 3394 2789 3438 et
2818 3384 3094 3438 mendacio
3126 3399 3342 3436 annun-

1772 3480 2050 3536 tiabuntur
2107 3480 2162 3533 in
2217 3478 2698 3533 consummatione.
2753 3476 2858 3532 Per
2909 3479 3347 3531 exsecrationem

1772 3592 1918 3630 nunc
1953 3573 2353 3644 blasphemiam
2398 3572 2676 3639 intelligit,
2705 3586 2871 3642 quam
2905 3570 3068 3639 impie
3102 3570 3154 3622 in
3182 3567 3346 3624 Chri-

1773 3674 1918 3722 stum
1951 3678 2286 3731 evomuere;
2319 3662 2673 3718 mendacium
2707 3676 2834 3715 vero
2858 3658 2988 3712 illud
3017 3659 3174 3718 dicit,
3197 3656 3346 3727 quod

1772 3758 2004 3823 ﬁnxere,
2041 3765 2372 3812 attestantes
2422 3754 2718 3825 prohibere
2747 3751 3034 3807 Christum
3069 3751 3187 3804 dari
3216 3763 3351 3804 cen-

1774 3866 1893 3905 sum
1935 3848 2162 3905 Caesari.
2197 3847 2386 3902 Palam
2418 3846 2622 3902 etenim
2665 3845 3025 3899 mandaverat
3083 3841 3350 3896 Dominus

1775 3945 1962 4000 dicens
1996 3957 2015 3996 :
2048 3939 2268 3998 Reddite
2305 3956 2424 4010 qua:
2455 3938 2688 3995 Casaris
2723 3948 2870 4001 sunt.
2896 3935 3119 3993 Cwsari.
3146 3933 3356 3990 Sensus

1773 4045 1858 4090 est
1893 4034 2082 4103 igitur,
2116 4032 2266 4103 quod
2293 4038 2520 4102 propter
2569 4029 2973 4100 blaSpliemiam
3021 4036 3078 4082 et
3123 4027 3351 4080 menda-

1775 4125 1925 4178 cium
1951 4121 2124 4177 .ludaei
2149 4121 2408 4178 omnibus
2438 4134 2620 4176 sermo
2642 4129 2804 4176 erunt
2850 4130 2905 4174 et
2937 4117 3138 4173 fabula.
3166 4115 3355 4188 Neque

1774 4217 1918 4273 enim
1952 4216 2190 4286 amplius
2226 4214 2490 4285 praeclara
2522 4227 2714 4268 eorum
2758 4221 2912 4284 gesta
2952 4210 3354 4273 narrabuntur,

1777 4308 1869 4364 sed
1893 4323 2082 4362 eorum
2111 4306 2436 4372 destructio,
2475 4318 2643 4377 quam
2673 4303 2762 4358 hic
2792 4303 3341 4358 consummationem

1776 4401 2103 4472 appellavit.

1852 4495 1920 4550 In
1951 4497 2035 4548 ira
2084 4492 2586 4558 consummationis,
2622 4499 2673 4546 et
2707 4506 2808 4545 non
2861 4497 3037 4545 erunt.
3069 4488 3190 4544 Non
3223 4488 3354 4543 sim-

118 4586 220 4638 Καὶ
245 4587 342 4640 οὐκ
370 4588 465 4641 ἐπὶ
509 4585 791 4656 συντελείᾳ
838 4584 1009 4656 ἁπλῇ,
1045 4582 1161 4636 ἀλλ’
1193 4585 1285 4635 ἐπὶ
1338 4583 1478 4657 ὀργῇ
1544 4602 1666 4638 συν⁴

1785 4588 1997 4660 pliciter
2012 4587 2151 4642 dixit
2175 4585 2234 4640 In
2249 4584 2750 4652 consummatione,
2778 4584 2874 4638 sed
2901 4584 2961 4636 ln
2989 4584 3065 4636 ira
3091 4596 3354 4638 consum-

114 4678 308 4742 τελείας
335 4695 350 4709 ο
386 4680 480 4733 καὶ
508 4678 718 4744 λοιπὸν,
754 4679 939 4731 οὐκέτι
968 4676 1476 4747 πολιτευθήσονται.

1785 4679 2074 4736 mationis.
2111 4680 2177 4733 Et
2202 4680 2371 4749 quod,
2423 4677 2501 4732 ait
2537 4694 2554 4732 :
2592 4676 2718 4732 Non
2765 4686 2943 4741 erunt,
2993 4676 3117 4731 ideo
3147 4674 3353 4730 dictum

116 4783 209 4836 est,
245 4775 364 4845 quia
390 4775 650 4844 deinceps
677 4773 912 4842 amplius
938 4773 1321 4827 conversaturi
1349 4787 1458 4827 non
1485 4783 1641 4828 erant
1682 4781 1744 4831 ut
1797 4783 1982 4841 antea,
2049 4790 2228 4846 neque
2275 4788 2624 4830 communem
2715 4773 3110 4844 rempublicam
3196 4771 3354 4830 habi-

117 4867 237 4920 turi.

181 4959 282 5014 Kal
313 4958 669 5030 γνώσονται,
703 4956 790 5011 ὅτι
821 4959 854 5012 ὁ
882 4958 1028 5024 Θεὸς
1066 4957 1342 5020 δεσπόζει
1399 4959 1507 5014 τοῦ
1551 4960 1671 5014 Ἰα-

117 5049 246 5116 κὼϐ,
287 5052 378 5106 real
399 5051 519 5105 τῶν
545 5049 817 5119 περάτων
849 5049 959 5120 τῆς·
986 5049 1118 5122 γῆς.
1152 5049 1286 5105 Θεὸν
1322 5051 1556 5104 ἐνταῦθα
1578 5050 1673 5106 τὸν

115 5142 334 5213 Χριστόν
359 5161 545 5215 φησιν.

182 5235 685 5306 Ἐπιστρέψουσιν
704 5237 790 5302 εἰς
829 5235 1120 5303 ἑσπέραν,
1153 5234 1250 5290 καὶ
1297 5235 1674 5306 λιμὼξουσιν

115 5325 193 5392 ὡς
219 5330 388 5393 κύων,
423 5328 523 5384 καὶ
545 5328 972 5382 κυκλώσουσιν
994 5331 1199 5383 πόλιν.
1242 5328 1362 5399 ,Τὴν
1423 5329 1534 5383 ἅνω
1574 5331 1674 5399 ρη-

120 5419 291 5477 θείσαν
323 5424 652 5495 πρόρρησιν,
686 5423 1016 5488 ἐπιδεδαιοῖ,
1071 5421 1160 5475 διὰ
1192 5423 1290 5494 τῆς
1339 5421 1448 5475 τῶν
1488 5421 1673 5494 ῥημά-

119 5529 222 5566 των
244 5515 682 5578 ἁναδιπλώσεως,

188 5610 353 5664 Αὐτοὶ
409 5608 1070 5678 διασκορπισθήσονται
1107 5648 1123 5674 ,
1166 5609 1274 5663 τοῦ
1333 5607 1568 5678 φαγεῖν.
1613 5608 1678 5661 Ol

127 5702 558 5771 περιλειφθέντες
611 5703 814 5768 αὐτῶν,
847 5703 925 5774 μὴ
965 5702 1182 5772 ἔχοντες
1217 5700 1352 5754 ἰδίαν
1379 5701 1458 5753 ἔτι
1500 5700 1674 5766 πόλιν,

125 5789 614 5867 διασπαρήσονται,
670 5794 912 5873 στροφὴν
965 5793 1180 5860 ἑαυτοῖς
1241 5791 1552 5864 ζητοῦντες,
1599 5791 1677 5860 ὡς

129 5891 421 5954 προσαῖται.

1853 4957 1923 5012 Et
1953 4968 2267 5030 cognoscent
2308 4959 2561 5028 quoniam
2598 4956 2740 5011 Deus
2772 4957 3086 5012 dominatur
3109 4954 3280 5010 Jacob
3306 4967 3356 5010 et

1780 5050 1968 5119 ﬁnium
2002 5059 2177 5104 teme.
2216 5049 2318 5103 Per
2348 5046 2517 5103 Deum
2570 5048 2674 5103 hoc
2714 5047 2771 5102 in
2803 5049 2928 5102 loco
2963 5045 3244 5102 Christum
3273 5045 3356 5097 in-

1779 5143 1996 5213 telligit.
2402 5215 2406 5218 _

1853 5236 2026 5295 Vsus.
2066 5239 2154 5294 l5.
2191 5237 2574 5294 Convertentur
2629 5235 2698 5292 ad
2749 5250 3040 5303 vesperam,
3082 5241 3132 5285 et
3161 5231 3359 5302 [ornent

1782 5333 2055 5399 patientur
2081 5340 2140 5385 ut
2165 5347 2345 5394 canes,
2371 5339 2420 5384 et
2448 5330 2746 5384 circuibunt
2791 5327 3078 5381 civitatem.
3113 5323 3360 5392 Prophe-

1779 5425 1912 5479 tiam
1945 5424 2204 5494 superius
2251 5423 2454 5477 dictam
2491 5419 2808 5490 hujusmodi
2868 5420 3160 5473 verborum
3202 5432 3362 5486 repe-

1782 5519 1983 5574 titione
2015 5518 2330 5573 confirmat.

1846 5609 2012 5666 Vnus.
2059 5609 2143 5665 16.
2180 5607 2298 5676 Ipsi
2327 5607 2695 5676 dispergentnr
2727 5603 2798 5659 ad
2827 5602 3276 5658 manducandum.
3319 5599 3363 5656 li

1776 5702 1874 5775 qui
1917 5718 1984 5757 ex
2019 5701 2101 5758 eis
2152 5702 2336 5756 relicti
2393 5700 2617 5763 iuerint,
2648 5698 2926 5770 propriam
2962 5711 3068 5750 non
3101 5695 3365 5749 habentes

1787 5797 2086 5862 civitatem,
2120 5795 2527 5866 dispergentur,
2557 5801 2613 5849 et
2654 5793 2982 5850 miSerorum
3017 5792 3219 5859 instar,
3248 5789 3368 5860 ipsa

1787 5889 1951 5946 etiam
1984 5887 2250 5944 alimenta
2275 5886 2695 5944 mendicabunt.
