  <div class='ocr_page' id='page_1' title='image "/cluster/home/n/w/nwhite01/storage/ocr_20150623/128/hvd.32044019208230/315.png"; bbox 0 0 3834 6544; ppageno 0'>
   <div class='ocr_carea' id='block_1_1' title="bbox 458 365 3704 441">
    <p class='ocr_par' dir='ltr' id='par_1_1' title="bbox 458 365 3704 441">
     <span class='ocr_line' id='line_1_1' title="bbox 458 365 3704 441; baseline 0.002 -13"><span class='ocrx_word' id='word_1_1' title='bbox 458 373 571 441; x_wconf 69' lang='grc' dir='ltr'>ωδ</span> <span class='ocrx_word' id='word_1_2' title='bbox 1725 367 2081 429; x_wconf 79' lang='lat' dir='ltr'><strong>EUTHYMI</strong></span> <span class='ocrx_word' id='word_1_3' title='bbox 2122 365 2486 428; x_wconf 81' lang='lat' dir='ltr'><strong>ZIGABENI</strong></span> <span class='ocrx_word' id='word_1_4' title='bbox 3609 365 3704 434; x_wconf 78' lang='lat'><strong>616</strong></span> 
     </span>
    </p>
   </div>
   <div class='ocr_carea' id='block_1_2' title="bbox 529 472 2043 550">
    <p class='ocr_par' dir='ltr' id='par_1_2' title="bbox 529 473 2043 540">
     <span class='ocr_line' id='line_1_2' title="bbox 529 473 2043 540; baseline -0.005 0"><span class='ocrx_word' id='word_1_5' title='bbox 529 484 602 540; x_wconf 74' lang='lat' dir='ltr'><strong>Et</strong></span> <span class='ocrx_word' id='word_1_6' title='bbox 633 482 822 540; x_wconf 74' lang='lat' dir='ltr'><strong>uallem</strong></span> <span class='ocrx_word' id='word_1_7' title='bbox 854 479 1316 537; x_wconf 77' lang='lat' dir='ltr'><strong>tabernaculorum</strong></span> <span class='ocrx_word' id='word_1_8' title='bbox 1350 477 1561 534; x_wconf 82' lang='lat' dir='ltr'><strong>metiar.</strong></span> <span class='ocrx_word' id='word_1_9' title='bbox 1594 473 1764 534; x_wconf 78' lang='lat' dir='ltr'><strong>Vallis</strong></span> <span class='ocrx_word' id='word_1_10' title='bbox 1793 479 2043 534; x_wconf 88' lang='lat' dir='ltr'><strong>taberna-</strong></span> 
     </span>
    </p>
   </div>
   <div class='ocr_carea' id='block_1_3' title="bbox 2191 472 3705 550">
    <p class='ocr_par' dir='ltr' id='par_1_3' title="bbox 2220 472 3705 550">
     <span class='ocr_line' id='line_1_3' title="bbox 2220 472 3705 550; baseline -0.001 -18"><span class='ocrx_word' id='word_1_11' title='bbox 2220 477 2329 532; x_wconf 84' lang='lat' dir='ltr'><strong>Kal</strong></span> <span class='ocrx_word' id='word_1_12' title='bbox 2365 477 2481 546; x_wconf 79' lang='grc' dir='ltr'><strong>τὴν</strong></span> <span class='ocrx_word' id='word_1_13' title='bbox 2511 473 2767 532; x_wconf 77' lang='grc' dir='ltr'>κοιλάδα</span> <span class='ocrx_word' id='word_1_14' title='bbox 2793 472 2915 530; x_wconf 76' lang='grc' dir='ltr'><strong>τῶν</strong></span> <span class='ocrx_word' id='word_1_15' title='bbox 2933 475 3185 543; x_wconf 77' lang='grc' dir='ltr'>σκηνῶν</span> <span class='ocrx_word' id='word_1_16' title='bbox 3211 475 3593 550; x_wconf 79' lang='grc' dir='ltr'>διαμετρήσω.</span> <span class='ocrx_word' id='word_1_17' title='bbox 3615 479 3705 537; x_wconf 76' lang='grc' dir='ltr'><strong>Καὶ</strong></span> 
     </span>
    </p>
   </div>
   <div class='ocr_carea' id='block_1_4' title="bbox 460 563 1974 645">
    <p class='ocr_par' dir='ltr' id='par_1_4' title="bbox 460 566 1950 641">
     <span class='ocr_line' id='line_1_4' title="bbox 460 566 1950 641; baseline -0.005 -12"><span class='ocrx_word' id='word_1_18' title='bbox 460 576 714 629; x_wconf 88' lang='lat' dir='ltr'><strong>culorum</strong></span> <span class='ocrx_word' id='word_1_19' title='bbox 771 574 926 628; x_wconf 86' lang='lat' dir='ltr'><strong>locus</strong></span> <span class='ocrx_word' id='word_1_20' title='bbox 973 581 1057 627; x_wconf 90' lang='lat' dir='ltr'><strong>est</strong></span> <span class='ocrx_word' id='word_1_21' title='bbox 1106 571 1302 641; x_wconf 82' lang='lat' dir='ltr'><strong>jacens</strong></span> <span class='ocrx_word' id='word_1_22' title='bbox 1351 576 1478 624; x_wconf 85' lang='lat' dir='ltr'><strong>ante</strong></span> <span class='ocrx_word' id='word_1_23' title='bbox 1526 566 1754 635; x_wconf 89' lang='lat' dir='ltr'><strong>Sicima,</strong></span> <span class='ocrx_word' id='word_1_24' title='bbox 1787 583 1950 638; x_wconf 89' lang='lat' dir='ltr'><strong>quem</strong></span> 
     </span>
    </p>
   </div>
   <div class='ocr_carea' id='block_1_5' title="bbox 2193 563 3707 645">
    <p class='ocr_par' dir='ltr' id='par_1_5' title="bbox 2219 563 3707 645">
     <span class='ocr_line' id='line_1_5' title="bbox 2219 563 3707 645; baseline 0.002 -21"><span class='ocrx_word' id='word_1_25' title='bbox 2219 569 2405 634; x_wconf 84' lang='grc' dir='ltr'>κοιλὰς</span> <span class='ocrx_word' id='word_1_26' title='bbox 2427 571 2538 624; x_wconf 84' lang='grc' dir='ltr'><strong>τῶν</strong></span> <span class='ocrx_word' id='word_1_27' title='bbox 2575 569 2792 642; x_wconf 83' lang='grc' dir='ltr'>σκηνῶν</span> <span class='ocrx_word' id='word_1_28' title='bbox 2815 568 3034 642; x_wconf 79' lang='grc' dir='ltr'><strong>χωρίων</strong></span> <span class='ocrx_word' id='word_1_29' title='bbox 3066 563 3155 640; x_wconf 75' lang='grc' dir='ltr'>ἦν,</span> <span class='ocrx_word' id='word_1_30' title='bbox 3203 569 3312 641; x_wconf 80' lang='grc' dir='ltr'>πρὸ</span> <span class='ocrx_word' id='word_1_31' title='bbox 3347 571 3456 624; x_wconf 81' lang='grc' dir='ltr'><strong>τῶν</strong></span> <span class='ocrx_word' id='word_1_32' title='bbox 3482 572 3707 645; x_wconf 73' lang='grc' dir='ltr'>Σικημων</span> 
     </span>
    </p>
   </div>
   <div class='ocr_carea' id='block_1_6' title="bbox 465 661 1979 738">
    <p class='ocr_par' dir='ltr' id='par_1_6' title="bbox 465 661 1979 735">
     <span class='ocr_line' id='line_1_6' title="bbox 465 661 1979 735; baseline -0.004 -15"><span class='ocrx_word' id='word_1_33' title='bbox 465 667 609 724; x_wconf 87' lang='lat' dir='ltr'><strong>Deus</strong></span> <span class='ocrx_word' id='word_1_34' title='bbox 640 665 871 735; x_wconf 76' lang='lat' dir='ltr'><strong>captivis</strong></span> <span class='ocrx_word' id='word_1_35' title='bbox 896 679 1155 719; x_wconf 84' lang='lat' dir='ltr'><strong>mensura</strong></span> <span class='ocrx_word' id='word_1_36' title='bbox 1184 663 1388 734; x_wconf 88' lang='lat' dir='ltr'><strong>pariter</strong></span> <span class='ocrx_word' id='word_1_37' title='bbox 1409 662 1716 717; x_wconf 81' lang='lat' dir='ltr'><strong>divisurum</strong></span> <span class='ocrx_word' id='word_1_38' title='bbox 1741 661 1979 732; x_wconf 83' lang='lat' dir='ltr'><strong>pollicett</strong></span> 
     </span>
    </p>
   </div>
   <div class='ocr_carea' id='block_1_7' title="bbox 2192 661 3706 738">
    <p class='ocr_par' dir='ltr' id='par_1_7' title="bbox 2193 662 3706 738">
     <span class='ocr_line' id='line_1_7' title="bbox 2193 662 3706 738; baseline 0.007 -24"><span class='ocrx_word' id='word_1_39' title='bbox 2193 662 2432 733; x_wconf 72' lang='grc' dir='ltr'>είμενον,</span> <span class='ocrx_word' id='word_1_40' title='bbox 2453 662 2482 714; x_wconf 78' lang='grc' dir='ltr'><strong>ὃ</strong></span> <span class='ocrx_word' id='word_1_41' title='bbox 2512 663 2607 717; x_wconf 78' lang='grc' dir='ltr'>καὶ</span> <span class='ocrx_word' id='word_1_42' title='bbox 2635 663 2769 717; x_wconf 80' lang='grc' dir='ltr'>αὐτὸ</span> <span class='ocrx_word' id='word_1_43' title='bbox 2798 664 2985 736; x_wconf 78' lang='grc' dir='ltr'>μέτρῳ</span> <span class='ocrx_word' id='word_1_44' title='bbox 3014 666 3292 737; x_wconf 79' lang='grc' dir='ltr'>διανεῖμαι</span> <span class='ocrx_word' id='word_1_45' title='bbox 3320 667 3433 729; x_wconf 72' lang='grc' dir='ltr'>τοῖς</span> <span class='ocrx_word' id='word_1_46' title='bbox 3458 668 3706 738; x_wconf 76' lang='grc' dir='ltr'>αἰχμαλὼ·</span> 
     </span>
    </p>
   </div>
   <div class='ocr_carea' id='block_1_8' title="bbox 466 740 1980 833">
    <p class='ocr_par' dir='ltr' id='par_1_8' title="bbox 466 751 1980 825">
     <span class='ocr_line' id='line_1_8' title="bbox 466 751 1980 825; baseline -0.003 -13"><span class='ocrx_word' id='word_1_47' title='bbox 466 758 530 812; x_wconf 83' lang='grc' dir='ltr'>Ει</span> <span class='ocrx_word' id='word_1_48' title='bbox 561 759 776 812; x_wconf 86' lang='lat' dir='ltr'><strong>duobus</strong></span> <span class='ocrx_word' id='word_1_49' title='bbox 810 757 896 811; x_wconf 86' lang='lat' dir='ltr'><strong>liis</strong></span> <span class='ocrx_word' id='word_1_50' title='bbox 928 756 1087 818; x_wconf 87' lang='lat' dir='ltr'><strong>locis,</strong></span> <span class='ocrx_word' id='word_1_51' title='bbox 1117 755 1431 810; x_wconf 84' lang='lat' dir='ltr'><strong>universam</strong></span> <span class='ocrx_word' id='word_1_52' title='bbox 1475 751 1721 809; x_wconf 62' lang='lat' dir='ltr'><strong>Iudaeam</strong></span> <span class='ocrx_word' id='word_1_53' title='bbox 1764 753 1980 825; x_wconf 70' lang='lat' dir='ltr'><strong>signitic</strong></span> 
     </span>
    </p>
   </div>
   <div class='ocr_carea' id='block_1_9' title="bbox 2190 740 3704 833">
    <p class='ocr_par' dir='ltr' id='par_1_9' title="bbox 2190 740 3704 833">
     <span class='ocr_line' id='line_1_9' title="bbox 2190 740 3704 833; baseline 0.006 -27"><span class='ocrx_word' id='word_1_54' title='bbox 2190 770 2272 816; x_wconf 88' lang='grc' dir='ltr'><strong>οις</strong></span> <span class='ocrx_word' id='word_1_55' title='bbox 2301 754 2670 824; x_wconf 82' lang='grc' dir='ltr'>ὑπισχνεῖται.</span> <span class='ocrx_word' id='word_1_56' title='bbox 2717 755 2820 808; x_wconf 83' lang='grc' dir='ltr'><strong>Διὰ</strong></span> <span class='ocrx_word' id='word_1_57' title='bbox 2843 755 2900 809; x_wconf 72' lang='grc' dir='ltr'>δὲ</span> <span class='ocrx_word' id='word_1_58' title='bbox 2933 755 3139 810; x_wconf 86' lang='grc' dir='ltr'>τούτων</span> <span class='ocrx_word' id='word_1_59' title='bbox 3157 756 3267 810; x_wconf 86' lang='grc' dir='ltr'><strong>τῶν</strong></span> <span class='ocrx_word' id='word_1_60' title='bbox 3292 740 3497 825; x_wconf 87' lang='grc' dir='ltr'>τόπων,</span> <span class='ocrx_word' id='word_1_61' title='bbox 3524 761 3610 814; x_wconf 78' lang='grc' dir='ltr'>καὶ</span> <span class='ocrx_word' id='word_1_62' title='bbox 3627 761 3704 833; x_wconf 68' lang='grc' dir='ltr'>τήν</span> 
     </span>
    </p>
   </div>
   <div class='ocr_carea' id='block_1_10' title="bbox 465 843 1979 924">
    <p class='ocr_par' dir='ltr' id='par_1_10' title="bbox 465 849 1258 918">
     <span class='ocr_line' id='line_1_10' title="bbox 465 849 1258 918; baseline -0.001 -15"><span class='ocrx_word' id='word_1_63' title='bbox 465 853 561 915; x_wconf 92' lang='lat' dir='ltr'><strong>vit,</strong></span> <span class='ocrx_word' id='word_1_64' title='bbox 595 849 762 904; x_wconf 89' lang='lat' dir='ltr'><strong>veluti</strong></span> <span class='ocrx_word' id='word_1_65' title='bbox 798 864 828 903; x_wconf 92' lang='lat' dir='ltr'><strong>a</strong></span> <span class='ocrx_word' id='word_1_66' title='bbox 869 856 1025 918; x_wconf 87' lang='lat' dir='ltr'><strong>parte</strong></span> <span class='ocrx_word' id='word_1_67' title='bbox 1057 856 1258 902; x_wconf 91' lang='lat' dir='ltr'><strong>totum.</strong></span> 
     </span>
    </p>
   </div>
   <div class='ocr_carea' id='block_1_11' title="bbox 2193 843 3707 924">
    <p class='ocr_par' dir='ltr' id='par_1_11' title="bbox 2193 843 3707 924">
     <span class='ocr_line' id='line_1_11' title="bbox 2193 843 3707 924; baseline 0.007 -28"><span class='ocrx_word' id='word_1_68' title='bbox 2193 843 2457 914; x_wconf 81' lang='grc' dir='ltr'>ύμπασαν</span> <span class='ocrx_word' id='word_1_69' title='bbox 2525 845 2786 902; x_wconf 79' lang='grc' dir='ltr'><strong>Ἰουδαίαν</strong></span> <span class='ocrx_word' id='word_1_70' title='bbox 2814 887 2831 914; x_wconf 93' lang='grc'><strong>,</strong></span> <span class='ocrx_word' id='word_1_71' title='bbox 2885 849 2962 912; x_wconf 84' lang='grc' dir='ltr'>ὼς</span> <span class='ocrx_word' id='word_1_72' title='bbox 3005 849 3072 903; x_wconf 78' lang='grc' dir='ltr'>ὲκ</span> <span class='ocrx_word' id='word_1_73' title='bbox 3119 849 3320 920; x_wconf 74' lang='grc' dir='ltr'>μέρους</span> <span class='ocrx_word' id='word_1_74' title='bbox 3369 849 3433 903; x_wconf 74' lang='grc' dir='ltr'><strong>τὸ</strong></span> <span class='ocrx_word' id='word_1_75' title='bbox 3467 852 3570 905; x_wconf 80' lang='grc' dir='ltr'>πᾶν</span> <span class='ocrx_word' id='word_1_76' title='bbox 3608 853 3707 924; x_wconf 56' lang='lat'><strong>£6!)-</strong></span> 
     </span>
    </p>
   </div>
   <div class='ocr_carea' id='block_1_12' title="bbox 2158 935 2354 993">
    <p class='ocr_par' dir='ltr' id='par_1_12' title="bbox 2158 935 2354 993">
     <span class='ocr_line' id='line_1_12' title="bbox 2158 935 2354 993; baseline 0.015 -4"><span class='ocrx_word' id='word_1_77' title='bbox 2158 935 2354 993; x_wconf 89' lang='grc' dir='ltr'>λωσεν.</span> 
     </span>
    </p>
   </div>
   <div class='ocr_carea' id='block_1_13' title="bbox 536 1027 2050 1104">
    <p class='ocr_par' dir='ltr' id='par_1_13' title="bbox 536 1027 2050 1096">
     <span class='ocr_line' id='line_1_13' title="bbox 536 1027 2050 1096; baseline 0.001 -13"><span class='ocrx_word' id='word_1_78' title='bbox 536 1027 705 1085; x_wconf 70' lang='lat' dir='ltr'><strong>Vens.</strong></span> <span class='ocrx_word' id='word_1_79' title='bbox 740 1029 793 1085; x_wconf 90' lang='lat'><strong>8.</strong></span> <span class='ocrx_word' id='word_1_80' title='bbox 827 1033 976 1084; x_wconf 82' lang='lat' dir='ltr'><strong>Meus</strong></span> <span class='ocrx_word' id='word_1_81' title='bbox 1012 1038 1089 1083; x_wconf 80' lang='lat' dir='ltr'><strong>est</strong></span> <span class='ocrx_word' id='word_1_82' title='bbox 1119 1029 1356 1096; x_wconf 81' lang='lat' dir='ltr'><strong>Galaad,</strong></span> <span class='ocrx_word' id='word_1_83' title='bbox 1386 1039 1433 1083; x_wconf 82' lang='lat' dir='ltr'><strong>et</strong></span> <span class='ocrx_word' id='word_1_84' title='bbox 1467 1046 1612 1084; x_wconf 81' lang='lat' dir='ltr'><strong>meus</strong></span> <span class='ocrx_word' id='word_1_85' title='bbox 1643 1040 1720 1085; x_wconf 79' lang='lat' dir='ltr'><strong>est</strong></span> <span class='ocrx_word' id='word_1_86' title='bbox 1746 1027 2050 1084; x_wconf 77' lang='lat' dir='ltr'><strong>Manasses.</strong></span> 
     </span>
    </p>
   </div>
   <div class='ocr_carea' id='block_1_14' title="bbox 2192 1027 3706 1104">
    <p class='ocr_par' dir='ltr' id='par_1_14' title="bbox 2240 1031 3706 1104">
     <span class='ocr_line' id='line_1_14' title="bbox 2240 1031 3706 1104; baseline 0.006 -19"><span class='ocrx_word' id='word_1_87' title='bbox 2240 1031 2418 1100; x_wconf 84' lang='grc' dir='ltr'>Ἐμός</span> <span class='ocrx_word' id='word_1_88' title='bbox 2448 1031 2581 1086; x_wconf 84' lang='grc' dir='ltr'>ἐστι</span> <span class='ocrx_word' id='word_1_89' title='bbox 2607 1031 2880 1098; x_wconf 84' lang='grc' dir='ltr'>Γαλαὰδ,</span> <span class='ocrx_word' id='word_1_90' title='bbox 2905 1034 3003 1087; x_wconf 80' lang='grc' dir='ltr'>καὶ</span> <span class='ocrx_word' id='word_1_91' title='bbox 3033 1033 3180 1102; x_wconf 79' lang='grc' dir='ltr'>ἐμός</span> <span class='ocrx_word' id='word_1_92' title='bbox 3213 1033 3348 1088; x_wconf 81' lang='grc' dir='ltr'>ἐστι</span> <span class='ocrx_word' id='word_1_93' title='bbox 3374 1035 3706 1104; x_wconf 78' lang='grc' dir='ltr'><strong>Μανασσῆς.</strong></span> 
     </span>
    </p>
   </div>
   <div class='ocr_carea' id='block_1_15' title="bbox 467 1121 1981 1199">
    <p class='ocr_par' dir='ltr' id='par_1_15' title="bbox 467 1122 1981 1195">
     <span class='ocr_line' id='line_1_15' title="bbox 467 1122 1981 1195; baseline 0 -19"><span class='ocrx_word' id='word_1_94' title='bbox 467 1125 512 1176; x_wconf 73' lang='grc' dir='ltr'><strong>Α</strong></span> <span class='ocrx_word' id='word_1_95' title='bbox 545 1123 748 1178; x_wconf 84' lang='lat' dir='ltr'><strong>minori</strong></span> <span class='ocrx_word' id='word_1_96' title='bbox 784 1124 850 1177; x_wconf 90' lang='lat' dir='ltr'><strong>ad</strong></span> <span class='ocrx_word' id='word_1_97' title='bbox 885 1122 1147 1192; x_wconf 78' lang='lat' dir='ltr'><strong>majorem</strong></span> <span class='ocrx_word' id='word_1_98' title='bbox 1179 1122 1452 1186; x_wconf 87' lang='lat' dir='ltr'><strong>ascendit,</strong></span> <span class='ocrx_word' id='word_1_99' title='bbox 1488 1131 1657 1194; x_wconf 88' lang='lat' dir='ltr'><strong>atque</strong></span> <span class='ocrx_word' id='word_1_100' title='bbox 1686 1137 1716 1178; x_wconf 88' lang='lat' dir='ltr'><strong>a</strong></span> <span class='ocrx_word' id='word_1_101' title='bbox 1755 1125 1981 1195; x_wconf 73' lang='lat' dir='ltr'><strong>posterit</strong></span> 
     </span>
    </p>
   </div>
   <div class='ocr_carea' id='block_1_16' title="bbox 2192 1121 3706 1199">
    <p class='ocr_par' dir='ltr' id='par_1_16' title="bbox 2192 1122 3706 1199">
     <span class='ocr_line' id='line_1_16' title="bbox 2192 1122 3706 1199; baseline 0.005 -25"><span class='ocrx_word' id='word_1_102' title='bbox 2192 1124 2304 1175; x_wconf 81' lang='grc' dir='ltr'>Απὺ</span> <span class='ocrx_word' id='word_1_103' title='bbox 2329 1122 2424 1176; x_wconf 82' lang='grc' dir='ltr'>τοῦ</span> <span class='ocrx_word' id='word_1_104' title='bbox 2453 1123 2750 1194; x_wconf 81' lang='grc' dir='ltr'><strong>ἀπογόνου,</strong></span> <span class='ocrx_word' id='word_1_105' title='bbox 2783 1125 2877 1178; x_wconf 71' lang='grc' dir='ltr'>ἐπὶ</span> <span class='ocrx_word' id='word_1_106' title='bbox 2899 1124 2991 1178; x_wconf 74' lang='grc' dir='ltr'>τὸν</span> <span class='ocrx_word' id='word_1_107' title='bbox 3019 1125 3290 1196; x_wconf 81' lang='grc' dir='ltr'>πρόγονον</span> <span class='ocrx_word' id='word_1_108' title='bbox 3315 1126 3517 1197; x_wconf 79' lang='grc' dir='ltr'><strong>ἀνῆλθε</strong></span> <span class='ocrx_word' id='word_1_109' title='bbox 3546 1143 3562 1160; x_wconf 76' lang='grc' dir='ltr'><strong>ο</strong></span> <span class='ocrx_word' id='word_1_110' title='bbox 3595 1129 3706 1199; x_wconf 83' lang='grc' dir='ltr'>πρό-</span> 
     </span>
    </p>
   </div>
   <div class='ocr_carea' id='block_1_17' title="bbox 467 1214 1981 1286">
    <p class='ocr_par' dir='ltr' id='par_1_17' title="bbox 467 1214 1981 1286">
     <span class='ocr_line' id='line_1_17' title="bbox 467 1214 1981 1286; baseline 0.001 -18"><span class='ocrx_word' id='word_1_111' title='bbox 467 1216 532 1268; x_wconf 86' lang='lat' dir='ltr'><strong>ad</strong></span> <span class='ocrx_word' id='word_1_112' title='bbox 588 1215 878 1284; x_wconf 83' lang='lat' dir='ltr'><strong>priorem:</strong></span> <span class='ocrx_word' id='word_1_113' title='bbox 928 1216 1134 1283; x_wconf 79' lang='lat' dir='ltr'><strong>quippe</strong></span> <span class='ocrx_word' id='word_1_114' title='bbox 1179 1230 1305 1268; x_wconf 92' lang='lat' dir='ltr'><strong>cum</strong></span> <span class='ocrx_word' id='word_1_115' title='bbox 1367 1214 1573 1271; x_wconf 86' lang='lat' dir='ltr'><strong>Galaad</strong></span> <span class='ocrx_word' id='word_1_116' title='bbox 1639 1215 1981 1286; x_wconf 66' lang='lat' dir='ltr'><strong>progenitore</strong></span> 
     </span>
    </p>
   </div>
   <div class='ocr_carea' id='block_1_18' title="bbox 2192 1214 3706 1286">
    <p class='ocr_par' dir='ltr' id='par_1_18' title="bbox 2195 1215 3706 1286">
     <span class='ocr_line' id='line_1_18' title="bbox 2195 1215 3706 1286; baseline 0.007 -20"><span class='ocrx_word' id='word_1_117' title='bbox 2195 1230 2315 1276; x_wconf 91' lang='grc' dir='ltr'>ονος</span> <span class='ocrx_word' id='word_1_118' title='bbox 2361 1217 2469 1286; x_wconf 78' lang='grc' dir='ltr'><strong>γὰρ</strong></span> <span class='ocrx_word' id='word_1_119' title='bbox 2497 1215 2526 1268; x_wconf 89' lang='grc' dir='ltr'><strong>ό</strong></span> <span class='ocrx_word' id='word_1_120' title='bbox 2573 1215 2878 1285; x_wconf 75' lang='grc' dir='ltr'>Μανασσῆς</span> <span class='ocrx_word' id='word_1_121' title='bbox 2930 1217 3026 1269; x_wconf 82' lang='grc' dir='ltr'>τοῦ</span> <span class='ocrx_word' id='word_1_122' title='bbox 3084 1216 3306 1271; x_wconf 78' lang='grc' dir='ltr'><strong>Γαλαὰδ</strong></span> <span class='ocrx_word' id='word_1_123' title='bbox 3343 1233 3360 1249; x_wconf 77' lang='grc' dir='ltr'><strong><em>ο</em></strong></span> <span class='ocrx_word' id='word_1_124' title='bbox 3415 1220 3505 1274; x_wconf 82' lang='grc' dir='ltr'><strong>διὰ</strong></span> <span class='ocrx_word' id='word_1_125' title='bbox 3542 1220 3594 1274; x_wconf 72' lang='grc' dir='ltr'>δδ</span> <span class='ocrx_word' id='word_1_126' title='bbox 3632 1224 3706 1277; x_wconf 80' lang='grc' dir='ltr'>τοῦ</span> 
     </span>
    </p>
   </div>
   <div class='ocr_carea' id='block_1_19' title="bbox 465 1305 1979 1381">
    <p class='ocr_par' dir='ltr' id='par_1_19' title="bbox 465 1305 1979 1364">
     <span class='ocr_line' id='line_1_19' title="bbox 465 1305 1979 1364; baseline 0 -2"><span class='ocrx_word' id='word_1_127' title='bbox 465 1324 624 1364; x_wconf 87' lang='lat' dir='ltr'><strong>suum</strong></span> <span class='ocrx_word' id='word_1_128' title='bbox 665 1309 894 1362; x_wconf 75' lang='lat' dir='ltr'><strong>haberet</strong></span> <span class='ocrx_word' id='word_1_129' title='bbox 929 1308 1263 1362; x_wconf 83' lang='lat' dir='ltr'><strong>Manassem.</strong></span> <span class='ocrx_word' id='word_1_130' title='bbox 1298 1305 1403 1362; x_wconf 84' lang='lat' dir='ltr'><strong>l’er</strong></span> <span class='ocrx_word' id='word_1_131' title='bbox 1435 1307 1725 1363; x_wconf 84' lang='lat' dir='ltr'><strong>Manassen</strong></span> <span class='ocrx_word' id='word_1_132' title='bbox 1755 1323 1884 1363; x_wconf 86' lang='lat' dir='ltr'><strong>vero</strong></span> <span class='ocrx_word' id='word_1_133' title='bbox 1927 1323 1979 1362; x_wconf 85' lang='lat' dir='ltr'><strong>ut</strong></span> 
     </span>
    </p>
   </div>
   <div class='ocr_carea' id='block_1_20' title="bbox 2195 1305 3709 1381">
    <p class='ocr_par' dir='ltr' id='par_1_20' title="bbox 2195 1307 3709 1381">
     <span class='ocr_line' id='line_1_20' title="bbox 2195 1307 3709 1381; baseline 0.006 -21"><span class='ocrx_word' id='word_1_134' title='bbox 2195 1307 2460 1378; x_wconf 84' lang='grc' dir='ltr'>Ιανασσῆ,</span> <span class='ocrx_word' id='word_1_135' title='bbox 2510 1308 2609 1378; x_wconf 78' lang='grc' dir='ltr'>τὴν</span> <span class='ocrx_word' id='word_1_136' title='bbox 2648 1308 2824 1380; x_wconf 78' lang='grc' dir='ltr'>φυλὴν</span> <span class='ocrx_word' id='word_1_137' title='bbox 2855 1307 3026 1362; x_wconf 81' lang='grc' dir='ltr'>αὑτοῦ</span> <span class='ocrx_word' id='word_1_138' title='bbox 3091 1309 3333 1381; x_wconf 70' lang='grc' dir='ltr'>ἐδήλωσε</span> <span class='ocrx_word' id='word_1_139' title='bbox 3359 1329 3372 1341; x_wconf 93' lang='grc'><strong>·</strong></span> <span class='ocrx_word' id='word_1_140' title='bbox 3403 1313 3499 1365; x_wconf 80' lang='grc' dir='ltr'>καὶ</span> <span class='ocrx_word' id='word_1_141' title='bbox 3522 1313 3605 1366; x_wconf 75' lang='grc' dir='ltr'>διὰ</span> <span class='ocrx_word' id='word_1_142' title='bbox 3623 1316 3709 1370; x_wconf 85' lang='grc' dir='ltr'><strong>τῶν</strong></span> 
     </span>
    </p>
   </div>
   <div class='ocr_carea' id='block_1_21' title="bbox 465 1399 1979 1476">
    <p class='ocr_par' dir='ltr' id='par_1_21' title="bbox 465 1399 1979 1470">
     <span class='ocr_line' id='line_1_21' title="bbox 465 1399 1979 1470; baseline -0.001 -16"><span class='ocrx_word' id='word_1_143' title='bbox 465 1417 680 1458; x_wconf 84' lang='lat' dir='ltr'><strong>versam</strong></span> <span class='ocrx_word' id='word_1_144' title='bbox 733 1400 1016 1456; x_wconf 79' lang='lat' dir='ltr'><strong>Manasscs</strong></span> <span class='ocrx_word' id='word_1_145' title='bbox 1045 1400 1249 1454; x_wconf 88' lang='lat' dir='ltr'><strong>tribum</strong></span> <span class='ocrx_word' id='word_1_146' title='bbox 1292 1399 1569 1467; x_wconf 78' lang='lat' dir='ltr'><strong>intelligit,</strong></span> <span class='ocrx_word' id='word_1_147' title='bbox 1601 1407 1656 1455; x_wconf 87' lang='lat' dir='ltr'><strong>et</strong></span> <span class='ocrx_word' id='word_1_148' title='bbox 1701 1414 1797 1469; x_wconf 84' lang='lat' dir='ltr'><strong>per</strong></span> <span class='ocrx_word' id='word_1_149' title='bbox 1825 1399 1930 1453; x_wconf 86' lang='lat' dir='ltr'><strong>alia</strong></span> <span class='ocrx_word' id='word_1_150' title='bbox 1957 1415 1979 1470; x_wconf 72' lang='grc' dir='ltr'><strong><em>ι</em></strong></span> 
     </span>
    </p>
   </div>
   <div class='ocr_carea' id='block_1_22' title="bbox 2193 1399 3707 1476">
    <p class='ocr_par' dir='ltr' id='par_1_22' title="bbox 2193 1399 3707 1476">
     <span class='ocr_line' id='line_1_22' title="bbox 2193 1399 3707 1476; baseline 0.007 -26"><span class='ocrx_word' id='word_1_151' title='bbox 2193 1399 2336 1454; x_wconf 79' lang='grc' dir='ltr'>,λλων</span> <span class='ocrx_word' id='word_1_152' title='bbox 2358 1401 2769 1470; x_wconf 82' lang='grc' dir='ltr'>ὀνομάτων,τὰς</span> <span class='ocrx_word' id='word_1_153' title='bbox 2789 1401 2956 1471; x_wconf 69' lang='grc' dir='ltr'>ἄλλας</span> <span class='ocrx_word' id='word_1_154' title='bbox 2979 1403 3176 1471; x_wconf 80' lang='grc' dir='ltr'>φυλὰς,</span> <span class='ocrx_word' id='word_1_155' title='bbox 3194 1405 3293 1467; x_wconf 81' lang='grc' dir='ltr'>τὰς</span> <span class='ocrx_word' id='word_1_156' title='bbox 3311 1404 3707 1476; x_wconf 77' lang='grc' dir='ltr'>ἐπισημοτέρας,</span> 
     </span>
    </p>
   </div>
   <div class='ocr_carea' id='block_1_23' title="bbox 465 1485 1979 1567">
    <p class='ocr_par' dir='ltr' id='par_1_23' title="bbox 465 1492 1979 1562">
     <span class='ocr_line' id='line_1_23' title="bbox 465 1492 1979 1562; baseline 0 -14"><span class='ocrx_word' id='word_1_157' title='bbox 465 1493 838 1548; x_wconf 85' lang='lat' dir='ltr'><strong>triarcharum</strong></span> <span class='ocrx_word' id='word_1_158' title='bbox 874 1492 1122 1558; x_wconf 90' lang='lat' dir='ltr'><strong>nomina,</strong></span> <span class='ocrx_word' id='word_1_159' title='bbox 1167 1493 1302 1546; x_wconf 87' lang='lat' dir='ltr'><strong>alias</strong></span> <span class='ocrx_word' id='word_1_160' title='bbox 1339 1492 1671 1562; x_wconf 70' lang='lat' dir='ltr'><strong>insigniores</strong></span> <span class='ocrx_word' id='word_1_161' title='bbox 1718 1492 1920 1557; x_wconf 82' lang='lat' dir='ltr'><strong>tribus.</strong></span> <span class='ocrx_word' id='word_1_162' title='bbox 1959 1508 1979 1562; x_wconf 74' lang='grc' dir='ltr'><strong>ι</strong></span> 
     </span>
    </p>
   </div>
   <div class='ocr_carea' id='block_1_24' title="bbox 2189 1485 3703 1567">
    <p class='ocr_par' dir='ltr' id='par_1_24' title="bbox 2189 1485 3703 1567">
     <span class='ocr_line' id='line_1_24' title="bbox 2189 1485 3703 1567; baseline 0.007 -25"><span class='ocrx_word' id='word_1_163' title='bbox 2189 1485 2247 1555; x_wconf 42' lang='grc' dir='ltr'>νίς</span> <span class='ocrx_word' id='word_1_164' title='bbox 2290 1493 2384 1546; x_wconf 79' lang='grc' dir='ltr'>καὶ</span> <span class='ocrx_word' id='word_1_165' title='bbox 2453 1493 2512 1545; x_wconf 82' lang='grc' dir='ltr'>αι</span> <span class='ocrx_word' id='word_1_166' title='bbox 2577 1495 2766 1548; x_wconf 75' lang='grc' dir='ltr'>λοιπαὶ</span> <span class='ocrx_word' id='word_1_167' title='bbox 2819 1494 3470 1565; x_wconf 72' lang='grc' dir='ltr'>συμπεριλαμϐάνονται.</span> <span class='ocrx_word' id='word_1_168' title='bbox 3564 1499 3703 1567; x_wconf 80' lang='grc' dir='ltr'>Λέγει</span> 
     </span>
    </p>
   </div>
   <div class='ocr_carea' id='block_1_25' title="bbox 466 1583 1980 1664">
    <p class='ocr_par' dir='ltr' id='par_1_25' title="bbox 466 1585 1972 1657">
     <span class='ocr_line' id='line_1_25' title="bbox 466 1585 1972 1657; baseline -0.001 -17"><span class='ocrx_word' id='word_1_169' title='bbox 466 1603 606 1657; x_wconf 88' lang='lat' dir='ltr'><strong>quas</strong></span> <span class='ocrx_word' id='word_1_170' title='bbox 641 1587 868 1655; x_wconf 69' lang='lat' dir='ltr'><strong>reliqua:</strong></span> <span class='ocrx_word' id='word_1_171' title='bbox 897 1586 1062 1639; x_wconf 87' lang='lat' dir='ltr'><strong>etiam</strong></span> <span class='ocrx_word' id='word_1_172' title='bbox 1109 1585 1678 1654; x_wconf 86' lang='lat' dir='ltr'><strong>comprehenduntur.</strong></span> <span class='ocrx_word' id='word_1_173' title='bbox 1718 1585 1808 1638; x_wconf 85' lang='lat' dir='ltr'><strong>Ait</strong></span> <span class='ocrx_word' id='word_1_174' title='bbox 1840 1586 1972 1656; x_wconf 75' lang='lat' dir='ltr'><strong>igitu</strong></span> 
     </span>
    </p>
   </div>
   <div class='ocr_carea' id='block_1_26' title="bbox 2193 1583 3707 1664">
    <p class='ocr_par' dir='ltr' id='par_1_26' title="bbox 2193 1584 3707 1664">
     <span class='ocr_line' id='line_1_26' title="bbox 2193 1584 3707 1664; baseline 0.006 -26"><span class='ocrx_word' id='word_1_175' title='bbox 2193 1584 2238 1651; x_wconf 75' lang='grc' dir='ltr'>ὲ,</span> <span class='ocrx_word' id='word_1_176' title='bbox 2290 1584 2377 1638; x_wconf 84' lang='grc' dir='ltr'>ὅτι</span> <span class='ocrx_word' id='word_1_177' title='bbox 2438 1584 2604 1656; x_wconf 82' lang='grc' dir='ltr'>Ἐμός</span> <span class='ocrx_word' id='word_1_178' title='bbox 2636 1587 2755 1640; x_wconf 77' lang='grc' dir='ltr'>ἐστι</span> <span class='ocrx_word' id='word_1_179' title='bbox 2802 1585 2922 1664; x_wconf 62' lang='grc' dir='ltr'>νύν,</span> <span class='ocrx_word' id='word_1_180' title='bbox 2967 1588 3063 1641; x_wconf 81' lang='grc' dir='ltr'>καὶ</span> <span class='ocrx_word' id='word_1_181' title='bbox 3105 1591 3158 1642; x_wconf 84' lang='grc' dir='ltr'><strong>εί</strong></span> <span class='ocrx_word' id='word_1_182' title='bbox 3193 1589 3511 1662; x_wconf 78' lang='grc' dir='ltr'>ἁπωσάμην</span> <span class='ocrx_word' id='word_1_183' title='bbox 3536 1592 3707 1660; x_wconf 77' lang='grc' dir='ltr'>αὐτὸν,</span> 
     </span>
    </p>
   </div>
   <div class='ocr_carea' id='block_1_27' title="bbox 478 1674 1992 1748">
    <p class='ocr_par' dir='ltr' id='par_1_27' title="bbox 478 1674 1992 1746">
     <span class='ocr_line' id='line_1_27' title="bbox 478 1674 1992 1746; baseline 0.001 -17"><span class='ocrx_word' id='word_1_184' title='bbox 478 1676 631 1731; x_wconf 81' lang='lat' dir='ltr'><strong>Meus</strong></span> <span class='ocrx_word' id='word_1_185' title='bbox 675 1693 825 1730; x_wconf 83' lang='lat' dir='ltr'><strong>nunc</strong></span> <span class='ocrx_word' id='word_1_186' title='bbox 856 1683 938 1729; x_wconf 88' lang='lat' dir='ltr'><strong>est</strong></span> <span class='ocrx_word' id='word_1_187' title='bbox 988 1684 1138 1730; x_wconf 88' lang='lat' dir='ltr'><strong>totus</strong></span> <span class='ocrx_word' id='word_1_188' title='bbox 1180 1676 1435 1746; x_wconf 88' lang='lat' dir='ltr'><strong>populus,</strong></span> <span class='ocrx_word' id='word_1_189' title='bbox 1490 1674 1708 1730; x_wconf 82' lang='lat' dir='ltr'><strong>tametsi</strong></span> <span class='ocrx_word' id='word_1_190' title='bbox 1755 1675 1992 1746; x_wconf 84' lang='lat' dir='ltr'><strong>aliquam</strong></span> 
     </span>
    </p>
   </div>
   <div class='ocr_carea' id='block_1_28' title="bbox 1228 1674 2742 1748">
    <p class='ocr_par' dir='ltr' id='par_1_28' title="bbox 1228 1674 2742 1748">
     <span class='ocr_line' id='line_1_28' title="bbox 1228 1674 2742 1748; baseline 0.002 -19"><span class='ocrx_word' id='word_1_191' title='bbox 1228 1676 1435 1746; x_wconf 67' lang='lat' dir='ltr'><strong>opulus,</strong></span> <span class='ocrx_word' id='word_1_192' title='bbox 1490 1674 1708 1730; x_wconf 82' lang='lat' dir='ltr'><strong>tametsi</strong></span> <span class='ocrx_word' id='word_1_193' title='bbox 1755 1675 2053 1746; x_wconf 85' lang='lat' dir='ltr'><strong>aliquando</strong></span> <span class='ocrx_word' id='word_1_194' title='bbox 2157 1675 2247 1728; x_wconf 83' lang='grc' dir='ltr'>ὅτε</span> <span class='ocrx_word' id='word_1_195' title='bbox 2279 1693 2346 1747; x_wconf 85' lang='grc' dir='ltr'><strong>με</strong></span> <span class='ocrx_word' id='word_1_196' title='bbox 2396 1675 2742 1748; x_wconf 76' lang='grc' dir='ltr'>παρώργισε.</span> 
     </span>
    </p>
   </div>
   <div class='ocr_carea' id='block_1_29' title="bbox 469 1767 1615 1838">
    <p class='ocr_par' dir='ltr' id='par_1_29' title="bbox 469 1767 1615 1838">
     <span class='ocr_line' id='line_1_29' title="bbox 469 1767 1615 1838; baseline -0.003 -13"><span class='ocrx_word' id='word_1_197' title='bbox 469 1785 596 1825; x_wconf 91' lang='lat' dir='ltr'><strong>eum</strong></span> <span class='ocrx_word' id='word_1_198' title='bbox 627 1769 949 1838; x_wconf 90' lang='lat' dir='ltr'><strong>repulerim,</strong></span> <span class='ocrx_word' id='word_1_199' title='bbox 984 1768 1208 1836; x_wconf 90' lang='lat' dir='ltr'><strong>quando</strong></span> <span class='ocrx_word' id='word_1_200' title='bbox 1235 1783 1319 1822; x_wconf 92' lang='lat' dir='ltr'><strong>me</strong></span> <span class='ocrx_word' id='word_1_201' title='bbox 1355 1767 1615 1821; x_wconf 82' lang='lat' dir='ltr'><strong>irritavit.</strong></span> 
     </span>
    </p>
   </div>
   <div class='ocr_carea' id='block_1_30' title="bbox 545 1831 2059 1934">
    <p class='ocr_par' dir='ltr' id='par_1_30' title="bbox 545 1831 2055 1929">
     <span class='ocr_line' id='line_1_30' title="bbox 545 1831 2055 1929; baseline 0.001 -17"><span class='ocrx_word' id='word_1_202' title='bbox 545 1859 616 1912; x_wconf 85' lang='lat' dir='ltr'><strong>Et</strong></span> <span class='ocrx_word' id='word_1_203' title='bbox 648 1831 907 1929; x_wconf 63' lang='lat' dir='ltr'><strong>Epitraim</strong></span> <span class='ocrx_word' id='word_1_204' title='bbox 936 1831 1206 1926; x_wconf 62' lang='lat' dir='ltr'><strong>fortitudo</strong></span> <span class='ocrx_word' id='word_1_205' title='bbox 1236 1859 1428 1927; x_wconf 75' lang='lat' dir='ltr'><strong>capitis</strong></span> <span class='ocrx_word' id='word_1_206' title='bbox 1459 1860 1582 1913; x_wconf 84' lang='lat' dir='ltr'><strong>mei.</strong></span> <span class='ocrx_word' id='word_1_207' title='bbox 1611 1857 1714 1915; x_wconf 80' lang='lat' dir='ltr'><strong>Per</strong></span> <span class='ocrx_word' id='word_1_208' title='bbox 1747 1868 1911 1929; x_wconf 84' lang='lat' dir='ltr'><strong>caput</strong></span> <span class='ocrx_word' id='word_1_209' title='bbox 1950 1859 2055 1915; x_wconf 84' lang='lat' dir='ltr'><strong>hoc</strong></span> 
     </span>
    </p>
   </div>
   <div class='ocr_carea' id='block_1_31' title="bbox 2193 1831 3707 1934">
    <p class='ocr_par' dir='ltr' id='par_1_31' title="bbox 2232 1862 3707 1934">
     <span class='ocr_line' id='line_1_31' title="bbox 2232 1862 3707 1934; baseline 0.003 -18"><span class='ocrx_word' id='word_1_210' title='bbox 2232 1862 2345 1916; x_wconf 79' lang='lat' dir='ltr'><strong>Kal</strong></span> <span class='ocrx_word' id='word_1_211' title='bbox 2390 1862 2670 1933; x_wconf 73' lang='grc' dir='ltr'>Ἐφραΐμ,</span> <span class='ocrx_word' id='word_1_212' title='bbox 2729 1864 3094 1932; x_wconf 77' lang='grc' dir='ltr'>κραταιωσις</span> <span class='ocrx_word' id='word_1_213' title='bbox 3140 1863 3254 1932; x_wconf 78' lang='grc' dir='ltr'>τῆς</span> <span class='ocrx_word' id='word_1_214' title='bbox 3285 1864 3562 1934; x_wconf 67' lang='grc' dir='ltr'>κεφαλῆς</span> <span class='ocrx_word' id='word_1_215' title='bbox 3597 1882 3707 1934; x_wconf 78' lang='grc' dir='ltr'>μου.</span> 
     </span>
    </p>
   </div>
   <div class='ocr_carea' id='block_1_32' title="bbox 468 1949 1982 2028">
    <p class='ocr_par' dir='ltr' id='par_1_32' title="bbox 468 1949 1982 2023">
     <span class='ocr_line' id='line_1_32' title="bbox 468 1949 1982 2023; baseline 0.004 -21"><span class='ocrx_word' id='word_1_216' title='bbox 468 1949 592 2003; x_wconf 93' lang='lat' dir='ltr'><strong>loco</strong></span> <span class='ocrx_word' id='word_1_217' title='bbox 625 1949 912 2016; x_wconf 86' lang='lat' dir='ltr'><strong>imperium</strong></span> <span class='ocrx_word' id='word_1_218' title='bbox 949 1949 1230 2019; x_wconf 64' lang='lat' dir='ltr'><strong>intelligit,</strong></span> <span class='ocrx_word' id='word_1_219' title='bbox 1261 1951 1723 2020; x_wconf 81' lang='lat' dir='ltr'><strong>quemadmodum</strong></span> <span class='ocrx_word' id='word_1_220' title='bbox 1755 1953 1869 2023; x_wconf 92' lang='lat' dir='ltr'><strong>ipse</strong></span> <span class='ocrx_word' id='word_1_221' title='bbox 1887 1954 1982 2009; x_wconf 70' lang='lat' dir='ltr'><strong>etii</strong></span> 
     </span>
    </p>
   </div>
   <div class='ocr_carea' id='block_1_33' title="bbox 2194 1949 3708 2028">
    <p class='ocr_par' dir='ltr' id='par_1_33' title="bbox 2194 1952 3708 2028">
     <span class='ocr_line' id='line_1_33' title="bbox 2194 1952 3708 2028; baseline 0.002 -21"><span class='ocrx_word' id='word_1_222' title='bbox 2194 1952 2421 2024; x_wconf 74' lang='grc' dir='ltr'>ἱεφαλὴν</span> <span class='ocrx_word' id='word_1_223' title='bbox 2445 1955 2704 2019; x_wconf 70' lang='grc' dir='ltr'>ἐνταῦθα,</span> <span class='ocrx_word' id='word_1_224' title='bbox 2733 1953 2834 2026; x_wconf 82' lang='grc' dir='ltr'>τὴν</span> <span class='ocrx_word' id='word_1_225' title='bbox 2865 1955 3042 2028; x_wconf 78' lang='grc' dir='ltr'>ἀρχὴν</span> <span class='ocrx_word' id='word_1_226' title='bbox 3066 1955 3328 2027; x_wconf 78' lang='grc' dir='ltr'><strong>ὀνομάζει</strong></span> <span class='ocrx_word' id='word_1_227' title='bbox 3353 1971 3368 1986; x_wconf 88' lang='grc'><strong>·</strong></span> <span class='ocrx_word' id='word_1_228' title='bbox 3397 1956 3543 2010; x_wconf 80' lang='grc' dir='ltr'>οὕτω</span> <span class='ocrx_word' id='word_1_229' title='bbox 3573 1958 3662 2028; x_wconf 83' lang='grc' dir='ltr'>γὰρ</span> <span class='ocrx_word' id='word_1_230' title='bbox 3687 1959 3708 2010; x_wconf 78' lang='grc' dir='ltr'><strong>ί</strong></span> 
     </span>
    </p>
   </div>
   <div class='ocr_carea' id='block_1_34' title="bbox 470 2042 1984 2120">
    <p class='ocr_par' dir='ltr' id='par_1_34' title="bbox 470 2042 1984 2116">
     <span class='ocr_line' id='line_1_34' title="bbox 470 2042 1984 2116; baseline 0.004 -21"><span class='ocrx_word' id='word_1_231' title='bbox 470 2042 836 2113; x_wconf 88' lang='lat' dir='ltr'><strong>Symmachus</strong></span> <span class='ocrx_word' id='word_1_232' title='bbox 867 2043 1174 2108; x_wconf 84' lang='lat' dir='ltr'><strong>transtulit,</strong></span> <span class='ocrx_word' id='word_1_233' title='bbox 1205 2053 1258 2097; x_wconf 89' lang='lat' dir='ltr'><strong>ct</strong></span> <span class='ocrx_word' id='word_1_234' title='bbox 1298 2059 1499 2099; x_wconf 83' lang='lat' dir='ltr'><strong>sensus</strong></span> <span class='ocrx_word' id='word_1_235' title='bbox 1527 2054 1610 2099; x_wconf 85' lang='lat' dir='ltr'><strong>est</strong></span> <span class='ocrx_word' id='word_1_236' title='bbox 1643 2061 1658 2099; x_wconf 88' lang='lat'><strong>:</strong></span> <span class='ocrx_word' id='word_1_237' title='bbox 1692 2046 1838 2115; x_wconf 91' lang='lat' dir='ltr'><strong>quod</strong></span> <span class='ocrx_word' id='word_1_238' title='bbox 1865 2057 1984 2116; x_wconf 85' lang='lat' dir='ltr'><strong>pote</strong></span> 
     </span>
    </p>
   </div>
   <div class='ocr_carea' id='block_1_35' title="bbox 2195 2042 3709 2120">
    <p class='ocr_par' dir='ltr' id='par_1_35' title="bbox 2195 2045 3709 2120">
     <span class='ocr_line' id='line_1_35' title="bbox 2195 2045 3709 2120; baseline 0.003 -23"><span class='ocrx_word' id='word_1_239' title='bbox 2195 2045 2461 2117; x_wconf 76' lang='grc' dir='ltr'>ἰύμμαχος</span> <span class='ocrx_word' id='word_1_240' title='bbox 2501 2046 2758 2112; x_wconf 70' lang='grc' dir='ltr'>ἐξέδωκε.</span> <span class='ocrx_word' id='word_1_241' title='bbox 2789 2048 2960 2116; x_wconf 74' lang='grc' dir='ltr'>Φησὶν</span> <span class='ocrx_word' id='word_1_242' title='bbox 3007 2047 3124 2112; x_wconf 77' lang='grc' dir='ltr'>οὖν,</span> <span class='ocrx_word' id='word_1_243' title='bbox 3176 2049 3262 2102; x_wconf 78' lang='grc' dir='ltr'>ὅτι</span> <span class='ocrx_word' id='word_1_244' title='bbox 3288 2048 3554 2120; x_wconf 77' lang='grc' dir='ltr'>κραταιὸν</span> <span class='ocrx_word' id='word_1_245' title='bbox 3578 2050 3709 2120; x_wconf 77' lang='grc' dir='ltr'>μέρος</span> 
     </span>
    </p>
   </div>
   <div class='ocr_carea' id='block_1_36' title="bbox 373 2134 1887 2211">
    <p class='ocr_par' dir='ltr' id='par_1_36' title="bbox 373 2134 1887 2206">
     <span class='ocr_line' id='line_1_36' title="bbox 373 2134 1887 2206; baseline 0.004 -18"><span class='ocrx_word' id='word_1_246' title='bbox 373 2172 382 2178; x_wconf 70' lang='grc'><strong>.</strong></span> <span class='ocrx_word' id='word_1_247' title='bbox 469 2137 684 2190; x_wconf 89' lang='lat' dir='ltr'><strong>tissima</strong></span> <span class='ocrx_word' id='word_1_248' title='bbox 726 2150 850 2204; x_wconf 77' lang='lat' dir='ltr'><strong>pars</strong></span> <span class='ocrx_word' id='word_1_249' title='bbox 889 2137 1041 2206; x_wconf 78' lang='lat' dir='ltr'><strong>regni</strong></span> <span class='ocrx_word' id='word_1_250' title='bbox 1085 2134 1424 2203; x_wconf 71' lang='lat' dir='ltr'><strong>Judacorum,</strong></span> <span class='ocrx_word' id='word_1_251' title='bbox 1459 2137 1514 2190; x_wconf 92' lang='lat' dir='ltr'><strong>in</strong></span> <span class='ocrx_word' id='word_1_252' title='bbox 1551 2137 1618 2191; x_wconf 87' lang='lat' dir='ltr'><strong>iis</strong></span> <span class='ocrx_word' id='word_1_253' title='bbox 1665 2141 1887 2194; x_wconf 84' lang='lat' dir='ltr'><strong>consisti</strong></span> 
     </span>
    </p>
   </div>
   <div class='ocr_carea' id='block_1_37' title="bbox 2195 2134 3709 2211">
    <p class='ocr_par' dir='ltr' id='par_1_37' title="bbox 2195 2137 3709 2211">
     <span class='ocr_line' id='line_1_37' title="bbox 2195 2137 3709 2211; baseline 0.002 -19"><span class='ocrx_word' id='word_1_254' title='bbox 2195 2141 2258 2210; x_wconf 75' lang='grc' dir='ltr'>ἧς</span> <span class='ocrx_word' id='word_1_255' title='bbox 2331 2137 2602 2211; x_wconf 83' lang='grc' dir='ltr'>Ἐϐραίων</span> <span class='ocrx_word' id='word_1_256' title='bbox 2663 2138 2944 2210; x_wconf 75' lang='grc' dir='ltr'><strong>βασιλείας</strong></span> <span class='ocrx_word' id='word_1_257' title='bbox 3001 2140 3220 2195; x_wconf 76' lang='grc' dir='ltr'>ἔσονται</span> <span class='ocrx_word' id='word_1_258' title='bbox 3284 2142 3336 2195; x_wconf 79' lang='lat' dir='ltr'><strong>oi</strong></span> <span class='ocrx_word' id='word_1_259' title='bbox 3397 2141 3508 2196; x_wconf 77' lang='grc' dir='ltr'><strong>ἀπὸ</strong></span> <span class='ocrx_word' id='word_1_260' title='bbox 3559 2143 3709 2211; x_wconf 72' lang='grc' dir='ltr'>γένους</span> 
     </span>
    </p>
   </div>
   <div class='ocr_carea' id='block_1_38' title="bbox 469 2229 1983 2309">
    <p class='ocr_par' dir='ltr' id='par_1_38' title="bbox 469 2229 1983 2300">
     <span class='ocr_line' id='line_1_38' title="bbox 469 2229 1983 2300; baseline 0.004 -18"><span class='ocrx_word' id='word_1_261' title='bbox 469 2229 685 2292; x_wconf 81' lang='lat' dir='ltr'><strong>litibus,</strong></span> <span class='ocrx_word' id='word_1_262' title='bbox 725 2232 819 2299; x_wconf 89' lang='lat' dir='ltr'><strong>qui</strong></span> <span class='ocrx_word' id='word_1_263' title='bbox 851 2239 982 2284; x_wconf 89' lang='lat' dir='ltr'><strong>sunt</strong></span> <span class='ocrx_word' id='word_1_264' title='bbox 1019 2231 1086 2283; x_wconf 89' lang='lat' dir='ltr'><strong>de</strong></span> <span class='ocrx_word' id='word_1_265' title='bbox 1125 2245 1326 2299; x_wconf 78' lang='lat' dir='ltr'><strong>genere</strong></span> <span class='ocrx_word' id='word_1_266' title='bbox 1374 2229 1656 2300; x_wconf 79' lang='lat' dir='ltr'><strong>Epliraim.</strong></span> <span class='ocrx_word' id='word_1_267' title='bbox 1704 2229 1819 2287; x_wconf 91' lang='lat' dir='ltr'><strong>Hoc</strong></span> <span class='ocrx_word' id='word_1_268' title='bbox 1871 2241 1983 2288; x_wconf 72' lang='lat' dir='ltr'><strong>autt</strong></span> 
     </span>
    </p>
   </div>
   <div class='ocr_carea' id='block_1_39' title="bbox 2194 2229 3708 2309">
    <p class='ocr_par' dir='ltr' id='par_1_39' title="bbox 2195 2233 3708 2309">
     <span class='ocr_line' id='line_1_39' title="bbox 2195 2233 3708 2309; baseline 0.001 -21"><span class='ocrx_word' id='word_1_269' title='bbox 2195 2233 2444 2305; x_wconf 80' lang='grc' dir='ltr'>Εφραῒμ.</span> <span class='ocrx_word' id='word_1_270' title='bbox 2477 2234 2580 2289; x_wconf 82' lang='grc' dir='ltr'>Διὰ</span> <span class='ocrx_word' id='word_1_271' title='bbox 2601 2235 2660 2290; x_wconf 71' lang='grc' dir='ltr'>δὲ</span> <span class='ocrx_word' id='word_1_272' title='bbox 2679 2235 2780 2306; x_wconf 83' lang='grc' dir='ltr'>τῆς</span> <span class='ocrx_word' id='word_1_273' title='bbox 2797 2253 2918 2306; x_wconf 84' lang='grc' dir='ltr'><strong>μου</strong></span> <span class='ocrx_word' id='word_1_274' title='bbox 2950 2237 3298 2309; x_wconf 82' lang='grc' dir='ltr'>ἀντωνυμίας</span> <span class='ocrx_word' id='word_1_275' title='bbox 3329 2238 3614 2294; x_wconf 70' lang='grc' dir='ltr'>οἰκειοῦται</span> <span class='ocrx_word' id='word_1_276' title='bbox 3633 2238 3708 2309; x_wconf 70' lang='grc' dir='ltr'><strong>τὴν</strong></span> 
     </span>
    </p>
   </div>
   <div class='ocr_carea' id='block_1_40' title="bbox 469 2323 1983 2405">
    <p class='ocr_par' dir='ltr' id='par_1_40' title="bbox 469 2323 1983 2392">
     <span class='ocr_line' id='line_1_40' title="bbox 469 2323 1983 2392; baseline 0.004 -17"><span class='ocrx_word' id='word_1_277' title='bbox 469 2323 819 2392; x_wconf 87' lang='lat' dir='ltr'><strong>pronomine,</strong></span> <span class='ocrx_word' id='word_1_278' title='bbox 887 2338 1052 2386; x_wconf 75' lang='lat' dir='ltr'><strong>meus,</strong></span> <span class='ocrx_word' id='word_1_279' title='bbox 1115 2323 1399 2376; x_wconf 87' lang='lat' dir='ltr'><strong>vindicare</strong></span> <span class='ocrx_word' id='word_1_280' title='bbox 1472 2323 1576 2378; x_wconf 84' lang='lat' dir='ltr'><strong>sibi</strong></span> <span class='ocrx_word' id='word_1_281' title='bbox 1637 2324 1858 2380; x_wconf 88' lang='lat' dir='ltr'><strong>videtur</strong></span> <span class='ocrx_word' id='word_1_282' title='bbox 1913 2325 1983 2381; x_wconf 87' lang='lat' dir='ltr'><strong>De</strong></span> 
     </span>
    </p>
   </div>
   <div class='ocr_carea' id='block_1_41' title="bbox 2193 2323 3707 2405">
    <p class='ocr_par' dir='ltr' id='par_1_41' title="bbox 2193 2327 3707 2405">
     <span class='ocr_line' id='line_1_41' title="bbox 2193 2327 3707 2405; baseline 0.006 -28"><span class='ocrx_word' id='word_1_283' title='bbox 2193 2327 2453 2382; x_wconf 61' lang='lat' dir='ltr'><strong>iactlelav</strong></span> <span class='ocrx_word' id='word_1_284' title='bbox 2483 2328 2668 2384; x_wconf 75' lang='grc' dir='ltr'>αὐτῶν</span> <span class='ocrx_word' id='word_1_285' title='bbox 2693 2331 2722 2384; x_wconf 83' lang='grc' dir='ltr'>ὁ</span> <span class='ocrx_word' id='word_1_286' title='bbox 2745 2328 2904 2399; x_wconf 82' lang='grc' dir='ltr'>Θεὸς,</span> <span class='ocrx_word' id='word_1_287' title='bbox 2926 2329 3003 2396; x_wconf 79' lang='grc' dir='ltr'><strong>ὡς</strong></span> <span class='ocrx_word' id='word_1_288' title='bbox 3029 2333 3232 2386; x_wconf 86' lang='grc' dir='ltr'>οίκεῑον</span> <span class='ocrx_word' id='word_1_289' title='bbox 3273 2332 3426 2401; x_wconf 81' lang='grc' dir='ltr'>λαὸν,</span> <span class='ocrx_word' id='word_1_290' title='bbox 3459 2331 3707 2405; x_wconf 76' lang='grc' dir='ltr'>Θαῤῥύνων</span> 
     </span>
    </p>
   </div>
   <div class='ocr_carea' id='block_1_42' title="bbox 467 2413 2386 2486">
    <p class='ocr_par' dir='ltr' id='par_1_42' title="bbox 467 2413 2386 2486">
     <span class='ocr_line' id='line_1_42' title="bbox 467 2413 2386 2486; baseline 0.004 -18"><span class='ocrx_word' id='word_1_291' title='bbox 467 2429 662 2469; x_wconf 84' lang='lat' dir='ltr'><strong>eorum</strong></span> <span class='ocrx_word' id='word_1_292' title='bbox 692 2429 944 2485; x_wconf 78' lang='lat' dir='ltr'><strong>regnum,</strong></span> <span class='ocrx_word' id='word_1_293' title='bbox 978 2425 1241 2484; x_wconf 85' lang='lat' dir='ltr'><strong>tanquam</strong></span> <span class='ocrx_word' id='word_1_294' title='bbox 1291 2414 1548 2484; x_wconf 84' lang='lat' dir='ltr'><strong>proprius</strong></span> <span class='ocrx_word' id='word_1_295' title='bbox 1581 2413 1674 2468; x_wconf 92' lang='lat' dir='ltr'><strong>ille</strong></span> <span class='ocrx_word' id='word_1_296' title='bbox 1709 2414 1813 2469; x_wconf 86' lang='lat' dir='ltr'><strong>sibi</strong></span> <span class='ocrx_word' id='word_1_297' title='bbox 1851 2415 1924 2470; x_wconf 93' lang='lat' dir='ltr'><strong>sit</strong></span> <span class='ocrx_word' id='word_1_298' title='bbox 1954 2430 2059 2484; x_wconf 85' lang='lat' dir='ltr'><strong>po-</strong></span> <span class='ocrx_word' id='word_1_299' title='bbox 2160 2420 2386 2486; x_wconf 78' lang='grc' dir='ltr'>αὐτούς.</span> 
     </span>
    </p>
   </div>
   <div class='ocr_carea' id='block_1_43' title="bbox 469 2505 2052 2576">
    <p class='ocr_par' dir='ltr' id='par_1_43' title="bbox 469 2505 2052 2576">
     <span class='ocr_line' id='line_1_43' title="bbox 469 2505 2052 2576; baseline 0.001 -16"><span class='ocrx_word' id='word_1_300' title='bbox 469 2508 634 2576; x_wconf 87' lang='lat' dir='ltr'><strong>pulus</strong></span> <span class='ocrx_word' id='word_1_301' title='bbox 667 2548 682 2572; x_wconf 89' lang='lat'><strong>,</strong></span> <span class='ocrx_word' id='word_1_302' title='bbox 734 2523 799 2561; x_wconf 87' lang='lat' dir='ltr'><strong>ex</strong></span> <span class='ocrx_word' id='word_1_303' title='bbox 848 2521 959 2575; x_wconf 93' lang='lat' dir='ltr'><strong>quo</strong></span> <span class='ocrx_word' id='word_1_304' title='bbox 1015 2505 1282 2575; x_wconf 84' lang='lat' dir='ltr'><strong>majorem</strong></span> <span class='ocrx_word' id='word_1_305' title='bbox 1344 2505 1494 2562; x_wconf 89' lang='lat' dir='ltr'><strong>illius</strong></span> <span class='ocrx_word' id='word_1_306' title='bbox 1553 2505 1722 2560; x_wconf 86' lang='lat' dir='ltr'><strong>etiam</strong></span> <span class='ocrx_word' id='word_1_307' title='bbox 1788 2505 2052 2561; x_wconf 86' lang='lat' dir='ltr'><strong>tlduciam</strong></span> 
     </span>
    </p>
   </div>
   <div class='ocr_carea' id='block_1_44' title="bbox 467 2608 714 2670">
    <p class='ocr_par' dir='ltr' id='par_1_44' title="bbox 467 2608 714 2670">
     <span class='ocr_line' id='line_1_44' title="bbox 467 2608 714 2670; baseline 0.004 -18"><span class='ocrx_word' id='word_1_308' title='bbox 467 2608 714 2670; x_wconf 60' lang='lat' dir='ltr'><strong>prestat.</strong></span> 
     </span>
    </p>
   </div>
   <div class='ocr_carea' id='block_1_45' title="bbox 545 2688 2059 2770">
    <p class='ocr_par' dir='ltr' id='par_1_45' title="bbox 545 2688 2059 2748">
     <span class='ocr_line' id='line_1_45' title="bbox 545 2688 2059 2748; baseline 0.001 -2"><span class='ocrx_word' id='word_1_309' title='bbox 545 2691 710 2746; x_wconf 76' lang='lat' dir='ltr'><strong>Vsus.</strong></span> <span class='ocrx_word' id='word_1_310' title='bbox 746 2691 802 2746; x_wconf 89' lang='lat'><strong>9.</strong></span> <span class='ocrx_word' id='word_1_311' title='bbox 833 2689 1008 2744; x_wconf 73' lang='lat' dir='ltr'><strong>ludas</strong></span> <span class='ocrx_word' id='word_1_312' title='bbox 1061 2689 1175 2744; x_wconf 75' lang='lat' dir='ltr'><strong>Rea:</strong></span> <span class='ocrx_word' id='word_1_313' title='bbox 1214 2707 1382 2745; x_wconf 74' lang='lat' dir='ltr'><strong>meus.</strong></span> <span class='ocrx_word' id='word_1_314' title='bbox 1437 2688 1516 2744; x_wconf 84' lang='lat' dir='ltr'><strong>Ex</strong></span> <span class='ocrx_word' id='word_1_315' title='bbox 1560 2690 1707 2745; x_wconf 89' lang='lat' dir='ltr'><strong>tribu</strong></span> <span class='ocrx_word' id='word_1_316' title='bbox 1766 2689 1903 2745; x_wconf 80' lang='lat' dir='ltr'><strong>Juda</strong></span> <span class='ocrx_word' id='word_1_317' title='bbox 1955 2691 2059 2748; x_wconf 90' lang='lat' dir='ltr'><strong>erit</strong></span> 
     </span>
    </p>
   </div>
   <div class='ocr_carea' id='block_1_46' title="bbox 2193 2688 3707 2770">
    <p class='ocr_par' dir='ltr' id='par_1_46' title="bbox 2247 2692 3707 2770">
     <span class='ocr_line' id='line_1_46' title="bbox 2247 2692 3707 2770; baseline 0.003 -21"><span class='ocrx_word' id='word_1_318' title='bbox 2247 2692 2480 2761; x_wconf 83' lang='grc' dir='ltr'><strong>Ἰούδας</strong></span> <span class='ocrx_word' id='word_1_319' title='bbox 2498 2694 2802 2761; x_wconf 78' lang='grc' dir='ltr'>,βασιλεύς</span> <span class='ocrx_word' id='word_1_320' title='bbox 2823 2712 2962 2765; x_wconf 86' lang='grc' dir='ltr'>μου.</span> <span class='ocrx_word' id='word_1_321' title='bbox 2985 2697 3094 2752; x_wconf 71' lang='grc' dir='ltr'>Καὶ</span> <span class='ocrx_word' id='word_1_322' title='bbox 3113 2697 3222 2753; x_wconf 65' lang='grc' dir='ltr'>ὰπὸ</span> <span class='ocrx_word' id='word_1_323' title='bbox 3245 2698 3346 2770; x_wconf 80' lang='grc' dir='ltr'><strong>τῆς</strong></span> <span class='ocrx_word' id='word_1_324' title='bbox 3374 2697 3546 2754; x_wconf 80' lang='grc' dir='ltr'>Ἰούδα</span> <span class='ocrx_word' id='word_1_325' title='bbox 3568 2699 3707 2769; x_wconf 73' lang='grc' dir='ltr'>φυλῆς</span> 
     </span>
    </p>
   </div>
   <div class='ocr_carea' id='block_1_47' title="bbox 471 2780 1985 2862">
    <p class='ocr_par' dir='ltr' id='par_1_47' title="bbox 471 2780 1985 2854">
     <span class='ocr_line' id='line_1_47' title="bbox 471 2780 1985 2854; baseline 0 -18"><span class='ocrx_word' id='word_1_326' title='bbox 471 2782 589 2838; x_wconf 77' lang='lat' dir='ltr'><strong>Rex</strong></span> <span class='ocrx_word' id='word_1_327' title='bbox 655 2787 854 2852; x_wconf 81' lang='lat' dir='ltr'><strong>pepulo</strong></span> <span class='ocrx_word' id='word_1_328' title='bbox 915 2783 1107 2837; x_wconf 85' lang='lat' dir='ltr'><strong>Israel.</strong></span> <span class='ocrx_word' id='word_1_329' title='bbox 1171 2780 1308 2836; x_wconf 80' lang='lat' dir='ltr'><strong>Nam</strong></span> <span class='ocrx_word' id='word_1_330' title='bbox 1367 2789 1424 2836; x_wconf 86' lang='lat' dir='ltr'><strong>et</strong></span> <span class='ocrx_word' id='word_1_331' title='bbox 1478 2789 1603 2854; x_wconf 86' lang='lat' dir='ltr'><strong>post</strong></span> <span class='ocrx_word' id='word_1_332' title='bbox 1661 2783 1985 2852; x_wconf 64' lang='lat' dir='ltr'><strong>captivitate]</strong></span> 
     </span>
    </p>
   </div>
   <div class='ocr_carea' id='block_1_48' title="bbox 2188 2780 3702 2862">
    <p class='ocr_par' dir='ltr' id='par_1_48' title="bbox 2196 2784 3702 2862">
     <span class='ocr_line' id='line_1_48' title="bbox 2196 2784 3702 2862; baseline 0.007 -26"><span class='ocrx_word' id='word_1_333' title='bbox 2196 2801 2316 2838; x_wconf 90' lang='grc' dir='ltr'>σται</span> <span class='ocrx_word' id='word_1_334' title='bbox 2350 2788 2378 2840; x_wconf 85' lang='grc' dir='ltr'><strong>ό</strong></span> <span class='ocrx_word' id='word_1_335' title='bbox 2406 2784 2662 2856; x_wconf 80' lang='grc' dir='ltr'>βασιλεὺς</span> <span class='ocrx_word' id='word_1_336' title='bbox 2691 2787 2896 2843; x_wconf 84' lang='grc' dir='ltr'>αὐτῶν.</span> <span class='ocrx_word' id='word_1_337' title='bbox 2931 2784 2991 2843; x_wconf 81' lang='lat'><strong>&#39;0</strong></span> <span class='ocrx_word' id='word_1_338' title='bbox 3026 2790 3336 2861; x_wconf 82' lang='grc' dir='ltr'>Ζοροϐάϐελ</span> <span class='ocrx_word' id='word_1_339' title='bbox 3359 2792 3468 2862; x_wconf 79' lang='grc' dir='ltr'>γὰρ</span> <span class='ocrx_word' id='word_1_340' title='bbox 3496 2792 3602 2846; x_wconf 73' lang='grc' dir='ltr'><strong>ἀπὸ</strong></span> <span class='ocrx_word' id='word_1_341' title='bbox 3623 2791 3702 2859; x_wconf 82' lang='grc' dir='ltr'>τῆς</span> 
     </span>
    </p>
   </div>
   <div class='ocr_carea' id='block_1_49' title="bbox 471 2873 1985 2953">
    <p class='ocr_par' dir='ltr' id='par_1_49' title="bbox 471 2873 1985 2948">
     <span class='ocr_line' id='line_1_49' title="bbox 471 2873 1985 2948; baseline -0.003 -16"><span class='ocrx_word' id='word_1_342' title='bbox 471 2878 779 2932; x_wconf 84' lang='lat' dir='ltr'><strong>Zorobabel</strong></span> <span class='ocrx_word' id='word_1_343' title='bbox 809 2879 898 2948; x_wconf 88' lang='lat' dir='ltr'><strong>qui</strong></span> <span class='ocrx_word' id='word_1_344' title='bbox 932 2878 999 2932; x_wconf 90' lang='lat' dir='ltr'><strong>de</strong></span> <span class='ocrx_word' id='word_1_345' title='bbox 1035 2877 1183 2931; x_wconf 92' lang='lat' dir='ltr'><strong>tribu</strong></span> <span class='ocrx_word' id='word_1_346' title='bbox 1223 2873 1366 2930; x_wconf 83' lang='lat' dir='ltr'><strong>Juda</strong></span> <span class='ocrx_word' id='word_1_347' title='bbox 1394 2883 1537 2942; x_wconf 89' lang='lat' dir='ltr'><strong>erat,</strong></span> <span class='ocrx_word' id='word_1_348' title='bbox 1577 2873 1688 2930; x_wconf 69' lang='lat' dir='ltr'><strong>ltex</strong></span> <span class='ocrx_word' id='word_1_349' title='bbox 1717 2875 1985 2930; x_wconf 81' lang='lat' dir='ltr'><strong>constitui</strong></span> 
     </span>
    </p>
   </div>
   <div class='ocr_carea' id='block_1_50' title="bbox 2195 2873 3709 2953">
    <p class='ocr_par' dir='ltr' id='par_1_50' title="bbox 2195 2877 3709 2953">
     <span class='ocr_line' id='line_1_50' title="bbox 2195 2877 3709 2953; baseline 0.007 -26"><span class='ocrx_word' id='word_1_350' title='bbox 2195 2877 2546 2948; x_wconf 64' lang='lat' dir='ltr'><strong>,lxpaimaiav</strong></span> <span class='ocrx_word' id='word_1_351' title='bbox 2594 2878 2947 2933; x_wconf 78' lang='grc' dir='ltr'>ἐϐασίλευσεν</span> <span class='ocrx_word' id='word_1_352' title='bbox 2997 2882 3180 2936; x_wconf 79' lang='grc' dir='ltr'>αὐτῶν</span> <span class='ocrx_word' id='word_1_353' title='bbox 3231 2884 3297 2937; x_wconf 74' lang='grc' dir='ltr'>ὲκ</span> <span class='ocrx_word' id='word_1_354' title='bbox 3336 2884 3434 2953; x_wconf 81' lang='grc' dir='ltr'>τῆς</span> <span class='ocrx_word' id='word_1_355' title='bbox 3485 2883 3709 2953; x_wconf 72' lang='grc' dir='ltr'><strong>τοιαύτης</strong></span> 
     </span>
    </p>
   </div>
   <div class='ocr_carea' id='block_1_51' title="bbox 415 2965 1929 3048">
    <p class='ocr_par' dir='ltr' id='par_1_51' title="bbox 415 2965 1929 3038">
     <span class='ocr_line' id='line_1_51' title="bbox 415 2965 1929 3038; baseline -0.006 -12"><span class='ocrx_word' id='word_1_356' title='bbox 415 2965 419 2969; x_wconf 67' lang='grc'><em>’</em></span> <span class='ocrx_word' id='word_1_357' title='bbox 471 2983 575 3028; x_wconf 87' lang='lat' dir='ltr'><strong>est.</strong></span> <span class='ocrx_word' id='word_1_358' title='bbox 612 2971 723 3025; x_wconf 88' lang='lat' dir='ltr'><strong>lloc</strong></span> <span class='ocrx_word' id='word_1_359' title='bbox 754 2972 920 3024; x_wconf 85' lang='lat' dir='ltr'><strong>etiam</strong></span> <span class='ocrx_word' id='word_1_360' title='bbox 947 2971 1002 3024; x_wconf 84' lang='lat' dir='ltr'><strong>in</strong></span> <span class='ocrx_word' id='word_1_361' title='bbox 1042 2971 1186 3034; x_wconf 91' lang='lat' dir='ltr'><strong>loco,</strong></span> <span class='ocrx_word' id='word_1_362' title='bbox 1220 2983 1520 3038; x_wconf 86' lang='lat' dir='ltr'><strong>pronomen</strong></span> <span class='ocrx_word' id='word_1_363' title='bbox 1556 2984 1570 3021; x_wconf 90' lang='lat'><strong>:</strong></span> <span class='ocrx_word' id='word_1_364' title='bbox 1611 2985 1779 3035; x_wconf 81' lang='lat' dir='ltr'><strong>meus,</strong></span> <span class='ocrx_word' id='word_1_365' title='bbox 1829 2981 1929 3037; x_wconf 74' lang='lat' dir='ltr'><strong>reg:</strong></span> 
     </span>
    </p>
   </div>
   <div class='ocr_carea' id='block_1_52' title="bbox 2195 2965 3709 3048">
    <p class='ocr_par' dir='ltr' id='par_1_52' title="bbox 2195 2971 3709 3048">
     <span class='ocr_line' id='line_1_52' title="bbox 2195 2971 3709 3048; baseline 0.007 -28"><span class='ocrx_word' id='word_1_366' title='bbox 2195 2971 2336 3044; x_wconf 69' lang='grc' dir='ltr'>»υλῆς</span> <span class='ocrx_word' id='word_1_367' title='bbox 2360 2973 2762 3044; x_wconf 84' lang='grc' dir='ltr'><strong>καταγόμενος.</strong></span> <span class='ocrx_word' id='word_1_368' title='bbox 2815 2975 3112 3031; x_wconf 79' lang='grc' dir='ltr'>Κάνταῦθα</span> <span class='ocrx_word' id='word_1_369' title='bbox 3133 2976 3189 3031; x_wconf 72' lang='grc' dir='ltr'>δὲ</span> <span class='ocrx_word' id='word_1_370' title='bbox 3208 2978 3270 3032; x_wconf 84' lang='grc' dir='ltr'><strong>τὺ</strong></span> <span class='ocrx_word' id='word_1_371' title='bbox 3297 2971 3442 3048; x_wconf 68' lang='grc' dir='ltr'>μού,</span> <span class='ocrx_word' id='word_1_372' title='bbox 3469 2979 3709 3033; x_wconf 72' lang='lat' dir='ltr'><strong>alitst</strong></span> 
     </span>
    </p>
   </div>
   <div class='ocr_carea' id='block_1_53' title="bbox 476 3057 1990 3137">
    <p class='ocr_par' dir='ltr' id='par_1_53' title="bbox 476 3057 1990 3134">
     <span class='ocr_line' id='line_1_53' title="bbox 476 3057 1990 3134; baseline -0.004 -15"><span class='ocrx_word' id='word_1_373' title='bbox 476 3065 612 3120; x_wconf 88' lang='lat' dir='ltr'><strong>illud</strong></span> <span class='ocrx_word' id='word_1_374' title='bbox 702 3064 988 3134; x_wconf 82' lang='lat' dir='ltr'><strong>proprium</strong></span> <span class='ocrx_word' id='word_1_375' title='bbox 1056 3062 1464 3132; x_wconf 85' lang='lat' dir='ltr'><strong>quodammodo</strong></span> <span class='ocrx_word' id='word_1_376' title='bbox 1530 3062 1708 3132; x_wconf 86' lang='lat' dir='ltr'><strong>ipsius</strong></span> <span class='ocrx_word' id='word_1_377' title='bbox 1774 3057 1867 3115; x_wconf 88' lang='lat' dir='ltr'><strong>Dei</strong></span> <span class='ocrx_word' id='word_1_378' title='bbox 1933 3075 1990 3115; x_wconf 90' lang='lat' dir='ltr'><strong>es</strong></span> 
     </span>
    </p>
   </div>
   <div class='ocr_carea' id='block_1_54' title="bbox 1659 3057 3173 3137">
    <p class='ocr_par' dir='ltr' id='par_1_54' title="bbox 1659 3057 3173 3137">
     <span class='ocr_line' id='line_1_54' title="bbox 1659 3057 3173 3137; baseline 0.005 -22"><span class='ocrx_word' id='word_1_379' title='bbox 1659 3075 1708 3115; x_wconf 84' lang='lat' dir='ltr'><strong>ts</strong></span> <span class='ocrx_word' id='word_1_380' title='bbox 1774 3057 1867 3115; x_wconf 87' lang='lat' dir='ltr'><strong>Dei</strong></span> <span class='ocrx_word' id='word_1_381' title='bbox 1933 3073 2058 3115; x_wconf 87' lang='lat' dir='ltr'><strong>esse</strong></span> <span class='ocrx_word' id='word_1_382' title='bbox 2164 3063 2425 3134; x_wconf 74' lang='grc' dir='ltr'>ἐμφαίνει</span> <span class='ocrx_word' id='word_1_383' title='bbox 2457 3064 2556 3134; x_wconf 84' lang='grc' dir='ltr'>τῆς</span> <span class='ocrx_word' id='word_1_384' title='bbox 2577 3064 2840 3137; x_wconf 81' lang='grc' dir='ltr'>τοιαύτης</span> <span class='ocrx_word' id='word_1_385' title='bbox 2871 3066 3173 3136; x_wconf 77' lang='grc' dir='ltr'>βασιλείας.</span> 
     </span>
    </p>
   </div>
   <div class='ocr_carea' id='block_1_55' title="bbox 471 3159 737 3214">
    <p class='ocr_par' dir='ltr' id='par_1_55' title="bbox 471 3159 737 3214">
     <span class='ocr_line' id='line_1_55' title="bbox 471 3159 737 3214; baseline -0.008 0"><span class='ocrx_word' id='word_1_386' title='bbox 471 3159 737 3214; x_wconf 77' lang='lat' dir='ltr'><strong>ostendit.</strong></span> 
     </span>
    </p>
   </div>
   <div class='ocr_carea' id='block_1_56' title="bbox 548 3189 2062 3320">
    <p class='ocr_par' dir='ltr' id='par_1_56' title="bbox 548 3245 2058 3320">
     <span class='ocr_line' id='line_1_56' title="bbox 548 3245 2058 3320; baseline -0.001 -16"><span class='ocrx_word' id='word_1_387' title='bbox 548 3251 704 3304; x_wconf 79' lang='lat' dir='ltr'><strong>Moab</strong></span> <span class='ocrx_word' id='word_1_388' title='bbox 745 3250 882 3304; x_wconf 75' lang='lat' dir='ltr'><strong>lebes</strong></span> <span class='ocrx_word' id='word_1_389' title='bbox 920 3251 1030 3320; x_wconf 75' lang='lat' dir='ltr'><strong>spei</strong></span> <span class='ocrx_word' id='word_1_390' title='bbox 1077 3265 1226 3303; x_wconf 64' lang='lat' dir='ltr'><strong>meae.</strong></span> <span class='ocrx_word' id='word_1_391' title='bbox 1267 3247 1442 3303; x_wconf 90' lang='lat' dir='ltr'><strong>Lebes</strong></span> <span class='ocrx_word' id='word_1_392' title='bbox 1477 3263 1652 3317; x_wconf 79' lang='lat' dir='ltr'><strong>genus</strong></span> <span class='ocrx_word' id='word_1_393' title='bbox 1682 3256 1769 3303; x_wconf 88' lang='lat' dir='ltr'><strong>est</strong></span> <span class='ocrx_word' id='word_1_394' title='bbox 1808 3245 1957 3303; x_wconf 88' lang='lat' dir='ltr'><strong>vasis</strong></span> <span class='ocrx_word' id='word_1_395' title='bbox 1989 3245 2058 3302; x_wconf 89' lang='lat' dir='ltr'><strong>ad</strong></span> 
     </span>
    </p>
   </div>
   <div class='ocr_carea' id='block_1_57' title="bbox 2193 3189 3707 3320">
    <p class='ocr_par' dir='ltr' id='par_1_57' title="bbox 2237 3244 3707 3319">
     <span class='ocr_line' id='line_1_57' title="bbox 2237 3244 3707 3319; baseline 0.001 -20"><span class='ocrx_word' id='word_1_396' title='bbox 2237 3245 2421 3300; x_wconf 80' lang='grc' dir='ltr'><strong>Μωὰό</strong></span> <span class='ocrx_word' id='word_1_397' title='bbox 2439 3244 2625 3312; x_wconf 81' lang='grc' dir='ltr'>λέϐης</span> <span class='ocrx_word' id='word_1_398' title='bbox 2653 3245 2763 3316; x_wconf 85' lang='grc' dir='ltr'>τῆς</span> <span class='ocrx_word' id='word_1_399' title='bbox 2791 3246 3039 3314; x_wconf 78' lang='grc' dir='ltr'>ἐλπίδος</span> <span class='ocrx_word' id='word_1_400' title='bbox 3057 3265 3200 3317; x_wconf 80' lang='grc' dir='ltr'>μου.</span> <span class='ocrx_word' id='word_1_401' title='bbox 3238 3247 3594 3319; x_wconf 80' lang='grc' dir='ltr'>’Υπηρετικόν</span> <span class='ocrx_word' id='word_1_402' title='bbox 3620 3251 3707 3303; x_wconf 79' lang='grc' dir='ltr'>ἐστι</span> 
     </span>
    </p>
   </div>
   <div class='ocr_carea' id='block_1_58' title="bbox 473 3336 1987 3414">
    <p class='ocr_par' dir='ltr' id='par_1_58' title="bbox 473 3339 1987 3414">
     <span class='ocr_line' id='line_1_58' title="bbox 473 3339 1987 3414; baseline -0.002 -15"><span class='ocrx_word' id='word_1_403' title='bbox 473 3344 780 3399; x_wconf 86' lang='lat' dir='ltr'><strong>ministeria</strong></span> <span class='ocrx_word' id='word_1_404' title='bbox 817 3361 831 3396; x_wconf 89' lang='lat'><strong>:</strong></span> <span class='ocrx_word' id='word_1_405' title='bbox 861 3359 958 3414; x_wconf 90' lang='lat' dir='ltr'><strong>per</strong></span> <span class='ocrx_word' id='word_1_406' title='bbox 989 3344 1135 3413; x_wconf 85' lang='lat' dir='ltr'><strong>quod</strong></span> <span class='ocrx_word' id='word_1_407' title='bbox 1169 3342 1412 3396; x_wconf 88' lang='lat' dir='ltr'><strong>indicare</strong></span> <span class='ocrx_word' id='word_1_408' title='bbox 1442 3342 1682 3408; x_wconf 91' lang='lat' dir='ltr'><strong>videtur,</strong></span> <span class='ocrx_word' id='word_1_409' title='bbox 1729 3343 1877 3410; x_wconf 87' lang='lat' dir='ltr'><strong>quod</strong></span> <span class='ocrx_word' id='word_1_410' title='bbox 1905 3339 1987 3396; x_wconf 85' lang='lat' dir='ltr'><strong>M0</strong></span> 
     </span>
    </p>
   </div>
   <div class='ocr_carea' id='block_1_59' title="bbox 2195 3336 3709 3414">
    <p class='ocr_par' dir='ltr' id='par_1_59' title="bbox 2195 3336 3709 3407">
     <span class='ocr_line' id='line_1_59' title="bbox 2195 3336 3709 3407; baseline 0.001 -15"><span class='ocrx_word' id='word_1_411' title='bbox 2195 3337 2359 3402; x_wconf 65' lang='grc' dir='ltr'>’κεῦος</span> <span class='ocrx_word' id='word_1_412' title='bbox 2408 3338 2438 3392; x_wconf 85' lang='grc' dir='ltr'><strong>ό</strong></span> <span class='ocrx_word' id='word_1_413' title='bbox 2485 3336 2651 3407; x_wconf 81' lang='grc' dir='ltr'>λέϐης</span> <span class='ocrx_word' id='word_1_414' title='bbox 2685 3353 2700 3369; x_wconf 89' lang='grc'><strong>·</strong></span> <span class='ocrx_word' id='word_1_415' title='bbox 2743 3339 3041 3394; x_wconf 68' lang='grc' dir='ltr'>αἰνίττεται</span> <span class='ocrx_word' id='word_1_416' title='bbox 3078 3339 3157 3405; x_wconf 85' lang='grc' dir='ltr'>δὲ,</span> <span class='ocrx_word' id='word_1_417' title='bbox 3204 3340 3289 3394; x_wconf 85' lang='grc' dir='ltr'>ὅτι</span> <span class='ocrx_word' id='word_1_418' title='bbox 3332 3341 3395 3394; x_wconf 84' lang='grc' dir='ltr'>τὸ</span> <span class='ocrx_word' id='word_1_419' title='bbox 3442 3342 3709 3396; x_wconf 80' lang='grc' dir='ltr'>Μωαϐιτῶν</span> 
     </span>
    </p>
   </div>
   <div class='ocr_carea' id='block_1_60' title="bbox 476 3430 1990 3506">
    <p class='ocr_par' dir='ltr' id='par_1_60' title="bbox 476 3433 1990 3506">
     <span class='ocr_line' id='line_1_60' title="bbox 476 3433 1990 3506; baseline -0.002 -15"><span class='ocrx_word' id='word_1_420' title='bbox 476 3437 714 3491; x_wconf 75' lang='lat' dir='ltr'><strong>biturum</strong></span> <span class='ocrx_word' id='word_1_421' title='bbox 755 3436 990 3506; x_wconf 87' lang='lat' dir='ltr'><strong>populus</strong></span> <span class='ocrx_word' id='word_1_422' title='bbox 1036 3433 1142 3489; x_wconf 90' lang='lat' dir='ltr'><strong>sibi</strong></span> <span class='ocrx_word' id='word_1_423' title='bbox 1190 3433 1570 3504; x_wconf 84' lang='lat' dir='ltr'><strong>subjiciendus</strong></span> <span class='ocrx_word' id='word_1_424' title='bbox 1599 3442 1768 3498; x_wconf 86' lang='lat' dir='ltr'><strong>esset,</strong></span> <span class='ocrx_word' id='word_1_425' title='bbox 1803 3443 1856 3489; x_wconf 89' lang='lat' dir='ltr'><strong>et</strong></span> <span class='ocrx_word' id='word_1_426' title='bbox 1904 3435 1990 3488; x_wconf 75' lang='lat' dir='ltr'><strong>mil</strong></span> 
     </span>
    </p>
   </div>
   <div class='ocr_carea' id='block_1_61' title="bbox 2191 3430 3705 3506">
    <p class='ocr_par' dir='ltr' id='par_1_61' title="bbox 2191 3430 3705 3504">
     <span class='ocr_line' id='line_1_61' title="bbox 2191 3430 3705 3504; baseline 0.001 -19"><span class='ocrx_word' id='word_1_427' title='bbox 2191 3431 2320 3495; x_wconf 57' lang='grc' dir='ltr'>ηθνος</span> <span class='ocrx_word' id='word_1_428' title='bbox 2355 3430 2768 3502; x_wconf 82' lang='grc' dir='ltr'>ὑποταγήσεται</span> <span class='ocrx_word' id='word_1_429' title='bbox 2821 3432 3030 3497; x_wconf 82' lang='grc' dir='ltr'>αὐτοῖς,</span> <span class='ocrx_word' id='word_1_430' title='bbox 3072 3434 3168 3487; x_wconf 80' lang='grc' dir='ltr'>καὶ</span> <span class='ocrx_word' id='word_1_431' title='bbox 3211 3433 3526 3504; x_wconf 80' lang='grc' dir='ltr'>ὑπηρετοῦν</span> <span class='ocrx_word' id='word_1_432' title='bbox 3564 3436 3705 3489; x_wconf 70' lang='grc' dir='ltr'>ἔσται.</span> 
     </span>
    </p>
   </div>
   <div class='ocr_carea' id='block_1_62' title="bbox 474 3522 1988 3598">
    <p class='ocr_par' dir='ltr' id='par_1_62' title="bbox 474 3525 1988 3597">
     <span class='ocr_line' id='line_1_62' title="bbox 474 3525 1988 3597; baseline -0.001 -14"><span class='ocrx_word' id='word_1_433' title='bbox 474 3537 776 3583; x_wconf 79' lang='lat' dir='ltr'><strong>straturus.</strong></span> <span class='ocrx_word' id='word_1_434' title='bbox 809 3525 931 3596; x_wconf 81' lang='lat' dir='ltr'><strong>Spei</strong></span> <span class='ocrx_word' id='word_1_435' title='bbox 966 3542 1112 3594; x_wconf 75' lang='lat' dir='ltr'><strong>meae,</strong></span> <span class='ocrx_word' id='word_1_436' title='bbox 1144 3527 1247 3581; x_wconf 87' lang='lat' dir='ltr'><strong>hoc</strong></span> <span class='ocrx_word' id='word_1_437' title='bbox 1272 3534 1380 3594; x_wconf 85' lang='lat' dir='ltr'><strong>est,</strong></span> <span class='ocrx_word' id='word_1_438' title='bbox 1411 3525 1831 3580; x_wconf 89' lang='lat' dir='ltr'><strong>ministraturus</strong></span> <span class='ocrx_word' id='word_1_439' title='bbox 1859 3525 1930 3582; x_wconf 90' lang='lat' dir='ltr'><strong>iis</strong></span> <span class='ocrx_word' id='word_1_440' title='bbox 1965 3543 1988 3597; x_wconf 87' lang='lat' dir='ltr'><strong>q</strong></span> 
     </span>
    </p>
   </div>
   <div class='ocr_carea' id='block_1_63' title="bbox 2194 3522 3708 3598">
    <p class='ocr_par' dir='ltr' id='par_1_63' title="bbox 2194 3522 3708 3593">
     <span class='ocr_line' id='line_1_63' title="bbox 2194 3522 3708 3593; baseline 0.001 -15"><span class='ocrx_word' id='word_1_441' title='bbox 2194 3523 2286 3592; x_wconf 68' lang='grc' dir='ltr'><strong>Γ’ἦς</strong></span> <span class='ocrx_word' id='word_1_442' title='bbox 2328 3522 2583 3590; x_wconf 75' lang='grc' dir='ltr'>ἐλπίδος</span> <span class='ocrx_word' id='word_1_443' title='bbox 2611 3541 2756 3593; x_wconf 82' lang='grc' dir='ltr'>μου,</span> <span class='ocrx_word' id='word_1_444' title='bbox 2805 3525 2929 3578; x_wconf 77' lang='grc' dir='ltr'>ἀντὶ</span> <span class='ocrx_word' id='word_1_445' title='bbox 2965 3523 3088 3590; x_wconf 81' lang='grc' dir='ltr'>τοῦ,</span> <span class='ocrx_word' id='word_1_446' title='bbox 3134 3524 3246 3578; x_wconf 84' lang='grc' dir='ltr'>τῶν</span> <span class='ocrx_word' id='word_1_447' title='bbox 3281 3526 3604 3591; x_wconf 75' lang='grc' dir='ltr'>ἐλπιζόντων</span> <span class='ocrx_word' id='word_1_448' title='bbox 3647 3527 3708 3590; x_wconf 83' lang='grc' dir='ltr'><strong>είς</strong></span> 
     </span>
    </p>
   </div>
   <div class='ocr_carea' id='block_1_64' title="bbox 473 3610 1987 3688">
    <p class='ocr_par' dir='ltr' id='par_1_64' title="bbox 473 3617 1987 3688">
     <span class='ocr_line' id='line_1_64' title="bbox 473 3617 1987 3688; baseline -0.001 -14"><span class='ocrx_word' id='word_1_449' title='bbox 473 3619 529 3674; x_wconf 91' lang='lat' dir='ltr'><strong>in</strong></span> <span class='ocrx_word' id='word_1_450' title='bbox 579 3638 663 3674; x_wconf 89' lang='lat' dir='ltr'><strong>me</strong></span> <span class='ocrx_word' id='word_1_451' title='bbox 715 3620 1086 3688; x_wconf 84' lang='lat' dir='ltr'><strong>speraverint,</strong></span> <span class='ocrx_word' id='word_1_452' title='bbox 1135 3617 1220 3672; x_wconf 86' lang='lat' dir='ltr'><strong>vel</strong></span> <span class='ocrx_word' id='word_1_453' title='bbox 1268 3617 1336 3672; x_wconf 89' lang='lat' dir='ltr'><strong>iis</strong></span> <span class='ocrx_word' id='word_1_454' title='bbox 1384 3617 1437 3670; x_wconf 92' lang='lat' dir='ltr'><strong>in</strong></span> <span class='ocrx_word' id='word_1_455' title='bbox 1476 3617 1677 3687; x_wconf 87' lang='lat' dir='ltr'><strong>quibus</strong></span> <span class='ocrx_word' id='word_1_456' title='bbox 1725 3631 1829 3688; x_wconf 72' lang='lat' dir='ltr'><strong>ego</strong></span> <span class='ocrx_word' id='word_1_457' title='bbox 1874 3633 1987 3688; x_wconf 82' lang='lat' dir='ltr'><strong>spei</strong></span> 
     </span>
    </p>
   </div>
   <div class='ocr_carea' id='block_1_65' title="bbox 1864 3610 3378 3688">
    <p class='ocr_par' dir='ltr' id='par_1_65' title="bbox 1874 3610 3378 3688">
     <span class='ocr_line' id='line_1_65' title="bbox 1874 3610 3378 3688; baseline 0.001 -15"><span class='ocrx_word' id='word_1_458' title='bbox 1874 3633 2056 3688; x_wconf 86' lang='lat' dir='ltr'><strong>spero,</strong></span> <span class='ocrx_word' id='word_1_459' title='bbox 2164 3615 2270 3687; x_wconf 73' lang='grc' dir='ltr'><strong>ἐμὲ</strong></span> <span class='ocrx_word' id='word_1_460' title='bbox 2297 3633 2312 3649; x_wconf 77' lang='grc'><em>’</em></span> <span class='ocrx_word' id='word_1_461' title='bbox 2345 3617 2379 3688; x_wconf 74' lang='grc' dir='ltr'>ἢ</span> <span class='ocrx_word' id='word_1_462' title='bbox 2403 3619 2462 3670; x_wconf 76' lang='grc' dir='ltr'>ὲν</span> <span class='ocrx_word' id='word_1_463' title='bbox 2491 3610 2573 3682; x_wconf 76' lang='grc' dir='ltr'>οἷς</span> <span class='ocrx_word' id='word_1_464' title='bbox 2602 3616 2834 3685; x_wconf 77' lang='grc' dir='ltr'>ἐλπίζω,</span> <span class='ocrx_word' id='word_1_465' title='bbox 2868 3617 2951 3671; x_wconf 84' lang='grc' dir='ltr'>ὅτι</span> <span class='ocrx_word' id='word_1_466' title='bbox 2980 3618 3105 3688; x_wconf 70' lang='grc' dir='ltr'>ἐμοὶ</span> <span class='ocrx_word' id='word_1_467' title='bbox 3137 3618 3378 3674; x_wconf 75' lang='grc' dir='ltr'>ἔσονται.</span> 
     </span>
    </p>
   </div>
   <div class='ocr_carea' id='block_1_66' title="bbox 481 3712 1152 3782">
    <p class='ocr_par' dir='ltr' id='par_1_66' title="bbox 481 3712 1152 3782">
     <span class='ocr_line' id='line_1_66' title="bbox 481 3712 1152 3782; baseline -0.001 -16"><span class='ocrx_word' id='word_1_468' title='bbox 481 3713 628 3782; x_wconf 89' lang='lat' dir='ltr'><strong>quod</strong></span> <span class='ocrx_word' id='word_1_469' title='bbox 662 3715 766 3767; x_wconf 90' lang='lat' dir='ltr'><strong>mei</strong></span> <span class='ocrx_word' id='word_1_470' title='bbox 802 3712 974 3766; x_wconf 82' lang='lat' dir='ltr'><strong>futuri</strong></span> <span class='ocrx_word' id='word_1_471' title='bbox 1000 3720 1152 3765; x_wconf 90' lang='lat' dir='ltr'><strong>sunt.</strong></span> 
     </span>
    </p>
   </div>
   <div class='ocr_carea' id='block_1_67' title="bbox 548 3795 2062 3871">
    <p class='ocr_par' dir='ltr' id='par_1_67' title="bbox 548 3804 2056 3864">
     <span class='ocr_line' id='line_1_67' title="bbox 548 3804 2056 3864; baseline 0.003 -5"><span class='ocrx_word' id='word_1_472' title='bbox 548 3806 610 3860; x_wconf 84' lang='lat' dir='ltr'><strong>In</strong></span> <span class='ocrx_word' id='word_1_473' title='bbox 685 3804 987 3860; x_wconf 72' lang='lat' dir='ltr'><strong>ldumtzam</strong></span> <span class='ocrx_word' id='word_1_474' title='bbox 1044 3805 1328 3858; x_wconf 70' lang='lat' dir='ltr'><strong>extendam</strong></span> <span class='ocrx_word' id='word_1_475' title='bbox 1385 3805 1806 3860; x_wconf 84' lang='lat' dir='ltr'><strong>calceamentum</strong></span> <span class='ocrx_word' id='word_1_476' title='bbox 1862 3823 2056 3864; x_wconf 86' lang='lat' dir='ltr'><strong>meum.</strong></span> 
     </span>
    </p>
   </div>
   <div class='ocr_carea' id='block_1_68' title="bbox 2191 3795 3705 3871">
    <p class='ocr_par' dir='ltr' id='par_1_68' title="bbox 2245 3795 3705 3871">
     <span class='ocr_line' id='line_1_68' title="bbox 2245 3795 3705 3871; baseline 0.001 -21"><span class='ocrx_word' id='word_1_477' title='bbox 2245 3797 2371 3851; x_wconf 78' lang='grc' dir='ltr'>Ἐπί</span> <span class='ocrx_word' id='word_1_478' title='bbox 2397 3795 2513 3866; x_wconf 78' lang='grc' dir='ltr'>τὴν</span> <span class='ocrx_word' id='word_1_479' title='bbox 2549 3797 2898 3866; x_wconf 80' lang='grc' dir='ltr'>Ἰδουμαίαν</span> <span class='ocrx_word' id='word_1_480' title='bbox 2935 3796 3161 3852; x_wconf 79' lang='grc' dir='ltr'>ἐκτενῶ</span> <span class='ocrx_word' id='word_1_481' title='bbox 3188 3798 3256 3853; x_wconf 83' lang='grc' dir='ltr'>τὸ</span> <span class='ocrx_word' id='word_1_482' title='bbox 3288 3799 3568 3871; x_wconf 67' lang='grc' dir='ltr'>ὑπόδημὰ</span> <span class='ocrx_word' id='word_1_483' title='bbox 3596 3816 3705 3869; x_wconf 82' lang='grc' dir='ltr'>μου.</span> 
     </span>
    </p>
   </div>
   <div class='ocr_carea' id='block_1_69' title="bbox 476 3890 1990 3971">
    <p class='ocr_par' dir='ltr' id='par_1_69' title="bbox 476 3897 1982 3971">
     <span class='ocr_line' id='line_1_69' title="bbox 476 3897 1982 3971; baseline 0.003 -20"><span class='ocrx_word' id='word_1_484' title='bbox 476 3899 579 3953; x_wconf 81' lang='lat' dir='ltr'><strong>Per</strong></span> <span class='ocrx_word' id='word_1_485' title='bbox 633 3902 1070 3953; x_wconf 80' lang='lat' dir='ltr'><strong>calceanientum</strong></span> <span class='ocrx_word' id='word_1_486' title='bbox 1126 3898 1231 3952; x_wconf 88' lang='lat' dir='ltr'><strong>iter</strong></span> <span class='ocrx_word' id='word_1_487' title='bbox 1287 3898 1561 3969; x_wconf 79' lang='lat' dir='ltr'><strong>intelligit.</strong></span> <span class='ocrx_word' id='word_1_488' title='bbox 1605 3897 1800 3964; x_wconf 80' lang='lat' dir='ltr'><strong>Hanc,</strong></span> <span class='ocrx_word' id='word_1_489' title='bbox 1850 3900 1982 3971; x_wconf 88' lang='lat' dir='ltr'><strong>inqu</strong></span> 
     </span>
    </p>
   </div>
   <div class='ocr_carea' id='block_1_70' title="bbox 2195 3890 3709 3971">
    <p class='ocr_par' dir='ltr' id='par_1_70' title="bbox 2197 3890 3709 3964">
     <span class='ocr_line' id='line_1_70' title="bbox 2197 3890 3709 3964; baseline -0.003 -18"><span class='ocrx_word' id='word_1_490' title='bbox 2197 3890 2467 3962; x_wconf 86' lang='grc' dir='ltr'>Υπόδημα</span> <span class='ocrx_word' id='word_1_491' title='bbox 2492 3892 2593 3962; x_wconf 76' lang='grc' dir='ltr'>τὴν</span> <span class='ocrx_word' id='word_1_492' title='bbox 2639 3893 2868 3964; x_wconf 81' lang='grc' dir='ltr'>πορείαν</span> <span class='ocrx_word' id='word_1_493' title='bbox 2913 3892 3084 3961; x_wconf 81' lang='grc' dir='ltr'>λέγει,</span> <span class='ocrx_word' id='word_1_494' title='bbox 3115 3894 3366 3947; x_wconf 75' lang='grc' dir='ltr'>τουτέστι</span> <span class='ocrx_word' id='word_1_495' title='bbox 3413 3896 3512 3948; x_wconf 82' lang='grc' dir='ltr'>καὶ</span> <span class='ocrx_word' id='word_1_496' title='bbox 3542 3895 3709 3964; x_wconf 80' lang='grc' dir='ltr'>ταύτην</span> 
     </span>
    </p>
   </div>
   <div class='ocr_carea' id='block_1_71' title="bbox 475 3983 1989 4059">
    <p class='ocr_par' dir='ltr' id='par_1_71' title="bbox 475 3987 1957 4058">
     <span class='ocr_line' id='line_1_71' title="bbox 475 3987 1957 4058; baseline 0.004 -18"><span class='ocrx_word' id='word_1_497' title='bbox 475 3987 769 4042; x_wconf 69' lang='grc' dir='ltr'>Ιόιιιιιεεαιιι</span> <span class='ocrx_word' id='word_1_498' title='bbox 832 3989 1036 4058; x_wconf 91' lang='lat' dir='ltr'><strong>popqu</strong></span> <span class='ocrx_word' id='word_1_499' title='bbox 1083 4001 1205 4040; x_wconf 86' lang='lat' dir='ltr'><strong>meo</strong></span> <span class='ocrx_word' id='word_1_500' title='bbox 1239 3989 1445 4056; x_wconf 83' lang='lat' dir='ltr'><strong>pariter</strong></span> <span class='ocrx_word' id='word_1_501' title='bbox 1477 3988 1795 4058; x_wconf 81' lang='lat' dir='ltr'><strong>subjiciam,</strong></span> <span class='ocrx_word' id='word_1_502' title='bbox 1830 4006 1957 4046; x_wconf 90' lang='lat' dir='ltr'><strong>cum</strong></span> 
     </span>
    </p>
   </div>
   <div class='ocr_carea' id='block_1_72' title="bbox 1957 3983 3471 4059">
    <p class='ocr_par' dir='ltr' id='par_1_72' title="bbox 1989 3983 3471 4059">
     <span class='ocr_line' id='line_1_72' title="bbox 1989 3983 3471 4059; baseline 0.003 -22"><span class='ocrx_word' id='word_1_503' title='bbox 1989 4004 2056 4046; x_wconf 82' lang='lat' dir='ltr'><strong>eo</strong></span> <span class='ocrx_word' id='word_1_504' title='bbox 2163 3985 2420 4053; x_wconf 79' lang='grc' dir='ltr'>ὑποτὰξω</span> <span class='ocrx_word' id='word_1_505' title='bbox 2447 3983 2567 4056; x_wconf 86' lang='grc' dir='ltr'>λαῷ</span> <span class='ocrx_word' id='word_1_506' title='bbox 2597 4002 2726 4056; x_wconf 87' lang='grc' dir='ltr'>μου,</span> <span class='ocrx_word' id='word_1_507' title='bbox 2756 3986 3266 4056; x_wconf 85' lang='grc' dir='ltr'>συνεκστρατεύσας</span> <span class='ocrx_word' id='word_1_508' title='bbox 3295 3985 3471 4059; x_wconf 74' lang='grc' dir='ltr'>αὐτῷ.</span> 
     </span>
    </p>
   </div>
   <div class='ocr_carea' id='block_1_73' title="bbox 475 4076 1313 4149">
    <p class='ocr_par' dir='ltr' id='par_1_73' title="bbox 475 4076 1313 4149">
     <span class='ocr_line' id='line_1_73' title="bbox 475 4076 1313 4149; baseline 0.001 -17"><span class='ocrx_word' id='word_1_509' title='bbox 475 4080 542 4134; x_wconf 87' lang='lat' dir='ltr'><strong>ad</strong></span> <span class='ocrx_word' id='word_1_510' title='bbox 569 4079 768 4141; x_wconf 87' lang='lat' dir='ltr'><strong>bellum</strong></span> <span class='ocrx_word' id='word_1_511' title='bbox 798 4079 961 4134; x_wconf 89' lang='lat' dir='ltr'><strong>simul</strong></span> <span class='ocrx_word' id='word_1_512' title='bbox 995 4076 1313 4149; x_wconf 82' lang='lat' dir='ltr'><strong>proﬁciens.</strong></span> 
     </span>
    </p>
   </div>
   <div class='ocr_carea' id='block_1_74' title="bbox 548 4163 2062 4239">
    <p class='ocr_par' dir='ltr' id='par_1_74' title="bbox 548 4165 2053 4239">
     <span class='ocr_line' id='line_1_74' title="bbox 548 4165 2053 4239; baseline 0.004 -17"><span class='ocrx_word' id='word_1_513' title='bbox 548 4165 686 4222; x_wconf 66' lang='lat' dir='ltr'><strong>Mihi</strong></span> <span class='ocrx_word' id='word_1_514' title='bbox 717 4168 1023 4239; x_wconf 79' lang='lat' dir='ltr'><strong>alienigena:</strong></span> <span class='ocrx_word' id='word_1_515' title='bbox 1054 4168 1252 4222; x_wconf 76' lang='lat' dir='ltr'><strong>subditi</strong></span> <span class='ocrx_word' id='word_1_516' title='bbox 1273 4182 1416 4224; x_wconf 76' lang='lat' dir='ltr'><strong>sunt.</strong></span> <span class='ocrx_word' id='word_1_517' title='bbox 1443 4168 1713 4237; x_wconf 73' lang='lat' dir='ltr'><strong>Moabitze,</strong></span> <span class='ocrx_word' id='word_1_518' title='bbox 1734 4180 1788 4227; x_wconf 87' lang='lat' dir='ltr'><strong>et</strong></span> <span class='ocrx_word' id='word_1_519' title='bbox 1807 4169 2053 4239; x_wconf 42' lang='lat' dir='ltr'><strong>ldu’mai,</strong></span> 
     </span>
    </p>
   </div>
   <div class='ocr_carea' id='block_1_75' title="bbox 2197 4163 3711 4239">
    <p class='ocr_par' dir='ltr' id='par_1_75' title="bbox 2249 4163 3711 4239">
     <span class='ocr_line' id='line_1_75' title="bbox 2249 4163 3711 4239; baseline -0.003 -19"><span class='ocrx_word' id='word_1_520' title='bbox 2249 4163 2408 4234; x_wconf 78' lang='grc' dir='ltr'>Ἐμοί</span> <span class='ocrx_word' id='word_1_521' title='bbox 2443 4165 2788 4234; x_wconf 73' lang='grc' dir='ltr'>ἀλλόφυλοι</span> <span class='ocrx_word' id='word_1_522' title='bbox 2830 4164 3249 4235; x_wconf 78' lang='grc' dir='ltr'>ὑπετάγησαν.</span> <span class='ocrx_word' id='word_1_523' title='bbox 3283 4165 3352 4219; x_wconf 79' lang='grc' dir='ltr'><strong>οἵ</strong></span> <span class='ocrx_word' id='word_1_524' title='bbox 3393 4182 3453 4219; x_wconf 85' lang='grc' dir='ltr'><strong>τε</strong></span> <span class='ocrx_word' id='word_1_525' title='bbox 3493 4164 3711 4239; x_wconf 77' lang='grc' dir='ltr'>ῥηθέντες</span> 
     </span>
    </p>
   </div>
   <div class='ocr_carea' id='block_1_76' title="bbox 477 4256 1991 4335">
    <p class='ocr_par' dir='ltr' id='par_1_76' title="bbox 477 4259 1991 4335">
     <span class='ocr_line' id='line_1_76' title="bbox 477 4259 1991 4335; baseline 0.003 -22"><span class='ocrx_word' id='word_1_526' title='bbox 477 4260 545 4314; x_wconf 85' lang='lat' dir='ltr'><strong>de</strong></span> <span class='ocrx_word' id='word_1_527' title='bbox 576 4260 776 4329; x_wconf 87' lang='lat' dir='ltr'><strong>quibus</strong></span> <span class='ocrx_word' id='word_1_528' title='bbox 807 4259 1074 4324; x_wconf 84' lang='lat' dir='ltr'><strong>diximus,</strong></span> <span class='ocrx_word' id='word_1_529' title='bbox 1105 4268 1160 4316; x_wconf 87' lang='lat' dir='ltr'><strong>et</strong></span> <span class='ocrx_word' id='word_1_530' title='bbox 1193 4261 1284 4315; x_wconf 87' lang='lat' dir='ltr'><strong>alii</strong></span> <span class='ocrx_word' id='word_1_531' title='bbox 1314 4261 1698 4317; x_wconf 86' lang='lat' dir='ltr'><strong>circumvicini</strong></span> <span class='ocrx_word' id='word_1_532' title='bbox 1737 4265 1949 4335; x_wconf 90' lang='lat' dir='ltr'><strong>populi.</strong></span> <span class='ocrx_word' id='word_1_533' title='bbox 1990 4311 1991 4317; x_wconf 47' lang='grc' dir='ltr'><strong>η</strong></span> 
     </span>
    </p>
   </div>
   <div class='ocr_carea' id='block_1_77' title="bbox 2197 4256 3711 4335">
    <p class='ocr_par' dir='ltr' id='par_1_77' title="bbox 2197 4256 3711 4328">
     <span class='ocr_line' id='line_1_77' title="bbox 2197 4256 3711 4328; baseline -0.003 -14"><span class='ocrx_word' id='word_1_534' title='bbox 2197 4258 2458 4314; x_wconf 77' lang='grc' dir='ltr'>Ιωαϐῖται</span> <span class='ocrx_word' id='word_1_535' title='bbox 2485 4259 2581 4311; x_wconf 75' lang='grc' dir='ltr'><strong>καὶ</strong></span> <span class='ocrx_word' id='word_1_536' title='bbox 2615 4256 2928 4328; x_wconf 83' lang='grc' dir='ltr'>Ἰδουμαῖοι,</span> <span class='ocrx_word' id='word_1_537' title='bbox 2956 4259 3054 4312; x_wconf 79' lang='grc' dir='ltr'>καὶ</span> <span class='ocrx_word' id='word_1_538' title='bbox 3083 4259 3134 4310; x_wconf 79' lang='lat' dir='ltr'><strong>ei</strong></span> <span class='ocrx_word' id='word_1_539' title='bbox 3167 4256 3348 4328; x_wconf 80' lang='grc' dir='ltr'>πέριξ.</span> <span class='ocrx_word' id='word_1_540' title='bbox 3384 4257 3458 4312; x_wconf 78' lang='grc' dir='ltr'>Τὸ</span> <span class='ocrx_word' id='word_1_541' title='bbox 3480 4258 3537 4312; x_wconf 66' lang='grc' dir='ltr'>δὲ</span> <span class='ocrx_word' id='word_1_542' title='bbox 3598 4257 3711 4311; x_wconf 67' lang='lat'><strong>&#39;1‘:-</strong></span> 
     </span>
    </p>
   </div>
   <div class='ocr_carea' id='block_1_78' title="bbox 457 4349 1971 4423">
    <p class='ocr_par' dir='ltr' id='par_1_78' title="bbox 457 4351 1971 4423">
     <span class='ocr_line' id='line_1_78' title="bbox 457 4351 1971 4423; baseline 0.001 -16"><span class='ocrx_word' id='word_1_543' title='bbox 457 4352 630 4423; x_wconf 74' lang='lat' dir='ltr'><strong>~quod</strong></span> <span class='ocrx_word' id='word_1_544' title='bbox 671 4352 788 4407; x_wconf 85' lang='lat' dir='ltr'><strong>ait:</strong></span> <span class='ocrx_word' id='word_1_545' title='bbox 857 4351 1074 4408; x_wconf 79' lang='lat' dir='ltr'><strong>Subditt‘</strong></span> <span class='ocrx_word' id='word_1_546' title='bbox 1125 4361 1272 4417; x_wconf 80' lang='lat' dir='ltr'><strong>sunt,</strong></span> <span class='ocrx_word' id='word_1_547' title='bbox 1315 4351 1644 4423; x_wconf 85' lang='lat' dir='ltr'><strong>Pr0plietico</strong></span> <span class='ocrx_word' id='word_1_548' title='bbox 1693 4369 1850 4411; x_wconf 90' lang='lat' dir='ltr'><strong>more</strong></span> <span class='ocrx_word' id='word_1_549' title='bbox 1894 4355 1971 4410; x_wconf 76' lang='lat' dir='ltr'><strong>dii</strong></span> 
     </span>
    </p>
   </div>
   <div class='ocr_carea' id='block_1_79' title="bbox 2197 4349 3711 4423">
    <p class='ocr_par' dir='ltr' id='par_1_79' title="bbox 2197 4349 3711 4423">
     <span class='ocr_line' id='line_1_79' title="bbox 2197 4349 3711 4423; baseline -0.004 -16"><span class='ocrx_word' id='word_1_550' title='bbox 2197 4352 2490 4423; x_wconf 81' lang='grc' dir='ltr'>τάγησαν,</span> <span class='ocrx_word' id='word_1_551' title='bbox 2527 4351 2668 4405; x_wconf 81' lang='grc' dir='ltr'>κατὰ</span> <span class='ocrx_word' id='word_1_552' title='bbox 2696 4349 3040 4422; x_wconf 83' lang='grc' dir='ltr'>προφητικὸν</span> <span class='ocrx_word' id='word_1_553' title='bbox 3090 4350 3290 4421; x_wconf 79' lang='grc' dir='ltr'>ἰδίωμα</span> <span class='ocrx_word' id='word_1_554' title='bbox 3323 4349 3711 4422; x_wconf 78' lang='grc' dir='ltr'>είρηται,διὰτὺ</span> 
     </span>
    </p>
   </div>
   <div class='ocr_carea' id='block_1_80' title="bbox 476 4444 2390 4517">
    <p class='ocr_par' dir='ltr' id='par_1_80' title="bbox 476 4444 2390 4517">
     <span class='ocr_line' id='line_1_80' title="bbox 476 4444 2390 4517; baseline -0.001 -17"><span class='ocrx_word' id='word_1_555' title='bbox 476 4447 812 4517; x_wconf 65' lang='lat' dir='ltr'><strong>praeteritum</strong></span> <span class='ocrx_word' id='word_1_556' title='bbox 844 4461 943 4516; x_wconf 93' lang='lat' dir='ltr'><strong>pro</strong></span> <span class='ocrx_word' id='word_1_557' title='bbox 975 4446 1163 4500; x_wconf 87' lang='lat' dir='ltr'><strong>luturo</strong></span> <span class='ocrx_word' id='word_1_558' title='bbox 1191 4456 1408 4516; x_wconf 91' lang='lat' dir='ltr'><strong>tempus</strong></span> <span class='ocrx_word' id='word_1_559' title='bbox 1435 4461 1674 4516; x_wconf 87' lang='lat' dir='ltr'><strong>ponens.</strong></span> <span class='ocrx_word' id='word_1_560' title='bbox 2173 4444 2390 4516; x_wconf 84' lang='grc' dir='ltr'>μέλλον.</span> 
     </span>
    </p>
   </div>
   <div class='ocr_carea' id='block_1_81' title="bbox 553 4532 2067 4608">
    <p class='ocr_par' dir='ltr' id='par_1_81' title="bbox 553 4537 2056 4604">
     <span class='ocr_line' id='line_1_81' title="bbox 553 4537 2056 4604; baseline 0.003 -12"><span class='ocrx_word' id='word_1_561' title='bbox 553 4537 714 4593; x_wconf 61' lang='lat' dir='ltr'><strong>Vens.</strong></span> <span class='ocrx_word' id='word_1_562' title='bbox 745 4539 833 4593; x_wconf 77' lang='grc'><strong>10.</strong></span> <span class='ocrx_word' id='word_1_563' title='bbox 870 4537 1003 4604; x_wconf 76' lang='lat' dir='ltr'><strong>Quis</strong></span> <span class='ocrx_word' id='word_1_564' title='bbox 1033 4539 1255 4592; x_wconf 77' lang='lat' dir='ltr'><strong>deducet</strong></span> <span class='ocrx_word' id='word_1_565' title='bbox 1283 4554 1364 4590; x_wconf 85' lang='lat' dir='ltr'><strong>me</strong></span> <span class='ocrx_word' id='word_1_566' title='bbox 1403 4539 1456 4590; x_wconf 80' lang='lat' dir='ltr'><strong>in</strong></span> <span class='ocrx_word' id='word_1_567' title='bbox 1500 4538 1765 4593; x_wconf 77' lang='lat' dir='ltr'><strong>civitatem</strong></span> <span class='ocrx_word' id='word_1_568' title='bbox 1795 4541 2056 4596; x_wconf 80' lang='lat' dir='ltr'><strong>munitio-</strong></span> 
     </span>
    </p>
   </div>
   <div class='ocr_carea' id='block_1_82' title="bbox 2196 4532 3710 4608">
    <p class='ocr_par' dir='ltr' id='par_1_82' title="bbox 2242 4533 3710 4608">
     <span class='ocr_line' id='line_1_82' title="bbox 2242 4533 3710 4608; baseline -0.001 -18"><span class='ocrx_word' id='word_1_569' title='bbox 2242 4535 2340 4602; x_wconf 84' lang='grc' dir='ltr'>Τίς</span> <span class='ocrx_word' id='word_1_570' title='bbox 2369 4533 2585 4600; x_wconf 78' lang='grc' dir='ltr'>ἀπάξει</span> <span class='ocrx_word' id='word_1_571' title='bbox 2607 4552 2684 4606; x_wconf 81' lang='grc' dir='ltr'><strong>με</strong></span> <span class='ocrx_word' id='word_1_572' title='bbox 2719 4537 2807 4602; x_wconf 81' lang='grc' dir='ltr'>εἰς</span> <span class='ocrx_word' id='word_1_573' title='bbox 2848 4537 3034 4590; x_wconf 81' lang='grc' dir='ltr'>πόλιν</span> <span class='ocrx_word' id='word_1_574' title='bbox 3075 4536 3374 4606; x_wconf 80' lang='grc' dir='ltr'>περιοχῆς</span> <span class='ocrx_word' id='word_1_575' title='bbox 3407 4555 3427 4603; x_wconf 88' lang='grc'><strong><em>;</em></strong></span> <span class='ocrx_word' id='word_1_576' title='bbox 3461 4536 3710 4608; x_wconf 70' lang='grc' dir='ltr'>Προσὼπῳ</span> 
     </span>
    </p>
   </div>
   <div class='ocr_carea' id='block_1_83' title="bbox 475 4626 1989 4700">
    <p class='ocr_par' dir='ltr' id='par_1_83' title="bbox 475 4629 1989 4700">
     <span class='ocr_line' id='line_1_83' title="bbox 475 4629 1989 4700; baseline 0 -16"><span class='ocrx_word' id='word_1_577' title='bbox 475 4632 605 4684; x_wconf 78' lang='lat' dir='ltr'><strong>nis?</strong></span> <span class='ocrx_word' id='word_1_578' title='bbox 637 4629 829 4684; x_wconf 83' lang='lat' dir='ltr'><strong>Sermo</strong></span> <span class='ocrx_word' id='word_1_579' title='bbox 857 4639 940 4683; x_wconf 90' lang='lat' dir='ltr'><strong>est</strong></span> <span class='ocrx_word' id='word_1_580' title='bbox 973 4646 1039 4684; x_wconf 84' lang='lat' dir='ltr'><strong>ex</strong></span> <span class='ocrx_word' id='word_1_581' title='bbox 1073 4632 1410 4700; x_wconf 88' lang='lat' dir='ltr'><strong>captivorum</strong></span> <span class='ocrx_word' id='word_1_582' title='bbox 1447 4644 1703 4699; x_wconf 83' lang='lat' dir='ltr'><strong>persona.</strong></span> <span class='ocrx_word' id='word_1_583' title='bbox 1727 4629 1989 4686; x_wconf 83' lang='lat' dir='ltr'><strong>Munition</strong></span> 
     </span>
    </p>
   </div>
   <div class='ocr_carea' id='block_1_84' title="bbox 2195 4626 3709 4700">
    <p class='ocr_par' dir='ltr' id='par_1_84' title="bbox 2199 4626 3709 4698">
     <span class='ocr_line' id='line_1_84' title="bbox 2199 4626 3709 4698; baseline 0.001 -18"><span class='ocrx_word' id='word_1_584' title='bbox 2199 4628 2274 4680; x_wconf 85' lang='grc' dir='ltr'>ὦν</span> <span class='ocrx_word' id='word_1_585' title='bbox 2319 4627 2683 4698; x_wconf 70' lang='grc' dir='ltr'>αἰχμαλώτων</span> <span class='ocrx_word' id='word_1_586' title='bbox 2727 4627 2756 4680; x_wconf 83' lang='grc' dir='ltr'><strong>ὁ</strong></span> <span class='ocrx_word' id='word_1_587' title='bbox 2803 4627 2961 4696; x_wconf 89' lang='grc' dir='ltr'>λόγος</span> <span class='ocrx_word' id='word_1_588' title='bbox 2993 4645 3010 4661; x_wconf 79' lang='grc' dir='ltr'><strong>ο</strong></span> <span class='ocrx_word' id='word_1_589' title='bbox 3057 4628 3216 4691; x_wconf 84' lang='grc' dir='ltr'>πόλις</span> <span class='ocrx_word' id='word_1_590' title='bbox 3266 4628 3324 4680; x_wconf 80' lang='grc' dir='ltr'>δὲ</span> <span class='ocrx_word' id='word_1_591' title='bbox 3387 4626 3709 4698; x_wconf 81' lang='grc' dir='ltr'>περιοχῆς,ή</span> 
     </span>
    </p>
   </div>
   <div class='ocr_carea' id='block_1_85' title="bbox 479 4714 1993 4793">
    <p class='ocr_par' dir='ltr' id='par_1_85' title="bbox 479 4719 1993 4793">
     <span class='ocr_line' id='line_1_85' title="bbox 479 4719 1993 4793; baseline 0 -17"><span class='ocrx_word' id='word_1_592' title='bbox 479 4733 659 4778; x_wconf 85' lang='lat' dir='ltr'><strong>autem</strong></span> <span class='ocrx_word' id='word_1_593' title='bbox 679 4725 872 4776; x_wconf 86' lang='lat' dir='ltr'><strong>civitas</strong></span> <span class='ocrx_word' id='word_1_594' title='bbox 904 4723 1188 4776; x_wconf 88' lang='lat' dir='ltr'><strong>dicebatur</strong></span> <span class='ocrx_word' id='word_1_595' title='bbox 1209 4719 1542 4788; x_wconf 70' lang='lat' dir='ltr'><strong>Jerusalem,</strong></span> <span class='ocrx_word' id='word_1_596' title='bbox 1575 4724 1700 4793; x_wconf 89' lang='lat' dir='ltr'><strong>quia</strong></span> <span class='ocrx_word' id='word_1_597' title='bbox 1738 4722 1993 4779; x_wconf 73' lang='lat' dir='ltr'><strong>fortissim</strong></span> 
     </span>
    </p>
   </div>
   <div class='ocr_carea' id='block_1_86' title="bbox 2198 4714 3712 4793">
    <p class='ocr_par' dir='ltr' id='par_1_86' title="bbox 2198 4714 3712 4788">
     <span class='ocr_line' id='line_1_86' title="bbox 2198 4714 3712 4788; baseline -0.005 -16"><span class='ocrx_word' id='word_1_598' title='bbox 2198 4717 2534 4788; x_wconf 70' lang='grc' dir='ltr'>Ιερουσαλὴμ</span> <span class='ocrx_word' id='word_1_599' title='bbox 2560 4716 2828 4779; x_wconf 77' lang='grc' dir='ltr'>ἐκαλεῖτο,</span> <span class='ocrx_word' id='word_1_600' title='bbox 2860 4716 2950 4770; x_wconf 81' lang='grc' dir='ltr'>διὰ</span> <span class='ocrx_word' id='word_1_601' title='bbox 2973 4715 3034 4769; x_wconf 78' lang='grc' dir='ltr'>τὸ</span> <span class='ocrx_word' id='word_1_602' title='bbox 3060 4715 3397 4786; x_wconf 79' lang='grc' dir='ltr'>εὐτείχιστον</span> <span class='ocrx_word' id='word_1_603' title='bbox 3427 4715 3606 4783; x_wconf 71' lang='grc' dir='ltr'>αὐτῆς,</span> <span class='ocrx_word' id='word_1_604' title='bbox 3637 4714 3712 4765; x_wconf 76' lang='grc' dir='ltr'>καὶ</span> 
     </span>
    </p>
   </div>
   <div class='ocr_carea' id='block_1_87' title="bbox 479 4807 1993 4881">
    <p class='ocr_par' dir='ltr' id='par_1_87' title="bbox 479 4809 1993 4881">
     <span class='ocr_line' id='line_1_87' title="bbox 479 4809 1993 4881; baseline -0.003 -13"><span class='ocrx_word' id='word_1_605' title='bbox 479 4823 599 4868; x_wconf 85' lang='lat' dir='ltr'><strong>erat</strong></span> <span class='ocrx_word' id='word_1_606' title='bbox 629 4810 1359 4875; x_wconf 70' lang='lat' dir='ltr'><strong>mmnibuscircumdata,et</strong></span> <span class='ocrx_word' id='word_1_607' title='bbox 1381 4809 1625 4881; x_wconf 88' lang='lat' dir='ltr'><strong>undique</strong></span> <span class='ocrx_word' id='word_1_608' title='bbox 1657 4813 1791 4865; x_wconf 90' lang='lat' dir='ltr'><strong>bene</strong></span> <span class='ocrx_word' id='word_1_609' title='bbox 1823 4811 1993 4865; x_wconf 90' lang='lat' dir='ltr'><strong>munit</strong></span> 
     </span>
    </p>
   </div>
   <div class='ocr_carea' id='block_1_88' title="bbox 2197 4807 3711 4881">
    <p class='ocr_par' dir='ltr' id='par_1_88' title="bbox 2197 4807 3711 4881">
     <span class='ocr_line' id='line_1_88' title="bbox 2197 4807 3711 4881; baseline -0.005 -19"><span class='ocrx_word' id='word_1_610' title='bbox 2197 4810 2553 4881; x_wconf 81' lang='grc' dir='ltr'>›χυρωμένυν.</span> <span class='ocrx_word' id='word_1_611' title='bbox 2605 4809 2743 4862; x_wconf 84' lang='grc' dir='ltr'>’Υπδ</span> <span class='ocrx_word' id='word_1_612' title='bbox 2792 4808 3153 4880; x_wconf 76' lang='grc' dir='ltr'>περιχαρείας</span> <span class='ocrx_word' id='word_1_613' title='bbox 3190 4807 3248 4860; x_wconf 80' lang='grc' dir='ltr'>δὲ</span> <span class='ocrx_word' id='word_1_614' title='bbox 3278 4807 3439 4861; x_wconf 81' lang='grc' dir='ltr'>τοῦτο</span> <span class='ocrx_word' id='word_1_615' title='bbox 3474 4807 3711 4874; x_wconf 78' lang='grc' dir='ltr'>λέγουσιν,</span> 
     </span>
    </p>
   </div>
   <div class='ocr_carea' id='block_1_89' title="bbox 475 4898 1989 4973">
    <p class='ocr_par' dir='ltr' id='par_1_89' title="bbox 475 4903 1989 4973">
     <span class='ocr_line' id='line_1_89' title="bbox 475 4903 1989 4973; baseline -0.003 -12"><span class='ocrx_word' id='word_1_616' title='bbox 475 4905 595 4961; x_wconf 65' lang='lat' dir='ltr'><strong>Prae</strong></span> <span class='ocrx_word' id='word_1_617' title='bbox 625 4921 838 4960; x_wconf 89' lang='lat' dir='ltr'><strong>summa</strong></span> <span class='ocrx_word' id='word_1_618' title='bbox 864 4913 1044 4958; x_wconf 89' lang='lat' dir='ltr'><strong>autem</strong></span> <span class='ocrx_word' id='word_1_619' title='bbox 1071 4903 1256 4958; x_wconf 67' lang='lat' dir='ltr'><strong>laetitia</strong></span> <span class='ocrx_word' id='word_1_620' title='bbox 1306 4904 1420 4958; x_wconf 67' lang='lat' dir='ltr'><strong>haec</strong></span> <span class='ocrx_word' id='word_1_621' title='bbox 1461 4903 1624 4958; x_wconf 82' lang='lat' dir='ltr'><strong>verba</strong></span> <span class='ocrx_word' id='word_1_622' title='bbox 1660 4903 1910 4973; x_wconf 78' lang='lat' dir='ltr'><strong>proferre</strong></span> <span class='ocrx_word' id='word_1_623' title='bbox 1963 4903 1989 4958; x_wconf 77' lang='lat' dir='ltr'><strong>il</strong></span> 
     </span>
    </p>
   </div>
   <div class='ocr_carea' id='block_1_90' title="bbox 2200 4898 3714 4973">
    <p class='ocr_par' dir='ltr' id='par_1_90' title="bbox 2202 4898 3714 4970">
     <span class='ocr_line' id='line_1_90' title="bbox 2202 4898 3714 4970; baseline -0.002 -19"><span class='ocrx_word' id='word_1_624' title='bbox 2202 4917 2254 4952; x_wconf 87' lang='grc' dir='ltr'><strong>τι</strong></span> <span class='ocrx_word' id='word_1_625' title='bbox 2295 4899 2534 4970; x_wconf 43' lang='grc' dir='ltr'><strong>καῖε(ίῆ</strong></span> <span class='ocrx_word' id='word_1_626' title='bbox 2565 4901 2624 4952; x_wconf 78' lang='grc' dir='ltr'>ὲν</span> <span class='ocrx_word' id='word_1_627' title='bbox 2658 4898 2888 4969; x_wconf 82' lang='grc' dir='ltr'><strong>ἀφύκτῳ</strong></span> <span class='ocrx_word' id='word_1_628' title='bbox 2915 4899 3234 4969; x_wconf 85' lang='grc' dir='ltr'>κατείχοντο</span> <span class='ocrx_word' id='word_1_629' title='bbox 3256 4898 3411 4968; x_wconf 85' lang='grc' dir='ltr'>παρά</span> <span class='ocrx_word' id='word_1_630' title='bbox 3444 4900 3510 4968; x_wconf 70' lang='grc' dir='ltr'>τῇ</span> <span class='ocrx_word' id='word_1_631' title='bbox 3542 4899 3714 4967; x_wconf 75' lang='grc' dir='ltr'>αἰχμα-</span> 
     </span>
    </p>
   </div>
   <div class='ocr_carea' id='block_1_91' title="bbox 477 4989 2362 5067">
    <p class='ocr_par' dir='ltr' id='par_1_91' title="bbox 477 4989 2362 5067">
     <span class='ocr_line' id='line_1_91' title="bbox 477 4989 2362 5067; baseline -0.003 -12"><span class='ocrx_word' id='word_1_632' title='bbox 477 5001 863 5061; x_wconf 89' lang='lat' dir='ltr'><strong>troducuntur,</strong></span> <span class='ocrx_word' id='word_1_633' title='bbox 893 5013 1016 5052; x_wconf 90' lang='lat' dir='ltr'><strong>cum</strong></span> <span class='ocrx_word' id='word_1_634' title='bbox 1052 5005 1210 5051; x_wconf 88' lang='lat' dir='ltr'><strong>antea</strong></span> <span class='ocrx_word' id='word_1_635' title='bbox 1235 4997 1289 5051; x_wconf 91' lang='lat' dir='ltr'><strong>in</strong></span> <span class='ocrx_word' id='word_1_636' title='bbox 1312 4995 1625 5067; x_wconf 86' lang='lat' dir='ltr'><strong>captivitate</strong></span> <span class='ocrx_word' id='word_1_637' title='bbox 1649 4996 2050 5062; x_wconf 90' lang='lat' dir='ltr'><strong>detinereutur,</strong></span> <span class='ocrx_word' id='word_1_638' title='bbox 2165 4989 2362 5060; x_wconf 74' lang='grc' dir='ltr'>λωσίᾳ.</span> 
     </span>
    </p>
   </div>
   <div class='ocr_carea' id='block_1_92' title="bbox 475 5089 3705 5161">
    <p class='ocr_par' dir='ltr' id='par_1_92' title="bbox 475 5089 3705 5161">
     <span class='ocr_line' id='line_1_92' title="bbox 475 5089 3705 5161; baseline -0.007 -11"><span class='ocrx_word' id='word_1_639' title='bbox 475 5093 623 5150; x_wconf 90' lang='lat' dir='ltr'><strong>unde</strong></span> <span class='ocrx_word' id='word_1_640' title='bbox 653 5091 802 5146; x_wconf 89' lang='lat' dir='ltr'><strong>nulla</strong></span> <span class='ocrx_word' id='word_1_641' title='bbox 838 5089 978 5161; x_wconf 66' lang='lat' dir='ltr'><strong>fugae</strong></span> <span class='ocrx_word' id='word_1_642' title='bbox 1005 5106 1134 5161; x_wconf 88' lang='lat' dir='ltr'><strong>spes</strong></span> <span class='ocrx_word' id='word_1_643' title='bbox 1164 5097 1517 5160; x_wconf 88' lang='lat' dir='ltr'><strong>apparuerat.</strong></span> <span class='ocrx_word' id='word_1_644' title='bbox 3695 5141 3705 5150; x_wconf 41' lang='grc'>,</span> 
     </span>
    </p>
   </div>
   <div class='ocr_carea' id='block_1_93' title="bbox 553 5163 2067 5250">
    <p class='ocr_par' dir='ltr' id='par_1_93' title="bbox 553 5175 2057 5250">
     <span class='ocr_line' id='line_1_93' title="bbox 553 5175 2057 5250; baseline -0.003 -14"><span class='ocrx_word' id='word_1_645' title='bbox 553 5185 687 5249; x_wconf 70' lang='lat' dir='ltr'><strong>Qui:</strong></span> <span class='ocrx_word' id='word_1_646' title='bbox 724 5183 944 5235; x_wconf 81' lang='lat' dir='ltr'><strong>deducet</strong></span> <span class='ocrx_word' id='word_1_647' title='bbox 982 5197 1060 5234; x_wconf 88' lang='lat' dir='ltr'><strong>me</strong></span> <span class='ocrx_word' id='word_1_648' title='bbox 1082 5197 1245 5250; x_wconf 76' lang='lat' dir='ltr'><strong>usque</strong></span> <span class='ocrx_word' id='word_1_649' title='bbox 1267 5181 1320 5234; x_wconf 86' lang='lat' dir='ltr'><strong>in</strong></span> <span class='ocrx_word' id='word_1_650' title='bbox 1356 5178 1654 5234; x_wconf 72' lang='lat' dir='ltr'><strong>Idumazam</strong></span> <span class='ocrx_word' id='word_1_651' title='bbox 1687 5177 1714 5232; x_wconf 78' lang='lat'><strong>.’</strong></span> <span class='ocrx_word' id='word_1_652' title='bbox 1748 5175 1824 5231; x_wconf 87' lang='lat' dir='ltr'><strong>Ita</strong></span> <span class='ocrx_word' id='word_1_653' title='bbox 1855 5185 1915 5232; x_wconf 87' lang='lat' dir='ltr'><strong>ut</strong></span> <span class='ocrx_word' id='word_1_654' title='bbox 1950 5193 2057 5233; x_wconf 88' lang='lat' dir='ltr'><strong>non</strong></span> 
     </span>
    </p>
   </div>
   <div class='ocr_carea' id='block_1_94' title="bbox 2197 5163 3711 5250">
    <p class='ocr_par' dir='ltr' id='par_1_94' title="bbox 2240 5163 3711 5242">
     <span class='ocr_line' id='line_1_94' title="bbox 2240 5163 3711 5242; baseline 0.007 -21"><span class='ocrx_word' id='word_1_655' title='bbox 2240 5166 2338 5231; x_wconf 81' lang='grc' dir='ltr'>Ἰίς</span> <span class='ocrx_word' id='word_1_656' title='bbox 2373 5168 2666 5239; x_wconf 75' lang='grc' dir='ltr'>ὁδηγήσει</span> <span class='ocrx_word' id='word_1_657' title='bbox 2690 5185 2768 5240; x_wconf 78' lang='grc' dir='ltr'><strong>με</strong></span> <span class='ocrx_word' id='word_1_658' title='bbox 2795 5169 2908 5237; x_wconf 80' lang='grc' dir='ltr'>ἕως</span> <span class='ocrx_word' id='word_1_659' title='bbox 2947 5169 3059 5239; x_wconf 82' lang='grc' dir='ltr'>τῆς</span> <span class='ocrx_word' id='word_1_660' title='bbox 3110 5170 3449 5242; x_wconf 79' lang='grc' dir='ltr'>Ἰδουμαίας</span> <span class='ocrx_word' id='word_1_661' title='bbox 3475 5186 3498 5236; x_wconf 85' lang='grc'><em>;</em></span> <span class='ocrx_word' id='word_1_662' title='bbox 3544 5167 3624 5230; x_wconf 78' lang='grc' dir='ltr'><strong>Ὠς</strong></span> <span class='ocrx_word' id='word_1_663' title='bbox 3649 5163 3711 5232; x_wconf 80' lang='grc' dir='ltr'><strong>μὴ</strong></span> 
     </span>
    </p>
   </div>
   <div class='ocr_carea' id='block_1_95' title="bbox 475 5257 1989 5347">
    <p class='ocr_par' dir='ltr' id='par_1_95' title="bbox 475 5269 1989 5347">
     <span class='ocr_line' id='line_1_95' title="bbox 475 5269 1989 5347; baseline -0.007 -15"><span class='ocrx_word' id='word_1_664' title='bbox 475 5285 689 5332; x_wconf 82' lang='lat' dir='ltr'><strong>tantum</strong></span> <span class='ocrx_word' id='word_1_665' title='bbox 720 5277 773 5329; x_wconf 89' lang='lat' dir='ltr'><strong>in</strong></span> <span class='ocrx_word' id='word_1_666' title='bbox 801 5277 1038 5345; x_wconf 77' lang='lat' dir='ltr'><strong>patriam</strong></span> <span class='ocrx_word' id='word_1_667' title='bbox 1066 5277 1450 5336; x_wconf 79' lang='lat' dir='ltr'><strong>restituamur,</strong></span> <span class='ocrx_word' id='word_1_668' title='bbox 1471 5272 1568 5325; x_wconf 87' lang='lat' dir='ltr'><strong>sed</strong></span> <span class='ocrx_word' id='word_1_669' title='bbox 1587 5269 1873 5347; x_wconf 82' lang='lat' dir='ltr'><strong>proximos</strong></span> <span class='ocrx_word' id='word_1_670' title='bbox 1889 5269 1989 5323; x_wconf 88' lang='lat' dir='ltr'><strong>etia</strong></span> 
     </span>
    </p>
   </div>
   <div class='ocr_carea' id='block_1_96' title="bbox 2197 5257 3711 5347">
    <p class='ocr_par' dir='ltr' id='par_1_96' title="bbox 2197 5257 3711 5335">
     <span class='ocr_line' id='line_1_96' title="bbox 2197 5257 3711 5335; baseline 0.003 -21"><span class='ocrx_word' id='word_1_671' title='bbox 2197 5262 2331 5317; x_wconf 73' lang='lat' dir='ltr'><strong>L6VOV</strong></span> <span class='ocrx_word' id='word_1_672' title='bbox 2360 5264 2457 5334; x_wconf 82' lang='grc' dir='ltr'>τὴν</span> <span class='ocrx_word' id='word_1_673' title='bbox 2487 5263 2725 5335; x_wconf 85' lang='grc' dir='ltr'>πατρίδα</span> <span class='ocrx_word' id='word_1_674' title='bbox 2754 5263 3072 5332; x_wconf 85' lang='grc' dir='ltr'>ἀπολαϐεῖν,</span> <span class='ocrx_word' id='word_1_675' title='bbox 3124 5264 3263 5318; x_wconf 78' lang='grc' dir='ltr'>ἀλλὰ</span> <span class='ocrx_word' id='word_1_676' title='bbox 3295 5265 3390 5320; x_wconf 86' lang='grc' dir='ltr'><strong>καὶ</strong></span> <span class='ocrx_word' id='word_1_677' title='bbox 3424 5265 3548 5326; x_wconf 82' lang='grc' dir='ltr'>τοὺς</span> <span class='ocrx_word' id='word_1_678' title='bbox 3575 5257 3711 5330; x_wconf 75' lang='grc' dir='ltr'>πέριξ</span> 
     </span>
    </p>
   </div>
   <div class='ocr_carea' id='block_1_97' title="bbox 475 5354 1989 5435">
    <p class='ocr_par' dir='ltr' id='par_1_97' title="bbox 475 5361 1852 5435">
     <span class='ocr_line' id='line_1_97' title="bbox 475 5361 1852 5435; baseline -0.007 -12"><span class='ocrx_word' id='word_1_679' title='bbox 475 5370 910 5435; x_wconf 86' lang='lat' dir='ltr'><strong>circumquaque</strong></span> <span class='ocrx_word' id='word_1_680' title='bbox 940 5367 1154 5420; x_wconf 88' lang='lat' dir='ltr'><strong>vicinos</strong></span> <span class='ocrx_word' id='word_1_681' title='bbox 1190 5366 1423 5434; x_wconf 85' lang='lat' dir='ltr'><strong>populos</strong></span> <span class='ocrx_word' id='word_1_682' title='bbox 1471 5361 1852 5430; x_wconf 72' lang='lat' dir='ltr'><strong>subjugemus.</strong></span> 
     </span>
    </p>
   </div>
   <div class='ocr_carea' id='block_1_98' title="bbox 1788 5354 3302 5435">
    <p class='ocr_par' dir='ltr' id='par_1_98' title="bbox 1788 5354 3302 5427">
     <span class='ocr_line' id='line_1_98' title="bbox 1788 5354 3302 5427; baseline -0.002 -15"><span class='ocrx_word' id='word_1_683' title='bbox 1788 5375 1852 5414; x_wconf 89' lang='lat' dir='ltr'><strong>Is.</strong></span> <span class='ocrx_word' id='word_1_684' title='bbox 2165 5354 2258 5426; x_wconf 80' lang='grc' dir='ltr'><strong>ὲχθ</strong></span> <span class='ocrx_word' id='word_1_685' title='bbox 2269 5357 2395 5427; x_wconf 71' lang='grc' dir='ltr'>ρους</span> <span class='ocrx_word' id='word_1_686' title='bbox 2419 5355 2811 5410; x_wconf 79' lang='grc' dir='ltr'>δουλώσασθαι.</span> <span class='ocrx_word' id='word_1_687' title='bbox 3300 5407 3302 5409; x_wconf 83' lang='grc'><strong>,</strong></span> 
     </span>
    </p>
   </div>
   <div class='ocr_carea' id='block_1_99' title="bbox 544 5440 2058 5526">
    <p class='ocr_par' dir='ltr' id='par_1_99' title="bbox 544 5449 2057 5526">
     <span class='ocr_line' id='line_1_99' title="bbox 544 5449 2057 5526; baseline -0.007 -10"><span class='ocrx_word' id='word_1_688' title='bbox 544 5459 713 5516; x_wconf 73' lang='lat' dir='ltr'><strong>Vens.</strong></span> <span class='ocrx_word' id='word_1_689' title='bbox 745 5462 830 5516; x_wconf 83' lang='lat' dir='ltr'><strong>ll.</strong></span> <span class='ocrx_word' id='word_1_690' title='bbox 853 5457 1044 5514; x_wconf 83' lang='lat' dir='ltr'><strong>Nonne</strong></span> <span class='ocrx_word' id='word_1_691' title='bbox 1082 5468 1162 5524; x_wconf 88' lang='lat' dir='ltr'><strong>tu,</strong></span> <span class='ocrx_word' id='word_1_692' title='bbox 1200 5457 1359 5520; x_wconf 76' lang='lat' dir='ltr'><strong>Deus,</strong></span> <span class='ocrx_word' id='word_1_693' title='bbox 1381 5456 1472 5526; x_wconf 86' lang='lat' dir='ltr'><strong>qui</strong></span> <span class='ocrx_word' id='word_1_694' title='bbox 1499 5453 1738 5522; x_wconf 80' lang='lat' dir='ltr'><strong>repuliin</strong></span> <span class='ocrx_word' id='word_1_695' title='bbox 1771 5468 1865 5506; x_wconf 77' lang='lat' dir='ltr'><strong>nos</strong></span> <span class='ocrx_word' id='word_1_696' title='bbox 1896 5451 1922 5506; x_wconf 82' lang='lat'><strong>.’</strong></span> <span class='ocrx_word' id='word_1_697' title='bbox 1951 5449 2057 5506; x_wconf 86' lang='lat' dir='ltr'><strong>Per</strong></span> 
     </span>
    </p>
   </div>
   <div class='ocr_carea' id='block_1_100' title="bbox 2198 5440 3712 5526">
    <p class='ocr_par' dir='ltr' id='par_1_100' title="bbox 2241 5440 3712 5518">
     <span class='ocr_line' id='line_1_100' title="bbox 2241 5440 3712 5518; baseline -0.006 -18"><span class='ocrx_word' id='word_1_698' title='bbox 2241 5446 2389 5515; x_wconf 81' lang='grc' dir='ltr'>Οὐχί</span> <span class='ocrx_word' id='word_1_699' title='bbox 2425 5447 2529 5511; x_wconf 87' lang='grc' dir='ltr'><strong>σὺ,</strong></span> <span class='ocrx_word' id='word_1_700' title='bbox 2560 5449 2592 5501; x_wconf 84' lang='grc' dir='ltr'><em>ὁ</em></span> <span class='ocrx_word' id='word_1_701' title='bbox 2623 5447 2789 5512; x_wconf 80' lang='grc' dir='ltr'>Θεὸς,</span> <span class='ocrx_word' id='word_1_702' title='bbox 2839 5446 2874 5500; x_wconf 81' lang='grc' dir='ltr'><em>ὁ</em></span> <span class='ocrx_word' id='word_1_703' title='bbox 2909 5446 3311 5518; x_wconf 76' lang='grc' dir='ltr'>ἀπωσάμενος</span> <span class='ocrx_word' id='word_1_704' title='bbox 3343 5441 3492 5516; x_wconf 76' lang='grc' dir='ltr'>ἡμᾶς</span> <span class='ocrx_word' id='word_1_705' title='bbox 3519 5462 3538 5510; x_wconf 87' lang='grc'><strong><em>;</em></strong></span> <span class='ocrx_word' id='word_1_706' title='bbox 3567 5440 3712 5496; x_wconf 79' lang='grc' dir='ltr'>Τοῦτο</span> 
     </span>
    </p>
   </div>
   <div class='ocr_carea' id='block_1_101' title="bbox 477 5530 1991 5626">
    <p class='ocr_par' dir='ltr' id='par_1_101' title="bbox 477 5545 1991 5626">
     <span class='ocr_line' id='line_1_101' title="bbox 477 5545 1991 5626; baseline -0.009 -18"><span class='ocrx_word' id='word_1_707' title='bbox 477 5554 965 5626; x_wconf 64' lang='lat' dir='ltr'><strong>interrogationem</strong></span> <span class='ocrx_word' id='word_1_708' title='bbox 999 5553 1106 5607; x_wconf 86' lang='lat' dir='ltr'><strong>lioc</strong></span> <span class='ocrx_word' id='word_1_709' title='bbox 1139 5549 1431 5620; x_wconf 70' lang='lat' dir='ltr'><strong>legendum</strong></span> <span class='ocrx_word' id='word_1_710' title='bbox 1469 5555 1576 5612; x_wconf 88' lang='lat' dir='ltr'><strong>est,</strong></span> <span class='ocrx_word' id='word_1_711' title='bbox 1611 5555 1664 5602; x_wconf 90' lang='lat' dir='ltr'><strong>et</strong></span> <span class='ocrx_word' id='word_1_712' title='bbox 1701 5545 1866 5600; x_wconf 90' lang='lat' dir='ltr'><strong>simili</strong></span> <span class='ocrx_word' id='word_1_713' title='bbox 1890 5558 1991 5599; x_wconf 77' lang='grc' dir='ltr'>ιιιοι</span> 
     </span>
    </p>
   </div>
   <div class='ocr_carea' id='block_1_102' title="bbox 2196 5530 3710 5626">
    <p class='ocr_par' dir='ltr' id='par_1_102' title="bbox 2196 5530 3710 5612">
     <span class='ocr_line' id='line_1_102' title="bbox 2196 5530 3710 5612; baseline -0.002 -19"><span class='ocrx_word' id='word_1_714' title='bbox 2196 5542 2294 5593; x_wconf 76' lang='grc' dir='ltr'>ιατ⁹</span> <span class='ocrx_word' id='word_1_715' title='bbox 2326 5538 2596 5612; x_wconf 79' lang='grc' dir='ltr'>ἐρώτησιν</span> <span class='ocrx_word' id='word_1_716' title='bbox 2624 5539 3000 5610; x_wconf 84' lang='grc' dir='ltr'>ἀναγνωστέον</span> <span class='ocrx_word' id='word_1_717' title='bbox 3029 5557 3043 5572; x_wconf 78' lang='grc' dir='ltr'><strong>ο</strong></span> <span class='ocrx_word' id='word_1_718' title='bbox 3072 5541 3276 5612; x_wconf 75' lang='grc' dir='ltr'>ὁμοίοις</span> <span class='ocrx_word' id='word_1_719' title='bbox 3314 5539 3370 5594; x_wconf 76' lang='grc' dir='ltr'>δὲ</span> <span class='ocrx_word' id='word_1_720' title='bbox 3397 5539 3488 5590; x_wconf 80' lang='grc' dir='ltr'>καὶ</span> <span class='ocrx_word' id='word_1_721' title='bbox 3517 5535 3574 5589; x_wconf 79' lang='grc' dir='ltr'><strong>τὺ</strong></span> <span class='ocrx_word' id='word_1_722' title='bbox 3601 5530 3710 5600; x_wconf 72' lang='grc' dir='ltr'><strong>ἑξῆς</strong></span> 
     </span>
    </p>
   </div>
   <div class='ocr_carea' id='block_1_103' title="bbox 1160 5721 2402 5808">
    <p class='ocr_par' dir='ltr' id='par_1_103' title="bbox 1160 5721 2402 5808">
     <span class='ocr_line' id='line_1_103' title="bbox 1160 5721 2402 5808; baseline -0.004 -18"><span class='ocrx_word' id='word_1_723' title='bbox 1160 5800 1170 5808; x_wconf 90' lang='lat'><em>_</em></span> <span class='ocrx_word' id='word_1_724' title='bbox 1826 5724 2028 5788; x_wconf 62' lang='lat' dir='ltr'><strong>Varias</strong></span> <span class='ocrx_word' id='word_1_725' title='bbox 2068 5721 2402 5787; x_wconf 86' lang='lat' dir='ltr'><strong>lectiones.</strong></span> 
     </span>
    </p>
   </div>
   <div class='ocr_carea' id='block_1_104' title="bbox 557 5827 1911 5906">
    <p class='ocr_par' dir='ltr' id='par_1_104' title="bbox 557 5827 1911 5906">
     <span class='ocr_line' id='line_1_104' title="bbox 557 5827 1911 5906; baseline -0.007 -16"><span class='ocrx_word' id='word_1_726' title='bbox 557 5834 674 5906; x_wconf 72' lang='grc'><strong>(12)</strong></span> <span class='ocrx_word' id='word_1_727' title='bbox 697 5835 780 5890; x_wconf 75' lang='lat' dir='ltr'><strong>Al.</strong></span> <span class='ocrx_word' id='word_1_728' title='bbox 810 5834 923 5889; x_wconf 79' lang='grc' dir='ltr'><strong>Καὶ</strong></span> <span class='ocrx_word' id='word_1_729' title='bbox 948 5834 1006 5889; x_wconf 74' lang='grc' dir='ltr'>ὲν</span> <span class='ocrx_word' id='word_1_730' title='bbox 1034 5833 1259 5903; x_wconf 78' lang='grc' dir='ltr'>ἀφύκτῳ</span> <span class='ocrx_word' id='word_1_731' title='bbox 1290 5834 1549 5901; x_wconf 83' lang='grc' dir='ltr'>λέγοντες</span> <span class='ocrx_word' id='word_1_732' title='bbox 1574 5827 1911 5899; x_wconf 80' lang='grc' dir='ltr'>κατείχοντο.</span> 
     </span>
    </p>
   </div>
  </div>
