3774 6536
157 462 256 525 620

1295 450 1688 514 COMMENT.
1732 449 1809 508 ΙΝ
1866 452 2226 524 l’SALMOS,

3279 459 3385 520 (-3)

154 574 235 627 καὶ
256 567 643 640 προαγορεύων
676 566 769 621 τὸν
801 566 1024 638 ὄλεθρον
1083 565 1191 619 τῶν
1249 566 1699 621 καταδιωκᾶντων

1868 576 1906 613 IS
1947 576 2191 615 amorem
2218 563 2538 627 declaravit,
2565 582 2724 634 quem
2761 581 2888 635 erga
2929 566 3097 620 Deum
3126 566 3383 629 habebat,

152 660 299 716 αὐτόν
330 675 344 689 ⁸
384 659 473 713 ἴνα
506 659 601 713 καὶ
625 660 782 729 ἡμῶν
812 658 949 730 πρὸς
972 657 1106 710 Θεὸν
1157 656 1300 711 οὕτω
1339 656 1709 727 διακειμένων

152 756 203 806 ἐν
229 753 289 819 τῇ
329 749 538 820 ἐρημία
569 749 677 800 τῶν
706 748 899 819 ἡδέων,
933 747 1331 819 δλοθρεύωνται
1354 746 1409 799 οἶ
1438 765 1498 799 τε
1519 748 1709 816 ὸρατοὶ

152 845 235 897 καὶ
267 844 491 911 ἀόρατοι
523 840 1075 911 ὲχθροὶήμῶν..Τινᾶ
1104 841 1162 895 δὲ
1197 841 1303 893 τῶν
1328 842 1707 912 ἀντιγράφων,

147 938 209 989 ἐν
241 931 314 1001 τῇ
362 933 560 1002 ἐρήμῳ
619 932 747 1002 τῆς.
786 932 1133 1002 Ἰδουμαίας
1222 939 1546 1003 γράφουσιν.
1616 934 1707 986 Ei-

149 1027 230 1088 κὸς
276 1024 335 1077 δὲ
392 1025 493 1096 τὴν
544 1023 750 1094 ἔρημον
822 1026 1063 1096 ἐκείνην,
1104 1026 1212 1096 πρὸ
1258 1025 1354 1079 τοῦ
1406 1026 1503 1096 τῆς
1545 1026 1707 1080 Ἰδουο

149 1118 300 1186 μαίας
340 1116 444 1187 γῆς
518 1116 707 1183 οὖσαν,
760 1115 991 1190 ὕστερον
1029 1119 1280 1187 γενέσθαι
1361 1120 1531 1190 μέρος
1605 1121 1706 1188 τῆς

159 1208 431 1270 Ἰουδαξας.

198 1390 254 1442 Ὀ
292 1392 458 1457 Θεὸς,
490 1394 524 1446 o'
547 1394 692 1459 Θεός
708 1412 849 1464 μου,
882 1397 1032 1467 πρὸς
1063 1399 1138 1453 σὲ
1172 1398 1433 1467 ὀρθρίζω.
1466 1402 1611 1472 Πρὸς
1645 1404 1704 1457 σὲ

140 1485 222 1537 τὸν
248 1484 453 1554 ὄρθρον
472 1487 572 1555 τῆς
599 1488 813 1558 ἡμέρας
850 1491 1044 1560 διάγω.
1077 1495 1541 1565 Ἀφυπνιζόμενος
1573 1498 1705 1568 γὰρ,

144 1574 269 1646 πρὸς
292 1576 351 1629 σὲ
374 1577 599 1648 γίνομαι
622 1582 735 1645 τοῖς
778 1582 1082 1654 λογισμοῖς,
1141 1591 1250 1658 πρὸ
1288 1593 1488 1654 παντὸς
1542 1592 1703 1662 λόγου

141 1668 220 1717 καὶ
256 1666 427 1735 ἔργου
488 1670 586 1743 τὴν
632 1672 769 1742 πρὸς
828 1673 889 1726 σὲ
928 1676 1255 1745 ποιούμενος
1312 1680 1555 1748 ὁμιλίαν,
1610 1685 1706 1737 καὶ

139 1758 305 1828 ἀρχήν
330 1775 412 1813 σοι
442 1760 540 1830 τῆς
567 1763 779 1834 ἡμέρας
812 1765 912 1837 τὴν
963 1768 1222 1840 τοιαύτην
1263 1773 1481 1842 ὁμιλίαν
1516 1775 1706 1830 ἀνατι-

140 1849 267 1913 Θεξς.

178 2036 477 2107 Ἐδίψησέ
525 2057 624 2098 σοι
678 2048 717 2114 ἠ
773 2049 945 2118 ψυχή
994 2067 1136 2119 μου.
1196 2052 1296 2106 Διὰ
1348 2054 1443 2108 τοῦ
1494 2054 1706 2124 δίψους,

134 2130 222 2197 τὴν
284 2133 661 2223 ⁸σφοδρότητα
734 2142 835 2210 τῆς
926 2141 1150 2214 ἀγάπης
1236 2146 1479 2216 ᾑνίξατοο
1537 2150 1707 2223 Ετρη·

135 2235 213 2312 ται
278 2219 336 2273 δὲ
396 2224 524 2294 περὶ
573 2225 766 2280 τούτου
810 2231 869 2283 ὲν
922 2230 1000 2303 τῷ
1050 2235 1219 2305 τρίτῳ
1281 2240 1449 2309 στίχῳ
1489 2240 1583 2293 τοῦ
1612 2219 1707 2312 μα’

131 2309 364 2381 ψαλμοῦ,

195 2402 537 2473 Ποσαπλῶς
562 2408 599 2476 ή
632 2410 788 2479 σάρξ
805 2430 944 2482 μου.
982 2415 1057 2471 Τὸ
1114 2422 1480 2490 ποσαπλώς,
1509 2442 1705 2480 ποσα-

135 2492 245 2560 χῶς
279 2495 547 2561 ἐξέδωκεν
580 2503 607 2553 ὁ
630 2503 947 2562 Θεοδοτίων.
975 2511 1146 2581 Φησὶν
1174 2510 1266 2567 οὖν
1292 2555 1306 2579 ,
1364 2518 1446 2569 ὅτι
1506 2522 1704 2573 Haca-

138 2584 246 2651 χώς
270 2603 371 2641 σοι
393 2592 482 2657 εἰς
519 2595 764 2662 ἀγάπην
788 2598 923 2667 ἐγώ.
962 2601 1157 2675 Ψυχὴν
1207 2608 1316 2679 γὰρ
1365 2610 1562 2664 ἑαυτοῦ
1611 2614 1704 2667 καὶ

137 2680 307 2747 σᾶρκα
370 2684 564 2739 ἑαυτοῦ
601 2688 925 2760 ἀδιαιρέτως
954 2696 1147 2751 ἑαυτὸν
1201 2698 1372 2768 λέγει,
1425 2704 1565 2758 κατὰ
1606 2723 1702 2759 πε-

140 2769 419 2843 ρίφρασιν·
450 2777 536 2831 διὰ
577 2780 634 2833 δὲ
680 2782 773 2835 τοῦ
827 2789 1115 2858 ποσαχῶς
1134 2791 1195 2845 τὸ
1238 2794 1582 2866 nonan-163;,
1606 2802 1701 2856 καὶ

132 2867 184 2917 τ’)
207 2867 658 2937 ὑπερϐαλλόντως
684 2876 986 2946 εἰσάγεται.

197 3050 298 3104 Ἐν
324 3052 401 3121 τῇ
424 3055 639 3125 ἐρήμῳ.
668 3061 765 3115 καὶ
792 3063 1008 3133 ἀϐάτῳ,
1045 3068 1145 3123 καὶ
1174 3071 1428 3142 ἀνύδρῳ.
1463 3078 1618 3134 Οὕτω
1643 3082 1701 3136 δὲ

136 3142 231 3213 at.
276 3146 336 3245 ἐξ
373 3148 547 3221 ταύτῃ
585 3155 650 3222 τῇ
702 3153 896 3228 ιρήμῳ
928 3158 1025 3224 ὢν,
1058 3160 1199 3217 ὥστε
1226 3166 1286 3220 τὸ
1334 3170 1697 3245 ἀπαρηγόρηο

1811 664 1867 708 et
1900 664 2311 721 persecutorum
2354 671 2579 710 suorum
2625 658 2829 726 pariter
2866 659 3079 713 ruinam
3109 658 3384 728 pra‘disit,

1811 746 2017 801 docens
2046 787 2062 811 ,
2094 747 2241 817 quod
2276 748 2435 802 nobis
2463 750 2567 804 hoc
2605 761 2764 818 pacto
2791 752 2842 804 in
2873 752 3090 806 deserto
3121 767 3186 807 ac
3216 753 3385 807 steri-

1813 837 1965 890 litate
1994 838 2332 908 voluptatum
2366 855 2493 909 erga
2536 839 2704 894 Deum
2749 842 2985 904 alTectis.
3024 843 3386 897 destrueutur

1811 944 1875 983 ac
1922 929 2261 1000 fugabuntur
2311 932 2571 987 similiter
2595 942 2702 987 tam
2742 934 3044 989 invisibiles
3090 950 3255 1003 quam
3303 935 3384 988 vi-

1810 1023 2002 1079 sibiles
2058 1022 2292 1078 inimici.
2342 1025 2598 1090 Qumdam
2631 1041 2758 1081 vero
2787 1026 3117 1101 exemplaria
3149 1028 3375 1092 habent,

1810 1119 1864 1172 in
1912 1119 2118 1174 deserto
2168 1118 2466 1186 Idumam;
2506 1122 2809 1177 Verisimile
2860 1131 2947 1178 est
2978 1132 3163 1177 autem
3194 1123 3382 1177 deser-

1811 1220 1922 1263 tum
1954 1211 2084 1265 illud
2119 1221 2276 1266 antea
2316 1211 2563 1268 ldmnzze
2611 1214 2855 1283 regionis
2890 1214 3080 1280 fuisse,
3107 1223 3161 1268 et
3188 1215 3384 1269 deinde

1808 1299 2006 1357 Judaeze
2036 1312 2243 1372 partem
2291 1304 2541 1360 eliectum
2572 1321 2720 1362 esse.

1885 1392 2046 1447 Vnus.
2070 1392 2127 1446 2.
2162 1391 2323 1456 Deus,
2354 1392 2492 1447 Deus
2525 1410 2695 1459 meus,
2730 1395 2800 1448 ad
2843 1404 2891 1449 te
2918 1395 2983 1449 de
3026 1410 3178 1448 mane
3201 1410 3382 1461 surgo.

1809 1481 1887 1539 Ad
1923 1492 1992 1550 te,
2028 1483 2225 1552 inquit,
2251 1486 2606 1554 tempestivus
2637 1485 2859 1550 festino,
2884 1488 2977 1555 qui
3008 1494 3063 1540 et.
3086 1485 3382 1541 diluculum

1809 1584 1864 1632 et
1905 1591 2073 1632 mane
2124 1575 2235 1631 diei
2282 1575 2507 1633 diceris.
2547 1577 2912 1643 Experrectus
2943 1578 3089 1632 enim
3125 1592 3155 1631 a
3187 1591 3384 1630 somno

1808 1670 1993 1724 statim
2026 1670 2461 1741 cogitationibus
2510 1670 2647 1726 meis
2683 1670 2780 1725 tibi
2815 1671 3033 1733 adsunt,
3087 1684 3385 1724 conversa-

1810 1762 2129 1831 tionemque
2159 1763 2299 1817 hanc
2325 1770 2379 1817 et
2406 1776 2743 1826 sermonem,
2783 1777 2949 1831 quem
2981 1770 3159 1816 tecum
3186 1759 3383 1822 habeo,

1810 1855 2237 1926 quibuscunque
2282 1856 2407 1911 aliis
2458 1856 2623 1912 rebus
2655 1865 2710 1910 et
2739 1855 2977 1926 negotiis
3008 1867 3292 1924 praepono,
3333 1860 3387 1905 et

1814 1963 1912 2013 pro
1941 1948 2109 2002 totius
2133 1947 2238 2004 diei
2281 1948 2538 2018 primitiis
2562 1947 2658 2003 tibi
2694 1946 2886 2003 oﬂero.

1880 2038 2057 2094 Sitivit
2096 2041 2150 2094 in
2195 2051 2243 2096 te
2285 2042 2468 2095 anima
2518 2057 2658 2097 mea.
2710 2041 2815 2097 Per
2859 2041 3030 2106 sitim,
3071 2036 3384 2095 dilectionis

1808 2133 2212 2187 vehementiam
2269 2133 2563 2203 signiﬁcat,
2616 2134 2688 2188 do
2743 2150 2852 2203 qua
2912 2133 3119 2189 dictum
3180 2137 3267 2186 est
3329 2130 3383 2184 iu

1811 2226 2023 2294 psalmo
2058 2240 2145 2279 xu
2175 2224 2252 2294 (in
2280 2225 2443 2281 tertio
2478 2225 2806 2296 versiculo).

1877 2409 2050 2473 Quam
2109 2408 2473 2477 multipliciter
2521 2408 2615 2464 tibi
2668 2427 2795 2464 caro
2858 2427 2995 2466 mea.
3052 2408 3183 2475 Pro,
3224 2426 3384 2481 quam

1808 2500 2196 2570 multipliciter,
2233 2498 2579 2557 Theodotion
2619 2502 2943 2565 transtulit,
2978 2519 3138 2572 quam
3191 2503 3384 2567 empir-

1806 2592 1955 2651 sime,
1988 2590 2090 2643 hoc
2116 2598 2238 2654 est,
2267 2591 2504 2647 assidue.
2540 2591 2687 2659 Tibi,
2722 2593 2922 2662 inquit,
2955 2593 3178 2647 assidue
3203 2593 3384 2646 inten-

1806 2690 1894 2739 tus
1935 2682 1988 2735 in
2024 2682 2101 2736 tui
2148 2682 2500 2738 dilectionem
2569 2684 2742 2739 feror.
2802 2681 2908 2738 Per
2955 2699 3175 2737 carnem
3237 2684 3382 2737 enim

1810 2787 1968 2827 suam
2050 2781 2104 2827 et
2174 2789 2271 2844 per
2332 2775 2570 2828 animam
2663 2789 2819 2828 suam
2896 2773 3384 2843 circumloqucndo

1806 2866 2050 2935 seipsu'm
2111 2868 2319 2937 passim
2371 2866 2648 2936 intelligit.
2709 2866 2891 2922 chllO
2949 2875 3173 2929 autem,
3223 2882 3384 2935 quam

1803 2958 2189 3028 multipliciter,
2219 2959 2291 3013 im
2303 2960 2534 3014 mensita
2544 2968 2652 3015 tem
2687 2959 3028 3015 demonsu-at
3050 2957 3381 3013 dilectionis.

1875 3051 2040 3105 Vsus.
2085 3050 2139 3105 5.
2175 3048 2242 3105 lu
2277 3059 2419 3105 terra
2450 3051 2685 3117 deserta,
2716 3060 2767 3105 et
2801 3051 2968 3111 invia,
3004 3060 3055 3104 et
3101 3052 3380 3119 inaqucsa.

1802 3144 1862 3198 In
1896 3143 2022 3207 hoc,
2065 3142 2272 3214 inquit,
2326 3144 2570 3208 deserto,
2604 3143 2696 3199 ubi
2743 3158 2890 3198 nunc
2934 3157 3142 3205 moror,
3186 3141 3259 3195 ita
3298 3156 3383 3195 me

133 3252 215 3288 τον
238 3236 336 3291 τοῦ
370 3244 641 3313 παρόντος
692 3248 858 3303 τόπου
885 3252 975 3306 τὸν
1003 3255 1138 3324 πρὸς
1167 3258 1225 3311 σέ
1262 3276 1367 3329 μου
1408 3236 1576 3320 iri-500v
1596 3236 1699 3323 οδκ

1873 3253 1961 3301 ro,
2012 3246 2070 3292 ut
2108 3236 2266 3293 locus
2323 3237 2415 3308 qui
2476 3238 2680 3308 alioqui
2734 3236 2888 3292 omni
2944 3251 3176 3306 prorsus
3231 3244 3385 3288 vacat

133 3328 385 3401 ἤμεεψενο

190 3512 389 3610 Οιῦτως
414 3515 485 3568 ἐν
506 3516 585 3584 τῷ
600 3520 745 3589 ἁγίῳ
771 3521 980 3592 ὤφθην
995 3544 1112 3581 σοι.
1140 3531 1327 3596 Οὕτως
1352 3534 1491 3605 ἔχων
1507 3535 1699 3610 ὤφθην

133 3620 209 3657 σοι
239 3606 296 3657 ὲν
321 3609 387 3678 τῇ
429 3612 626 3681 σκηνῇ,
661 3613 749 3666 ὅτε
782 3615 1091 3687 ἐλάτρευον,
1126 3621 1200 3684 ὠς
1239 3627 1265 3677 ὁ
1294 3626 1471 3696 ’νόμος
1533 3606 1699 3686 πᾶσιν

133 3698 377 3795 ἐκέλευεν
399 3718 412 3732 ·
462 3704 665 3776 ταύτην
702 3706 811 3778 γὰρ
860 3709 1017 3778 ἅγιον
1048 3715 1233 3768 καλεῖ·
1265 3719 1436 3785 οὕτως
1469 3721 1544 3788 ὡς
1591 3725 1699 3795 ἔχω

131 3788 238 3883 νῦν.
279 3793 437 3860 Λέγει
467 3796 523 3849 δὲ
552 3798 631 3851 ὅτι
661 3800 770 3852 Καὶ
796 3802 914 3855 ἐκεῖ
937 3805 1232 3878 εὐχόμενος
1292 3811 1389 3865 καὶ
1438 3788 1697 3883 ἑνταῦόα,

133 3879 249 3949 ἴσην
290 3884 542 3951 φυλάττω
574 3889 675 3960 τὴν
697 3891 962 3949 διάθεσιν.

200 4153 311 4207 Τοῦ
334 4155 479 4210 Ιδεῖν
509 4159 625 4227 τὴν
652 4161 911 4231 δύναμιν
933 4181 1050 4222 σου
1082 4169 1180 4223 καὶ
1202 4170 1318 4239 τὴν
1343 4174 1533 4241 δόξαν
1575 4196 1695 4234 σου

127 4243 301 4300 Τοῦτο
322 4248 381 4343 δὲ
420 4252 736 4314 ποιῶ,ὧστε
770 4258 899 4312 ἰδεῖν
933 4260 1032 4331 τὴν
1062 4263 1294 4333 δύναμιν
1319 4285 1436 4332 σου,
1497 4273 1557 4323 ὲν
1617 4273 1695 4343 τῷ

125 4340 469 4410 τροπωθῆναι
496 4345 627 4405 τοὺς
656 4347 881 4417 ἐχθρούς
916 4370 1019 4420 μου
1048 4370 1064 4384 ·
1096 4355 1193 4426 τὴν
1213 4359 1268 4410 δὲ
1299 4360 1455 4427 δόξαν
1491 4380 1612 4424 σου.
1638 4340 1696 4420 ὲν

124 4429 203 4495 τῷ
233 4432 433 4496 πάντας
466 4435 820 4509 δοξολογῆσαι
852 4460 910 4495 σε
966 4446 1057 4499 τὸν
1092 4447 1392 4520 βοηθοῦντα
1446 4458 1559 4519 τοῖς
1615 4460 1696 4521 εἰς

128 4522 180 4573 τὲ
201 4522 526 4588 ἐλπίζουσιν.

201 4702 326 4755 Ὀτι
360 4706 651 4770 κρεῖσσον
686 4708 753 4763 τὸ
794 4711 970 4779 ἔλεός
999 4732 1115 4770 σου
1146 4718 1296 4787 ὑπὲρ
1322 4718 1487 4787 ζωάς.
1538 4726 1693 4789 Ζωὰς

122 4792 416 4859 λέγειτοῦς
442 4802 756 4872 τρυφηλοὺς
800 4805 955 4876 βίους
986 4810 1080 4861 καὶ
1134 4812 1231 4874 τὰς
1288 4814 1693 4881 ἀπολαυστικάς

123 4882 361 4948 διαίτας.
404 4890 673 4958 Κρεῖσσόν
727 4912 837 4965 μοι,
870 4900 1056 4968 φησὶν,
1077 4902 1135 4954 ὲν
1178 4904 1372 4976 ἐρήμῳ
1422 4908 1694 4963 ἐλεεῖσθαι

123 4976 278 5045 παρὰ
302 4980 411 5044 σοῦ,
442 4982 474 5052 ἦ
517 4986 575 5038 ὲν
594 4989 772 5058 τρυφῇ
804 4991 901 5043 καὶ⁸
921 4992 1220 5049 ἀπολαύσει
1249 4998 1357 5051 τῶν
1411 5000 1693 5073 ἀνθρωπί-

123 5088 233 5120 νων
268 5073 427 5141 ἡδέων
459 5078 689 5146 διάγειν.

200 5160 273 5214 Τὰ
299 5166 467 5235 χείλη
493 5187 614 5238 μου
645 5171 1048 5231 ἐπαινέσουσι
1074 5193 1169 5232 σε.
1219 5180 1318 5234 Διὰ
1381 5182 1539 5237 τοῦτο
1597 5190 1690 5239 καὶ

121 5250 349 5323 ὑμνήσω
381 5276 462 5314 σε.

194 5348 380 5416 Οὕτως
403 5355 722 5431 εὐλογήσω
752 5374 826 5411 σε
849 5358 919 5412 ἐν
943 5358 1017 5428 τῇ
1045 5360 1160 5429 ζωῇ
1182 5380 1323 5430 μου.
1374 5364 1559 5428 Οὕτως
1615 5369 1689 5431 ὡς

125 5437 242 5503 νῦν,
260 5445 528 5500 τουτέστιν
559 5449 890 5519 εἰλικρινῶς,
914 5455 1215 5519 τουτέστιν,
1248 5458 1306 5524 ἐξ
1336 5458 1466 5529 ὅλης
1487 5460 1687 5532 ψυχῆς.

212 5622 306 5677 Ἐν
328 5626 404 5693 τῷ
433 5630 681 5697 ὀνόματί
701 5646 817 5687 σου
857 5631 978 5702 αρῶ
1006 5632 1111 5700 τὰς
1140 5636 1345 5704 χεῖράς
1400 5658 1541 5706 μου.
1596 5641 1688 5701 Εἰς

122 5716 188 5768 σὲ
217 5720 367 5786 μόνον
399 5723 605 5777 ἐκτενῶ
633 5724 730 5787 τὰς
763 5727 951 5798 χεῖράς
990 5747 1113 5798 μου.
1142 5733 1209 5784 Ἢ
1251 5733 1309 5784 τδ
1364 5733 1455 5784 σὺν
1516 5734 1686 5802 ὄνομα

121 5812 542 5884 ἐπικαλούμενος
568 5817 774 5873 ἔκτενῶ
799 5820 991 5887 αὑτὰς,
1027 5823 1121 5876 καὶ
1169 5826 1268 5895 οὐχ
1318 5824 1506 5896 ἕτερον
1562 5843 1684 5880 τινα

122 5900 233 5955 τῶν
261 5905 527 5965 ἁπάντων.

1808 3330 2034 3397 solatio,
2073 3346 2256 3389 meum
2297 3346 2427 3402 erga
2469 3340 2523 3387 te
2562 3330 2898 3387 desiderium
2950 3330 3172 3383 minime
3201 3326 3383 3380 iniuria

1802 3436 1960 3481 nuat.

1871 3516 1958 3572 Sic
1990 3518 2042 3572 in
2081 3526 2266 3572 sancto
2302 3516 2530 3585 apparui
2570 3516 2687 3569 tibi.
2728 3514 2841 3570 Hoc
2871 3522 3034 3584 pacto
3066 3514 3378 3582 dispositus

1802 3610 2030 3680 apparui
2067 3610 2165 3663 tibi
2217 3611 2270 3663 in
2326 3608 2684 3664 tabernaculo
2716 3623 2869 3675 cum,
2917 3605 2979 3661 ut
3009 3608 3095 3662 lex
3128 3606 3380 3671 mandat,

1802 3707 2041 3762 colerem
2100 3714 2153 3760 te
2182 3704 2299 3777 (per
2331 3716 2576 3760 sanctum
2607 3704 2754 3760 enim
2793 3705 2970 3772 ipsum
3007 3702 3268 3774 intelligit
3297 3710 3382 3757 ta-

1803 3797 2211 3868 bernaculum),
2248 3807 2307 3852 ut
2332 3813 2480 3853 nunc
2512 3796 2743 3851 allectus
2774 3810 2919 3858 sum,
2950 3803 3004 3850 et
3029 3808 3225 3850 sensus
3249 3802 3335 3850 est
3363 3812 3378 3849 :

1799 3891 1945 3960 quod
1972 3890 2026 3943 in
2050 3891 2429 3954 tabernaculo,
2458 3900 2512 3945 et
2545 3904 2696 3945 nunc
2747 3888 2801 3943 in
2835 3888 3079 3953 deserto,
3107 3888 3377 3958 aequalem

1800 3996 1929 4051 erga
1962 3980 2129 4036 Deum
2160 3981 2521 4038 all'ectionem
2570 3990 2627 4039 et
2672 3979 3116 4037 benevolentiam
3153 3994 3383 4036 conser—

1799 4074 1969 4131 vavit.

1875 4165 1940 4220 Ut
1968 4166 2192 4223 viderem
2237 4169 2484 4223 virtutem
2513 4181 2663 4222 tuam
2704 4176 2755 4222 et
2788 4167 3019 4239 gloriam
3049 4176 3221 4221 tuam.
3260 4164 3381 4222 lloc

1799 4266 1983 4313 autem
2023 4258 2168 4314 iacio
2227 4269 2286 4315 ut
2331 4260 2594 4316 virtutem
2643 4275 2709 4315 ac
2753 4261 3074 4329 potentiam.
3108 4267 3258 4313 tuam
3298 4259 3382 4313 vi¢

1799 4349 1955 4404 deam
1984 4350 2247 4404 adversus
2282 4350 2539 4404 inimicos
2570 4365 2741 4413 meos,
2776 4365 2915 4420 quos
2948 4366 2993 4404 at
3015 4359 3067 4405 te
3106 4348 3379 4420 tugandos

1799 4457 1959 4512 spero
1997 4461 2010 4496 :
2040 4451 2094 4497 et
2119 4443 2394 4505 similiter,
2434 4452 2493 4497 ut
2520 4442 2733 4497 videam
2765 4442 2997 4513 gloriam
3030 4450 3206 4507 tuam,
3244 4442 3375 4497 dum

1800 4550 1993 4589 etnnes
2046 4542 2098 4588 te
2154 4534 2506 4605 gloriﬁcant,
2556 4535 2719 4606 quod
2793 4536 3027 4605 adjuves
3083 4544 3379 4605 sperantes

1804 4629 1857 4683 in
1883 4636 1954 4682 te.

1874 4720 2040 4775 Vsus.
2082 4722 2139 4777 4.
2182 4722 2452 4789 Quoniam
2502 4722 2689 4778 melior
2738 4732 2819 4779 est
2868 4723 3236 4779 misericordia
3284 4732 3377 4777 tua

1801 4829 1956 4882 super
1990 4814 2152 4872 vitae.
2183 4812 2334 4868 Vitas
2365 4814 2577 4871 deliciis
2597 4815 2813 4873 deditas
2845 4816 2979 4872 dicit
3038 4824 3091 4871 et
3122 4816 3377 4885 volupta-

1799 4904 1969 4959 tibus.
1996 4903 2250 4971 Praeslat,
2275 4904 2479 4975 inquit,
2517 4917 2577 4961 ut
2611 4907 2665 4960 in
2717 4908 2953 4965 deserto—
2993 4918 3139 4961 tuam
3174 4922 3369 4961 cense-

1796 5014 1936 5067 quar
1968 5000 2614 5072 misericordiam,quam
2643 5003 2686 5058 si
2724 5004 2776 5058 in
2824 5003 3037 5058 deliciis
3090 5019 3153 5058 ac
3211 5003 3370 5057 volu-

1796 5091 2041 5159 ptatibus
2078 5092 2336 5149 humanis
2371 5093 2589 5164 degam.

1867 5184 2037 5238 Labia
2074 5202 2188 5240 mea
2223 5186 2520 5241 laudabunt
2557 5196 2628 5241 te.
2659 5186 2723 5240 Et
2760 5188 2907 5251 ideo,
2946 5186 3146 5257 inquit,
3184 5200 3285 5256 ego
3318 5195 3368 5241 te

1794 5274 2053 5330 laudabo.

1869 5365 2033 5419 Vsus.
2077 5365 2130 5421 5.
2174 5364 2262 5420 Sic
2312 5365 2617 5419 benedicam
2665 5375 2715 5419 te
2761 5380 2813 5415 ιιι
2856 5364 2962 5416 vita
3016 5362 3275 5429 mea.Sic,
3308 5373 3367 5417 ut

1795 5474 1940 5512 nunc
2000 5457 2191 5523 facio,
2250 5458 2466 5513 sincere
2560 5457 2819 5509 nimirum
2903 5462 3068 5523 atque
3128 5472 3192 5509 ex
3252 5466 3363 5513 tota

1793 5549 1999 5603 anima.

1867 5638 1930 5693 In
1962 5642 2171 5693 nomine
2197 5651 2285 5694 tuo
2317 5639 2496 5695 levabo
2538 5656 2725 5693 manus
2758 5654 2921 5693 meas.
2960 5640 3041 5692 Ad
3077 5647 3129 5692 te
3168 5654 3360 5704 unum,

1794 5734 1992 5800 inquit,
2038 5749 2233 5787 manus
2280 5749 2430 5787 meas
2482 5734 2797 5788 extendam.
2828 5731 2946 5795 Vel,
2984 5732 3238 5788 invocato
3267 5743 3361 5786 tuo

1793 5826 2015 5881 nomine
2068 5843 2160 5883 eas
2206 5828 2519 5895 extendam,
2577 5840 2630 5885 et
2677 5828 2891 5885 nullum
2936 5825 3089 5884 aiiud
3139 5840 3360 5897 poscam

1792 5920 2084 5976 auxilium.
