3774 6540
141 425 233 490 τιιὸ

1258 413 1646 481 COMMENT.
1692 409 1774 472 IN
1812 411 2153 476 PSALMOS

3223 416 3336 483 διο

144 537 312 610 Win
351 533 495 603 ἡμᾶς
532 533 795 602 ἀνατολὴ
824 533 892 599 ἐξ
924 535 1195 605 τῠψουςγ
1225 535 1325 589 και
1374 533 1675 604 ἐμέθυσας

1786 530 1830 574 et
1860 536 2053 581 omnes
2090 531 2280 596 gentes
2307 525 2360 580 in
2389 539 2452 583 ea
2484 525 2791 585 habitantes
2829 527 3070 584 visitavit
3097 568 3112 594 ,
3163 540 3218 583 et
3269 531 3338 586 de

143 627 315 692 αὐτὴν
348 625 417 692 τῷ
439 624 563 691 οἴνῳ
582 623 679 692 τῆς
705 625 1072 692 κατανύξεως,
1107 626 1182 690 ὡς
1216 628 1274 680 ὲν
1305 625 1384 696 τῷ
1412 630 1467 689 ς’
1501 625 1669 691 στίχῳ

1786 629 1884 683 quo
1911 613 2118 671 dictum
2150 625 2236 673 est
2262 621 2404 688 quod
2438 618 2681 676 Visitat'it
2711 636 2805 676 nos
2827 623 3000 677 oriens
3026 639 3092 678 ex
3128 623 3241 678 alto
3269 619 3336 691 ";

142 719 226 774 τοῦ
262 716 333 769 νθ⁹
361 715 576 785 ψαλμοῦ
605 715 748 770 κατά
775 717 1070 788 ἀναγωγὴν
1113 716 1530 789 ἐξηγησάμεθα.
1586 714 1674 768 Ἐ-

144 811 397 880 πλήθυνας
419 811 520 879 τὴν
559 808 920 878 εὐαγγελικὴν
959 810 1202 880 άρδείαν,
1231 811 1320 863 ῐνα
1377 808 1673 878 πλουτίσης

139 901 226 972 τὴν
258 898 548 970 εἰρημένην
577 899 683 969 γῆν
716 900 962 971 ἀρεταῖς.
999 901 1252 972 Ποταμδς
1299 900 1357 955 δὲ
1387 900 1482 954 τοῦ
1537 898 1670 954 Θεοῦ

137 991 362 1058 ὁΣωτὴρ
392 989 549 1058 ἡμῶν
595 989 820 1060 Ἰησοῦς.
864 990 1076 1045 ’Υδατα
1123 990 1180 1044 δὲ
1223 991 1281 1044 αί
1337 987 1674 1044 διδασκαλίαι

138 1081 303 1136 αὐτοῦ.
332 1070 443 1134 Τοῦ
460 1069 727 1149 ποταμοῦ
755 1081 886 1151 γὰρ,
914 1083 1070 1152 φησὶ,
1111 1081 1184 1136 τὰ
1233 1084 1542 1152 ὀρμήματα
1577 1083 1676 1136 εὐ-

136 1170 429 1242 φραίνουσι
469 1170 584 1239 τὴν
612 1174 800 1227 πόλιν
825 1175 935 1229 τοῦ
964 1174 1132 1241 Θεοῦ,
1154 1173 1229 1239 ὡς
1251 1176 1311 1230 ὲν
1336 1175 1414 1244 τῷ
1435 1172 1482 1240 ζ’
1508 1173 1676 1244 στίχῳ

136 1266 217 1317 τοῦ
243 1270 320 1332 με’
344 1263 563 1332 ψαλμοῦ
596 1265 1027 1338 πρώιελάὸομεν
1052 1284 1068 1299 ο
1100 1267 1209 1321 ἀπὸ
1243 1266 1434 1321 τούτου
1496 1267 1554 1320 δὲ
1578 1265 1674 1320 τοῦ

135 1354 362 1424 ποταμοῦ
395 1355 574 1426 ὀχετοὶ
623 1356 925 1428 ἐρρύησαν,
960 1359 1012 1412 oi
1047 1359 1375 1420 ἀπόστολοι,
1423 1357 1517 1413 καὶ
1576 1359 1674 1428 ἦρι

134 1448 311 1501 δευσαν
341 1447 469 1517 ὃλην
494 1446 592 1517 τὴν
608 1448 958 1519 οἰκουμένην.
1002 1449 1342 1521 Ἤτοίμασας
1374 1449 1431 1502 δὲ
1458 1448 1554 1519 τὴν
1588 1447 1678 1500 λο-

133 1537 274 1609 γικὴν
296 1536 502 1608 τροφὴν
536 1537 718 1593 αὐτῶν
751 1539 861 1594 τῶν
907 1540 1098 1597 ὲθνῶν.
1165 1540 1333 1604 Αὐτὸς
1371 1541 1480 1609 γάρ
1508 1537 1678 1609 αὐτὴν

136 1629 403 1693 σκευάσας,
427 1629 516 1683 διὰ
539 1629 650 1683 τῶν
681 1630 1002 1702 θεοπρεπῶν
1015 1632 1324 1704 δογμάτων,
1354 1631 1678 1703 παρέδωκας

134 1724 232 1784 τοῖς
255 1719 572 1786 ἀποστόλοις
591 1721 994 1792 ἐντειλάμενος,
1028 1724 1146 1788 πῶς
1170 1724 1252 1778 δεῖ
1294 1724 1518 1794 τρέφειν
1555 1740 1677 1776 πει-

1775 707 1868 775 qui
1895 709 2056 761 etiam
2084 708 2375 764 inebriavit
2393 720 2592 766 terram
2627 713 2752 768 vino
2771 715 2864 767 illo
2878 715 3340 784 compunctionis,

1776 796 1844 852 de
1877 813 1986 866 quo
2049 800 2105 855 in
2163 814 2320 858 sexto
2379 805 2651 859 versiculo
2709 806 2952 860 diximus
3001 807 3192 874 psalmi
3222 823 3332 868 th.

1777 905 2002 948 sensum
2038 893 2314 950 tradentes
2381 897 2756 968 anagogicum.
2800 898 3173 968 Multiplicavit
3201 915 3341 970 prae

1777 993 1924 1041 terea
1972 990 2344 1061 irrigationem
2376 991 2741 1058 evangelicam
2764 1028 2780 1053 ,
2815 999 2876 1044 ut
2912 998 3112 1047 terram
3164 993 3340 1050 illam.

1777 1093 1942 1146 quam
1994 1080 2288 1146 diximus,
2347 1081 2608 1133 virtutum
2674 1080 2946 1136 fructibus
3002 1079 3342 1136 fecundaret.

1777 1168 2007 1225 Flumen
2043 1181 2228 1238 autem
2289 1173 2380 1228 Dei
2435 1171 2688 1226 Salvator
2720 1180 2909 1226 noster
2946 1179 3025 1226 est
3051 1171 3210 1227 Jesus
3237 1211 3253 1236 ,
3290 1181 3344 1227 et

1779 1277 1935 1331 aquae
1989 1261 2230 1320 ﬂuminis
2301 1263 2630 1334 multiplices
2681 1272 2812 1320 sunt
2889 1263 3011 1334 eius
3060 1264 3344 1319 doctrinae.

1779 1350 2046 1409 Fluminis
2080 1357 2226 1410 enim
2247 1395 2263 1421 ,
2297 1356 2509 1426 inquit,
2553 1358 2772 1424 impetus
2803 1356 3040 1427 lmtiﬁcat
3085 1357 3347 1411 civitatem

1778 1442 1896 1509 Dei,
1928 1444 2386 1513 quemadmodum
2425 1446 2479 1500 in
2532 1461 2635 1501 xu
2690 1447 2940 1516 psalmo,
2982 1445 3253 1502 versiculo
3290 1445 3345 1513 7,

1779 1535 2201 1591 declaravimus.
2239 1537 2323 1592 Ab
2355 1537 2458 1592 hoc
2485 1537 2712 1593 ﬂumine
2748 1539 2908 1594 rivuli
2943 1540 3161 1608 quidam
3183 1539 3352 1594 deﬁu-

1781 1640 2012 1696 xerunt,
2043 1632 2216 1686 sancti
2255 1631 2516 1686 nimirum
2565 1632 2831 1702 apostoli,
2884 1633 2980 1703 qtti
3036 1634 3349 1689 universam

1779 1725 2132 1794 postmodum
2148 1735 2348 1780 terram
2371 1724 2692 1796 irrigarunt.
2715 1723 2794 1779 Tu
2817 1725 2980 1779 etiam
3011 1725 3349 1792 praeparasti,

136 1813 292 1874 νὼσας
323 1811 500 1882 ψυχάς
532 1827 549 1844 ο
578 1812 661 1866 δτι
685 1810 859 1875 οὕτως
888 1814 1036 1866 ἐστὶν
1062 1816 1094 1883 ὴ
1137 1814 1344 1884 ἀληθὴς
1390 1813 1678 1884 ἑτοιμασία

1786 1817 1979 1885 inquit,
2014 1817 2335 1872 rationalem
2370 1817 2590 1878 cibum,
2661 1815 2837 1872 sacris
2885 1830 2950 1870 ac
3006 1814 3207 1869 divinis
3253 1813 3353 1869 do-‘

137 1904 224 1974 τῆς
247 1902 502 1974 ἀληθινῆς
545 1902 779 1975 τροφῆς,
806 1903 882 1968 ὡς
907 1904 1071 1967 αὐτὸς
1094 1904 1422 1975 ἡτοίμασας,
1455 1905 1548 1958 καὶ
1578 1905 1677 1958 οὐκ

133 1995 306 2057 ἄλλως.
331 1993 581 2058 Δῦλακες
610 1995 666 2048 δὲ
688 1994 788 2065 τῆς
804 1995 1138 2068 δηλωθείσης
1160 1999 1282 2066 γῆς,
1316 1997 1382 2050 τὰ
1405 1996 1540 2066 βάθη
1568 1997 1677 2050 τῶν

134 2087 345 2160 καρδιῶν
369 2087 480 2140 τῶν
507 2085 844 2158 ὀνθρώπων,
877 2087 943 2152 ἃς
976 2086 1118 2157 ἄγαν
1151 2087 1678 2159 ἁρδευθῆναιπαρα-

133 2177 286 2242 καλεῖ,
316 2177 390 2241 ὡς
421 2176 870 2250 ὲκῦακχευθῆναι
901 2179 1038 2250 πρὸς
1064 2179 1154 2233 τὸν
1181 2180 1262 2244 είς
1283 2180 1419 2234 Θεὸν
1475 2181 1674 2249 ἔρωτα,

135 2273 214 2326 καὶ
233 2272 477 2340 ἐκστῆναι
512 2271 624 2341 μὲν
662 2271 844 2344 πάσης
871 2271 1240 2344 σκληρότητος
1264 2314 1280 2338 ,
1308 2274 1679 2344 άπαλυνθῆναι

134 2364 180 2416 δὲ
199 2363 319 2434 πρὸς
350 2363 694 2435 ἡμερᾶτητα.
721 2364 1044 2437 Γεννήματα
1074 2365 1132 2420 δὲ
1168 2366 1339 2435 αὐτῆς
1369 2367 1426 2418 αἱ
1462 2367 1676 2436 ἀρεταὶ,

137 2459 198 2520 ὡς
229 2455 427 2528 καρπὸς
487 2456 604 2526 τῆς
649 2457 908 2522 πίστεως.
955 2457 1226 2525 Σταγόνες
1270 2458 1326 2512 δὲ
1373 2455 1568 2527 αὐτῆς,
1621 2461 1678 2513 αἱ
1715 2523 1720 2526 _

136 2549 224 2603 ἀπὸ
254 2549 354 2602 τῶν
368 2548 742 2611 διδασκαλιῶν
769 2549 1066 2615 στάζουσαι
1087 2549 1325 2620 ψεκάδες
1378 2553 1478 2622 τῆς
1529 2552 1680 2606 διδα-

137 2645 220 2712 χῆς
237 2658 250 2673 ·
280 2640 308 2711 ἢ
335 2640 427 2694 καὶ
453 2639 538 2694 τὰ
569 2641 679 2694 ἀπὸ
727 2640 836 2695 τῶν
859 2641 1022 2696 θείων
1046 2642 1279 2712 Γραφῶν
1304 2643 1681 2713 ἐκσταζόμενα

136 2735 372 2803 νοήματα,
400 2731 438 2786 ἃ
469 2735 577 2787 καὶ
614 2731 690 2797 ὡς
732 2731 920 2803 δρόσος
963 2733 1260 2799 πιαίνουσι,
1311 2733 1402 2802 ὑφ’
1461 2730 1536 2788 ῶν
1589 2736 1682 2788 εὐ-

139 2825 475 2896 φρανθήσεται
524 2823 803 2878 θάλλουσα
827 2824 920 2877 καὶ
958 2823 1299 2898 αὐξανομένη
1320 2842 1335 2856 °
1376 2826 1472 2880 καὶ
1503 2828 1686 2880 ἐνιαυ-

137 2920 210 2983 τὸς
233 2920 322 2990 μὲν
347 2919 746 2989 χρηστότητος,
783 2919 812 2971 ό
849 2917 1217 2988 χρηστότατος
1247 2918 1439 2990 καιρὸς
1469 2919 1564 2972 τοῦ
1590 2937 1684 2991 κη-

139 3012 403 3084 ρῦγματος.
437 3013 509 3064 Στ
525 3013 727 3081 έφανος
749 3010 808 3064 δὲ
829 3008 1000 3065 αὑτοῦ
1027 3013 1054 3064 ὁ
1077 3011 1339 3082 Χριστὸς,
1367 3010 1443 3075 ὡς
1474 3011 1684 3082 κοσμη-

142 3123 220 3170 σας
244 3107 329 3158 καὶ
358 3105 723 3175 καθωραῖσας
750 3102 914 3158 αὐτὸν
940 3104 998 3158 ἐν
1033 3102 1181 3176 ἔργῳ
1213 3105 1310 3158 καὶ
1337 3103 1501 3174 λόγῳ.
1541 3104 1686 3175 Πρὸς

1779 1907 2054 1979 gmatihus
2073 1909 2180 1962 tuis
2203 1907 2537 1975 confectum,
2560 1916 2611 1963 et
2627 1906 2902 1962 tradidisti
2924 1921 3048 1961 eum
3067 1907 3352 1976 apostolis,

1781 2000 2002 2054 modum
2035 2001 2290 2055 nimirum
2326 2013 2390 2054 ac
2418 2000 2683 2055 rationem
2715 1998 2918 2054 docens
2945 2041 2958 2063 ,
2991 1998 3194 2066 quibus
3219 2014 3351 2053 esu-

1782 2093 1982 2146 rientes
2016 2107 2237 2161 pascere
2288 2091 2504 2146 animas
2545 2100 2868 2161 oporteret:
2921 2091 3180 2160 quoniam
3238 2094 3350 2147 veri

1781 2187 1894 2241 cibi
1928 2187 2256 2254 praeparatio
2310 2184 2625 2253 hujusmodi
2685 2192 2809 2249 cst,
2870 2190 2928 2237 ιιι
2983 2199 3048 2238 eo
3093 2183 3349 2236 nimirum

1783 2278 1944 2333 modo
1985 2278 2330 2343 conﬁciatur,
2361 2291 2470 2346 quo
2497 2285 2553 2332 tu
2591 2277 2914 2348 praeparasti
2938 2285 2993 2331 et
3033 2291 3142 2332 non
3176 2275 3352 2330 aliter.

1782 2369 1884 2423 Per
1912 2368 2097 2424 sulcos
2126 2368 2288 2423 etiam
2331 2367 2479 2421 illius
2508 2375 2668 2421 terra
2692 2405 2708 2429 ,
2747 2365 3015 2437 profunda
3069 2365 3350 2418 hominum

1783 2460 1950 2515 corda
1985 2459 2339 2528 intelligimus
2375 2472 2555 2528 :quos
2577 2458 2762 2514 sulcos
2791 2457 2926 2512 adeo
2953 2457 3168 2527 irrigari
3199 2456 3356 2526 jubet

1782 2549 2075 2620 Propheta,
2106 2560 2164 2602 ut
2198 2549 2386 2603 divino
2415 2563 2602 2603 amore
2633 2547 3008 2609 inebrientur,
3057 2555 3226 2616 utque
3283 2547 3351 2601 ab

1781 2643 1930 2697 omni
1963 2639 2221 2695 recedant
2258 2640 2486 2702 duritie,
2510 2649 2565 2694 et
2595 2638 2660 2693 ad
2697 2636 3170 2692 mansuetudinem
3217 2636 3357 2690 mol-

1783 2733 2006 2788 llantur.
2036 2731 2292 2800 Ejusdem
2329 2739 2592 2800 praeterea
2627 2731 2872 2800 germina
2935 2730 3168 2785 virtutes
3201 2738 3352 2794 sunt,

1784 2824 1950 2880 veluti
1980 2823 2373 2894 elegantissimi
2425 2823 2548 2877 ﬁdei
2599 2821 2854 2888 fructus;
2906 2830 2960 2876 et
3003 2833 3186 2892 guttas
3234 2821 3357 2889 ejus

1783 2930 1880 2980 eas
1911 2931 2035 2972 esse
2076 2915 2449 2985 intelligimus,
2477 2930 2596 2985 quae
2629 2929 2661 2968 a
2689 2913 2941 2969 doctrina
2997 2927 3167 2968 sacrae
3222 2913 3352 2968 stil-

1786 3008 1900 3063 lant
1931 3008 2275 3078 disciplinze,
2307 3006 2389 3060 vel
2417 3007 2768 3062 sublimiores
2823 3021 3018 3062 sensus
3068 3020 3098 3059 a
3157 3005 3363 3060 divinis

1785 3105 2105 3153 emanantcs
2152 3095 2496 3166 Scripturis,
2538 3097 2631 3166 qui
2687 3095 2831 3151 roris
2883 3097 3058 3151 instar
3114 3094 3356 3150 ﬁdelium

139 3198 212 3251 τὸν
236 3196 447 3267 Πατέρα
471 3195 544 3250 δὲ
563 3194 657 3249 τὸν
687 3194 846 3264 λόγον
903 3195 1160 3258 ἀνοίσεις.
1201 3194 1285 3248 ὅτι
1343 3195 1682 3265 εὑλογήσεις,

1787 3185 2003 3242 animas
2037 3185 2406 3258 impinguant,
2438 3196 2492 3241 et
2519 3193 2782 3256 pmterca
2811 3186 3016 3257 quibus
3048 3194 3191 3242 terra
3226 3185 3317 3240 illa
3337 3222 3362 3251 ,

141 3292 162 3342 ὃ
209 3290 365 3352 ἐστιν,
417 3287 777 3359 εὐφημῆσεις
830 3287 927 3340 καὶ
982 3286 1315 3350 ἐπαινέσεις.
1368 3285 1524 3339 Οὕτω
1577 3285 1685 3356 γὰρ

141 3383 218 3435 καὶ
282 3381 594 3448 πεποίηκεν
658 3379 872 3433 εἰπών’
937 3374 1127 3444 Οὗτός
1186 3378 1359 3432 ἐστιν
1441 3381 1474 3431 ό
1555 3378 1688 3443 Υιός

136 3491 233 3541 μου
287 3476 318 3528 ό
377 3471 719 3544 ἀγαπητὸς,
775 3472 846 3525 ἐν
907 3463 955 3539 ᾧ
1019 3471 1360 3539 ηὑδόκησα.
1420 3473 1554 3542 Περὶ
1629 3473 1687 3527 δὲ

140 3566 233 3620 τῶν
259 3565 472 3631 πεδίων,
501 3565 611 3618 καὶ
642 3563 751 3617 τῶν
805 3563 1033 3634 βουνῶν,
1073 3563 1168 3616 καὶ
1235 3563 1346 3616 τῶν
1425 3564 1687 3618 κοιλάδων

140 3657 274 3727 ἀτιλῷ
303 3657 446 3728 λόγῳ
499 3656 713 3725 φαμὲν,
771 3655 854 3710 ὅτι
914 3654 1276 3727 προαγορεύει
1343 3654 1404 3709 τδ
1461 3655 1688 3725 Πνεῦμα

142 3751 192 3802 τὸ
251 3750 401 3818 ἅγιον
437 3751 523 3813 ὡς
578 3748 687 3816 ἄρα
751 3748 862 3811 πᾶς
940 3747 1108 3811 τόπος
1177 3745 1497 3812 ὑποδέξεται
1562 3747 1691 3810 τοὺς

143 3843 363 3906 πιστούς.
394 3842 478 3896 Τά
531 3839 687 3894 πεδία
732 3840 853 3911 μὲν,
904 3840 1034 3904 τοὺς
1087 3841 1383 3910 ιιληρικοὺς
1433 3840 1541 3894 τῶν
1595 3841 1691 3894 ὲκ-

146 3933 363 4003 κλησιῶν
394 3950 411 3967 ·
441 3934 522 3987 τὰ
548 3933 651 4004 ὅρη
671 3933 752 3995 δὲ,
780 3932 908 3998 τοὺς
979 3933 1346 4004 ἀναχωρητάς
1370 3951 1385 3965 ·
1447 3934 1505 3987 αἱ
1582 3949 1696 3986 κοι-

141 4025 275 4088 λάδες
317 4025 395 4088 δὲ,
443 4025 578 4089 τοὺς
625 4023 1008 4093 σηλαιὼταςο
1069 4024 1121 4078 οἶ
1181 4025 1279 4079 καὶ
1324 4025 1518 4096 πιότης
1579 4027 1694 4089 τοῖς

141 4116 378 4180 τοιούτοις
405 4116 630 4170 ἔσονται
664 4117 874 4180 τόποις,
911 4117 1005 4170 καὶ
1027 4116 1368 4185 ἀγαλλίασις,
1398 4117 1495 4169 καὶ
1522 4119 1690 4179 σῖτοςο

143 4204 248 4262 Εἶεν
274 4209 315 4262 δ’
347 4208 413 4262 ἂν
439 4208 545 4262 καλ⁵
561 4207 736 4271 ἄλλως
767 4209 924 4261 πεδία
955 4210 1074 4279 μὲν,
1105 4210 1160 4264 αἱ
1189 4208 1452 4264 ταπειναὶ
1499 4209 1691 4279 ψυχαὶ,

142 4301 207 4369 τῷ
231 4301 394 4371 μηδὲν
424 4301 655 4371 φρονεῖν
684 4299 888 4370 ὑψηλόν
923 4315 939 4330 ⁸
985 4300 1088 4371 δρη
1146 4301 1226 4366 δὲ,
1277 4302 1335 4354 αἱ
1381 4302 1694 4372 ἐπηρμέναι

139 4395 195 4460 τῇ
229 4393 426 4464 ματαία
453 4391 625 4463 σοφίᾳ
648 4408 662 4422 ο
697 4391 1047 4458 κοιλάδεςοδὲ,
1075 4393 1135 4446 ai
1157 4395 1238 4456 είς
1289 4392 1452 4462 βάθος
1509 4394 1694 4463 ἀμαρ-

142 4482 256 4537 τιῶν
283 4485 750 4556 κατολισθήσασαι
783 4502 797 4517 ο
834 4485 1015 4554 ὡραῖα
1039 4484 1094 4537 δὲ
1147 4486 1246 4554 τῆς
1311 4488 1436 4538 κατ’
1489 4487 1693 4557 ἀρετὴν

141 4576 332 4645 ἐρήμου
367 4576 500 4646 γῆς,
523 4577 580 4630 αἱ
611 4576 910 4648 ἐπιτήδειοι
935 4574 1108 4645 ψυχαὶ
1131 4576 1268 4647 πρὸς
1291 4577 1690 4648 καρποφορίαν·

137 4666 270 4728 κριοὶ
297 4665 353 4718 δὲ
385 4667 500 4719 τῶν
525 4665 844 4736 προϐάτων,
888 4666 941 4718 οἱ
988 4665 1298 4732 ἀπόστολοι,
1353 4667 1428 4730 ὡς
1477 4668 1696 4738 ἐξιρχοι

142 4754 235 4808 τῶν
293 4755 536 4824 λογικῶν
605 4755 702 4810 τοῦ
759 4756 1004 4824 Χριστοῦ
1082 4757 1442 4829 θρεμμάτων,
1503 4760 1554 4813 οῖ
1604 4761 1699 4813 καὶ

141 4845 447 4900 ἐνεδύσαντο
494 4846 594 4917 τὴν
620 4845 784 4918 χάριν
823 4844 916 4899 τοῦ
944 4846 1102 4914 ἁγίου
1162 4847 1497 4917 Πνεύματος,
1531 4851 1588 4902 ὲν
1621 4849 1699 4918 τῷ

138 4936 298 5008 καιρῷ
318 4938 417 5007 τῆς
445 4937 855 5006 Πεντηκοστῆς,
899 4936 1042 4990 κατά
1062 4936 1125 4989 τό
1144 4953 1157 4967 ·
1204 4936 1403 5008 ’Υμεῖς
1440 4937 1510 4991 δὲ
1548 4943 1692 4995 καθα

138 5028 291 5081 ίσατε
337 5029 410 5081 ἐν
446 5026 525 5096 τῇ
570 5027 744 5081 πόλει
786 5025 1195 5097 Ἰερουσαλὴμ,
1224 5027 1334 5093 ἕως
1374 5027 1452 5082 ἂν
1513 5028 1690 5084 ἐνδύ-

136 5118 314 5182 σησθε
343 5114 608 5184 δύναμιν
639 5115 707 5180 ἐξ
757 5115 954 5183 ὕψους
973 5131 988 5146 °
1019 5115 1056 5185 ἢ
1081 5117 1174 5170 καὶ
1206 5115 1255 5168 oi
1302 5117 1444 5170 κα,τά
1491 5117 1691 5182 τόπους

138 5203 410 5257 ἐπίσκοποι
429 5205 531 5257 καὶ
555 5204 742 5274 ἱερεῖς,
776 5204 827 5257 οἳ
861 5203 1181 5257 ἑνεδύσαντο
1229 5204 1319 5258 διὰ
1371 5206 1468 5258 τοῦ
1495 5205 1690 5275 βαπτί-

139 5309 331 5362 σματος
362 5297 458 5347 τὸν
488 5295 726 5350 Χριστόν
749 5311 763 5325 ·
799 5295 979 5348 Ὅσοι
1002 5297 1131 5365 γὰρ.
1167 5298 1358 5366 φησιν,
1417 5299 1506 5364 εἰς
1552 5300 1688 5365 Χρι-

137 5382 276 5436 στόν
305 5386 733 5454 ἐϐαπτίσθητε,
758 5385 1017 5454 Χριστὸν
1035 5386 1432 5443 ἐνεδύσασθε.
1464 5389 1584 5460 Χρὴ
1635 5388 1692 5442 δὲ

137 5475 222 5526 καὶ
256 5475 416 5530 τοῦτο
451 5479 648 5542 εἰπεῖν,
677 5477 760 5530 ὅτι
791 5475 890 5546 οὐχ
922 5477 1251 5546 εὑρίσκομεν
1287 5479 1408 5532 καθ’
1447 5482 1692 5551 ἱστορίαν

137 5568 381 5640 τοιαύτης
407 5569 740 5636 ἀξιωθέντας
769 5569 1056 5640 εὐετηρίας
1109 5573 1234 5633 τοὺς
1295 5573 1691 5648 ἐπανελθόντας

229 5833 272 5864 ’⁸
303 5834 440 5891 Luc».
497 5852 541 5903 t,
580 5836 671 5894 78.
745 5841 789 5871 "
827 5839 1019 5895 Matth.
1081 5855 1167 5904 ut,
1205 5837 1287 5894 Π.

1791 3292 1957 3348 quam
1987 3277 2220 3333 dicimus
2245 3321 2262 3347 ,
2292 3278 2607 3346 germinans
2639 3278 2933 3334 laetabitur.
2984 3278 3176 3332 Annus
3227 3275 3354 3330 item

1791 3366 2141 3438 benignitatis
2195 3371 2463 3440 Optimum
2500 3368 2906 3441 pradicationis
2942 3376 3158 3436 tempus
3187 3366 3360 3436 signi-

1792 3469 1940 3532 ﬁcat,
1975 3463 2135 3534 cujus
2168 3462 2296 3517 anni
2353 3476 2557 3517 corona
2609 3458 2870 3516 Christus
2916 3467 3040 3522 est,
3095 3473 3161 3514 eo
3209 3457 3356 3528 quod

1792 3557 1965 3628 ipsius
2002 3563 2210 3609 tantum
2241 3553 2446 3608 Christi
2474 3551 2831 3608 sermonibus
2880 3559 3043 3620 atque
3079 3551 3358 3620 operatio—

1791 3649 1954 3704 nibus
1983 3644 2387 3718 praedicationis
2417 3653 2632 3713 tempus
2661 3651 2912 3704 ornatur,
2942 3657 3005 3697 ac
3032 3640 3360 3696 decentissi-

1792 3758 1940 3797 mum
1981 3741 2244 3794 redditur.
2289 3737 2412 3793 Haec
2445 3745 2624 3792 autem
2655 3735 2818 3791 verba
2849 3736 2916 3790 ad
2949 3734 3162 3789 Patrem
3214 3732 3360 3788 refe-

1791 3832 1960 3887 renda
1991 3840 2120 3887 sunt
2161 3847 2175 3884 :
2214 3829 2316 3893 Tu,
2350 3828 2547 3897 inquit,
2581 3826 2759 3892 Pa:er,
2792 3826 2842 3881 ei
2887 3825 3176 3881 benediccs
3203 3862 3218 3884 ,
3259 3823 3368 3878 hoc

1793 3935 1905 3992 est,
1933 3924 2188 3979 laudabis
2217 3938 2364 3987 eum,
2399 3921 2547 3978 sicut
2589 3928 2644 3974 et
2677 3919 2872 3974 fecisse
2907 3932 3032 3974 eum
3088 3916 3317 3987 legimus
3341 3953 3367 3982 ,

1792 4019 2012 4089 quando
2051 4017 2128 4071 ait.
2157 4033 2172 4069 :
2207 4016 2311 4070 Hic
2341 4023 2419 4069 est
2455 4011 2631 4068 Filius
2683 4029 2828 4067 metu
2883 4011 3144 4076 dilectus,
3167 4011 3224 4064 in
3261 4025 3366 4079 quo

1796 4110 1928 4164 mihi
1950 4108 2246 4177 eomplacui
2278 4108 2344 4161 ".
2385 4104 2460 4161 De
2491 4105 2700 4174 campis
2739 4112 2918 4159 autem
2944 4142 2962 4169 ,
2993 4103 3360 4171 collibusque,

1793 4209 1849 4258 et
1889 4200 2143 4264 vallibus,
2176 4199 2229 4253 in
2265 4212 2479 4253 summa
2513 4197 2564 4250 id
2614 4195 2906 4251 dicendum
2935 4194 3146 4249 videtur
3169 4234 3184 4258 ,
3219 4195 3369 4263 quod

1798 4292 2058 4346 universo
2093 4289 2186 4344 illo
2215 4303 2469 4344 sermone
2497 4287 2674 4344 sancti
2713 4285 2950 4355 Spiritus
3005 4286 3368 4339 annuntiatur

1797 4383 2086 4447 adventus,
2118 4397 2184 4437 eo
2216 4380 2360 4451 quod
2385 4419 2402 4445 ,
2429 4379 2751 4436 adveniente
2781 4378 3009 4448 Spiritu,
3035 4378 3159 4432 loca
3173 4377 3356 4430 omnia

1800 4475 2050 4530 ﬁdelibus
2067 4475 2323 4544 replenda
2345 4481 2502 4527 erant
2522 4488 2535 4525 :
2555 4471 2733 4539 campi
2763 4469 2982 4540 quidem
3007 4467 3363 4523 ecclesiarum

1798 4567 2102 4634 ministris;
2134 4574 2349 4622 montes
2380 4570 2581 4629 autem,
2611 4561 3000 4626 anaehoretis;
3036 4560 3206 4613 valles
3235 4573 3372 4612 vero

1795 4662 1865 4717 iis
1886 4661 2092 4716 sanctis
2117 4659 2216 4731 qui
2247 4657 2494 4712 habitant
2517 4655 2572 4711 in
2621 4653 2920 4726 speluncis.
2951 4651 3155 4708 Omnes
3186 4659 3367 4704 autem

1797 4753 2115 4822 huiusmodi
2145 4751 2332 4807 ﬁdeles
2360 4748 2634 4821 pinguedo
2651 4745 2904 4818 quaedam
2921 4755 2976 4801 et
3002 4744 3258 4801 fertilitas
3281 4743 3371 4798 his

1799 4847 1938 4903 locis
1971 4845 2137 4900 l’nturi
2166 4851 2343 4912 erant,
2374 4853 2428 4900 et
2448 4840 2872 4898 exsultationem
2897 4846 3062 4909 atque
3085 4837 3369 4893 abundan-

1807 4938 1938 4993 tiam
1975 4936 2292 5006 prazstituri.
2336 4933 2432 4990 Vel
2474 4934 2633 4988 aliter
2657 4974 2673 5001 ,
2699 4947 2796 5004 per
2827 4946 3051 5001 campos
3082 4971 3100 4997 ,
3134 4929 3374 4984 humiles

1798 5030 2009 5085 animas
2041 5029 2344 5098 intelligere
2374 5041 2691 5096 possumus,
2717 5041 2838 5094 qua:
2859 5024 3094 5080 sublime
3117 5021 3252 5075 nihil
3276 5035 3376 5074 co-

1799 5121 1970 5190 gitant
2027 5137 2044 5177 :
2093 5130 2150 5174 et
2203 5133 2298 5188 per
2329 5126 2544 5172 montes
2577 5156 2596 5183 ,
2625 5115 2885 5171 elatiores
2921 5113 3057 5167 alias
3085 5150 3100 5176 ,
3138 5127 3257 5180 quae
3297 5111 3371 5163 ad

1798 5213 1991 5268 inanes
2017 5211 2298 5266 doctrinas
2325 5218 2379 5264 et
2425 5210 2490 5262 ad
2525 5209 2859 5264 exteriorem
2887 5206 3027 5259 hanc
3059 5203 3244 5256 mundi
3279 5218 3376 5254 sa:

1799 5304 2056 5374 pientiatn
2088 5303 2312 5356 elevata:
2333 5308 2462 5355 sunt
2490 5315 2506 5365 ;
2545 5314 2640 5368 per
2666 5298 2840 5351 valles
2861 5309 3014 5357 vero,
3039 5293 3372 5362 dejectiores

1801 5396 2062 5466 quasdam
2097 5395 2310 5448 animas
2337 5432 2352 5458 ,
2379 5405 2498 5460 qua:
2557 5390 2612 5444 in
2645 5386 2983 5459 profundum
3017 5394 3365 5454 peccatorum

1801 5489 2069 5558 prolapsa:
2104 5495 2252 5541 sunt.
2303 5484 2558 5554 Speciosa
2599 5490 2778 5534 autem
2825 5479 2968 5534 illius
3020 5488 3214 5543 terrae,
3247 5493 3374 5546 qua:

1801 5579 2018 5635 deserta
2049 5591 2169 5634 esse
2198 5575 2401 5634 dicitur
2432 5573 2728 5628 virtutibus
2761 5611 2777 5636 ,
2815 5570 3012 5626 animm
3051 5569 3156 5624 illa
3186 5577 3313 5626 sunt
3346 5605 3371 5634 ,
