3834 6580
171 480 257 547 649

1266 463 1654 530 COMMENT.
1686 459 1768 525 ΙΝ
1803 465 2166 527 I‘SALMOS.

3248 461 3359 527 i250

228 589 376 649 Πᾶσα
398 585 435 653 ἡ
456 581 527 654 γῆ
553 578 1149 651 προσκυνησάτωσαν
1175 594 1293 641 σοι,
1328 577 1423 631 καὶ
1458 574 1685 654 ψαλλὰ-

1861 573 2029 629 Vens.
2060 574 2115 630 4.
2151 572 2339 627 Omnis
2385 578 2527 626 terra
2559 569 2745 625 adoret
2793 579 2861 636 te,
2910 578 2960 625 et
3001 571 3201 639 psallat
3248 575 3347 627 tibi

170 681 340 741 τωσάν
388 652 496 733 σοι.
555 672 909 743 Ἐκδηλοτέρα
984 670 1092 723 τῶν
1132 669 1303 722 ἐθνῶν
1370 670 1404 739 ἡ
1464 652 1679 737 imo-5;,

173 771 387 830 ἐνταῦθα.
403 766 936 838 Προσκυνησάτωσαν
957 763 1015 816 δὲ
1043 762 1260 832 πρῶτον
1285 759 1650 827 ὑποταγέντες
1668 773 1683 788 ·

170 861 268 920 εἶτα
286 859 623 931 ψαλλάτωσαν
650 869 665 886 °
698 856 1034 924 προστάσσει
1074 853 1132 906 δὲ
1167 851 1328 906 τοῦτο
1367 850 1686 920 θαρσαλέως

171 958 196 1009 ό
218 951 477 1023 Προφήτης
520 942 607 1001 οἷα
640 944 1203 1017 πεπληροφορημένος
1251 942 1381 1014 περὶ
1419 941 1514 996 τοῦ
1550 941 1691 1013 πρά-

264 1056 363 1103 τος.

172 1059 613 1185 γμᾷῖἷλάτιικγαν
666 1125 744 1195 δὴ
788 1124 869 1192 τῷ
918 1126 1165 1195 ὀνόματι
1212 1140 1365 1191 σου,
1420 1127 1689 1196 Ύψιστε.

172 1223 311 1277 Τοῦτο
332 1221 464 1274 ἔοικε
496 1219 571 1289 τῷ
597 1218 645 1271 δ’
669 1219 838 1290 στίχῳ
858 1218 956 1272 τοῦ
987 1219 1031 1272 θ’
1060 1218 1279 1290 ψαλμοῦ
1304 1233 1321 1250 ⁸
1370 1219 1474 1272 ὗπδ
1507 1218 1563 1271 δὲ
1593 1218 1693 1286 τῆς

171 1316 286 1381 ἄγαν
327 1313 694 1381 περιχαρείας,
747 1311 1233 1381 ὁπομιμνήσκεται
1275 1310 1385 1364 τῶν
1428 1309 1523 1364 τοῦ
1555 1309 1692 1365 Θεοῦ

170 1398 449 1469 τεραστίων,
500 1399 591 1451 καὶ
652 1398 1088 1466 παρακελεύεται
1131 1400 1267 1452 πᾶσι
1318 1398 1545 1469 ψάλλειν
1600 1402 1695 1453 καὶ

170 1492 327 1560 ὑμνεῖν
350 1490 436 1543 τὸν
456 1490 731 1560 λυτρωτὴν
754 1489 911 1544 Θεόν.

222 1580 377 1636 Δεῦτε
430 1582 523 1634 καὶ
555 1582 712 1636 ἴδετε
744 1582 819 1636 τὰ
850 1584 994 1652 ἔργα
1048 1583 1156 1638 tot":
1214 1582 1385 1639 Θεοῦ.
1433 1585 1496 1637 Ἀ
1562 1585 1699 1639 καθ-

168 1674 367 1743 εκάστην
421 1677 564 1728 ποιεῖ
619 1674 965 1747 παραδόξως.
1021 1675 1291 1745 Συγκαλεῐ
1325 1676 1383 1730 δὲ
1412 1676 1593 1731 πάντα
1631 1678 1698 1731 τὰ

168 1770 295 1839 tam.

230 1861 313 1926 Ὠς
331 1863 564 1930 φοϐερὸς
602 1862 674 1915 ἐν
703 1861 965 1926 ,ϐουλαῖς
1006 1863 1160 1933 ὑπὲρ
1193 1862 1336 1930 τοὺς
1374 1863 1544 1929 υἱοὺς
1573 1862 1693 1917 τῶν

166 1953 656 2020 bonitatem—'37
679 1955 983 2025 μηχαναῖς
1015 1955 1275 2022 ἐξέδωκεν
1308 1957 1336 2009 ὁ
1367 1955 1681 2027 Σύμμαχος.

164 2046 273 2099 Δίαν
319 2042 406 2101 οὗν
454 2046 690 2118 φοϐερὸς
745 2049 805 2102 ἐν
870 2050 1164 2118 μηχαναῖς,
1225 2048 1313 2102 διὰ
1365 2048 1427 2100 τὸ
1481 2048 1689 2118 φοϐερὰ

169 2139 502 2208 μηχανᾶσθαι,
548 2141 682 2194 ὅταν
729 2140 892 2212 ἐθέλῃ
972 2140 1145 2195 σῶσαι
1195 2140 1289 2194 τὸν
1335 2139 1464 2194 λαὸν
1501 2139 1687 2194 αὐτοῦ.

175 2231 336 2286 Ὀποία
382 2233 485 2304 γὰρ
540 2233 687 2286 κατὰ
733 2233 844 2286 τῶν
888 2232 1205 2303 Αἰγυπτίων
1267 2233 1689 2305 ἐμηχανήσατο·

168 2323 303 2376 νικῶν
338 2325 417 2376 ἀεὶ
465 2325 531 2378 τὰ
573 2323 893 2394 σοφίσματα
937 2324 1033 2378 καὶ
1069 2324 1169 2388 τὰς
1212 2323 1695 2395 ἀντεπιχειρήσεις

166 2415 253 2469 τῶν
278 2415 585 2484 ἀνθρώπων.
618 2413 759 2472 Εἶτα
792 2417 1086 2486 καταλέγει
1115 2417 1185 2472 τὰ
1214 2416 1383 2472 πάλαι
1414 2413 1692 2485 θαὺματα.

231 2596 285 2652 '0
329 2599 755 2669 μεταστρέφων
802 2599 919 2667 τὴν
978 2597 1304 2655 θάλασσαν
1355 2599 1442 2664 εις
1484 2596 1697 2667 ξηράν.

168 2687 306 2743 τοῦτο
329 2691 541 2760 γέγονεν
575 2690 677 2743 ἐπὶ
722 2690 822 2762 τῆς
871 2690 1140 2763 Ἐρυθρᾶς
1188 2690 1465 2763 θαλάσσης
1493 2731 1508 2757 ,
1561 2689 1638 2755 ὡς
1666 2691 1701 2761 ὴ

169 2776 315 2846 βίσλος
368 2781 461 2852 τῆς
532 2780 755 2846 Ἐξόδου
809 2781 1075 2837 διδάσκει.
1162 2782 1589 2854 Ἀντιχρονικῶς
1647 2780 1706 2835 δὲ

168 2864 311 2939 εἶπεν,
344 2871 404 2926 '0
426 2872 881 2943 μεταστρέφων,
898 2874 1020 2929 ἀντὶ
1048 2873 1167 2941 τοῦ,
1209 2872 1271 2928 '0
1303 2871 1705 2944 μεταστρέψας.

232 3045 320 3101 Ἓν
350 3049 584 3120 ποταμῷ
607 3048 1035 3106 διελεύσονται
1072 3051 1228 3105 ποδί.
1276 3051 1387 3105 Καὶ
1424 3050 1582 3104 τοῦτο
1618 3050 1710 3120 γέ-

165 3154 294 3205 γονεν
317 3141 402 3194 ἐπὶ
428 3142 521 3196 τοῦ
564 3142 865 3214 Ἰορδάνου,
899 3143 1285 3214 διαϐαινούσης
1309 3143 1409 3211 τῆς
1439 3141 1711 3197 Κιὸωτοῦ.

1791 668 2006 723 Clarius
2031 674 2195 734 atque
2219 664 2461 733 apertius
2487 663 2576 718 hic
2595 664 2828 718 traditur
2848 664 3087 734 gentium
3121 666 3360 721 vocatio.

1791 758 2040 812 Adorent
2068 766 2251 811 autem
2283 755 2486 826 primo,
2527 754 2633 809 hoc
2663 763 2769 819 est,
2814 754 2914 809 tibi
2966 755 3361 826 subiiciantur,

1792 858 1846 902 et
1874 834 2070 903 deinde
2120 846 2372 917 psallam.
2412 845 2634 901 Summa
2665 852 2844 901 autem
2876 846 3073 902 fiducia
3107 847 3222 903 haec
3247 849 3361 904 ﬁeri
3448 874 3457 881 ·

1795 941 2074 995 mandavit
2092 939 2386 1010 Propheta,
2412 940 2577 995 veluti
2600 939 2694 1010 qui
2715 945 3048 1013 certuserat
3083 938 3251 995 futuri
3276 941 3365 1012 ju-

1793 1031 1947 1087 dicii.

1869 1123 2116 1180 Psallant
2144 1126 2348 1180 nomini
2374 1135 2486 1191 tuo,
2533 1123 2832 1179 A‘ltissime.
2882 1123 3071 1179 Simile
3100 1132 3182 1180 est
3216 1126 3366 1196 quod

1796 1214 2032 1284 legimus
2084 1216 2139 1270 in
2200 1231 2254 1270 tv
2312 1215 2597 1269 versiculo
2632 1230 2684 1269 tx
2718 1214 2937 1286 psalmi.
2998 1214 3116 1270 Prae
3167 1215 3363 1286 grandi

1795 1315 1981 1362 autem
2034 1308 2242 1374 laetitia,
2295 1308 2673 1363 reminiscitur
2727 1307 3102 1379 prodigiorum
3146 1307 3265 1373 Dei,
3314 1320 3371 1365 et

1798 1397 2030 1465 psallere
2057 1412 2249 1455 omnes
2282 1398 2459 1469 jubet,
2494 1414 2557 1454 ac
2596 1399 2994 1470 redemptorem
3033 1398 3203 1456 Deum
3252 1401 3369 1456 lau-

1797 1489 1954 1545 dare.

1873 1580 2040 1649 Yeus.
2081 1582 2137 1639 5.
2185 1582 2363 1638 Venite
2383 1592 2431 1637 et
2453 1583 2621 1638 videte
2654 1599 2811 1650 opera
2852 1581 2968 1637 Dei.
2997 1583 3129 1650 Quae
3170 1572 3373 1654 ubiQue

1801 1676 2045 1746 gentium
2077 1684 2340 1745 operatus
2373 1684 2479 1737 est,
2525 1690 2741 1729 suunna
2787 1675 3155 1732 admiratione
3182 1675 3372 1748 digna.

1803 1770 2049 1823 Advocat
2079 1774 2265 1822 autem
2301 1767 2595 1823 universas
2633 1772 2840 1836 gentes.

1875 1858 2051 1924 Quam
2080 1856 2337 1912 terribilis
2370 1850 2425 1912 in
2454 1858 2690 1913 consiliis
2715 1873 2871 1928 super
2896 1858 3037 1930 ﬁlios
3081 1859 3373 1915 hominum.

1791 1948 2156 2022 Symmachus
2204 1949 2447 2006 reddidit
2500 1952 2554 2005 in
2604 1950 3110 2006 machinationibus.
3146 1951 3376 2007 Multum

1794 2043 1957 2112 igitur
1991 2040 2249 2096 terribilis
2279 2040 2334 2096 in
2370 2041 2853 2097 machinationbus
2888 2057 2952 2097 co
2980 2042 3127 2112 quod
3167 2044 3380 2113 magnis

1791 2132 2120 2204 quibusdam
2179 2134 2432 2189 artiliciis
2489 2133 2685 2196 utitur.
2742 2133 2959 2204 quoties
3012 2135 3061 2190 ei
3111 2136 3382 2205 placuerit

1794 2227 2054 2298 populum
2099 2242 2259 2283 suum
2302 2230 2568 2284 salvere:
2618 2226 2784 2284 veluti
2836 2242 2900 2282 ea
2934 2236 3064 2283 sunt
3102 2244 3226 2300 quae
3285 2229 3382 2283 ad-

1797 2334 1997 2374 versus
2037 2318 2327 2390 Egyptios
2356 2317 2664 2386 adinvenit,
2698 2330 2931 2374 conatus
2955 2328 3117 2390 atque
3150 2321 3383 2377 astutias

1797 2425 1990 2468 omnes
2036 2410 2307 2466 humanas
2347 2426 2564 2481 Semper
2608 2410 2857 2467 vincens.
2900 2411 3140 2483 Antiqua
3183 2413 3382 2471 deinde

1800 2513 2160 2560 connumerat
2196 2504 2480 2558 miracula.

1884 2598 2049 2652 Vens.
2078 2598 2132 2651 6.
2181 2595 2287 2663 Qui
2326 2597 2579 2651 convertit
2613 2613 2760 2653 mare
2791 2598 2845 2652 in
2871 2597 3105 2653 aridam.
3144 2598 3259 2656 Hoc
3304 2600 3386 2656 fa—

1812 2697 1960 2743 ctum
2002 2695 2087 2744 est
2122 2689 2177 2742 in
2222 2688 2359 2742 mari
2411 2687 2621 2755 Rubro,
2684 2699 2744 2744 ut
2793 2690 3030 2746 habetur
3083 2693 3137 2747 in
3175 2691 3387 2749 Exodo.

1804 2780 1992 2835 Posuit
2017 2789 2196 2834 autem
2222 2789 2438 2851 tempus
2456 2795 2555 2852 pro
2574 2792 2838 2852 tempore.
2861 2782 2995 2837 Nam
3014 2783 3182 2840 dictio
3209 2825 3224 2849 ,
3247 2784 3390 2842 Con-

1809 2874 1985 2938 vertit,
2018 2873 2310 2945 praesentis
2358 2882 2443 2931 est
2508 2875 2773 2946 temporis
2834 2875 3043 2942 hic,ut
3074 2892 3140 2932 ex
3202 2877 3392 2935 Graeca

1809 2964 2055 3019 dictione
2081 2964 2416 3034 perspicitur
2441 3005 2455 3029 ,
2489 2974 2542 3019 et
2573 2967 2750 3036 posita
2780 2974 2866 3023 est
2899 2982 2996 3037 pro
3025 2970 3324 3039 pratterito.

1886 3055 1950 3109 In
1977 3055 2202 3125 ﬂumine
2224 3046 2624 3124 pertransibunt
2656 3061 2807 3125 pede.
2840 3057 2956 3113 lloc
3008 3072 3141 3115 vero
3188 3060 3394 3115 accidit

1815 3148 1872 3202 in
1901 3146 2147 3203 Iordane
2189 3161 2313 3201 cum
2348 3146 2618 3202 transiret
2667 3149 2807 3203 Area
2834 3165 2848 3203 :
2878 3156 2933 3204 et
2962 3158 3176 3221 tempus
3225 3152 3389 3207 etiam

177 3232 473 3305 Ἀντιχρονία
500 3235 556 3290 δὲ
592 3237 901 3303 κάνταῦθα,
934 3238 1055 3292 ἀντὶ
1079 3236 1199 3300 τεῦ,
1228 3236 1458 3308 Διῆλθον
1492 3239 1540 3290 οἱ
1574 3236 1699 3307 πρό-

1825 3241 1921 3294 hoc
1946 3239 2070 3294 loco
2112 3239 2297 3307 posuit
2340 3254 2442 3308 pro
2482 3246 2752 3308 tempore,
2810 3238 3241 3321 Pertransigunt,
3294 3257 3393 3311 pro

166 3338 286 3390 γονοι
325 3327 497 3397 ήμῶν.
540 3329 697 3384 Ποδὶ
727 3328 806 3397 δὲ,
837 3331 958 3384 ἀντὶ
982 3330 1075 3383 τοῦ
1102 3372 1117 3397 ,
1149 3332 1317 3402 Πεζῇ.
1352 3328 1605 3396 Πεζεύειν
1630 3329 1707 3396 δὲ,

166 3414 215 3468 τὸ
241 3416 319 3473 διὰ
350 3419 517 3491 ξηρᾶς
542 3423 776 3476 ὁδεύειν.
807 3424 919 3494 (25)
953 3423 1073 3477 Τῶν
1118 3423 1259 3478 κατὰ
1304 3423 1404 3493 τὴν
1436 3422 1624 3477 ἄνοδον
1653 3423 1710 3477 δὲ

167 3506 457 3582 θαυμασίαν,
495 3516 922 3588 ὑπομιμνήσκει
962 3517 1053 3570 τὸν
1086 3516 1219 3570 Θεὸν
1253 3557 1268 3582 ,
1304 3516 1395 3570 διὰ
1428 3516 1527 3585 τὴν
1574 3532 1706 3585 προσ

1817 3329 2279 3396 Pertransierunt,
2317 3329 2551 3392 majores
2579 3330 2754 3385 nostri
2801 3331 3080 3385 nimirum.
3113 3332 3254 3386 Pede
3292 3348 3395 3387 au-

1820 3429 1952 3481 tem,
1987 3419 2091 3473 hoc
2118 3427 2222 3482 est,
2256 3418 2562 3489 pedestres.
2593 3417 2658 3472 Et
2687 3419 2818 3474 dum
2866 3421 3146 3490 pedestres
3205 3422 3385 3479 inces-

1821 3512 1963 3568 sisse
1999 3526 2097 3567 eos
2122 3509 2255 3566 dicit
2297 3527 2393 3581 per
2426 3511 2649 3578 ﬂumen,
2692 3528 2789 3583 per
2836 3513 3039 3568 siccam
3082 3530 3178 3571 eos
3205 3517 3396 3572 ambu-

164 3603 389 3676 κειμένην
417 3607 511 3662 καὶ
536 3609 731 3672 αὐτοῖς
750 3607 960 3674 ἄνοδον,
1017 3610 1105 3661 ἶνα
1126 3609 1369 3680 συνήθως
1396 3609 1491 3662 καὶ
1523 3609 1699 3670 αὐτοῖς

1825 3603 1966 3660 lasse
2014 3602 2310 3675 signiﬁcat.
2354 3600 2576 3659 Illorum
2623 3612 2806 3661 autem
2856 3605 3245 3662 miraculorum
3277 3626 3394 3665 nte-

166 3692 337 3764 ταύτην
377 3697 778 3770 Ἐξευμαρίσῃ.
829 3700 887 3754 '0
911 3705 1098 3770 μέντοι
1130 3701 1427 3772 Σύμμαχος
1469 3700 1699 3771 ἐτήρησε

1825 3696 2000 3762 tuinit,
2028 3712 2150 3766 quae
2177 3696 2230 3750 in
2251 3711 2317 3752 eo
2346 3696 2526 3752 reditu
2556 3696 2697 3752 facta
2715 3708 3078 3768 sunt,putans
3108 3710 3390 3771 gestarum
3450 3725 3455 3731 ’

163 3786 236 3837 τὸν
247 3790 419 3857 χρόνον
443 3806 458 3822 ⁸
481 3792 721 3857 ἐξέδωκε
747 3794 879 3863 γὰρ,
896 3793 959 3846 Ὀ
976 3793 1332 3863 μεταϐαλὼν
1354 3793 1469 3863 τὴν
1489 3792 1699 3849 θάλασ-

1825 3791 1937 3846 illic
1994 3805 2178 3845 rerum
2214 3790 2535 3844 memoriam
2585 3790 2652 3845 ad
2697 3799 3019 3862 prmscntem
3075 3794 3307 3849 reditum
3339 3796 3396 3851 in

164 3883 278 3929 ear
308 3880 397 3934 atat
425 3881 608 3949 πάλιν,
631 3882 914 3953 Ποταμὸν
949 3883 1259 3952 διέϐησαν.

1826 3883 2058 3954 patriam
2091 3882 2397 3953 pertinere,
2426 3881 2556 3936 dum
2593 3882 2842 3952 exemplo
2864 3899 3076 3950 eorum,
3115 3902 3236 3957 qua
3263 3895 3395 3947 tunc

163 3981 287 4037 gesta
329 3988 471 4043 sunt,
529 3979 843 4033 faciliorem
878 3979 1024 4034 hunc
1068 3980 1301 4035 reditum
1342 3978 1704 4036 demonstrat.
1745 3977 2118 4050 Symmachus
2188 3991 2320 4032 vero
2387 3976 2476 4031 hic
2527 3984 2742 4048 tempus
2801 3980 3058 4046 servavit,
3112 3984 3396 4047 transtulit

165 4066 357 4132 etenim,
397 4070 500 4136 Qui
543 4074 930 4125 transmutavit
972 4088 1117 4126 mare
1146 4074 1198 4127 in
1228 4073 1486 4139 aridam;
1518 4074 1648 4128 item
1690 4091 1706 4130 :
1750 4071 1977 4126 Flumen
2018 4072 2469 4141 pertransierunt.

225 4159 370 4215 Ἐκεῖ
384 4167 931 4237 εὑρέτω-θησόμεθα
948 4167 1042 4221 ἐπ’
1065 4167 1225 4233 αὐτῷ
1255 4166 1334 4233 τῷ
1357 4167 1699 4228 δεσπόζοντι

1889 4163 2059 4220 Vens.
2097 4167 2149 4222 7.
2182 4163 2267 4219 Ibi
2318 4165 2642 4219 ld‘talmntur
2689 4167 2743 4220 in
2795 4168 2909 4237 ipso
2955 4169 3285 4238 dominante,
3336 4171 3393 4225 in

159 4248 217 4300 ἐν
244 4251 312 4320 τῇ
341 4255 679 4325 δυναστείᾳ
718 4257 903 4313 αὐτοῦ
946 4260 1054 4314 τοῦ
1100 4262 1339 4328 αἰῶνος.
1385 4261 1563 4329 Ἐκεῖ,
1585 4262 1699 4315 ἀντὶ

1825 4266 2089 4311 ootentatu
2123 4272 2219 4311 suo
2274 4257 2479 4311 steculi.
2532 4256 2633 4322 lbi,
2670 4257 2778 4314 hoc
2806 4267 2911 4326 est,
2950 4259 3005 4315 in
3034 4277 3102 4317 eo
3149 4263 3272 4319 loco
3324 4264 3396 4318 ad

158 4339 349 4401 τοῦ,Ἐν
375 4346 451 4416 τῷ
473 4349 665 4420 τόπῳ,
696 4350 777 4413 είς
803 4349 861 4403 ὃν
893 4351 1251 4420 ἐπειγόμεθα.
1284 4350 1616 4406 Δυναστείαν
1648 4350 1699 4404 δὲ

1825 4365 1978 4420 quem
2027 4344 2378 4404 festinamus.
2411 4348 2514 4404 Per
2542 4360 2885 4418 potentalum
2919 4368 3052 4407 vero
3096 4353 3216 4419 Dei,
3249 4355 3393 4409 divi-

159 4430 271 4486 Θεοῡ
300 4437 545 4507 νοοῦμεν,
582 4440 688 4511 τὴν
716 4440 947 4513 ἄπειρον
982 4442 1076 4495 καὶ
1131 4443 1503 4497 ἀνυπόστατον
1540 4442 1699 4498 δύνα‹

1825 4457 1944 4497 nam
1994 4442 2255 4512 intelligit
2284 4441 2610 4512 potentiam,
2647 4444 2810 4499 veluti
2849 4443 3202 4510 immensam,
3226 4454 3392 4515 atque

160 4540 255 4590 μιν.
281 4528 541 4596 Δεσπέζει
573 4532 636 4586 δὲ
682 4534 710 4586 ὁ
746 4533 879 4597 Θεὸς
910 4534 1127 4588 καὶτοῦ
1165 4539 1434 4606 παρῦντος
1483 4537 1577 4590 καὶ
1613 4535 1699 4589 τοῦ

1825 4535 2099 4591 invictam.
2161 4529 2493 4588 Dominatur
2527 4542 2708 4588 autem
2768 4532 2911 4589 Deus
2970 4541 3080 4589 tam
3133 4536 3395 4605 praesenti

161 4617 414 4687 μέλλοντος
442 4625 673 4692 αἰῶνος,
702 4625 775 4690 ὡς
808 4627 1115 4698 ἀπέραντον
1144 4627 1284 4698 ἔχων
1308 4627 1609 4699 βασιλείαν.

1818 4641 1985 4698 quam
2017 4625 2203 4680 futuro
2226 4623 2453 4691 saeculo,
2484 4625 2653 4680 veluti
2707 4625 2777 4694 is,
2807 4627 2968 4697 cujus
3006 4642 3234 4701 regnum
3269 4628 3394 4683 inii-

1716 4693 1792 4749 ὐ
1822 4693 1995 4773 nilum
2028 4727 2133 4773 est.

218 4800 274 4851 οε
307 4800 606 4873 ὀφθαλμοί
645 4803 833 4858 αὐτοῦ
859 4805 957 4858 ἐπὶ
987 4807 1059 4860 τὰ
1082 4808 1228 4875 ἔθνη
1254 4806 1710 4861 ἐπιϐλέπουσιν.

165 4887 240 4950 Ὦς
260 4892 545 4960 μέλλοντος
578 4894 724 4950 αὑτᾶ
747 4896 1175 4968 κληρονομῆσαι,
1200 4896 1294 4951 καὶ
1322 4895 1713 4951 οἰκειώσασθαι

157 4977 231 5031 διὰ
253 4983 509 5048 πίστεως.
536 4987 781 5056 Νόησον,
830 4988 1074 5050 ἰουδατε,
1104 4989 1186 5041 ὅτι
1227 4988 1563 5059 μετέστησεν
1605 4986 1714 5041 ἀπὸ

159 5071 240 5126 coit
269 5075 362 5147 τὴν
401 5079 720 5150 ἐπισκοπὴν
748 5079 938 5135 αὑτοῦ.

219 5258 278 5309 Οἱ
304 5260 891 5328 παραπικραίνοντες
917 5260 1004 5330 μὴ
1032 5260 1447 5328 ὑψούσθωσαν
1474 5259 1547 5312 ἐν
1576 5258 1718 5313 ἐαυ-

156 5347 284 5414 τοῖς.
346 5353 553 5407 Λοιπὸν
605 5354 655 5406 οἱ
734 5353 1001 5415 Ἰουδαῖοι,
1062 5354 1137 5424 μὴ
1185 5352 1607 5422 ἐπαιρέσθωσαν
1660 5352 1718 5406 ἐν

159 5439 346 5506 αὐτοῖς.
410 5445 632 5513 Ἠγουν
691 5444 826 5514 παρ’
855 5445 1091 5508 ἑαυτοῖς,
1146 5444 1224 5507 ὡς
1282 5445 1432 5512 μόνοι
1477 5444 1555 5515 τῷ
1599 5444 1720 5512 Θεῷ

158 5536 539 5605 γινωσκόμενοι
562 5554 577 5569 '
600 5539 826 5600 τούτους
841 5538 951 5606 γὰρ
972 5536 1120 5605 λέγει
1138 5538 1682 5607 παραπικραίνοντας
1702 5577 1717 5601 ,

155 5620 219 5686 ὡς
240 5625 326 5679 ἀεὶ
368 5629 748 5698 γογγύζοντας
818 5630 914 5683 καὶ
960 5628 1343 5697 ἀντιλέγοντας
1368 5645 1381 5658 °
1420 5629 1513 5682 καὶ
1570 5630 1721 5683 ἄλλοι

1897 4808 2052 4864 Oculi
2084 4810 2201 4880 ejus
2228 4809 2283 4863 in
2307 4818 2483 4881 gentes
2509 4811 2832 4883 respiciunt.
2868 4813 3155 4887 Tanquam
3207 4818 3274 4874 ad
3302 4833 3398 4875 eos

1826 4915 1969 4969 quos
2001 4899 2058 4955 in
2115 4900 2489 4958 haereditatem
2525 4911 2612 4958 est
2639 4920 3026 4974 possessurus,
3064 4919 3117 4962 et
3150 4910 3400 4965 vindica-

1825 5001 1986 5049 turus
2018 5009 2114 5065 per
2148 4994 2333 5049 ﬁdem.
2370 4993 2654 5065 Agnosces
2710 4997 2900 5067 igitur,
2953 5013 2986 5053 ο
3014 4997 3224 5064 Judzce,
3259 5016 3402 5070 quo-

1831 5085 1994 5141 modo
2046 5088 2444 5156 protectionem
2476 5097 2530 5140 et
2556 5088 2866 5142 custodiam
2901 5104 3059 5143 suam
3095 5088 3238 5146 Deus
3276 5106 3307 5145 a
3349 5101 3401 5147 te

1831 5178 2028 5233 avertit.
2058 5180 2134 5248 (et
2164 5177 2230 5231 ad
2259 5187 2450 5247 gentes
2478 5179 2804 5249 transtulit).

1903 5270 2006 5334 Qui
2056 5281 2394 5338 exasperant,
2456 5286 2557 5322 tton
2617 5272 2922 5324 exaltentur
2976 5274 3026 5326 in
3080 5274 3399 5343 semetipsis.

1835 5359 1991 5428 Quod
2015 5360 2288 5431 reliquum
2327 5369 2433 5429 est,
2487 5362 2686 5432 inquit,
2726 5361 2895 5416 Judaei
2942 5364 2996 5417 in
3026 5364 3245 5434 scipsis,
3297 5366 3402 5421 hoc

1830 5461 1932 5516 est,
1973 5453 2115 5521 apud
2156 5453 2369 5522 seipsos
2400 5467 2507 5506 non
2557 5454 2863 5517 eleventur,
2918 5456 3075 5524 quasi
3135 5458 3239 5511 soli
3290 5459 3393 5529 ipsi

1831 5544 1963 5608 sint,
2002 5546 2095 5613 qui
2129 5558 2157 5596 a
2193 5544 2307 5598 Deo
2349 5545 2460 5598 sint
2508 5546 2734 5613 cogniti.
2769 5546 3175 5603 Exacerliantes
3211 5559 3397 5607 autem

1831 5650 1927 5690 eos
1955 5634 2215 5704 appellat,
2250 5634 2417 5689 veluti
2453 5636 2548 5703 qui
2600 5650 2820 5705 semper
2845 5639 3269 5695 murmurabant
3299 5641 3402 5697 adn

1488 5745 1686 5806 Varia:
1724 5746 2052 5812 lectiones.

222 5845 330 5913 (25)
363 5847 441 5899 Ad
478 5830 756 5900 verbum‘:
791 5846 869 5899 Ea
914 5863 1072 5915 porro
1122 5845 1387 5899 miracula
1417 5861 1535 5915 qua:
1586 5847 1639 5898 in
1665 5863 1725 5899 eo

141 5917 320 5985 .tcditu
344 5920 492 5986 facta
525 5927 653 5970 sunt
679 5918 733 5971 in
758 5919 1063 5971 memoriam
1090 5926 1298 5972 revocat
1324 5916 1453 5979 Deo,
1485 5916 1547 5969 ob
1586 5917 1729 5972 redi-

386 6018 672 6081 PATROL.
703 6021 825 6084 Gn.
856 6015 1192 6080 CXXVIII.

1839 5859 1951 5930 tum
1978 5858 2027 5902 et
2064 5849 2192 5930 ipsis
2215 5851 2649 5930 propositum,_nt
2677 5853 2747 5906 ad
2776 5853 2912 5909 illud
2939 5860 3227 5926 exemplum
3257 5876 3403 5930 pra:-

1836 5928 2031 5973 sentem
2065 5921 2193 5988 ipsis
2217 5922 2442 5976 reditum
2476 5920 2686 5992 facilem
2721 5933 2945 5985 sternet.

2876 6018 2962 6097 .21
