3834 6530
215 407 328 468 653
1308 372 1309 375 γ
1387 394 1781 459 COMMENT.
1826 392 1909 453 IN
1949 390 2308 452 PSALMOS.
3362 383 3468 447 est

213 521 437 588 ἠγαγες
472 518 559 582 εἰς
585 515 697 584 τὴν
736 515 979 582 παγίδα,
1025 515 1119 569 καὶ
1152 515 1220 567 τὰ
1251 512 1495 567 τοιαῦτα.
1534 513 1692 563 Ἔστι
1738 508 1793 560 δὲ

1925 521 2005 558 HIS
2036 503 2221 558 amicti
2263 501 2502 555 fuerant.
2540 500 2648 554 Deo
2681 497 2883 553 etenim
2920 497 2993 554 dit
3017 505 3157 554 unt:
3223 497 3462 568 Igneuos

212 611 370 670 λῦσις
403 608 499 662 τοῦ
531 606 869 678 ζητήματος,
918 607 1001 661 ὅτι
1040 607 1134 660 τὸν
1179 606 1314 660 Θεὸν
1351 608 1649 674 ἐγίνωσκον
1677 602 1792 673 (‘28)

1925 598 2256 659 xaminasti;
2280 597 2437 651 item:
2468 594 2732 649 lnduxisti
2755 610 2850 647 nos
2889 593 2943 646 in
2978 591 3244 660 laqueum,
3275 600 3327 647 et
3363 593 3469 646 alia

216 700 415 762 αίτιον,
442 694 519 752 ὧν
549 700 875 766 πεπόνθασι,
912 700 1393 770 παραχωρήσαντα
1422 698 1532 761 τοῖς
1554 696 1789 766 ἐχθροῖς,

218 792 360 847 οὕτω
391 793 697 864 χρήσασθαι
730 796 842 856 τοῖς
877 791 1083 855 δούλοις
1115 791 1302 845 αὐτοῦ.

305 1065 636 1134 Ἐξήγ-ατες
694 1062 854 1131 ἡμᾶς
910 1065 993 1128 είς
1060 1060 1412 1130 ἀναψυχήν.
1480 1061 1590 1113 Καὶ
1649 1060 1797 1129 ὅμως

222 1158 456 1227 ἐλεήσας
484 1157 650 1224 ἡμᾶς,
689 1155 956 1223 ἐξήγαγες
984 1157 1064 1215 είς
1089 1154 1421 1207 ἀνάπαυσιν.
1459 1152 1578 1224 Χρὴ
1604 1151 1660 1205 δὲ
1714 1169 1795 1217 γι‹

220 1250 455 1304 νώσκειν
499 1250 581 1302 ὅτι
608 1250 700 1301 τό·
748 1247 1147 1316 Ἔδοκίμασας
1186 1244 1377 1315 ἡμᾶς,
1404 1246 1492 1298 καὶ
1532 1245 1599 1298 τὰ
1648 1244 1795 1315 ἑξῆς,

221 1340 349 1407 ἄχρι
375 1337 470 1390 τοῦ
503 1337 609 1392 Kal
638 1337 933 1406 ἐξήγαγες
960 1335 1118 1406 ἡμᾶς
1149 1340 1235 1402 εἰς
1263 1336 1803 1406 ἀναψυχὴν,προσ-

221 1429 359 1498 temp
393 1431 628 1498 μάλιστα
655 1428 765 1482 τῶν
801 1428 894 1482 τοῦ
931 1429 1169 1500 Χριστοῦ
1220 1430 1516 1500 μαρτύρων
1557 1446 1800 1500 προηγο-

222 1520 394 1589 ρεύθη
415 1536 427 1548 ·
482 1520 666 1582 καθώς
693 1538 827 1588 φησι
870 1522 965 1574 καὶ
996 1519 1209 1583 Παῦλος
1237 1524 1264 1574 ὁ
1311 1522 1610 1586 ἀπόστολος
1632 1539 1645 1553 ·
1677 1522 1801 1575 ἐπεὶ

220 1609 320 1661 καὶ
357 1610 536 1663 πάντα
567 1612 708 1664 κατὰ
740 1612 905 1684 μέρος
940 1612 1279 1681 ὑπέστησαν.

292 1702 735 1769 Εἱσελεύσομαι
784 1704 873 1768 εις
928 1703 1036 1757 τὸν
1068 1698 1235 1757 οἶκόν
1290 1720 1405 1757 σου
1437 1705 1508 1758 ἐν
1551 1707 1804 1759 ὁλοκαυ-

218 1790 512 1860 τώμασιν.
551 1793 692 1846 Καθ’
747 1793 990 1864 ἱστορίαν
1032 1794 1133 1866 μὲν
1166 1794 1342 1868 σαφὴς
1366 1796 1589 1865 ὀλόγος.
1640 1797 1801 1851 Ἀνα-

216 1884 484 1953 γωγικῶς
532 1886 588 1939 δὲ
619 1882 770 1950 οἶκος
813 1887 949 1941 Θεοῦ
994 1890 1023 1942 ό
1056 1888 1318 1958 οὐρανόςο
1371 1890 1803 1960 ὁλοκαυτώματα

218 1977 301 2041 δὲ,
339 1979 396 2029 αἱ
434 1977 698 2042 ὁλοτελεῖς
726 1974 979 2050 ἐργασίαι
1005 1980 1115 2034 τῶν
1148 1981 1382 2054 ἀρετῶν,
1413 1982 1477 2047 ἃς
1507 1983 1694 2036 θύουσι
1727 1983 1804 2054 τῷ

220 2069 347 2137 Θεῷ
385 2070 589 2135 πάντες
616 2075 665 2126 οἱ
690 2072 913 2126 δίκαιοι.

308 2162 618 2216 Ἀποδώσω
668 2162 775 2229 τὰς
822 2165 1007 2234 εὐχάς
1051 2182 1205 2235 μου,
1243 2166 1319 2233 ἃς
1377 2167 1674 2223 διέστειλε
1737 2170 1807 2223 τὰ

219 2254 401 2321 χείλη
422 2271 563 2323 μου,
592 2254 691 2307 καὶ
716 2254 987 2322 ἐλάλησε
1009 2256 1072 2310 τὸ
1114 2258 1309 2327 στόμα
1338 2276 1457 2328 μου
1479 2261 1548 2313 ἐν
1577 2258 1651 2329 τῇ
1678 2262 1779 2315 0λὶ
1785 2290 1807 2301 -

221 2349 329 2414 ψει
362 2365 505 2413 μου.
560 2348 736 2417 Εὐχὰς
773 2350 932 2404 καλεί
962 2351 1060 2404 νῦν
1107 2352 1207 2417 τὰς
1242 2353 1602 2424 ὑποσχέσειςο
1653 2356 1714 2408 τὸ
1749 2354 1807 2407 δὲ

237 2440 600 2506 Ἐλιὶλησεν,
639 2445 1104 2514 ὲφερμηνευτικόν
1125 2449 1242 2500 ἐστι
1267 2446 1361 2500 τοῦ
1407 2449 1767 2504 Διέστειλεν.

314 2614 807 2688 Ὀλοκαυτὼματα
835 2614 1268 2692 μεμυελωμένα
1288 2624 1513 2680 ἀνοίσω
1553 2641 1672 2681 σοι.
1697 2628 1810 2698 Οὐχ

230 2707 427 2770 ἁπλῶς
457 2709 925 2780 ὁλοκαυτώματατ
962 2713 1100 2767 ἀλλὰ
1146 2715 1330 2771 πίονα.
1370 2718 1516 2773 Πίων
1557 2716 1610 2773 δὲ
1646 2722 1811 2789 ἐργα-

230 2796 326 2849 aia.
352 2798 556 2868 ἀρετῆς
586 2800 617 2868 ἠ
651 2797 948 2870 ἐξαίρετος.

303 2978 467 3030 Μετά
501 2976 867 3048 θυμιάματος
901 2986 999 3034 καὶ
1049 2982 1231 3049 κριῶν
1259 2983 1489 3037 dvo/cna
1526 3002 1625 3039 σοι
1656 2987 1814 3054 ,βόας

222 3071 378 3136 μετὰ
406 3069 698 3139 χιμάρων.
734 3071 892 3125 Κατὰ
915 3072 1017 3143 μὲν
1047 3073 1146 3145 τὴν
1176 3074 1436 3147 ἱστορίαν,
1469 3077 1545 3140 ὡς
1567 3078 1810 3146 εἴρηται,

1898 689 2235 761 httjusrnodi.
2272 689 2350 742 Ad
2381 687 2527 758 quod
2557 686 2847 741 dicendum
2887 692 2971 740 est
3000 685 3119 740 illus
3149 683 3258 738 Deo
3286 687 3469 738 omnia

1898 786 2011 841 hinc
2044 784 2326 838 ascribere
2355 782 2483 851 quia
2515 779 2924 851 cognoscebant
2954 778 3023 833 ab
3054 777 3147 832 illo
3183 777 3377 844 fuisse,
3412 788 3471 833 ut

1900 877 2108 931 inimici
2169 886 2324 949 tanta
2378 873 2691 949 potuissent
2748 871 3015 945 adversus
3058 886 3154 936 se;
3201 867 3473 941 permittit

1900 979 2080 1023 autem
2118 980 2498 1037 saepenumero
2532 979 2719 1019 servos
2746 978 2878 1018 suos
2913 963 3190 1033 castigari.

1970 1062 2036 1112 Et
2077 1056 2308 1111 eduxisti
2326 1071 2423 1109 uos
2450 1054 2503 1108 iu
2529 1053 2881 1123 refrigerium.
2904 1050 2968 1106 Et
3002 1062 3183 1107 tamen
3212 1061 3266 1107 tu
3299 1054 3474 1109 nostri

1900 1151 2162 1204 misertus
2193 1148 2249 1202 in
2278 1145 2623 1216 refrigerium
2660 1158 2761 1198 nos
2791 1151 2979 1214 postea
3010 1144 3312 1200 adduxisti.
3341 1143 3475 1198 illud

1901 1246 2067 1301 etiam
2099 1236 2670 1303 animadvertendum,
2698 1236 2843 1306 quod
2886 1236 3054 1290 verba
3082 1235 3172 1290 illa
3202 1254 3215 1290 :
3276 1233 3479 1289 Proba-

1903 1340 1972 1393 sti
2002 1315 2121 1397 nos,
2142 1345 2196 1392 et
2229 1350 2351 1403 quae
2379 1340 2711 1404 sequuntur,
2745 1345 2922 1404 usque
2949 1330 3017 1384 ad
3049 1330 3140 1384 illa
3168 1346 3183 1383 :
3229 1329 3478 1385 Eduxisti

1904 1449 2021 1495 nos,
2056 1440 2115 1484 ut
2142 1429 2346 1483 Paulus
2375 1427 2536 1482 docet
2568 1426 2637 1490 ³¹,
2672 1423 2929 1495 praedicta
2963 1430 3095 1478 sunt
3134 1437 3201 1476 ex
3241 1434 3477 1491 persona

1907 1534 2208 1595 martyrum
2241 1520 2470 1575 Christi.
2505 1517 2630 1573 Ilaec
2650 1517 2850 1572 etenim
2879 1515 3062 1570 omnia
3098 1513 3300 1568 Christi
3332 1528 3479 1568 mar-

1907 1627 2056 1687 tyres
2091 1613 2308 1668 divisim
2341 1612 2534 1665 saltem
2568 1608 2979 1664 sustinuerunt.
3140 1614 3143 1619 '

1979 1706 2142 1762 Vens.
2170 1705 2361 1772 ιλιι.
2391 1702 2734 1757 Introibimus
2759 1702 2811 1754 in
2835 1699 3047 1754 domum
3069 1708 3215 1753 tuam
3249 1700 3298 1753 in
3332 1700 3482 1753 Italo-

1907 1798 2130 1853 caustis.
2181 1793 2343 1849 Juxta
2391 1793 2679 1848 historiam
2733 1791 2895 1845 verba
2929 1790 3075 1844 clara
3128 1797 3280 1858 sunt,
3324 1788 3484 1860 juxta

1909 1903 2189 1959 anagogen
2223 1885 2418 1940 domus
2453 1883 2548 1939 Dei
2578 1885 2776 1938 coelum
2809 1891 2915 1938 est.
2950 1882 3277 1938 lloloransta
3302 1890 3482 1937 autem

1910 1982 2167 2051 perfectae
2200 1987 2328 2033 sunt
2364 1978 2715 2048 operationes
2751 1975 3043 2038 virtutum,
3073 1990 3214 2045 quas
3244 1976 3380 2044 justi
3415 1989 3482 2029 ac

1907 2073 2083 2130 sancti
2114 2072 2219 2127 viri
2250 2072 2356 2125 Deo
2382 2069 2719 2124 sacrificant.

1982 2162 2212 2217 Reddam
2241 2163 2336 2216 tibi
2361 2171 2479 2215 vota
2502 2177 2618 2214 mea
2647 2175 2765 2229 quae
2784 2158 3143 2213 distinxerunt
3172 2154 3317 2214 labia
3342 2174 3478 2220 mea,

1908 2266 1955 2311 et
2009 2258 2243 2310 locutum
2279 2264 2355 2309 est
2404 2272 2459 2307 os
2500 2269 2668 2307 meum
2701 2252 2757 2305 in
2810 2253 3151 2308 tribulatione
3185 2269 3322 2308 mea.
3384 2252 3488 2308 Per

1908 2332 2032 2402 vota
2064 2346 2462 2418 promissiones
2496 2344 2774 2416 intelligit.
2806 2343 2966 2410 Quod
2996 2358 3130 2400 vero
3163 2345 3238 2400 ait
3266 2361 3280 2401 :
3320 2345 3489 2400 Locu-

1913 2453 2023 2495 tum
2075 2448 2153 2496 est
2209 2454 2487 2503 osmeum,
2550 2438 2908 2504 declarando,
2945 2439 3102 2503 dixit,
3156 2438 3340 2508 priora
3396 2440 3487 2494 illa

1910 2534 2072 2587 verba
2105 2551 2118 2588 :
2166 2532 2536 2587 Distinxerunt
2585 2530 2728 2583 labia
2764 2545 2900 2584 mea.

1982 2626 2146 2682 Vens.
2190 2624 2270 2679 i5
2306 2622 2636 2677 llolocausta
2664 2622 2956 2675 medullula
2976 2622 3195 2692 oﬂ'eram
3228 2622 3344 2677 tibi.
3371 2622 3488 2678 Non

1911 2719 2236 2789 simpliciter
2267 2717 2402 2771 dix:t
2434 2716 2781 2779 holocausta,
2820 2714 2917 2769 sed
2952 2715 3202 2785 pinguia.
3263 2713 3361 2770 Est
3392 2730 3494 2768 an-

1913 2823 2021 2867 tem
2060 2807 2278 2879 pinguis
2326 2807 2415 2861 illa
2450 2806 2672 2860 virtutis
2721 2805 2992 2875 Operatio,
3045 2821 3167 2876 qua:
3213 2806 3489 2861 excellens

1911 2914 2016 2967 est,
2048 2911 2102 2958 et
2135 2917 2243 2971 pra:
2264 2898 2523 2955 omnibus
2555 2896 2850 2968 praecipua.

1985 2995 2117 3051 Cum
2144 2997 2356 3049 incenso
2383 2994 2609 3047 arietum
2638 2992 2855 3061 o/feram
2883 2993 3143 3048 tibibovcs
3166 3010 3284 3047 cum
3304 2995 3489 3049 hircis.

1913 3087 2076 3143 Juxta
2110 3086 2397 3141 historiam
2421 3085 2664 3155 quidem,
2689 3092 2746 3138 ut
2771 3084 2901 3139 alibi
2920 3085 3181 3148 diximus,
3200 3086 3490 3143 manifesta

226 3162 370 3229 δῆλα
398 3164 469 3216 τὰ
508 3163 623 3234 εἴδη
664 3163 773 3218 τῶν
804 3166 1032 3221 θυσιῶν.
1085 3168 1273 3222 Πάντα
1329 3171 1437 3242 γὰρ
1470 3170 1537 3224 τὰ
1573 3172 1809 3244 ρηθέντα

1925 3185 2045 3234 sunt
2077 3176 2476 3232 sacrificiorum
2525 3189 2745 3245 genera.
2776 3175 3166 3230 Olferebantnr
3201 3178 3347 3232 enim
3382 3194 3492 3232 om-

227 3256 628 3324 προσεφέρετο.
654 3255 811 3310 Κατὰ
844 3256 901 3310 δὲ
923 3258 1014 3312 τὸν
1043 3257 1200 3327 λόγον
1228 3264 1328 3332 τῆς
1355 3263 1669 3330 ἀναγωγῆς,
1704 3262 1812 3316 εἷεν

232 3344 302 3397 ἂν
328 3343 655 3413 θυμιάματα
694 3345 816 3415 μὲν,
850 3348 883 3416 ἡ
913 3348 1260 3403 ἀποπνέουσα
1293 3350 1395 3420 τῆς
1436 3352 1684 3423 καθαρᾶς
1712 3353 1814 3423 ψυ-

231 3436 339 3505 κῆς
386 3437 583 3488 εὐωδία
607 3453 621 3466 ·
657 3438 803 3507 κριοὶ
831 3438 911 3503 δὲ,
949 3439 998 3492 οἱ
1027 3441 1347 3511 ἡγεμονικοὶ
1384 3443 1481 3513 τῆς
1505 3443 1682 3516 ψυχῆς
1728 3446 1816 3500 λ⁰“

232 3531 454 3599 γισμοὶ,
477 3530 859 3600 κερατίζοντες
883 3531 956 3584 τὰ
986 3533 1132 3603 «πάθη
1158 3550 1173 3565 ο
1212 3535 1333 3605 βόες
1357 3536 1434 3604 δὲ,
1457 3541 1511 3592 αἱ
1543 3539 1815 3610 ἐνέργειαι

231 3621 334 3673 τοῦ
362 3620 635 3690 σώματος.
672 3620 781 3688 Γῆς
821 3620 918 3690 μὲν
944 3622 1056 3692 γὰρ
1085 3623 1326 3695 ἐργάτης
1354 3626 1381 3678 ό
1412 3625 1540 3695 βοῦς
1561 3642 1576 3657 ⁸
1617 3629 1681 3679 ὲκ
1713 3629 1816 3698 γῆς

232 3713 295 3766 δὲ
327 3712 391 3764 τὸ
446 3712 628 3783 σῶμα,
665 3713 762 3765 καὶ
792 3717 921 3779 περὶ
963 3714 1068 3783 γῆν
1103 3715 1355 3783 ἐνεργείσ
1396 3714 1623 3788 χίμαροι
1651 3717 1727 3784 δὲ,
1759 3720 1815 3772 αἱ

238 3804 387 3874 ὑπὲρ
415 3803 702 3874 ἁμαρτιῶν
741 3804 975 3874 δεήσεις.
1016 3805 1189 3859 Πάλαι
1220 3805 1327 3875 γὰρ
1360 3809 1388 3859 ό
1415 3807 1648 3880 χίμαρος
1673 3808 1815 3880 ὑπὲρ

238 3892 534 3969 ἁμαρτιῶν
581 3897 790 3952 ἐθύετο.
855 3898 1019 3965 Λέγει
1048 3899 1357 3952 τοίνυνοότι
1397 3900 1583 3955 Πάντα
1642 3903 1816 3957 ταῦτα

236 3994 445 4045 ἁνοίσω
506 4006 628 4056 σοι,
697 3987 1069 4056 ἁπαλλάξαντί
1121 4008 1188 4061 με
1251 3993 1350 4063 τῆς
1407 3994 1650 4058 δουλείας
1708 3995 1817 4047 τῶν

237 4081 332 4153 ὲχθ
340 4081 471 4153 ρῶν.

313 4356 517 4421 Δεῦτε,
548 4357 870 4422 ἀκούσατε,
912 4359 1011 4411 καὶ
1061 4358 1446 4428 διηγήσομαι,
1493 4359 1717 4426 πάντες
1765 4363 1819 4413 οὶ

244 4452 605 4520 φοϐούμενοι
626 4450 733 4504 τὸν
756 4450 926 4515 Θεὸν,
965 4452 1081 4504 ὅσα
1110 4450 1362 4519 ἐποίησε
1379 4451 1454 4521 τῇ
1483 4453 1657 4522 ψυχῇ
1674 4472 1818 4523 μου.

1922 3270 2009 3322 nia
2038 3283 2161 3339 qua:
2200 3267 2289 3321 hic
2326 3274 2855 3333 commemorantur,
2893 3267 2946 3321 in
2980 3268 3286 3322 sacriﬁciis.
3330 3268 3491 3323 Juxta

1919 3359 2400 3430 anagogcnﬁvero,
2451 3358 2732 3411 incensum
2785 3358 2893 3413 dici
2945 3367 3147 3428 potest,
3191 3360 3367 3415 bonus
3404 3361 3494 3415 ille

1919 3452 2078 3517 odor,
2117 3453 2209 3522 qui
2245 3451 2312 3505 ab
2354 3449 2535 3504 anima
2571 3449 2776 3504 munda
2829 3465 2894 3505 ac
2926 3466 3062 3521 pura
3098 3451 3307 3522 spirat:
3338 3454 3497 3510 Arie-

1921 3554 2004 3599 tes
2055 3557 2209 3608 vero,
2254 3541 2677 3612 principaliores
2727 3541 2927 3597 animae
2959 3543 3345 3614 cogitationes,
3374 3562 3496 3616 quae

1920 3634 2084 3690 veluti
2118 3649 2292 3689 cornu
2349 3632 2585 3702 quodam
2639 3634 2891 3689 carnales
2944 3634 3146 3690 l'eritmt
3182 3638 3493 3706 psssiones;

1919 3737 1973 3783 et
2005 3728 2194 3791 boves,
2252 3725 2422 3796 ipsius
2474 3725 2729 3795 corporis
2777 3727 3155 3796 operationes.
3218 3725 3315 3782 Est
3348 3729 3494 3783 enim

1920 3821 2020 3875 bos
2041 3828 2200 3873 terra!
2224 3824 2505 3888 cperator,
2531 3824 2586 3871 et
2617 3816 2853 3872 hominis
2885 3831 3092 3886 corpus
3114 3833 3143 3873 ο
3172 3824 3316 3871 terra
3343 3832 3498 3872 crea-

1923 3924 2035 3966 tum
2070 3924 2174 3975 est,
2214 3921 2267 3966 et
2303 3923 2503 3965 terram
2531 3910 2682 3975 colit.
2721 3909 2824 3965 Per
2857 3911 3042 3965 hircos
3071 3920 3251 3964 autem
3285 3911 3497 3981 suppli-

1922 4006 2168 4059 cationes
2223 4002 2581 4073 intelligimus
2618 4019 2716 4072 pro
2769 4004 3038 4071 peccatis,
3088 4005 3348 4073 quoniam
3395 4021 3494 4074 pro

1922 4095 2167 4165 peccatis
2199 4094 2337 4148 hirci
2370 4095 2503 4148 olim
2539 4094 2985 4150 immolabantur.
3017 4091 3211 4149 Omnia
3243 4097 3378 4158 h.cc,
3415 4098 3498 4152 in-

1922 4187 2059 4256 quit,
2093 4185 2190 4239 tibi
2226 4184 2485 4249 oﬂ'cram,
2541 4185 2633 4239 ubi
2670 4201 2754 4239 me
2799 4186 2867 4238 ab
2918 4185 3273 4239 inimicorum
3323 4188 3499 4243 servio

1923 4287 2038 4331 tute
2063 4276 2401 4330 liberaveris.

1995 4366 2158 4422 Vens.
2205 4365 2291 4420 16.
2347 4363 2552 4420 Venite.
2598 4364 2800 4431 audite,
2838 4374 2889 4419 et
2920 4370 3152 4421 narrabo
3185 4368 3347 4432 vob’is,
3381 4383 3499 4427 em-

1924 4474 2034 4521 ηαδ,
2080 4458 2169 4527 qui
2231 4457 2424 4510 timetis
2479 4457 2667 4523 Deum,
2712 4466 2913 4526 quanta
2942 4452 3072 4527 fecit
3113 4460 3308 4514 anima:
3340 4477 3491 4517 mea’.

245 4541 385 4595 Καθ’
412 4541 721 4612 ὑπερϐατὸν
746 4543 779 4612 ἡ
807 4542 915 4596 τῶν
938 4543 1119 4612 ῥητῶν
1171 4543 1376 4598 τούτων
1407 4544 1678 4611 σύνταξις,
1728 4547 1809 4599 ἴνα

1925 4548 2069 4603 Ordo
2124 4548 2289 4617 hujus
2340 4546 2599 4624 versiculi
2636 4546 2695 4600 tit
2732 4563 2825 4617 per
2878 4548 3248 4619 hyperbaton,
3312 4559 3370 4605 ut
3421 4551 3493 4607 sit

245 4634 330 4704 εἴη
352 4633 614 4702 τοιαύτη·
648 4632 835 4697 Δεῦτε,
861 4633 1153 4701 ἀκούσατε,
1188 4637 1389 4698 πάντες
1419 4638 1468 4688 οί
1492 4638 1819 4707 φοϐούμενοι

244 4726 337 4778 τὸν
364 4725 522 4789 Θεὸν,
548 4727 644 4778 καὶ
680 4726 1011 4797 διηγήσομαι
1034 4727 1162 4796 ὑμῖν
1190 4727 1290 4780 ὅσα
1317 4728 1541 4797 ἐποίησε
1577 4732 1640 4799 τῇ
1672 4730 1818 4800 ψυχῇ

251 4834 351 4886 μου
376 4833 391 4847 ⁶
446 4813 582 4883 οἷον,
609 4819 783 4871 ὁπόσα
808 4817 1033 4888 ἐποίησέ
1070 4837 1160 4885 μοι
1210 4820 1373 4876 καλά.
1405 4816 1537 4874 Εἶτα
1578 4823 1819 4887 διέξεισι,

252 4912 365 4973 πῶς
393 4909 765 4981 εὐηργετήθη.

316 5184 481 5253 Πρὸς
516 5187 705 5241 αὐτὸν
752 5187 832 5254 τῷ
881 5191 1137 5256 στόματί
1175 5209 1296 5259 μου
1350 5192 1660 5259 ἐκέκραξα,
1725 5193 1821 5245 καὶ

250 5275 469 5344 ὒψωσα
501 5278 616 5331 ὑπὸ
656 5281 769 5349 τὴν
812 5280 1109 5350 γλῶσσάν
1128 5301 1269 5352 μου.
1315 5284 1549 5353 ’Υψωσα
1579 5285 1822 5353 δηλονότι

249 5368 345 5439 τὴν
372 5371 560 5440 φωνήν
589 5371 1004 5439 μου,καλοῦσαν
1025 5374 1186 5429 αὐτὸν
1208 5376 1284 5439 εἰς
1315 5377 1619 5446 ἀντίληψιν.
1638 5380 1821 5447 Παρα-

332 5544 371 5575 ³¹
404 5544 573 5600 Hebr.
615 5562 692 5612 ιι,
739 5547 826 5603 59.

1922 4657 2149 4697 sensus:
2179 4639 2394 4703 Venite,
2420 4647 2475 4694 et
2503 4639 2911 4710 auditezomncs,
2938 4643 3028 4712 qui
3057 4642 3261 4698 timetis
3287 4641 3453 4698 Deum
3476 4662 3491 4698 :

1920 4744 1972 4787 et
1995 4734 2226 4787 narrabo
2253 4732 2409 4788 vobis
2441 4741 2647 4803 quanta
2682 4733 2809 4788 fecit
2834 4735 3030 4790 anima)
3061 4751 3219 4804 meae,
3255 4738 3361 4792 hoc
3384 4746 3491 4801 est,

1922 4833 2125 4895 quanta
2150 4824 2340 4880 fecerit
2366 4826 2614 4892 mihi;vel
2644 4842 2740 4898 per
2771 4842 2831 4881 se
2861 4828 3185 4897 simpliciter
3209 4830 3495 4900 legendum

1922 4930 2046 4975 est:
2078 4922 2430 4989 Quaecunque
2460 4919 2592 4975 fecit
2620 4920 2815 4976 anima:
2848 4937 3002 4986 meae,
3053 4922 3155 4978 hoc
3190 4932 3296 4990 est,
3350 4926 3494 4992 quic-

1927 5027 2147 5084 tunque
2198 5012 2325 5067 fecit
2356 5012 2491 5066 mihi
2532 5013 2676 5066 bona
2708 5013 2943 5080 ;deinde
2978 5025 3186 5081 narrat,
3222 5018 3496 5086 quomodo

1930 5113 2043 5159 haec
2069 5104 2175 5160 sibi
2206 5105 2525 5175 praestiterit
2552 5106 2846 5162 beneﬁcia.

1998 5198 2162 5252 Vrsas.
2204 5197 2294 5251 17.
2335 5196 2415 5249 Ad
2433 5198 2608 5265 ipsum
2640 5215 2728 5252 ore
2761 5216 2872 5255 meo
2903 5200 3150 5261 clamavi,
3192 5209 3239 5252 et
3271 5200 3500 5252 exaltari

1921 5288 2023 5343 sub
2078 5288 2261 5358 lingua
2296 5304 2434 5343 mea.
2472 5288 2745 5351 Exaltari.
2797 5292 2998 5358 inquit,
3026 5292 3266 5362 linguam
3297 5306 3496 5354 meam,

1930 5381 2239 5436 invocando
2265 5381 2420 5435 illum
2467 5381 2603 5435 mihi
2649 5382 2703 5435 in
2733 5383 3020 5438 auxilium.
3075 5381 3492 5438 Observandum

1579 5645 1781 5709 Varia
1816 5647 2146 5711 lectiones.

263 5835 274 5847 .
488 5768 676 5848 Graece
736 5773 900 5827 unico
951 5782 1007 5825 et
1071 5773 1333 5848 continuo
1396 5789 1560 5828 sensu
1602 5795 1614 5830 :
1658 5774 1808 5841 Quod

259 5837 611 5909 intelligebant
644 5858 823 5895 eorum
855 5858 972 5912 quia
994 5843 1140 5912 passi
1173 5853 1341 5897 essent
1383 5855 1647 5899 auctorem
1678 5837 1816 5900 vcsse

1920 5775 2109 5900 βίαιοι,
2166 5778 2259 5846 qui
2311 5777 2541 5854 dedisset
2592 5778 2824 5837 inimicis
2859 5789 3131 5853 tantopere
3179 5784 3343 5840 servis
3388 5801 3498 5839 suis

1922 5862 1952 5899 a
1994 5861 2023 5898 u
2055 5862 2265 5900 inesse.

1922 5861 2069 5900 abuti
2092 5862 2265 5915 posse.
