3774 6542
418 350 562 417 νεεδ
1662 354 2052 413 EUTlIYMll
2099 355 2462 418 ZiGABENl
3523 382 3593 446 65‘;

426 485 585 524 wero
621 477 727 536 est,
767 467 912 540 quod
973 467 1317 538 praepositio,
1379 467 1496 535 sub,
1551 469 1731 538 posita
1792 477 1878 523 est

2103 517 2106 524 .
2132 471 2400 540 τηρητέον
2455 471 2513 525 δὲ
2537 472 2636 545 τὴν
2668 473 2787 528 ὑπὸ
2822 473 3097 546 πρόθεσιν,
3118 475 3234 528 ἀντὶ
3261 478 3344 548 τῆς
3366 481 3422 535 ἐν
3447 491 3593 551 πάντως

453 561 846 632 praepositione
897 561 976 627 iu,
1008 574 1072 614 ac
1099 562 1144 616 si
1179 559 1428 615 diceret:
1478 559 1539 615 lu
1567 560 1751 632 lingua
1783 577 1940 628 mea;

2129 561 2409 631 κειμένην,
2465 559 2578 618 οἷον
2637 565 2724 618 Ἐν
2753 569 2820 635 τῇ
2857 565 3077 638 γλώσσῃ
3109 585 3207 636 μυ
3243 585 3254 600 ’
3287 574 3485 630 τοιοῦτόν
3519 588 3592 642 ἐστι

451 655 632 709 simile
657 663 762 719 est,
793 651 937 723 quod
967 653 1097 708 alibi
1128 653 1362 723 legimus
1391 671 1404 708 :
1442 651 1550 708 Sub
1577 654 1763 725 lingua
1793 655 1909 723 ejus
1940 695 1941 705 χ

2127 653 2222 706 καὶ
2251 653 2311 707 τό
2333 670 2346 684 ο
2391 655 2527 709 Ὑπὸ
2571 657 2689 724 τὴν
2711 655 3006 726 γλῶσσαν
3034 661 3217 715 αὐτοῦ
3247 664 3412 731 κόπος
3438 674 3511 724 καὶ
3529 685 3595 732 κέ.

437 745 546 799 .l-or
597 755 644 800 et
684 745 836 800 dolor
864 745 931 813 ³¹;
971 745 1100 801 item
1130 759 1145 799 :
1181 744 1446 801 Venenum
1477 747 1722 811 aspidum
1741 749 1834 802 sub
1866 748 1927 802 la,

2124 761 2231 810 νος
2249 761 2262 776 ·
2293 744 2389 797 καὶ
2413 746 2473 798 τό
2497 762 2512 778 ο
2556 745 2662 812 Ἰὸς
2694 747 2974 802 ἀσπίδων
3001 752 3114 803 ὑπὸ
3143 751 3210 804 τὰ
3238 755 3391 822 χείλη
3409 774 3516 827 σου,
3538 774 3594 821 καὶ

448 853 628 891 eorum
654 837 720 892 ³³.

2123 835 2193 887 τὰ
2217 835 2463 890 τοιαῦτα.

521 932 686 986 Vens.
730 931 816 986 18.
861 931 1191 1000 Injustitiam
1242 933 1292 987 si
1337 933 1516 1000 aspexi
1563 934 1617 988 in
1677 935 1832 989 corde
1884 951 2011 1000 meo,

2192 921 2465 983 ’Ἀδικίαν
2485 934 2537 985 ει
2584 931 2880 1000 ἐθεώρουν
2909 932 2979 985 ἐν
3007 933 3216 1002 καρδίᾳ
3259 954 3387 1004 μου,
3421 944 3488 1012 μὴ
3518 952 3596 1004 εισ.

445 1041 551 1078 ιιοη
593 1023 847 1078 exaudiat
891 1041 972 1078 me
1005 1025 1284 1079 Dominus.
1319 1023 1576 1090 Quando,
1617 1025 1816 1094 inquit,
1851 1025 1935 1080 De:

2121 1019 2440 1074 ακουσὰτω
2467 1021 2704 1090 Κύριος.
2756 1022 2881 1074 Ὅτι
2936 1023 3015 1088 δὲ,
3047 1024 3203 1092 φησι,
3229 1026 3404 1082 τοῦτον
3427 1043 3596 1103 παρεχά.

445 1116 730 1187 rogabam,
761 1116 1032 1186 injustum
1064 1125 1196 1170 tunc
1226 1126 1322 1171 aut
1361 1117 1608 1186 iniquum
1645 1116 1929 1186 quippiam

2121 1103 2268 1171 λουν,
2296 1107 2397 1160 οὐκ
2430 1107 2701 1178 ἐθεώρουν
2733 1110 2789 1163 ἐν
2819 1113 2883 1181 τῇ
2919 1112 3113 1184 καρδέᾳ
3142 1130 3263 1182 μου,
3290 1119 3460 1174 κακίαν
3492 1131 3593 1182 τινά·

443 1206 608 1262 corde
659 1222 783 1262 meo
829 1223 938 1262 non
992 1206 1455 1272 considerabam,
1510 1209 1868 1279 sermonique
1919 1225 1933 1262 ε

2121 1199 2214 1251 καὶ
2241 1198 2526 1252 πιστοῦται
2557 1203 2649 1253 τὸν
2674 1201 2829 1270 λόγον
2862 1202 3240 1273 ἐπαρώμενος,
3262 1208 3355 1273 ὅτι,
3376 1213 3427 1264 Et
3453 1224 3594 1286 συνεγί.

431 1298 716 1369 Ρτοριιοιιι
768 1298 932 1353 ﬁdem
983 1298 1217 1360 faciens,
1266 1315 1361 1368 per
1393 1299 1869 1368 imprccalioncm,
1903 1315 1921 1352 ε

2118 1309 2325 1346 νωσκον
2348 1294 2484 1365 αὐτῇ
2510 1295 2756 1349 τοιοῦτόν
2782 1314 2855 1363 τι,
2892 1295 2969 1368 μὴ
3021 1301 3381 1358 εἰσακουσάτω
3424 1323 3503 1376 μου
3524 1313 3595 1367 κύ.

443 1390 500 1444 Si
535 1388 852 1459 huiusmodi
895 1389 1130 1456 alicujus
1163 1389 1240 1442 rei
1271 1388 1402 1442 mihi
1433 1389 1509 1442 fui
1542 1388 1828 1454 conscius,
1871 1407 1933 1444 nu

2118 1401 2232 1467 ριος
2263 1386 2354 1440 τοῦ
2387 1386 2602 1454 λοιποῦ,
2631 1388 2822 1454 ὁσάκις
2869 1391 2936 1444 ἂν
2972 1390 3136 1446 αὐτὸν
3182 1393 3550 1470 ἐπικαλέσωμαι.

438 1495 601 1550 quam
641 1496 726 1535 me
753 1480 1115 1551 imposterum
1154 1477 1296 1535 Deus
1328 1479 1607 1545 exaudiat,
1639 1482 1861 1551 quando
1887 1497 2012 1536 cum

440 1571 731 1628 invocabo.

509 1663 676 1718 Vens.
719 1662 809 1718 l9.
868 1662 1161 1733 Propterea
1207 1664 1474 1719 exaudivit
1531 1680 1612 1717 me
1667 1663 1829 1722 Deus.
1871 1664 1999 1731 Quoi

2190 1661 2294 1715 Διὰ
2325 1660 2502 1716 τοῦτο
2535 1662 2870 1732 εἰσήκουσέ
2895 1680 3018 1732 μου
3053 1665 3086 1718 ό
3140 1666 3298 1731 Θεός.
3347 1668 3467 1722 Atos:
3507 1677 3596 1740 μετὰ

437 1754 586 1810 niam
620 1754 832 1810 scilicet
864 1769 1002 1825 puro
1037 1770 1102 1812 ac
1134 1756 1339 1811 mundo
1371 1756 1540 1811 corde
1584 1757 1632 1811 ei
1686 1773 1882 1827 preces
1913 1775 1927 1813 ι

2115 1753 2362 1824 καθαρᾶς
2380 1754 2607 1826 καρδίας
2635 1755 2884 1826 ἐδεόμην.
2924 1757 3045 1826 Χρὴ
3080 1756 3138 1810 δὲ
3165 1759 3258 1812 καὶ
3283 1761 3434 1829 ἡμᾶς,
3454 1765 3492 1814 ει

436 1849 561 1904 tuli.
616 1849 676 1904 Si
721 1848 929 1918 aliquid
979 1851 1047 1904 ab
1098 1865 1163 1904 eo
1199 1850 1366 1920 igitur
1399 1852 1753 1904 consecuturi
1794 1867 1926 1905 suun

2113 1844 2300 1915 λοιμεν
2327 1847 2720 1918 ἐπιτυγχάνειν
2773 1849 2908 1919 (29),
2944 1849 3084 1919 μετὰ
3116 1850 3350 1921 καθαροῦ
3379 1855 3595 1921 συνειδότος

433 1941 642 1996 munda
677 1957 780 1997 nos
809 1957 934 1996 cum
981 1942 1325 1998 conscientia
1353 1950 1570 2014 oportet
1605 1942 1673 1998 ad
1711 1959 1837 2000 eum
1883 1959 1923 2000 SI

1251 1942 1325 1998 tia
1353 1950 1570 2014 oportet
1605 1942 1673 1998 ad
1711 1959 1837 2000 cum
1883 1959 2002 2016 sup.
2112 1938 2454 2007 παρακαλεῖν
2478 1939 2568 1992 τὸν
2601 1939 2734 1993 Θεόν

433 2032 702 2102 plicantes
733 2032 1017 2088 accedere.

504 2124 741 2180 Intendit
769 2125 884 2179 uoci
941 2125 1198 2180 orationis
1229 2141 1378 2179 metu.
1418 2124 1610 2181 Simile
1639 2137 1724 2182 est
1751 2127 1896 2197 quod
1927 2128 1994 2182 le-

2181 2124 2498 2192 Προσέσχε
2532 2123 2607 2193 τῇ
2631 2125 2807 2196 φωνῇ
2855 2126 2966 2194 τῆς
2997 2126 3265 2196 δεήσεώς
3287 2145 3412 2197 μου.
3441 2130 3595 2200 Ὀμοιόν

432 2217 614 2288 gimus
647 2217 702 2272 in
739 2218 905 2272 tertio
938 2217 1216 2274 versiculo
1247 2218 1427 2287 quinti
1460 2219 1676 2288 psalmi.

2108 2214 2224 2268 ἐστι
2249 2215 2329 2286 τῷ
2349 2215 2519 2286 τρίτῳ
2546 2217 2714 2287 στίχῳ
2745 2217 2838 2270 τοῦ
2876 2218 3135 2287 πέμπτου
3191 2217 3411 2288 ψαλμοῦ.

504 2307 670 2365 Vens.
709 2308 799 2364 20.
842 2307 1157 2364 Benedictus
1211 2308 1348 2364 Deus
1398 2311 1488 2380 qui
1521 2327 1624 2364 non
1653 2313 1845 2366 amovit
1878 2329 1994 2366 ora-

2177 2306 2526 2376 Εὐλογητὸς
2579 2310 2610 2361 ὀ
2660 2308 2800 2374 Θεὸς
2830 2350 2845 2374 ,
2919 2309 2988 2375 ὃς
3042 2311 3160 2364 οὐκ
3207 2309 3480 2378 ἀπέστησε
3522 2311 3593 2379 τὴν

418 2402 621 2455 .tionem
659 2417 850 2456 meam.
877 2400 918 2452 A
963 2415 1045 2466 se,
1094 2401 1341 2470 inquam,
1375 2414 1495 2455 eam
1532 2417 1642 2456 non
1671 2403 1897 2456 amovit.

1801 2403 1897 2456 vit,
2107 2395 2460 2465 προσευχήν
2486 2413 2626 2464 μου.
2663 2396 2781 2466 Ἀφ’
2809 2399 3002 2452 ἑαυτοῦ
3026 2399 3291 2470 δηλονότι.

500 2489 567 2544 Et
599 2490 1019 2545 misericordiam
1049 2506 1202 2544 suam
1232 2507 1265 2543 a
1295 2506 1395 2544 me.
1442 2491 1484 2544 Δ
1516 2493 1793 2547 communi
1834 2508 1990 2548 sensu

2177 2487 2287 2541 Kal
2319 2489 2385 2541 τὸ
2414 2489 2589 2554 ἕλεος
2615 2490 2802 2544 αὑτοῦ
2835 2489 2938 2544 ἀπ’
2973 2491 3147 2559 ἐμοῦ.
3188 2491 3317 2544 Ἀπὸ
3341 2493 3490 2547 κοινοῦ
3509 2495 3593 2549 uit—

424 2583 756 2638 sumendum
789 2591 874 2638 est
903 2583 1130 2637 verbum
1163 2600 1176 2636 :
1208 2581 1330 2636 Non
1361 2585 1580 2650 amovit,

2115 2578 2300 2647 ταῦθα,
2327 2579 2410 2646 τὸ,
2449 2581 2548 2646 Ὃς
2581 2583 2696 2636 οὐκ
2725 2581 3104 2651 ἀπέστησεν.

457 2675 524 2730 In
550 2677 721 2746 ﬁnem
764 2677 818 2730 in
859 2676 1066 2746 hymnis
1110 2674 1357 2730 Psalmus
1399 2674 1606 2730 Cantici
1638 2678 1740 2748 ipsi
1779 2679 1947 2734 David

2177 2673 2282 2736 Εἰς
2337 2671 2403 2724 τὸ
2432 2673 2608 2738 τέλος
2655 2672 2725 2726 ἐν
2775 2673 2985 2743 ὕμνοις
3041 2675 3289 2745 eruam,
3329 2676 3463 2746 ᾠδῆς
3495 2679 3551 2744 τῷ

2805 2767 3004 2821 Δαὸίδ.

942 2852 1263 2909 PSALMUS
1303 2853 1489 2910 LXVI.

2648 2858 2943 2911 ΨΑΛΜΟΣ
2988 2857 3132 2926 scr.

496 2945 564 3000 In
599 2946 757 3014 ﬁnem
793 2945 1142 3010 inscribitur,
1194 2947 1454 3015 quoniam
1505 2947 1597 3002 Dei
1633 2947 1792 3002 Verbi
1822 2949 1986 3004 incar-

2177 2947 2221 2999 E
2247 2964 2273 3010 ς
2303 2947 2368 3000 τὸ
2401 2946 2578 3016 τέλος
2614 2949 2738 3020 μὲν,
2760 2951 2842 3003 ὅτι
2868 2949 3245 3021 προκηρύττει
3267 2950 3352 3004 τοῦ
3377 2952 3514 3020 Λόγοι
3532 2959 3592 3006 καὶ

425 3038 703 3092 nationem
743 3036 1012 3108 praedicit,
1041 3036 1106 3090 ad
1135 3036 1295 3105 cujus
1329 3037 1490 3092 linem
1522 3038 1802 3107 respicere
1833 3041 1912 3096 lec

2102 3037 2239 3091 Θεοῦ
2269 3040 2367 3110 τὴν
2401 3041 2819 3113 ὲνανθρώπησιν
2842 3057 2854 3071 ⁸
2891 3037 2960 3114 ἦς
2989 3061 3140 3106 τινος
3175 3045 3253 3106 εἰς
3275 3044 3330 3097 τὸ
3357 3043 3481 3107 τέλος
3500 3045 3591 3112 ἀφο-

425 3129 756 3200 retnjubet:
793 3129 844 3182 in
877 3128 1082 3198 hymnis
1110 3143 1263 3191 vero,
1300 3128 1431 3198 quia
1467 3129 1802 3184 laudandum
1841 3131 1915 3185 illi

2104 3130 2204 3200 ρᾷν
2233 3129 2554 3184 ὑποτίθεται
2590 3132 2716 3195 τοὺς
2740 3131 3200 3200 ἐντυγχάνοντας.
3248 3132 3338 3184 Ἐν
3359 3132 3525 3200 ὕμνοις
3543 3132 3590 3193 δὲ,

418 3237 546 3278 esse
573 3220 854 3276 admonet.
888 3219 1026 3284 Quid
1075 3228 1257 3274 autem
1292 3221 1364 3276 sit
1391 3221 1626 3290 psalmus
1651 3223 1871 3290 cantici,

2103 3221 2180 3274 ὅτι
2209 3223 2302 3275 καί
2330 3223 2520 3295 ὑμνεῖν
2554 3224 2716 3277 αὑτὸν
2746 3223 3224 3295 παρακελεύεται·
3259 3224 3387 3278 τὸδὲ
3419 3226 3593 3292 Ψαλμὸς

420 3314 603 3368 ximus
633 3311 688 3366 in
721 3312 985 3382 protentio
1017 3311 1221 3380 operis.

2101 3314 2259 3385 ᾠδῆς
2285 3317 2826 3390 προηρμηνεύσαμεν
2853 3320 2911 3371 ὲν
2938 3317 3014 3389 τῷ
3053 3317 3323 3390 προοιμίῳ
3340 3317 3423 3388 τῆς
3449 3317 3591 3386 παρού-

2102 3428 2200 3481 σης
2237 3411 2419 3480 βίϐλου
2431 3451 2444 3466 .

497 3485 738 3546 Vsus}.
780 3485 918 3545 Deus
940 3486 1252 3544 misereatur
1283 3488 1483 3558 nostri,
1509 3497 1558 3546 et
1598 3487 1875 3548 benedicat
1905 3512 1987 3549 no-

2183 3502 2244 3556 Ὀ
2294 3504 2438 3568 Θεὸς
2504 3502 2875 3572 οἰκτειρήσω
2947 3503 3145 3574 ἡμᾶς,
3204 3505 3298 3558 καὶ
3343 3504 3590 3574 εὐλογῆσαι

420 3587 518 3639 bis.
553 3584 868 3640 I'razvidens
897 3582 1170 3653 Propheta
1201 3581 1399 3637 divinae
1438 3583 1849 3640 incarnationis
1882 3604 1910 3640 ιι

2101 3594 2276 3665 ἡμᾶς.
2313 3584 2684 3666 Προεγνωκὼς
2741 3599 2803 3649 τὸ
2854 3597 2958 3674 τῆς
3003 3597 3159 3661 θείας
3212 3599 3591 3670 ένανθρωπήσεως

417 3679 680 3744 sterium,
711 3675 1002 3746 aditnpleri
1054 3675 1352 3744 supplicat,
1406 3677 1553 3746 quod
1611 3679 1892 3746 praevidet.

2101 3691 2422 3758 μυστήριον,
2458 3687 2678 3758 εῦχεται
2727 3689 3091 3759 πληρωθῆναι
3121 3690 3322 3761 ταύτην
3348 3708 3360 3720 ·
3391 3690 3467 3743 καὶ
3492 3691 3591 3758 πρῶ-

417 3770 596 3838 primo
622 3767 842 3838 quidem
876 3765 1046 3820 Deum
1077 3766 1247 3836 petit;
1287 3774 1345 3820 ut
1383 3767 1639 3821 humanae
1671 3770 1902 3824 miserea

2099 3799 2188 3834 τον
2217 3781 2317 3851 μὲν
2370 3781 2782 3851 οἰκτειρηθῆναι
2816 3784 2916 3852 τὴν
2966 3784 3076 3835 τῶν
3136 3784 3424 3854 ἀνθρώπων
3463 3783 3589 3851 φύσιν,

419 3868 650 3924 naturaa,
701 3875 824 3926 qua:
856 3857 958 3912 sub
1011 3871 1154 3911 saeva
1211 3856 1474 3912 daemonis
1509 3857 1861 3914 detinebatur

2103 3868 2313 3938 πικρῶς
2338 3870 2782 3940 τυραννουμένην
2815 3871 2921 3924 ὑπὸ
2953 3871 3046 3924 τοῦ
3091 3871 3359 3926 διαϐόλου.
3408 3867 3593 3923 Εἶταεὺ-

416 3950 648 4004 rannide
699 3965 712 4002 :
743 3947 940 4002 deinde
975 3947 1227 4002 benedici
1256 3949 1444 4014 etiam,
1477 3948 1581 4004 hoc
1611 3957 1718 4013 est,
1753 3961 1906 4006 sanet

2102 3958 2418 4029 λογηθῆναι,
2455 3960 2634 4013 εῐτουν
2680 3962 3029 4031 ἀγιασθῆναι.
3068 3965 3232 4032 Ζήτει
3275 3964 3328 4016 δὲ
3365 3963 3425 4016 τὰ
3451 3979 3592 4031 σημαι-

415 4039 532 4093 cari
561 4054 679 4094 eam
709 4045 886 4108 rogat.
915 4036 1054 4102 Ouid
1083 4045 1263 4090 autem
1290 4038 1361 4092 sit
1389 4038 1745 4106 benedicere,
1777 4039 1903 4095 vide

2100 4052 2297 4120 νόμενα
2347 4053 2444 4121 τῆς
2497 4052 2748 4121 εὐλογίας
2797 4055 2854 4106 ὲν
2886 4057 2952 4126 τῇ
2989 4055 3252 4126 ἐξηγήσει
3276 4056 3363 4110 τοῦ
3403 4053 3436 4108 ε’
3464 4053 3590 4123 στίχου

416 4130 609 4199 quinto
643 4127 916 4183 versiculo
953 4127 1145 4196 psalmi
1181 4144 1272 4182 xx.

1257 4167 1272 4182 ο
2097 4141 2190 4194 τοῦ
2219 4142 2467 4195 εἰκοστοῦ
2498 4143 2741 4212 ψαλμοῦ.

486 4217 752 4286 Appareat
786 4217 956 4272 vultus
983 4220 1096 4286 ejus
1127 4234 1282 4286 super
1315 4236 1432 4274 uos.
1471 4218 1668 4277 Vultus
1694 4237 1792 4279 seu
1820 4223 1976 4282 facie:

2183 4234 2497 4303 Ἐπιφὰναι
2519 4236 2582 4288 τὸ
2607 4238 2937 4304 πρόσωπον
2953 4239 3143 4294 αὑτοῦ
3172 4240 3264 4309 ἐφ’
3293 4237 3449 4309 ἡμᾶς.
3471 4236 3592 4308 H96:-

389 4308 618 4376 .Patris,
654 4308 827 4366 Filius
855 4319 962 4365 cst.
995 4311 1101 4376 Qui
1137 4313 1265 4365 vidit
1298 4313 1468 4380 enim,
1500 4313 1696 4384 inquit,
1731 4332 1834 4382 me,
1861 4335 1879 4372 ι

2103 4340 2246 4376 ωπον
2283 4323 2378 4376 τοῦ
2427 4326 2662 4396 Πατρὸς,
2691 4327 2718 4380 ὁ
2769 4328 2893 4392 Υἱός
2917 4345 2931 4358 ·
2983 4329 3046 4384 '0
3082 4308 3349 4398 ἐωρὰκώς
3395 4329 3502 4400 γὰρ,
3527 4345 3593 4395 φη·

410 4412 458 4456 et
489 4401 707 4457 Patrem
735 4420 906 4457 meum
938 4404 1002 4457 ³⁸.
1044 4402 1300 4474 Optantis
1333 4406 1502 4476 igitur
1534 4407 1588 4460 in
1621 4412 1900 4467 morem'P

2100 4414 2202 4481 σιν,
2216 4413 2340 4483 ἐμὲ,
2359 4413 2617 4482 ἑώρακεν
2638 4418 2746 4470 τὸν
2763 4419 3012 4488 Πατέρα.
3042 4419 3323 4485 Εὐκτικῶς
3345 4416 3426 4474 οὖν
3455 4436 3590 4488 φησιν.

410 4493 573 4564 pheta
605 4495 717 4550 ait:
763 4496 1029 4564 Appareat
1078 4494 1254 4549 vultus
1306 4503 1446 4564 ejus,
1503 4497 1607 4553 hoc
1637 4509 1742 4564 est,
1777 4501 1893 4556 utin

2105 4506 2422 4576 Ἐπιφάναι
2442 4524 2454 4538 °
2491 4509 2793 4574 τουτέστιν,
2829 4511 3149 4584 Ἐπιφανεεη
3175 4513 3236 4566 τὸ
3264 4513 3512 4584 πρόσωπον
3529 4512 3590 4560 τοῦ

409 4583 635 4640 illuceat
681 4585 842 4642 nobis
883 4587 1068 4640 vultus
1106 4585 1306 4650 Patris,
1353 4587 1474 4656 ipse
1529 4589 1747 4646 scilicet
1781 4591 1899 4646 Fllil

2101 4601 2348 4672 Πατρὸς,
2399 4601 2575 4655 εῐτουν
2621 4604 2648 4655 ὁ
2677 4603 2824 4666 Υἱὸς,
2873 4583 3591 4674 ὲφ⁹ὴμᾶςτοὺςέπὶγῆθδιὲ

411 4693 513 4734 sua
544 4679 804 4732 nimirum
861 4679 1280 4733 incarnatione:
1318 4687 1374 4731 et
1409 4695 1578 4750 super
1615 4683 1901 4738 nosilluce

2099 4696 2445 4763 σαρκώσεως.
2492 4695 2563 4746 Ἦ
2613 4694 2710 4748 καὶ
2751 4695 2848 4748 τοῦ
2898 4697 3143 4766 Χριστοῦ
3197 4698 3256 4750 τδ
3289 4697 3419 4750 κατὰ
3459 4696 3589 4764 σάρκα

409 4769 505 4841 qui
535 4770 590 4824 in
621 4778 769 4823 terra
802 4785 1015 4826 sumus.
1039 4767 1165 4833 νει,
1214 4768 1401 4821 Vultus
1425 4768 1562 4838 ejus,
1597 4769 1698 4826 hoc
1722 4782 1828 4836 est,
1857 4789 1899 4826 γι

1913 4775 1984 4828 ll-
2091 4784 2406 4854 πρόσωπον,
2443 4784 2471 4836 ὃ
2509 4785 2656 4837 ἐστιν
2684 4784 2846 4848 αὐτὸς
2872 4786 3015 4839 κατὰ
3056 4788 3403 4858 περίφρασιν.

408 4871 498 4917 ιιιε
563 4862 771 4918 Christi
832 4862 1135 4916 secundum
1194 4875 1476 4917 carnem:
1558 4863 1672 4932 ipse
1727 4865 1982 4923 videlicet

406 4951 663 5007 Christus
690 4952 849 5006 nobis
881 4951 1126 5006 illuceat.

478 5041 544 5096 Et
582 5043 898 5095 misereatur
924 5044 1114 5096 nostri.
1147 5041 1240 5098 Bis
1271 5042 1442 5098 Deum
1473 5055 1633 5115 rogat
1665 5055 1721 5099 ιιι
1749 5047 1837 5100 sui
1876 5048 1968 5100 mi-

2160 5047 2268 5100 Καὶ
2302 5047 2553 5112 ἐλεῆσαι
2584 5047 2762 5116 ἡμᾶς.
2811 5050 3020 5103 Ταὺτὸν
3059 5053 3120 5104 τὸ
3169 5053 3483 5120 οἰκτειρήσαι
3529 5061 3584 5112 τῳ

406 5144 654 5190 sereatur
684 5151 700 5200 ;
741 5135 910 5189 veluti
945 5144 1146 5205 Optata:
1176 5135 1250 5189 rei
1285 5135 1441 5193 valde
1473 5138 1732 5207 cupidus.

2099 5138 2345 5203 ἐλεῆσαι
2382 5138 2495 5209 (50)
2520 5153 2535 5168 ⁸
2568 5140 2648 5204 δὶς
2677 5135 2770 5192 οῦν
2805 5141 2921 5194 τόδε
2979 5143 3150 5211 λέγει,
3205 5143 3491 5212 γλιχόμενος
3523 5153 3589 5189 τυ·

1655 5219 1664 5230 ’
2084 5233 2221 5300 κεῖν,
2255 5225 2316 5283 οὗ
2350 5231 2555 5300 ἐζήτει.

483 5308 645 5366 Vnus.
679 5310 733 5364 '5.
772 5311 833 5366 Ut
862 5323 1177 5382 cognoscant
1210 5313 1264 5365 in
1303 5321 1447 5366 terra
1471 5315 1608 5365 viam
1633 5321 1802 5366 tuam.
1835 5313 1973 5380 lloc,

2156 5319 2266 5372 Τοῦ
2295 5320 2512 5389 γνῶναι
2541 5323 2610 5374 ἐν
2648 5321 2721 5390 τῇ
2749 5323 2827 5392 τῇ
2861 5325 2975 5392 τὴν
3003 5326 3148 5380 ὀδόν
3174 5342 3307 5380 σου.
3342 5325 3446 5392 Eii},
3470 5320 3583 5391 φησὶ.

407 5401 609 5471 inquit,
644 5409 811 5471 atque
867 5401 1000 5457 illud
1041 5403 1154 5457 ﬁeri
1189 5413 1342 5471 opto,
1379 5412 1436 5454 ut
1490 5403 1744 5457 homines
1793 5405 1888 5473 qui

2094 5413 2222 5479 τόδε,
2254 5414 2349 5467 καὶ
2373 5413 2492 5466 τόδε
2522 5413 2614 5466 ἐπὶ
2637 5413 2714 5484 τῷ
2745 5416 2946 5483 γνῶναι
3000 5418 3126 5481 τοὺς
3187 5418 3245 5470 ὲν
3289 5419 3349 5486 τῇ
3399 5417 3476 5484 γῇ,
3514 5411 3584 5478 τὴν

451 5546 493 5576 ³³
528 5545 667 5601 Psal.
706 5563 760 5613 ι,
797 5548 882 5600 17.
957 5547 1002 5578 ³³
1033 5545 1182 5598 Psal.
1221 5559 1344 5608 uti,
1375 5544 1444 5611 5;
1479 5543 1596 5609 159,
1627 5543 1679 5596 4.
1768 5545 1814 5577 ³⁸
1845 5544 1941 5600 Joa

747 5587 760 5613 ,
797 5548 882 5600 17.
957 5547 1002 5578 ³³
1033 5545 1182 5598 Psal.
1221 5559 1344 5608 uti,
1375 5544 1444 5611 5;
1479 5543 1596 5609 159,
1627 5543 1679 5596 4.
1768 5545 1814 5577 ³⁸
1845 5544 2008 5600 Joan.
2046 5565 2158 5613 xlv,
2185 5549 2237 5604 9.

1730 5637 1927 5700 Vat-ite
1956 5639 2286 5703 lectiones.

473 5740 588 5812 {29)
619 5739 850 5812 Videtur
873 5735 1307 5812 subatldiendmn
1339 5736 1508 5812 τινός.

476 5805 589 5880 ζόυ)
622 5811 768 5865 Idem
801 5821 878 5864 est
931 5809 1076 5864 enim
1119 5809 1457 5877 οἰκτειρήσαι
1514 5824 1577 5862 ac
1624 5805 1867 5877 ἐλεῆσαι,
1909 5816 1966 5860 ιιι

1909 5816 1969 5860 ιιι
2009 5819 2093 5865 est
2126 5808 2182 5861 in
2215 5815 2384 5861 textu.
2415 5807 2570 5874 Quod
2605 5808 2856 5866 consulto
2886 5807 3076 5864 omisit
3104 5809 3379 5876 interpres.
