3774 6572
409 407 514 472 663
1609 421 1998 481 EUTIIYMII
2038 423 2409 484 ZIGABENI
3528 434 3604 498 εει

409 527 661 582 habitare
717 527 868 595 facit,
907 530 974 586 de
1022 547 1127 601 qua
1181 534 1480 602 Apostolus
1531 536 1733 590 Paulus
1778 535 1899 590 dicit

2113 556 2145 590 ν
2174 539 2297 605 τοῖς
2334 541 2614 609 οὐρανοῖς
2641 541 2903 598 αἰώνιον.
2927 545 3005 617 ,Ὀ
3036 543 3094 598 δὲ
3117 544 3412 615 Σύμμαχος
3449 548 3603 602 Mm-

405 619 552 688 quod
583 621 959 676 habitationem
997 637 1062 676 ea:
1094 624 1202 678 Deo
1232 624 1479 682 habemus
1518 645 1622 682 non
1671 645 1829 682 manu
1888 647 1895 696 γ

2115 628 2230 706 εοὺς
2277 631 2558 697 ἐξέδωκεν,
2589 635 2664 697 ὡς
2691 635 3112 705 μεμονωμένους
3135 637 3340 700 παντὸς
3400 635 3605 706 βιωτικοῦ

408 719 570 770 ctam,
608 722 860 766 a'ternam
900 715 955 767 in
988 714 1131 768 ειιιίίε
1163 715 1228 769 '°°.
1268 714 1634 788 Symmachus
1687 735 1818 772 vero
1875 734 1898 787 ι]

2115 720 2403 790 τράγματος
2419 738 2436 754 ⁸
2466 723 2560 787 οὓς
2587 725 2886 791 κατοικίζει
2911 729 2970 780 ὲν
2989 728 3291 798 οἰκητηρξῳ
3316 728 3605 796 καταμόνας.

407 800 746 871 hominibus,
775 821 912 872 quos
945 806 1109 863 unius
1137 811 1307 864 moris
1337 825 1462 866 esse
1501 809 1640 865 dixit
1670 810 1897 878 PrOpheI

2116 813 2454 886 [ροαγορεύει
2498 817 2555 870 δὲ
2609 820 2710 886 τὴν
2763 819 3048 873 πολιτείαν
3105 821 3216 874 τῶν
3256 822 3606 889 ἁναχωρητῶν.

407 908 502 948 seu
537 896 846 962 unanimes.
893 902 1177 955 monachos
1210 902 1468 968 reddidit,
1493 904 1651 973 quasi
1697 905 1766 958 ab
1814 904 1964 957 omni
2008 907 2295 962 mundano
2315 911 2538 982 negotio
2558 927 2790 981 prorsus
2817 921 3156 984 segregatos,
3213 927 3279 966 ac
3340 911 3608 968 solitarius:

405 1005 654 1060 quosque
686 991 1045 1062 singulariter
1079 995 1221 1050 Deus
1270 996 1520 1050 habitare
1587 997 1717 1050 facit
1783 998 1836 1050 in
1871 997 2054 1067 parvis
2092 998 2407 1060 domiciliis.
2436 1003 2672 1074 Etjuxta
2705 1007 2852 1061 hunc
2877 1023 3098 1064 seusqu
3119 1006 3421 1078 pmdicare
3448 1006 3612 1061 videtur

405 1082 676 1151 PrOpheta
710 1084 1042 1140 anachoreta
1054 1100 1171 1139 rmn
1210 1088 1400 1141 vitam.
1835 1134 1838 1135 ν

480 1174 720 1228 Educens
756 1178 953 1231 cinctos
981 1178 1033 1230 in
1061 1177 1394 1246 fortitudine.
1432 1181 1708 1245 Edureus,
1743 1182 1845 1236 hoc
1873 1193 1970 1248 est,

2168 1184 2432 1250 Ἐξάγ-ων
2458 1186 2917 1253 πεπεδημένους
2948 1187 3018 1239 ἐν
3068 1187 3309 1254 ἀνδρίᾳ.
3394 1186 3609 1252 Ἐξάτωνν

407 1267 648 1321 liberans
703 1281 799 1322 eos
853 1268 1136 1333 nimirum,
1191 1271 1295 1339 qui
1354 1281 1704 1339 peccatorum
1751 1288 1897 1326 8υοΙί

2123 1276 2250 1327 ’τουν
2280 1275 2606 1344 ἐλευθερῶν,
2635 1278 2764 1340 τοὺς
2823 1276 3240 1345 πεπεδημένους
3288 1278 3410 1335 ταῖς
3449 1285 3613 1346 σειραῖς

404 1357 639 1422 catenis,
672 1364 726 1411 et
756 1357 1070 1412 daemonum
1099 1359 1361 1422 vinculis,
1406 1359 1510 1416 hoc
1548 1372 1652 1424 est,
1688 1361 1894 1416 aﬂectil

2123 1367 2184 1417 ὒν
2225 1366 2662 1436 ἁμαρτημάτων,
2692 1367 2724 1438 ἢ
2749 1369 2863 1431 τοῖς
2885 1370 3108 1438 δεσμοῖς
3131 1367 3229 1420 τοῦ
3264 1368 3540 1436 δαίμονος·
3589 1375 3613 1424 ἆ

408 1465 503 1506 seu
539 1450 916 1520 passionibus,
963 1466 1026 1505 ac
1063 1460 1416 1520 peccatorum
1464 1454 1898 1522 pcrturbationib

2127 1474 2178 1510 σι
2206 1457 2274 1509 τὰ
2305 1457 2474 1526 πάθη.
2532 1460 2697 1526 Λέγει
2737 1459 2796 1512 δὲ
2826 1461 2952 1522 τοὺς
3007 1459 3066 1524 ἐξ
3097 1458 3272 1510 ἐθνῶν
3330 1458 3609 1512 πιστεύσειν

405 1541 599 1606 vincti,
633 1550 798 1610 atque
847 1542 1049 1612 alligati
1100 1553 1230 1598 sunt
1274 1562 1286 1597 :
1325 1559 1435 1613 quo
1484 1559 1736 1599 sermOue
1784 1545 1895 1598 ﬁdei

2123 1564 2166 1609 ις
2199 1562 2211 1576 ⁸
2246 1547 2455 1615 ἐξάγων
2488 1548 2544 1600 δὲ
2579 1551 2704 1610 τοὺς
2752 1551 2809 1600 ἐν
2861 1550 3076 1619 ἀνδρίᾳ,
3141 1550 3314 1619 ἦγουν
3382 1551 3438 1600 ὲν
3498 1550 3613 1617 ἰσχύϊ

408 1633 681 1702 intelligit,
711 1633 801 1702 qui
826 1650 888 1686 ex
912 1634 1165 1703 gentibus
1192 1634 1557 1705 congregandi
1579 1645 1750 1689 crant.
1779 1636 1891 1690 Edu

2121 1640 2358 1709 εότητος,
2407 1641 2894 1713 καταγωνιζομένῃ
2928 1643 3020 1694 τὸν
3048 1642 3320 1710 τύραννον
3351 1656 3365 1670 °
3403 1642 3433 1708 ἢ
3471 1643 3611 1695 καὶέν

408 1733 588 1778 autem
621 1740 717 1779 eos
747 1726 799 1778 in
829 1724 1170 1790 fortitudine,
1204 1727 1304 1780 hoc
1328 1737 1432 1789 est,
1456 1727 1508 1780 iu
1537 1729 1718 1781 divina
1754 1729 1892 1783 virtu

1597 1729 1718 1781 vina
1754 1729 1972 1795 virtute,
2073 1731 2302 1802 δυνάμει
2335 1733 2512 1801 λόγων
2535 1735 2643 1786 τῶν
2672 1733 3076 1802 εὖαγγελικῶν.

409 1831 473 1868 ac
523 1817 784 1884 potentia,
818 1832 923 1886 qua
956 1827 1246 1888 tyrannum
1289 1820 1514 1874 devicit.
1567 1817 1660 1873 Vel
1697 1820 1881 1884 etiam,
1921 1821 1974 1872 in

409 1908 614 1961 virtute
648 1909 916 1962 sermonis
944 1910 1277 1979 evangelici.

481 1999 742 2053 Similiter
776 2015 886 2061 eos,
917 2001 1005 2068 qui
1031 2012 1372 2070 exasperant,
1418 2005 1507 2072 qui
1535 2003 1777 2057 habitant
1808 2005 1862 2057 in
1897 2021 1971 2058 set

2171 1999 2418 2069 ὀμοίως
2445 2003 2593 2067 τοὺς,
2626 2005 3223 2073 παραπικραίνοντας
3251 2005 3395 2072 τοὺς
3456 2023 3612 2061 tamu-

405 2089 627 2156 pnlcris.
666 2090 781 2146 Non
836 2094 1036 2158 solum,
1103 2093 1299 2163 inquit,
1373 2103 1428 2147 tu
1477 2094 1708 2163 gentiles
1739 2096 1895 2150 educi

2128 2091 2349 2161 οῦντας
2374 2094 2444 2148 ἐν
2481 2095 2715 2166 τάφοις.
2775 2098 2849 2152 Οὐ
2881 2099 3040 2168 μόνον
3099 2099 3156 2152 δὲ
3219 2110 3461 2164 τουτους,
3511 2101 3614 2153 ἀλλά

408 2179 666 2246 vinculis,
686 2182 781 2238 sed
801 2193 854 2238 et
875 2185 1024 2252 ipsos
1045 2185 1204 2238 etiam
1225 2201 1289 2240 ex
1308 2185 1728 2242 circumcisione
1743 2185 1895 2241 Judzc

2127 2185 2182 2238 αὶ
2205 2185 2332 2249 τοὺς
2371 2187 2436 2240 ὲκ
2473 2190 2783 2260 περιτομῆς
2805 2206 2819 2220 ⁸
2878 2192 3003 2254 τοὺς
3029 2191 3324 2254 Ἰουδαίους
3356 2193 3458 2261 γὰρ
3498 2194 3617 2246 κα.λεί

409 2289 548 2344 quos
582 2286 961 2344 exasperantes
1013 2275 1278 2345 appellat,
1316 2291 1411 2330 seu
1470 2278 1887 2340 exacerbantcs,

2126 2279 2668 2348 ἀραπικραίνοντας
2697 2321 2713 2346 ,
2744 2284 2819 2345 ὼς
2840 2285 2899 2336 ὲν
2932 2283 3007 2353 τῷ
3030 2282 3103 2350 Es’
3143 2284 3349 2354 ψαλμῷ
3379 2285 3616 2355 προδιεὶά-

411 2370 623 2422 ratione
679 2383 844 2436 quam
898 2368 1145 2422 diximus
1193 2368 1247 2422 in
1299 2369 1513 2439 psalmo
1563 2386 1685 2422 cxv.
1746 2368 1899 2425 Possl

2127 2387 2272 2438 ομεν.
2325 2373 2423 2445 Ετη
2450 2375 2495 2428 δ’
2521 2375 2587 2429 ἂν
2616 2376 2775 2429 ταυτὶ
2804 2377 2870 2430 τὰ
2904 2377 3046 2447 ῥητὰ
3075 2376 3171 2430 καὶ
3201 2366 3501 2448 προφητεία
3517 2380 3617 2447 περὶ

408 2458 569 2512 etiam
607 2457 768 2512 verba
795 2459 906 2513 hazc
932 2459 1000 2512 ita
1026 2458 1274 2529 intelligi,
1309 2467 1366 2512 ut
1402 2461 1745 2529 prophetiam
1803 2474 1898 2515 con

2125 2463 2182 2532 ῆς
2217 2469 2567 2536 παγκοσμίου
2597 2467 2706 2521 τῶν
2733 2469 2946 2538 νεκρῶν
2976 2469 3338 2531 ἀναστάσεως
3359 2510 3375 2534 ,
3408 2471 3483 2523 ὅτι
3507 2470 3615 2523 πᾶν·

409 2555 596 2611 ncant,
643 2548 711 2603 de
755 2549 1063 2604 universali
1117 2563 1462 2605 mortuorum
1520 2551 1890 2606 resurrection

2125 2571 2181 2617 ις
2218 2555 2390 2633 ἐξάγη
2419 2560 2529 2612 τῶν
2551 2560 2738 2629 τάφων
2757 2561 2886 2625 τοὺς
2914 2561 3355 2630 πεπεδημένους,
3373 2562 3615 2631 νεκρικῶς·

408 2639 555 2708 quod
583 2641 799 2696 scilicet
839 2641 984 2696 Deus
1033 2658 1099 2697 ex
1139 2644 1512 2698 monumentis
1542 2659 1735 2699 omnes
1768 2643 1889 2698 rinc

2127 2645 2288 2714 μοίωε
2319 2648 2376 2702 δὲ
2399 2651 2494 2703 καὶ
2529 2652 2657 2714 τοὺς
2703 2651 2997 2716 Ἰουδαίους
3021 2669 3036 2682 ·
3067 2647 3188 2705 εἶτα
3220 2654 3254 2721 ἡ
3291 2653 3617 2723 ἐπεξήγητις.

411 2731 603 2786 mortis
631 2732 852 2788 vinculo
885 2733 1106 2801 educet,
1134 2749 1196 2788 ac
1218 2735 1530 2800 suscitabit,
1566 2746 1618 2789 et
1649 2734 1795 2805 quod
1826 2737 1901 2789 sin

2127 2754 2168 2787 τι
2203 2737 2346 2803 τοὺς
2379 2740 2812 2808 κατοικοῦντας
2861 2742 2932 2795 ἐν
2963 2741 3206 2812 τάφοις*
3232 2743 3323 2795 διὰ
3358 2743 3542 2796 τούτων
3560 2743 3617 2806 δὲ,

412 2823 539 2877 liter
565 2823 762 2879 educet
792 2823 1032 2882 Iudaeos.
1084 2826 1180 2880 illa
1231 2837 1412 2881 autem
1443 2829 1607 2880 verba
1644 2845 1658 2880 :
1697 2825 1800 2890 Qui
1829 2825 1896 2878 ha

2128 2829 2180 2882 αὶ
2208 2830 2336 2892 τοὺς
2363 2832 2422 2883 ὲν
2455 2835 2610 2903 πυρὶ,
2643 2834 2740 2886 καὶ
2774 2833 3047 2904 θαλάσσῃ,
3110 2835 3208 2887 καὶ
3267 2835 3414 2898 ὅπως
3461 2835 3618 2905 δήποτε

411 2924 526 2969 tant
556 2917 607 2969 in
641 2918 922 2986 sepulcris,
969 2919 1036 2972 ad
1085 2920 1345 2988 majorem
1372 2918 1798 2974 declarationem
1831 2919 1901 2973 dit

1315 2935 1345 2972 η
1372 2918 1798 2974 declarationem
1831 2919 1978 2973 dicta
2086 2919 2488 2993 διαφθαρέντας
2511 2927 2805 2996 ἐδήλωσεν.

411 3023 562 3081 sunt,
593 3024 648 3073 et
679 3029 777 3084 per
818 3030 883 3071 ea
916 3029 1112 3071 omnes
1147 3016 1397 3071 homines
1472 3018 1787 3087 signiﬁcare
1864 3017 2055 3083 voluit,
2099 3019 2191 3087 qui
2227 3021 2426 3075 mortui
2479 3020 2704 3088 fuerint,
2761 3025 3081 3094 ubicunque
3135 3025 3189 3079 id
3247 3024 3330 3079 eis
3378 3024 3617 3087 accnderit,

411 3117 506 3164 aut
547 3109 601 3164 in
638 3118 812 3172 terra,
835 3119 930 3162 aut
963 3109 1016 3162 in
1049 3110 1215 3173 mari,
1253 3118 1349 3163 aut
1377 3111 1429 3163 in
1460 3111 1604 3180 igne.

482 3203 646 3260 Vens.
682 3204 736 3267 8,
768 3204 823 3258 9.
861 3204 1020 3265 Deus,
1045 3220 1165 3258 cum
1210 3204 1532 3275 egredereris
1587 3207 1641 3259 in
1700 3217 1972 3273 conspectu

2169 3209 2229 3264 '0
2248 3211 2414 3275 Θεὸς,
2449 3211 2514 3264 ἐν
2550 3210 2630 3276 τῷ
2655 3210 3087 3279 ἐκπορεύεσθαι
3130 3226 3206 3264 σε
3251 3209 3499 3262 ἐνώπιον
3541 3210 3621 3262 τοῦ

407 3297 588 3364 populi
625 3296 723 3362 tui,
756 3312 874 3349 rum
905 3297 1259 3363 pertransires
1291 3298 1347 3351 in
1389 3298 1622 3360 deserto,
1649 3309 1793 3353 terra
1836 3317 1897 3352 un

2131 3301 2244 3354 αοῦ
2274 3317 2414 3365 σου,
2436 3302 2505 3356 ἐν
2525 3302 2604 3367 τῷ
2632 3302 2964 3356 διαϐαίνειν
2991 3317 3065 3355 σε
3089 3302 3161 3356 ἐν
3202 3300 3280 3369 τῇ
3317 3301 3519 3370 ἐρήμῳ,
3565 3302 3618 3369 γῆ

409 3402 485 3448 est
516 3410 534 3447 :
574 3393 768 3448 etenim
819 3392 936 3447 ctuti
963 3391 1376 3447 distillaverunt.
1422 3395 1653 3460 Quando
1688 3394 1876 3449 dixisti

2130 3395 2332 3462 γείσθη
2360 3411 2375 3425 ο
2408 3394 2506 3448 καί
2541 3394 2651 3464 γὰρ
2671 3397 2726 3448 oi
2753 3394 2996 3462 οὐρανοὶ
3019 3393 3313 3455 ἐσταξαν.
3352 3394 3471 3445 Ὅτε
3496 3389 3620 3454 εἴπας

408 3485 631 3541 Judteos
658 3503 673 3539 :
708 3484 840 3540 Ecce
869 3484 1159 3539 dimittitur
1185 3486 1374 3539 domus
1421 3494 1595 3539 uestra
1643 3486 1852 3540 deserta
1885 3487 1898 3517 ‘

2132 3483 2223 3553 ρος
2245 3482 2541 3546 Ἰουδαίους
2565 3499 2579 3514 ο
2633 3481 2790 3536 Ἰδοὺ
2816 3482 3052 3549 ἀφίεται
3089 3485 3122 3535 ὁ
3156 3477 3325 3545 οἶκος
3349 3480 3503 3548 ὑμῶν
3519 3481 3619 3547 ἐρη-

411 3587 468 3635 et
500 3579 722 3648 quando
751 3576 1005 3633 Jeremiae
1046 3578 1336 3648 prOphetia
1386 3592 1451 3632 ex
1501 3593 1738 3647 persona
1774 3578 1901 3635 Chri

2131 3593 2220 3640 ος,
2249 3575 2400 3638 τέλος
2437 3576 2539 3645 ἤδη
2564 3573 2950 3644 λαμϐανούσης
2992 3572 3087 3642 τῆς
3137 3572 3409 3643 Ἱερεμίου
3451 3587 3619 3642 προφη.

413 3674 648 3742 prolata,
684 3673 843 3727 tinem
872 3675 1109 3739 accepit,
1135 3686 1254 3740 quae
1283 3670 1415 3724 dicit
1449 3687 1463 3724 :
1493 3669 1756 3735 Quoniam
1789 3672 1903 3725 dere

2130 3669 2263 3731 είας,
2296 3669 2358 3718 ὲκ
2409 3666 2705 3736 προσώπου
2751 3684 2865 3732 σου,
2931 3665 3153 3736 Χριστὲ,
3215 3665 3504 3735 φήσαντος,
3561 3665 3620 3716 ὃτι

413 3774 642 3835 querunt
669 3765 882 3818 domum
915 3780 1106 3826 meam,
1129 3762 1308 3818 dimisi
1334 3763 1695 3818 htrreditatem
1722 3781 1892 3818 meum

2131 3757 2542 3826 Εγκατέλιπον
2573 3759 2680 3811 τὸν
2703 3754 2873 3811 οἶκόν
2889 3775 3011 3826 μου
3029 3775 3042 3786 ·
3074 3755 3284 3826 ἀφῆκα
3309 3757 3425 3823 τὴν
3446 3759 3621 3823 κληρο-

415 3857 576 3912 'l‘unc
613 3856 815 3910 etenim
865 3863 1161 3924 postquam
1215 3871 1471 3925 egressus
1511 3871 1593 3922 cs,
1651 3858 1905 3912 recedens

2131 3851 2308 3919 ομιαν
2333 3869 2476 3920 μου.
2502 3849 2635 3905 Τότε
2665 3851 2804 3919 μετὰ
2852 3849 2911 3904 τὸ
2974 3849 3386 3920 ὲκπορευθῆναί
3455 3867 3506 3902 σε
3551 3850 3621 3900 καὶ

417 3958 723 4017 conspectu
780 3946 992 4016 populi,
1052 3946 1142 4015 qui
1203 3962 1446 4016 eousque
1501 3957 1627 4004 tuus
1684 3948 1884 4013 fuerat,

2131 3943 2450 4014 ναχωρῆσαι
2493 3943 2726 3996 ἐνώπιον
2760 3941 2856 3995 τοῦ
2894 3943 3058 4013 μέχρι
3085 3941 3234 4008 τότε,
3268 3941 3402 3995 λαοῦ
3427 3959 3530 4003 σου,
3553 3938 3621 3992 καὶ

418 4038 766 4109 pertransisti
797 4037 860 4092 ad
883 4036 1185 4092 Ecclesium
1207 4052 1270 4091 ex
1294 4038 1546 4107 gentibus
1571 4049 1908 4109 congregata

2128 4037 2375 4105 ιαϐλῆναί
2446 4054 2505 4090 σε
2546 4039 2628 4099 εἰς
2677 4037 2779 4106 τὴν
2832 4035 3349 4106 ἁθροισθησομένην
3433 4033 3618 4100 Ἐκκλη-

417 4146 541 4202 qua.-
573 4130 702 4185 olim
753 4128 970 4184 deserta
1029 4138 1167 4193 erat,
1222 4145 1287 4184 ac
1333 4129 1480 4183 nuda
1526 4130 1676 4184 omni
1729 4131 1905 4185 scient

2133 4129 2218 4183 ίαν
2247 4128 2358 4183 τῶν
2384 4129 2555 4207 ὲθνῷν
2589 4131 2692 4200 τὴν
2727 4129 2937 4201 ἔρημον
2972 4127 3331 4195 θεογνωσίας,
3362 4128 3454 4180 καὶ
3488 4127 3623 4193 ἅκαίν

419 4238 585 4294 atque
610 4226 924 4296 cognitione
947 4224 1419 4294 Dei,,stertlisque,
1443 4233 1610 4293 atque
1640 4223 1909 4278 infructuc

2130 4241 2195 4277 :ov
2219 4223 2444 4294 ἀρετῆς,
2477 4224 2511 4293 ἡ
2541 4223 2614 4292 γῆ
2650 4222 2748 4292 μὲν
2781 4221 3003 4292 ἐσείσθη
3029 4220 3174 4274 κατὰ
3197 4221 3293 4273 τὸν
3345 4219 3520 4286 καιρὸν
3551 4216 3620 4268 τοῦ

419 4318 662 4387 germine
697 4318 984 4380 virtutum;
1021 4329 1171 4381 tunc,
1196 4317 1439 4385 inquam,
1474 4326 1765 4386 postquam
1798 4316 1909 4372 exis

2130 4315 2326 4380 ;άθους,
2359 4317 2456 4372 καὶ
2495 4316 2595 4384 τῆς
2623 4315 3008 4376 ἀναστάσεως·
3051 4313 3102 4366 ei
3165 4313 3391 4383 οὐρανοὶ
3433 4310 3620 4373 {magna

420 4422 568 4467 terra
603 4419 876 4466 commota
910 4420 1018 4474 est,
1053 4411 1335 4480 passionis
1376 4411 1668 4475 nimirum,
1709 4418 1763 4464 et
1797 4425 1910 4465 resr

2132 4409 2194 4479 ὴν
2216 4408 2444 4463 κάθοδον
2474 4407 2569 4460 τοῦ
2591 4406 2746 4475 ἁγίου
2777 4406 3098 4475 Πνεύματος
3144 4407 3225 4467 είς
3245 4404 3375 4466 τοὺς
3435 4400 3622 4455 ἀποστό-

419 4503 687 4557 rectionis
726 4509 995 4572 tempore.
1026 4502 1096 4556 Et
1128 4501 1253 4556 θαιιί
1281 4502 1717 4565 distillaveruut,
1751 4499 1909 4556 desce

2131 4518 2242 4566 ους.
2275 4502 2332 4554 ὲν
2375 4500 2454 4570 τῷ
2482 4499 2662 4569 καιρῷ
2704 4498 2802 4566 τῆς
2859 4499 3266 4567 Πεντηκοστῆς.
3317 4498 3389 4549 Ἦ
3444 4492 3621 4560 ἐσείσθη

416 4593 579 4648 dente
617 4601 811 4646 sancto
843 4591 1057 4661 Spiritu
1097 4593 1150 4646 in
1180 4593 1485 4662 apostolos,
1514 4591 1682 4647 indie
1714 4589 1906 4647 Pentec

2131 4593 2201 4647 ιὲν
2225 4595 2258 4664 ἠ
2280 4594 2352 4663 γῆ
2381 4591 2736 4663 μεταδάντων
2766 4591 2876 4644 τῶν
2921 4589 3095 4642 ὲθνῶν
3157 4589 3268 4642 ἀπὸ
3303 4590 3404 4658 τῆς
3457 4586 3621 4652 πλάνης

416 4696 548 4738 stes.
605 4683 701 4738 Vel
755 4692 900 4738 terra
957 4697 1230 4741 commota
1289 4693 1397 4749 est,
1468 4685 1906 4754 pertranseuntit

2131 4689 2176 4752 ίς
2210 4687 2309 4756 τὴν
2343 4685 2605 4756 ἀλήθειαν
2632 4701 2648 4716 ·
2681 4683 2916 4747 Εσταξαν
2951 4683 3009 4736 δὲ
3037 4684 3086 4735 oi
3114 4680 3408 4734 ἀπόστολοι
3437 4678 3490 4730 τὸ
3512 4677 3621 4740 ὕδωρ

417 4774 674 4840 gentibus
709 4773 778 4827 ab
808 4788 999 4830 errore
1033 4779 1101 4830 ad
1147 4777 1432 4830 veritatem
1485 4793 1498 4828 :
1538 4784 1596 4828 et
1638 4775 1907 4830 stillavert

2129 4782 2186 4834 οὗ
2213 4779 2591 4850 κηρύγματος,
2641 4778 2868 4850 ἀρδεῦον
2913 4775 3111 4845 ψυχάς.
3141 4774 3380 4844 Οὐρανοὶ
3433 4771 3527 4839 γὰρ
3552 4768 3619 4819 καὶ

420 4866 656 4936 apostoli
689 4881 886 4936 aquam
939 4868 1372 4937 praedicationis,
1408 4881 1514 4937 qua
1567 4867 1753 4922 ﬁdeles
1800 4867 1910 4937 irrit

2130 4866 2269 4936 ὗτοι,
2299 4872 2386 4926 διὰ
2412 4872 2474 4925 τὸ
2509 4873 2728 4943 φρονεῖν
2782 4869 3030 4940 οὐράνια,
3057 4866 3152 4920 καὶ
3199 4865 3261 4919 τὸ
3308 4859 3620 4934 ὑπερκεῖσθιι

419 4959 623 5013 bantur
649 4958 870 5013 animas.
903 4959 1150 5030 Apostoli
1182 4961 1388 5015 etenim
1408 4960 1675 5014 cmliesse
1708 4960 1909 5013 dicuntt

2127 4965 2296 5028 εαντδς
2321 4964 2526 5036 γεηροῦ
2558 4963 2911 5035 πράγματος.
2956 4962 3017 5014 Ὀ
3052 4960 3110 5014 δὲ
3135 4959 3440 5028 σύνδεσμος
3463 4957 3488 5008 ὁ
3521 4955 3617 5024 γὰρ.

419 5057 478 5103 et
515 5051 644 5118 quia
701 5049 945 5105 caelestia
1003 5052 1246 5116 sapiunt,
1303 5059 1359 5105 et
1405 5053 1533 5118 quia
1567 5049 1909 5118 quibuscunq

933 5067 945 5104 I
1003 5052 1246 5116 sapiunt,
1303 5059 1359 5105 et
1405 5053 1533 5118 quia
1567 5049 1993 5118 quibuscunque
2093 5057 2423 5128 περιττεύει.

423 5139 661 5194 terrenis
693 5139 863 5196 rebus
894 5140 1338 5209 supereminent.
1386 5137 1482 5192 Illa
1522 5149 1705 5192 autem
1761 5140 1988 5209 conjun-

421 5230 553 5297 ctio,
583 5231 744 5296 enim,
771 5232 1044 5303 superﬂua
1084 5240 1190 5285 est.

491 5323 534 5374 Α
560 5321 696 5391 faeie
723 5321 818 5376 Dei
842 5322 1015 5383 Sinai.
1034 5338 1065 5374 a
1085 5321 1219 5390 [acie
1239 5321 1330 5375 Dei
1352 5320 1546 5376 Israel.
1579 5324 1701 5374 —A
1737 5323 1872 5390 [acie
1899 5323 1981 5376 De:

2181 5325 2314 5380 Ἀπὸ
2366 5321 2691 5391 προσώπου
2735 5321 2839 5373 τοῦ
2871 5320 3020 5374 Θεοῦ
3081 5318 3249 5382 Σινᾶ,
3298 5319 3415 5372 ἀπὸ
3470 5325 3615 5382 προσ-

421 5415 906 5484 circumloquendo
955 5414 1116 5476 dixit,
1178 5429 1277 5484 pro
1316 5415 1392 5467 ab
1453 5415 1572 5484 ipso
1624 5413 1756 5477 Deo,
1813 5425 1872 5468 ut

2129 5422 2265 5472 inoo
2295 5417 2402 5471 τοῦ
2435 5413 2583 5469 Θεοῦ
2627 5412 2897 5478 Ἰσραήλ.
2925 5408 3384 5480 Περιφραστικῶς
3411 5406 3483 5471 τὸ,
3521 5400 3619 5457 Ἀπὸ

425 5520 622 5562 sensus
654 5526 667 5561 :
713 5507 837 5562 Haec
869 5507 1010 5562 facta
1045 5517 1174 5562 sunt
1202 5507 1270 5562 ab
1302 5523 1388 5575 eo,
1420 5509 1510 5578 qui
1545 5517 1632 5562 est
1670 5505 1812 5562 Deus
1839 5522 1915 5560 mc

2128 5508 2418 5578 ςροσώπου
2452 5504 2558 5559 τοῦ
2592 5505 2762 5567 Θεοῦ,
2794 5501 3072 5555 τουτέστιν
3092 5516 3106 5530 °
3131 5501 3215 5553 ὅτι
3249 5500 3420 5578 ταῦτα
3440 5495 3618 5563 γεγόια-

429 5599 498 5654 tis
524 5599 698 5655 Sinai.
743 5603 865 5670 Ipse
893 5601 1094 5656 etenim
1134 5601 1277 5656 idem
1309 5611 1414 5669 est,
1445 5602 1538 5674 qui
1571 5611 1624 5657 et
1661 5601 1802 5656 DUIS
1835 5598 1919 5652 Sir

2126 5619 2190 5651 nv
2223 5598 2328 5650 ὑπὸ
2359 5597 2454 5651 τοῦ
2489 5599 2642 5662 ὄντος
2671 5595 2829 5657 Θεοῦ,
2870 5593 2966 5646 τοῦ
2991 5593 3124 5644 Σινᾶ
3152 5591 3336 5660 ὅρους.
3361 5589 3515 5648 Αὐτὸς
3537 5585 3616 5650 γάρ

427 5693 644 5757 dicitur,
701 5702 754 5749 et
807 5694 949 5750 Deus
978 5695 1170 5750 Israel.
1219 5694 1424 5750 Horum
1472 5705 1652 5752 autem
1703 5693 1917 5748 nominu

2134 5710 2215 5744 στι
2253 5692 2345 5745 καὶ
2378 5691 2471 5746 τοῦ
2500 5693 2629 5744 Σινᾶ
2657 5690 2811 5754 Θεδς,
2850 5688 2946 5740 καὶ
2980 5683 3074 5738 τοῦ
3116 5683 3355 5753 Ἰσραήλ.
3394 5675 3617 5750 Ἐμνημά·

497 5878 540 5909 ³ο
567 5877 610 5932 ll
643 5878 768 5934 Cor.
805 5895 857 5947 ν,
904 5881 949 5933 ι.
1032 5880 1069 5908 ³⁸
1104 5877 1293 5931 Matth.
1359 5892 1512 5944 mn,
1547 5879 1633 5931 δῖ.
1713 5879 1753 5909 ³²
1795 5877 1976 5931 Jcrem

728 5895 768 5933 r.
805 5895 857 5947 ν,
904 5881 949 5933 ι.
1032 5880 1069 5908 ³⁸
1104 5877 1293 5931 Matth.
1359 5892 1512 5944 mn,
1547 5879 1633 5931 δῖ.
1713 5879 1753 5909 ³²
1795 5877 2001 5931 Jct'em.
2035 5888 2131 5941 xu,
2168 5877 2218 5927 7.
