3834 6550
221 461 325 527 δῦδ

1370 463 1757 524 COMMENT.
1800 461 1880 520 IN
1928 463 2288 523 PSALMOS.

3357 467 3465 533 666

220 589 372 628 νευσε
396 571 452 626 δὲ
479 567 711 638 τούτων,
741 574 954 636 δεικνὺς
987 576 1070 628 ὅτι
1109 577 1138 627 ὁ
1164 578 1220 628 ἐν
1261 577 1390 629 Σινὰ
1415 576 1785 647 τερατουργή-

1899 575 2142 629 nieminit
2184 576 2482 646 Propheta,
2530 580 2658 648 quia
2693 591 2747 635 et
2797 580 2850 634 in
2902 591 3088 635 monte
3137 581 3269 634 Sina
3322 582 3466 638 Deus

225 681 319 727 σας
355 665 450 717 καὶ
508 664 588 733 τῷ
627 665 819 718 Ἰακὼϐ
852 666 1206 734 φαντασθεὶς,
1260 665 1431 728 ain-6:,-
1462 667 1556 718 καὶ
1614 665 1790 720 ταῦτα

225 758 396 808 ποιεί·
425 757 524 809 καὶ
556 757 655 807 οὐκ
689 756 806 809 ἐστι
827 756 958 820 Θεὸς
983 756 1192 827 ἕτερος,
1226 757 1355 828 παρ’
1380 758 1609 809 ἐκεῖνον.

289 1017 533 1088 Βέοχὴν
560 1020 849 1074 ἑκούσιον
890 1021 1156 1090 ἀφοριεῖς
1187 1024 1220 1076 ὀ
1255 1023 1400 1087 Θεὸς
1454 1022 1528 1087 τῇ
1575 1025 1792 1090 mltipo-

218 1112 395 1178 νομίᾳ
423 1127 563 1164 σου.
627 1112 981 1182 κληρονομία
1032 1113 1129 1183 μὲν
1161 1113 1318 1177 Θεοῦ,
1362 1113 1430 1167 τὰ
1460 1114 1609 1182 ἔθνη,
1647 1115 1788 1168 κατά

216 1203 309 1254 τό·
345 1203 453 1256 Καὶ
495 1203 667 1258 δώσω
697 1218 798 1258 σοι
850 1205 994 1272 ἔθνη
1041 1205 1158 1273 τὴν
1203 1207 1614 1274 κληρονομίαν
1645 1222 1784 1261 σου.

213 1288 400 1360 ’Βμοχὴ
456 1290 514 1344 δὲ
545 1293 574 1344 6
623 1291 783 1360 λόγος
831 1291 927 1344 τοῦ
960 1293 1295 1362 Εὐαγγελίου
1351 1294 1662 1356 ἀπαλύνων,
1695 1296 1788 1348 καὶ

213 1382 462 1452 ἀρδεύων
488 1383 586 1445 τὰς
610 1384 810 1455 ψυχάς.
851 1385 1134 1450 Ἐκούσιος
1169 1388 1224 1441 δὲ
1260 1388 1430 1459 βροχὴ
1462 1388 1623 1457 αὕτη,
1652 1389 1788 1442 διότι

213 1473 244 1525 ὁ
268 1474 369 1542 μὲν
398 1474 693 1536 Μωσαῦιδς
722 1475 907 1547 νόμος,
932 1477 992 1529 οὐ
1025 1478 1162 1530 κατὰ
1204 1477 1424 1547 θέλησιν
1459 1478 1618 1541 Θεοῦ,
1653 1479 1789 1532 ἀλλά

213 1565 338 1617 κατ’
398 1566 714 1634 οἰκονομίαν
736 1584 748 1597 ·
783 1569 844 1620 οὐ
869 1568 980 1639 γὰρ
1015 1568 1212 1640 ἔχρῃζε
1255 1571 1364 1623 τῶν
1403 1569 1626 1636 Θυσιῶν,
1660 1571 1786 1624 οὐδὲ

208 1656 487 1725 τοιούτων,
518 1657 692 1711 ἄλλων
728 1661 1242 1731 παρατηρημάτων.
1305 1661 1407 1728 Τίς
1442 1663 1575 1732 γὰρ,
1627 1663 1784 1733 φησι,

207 1749 399 1802 ταῦτα
445 1749 802 1816 ἐξεζήτησε;
858 1754 965 1804 Καὶ
996 1753 1157 1808 πάλιν
1178 1771 1192 1786 ⁶
1245 1754 1468 1822 Μωσῆς
1497 1755 1647 1824 πρὸς
1675 1755 1788 1824 τὴν

207 1840 703 1908 σκληροκαρδίαν
760 1843 928 1910 ὑμῶν
951 1844 1249 1912 ἔγραψενο
1291 1849 1319 1898 6
1362 1847 1419 1900 δὲ
1461 1847 1555 1899 τοῦ
1603 1849 1778 1916 κηρύ-

210 1948 424 2000 γματος
451 1932 608 2000 λόγος
629 1934 748 1985 κατ’
777 1935 1025 1987 εὐδοκίαν
1055 1936 1170 1988 ἐστὶ
1202 1936 1336 1988 Θεοῦ
1361 1954 1373 1967 ·
1399 1937 1429 2007 ἢ
1465 1938 1545 1991 ὅτι
1567 1939 1778 2001 ἐκεῖνος

1893 668 2162 721 miracula
2198 678 2461 738 operatus
2489 677 2594 731 est.
2621 671 2816 737 etquia
2851 673 3103 739 apparuit
3141 672 3332 736 Israel,
3361 675 3465 727 hoc

1891 770 1996 824 est,
2031 761 2358 830 patriarchae
2409 761 2601 816 .larob.
2651 763 2910 816 Esteuim
2959 763 3100 816 idem
3156 763 3320 826 Deus,
3356 766 3450 834 qui

1892 850 2006 905 hau:
2046 850 2226 904 omnia
2263 860 2545 921 operatur,
2575 860 2628 907 et
2662 867 2772 906 non
2797 863 2880 908 est
2917 855 3060 907 alius
3088 853 3231 907 Deus
3265 863 3463 923 prtetcr

1891 959 2038 997 ειιιιι.

1962 1029 2127 1086 Vens.
2172 1031 2257 1085 10.
2305 1030 2546 1085 Ptuviam
2573 1031 3254 1103 voluntariamsegregabis,
3295 1037 3456 1098 Deus,

1890 1122 2190 1176 hmreditati
2216 1133 2340 1175 tum.
2375 1121 2476 1176 Per
2507 1121 2880 1176 haereditatem
2923 1121 3040 1185 Dei,
3075 1133 3268 1192 gentes
3303 1124 3464 1179 intel-

1893 1209 2027 1278 ligit,
2051 1210 2206 1275 juxta
2241 1207 2375 1262 illud
2412 1227 2426 1264 :
2454 1207 2679 1264 Postulo
2717 1227 2746 1263 α
2777 1227 2878 1275 me,
2909 1219 2959 1264 et
2989 1210 3127 1264 dabo
3163 1213 3257 1265 tibi
3287 1223 3462 1282 gentes

1891 1301 2257 1354 Iurreditatem
2299 1310 2443 1353 tuam
2485 1301 2571 1355 ‘3:
2609 1302 2711 1355 Per
2754 1301 2988 1370 pluviam
3024 1317 3156 1356 vero
3182 1303 3465 1371 evangeli-

1891 1409 2013 1447 cmn
2048 1407 2380 1455 sermonem,
2423 1407 2532 1461 quo
2563 1392 2817 1446 duriores
2856 1392 3158 1462 irrigantur
3225 1408 3286 1446 ac
3318 1398 3464 1447 mol-

1891 1485 2099 1538 liuntur
2135 1483 2375 1536 animae:
2411 1497 2574 1550 quam
2613 1482 2891 1550 Evangelii
2927 1483 3189 1550 pluviam,
3220 1485 3461 1553 appellat
3529 1478 3532 1481 Χ

1889 1565 2281 1631 veluntariam,
2310 1584 2376 1622 eo
2428 1570 2571 1638 qn0;l
2612 1568 2848 1622 Musaica
2909 1571 2995 1622 lex
3038 1584 3145 1622 nou
3182 1569 3309 1623 data
3343 1579 3464 1624 erat

1889 1678 1954 1718 ex
1983 1678 2131 1716 mera
2165 1660 2254 1714 Dei
2291 1661 2598 1724 voluntate,
2621 1659 2712 1714 sed
2741 1663 2920 1729 potius
2942 1677 3007 1714 ex
3026 1661 3460 1732 dispensatione.

1887 1752 2074 1822 Neque
2105 1753 2248 1806 enim
2300 1751 2896 1819 Optabat,autvolebat
2951 1753 3093 1806 Deus
3148 1753 3447 1818 sacriﬁcia,

1891 1855 1980 1898 aut
2008 1845 2145 1897 alias
2178 1843 2450 1904 eiusmodi
2499 1844 2681 1898 varias
2729 1844 3168 1908 observationes,
3201 1860 3323 1913 qua:
3361 1845 3460 1897 ha-

1883 1937 2078 1991 bentur
2105 1934 2156 1987 in
2177 1934 2289 2003 lege
2317 1951 2329 1986 :
2353 1932 2483 1998 Quis
2509 1935 2667 1994 enim,
2695 1934 2888 2001 inquit,
2926 1933 3035 1988 Ιιαέ
3051 1936 3332 2002 exquisivit
3356 1938 3381 1990 ?
3400 1934 3466 1990 Et

211 2023 310 2091 μὲν
333 2024 427 2076 καὶ
466 2025 700 2086 ἄκοντας
736 2026 980 2089 ἐκείνους
1013 2025 1324 2095 ἠνάγκαζεν
1358 2028 1646 2096 φυλάττειν
1685 2027 1785 2091 τὰς

1899 2041 2073 2080 'ursus
2103 2025 2230 2078 alibi
2259 2023 2524 2078 Dominus
2550 2042 2564 2079 :
2603 2025 2682 2077 Ad
2698 2024 2955 2078 duritiam
3000 2038 3223 2079 vestram
3249 2024 3459 2094 Moyses

207 2117 471 2180 ὲντολάςθ
527 2117 841 2181 λιθοδολῶν,
895 2118 1086 2184 καίων,
1145 2119 1240 2172 καὶ
1269 2119 1481 2188 πικρῶς
1513 2118 1781 2190 ἀναιρῶν·

1899 2122 1990 2172 ia’c
2005 2119 2216 2185 scripsit
2248 2115 2332 2186 (ab
2354 2117 2506 2168 initio
2532 2126 2706 2169 autent
2739 2134 2844 2170 non
2887 2128 3000 2170 erat
3029 2121 3105 2172 sic
3134 2118 3224 2188 “).
3288 2119 3468 2172 Erant--

207 2200 364 2270 οὗτος
434 2208 512 2272 δὲ,
556 2211 748 2263 οὐδένα
798 2209 1066 2281 βιάζεται,
1124 2210 1262 2265 ἀλλά
1310 2211 1552 2266 θέλουσιν
1603 2213 1784 2276 αὐτοῖς

1899 2211 2067 2281 gelicze
2097 2218 2279 2263 autem
2316 2207 2718 2277 praedicationis
2752 2222 2936 2263 sermo
2975 2209 3176 2264 divinae
3233 2225 3463 2280 prorsus

208 2296 606 2365 προσφέρεται.

1899 2301 2142 2370 :ongruit
2183 2300 2478 2355 voluntati.
2517 2300 2611 2353 Vel
2663 2301 3034 2355 voluntariam
3067 2303 3188 2356 ideo
3207 2302 3473 2380 appellat,l

205 2383 334 2454 quia
359 2385 442 2441 lex
475 2390 639 2444 etiam
677 2389 1126 2460 invitosjubebat
1165 2392 1337 2463 legem
1366 2408 1616 2461 servare,
1645 2393 1890 2461 alioquin
1925 2393 2223 2464 lapidabat,
2251 2394 2518 2457 caedebat,
2551 2394 2805 2447 incendio
2833 2396 3114 2465 perdebat,
3189 2405 3242 2448 et
3277 2395 3466 2450 sarvis-

205 2475 345 2534 sime
380 2476 618 2549 denique
663 2482 972 2536 occidebat.
1005 2484 1331 2542 Pratdicatio
1374 2495 1556 2539 autem
1619 2486 1935 2556 evangelica
1980 2485 2253 2540 neminem
2301 2487 2468 2556 cogit,
2501 2485 2598 2542 sed
2626 2486 2935 2540 volentibus
2978 2498 3185 2540 tantum
3216 2486 3462 2541 oﬁ‘ertur.

273 2575 388 2628 Καὶ
414 2575 744 2644 ἠσθένησε,
765 2578 846 2633 σὺ
877 2579 944 2633 δὲ
975 2583 1314 2651 κατηρτίσω
1347 2583 1561 2652 αὐτήν.
1582 2584 1782 2637 Ἠσθὲ-

202 2683 336 2736 νησε
367 2667 532 2719 πάλιν
562 2671 918 2740 συντριϐεῖσα
950 2673 1227 2744 τυραννίδι
1269 2675 1378 2728 τῶν
1413 2676 1669 2730 εἰδώλων.
1708 2678 1781 2731 Σὺ

202 2757 262 2812 δὲ
317 2759 516 2829 ἀρτίαν
547 2761 717 2833 αὐτὴν
765 2763 1052 2832 ἐποίησας,
1089 2765 1448 2830 ἀνακαινίσας
1494 2769 1664 2839 αὐτὴν
1695 2769 1782 2823 διὰ

203 2849 307 2919 τῆς
339 2849 766 2919 παλιγγενεσίας
789 2853 884 2907 τοῦ
925 2854 1328 2924 βαπτίσματος,
1349 2858 1443 2910 καὶ
1474 2857 1780 2922 στερεώσας

203 2943 300 2993 ἐπὶ
330 2941 432 3012 τὴν
465 2942 715 2996 ἄσειστον
745 2945 952 3014 πέτραν
973 2944 1083 2998 τῶν
1106 2945 1334 2999 ἐντολῶν
1367 2963 1483 3001 σου.

280 3119 361 3175 Τὰ
399 3119 512 3182 (ad
544 3135 660 3176 σου
684 3123 1076 3178 κατοικοῦσιν
1099 3124 1170 3178 ἐν
1200 3124 1376 3194 αὐτῇ.
1419 3125 1484 3178 Οἱ
1510 3127 1660 3197 παρά
1688 3127 1783 3179 σοῦ

201 3212 600 3281 πνευματικῶς
658 3214 988 3284 τρεφόμενοι
1037 3217 1133 3270 καὶ
1185 3217 1388 3280 ζῶντες
1439 3218 1541 3287 τὴν
1587 3220 1646 3271 ὲν
1702 3218 1786 3270 σοὶ

203 3302 378 3374 ζωήν.
417 3305 488 3356 Ἦ
539 3305 656 3369 ζῶα
701 3306 798 3358 τοῦ
851 3308 1094 3377 Χριστοῦ
1147 3310 1196 3362 οἱ
1247 3309 1564 3376 ἀπόστολοι,
1625 3307 1719 3373 οὓς
1758 3311 1786 3362 6

212 3396 541 3467 ’Δδόακοὺμ
600 3398 829 3466 ἵππους
863 3399 1178 3469 ὠνόμασενο
1216 3403 1638 3468 Ἐπεϐίΰασας,
1689 3402 1747 3454 λέ

1899 3401 2141 3456 tuimalia
2166 3401 2369 3457 Christi
2400 3402 2680 3470 apostolos
2700 3400 2963 3469 intellige,
3029 3413 3170 3468 quos
3209 3397 3466 3452 Habaeuc
3562 3430 3580 3436 —

201 3504 342 3556 γων,
377 3489 465 3554 εἰς
509 3488 833 3544 θάλασσαν
879 3491 1022 3556 τοὺς
1047 3492 1274 3559 ἵππους
1315 3510 1433 3548 σου
1454 3511 1468 3524 ’
1504 3495 1782 3550 Θάλασσαν

202 3581 444 3645 καλέσας
475 3580 575 3652 τὴν
607 3583 811 3653 πικρὰν
847 3583 1125 3639 ἀπιστίαν.

287 3761 656 3832 Ἠτοίμασας
683 3763 752 3817 ἐν
774 3762 851 3832 τῇ
878 3765 1248 3833 χρηστότητὶ
1283 3781 1401 3822 σου
1432 3769 1512 3832 τῷ
1547 3769 1780 3836 πτωχῷ,

202 3859 235 3909 ὁ
271 3855 440 3920 Θεὸς.
499 3856 719 3924 Πτωχὸς
766 3858 794 3909 6
843 3856 950 3911 τῶν
1004 3857 1175 3910 ὲθνῶν
1227 3858 1376 3924 λαὸς,
1435 3861 1510 3924 ὡς
1580 3862 1785 3931 μηδένα

204 3944 442 3998 πλοῦτον
474 3945 848 4016 πνευματικὸν
892 3946 1207 4018 δεξάμενος.
1242 3951 1317 4002 Οὐ
1361 3951 1470 4022 γὰρ
1501 3953 1667 4024 νόμον
1706 3949 1784 4006 εῐ-

203 4056 325 4108 χεν,
345 4038 409 4090 οὐ
438 4037 779 4106 προφητείας
798 4055 812 4069 ο
848 4038 962 4091 ἀλλ’
995 4042 1022 4093 6
1053 4039 1186 4102 Θεὸς
1216 4041 1285 4094 δι’
1311 4043 1520 4096 οἰκείαν
1551 4045 1785 4114 χρηστό-

202 4149 368 4202 τητα,
406 4133 702 4200 ἡτοίμασεν
728 4130 877 4202 αὐτῷ
911 4132 1145 4186 πλοῦτον
1173 4133 1355 4200 ἄλλον,
1391 4135 1488 4207 τὴν
1518 4137 1784 4208 δηλωθεί-

205 4237 312 4276 σαν
349 4222 476 4275 ἑκού
488 4241 598 4275 σιον
636 4223 859 4294 βροχήν.

277 4317 496 4384 Κύριος
519 4315 696 4370 δώσει
715 4316 904 4386 ῥῆμα,
951 4317 1075 4383 τοῖς
1100 4319 1651 4389 εὐαγγελιζομένοις
1677 4322 1784 4377 δυ-

201 4405 378 4474 νάμει
407 4405 634 4476 πολλῆ.
657 4407 830 4461 Τοῦτο
857 4403 981 4462 εἷπε
1014 4408 1146 4478 περὶ
1188 4409 1296 4462 τῶν
1329 4412 1644 4465 ἀποστόλων
1667 4428 1678 4441 ⁸
1704 4409 1785 4475 οἷς

205 4499 426 4553 ἁλιεῦσι
463 4501 558 4552 καὶ
594 4500 829 4564 ἰδιώταις
853 4501 1032 4566 οὖσιν,
1057 4506 1083 4556 ὁ
1104 4502 1240 4566 Θεὸς
1260 4504 1602 4573 ἐχορήγησεν
1625 4505 1784 4573 λόγον

210 4595 433 4664 σοφίας.
458 4592 713 4663 Δυνάμει
739 4594 795 4646 δὲ
831 4593 1035 4662 πολλῇ
1066 4591 1244 4660 εἶπεν,
1266 4597 1349 4649 ὅτι
1377 4599 1492 4662 τοῖς
1538 4599 1783 4668 ῥήμασιν

204 4686 412 4751 αὐτῶν,
470 4686 774 4754 παρείπετο
814 4685 935 4741 Θεία
991 4687 1225 4758 δύναμις
1286 4687 1786 4760 Θαυματουργοῦσα

206 4777 305 4830 ὅσα
335 4776 434 4828 κατ⁸
466 4775 768 4843 βούλοιντο.

289 4871 355 4924 '0
399 4870 704 4937 ,ϐασιλεὺς
743 4868 863 4924 τῶν
904 4870 1218 4939 δυνάμεων
1291 4871 1399 4924 τοῦ
1448 4871 1784 4941 ἀγαπητοῦ.

219 4962 538 5032 Ἀγαπητδν
569 4962 716 5030 λέγει
755 4963 846 5016 τὸν
876 4962 1140 5032 μονογενῆ
1169 4961 1300 5017 Υίὸν
1332 4964 1427 5016 καὶ
1459 4963 1615 5016 Θεόν.
1647 4966 1787 5033 Φησὶ

208 5053 338 5121 γὰρ,
405 5053 490 5106 ὅτι
545 5047 734 5116 Οὗτός
761 5053 934 5106 ἐστιν
979 5055 1012 5105 ὁ
1060 5053 1192 5119 Υἱός
1218 5070 1338 5122 μου
1368 5056 1402 5107 ό
1433 5054 1742 5122 ἀγαπητός
1771 5071 1784 5085 ·

207 5146 475 5216 δυνάμεις
511 5144 567 5197 δὲ
591 5143 761 5197 αὐτοῦ
795 5145 922 5208 τοὺς
953 5145 1310 5210 ἀποστόλους,
1344 5145 1420 5209 ὡς
1450 5146 1790 5216 στρατιώτας

209 5236 404 5300 αὐτοῦ,
437 5236 583 5290 κατά
613 5237 723 5289 τῶν
765 5236 1239 5306 ἀντιτεταγμένων
1272 5237 1558 5308 δυνάμεων
1606 5253 1790 5307 παρα·

209 5328 588 5398 τεταγμένους
608 5342 624 5357 ⁸
655 5321 732 5383 ῶν
763 5329 881 5380 ἐστι
912 5327 1166 5398 βασιλεὺς
1196 5331 1225 5381 6
1257 5329 1468 5400 Πατήρ,
1536 5328 1792 5400 βασιλεύ-

212 5442 315 5489 σας
343 5422 530 5480 αὑτῶν
563 5421 651 5476 διά
678 5423 776 5493 τῆς
805 5421 899 5475 τοῦ
928 5420 1065 5474 Υἱοῦ
1108 5420 1367 5492 σπουδῆς.

291 5697 372 5767 Τῇ
396 5698 705 5766 ὠραιότητι
734 5696 838 5751 τοῦ
862 5696 1030 5750 οἵκου
1060 5709 1177 5751 σου
1226 5694 1534 5751 διελέσθαι
1568 5697 1792 5751 σκῦλα.

293 5875 514 5930 ⁶³Ρεει.
573 5890 630 5938 ιι,
663 5875 715 5930 8.
797 5875 838 5906 ⁸⁸
881 5875 1067 5931 Matth.
1129 5891 1240 5943 xix,
1299 5875 1349 5928 8.

1953 2580 2021 2636 Et
2053 2583 2330 2648 infirmata
2352 2591 2451 2647 est,
2488 2593 2544 2636 tu
2573 2598 2690 2636 vero
2721 2582 2990 2651 perfecisti
3025 2599 3161 2635 eam.
3189 2581 3463 2636 Inﬁrmata

1881 2683 1993 2739 est,
2028 2683 2081 2728 et
2115 2672 2419 2739 debilitata,
2448 2688 2512 2729 ac
2542 2674 2635 2728 diu
2663 2688 2928 2743 oppressa
2958 2674 3226 2728 idolorum
3279 2681 3466 2742 tyran-

1879 2762 2028 2818 nide.
2054 2761 2136 2817 Tu
2167 2778 2296 2818 vero
2320 2778 2510 2817 sanam
2539 2778 2684 2826 eam,
2707 2772 2762 2816 et
2793 2762 3086 2832 perfectam
3155 2761 3462 2816 reddidisti.

1881 2869 1978 2923 per
2017 2854 2270 2924 baptismi
2313 2855 2812 2924 regenerationem.
2873 2868 3146 2908 renuvans
3198 2852 3457 2906 nimirum

1880 2963 2025 3009 eam,
2049 2955 2102 3000 et
2119 2962 2284 3016 super
2310 2946 2541 3001 solidam
2577 2944 2961 3000 mandatorum
2997 2953 3218 2999 tuorum
3256 2957 3462 3014 petram

1882 3038 2190 3095 stabiliens.

1960 3127 2136 3183 Vnus.
2175 3130 2264 3184 11.
2292 3128 2566 3182 Animalia
2599 3137 2689 3183 tua
2709 3129 3022 3183 habitabant
3048 3130 3100 3183 in
3121 3145 3204 3182 ea.
3235 3127 3272 3181 Ii
3303 3128 3468 3182 nimi“

1885 3236 2008 3274 rum
2041 3220 2134 3290 qui
2175 3235 2206 3274 a
2243 3230 2294 3274 te
2325 3221 2598 3290 spirituali
2630 3221 2753 3274 cibo
2810 3222 3054 3286 aluntur,
3092 3220 3296 3288 quique
3341 3219 3465 3272 aui-

1888 3328 2057 3376 mam,
2127 3312 2233 3366 hoc
2286 3323 2390 3374 est,
2457 3311 2620 3364 vitam
2689 3311 2892 3365 habent
2932 3311 2987 3363 in
3047 3318 3120 3364 te.
3189 3307 3309 3370 Vel,
3367 3323 3464 3375 per

1887 3510 2062 3564 equos
2117 3495 2414 3564 appellavit
2458 3511 2472 3546 :
2521 3492 2820 3557 lnduxisti,
2870 3492 3150 3562 inquiens,
3207 3492 3262 3544 in
3316 3508 3465 3545 mare

1886 3605 2044 3658 equos
2067 3599 2206 3651 tuos,
2234 3602 2384 3641 mare
2402 3586 2704 3655 appellans,
2734 3600 2976 3640 amaram
2997 3585 3463 3655 (salsuginosam-

1887 3697 2014 3750 que,
2060 3694 2125 3734 ac
2159 3679 2405 3733 sterilem
2430 3679 2561 3732 olim
2597 3676 2871 3748 gentium)
2909 3677 3291 3731 inﬁdelitatem

1961 3773 2179 3826 Parasti
2206 3773 2260 3826 in
2293 3771 2522 3826 bonitate
2559 3781 2651 3823 tna
2694 3771 2939 3839 pauperi,
2970 3768 3133 3823 Deus.
3173 3767 3276 3821 Per
3319 3781 3466 3837 pau—

1887 3882 2095 3938 perem,
2121 3865 2376 3937 gentilem
2405 3865 2664 3935 populum
2702 3863 2979 3934 intelligit,
3009 3863 3101 3933 qui
3131 3861 3306 3916 nullas
3335 3859 3462 3915 olim

1889 3957 2211 4028 spirituales
2241 3955 2464 4011 divitias
2523 3963 2832 4025 acceperat.
2867 3954 3056 4024 Neque
3109 3954 3254 4009 enim
3289 3953 3464 4022 legem

1889 4049 2145 4113 habebat,
2177 4056 2272 4104 aut
2297 4047 2614 4117 prophetas,
2657 4048 2753 4101 sed
2778 4061 2890 4116 pra;
2922 4061 3138 4101 summa
3173 4043 3270 4098 Dei
3306 4043 3466 4098 beni-

1888 4143 2116 4211 gnitate,
2171 4141 2290 4195 alia:
2341 4140 2422 4194 eis
2482 4150 2684 4208 parata:
2741 4140 2966 4192 fuerunt
3017 4137 3224 4192 divitiae
3301 4154 3314 4190 :
3375 4136 3467 4189 illa

1891 4234 2146 4287 nimirum
2182 4232 2362 4301 pluvia
2395 4232 2730 4283 voluntaria.

1959 4321 2129 4376 Vsus.
2152 4323 2242 4375 12.
2273 4321 2529 4373 Dominus
2558 4319 2708 4371 dabit
2739 4318 2949 4370 verbum
2973 4316 3465 4387 cvangelizantibus

1887 4414 2079 4468 virtute
2115 4412 2305 4466 multa.
2353 4409 2468 4463 Hoc
2517 4411 2582 4461 ad
2621 4409 2898 4476 apostolos
2929 4409 3189 4476 pertinet,
3223 4409 3452 4478 quibus.

1886 4518 2008 4556 cum
2043 4502 2351 4572 piscatores
2383 4506 2589 4562 essent,
2618 4509 2784 4567 atque
2821 4498 3027 4560 idiotae,
3063 4499 3460 4554 subministra-

1887 4595 1966 4650 vit
1998 4593 2140 4648 Deus
2172 4591 2458 4662 sapientiae
2485 4592 2711 4644 verbum
2758 4607 2773 4644 ε
2806 4600 2972 4659 atque
3014 4589 3120 4642 hoc
3149 4597 3302 4643 tanta
3336 4605 3463 4644 cum

1888 4687 2114 4747 virtute,
2153 4691 2212 4737 ut
2254 4682 2424 4736 multa
2466 4682 2656 4749 etiam,
2699 4691 2864 4752 atque
2898 4680 3246 4736 admirabilia
3271 4695 3465 4752 opera-

1818 4766 1864 4822 Ῐ)
1892 4787 2084 4834 rentur
2112 4774 2404 4830 miracula.

1955 4868 2124 4924 Vsus.
2155 4868 2240 4922 15.
2274 4866 2388 4920 Rea:
2409 4867 2663 4919 virtutum
2695 4865 2899 4919 dilecti.
2929 4865 3204 4920 Dilectum
3233 4866 3469 4934 appellat

1885 4939 2225 5028 unigenitum
2257 4957 2461 5011 Filium
2488 4957 2683 5020 Deum,
2723 4957 2792 5012 de
2821 4972 2931 5026 quo
2964 4958 3171 5012 dictum
3221 4956 3458 5025 legimus

1887 5067 1916 5104 a
1953 5051 2113 5104 Patre
2147 5068 2161 5104 :
2197 5047 2301 5102 llic
2333 5059 2410 5102 est
2448 5047 2623 5103 Filius
2654 5065 2800 5103 meus
2836 5048 3061 5103 dilectus
3091 5047 3157 5102 ".
3199 5045 3302 5101 Per
3340 5048 3450 5100 vir-

1887 5153 2024 5198 tutes
2062 5158 2189 5198 vero
2223 5142 2430 5205 dilecti,
2466 5142 2619 5212 ipsos
2659 5142 2942 5212 apostolos
2983 5140 3246 5209 intellige,
3294 5139 3462 5193 veluti

1886 5236 2037 5291 illius
2075 5236 2306 5292 milites.
2365 5234 2475 5290 Eos
2514 5233 2719 5289 etenim
2764 5242 2826 5286 ut
2873 5232 3079 5286 milites
3112 5240 3458 5297 susceperat,

1889 5337 1950 5383 ut
1975 5342 2188 5383 summa
2213 5327 2265 5380 vi
2309 5341 2374 5381 ac
2415 5325 2658 5396 potentia
2718 5325 2984 5379 adversus
3012 5326 3319 5378 daemonum
3358 5323 3461 5376 itu-

1894 5431 2081 5489 petum
2141 5417 2484 5472 resisterent.
2535 5417 2740 5470 Harum
2785 5423 2968 5469 autem
3023 5413 3289 5468 virtutum
3349 5413 3466 5484 ipse

1891 5513 2036 5566 Deus
2067 5510 2247 5574 Pater,
2283 5508 2397 5563 Rex
2426 5507 2626 5562 dicitur
2661 5521 2808 5573 esse,
2839 5520 3012 5576 regno
3042 5505 3152 5561 hoc
3197 5503 3462 5560 nimirum

1895 5603 1998 5658 sibi
2028 5617 2123 5670 per
2143 5599 2341 5652 Filium
2381 5605 2595 5668 parato.

1966 5694 2166 5766 Speciei
2191 5695 2380 5750 donius
2410 5690 2646 5748 dividere
2677 5691 2876 5760 spolia.
2914 5691 3102 5756 Dabit,
3155 5689 3356 5763 inquit,
3385 5687 3465 5744 eis

1432 5874 1475 5906 "
1506 5874 1697 5931 Matth.
1758 5890 1833 5940 ιιι,
1874 5874 1955 5928 l7.
