3774 6530
332 1940 340 1948 .
427 1903 712 1966 Christus,

435 428 542 488 67-)

1636 412 2020 476 EUTHYMII
2057 410 2421 472 ZlGABENI
3393 410 3402 417 ’
3561 411 3646 471 650

435 538 617 606 lippus
663 548 726 587 ex
774 534 896 585 vico
944 537 1103 585 erant
1158 526 1455 586 Betbsaida
1503 525 1897 585 :lllattbaeum,
1948 534 2004 578 et

2119 541 2230 590 πος,
2268 526 2361 578 καὶ
2385 523 2666 594 Ἰωάννης,
2701 509 2810 576 alia
2838 521 3118 594 Βηθσαῖδᾶ
3135 523 3234 594 τῆς
3272 518 3463 591 κώμης
3499 518 3644 594 ἦσαν’

429 627 701 684 Jacobum
742 622 952 694 Alphei
980 623 1202 692 degisse
1232 620 1465 689 legimus
1488 619 1542 673 in
1572 617 1956 687 Capharuaum
1990 632 2003 668 :

433 721 625 774 Simon
669 725 852 771 autem
885 711 1102 769 Zelotes
1135 712 1480 767 Chanameus
1521 711 1645 764 fuit.
1683 707 1876 763 Omnia
1911 723 2006 760 au-

433 820 539 863 tem
569 809 681 861 haec
714 807 831 861 loca
865 807 917 859 in
961 805 1184 860 Galilma
1211 813 1371 859 erant
1400 803 1643 873 regione,
1675 817 1797 870 quin
1829 799 2005 854 Zabu-

431 902 548 964 Ion,
579 907 633 953 et
663 899 1013 968 Nephtbalim
1058 899 1312 951 tribubus
1342 897 1393 949 in
1427 903 1633 950 set-tem
1680 893 2003 947 obvenerat.

435 990 706 1044 Similiter
738 999 792 1044 et
823 990 915 1042 alii
955 988 1191 1058 apostoli
1237 1004 1303 1040 ex
1343 986 1428 1039 his
1456 985 1710 1038 tribubus
1735 982 2004 1051 originem

431 1083 741 1135 trahebant.
799 1077 863 1132 Et
901 1081 1176 1147 principes
1211 1093 1307 1132 eos
1339 1077 1654 1146 appellarit,
1705 1089 1810 1127 nou
1859 1072 2003 1141 quod

433 1169 765 1225 civitatibus
814 1178 868 1224 et
910 1171 1043 1224 locis
1091 1169 1196 1222 illis
1237 1168 1681 1229 dominarentur,
1743 1165 1839 1220 sed
1881 1163 2006 1231 quia

435 1263 857 1316 excellentiores
909 1270 1075 1330 atque
1163 1258 1552 1312 honoratiores
1607 1265 1788 1320 erant,
1837 1253 2007 1320 animi

428 1352 735 1405 nobilitate.
762 1349 852 1403 Vel
874 1351 1224 1419 subimellige
1237 1348 1555 1412 dictionem,
1580 1361 1644 1400 ea:
1665 1362 1684 1410 ;
1708 1357 1762 1400 ut
1782 1345 1853 1400 sit
1881 1361 2008 1400 sen-

428 1460 545 1508 sus,
576 1444 722 1510 quod
754 1443 1035 1512 principes
1071 1443 1288 1495 luerunt
1317 1456 1382 1493 ex
1411 1441 1552 1494 tribu
1583 1439 1746 1502 Juda,
1771 1455 1832 1493 ex
1863 1438 2007 1492 tribu

428 1537 698 1600 Zabnlon,
735 1555 800 1593 ex
837 1539 982 1592 tribu
1014 1536 1386 1608 Nepbtbalim.

501 1630 666 1686 Vens.
696 1632 787 1693 29,
821 1629 912 1684 '50.
950 1628 1176 1693 Munda,
1202 1627 1360 1693 Deus,
1405 1627 1589 1681 virtuti
1625 1635 1748 1679 tum.
1784 1621 1911 1676 “mc
1943 1622 2008 1676 ad

428 1721 644 1778 Patrem
667 1725 806 1777 dicta
837 1731 986 1786 sunt,
1030 1732 1086 1775 ut
1117 1721 1256 1776 Filio
1289 1723 1508 1774 mandet
1548 1736 1608 1774 ea
1639 1735 1760 1788 qua:
1791 1718 1854 1771 ad
1879 1731 2013 1786 pra?-

428 1813 764 1868 dicationem
861 1815 1160 1882 pertinent.
1207 1815 1249 1868 Α
1293 1831 1371 1868 me
1412 1815 1522 1876 ipso
1561 1815 1787 1873 etenim,
1833 1811 2010 1880 inquit

793 1904 925 1957 nihil
975 1909 1179 1972 loquor,
1221 1904 1311 1958 sed
1344 1920 1663 1974 qurrcunque
1712 1904 1928 1956 audiero
1973 1918 2006 1954 a

429 1992 596 2048 Patre
625 1995 691 2050 ⁸⁷,
729 1993 885 2060 Quod
927 2007 1110 2050 autem
1137 1996 1396 2051 Christus
1428 1999 1604 2050 virtus
1637 1997 1727 2050 Dei
1766 1996 2005 2060 dicatur,

425 2081 734 2153 Ap0stolus
781 2087 990 2152 docuit,
1028 2087 1222 2143 dicens
1273 2087 1340 2142 de
1371 2103 1456 2151 eo,
1497 2087 1645 2158 quod
1690 2087 1782 2142 Dei
1835 2088 2010 2141 virtus

425 2183 509 2228 est
541 2184 596 2227 et
633 2173 1036 2257 Dei‘sapicntia
1069 2177 1137 2230 ⁵⁸.

497 2263 768 2332 Con/irata
805 2266 924 2329 hoc,
961 2266 1122 2330 Deus,
1151 2268 1292 2335 quod
1321 2279 1574 2336 operatus
1611 2283 1665 2321 es
1701 2268 1754 2319 in
1778 2265 1948 2330 nobis,
1977 2281 2010 2318 α

425 2359 616 2425 templo
639 2359 796 2410 tuoin
821 2356 1141 2414 Jerusalem.
1167 2359 1288 2414 llaec
1309 2361 1374 2414 ad
1401 2359 1752 2414 Filiumdicta
1778 2369 1928 2417 sunt,
1952 2365 2011 2410 ut

427 2449 702 2519 Evangelii
739 2451 1212 2519 praedicationem,
1242 2455 1387 2520 quod
1423 2452 1477 2505 in
1511 2467 1634 2514 nos,
1667 2451 1749 2505 vel
1779 2459 2006 2521 propter

424 2559 530 2598 nos
571 2555 838 2613 operatus
879 2554 985 2610 est,
1025 2546 1349 2600 validiorem
1384 2561 1448 2600 ac
1481 2545 1851 2614 potentiorem
1887 2542 2011 2598 red-

423 2637 541 2690 dat.
581 2635 675 2692 Vel
707 2640 974 2692 continua
1016 2639 1162 2708 quod
1193 2649 1456 2708 operatus
1491 2654 1552 2693 cs
1597 2653 1627 2691 a
1656 2637 1859 2704 templo
1889 2647 2005 2703 tuo,

431 2731 538 2783 hoc.
573 2740 678 2794 est,
720 2733 869 2802 quod
919 2731 1200 2800 perfecisti
1241 2748 1335 2799 per
1371 2743 1714 2801 assumptam
1753 2731 2008 2785 humani-

426 2828 624 2886 tatem,
660 2838 780 2892 quae
813 2825 1077 2892 templum
1113 2825 1339 2890 dicitur,
1373 2841 1438 2880 ac
1479 2824 1895 2880 tabernaculum
1927 2825 2010 2880 di-

424 2913 698 2968 viultalis.
731 2913 865 2968 Nam
891 2914 1036 2982 quod
1065 2914 1222 2980 ait,‘A
1248 2915 1439 2985 templo
1469 2925 1582 2979 tuo,
1605 2915 2006 2985 exponi‘debet,

426 3005 532 3060 Per
561 3007 820 3074 templum
856 3015 1009 3059 tuuui
1047 3023 1061 3060 :
1096 3007 1240 3076 quod
1270 3007 1554 3076 templum,
1581 3007 1688 3060 hoc
1717 3014 1823 3071 est,
1857 3006 2008 3075 quod

429 3111 635 3166 corpus
654 3108 834 3163 tuum,
866 3098 1134 3152 habitavit
1171 3107 1225 3153 et
1251 3098 1640 3169 praedicavitin
1665 3096 2004 3154 Jerusalem:

2111 618 2388 678 Ματοαίος
2413 617 2507 670 καὶ
2542 616 2824 681 Ἰάκωϐος,
2859 618 2888 670 ὁ
2918 616 3014 669 τοῦ
3043 614 3324 684 ’Δλφαίου,
3350 618 3408 668 ἐν
3462 618 3650 688 Rump-

2109 711 2287 780 ναοὺμ
2323 710 2534 778 διάγειν
2576 709 2915 779 ἱστοροῦνται
2942 725 2957 740 ·
3000 710 3186 777 Σίμων
3250 707 3306 760 δὲ
3351 710 3380 761 ὀ
3434 709 3650 780 Ζηλωτὶδ

2112 802 2424 872 Κανανίτης
2457 802 2532 854 ὢν
2560 801 3037 871 ἐτύγχανε.Ταυτ“ι
3063 801 3122 854 δὲ
3156 802 3334 855 πάντα
3367 802 3539 872 χωρία
3578 807 3653 873 τῆς

2109 894 2402 956 Γαλιλαίας
2421 890 2582 964 ἦσαν.
2637 894 2700 946 Ἡ
2730 893 2786 945 δὲ
2822 889 3087 946 Γαλιλαία
3126 893 3204 962 τῷ
3246 893 3530 946 Ζαϐουλὼν
3582 897 3655 947 καὶ

2107 985 2184 1053 τῷ
2215 983 2539 1054 Νεφθαλεὶμ
2577 984 3006 1053 ὲκληροδοτὴθη.
3041 983 3152 1035 Kal.
3189 986 3238 1036 οἱ
3270 983 3423 1036 ἄλλοι
3454 983 3507 1036 δὲ
3524 986 3656 1036 πάλιν

2108 1079 2172 1130 ὲκ
2192 1075 2300 1130 τῶν
2337 1076 2596 1129 τοιούτων
2669 1076 2949 1146 ὥρμηντο.
3009 1076 3316 1144 Ἀρχοντας
3380 1074 3436 1126 δὲ
3492 1076 3656 1137 αὐτοὺς

2107 1166 2288 1236 εἶπεν,
2323 1169 2422 1238 οὐχ
2461 1169 2536 1231 ὼς
2604 1169 2874 1238 ἄρχοντας
2921 1168 3033 1219 τῶν
3089 1167 3390 1236 πατρίδων,
3438 1165 3550 1218 ἀλλ’
3599 1170 3657 1229 ὡς

2109 1264 2427 1333 ἐξαιρέτους
2455 1263 2549 1316 κα)⁵
2576 1262 2967 1332 τιμιωτέρους,
3009 1261 3098 1313 διὰ
3122 1260 3220 1330 τὴν
3287 1259 3527 1329 ψυχικὴν
3589 1263 3658 1313 si.

2109 1356 2432 1428 γένειαν’ἢ
2501 1356 2770 1426 ἄρχοντας
2842 1354 2902 1420 ἐξ
2981 1353 3175 1415 Ἰούδα,
3263 1353 3366 1404 καὶ
3428 1351 3657 1420 ἄρχοντας

2110 1453 2175 1505 ὲκ
2201 1448 2512 1512 Ζαϐουλὼν,
2540 1449 2637 1502 καὶ
2663 1448 2930 1518 ἄρχοντας
2964 1447 3029 1499 ὲκ
3083 1444 3415 1513 Νεφθαλείμ
3438 1459 3453 1474 °
3494 1444 3659 1509 ἔξωθεν

2109 1541 2532 1612 λαμϐανομένης
2581 1540 2680 1611 τῆς
2751 1538 3086 1610 προθέσεως.

2188 1636 2515 1701 Ἓντειλαι,
2543 1635 2575 1686 ὁ
2611 1631 2778 1696 Θεὸς,
2802 1628 2876 1698 τῇ
2901 1627 3152 1698 δυνάμει
3176 1644 3318 1682 σου.
3357 1626 3527 1679 Τοῦτο
3555 1627 3658 1694 πρὸς

2112 1731 2203 1782 τὸν
2263 1727 2504 1798 Πατέρα,
2538 1726 2626 1778 ἴνα
2677 1724 2984 1794 ὲντεῑληται
3022 1724 3100 1792 τῷ
3139 1721 3255 1791 Υἱῷ
3289 1721 3364 1772 τὰ
3429 1721 3548 1789 περὶ
3588 1720 3659 1772 τοῦ

2115 1821 2500 1892 κηρύγματος.
2573 1817 2704 1871 Ἀπ’
2747 1815 3011 1886 ἐμαυτοῦ
3063 1816 3193 1886 γὰρ,
3268 1812 3464 1882 φησὶν,
3517 1811 3662 1864 οὐδὲν

2111 1912 2283 1968 λαλῶ
2317 1928 2331 1944 ο
2368 1912 2506 1966 ἀλλ’
2539 1910 2657 1965 ὅσα
2695 1908 2774 1963 ἂν
2799 1909 3047 1963 ἀκούσω
3072 1907 3234 1974 παρὰ
3274 1904 3390 1958 τοῦ
3446 1907 3659 1971 Πατρός.

2111 2005 2348 2077 Χριστὸς
2379 2004 2436 2057 δὲ
2462 2003 2598 2058 Θεοῦ
2624 2003 2854 2073 δύναμις
2884 2002 2982 2055 καὶ
3019 1999 3154 2052 Θεοῦ
3186 1999 3377 2068 σοφία.

2181 2263 2572 2332 Δυνὰμωσον,
2618 2265 2651 2316 ό
2711 2261 2876 2326 Θεὸς,
2931 2261 3107 2314 τοῦτο
3137 2261 3168 2314 ὸ
3208 2259 3577 2328 κατειργάσω
3609 2258 3660 2310 ἐν

2111 2357 2278 2426 ἡμῖν,
2315 2357 2436 2410 ἀπὸ
2471 2356 2576 2410 τοῦ
2605 2356 2901 2421 ναοῦσου
2934 2355 3033 2406 ἐπὶ
3075 2355 3500 2421 Ἰερουσαλήμ.
3527 2353 3659 2405 Τοῦτο

2112 2448 2249 2516 πρὸς
2291 2447 2382 2499 τὸν
2411 2447 2562 2511 Υἰὸν,
2599 2447 2685 2500 ἵνα
2710 2444 3033 2518 κραταιὼσῃ
3071 2449 3132 2498 τὸ
3156 2447 3436 2517 κήρυγμα
3453 2443 3542 2498 τοῦ
3582 2445 3660 2496 Εὖ.

2113 2541 2374 2609 αγγελίου
2403 2555 2418 2569 ·
2461 2539 2488 2591 δ
2529 2540 2937 2608 κατειργάσατο
2971 2541 3052 2603 είς
3106 2540 3276 2606 ἡμᾶς,
3316 2538 3350 2609 ἢ
3417 2538 3488 2590 δι’
3527 2539 3660 2607 ἡμᾶς.

2111 2630 2534 2700 Κατειργάσατο
2565 2630 2640 2694 δὲ,
2680 2629 2961 2682 τουτέστιν
2998 2630 3280 2702 ἀπήρτισε
3349 2627 3534 2692 τοῦτο,
3592 2627 3659 2680 δια

2107 2725 2205 2778 τοῦ
2248 2725 2684 2797 προσλήμματος
2706 2722 2893 2776 αὑτοῦ.
2953 2722 3127 2774 Τοῦτο
3181 2721 3293 2791 γὰρ
3357 2720 3541 2786 Haec,
3590 2719 3660 2771 ut

2111 2819 2379 2886 σκήνωμα
2413 2816 2514 2885 τῆς
2545 2815 2821 2884 θεότητος.
2859 2812 3006 2867 Ἀπὸ
3045 2812 3152 2866 τοῦ
3203 2811 3360 2865 ναοῦ
3415 2827 3527 2864 σου
3558 2811 3658 2878 γὰρ,

2108 2909 2230 2963 ἀντὶ
2255 2908 2368 2974 τοῦ,
2396 2909 2497 2961 Διὰ
2522 2907 2617 2960 τοῦ
2646 2907 2775 2961 ναοῦ
2820 2923 2938 2972 σου,
3008 2905 3104 2958 τοῦ
3173 2905 3269 2957 ἐπὶ
3336 2903 3660 2973 Ἰερουσαλὴμ

2106 3002 2553 3072 ἁναστραφέντος
2604 3000 2699 3052 καὶ
2747 2999 3126 3070 κηρύξαντος·
3173 2997 3311 3051 Ἐπὶ
3360 2997 3518 3050 Σιὼν
3557 2997 3656 3065 γὰρ,

2107 3095 2264 3165 φησι,
2292 3093 2358 3147 τὸ
2386 3093 2524 3162 ὄρος
2571 3094 2636 3146 τὸ
2699 3091 2872 3162 ἅγιον
2920 3091 3130 3156 αὑτοῦ,
3180 3089 3562 3160 διαγγέλων
3607 3089 3656 3141 τὸ

428 3190 546 3260 Ego
574 3190 735 3256 enim,
765 3191 978 3261 inquit,
1009 3193 1336 3246 constitutus
1370 3209 1486 3246 sum
1523 3191 1636 3246 Rea:
1661 3191 1726 3245 ab
1762 3207 1820 3244 eo
1852 3207 2005 3259 super

2119 3187 2466 3256 πρόσταγμα
2487 3185 2732 3252 Κυρίου.

425 3279 556 3337 Sion
599 3291 826 3336 montem
873 3295 1119 3336 sanciunt
1174 3284 1311 3350 eius,
1343 3284 1638 3353 pra’dicans
1689 3293 2004 3352 prwceptum

425 3374 543 3442 ejus
583 3373 652 3427 ".

499 3465 616 3520 Tibi
648 3466 872 3535 offerent
935 3484 1083 3538 reges
1137 3484 1383 3524 munera.
1435 3469 1690 3526 Gentium
1733 3471 1999 3526 nimirum

425 3575 605 3630 reges.
658 3561 882 3615 Munera
939 3573 1145 3625 autem,
1192 3577 1317 3631 qua:
1360 3562 1683 3616 obtulerunt
1719 3563 1773 3616 bi
1825 3577 2005 3633 reges,

425 3655 628 3723 templa
669 3662 822 3718 sunt,
853 3662 908 3707 et
943 3653 1148 3723 praedia
1178 3653 1290 3707 Deo
1331 3653 1539 3720 dicata,
1587 3661 1640 3708 et
1692 3655 1846 3709 varia
1891 3655 2002 3710 alia

427 3747 569 3799 dona
609 3745 679 3798 ab
709 3745 792 3799 eis
827 3744 1017 3797 divino
1045 3744 1222 3797 cultui
1262 3745 1350 3812 pie
1401 3745 1608 3799 oblata.
1663 3743 1786 3799 Haec
1823 3755 2003 3801 autem

429 3851 660 3890 munera
711 3835 897 3888 statim
927 3833 1182 3897 oll‘crent,
1217 3850 1343 3888 eum
1382 3835 1618 3903 primum
1648 3847 1699 3889 te
1722 3838 2005 3892 immorta-

426 3927 534 3980 lent
594 3943 788 3980 eorum
847 3941 972 3980 esse
1036 3923 1262 3993 Regem,
1305 3934 1358 3979 et
1407 3925 1576 3982 Deum
1624 3931 2004 3999 cognoverint.

429 4019 759 4084 Quanquam
801 4027 856 4071 et
899 4018 1193 4069 immutate
1225 4019 1628 4072 versiculorum
1661 4022 1878 4088 ordine,
1908 4022 2011 4075 ali-

433 4118 515 4160 ter
544 4108 820 4176 possimus
878 4121 1180 4174 exponere,
1234 4115 1292 4158 ut
1350 4119 1549 4162 sensus
1607 4110 1724 4162 sit:
1776 4111 2010 4179 Abghoc

434 4201 686 4252 terrestri
727 4207 824 4252 tuo
872 4198 1100 4267 templo,
1157 4213 1313 4268 reges
1373 4199 1548 4255 ferent
1607 4203 1704 4256 tibi
1754 4204 1917 4268 dona,
1953 4205 2008 4258 in

433 4304 731 4358 Supernam
767 4288 1076 4344 Jerusalem
1106 4282 1122 4345 ὲ
1149 4291 1277 4360 quia
1311 4307 1408 4360 per
1433 4295 1775 4347 terrestrium
1811 4296 2007 4349 horum

436 4401 731 4439 munerum
795 4385 1152 4449 oblationem,
1195 4402 1483 4443 accessum
1517 4398 1572 4444 et
1607 4391 1837 4460 gratiam
1866 4391 2010 4460 apud

431 4479 601 4532 Deum
629 4478 682 4531 in
715 4477 858 4532 cmlo
897 4490 1335 4547 consequentur.

506 4567 667 4622 Vens.
705 4569 794 4621 51.
830 4567 1052 4635 Increpa
1086 4546 1228 4637 feras
1268 4571 1570 4625 arundinis.
1619 4571 1728 4626 Fac
1754 4573 2013 4628 obmute-
2040 4546 2092 4605 υ

1635 4664 1875 4718 immites
1935 4663 2021 4718 ni-

433 4675 612 4720 scere,
639 4661 837 4727 inquit,
882 4655 1284 4716 iutellectuales
1341 4667 1528 4717 leones
1567 4679 1581 4714 :

2170 3467 2272 3522 Σοὶ
2306 3469 2552 3524 οἴσουσι
2574 3469 2859 3536 βασιλεῖς
2918 3469 3098 3538 δῶρα.
3157 3471 3224 3524 Ol
3281 3471 3524 3541 βασιλεῖς
3579 3471 3660 3523 τῶν

2111 3559 2430 3630 ἁπανταχοῦ
2449 3558 2641 3613 ἐθνῶν.
2658 3560 2818 3630 Δῶρα
2843 3560 2900 3614 δὲ
2923 3562 2972 3613 οἱ
3016 3561 3158 3626 ναοὶ,
3209 3564 3308 3616 καὶ
3333 3562 3405 3615 τὰ
3436 3562 3660 3634 καθιερω-

2111 3653 2272 3706 θέντα
2305 3651 2516 3715 τούτοις
2546 3655 2745 3724 χωρία,
2768 3653 2862 3708 καὶ
2893 3654 2960 3706 τὰ
2998 3655 3323 3708 παντοδαπὰ
3345 3657 3662 3726 ἀναϐήματα.

2112 3747 2334 3798 Οῐσουσι
2363 3746 2422 3799 δὲ
2467 3747 2661 3812 ταῦτα,
2707 3748 3023 3814 ἐπιγνόντες
3089 3749 3148 3800 σὲ
3203 3748 3440 3817 βασιλέα
3496 3743 3663 3800 ἑαυτῶν

2111 3839 2404 3904 ἀθάνατον,
2465 3839 2542 3901 ὡς
2595 3841 2751 3892 Θεόν.
2810 3841 3032 3892 Νοείται
3093 3840 3149 3892 δὲ
3207 3843 3304 3894 καὶ
3344 3841 3519 3904 ἄλλως
3570 3839 3662 3891 κατ’

2111 3929 2416 3998 ἐναλλαγὴν
2459 3931 2570 3983 τῶν
2617 3932 2824 4002 ῥητῶν,
2888 3932 2971 3984 ὅτι
3011 3931 3148 3986 Ἀπὸ
3169 3931 3264 3983 τοῦ
3314 3933 3462 3984 κατὰ
3519 3929 3663 4001 χώραν

2114 4020 2242 4075 ναοῦ
2258 4037 2351 4072 σου
2379 4019 2472 4072 ἐπὶ
2503 4020 2603 4088 τὴν
2634 4019 2748 4073 ἄνω
2778 4020 3156 4092 Ἰερουσαλὴμ,
3181 4023 3400 4075 οἴσουσὶ
3425 4038 3505 4073 σοι
3529 4022 3662 4089 δεῖρε,

2113 4114 2162 4165 οἱ
2195 4111 2455 4180 βασιλεῖς.
2493 4114 2620 4176 Τοῖς
2643 4113 2754 4183 γὰρ
2780 4117 2941 4177 ναοῖς⁸
2971 4113 3249 4182 αἰσθητῶς
3276 4115 3348 4166 τὰ
3390 4115 3538 4184 δῶρα
3594 4130 3662 4163 xo-

2115 4204 2390 4274 μίζοντες,
2424 4205 2636 4275 νοητῶς
2659 4206 2728 4258 δι’
2745 4205 2928 4260 αὐτῶν
2953 4209 3034 4269 εἰς
3054 4206 3146 4259 τὸν
3170 4207 3408 4276 οὐρανὸν
3441 4208 3666 4274 ἀνάγουσι

2111 4297 2211 4368 τὴν
2250 4298 2641 4368 προσαγωγὴν,
2679 4299 2774 4351 καὶ
2800 4298 2961 4368 χάριν
3004 4299 3113 4352 τῶν
3136 4299 3355 4370 δώρων.

2208 4562 2610 4634 Ἐπιτίμησον
2638 4565 2760 4632 τοῖς
2787 4567 3014 4635 θηρίοις
3040 4567 3147 4621 τοῦ
3186 4569 3487 4636 καλάμου.
3513 4567 3666 4636 Φίμω-

2133 4673 2224 4708 σον
2275 4657 2402 4718 τοὺς
2459 4658 2682 4726 νοητοὺς
2735 4659 3040 4728 δαίμοναςο
3088 4659 3267 4713 εῖτουν
3307 4662 3439 4718 τοὺς
3476 4660 3667 4729 exple»;

433 4749 631 4802 mirum
668 4764 731 4802 ac
763 4765 942 4805 sazvos
990 4755 1290 4818 daemones,
1324 4755 1416 4823 qui
1455 4755 1622 4809 veluti
1646 4757 1868 4824 quidam
1912 4756 2005 4812 leo‘

2125 4749 2223 4803 καὶ
2251 4751 2482 4818 ἀπηνεῖς
2528 4751 2816 4821 δαίμονας,
2860 4752 3060 4815 οἵτινες
3091 4752 3167 4817 ὡς
3198 4753 3456 4823 αἰσθητοὶ
3480 4753 3668 4812 λέοντες

445 4855 544 4893 nes
576 4840 628 4892 iu
693 4841 1058 4896 arundinibus
1093 4843 1285 4907 latent,
1309 4844 1436 4898 dum
1479 4847 1534 4900 in
1573 4846 1791 4902 levitate
1820 4862 1884 4901 ac
1914 4856 2005 4903 ste

2125 4840 2381 4908 καλάμῳ,
2449 4838 2624 4903 οὕτως
2695 4842 3077 4910 ἐμφωλεύουσι
3135 4845 3202 4912 τῇ
3258 4846 3552 4913 κουφότητι
3594 4842 3668 4894 καὶ

437 4932 640 4985 rilitate
683 4931 1024 4987 instabitium
1050 4943 1214 5003 atque
1245 4935 1677 4992 inconstantium
1704 4940 1759 4992 in
1790 4938 1895 4994 lide
1919 4940 2005 4993 bos

2129 4932 2386 5002 ἀκαρπίᾳ
2430 4933 2540 4984 τῶν
2599 4933 2952 5003 ἀστηρίκτων
3020 4936 3097 4998 εἰς
3154 4935 3341 4988 πίστιν
3369 4935 3666 5005 ἀνθρώπων.

434 5024 670 5086 minum,
701 5023 938 5077 latebras
971 5039 1034 5078 ac
1064 5026 1222 5080 nidos
1258 5043 1387 5082 suos
1416 5027 1621 5082 faciunt
1659 5029 1850 5098 :juxta
1877 5046 2005 5100 quor

2121 5025 2259 5091 Φησὶ
2310 5025 2366 5076 δὲ
2407 5025 2502 5076 καὶ
2544 5024 2665 5078 ’1ὼό
2693 5026 2822 5094 περὶ
2868 5026 2962 5080 τοῦ
3006 5028 3257 5082 διαϐόλου
3293 5029 3468 5090 οὕτως
3494 5044 3506 5056 ·
3548 5025 3666 5078 Ὑπὸ

433 5113 501 5166 de
534 5113 759 5166 diabolo
808 5115 1073 5183 scriptum
1129 5117 1360 5184 legimus
1404 5119 1548 5186 apud
1615 5119 1836 5173 beatum
1889 5119 2005 5186 Job,

2123 5116 2246 5170 πᾶν
2280 5117 2536 5186 δένδρον
2555 5119 2851 5189 κοιμᾶται,
2880 5121 3040 5189 παρὰ
3056 5123 3354 5192 κάλαμον,
3371 5123 3473 5176 καὶ
3501 5122 3669 5174 πάλιν·

433 5204 581 5274 quod
609 5205 704 5258 sub
737 5205 880 5258 omni
917 5204 1118 5259 dormit
1174 5206 1365 5260 arbore
1414 5211 1552 5276 apud
1587 5209 1924 5275 arundinem,
1974 5229 2000 5264 e

2119 5227 2255 5278 ρον,
2303 5212 2402 5264 καί
2454 5213 2788 5282 βούτομον,
2817 5215 2994 5284 δηλῶν
3026 5217 3108 5268 ὅτι
3143 5215 3555 5269 ὲπαναπαύεται
3579 5212 3669 5269 τοῖς

431 5313 713 5366 papyrum,
749 5306 798 5350 et
855 5300 1084 5352 cariccm
1115 5299 1182 5354 ⁸ο.
1232 5298 1554 5367 llujusniodi
1585 5303 1786 5356 etenim
1817 5317 2005 5357 sermo-

2129 5305 2313 5374 έχουσι
2358 5305 2457 5368 τὰς
2517 5305 2790 5375 ἰδιότητας
2809 5307 2914 5361 τῶν
2944 5307 3258 5378 εἰρημένων
3307 5307 3506 5376 φυτῶν,
3537 5301 3669 5371 ξηρὰ

434 5403 503 5442 ne
543 5427 558 5452 ,
617 5390 965 5458 requiescere
1035 5391 1338 5445 daemonem
1415 5393 1770 5462 intelligimus
1837 5394 1892 5447 in
1951 5394 2005 5447 iis

2125 5413 2266 5464 τητα
2305 5399 2440 5468 πρὸς
2474 5399 2699 5469 ἀρετὴν,
2725 5401 2820 5454 καὶ
2844 5399 3121 5470 ὑγρότητα
3159 5399 3302 5471 πρὸς
3347 5397 3665 5468 φιληδονία-ι’

439 5479 776 5545 hominibus,
816 5485 908 5551 qui
934 5483 1270 5552 plantarum,
1311 5498 1449 5553 quas
1476 5500 1646 5554 supra
1684 5502 2005 5540 commento

2125 5487 2351 5540 τοιαῦτα
2381 5492 2491 5560 γὰρ
2519 5493 2546 5542 ὁ
2573 5491 2822 5560 πάπυρος
2854 5491 2949 5544 καὶ
2988 5492 3049 5544 τδ
3076 5472 3356 5561 βούτομον.

440 5580 683 5635 ravimus
741 5583 1110 5652 proprietates
1158 5591 1382 5640 servant
1419 5602 1432 5637 :
1469 5584 1563 5652 qui
1621 5584 1832 5638 scilicet
1881 5584 2020 5636 aridi
2061 5593 2209 5647 sunt,
2236 5585 2302 5639 ad
2336 5585 2590 5640 ferendas
2618 5586 2870 5652 virtutes,
2957 5596 3010 5641 et
3055 5587 3150 5656 qui
3221 5601 3442 5643 succum
3531 5593 3668 5653 atque

439 5672 726 5727 humorem
767 5678 997 5730 multum
1031 5679 1232 5734 habent
1265 5680 1332 5734 ad
1396 5678 1717 5733 nutriendas
1760 5680 2092 5749 voluptates.
2141 5678 2461 5748 llujusmodi
2526 5682 2727 5738 etenim
2787 5683 3138 5754 proprietatis
3197 5695 3249 5740 ct
3296 5690 3502 5738 natura:
3563 5687 3667 5734 sunt

441 5777 574 5835 papy
588 5781 681 5818 rus
711 5779 767 5819 et
805 5783 988 5823 cares.

511 5875 556 5909 ⁵⁷
583 5873 741 5936 Joau.
782 5867 892 5945 xiv,
935 5882 1016 5935 l0.
1095 5885 1140 5916 ⁵⁸
1175 5884 1344 5940 lCor.
1392 5903 1428 5952 i,
1461 5889 1553 5942 24.
1629 5890 1674 5924 ⁸⁸
1703 5889 1848 5946 PSaI.
1895 5907 1951 5955 ιι,
1987 5893 2005 5946 ε

2155 5893 2199 5923 ⁶⁰
2223 5889 2330 5946 Job
2357 5906 2442 5957 XL,
2480 5890 2565 5944 16.
