3834 6544
385 309 492 372 ῦ87

1607 303 1994 365 EUTllYMIl
2042 303 2408 365 ZIGADENI
3549 311 3640 374 688

382 433 508 474 cum
564 418 715 473 nulla
775 415 980 472 fuerint
1026 415 1224 486 spolia,
1275 430 1397 486 qua:
1435 415 1511 470 illi
1570 416 1638 471 ad
1699 417 1960 473 decorem

2073 416 2215 470 ὥστε
2244 417 2342 487 τῆς
2390 419 2753 489 περιστερᾶς,
2795 418 2864 488 ἢν
2897 417 2947 469 oi
2980 417 3124 471 πάνυ
3167 417 3537 483 πλουτοῦντες
3564 424 3641 474 ἐπὶ

384 514 573 584 templi
613 505 937 576 obtulerint,
971 508 1089 572 sed,
1123 517 1180 564 ut
1221 509 1485 579 diximus,
1517 512 1818 582 anagogice
1856 512 1971 564 lure

385 608 568 662 omnia
598 603 949 675 intelligentia
976 609 1123 657 sunt.
1158 601 1260 657 Per
1286 603 1548 657 dilectum
1577 606 1741 658 etiam
1790 606 1969 675 ipsum

386 697 554 752 David
614 696 954 765 intelligunt,
994 712 1021 748 a
1047 704 1089 747 ιι
1121 693 1502 750 Salomoncm.
1539 696 1603 750 Et
1636 698 1800 752 verba
1853 697 1966 761 illa,

288 813 301 828 ι
385 791 447 847 Si
469 789 799 844 dormieritis
831 789 972 842 inter
996 788 1196 842 medios
1230 788 1424 849 cleros.
1451 789 1526 843 ita
1559 798 1844 860 exponunt
1874 790 1965 844 :Si

383 881 614 936 stabiliti
641 880 856 934 fueritis
883 880 935 932 in
963 880 1148 934 medio
1176 881 1505 948 prmdiorum
1537 891 1695 937 terr-.e
1730 885 1967 951 promis-

383 973 582 1039 sionis,
646 987 769 1043 qua:
818 971 1024 1042 praedia
1062 971 1215 1027 vobis
1269 969 1324 1026 in
1384 975 1586 1036 cleros,
1623 975 1726 1028 hoc
1771 985 1878 1033 est.
1914 977 1966 1027 in

382 1070 564 1116 sortes
595 1060 977 1128 contigerunt,
1009 1059 1148 1114 adeo
1175 1067 1373 1114 vestrae
1403 1069 1704 1130 augescent
1738 1060 1967 1121 divitiae,

383 1169 444 1211 ut
475 1162 576 1213 alte
606 1157 1020 1222 columbarum,
1054 1171 1194 1227 quas
1219 1155 1538 1225 praedivites
1562 1155 1664 1210 viri
1703 1158 1967 1226 gypsinas

387 1268 558 1322 super
613 1259 760 1305 tecta
801 1249 857 1303 in
893 1263 1123 1304 summa:
1171 1247 1456 1304 felicitatis
1488 1248 1706 1318 signum
1737 1247 1967 1318 intigere

385 1346 672 1411 solebant,
724 1342 927 1398 futura:
985 1341 1099 1396 sint
1149 1340 1547 1412 dcargentatte,
1607 1349 1662 1395 et
1699 1342 1964 1410 scapulae.

384 1454 485 1495 seu
513 1437 822 1508 posteriora
853 1434 1028 1498 dorsi,
1054 1433 1419 1504 pallidissimo
1441 1448 1504 1488 ac
1531 1433 1829 1502 purissimo
1852 1434 1964 1487 sint

382 1547 520 1587 auro
546 1529 819 1585 ornanda.
853 1527 1075 1583 Verum
1108 1525 1304 1580 nullibi
1331 1523 1569 1596 legimus
1599 1523 1819 1580 Iudaeos
1858 1527 1964 1580 hu-

379 1621 623 1694 iusmodi
665 1619 835 1675 ritum
869 1617 1168 1687 aliquando
1196 1629 1467 1678 servasse,
1500 1622 1560 1668 ut
1597 1615 1884 1669 columbas
1908 1601 1999 1668 in'

383 1717 675 1772 domorum
709 1711 870 1768 tectis
901 1709 1219 1779 infigereut.
1256 1708 1392 1761 Dum
1417 1708 1694 1771 discernit,
1716 1705 1821 1760 hoc
1858 1714 1964 1770 est,

383 1812 516 1862 dum
557 1807 713 1878 eligit
764 1803 1011 1860 cmleStis
1059 1803 1204 1858 Deus
1237 1817 1396 1873 reges
1431 1817 1598 1872 super
1627 1800 1967 1861 Jerusalem.
2001 1784 2041 1836 Β

384 1900 776 1972 splendescent
809 1906 864 1952 et
893 1895 1156 1951 lucebunt
1190 1893 1268 1947 illi
1319 1907 1478 1963 reges
1514 1892 1570 1946 in
1605 1906 1691 1947 ea.
1727 1890 1964 1946 Montem

383 1996 549 2050 etiam
602 1991 695 2048 Dei
737 1989 895 2057 Sion,
945 1987 1188 2059 appellat
1241 1995 1476 2040 montem
1526 1985 1796 2056 pinguem,
1835 1985 1966 2054 quia

383 2089 667 2161 pascentia
687 2087 802 2142 illic
827 2099 1027 2156 pecora
1052 2081 1212 2139 facile
1235 2084 1622 2153 pinguescant,
1645 2090 1698 2136 et
1724 2091 1964 2136 montem

383 2179 732 2251 coagulatum
782 2177 1062 2238 similiter.
1105 2191 1200 2230 seu
1232 2185 1532 2236 caseatum,
1567 2175 1695 2243 quia
1726 2189 1966 2241 pascuo-

383 2287 508 2328 rum
550 2269 891 2326 abundantia
923 2267 1145 2324 assidue
1171 2267 1254 2320 lac
1286 2266 1547 2336 prtebeat.
1577 2263 1781 2320 Verum
1815 2264 1963 2334 quod

381 2365 629 2422 dicitur:
689 2361 906 2417 Etenim
945 2359 1202 2415 Dominus
1256 2357 1520 2412 habitabit
1563 2359 1620 2411 in
1668 2359 1850 2427 ﬁnem,
1904 2365 1964 2410 ut

377 2459 492 2528 iam
522 2454 904 2527 praediximus,
942 2452 1014 2507 ab
1061 2453 1143 2508 eis
1189 2462 1340 2506 recte
1376 2449 1577 2520 exponi
1613 2463 1722 2504 non
1753 2458 1962 2520 potest.

379 2550 485 2607 Per
514 2563 738 2606 currum
781 2546 946 2604 etiam
997 2544 1096 2600 Dei
1148 2545 1366 2616 seipsos
1413 2542 1762 2616 intelligunt,
1801 2541 1962 2614 quasi

381 2645 439 2698 in
471 2643 608 2712 ipsis
629 2641 763 2697 solis
787 2637 935 2695 Deus
966 2636 1542 2709 requiesceret,quem
1572 2651 1795 2697 currum
1822 2637 1964 2692 mul-

380 2735 691 2806 tiplicatum
729 2747 853 2789 esse
884 2731 1078 2786 dicunt
1109 2730 1166 2785 in
1193 2727 1495 2793 inlinitum,
1530 2728 1632 2784 hoc
1665 2737 1771 2795 est,
1803 2731 1964 2786 valde

381 2837 768 2889 numerosum,
799 2829 857 2878 et
886 2821 1058 2876 millia
1091 2821 1258 2876 etiam
1305 2820 1707 2876 abundantium
1742 2822 1958 2877 divitiis

380 2919 438 2972 in
467 2918 549 2972 eis
577 2930 700 2970 esse
737 2933 752 2969 :
779 2915 907 2969 item
940 2913 1087 2984 quod
1113 2912 1383 2968 Dominus
1420 2913 1512 2969 ille
1537 2913 1594 2968 in
1625 2913 1708 2970 eis
1733 2923 1840 2983 est,
1867 2915 1961 2986 qui

383 3008 514 3065 olim
557 3007 659 3060 fuit
691 3007 746 3060 in
803 3005 934 3060 Sina
989 3020 1114 3059 cum
1167 3019 1359 3060 eorum
1389 3005 1862 3076 progenitoribus.
1899 3006 1965 3062 Et

381 3102 450 3156 ad
504 3101 676 3154 Deum
725 3097 927 3154 deinde
983 3112 1294 3152 sermonem
1342 3096 1612 3170 dirigunt,
1654 3097 1958 3156 dicentes:

2075 508 2176 560 τοῦ
2220 507 2477 578 δώματος
2509 509 2747 579 γυψίνην
2781 509 2936 580 ίστᾷν
2967 511 3224 562 εἰώθασιν
3267 512 3348 574 εἰς
3395 511 3642 581 σύμϐολον

2070 598 2253 670 ἄκρας
2278 599 2652 670 εὐδαιμονίας,
2698 601 2754 651 αἱ
2783 599 3062 671 πτέρυγες
3105 601 3202 670 μὲν
3233 602 3410 670 αὐτῆς
3446 601 3642 656 ἔσονται

2077 692 2614 762 περιηργυρωμέναι
2647 730 2662 757 ,
2719 691 2868 769 τάιδέ
2905 693 3222 763 μετάφρενα
3251 695 3424 764 αὐτῆς
3458 711 3644 764 κοσμη-

2078 784 2344 854 θήσονται
2366 786 2424 838 ἐν
2456 784 2762 856 χλωρότητι
2788 788 3042 856 χρυσίου.
3074 787 3306 858 Οὐδαμῆ
3333 789 3388 841 δὲ
3404 789 3642 861 τοιαύτην

2072 875 2406 946 περιστερὰν
2467 876 2686 940 οὐδενὸς
2755 877 3013 949 Ἐδραίου
3068 879 3284 950 δώματι
3312 880 3505 946 στῆναι
3558 900 3641 952 με-

2075 969 2427 1040 μαθήκαμεν.
2485 971 2568 1022 Τὰ
2617 971 2674 1022 δέ
2729 971 2881 1041 ἑξῆς,
2930 973 3035 1027 Ἐν
3102 972 3182 1039 τῷ
3247 972 3644 1042 διαστέλλειν,

2071 1062 2251 1114 είτουν
2300 1063 2624 1132 ἐκλέγεσθαι
2693 1067 2784 1118 τὸν
2847 1067 3176 1136 ἐπουράνιον
3235 1067 3372 1119 Θεὸν
3419 1068 3643 1138 βασιλεῖς

2075 1154 2363 1226 ἐπάὑτῆς
2425 1157 2528 1226 τῆς
2590 1157 2974 1228 Ἰερουσαλὴμ,
3031 1159 3554 1230 λαμπρυνθήσονται
3596 1166 3644 1216 ἐν

2081 1245 2478 1318 Ἰερουσαλήμσ
2526 1248 2652 1319 ὅρος
2707 1249 2764 1302 δὲ
2795 1250 2932 1302 Θεοῦ
2977 1251 3036 1302 τὸ
3087 1251 3234 1303 Σιὼν
3279 1253 3535 1306 καλοῦσι’
3564 1262 3643 1307 καὶ

2073 1337 2218 1404 ὄρος
2280 1339 2446 1404 πῖον,
2503 1341 2577 1404 ὡς
2622 1345 2839 1394 πιαῖνον
2889 1344 2957 1394 τὰ
3008 1343 3287 1413 νεμόμενα
3319 1344 3641 1414 θρέμματα·

2071 1433 2166 1482 καὶ
2193 1431 2317 1500 ὅρος
2342 1433 2775 1501 τετυρωμένον,
2837 1433 2910 1497 ὡς
2954 1435 3234 1502 γάλακτος
3277 1438 3537 1507 χορηγὸν,
3585 1441 3641 1507 τῇ

2071 1524 2300 1597 εὐθηνίᾳ
2326 1527 2422 1593 τῆς
2452 1527 2646 1597 νομῆς.
2682 1529 2816 1596 Περὶ
2846 1528 2902 1581 δὲ
2936 1527 3054 1589 τοῦ,
3096 1528 3207 1581 Καὶ
3231 1533 3345 1597 γὰρ
3377 1534 3410 1582 ό
3447 1532 3644 1598 Κύριος

2069 1617 2531 1694 κατασκηνώσει
2573 1619 2660 1684 είς
2706 1620 2904 1685 τέλος,
2937 1622 3267 1694 εἰρήκαμεν,
3299 1623 3382 1674 ὅτι
3416 1621 3518 1675 οὐκ
3543 1625 3644 1691 ἔχο-

2073 1725 2171 1778 μεν
2189 1709 2788 1780 (47)ἀσφαλῶςείπεῖν.
2812 1713 3000 1783 ’Ἄρμα
3030 1714 3086 1767 δὲ
3140 1715 3233 1766 τοῦ
3267 1715 3401 1767 Θεοῦ
3436 1716 3643 1778 ἑαυτοὺς

2072 1802 2457 1867 ὀνομάζουσιν,
2498 1803 2574 1867 ώς
2625 1806 3120 1876 ἐπαναπαυομένου
3155 1808 3340 1870 αὐτοῖς
3368 1807 3466 1859 τοῦ
3499 1807 3639 1861 Θεοῦ.

2073 1893 2534 1962 Μυριοπλάσιον
2559 1895 2640 1959 δὲ,
2677 1897 2798 1949 ἀντὶ
2837 1897 2932 1949 τοῦ
2971 1898 3354 1969 Πολυπληθές·
3409 1900 3636 1969 χιλιάδα,

2072 1987 2130 2041 δέ
2165 2004 2331 2056 φασιν
2361 1989 2419 2040 ἐν
2458 1988 2644 2052 αὐτοῖς
2688 1989 2798 2040 τῶν
2827 1989 3207 2059 εὐθηνούντων
3237 1993 3296 2044 ἐν
3319 1991 3554 2062 πλούτῳ.
3591 1993 3642 2046 '0

2079 2078 2287 2147 Κύριος
2347 2079 2403 2132 δέ
2457 2081 2516 2133 ἐν
2576 2080 2764 2144 αὐτοῖς
2822 2083 2992 2146 ἐστιν,
3031 2084 3107 2147 ὡς
3151 2085 3474 2148 οἴονται,‹ὃς
3503 2081 3568 2156 ἦν
3592 2089 3641 2139 ἐν

2072 2173 2204 2226 Σινᾶ
2220 2171 2388 2226 πάλαι
2437 2175 2578 2243 μετὰ
2597 2174 2706 2227 τῶν
2750 2176 3038 2244 προγόνων
3060 2176 3264 2230 αὐτῶν.
3327 2176 3558 2247 Λέγουσι
3594 2180 3640 2232 δὲ

2072 2267 2170 2319 καὶ
2218 2267 2358 2335 πρὸς
2389 2267 2483 2321 τὸν
2513 2266 2677 2330 Θεὸν,
2709 2267 2792 2320 ὃτι
2838 2267 3107 2336 ’Υψηλός
3135 2270 3464 2339 ἐνομίσθης
3503 2273 3642 2340 παρὰ

2075 2356 2289 2414 πᾶσιν.
2369 2359 2873 2430 ᾙχμαλώτευσας
2928 2363 3354 2431 αἰχμαλωσίαν
3418 2362 3506 2416 διὰ
3559 2362 3638 2415 τοῦ

2069 2449 2206 2502 λαοῦ
2234 2467 2328 2503 σου
2361 2451 2688 2521 νικήσαντος
2739 2451 2973 2522 ἐχθρούς
3027 2468 3044 2484 ο
3099 2452 3298 2515 ἔλαϐες
3331 2453 3640 2524 ἀναθήματα

2069 2541 2480 2612 καθιερωθέντα
2548 2559 2651 2596 σοι.
2697 2543 2808 2596 Καὶ
2849 2543 3041 2606 ἔλαϐες
3080 2545 3160 2607 είς
3215 2544 3440 2610 δούλους
3497 2547 3638 2599 ἀπει-

2071 2632 2302 2696 θοῦντας
2333 2634 2601 2707 πρότερον
2631 2633 2976 2705 ἀνθρώπους,
3008 2635 3102 2688 ἐπὶ
3124 2635 3204 2707 τῷ
3233 2637 3636 2707 κατασκηνώσει

2070 2726 2270 2790 αὐτοὺς
2307 2726 2446 2796 μετὰ
2483 2725 2578 2780 τοῦ
2615 2725 2745 2781 λαοῦ
2779 2743 2899 2791 σου,
2936 2727 3294 2792 δουλεύοντας
3356 2728 3525 2798 αὐτῷ.
3568 2728 3637 2781 Τὰ

2069 2819 2126 2873 δέ
2165 2819 2294 2891 ἑξῆς
2344 2822 2488 2892 ῥητὰ
2539 2819 2722 2891 σαφῆ·
2785 2819 2938 2892 παρὰ
2985 2819 3081 2873 τοῦ
3116 2821 3324 2892 Κυρίου
3361 2821 3417 2875 δὲ
3451 2823 3507 2874 ai
3545 2822 3636 2874 ὁδοὶ

2069 2911 2163 2964 τοῦ
2187 2909 2447 2976 Θανάτου,
2476 2909 2535 2975 ὃς
2567 2909 2857 2965 συνθλάσει
2887 2911 2984 2974 τὰς
3018 2911 3261 2981 κεφαλὰς
3288 2910 3397 2965 τῶν
3423 2909 3636 2980 ἀλλοφύ-

2069 3002 2180 3057 λων
2211 3023 2225 3039 ·
2263 3003 2555 3059 συνθλάσει
2580 3003 2638 3058 δὲ
2689 3003 2784 3058 καὶ
2812 3003 3057 3074 κορυφὴν
3082 3004 3281 3074 χαίτης
3325 3002 3631 3074 ἀνθρώπων.

2071 3096 2561 3168 διαπορευομένων
2629 3096 2687 3149 ἐν
2732 3096 3057 3166 ἁμαρτίαις.
3107 3097 3458 3166 Ἀπεφήνατο
3490 3095 3634 3148 πάλαι

375 3193 681 3248 Ascendisti
706 3194 761 3247 in
786 3193 978 3257 altum,
1016 3190 1120 3246 hoc
1153 3200 1259 3254 est.
1302 3162 1570 3247 Subliinis
1593 3162 1758 3261 atque
1787 3192 1960 3248 excel-

2075 3162 2304 3262 Κύριος,
2321 3162 2404 3244 ὅτί
2435 3162 2804 3261 Ἐπιστρέψαῇ
2829 3162 2946 3259 ἦτοι
2965 3188 3149 3253 ἐξελοῦ
3156 3162 3368 3258 μαιττθν
3386 3187 3510 3242 λαόν
3527 3205 3632 3257 μου,

379 3302 475 3343 sus
506 3292 792 3357 reputatus
828 3299 889 3338 es
923 3298 1085 3353 supra
1144 3297 1362 3339 omnes.
1399 3282 1698 3352 Captivasti
1737 3287 1952 3354 captivi-

380 3388 542 3434 tatem
572 3393 667 3449 per
692 3379 955 3448 populum
1005 3387 1182 3440 tuum,
1209 3377 1306 3448 qui
1344 3378 1532 3432 hostes
1565 3387 1691 3432 tuos
1714 3376 1944 3434 devicit.

378 3472 639 3538 Accepisti
674 3470 837 3534 dona,
884 3470 986 3524 hoc
1028 3477 1134 3535 est,
1171 3469 1485 3525 oblationes
1551 3469 1662 3524 Deo
1717 3471 1953 3536 dicatas,

375 3577 430 3622 et
461 3580 555 3621 eos
585 3563 838 3619 homines
857 3561 952 3632 qui
983 3561 1082 3617 tibi
1129 3572 1289 3616 antea
1320 3577 1432 3616 non
1479 3563 1749 3632 parebant
1791 3579 1953 3620 acce-

380 3657 509 3729 pisti
539 3656 595 3711 iu
649 3670 870 3722 servos,
905 3664 966 3708 ut
1016 3654 1331 3709 inhabitare
1381 3669 1479 3710 eos
1525 3653 1740 3712 faceres
1787 3656 1958 3712 simul

375 3767 500 3808 cum
535 3749 737 3820 populo
781 3758 877 3802 tuo
934 3755 1096 3817 atque
1124 3747 1174 3802 ei
1207 3746 1438 3803 servire.
1478 3747 1611 3815 Quae
1645 3760 1956 3820 sequuntur

375 3845 668 3901 manifesta
712 3851 865 3898 sunt.
899 3839 944 3894 A
977 3839 1215 3894 Domino
1267 3850 1454 3895 autem
1498 3853 1629 3898 sunt
1658 3845 1842 3901 exitus
1895 3861 1958 3902 ac

375 3936 479 3990 viae
507 3934 726 3997 mortis,
762 3933 855 4002 qui
907 3939 1160 3986 conteret
1195 3931 1633 4001 alienigenarum
1665 3939 1870 4006 capita,
1901 3948 1957 3996 et

373 4027 637 4085 verticem
671 4025 852 4094 capilli
886 4024 1169 4078 hominum
1201 4027 1706 4094 perambulantium
1738 4034 1790 4087 in
1817 4019 1915 4104 pec
1945 4073 1947 4075 .

376 4123 544 4178 catis.
603 4118 925 4174 Deercvisse
985 4118 1148 4174 etiam
1207 4119 1336 4175 olim
1404 4123 1572 4177 Deum
1620 4127 1837 4189 dicunt,
1899 4139 1955 4184 ct

373 4215 631 4270 dixisse:
686 4213 1048 4276 Convertam,
1101 4213 1206 4268 hoc
1261 4223 1366 4282 est,
1405 4216 1634 4286 eripiam
1688 4223 1950 4291 populum

373 4324 579 4373 meum,
619 4314 674 4361 et
703 4307 917 4361 salvum
961 4306 1193 4361 educam
1251 4323 1280 4362 e
1310 4307 1656 4367 Bassanitide
1701 4317 1946 4384 regione,

372 4402 428 4458 in
460 4417 566 4473 qua
592 4398 672 4471 0g
708 4401 863 4471 gigas
922 4402 1193 4468 regnavit,
1234 4411 1289 4456 et
1350 4413 1673 4460 convertam
1727 4424 1851 4464 cttm
1887 4426 1954 4467 ex

2089 3283 2283 3339 σώσων
2311 3286 2376 3338 ἐκ
2405 3284 2504 3353 τῆς
2539 3282 2898 3345 Βασανίτιδος
2928 3282 3135 3353 χώρας,
3160 3277 3632 3354 ἦςὲεασίλευσενὸ

2073 3379 2234 3446 γίγας
2273 3379 2375 3448 Ὠγ
2405 3395 2417 3410 ·
2476 3375 2796 3447 ἐπιστρέψω
2856 3374 3018 3428 αὑτὸν
3062 3377 3127 3428 ἐκ
3159 3373 3254 3427 τοῦ
3304 3373 3505 3443 βάθους
3550 3372 3630 3440 τῆς

2075 3472 2353 3542 θαλάσσης
2413 3470 2524 3524 τῶν
2572 3470 2846 3540 αἱμάτων.
2895 3467 3127 3532 Ῥύακες
3153 3467 3212 3521 δέ
3249 3468 3498 3535 αἱμάτων
3528 3466 3630 3518 τότε

2074 3564 2556 3637 ἐπλημμύρησαν,
2609 3561 3012 3633 ἀναιρεθέντων
3071 3561 3180 3615 τῶν
3237 3563 3369 3632 περὶ
3407 3561 3497 3614 τὸν
3525 3560 3625 3623 "Dr,

2075 3659 2167 3714 ἴνα
2225 3659 2371 3730 βαφῇ
2425 3659 2454 3710 ὁ
2511 3657 2646 3721 ποῦς
2683 3673 2778 3709 σου
2809 3654 2905 3708 τοῦ
2955 3654 3208 3726 Ἐϐραίου
3239 3656 3299 3707 ἐν
3325 3651 3627 3724 αϊματιτῶν

2075 3753 2486 3826 σφαττομένων,
2523 3752 2616 3805 καὶ
2668 3750 2863 3820 αὑτὴὴ
2906 3749 3126 3814 γλῶσσα
3173 3748 3284 3800 τῶν
3324 3747 3498 3800 κυνῶν
3524 3761 3623 3808 σου,

2073 3852 2138 3902 ἐκ
2197 3848 2291 3902 τοῦ
2344 3846 2570 3915 αἵματος
2609 3843 2715 3896 τῶν
2759 3842 2994 3913 ἐχθρῶν,
3033 3841 3102 3894 δι’
3145 3839 3313 3895 αὐτοῦ
3351 3835 3444 3892 τοῦ
3474 3835 3624 3890 θεοῦ·

2073 3940 2418 4010 θεωρηθῆναι
2471 3937 2528 3990 δὲ
2561 3936 2780 4004 λέγουσι
2811 3935 2909 3997 τὰς
2943 3933 3172 4004 πορείας
3211 3933 3305 3986 τοῦ
3341 3930 3494 3993 Θεοῦ,
3521 3931 3624 3999 ἦτοι

2071 4039 2138 4091 τὰ
2162 4039 2284 4105 ἴχνη
2319 4032 2486 4086 πάλαι
2518 4032 2574 4082 ἐν
2598 4030 2675 4098 τῷ
2703 4029 3004 4098 ὅρειΣινᾶῂ
3049 4026 3258 4094 Ἀνέϐη
3292 4027 3422 4095 γὰρ,
3456 4025 3620 4092 φησὶν,

2069 4132 2139 4185 ἐν
2157 4128 2236 4194 τῷ
2264 4128 2383 4194 ὄρει
2415 4123 2638 4193 Μωσῆς
2664 4126 2762 4176 καὶ
2811 4121 3058 4190 Ἀαρὼν,
3093 4119 3187 4173 καὶ
3221 4119 3288 4171 τὰ
3311 4119 3450 4184 ἑξῆς.
3477 4113 3619 4170 Εἶτα·

2073 4223 2183 4278 Καὶ
2199 4219 2363 4274 εἶδον
2387 4221 2491 4272 τὸν
2515 4218 2703 4271 τόπον
2729 4213 2800 4272 οὗ
2821 4214 3089 4284 εἱστήκει
3119 4219 3153 4269 ὁ
3187 4215 3334 4279 Θεὸς
3378 4209 3616 4279 Ἰσραὴλ,

2071 4320 2170 4372 καὶ
2214 4317 2284 4368 τὰ
2343 4313 2462 4369 ὑπὸ
2531 4311 2675 4375 τοὺς
2724 4308 2914 4373 πόδας
2965 4306 3176 4370 αὑτοῦ,
3233 4305 3435 4373 ὥσπερ
3467 4304 3622 4371 ἔργον

2073 4411 2333 4465 πλίνθου
2365 4402 2730 4472 σαπφείρου.
2762 4401 2956 4468 Ἃγιον
2985 4400 3041 4452 δὲ
3063 4398 3246 4452 νοοῦσι
3276 4399 3370 4451 τὸν
3398 4394 3616 4466 οὐρανόν.

372 4494 644 4567 profundo
678 4494 845 4548 maris
867 4494 1224 4564 sanguinum.
1256 4493 1381 4552 Rivi
1403 4500 1551 4553 enim
1583 4503 1920 4572 sanguiuum
1966 4521 2102 4564 tunc
2149 4501 2509 4562 inundarunt,
2557 4497 2626 4552 iis
2661 4496 2968 4551 interfectis
3017 4495 3111 4564 qui
3182 4509 3307 4548 cum
3375 4496 3449 4560 0g
3513 4501 3618 4557 τίέθ

371 4597 550 4655 erant,
588 4597 648 4642 ut
672 4603 766 4655 pes
817 4595 969 4656 tuus,
1007 4602 1040 4643 ο
1069 4587 1314 4656 Hebr-aee,
1349 4591 1652 4664 intiugatur
1682 4597 1735 4650 in
1765 4597 2141 4669 jugulatorum
2223 4593 2509 4651 hominum
2577 4590 2867 4660 sanguine,
2941 4597 2996 4642 et
3044 4588 3164 4657 ipsa
3228 4587 3393 4641 etiam
3459 4584 3616 4651 lingua

373 4697 574 4740 canum
633 4693 853 4737 tuorum
909 4696 977 4738 ex
1027 4682 1224 4738 eodem
1274 4683 1626 4742 inimicorum
1680 4693 1953 4762 sanguine
2038 4708 2139 4766 per
2207 4691 2385 4762 ipsum
2434 4686 2608 4741 Deum
2660 4684 2986 4754 intingatur.
3035 4683 3240 4738 Itinera
3293 4690 3471 4737 autem
3508 4690 3613 4732 esse

373 4775 568 4831 dicunt
589 4773 685 4830 Dei
716 4773 855 4838 vias,
883 4773 989 4828 hoc
1011 4782 1118 4843 est,
1145 4773 1239 4830 Dei
1261 4778 1490 4849 vestigia
1517 4779 1648 4834 olim
1681 4783 1735 4836 in
1762 4795 1946 4840 monte
1988 4783 2145 4840 Sina.
2181 4779 2427 4835 Ascendit
2462 4777 2633 4839 enim,
2664 4777 2869 4846 inquit,
2932 4775 2989 4828 in
3042 4783 3218 4828 monte
3303 4773 3505 4842 Moyses
3570 4776 3614 4819 ιι

375 4884 559 4931 Aaron
582 4872 649 4934 ⁸⁸.
684 4879 738 4926 et
786 4885 908 4940 qua:
955 4880 1288 4940 sequuntur.
1329 4875 1393 4930 Et
1420 4878 1592 4945 paulo
1645 4889 1769 4948 post
1805 4901 1818 4936 :
1862 4881 1929 4935 Et
1967 4882 2210 4937 viderunt
2237 4880 2412 4933 locum
2436 4876 2528 4930 ubi
2556 4883 2780 4929 steterat
2810 4873 2956 4928 Deus
2997 4871 3191 4936 Israel,
3251 4881 3302 4925 et
3372 4885 3484 4940 qua:
3537 4869 3614 4918 ενι

367 4970 588 5054 pedibus
630 4976 754 5042 ejus
799 4979 931 5035 aptis
976 4964 1176 5035 lapidis
1223 4967 1484 5036 sappltiri.
1529 4969 1630 5026 Per
1688 4987 1942 5030 sanctum
1986 4990 2114 5030 vero
2143 4974 2326 5043 ipsum
2360 4969 2676 5038 intelligunt
2703 4966 2926 5021 calum.

443 5050 748 5134 Sequitur:
796 5059 1176 5134 Prwvenerunt
1223 5060 1498 5130 populum,
1536 5063 1711 5131 ipsius
1758 5068 1953 5135 populi

2135 5061 2267 5116 Εἶτα
2320 5059 2710 5129 Προσέλαόον
2747 5056 2854 5111 τὸν
2886 5055 3044 5110 λαὸν
3073 5056 3125 5107 oi
3165 5055 3425 5125 ἄρχοντες
3448 5048 3611 5110 αὐτοὶ,

369 5155 674 5227 principes.
725 5151 876 5214 Inter
905 5151 1220 5209 canendum
1257 5154 1460 5210 etenim
1494 5154 1626 5220 Deo,
1657 5166 1824 5227 atque
1871 5157 1956 5211 in-

2073 5161 2125 5212 ἐν
2147 5157 2226 5229 τῷ
2251 5157 2402 5229 ᾅδειν
2433 5155 2529 5209 καὶ
2561 5151 2791 5224 ψάλλειν
2823 5150 2902 5214 τῷ
2932 5147 3055 5220 Θεῷ
3074 5188 3089 5212 ,
3121 5148 3306 5217 ἔγγιον
3365 5145 3610 5214 ἱστάμενοι

369 5253 454 5298 ter
502 5243 876 5310 psallendum,
957 5241 1257 5297 astiterunt
1309 5243 1542 5316 propius
1599 5245 1949 5316 psallentium

2073 5249 2170 5303 τῶν
2208 5245 2584 5320 χοροψαλτῶν,
2614 5247 2673 5299 ἐν
2702 5245 2852 5314 μέσῳ
2868 5241 3128 5297 νεανίδων
3165 5236 3606 5312 τυμπανιστριιῖη.

367 5339 563 5402 choro,
629 5338 685 5392 in
722 5337 902 5392 medio
944 5336 1369 5406 juveneularum
1413 5340 1948 5410 tympanistriarum,

2073 5343 2300 5412 Λέγουσι
2350 5342 2408 5395 δὲ
2449 5342 2520 5393 τὰ
2561 5339 2703 5408 μετὰ
2761 5338 2862 5409 τὴν
2909 5335 3180 5407 Ἐρυθρὰν
3212 5334 3496 5395 θάλασσαν,
3537 5327 3606 5380 ὅτι

324 5506 336 5516 ⁸
364 5437 421 5484 et
449 5431 723 5491 accidisse
763 5428 882 5483 haec
913 5428 1246 5500 intelligunt,
1278 5437 1404 5502 post
1447 5432 1742 5488 transitum
1773 5433 1948 5488 maris

2073 5435 2315 5507 νιαριὰμ,
2339 5436 2374 5507 ἡ
2397 5432 2488 5487 τοῦ
2525 5431 2736 5503 Ἀαρὼν
2757 5429 3200 5501 “excipiat”;
3225 5427 3334 5482 τῶν
3357 5421 3602 5482 νιανεδων.

473 5612 520 5642 ⁸⁸
547 5607 720 5663 Exod.
768 5624 914 5672 ultr,
943 5607 1002 5662 9.

1693 5697 1893 5761 Varia
1922 5696 2256 5764 lectiones.

438 5805 552 5879 (47)
582 5807 665 5860 An
694 5820 803 5860 non
841 5805 1020 5875 potius
1051 5802 1314 5874 έχουσινῖ
