3834 6596
407 511 509 578 691

1616 513 1934 576 EUTHYM
1944 514 2002 574 II
2031 514 2205 576 ZIGA
2214 516 2396 577 BEN]
3567 524 3657 590 692

409 633 518 687 tas,
550 637 812 693 aquarum
846 622 1043 688 instar,
1078 622 1337 679 facillime
1364 638 1561 681 omnes
1596 623 1851 688 suﬂ‘ocat,
1887 623 1983 694 qui

2109 625 2161 678 se
2209 622 2403 693 ὕδατα,
2452 625 2853 698 περιγενόμενα
2882 625 2976 680 τοῦ
3022 626 3293 699 σώματος,
3341 630 3548 702 ἥψαντο
3580 628 3657 692 καὶ

411 716 467 769 in
499 729 617 770 eam
650 713 967 770 inciderint.
998 713 1327 785 Huiusmodi
1361 730 1540 787 aqum,
1577 718 1778 789 inquit,
1813 726 1987 773 totum

410 822 498 861 me
529 806 878 875 obtexerunt,
919 817 973 863 et
1002 807 1071 863 ad
1107 808 1282 879 ipsam
1314 825 1487 881 usque
1515 810 1756 866 animam
1790 826 1988 881 perve-

406 908 651 955 nerunt:
688 913 799 969 quo
823 914 1083 956 sermone
1106 900 1317 957 doloris
1350 902 1436 958 sui
1462 902 1863 959 vehementiam
1895 902 1993 955 de-

407 1000 702 1046 monstrat.
1808 1008 1813 1017 “

482 1080 645 1137 Vens.
688 1082 739 1135 5.
783 1080 998 1151 Ιηβειιε
1032 1097 1148 1136 sum
1175 1083 1230 1136 in
1260 1080 1386 1135 limo
1407 1081 1682 1151 profundi,
1706 1091 1885 1136 etnon
1908 1094 1989 1135 est

402 1175 770 1230 subsistentia.
802 1175 1066 1242 Quaedam
1099 1176 1429 1246 exemplaria
1465 1176 1668 1231 habent
1698 1194 1713 1230 :
1772 1174 1986 1245 Inﬁxus

400 1283 517 1321 sum
550 1269 604 1321 in
628 1271 876 1323 materia.
902 1266 923 1340 [
945 1268 1147 1323 Graeca:
1169 1270 1314 1323 enim
1336 1269 1607 1324 dictiones
1638 1269 1752 1331 ἰλὺς
1775 1277 1830 1323 et.
1858 1268 1984 1338 ὕλη,

402 1375 636 1429 quarum
676 1360 828 1431 prior
877 1361 1086 1424 limum,
1142 1361 1314 1416 altera
1349 1362 1636 1415 materiam
1687 1360 1983 1431 signiﬁcat,

401 1451 616 1508 modica
648 1463 703 1509 et
738 1453 1052 1508 litterarum
1102 1463 1156 1509 et
1201 1469 1395 1509 vocum
1435 1448 1747 1509 differentia
1781 1453 1983 1508 distiu-

401 1552 669 1613 guuntur.
717 1543 991 1613 Quocirca
1027 1546 1364 1614 scriptorum
1420 1548 1551 1601 vitio
1603 1546 1765 1601 facile
1810 1545 1986 1600 intro-

399 1635 565 1692 ducta
611 1648 696 1694 est
750 1639 999 1694 lectionis
1075 1638 1362 1712 varietas.]
1431 1637 1633 1694 Verum
1712 1648 1991 1709 utcunque

2096 718 2273 788 αὐτῆς
2309 721 2409 791 τῆς
2437 720 2616 791 ψυχῆς
2657 737 2780 790 μου.
2833 716 3126 791 Ἐμφαίνει
3160 721 3218 775 δὲ
3250 723 3340 779 διὰ
3368 726 3655 801 τούτουτὴν

2096 812 2436 885 σφοδρότητα
2467 814 2568 883 τῆς
2595 812 2911 884 ἀλγηδόνος.

2177 1078 2518 1148 Ἐνεπάγην
2546 1080 2635 1145 εις
2657 1080 2798 1134 ἰλὺν
2823 1080 3043 1146 βυθοῦ,
3078 1082 3177 1135 καὶ
3196 1084 3309 1137 οὐκ
3332 1083 3502 1138 ἔστιν
3526 1087 3656 1139 ὑπό·

2089 1185 2329 1238 στασις.
2380 1173 2515 1227 Τινὰ
2554 1174 2665 1227 τῶν
2725 1174 3076 1251 ἀντιγράφων
3146 1175 3314 1244 ὕλην
3349 1176 3653 1245 γράφουσιν.

2095 1268 2255 1321 Ἐστι
2282 1269 2340 1321 δὲ
2376 1269 2469 1322 καὶ
2499 1270 2660 1322 τοῦτο
2694 1271 2921 1325 κάκεῖνο
2949 1272 2982 1340 ἡ
3020 1272 3351 1341 ὑποστάθμη
3384 1272 3475 1324 τοῦ
3507 1274 3560 1325 ἐν
3590 1273 3653 1343 τῷ

2094 1360 2241 1431 βυθῷ
2311 1361 2523 1424 ὓδατος.
2590 1362 2978 1432 Μεταφορικὸς
3028 1364 3084 1416 δὲ
3139 1366 3167 1417 ὀ
3216 1364 3420 1430 λόγος’
3479 1366 3523 1416 οἱ
3562 1364 3654 1434 γὰρ

2092 1453 2510 1524 ὲμπηγνύμενοι
2534 1457 2598 1526 τῇ
2633 1455 2860 1526 τοιαύτῃ
2889 1456 3215 1528 ὑποστάθμῃ
3242 1457 3341 1526 οὐχ
3395 1455 3646 1523 εὑρίσκον-

2098 1563 2186 1599 σιν
2224 1545 2553 1612 ὑπόστασιν,
2605 1547 2784 1601 εττουν
2827 1548 3138 1619 ἐδραῐωσιν,
3173 1550 3261 1602 ἀεὶ
3318 1540 3657 1621 συνιζανούσῃ

2097 1639 2185 1692 διὰ
2215 1639 2276 1692 τὸ
2298 1640 2496 1711 τέλμα.

399 1730 574 1801 legas,
608 1732 796 1789 fascem
847 1734 996 1789 illam
1030 1731 1304 1804 Propheta
1342 1733 1718 1805 metaphorice
1765 1732 2079 1804 signiﬁcare
2123 1734 2317 1799 voluit,
2369 1750 2491 1805 qua!
2558 1735 2662 1791 sub
2739 1732 3016 1803 profundo
3076 1749 3231 1804 aquze
3301 1749 3426 1788 esse
3509 1733 3652 1787 solet.

399 1827 506 1891 Qui
539 1826 705 1897 igitur
743 1828 797 1883 in
830 1828 1150 1899 huiusmodi
1188 1826 1317 1883 faece
1356 1825 1509 1881 infixi
1595 1834 1742 1890 sunt,
1793 1826 2236 1893 subsistentiam,
2289 1827 2395 1883 hoc
2445 1837 2550 1891 est,
2617 1827 2969 1883 stabilitatem
3060 1827 3267 1882 nullam
3360 1828 3650 1894 inveniunt,

403 1923 520 1991 ipsa
555 1922 814 1977 nimirum
850 1923 1006 1987 faece,
1061 1922 1134 1977 ob
1162 1936 1443 1979 caenosam
1478 1937 1543 1977 ac
1576 1920 1781 1975 fluxam
1834 1921 1982 1975 illam
2024 1923 2337 1988 materiam,
2369 1937 2586 1992 semper
2620 1921 2796 1992 magis
2829 1921 2972 1975 infra
3020 1937 3077 1974 se
3104 1919 3458 1976 considente.

485 2016 614 2071 Veni
665 2017 721 2070 in
766 2015 1035 2087 profunda
1074 2017 1265 2078 maris,
1310 2024 1361 2070 et
1426 2024 1711 2084 tempestas
1738 2016 1989 2071 demersit
2020 2026 2065 2081 Β

402 2124 503 2161 me.
531 2105 626 2162 His
650 2106 826 2161 tribus
841 2108 1109 2175 proximis
1125 2106 1417 2162 versiculis
1435 2106 1685 2161 eamdem
1708 2106 1990 2178 Propheta

403 2199 610 2270 ubique
632 2200 830 2269 repetit
856 2199 1212 2261 sententiam,
1235 2197 1632 2266 multiplicibus
1666 2198 1989 2267 absorptum

399 2309 460 2350 se
481 2309 605 2351 esse
624 2309 881 2349 asserens
905 2293 1333 2359 calamitatibus,
1354 2306 1493 2363 quas
1523 2290 1685 2346 variis
1713 2291 1994 2360 explicare

397 2394 637 2439 conatur
693 2384 1048 2439 nominibus:
1101 2399 1275 2454 aquas
1344 2382 1521 2450 primo
1560 2397 1656 2438 eas
1687 2382 1992 2452 appellans,

396 2493 464 2532 vo
509 2479 655 2549 quod
706 2479 912 2549 impetu
967 2481 1203 2548 quodam
1230 2492 1387 2547 aquae
1440 2478 1616 2532 instar
1655 2474 1902 2531 deﬂuunt
1940 2483 1995 2529 et

397 2569 711 2635 suﬂocant;
764 2570 963 2625 deinde
991 2570 1205 2634 Llimum
1235 2568 1513 2638 profundi,
1544 2578 1766 2639 propter
1801 2566 1989 2622 infini-

2163 2012 2400 2071 Ἦλθον
2430 2022 2519 2080 εἰς
2552 2014 2625 2070 τὰ
2647 2017 2813 2084 ,ϐάθη
2839 2014 2949 2084 τῆς
2975 2014 3319 2082 θαλάσσης.
3348 2014 3443 2067 ναὶ
3474 2028 3657 2067 natur

2093 2108 2188 2178 τὶς
2216 2092 2623 2166 κατεπόντισέ
2659 2128 2757 2181 με.
2790 2113 2855 2165 Οἱ
2898 2113 3050 2181 τρεῖς
3093 2104 3237 2165 οὗτοι
3268 2108 3439 2179 στίχοι
3461 2108 3520 2163 τό
3543 2110 3658 2162 αὖτδ

2094 2202 2347 2271 λέγουσιν
2375 2219 2391 2234 ’
2442 2207 2524 2258 ὅτι
2558 2203 3014 2274 Κατεποντισθην
3066 2200 3170 2255 ὑπὸ
3217 2201 3328 2257 τῶν
3360 2200 3655 2270 συμφορῶν,

2093 2290 2159 2352 ἃς
2189 2293 2459 2364 διαφόρως
2496 2295 2792 2364 ὠνόμασαν
2823 2312 2838 2327 ν
2882 2295 3049 2347 ὕδατα
3081 2293 3200 2363 μὲν,
3227 2291 3317 2347 διὰ
3342 2292 3403 2346 τὸ
3432 2294 3658 2362 ὲπιρρεῑν

2096 2383 2190 2435 καὶ
2218 2383 2543 2448 ἀποπνίγειν
2576 2386 2691 2441 ἰλὺν
2723 2386 2911 2457 βυθοῦ,
2937 2385 3026 2440 διὰ
3055 2384 3116 2437 τὸ
3144 2384 3451 2454 ἀπέραντον
3476 2398 3491 2412 ’
3521 2380 3649 2451 βάθη

2094 2475 2150 2530 δὲ
2172 2477 2474 2547 Θαλάσσης,
2505 2481 2594 2534 διὰ
2623 2481 2684 2535 τὸ
2711 2481 2915 2551 πλῆθος
2942 2478 3042 2533 καὶ
3070 2478 3168 2550 τὴν
3197 2476 3445 2548 πικρίαν.
3467 2475 3658 2528 Καταιο

2098 2568 2226 2635 γίδα
2252 2570 2310 2624 δὲ
2343 2572 2502 2626 καλεῖ
2545 2572 2644 2643 τὴν
2669 2574 2879 2628 τούτων
2909 2571 3318 2647 σφοδρότητα.-

402 2670 600 2728 tatem;
642 2672 698 2717 et
728 2663 891 2717 tertio
923 2661 1195 2731 profunda
1226 2662 1417 2726 maris,
1449 2661 1521 2715 ob
1541 2660 1755 2729 ecpiam
1779 2671 1944 2729 atque
1969 2663 2393 2720 amaritudinem
2431 2680 2736 2736 aquarum;
2777 2675 3061 2737 postremo
3096 2667 3261 2721 etiam
3297 2672 3657 2737 tempestatem

396 2754 469 2809 ob
493 2767 765 2807 summam
795 2751 1108 2822 huiusmodi
1138 2751 1516 2805 calamitatum
1555 2750 1982 2807 vehementiam.

473 2841 637 2896 νειμ.
689 2842 745 2896 4.
797 2840 1062 2896 Laboravt‘
1115 2841 1380 2900 clamans.
1437 2842 1702 2898 Clamaus
1770 2842 1987 2898 scilicet

398 2935 465 2990 ad
498 2945 575 2991 te.

467 3028 664 3082 Rauca!
693 3027 852 3098 facta:
881 3037 1001 3081 sunt
1032 3025 1214 3097 fauces
1245 3042 1395 3081 meae.
1426 3026 1662 3083 Assidue
1694 3036 1858 3097 atque
1883 3026 1969 3083 in-

396 3128 557 3176 tenso
600 3121 842 3176 clamore
864 3120 1096 3176 eli‘ectus
1127 3135 1251 3175 sum
1283 3134 1510 3175 raucus.

470 3211 783 3282 Defecerunt
812 3212 953 3267 oculi
979 3214 1101 3267 mei.
1135 3212 1369 3282 Fatigati
1403 3211 1661 3267 nimirqu
1726 3226 1792 3267 ac
1821 3212 1980 3268 debi-

394 3309 477 3363 les
509 3306 686 3362 effecti
718 3307 848 3361 dum
892 3306 1085 3360 intenti
1115 3313 1169 3360 te
1202 3305 1512 3359 intuentur.

464 3399 604 3454 Dum
642 3415 795 3469 sper.)
855 3401 908 3452 in
969 3398 1140 3453 Deum
1181 3414 1376 3452 meum.
1433 3397 1548 3453 Hoc
1597 3398 1729 3452 mihi
1780 3396 1984 3453 accidit

2169 2844 2505 2899 Ἐκοπίασα
2538 2842 2787 2912 κράζων.
2811 2844 2955 2912 Πρὸς
2992 2842 3075 2899 σέ.

2170 3023 2607 3092 Ἐϐραγχίασεν
2639 3026 2671 3078 ὁ
2703 3022 2942 3093 λάρυγξ
2970 3042 3117 3094 μου.
3155 3002 3288 3078 δΔπδ
3308 3023 3404 3077 τοῦ
3432 3020 3658 3093 συνεχῶς

2085 3117 2178 3168 καὶ
2212 3116 2628 3186 ἐπιτεταμένως
2664 3114 2917 3186 κράζειν.

2173 3207 2493 3272 Ἐξέλὶπον
2515 3211 2569 3264 οι
2593 3209 2890 3279 ὀφθαλμοί
2898 3226 3039 3279 μου.
3061 3210 3658 3283 Ἀπέκαμον,ἠτόνησαν

2092 3297 2294 3361 ἀτενῶς
2318 3299 2399 3361 εἰς
2430 3300 2492 3352 σὲ
2516 3300 2854 3371 ἀφορῶντες.

2175 3389 2320 3444 Ἀπό
2351 3392 2459 3444 τοῦ
2486 3391 2743 3453 ἐλπίζειν
2769 3409 2847 3461 με
2881 3394 3106 3449 ἐπὶτὸν
3144 3395 3294 3449 Θεόν
3313 3412 3457 3462 μου.
3500 3393 3655 3448 Τοῦτο

392 3497 524 3565 quia
549 3496 604 3550 in
637 3506 690 3551 te
716 3501 933 3551 tantum
969 3509 1154 3564 spero.
1187 3494 1233 3549 Α
1262 3501 1315 3548 te
1353 3493 1702 3548 solummodo
1733 3509 1891 3562 opem
1929 3499 1983 3548 et

2109 3484 2143 3536 ῑὲ
2179 3482 2516 3537 πεπόνθασιν
2552 3483 2639 3538 διὰ
2662 3485 2723 3539 τὸ
2762 3486 3006 3550 ἐλπίζειν
3041 3504 3107 3557 με
3136 3488 3231 3542 ἐπὶ
3262 3488 3321 3541 οὲ
3365 3488 3540 3557 μόνον,
3570 3486 3657 3537 καὶ

393 3603 563 3658 posco
595 3596 651 3643 et
682 3596 945 3658 exspecto
966 3628 980 3651 ,
1019 3595 1184 3655 atque
1221 3585 1344 3639 ideo
1374 3585 1619 3641 intentus
1652 3592 1705 3639 te
1733 3584 1976 3639 intueor.

464 3765 635 3824 Vens.
665 3767 719 3821 5.
757 3765 1107 3833 Multiplicati
1139 3773 1265 3821 sunt
1310 3781 1468 3833 super
1500 3764 1727 3832 capillus
1783 3764 1976 3831 capitis

391 3863 496 3917 mei
519 3863 607 3931 qui
626 3863 863 3915 oderunt
883 3878 962 3916 me
985 3861 1154 3930 gratis
1196 3875 1215 3913 :
1246 3859 1580 3912 incaluerant
1618 3858 1821 3912 inimici
1850 3859 1976 3921 mei,

390 3955 482 4026 qui
511 3963 900 4023 persequuntur
930 3969 1010 4007 me
1047 3951 1263 4021 injuste.
1301 3950 1366 4005 Et
1394 3951 1574 4016 multi,
1608 3951 1806 4020 inquit,
1846 3961 1978 4005 sunt

391 4057 448 4103 et
478 4054 754 4117 potentes,
786 4046 880 4113 qui
917 4051 1331 4116 persequuntur
1360 4058 1448 4099 me
1482 4082 1497 4107 ,
1554 4051 1621 4097 et;
1654 4043 1774 4096 sine
1808 4055 1976 4096 causa

391 4142 770 4195 oderunttue.

465 4226 597 4297 Quae
651 4245 752 4282 non
782 4228 971 4299 'rapui,
1008 4237 1131 4282 tunc
1188 4225 1542 4281 exsolvebam.
1577 4222 1979 4293 Metaphoricns

390 4332 481 4378 est
517 4337 699 4378 sermo
730 4362 745 4388 ,
774 4319 1099 4391 desumptus
1134 4321 1205 4375 ab
1234 4320 1301 4374 iis
1330 4320 1419 4389 qui
1463 4334 1527 4372 ea
1579 4317 1815 4373 reddunt
1858 4330 1979 4386 quae

391 4430 676 4487 nunquam
710 4415 1080 4469 abstulerunt.
1119 4413 1185 4467 Et
1211 4427 1409 4468 sensus
1447 4419 1533 4467 est
1558 4452 1573 4476 ,
1603 4409 1749 4481 quod
1781 4424 1973 4464 earum

392 4523 577 4562 rerum
609 4521 777 4562 causa
808 4522 869 4562 se
899 4520 1088 4575 pmuas
1125 4505 1256 4560 dare
1303 4504 1458 4569 dicit,
1488 4518 1587 4572 pro
1626 4501 1828 4571 quibus
1855 4501 1975 4570 ipse

2091 3575 2243 3646 παρὰ
2301 3575 2395 3628 σοῦ
2447 3576 2615 3644 μόνου
2664 3577 2971 3648 προσδοκᾷν
3018 3577 3298 3649 βοήθειαν,
3333 3582 3429 3633 καὶ
3477 3578 3654 3631 τούτου

2089 3668 2277 3723 ἕνεκεν
2308 3668 2484 3734 οὕτως
2517 3671 2721 3736 ἀτενῶς
2747 3672 2957 3742 ἀφορῶ.

2173 3762 2678 3831 Ἐπληθύνθησαν
2704 3766 2855 3833 ὑπὲρ
2887 3769 2993 3834 τὰς
3029 3767 3240 3837 τρίχας
3263 3767 3376 3836 τῆς
3400 3765 3658 3836 κεφαλῆς

2081 3873 2201 3923 μου
2229 3860 2284 3910 oi
2308 3860 2640 3925 μισοῦντές
2658 3878 2736 3926 με
2769 3860 2998 3930 δωρεάν
3024 3879 3037 3891 ⁸
3077 3863 3567 3930 ἐκραταιώθησαν
3608 3860 3656 3913 οι

2080 3946 2286 4014 ἐχθροί
2300 3966 2441 4016 μου,
2477 3954 2534 4004 οἱ
2561 3951 2951 4020 ἐκδιώκοντές
2973 3972 3050 4023 με
3074 3955 3322 4021 ἀδίκως.
3349 3956 3456 4009 Καὶ
3485 3952 3655 4007 πολλοί

2080 4040 2210 4105 εἱσι,
2229 4040 2324 4094 καὶ
2347 4042 2599 4111 κραταιοί
2617 4062 2629 4074 ·
2651 4046 2700 4099 οἱ
2735 4046 3090 4110 ὲκδιὼκοντες
3110 4048 3189 4113 δὲ,
3216 4051 3339 4102 ἀντὶ
3357 4047 3472 4111 τοῦ,
3492 4062 3654 4107 κατα·

2081 4131 2392 4198 διώκοντες,
2441 4136 2642 4195 εῐτουν.
2674 4137 2964 4205 μισοῦντες
2996 4140 3277 4203 ἀναιτίως.

2161 4226 2233 4280 Ἀ
2262 4227 2375 4296 οὐχ
2411 4227 2699 4298 ἥρπαζον,
2722 4232 2855 4286 τότε
2871 4232 3260 4288 ἀπετίννυον.
3283 4231 3656 4304 Μεταφορικδς

2094 4319 2195 4389 μὲν
2223 4321 2251 4373 ὁ
2280 4319 2437 4387 λόγος
2461 4322 2569 4374 ἀπὸ
2596 4321 2728 4387 τῶν,
2759 4322 2794 4378 ἃ
2823 4324 2922 4394 οὐχ
2952 4326 3231 4397 ἥρπασαν,
3281 4327 3653 4380 ἀποδιδόντων.

2102 4410 2392 4480 Ἐμφαίνει
2456 4411 2516 4465 δὲ
2567 4412 2651 4465 ὅτι
2696 4413 2833 4483 Περὶ
2871 4408 2947 4468 ὧν
2987 4415 3089 4470 οὐκ
3140 4416 3401 4488 ἠδίκησα,
3458 4416 3655 4470 τούτων

2084 4501 2373 4557 ἀπεδίδουν
2404 4502 2563 4567 δίκας
2593 4505 2740 4569 τότε,
2775 4506 2938 4559 ὁπότε
2973 4510 3329 4579 ἁπαιτούμην
3360 4511 3545 4573 αὐτάς.

338 4594 363 4609 ’
392 4599 700 4655 molestiam
734 4598 897 4653 alicui
945 4598 1185 4667 aliquam
1238 4611 1519 4666 nunquam
1570 4595 1852 4649 intulerat.
1910 4591 1977 4647 Et
2014 4597 2157 4663 quod
2198 4596 2274 4649 ait
2308 4613 2321 4649 :
2360 4595 2506 4651 Tunc
2528 4598 2882 4665 exsoluebam,
2920 4599 2985 4653 ad
3023 4600 3157 4655 illud
3243 4610 3451 4671 tempus
3514 4600 3656 4657 refc-

391 4691 621 4746 rendum
645 4702 750 4754 est,
786 4694 1011 4760 quando
1039 4704 1214 4759 poenae
1244 4688 1563 4757 huiusmodi
1591 4687 1660 4741 ab
1695 4701 1762 4741 eo
1786 4685 2165 4756 exigebantur.

470 4789 633 4842 Vsus.
667 4785 720 4841 6.
766 4786 931 4855 Deus,
970 4795 1027 4841 tu
1072 4787 1213 4841 nosti
1259 4784 1620 4852 insipientiam
1680 4801 1875 4849 meam,
1924 4794 1973 4837 et
2008 4788 2051 4843 Β

388 4880 588 4936 delicta
623 4895 737 4932 mea
770 4895 802 4932 a
840 4888 889 4933 te
921 4895 1024 4932 non
1054 4890 1179 4932 sunt
1205 4877 1539 4932 abscondita.
1591 4875 1671 4930 Tu
1698 4918 1712 4943 ,
1751 4875 1930 4945 inquit
1960 4912 1976 4938 ,

390 4975 536 5028 nosti
574 4973 784 5036 omnia,
824 4983 880 5026 tu
933 4971 1306 5041 insipientiam
1351 4984 1528 5025 meam
1559 4968 1745 5024 cernis
1773 5009 1787 5033 ,
1824 4977 1879 5019 et
1931 4965 1976 5019 si

387 5065 519 5137 quid
545 5065 813 5121 adversus
842 5079 939 5119 eos
961 5070 1056 5119 aut
1082 5063 1460 5134 imprudenter
1483 5065 1590 5136 egi,
1615 5073 1711 5118 aut
1742 5059 1973 5130 deliqui,

391 5159 529 5215 nihil
553 5174 781 5229 prorsus
809 5165 864 5212 te
893 5156 1048 5210 latet.

458 5250 624 5306 Vsus.
658 5253 713 5307 τ.
749 5248 871 5305 Non
901 5248 1210 5304 erubescant
1245 5266 1403 5318 super
1437 5267 1517 5304 me
1540 5292 1554 5314 ,
1585 5252 1675 5319 qui
1708 5252 1972 5305 sustinent

383 5350 455 5407 te,
492 5342 740 5406 Domine,
779 5340 1006 5396 Domine
1054 5341 1335 5395 uirtutum.
1372 5338 1528 5407 Quod
1558 5340 1632 5393 ait
1666 5356 1832 5407 super
1863 5357 1974 5405 me,

384 5445 468 5490 est
499 5433 1207 5497 constructioindifferens,
1248 5450 1367 5502 pro,
1411 5436 1589 5487 inme.
1628 5431 1746 5487 Non
1774 5434 1974 5488 erube-

383 5533 544 5579 scant
583 5524 748 5596 igitur
785 5525 840 5578 in
884 5538 1008 5588 me,
1069 5523 1226 5594 quasi
1279 5524 1330 5577 id
1382 5523 1643 5577 auxilium
1697 5539 1805 5577 non
1865 5526 1968 5579 slm

2109 5524 2537 5595 ῖροσδοκωμένης
2570 5524 2678 5576 ἀπὸ
2722 5523 2814 5576 σοῦ
2847 5522 3101 5596 βοηθείας

2066 5617 2115 5666 οἱ
2146 5610 2536 5684 περιμένηντές
2560 5633 2638 5679 σε,
2669 5618 2961 5689 ἐπίκουρον
2991 5618 3225 5673 ἑαυτῶν.
3246 5618 3437 5689 Κύριον
3464 5615 3525 5668 δὲ
3550 5614 3660 5668 τῶν

379 5627 719 5670 consecutus
750 5614 893 5685 quod
935 5623 1044 5668 ate
1077 5616 1489 5684 exspectabam.
1544 5615 1664 5679 Illi,
1700 5615 1922 5680 inquam
1949 5656 1964 5678 ,

378 5722 490 5762 nun
533 5708 866 5763 erubescant
899 5709 954 5761 ln
987 5723 1093 5774 me,
1126 5709 1217 5777 qui
1250 5707 1527 5768 sustinent
1554 5748 1568 5771 ,
1601 5708 1704 5763 hoc
1732 5720 1838 5770 est,
1872 5707 1962 5777 qui

376 5807 702 5869 exspectant
736 5812 790 5855 te
817 5800 920 5856 sibi
969 5799 1279 5870 adiutorem
1335 5802 1607 5855 futurum.
1668 5799 1959 5855 Dominum

2169 4787 2232 4838 '0
2266 4786 2430 4852 Θεὸς,
2458 4789 2541 4842 σὺ
2560 4789 2746 4859 ἔγνως
2764 4789 2881 4858 τὴν
2907 4789 3269 4859 ἀφροσύνην
3293 4810 3408 4861 μου
3427 4805 3440 4816 ’
3473 4791 3571 4845 καὶ
3600 4792 3659 4845 αἱ

2082 4879 2490 4948 πλημμέλειαι
2515 4897 2635 4949 μου
2669 4881 2787 4935 ἀπὸ
2811 4881 2927 4935 σοῦ
2950 4884 3062 4935 οὐκ
3088 4882 3535 4949 ἀπεκρύσησαν.
3564 4882 3655 4945 Σὺ,

2081 4968 2272 5037 φησὶν,
2305 4971 2332 5022 ό
2362 4970 2545 5023 πάντα
2582 4969 2761 5034 εἰδὼς,
2787 4965 2932 5033 οἶδας
2961 4972 3060 5039 τὴν
3098 4972 3411 5042 ἀφροσύνην
3448 4989 3578 5042 μου,
3609 4970 3662 5023 εἴ

2075 5076 2127 5112 τι
2159 5061 2277 5114 κατ’
2308 5059 2490 5113 αὐτῶν
2540 5062 2949 5131 ἠφρονησάμην
2970 5078 2983 5091 ⁶
3008 5061 3100 5115 καὶ
3128 5063 3185 5115 εἴ
3210 5080 3265 5116 τι
3299 5065 3429 5134 πρὸς
3455 5063 3657 5125 αὐτοὺς

2077 5152 2509 5223 ἑπλημμὲλησα,
2544 5154 2605 5204 οὐ
2637 5152 2851 5205 διέλαΘέ
2880 5169 2962 5207 σε.

2152 5248 2247 5313 Μὴ
2312 5247 2796 5315 αἰσχυνθείησαν
2855 5246 2949 5299 ἐπ’
3025 5246 3136 5316 ἐμὲ
3198 5250 3255 5302 οἱ
3331 5246 3658 5316 ὑπομένον·

2078 5338 2176 5406 τές
2208 5356 2302 5404 σε,
2347 5341 2529 5407 Κύριε
2557 5338 2678 5393 τῶν
2723 5338 3057 5410 δυνάμεων.
3108 5341 3183 5394 Τὸ
3229 5341 3323 5394 ἐπ’
3367 5339 3462 5409 ἐμὲ
3498 5340 3655 5391 ἀδια-

2077 5432 2282 5500 φόρως,
2342 5433 2467 5486 ἀντῖ
2525 5431 2619 5483 τοῦ
2667 5433 2754 5485 ἐπ’
2799 5432 2945 5501 ἐμοί.
3019 5432 3512 5502 Ἀποτυγχάνοντες
3560 5429 3657 5498 τῆς

3156 5541 3168 5553 ·
3210 5524 3567 5594 ὑπομένοντες
3600 5521 3657 5573 δὲ

2075 5708 2361 5779 δυνάμεων
2417 5712 2581 5766 αὑτὸν
2631 5708 2810 5776 εἶπεν,
2861 5712 2937 5776 ὡς
2983 5712 3284 5782 δυνάμενον
3313 5708 3502 5773 σώζειν
3527 5709 3657 5771 τοὺς

2074 5801 2554 5875 ἐπικαλουμένους
2584 5805 2769 5859 αὐτόν.

374 5901 558 5946 autem
598 5893 861 5948 virtutum
914 5907 1013 5948 seu
1070 5894 1433 5964 potentiarum
1484 5909 1609 5949 eum
1653 5894 1981 5967 appellavit,
2027 5892 2194 5948 veluti
2244 5895 2336 5971 qui
2375 5898 2590 5954 salvare
2635 5914 2830 5956 omnes
2886 5909 3070 5971 potest
3133 5901 3225 5973 qui
3272 5899 3412 5956 illum
3493 5896 3657 5957 invo-

374 6002 525 6051 cant.
