3834 6608
214 501 319 566 τοι
1393 502 1790 591 οοιῳΕΝΤ.
1834 503 1918 564 IN
1954 502 2317 565 PSALMOS.
3384 504 3493 581 vos

215 617 477 690 corporis
506 631 727 673 sensum
760 617 945 673 omnia
979 616 1315 689 intelligunt,
1354 617 1710 673 oﬁ'endantur
1769 614 1872 681 hac
1910 615 2197 685 prophetia
2231 616 2316 687 (et
2360 618 2709 691 per-quirent,
2749 620 3028 688 quomodo
3072 622 3187 689 iam
3246 622 3362 679 haec
3432 623 3488 676 in

211 714 436 778 Christo
456 712 757 780 .adimpleta
790 712 936 782 sint)
971 722 1024 767 et
1072 712 1517 767 scandalizentur
1550 711 1840 767 credentes
1868 710 1982 765 haec
2022 710 2267 765 nondum
2327 710 2499 769 fuisse
2560 711 2873 783 adimpleta.
2941 700 3243 771 Illa'autem
3301 717 3490 796 verba,

211 805 330 876 ﬁat,
380 804 806 869 obtenebrentur,
865 810 919 857 et
957 804 1086 869 alia,
1139 819 1262 874 qua:
1316 812 1644 874 sequuntur,
1697 801 1913 856 tametsi
1965 815 2153 856 vocem
2214 803 2454 858 habeant
2508 803 2820 873 imperativi
2889 807 3060 869 modi,
3131 807 3237 862 hoc
3301 816 3486 862 tamen

210 903 333 956 loco
398 899 571 956 futuri
633 899 1093 970 signiﬁcationem
1162 900 1417 965 retinent,
1469 914 1592 970 pro,
1664 898 1775 964 ﬁet,
1810 896 2298 962 obscurabuntur,
2341 906 2399 953 et
2451 906 2669 954 caetera.
2730 898 3040 956 Praedicunt
3097 901 3242 956 enim
3305 903 3485 957 futura

208 994 369 1059 mala,
424 1010 549 1063 qua:
594 994 714 1048 illos
748 995 1213 1064 comprehensum
1262 1003 1442 1050 erant.
1480 993 1788 1050 Verisimile
1840 1000 1925 1048 est
1975 994 2139 1049 etiam
2204 994 2486 1050 Christum
2543 995 2624 1049 uti
2712 994 2883 1051 Deum
2934 997 3120 1053 omnia
3213 997 3486 1067 imperare

208 1104 326 1159 quae
364 1086 553 1142 futura
586 1096 740 1143 sunt.

273 1140 783 1246 έκοτισθήτωσαν
830 1183 887 1235 οι
920 1180 1219 1250 ὀφθαλμοὶ
1278 1181 1479 1236 αὐτῶν
1541 1180 1649 1234 τοῦ
1709 1179 1772 1247 ui

1967 1176 2130 1231 Vens.
2167 1174 2258 1229 24.
2303 1173 2727 1230 Obtenebrentur
2753 1176 2898 1230 oculi
2921 1189 3130 1236 eorum,
3164 1190 3228 1228 ne
3248 1172 3479 1228 videant.

200 1276 481 1341 βλέπειν.
513 1276 576 1327 Οἱ
604 1276 702 1345 τῆς
732 1274 913 1346 ψυχῆς
938 1291 956 1308 ·
985 1273 1174 1343 ἐπειδὴ
1209 1274 1310 1328 οὐκ
1335 1274 1608 1344 ἠθέλησαν
1663 1273 1791 1327 ἰδεῖν

203 1368 262 1419 τὸ
303 1368 449 1435 φῶς,
500 1364 561 1420 τὸ
590 1365 828 1434 φωτίζον
882 1366 1063 1420 πάντα
1112 1366 1427 1439 ἄνθρωπον,
1488 1367 1607 1421 οὐδὲ
1666 1364 1791 1419 θεά-

207 1458 401 1514 σασθαι
434 1458 526 1512 τὸν
558 1460 749 1512 ’Ἥλιον
769 1461 871 1530 τῆς
906 1458 1260 1529 δικαιοσύνης
1291 1473 1304 1488 ·
1326 1458 1661 1529 ,ὀφθαλμοὺς
1680 1457 1789 1529 γὰρ

206 1551 446 1621 ἔχοντες,
479 1551 581 1605 οὐκ
608 1552 858 1623 ἔϐλεπον,
883 1554 980 1606 καὶ
1013 1546 1129 1606 ὦτα
1166 1552 1400 1621 ἔχοντες,
1430 1552 1530 1607 οὐκ
1562 1552 1785 1623 ἤκουον’

205 1643 232 1696 ὃ
292 1643 386 1697 καὶ
452 1645 685 1709 Ἡσαΐας
736 1646 918 1715 αὐτοῖς
985 1646 1264 1713 ὠνείδισε,
1319 1646 1413 1701 καὶ
1465 1649 1494 1701 ὁ
1548 1646 1807 1718 Χριστὸς

207 1751 326 1788 υστε
336 1752 455 1805 ρον.

247 1912 376 1966 ιΚαὶ
420 1913 531 1968 τὸν
565 1915 761 1971 νῶτον
798 1917 899 1971 διὰ
951 1917 1180 1983 παντὸς
1224 1917 1611 1989 σύγκαμψον.
1654 1914 1787 1970 Ἀπὸ

205 2001 290 2054 τοῦ
317 2002 593 2073 ἑπομένου
615 2004 678 2057 τὸ
699 2006 1116 2078 προηγούμενον
1149 2005 1442 2077 ἐδήλωσεν.
1469 2007 1784 2061 Αἰνὶσσεται

203 2094 255 2146 δὲ
281 2094 496 2164 ὁλόγος
544 2098 648 2167 τὴν
676 2098 958 2153 δουλείαν
993 2099 1188 2154 ἕπεται
1237 2099 1343 2170 γὰρ
1389 2100 1503 2161 τοῖς
1560 2097 1782 2152 δουλεύω

202 2202 342 2241 ουσιν
400 2189 817 2257 ἐπικεκυφότας
866 2190 1140 2260 βαδίζειν
1192 2191 1354 2246 τοῦτο
1399 2192 1499 2262 μὲν
1549 2191 1788 2261 ἀχθοφο-

204 2280 466 2349 ροῦντας,
536 2284 703 2338 τοῦτο
742 2285 800 2338 δὲ
853 2285 1261 2357 βαρυνομένους
1322 2287 1448 2349 ταῖς
1513 2285 1781 2355 θλίψεσιν.

204 2372 336 2444 Ὅρα
360 2374 419 2428 δὲ
442 2376 543 2444 τὴν
575 2376 886 2448 ἀκρίϐειαν.
920 2377 1021 2431 Διὰ
1050 2379 1253 2443 παντὸς
1287 2380 1397 2448 γὰρ
1461 2374 1638 2444 εἶπεν,
1699 2380 1783 2432 ὅτι

201 2464 288 2535 οὐχ
309 2464 384 2527 ὼς
412 2466 675 2533 πολλάκις
696 2470 1078 2536 δουλωθέντες,
1113 2467 1232 2524 εἶτα
1273 2470 1780 2540 ἀπαλλαγήσονται,

204 2552 309 2611 ἀλλ’
339 2555 473 2628 ἄχρι
522 2558 625 2627 τῆς
654 2559 749 2614 τοῦ
799 2560 1007 2631 κόσμου
1061 2563 1375 2626 συντελείας
1428 2560 1777 2617 δουλεύσουσι

203 2650 327 2702 πᾶσι
347 2651 465 2712 τοῖς
488 2649 729 2707 ἔθνεσιν.

1900 1264 1976 1321 De
2009 1266 2206 1320 anima:
2236 1266 2412 1321 oculis
2439 1280 2620 1321 sermo
2650 1275 2754 1321 est.
2786 1266 3238 1322 Obteuebreutur
3269 1278 3481 1327 autem,

1894 1359 2024 1430 quia
2056 1358 2233 1412 lucem
2269 1357 2416 1412 illam
2449 1360 2634 1414 videre
2677 1360 2975 1414 noluerunt
3036 1374 3158 1429 qua:
3208 1357 3484 1412 illuminat

1894 1465 2112 1506 omnem
2142 1450 2463 1517 hominem;
2517 1461 2574 1506 et
2617 1452 2746 1523 quia
2804 1453 2989 1523 ipsum
3040 1452 3206 1522 etiam
3250 1449 3483 1519 iustitia:

1897 1543 2083 1599 Solem
2119 1544 2323 1599 intueri
2354 1544 2678 1599 noluerunt.
2712 1546 2916 1600 Oculos
2956 1546 3159 1600 etenim
3212 1545 3483 1599 habentes

1894 1651 2004 1691 non
2039 1636 2318 1704 viderunt,
2368 1645 2425 1692 et
2474 1637 2740 1692 habentes
2791 1652 2956 1691 aures
2996 1651 3103 1690 non
3158 1635 3478 1698 audierunt,

1892 1727 2057 1783 sicuti
2086 1734 2140 1785 et
2165 1730 2281 1799 ipse
2331 1728 2530 1795 Isaias,
2586 1740 2641 1785 et
2673 1729 2935 1785 Christus
2964 1728 3133 1783 etiam
3163 1728 3243 1783 eis
3271 1742 3477 1798 expro-

1894 1818 2100 1875 bravit.

1965 1913 2035 1967 Et
2078 1913 2297 1968 dorsum
2341 1929 2522 1968 eorum
2580 1929 2785 1982 semper
2828 1913 3066 1967 incurva.
3120 1912 3205 1966 Ab
3234 1926 3303 1967 eo
3329 1909 3477 1979 quod

1888 2006 2249 2076 consequitur
2271 2006 2551 2060 denotavit
2568 2004 2617 2059 id
2644 2004 2791 2075 quod
2822 2004 3109 2075 prascedit.
3131 2002 3247 2060 Hoc
3267 2004 3476 2058 etenim

1890 2112 2147 2154 sermone
2178 2098 2501 2153 servitutem
2534 2099 2713 2153 voluit
2746 2097 2906 2153 nobis
2936 2096 3215 2167 Propheta
3261 2096 3476 2165 signiﬁ-

1888 2206 2038 2246 care.
2073 2191 2211 2247 illud
2257 2187 2441 2247 autem
2483 2206 2581 2247 eos
2613 2206 2806 2247 omnes
2841 2201 2900 2245 ut
2935 2191 3235 2262 plurimum
3270 2204 3472 2244 cense-

1887 2287 2097 2356 quitur,
2138 2285 2231 2356 qui
2265 2285 2408 2340 servi
2445 2293 2598 2349 sunt,
2648 2292 2713 2355 ut
2770 2300 2939 2340 onere
2969 2292 3064 2339 aut
3111 2285 3223 2340 alio
3268 2283 3473 2339 laboris

1890 2389 1987 2430 seu
2029 2375 2363 2431 calamitatis
2391 2388 2590 2444 genere
2616 2375 2892 2446 Oppressi,
2940 2375 3152 2430 curvati
3186 2374 3468 2429 incedant.

1887 2465 2192 2524 Considera
2222 2466 2388 2521 etiam
2425 2474 2629 2536 quanta
2659 2480 2792 2521 cura
2827 2481 3139 2522 sermonem
3170 2480 3329 2522 suum
3366 2466 3468 2520 ad-

1890 2573 2083 2614 versus
2117 2572 2217 2615 eos
2249 2557 2590 2628 perstringat
2619 2556 2915 2627 Propheta,
2946 2556 3076 2611 dum
3099 2557 3212 2612 ait:
3249 2555 3471 2623 Semper

1882 2652 2150 2715 incurva;
2185 2665 2251 2706 ac
2281 2649 2331 2705 si
2384 2648 2593 2705 diceret
2630 2648 2779 2704 :Eos
2823 2649 3062 2720 amplius
3113 2663 3146 2702 a
3202 2649 3470 2719 servitute

203 2740 506 2799 liberandos
534 2760 644 2799 non
677 2760 819 2811 esse,
859 2749 1080 2803 tametsi
1132 2764 1511 2820 szepenumero
1538 2730 1591 2804 in
1625 2746 1963 2818 praeteritum
1988 2743 2195 2800 fuerint
2223 2741 2468 2809 liberati,
2495 2741 2593 2799 sed
2654 2741 2723 2797 ad
2783 2742 2964 2811 ipsum
3036 2757 3212 2812 usque
3272 2741 3471 2811 mundi

205 2836 372 2900 linem,
426 2837 484 2890 in
520 2826 851 2909 quacunque
869 2842 1021 2897 orbis
1053 2851 1207 2911 parte
1241 2844 1464 2912 fuerim,
1501 2844 1622 2900 aliis
1655 2839 1976 2897 nationibus
2010 2838 2337 2895 servituros.

268 2927 520 2995 Ἕκχεον
543 2930 880 2998 ἐπάὺτοὺς
920 2934 1037 3001 τὴν
1061 2932 1248 3004 ὀργήν
1270 2951 1409 2997 σου,
1447 2935 1545 2989 καὶ
1593 2937 1625 2989 ό
1673 2938 1775 2989 θυ-

204 3025 300 3088 μὸς
326 3023 439 3088 τῆς
455 3022 636 3091 ὀργῆς
663 3041 779 3079 σου
799 3026 1123 3080 καταλάϐοι
1148 3029 1389 3094 αὐτούς.
1410 3029 1484 3081 Τὸ
1508 3028 1640 3082 αὐτὸ
1681 3028 1775 3080 καὶ

205 3111 354 3181 ἄμφω
397 3116 561 3169 ταυτὶ
599 3115 670 3169 τὰ
702 3117 843 3186 ῥητὰ
871 3117 1094 3187 δηλοῦσι
1132 3136 1147 3149 ο
1177 3118 1320 3189 πλὴν
1354 3121 1441 3173 ὅτι.
1484 3120 1546 3173 τὸ
1593 3119 1775 3173 δεύτε-

208 3219 290 3272 ρον
314 3207 677 3277 σφοδρότερον
701 3208 796 3262 τοῦ
825 3210 1124 3279 προτέρου.

267 3299 583 3366 Γενηθήτω
608 3301 644 3365 ἡ
680 3300 940 3367 ἔπαυλις
980 3301 1184 3357 αὐτῶν
1206 3303 1565 3373 ἠρημωμένα]
1601 3320 1617 3333 '
1672 3304 1772 3360 καὶ

205 3387 401 3455 ἐντοῖς
441 3390 842 3460 σκηνώμασιν
871 3393 1174 3463 αὑτῶνμὴ
1205 3394 1363 3448 ἔστω
1387 3397 1420 3450 ό
1449 3393 1770 3450 κατοικῶν.

206 3480 459 3533 Ἐπαυλιν
514 3483 614 3551 μὲν
653 3483 853 3549 κοινῶς
912 3484 1060 3551 λέγει
1125 3486 1228 3555 τὴν
1269 3486 1425 3540 πόλιν
1500 3486 1774 3556 Ἰερουσα-

205 3567 319 3636 λὴμ,
351 3575 409 3624 ὲν
456 3565 719 3644 ᾖπὰντες
747 3574 798 3625 οἱ
851 3574 946 3628 τοῦ
990 3576 1245 3646 Σωτῆρος
1295 3579 1478 3646 φονεῖς
1522 3576 1770 3643 ηὑζίλον-

204 3675 275 3723 το,
331 3664 672 3732 σκηνώματα
740 3666 797 3718 δὲ
859 3666 1006 3729 ἰδίως
1081 3667 1179 3730 τὰς
1238 3669 1523 3731 κατοικίας
1568 3667 1767 3724 αὐτῶν.

207 3752 300 3805 Καὶ
326 3755 388 3824 δὴ
418 3755 564 3809 οὕτω
584 3756 758 3811 ταῦτα
806 3759 1054 3825 γέγονεν,
1104 3759 1201 3813 καὶ
1238 3760 1414 3825 οὐδεὶς
1479 3763 1538 3827 ἐξ
1586 3762 1768 3815 αὐτῶν

207 3845 511 3916 κατῴκησεν
565 3851 623 3900 ἐν
686 3849 917 3914 ταύταις
993 3853 1134 3920 μετὰ
1187 3852 1287 3924 τὴν
1355 3857 1418 3907 ἐκ
1477 3856 1770 3925 Ῥωμαίων

208 3937 574 4006 πανωλεθρίαν
593 3938 703 4006 τῶν
741 3939 1158 4012 Ἱεροσολύμων.
1194 3944 1381 3999 Ταῦτα
1403 3945 1461 3998 δὲ
1514 3946 1583 3999 τὰ
1630 3947 1773 4015 ῥητὰ

206 4023 393 4095 Πέτρος
422 4031 450 4080 ὁ
487 4030 787 4093 ἀπόστολος
816 4031 898 4095 εἰς
929 4032 1022 4085 τὸν
1051 4034 1319 4105 προδότην
1353 4037 1558 4091 Ἰούδαν
1584 4038 1771 4103 ἐξέλαο

206 4118 304 4185 ὗεν,
324 4121 397 4184 ὡς
432 4124 525 4174 καὶ
556 4124 723 4177 αὐτὸν
753 4125 853 4193 τῆς
897 4126 1117 4197 μερίδος
1161 4128 1291 4182 ὄντα
1318 4131 1425 4184 τῶν
1446 4130 1768 4186 οεοκτόνων.

267 4212 381 4266 Ὅτι
409 4213 483 4267 ὃν
508 4214 590 4268 σὺ
640 4216 967 4285 ἐπάταξας,
1010 4223 1200 4275 αὑτὸν
1250 4225 1640 4289 κατεδίωξαν.
1699 4227 1772 4281 Τὸ

204 4297 546 4370 Ἐπάταξας,
589 4305 730 4372 ἀντὶ,
758 4310 1082 4379 Καταγῆναι
1108 4314 1451 4384 παρέδωκας.
1486 4314 1639 4369 Οὕτω
1660 4317 1771 4386 γὰρ

204 4393 285 4442 καὶ
326 4396 599 4466 Ζαχαρίας
648 4393 804 4450 εἶπεν
839 4414 855 4430 ·
916 4403 1169 4464 Πατάξω
1215 4403 1324 4457 τὸν
1377 4405 1634 4476 ποιμένα
1670 4405 1770 4460 καὶ

204 4478 846 4557 διασκορπισθήσονται
872 4494 944 4547 τὰ
982 4495 1249 4563 πρόϐατα
1309 4493 1419 4563 τῆς
1466 4498 1725 4565 ποίμνης
1753 4515 1767 4527 '

204 4575 285 4625 καὶ
330 4577 558 4642 Ἡσαΐας
598 4597 613 4611 ”
639 4583 856 4651 Κύριος
896 4586 1241 4654 παρέδωκεν
1265 4588 1454 4642 αὐτὸν
1479 4588 1631 4658 ὑπὲρ
1651 4589 1769 4643 τῶν

204 4662 485 4732 ἁμαρτιῶν
515 4669 708 4738 ἡμῶν.
760 4674 981 4745 ’ἰδίωμα
1041 4678 1151 4747 γὰρ
1194 4677 1294 4746 τῆς
1368 4677 1652 4748 Ἐϐραῖδος
1705 4680 1769 4733 τὸ

203 4752 700 4833 τὴνπαραχώρησιν
746 4765 907 4837 ἔργον
950 4768 1262 4837 ὀνομάζειν,
1313 4770 1388 4834 ὠς
1440 4770 1536 4824 τοῦ
1592 4788 1769 4844 παρα-

205 4849 489 4934 χωροῦντος
515 4853 819 4933 δυναμένου
845 4860 1124 4925 κωλῦσαι,
1159 4863 1254 4916 καὶ⁵
1308 4863 1386 4934 μὴ
1440 4863 1765 4928 κωλύοντος.

204 4933 265 4987 Τὸ
291 4940 343 4993 δὲ
375 4945 764 5013 κατεδίωξαν,
794 4949 913 5002 ἀντὶ
938 4948 1054 5015 τοῦ,
1077 4952 1290 5024 Σφόδρα
1316 4933 1729 5026 ἐτιμωρήσαντο
1748 4973 1762 4989 ·

202 5026 239 5119 tl
281 5033 382 5102 γὰρ
441 5036 701 5105 πρόθεσις
747 5041 1056 5113 ἐμφαντική
1111 5044 1260 5097 ἐστιν
1313 5045 1660 5111 ὲπιτάσεως⁶
1696 5048 1755 5119 ἢ,

205 5114 541 5192 Κατέδραμον
570 5125 732 5196 ἄχρις
768 5128 835 5181 ἂν
854 5131 1177 5198 ἐφόνευσαν.

1800 3897 1842 3954 C

1951 2926 2117 2985 Vsus.
2153 2927 2244 2985 25.
2288 2928 2525 2999 E/funde
2553 2947 2715 3000 super
2745 2947 2832 2985 eos
2867 2930 3002 2985 iram
3034 2939 3208 2994 tuam,
3236 2938 3286 2985 et
3312 2931 3467 2999 furor

1878 3020 1977 3075 ira:
2024 3029 2130 3075 tua:
2180 3022 2592 3089 comprehendat
2623 3038 2733 3076 eos.
2773 3021 2951 3076 Unum
2986 3030 3154 3091 atque
3186 3021 3325 3076 idem
3378 3021 3464 3075 di.

1877 3120 2011 3167 cunt
2045 3111 2099 3165 hi
2129 3111 2238 3167 duo
2267 3111 2552 3177 versiculi,
2592 3128 2658 3166 eo
2692 3123 2942 3183 excepto,
2997 3112 3147 3184 quod
3178 3113 3460 3170 secundus

1876 3191 2273 3258 vehementiori
2315 3203 2490 3256 utitur
2517 3203 2774 3273 loquendi
2812 3204 2999 3259 modo.

1949 3291 2116 3347 Vens.
2159 3292 2249 3356 26,
2294 3290 2421 3346 Fiat
2446 3293 2710 3365 habitatio
2734 3310 2919 3348 eorum
2947 3294 3182 3358 deserta,
3209 3297 3261 3347 in
3283 3299 3464 3357 labere-

1878 3386 2087 3440 naculis
2119 3401 2304 3440 eorum
2359 3401 2465 3441 non
2515 3386 2608 3450 sit,
2656 3388 2747 3455 qui
2783 3387 3065 3442 inhabitet.
3111 3386 3217 3443 Per
3250 3388 3464 3449 habita-

1879 3478 2106 3540 tionem,
2142 3477 2455 3532 universam
2491 3479 2732 3548 appellat
2765 3477 3227 3551 Hierosolymam,
3264 3480 3320 3533 in
3344 3496 3458 3549 qua

1877 3587 2068 3627 omnes
2096 3571 2298 3627 Christi
2336 3570 2616 3626 occisores
2664 3571 3022 3637 habitabant;
3056 3588 3152 3641 per
3205 3572 3461 3626 taberna.

1877 3664 2000 3720 cula
2038 3677 2169 3716 vero
2212 3663 2462 3733 privatas
2489 3678 2682 3718 eorum
2708 3658 2909 3719 domos‘
2930 3663 3209 3733 intelligit.
3240 3663 3301 3716 Et
3325 3679 3460 3731 sane

1878 3756 1953 3811 ita
1981 3754 2235 3811 eﬁ'ectum
2270 3762 2375 3809 est.
2407 3753 2578 3810 Nemo
2599 3757 2741 3811 enim
2781 3756 2849 3810 in.
2872 3756 2953 3812 eis
2982 3758 3227 3831 amplius
3250 3756 3463 3810 habita-

1877 3849 1978 3911 vit,
2012 3859 2134 3917 post
2164 3847 2503 3905 eversionem
2556 3848 2705 3902 illam
2735 3863 2766 3903 a
2798 3847 3174 3903 Romanorum
3214 3848 3458 3902 exercitu

1877 3942 2103 3994 illatam.
2149 3939 2275 3994 Haec
2308 3948 2488 3996 autem
2524 3941 2691 3995 verba
2741 3941 3029 4011 apostolus
3077 3940 3273 3995 Petrus
3328 3955 3461 4010 pro-

1875 4031 2042 4088 ditori
2079 4031 2234 4089 Judae
2263 4031 2705 4089 accommodavit
2735 4043 2995 4104 tanquam
3027 4034 3119 4088 uni
3169 4049 3234 4090 ex
3270 4033 3336 4088 iis
3367 4034 3461 4103 qui

1875 4126 2153 4182 Christum
2189 4125 2533 4182 occiderunt.

1947 4217 2111 4272 Vsus.
2148 4218 2242 4274 27.
2285 4218 2556 4285 Quoniam
2581 4236 2734 4291 quem
2767 4229 2824 4273 tu
2845 4220 3152 4287 percussisti
3187 4220 3288 4286 ipsi
3328 4234 3462 4288 pcr~

1870 4311 2036 4364 secuti
2067 4320 2215 4367 sunt.
2247 4309 2572 4367 Percussisti
2615 4312 2773 4377 dixit,
2823 4326 2945 4381 pro,
2989 4320 3274 4380 percutere
3329 4327 3455 4381 per-

1874 4402 2093 4458 misisti.
2125 4396 2215 4458 Sic
2246 4407 2411 4459 etiam
2448 4402 2747 4457 Zacharias
2780 4402 2959 4455 dixit:
3001 4401 3310 4456 Percutiam
3358 4421 3459 4472 ρα·

1870 4503 2066 4549 storem
2099 4504 2148 4548 et
2181 4495 2546 4566 dispergentur
2569 4511 2685 4548 oves
2709 4497 2884 4564 gregis
2899 4493 2963 4547 ⁸³.
2993 4492 3058 4545 Ει
3090 4493 3261 4550 Isaias
3284 4496 3411 4550 alibi
3439 4514 3454 4550 :

1877 4585 2136 4640 Dominus
2197 4587 2422 4641 tradidit
2477 4602 2596 4640 eum
2630 4603 2726 4657 pro
2780 4587 3017 4654 peccatis
3075 4588 3299 4642 nostris.
3359 4587 3456 4643 Est

1869 4679 2032 4732 etiam
2064 4688 2118 4734 et
2151 4679 2261 4733 haec
2316 4677 2599 4734 Hebraicze
2658 4680 2858 4748 linguas
2911 4681 3242 4751 proprietas,
3289 4688 3349 4733 ut
3405 4682 3457 4734 ei

1869 4772 1963 4839 qui
2020 4771 2290 4840 permittit
2332 4770 2538 4827 factum
2589 4771 2853 4837 ascribat,
2888 4787 2954 4825 eo
2982 4770 3126 4841 quod
3165 4771 3456 4841 prohibere

1869 4863 2071 4933 potuit,
2128 4873 2183 4919 et
2242 4880 2354 4920 non
2431 4863 2734 4934 prohibuit.
2796 4863 2955 4931 Quod
3013 4879 3142 4920 vero
3198 4865 3456 4933 persecuti

1866 4970 2010 5023 sunt,
2069 4972 2326 5026 expone,
2372 4971 2496 5024 pro,
2541 4956 2806 5028 gravibus
2860 4955 3174 5033 alllixerunt
3238 4955 3453 5026 poenis;

1867 5050 1973 5114 vel,
2011 5051 2294 5106 Persecuti
2323 5042 2476 5112 sunt,
2516 5065 2807 5120 quousque
2841 5048 3170 5103 occiderint.

261 5216 481 5271 Καὶέπὶ
517 5218 583 5272 τὸ
610 5219 798 5291 ἄλγος
845 5222 961 5276 τῶν
1020 5227 1372 5296 τραυμάτων
1400 5247 1522 5298 μου
1576 5247 1763 5300 προσ-

1942 5234 2007 5289 Et
2038 5252 2197 5305 super
2238 5235 2474 5289 dolorem
2515 5234 2790 5290 animarum
2826 5248 3058 5301 naeorym
3095 5221 3442 5284 addiderunt.

203 5297 425 5372 “nitar.
463 5309 722 5382 Ηῦξησάν
755 5332 843 5383 μοι
871 5318 931 5369 τὸ
964 5317 1137 5386 ἄλγος
1168 5321 1277 5373 τῶν
1317 5297 1656 5391 τραυμάτων
1691 5327 1758 5395 τῇ

203 5397 465 5472 προσθήκῃ
495 5402 588 5454 τοῦ
617 5404 946 5474 ὀνειδισμοῢ,
979 5408 1012 5478 ἢ
1048 5412 1114 5479 τῇ
1152 5414 1517 5486 συκοφαντίᾳ,
1545 5416 1626 5470 ὅτι
1664 5433 1761 5471 τα-

204 5486 596 5565 φεὶςηὲκλάπην,
616 5495 732 5548 ἀλλ’
753 5498 852 5551 οὐκ
882 5500 1140 5572 ἀνέστην.

259 5752 514 5822 Πρόσθες
564 5758 823 5829 ἀνομίαν
868 5762 969 5816 ἐπὶ
1030 5764 1146 5834 τὴν
1205 5770 1470 5838 ἀνομίαν
1528 5773 1752 5833 αὐτῶν.

238 5931 280 5966 ⁸³
301 5936 531 5998 Zachar.
559 5958 677 6006 stu,
710 5944 782 6007 7;
817 5944 1008 6003 Matth.
1030 5964 1187 6026 ⁵ιιινι.
1217 5950 1306 6009 3t.

1865 5328 2321 5383 Auxerunt‘mihi
2350 5328 2641 5382 vulnerqu
2671 5325 2938 5389 dolorem,
2967 5323 3220 5379 addendo
3244 5338 3447 5401 oppro:

1866 5423 2004 5498 hria.
2064 5420 2182 5486 Vel,
2263 5437 2429 5491 super
2471 5420 2759 5474 vulnerum
2819 5417 3065 5473 dolorem
3121 5416 3447 5470 addiderunt

1862 5511 2218 5575 calumniam,
2252 5511 2521 5573 dicentes,
2552 5508 2695 5577 quod
2745 5506 3018 5576 sepultum
3060 5520 3146 5560 me
3180 5504 3448 5584 discipuli.

1863 5597 2012 5654 furto
2046 5600 2472 5665 subtraxissent,
2523 5608 2577 5654 et
2628 5607 2885 5669 negantes
2936 5611 3023 5651 me
3074 5611 3199 5657 vere
3250 5612 3441 5650 resuro

1859 5704 2091 5743 I'CXISSC.

1945 5777 2104 5835 Vsus.
2147 5780 2236 5837 28.
2283 5780 2497 5848 Appone
2543 5779 2879 5850 iniquitatem
2912 5794 3070 5852 super
3102 5780 3439 5851 iniquitatem
