  <div class='ocr_page' id='page_1' title='image "/cluster/home/n/w/nwhite01/storage/ocr_20150623/128/hvd.32044019208230/369.png"; bbox 0 0 3834 6578; ppageno 0'>
   <div class='ocr_carea' id='block_1_1' title="bbox 339 454 445 518">
    <p class='ocr_par' dir='ltr' id='par_1_1' title="bbox 339 454 445 518">
     <span class='ocr_line' id='line_1_1' title="bbox 339 454 445 518; baseline 0 0"><span class='ocrx_word' id='word_1_1' title='bbox 339 454 445 518; x_wconf 76' lang='lat'><strong>723</strong></span> 
     </span>
    </p>
   </div>
   <div class='ocr_carea' id='block_1_2' title="bbox 1570 445 2352 523">
    <p class='ocr_par' dir='ltr' id='par_1_2' title="bbox 1570 445 2352 523">
     <span class='ocr_line' id='line_1_2' title="bbox 1570 445 2352 523; baseline 0.005 -6"><span class='ocrx_word' id='word_1_2' title='bbox 1570 445 1960 520; x_wconf 81' lang='lat' dir='ltr'><strong>EUTHYMII</strong></span> <span class='ocrx_word' id='word_1_3' title='bbox 1991 460 2352 523; x_wconf 80' lang='lat' dir='ltr'><strong>ZIGABENI</strong></span> 
     </span>
    </p>
   </div>
   <div class='ocr_carea' id='block_1_3' title="bbox 3486 461 3603 539">
    <p class='ocr_par' dir='ltr' id='par_1_3' title="bbox 3486 461 3603 539">
     <span class='ocr_line' id='line_1_3' title="bbox 3486 461 3603 539; baseline -0.009 -11"><span class='ocrx_word' id='word_1_4' title='bbox 3486 461 3603 539; x_wconf 75' lang='grc'>724,</span> 
     </span>
    </p>
   </div>
   <div class='ocr_carea' id='block_1_4' title="bbox 415 543 1909 647">
    <p class='ocr_par' dir='ltr' id='par_1_4' title="bbox 415 543 1909 646">
     <span class='ocr_line' id='line_1_4' title="bbox 415 543 1909 646; baseline 0.004 -22"><span class='ocrx_word' id='word_1_5' title='bbox 415 570 485 624; x_wconf 88' lang='lat' dir='ltr'><strong>Ut</strong></span> <span class='ocrx_word' id='word_1_6' title='bbox 509 571 713 641; x_wconf 81' lang='lat' dir='ltr'><strong>judicet</strong></span> <span class='ocrx_word' id='word_1_7' title='bbox 739 543 987 640; x_wconf 77' lang='lat' dir='ltr'><strong>populum</strong></span> <span class='ocrx_word' id='word_1_8' title='bbox 1020 579 1168 625; x_wconf 84' lang='lat' dir='ltr'><strong>tuum</strong></span> <span class='ocrx_word' id='word_1_9' title='bbox 1213 571 1268 625; x_wconf 88' lang='lat' dir='ltr'><strong>iu</strong></span> <span class='ocrx_word' id='word_1_10' title='bbox 1293 571 1511 641; x_wconf 66' lang='lat' dir='ltr'><strong>iustitia</strong></span> <span class='ocrx_word' id='word_1_11' title='bbox 1566 585 1615 630; x_wconf 88' lang='lat' dir='ltr'><strong>et</strong></span> <span class='ocrx_word' id='word_1_12' title='bbox 1654 591 1909 646; x_wconf 73' lang='lat' dir='ltr'><strong>pauperes</strong></span> 
     </span>
    </p>
   </div>
   <div class='ocr_carea' id='block_1_5' title="bbox 2016 543 3589 647">
    <p class='ocr_par' dir='ltr' id='par_1_5' title="bbox 2087 576 3589 647">
     <span class='ocr_line' id='line_1_5' title="bbox 2087 576 3589 647; baseline 0.001 -16"><span class='ocrx_word' id='word_1_13' title='bbox 2087 578 2326 647; x_wconf 80' lang='grc' dir='ltr'>Κρίνειν</span> <span class='ocrx_word' id='word_1_14' title='bbox 2363 578 2469 632; x_wconf 81' lang='grc' dir='ltr'><strong>τὸν</strong></span> <span class='ocrx_word' id='word_1_15' title='bbox 2506 577 2663 635; x_wconf 76' lang='grc' dir='ltr'>λαόν</span> <span class='ocrx_word' id='word_1_16' title='bbox 2689 591 2806 633; x_wconf 87' lang='grc' dir='ltr'><strong>σου</strong></span> <span class='ocrx_word' id='word_1_17' title='bbox 2846 578 2915 632; x_wconf 83' lang='grc' dir='ltr'><strong>ἐν</strong></span> <span class='ocrx_word' id='word_1_18' title='bbox 2945 579 3303 646; x_wconf 72' lang='grc' dir='ltr'><strong>δικαιοσύνῃ</strong></span> <span class='ocrx_word' id='word_1_19' title='bbox 3331 576 3589 646; x_wconf 73' lang='grc' dir='ltr'>καὶτοὺς</span> 
     </span>
    </p>
   </div>
   <div class='ocr_carea' id='block_1_6' title="bbox 337 662 1910 736">
    <p class='ocr_par' dir='ltr' id='par_1_6' title="bbox 337 662 1910 736">
     <span class='ocr_line' id='line_1_6' title="bbox 337 662 1910 736; baseline 0.006 -20"><span class='ocrx_word' id='word_1_20' title='bbox 337 666 528 720; x_wconf 81' lang='lat' dir='ltr'><strong>tuosiu</strong></span> <span class='ocrx_word' id='word_1_21' title='bbox 563 664 782 732; x_wconf 65' lang='lat' dir='ltr'><strong>judicio.</strong></span> <span class='ocrx_word' id='word_1_22' title='bbox 823 662 947 718; x_wconf 78' lang='lat' dir='ltr'><strong>Haec</strong></span> <span class='ocrx_word' id='word_1_23' title='bbox 998 672 1081 719; x_wconf 87' lang='lat' dir='ltr'><strong>est</strong></span> <span class='ocrx_word' id='word_1_24' title='bbox 1120 679 1286 719; x_wconf 84' lang='lat' dir='ltr'><strong>causa</strong></span> <span class='ocrx_word' id='word_1_25' title='bbox 1319 704 1334 730; x_wconf 88' lang='lat'><strong>,</strong></span> <span class='ocrx_word' id='word_1_26' title='bbox 1385 681 1483 721; x_wconf 83' lang='lat' dir='ltr'><strong>cur</strong></span> <span class='ocrx_word' id='word_1_27' title='bbox 1525 674 1678 736; x_wconf 84' lang='lat' dir='ltr'><strong>petat</strong></span> <span class='ocrx_word' id='word_1_28' title='bbox 1720 669 1910 725; x_wconf 86' lang='lat' dir='ltr'><strong>beatus</strong></span> 
     </span>
    </p>
   </div>
   <div class='ocr_carea' id='block_1_7' title="bbox 335 753 1911 822">
    <p class='ocr_par' dir='ltr' id='par_1_7' title="bbox 335 753 1911 822">
     <span class='ocr_line' id='line_1_7' title="bbox 335 753 1911 822; baseline 0.003 -15"><span class='ocrx_word' id='word_1_29' title='bbox 335 756 505 810; x_wconf 78' lang='lat' dir='ltr'><strong>David</strong></span> <span class='ocrx_word' id='word_1_30' title='bbox 538 754 764 809; x_wconf 81' lang='lat' dir='ltr'><strong>Christo</strong></span> <span class='ocrx_word' id='word_1_31' title='bbox 800 754 964 808; x_wconf 77' lang='lat' dir='ltr'><strong>tribui</strong></span> <span class='ocrx_word' id='word_1_32' title='bbox 991 753 1275 822; x_wconf 84' lang='lat' dir='ltr'><strong>iudicandi</strong></span> <span class='ocrx_word' id='word_1_33' title='bbox 1308 754 1626 810; x_wconf 81' lang='lat' dir='ltr'><strong>facultatem</strong></span> <span class='ocrx_word' id='word_1_34' title='bbox 1667 776 1680 813; x_wconf 89' lang='lat'><strong>:</strong></span> <span class='ocrx_word' id='word_1_35' title='bbox 1713 769 1770 811; x_wconf 90' lang='lat' dir='ltr'><strong>ut</strong></span> <span class='ocrx_word' id='word_1_36' title='bbox 1798 760 1911 814; x_wconf 85' lang='lat' dir='ltr'><strong>sci-</strong></span> 
     </span>
    </p>
   </div>
   <div class='ocr_carea' id='block_1_8' title="bbox 338 848 1910 921">
    <p class='ocr_par' dir='ltr' id='par_1_8' title="bbox 338 848 1910 921">
     <span class='ocr_line' id='line_1_8' title="bbox 338 848 1910 921; baseline 0.003 -19"><span class='ocrx_word' id='word_1_37' title='bbox 338 851 467 907; x_wconf 86' lang='lat' dir='ltr'><strong>licet</strong></span> <span class='ocrx_word' id='word_1_38' title='bbox 491 849 719 917; x_wconf 75' lang='lat' dir='ltr'><strong>iudicet,</strong></span> <span class='ocrx_word' id='word_1_39' title='bbox 756 856 863 904; x_wconf 88' lang='lat' dir='ltr'><strong>etc.</strong></span> <span class='ocrx_word' id='word_1_40' title='bbox 898 848 1000 904; x_wconf 86' lang='lat' dir='ltr'><strong>Per</strong></span> <span class='ocrx_word' id='word_1_41' title='bbox 1030 850 1290 919; x_wconf 83' lang='lat' dir='ltr'><strong>populum</strong></span> <span class='ocrx_word' id='word_1_42' title='bbox 1318 858 1521 916; x_wconf 89' lang='lat' dir='ltr'><strong>autem,</strong></span> <span class='ocrx_word' id='word_1_43' title='bbox 1561 850 1775 906; x_wconf 87' lang='lat' dir='ltr'><strong>ﬁdelem</strong></span> <span class='ocrx_word' id='word_1_44' title='bbox 1817 868 1910 921; x_wconf 93' lang='lat' dir='ltr'><strong>po-</strong></span> 
     </span>
    </p>
   </div>
   <div class='ocr_carea' id='block_1_9' title="bbox 334 939 1908 1011">
    <p class='ocr_par' dir='ltr' id='par_1_9' title="bbox 334 939 1908 1011">
     <span class='ocr_line' id='line_1_9' title="bbox 334 939 1908 1011; baseline 0.001 -17"><span class='ocrx_word' id='word_1_45' title='bbox 334 941 522 1008; x_wconf 81' lang='lat' dir='ltr'><strong>pulum</strong></span> <span class='ocrx_word' id='word_1_46' title='bbox 562 939 836 1008; x_wconf 81' lang='lat' dir='ltr'><strong>intelligit,</strong></span> <span class='ocrx_word' id='word_1_47' title='bbox 873 940 967 1010; x_wconf 86' lang='lat' dir='ltr'><strong>qui</strong></span> <span class='ocrx_word' id='word_1_48' title='bbox 992 939 1120 994; x_wconf 91' lang='lat' dir='ltr'><strong>licet</strong></span> <span class='ocrx_word' id='word_1_49' title='bbox 1144 939 1345 997; x_wconf 87' lang='lat' dir='ltr'><strong>Christi</strong></span> <span class='ocrx_word' id='word_1_50' title='bbox 1375 941 1515 1011; x_wconf 72' lang='grc'>(62),</span> <span class='ocrx_word' id='word_1_51' title='bbox 1537 941 1642 997; x_wconf 87' lang='lat' dir='ltr'><strong>hoc</strong></span> <span class='ocrx_word' id='word_1_52' title='bbox 1661 941 1908 1010; x_wconf 89' lang='lat' dir='ltr'><strong>est,Filii</strong></span> 
     </span>
    </p>
   </div>
   <div class='ocr_carea' id='block_1_10' title="bbox 336 1030 1907 1103">
    <p class='ocr_par' dir='ltr' id='par_1_10' title="bbox 336 1030 1907 1103">
     <span class='ocr_line' id='line_1_10' title="bbox 336 1030 1907 1103; baseline 0.005 -24"><span class='ocrx_word' id='word_1_53' title='bbox 336 1030 568 1098; x_wconf 84' lang='lat' dir='ltr'><strong>populus</strong></span> <span class='ocrx_word' id='word_1_54' title='bbox 594 1030 920 1099; x_wconf 68' lang='lat' dir='ltr'><strong>appelletur,</strong></span> <span class='ocrx_word' id='word_1_55' title='bbox 945 1030 1151 1085; x_wconf 90' lang='lat' dir='ltr'><strong>dicitur</strong></span> <span class='ocrx_word' id='word_1_56' title='bbox 1178 1030 1340 1085; x_wconf 90' lang='lat' dir='ltr'><strong>etiam</strong></span> <span class='ocrx_word' id='word_1_57' title='bbox 1364 1038 1415 1086; x_wconf 88' lang='lat' dir='ltr'><strong>et</strong></span> <span class='ocrx_word' id='word_1_58' title='bbox 1446 1032 1623 1087; x_wconf 67' lang='lat' dir='ltr'><strong>Patris</strong></span> <span class='ocrx_word' id='word_1_59' title='bbox 1670 1030 1907 1103; x_wconf 84' lang='lat' dir='ltr'><strong>(Omnia,</strong></span> 
     </span>
    </p>
   </div>
   <div class='ocr_carea' id='block_1_11' title="bbox 331 1123 1910 1193">
    <p class='ocr_par' dir='ltr' id='par_1_11' title="bbox 331 1123 1910 1193">
     <span class='ocr_line' id='line_1_11' title="bbox 331 1123 1910 1193; baseline 0.001 -19"><span class='ocrx_word' id='word_1_60' title='bbox 331 1123 524 1190; x_wconf 87' lang='lat' dir='ltr'><strong>inquit,</strong></span> <span class='ocrx_word' id='word_1_61' title='bbox 558 1139 672 1183; x_wconf 77' lang='lat' dir='ltr'><strong>mea</strong></span> <span class='ocrx_word' id='word_1_62' title='bbox 705 1132 797 1174; x_wconf 82' lang='lat' dir='ltr'><strong>tua</strong></span> <span class='ocrx_word' id='word_1_63' title='bbox 826 1126 1045 1191; x_wconf 78' lang='lat' dir='ltr'><strong>sunt‘);</strong></span> <span class='ocrx_word' id='word_1_64' title='bbox 1086 1138 1246 1191; x_wconf 86' lang='lat' dir='ltr'><strong>quem</strong></span> <span class='ocrx_word' id='word_1_65' title='bbox 1281 1123 1445 1177; x_wconf 86' lang='lat' dir='ltr'><strong>etiam</strong></span> <span class='ocrx_word' id='word_1_66' title='bbox 1482 1124 1740 1193; x_wconf 81' lang='lat' dir='ltr'><strong>pupulum</strong></span> <span class='ocrx_word' id='word_1_67' title='bbox 1802 1123 1910 1177; x_wconf 87' lang='lat' dir='ltr'><strong>alio</strong></span> 
     </span>
    </p>
   </div>
   <div class='ocr_carea' id='block_1_12' title="bbox 333 1213 1911 1285">
    <p class='ocr_par' dir='ltr' id='par_1_12' title="bbox 333 1213 1911 1285">
     <span class='ocr_line' id='line_1_12' title="bbox 333 1213 1911 1285; baseline 0.002 -20"><span class='ocrx_word' id='word_1_68' title='bbox 333 1213 552 1267; x_wconf 89' lang='lat' dir='ltr'><strong>nomine</strong></span> <span class='ocrx_word' id='word_1_69' title='bbox 587 1214 822 1283; x_wconf 69' lang='lat' dir='ltr'><strong>appellat</strong></span> <span class='ocrx_word' id='word_1_70' title='bbox 847 1254 862 1278; x_wconf 83' lang='lat'><strong>,</strong></span> <span class='ocrx_word' id='word_1_71' title='bbox 917 1230 1167 1284; x_wconf 79' lang='lat' dir='ltr'><strong>pauperes</strong></span> <span class='ocrx_word' id='word_1_72' title='bbox 1215 1213 1343 1279; x_wconf 85' lang='lat' dir='ltr'><strong>Dei,</strong></span> <span class='ocrx_word' id='word_1_73' title='bbox 1371 1217 1497 1285; x_wconf 82' lang='lat' dir='ltr'><strong>quia</strong></span> <span class='ocrx_word' id='word_1_74' title='bbox 1537 1216 1722 1270; x_wconf 88' lang='lat' dir='ltr'><strong>ﬁdeles</strong></span> <span class='ocrx_word' id='word_1_75' title='bbox 1758 1216 1911 1279; x_wconf 84' lang='lat' dir='ltr'><strong>veri,</strong></span> 
     </span>
    </p>
   </div>
   <div class='ocr_carea' id='block_1_13' title="bbox 329 1305 1903 1377">
    <p class='ocr_par' dir='ltr' id='par_1_13' title="bbox 329 1305 1903 1377">
     <span class='ocr_line' id='line_1_13' title="bbox 329 1305 1903 1377; baseline 0.003 -21"><span class='ocrx_word' id='word_1_76' title='bbox 329 1321 518 1361; x_wconf 85' lang='lat' dir='ltr'><strong>omnes</strong></span> <span class='ocrx_word' id='word_1_77' title='bbox 557 1315 777 1375; x_wconf 76' lang='lat' dir='ltr'><strong>propter</strong></span> <span class='ocrx_word' id='word_1_78' title='bbox 808 1306 975 1360; x_wconf 84' lang='lat' dir='ltr'><strong>Deum</strong></span> <span class='ocrx_word' id='word_1_79' title='bbox 1015 1322 1286 1376; x_wconf 83' lang='lat' dir='ltr'><strong>pauperes</strong></span> <span class='ocrx_word' id='word_1_80' title='bbox 1326 1305 1459 1361; x_wconf 78' lang='lat' dir='ltr'><strong>facti</strong></span> <span class='ocrx_word' id='word_1_81' title='bbox 1495 1316 1643 1362; x_wconf 90' lang='lat' dir='ltr'><strong>sunt.</strong></span> <span class='ocrx_word' id='word_1_82' title='bbox 1678 1306 1782 1361; x_wconf 81' lang='lat' dir='ltr'><strong>Per</strong></span> <span class='ocrx_word' id='word_1_83' title='bbox 1810 1307 1903 1377; x_wconf 86' lang='lat' dir='ltr'><strong>iu-</strong></span> 
     </span>
    </p>
   </div>
   <div class='ocr_carea' id='block_1_14' title="bbox 332 1396 1908 1469">
    <p class='ocr_par' dir='ltr' id='par_1_14' title="bbox 332 1396 1908 1469">
     <span class='ocr_line' id='line_1_14' title="bbox 332 1396 1908 1469; baseline 0.003 -18"><span class='ocrx_word' id='word_1_84' title='bbox 332 1413 359 1451; x_wconf 93' lang='lat' dir='ltr'><strong>s</strong></span> <span class='ocrx_word' id='word_1_85' title='bbox 388 1397 403 1452; x_wconf 93' lang='lat' dir='ltr'><strong>i</strong></span> <span class='ocrx_word' id='word_1_86' title='bbox 434 1396 538 1450; x_wconf 68' lang='lat' dir='ltr'><strong>iam</strong></span> <span class='ocrx_word' id='word_1_87' title='bbox 584 1410 766 1451; x_wconf 81' lang='lat' dir='ltr'><strong>autem</strong></span> <span class='ocrx_word' id='word_1_88' title='bbox 823 1397 914 1453; x_wconf 89' lang='lat' dir='ltr'><strong>Dei</strong></span> <span class='ocrx_word' id='word_1_89' title='bbox 940 1438 953 1461; x_wconf 90' lang='lat'><strong>,</strong></span> <span class='ocrx_word' id='word_1_90' title='bbox 990 1399 1235 1454; x_wconf 78' lang='lat' dir='ltr'><strong>futurum</strong></span> <span class='ocrx_word' id='word_1_91' title='bbox 1276 1399 1544 1469; x_wconf 85' lang='lat' dir='ltr'><strong>judicium</strong></span> <span class='ocrx_word' id='word_1_92' title='bbox 1589 1400 1862 1469; x_wconf 80' lang='lat' dir='ltr'><strong>intelliges</strong></span> <span class='ocrx_word' id='word_1_93' title='bbox 1892 1438 1908 1464; x_wconf 86' lang='lat'><strong><em>.</em></strong></span> 
     </span>
    </p>
   </div>
   <div class='ocr_carea' id='block_1_15' title="bbox 334 1493 1913 1565">
    <p class='ocr_par' dir='ltr' id='par_1_15' title="bbox 334 1493 1913 1565">
     <span class='ocr_line' id='line_1_15' title="bbox 334 1493 1913 1565; baseline 0.007 -26"><span class='ocrx_word' id='word_1_94' title='bbox 334 1494 387 1543; x_wconf 90' lang='lat' dir='ltr'><strong>in</strong></span> <span class='ocrx_word' id='word_1_95' title='bbox 422 1509 530 1560; x_wconf 81' lang='lat' dir='ltr'><strong>quo</strong></span> <span class='ocrx_word' id='word_1_96' title='bbox 557 1493 856 1563; x_wconf 88' lang='lat' dir='ltr'><strong>unicuique</strong></span> <span class='ocrx_word' id='word_1_97' title='bbox 881 1495 1153 1565; x_wconf 87' lang='lat' dir='ltr'><strong>condigna</strong></span> <span class='ocrx_word' id='word_1_98' title='bbox 1189 1494 1334 1550; x_wconf 87' lang='lat' dir='ltr'><strong>Deus</strong></span> <span class='ocrx_word' id='word_1_99' title='bbox 1380 1511 1478 1565; x_wconf 92' lang='lat' dir='ltr'><strong>pro</strong></span> <span class='ocrx_word' id='word_1_100' title='bbox 1526 1496 1740 1550; x_wconf 89' lang='lat' dir='ltr'><strong>meritis</strong></span> <span class='ocrx_word' id='word_1_101' title='bbox 1792 1495 1913 1551; x_wconf 88' lang='lat' dir='ltr'><strong>red-</strong></span> 
     </span>
    </p>
   </div>
   <div class='ocr_carea' id='block_1_16' title="bbox 330 1585 1912 1659">
    <p class='ocr_par' dir='ltr' id='par_1_16' title="bbox 330 1585 1912 1659">
     <span class='ocr_line' id='line_1_16' title="bbox 330 1585 1912 1659; baseline 0.004 -22"><span class='ocrx_word' id='word_1_102' title='bbox 330 1585 421 1638; x_wconf 86' lang='lat' dir='ltr'><strong>det</strong></span> <span class='ocrx_word' id='word_1_103' title='bbox 459 1604 472 1640; x_wconf 93' lang='lat'>:</span> <span class='ocrx_word' id='word_1_104' title='bbox 508 1588 652 1655; x_wconf 88' lang='lat' dir='ltr'><strong>quod</strong></span> <span class='ocrx_word' id='word_1_105' title='bbox 680 1589 843 1658; x_wconf 80' lang='lat' dir='ltr'><strong>paulo</strong></span> <span class='ocrx_word' id='word_1_106' title='bbox 872 1596 995 1657; x_wconf 88' lang='lat' dir='ltr'><strong>post</strong></span> <span class='ocrx_word' id='word_1_107' title='bbox 1031 1590 1205 1659; x_wconf 86' lang='lat' dir='ltr'><strong>magis</strong></span> <span class='ocrx_word' id='word_1_108' title='bbox 1250 1588 1492 1645; x_wconf 85' lang='lat' dir='ltr'><strong>declarat</strong></span> <span class='ocrx_word' id='word_1_109' title='bbox 1516 1630 1531 1654; x_wconf 85' lang='lat'><strong>,</strong></span> <span class='ocrx_word' id='word_1_110' title='bbox 1579 1590 1771 1646; x_wconf 89' lang='lat' dir='ltr'><strong>dicens</strong></span> <span class='ocrx_word' id='word_1_111' title='bbox 1804 1608 1819 1645; x_wconf 86' lang='lat'><strong>:</strong></span> <span class='ocrx_word' id='word_1_112' title='bbox 1857 1591 1912 1645; x_wconf 84' lang='lat' dir='ltr'><strong>in</strong></span> 
     </span>
    </p>
   </div>
   <div class='ocr_carea' id='block_1_17' title="bbox 330 1678 1911 1749">
    <p class='ocr_par' dir='ltr' id='par_1_17' title="bbox 330 1678 1911 1749">
     <span class='ocr_line' id='line_1_17' title="bbox 330 1678 1911 1749; baseline 0.004 -20"><span class='ocrx_word' id='word_1_113' title='bbox 330 1678 571 1742; x_wconf 86' lang='lat' dir='ltr'><strong>iudicio;</strong></span> <span class='ocrx_word' id='word_1_114' title='bbox 601 1690 657 1734; x_wconf 91' lang='lat' dir='ltr'><strong>ut</strong></span> <span class='ocrx_word' id='word_1_115' title='bbox 691 1680 903 1749; x_wconf 92' lang='lat' dir='ltr'><strong>iudicet</strong></span> <span class='ocrx_word' id='word_1_116' title='bbox 932 1687 1113 1734; x_wconf 87' lang='lat' dir='ltr'><strong>autem</strong></span> <span class='ocrx_word' id='word_1_117' title='bbox 1154 1696 1249 1736; x_wconf 92' lang='lat' dir='ltr'><strong>eos</strong></span> <span class='ocrx_word' id='word_1_118' title='bbox 1270 1723 1286 1746; x_wconf 91' lang='lat'><strong>,</strong></span> <span class='ocrx_word' id='word_1_119' title='bbox 1320 1696 1441 1736; x_wconf 84' lang='lat' dir='ltr'><strong>cum</strong></span> <span class='ocrx_word' id='word_1_120' title='bbox 1494 1680 1714 1737; x_wconf 84' lang='lat' dir='ltr'><strong>diabolo</strong></span> <span class='ocrx_word' id='word_1_121' title='bbox 1747 1681 1911 1736; x_wconf 89' lang='lat' dir='ltr'><strong>nimi-</strong></span> 
     </span>
    </p>
   </div>
   <div class='ocr_carea' id='block_1_18' title="bbox 332 1772 1910 1844">
    <p class='ocr_par' dir='ltr' id='par_1_18' title="bbox 332 1772 1910 1844">
     <span class='ocr_line' id='line_1_18' title="bbox 332 1772 1910 1844; baseline 0.004 -21"><span class='ocrx_word' id='word_1_122' title='bbox 332 1786 478 1838; x_wconf 83' lang='lat' dir='ltr'><strong>rum,</strong></span> <span class='ocrx_word' id='word_1_123' title='bbox 507 1784 555 1826; x_wconf 87' lang='lat' dir='ltr'><strong>et</strong></span> <span class='ocrx_word' id='word_1_124' title='bbox 585 1787 710 1827; x_wconf 87' lang='lat' dir='ltr'><strong>cum</strong></span> <span class='ocrx_word' id='word_1_125' title='bbox 747 1772 974 1838; x_wconf 80' lang='lat' dir='ltr'><strong>Judaeis,</strong></span> <span class='ocrx_word' id='word_1_126' title='bbox 1007 1784 1170 1844; x_wconf 89' lang='lat' dir='ltr'><strong>atque</strong></span> <span class='ocrx_word' id='word_1_127' title='bbox 1196 1774 1317 1831; x_wconf 90' lang='lat' dir='ltr'><strong>aliis</strong></span> <span class='ocrx_word' id='word_1_128' title='bbox 1344 1774 1471 1832; x_wconf 88' lang='lat' dir='ltr'><strong>ﬁdei</strong></span> <span class='ocrx_word' id='word_1_129' title='bbox 1511 1775 1771 1831; x_wconf 81' lang='lat' dir='ltr'><strong>inimicis.</strong></span> <span class='ocrx_word' id='word_1_130' title='bbox 1804 1775 1910 1830; x_wconf 88' lang='lat' dir='ltr'><strong>Alii</strong></span> 
     </span>
    </p>
   </div>
   <div class='ocr_carea' id='block_1_19' title="bbox 334 1864 1912 1938">
    <p class='ocr_par' dir='ltr' id='par_1_19' title="bbox 334 1864 1912 1938">
     <span class='ocr_line' id='line_1_19' title="bbox 334 1864 1912 1938; baseline 0.004 -24"><span class='ocrx_word' id='word_1_131' title='bbox 334 1880 428 1927; x_wconf 80' lang='lat' dir='ltr'><strong>per</strong></span> <span class='ocrx_word' id='word_1_132' title='bbox 460 1864 740 1933; x_wconf 85' lang='lat' dir='ltr'><strong>populum,</strong></span> <span class='ocrx_word' id='word_1_133' title='bbox 776 1864 1067 1921; x_wconf 74' lang='lat' dir='ltr'><strong>Iudaicum</strong></span> <span class='ocrx_word' id='word_1_134' title='bbox 1103 1866 1455 1938; x_wconf 89' lang='lat' dir='ltr'><strong>intelligunt,</strong></span> <span class='ocrx_word' id='word_1_135' title='bbox 1500 1868 1596 1938; x_wconf 89' lang='lat' dir='ltr'><strong>qui</strong></span> <span class='ocrx_word' id='word_1_136' title='bbox 1644 1868 1771 1922; x_wconf 90' lang='lat' dir='ltr'><strong>olim</strong></span> <span class='ocrx_word' id='word_1_137' title='bbox 1817 1866 1912 1923; x_wconf 89' lang='lat' dir='ltr'><strong>Dei</strong></span> 
     </span>
    </p>
   </div>
   <div class='ocr_carea' id='block_1_20' title="bbox 2014 668 3587 737">
    <p class='ocr_par' dir='ltr' id='par_1_20' title="bbox 2014 668 3587 737">
     <span class='ocr_line' id='line_1_20' title="bbox 2014 668 3587 737; baseline 0.003 -18"><span class='ocrx_word' id='word_1_138' title='bbox 2014 668 2292 735; x_wconf 82' lang='grc' dir='ltr'>πτωχούς</span> <span class='ocrx_word' id='word_1_139' title='bbox 2320 683 2435 722; x_wconf 86' lang='grc' dir='ltr'><strong>σου</strong></span> <span class='ocrx_word' id='word_1_140' title='bbox 2457 668 2525 721; x_wconf 78' lang='grc' dir='ltr'><strong>ἐν</strong></span> <span class='ocrx_word' id='word_1_141' title='bbox 2551 668 2766 737; x_wconf 79' lang='grc' dir='ltr'>κρίσει.</span> <span class='ocrx_word' id='word_1_142' title='bbox 2800 669 2974 723; x_wconf 83' lang='grc' dir='ltr'>Τοῦτο</span> <span class='ocrx_word' id='word_1_143' title='bbox 3031 671 3179 723; x_wconf 82' lang='grc' dir='ltr'>αἰτία</span> <span class='ocrx_word' id='word_1_144' title='bbox 3228 670 3345 724; x_wconf 66' lang='grc' dir='ltr'>ἐστὶ</span> <span class='ocrx_word' id='word_1_145' title='bbox 3378 668 3478 730; x_wconf 75' lang='grc' dir='ltr'><strong>τῆς</strong></span> <span class='ocrx_word' id='word_1_146' title='bbox 3506 672 3587 723; x_wconf 72' lang='grc' dir='ltr'>εὑ-</span> 
     </span>
    </p>
   </div>
   <div class='ocr_carea' id='block_1_21' title="bbox 2012 759 3589 832">
    <p class='ocr_par' dir='ltr' id='par_1_21' title="bbox 2012 759 3589 832">
     <span class='ocr_line' id='line_1_21' title="bbox 2012 759 3589 832; baseline -0.009 -3"><span class='ocrx_word' id='word_1_147' title='bbox 2012 759 2113 828; x_wconf 82' lang='grc' dir='ltr'><strong>χῆς</strong></span> <span class='ocrx_word' id='word_1_148' title='bbox 2153 775 2168 790; x_wconf 91' lang='grc'><strong>·</strong></span> <span class='ocrx_word' id='word_1_149' title='bbox 2205 760 2322 814; x_wconf 87' lang='grc' dir='ltr'>Ἰνα</span> <span class='ocrx_word' id='word_1_150' title='bbox 2383 761 2582 832; x_wconf 78' lang='grc' dir='ltr'>κρίνῃ.</span> <span class='ocrx_word' id='word_1_151' title='bbox 2616 761 2750 831; x_wconf 79' lang='grc' dir='ltr'>φησί</span> <span class='ocrx_word' id='word_1_152' title='bbox 2793 780 2804 792; x_wconf 90' lang='grc'><strong><em>-</em></strong></span> <span class='ocrx_word' id='word_1_153' title='bbox 2842 762 2971 817; x_wconf 75' lang='grc' dir='ltr'>λαὸν</span> <span class='ocrx_word' id='word_1_154' title='bbox 3022 761 3077 815; x_wconf 78' lang='grc' dir='ltr'>δι</span> <span class='ocrx_word' id='word_1_155' title='bbox 3106 762 3255 829; x_wconf 81' lang='grc' dir='ltr'>λέγει</span> <span class='ocrx_word' id='word_1_156' title='bbox 3299 762 3424 825; x_wconf 73' lang='grc' dir='ltr'>τοὺς</span> <span class='ocrx_word' id='word_1_157' title='bbox 3457 763 3589 832; x_wconf 71' lang='grc' dir='ltr'>Χρι-</span> 
     </span>
    </p>
   </div>
   <div class='ocr_carea' id='block_1_22' title="bbox 2014 852 3587 924">
    <p class='ocr_par' dir='ltr' id='par_1_22' title="bbox 2014 852 3587 924">
     <span class='ocr_line' id='line_1_22' title="bbox 2014 852 3587 924; baseline 0.004 -23"><span class='ocrx_word' id='word_1_158' title='bbox 2014 852 2284 916; x_wconf 84' lang='grc' dir='ltr'>στιανούς.</span> <span class='ocrx_word' id='word_1_159' title='bbox 2341 853 2397 906; x_wconf 88' lang='lat'><strong>&#39;0</strong></span> <span class='ocrx_word' id='word_1_160' title='bbox 2432 853 2541 924; x_wconf 84' lang='grc' dir='ltr'><strong>γὰρ</strong></span> <span class='ocrx_word' id='word_1_161' title='bbox 2595 853 2689 906; x_wconf 80' lang='grc' dir='ltr'><strong>τοῦ</strong></span> <span class='ocrx_word' id='word_1_162' title='bbox 2742 853 2865 907; x_wconf 61' lang='lat' dir='ltr'><strong>fiat&quot;)</strong></span> <span class='ocrx_word' id='word_1_163' title='bbox 2922 855 3051 918; x_wconf 78' lang='grc' dir='ltr'>λαὸς</span> <span class='ocrx_word' id='word_1_164' title='bbox 3108 855 3203 911; x_wconf 72' lang='grc' dir='ltr'>καὶ</span> <span class='ocrx_word' id='word_1_165' title='bbox 3253 854 3348 907; x_wconf 70' lang='grc' dir='ltr'>τοῦ</span> <span class='ocrx_word' id='word_1_166' title='bbox 3382 855 3587 924; x_wconf 83' lang='grc' dir='ltr'>Πατρός</span> 
     </span>
    </p>
   </div>
   <div class='ocr_carea' id='block_1_23' title="bbox 2013 943 3584 1017">
    <p class='ocr_par' dir='ltr' id='par_1_23' title="bbox 2013 943 3584 1017">
     <span class='ocr_line' id='line_1_23' title="bbox 2013 943 3584 1017; baseline 0.003 -25"><span class='ocrx_word' id='word_1_167' title='bbox 2013 943 2151 996; x_wconf 73' lang='grc' dir='ltr'>ἐστι.</span> <span class='ocrx_word' id='word_1_168' title='bbox 2188 943 2326 1007; x_wconf 76' lang='grc' dir='ltr'>Τοὺς</span> <span class='ocrx_word' id='word_1_169' title='bbox 2359 944 2554 1007; x_wconf 77' lang='grc' dir='ltr'>αὐτοὺς</span> <span class='ocrx_word' id='word_1_170' title='bbox 2585 944 2644 997; x_wconf 69' lang='grc' dir='ltr'>δὲ</span> <span class='ocrx_word' id='word_1_171' title='bbox 2712 944 2871 998; x_wconf 86' lang='grc' dir='ltr'>καλεῖ</span> <span class='ocrx_word' id='word_1_172' title='bbox 2902 948 2997 1008; x_wconf 75' lang='grc' dir='ltr'><strong>καὶ</strong></span> <span class='ocrx_word' id='word_1_173' title='bbox 3021 946 3272 1017; x_wconf 79' lang='grc' dir='ltr'>πτωχοὺς</span> <span class='ocrx_word' id='word_1_174' title='bbox 3318 944 3411 998; x_wconf 78' lang='grc' dir='ltr'>τοῦ</span> <span class='ocrx_word' id='word_1_175' title='bbox 3434 943 3584 1010; x_wconf 80' lang='grc' dir='ltr'>Θεοῦ,</span> 
     </span>
    </p>
   </div>
   <div class='ocr_carea' id='block_1_24' title="bbox 1966 1032 3584 1107">
    <p class='ocr_par' dir='ltr' id='par_1_24' title="bbox 1966 1032 3584 1107">
     <span class='ocr_line' id='line_1_24' title="bbox 1966 1032 3584 1107; baseline 0.002 -20"><span class='ocrx_word' id='word_1_176' title='bbox 1966 1032 2089 1099; x_wconf 72' lang='grc' dir='ltr'><strong>’ὡς</strong></span> <span class='ocrx_word' id='word_1_177' title='bbox 2137 1035 2227 1089; x_wconf 74' lang='grc' dir='ltr'>διὰ</span> <span class='ocrx_word' id='word_1_178' title='bbox 2254 1036 2387 1095; x_wconf 80' lang='grc' dir='ltr'>Θεὸν</span> <span class='ocrx_word' id='word_1_179' title='bbox 2422 1036 2875 1107; x_wconf 84' lang='grc' dir='ltr'>πτωχεύσαντας.</span> <span class='ocrx_word' id='word_1_180' title='bbox 2928 1036 3292 1107; x_wconf 81' lang='grc' dir='ltr'><strong>Δικαιοσύνην</strong></span> <span class='ocrx_word' id='word_1_181' title='bbox 3343 1037 3399 1089; x_wconf 76' lang='grc' dir='ltr'>δὲ</span> <span class='ocrx_word' id='word_1_182' title='bbox 3456 1036 3584 1090; x_wconf 78' lang='grc' dir='ltr'>Θεοῦ</span> 
     </span>
    </p>
   </div>
   <div class='ocr_carea' id='block_1_25' title="bbox 2014 1125 3587 1205">
    <p class='ocr_par' dir='ltr' id='par_1_25' title="bbox 2014 1125 3587 1205">
     <span class='ocr_line' id='line_1_25' title="bbox 2014 1125 3587 1205; baseline 0.001 -25"><span class='ocrx_word' id='word_1_183' title='bbox 2014 1129 2231 1198; x_wconf 81' lang='grc' dir='ltr'><strong>νοήσεις</strong></span> <span class='ocrx_word' id='word_1_184' title='bbox 2277 1130 2376 1200; x_wconf 82' lang='grc' dir='ltr'>τὴν</span> <span class='ocrx_word' id='word_1_185' title='bbox 2411 1130 2713 1201; x_wconf 83' lang='grc' dir='ltr'>μέλλουσαν</span> <span class='ocrx_word' id='word_1_186' title='bbox 2733 1130 2934 1201; x_wconf 86' lang='grc' dir='ltr'>κρίσιν,</span> <span class='ocrx_word' id='word_1_187' title='bbox 2955 1131 3013 1182; x_wconf 78' lang='grc' dir='ltr'>ὲν</span> <span class='ocrx_word' id='word_1_188' title='bbox 3094 1128 3364 1193; x_wconf 66' lang='grc' dir='ltr'>ἀποδώσει</span> <span class='ocrx_word' id='word_1_189' title='bbox 3382 1131 3587 1205; x_wconf 77' lang='grc' dir='ltr'>ἑκάστῳ</span> 
     </span>
    </p>
   </div>
   <div class='ocr_carea' id='block_1_26' title="bbox 2013 1221 3585 1293">
    <p class='ocr_par' dir='ltr' id='par_1_26' title="bbox 2013 1221 3585 1293">
     <span class='ocr_line' id='line_1_26' title="bbox 2013 1221 3585 1293; baseline -0.001 -20"><span class='ocrx_word' id='word_1_190' title='bbox 2013 1222 2082 1274; x_wconf 76' lang='grc' dir='ltr'>τὰ</span> <span class='ocrx_word' id='word_1_191' title='bbox 2110 1223 2245 1293; x_wconf 80' lang='grc' dir='ltr'>πρὸς</span> <span class='ocrx_word' id='word_1_192' title='bbox 2272 1222 2450 1284; x_wconf 75' lang='grc' dir='ltr'>ἀξίαν.</span> <span class='ocrx_word' id='word_1_193' title='bbox 2497 1224 2583 1287; x_wconf 85' lang='grc' dir='ltr'>Ὀ,</span> <span class='ocrx_word' id='word_1_194' title='bbox 2615 1223 2710 1276; x_wconf 64' lang='grc' dir='ltr'><strong>καλ⁵</strong></span> <span class='ocrx_word' id='word_1_195' title='bbox 2765 1221 2997 1293; x_wconf 87' lang='grc' dir='ltr'>προῖὼν,</span> <span class='ocrx_word' id='word_1_196' title='bbox 3027 1221 3317 1291; x_wconf 76' lang='grc' dir='ltr'>ἐδήλωσεν,</span> <span class='ocrx_word' id='word_1_197' title='bbox 3373 1223 3585 1289; x_wconf 76' lang='grc' dir='ltr'>ἐπάγων</span> 
     </span>
    </p>
   </div>
   <div class='ocr_carea' id='block_1_27' title="bbox 2015 1311 3587 1385">
    <p class='ocr_par' dir='ltr' id='par_1_27' title="bbox 2015 1311 3587 1385">
     <span class='ocr_line' id='line_1_27' title="bbox 2015 1311 3587 1385; baseline -0.003 -18"><span class='ocrx_word' id='word_1_198' title='bbox 2015 1313 2096 1377; x_wconf 81' lang='grc' dir='ltr'><strong>τδ,</strong></span> <span class='ocrx_word' id='word_1_199' title='bbox 2123 1314 2191 1367; x_wconf 78' lang='grc' dir='ltr'><strong>ὲν</strong></span> <span class='ocrx_word' id='word_1_200' title='bbox 2240 1315 2438 1382; x_wconf 80' lang='grc' dir='ltr'>κρίσει</span> <span class='ocrx_word' id='word_1_201' title='bbox 2459 1331 2472 1344; x_wconf 84' lang='lat'><strong><em>°</em></strong></span> <span class='ocrx_word' id='word_1_202' title='bbox 2516 1314 2720 1385; x_wconf 89' lang='grc' dir='ltr'>κρίνειν</span> <span class='ocrx_word' id='word_1_203' title='bbox 2754 1314 2816 1367; x_wconf 80' lang='grc' dir='ltr'><strong>δὲ</strong></span> <span class='ocrx_word' id='word_1_204' title='bbox 2878 1314 3076 1376; x_wconf 81' lang='grc' dir='ltr'>αὐτοὺς</span> <span class='ocrx_word' id='word_1_205' title='bbox 3110 1313 3249 1383; x_wconf 81' lang='grc' dir='ltr'>μετά</span> <span class='ocrx_word' id='word_1_206' title='bbox 3271 1329 3329 1365; x_wconf 90' lang='grc' dir='ltr'><strong>τε</strong></span> <span class='ocrx_word' id='word_1_207' title='bbox 3356 1311 3448 1364; x_wconf 80' lang='grc' dir='ltr'>τοῦ</span> <span class='ocrx_word' id='word_1_208' title='bbox 3475 1312 3587 1363; x_wconf 86' lang='grc' dir='ltr'>δια-</span> 
     </span>
    </p>
   </div>
   <div class='ocr_carea' id='block_1_28' title="bbox 2017 1403 3588 1474">
    <p class='ocr_par' dir='ltr' id='par_1_28' title="bbox 2017 1403 3588 1474">
     <span class='ocr_line' id='line_1_28' title="bbox 2017 1403 3588 1474; baseline -0.003 -15"><span class='ocrx_word' id='word_1_209' title='bbox 2017 1406 2175 1460; x_wconf 86' lang='grc' dir='ltr'>ϐόλου</span> <span class='ocrx_word' id='word_1_210' title='bbox 2220 1410 2318 1462; x_wconf 73' lang='grc' dir='ltr'>καὶ</span> <span class='ocrx_word' id='word_1_211' title='bbox 2366 1408 2476 1469; x_wconf 80' lang='grc' dir='ltr'><strong>τῶν</strong></span> <span class='ocrx_word' id='word_1_212' title='bbox 2519 1408 2816 1473; x_wconf 80' lang='grc' dir='ltr'><strong>Ἰουδαίων,</strong></span> <span class='ocrx_word' id='word_1_213' title='bbox 2865 1408 2962 1460; x_wconf 75' lang='grc' dir='ltr'>καὶ</span> <span class='ocrx_word' id='word_1_214' title='bbox 3008 1407 3119 1461; x_wconf 81' lang='grc' dir='ltr'>τῶν</span> <span class='ocrx_word' id='word_1_215' title='bbox 3149 1405 3327 1461; x_wconf 82' lang='grc' dir='ltr'>ἄλλων</span> <span class='ocrx_word' id='word_1_216' title='bbox 3384 1403 3588 1474; x_wconf 71' lang='grc' dir='ltr'><strong>ἑχθρῶν</strong></span> 
     </span>
    </p>
   </div>
   <div class='ocr_carea' id='block_1_29' title="bbox 2016 1495 3587 1568">
    <p class='ocr_par' dir='ltr' id='par_1_29' title="bbox 2016 1495 3587 1568">
     <span class='ocr_line' id='line_1_29' title="bbox 2016 1495 3587 1568; baseline -0.002 -17"><span class='ocrx_word' id='word_1_217' title='bbox 2016 1501 2123 1564; x_wconf 83' lang='grc' dir='ltr'>τῆς</span> <span class='ocrx_word' id='word_1_218' title='bbox 2155 1499 2415 1564; x_wconf 86' lang='grc' dir='ltr'>πίστεως.</span> <span class='ocrx_word' id='word_1_219' title='bbox 2454 1500 2640 1553; x_wconf 79' lang='grc' dir='ltr'>Ἀλλοι</span> <span class='ocrx_word' id='word_1_220' title='bbox 2687 1498 2744 1553; x_wconf 85' lang='grc' dir='ltr'><strong>δέ</strong></span> <span class='ocrx_word' id='word_1_221' title='bbox 2777 1516 2911 1568; x_wconf 80' lang='grc' dir='ltr'>φασι</span> <span class='ocrx_word' id='word_1_222' title='bbox 2942 1498 3072 1557; x_wconf 76' lang='grc' dir='ltr'>λαὸν</span> <span class='ocrx_word' id='word_1_223' title='bbox 3107 1496 3209 1568; x_wconf 79' lang='grc' dir='ltr'><strong>μὲν</strong></span> <span class='ocrx_word' id='word_1_224' title='bbox 3239 1495 3329 1548; x_wconf 75' lang='grc' dir='ltr'><strong>τὸν</strong></span> <span class='ocrx_word' id='word_1_225' title='bbox 3373 1495 3587 1548; x_wconf 76' lang='grc' dir='ltr'>Ἰουδαῖο</span> 
     </span>
    </p>
   </div>
   <div class='ocr_carea' id='block_1_30' title="bbox 2018 1587 3590 1661">
    <p class='ocr_par' dir='ltr' id='par_1_30' title="bbox 2018 1587 3590 1661">
     <span class='ocr_line' id='line_1_30' title="bbox 2018 1587 3590 1661; baseline -0.005 -16"><span class='ocrx_word' id='word_1_226' title='bbox 2018 1593 2138 1656; x_wconf 84' lang='grc' dir='ltr'>κδν,</span> <span class='ocrx_word' id='word_1_227' title='bbox 2168 1592 2261 1646; x_wconf 87' lang='grc' dir='ltr'><strong>τόν</strong></span> <span class='ocrx_word' id='word_1_228' title='bbox 2293 1608 2422 1646; x_wconf 84' lang='grc' dir='ltr'>ποτε</span> <span class='ocrx_word' id='word_1_229' title='bbox 2448 1592 2542 1646; x_wconf 77' lang='grc' dir='ltr'>τοῦ</span> <span class='ocrx_word' id='word_1_230' title='bbox 2578 1590 2714 1646; x_wconf 80' lang='grc' dir='ltr'>Θεοῦ</span> <span class='ocrx_word' id='word_1_231' title='bbox 2756 1592 2885 1645; x_wconf 77' lang='grc' dir='ltr'>ὄντα</span> <span class='ocrx_word' id='word_1_232' title='bbox 2907 1609 2919 1622; x_wconf 88' lang='grc'><strong>·</strong></span> <span class='ocrx_word' id='word_1_233' title='bbox 2955 1591 3173 1661; x_wconf 77' lang='grc' dir='ltr'>πτωχὸν</span> <span class='ocrx_word' id='word_1_234' title='bbox 3202 1588 3283 1654; x_wconf 80' lang='grc' dir='ltr'>δὲ,</span> <span class='ocrx_word' id='word_1_235' title='bbox 3342 1587 3435 1640; x_wconf 73' lang='grc' dir='ltr'>τὸν</span> <span class='ocrx_word' id='word_1_236' title='bbox 3474 1588 3590 1638; x_wconf 79' lang='grc' dir='ltr'>νέον</span> 
     </span>
    </p>
   </div>
   <div class='ocr_carea' id='block_1_31' title="bbox 2016 1680 3592 1756">
    <p class='ocr_par' dir='ltr' id='par_1_31' title="bbox 2016 1680 3592 1756">
     <span class='ocr_line' id='line_1_31' title="bbox 2016 1680 3592 1756; baseline -0.003 -20"><span class='ocrx_word' id='word_1_237' title='bbox 2016 1683 2145 1737; x_wconf 79' lang='grc' dir='ltr'>λαὸν</span> <span class='ocrx_word' id='word_1_238' title='bbox 2171 1684 2263 1749; x_wconf 73' lang='grc' dir='ltr'>τὸν</span> <span class='ocrx_word' id='word_1_239' title='bbox 2290 1686 2350 1750; x_wconf 78' lang='grc' dir='ltr'>ἐξ</span> <span class='ocrx_word' id='word_1_240' title='bbox 2384 1684 2574 1740; x_wconf 70' lang='grc' dir='ltr'>ἐθνῶν.</span> <span class='ocrx_word' id='word_1_241' title='bbox 2612 1686 2749 1756; x_wconf 71' lang='grc' dir='ltr'>Περὶ</span> <span class='ocrx_word' id='word_1_242' title='bbox 2779 1684 2837 1738; x_wconf 81' lang='grc' dir='ltr'><strong>δὲ</strong></span> <span class='ocrx_word' id='word_1_243' title='bbox 2864 1681 3143 1753; x_wconf 74' lang='grc' dir='ltr'><strong>πτωχείας</strong></span> <span class='ocrx_word' id='word_1_244' title='bbox 3178 1680 3342 1735; x_wconf 68' lang='grc' dir='ltr'>αὑτοῦ</span> <span class='ocrx_word' id='word_1_245' title='bbox 3370 1680 3592 1750; x_wconf 74' lang='grc' dir='ltr'>εἰρήκα-</span> 
     </span>
    </p>
   </div>
   <div class='ocr_carea' id='block_1_32' title="bbox 2020 1771 3595 1849">
    <p class='ocr_par' dir='ltr' id='par_1_32' title="bbox 2020 1771 3595 1849">
     <span class='ocr_line' id='line_1_32' title="bbox 2020 1771 3595 1849; baseline -0.003 -20"><span class='ocrx_word' id='word_1_246' title='bbox 2020 1792 2125 1844; x_wconf 74' lang='grc' dir='ltr'><strong>μεν</strong></span> <span class='ocrx_word' id='word_1_247' title='bbox 2152 1778 2209 1831; x_wconf 83' lang='grc' dir='ltr'>ὲν</span> <span class='ocrx_word' id='word_1_248' title='bbox 2234 1778 2313 1849; x_wconf 81' lang='grc' dir='ltr'>τῷ</span> <span class='ocrx_word' id='word_1_249' title='bbox 2343 1776 2390 1831; x_wconf 83' lang='grc' dir='ltr'><strong>θ’</strong></span> <span class='ocrx_word' id='word_1_250' title='bbox 2420 1778 2516 1831; x_wconf 70' lang='grc' dir='ltr'><strong>καὶ</strong></span> <span class='ocrx_word' id='word_1_251' title='bbox 2548 1775 2616 1830; x_wconf 82' lang='grc' dir='ltr'><strong>ια’</strong></span> <span class='ocrx_word' id='word_1_252' title='bbox 2659 1775 2883 1846; x_wconf 74' lang='grc' dir='ltr'>ψαλμῷ.</span> <span class='ocrx_word' id='word_1_253' title='bbox 2910 1775 3137 1845; x_wconf 75' lang='grc' dir='ltr'>Κρίνειν,</span> <span class='ocrx_word' id='word_1_254' title='bbox 3165 1774 3222 1827; x_wconf 84' lang='grc' dir='ltr'>δὲ</span> <span class='ocrx_word' id='word_1_255' title='bbox 3245 1773 3465 1836; x_wconf 76' lang='grc' dir='ltr'>αὐτοὺς,</span> <span class='ocrx_word' id='word_1_256' title='bbox 3500 1771 3595 1824; x_wconf 71' lang='grc' dir='ltr'>καὶ</span> 
     </span>
    </p>
   </div>
   <div class='ocr_carea' id='block_1_33' title="bbox 2013 1861 3589 1939">
    <p class='ocr_par' dir='ltr' id='par_1_33' title="bbox 2013 1861 3589 1939">
     <span class='ocr_line' id='line_1_33' title="bbox 2013 1861 3589 1939; baseline -0.006 -18"><span class='ocrx_word' id='word_1_257' title='bbox 2013 1868 2143 1933; x_wconf 77' lang='grc' dir='ltr'>τοὺς</span> <span class='ocrx_word' id='word_1_258' title='bbox 2179 1868 2279 1939; x_wconf 79' lang='grc' dir='ltr'><strong>μὲν</strong></span> <span class='ocrx_word' id='word_1_259' title='bbox 2310 1868 2534 1932; x_wconf 80' lang='grc' dir='ltr'><strong>δικαίως</strong></span> <span class='ocrx_word' id='word_1_260' title='bbox 2569 1868 2970 1931; x_wconf 81' lang='grc' dir='ltr'>καταδικάσαι,</span> <span class='ocrx_word' id='word_1_261' title='bbox 3004 1867 3129 1928; x_wconf 78' lang='grc' dir='ltr'>τοὺς</span> <span class='ocrx_word' id='word_1_262' title='bbox 3178 1864 3237 1917; x_wconf 80' lang='grc' dir='ltr'>δὲ</span> <span class='ocrx_word' id='word_1_263' title='bbox 3279 1861 3589 1915; x_wconf 74' lang='grc' dir='ltr'><strong>δικαιῶσαι.</strong></span> 
     </span>
    </p>
   </div>
   <div class='ocr_carea' id='block_1_34' title="bbox 326 1957 3589 2032">
    <p class='ocr_par' dir='ltr' id='par_1_34' title="bbox 326 1957 3589 2032">
     <span class='ocr_line' id='line_1_34' title="bbox 326 1957 3589 2032; baseline -0 -24"><span class='ocrx_word' id='word_1_264' title='bbox 326 1957 561 2025; x_wconf 84' lang='lat' dir='ltr'><strong>populus</strong></span> <span class='ocrx_word' id='word_1_265' title='bbox 595 1957 917 2024; x_wconf 85' lang='lat' dir='ltr'><strong>dicebatur;</strong></span> <span class='ocrx_word' id='word_1_266' title='bbox 944 1967 998 2013; x_wconf 86' lang='lat' dir='ltr'><strong>et</strong></span> <span class='ocrx_word' id='word_1_267' title='bbox 1027 1975 1121 2029; x_wconf 88' lang='lat' dir='ltr'><strong>per</strong></span> <span class='ocrx_word' id='word_1_268' title='bbox 1148 1974 1438 2029; x_wconf 85' lang='lat' dir='ltr'><strong>pauperes,</strong></span> <span class='ocrx_word' id='word_1_269' title='bbox 1474 1975 1678 2015; x_wconf 90' lang='lat' dir='ltr'><strong>novum</strong></span> <span class='ocrx_word' id='word_1_270' title='bbox 1716 1960 1976 2029; x_wconf 79' lang='lat' dir='ltr'><strong>populum</strong></span> <span class='ocrx_word' id='word_1_271' title='bbox 1997 1976 2063 2016; x_wconf 75' lang='lat' dir='ltr'><strong>ex</strong></span> <span class='ocrx_word' id='word_1_272' title='bbox 2092 1963 2349 2032; x_wconf 78' lang='lat' dir='ltr'><strong>gentibus</strong></span> <span class='ocrx_word' id='word_1_273' title='bbox 2422 1969 2843 2032; x_wconf 76' lang='lat' dir='ltr'><strong>congregatum,</strong></span> <span class='ocrx_word' id='word_1_274' title='bbox 2906 1958 2976 2012; x_wconf 88' lang='lat' dir='ltr'><strong>de</strong></span> <span class='ocrx_word' id='word_1_275' title='bbox 3029 1957 3187 2028; x_wconf 85' lang='lat' dir='ltr'><strong>cujus</strong></span> <span class='ocrx_word' id='word_1_276' title='bbox 3248 1961 3589 2024; x_wconf 85' lang='lat' dir='ltr'><strong>paupertate.</strong></span> 
     </span>
    </p>
   </div>
   <div class='ocr_carea' id='block_1_35' title="bbox 323 2044 3587 2137">
    <p class='ocr_par' dir='ltr' id='par_1_35' title="bbox 323 2044 3587 2137">
     <span class='ocr_line' id='line_1_35' title="bbox 323 2044 3587 2137; baseline -0.001 -36"><span class='ocrx_word' id='word_1_277' title='bbox 323 2047 563 2104; x_wconf 80' lang='lat' dir='ltr'><strong>diximus</strong></span> <span class='ocrx_word' id='word_1_278' title='bbox 596 2051 650 2105; x_wconf 92' lang='lat' dir='ltr'><strong>in</strong></span> <span class='ocrx_word' id='word_1_279' title='bbox 679 2066 732 2105; x_wconf 80' lang='lat' dir='ltr'><strong>Ix</strong></span> <span class='ocrx_word' id='word_1_280' title='bbox 763 2059 817 2106; x_wconf 91' lang='lat' dir='ltr'><strong>et</strong></span> <span class='ocrx_word' id='word_1_281' title='bbox 849 2066 907 2106; x_wconf 77' lang='lat' dir='ltr'><strong>XI</strong></span> <span class='ocrx_word' id='word_1_282' title='bbox 959 2051 1190 2121; x_wconf 86' lang='lat' dir='ltr'><strong>psalmo.</strong></span> <span class='ocrx_word' id='word_1_283' title='bbox 1248 2049 1320 2112; x_wconf 86' lang='lat' dir='ltr'><strong>Ut</strong></span> <span class='ocrx_word' id='word_1_284' title='bbox 1394 2051 1604 2122; x_wconf 86' lang='lat' dir='ltr'><strong>iudicet</strong></span> <span class='ocrx_word' id='word_1_285' title='bbox 1663 2068 1780 2118; x_wconf 85' lang='lat' dir='ltr'><strong>eos,</strong></span> <span class='ocrx_word' id='word_1_286' title='bbox 1834 2052 1973 2108; x_wconf 87' lang='lat' dir='ltr'><strong>alios</strong></span> <span class='ocrx_word' id='word_1_287' title='bbox 2013 2053 2230 2123; x_wconf 88' lang='lat' dir='ltr'><strong>quidem</strong></span> <span class='ocrx_word' id='word_1_288' title='bbox 2261 2054 2414 2137; x_wconf 82' lang='lat' dir='ltr'><strong>iusto</strong></span> <span class='ocrx_word' id='word_1_289' title='bbox 2445 2054 2651 2124; x_wconf 91' lang='lat' dir='ltr'><strong>iudicio</strong></span> <span class='ocrx_word' id='word_1_290' title='bbox 2680 2052 3060 2109; x_wconf 86' lang='lat' dir='ltr'><strong>condemnans</strong></span> <span class='ocrx_word' id='word_1_291' title='bbox 3085 2090 3102 2115; x_wconf 89' lang='lat'><strong>,</strong></span> <span class='ocrx_word' id='word_1_292' title='bbox 3145 2048 3281 2111; x_wconf 79' lang='lat' dir='ltr'><strong>alios</strong></span> <span class='ocrx_word' id='word_1_293' title='bbox 3307 2056 3488 2101; x_wconf 81' lang='lat' dir='ltr'><strong>autem</strong></span> <span class='ocrx_word' id='word_1_294' title='bbox 3524 2044 3587 2098; x_wconf 84' lang='lat' dir='ltr'><strong>ad</strong></span> 
     </span>
    </p>
   </div>
   <div class='ocr_carea' id='block_1_36' title="bbox 331 2143 932 2212">
    <p class='ocr_par' dir='ltr' id='par_1_36' title="bbox 331 2143 932 2212">
     <span class='ocr_line' id='line_1_36' title="bbox 331 2143 932 2212; baseline 0.002 -15"><span class='ocrx_word' id='word_1_295' title='bbox 331 2143 566 2198; x_wconf 84' lang='lat' dir='ltr'><strong>salutem</strong></span> <span class='ocrx_word' id='word_1_296' title='bbox 603 2143 932 2212; x_wconf 88' lang='lat' dir='ltr'><strong>iustiﬁcans.</strong></span> 
     </span>
    </p>
   </div>
   <div class='ocr_carea' id='block_1_37' title="bbox 397 2234 1986 2306">
    <p class='ocr_par' dir='ltr' id='par_1_37' title="bbox 397 2234 1986 2306">
     <span class='ocr_line' id='line_1_37' title="bbox 397 2234 1986 2306; baseline 0.001 -17"><span class='ocrx_word' id='word_1_297' title='bbox 397 2234 561 2291; x_wconf 77' lang='lat' dir='ltr'><strong>Vens.</strong></span> <span class='ocrx_word' id='word_1_298' title='bbox 597 2238 652 2290; x_wconf 81' lang='lat'><strong>‘5.</strong></span> <span class='ocrx_word' id='word_1_299' title='bbox 689 2237 997 2305; x_wconf 73' lang='lat' dir='ltr'><strong>Suscipiunt</strong></span> <span class='ocrx_word' id='word_1_300' title='bbox 1020 2246 1223 2292; x_wconf 79' lang='lat' dir='ltr'><strong>utentes</strong></span> <span class='ocrx_word' id='word_1_301' title='bbox 1244 2252 1427 2306; x_wconf 86' lang='lat' dir='ltr'><strong>pacem</strong></span> <span class='ocrx_word' id='word_1_302' title='bbox 1448 2235 1658 2306; x_wconf 75' lang='lat' dir='ltr'><strong>populo,</strong></span> <span class='ocrx_word' id='word_1_303' title='bbox 1678 2247 1725 2292; x_wconf 88' lang='lat' dir='ltr'><strong>et</strong></span> <span class='ocrx_word' id='word_1_304' title='bbox 1749 2237 1909 2291; x_wconf 81' lang='lat' dir='ltr'><strong>colles</strong></span> <span class='ocrx_word' id='word_1_305' title='bbox 1938 2238 1986 2301; x_wconf 84' lang='lat' dir='ltr'><strong>B</strong></span> 
     </span>
    </p>
   </div>
   <div class='ocr_carea' id='block_1_38' title="bbox 324 2327 1914 2400">
    <p class='ocr_par' dir='ltr' id='par_1_38' title="bbox 324 2327 1914 2400">
     <span class='ocr_line' id='line_1_38' title="bbox 324 2327 1914 2400; baseline 0.003 -18"><span class='ocrx_word' id='word_1_306' title='bbox 324 2330 611 2393; x_wconf 72' lang='lat' dir='ltr'><strong>iustitiam.</strong></span> <span class='ocrx_word' id='word_1_307' title='bbox 642 2327 699 2384; x_wconf 91' lang='lat' dir='ltr'><strong>lu</strong></span> <span class='ocrx_word' id='word_1_308' title='bbox 738 2330 1141 2399; x_wconf 68' lang='lat' dir='ltr'><strong>prosopopoeiae</strong></span> <span class='ocrx_word' id='word_1_309' title='bbox 1179 2330 1416 2400; x_wconf 85' lang='lat' dir='ltr'><strong>speciem</strong></span> <span class='ocrx_word' id='word_1_310' title='bbox 1445 2370 1459 2395; x_wconf 89' lang='lat'><strong>,</strong></span> <span class='ocrx_word' id='word_1_311' title='bbox 1506 2342 1720 2386; x_wconf 86' lang='lat' dir='ltr'><strong>montes</strong></span> <span class='ocrx_word' id='word_1_312' title='bbox 1758 2332 1914 2400; x_wconf 89' lang='lat' dir='ltr'><strong>iubet</strong></span> 
     </span>
    </p>
   </div>
   <div class='ocr_carea' id='block_1_39' title="bbox 323 2420 1913 2492">
    <p class='ocr_par' dir='ltr' id='par_1_39' title="bbox 323 2420 1913 2492">
     <span class='ocr_line' id='line_1_39' title="bbox 323 2420 1913 2492; baseline 0.003 -18"><span class='ocrx_word' id='word_1_313' title='bbox 323 2422 603 2491; x_wconf 85' lang='lat' dir='ltr'><strong>suscipere</strong></span> <span class='ocrx_word' id='word_1_314' title='bbox 632 2435 818 2491; x_wconf 86' lang='lat' dir='ltr'><strong>pacem</strong></span> <span class='ocrx_word' id='word_1_315' title='bbox 871 2436 1003 2492; x_wconf 89' lang='lat' dir='ltr'><strong>erga</strong></span> <span class='ocrx_word' id='word_1_316' title='bbox 1033 2420 1239 2477; x_wconf 80' lang='lat' dir='ltr'><strong>Christi</strong></span> <span class='ocrx_word' id='word_1_317' title='bbox 1276 2423 1539 2492; x_wconf 87' lang='lat' dir='ltr'><strong>populum</strong></span> <span class='ocrx_word' id='word_1_318' title='bbox 1568 2463 1583 2489; x_wconf 92' lang='lat'><strong>,</strong></span> <span class='ocrx_word' id='word_1_319' title='bbox 1640 2430 1697 2477; x_wconf 89' lang='lat' dir='ltr'><strong>et</strong></span> <span class='ocrx_word' id='word_1_320' title='bbox 1743 2423 1913 2479; x_wconf 87' lang='lat' dir='ltr'><strong>colles</strong></span> 
     </span>
    </p>
   </div>
   <div class='ocr_carea' id='block_1_40' title="bbox 321 2512 1911 2584">
    <p class='ocr_par' dir='ltr' id='par_1_40' title="bbox 321 2512 1911 2584">
     <span class='ocr_line' id='line_1_40' title="bbox 321 2512 1911 2584; baseline 0.001 -17"><span class='ocrx_word' id='word_1_321' title='bbox 321 2513 611 2584; x_wconf 85' lang='lat' dir='ltr'><strong>iustitiam,</strong></span> <span class='ocrx_word' id='word_1_322' title='bbox 643 2525 698 2569; x_wconf 89' lang='lat' dir='ltr'><strong>et</strong></span> <span class='ocrx_word' id='word_1_323' title='bbox 748 2522 963 2570; x_wconf 86' lang='lat' dir='ltr'><strong>montes</strong></span> <span class='ocrx_word' id='word_1_324' title='bbox 1011 2513 1231 2584; x_wconf 87' lang='lat' dir='ltr'><strong>quidem</strong></span> <span class='ocrx_word' id='word_1_325' title='bbox 1294 2512 1577 2583; x_wconf 86' lang='lat' dir='ltr'><strong>paciﬁcam</strong></span> <span class='ocrx_word' id='word_1_326' title='bbox 1626 2514 1708 2570; x_wconf 90' lang='lat' dir='ltr'><strong>eis</strong></span> <span class='ocrx_word' id='word_1_327' title='bbox 1743 2515 1911 2568; x_wconf 83' lang='lat' dir='ltr'><strong>vitam</strong></span> 
     </span>
    </p>
   </div>
   <div class='ocr_carea' id='block_1_41' title="bbox 325 2600 1912 2678">
    <p class='ocr_par' dir='ltr' id='par_1_41' title="bbox 325 2600 1912 2678">
     <span class='ocr_line' id='line_1_41' title="bbox 325 2600 1912 2678; baseline 0.001 -18"><span class='ocrx_word' id='word_1_328' title='bbox 325 2620 609 2675; x_wconf 78' lang='lat' dir='ltr'><strong>praestare,</strong></span> <span class='ocrx_word' id='word_1_329' title='bbox 644 2608 888 2678; x_wconf 74' lang='lat' dir='ltr'><strong>expulsis</strong></span> <span class='ocrx_word' id='word_1_330' title='bbox 915 2608 1173 2663; x_wconf 83' lang='lat' dir='ltr'><strong>nimirum</strong></span> <span class='ocrx_word' id='word_1_331' title='bbox 1210 2600 1491 2663; x_wconf 88' lang='lat' dir='ltr'><strong>seditiosis</strong></span> <span class='ocrx_word' id='word_1_332' title='bbox 1525 2622 1588 2659; x_wconf 89' lang='lat' dir='ltr'><strong>ac</strong></span> <span class='ocrx_word' id='word_1_333' title='bbox 1651 2608 1912 2676; x_wconf 79' lang='lat' dir='ltr'><strong>malignis</strong></span> 
     </span>
    </p>
   </div>
   <div class='ocr_carea' id='block_1_42' title="bbox 328 2701 1908 2772">
    <p class='ocr_par' dir='ltr' id='par_1_42' title="bbox 328 2701 1908 2772">
     <span class='ocr_line' id='line_1_42' title="bbox 328 2701 1908 2772; baseline -0.001 -17"><span class='ocrx_word' id='word_1_334' title='bbox 328 2704 641 2756; x_wconf 69' lang='lat' dir='ltr'><strong>daemonum</strong></span> <span class='ocrx_word' id='word_1_335' title='bbox 668 2702 978 2771; x_wconf 82' lang='lat' dir='ltr'><strong>spiritibus,</strong></span> <span class='ocrx_word' id='word_1_336' title='bbox 1011 2702 1179 2757; x_wconf 87' lang='lat' dir='ltr'><strong>colles</strong></span> <span class='ocrx_word' id='word_1_337' title='bbox 1209 2702 1499 2772; x_wconf 88' lang='lat' dir='ltr'><strong>veroiuste</strong></span> <span class='ocrx_word' id='word_1_338' title='bbox 1515 2701 1908 2765; x_wconf 81' lang='lat' dir='ltr'><strong>eisdeservire,</strong></span> 
     </span>
    </p>
   </div>
   <div class='ocr_carea' id='block_1_43' title="bbox 330 2791 1914 2861">
    <p class='ocr_par' dir='ltr' id='par_1_43' title="bbox 330 2791 1914 2861">
     <span class='ocr_line' id='line_1_43' title="bbox 330 2791 1914 2861; baseline -0.003 -16"><span class='ocrx_word' id='word_1_339' title='bbox 330 2792 492 2861; x_wconf 86' lang='lat' dir='ltr'><strong>quasi</strong></span> <span class='ocrx_word' id='word_1_340' title='bbox 542 2791 822 2847; x_wconf 84' lang='lat' dir='ltr'><strong>Creatoris</strong></span> <span class='ocrx_word' id='word_1_341' title='bbox 854 2791 950 2847; x_wconf 86' lang='lat' dir='ltr'><strong>Dei</strong></span> <span class='ocrx_word' id='word_1_342' title='bbox 1003 2792 1202 2847; x_wconf 86' lang='lat' dir='ltr'><strong>servis.</strong></span> <span class='ocrx_word' id='word_1_343' title='bbox 1247 2791 1352 2848; x_wconf 87' lang='lat' dir='ltr'><strong>Per</strong></span> <span class='ocrx_word' id='word_1_344' title='bbox 1388 2802 1589 2846; x_wconf 75' lang='lat' dir='ltr'><strong>montes</strong></span> <span class='ocrx_word' id='word_1_345' title='bbox 1638 2792 1801 2846; x_wconf 87' lang='lat' dir='ltr'><strong>etiam</strong></span> <span class='ocrx_word' id='word_1_346' title='bbox 1860 2796 1914 2842; x_wconf 86' lang='lat' dir='ltr'><strong>et</strong></span> 
     </span>
    </p>
   </div>
   <div class='ocr_carea' id='block_1_44' title="bbox 324 2884 1911 2955">
    <p class='ocr_par' dir='ltr' id='par_1_44' title="bbox 324 2884 1911 2955">
     <span class='ocr_line' id='line_1_44' title="bbox 324 2884 1911 2955; baseline 0 -17"><span class='ocrx_word' id='word_1_347' title='bbox 324 2884 480 2939; x_wconf 76' lang='lat' dir='ltr'><strong>colles</strong></span> <span class='ocrx_word' id='word_1_348' title='bbox 518 2893 777 2955; x_wconf 86' lang='lat' dir='ltr'><strong>tanquam</strong></span> <span class='ocrx_word' id='word_1_349' title='bbox 811 2885 1229 2949; x_wconf 86' lang='lat' dir='ltr'><strong>eminentiores,</strong></span> <span class='ocrx_word' id='word_1_350' title='bbox 1265 2899 1484 2941; x_wconf 87' lang='lat' dir='ltr'><strong>omnem</strong></span> <span class='ocrx_word' id='word_1_351' title='bbox 1523 2896 1720 2941; x_wconf 87' lang='lat' dir='ltr'><strong>terram</strong></span> <span class='ocrx_word' id='word_1_352' title='bbox 1756 2901 1911 2940; x_wconf 60' lang='lat' dir='ltr'><strong>comm</strong></span> 
     </span>
    </p>
   </div>
   <div class='ocr_carea' id='block_1_45' title="bbox 323 2976 1908 3046">
    <p class='ocr_par' dir='ltr' id='par_1_45' title="bbox 323 2976 1908 3046">
     <span class='ocr_line' id='line_1_45' title="bbox 323 2976 1908 3046; baseline 0.002 -16"><span class='ocrx_word' id='word_1_353' title='bbox 323 2976 637 3046; x_wconf 85' lang='lat' dir='ltr'><strong>prehendit.</strong></span> <span class='ocrx_word' id='word_1_354' title='bbox 700 2977 756 3031; x_wconf 88' lang='lat' dir='ltr'><strong>in</strong></span> <span class='ocrx_word' id='word_1_355' title='bbox 797 2990 900 3045; x_wconf 87' lang='lat' dir='ltr'><strong>qua</strong></span> <span class='ocrx_word' id='word_1_356' title='bbox 948 2978 1244 3032; x_wconf 88' lang='lat' dir='ltr'><strong>habitaturi</strong></span> <span class='ocrx_word' id='word_1_357' title='bbox 1312 2990 1467 3037; x_wconf 83' lang='lat' dir='ltr'><strong>erant</strong></span> <span class='ocrx_word' id='word_1_358' title='bbox 1522 2978 1908 3045; x_wconf 60' lang='lat' dir='ltr'><strong>anachoreta,</strong></span> 
     </span>
    </p>
   </div>
   <div class='ocr_carea' id='block_1_46' title="bbox 325 3069 1912 3140">
    <p class='ocr_par' dir='ltr' id='par_1_46' title="bbox 325 3069 1912 3140">
     <span class='ocr_line' id='line_1_46' title="bbox 325 3069 1912 3140; baseline 0.003 -21"><span class='ocrx_word' id='word_1_359' title='bbox 325 3079 489 3138; x_wconf 83' lang='lat' dir='ltr'><strong>atque</strong></span> <span class='ocrx_word' id='word_1_360' title='bbox 532 3069 792 3136; x_wconf 64' lang='lat' dir='ltr'><strong>eremitw,</strong></span> <span class='ocrx_word' id='word_1_361' title='bbox 820 3078 876 3126; x_wconf 90' lang='lat' dir='ltr'><strong>et</strong></span> <span class='ocrx_word' id='word_1_362' title='bbox 901 3084 1093 3125; x_wconf 88' lang='lat' dir='ltr'><strong>omnes</strong></span> <span class='ocrx_word' id='word_1_363' title='bbox 1136 3069 1345 3125; x_wconf 84' lang='lat' dir='ltr'><strong>Christi</strong></span> <span class='ocrx_word' id='word_1_364' title='bbox 1395 3070 1615 3127; x_wconf 85' lang='lat' dir='ltr'><strong>milites.</strong></span> <span class='ocrx_word' id='word_1_365' title='bbox 1665 3069 1762 3125; x_wconf 81' lang='lat' dir='ltr'><strong>Vel</strong></span> <span class='ocrx_word' id='word_1_366' title='bbox 1814 3086 1912 3140; x_wconf 86' lang='lat' dir='ltr'><strong>per</strong></span> 
     </span>
    </p>
   </div>
   <div class='ocr_carea' id='block_1_47' title="bbox 326 3160 1905 3233">
    <p class='ocr_par' dir='ltr' id='par_1_47' title="bbox 326 3160 1905 3233">
     <span class='ocr_line' id='line_1_47' title="bbox 326 3160 1905 3233; baseline 0.002 -21"><span class='ocrx_word' id='word_1_367' title='bbox 326 3170 528 3214; x_wconf 75' lang='lat' dir='ltr'><strong>utentes</strong></span> <span class='ocrx_word' id='word_1_368' title='bbox 599 3160 817 3229; x_wconf 87' lang='lat' dir='ltr'><strong>quidem</strong></span> <span class='ocrx_word' id='word_1_369' title='bbox 878 3162 1241 3232; x_wconf 88' lang='lat' dir='ltr'><strong>archangelos</strong></span> <span class='ocrx_word' id='word_1_370' title='bbox 1293 3163 1590 3233; x_wconf 80' lang='lat' dir='ltr'><strong>intelligit,</strong></span> <span class='ocrx_word' id='word_1_371' title='bbox 1647 3171 1905 3232; x_wconf 88' lang='lat' dir='ltr'><strong>tanquam</strong></span> 
     </span>
    </p>
   </div>
   <div class='ocr_carea' id='block_1_48' title="bbox 324 3251 1906 3324">
    <p class='ocr_par' dir='ltr' id='par_1_48' title="bbox 324 3251 1906 3324">
     <span class='ocr_line' id='line_1_48' title="bbox 324 3251 1906 3324; baseline 0.001 -19"><span class='ocrx_word' id='word_1_372' title='bbox 324 3251 717 3310; x_wconf 86' lang='lat' dir='ltr'><strong>eminentiores</strong></span> <span class='ocrx_word' id='word_1_373' title='bbox 771 3260 827 3308; x_wconf 84' lang='lat' dir='ltr'><strong>et</strong></span> <span class='ocrx_word' id='word_1_374' title='bbox 894 3255 1205 3323; x_wconf 83' lang='lat' dir='ltr'><strong>superiores</strong></span> <span class='ocrx_word' id='word_1_375' title='bbox 1255 3255 1564 3324; x_wconf 82' lang='lat' dir='ltr'><strong>potentias;</strong></span> <span class='ocrx_word' id='word_1_376' title='bbox 1604 3270 1702 3324; x_wconf 87' lang='lat' dir='ltr'><strong>per</strong></span> <span class='ocrx_word' id='word_1_377' title='bbox 1748 3254 1906 3308; x_wconf 74' lang='lat' dir='ltr'><strong>colles</strong></span> 
     </span>
    </p>
   </div>
   <div class='ocr_carea' id='block_1_49' title="bbox 321 3342 1905 3415">
    <p class='ocr_par' dir='ltr' id='par_1_49' title="bbox 321 3342 1905 3415">
     <span class='ocr_line' id='line_1_49' title="bbox 321 3342 1905 3415; baseline -0.001 -17"><span class='ocrx_word' id='word_1_378' title='bbox 321 3358 483 3406; x_wconf 69' lang='lat' dir='ltr'><strong>vero,</strong></span> <span class='ocrx_word' id='word_1_379' title='bbox 518 3342 672 3413; x_wconf 88' lang='lat' dir='ltr'><strong>ipsos</strong></span> <span class='ocrx_word' id='word_1_380' title='bbox 704 3344 930 3415; x_wconf 82' lang='lat' dir='ltr'><strong>angelos</strong></span> <span class='ocrx_word' id='word_1_381' title='bbox 958 3385 974 3411; x_wconf 95' lang='lat'><strong>,</strong></span> <span class='ocrx_word' id='word_1_382' title='bbox 1003 3357 1263 3414; x_wconf 82' lang='lat' dir='ltr'><strong>tanquam</strong></span> <span class='ocrx_word' id='word_1_383' title='bbox 1297 3346 1402 3400; x_wconf 86' lang='lat' dir='ltr'><strong>illis</strong></span> <span class='ocrx_word' id='word_1_384' title='bbox 1445 3344 1747 3414; x_wconf 87' lang='lat' dir='ltr'><strong>subiectos.</strong></span> <span class='ocrx_word' id='word_1_385' title='bbox 1779 3344 1905 3398; x_wconf 60' lang='lat' dir='ltr'><strong>Ele.</strong></span> 
     </span>
    </p>
   </div>
   <div class='ocr_carea' id='block_1_50' title="bbox 322 3432 1900 3503">
    <p class='ocr_par' dir='ltr' id='par_1_50' title="bbox 322 3432 1900 3503">
     <span class='ocr_line' id='line_1_50' title="bbox 322 3432 1900 3503; baseline 0.002 -17"><span class='ocrx_word' id='word_1_386' title='bbox 322 3432 436 3487; x_wconf 83' lang='lat' dir='ltr'><strong>vati</strong></span> <span class='ocrx_word' id='word_1_387' title='bbox 468 3438 651 3487; x_wconf 86' lang='lat' dir='ltr'><strong>tamen</strong></span> <span class='ocrx_word' id='word_1_388' title='bbox 681 3445 814 3489; x_wconf 89' lang='lat' dir='ltr'><strong>sunt</strong></span> <span class='ocrx_word' id='word_1_389' title='bbox 845 3435 1065 3503; x_wconf 88' lang='lat' dir='ltr'><strong>utrique</strong></span> <span class='ocrx_word' id='word_1_390' title='bbox 1099 3450 1286 3490; x_wconf 87' lang='lat' dir='ltr'><strong>eorum</strong></span> <span class='ocrx_word' id='word_1_391' title='bbox 1319 3435 1541 3491; x_wconf 86' lang='lat' dir='ltr'><strong>ordines</strong></span> <span class='ocrx_word' id='word_1_392' title='bbox 1568 3451 1597 3488; x_wconf 91' lang='lat' dir='ltr'><strong>a</strong></span> <span class='ocrx_word' id='word_1_393' title='bbox 1644 3435 1900 3497; x_wconf 86' lang='lat' dir='ltr'><strong>terrenis,</strong></span> 
     </span>
    </p>
   </div>
   <div class='ocr_carea' id='block_1_51' title="bbox 324 3529 1903 3600">
    <p class='ocr_par' dir='ltr' id='par_1_51' title="bbox 324 3529 1903 3600">
     <span class='ocr_line' id='line_1_51' title="bbox 324 3529 1903 3600; baseline 0.003 -21"><span class='ocrx_word' id='word_1_394' title='bbox 324 3541 432 3580; x_wconf 89' lang='lat' dir='ltr'><strong>non</strong></span> <span class='ocrx_word' id='word_1_395' title='bbox 465 3541 622 3582; x_wconf 89' lang='lat' dir='ltr'><strong>secus</strong></span> <span class='ocrx_word' id='word_1_396' title='bbox 650 3541 716 3582; x_wconf 87' lang='lat' dir='ltr'><strong>ac</strong></span> <span class='ocrx_word' id='word_1_397' title='bbox 761 3535 979 3584; x_wconf 83' lang='lat' dir='ltr'><strong>montes</strong></span> <span class='ocrx_word' id='word_1_398' title='bbox 1006 3536 1062 3581; x_wconf 80' lang='lat' dir='ltr'><strong>et</strong></span> <span class='ocrx_word' id='word_1_399' title='bbox 1094 3529 1265 3584; x_wconf 91' lang='lat' dir='ltr'><strong>colles</strong></span> <span class='ocrx_word' id='word_1_400' title='bbox 1292 3544 1320 3581; x_wconf 85' lang='lat' dir='ltr'><strong>a</strong></span> <span class='ocrx_word' id='word_1_401' title='bbox 1353 3538 1519 3585; x_wconf 84' lang='lat' dir='ltr'><strong>terra.</strong></span> <span class='ocrx_word' id='word_1_402' title='bbox 1566 3530 1680 3585; x_wconf 83' lang='lat' dir='ltr'><strong>Hos</strong></span> <span class='ocrx_word' id='word_1_403' title='bbox 1736 3532 1903 3600; x_wconf 75' lang='lat' dir='ltr'><strong>igitur</strong></span> 
     </span>
    </p>
   </div>
   <div class='ocr_carea' id='block_1_52' title="bbox 323 3618 1899 3690">
    <p class='ocr_par' dir='ltr' id='par_1_52' title="bbox 323 3618 1899 3690">
     <span class='ocr_line' id='line_1_52' title="bbox 323 3618 1899 3690; baseline 0.001 -18"><span class='ocrx_word' id='word_1_404' title='bbox 323 3618 582 3690; x_wconf 85' lang='lat' dir='ltr'><strong>deinceps</strong></span> <span class='ocrx_word' id='word_1_405' title='bbox 601 3620 781 3688; x_wconf 88' lang='lat' dir='ltr'><strong>iubet,</strong></span> <span class='ocrx_word' id='word_1_406' title='bbox 814 3631 873 3674; x_wconf 90' lang='lat' dir='ltr'><strong>ut</strong></span> <span class='ocrx_word' id='word_1_407' title='bbox 904 3620 1132 3690; x_wconf 85' lang='lat' dir='ltr'><strong>paciﬁce</strong></span> <span class='ocrx_word' id='word_1_408' title='bbox 1167 3635 1227 3675; x_wconf 84' lang='lat' dir='ltr'><strong>se</strong></span> <span class='ocrx_word' id='word_1_409' title='bbox 1262 3620 1500 3675; x_wconf 87' lang='lat' dir='ltr'><strong>habeant</strong></span> <span class='ocrx_word' id='word_1_410' title='bbox 1533 3636 1658 3675; x_wconf 88' lang='lat' dir='ltr'><strong>cum</strong></span> <span class='ocrx_word' id='word_1_411' title='bbox 1693 3620 1899 3675; x_wconf 86' lang='lat' dir='ltr'><strong>Christi</strong></span> 
     </span>
    </p>
   </div>
   <div class='ocr_carea' id='block_1_53' title="bbox 322 3709 1904 3780">
    <p class='ocr_par' dir='ltr' id='par_1_53' title="bbox 322 3709 1904 3780">
     <span class='ocr_line' id='line_1_53' title="bbox 322 3709 1904 3780; baseline 0 -17"><span class='ocrx_word' id='word_1_412' title='bbox 322 3710 545 3780; x_wconf 91' lang='lat' dir='ltr'><strong>populo,</strong></span> <span class='ocrx_word' id='word_1_413' title='bbox 589 3717 757 3780; x_wconf 85' lang='lat' dir='ltr'><strong>utque</strong></span> <span class='ocrx_word' id='word_1_414' title='bbox 785 3711 993 3779; x_wconf 89' lang='lat' dir='ltr'><strong>iustam</strong></span> <span class='ocrx_word' id='word_1_415' title='bbox 1029 3710 1107 3763; x_wconf 89' lang='lat' dir='ltr'><strong>illi</strong></span> <span class='ocrx_word' id='word_1_416' title='bbox 1141 3724 1209 3762; x_wconf 80' lang='lat' dir='ltr'><strong>ne</strong></span> <span class='ocrx_word' id='word_1_417' title='bbox 1239 3709 1477 3769; x_wconf 84' lang='lat' dir='ltr'><strong>debitam</strong></span> <span class='ocrx_word' id='word_1_418' title='bbox 1500 3750 1516 3773; x_wconf 88' lang='lat'><strong>,</strong></span> <span class='ocrx_word' id='word_1_419' title='bbox 1544 3709 1701 3778; x_wconf 88' lang='lat' dir='ltr'><strong>quasi</strong></span> <span class='ocrx_word' id='word_1_420' title='bbox 1727 3709 1904 3778; x_wconf 86' lang='lat' dir='ltr'><strong>ipsius</strong></span> 
     </span>
    </p>
   </div>
   <div class='ocr_carea' id='block_1_54' title="bbox 322 3800 1905 3870">
    <p class='ocr_par' dir='ltr' id='par_1_54' title="bbox 322 3800 1905 3870">
     <span class='ocr_line' id='line_1_54' title="bbox 322 3800 1905 3870; baseline 0.001 -17"><span class='ocrx_word' id='word_1_421' title='bbox 322 3800 536 3856; x_wconf 87' lang='lat' dir='ltr'><strong>Domini</strong></span> <span class='ocrx_word' id='word_1_422' title='bbox 582 3800 888 3855; x_wconf 70' lang='lat' dir='ltr'><strong>haereditati</strong></span> <span class='ocrx_word' id='word_1_423' title='bbox 917 3841 932 3867; x_wconf 93' lang='lat'><strong>,</strong></span> <span class='ocrx_word' id='word_1_424' title='bbox 979 3816 1137 3867; x_wconf 86' lang='lat' dir='ltr'><strong>opem</strong></span> <span class='ocrx_word' id='word_1_425' title='bbox 1206 3800 1405 3855; x_wconf 79' lang='lat' dir='ltr'><strong>ierant.</strong></span> <span class='ocrx_word' id='word_1_426' title='bbox 1461 3800 1620 3855; x_wconf 88' lang='lat' dir='ltr'><strong>Prius</strong></span> <span class='ocrx_word' id='word_1_427' title='bbox 1669 3817 1905 3870; x_wconf 86' lang='lat' dir='ltr'><strong>namque</strong></span> 
     </span>
    </p>
   </div>
   <div class='ocr_carea' id='block_1_55' title="bbox 324 3892 1902 3962">
    <p class='ocr_par' dir='ltr' id='par_1_55' title="bbox 324 3892 1902 3962">
     <span class='ocr_line' id='line_1_55' title="bbox 324 3892 1902 3962; baseline 0.001 -16"><span class='ocrx_word' id='word_1_428' title='bbox 324 3893 546 3948; x_wconf 86' lang='lat' dir='ltr'><strong>inimice</strong></span> <span class='ocrx_word' id='word_1_429' title='bbox 569 3892 851 3947; x_wconf 86' lang='lat' dir='ltr'><strong>nobiscum</strong></span> <span class='ocrx_word' id='word_1_430' title='bbox 893 3892 1130 3960; x_wconf 75' lang='lat' dir='ltr'><strong>agebant</strong></span> <span class='ocrx_word' id='word_1_431' title='bbox 1184 3892 1400 3962; x_wconf 84' lang='lat' dir='ltr'><strong>angeli,</strong></span> <span class='ocrx_word' id='word_1_432' title='bbox 1426 3893 1497 3947; x_wconf 92' lang='lat' dir='ltr'><strong>ob</strong></span> <span class='ocrx_word' id='word_1_433' title='bbox 1533 3903 1773 3948; x_wconf 85' lang='lat' dir='ltr'><strong>veterem</strong></span> <span class='ocrx_word' id='word_1_434' title='bbox 1814 3895 1902 3947; x_wconf 84' lang='lat' dir='ltr'><strong>ni-</strong></span> 
     </span>
    </p>
   </div>
   <div class='ocr_carea' id='block_1_56' title="bbox 322 3981 1905 4055">
    <p class='ocr_par' dir='ltr' id='par_1_56' title="bbox 322 3981 1905 4055">
     <span class='ocr_line' id='line_1_56' title="bbox 322 3981 1905 4055; baseline 0.003 -17"><span class='ocrx_word' id='word_1_435' title='bbox 322 3985 525 4038; x_wconf 88' lang='lat' dir='ltr'><strong>mirum</strong></span> <span class='ocrx_word' id='word_1_436' title='bbox 560 3981 1029 4054; x_wconf 57' lang='lat' dir='ltr'><strong>impietatemAiel</strong></span> <span class='ocrx_word' id='word_1_437' title='bbox 1061 3998 1155 4053; x_wconf 89' lang='lat' dir='ltr'><strong>per</strong></span> <span class='ocrx_word' id='word_1_438' title='bbox 1187 3992 1421 4050; x_wconf 81' lang='lat' dir='ltr'><strong>montes,</strong></span> <span class='ocrx_word' id='word_1_439' title='bbox 1458 4000 1612 4055; x_wconf 78' lang='lat' dir='ltr'><strong>rcges</strong></span> <span class='ocrx_word' id='word_1_440' title='bbox 1642 4001 1707 4040; x_wconf 88' lang='lat' dir='ltr'><strong>ac</strong></span> <span class='ocrx_word' id='word_1_441' title='bbox 1736 3986 1905 4044; x_wconf 85' lang='lat' dir='ltr'><strong>duces</strong></span> 
     </span>
    </p>
   </div>
   <div class='ocr_carea' id='block_1_57' title="bbox 320 4076 1901 4148">
    <p class='ocr_par' dir='ltr' id='par_1_57' title="bbox 320 4076 1901 4148">
     <span class='ocr_line' id='line_1_57' title="bbox 320 4076 1901 4148; baseline 0.001 -16"><span class='ocrx_word' id='word_1_442' title='bbox 320 4076 743 4133; x_wconf 80' lang='lat' dir='ltr'><strong>excellentiores</strong></span> <span class='ocrx_word' id='word_1_443' title='bbox 788 4092 1041 4148; x_wconf 87' lang='lat' dir='ltr'><strong>quosque</strong></span> <span class='ocrx_word' id='word_1_444' title='bbox 1072 4077 1356 4147; x_wconf 87' lang='lat' dir='ltr'><strong>intellige:</strong></span> <span class='ocrx_word' id='word_1_445' title='bbox 1395 4096 1491 4148; x_wconf 87' lang='lat' dir='ltr'><strong>per</strong></span> <span class='ocrx_word' id='word_1_446' title='bbox 1528 4080 1692 4136; x_wconf 90' lang='lat' dir='ltr'><strong>colles</strong></span> <span class='ocrx_word' id='word_1_447' title='bbox 1731 4095 1861 4134; x_wconf 85' lang='lat' dir='ltr'><strong>vero</strong></span> <span class='ocrx_word' id='word_1_448' title='bbox 1887 4120 1901 4144; x_wconf 89' lang='lat'><strong>,</strong></span> 
     </span>
    </p>
   </div>
   <div class='ocr_carea' id='block_1_58' title="bbox 321 4167 1901 4239">
    <p class='ocr_par' dir='ltr' id='par_1_58' title="bbox 321 4167 1901 4239">
     <span class='ocr_line' id='line_1_58' title="bbox 321 4167 1901 4239; baseline 0.004 -20"><span class='ocrx_word' id='word_1_449' title='bbox 321 4167 461 4222; x_wconf 82' lang='lat' dir='ltr'><strong>alios</strong></span> <span class='ocrx_word' id='word_1_450' title='bbox 489 4167 766 4238; x_wconf 82' lang='lat' dir='ltr'><strong>principes</strong></span> <span class='ocrx_word' id='word_1_451' title='bbox 807 4167 918 4227; x_wconf 87' lang='lat' dir='ltr'><strong>illis</strong></span> <span class='ocrx_word' id='word_1_452' title='bbox 965 4170 1270 4239; x_wconf 84' lang='lat' dir='ltr'><strong>subiectos.</strong></span> <span class='ocrx_word' id='word_1_453' title='bbox 1318 4170 1469 4225; x_wconf 79' lang='lat' dir='ltr'><strong>Multi</strong></span> <span class='ocrx_word' id='word_1_454' title='bbox 1521 4174 1664 4227; x_wconf 89' lang='lat' dir='ltr'><strong>enim</strong></span> <span class='ocrx_word' id='word_1_455' title='bbox 1713 4188 1901 4227; x_wconf 89' lang='lat' dir='ltr'><strong>eorum</strong></span> 
     </span>
    </p>
   </div>
   <div class='ocr_carea' id='block_1_59' title="bbox 318 4260 1908 4335">
    <p class='ocr_par' dir='ltr' id='par_1_59' title="bbox 318 4260 1908 4335">
     <span class='ocr_line' id='line_1_59' title="bbox 318 4260 1908 4335; baseline 0.005 -23"><span class='ocrx_word' id='word_1_456' title='bbox 318 4269 589 4315; x_wconf 83' lang='lat' dir='ltr'><strong>venerunt</strong></span> <span class='ocrx_word' id='word_1_457' title='bbox 619 4260 686 4315; x_wconf 86' lang='lat' dir='ltr'><strong>ad</strong></span> <span class='ocrx_word' id='word_1_458' title='bbox 724 4260 884 4317; x_wconf 88' lang='lat' dir='ltr'><strong>ﬁdem</strong></span> <span class='ocrx_word' id='word_1_459' title='bbox 910 4304 925 4328; x_wconf 89' lang='lat'><strong>,</strong></span> <span class='ocrx_word' id='word_1_460' title='bbox 962 4263 1192 4333; x_wconf 78' lang='lat' dir='ltr'><strong>paciﬁca</strong></span> <span class='ocrx_word' id='word_1_461' title='bbox 1234 4277 1491 4335; x_wconf 82' lang='lat' dir='ltr'><strong>agentes.</strong></span> <span class='ocrx_word' id='word_1_462' title='bbox 1556 4276 1721 4335; x_wconf 84' lang='lat' dir='ltr'><strong>atque</strong></span> <span class='ocrx_word' id='word_1_463' title='bbox 1775 4280 1908 4335; x_wconf 74' lang='lat' dir='ltr'><strong>erga</strong></span> 
     </span>
    </p>
   </div>
   <div class='ocr_carea' id='block_1_60' title="bbox 2096 2231 3589 2303">
    <p class='ocr_par' dir='ltr' id='par_1_60' title="bbox 2096 2231 3589 2303">
     <span class='ocr_line' id='line_1_60' title="bbox 2096 2231 3589 2303; baseline -0.005 -13"><span class='ocrx_word' id='word_1_464' title='bbox 2096 2235 2461 2290; x_wconf 74' lang='grc' dir='ltr'>Ἀναλαόἐτω</span> <span class='ocrx_word' id='word_1_465' title='bbox 2522 2235 2592 2288; x_wconf 83' lang='grc' dir='ltr'>τὰ</span> <span class='ocrx_word' id='word_1_466' title='bbox 2631 2234 2738 2302; x_wconf 81' lang='grc' dir='ltr'><strong>ὅρη</strong></span> <span class='ocrx_word' id='word_1_467' title='bbox 2789 2233 3042 2303; x_wconf 73' lang='grc' dir='ltr'><strong>εἰρήνην</strong></span> <span class='ocrx_word' id='word_1_468' title='bbox 3070 2232 3149 2298; x_wconf 86' lang='grc' dir='ltr'>τῷ</span> <span class='ocrx_word' id='word_1_469' title='bbox 3177 2231 3341 2297; x_wconf 76' lang='grc' dir='ltr'><strong>.1αῷ’</strong></span> <span class='ocrx_word' id='word_1_470' title='bbox 3405 2231 3499 2284; x_wconf 67' lang='grc' dir='ltr'>καὶ</span> <span class='ocrx_word' id='word_1_471' title='bbox 3537 2232 3589 2284; x_wconf 73' lang='lat' dir='ltr'><strong>et</strong></span> 
     </span>
    </p>
   </div>
   <div class='ocr_carea' id='block_1_61' title="bbox 2010 2320 3643 2401">
    <p class='ocr_par' dir='ltr' id='par_1_61' title="bbox 2010 2320 3643 2401">
     <span class='ocr_line' id='line_1_61' title="bbox 2010 2320 3643 2401; baseline -0.006 -19"><span class='ocrx_word' id='word_1_472' title='bbox 2010 2327 2232 2393; x_wconf 67' lang='grc' dir='ltr'>βουνοί</span> <span class='ocrx_word' id='word_1_473' title='bbox 2269 2327 2690 2401; x_wconf 76' lang='grc' dir='ltr'><strong>δικαιοσύνην.</strong></span> <span class='ocrx_word' id='word_1_474' title='bbox 2724 2326 2882 2378; x_wconf 75' lang='grc' dir='ltr'>Κατὰ</span> <span class='ocrx_word' id='word_1_475' title='bbox 2922 2325 3081 2392; x_wconf 81' lang='grc' dir='ltr'>λόγον</span> <span class='ocrx_word' id='word_1_476' title='bbox 3123 2320 3581 2395; x_wconf 77' lang='grc' dir='ltr'>προσωποποιίας,</span> <span class='ocrx_word' id='word_1_477' title='bbox 3639 2379 3643 2383; x_wconf 94' lang='lat'>_</span> 
     </span>
    </p>
   </div>
   <div class='ocr_carea' id='block_1_62' title="bbox 2015 2413 3580 2489">
    <p class='ocr_par' dir='ltr' id='par_1_62' title="bbox 2015 2413 3580 2489">
     <span class='ocr_line' id='line_1_62' title="bbox 2015 2413 3580 2489; baseline -0.006 -17"><span class='ocrx_word' id='word_1_478' title='bbox 2015 2418 2367 2489; x_wconf 79' lang='grc' dir='ltr'>ὲγκελεύεται</span> <span class='ocrx_word' id='word_1_479' title='bbox 2396 2422 2511 2482; x_wconf 90' lang='grc' dir='ltr'>τοῖς</span> <span class='ocrx_word' id='word_1_480' title='bbox 2560 2418 2714 2487; x_wconf 74' lang='grc' dir='ltr'>ὄρεσι</span> <span class='ocrx_word' id='word_1_481' title='bbox 2759 2416 2859 2486; x_wconf 75' lang='grc' dir='ltr'><strong>μὲν</strong></span> <span class='ocrx_word' id='word_1_482' title='bbox 2905 2416 3313 2484; x_wconf 76' lang='grc' dir='ltr'>ἀναλαμϐάνειν</span> <span class='ocrx_word' id='word_1_483' title='bbox 3369 2413 3580 2482; x_wconf 75' lang='grc' dir='ltr'><strong>εἰρήνην</strong></span> 
     </span>
    </p>
   </div>
   <div class='ocr_carea' id='block_1_63' title="bbox 2015 2503 3579 2583">
    <p class='ocr_par' dir='ltr' id='par_1_63' title="bbox 2015 2503 3579 2583">
     <span class='ocr_line' id='line_1_63' title="bbox 2015 2503 3579 2583; baseline -0.006 -19"><span class='ocrx_word' id='word_1_484' title='bbox 2015 2512 2150 2583; x_wconf 76' lang='grc' dir='ltr'>πρὸς</span> <span class='ocrx_word' id='word_1_485' title='bbox 2169 2510 2263 2566; x_wconf 84' lang='grc' dir='ltr'>τοῦ</span> <span class='ocrx_word' id='word_1_486' title='bbox 2296 2510 2534 2581; x_wconf 78' lang='grc' dir='ltr'><strong>Χριστοῦ</strong></span> <span class='ocrx_word' id='word_1_487' title='bbox 2564 2550 2579 2576; x_wconf 88' lang='grc'><strong>,</strong></span> <span class='ocrx_word' id='word_1_488' title='bbox 2622 2512 2730 2572; x_wconf 90' lang='grc' dir='ltr'>τοῖς</span> <span class='ocrx_word' id='word_1_489' title='bbox 2754 2509 2811 2561; x_wconf 78' lang='grc' dir='ltr'><strong>δὲ</strong></span> <span class='ocrx_word' id='word_1_490' title='bbox 2852 2508 3063 2579; x_wconf 76' lang='grc' dir='ltr'><strong>βουνοῖς</strong></span> <span class='ocrx_word' id='word_1_491' title='bbox 3098 2504 3469 2573; x_wconf 78' lang='grc' dir='ltr'>δικαιοσύνην·</span> <span class='ocrx_word' id='word_1_492' title='bbox 3493 2503 3579 2555; x_wconf 77' lang='grc' dir='ltr'><strong>καὶ</strong></span> 
     </span>
    </p>
   </div>
   <div class='ocr_carea' id='block_1_64' title="bbox 2012 2593 3579 2676">
    <p class='ocr_par' dir='ltr' id='par_1_64' title="bbox 2012 2593 3579 2676">
     <span class='ocr_line' id='line_1_64' title="bbox 2012 2593 3579 2676; baseline -0.007 -19"><span class='ocrx_word' id='word_1_493' title='bbox 2012 2604 2083 2657; x_wconf 71' lang='grc' dir='ltr'>τὰ</span> <span class='ocrx_word' id='word_1_494' title='bbox 2104 2605 2207 2674; x_wconf 85' lang='grc' dir='ltr'><strong>μὲν</strong></span> <span class='ocrx_word' id='word_1_495' title='bbox 2233 2604 2515 2676; x_wconf 77' lang='grc' dir='ltr'>εἰρηνικὴν</span> <span class='ocrx_word' id='word_1_496' title='bbox 2570 2601 2719 2672; x_wconf 80' lang='grc' dir='ltr'>αὐτῷ</span> <span class='ocrx_word' id='word_1_497' title='bbox 2755 2602 3019 2671; x_wconf 78' lang='grc' dir='ltr'>παρέχειν</span> <span class='ocrx_word' id='word_1_498' title='bbox 3074 2600 3311 2661; x_wconf 72' lang='grc' dir='ltr'>δῐαιταν,</span> <span class='ocrx_word' id='word_1_499' title='bbox 3365 2593 3579 2649; x_wconf 79' lang='grc' dir='ltr'>ἀπωσά-</span> 
     </span>
    </p>
   </div>
   <div class='ocr_carea' id='block_1_65' title="bbox 2018 2687 3655 2769">
    <p class='ocr_par' dir='ltr' id='par_1_65' title="bbox 2018 2687 3655 2769">
     <span class='ocr_line' id='line_1_65' title="bbox 2018 2687 3655 2769; baseline -0.008 -19"><span class='ocrx_word' id='word_1_500' title='bbox 2018 2716 2153 2769; x_wconf 83' lang='grc' dir='ltr'>μενα</span> <span class='ocrx_word' id='word_1_501' title='bbox 2175 2699 2301 2760; x_wconf 80' lang='grc' dir='ltr'>τοὺς</span> <span class='ocrx_word' id='word_1_502' title='bbox 2332 2695 2665 2756; x_wconf 80' lang='grc' dir='ltr'>στασιαστὰς</span> <span class='ocrx_word' id='word_1_503' title='bbox 2719 2694 2985 2762; x_wconf 76' lang='grc' dir='ltr'>δαίμονας</span> <span class='ocrx_word' id='word_1_504' title='bbox 3017 2731 3032 2758; x_wconf 88' lang='grc'><strong>,</strong></span> <span class='ocrx_word' id='word_1_505' title='bbox 3088 2693 3211 2753; x_wconf 70' lang='grc' dir='ltr'>τοὺς</span> <span class='ocrx_word' id='word_1_506' title='bbox 3256 2690 3312 2742; x_wconf 82' lang='grc' dir='ltr'>δὲ</span> <span class='ocrx_word' id='word_1_507' title='bbox 3363 2687 3580 2747; x_wconf 80' lang='grc' dir='ltr'>δικαίως</span> <span class='ocrx_word' id='word_1_508' title='bbox 3650 2756 3655 2761; x_wconf 14' lang='grc' dir='ltr'>κ</span> 
     </span>
    </p>
   </div>
   <div class='ocr_carea' id='block_1_66' title="bbox 2014 2777 3585 2851">
    <p class='ocr_par' dir='ltr' id='par_1_66' title="bbox 2014 2777 3585 2851">
     <span class='ocr_line' id='line_1_66' title="bbox 2014 2777 3585 2851; baseline -0.01 -8"><span class='ocrx_word' id='word_1_509' title='bbox 2014 2792 2197 2851; x_wconf 78' lang='grc' dir='ltr'>αὐτοῖς</span> <span class='ocrx_word' id='word_1_510' title='bbox 2226 2788 2518 2851; x_wconf 80' lang='grc' dir='ltr'>δουλεύειν,</span> <span class='ocrx_word' id='word_1_511' title='bbox 2541 2788 2615 2849; x_wconf 85' lang='grc' dir='ltr'><strong>ὡς</strong></span> <span class='ocrx_word' id='word_1_512' title='bbox 2638 2786 2845 2848; x_wconf 82' lang='grc' dir='ltr'>δούλοις</span> <span class='ocrx_word' id='word_1_513' title='bbox 2869 2784 2964 2838; x_wconf 80' lang='grc' dir='ltr'>τοῦ</span> <span class='ocrx_word' id='word_1_514' title='bbox 2995 2782 3229 2839; x_wconf 78' lang='grc' dir='ltr'>Κτίστου</span> <span class='ocrx_word' id='word_1_515' title='bbox 3252 2795 3264 2808; x_wconf 90' lang='grc'>·</span> <span class='ocrx_word' id='word_1_516' title='bbox 3296 2780 3386 2832; x_wconf 76' lang='grc' dir='ltr'>διὰ</span> <span class='ocrx_word' id='word_1_517' title='bbox 3405 2778 3460 2831; x_wconf 77' lang='grc' dir='ltr'><strong>δὲ</strong></span> <span class='ocrx_word' id='word_1_518' title='bbox 3482 2777 3585 2829; x_wconf 78' lang='grc' dir='ltr'>τῶν.</span> 
     </span>
    </p>
   </div>
   <div class='ocr_carea' id='block_1_67' title="bbox 2011 2871 3579 2954">
    <p class='ocr_par' dir='ltr' id='par_1_67' title="bbox 2011 2871 3579 2954">
     <span class='ocr_line' id='line_1_67' title="bbox 2011 2871 3579 2954; baseline -0.01 -18"><span class='ocrx_word' id='word_1_519' title='bbox 2011 2885 2184 2954; x_wconf 81' lang='grc' dir='ltr'>ὀρέων</span> <span class='ocrx_word' id='word_1_520' title='bbox 2217 2883 2446 2936; x_wconf 78' lang='grc' dir='ltr'>καὶτῶν</span> <span class='ocrx_word' id='word_1_521' title='bbox 2479 2881 2684 2950; x_wconf 81' lang='grc' dir='ltr'>βουνῶν</span> <span class='ocrx_word' id='word_1_522' title='bbox 2720 2879 2795 2941; x_wconf 83' lang='grc' dir='ltr'>ὠς</span> <span class='ocrx_word' id='word_1_523' title='bbox 2829 2877 3208 2946; x_wconf 65' lang='grc' dir='ltr'><strong>ὑπερεχόντων</strong></span> <span class='ocrx_word' id='word_1_524' title='bbox 3280 2874 3458 2925; x_wconf 76' lang='grc' dir='ltr'>πᾶσαν</span> <span class='ocrx_word' id='word_1_525' title='bbox 3486 2871 3579 2938; x_wconf 79' lang='grc' dir='ltr'>τὴν</span> 
     </span>
    </p>
   </div>
   <div class='ocr_carea' id='block_1_68' title="bbox 2011 2962 3574 3045">
    <p class='ocr_par' dir='ltr' id='par_1_68' title="bbox 2011 2962 3574 3045">
     <span class='ocr_line' id='line_1_68' title="bbox 2011 2962 3574 3045; baseline -0.008 -19"><span class='ocrx_word' id='word_1_526' title='bbox 2011 2978 2116 3044; x_wconf 69' lang='grc' dir='ltr'><strong>γῆν</strong></span> <span class='ocrx_word' id='word_1_527' title='bbox 2178 2971 2645 3045; x_wconf 77' lang='grc' dir='ltr'>συμπεριέλαϐεν,</span> <span class='ocrx_word' id='word_1_528' title='bbox 2709 2971 2789 3033; x_wconf 83' lang='grc' dir='ltr'>εἰς</span> <span class='ocrx_word' id='word_1_529' title='bbox 2820 2970 2887 3039; x_wconf 80' lang='grc' dir='ltr'>ἢν</span> <span class='ocrx_word' id='word_1_530' title='bbox 2940 2967 3168 3036; x_wconf 74' lang='grc' dir='ltr'>ἔμελλον</span> <span class='ocrx_word' id='word_1_531' title='bbox 3228 2962 3496 3017; x_wconf 82' lang='grc' dir='ltr'><strong>κατοικεῖν</strong></span> <span class='ocrx_word' id='word_1_532' title='bbox 3529 2963 3574 3015; x_wconf 75' lang='grc' dir='ltr'>οἱ</span> 
     </span>
    </p>
   </div>
   <div class='ocr_carea' id='block_1_69' title="bbox 2010 3053 3574 3138">
    <p class='ocr_par' dir='ltr' id='par_1_69' title="bbox 2010 3053 3574 3138">
     <span class='ocr_line' id='line_1_69' title="bbox 2010 3053 3574 3138; baseline -0.009 -19"><span class='ocrx_word' id='word_1_533' title='bbox 2010 3067 2385 3138; x_wconf 76' lang='grc' dir='ltr'>ἀναχωρηταὶ,</span> <span class='ocrx_word' id='word_1_534' title='bbox 2442 3066 2536 3117; x_wconf 73' lang='grc' dir='ltr'>καὶ</span> <span class='ocrx_word' id='word_1_535' title='bbox 2598 3062 2860 3132; x_wconf 68' lang='grc' dir='ltr'>ἀσκηταὶ,</span> <span class='ocrx_word' id='word_1_536' title='bbox 2910 3061 3004 3113; x_wconf 75' lang='grc' dir='ltr'><strong>καὶ</strong></span> <span class='ocrx_word' id='word_1_537' title='bbox 3065 3059 3402 3129; x_wconf 82' lang='grc' dir='ltr'>στρατιῶται</span> <span class='ocrx_word' id='word_1_538' title='bbox 3487 3053 3574 3106; x_wconf 78' lang='grc' dir='ltr'>τοῦ</span> 
     </span>
    </p>
   </div>
   <div class='ocr_carea' id='block_1_70' title="bbox 2009 3146 3573 3230">
    <p class='ocr_par' dir='ltr' id='par_1_70' title="bbox 2009 3146 3573 3230">
     <span class='ocr_line' id='line_1_70' title="bbox 2009 3146 3573 3230; baseline -0.01 -16"><span class='ocrx_word' id='word_1_539' title='bbox 2009 3158 2250 3230; x_wconf 79' lang='grc' dir='ltr'><strong>Χριστοῦ</strong></span> <span class='ocrx_word' id='word_1_540' title='bbox 2273 3176 2284 3187; x_wconf 95' lang='grc'><strong>·</strong></span> <span class='ocrx_word' id='word_1_541' title='bbox 2336 3158 2369 3228; x_wconf 79' lang='grc' dir='ltr'><strong>ἢ</strong></span> <span class='ocrx_word' id='word_1_542' title='bbox 2418 3157 2520 3227; x_wconf 75' lang='grc' dir='ltr'><strong>ὅρη</strong></span> <span class='ocrx_word' id='word_1_543' title='bbox 2568 3156 2667 3224; x_wconf 78' lang='grc' dir='ltr'><strong>μὲν</strong></span> <span class='ocrx_word' id='word_1_544' title='bbox 2698 3156 2912 3223; x_wconf 84' lang='grc' dir='ltr'>νοήσεις</span> <span class='ocrx_word' id='word_1_545' title='bbox 2941 3152 3068 3211; x_wconf 83' lang='grc' dir='ltr'>τοὺς</span> <span class='ocrx_word' id='word_1_546' title='bbox 3100 3149 3477 3221; x_wconf 83' lang='grc' dir='ltr'>ἁρχαγγέλους</span> <span class='ocrx_word' id='word_1_547' title='bbox 3503 3146 3573 3207; x_wconf 80' lang='grc' dir='ltr'><strong>ὡς</strong></span> 
     </span>
    </p>
   </div>
   <div class='ocr_carea' id='block_1_71' title="bbox 2009 3240 3571 3321">
    <p class='ocr_par' dir='ltr' id='par_1_71' title="bbox 2009 3240 3571 3321">
     <span class='ocr_line' id='line_1_71' title="bbox 2009 3240 3571 3321; baseline -0.01 -17"><span class='ocrx_word' id='word_1_548' title='bbox 2009 3253 2383 3321; x_wconf 75' lang='grc' dir='ltr'>ὑπερέχοντας</span> <span class='ocrx_word' id='word_1_549' title='bbox 2396 3251 2509 3303; x_wconf 78' lang='grc' dir='ltr'>τῶν</span> <span class='ocrx_word' id='word_1_550' title='bbox 2527 3248 2803 3318; x_wconf 78' lang='grc' dir='ltr'>ἀγγέλων,</span> <span class='ocrx_word' id='word_1_551' title='bbox 2831 3244 3055 3315; x_wconf 80' lang='grc' dir='ltr'>βουνοὺς</span> <span class='ocrx_word' id='word_1_552' title='bbox 3085 3243 3141 3297; x_wconf 84' lang='grc' dir='ltr'>δὲ</span> <span class='ocrx_word' id='word_1_553' title='bbox 3169 3243 3296 3305; x_wconf 74' lang='grc' dir='ltr'>τοὺς</span> <span class='ocrx_word' id='word_1_554' title='bbox 3318 3240 3571 3309; x_wconf 70' lang='grc' dir='ltr'>ἀγγέλους</span> 
     </span>
    </p>
   </div>
   <div class='ocr_carea' id='block_1_72' title="bbox 2006 3333 3572 3410">
    <p class='ocr_par' dir='ltr' id='par_1_72' title="bbox 2006 3333 3572 3410">
     <span class='ocr_line' id='line_1_72' title="bbox 2006 3333 3572 3410; baseline -0.006 -15"><span class='ocrx_word' id='word_1_555' title='bbox 2006 3344 2082 3408; x_wconf 88' lang='grc' dir='ltr'>ὼς</span> <span class='ocrx_word' id='word_1_556' title='bbox 2107 3343 2528 3410; x_wconf 80' lang='grc' dir='ltr'>ὑποϐεϐηκότας</span> <span class='ocrx_word' id='word_1_557' title='bbox 2559 3342 2767 3403; x_wconf 77' lang='grc' dir='ltr'>αὐτοῖς.</span> <span class='ocrx_word' id='word_1_558' title='bbox 2804 3337 3217 3407; x_wconf 69' lang='grc' dir='ltr'>’Υπερηρμένοι</span> <span class='ocrx_word' id='word_1_559' title='bbox 3263 3335 3318 3387; x_wconf 82' lang='grc' dir='ltr'><strong>δέ</strong></span> <span class='ocrx_word' id='word_1_560' title='bbox 3346 3337 3452 3387; x_wconf 84' lang='grc' dir='ltr'>εἱσι</span> <span class='ocrx_word' id='word_1_561' title='bbox 3483 3333 3572 3386; x_wconf 68' lang='grc' dir='ltr'>καὶ</span> 
     </span>
    </p>
   </div>
   <div class='ocr_carea' id='block_1_73' title="bbox 2009 3425 3563 3501">
    <p class='ocr_par' dir='ltr' id='par_1_73' title="bbox 2009 3425 3563 3501">
     <span class='ocr_line' id='line_1_73' title="bbox 2009 3425 3563 3501; baseline -0.01 -11"><span class='ocrx_word' id='word_1_562' title='bbox 2009 3430 2158 3489; x_wconf 71' lang='grc' dir='ltr'>οὗτοι</span> <span class='ocrx_word' id='word_1_563' title='bbox 2190 3438 2435 3489; x_wconf 80' lang='grc' dir='ltr'>κάκεῖνοι</span> <span class='ocrx_word' id='word_1_564' title='bbox 2458 3434 2571 3491; x_wconf 76' lang='grc' dir='ltr'><strong>τῶν</strong></span> <span class='ocrx_word' id='word_1_565' title='bbox 2600 3434 2808 3501; x_wconf 69' lang='grc' dir='ltr'>γηΐνων</span> <span class='ocrx_word' id='word_1_566' title='bbox 2842 3430 2917 3493; x_wconf 85' lang='grc' dir='ltr'>ὡς</span> <span class='ocrx_word' id='word_1_567' title='bbox 2955 3430 3023 3482; x_wconf 75' lang='grc' dir='ltr'><strong>τὰ</strong></span> <span class='ocrx_word' id='word_1_568' title='bbox 3055 3428 3157 3497; x_wconf 74' lang='grc' dir='ltr'><strong>ὅρη</strong></span> <span class='ocrx_word' id='word_1_569' title='bbox 3190 3428 3285 3480; x_wconf 68' lang='grc' dir='ltr'>καὶ</span> <span class='ocrx_word' id='word_1_570' title='bbox 3313 3428 3360 3478; x_wconf 81' lang='lat' dir='ltr'><strong>oi</strong></span> <span class='ocrx_word' id='word_1_571' title='bbox 3394 3425 3563 3495; x_wconf 68' lang='grc' dir='ltr'>βουνοί</span> 
     </span>
    </p>
   </div>
   <div class='ocr_carea' id='block_1_74' title="bbox 2009 3515 3569 3597">
    <p class='ocr_par' dir='ltr' id='par_1_74' title="bbox 2009 3515 3569 3597">
     <span class='ocr_line' id='line_1_74' title="bbox 2009 3515 3569 3597; baseline -0.012 -14"><span class='ocrx_word' id='word_1_572' title='bbox 2009 3530 2109 3596; x_wconf 75' lang='grc' dir='ltr'>τῆς</span> <span class='ocrx_word' id='word_1_573' title='bbox 2139 3531 2275 3597; x_wconf 79' lang='grc' dir='ltr'>γῆς,</span> <span class='ocrx_word' id='word_1_574' title='bbox 2310 3525 2403 3590; x_wconf 79' lang='grc' dir='ltr'>οὓς</span> <span class='ocrx_word' id='word_1_575' title='bbox 2435 3526 2533 3580; x_wconf 78' lang='grc' dir='ltr'>καὶ</span> <span class='ocrx_word' id='word_1_576' title='bbox 2578 3523 2953 3594; x_wconf 79' lang='grc' dir='ltr'>προτρέπεται</span> <span class='ocrx_word' id='word_1_577' title='bbox 2990 3520 3303 3590; x_wconf 67' lang='grc' dir='ltr'>εἰρηνεῷειν</span> <span class='ocrx_word' id='word_1_578' title='bbox 3349 3515 3443 3569; x_wconf 71' lang='grc' dir='ltr'>τοῦ</span> <span class='ocrx_word' id='word_1_579' title='bbox 3474 3516 3569 3566; x_wconf 74' lang='grc' dir='ltr'><strong>λοι⁶</strong></span> 
     </span>
    </p>
   </div>
   <div class='ocr_carea' id='block_1_75' title="bbox 2010 3603 3569 3689">
    <p class='ocr_par' dir='ltr' id='par_1_75' title="bbox 2010 3603 3569 3689">
     <span class='ocr_line' id='line_1_75' title="bbox 2010 3603 3569 3689; baseline -0.011 -15"><span class='ocrx_word' id='word_1_580' title='bbox 2010 3619 2115 3674; x_wconf 81' lang='grc' dir='ltr'>ποῦ</span> <span class='ocrx_word' id='word_1_581' title='bbox 2174 3619 2312 3689; x_wconf 73' lang='grc' dir='ltr'>πρὸς</span> <span class='ocrx_word' id='word_1_582' title='bbox 2352 3618 2444 3671; x_wconf 78' lang='grc' dir='ltr'>τὸν</span> <span class='ocrx_word' id='word_1_583' title='bbox 2472 3616 2602 3670; x_wconf 77' lang='grc' dir='ltr'>λαὸν</span> <span class='ocrx_word' id='word_1_584' title='bbox 2634 3613 2728 3667; x_wconf 79' lang='grc' dir='ltr'>τοῦ</span> <span class='ocrx_word' id='word_1_585' title='bbox 2773 3612 3039 3683; x_wconf 79' lang='grc' dir='ltr'><strong>Χριστοῦ,</strong></span> <span class='ocrx_word' id='word_1_586' title='bbox 3072 3610 3170 3663; x_wconf 69' lang='grc' dir='ltr'>καὶ</span> <span class='ocrx_word' id='word_1_587' title='bbox 3190 3610 3414 3670; x_wconf 74' lang='grc' dir='ltr'>δικαίως</span> <span class='ocrx_word' id='word_1_588' title='bbox 3436 3603 3569 3674; x_wconf 79' lang='grc' dir='ltr'><strong>αὐτῷ</strong></span> 
     </span>
    </p>
   </div>
   <div class='ocr_carea' id='block_1_76' title="bbox 2011 3699 3567 3784">
    <p class='ocr_par' dir='ltr' id='par_1_76' title="bbox 2011 3699 3567 3784">
     <span class='ocr_line' id='line_1_76' title="bbox 2011 3699 3567 3784; baseline -0.01 -18"><span class='ocrx_word' id='word_1_589' title='bbox 2011 3710 2444 3784; x_wconf 66' lang='grc' dir='ltr'>προσφέρεσθαι,</span> <span class='ocrx_word' id='word_1_590' title='bbox 2493 3709 2568 3772; x_wconf 84' lang='grc' dir='ltr'>ὡς</span> <span class='ocrx_word' id='word_1_591' title='bbox 2599 3706 2938 3778; x_wconf 76' lang='grc' dir='ltr'>κληρονομία</span> <span class='ocrx_word' id='word_1_592' title='bbox 2969 3704 3060 3757; x_wconf 80' lang='grc' dir='ltr'>τοῦ</span> <span class='ocrx_word' id='word_1_593' title='bbox 3102 3704 3399 3755; x_wconf 71' lang='grc' dir='ltr'>Δεσπότου.</span> <span class='ocrx_word' id='word_1_594' title='bbox 3443 3699 3567 3768; x_wconf 81' lang='grc' dir='ltr'>Πρό-</span> 
     </span>
    </p>
   </div>
   <div class='ocr_carea' id='block_1_77' title="bbox 2008 3789 3568 3875">
    <p class='ocr_par' dir='ltr' id='par_1_77' title="bbox 2008 3789 3568 3875">
     <span class='ocr_line' id='line_1_77' title="bbox 2008 3789 3568 3875; baseline -0.013 -15"><span class='ocrx_word' id='word_1_595' title='bbox 2008 3823 2166 3875; x_wconf 80' lang='grc' dir='ltr'>τερον</span> <span class='ocrx_word' id='word_1_596' title='bbox 2194 3805 2303 3874; x_wconf 84' lang='grc' dir='ltr'><strong>γὰρ</strong></span> <span class='ocrx_word' id='word_1_597' title='bbox 2332 3799 2473 3873; x_wconf 80' lang='grc' dir='ltr'>ἦσαν</span> <span class='ocrx_word' id='word_1_598' title='bbox 2499 3798 3028 3868; x_wconf 76' lang='grc' dir='ltr'>ἐκπεπολεμωμένοι</span> <span class='ocrx_word' id='word_1_599' title='bbox 3051 3797 3127 3865; x_wconf 76' lang='grc' dir='ltr'>τῷ</span> <span class='ocrx_word' id='word_1_600' title='bbox 3153 3794 3271 3864; x_wconf 83' lang='grc' dir='ltr'><strong>λαῷ</strong></span> <span class='ocrx_word' id='word_1_601' title='bbox 3301 3792 3473 3861; x_wconf 75' lang='grc' dir='ltr'>τούτῳ</span> <span class='ocrx_word' id='word_1_602' title='bbox 3490 3789 3568 3843; x_wconf 75' lang='grc' dir='ltr'><strong>διὰ</strong></span> 
     </span>
    </p>
   </div>
   <div class='ocr_carea' id='block_1_78' title="bbox 2007 3884 3573 3975">
    <p class='ocr_par' dir='ltr' id='par_1_78' title="bbox 2007 3884 3573 3975">
     <span class='ocr_line' id='line_1_78' title="bbox 2007 3884 3573 3975; baseline -0.011 -24"><span class='ocrx_word' id='word_1_603' title='bbox 2007 3898 2106 3969; x_wconf 80' lang='grc' dir='ltr'>τὴν</span> <span class='ocrx_word' id='word_1_604' title='bbox 2130 3895 2486 3953; x_wconf 53' lang='lat' dir='ltr'><strong>adﬁcta.fo</strong></span> <span class='ocrx_word' id='word_1_605' title='bbox 2518 3893 2617 3963; x_wconf 77' lang='grc' dir='ltr'><strong>ὅρη</strong></span> <span class='ocrx_word' id='word_1_606' title='bbox 2643 3891 2755 3975; x_wconf 10' lang='grc' dir='ltr'><strong>’μὲν</strong></span> <span class='ocrx_word' id='word_1_607' title='bbox 2806 3892 2854 3942; x_wconf 77' lang='lat' dir='ltr'><strong>oi</strong></span> <span class='ocrx_word' id='word_1_608' title='bbox 2896 3888 3134 3959; x_wconf 81' lang='grc' dir='ltr'>βασιλεῖς</span> <span class='ocrx_word' id='word_1_609' title='bbox 3167 3887 3261 3940; x_wconf 75' lang='grc' dir='ltr'><strong>καὶ</strong></span> <span class='ocrx_word' id='word_1_610' title='bbox 3294 3884 3573 3975; x_wconf 44' lang='lat' dir='ltr'><strong>magna,</strong></span> 
     </span>
    </p>
   </div>
   <div class='ocr_carea' id='block_1_79' title="bbox 2011 3972 3569 4059">
    <p class='ocr_par' dir='ltr' id='par_1_79' title="bbox 2011 3972 3569 4059">
     <span class='ocr_line' id='line_1_79' title="bbox 2011 3972 3569 4059; baseline -0.012 -16"><span class='ocrx_word' id='word_1_611' title='bbox 2011 3989 2192 4059; x_wconf 75' lang='grc' dir='ltr'>βουνοὶ</span> <span class='ocrx_word' id='word_1_612' title='bbox 2237 3987 2295 4040; x_wconf 85' lang='grc' dir='ltr'><strong>δὲ</strong></span> <span class='ocrx_word' id='word_1_613' title='bbox 2342 3988 2390 4039; x_wconf 83' lang='grc' dir='ltr'>οἱ</span> <span class='ocrx_word' id='word_1_614' title='bbox 2443 3972 2850 4053; x_wconf 77' lang='grc' dir='ltr'>ὑποϐεϐηκότες</span> <span class='ocrx_word' id='word_1_615' title='bbox 2878 3979 3180 4050; x_wconf 82' lang='grc' dir='ltr'>ἄρχοντες·</span> <span class='ocrx_word' id='word_1_616' title='bbox 3225 3977 3409 4029; x_wconf 73' lang='grc' dir='ltr'>πολλοὶ</span> <span class='ocrx_word' id='word_1_617' title='bbox 3467 3972 3569 4041; x_wconf 78' lang='grc' dir='ltr'><strong>γὰρ</strong></span> 
     </span>
    </p>
   </div>
   <div class='ocr_carea' id='block_1_80' title="bbox 2007 4062 3569 4147">
    <p class='ocr_par' dir='ltr' id='par_1_80' title="bbox 2007 4062 3569 4147">
     <span class='ocr_line' id='line_1_80' title="bbox 2007 4062 3569 4147; baseline -0.013 -13"><span class='ocrx_word' id='word_1_618' title='bbox 2007 4062 2243 4133; x_wconf 82' lang='grc' dir='ltr'>τοιοῦτοι</span> <span class='ocrx_word' id='word_1_619' title='bbox 2272 4078 2408 4147; x_wconf 84' lang='grc' dir='ltr'>πρὸς</span> <span class='ocrx_word' id='word_1_620' title='bbox 2436 4076 2535 4145; x_wconf 80' lang='grc' dir='ltr'>τὴν</span> <span class='ocrx_word' id='word_1_621' title='bbox 2562 4074 2745 4127; x_wconf 79' lang='grc' dir='ltr'>πίστιν</span> <span class='ocrx_word' id='word_1_622' title='bbox 2778 4068 2942 4142; x_wconf 79' lang='grc' dir='ltr'>ἦλθον</span> <span class='ocrx_word' id='word_1_623' title='bbox 2972 4068 3390 4140; x_wconf 81' lang='grc' dir='ltr'>είρηνεύσαντες</span> <span class='ocrx_word' id='word_1_624' title='bbox 3415 4109 3430 4132; x_wconf 92' lang='grc'><strong>,</strong></span> <span class='ocrx_word' id='word_1_625' title='bbox 3482 4063 3569 4116; x_wconf 67' lang='grc' dir='ltr'><strong>καὶ</strong></span> 
     </span>
    </p>
   </div>
   <div class='ocr_carea' id='block_1_81' title="bbox 2008 4161 3274 4240">
    <p class='ocr_par' dir='ltr' id='par_1_81' title="bbox 2008 4161 3274 4240">
     <span class='ocr_line' id='line_1_81' title="bbox 2008 4161 3274 4240; baseline -0.009 -14"><span class='ocrx_word' id='word_1_626' title='bbox 2008 4171 2233 4235; x_wconf 71' lang='grc' dir='ltr'>δικαίως</span> <span class='ocrx_word' id='word_1_627' title='bbox 2261 4169 2340 4240; x_wconf 77' lang='grc' dir='ltr'><strong>τῷ</strong></span> <span class='ocrx_word' id='word_1_628' title='bbox 2364 4168 2479 4238; x_wconf 81' lang='grc' dir='ltr'><strong>λαῷ</strong></span> <span class='ocrx_word' id='word_1_629' title='bbox 2510 4166 2604 4231; x_wconf 84' lang='grc' dir='ltr'>τοῦ</span> <span class='ocrx_word' id='word_1_630' title='bbox 2637 4163 2876 4235; x_wconf 77' lang='grc' dir='ltr'>Χριστοῦ</span> <span class='ocrx_word' id='word_1_631' title='bbox 2909 4161 3274 4234; x_wconf 72' lang='grc' dir='ltr'>χρησάμενοι.</span> 
     </span>
    </p>
   </div>
   <div class='ocr_carea' id='block_1_82' title="bbox 321 4351 1663 4424">
    <p class='ocr_par' dir='ltr' id='par_1_82' title="bbox 321 4351 1663 4424">
     <span class='ocr_line' id='line_1_82' title="bbox 321 4351 1663 4424; baseline 0.002 -20"><span class='ocrx_word' id='word_1_632' title='bbox 321 4351 528 4407; x_wconf 84' lang='lat' dir='ltr'><strong>Christi</strong></span> <span class='ocrx_word' id='word_1_633' title='bbox 568 4353 828 4422; x_wconf 88' lang='lat' dir='ltr'><strong>populum</strong></span> <span class='ocrx_word' id='word_1_634' title='bbox 858 4352 1255 4424; x_wconf 81' lang='lat' dir='ltr'><strong>benignissime</strong></span> <span class='ocrx_word' id='word_1_635' title='bbox 1280 4370 1340 4410; x_wconf 88' lang='lat' dir='ltr'><strong>se</strong></span> <span class='ocrx_word' id='word_1_636' title='bbox 1378 4354 1663 4411; x_wconf 88' lang='lat' dir='ltr'><strong>habentes.</strong></span> 
     </span>
    </p>
   </div>
   <div class='ocr_carea' id='block_1_83' title="bbox 395 4444 3515 4523">
    <p class='ocr_par' dir='ltr' id='par_1_83' title="bbox 395 4444 3515 4523">
     <span class='ocr_line' id='line_1_83' title="bbox 395 4444 3515 4523; baseline -0 -24"><span class='ocrx_word' id='word_1_637' title='bbox 395 4444 562 4499; x_wconf 68' lang='lat' dir='ltr'><strong>Vens.</strong></span> <span class='ocrx_word' id='word_1_638' title='bbox 591 4445 644 4499; x_wconf 70' lang='grc'><strong>4.</strong></span> <span class='ocrx_word' id='word_1_639' title='bbox 678 4444 958 4500; x_wconf 77' lang='lat' dir='ltr'><strong>Judicabit</strong></span> <span class='ocrx_word' id='word_1_640' title='bbox 984 4463 1240 4516; x_wconf 78' lang='lat' dir='ltr'><strong>pauperes</strong></span> <span class='ocrx_word' id='word_1_641' title='bbox 1269 4448 1451 4518; x_wconf 80' lang='lat' dir='ltr'><strong>populi</strong></span> <span class='ocrx_word' id='word_1_642' title='bbox 1478 4487 1493 4511; x_wconf 84' lang='lat'><strong>,</strong></span> <span class='ocrx_word' id='word_1_643' title='bbox 1520 4457 1568 4502; x_wconf 91' lang='lat' dir='ltr'><strong>et</strong></span> <span class='ocrx_word' id='word_1_644' title='bbox 1593 4448 1765 4502; x_wconf 76' lang='lat' dir='ltr'><strong>salvos</strong></span> <span class='ocrx_word' id='word_1_645' title='bbox 1816 4448 1904 4517; x_wconf 80' lang='lat' dir='ltr'><strong>fa-</strong></span> <span class='ocrx_word' id='word_1_646' title='bbox 2079 4444 2280 4511; x_wconf 78' lang='grc' dir='ltr'>Κρινεῖ</span> <span class='ocrx_word' id='word_1_647' title='bbox 2305 4444 2445 4504; x_wconf 82' lang='grc' dir='ltr'>τοὺς</span> <span class='ocrx_word' id='word_1_648' title='bbox 2470 4444 2741 4503; x_wconf 75' lang='grc' dir='ltr'>πτωχοὺς</span> <span class='ocrx_word' id='word_1_649' title='bbox 2763 4450 2867 4485; x_wconf 88' lang='grc' dir='ltr'><strong>του</strong></span> <span class='ocrx_word' id='word_1_650' title='bbox 2898 4444 3075 4523; x_wconf 42' lang='lat' dir='ltr'><strong>MOU}</strong></span> <span class='ocrx_word' id='word_1_651' title='bbox 3093 4444 3515 4523; x_wconf 59' lang='lat' dir='ltr'><strong>_&quot;“‘_‘7‘”05””&#39;f</strong></span> 
     </span>
    </p>
   </div>
   <div class='ocr_carea' id='block_1_84' title="bbox 322 4519 1909 4610">
    <p class='ocr_par' dir='ltr' id='par_1_84' title="bbox 322 4536 1902 4610">
     <span class='ocr_line' id='line_1_84' title="bbox 322 4536 1902 4610; baseline 0.003 -22"><span class='ocrx_word' id='word_1_652' title='bbox 322 4536 421 4589; x_wconf 82' lang='lat' dir='ltr'><strong>ciet</strong></span> <span class='ocrx_word' id='word_1_653' title='bbox 461 4536 603 4604; x_wconf 80' lang='lat' dir='ltr'><strong>ﬁlios</strong></span> <span class='ocrx_word' id='word_1_654' title='bbox 639 4553 953 4610; x_wconf 82' lang='lat' dir='ltr'><strong>pauperum.</strong></span> <span class='ocrx_word' id='word_1_655' title='bbox 981 4539 1084 4593; x_wconf 85' lang='lat' dir='ltr'><strong>Per</strong></span> <span class='ocrx_word' id='word_1_656' title='bbox 1112 4555 1368 4610; x_wconf 76' lang='lat' dir='ltr'><strong>pauperes</strong></span> <span class='ocrx_word' id='word_1_657' title='bbox 1417 4539 1618 4609; x_wconf 85' lang='lat' dir='ltr'><strong>populi,</strong></span> <span class='ocrx_word' id='word_1_658' title='bbox 1655 4539 1902 4594; x_wconf 86' lang='lat' dir='ltr'><strong>rudiores</strong></span> 
     </span>
    </p>
   </div>
   <div class='ocr_carea' id='block_1_85' title="bbox 2016 4519 3565 4610">
    <p class='ocr_par' dir='ltr' id='par_1_85' title="bbox 2016 4519 3565 4599">
     <span class='ocr_line' id='line_1_85' title="bbox 2016 4519 3565 4599; baseline -0.018 -9"><span class='ocrx_word' id='word_1_659' title='bbox 2016 4534 2175 4599; x_wconf 79' lang='grc' dir='ltr'>υἱοὺς</span> <span class='ocrx_word' id='word_1_660' title='bbox 2206 4530 2323 4584; x_wconf 82' lang='grc' dir='ltr'><strong>τῶν</strong></span> <span class='ocrx_word' id='word_1_661' title='bbox 2342 4528 2635 4596; x_wconf 16' lang='grc' dir='ltr'>πενήτων..</span> <span class='ocrx_word' id='word_1_662' title='bbox 2684 4525 2940 4593; x_wconf 81' lang='grc' dir='ltr'>Πτωχοὺς</span> <span class='ocrx_word' id='word_1_663' title='bbox 2970 4520 3063 4574; x_wconf 76' lang='grc' dir='ltr'>τοῦ</span> <span class='ocrx_word' id='word_1_664' title='bbox 3093 4519 3226 4571; x_wconf 75' lang='grc' dir='ltr'>λαοῦ</span> <span class='ocrx_word' id='word_1_665' title='bbox 3254 4533 3385 4586; x_wconf 80' lang='grc' dir='ltr'>φησι</span> <span class='ocrx_word' id='word_1_666' title='bbox 3445 4519 3565 4572; x_wconf 73' lang='grc' dir='ltr'>τοὺς</span> 
     </span>
    </p>
   </div>
   <div class='ocr_carea' id='block_1_86' title="bbox 318 4604 1909 4697">
    <p class='ocr_par' dir='ltr' id='par_1_86' title="bbox 318 4604 1905 4697">
     <span class='ocr_line' id='line_1_86' title="bbox 318 4604 1905 4697; baseline 0.003 -19"><span class='ocrx_word' id='word_1_667' title='bbox 318 4625 593 4693; x_wconf 85' lang='lat' dir='ltr'><strong>quoslibet</strong></span> <span class='ocrx_word' id='word_1_668' title='bbox 619 4604 930 4684; x_wconf 44' lang='lat' dir='ltr'><strong>“datorum</strong></span> <span class='ocrx_word' id='word_1_669' title='bbox 973 4604 1282 4697; x_wconf 75' lang='lat' dir='ltr'><strong>inteliigunt</strong></span> <span class='ocrx_word' id='word_1_670' title='bbox 1317 4646 1330 4681; x_wconf 89' lang='lat'><strong>:</strong></span> <span class='ocrx_word' id='word_1_671' title='bbox 1382 4604 1799 4696; x_wconf 30' lang='lat' dir='ltr'><strong>qui‘iutelleclu</strong></span> <span class='ocrx_word' id='word_1_672' title='bbox 1850 4636 1905 4682; x_wconf 79' lang='lat' dir='ltr'><strong>et</strong></span> 
     </span>
    </p>
   </div>
   <div class='ocr_carea' id='block_1_87' title="bbox 2016 4604 3573 4697">
    <p class='ocr_par' dir='ltr' id='par_1_87' title="bbox 2016 4604 3573 4697">
     <span class='ocr_line' id='line_1_87' title="bbox 2016 4604 3573 4697; baseline -0.018 -14"><span class='ocrx_word' id='word_1_673' title='bbox 2016 4625 2357 4697; x_wconf 80' lang='grc' dir='ltr'>παχυτέρους</span> <span class='ocrx_word' id='word_1_674' title='bbox 2388 4624 2497 4675; x_wconf 83' lang='grc' dir='ltr'>τῶν</span> <span class='ocrx_word' id='word_1_675' title='bbox 2546 4618 2835 4682; x_wconf 83' lang='grc' dir='ltr'>Ἰουδαίων,</span> <span class='ocrx_word' id='word_1_676' title='bbox 2872 4617 3125 4687; x_wconf 76' lang='grc' dir='ltr'>πτωχοὺς</span> <span class='ocrx_word' id='word_1_677' title='bbox 3148 4614 3329 4679; x_wconf 73' lang='grc' dir='ltr'>ἇντας,</span> <span class='ocrx_word' id='word_1_678' title='bbox 3356 4611 3429 4672; x_wconf 86' lang='grc' dir='ltr'><strong>εἰς</strong></span> <span class='ocrx_word' id='word_1_679' title='bbox 3450 4604 3573 4697; x_wconf 25' lang='lat' dir='ltr'><strong>sive.</strong></span> 
     </span>
    </p>
   </div>
   <div class='ocr_carea' id='block_1_88' title="bbox 321 4694 1909 4789">
    <p class='ocr_par' dir='ltr' id='par_1_88' title="bbox 321 4694 1903 4789">
     <span class='ocr_line' id='line_1_88' title="bbox 321 4694 1903 4789; baseline 0.003 -21"><span class='ocrx_word' id='word_1_680' title='bbox 321 4715 611 4781; x_wconf 83' lang='lat' dir='ltr'><strong>prudentia</strong></span> <span class='ocrx_word' id='word_1_681' title='bbox 645 4727 806 4772; x_wconf 87' lang='lat' dir='ltr'><strong>erant</strong></span> <span class='ocrx_word' id='word_1_682' title='bbox 842 4694 1300 4789; x_wconf 45' lang='lat' dir='ltr'><strong>pauperem—dum</strong></span> <span class='ocrx_word' id='word_1_683' title='bbox 1330 4694 1489 4772; x_wconf 76' lang='lat' dir='ltr'><strong>nudae</strong></span> <span class='ocrx_word' id='word_1_684' title='bbox 1517 4719 1650 4789; x_wconf 80' lang='lat' dir='ltr'><strong>legis</strong></span> <span class='ocrx_word' id='word_1_685' title='bbox 1706 4719 1903 4775; x_wconf 84' lang='lat' dir='ltr'><strong>litterae</strong></span> 
     </span>
    </p>
   </div>
   <div class='ocr_carea' id='block_1_89' title="bbox 2016 4694 3567 4789">
    <p class='ocr_par' dir='ltr' id='par_1_89' title="bbox 2016 4694 3567 4783">
     <span class='ocr_line' id='line_1_89' title="bbox 2016 4694 3567 4783; baseline -0.015 -12"><span class='ocrx_word' id='word_1_686' title='bbox 2016 4694 2156 4771; x_wconf 74' lang='grc' dir='ltr'>ισιν·</span> <span class='ocrx_word' id='word_1_687' title='bbox 2208 4709 2297 4768; x_wconf 80' lang='grc' dir='ltr'>οἷα</span> <span class='ocrx_word' id='word_1_688' title='bbox 2345 4710 2540 4783; x_wconf 80' lang='grc' dir='ltr'>γυμνῷ</span> <span class='ocrx_word' id='word_1_689' title='bbox 2562 4710 2639 4778; x_wconf 85' lang='grc' dir='ltr'>τῷ</span> <span class='ocrx_word' id='word_1_690' title='bbox 2667 4708 2963 4777; x_wconf 78' lang='grc' dir='ltr'>γράμματι</span> <span class='ocrx_word' id='word_1_691' title='bbox 3010 4703 3442 4773; x_wconf 81' lang='grc' dir='ltr'>παραμένοντας,</span> <span class='ocrx_word' id='word_1_692' title='bbox 3470 4694 3567 4756; x_wconf 59' lang='grc' dir='ltr'><strong>καὶ</strong></span> 
     </span>
    </p>
   </div>
   <div class='ocr_carea' id='block_1_90' title="bbox 319 4789 1909 4880">
    <p class='ocr_par' dir='ltr' id='par_1_90' title="bbox 319 4807 1903 4878">
     <span class='ocr_line' id='line_1_90' title="bbox 319 4807 1903 4878; baseline 0.004 -19"><span class='ocrx_word' id='word_1_693' title='bbox 319 4807 681 4872; x_wconf 82' lang='lat' dir='ltr'><strong>insistentes,</strong></span> <span class='ocrx_word' id='word_1_694' title='bbox 740 4809 812 4864; x_wconf 86' lang='lat' dir='ltr'><strong>ad</strong></span> <span class='ocrx_word' id='word_1_695' title='bbox 858 4811 1112 4865; x_wconf 86' lang='lat' dir='ltr'><strong>occultas</strong></span> <span class='ocrx_word' id='word_1_696' title='bbox 1155 4811 1334 4865; x_wconf 88' lang='lat' dir='ltr'><strong>sancti</strong></span> <span class='ocrx_word' id='word_1_697' title='bbox 1383 4810 1625 4878; x_wconf 85' lang='lat' dir='ltr'><strong>Spiritus</strong></span> <span class='ocrx_word' id='word_1_698' title='bbox 1679 4812 1903 4865; x_wconf 85' lang='lat' dir='ltr'><strong>divitias</strong></span> 
     </span>
    </p>
   </div>
   <div class='ocr_carea' id='block_1_91' title="bbox 2016 4789 3567 4880">
    <p class='ocr_par' dir='ltr' id='par_1_91' title="bbox 2016 4789 3567 4880">
     <span class='ocr_line' id='line_1_91' title="bbox 2016 4789 3567 4880; baseline -0.017 -18"><span class='ocrx_word' id='word_1_699' title='bbox 2016 4810 2143 4880; x_wconf 74' lang='grc' dir='ltr'>πρὸς</span> <span class='ocrx_word' id='word_1_700' title='bbox 2173 4808 2263 4861; x_wconf 76' lang='grc' dir='ltr'><strong>τὸν</strong></span> <span class='ocrx_word' id='word_1_701' title='bbox 2328 4800 2780 4873; x_wconf 77' lang='grc' dir='ltr'>ἐγκεκρυμμένον</span> <span class='ocrx_word' id='word_1_702' title='bbox 2834 4795 3063 4866; x_wconf 70' lang='grc' dir='ltr'>πλοῦτον</span> <span class='ocrx_word' id='word_1_703' title='bbox 3114 4793 3211 4847; x_wconf 78' lang='grc' dir='ltr'>τοῦ</span> <span class='ocrx_word' id='word_1_704' title='bbox 3271 4789 3567 4857; x_wconf 80' lang='grc' dir='ltr'>Πνεύματος</span> 
     </span>
    </p>
   </div>
   <div class='ocr_carea' id='block_1_92' title="bbox 319 4881 1909 4988">
    <p class='ocr_par' dir='ltr' id='par_1_92' title="bbox 319 4900 1902 4974">
     <span class='ocr_line' id='line_1_92' title="bbox 319 4900 1902 4974; baseline 0.003 -21"><span class='ocrx_word' id='word_1_705' title='bbox 319 4900 634 4968; x_wconf 85' lang='lat' dir='ltr'><strong>prospicere</strong></span> <span class='ocrx_word' id='word_1_706' title='bbox 666 4915 779 4956; x_wconf 91' lang='lat' dir='ltr'><strong>non</strong></span> <span class='ocrx_word' id='word_1_707' title='bbox 840 4902 1130 4970; x_wconf 86' lang='lat' dir='ltr'><strong>valebant;</strong></span> <span class='ocrx_word' id='word_1_708' title='bbox 1161 4918 1260 4973; x_wconf 89' lang='lat' dir='ltr'><strong>per</strong></span> <span class='ocrx_word' id='word_1_709' title='bbox 1304 4903 1447 4972; x_wconf 78' lang='lat' dir='ltr'><strong>ﬁlios</strong></span> <span class='ocrx_word' id='word_1_710' title='bbox 1484 4913 1664 4959; x_wconf 89' lang='lat' dir='ltr'><strong>autem</strong></span> <span class='ocrx_word' id='word_1_711' title='bbox 1712 4920 1902 4974; x_wconf 83' lang='lat' dir='ltr'><strong>paupe-</strong></span> 
     </span>
    </p>
   </div>
   <div class='ocr_carea' id='block_1_93' title="bbox 2016 4881 3565 4988">
    <p class='ocr_par' dir='ltr' id='par_1_93' title="bbox 2016 4881 3565 4988">
     <span class='ocr_line' id='line_1_93' title="bbox 2016 4881 3565 4968; baseline -0.017 -13"><span class='ocrx_word' id='word_1_712' title='bbox 2016 4902 2067 4955; x_wconf 76' lang='grc' dir='ltr'>οὐ</span> <span class='ocrx_word' id='word_1_713' title='bbox 2089 4900 2427 4968; x_wconf 78' lang='grc' dir='ltr'>δυναμένους</span> <span class='ocrx_word' id='word_1_714' title='bbox 2452 4892 2863 4964; x_wconf 74' lang='grc' dir='ltr'>παρακύπτειψ</span> <span class='ocrx_word' id='word_1_715' title='bbox 2893 4888 3042 4951; x_wconf 72' lang='grc' dir='ltr'>υἱοὺς</span> <span class='ocrx_word' id='word_1_716' title='bbox 3074 4886 3130 4939; x_wconf 80' lang='grc' dir='ltr'>δὲ</span> <span class='ocrx_word' id='word_1_717' title='bbox 3166 4884 3273 4938; x_wconf 83' lang='grc' dir='ltr'><strong>τῶν</strong></span> <span class='ocrx_word' id='word_1_718' title='bbox 3307 4881 3565 4949; x_wconf 75' lang='grc' dir='ltr'>πενήτων,</span> 
     </span>
     <span class='ocr_line' id='line_1_94' title="bbox 2796 4970 3554 4988; baseline -0.017 0"><span class='ocrx_word' id='word_1_719' title='bbox 2796 4985 2835 4988; x_wconf 86' lang='lat'>__</span> <span class='ocrx_word' id='word_1_720' title='bbox 2988 4980 2998 4988; x_wconf 83' lang='lat'><strong>.</strong></span> <span class='ocrx_word' id='word_1_721' title='bbox 3121 4973 3148 4988; x_wconf 79' lang='grc'>.</span> <span class='ocrx_word' id='word_1_722' title='bbox 3270 4979 3283 4988; x_wconf 81' lang='grc'><strong>,</strong></span> <span class='ocrx_word' id='word_1_723' title='bbox 3441 4970 3554 4988; x_wconf 27' lang='grc' dir='ltr'><strong>,Αῌ</strong></span> 
     </span>
    </p>
   </div>
   <div class='ocr_carea' id='block_1_94' title="bbox 319 4970 1909 5070">
    <p class='ocr_par' dir='ltr' id='par_1_94' title="bbox 319 4970 1903 5064">
     <span class='ocr_line' id='line_1_95' title="bbox 319 4970 1903 5064; baseline 0.003 -19"><span class='ocrx_word' id='word_1_724' title='bbox 319 5006 460 5057; x_wconf 69' lang='lat' dir='ltr'><strong>rum,</strong></span> <span class='ocrx_word' id='word_1_725' title='bbox 499 4991 689 5048; x_wconf 79' lang='lat' dir='ltr'><strong>ﬁdeles</strong></span> <span class='ocrx_word' id='word_1_726' title='bbox 719 4993 771 5048; x_wconf 89' lang='lat' dir='ltr'><strong>in</strong></span> <span class='ocrx_word' id='word_1_727' title='bbox 794 4993 1073 5051; x_wconf 85' lang='lat' dir='ltr'><strong>Christum</strong></span> <span class='ocrx_word' id='word_1_728' title='bbox 1106 4970 1375 5064; x_wconf 80' lang='lat' dir='ltr'><strong>intelligit,</strong></span> <span class='ocrx_word' id='word_1_729' title='bbox 1397 5009 1629 5064; x_wconf 60' lang='lat' dir='ltr'><strong>quorum</strong></span> <span class='ocrx_word' id='word_1_730' title='bbox 1650 4970 1903 5064; x_wconf 82' lang='lat' dir='ltr'><strong>parentes</strong></span> 
     </span>
    </p>
   </div>
   <div class='ocr_carea' id='block_1_95' title="bbox 2016 4970 3556 5070">
    <p class='ocr_par' dir='ltr' id='par_1_95' title="bbox 2016 4970 3556 5070">
     <span class='ocr_line' id='line_1_96' title="bbox 2016 4970 3556 5070; baseline -0.016 -22"><span class='ocrx_word' id='word_1_731' title='bbox 2016 4995 2133 5057; x_wconf 77' lang='grc' dir='ltr'>τοὺς</span> <span class='ocrx_word' id='word_1_732' title='bbox 2166 4988 2602 5049; x_wconf 77' lang='grc' dir='ltr'>πεπιστευκότας</span> <span class='ocrx_word' id='word_1_733' title='bbox 2659 4987 2739 5048; x_wconf 84' lang='grc' dir='ltr'>εἰς</span> <span class='ocrx_word' id='word_1_734' title='bbox 2794 4980 3063 5055; x_wconf 58' lang='grc' dir='ltr'>Χριστόν</span> <span class='ocrx_word' id='word_1_735' title='bbox 3115 4973 3190 5032; x_wconf 83' lang='grc' dir='ltr'>ὧν</span> <span class='ocrx_word' id='word_1_736' title='bbox 3236 4979 3286 5030; x_wconf 78' lang='grc' dir='ltr'>οἱ</span> <span class='ocrx_word' id='word_1_737' title='bbox 3331 4970 3556 5070; x_wconf 59' lang='grc' dir='ltr'>πατέρες</span> 
     </span>
    </p>
   </div>
   <div class='ocr_carea' id='block_1_96' title="bbox 320 5062 1909 5156">
    <p class='ocr_par' dir='ltr' id='par_1_96' title="bbox 320 5062 1907 5156">
     <span class='ocr_line' id='line_1_97' title="bbox 320 5062 1907 5156; baseline 0.003 -20"><span class='ocrx_word' id='word_1_738' title='bbox 320 5085 523 5154; x_wconf 81' lang='lat' dir='ltr'><strong>pietate</strong></span> <span class='ocrx_word' id='word_1_739' title='bbox 550 5098 616 5139; x_wconf 89' lang='lat' dir='ltr'><strong>ac</strong></span> <span class='ocrx_word' id='word_1_740' title='bbox 639 5084 904 5155; x_wconf 84' lang='lat' dir='ltr'><strong>religione</strong></span> <span class='ocrx_word' id='word_1_741' title='bbox 926 5100 1195 5156; x_wconf 78' lang='lat' dir='ltr'><strong>pauperes</strong></span> <span class='ocrx_word' id='word_1_742' title='bbox 1228 5062 1616 5152; x_wconf 26' lang='lat' dir='ltr'><strong>fuerepnullas</strong></span> <span class='ocrx_word' id='word_1_743' title='bbox 1644 5062 1907 5142; x_wconf 81' lang='lat' dir='ltr'><strong>habentes</strong></span> 
     </span>
    </p>
   </div>
   <div class='ocr_carea' id='block_1_97' title="bbox 2016 5062 3562 5156">
    <p class='ocr_par' dir='ltr' id='par_1_97' title="bbox 2016 5062 3562 5156">
     <span class='ocr_line' id='line_1_98' title="bbox 2016 5062 3562 5156; baseline -0.019 -17"><span class='ocrx_word' id='word_1_744' title='bbox 2016 5086 2239 5155; x_wconf 76' lang='grc' dir='ltr'>πένητες</span> <span class='ocrx_word' id='word_1_745' title='bbox 2261 5079 2399 5155; x_wconf 80' lang='grc' dir='ltr'>ἦσαν</span> <span class='ocrx_word' id='word_1_746' title='bbox 2433 5083 2511 5144; x_wconf 86' lang='grc' dir='ltr'><strong>είς</strong></span> <span class='ocrx_word' id='word_1_747' title='bbox 2534 5078 2842 5141; x_wconf 76' lang='grc' dir='ltr'>εὐσέϐειαν,</span> <span class='ocrx_word' id='word_1_748' title='bbox 2876 5075 2965 5129; x_wconf 83' lang='grc' dir='ltr'>τὸν</span> <span class='ocrx_word' id='word_1_749' title='bbox 2994 5073 3094 5141; x_wconf 80' lang='grc' dir='ltr'>τῆς</span> <span class='ocrx_word' id='word_1_750' title='bbox 3124 5068 3378 5141; x_wconf 78' lang='grc' dir='ltr'>ἀληθείας</span> <span class='ocrx_word' id='word_1_751' title='bbox 3398 5062 3562 5156; x_wconf 57' lang='grc' dir='ltr'>πλου-</span> 
     </span>
    </p>
   </div>
   <div class='ocr_carea' id='block_1_98' title="bbox 318 5152 1909 5264">
    <p class='ocr_par' dir='ltr' id='par_1_98' title="bbox 318 5182 1905 5255">
     <span class='ocr_line' id='line_1_99' title="bbox 318 5182 1905 5255; baseline 0.003 -20"><span class='ocrx_word' id='word_1_752' title='bbox 318 5182 542 5237; x_wconf 87' lang='lat' dir='ltr'><strong>divitias</strong></span> <span class='ocrx_word' id='word_1_753' title='bbox 578 5184 1079 5254; x_wconf 35' lang='lat' dir='ltr'><strong>verae‘cognitionis</strong></span> <span class='ocrx_word' id='word_1_754' title='bbox 1112 5185 1241 5250; x_wconf 89' lang='lat' dir='ltr'><strong>Dei,</strong></span> <span class='ocrx_word' id='word_1_755' title='bbox 1276 5186 1358 5240; x_wconf 87' lang='lat' dir='ltr'><strong>vel</strong></span> <span class='ocrx_word' id='word_1_756' title='bbox 1392 5186 1542 5255; x_wconf 90' lang='lat' dir='ltr'><strong>ipsos</strong></span> <span class='ocrx_word' id='word_1_757' title='bbox 1572 5185 1738 5238; x_wconf 89' lang='lat' dir='ltr'><strong>etiam</strong></span> <span class='ocrx_word' id='word_1_758' title='bbox 1773 5199 1905 5254; x_wconf 87' lang='lat' dir='ltr'><strong>apo-</strong></span> 
     </span>
    </p>
   </div>
   <div class='ocr_carea' id='block_1_99' title="bbox 2016 5152 3562 5264">
    <p class='ocr_par' dir='ltr' id='par_1_99' title="bbox 2016 5152 3562 5246">
     <span class='ocr_line' id='line_1_100' title="bbox 2016 5152 3562 5246; baseline -0.019 -12"><span class='ocrx_word' id='word_1_759' title='bbox 2016 5196 2094 5235; x_wconf 72' lang='grc' dir='ltr'><strong>τον</strong></span> <span class='ocrx_word' id='word_1_760' title='bbox 2133 5152 2231 5231; x_wconf 78' lang='grc' dir='ltr'>οὐκ</span> <span class='ocrx_word' id='word_1_761' title='bbox 2263 5152 2505 5246; x_wconf 68' lang='grc' dir='ltr'>ἔχοντες.</span> <span class='ocrx_word' id='word_1_762' title='bbox 2533 5174 2603 5225; x_wconf 87' lang='grc' dir='ltr'><em>Ἢ</em></span> <span class='ocrx_word' id='word_1_763' title='bbox 2634 5172 2727 5224; x_wconf 71' lang='grc' dir='ltr'>καὶ</span> <span class='ocrx_word' id='word_1_764' title='bbox 2765 5170 2893 5231; x_wconf 77' lang='grc' dir='ltr'>τοὺς</span> <span class='ocrx_word' id='word_1_765' title='bbox 2916 5166 3171 5238; x_wconf 75' lang='grc' dir='ltr'>μαθητὰς</span> <span class='ocrx_word' id='word_1_766' title='bbox 3198 5163 3306 5216; x_wconf 81' lang='grc' dir='ltr'>τῶν</span> <span class='ocrx_word' id='word_1_767' title='bbox 3336 5152 3562 5211; x_wconf 73' lang='grc' dir='ltr'>ἁποστόο</span> 
     </span>
    </p>
   </div>
   <div class='ocr_carea' id='block_1_100' title="bbox 320 5248 1909 5348">
    <p class='ocr_par' dir='ltr' id='par_1_100' title="bbox 320 5248 1905 5348">
     <span class='ocr_line' id='line_1_101' title="bbox 320 5248 1905 5348; baseline 0.001 -20"><span class='ocrx_word' id='word_1_768' title='bbox 320 5275 583 5331; x_wconf 85' lang='lat' dir='ltr'><strong>stolorum</strong></span> <span class='ocrx_word' id='word_1_769' title='bbox 624 5248 955 5348; x_wconf 75' lang='lat' dir='ltr'><strong>discipulos.</strong></span> <span class='ocrx_word' id='word_1_770' title='bbox 990 5248 1303 5334; x_wconf 80' lang='lat' dir='ltr'><strong>Piscatores</strong></span> <span class='ocrx_word' id='word_1_771' title='bbox 1331 5248 1533 5334; x_wconf 69' lang='lat' dir='ltr'><strong>etenim</strong></span> <span class='ocrx_word' id='word_1_772' title='bbox 1584 5284 1744 5331; x_wconf 87' lang='lat' dir='ltr'><strong>erant</strong></span> <span class='ocrx_word' id='word_1_773' title='bbox 1773 5248 1905 5346; x_wconf 74' lang='lat' dir='ltr'><strong>apo-</strong></span> 
     </span>
    </p>
   </div>
   <div class='ocr_carea' id='block_1_101' title="bbox 2016 5248 3564 5348">
    <p class='ocr_par' dir='ltr' id='par_1_101' title="bbox 2016 5248 3564 5348">
     <span class='ocr_line' id='line_1_102' title="bbox 2016 5248 3564 5348; baseline -0.015 -27"><span class='ocrx_word' id='word_1_774' title='bbox 2016 5272 2110 5321; x_wconf 67' lang='lat' dir='ltr'><strong>ttov</strong></span> <span class='ocrx_word' id='word_1_775' title='bbox 2142 5268 2292 5329; x_wconf 79' lang='grc' dir='ltr'>υἱοὺς</span> <span class='ocrx_word' id='word_1_776' title='bbox 2319 5267 2570 5335; x_wconf 80' lang='grc' dir='ltr'>πενήτων</span> <span class='ocrx_word' id='word_1_777' title='bbox 2601 5262 2813 5330; x_wconf 79' lang='grc' dir='ltr'>οἰητέον</span> <span class='ocrx_word' id='word_1_778' title='bbox 2834 5277 2846 5290; x_wconf 93' lang='grc'><strong>·</strong></span> <span class='ocrx_word' id='word_1_779' title='bbox 2880 5259 3054 5321; x_wconf 82' lang='grc' dir='ltr'>ἁλιεῖς</span> <span class='ocrx_word' id='word_1_780' title='bbox 3088 5257 3197 5326; x_wconf 83' lang='grc' dir='ltr'><strong>γὰρ</strong></span> <span class='ocrx_word' id='word_1_781' title='bbox 3226 5255 3316 5307; x_wconf 73' lang='grc' dir='ltr'>καὶ</span> <span class='ocrx_word' id='word_1_782' title='bbox 3358 5248 3564 5348; x_wconf 21' lang='grc' dir='ltr'>ἀτελεῖς.</span> 
     </span>
    </p>
   </div>
   <div class='ocr_carea' id='block_1_102' title="bbox 320 5333 1909 5449">
    <p class='ocr_par' dir='ltr' id='par_1_102' title="bbox 320 5333 1907 5441">
     <span class='ocr_line' id='line_1_103' title="bbox 320 5333 1907 5441; baseline 0.001 -16"><span class='ocrx_word' id='word_1_783' title='bbox 320 5369 471 5434; x_wconf 78' lang='lat' dir='ltr'><strong>stoli,</strong></span> <span class='ocrx_word' id='word_1_784' title='bbox 512 5379 567 5425; x_wconf 89' lang='lat' dir='ltr'><strong>et</strong></span> <span class='ocrx_word' id='word_1_785' title='bbox 593 5333 1026 5441; x_wconf 7' lang='lat' dir='ltr'><strong>aspect-uiviles.</strong></span> <span class='ocrx_word' id='word_1_786' title='bbox 1079 5369 1207 5427; x_wconf 86' lang='lat' dir='ltr'><strong>Illos</strong></span> <span class='ocrx_word' id='word_1_787' title='bbox 1266 5371 1435 5441; x_wconf 90' lang='lat' dir='ltr'><strong>igitur</strong></span> <span class='ocrx_word' id='word_1_788' title='bbox 1469 5413 1486 5435; x_wconf 90' lang='lat'><strong>,</strong></span> <span class='ocrx_word' id='word_1_789' title='bbox 1540 5377 1600 5423; x_wconf 91' lang='lat' dir='ltr'><strong>ut</strong></span> <span class='ocrx_word' id='word_1_790' title='bbox 1653 5368 1907 5427; x_wconf 76' lang='lat' dir='ltr'><strong>inﬁdeles</strong></span> 
     </span>
    </p>
   </div>
   <div class='ocr_carea' id='block_1_103' title="bbox 2016 5333 3561 5449">
    <p class='ocr_par' dir='ltr' id='par_1_103' title="bbox 2016 5333 3561 5449">
     <span class='ocr_line' id='line_1_104' title="bbox 2016 5333 3561 5449; baseline -0.012 -35"><span class='ocrx_word' id='word_1_791' title='bbox 2016 5362 2063 5415; x_wconf 74' lang='grc' dir='ltr'><strong>τὸ</strong></span> <span class='ocrx_word' id='word_1_792' title='bbox 2091 5359 2416 5429; x_wconf 83' lang='grc' dir='ltr'>φαινόμενον</span> <span class='ocrx_word' id='word_1_793' title='bbox 2441 5333 2581 5427; x_wconf 70' lang='grc' dir='ltr'>ἦσαν</span> <span class='ocrx_word' id='word_1_794' title='bbox 2621 5357 2669 5409; x_wconf 81' lang='lat' dir='ltr'><strong>oi</strong></span> <span class='ocrx_word' id='word_1_795' title='bbox 2701 5351 2994 5408; x_wconf 78' lang='grc' dir='ltr'>ἀπόστολοι</span> <span class='ocrx_word' id='word_1_796' title='bbox 3017 5363 3030 5378; x_wconf 84' lang='lat'>&#39;</span> <span class='ocrx_word' id='word_1_797' title='bbox 3069 5348 3310 5409; x_wconf 76' lang='grc' dir='ltr'>ἐκείνους</span> <span class='ocrx_word' id='word_1_798' title='bbox 3340 5343 3430 5449; x_wconf 49' lang='lat' dir='ltr'><strong>pth,</strong></span> <span class='ocrx_word' id='word_1_799' title='bbox 3454 5333 3560 5449; x_wconf 52' lang='lat'><strong>0?”</strong></span> 
     </span>
    </p>
   </div>
   <div class='ocr_carea' id='block_1_104' title="bbox 2006 5435 3559 5520">
    <p class='ocr_par' dir='ltr' id='par_1_104' title="bbox 2006 5435 3559 5520">
     <span class='ocr_line' id='line_1_105' title="bbox 2006 5435 3559 5520; baseline -0.012 -16"><span class='ocrx_word' id='word_1_800' title='bbox 2006 5451 2327 5520; x_wconf 86' lang='grc' dir='ltr'>κατακρινεῖ</span> <span class='ocrx_word' id='word_1_801' title='bbox 2347 5448 2422 5510; x_wconf 83' lang='grc' dir='ltr'>ὡς</span> <span class='ocrx_word' id='word_1_802' title='bbox 2449 5447 2856 5517; x_wconf 77' lang='grc' dir='ltr'>ἀπιστήσαντας</span> <span class='ocrx_word' id='word_1_803' title='bbox 2877 5484 2889 5507; x_wconf 83' lang='grc'><strong>,</strong></span> <span class='ocrx_word' id='word_1_804' title='bbox 2920 5442 3145 5503; x_wconf 80' lang='grc' dir='ltr'>τούτους</span> <span class='ocrx_word' id='word_1_805' title='bbox 3186 5440 3241 5494; x_wconf 83' lang='grc' dir='ltr'><strong>δὲ</strong></span> <span class='ocrx_word' id='word_1_806' title='bbox 3292 5435 3440 5491; x_wconf 84' lang='grc' dir='ltr'>σώσει</span> <span class='ocrx_word' id='word_1_807' title='bbox 3472 5435 3559 5499; x_wconf 72' lang='lat' dir='ltr'><strong>dt;</strong></span> 
     </span>
    </p>
   </div>
   <div class='ocr_carea' id='block_1_105' title="bbox 2008 5542 2422 5613">
    <p class='ocr_par' dir='ltr' id='par_1_105' title="bbox 2008 5542 2422 5613">
     <span class='ocr_line' id='line_1_106' title="bbox 2008 5542 2422 5613; baseline 0.002 -19"><span class='ocrx_word' id='word_1_808' title='bbox 2008 5542 2370 5613; x_wconf 72' lang='grc' dir='ltr'>πιστεύσαντα</span> <span class='ocrx_word' id='word_1_809' title='bbox 2381 5557 2422 5601; x_wconf 87' lang='lat'><strong>;.</strong></span> 
     </span>
    </p>
   </div>
   <div class='ocr_carea' id='block_1_106' title="bbox 2079 4418 3561 4511">
    <p class='ocr_par' dir='ltr' id='par_1_106' title="bbox 2079 4418 3561 4511">
     <span class='ocr_line' id='line_1_107' title="bbox 2079 4418 3561 4511; baseline -0.018 -14"><span class='ocrx_word' id='word_1_810' title='bbox 2079 4440 2280 4511; x_wconf 78' lang='grc' dir='ltr'>Κρινεῖ</span> <span class='ocrx_word' id='word_1_811' title='bbox 2305 4438 2445 4504; x_wconf 80' lang='grc' dir='ltr'>τοὺς</span> <span class='ocrx_word' id='word_1_812' title='bbox 2470 4433 2741 4503; x_wconf 80' lang='grc' dir='ltr'>πτωχοὺς</span> <span class='ocrx_word' id='word_1_813' title='bbox 2763 4431 2867 4485; x_wconf 88' lang='grc' dir='ltr'>τοῦ</span> <span class='ocrx_word' id='word_1_814' title='bbox 2898 4427 3075 4492; x_wconf 71' lang='grc' dir='ltr'>λαοῦ,</span> <span class='ocrx_word' id='word_1_815' title='bbox 3103 4426 3202 4484; x_wconf 77' lang='grc' dir='ltr'>καὶ</span> <span class='ocrx_word' id='word_1_816' title='bbox 3230 4424 3412 4479; x_wconf 81' lang='grc' dir='ltr'>σώσει</span> <span class='ocrx_word' id='word_1_817' title='bbox 3429 4418 3561 4482; x_wconf 82' lang='grc' dir='ltr'>τοὺς</span> 
     </span>
    </p>
   </div>
   <div class='ocr_carea' id='block_1_107' title="bbox 318 5461 1629 5533">
    <p class='ocr_par' dir='ltr' id='par_1_107' title="bbox 318 5461 1629 5533">
     <span class='ocr_line' id='line_1_108' title="bbox 318 5461 1629 5533; baseline -0.005 -14"><span class='ocrx_word' id='word_1_818' title='bbox 318 5464 725 5533; x_wconf 72' lang='grc' dir='ltr'>οοηὰειηηιιιιίι,</span> <span class='ocrx_word' id='word_1_819' title='bbox 759 5467 859 5519; x_wconf 88' lang='lat' dir='ltr'><strong>hos</strong></span> <span class='ocrx_word' id='word_1_820' title='bbox 898 5480 1028 5520; x_wconf 89' lang='lat' dir='ltr'><strong>vero</strong></span> <span class='ocrx_word' id='word_1_821' title='bbox 1055 5464 1313 5530; x_wconf 89' lang='lat' dir='ltr'><strong>salvabit,</strong></span> <span class='ocrx_word' id='word_1_822' title='bbox 1336 5470 1394 5521; x_wconf 86' lang='lat' dir='ltr'><strong>ut</strong></span> <span class='ocrx_word' id='word_1_823' title='bbox 1423 5461 1629 5528; x_wconf 83' lang='lat' dir='ltr'><strong>ﬁdeles.</strong></span> 
     </span>
    </p>
   </div>
   <div class='ocr_carea' id='block_1_108' title="bbox 452 5731 895 5799">
    <p class='ocr_par' dir='ltr' id='par_1_108' title="bbox 452 5731 895 5799">
     <span class='ocr_line' id='line_1_109' title="bbox 452 5731 895 5799; baseline 0.007 -12"><span class='ocrx_word' id='word_1_824' title='bbox 452 5731 613 5789; x_wconf 77' lang='lat' dir='ltr'><strong>Joan.</strong></span> <span class='ocrx_word' id='word_1_825' title='bbox 639 5750 770 5799; x_wconf 78' lang='lat' dir='ltr'><strong>xvu,</strong></span> <span class='ocrx_word' id='word_1_826' title='bbox 808 5735 895 5790; x_wconf 84' lang='grc'><strong>10.</strong></span> 
     </span>
    </p>
   </div>
   <div class='ocr_carea' id='block_1_109' title="bbox 1657 5822 2212 5886">
    <p class='ocr_par' dir='ltr' id='par_1_109' title="bbox 1657 5822 2212 5886">
     <span class='ocr_line' id='line_1_110' title="bbox 1657 5822 2212 5886; baseline -0.013 0"><span class='ocrx_word' id='word_1_827' title='bbox 1657 5825 1852 5886; x_wconf 76' lang='lat' dir='ltr'><strong>Varite</strong></span> <span class='ocrx_word' id='word_1_828' title='bbox 1885 5822 2212 5884; x_wconf 82' lang='lat' dir='ltr'><strong>lectiones.</strong></span> 
     </span>
    </p>
   </div>
   <div class='ocr_carea' id='block_1_110' title="bbox 382 5925 2364 6013">
    <p class='ocr_par' dir='ltr' id='par_1_110' title="bbox 382 5925 2364 6013">
     <span class='ocr_line' id='line_1_111' title="bbox 382 5925 2364 6013; baseline -0.008 -18"><span class='ocrx_word' id='word_1_829' title='bbox 382 5934 495 6013; x_wconf 60' lang='grc' dir='ltr'><strong>φῖ)</strong></span> <span class='ocrx_word' id='word_1_830' title='bbox 516 5935 706 5996; x_wconf 71' lang='lat' dir='ltr'><strong>Graece</strong></span> <span class='ocrx_word' id='word_1_831' title='bbox 743 5936 1069 6009; x_wconf 86' lang='lat' dir='ltr'><strong>simpliciter</strong></span> <span class='ocrx_word' id='word_1_832' title='bbox 1105 5952 1121 5990; x_wconf 90' lang='lat'><strong>:</strong></span> <span class='ocrx_word' id='word_1_833' title='bbox 1169 5935 1298 5990; x_wconf 83' lang='lat' dir='ltr'><strong>Filii</strong></span> <span class='ocrx_word' id='word_1_834' title='bbox 1326 5935 1465 5990; x_wconf 79' lang='lat' dir='ltr'><strong>enim</strong></span> <span class='ocrx_word' id='word_1_835' title='bbox 1490 5933 1712 6003; x_wconf 82' lang='lat' dir='ltr'><strong>populus</strong></span> <span class='ocrx_word' id='word_1_836' title='bbox 1766 5940 1845 5985; x_wconf 81' lang='lat' dir='ltr'><strong>est</strong></span> <span class='ocrx_word' id='word_1_837' title='bbox 1884 5929 2021 5983; x_wconf 86' lang='lat' dir='ltr'><strong>idem</strong></span> <span class='ocrx_word' id='word_1_838' title='bbox 2079 5936 2126 5980; x_wconf 86' lang='lat' dir='ltr'><strong>et</strong></span> <span class='ocrx_word' id='word_1_839' title='bbox 2162 5925 2364 5992; x_wconf 69' lang='lat' dir='ltr'><strong>Putris.</strong></span> 
     </span>
    </p>
   </div>
  </div>
