3834 6530
201 366 303 437 72-3

1380 372 1775 439 cannam.
1810 370 1893 438 IN
1926 356 2289 440 PSALMOS.

3321 339 3431 442 726

254 482 361 542 Kal
392 486 742 543 ταπεινώσει
773 487 1190 559 συκοφάντην.
1225 488 1331 544 Τὸν
1357 489 1655 555 διάϐολον,
1692 489 1751 552 ὃς

1928 489 1997 544 Et
2030 489 2334 545 Itumiliabit
2354 489 3129 565 (αίιιηιιιὶαιονευι.νλῡξεὼοῐιιιιι
3154 492 3444 556 nimirum,

190 577 339 632 αὑτὸν
382 580 471 631 τὸν
497 579 629 633 Θεὺν
667 581 887 652 πρῶτον
930 580 1366 653 ἐσυκοφάντησε,
1429 584 1631 651 φήσας,
1658 581 1748 635 διὰ

190 669 370 741 φθόνον
414 671 576 725 αὑτὸν
632 673 1143 744 ἀπαγορεῦσαιλτοῦ
1170 673 1341 742 φυτοῦ
1368 675 1470 739 τὴν
1504 673 1747 743 μετάλη-

188 761 274 830 ψιν
293 778 306 793 ο
331 763 425 816 καὶ
466 764 678 827 πάντας
708 764 766 818 δὲ
795 766 1137 835 συκοφαντεῖ
1168 765 1265 819 καὶ
1314 765 1619 820 διαϐάλλει.
1657 765 1748 818 Διδ

192 851 277 904 καὶ
301 850 574 919 διάϐολος
598 854 940 925 φέρωνύμως
968 857 1255 928 κέκληται.

245 1115 344 1170 Kal
376 1119 834 1188 συμπαραμενεῖ
862 1118 944 1187 τῷ
958 1122 1110 1190 ἡλίῳ
1135 1121 1365 1190 καὶπρὸ
1409 1120 1521 1190 τῆς
1560 1121 1750 1188 σελή-

183 1224 284 1276 νης
297 1209 503 1276 γενεὰς
526 1210 764 1281 γενεῶν.
793 1214 1130 1283 Βουλόμενος
1149 1217 1388 1287 ἐμφῆναι
1415 1215 1474 1272 τό
1501 1232 1559 1270 τε
1585 1217 1756 1286 ἄναρ-

183 1317 263 1370 χον
287 1303 375 1354 καὶ
407 1306 467 1358 τὸ
496 1306 852 1379 ἀτελεύτητον
912 1309 1009 1365 τοῦ
1051 1309 1293 1381 Χριστοῦ
1322 1310 1465 1365 κατὰ
1497 1310 1595 1381 τὴν
1627 1309 1747 1362 θεό-

184 1412 303 1464 τητα
327 1397 634 1466 παρέϐαλεν
665 1401 808 1455 αὐτὰ
832 1405 945 1466 τοῖς
992 1405 1249 1474 μεγάλοις
1280 1405 1599 1478 φωστῆρσιν
1618 1426 1632 1440 ·
1654 1407 1754 1478 οὐχ

182 1485 434 1571 triplawa
474 1491 534 1545 ὲν
554 1495 621 1564 τῇ
648 1493 817 1567 ὀρατῇ
843 1495 1022 1549 κτίσει
1049 1497 1240 1569 ἐτέρας
1260 1498 1472 1563 εἰκόνας
1489 1500 1755 1571 ἐπισημο-

181 1568 330 1644 τέρας
364 1582 456 1634 καὶ
511 1583 924 1657 διαρκεστέρας.
957 1590 1412 1661 Συμπαραμενεῖ,
1464 1595 1600 1663 φησι⁵
1626 1568 1752 1662 ,Γτῷ

183 1666 322 1738 ἠλὰρ,
369 1672 672 1740 τουτέστιν,
705 1677 860 1730 ἔσται
890 1678 1083 1748 μέχρις
1113 1679 1268 1732 ἔστιν
1314 1681 1342 1733 ὀ
1374 1681 1548 1751 ἥλιος.
1583 1681 1751 1734 Ίδίω-

184 1777 248 1826 μα
271 1760 321 1813 δὲ
347 1762 446 1835 τῆς
499 1765 722 1838 Γραφῆς
774 1770 834 1823 τὸ
881 1772 1042 1842 μέχρι
1082 1774 1181 1841 μέν
1210 1791 1361 1836 τινος
1394 1773 1637 1845 ὁρίζειν·
1692 1773 1753 1827 τὸ

180 1851 219 1904 δ’
247 1852 388 1922 ἑξῆς,
435 1857 515 1926 μὴ
549 1850 998 1928 ἀναίνεσθαιξὼς
1026 1865 1085 1918 ἐν
1115 1865 1324 1936 ἑτέροις
1350 1866 1586 1936 ἐροῦμεν
1614 1866 1754 1920 πλαφ
1786 1848 1826 1904 Β

179 1943 417 2015 τὺτερονο
470 1950 590 2003 ἀλλ’
637 1951 782 2006 οὕτω
815 1956 917 2024 μὲν
953 1955 1016 2009 τὸ
1049 1956 1448 2028 ἀτελεύτητονο
1499 1954 1621 2011 εἶτα
1655 1958 1752 2011 καὶ

180 2036 297 2124 τερὶ
325 2036 415 2091 τοῦ
467 2040 708 2111 ἀνάρχου
743 2045 930 2114 φησιν,
962 2046 1046 2099 ὅτι
1077 2047 1172 2101 καὶ
1225 2048 1332 2118 πρὸ
1379 2047 1480 2117 τῆς
1517 2049 1750 2124 σελήνης

179 2118 252 2195 ἦν.
283 2127 351 2180 Τὸ
379 2129 434 2182 δὲ
465 2134 678 2200 γενεᾶς
714 2136 954 2205 γενεῶν,
982 2138 1103 2191 ἀντὶ
1127 2138 1220 2192 τοῦ
1267 2118 1611 2211 διαστήματα
1636 2140 1752 2193 δια-

180 2217 475 2286 στημάτων,
505 2222 696 2293 ἤγουν,
723 2226 1075 2298 διαστήματα
1114 2229 1322 2301 ἄπειρα
1348 2246 1362 2261 ο
1413 2231 1608 2298 γενεὰν
1648 2249 1751 2284 καο

178 2306 271 2360 λῶν
297 2310 574 2383 διάστημα
603 2318 799 2385 χρόνου
820 2337 834 2352 υ
870 2322 995 2376 ὅσον
1029 2323 1095 2376 ἂν
1119 2323 1184 2394 ζῇ
1222 2323 1402 2390 γένος,
1442 2322 1624 2376 εῐτουν
1655 2322 1749 2377 ἆν-

180 2401 397 2472 ορωπος.
428 2407 591 2462 Ἔστι
611 2409 668 2463 δὲ
702 2413 798 2466 καὶ
824 2413 999 2478 ἄλλως
1027 2416 1204 2468 εἰπεῖν
1237 2414 1388 2484 ἥλιον
1414 2412 1514 2484 τὴν
1558 2415 1749 2485 Θεότη-

178 2509 271 2552 ‘ia.’
315 2496 343 2549 ὅ
373 2499 484 2568 γὰρ
522 2503 582 2554 ὲν
628 2506 742 2567 τοῖς
788 2506 1068 2576 αἰσθητοῖς
1114 2508 1285 2579 ἥλιος,
1331 2506 1494 2561 τοῦτο
1526 2509 1586 2563 ἐν
1637 2511 1751 2572 τοῖς

180 2594 368 2651 νοητοῖς
402 2591 567 2658 Θεὸς,
600 2596 743 2651 κατὰ
774 2598 866 2652 τὸν
892 2600 1158 2670 Θεολόγον
1206 2600 1529 2671 Γρηγὸριον.
1560 2595 1749 2674 ⁷ῌτινι

181 2678 380 2751 θεότητι
442 2703 507 2738 συ
517 2694 871 2760 μπαραμενεῖ
893 2695 925 2765 ή
961 2694 1339 2766 ἀνθρωπότης,
1364 2695 1510 2761 ἅπαξ
1528 2697 1750 2750 ἐνωοεῖο

182 2786 241 2823 σι
266 2774 432 2845 αὐτῇο
480 2779 576 2830 καὶ
610 2781 867 2836 οὐδέποτε
919 2786 1091 2855 αὐτῆς
1132 2786 1561 2859 χωρισθήσεται.
1616 2784 1752 2843 Εἶτα

182 2865 390 2936 σελήνην
426 2871 647 2940 νοήσεις
696 2873 798 2948 τὴν
861 2876 1190 2948 Ἐκκλησίαν
1241 2878 1351 2934 τῶν
1391 2881 1623 2945 πιστῶν,
1683 2874 1753 2949 ἧς

186 2958 280 3029 πρὸ
328 2962 628 3031 προσώπου
681 2968 774 3021 καὶ
811 2969 1045 3024 ἐνώπιον
1092 2973 1121 3025 ὁ
1156 2972 1394 3043 Χριστὸς
1456 2971 1612 3044 ἔστη,
1672 2975 1752 3037 εἰς

180 3050 351 3115 γενεὰς
379 3055 627 3123 γενεῶν,
668 3060 970 3125 τουτέστιν,
1022 3063 1145 3116 ἀεί·
1198 3062 1498 3132 ὥσπερεδὲ
1549 3063 1751 3136 σελήνη

182 3142 275 3196 ἀπὸ
301 3145 389 3199 τοῦ
431 3149 589 3220 ἡλίου
613 3151 888 3221 λαμΰάνει
915 3155 978 3207 τὸ
1009 3154 1148 3225 φῶς,
1194 3155 1339 3209 οὕτω
1393 3156 1483 3209 καὶ
1522 3155 1660 3226 αῦτη
1691 3157 1752 3211 τὸ

182 3235 349 3304 νοητὸν
382 3239 503 3308 φῶς
536 3242 646 3295 ἀπὸ
697 3243 795 3298 τοῦ
840 3244 1026 3300 Ἡλίου
1069 3247 1169 3318 τῆς
1220 3248 1572 3320 δικαιοσύνης
1620 3252 1753 3321 Χρι-

184 3329 313 3396 στοῦ,
336 3336 429 3389 καὶ
452 3341 791 3408 καταυγάζει
819 3343 945 3407 τοὺς
971 3347 1030 3399 ὲν
1056 3347 1214 3402 νυκτὶ
1262 3347 1362 3419 τῆς
1391 3348 1626 3420 πλάνης,
1659 3350 1755 3403 καὶ

104 3501 111 3507 .
182 3421 268 3489 τὴν
302 3427 521 3485 εὐθεῖαν
545 3433 664 3488 ὁδὸν
695 3434 1073 3494 ὑποδείκνυσι.

1855 582 1946 654 qui
1982 583 2152 639 Deum
2181 585 2360 653 ipsum
2393 583 2571 654 primo
2599 570 2974 641 calumniatus
2998 592 3082 642 est
3111 627 3125 652 ,
3166 585 3440 643 invidiose

1855 673 2006 729 illum
2034 676 2275 731 vetuisse
2309 690 2566 732 asserens
2598 717 2612 740 ,
2657 691 2724 731 ne
2755 661 3005 732 homines
3042 676 3110 731 de
3158 678 3308 749 ligno
3344 693 3442 733 su-

1857 774 2073 820 merent
2109 784 2122 819 :
2158 776 2211 821 et
2241 769 2333 837 qui
2368 781 2514 822 nunc
2547 758 2752 838 passim
2785 782 2979 823 omnes
3020 769 3184 824 etiam
3237 769 3449 823 calum-

1854 854 2057 910 niatur.
2096 854 2272 922 Unde,
2299 857 2458 926 juxta
2495 859 2732 913 nominis
2767 858 3177 929 etymologiam,
3219 875 3349 914 vere
3385 875 3449 913 ac

1856 948 2086 1018 proprie‘
2139 948 2394 1003 diabolus
2425 949 2753 1020 appellatur.
2790 944 2970 1019 (Idem
3005 948 3151 1005 enim
3177 958 3264 1008 εει
3291 950 3446 1007 ϐιαι-

1855 1041 1934 1100 cis
1965 1044 2226 1109 diabolus,
2258 1044 2401 1112 quod
2442 1043 2628 1098 latinis
2667 1042 3083 1111 calumniator.)
3144 1084 3145 1087 η

1927 1134 2094 1194 Vens.
2144 1137 2196 1192 5.
2243 1137 2312 1192 Et
2362 1139 2686 1209 permanebit
2733 1154 2854 1192 cum
2902 1136 3010 1192 sole
3037 1148 3088 1192 et
3117 1144 3238 1193 ante
3263 1135 3446 1192 lunam

1855 1232 2217 1302 generationes
2259 1234 2677 1303 generationum.
2719 1230 3045 1287 Ostendere'
3070 1231 3262 1287 volens
3313 1225 3484 1285 Pro-"

1858 1323 2018 1394 pheta
2057 1322 2263 1379 Christi
2316 1323 2662 1378 divinitatem
2710 1324 2833 1379 sine
2877 1323 3151 1395 principio
3192 1338 3317 1379 esse
3345 1361 3360 1388 ,
3391 1333 3446 1378 et

1857 1415 1976 1471 sine
2010 1416 2135 1481 line,
2160 1415 2377 1470 duobus
2404 1416 2618 1485 magnis
2648 1415 3012 1472 luminaribus
3051 1431 3173 1472 eam
3222 1429 3447 1485 compa-

1858 1509 2000 1563 ravit
2034 1526 2048 1561 :
2077 1508 2525 1578 quandoquidem
2550 1508 2697 1562 inter
2719 1508 2912 1564 omnes
2944 1508 3188 1563 visibiles
3227 1515 3445 1562 creatu-

1859 1616 1948 1655 ras
1975 1600 2188 1671 potiora
2219 1601 2465 1670 exempla
2507 1607 2601 1655 aut
2641 1598 3017 1655 diuturniores
3049 1597 3443 1654 similitudines

1859 1694 2090 1748 inveniri
2120 1692 2489 1764 nequiverint.
2522 1692 2891 1757 Permanebit,
2925 1692 3128 1762 inquit,
3153 1705 3273 1744 cum
3303 1691 3441 1752 sole,

1864 1786 1967 1841 hoc
1996 1797 2099 1849 est,
2137 1787 2239 1840 erit
2279 1788 2456 1841 donec
2504 1786 2611 1841 erit
2642 1786 2742 1841 sol.
2789 1785 2886 1842 Est
2935 1797 3115 1841 autem
3153 1784 3449 1855 peculiaris

1859 1878 2082 1948 quidam
2117 1879 2378 1949 loquendi
2413 1879 2609 1944 modus
2647 1880 2792 1948 apud
2820 1876 3163 1947 Scripturam
3209 1890 3446 1938 sacram,

1860 1982 1917 2028 ut
1944 1981 2158 2042 tempus
2190 1987 2365 2042 usque
2397 1975 2465 2024 ad
2498 1969 2703 2042 aliquid
2753 1970 3085 2025 determinet
3119 2011 3133 2033 ,
3190 1978 3241 2020 et
3294 1969 3444 2036 quod

1843 2065 2135 2133 sequitur,
2168 2079 2276 2118 non
2307 2071 2487 2132 neget,
2517 2071 2577 2116 ut
2610 2061 2736 2117 alibi
2773 2061 2935 2114 latius
2967 2060 3208 2114 diximus
3234 2100 3248 2121 ,
3274 2070 3327 2113 ct
3360 2059 3411 2110 di
3433 2089 3447 2096 -

1859 2170 2046 2211 cemus
2079 2175 2094 2211 :
2127 2164 2182 2211 et
2214 2156 2317 2211 hoc
2343 2168 2502 2226 pacto
2532 2158 2748 2224 quidem
2780 2153 2987 2209 Christi
3016 2152 3436 2223 perpetuitatem

1858 2250 2095 2318 explicat
2125 2264 2191 2304 ex
2223 2258 2377 2320 parte
2408 2250 2552 2303 linis.
2600 2247 2803 2304 Deinde
2836 2248 2998 2302 etiam
3038 2246 3281 2300 declarat
3310 2258 3449 2313 quo-

1861 2342 2020 2394 modo
2045 2343 2116 2397 sit
2147 2342 2356 2411 absque
2389 2341 2659 2413 principio
2699 2359 2713 2393 :
2748 2348 2800 2397 et
2831 2341 2967 2395 dicit
2996 2339 3142 2408 quod
3177 2342 3296 2391 erat
3322 2344 3449 2389 ante

1859 2434 2064 2489 lunam.
2111 2432 2265 2500 Quod
2326 2448 2458 2484 vero
2493 2434 2567 2486 ait
2598 2451 2614 2488 :
2645 2433 3003 2503 generationes
3024 2430 3446 2502 generationum.

1861 2526 2001 2581 idem
2037 2527 2140 2580 sibi
2176 2525 2291 2580 vult
2326 2541 2385 2578 ae
2424 2525 2468 2579 si
2497 2525 2743 2592 dixisset,
2779 2539 2874 2594 per
2916 2523 3090 2591 spatia
3118 2520 3445 2591 spatiorum,

1861 2620 1965 2672 hoc
1998 2626 2106 2685 est,
2143 2634 2242 2689 per
2277 2595 2545 2673 immensa
2583 2624 2750 2688 atque
2775 2616 2983 2670 inﬁnita
3015 2622 3323 2683 temporum
3358 2612 3442 2664 in~

1863 2709 2104 2764 tervalla.
2142 2708 2244 2762 Per
2269 2707 2693 2779 generationem
2742 2704 2946 2760 etenim
2998 2702 3265 2772 temporis
3324 2713 3447 2768 spa-

1859 2804 1995 2855 tium
2031 2800 2330 2867 intellexit,
2359 2800 2510 2855 verbi
2533 2799 2728 2870 gratia,
2749 2804 3013 2868 quantum
3043 2809 3147 2847 una
3168 2793 3451 2846 homiwm

1861 2893 2162 2963 generatio,
2192 2892 2296 2946 hoc
2328 2902 2433 2955 est,
2467 2898 2732 2962 quantum
2775 2903 2918 2943 unus
2955 2887 3118 2939 hoino
3145 2892 3323 2953 potest
3357 2898 3452 2936 su-

1864 2985 2168 3055 pervivere.
2205 2983 2302 3040 Vel
2343 2984 2501 3039 aliter
2531 3004 2545 3039 :
2580 2983 2763 3037 Solem
2801 2981 2990 3050 accipe
3008 2994 3106 3048 pro
3129 2976 3445 3038 divinitate,

1864 3091 2017 3142 cum,
2042 3084 2102 3130 ut
2129 3075 2441 3146 Theologus
2477 3073 2771 3145 Gregorius
2800 3073 2957 3136 dixit,
2993 3072 3044 3124 id
3084 3070 3154 3123 sit
3193 3069 3337 3123 Deus
3369 3067 3453 3120 in-

1862 3174 1945 3219 ter
1975 3167 2375 3221 intellectuales
2409 3175 2691 3220 creaturas
2720 3206 2733 3229 ,
2768 3164 2915 3233 quod
2957 3164 3037 3216 sol
3096 3162 3242 3214 inter
3274 3160 3454 3213 sensi~

1864 3255 2022 3312 biles.
2059 3257 2195 3313 Cum
2232 3258 2333 3312 hac
2355 3264 2534 3310 autem
2567 3254 2856 3310 divinitate
2879 3260 3143 3323 perpetuo
3167 3257 3452 3320 permanet

1863 3347 2067 3403 Christi
2098 3348 2436 3414 humanitas,
2463 3362 2529 3400 ex
2563 3361 2674 3417 quo
2704 3345 2751 3399 ei
2782 3344 2951 3398 semel
2994 3351 3077 3397 est
3133 3342 3448 3409 conjuncta.

1863 3450 1919 3498 et
1946 3441 2015 3497 ab
2055 3456 2116 3497 ea
2148 3456 2431 3512 nunquam
2462 3446 2749 3509 separatur
2795 3455 2809 3492 :
2840 3446 2894 3492 et
2927 3452 3023 3507 per
3058 3435 3451 3503 lunamipsam

184 3516 403 3575 ﬁdelium
436 3523 737 3585 Ecclesiam
769 3529 1033 3603 intellige,
1064 3541 1190 3590 ante
1228 3535 1389 3608 cuius
1443 3536 1639 3592 faciem
1683 3544 1736 3592 et
1773 3551 1958 3591 coram
1992 3549 2102 3605 qua
2155 3534 2406 3590 Christus
2457 3541 2579 3588 erat
2653 3533 2709 3587 in
2782 3530 3162 3600 generationes
3225 3541 3459 3596 genera-

185 3611 374 3667 tionum
406 3616 553 3679 ,hoc
599 3628 717 3683 est,
749 3631 1035 3693 perpetuo.
1090 3625 1222 3681 Nam
1276 3630 1737 3698 quemadmodum
1773 3631 1904 3684 luna
1936 3643 1966 3683 a
1997 3629 2151 3695 sole,
2222 3629 2295 3683 ita
2366 3627 2612 3684 Ecclesia
2652 3642 2680 3681 a
2728 3620 2946 3679 Christo
2997 3623 3168 3675 altero
3226 3621 3455 3688 iustitia:

184 3708 303 3773 5°10.
336 3708 517 3767 lucem
567 3715 800 3785 accipit;
850 3717 997 3773 unde
1037 3733 1135 3773 eos
1181 3735 1374 3777 omnes
1428 3723 1752 3789 illuminat,
1795 3723 1890 3791 qui
1917 3723 1972 3779 in
2001 3721 2207 3777 erroris
2239 3718 2582 3787 sunt‘nocte,
2615 3727 2827 3774 rectum
2863 3717 2972 3770 illis
3038 3714 3291 3768 videlicet
3334 3714 3451 3765 eal-

186 3799 275 3851 lem
310 3802 722 3862 demonstrans.

244 3896 649 3966 Καταὸήσεται
686 3900 767 3965 ὡς
812 3904 985 3970 ὑετὸς
1046 3905 1143 3959 ἐπὶ
1212 3908 1426 3968 πόκον,
1460 3909 1556 3964 καὶ
1612 3910 1756 3963 ὠσεὶ

187 3987 465 4055 σταγόνες
491 3988 818 4050 στάζουσαι
850 3994 949 4047 ἐπὶ
983 3995 1100 4063 τὴν
1129 3998 1265 4067 γῆν.
1312 3998 1385 4051 Τὸ
1414 4001 1639 4070 mmet;
1673 4003 1761 4053 ἐν·

187 4075 346 4132 ταῦθα
372 4081 635 4149 μηνύεται
666 4084 766 4150 τῆς
794 4085 888 4138 τοῦ
914 4087 1089 4156 Λόγου
1116 4089 1448 4160 σαρκώσεως
1479 4092 1758 4145 καταόὶν-

186 4182 266 4228 τος
290 4169 705 4242 ἀνεπαισθήτως
734 4177 826 4230 ἐπὶ
857 4179 956 4248 τὴν
996 4180 1165 4249 νηδὺν
1212 4182 1314 4250 τῆς
1353 4183 1654 4253 Παρθένον.
1701 4185 1761 4238 Ὀ

190 4259 287 4327 γδφ
315 4264 465 4327 ὑετὸς
500 4266 737 4337 ἀψοφητὶ
772 4270 1019 4325 κάτεισιν
1042 4273 1140 4326 ἐπὶ
1208 4273 1301 4327 τὸν
1337 4274 1527 4341 πόκον,
1559 4277 1762 4346 ὁμοίως

188 4355 236 4408 δὲ
260 4358 398 4428 καὶή
431 4361 645 4429 σταγὼν
667 4363 760 4418 ἐπὶ
789 4365 890 4436 τήν
915 4369 1041 4437 γῆν.
1070 4366 1296 4437 Σταγὼν
1324 4367 1381 4421 δέ
1426 4370 1575 4422 ἐστιν
1597 4372 1628 4440 ἡ
1653 4369 1761 4440 πρδ

192 4448 277 4500 τοῦ
315 4454 522 4520 νείφειν
554 4456 829 4529 σποράδην
886 4461 979 4513 καὶ
1010 4462 1074 4514 ὲκ
1102 4459 1512 4532 διαλειμμάτων
1564 4480 1764 4535 κατερο

195 4539 406 4611 κομένησ

177 4869 185 4879 θ
269 4804 570 4863 Ἀνατελεῖ
595 4811 668 4866 ἐν
707 4814 837 4881 ταῖς
870 4815 1121 4885 ἡμέραις
1155 4820 1341 4874 αὐτοῦ
1377 4821 1761 4892 δικαιοσύνη,

196 4900 283 4953 καί
324 4904 553 4973 πλῆθος
579 4906 825 4976 εἰρήνης
868 4909 979 4977 ἕως
1019 4907 1092 4968 οὗ
1137 4914 1541 4986 ἁνταναιρεθῇ
1586 4919 1626 4987 ἡ
1659 4933 1763 4973 σε·

197 4990 367 5061 λήγῃ.
422 4997 778 5070 Γεννηθέντος
809 5003 919 5073 γὰρ
948 5004 1041 5058 τοῦ
1082 5007 1346 5076 Χριστοῦ,
1401 5010 1458 5062 al
1506 5010 1760 5082 διάφοροι

195 5088 473 5158 τοπαρχίαι
523 5092 635 5145 τῶν
658 5092 831 5148 ἐθνῶν
878 5096 960 5159 εἰς
997 5102 1299 5171 μοναρχίαν
1326 5101 1430 5175 τὴν
1478 5105 1592 5158 τῶν
1631 5105 1765 5159 Ῥω·

202 5175 361 5241 μαίων
403 5181 794 5253 περιέστησαν.
881 5186 1136 5257 Ἐξῆλθε
1183 5191 1315 5263 γὰρ,
1356 5193 1512 5263 φησὶ,
1570 5194 1764 5265 δόγμα

199 5268 342 5333 παρὰ
367 5272 663 5340 Καίσαρος
677 5278 1053 5347 Αὐγοΰστου,
1072 5284 1523 5354 ἀπογράφεσθαι
1553 5285 1763 5344 πᾶσαν

200 5356 307 5424 τὴν
331 5364 704 5435 οἰκουμένην.
737 5370 873 5423 Τότε
907 5372 1090 5428 τοίνυν
1154 5377 1461 5449 ἐκέχρηντο
1490 5379 1765 5434 δικαιοσύ-

198 5466 259 5521 νη
283 5455 367 5508 καὶ
391 5459 581 5532 εἰρήνῃ
604 5461 739 5531 πρδς
764 5464 999 5536 ἀλλήλας
1033 5469 1088 5521 αἱ
1114 5470 1243 5540 πρὶν
1286 5471 1534 5542 πολέμιο.
1578 5473 1756 5541 πόλει,

199 5542 298 5597 ὑπὸ
324 5550 452 5616 μιᾶς
506 5553 819 5625 ἰθυνόμεναι
882 5558 1184 5630 βασιλείας.
1248 5563 1659 5636 Ἀνταναῖρεσιν
1705 5566 1763 5620 δὲ

199 5636 290 5706 τῆς
316 5643 557 5718 σελήνης,
590 5650 789 5731 εῖτουν,
830 5654 1111 5726 ἀναίρεσιν
1166 5657 1325 5713 καλεῖ
1363 5658 1466 5732 τὴν
1509 5662 1598 5714 ἐπὶ
1639 5677 1775 5713 συν-ε

233 5819 256 5853 ³
282 5821 407 5882 Luc.
444 5843 502 5894 ιι,
535 5830 593 5887 L

1941 3903 2110 3960 Vsus.
2143 3901 2197 3957 6.
2237 3899 2527 3956 Descendet
2553 3900 2691 3953 sicut
2714 3897 2895 3967 pluvia
2926 3899 2980 3952 iu
3015 3894 3198 3958 vellus,
3231 3903 3279 3948 et
3315 3894 3454 3947 sicut

1867 3998 2017 4054 stilla
2043 3995 2263 4050 stillans
2288 4009 2448 4062 super
2488 3991 2718 4047 terram.
2750 3991 2918 4045 Docet
2942 3985 3228 4059 quomodo
3268 3984 3454 4040 divina

1865 4091 2031 4146 Verbi
2071 4087 2384 4143 incarnatio
2420 4086 2658 4140 latenter
2688 4098 2754 4139 ac
2790 4083 2931 4136 clam
2991 4081 3137 4134 laeta
3179 4079 3251 4133 sit
3292 4095 3306 4131 :
3349 4078 3454 4133 dc-

1871 4182 2175 4241 scendente
2201 4181 2461 4235 nimirum
2494 4178 2662 4233 verbo
2695 4174 3096 4230 insensibiliter
3128 4173 3181 4226 in
3215 4170 3455 4241 Virginis

1871 4288 2112 4331 uterum.
2147 4271 2337 4327 Pluvia
2356 4270 2559 4327 etenim
2580 4269 2793 4337 absque
2823 4267 2936 4320 ullo
2961 4265 3195 4333 strepitu
3232 4264 3284 4319 in
3319 4264 3455 4314 lana:

1870 4368 2079 4422 vellera
2110 4363 2401 4420 descendit
2434 4378 2449 4416 :
2486 4370 2653 4430 atque
2706 4358 2900 4423 eodem
2939 4364 3104 4427 pacto
3144 4355 3289 4408 stilla
3333 4367 3455 4423 quae

1870 4459 1924 4514 in
1957 4466 2161 4514 terram
2196 4454 2365 4509 cadit.
2411 4452 2611 4507 Verum
2664 4463 2764 4520 per
2797 4447 2975 4503 stillas
3002 4487 3017 4510 ,
3047 4445 3453 4507 minutissimas

1794 4531 1993 4604 Dillas
2049 4554 2273 4617 guttas,
2332 4559 2430 4599 seu
2510 4542 2696 4612 potius
2767 4555 2922 4594 rores
3002 4535 3293 4608 intelligit,
3356 4536 3450 4606 qui

1868 4652 1995 4694 ante
2031 4638 2274 4709 pluviam
2310 4650 2374 4690 ex
2423 4632 2715 4689 intervallo
2743 4629 2984 4701 sparsim
3017 4630 3071 4682 in
3106 4636 3313 4683 terram
3361 4643 3455 4681 en-

1866 4732 2106 4873 ὼιῗίὲιιε.
2134 4818 2187 4872 7.
2229 4815 2445 4872 Orietur
2470 4815 2524 4869 in
2565 4811 2749 4867 diebus
2778 4812 2894 4882 ejus
2924 4811 3147 4882 justitia
3180 4821 3230 4867 et
3270 4811 3453 4866 multi-

1868 4910 1994 4965 tudo
2026 4910 2175 4980 pacis
2212 4910 2379 4962 donet:
2401 4906 2688 4976 auferatur
2710 4905 2867 4961 luna.
2899 4902 3045 4961 Nato
3069 4905 3272 4960 etenim
3297 4903 3453 4957 Chri-

1872 5014 1957 5059 sto
1997 5004 2163 5059 varia.
2207 5002 2448 5073 gentium
2480 5032 2485 5035 -
2522 5015 2690 5071 regna
2745 5001 2800 5055 in
2851 5016 3017 5055 unam
3077 4999 3449 5053 Romanorum

1872 5097 2248 5153 monarehiam
2307 5094 2541 5151 deducta
2597 5103 2751 5150 sunt.
2799 5092 2955 5149 Exiit
3032 5093 3196 5154 enim,
3244 5091 3448 5159 inquit,

1870 5191 2098 5243 edictum
2126 5203 2163 5240 a
2188 5185 2401 5243 Gaure
2431 5185 2694 5254 Augusto,
2726 5191 2781 5235 ut
2817 5180 3219 5239 describeretnr‘
3239 5178 3452 5231 univer-

1871 5302 1962 5339 sus
1994 5282 2138 5336 orbis
2171 5280 2213 5336 ³.
2248 5278 2406 5334 Tunc
2436 5279 2610 5348 igitur
2659 5276 2939 5348 civitates,
2992 5288 3114 5342 qute
3158 5273 3301 5325 inter
3330 5287 3451 5326 sese

1873 5385 2031 5429 antea
2074 5372 2397 5427 inimicitias
2430 5376 2816 5430 exercuerant,
2869 5381 2981 5421 uno
3012 5372 3227 5419 tantum
3273 5365 3449 5432 impe-

1875 5480 2055 5524 ratore
2087 5458 2271 5521 onmia
2300 5461 2647 5522 moderante.
2708 5468 2898 5511 mutua
2944 5456 3159 5525 iustitia
3213 5469 3277 5509 ac
3307 5470 3443 5524 pace

1876 5563 2192 5619 utebantur.
2229 5559 2296 5612 Et
2352 5556 2497 5626 quod
2529 5554 2606 5607 ait
2632 5570 2645 5607 :
2675 5553 2840 5606 donec
2865 5549 3145 5620 auferatur
3175 5548 3325 5613 luna,
3355 5564 3455 5617 po.

1878 5656 1984 5710 suit
2009 5669 2129 5727 pro,
2151 5653 2327 5708 donec
2372 5650 2501 5703 luna
2536 5646 2600 5700 ab
2632 5644 2808 5699 otlieio
2837 5656 2939 5699 suo
2955 5652 3156 5704 cesset,
3193 5642 3338 5713 quod
3367 5643 3459 5697 nia
