3834 6554
169 397 274 463 729

1320 414 1715 477 COMMENT.
1761 415 1843 476 IN
1883 415 2245 479 PSALMOS.

3308 420 3414 485 730

168 530 328 584 γματι
378 516 889 590 μεταϐληθήσονται
914 540 928 555 ·
984 523 1080 578 καὶ
1110 524 1178 580 τὰ
1209 526 1379 599 ὲδάφη
1434 530 1542 583 τῶν
1575 529 1704 598 ἱερῶ

1839 531 2280 599 praedicationem
2312 541 2649 602 oppugnant,
2680 532 2835 589 multi
2860 548 3053 590 eorum
3086 547 3413 591 converten-

167 604 321 659 αὐτοῦ
356 607 501 660 ναῶν
535 611 1022 684 καταφιλήσουσιν.
1083 616 1153 669 Ἢ
1185 619 1279 671 καὶ
1308 615 1468 682 αὖθις
1500 620 1730 690 ἐχθροὺς

166 697 316 750 αὑτοῦ
363 700 491 763 τοὺς
534 702 798 772 δαίμονας
835 706 1217 778 ὑποληπτέον,
1268 710 1461 775 οἵτινες
1510 715 1588 776 εἰς
1623 716 1727 782 γῆν

166 790 262 842 ὑπὸ
291 791 395 844 τῶν
442 792 686 848 εὐσεϐῶν
740 798 1249 869 καταϐληθήσονται
1298 803 1392 854 καὶ
1434 820 1725 872 συμπατη-

165 879 406 948 θήσονται
460 884 714 937 τοσοῦτον
748 888 821 950 ὡς
852 888 1031 941 δοκεῖν
1083 890 1282 961 λείχειν
1315 892 1413 964 τὴν
1442 894 1567 965 γῆν,
1600 897 1727 961 ἑξα-

163 972 409 1040 ναστῆναι
440 976 518 1043 μὴ
545 981 994 1049 συγχωρούμενα
1007 1022 1018 1035 .

224 1170 496 1238 Βασιλεῖς
538 1177 791 1245 Θαρσεῖς
821 1181 917 1235 καὶ
950 1181 1133 1249 νῆσοι
1168 1184 1325 1250 δῶρα
1357 1187 1725 1254 προσοίσου-

160 1278 237 1323 σι,
256 1262 542 1330 βασιλεῖς
591 1267 853 1336 Ἀράϐων
879 1270 976 1324 καί
1005 1274 1164 1328 Σαϐᾶ
1204 1275 1360 1343 δῶρα
1381 1278 1723 1344 προσάξου-

159 1368 235 1408 σι.
272 1356 505 1425 Θαρσεῖς
574 1356 672 1428 τὴν
736 1362 1061 1433 Καρχηδόνα
1118 1366 1319 1431 πάντες
1371 1367 1720 1437 ὀνομάζουσι,

158 1451 705 1522 προκαθημένηνδτῆς
735 1455 965 1526 Λιϐύης.
999 1458 1147 1512 Σαϐὰ
1165 1459 1221 1513 δὲ
1258 1461 1415 1523 πόλις
1445 1464 1595 1517 ἐστὶν
1625 1464 1724 1517 Ἰν-

156 1541 261 1605 δέας
292 1545 755 1615 περιφανεστέρα.
797 1546 919 1600 Τῶν
950 1552 1009 1603 ἐν
1058 1552 1197 1621 αὐτῇ
1236 1551 1347 1605 τῶν
1381 1555 1720 1626 ἐπισημοτέ-

159 1650 256 1700 ρων
281 1634 374 1688 οὖν
425 1636 548 1691 τότε
585 1638 876 1708 βασιλειῶν
925 1643 1333 1713 μνημονεύσας,
1382 1647 1470 1700 διὰ
1512 1648 1722 1702 τούτων

155 1727 236 1779 καὶ
259 1727 357 1789 τὰς
396 1728 565 1793 ἄλλας
600 1731 861 1801 ἐνέφηνεν
885 1746 901 1763 ’
932 1734 960 1787 ὃ
990 1737 1084 1788 καὶ
1105 1736 1195 1791 διὰ
1222 1737 1332 1792 τῶν
1360 1739 1489 1810 ἑξῆς
1516 1740 1721 1812 ἐδήλω-

157 1836 207 1871 σε
242 1820 479 1889 στίχων*
517 1822 819 1896 συλλήϐδην
864 1827 1074 1893 πάντας
1127 1830 1254 1894 τοὺς
1299 1832 1543 1903 βασιλεῖς
1622 1835 1719 1890 καὶ

156 1908 319 1961 πάντα
352 1907 421 1962 τὰ
472 1910 600 1981 ἔθνη
632 1914 831 1982 φήσας,
864 1915 941 1980 ὡς
975 1918 1036 1971 ὲν
1065 1918 1145 1990 τῷ
1181 1920 1256 1985 ξθ¹
1286 1921 1488 1994 ψαλμῷ
1519 1923 1721 1993 ἐδηλὼ-

155 2016 337 2068 σαμεν.
366 2001 585 2072 Νὴσους
640 2005 696 2058 δὲ
736 2006 831 2072 τὰς
863 2010 922 2063 ἐν
946 2012 1013 2079 τῇ
1044 2009 1288 2084 Θαλάσσῃ
1323 2015 1503 2079 πάσας
1531 2016 1716 2087 φησίν.

156 2092 350 2157 Ὄντως
383 2095 441 2148 δὲ
477 2098 588 2151 πᾶν
621 2099 776 2165 ἔθνος
808 2102 1193 2179 ὲδωροφὸρησε
1238 2107 1317 2177 τῷ
1347 2109 1571 2180 Χριστῷ
1595 2128 1608 2141 ·
1656 2111 1719 2163 τὸ

153 2184 240 2254 μὲν
292 2188 455 2252 ναοὺς
490 2190 587 2243 καὶ
619 2192 972 2264 ἀναθήματα,
1029 2196 1092 2250 τὸ
1146 2198 1203 2252 δὲ
1249 2199 1451 2271 ἀρετάς
1474 2218 1487 2233 ·
1523 2201 1617 2255 καὶ
1656 2203 1716 2255 τὸ

153 2278 241 2353 μὲν
271 2281 509 2353 αἰσθητὰ
537 2283 709 2356 δῶρα,
750 2288 811 2342 τὸ
841 2288 898 2344 δὲ
929 2292 1119 2364 νοητά.

208 2549 312 2603 Kal
336 2554 889 2622 προσκυνήσουσιν
916 2557 1079 2625 αὐτῷ
1107 2573 1334 2627 παντες
1354 2562 1408 2615 οι
1425 2562 1713 2631 ,ϐασιλεῖς

149 2637 244 2707 τῆς
270 2642 403 2709 γῆς.
452 2645 878 2720 Προσεκύνησαν
910 2650 968 2704 δὲ
1013 2650 1167 2705 οὔπω
1193 2652 1418 2719 πάντες,
1451 2655 1483 2726 ἦ
1521 2657 1616 2711 καὶ
1648 2658 1710 2711 ὲκ

148 2733 336 2799 παντὸς
380 2736 593 2803 ἔθνους,
650 2740 726 2805 ὡς
777 2744 837 2795 ἐν
880 2743 959 2811 τῷ
996 2742 1075 2809 ξζ¹
1098 2743 1301 2816 ψαλμῷ
1356 2749 1707 2821 προείρηται.

149 2824 315 2877 "Enixa
344 2828 401 2880 δὲ
441 2828 503 2881 τὸ
538 2830 703 2900 ῥητὸν
755 2833 916 2888 τοῦτο
943 2834 1019 2906 τῷ
1048 2836 1142 2891 τοῦ
1176 2837 1395 2907 Ἰακὼϐ,
1429 2840 1507 2912 τῷ
1533 2859 1549 2875 ο
1597 2844 1710 2897 Kal

144 2914 311 2982 αὐτὸς
334 2917 674 2985 προσδοκία
696 2922 909 2978 ἐθνῶν.

1836 630 1945 686 tur,
2003 633 2057 677 et
2109 631 2428 679 sanctorum
2481 626 2686 682 Christi
2745 627 3072 699 templorum
3130 629 3306 683 solum
3348 646 3412 686 ac

1829 714 2143 783 pavimenta
2174 718 2662 774 exosculabuntur.
2694 718 2789 774 Vel
2824 736 3041 788 rursus,
3081 737 3177 790 per
3202 721 3409 776 Christi

1828 804 2104 872 inimicos,
2131 807 2408 863 daemones
2441 810 2695 882 intellige,
2730 812 2825 882 qui
2865 827 2897 867 a
2939 814 3154 870 sanctis
3192 815 3326 870 viris
3354 818 3407 869 in

1831 900 2031 950 terram
2062 898 2411 968 dejicientur,
2443 911 2610 973 atque
2640 905 2778 959 adeo
2817 906 3322 973 conculcabuntur,
3352 919 3408 962 ut

1830 989 2006 1058 ipsam
2042 990 2268 1045 humum
2303 992 2546 1049 lambere
2578 995 2889 1065 videantur,
2947 997 3079 1052 dum
3117 999 3272 1054 illinc
3310 1016 3403 1053 cx-

1828 1095 2057 1151 surgere
2089 1094 2391 1153 nequeunt.

1897 1196 2061 1253 Vens.
2109 1199 2197 1254 10.
2228 1199 2392 1271 Reges
2463 1201 2684 1257 Tharsis
2715 1211 2765 1258 et
2790 1205 2983 1259 insula:
3008 1221 3229 1259 munera
3279 1206 3405 1275 offe-

1825 1298 1964 1355 rent,
1995 1307 2138 1361 reges
2170 1292 2438 1359 Arabum,
2474 1302 2526 1348 et
2576 1295 2724 1351 Saba
2760 1297 2906 1352 dona
2962 1299 3250 1352 adducent.
3303 1299 3406 1354 Per

1825 1381 2055 1436 Tharsis
2108 1385 2454 1454 expositores
2491 1402 2686 1443 omnes
2730 1389 3083 1461 Carthaginis
3124 1391 3400 1446 civitatem

1826 1473 2161 1544 intelligunt,
2195 1492 2314 1545 quze
2340 1487 2425 1531 est
2468 1477 2653 1549 Libya:
2681 1490 2867 1550 caput,
2896 1489 2951 1535 et
2981 1496 3077 1551 per
3110 1481 3274 1547 Saba,
3317 1483 3402 1536 ci-

1822 1565 2045 1621 vitatem
2076 1568 2365 1636 quamdam
2385 1569 2641 1624 Indorum
2671 1570 3108 1627 celeberrimam.
3131 1573 3407 1644 Insignio-

1823 1671 1944 1709 rum
1981 1656 2151 1726 igitur
2172 1673 2361 1729 regum
2388 1662 2708 1717 memoriam
2741 1662 2951 1718 faciens
2973 1661 3271 1733 Propheta,
3296 1665 3401 1719 alia

1824 1750 2033 1820 pariter
2081 1766 2248 1822 regna
2283 1754 2467 1807 omnia
2524 1752 2822 1809 denotasse
2856 1755 3108 1817 videtur;
3150 1754 3298 1824 quod
3335 1768 3400 1811 ex

1822 1843 2185 1913 sequentibus
2205 1843 2371 1900 etiam
2404 1844 2756 1901 manifestius
2790 1856 3038 1916 apparet,
3071 1847 3202 1900 dum
3235 1846 3400 1901 colle-

1823 1937 1957 1993 etim
1983 1938 2280 1995 universos
2313 1953 2468 2009 reges
2513 1944 2679 2009 atque
2710 1938 2997 1995 universas
3044 1948 3234 2010 gentes
3264 1954 3398 1995 eon-

1820 2040 2077 2087 numerat
2112 2050 2126 2087 :
2162 2032 2625 2105 quemadmodum
2656 2034 2713 2089 in
2744 2050 2872 2089 LXIX
2908 2035 3122 2105 psalmo
3148 2033 3400 2101 declara-

1819 2122 2019 2178 vimus.
2048 2121 2264 2181 Insulas
2298 2130 2503 2190 autem,
2532 2140 2726 2182 omnes
2762 2124 3009 2196 intellige
3028 2142 3150 2197 quae
3181 2126 3233 2180 in
3256 2127 3391 2180 mari
3428 2148 3438 2158 ι

1821 2223 1971 2270 sunt.
2002 2214 2140 2273 Vere
2185 2222 2369 2272 autem
2406 2218 2666 2288 quaelibet
2697 2234 2832 2289 gens
2875 2217 3098 2273 Christo
3136 2218 3277 2273 dona
3308 2228 3394 2273 tu-

1819 2303 1907 2370 lit,
1964 2304 2081 2360 lizec
2112 2304 2334 2375 quidem
2387 2307 2611 2377 templa,
2667 2308 2763 2363 illa
2798 2309 2934 2362 alias
2969 2309 3298 2376 oblationes,
3339 2320 3393 2363 et

1817 2396 1957 2451 alias
1988 2396 2248 2460 virtutes.
2308 2406 2364 2454 et
2395 2399 2449 2454 hi
2482 2399 2703 2469 quidem
2757 2400 3066 2464 sensibilia,
3124 2400 3211 2454 alii
3264 2419 3388 2455 vero

1816 2483 2214 2541 intellectualia
2244 2486 2387 2541 dona
2412 2487 2759 2545 obtulerunt.

1888 2572 2054 2633 Vens.
2086 2578 2176 2635 11.
2213 2578 2281 2633 Et
2313 2579 2614 2635 adorabunt
2662 2599 2780 2637 eum
2812 2599 2989 2637 omnes
3043 2600 3185 2656 reges
3216 2593 3389 2647 terrm,

1815 2683 1993 2722 omnes
2050 2678 2228 2738 gentes
2280 2671 2502 2726 servient
2551 2673 2624 2729 ei.
2681 2672 2935 2728 Nondum
2988 2682 3167 2729 tamen
3202 2690 3392 2731 omnes

1812 2758 2202 2825 adoraverunt,
2234 2765 2451 2816 tametsi
2486 2779 2550 2818 ex
2580 2764 2727 2819 omni
2751 2773 2911 2836 gente
2933 2766 3026 2833 sit,
3052 2766 3145 2836 qui
3198 2767 3389 2822 adoret

1811 2857 1867 2902 et
1894 2850 2135 2917 serviat,
2176 2860 2235 2907 ut
2274 2854 2326 2907 in
2359 2871 2505 2909 van
2562 2857 2774 2926 psalmo
2806 2858 3126 2927 praedictum
3170 2867 3274 2915 est.
3309 2859 3390 2915 Si-

1810 2942 1959 2996 milis
1996 2953 2081 2999 est
2115 2955 2300 3000 autem
2335 2948 2424 3003 hic
2465 2949 2771 3004 versiculus
2821 2950 3002 3005 verbis
3040 2952 3171 3018 illis,
3212 2968 3332 3023 quae
3356 2971 3386 3008 a

1809 3037 2125 3104 patriarcha
2174 3037 2345 3094 Jacob
2403 3041 2471 3096 de
2522 3042 2745 3097 Christo
2798 3042 3054 3113 praedicta
3109 3051 3275 3099 sunt:
3319 3043 3389 3098 Et

1810 3125 1942 3194 ipse,
1974 3126 2171 3196 inquit,
2212 3130 2312 3182 erit
2346 3134 2670 3200 exspectatio
2689 3135 2944 3203 gentium.

207 3184 648 3294 ’ωιτέρῤὐσατο
676 3195 920 3263 πτωχὸν
950 3196 1019 3251 ἐκ
1045 3197 1358 3256 δυνάστου
1382 3244 1398 3271 ,
1451 3208 1551 3260 καὶ
1597 3206 1701 3261 πέ-

1881 3214 2049 3272 Veus.
2081 3218 2169 3273 12.
2220 3221 2487 3286 Quoniam
2539 3184 2734 3291 eripuit
2772 3226 2975 3291 inopem
3007 3243 3038 3279 a
3067 3234 3295 3294 potente,
3337 3236 3385 3279 et

145 3292 278 3369 tnta
308 3272 356 3345 ᾧ
387 3282 498 3350 οὐκ
528 3282 766 3354 ὑπῆρχε
788 3288 1037 3356 βοηθός.
1084 3293 1308 3364 Πτωχὺν
1360 3296 1455 3349 καὶ
1493 3298 1702 3369 πένητα

143 3366 270 3435 λέγει
303 3370 396 3426 νῦν
426 3375 517 3429 τὸν
567 3375 697 3430 λαὸν
728 3380 836 3433 τῶν
882 3382 1250 3452 Χριστιανῶν,
1296 3387 1372 3452 ὡς
1423 3390 1483 3443 ὲν
1512 3391 1590 3461 τῷ
1621 3390 1700 3444 λθ¹

141 3458 319 3531 ψαλμῷ
350 3466 694 3537 προείρηται,
731 3472 824 3524 καὶ
859 3473 998 3527 πολὺ
1051 3475 1159 3546 πρὸ
1206 3478 1397 3533 τούτου
1441 3483 1500 3534 ὲν
1525 3458 1603 3552 τῶ
1632 3482 1700 3538 θ’.

141 3552 397 3627 Δυνάστην
426 3558 481 3611 δὲ
506 3561 667 3615 καλεῖ
697 3563 789 3617 τὸν
807 3565 1080 3634 διάϐολον,
1112 3570 1187 3634 ὡς
1222 3575 1700 3645 κατακυριεύσαν·

140 3660 195 3694 τι
223 3648 385 3702 πάλαι
415 3651 526 3705 τῶν
560 3654 891 3726 ἀνθρώπων.
926 3660 1036 3714 Καὶ
1071 3661 1249 3727 ἄλλως
1280 3664 1336 3717 δὲ
1376 3666 1543 3735 φόϐον
1574 3668 1699 3722 ὲπι⁶

142 3741 259 3792 σείει
280 3745 389 3806 τοῖς
414 3746 706 3810 δυνάσταις
737 3753 765 3804 ὁ
795 3754 1114 3826 Προφήτης,
1146 3758 1224 3822 ὡς
1246 3760 1341 3812 τοῦ
1376 3761 1512 3815 Θεοῦ
1549 3762 1698 3818 ἀντι-

139 3828 527 3901 λαμϐανομένου
555 3841 648 3897 τὸν
676 3848 1304 3920 καταδυναστευόμενον.

196 4038 463 4094 φείσεται
488 4046 732 4113 πτωχοῦ
755 4048 852 4102 καὶ
875 4051 1154 4120 πένητος,
1184 4055 1281 4110 καὶ
1314 4058 1521 4127 ψυχὰς
1593 4075 1695 4127 ξτε-

135 4129 313 4225 γιετων
336 4133 543 4189 σώσει.
580 4137 652 4189 re
689 4140 821 4194 αὐτὸ
854 4143 1016 4199 πάλιν
1050 4146 1251 4216 φησίν’
1282 4123 1569 4223 ambitu
1588 4123 1695 4225 ῖιιν

134 4220 368 4291 ὀνομάζει
416 4228 508 4281 τὸν
556 4228 849 4287 Ἰουδαϊκὸν
879 4235 1027 4303 λαὸν,
1059 4238 1135 4302 ὡς
1191 4220 1311 4311 (65)
1338 4220 1693 4301 ἀποπεσόντα

135 4316 214 4365 τοῦ
242 4318 466 4373 πλούτου
529 4324 627 4394 τῆς
687 4324 840 4390 θείας
881 4327 1138 4398 βοηθείας
1162 4347 1177 4361 ⁸
1233 4334 1444 4407 πένητα
1477 4337 1558 4403 δὲ,
1599 4339 1693 4394 τὸν

136 4406 348 4466 ἐθνικὸν.
376 4414 748 4486 Ἀμφοτέρους
771 4418 871 4488 μὲν
898 4420 1005 4491 γὰρ
1049 4423 1267 4495 ἠλέησε,
1305 4406 1395 4480 καὶ
1417 4428 1485 4482 δι’
1513 4432 1691 4501 ἀμφοο

136 4501 289 4592 τέρων
320 4505 770 4580 ἐνηνθρώπησεν.
798 4512 941 4567 Ἀλλ’
990 4517 1278 4581 Ἰουδαίους
1312 4520 1411 4588 μὲν
1474 4524 1549 4592 μὴ
1603 4526 1687 4578 65-

1803 3329 2080 3383 pauperem
2122 3315 2207 3368 cui
2240 3331 2343 3368 non
2370 3323 2485 3369 erat
2555 3315 2792 3384 adjutor.
2826 3318 3045 3388 inopem
3087 3328 3141 3372 et
3184 3333 3385 3387 paupe~

1804 3421 1916 3461 rem
1976 3405 2064 3462 hic
2106 3406 2480 3461 Christianum
2521 3407 2783 3477 pepulum
2828 3409 3089 3477 appellat,
3140 3420 3197 3462 ut
3240 3410 3292 3462 in
3330 3426 3379 3463 ιιι

1803 3496 2048 3566 atquein
2076 3513 2240 3551 xui:
2280 3498 2490 3567 psalmo
2518 3498 2784 3554 diximus.
2813 3500 2915 3554 Per
2943 3508 3219 3569 potentem
3255 3515 3381 3554 vero

1805 3588 1986 3658 ipsum
2018 3589 2279 3660 intelligit
2327 3590 2630 3655 diabolum,
2688 3594 2778 3662 qui
2830 3592 2921 3647 diu
2971 3593 3101 3646 olim
3141 3593 3381 3648 humano

1801 3680 1987 3750 generi
2075 3693 2240 3751 atque
2294 3684 2553 3738 universo
2611 3684 2728 3738 orbi
2771 3685 3088 3740 dominatus
3145 3696 3244 3741 est.
3288 3686 3378 3741 Vel

1801 3771 2053 3826 timorem
2086 3773 2409 3843 potentibus
2456 3774 2734 3846 Propheta
2772 3777 2856 3832 his
2890 3777 3075 3833 verbis
3128 3778 3375 3831 incutere

1800 3863 1999 3929 voluit,
2060 3865 2227 3920 veluti
2269 3865 2525 3921 Christus
2562 3868 2628 3923 iis
2663 3870 2918 3926 omnibus
2961 3884 3116 3945 opem
3168 3872 3377 3927 laturus

1800 3957 1893 4022 sit,
1926 3958 2019 4028 qui
2051 3958 2122 4013 ab
2153 3960 2233 4013 eis
2257 3960 2506 4031 oppressi
2542 3960 2776 4017 fuerint.

1871 4067 2037 4125 Vens.
2102 4071 2190 4125 15.
2245 4071 2437 4126 Parcet
2481 4075 2703 4142 pauperi
2755 4086 2801 4129 et
2849 4077 3016 4145 inopi,
3071 4086 3121 4131 et
3172 4077 3377 4133 animas

1798 4176 2089 4230 pauperum
2126 4163 2303 4217 salvas
2357 4164 2541 4231 faciet.
2604 4165 2859 4221 Eamdem
2924 4169 3118 4235 repetit
3149 4177 3373 4223 senten-

1799 4253 1951 4316 tiam,
1986 4261 2039 4307 et
2067 4257 2285 4323 inepem
2321 4255 2541 4324 quidem
2567 4254 2859 4311 Judaicunt
2889 4258 3149 4325 populum
3183 4259 3376 4327 appel-

1800 4346 1895 4410 lat,
1929 4348 2095 4402 veluti
2126 4366 2248 4402 eum
2283 4351 2374 4419 qui
2444 4349 2620 4421 [juxta
2656 4350 2827 4405 Graeci
2867 4353 3107 4406 nominis
3157 4363 3369 4424 etymo-

1799 4440 2022 4513 logiam]
2063 4442 2132 4496 ab
2163 4456 2268 4512 Ope
2315 4452 2482 4512 atque
2536 4458 2566 4495 a
2618 4442 2831 4497 divitiis
2885 4444 3148 4498 ceciderit
3200 4445 3367 4499 divini

1796 4532 2012 4599 auxilii,
2050 4547 2346 4601 pauperem
2376 4550 2507 4589 vero
2535 4536 2793 4604 gentilem
2818 4536 3119 4604 p0pulum;
3157 4544 3369 4590 utrum»

138 4590 379 4695 ξαμένους
412 4597 576 4651 αὑτὸν
603 4600 786 4654 εἴασεν
808 4619 823 4636 ο
853 4605 923 4657 τὰ
952 4604 1079 4676 ἔθνη
1109 4607 1167 4661 δὲ
1194 4590 1580 4683 προδραμόντα
1607 4617 1685 4681 εἰς

1818 4637 1898 4691 [ue
1930 4624 2074 4679 enim
2126 4625 2384 4695 populum
2424 4625 2729 4681 miseratus
2782 4637 2868 4682 est
2918 4625 3082 4683 Eleus.
3138 4626 3367 4695 Propter

138 4682 279 4737 αὐτὸν
302 4688 482 4742 πίστει
505 4686 730 4748 ἔσωσεν.
757 4694 868 4748 Καὶ
892 4696 1067 4762 ἄλλως
1090 4699 1173 4764 δὲ,
1213 4682 1421 4773 ῥύεται
1442 4706 1536 4760 καὶ
1564 4710 1684 4777 φεί·

136 4777 289 4843 δεταί,
319 4781 411 4835 καὶ
443 4782 607 4848 σώζει
651 4786 775 4850 τοὺς
797 4786 869 4842 δι’
897 4790 1061 4845 αὐτὸν
1088 4796 1342 4865 πτωχοὺς
1375 4800 1469 4852 καὶ
1521 4801 1687 4872 πένηο

134 4882 236 4929 τας.

1797 4716 2110 4770 universum
2132 4716 2336 4771 ctenim
2363 4718 2662 4773 humanum
2695 4734 2870 4788 genus
2895 4719 3217 4774 incarnatus
3244 4728 3365 4787 est;

1796 4822 1986 4862 verum
2017 4807 2260 4875 Iudaeos,
2297 4811 2392 4880 qui
2429 4826 2553 4865 eum
2600 4826 2710 4865 non
2740 4820 3089 4881 receperunt,
3119 4810 3368 4877 dimisit;

1796 4908 1987 4968 gentes
2009 4917 2165 4967 vero,
2212 4918 2334 4972 quae
2359 4903 2426 4958 ad
2455 4903 2577 4972 ejus
2612 4902 2773 4959 tidem
2807 4913 3194 4969 accurreruut,
3251 4903 3363 4959 sal—

133 4961 281 5055 tavit.
337 4963 668 5066 Yel‘u‘litor,
736 4974 935 5044 eripiet
968 4976 1244 5047 Christus,
1315 4994 1506 5054 parcet
1576 4996 1630 5043 et.
1688 4961 1922 5048 salvebit
1981 5009 2113 5059 eos,
2151 4961 2414 5050 nititirum
2467 4961 2659 5051 munes
2723 4996 2813 5066 qui
2872 5004 3095 5066 propter
3183 4997 3363 5065 ipsum

132 5049 299 5122 inopes
340 5059 467 5114 facti
498 5060 706 5119 fuerint
731 5076 784 5121 et
812 5083 1106 5139 pauperes.

191 5146 285 5201 Ἐκ
312 5153 495 5207 τόκου
524 5156 623 5211 καὶ
654 5157 725 5225 ἐξ
750 5161 991 5231 ἀδικίας
1032 5167 1403 5234 λυτρώσεται
1435 5173 1538 5239 τὰς
1572 5178 1690 5243 ψυ-

1863 5180 2029 5234 Vsns.
2060 5180 2145 5235 M.
2178 5179 2262 5235 Ea:
2310 5181 2489 5235 usuris
2519 5190 2568 5233 et
2598 5181 2865 5250 injustitia
2897 5179 3117 5233 redimet
3147 5179 3359 5234 animas

129 5236 230 5303 χὰς
256 5244 465 5301 αὐτῶν.
499 5250 597 5305 Διὰ
654 5253 748 5306 τοῦ
787 5256 947 5309 τόκου
1005 5258 1105 5330 τὴν
1145 5236 1529 5335 φιλαργυρίαν*
1561 5236 1687 5338 ἐδή-

1818 5287 1988 5325 orum.
2024 5270 2128 5324 Per
2160 5288 2383 5334 usuras,
2421 5271 2664 5326 avaritiae
2681 5271 2869 5324 vitium
2904 5269 3180 5339 intelligit.
3206 5274 3354 5339 quod

132 5344 275 5432 μανε,
329 5339 550 5409 χείρονα
599 5342 709 5398 τῶν
739 5345 917 5402 ἄλλων
966 5346 1134 5405 οὖσαν
1192 5353 1419 5409 παθῶψ
1472 5353 1593 5413 εἶτα
1621 5361 1686 5431 τῇ

1818 5370 1935 5416 nter
1965 5373 2163 5417 caetera
2210 5362 2510 5432 pessimum
2564 5370 2665 5417 est.
2700 5360 2990 5430 lnjustilja'.
3041 5368 3222 5414 autem
3260 5377 3358 5414 ηοω

347 5431 441 5482 καὶ
483 5432 665 5488 πᾶσαν
693 5434 973 5509 ἁμαρτίαν
1003 5440 1442 5516 καθολικώτερον
1479 5416 1690 5518 συμπεῖ

1791 5454 1938 5508 mine
1990 5469 2152 5509 omne
2217 5454 2363 5509 aliud
2434 5468 2605 5524 genus
2663 5450 2872 5522 peccati
2923 5451 2976 5504 in
3036 5454 3356 5507 universum

132 5509 362 5577 ριέλαϐεο
394 5524 504 5589 πᾶς
536 5526 649 5598 γὰρ
701 5530 729 5582 ὁ
753 5531 1111 5604 ’ἁμαρτάνων
1164 5509 1376 5593 ἀδικετί·
1428 5540 1461 5611 ἢ
1494 5509 1690 5596 ἑαυτὸν

1821 5546 2228 5616 omprehendit.
2286 5546 2476 5602 Omnis
2539 5546 2685 5601 enim
2737 5544 2831 5614 qui
2894 5555 3105 5615 peccat,
3154 5545 3359 5615 injuste

1461 5718 1662 5781 Variae
1696 5720 2024 5783 lectiones.

196 5846 302 5917 (65)
345 5851 459 5911 Sibi
504 5854 678 5933 placet
706 5858 761 5915 in
808 5860 1006 5933 etymis
1058 5860 1328 5935 intcpres
1358 5882 1369 5921 :
1403 5881 1513 5923 non
1545 5867 1673 5926 item
1716 5868 1950 5926 fortasse
1991 5873 2269 5929 omnibus.
