3834 6550
450 446 457 451 '
505 444 614 514 139
1624 478 1629 481 -
1702 460 2085 521 suruvnu
2125 434 2485 545 arcanam
3619 458 3699 519 uo

460 564 753 636 -.Etjuxta
789 568 934 622 hunc
989 584 1212 626 sensum
1250 574 1492 630 abundat
1548 579 1736 641 dictio,
1796 580 1974 648 quasi.

2185 578 2670 647 Vrtrwario'ortm,
2737 579 2861 633 ἀντὶ
2919 576 3039 645 τοῦ,
3091 579 3205 632 Οὐκ
3260 574 3699 646 ἐμαστιγώθησαν,

502 659 778 727 quod‘nit,
803 662 1117 731 egredietur,
1146 665 1286 719 dixit
1341 682 1439 736 pro
1498 685 1703 740 egressa
1727 679 1824 734 est,
1855 679 2016 739 lelttpl

1190 665 1286 719 ixit
1341 682 1439 736 pro
1498 685 1703 740 egressa
1727 679 1824 734 est,
1855 679 2071 739 tempus
2181 670 2704 740 νοῆσιιδυνάμεοα.

506 768 717 823 ponens
746 768 843 822 pro
874 762 1139 824 tempore.
1171 756 1235 811 Et
1276 758 1349 812 ita
1398 761 1637 816 reddidit
1701 761 2085 817 Svmmachus.
2130 758 2285 816 Unde
2352 771 2407 818 et
2478 764 2702 817 verbum
2761 763 3167 834 ﬂugellalmnlttr
3215 774 3593 832 consequenter
3636 766 3703 816 ἐι-

504 861 697 916 pones,
723 861 820 916 pro
848 847 1127 917 ﬂlagetlati
1151 862 1292 904 sunt.

578 966 928 1020 Transierunt
982 971 1034 1020 iu
1081 970 1478 1038 dispositionem
1533 975 1730 1028 cordis.
1777 975 2080 1037 Venerunt,

2255 971 2596 1041 Διήλθοσαν
2645 976 2735 1038 εις
2790 972 3060 1027 διάθεσιν
3103 973 3375 1041 καρδίας.
3427 967 3611 1026 Ἦλθον
3645 979 3704 1035 εἰς

504 1061 707 1127 inquit,
745 1061 797 1113 in
851 1062 1097 1115 habitum
1151 1062 1458 1131 iniustitiae.
1524 1065 1627 1120 Per
1657 1066 2018 1136 dispositione

2189 1060 2292 1125 ἕξιν
2325 1060 2424 1131 τῆς
2444 1061 2677 1123 ἀδικίας.
2702 1061 2857 1127 Ἐξις
2876 1063 2985 1131 γὰρ
3024 1065 3057 1131 ή
3103 1063 3234 1132 περί
3261 1080 3320 1116 τι
3347 1062 3588 1130 διάθεσις,
3616 1066 3703 1135 ἦτοι

500 1154 699 1223 etenim
730 1167 825 1204 seu
858 1166 953 1220 per
980 1152 1356 1235 habitudinem
1392 1154 1881 1225 cordis,jhabitum
1920 1157 2014 1225 inti

1271 1168 1356 1208 cm
1392 1154 1881 1225 cordis,jliabitum
1920 1157 2083 1225 intel-
2184 1152 2372 1223 σχέσις
2400 1154 2501 1223 τῆς
2533 1154 2785 1225 καρδίας.

503 1240 626 1309 iigit
652 1240 718 1294 ad
757 1240 985 1295 malum.

460 1386 489 1401 -.
574 1353 738 1412 Vens.
770 1357 823 1412 8.
864 1354 1240 1425 ﬂagitaverunt
1266 1366 1315 1413 et
1354 1359 1516 1415 locuti
1545 1370 1668 1415 sunt
1699 1362 1753 1416 in
1786 1363 1974 1431 praritt

2252 1360 2665 1425 Διενοήθησιιν
2718 1361 2813 1414 καὶ
2874 1360 3191 1428 ἐλάλησαν
3222 1360 3294 1412 ἐν
3331 1358 3591 1426 πονηρίᾳ.
3635 1359 3706 1412 Ἕιι

501 1447 898 1509 Ρνατιυοιὶίιοιὶ.
935 1449 1134 1517 inquit,
1167 1459 1221 1504 et
1269 1466 1394 1505 cum
1421 1453 1869 1509 consideratione
1902 1455 2015 1510 locu

2189 1454 2417 1525 μελέτης
2441 1455 2534 1507 καὶ
2560 1454 2803 1516 σκέψεως
2833 1454 3104 1522 ἐλάλησαν
3138 1454 3374 1525 πονηρὰ,
3409 1452 3500 1506 καὶ
3520 1452 3576 1505 οὐ
3596 1455 3703 1507 κατὰ

500 1552 632 1598 sunt
661 1558 849 1612 prava.
907 1544 1095 1611 Neque
1152 1544 1299 1597 enim
1339 1544 1674 1610 inconsulto,
1707 1555 1804 1602 aut
1843 1549 2014 1617 raptir

1046 1558 1095 1598 ie
1152 1544 1299 1597 enim
1339 1544 1674 1610 inconsulto,
1707 1555 1804 1602 aut
1843 1549 2070 1617 raptim,
2181 1549 2560 1619 συναρπαγήν.

440 1664 446 1669 ·
498 1634 593 1690 sed
630 1649 850 1688 summo
885 1649 1012 1688 cum
1049 1634 1236 1690 studio
1272 1639 1459 1692 omnia
1483 1650 1736 1710 egerunt.

569 1745 907 1815 Injuatitiam
940 1748 1291 1802 in'excelsum
1335 1749 1502 1804 locuti
1534 1764 1676 1807 sunt.
1727 1751 1840 1808 Hoc
1871 1763 1953 1808 est
1981 1756 2075 1808 ad-

2261 1749 2518 1802 Ἁδικίαν
2545 1748 2627 1812 είς
2662 1746 2728 1799 τὸ
2756 1747 2912 1815 ὕψος
2941 1742 3456 1813 summu—4m
3482 1747 3540 1799 τὸ
3562 1745 3702 1814 ὕψος.

496 1852 692 1892 versus
725 1837 890 1891 Deum
929 1840 1287 1907 altissimum,
1333 1842 1580 1898 dicentes
1630 1844 1893 1898 nimirum
1947 1861 2010 1899 cu

2188 1840 2298 1892 ὶντὶ
2321 1838 2438 1899 τοῦ,
2484 1839 2628 1891 κατά
2673 1839 2766 1891 τοῦ
2800 1838 3027 1907 ὑψίστου
3055 1837 3214 1902 Θεοῦ,
3255 1839 3606 1906 λέγοντες,δτι
3631 1844 3702 1892 οὐκ

501 1930 670 1985 Deum
703 1944 811 1984 non
844 1947 985 1985 esse.
1017 1932 1356 1998 lniustitiam
1394 1950 1522 1990 vero
1560 1952 1655 1991 eos
1685 1938 1899 1992 locutos
1950 1953 2008 1991 es

2188 1931 2326 1984 ἔστιν
2360 1926 2514 1993 οὗτος
2580 1931 2734 1991 Θεός.
2785 1930 2994 1983 Ἀδικία
3024 1930 3132 1999 γὰρ
3174 1930 3237 1982 τὸ
3278 1933 3584 2000 ἀποστερεῖν
3621 1933 3702 1984 cbo

495 2022 651 2086 dicit,
699 2024 831 2093 quia
888 2024 1159 2093 injustitia
1216 2041 1429 2080 summa
1484 2035 1589 2094 est,
1637 2030 1854 2099 privare
1904 2030 2009 2082 Deu

2186 2023 2268 2076 τὸν
2289 2024 2388 2091 τῆς
2416 2023 2574 2091 δόξης
2595 2021 2783 2085 αὑτοῦ,
2823 2021 2916 2074 καὶ
2932 2020 3139 2092 ἑτέροις
3157 2024 3367 2091 ταύτην
3390 2022 3700 2088 προσάπτειν.

493 2116 690 2187 gloria,
729 2127 784 2172 et
819 2119 1021 2173 creatis
1061 2119 1131 2173 ab
1177 2120 1269 2174 illo
1301 2121 1468 2175 rebus
1500 2138 1619 2177 eam
1649 2133 1937 2193 praestare.
1974 2124 2007 2178 11

2189 2115 2431 2169 Ἀδικίαν
2477 2115 2535 2167 δὲ
2611 2112 2691 2172 τίς
2737 2114 2798 2167 τὸ
2827 2113 2962 2184 ὕψος
2983 2114 3136 2167 λαλεῖ
3190 2115 3285 2167 καὶ
3317 2114 3425 2176 πᾶς
3453 2113 3481 2165 ό
3519 2113 3586 2182 τῷ
3612 2114 3702 2183 Θεῷ

493 2213 676 2258 autem
717 2205 964 2275 loquitur
997 2206 1323 2276 iniustitiam
1360 2209 1412 2262 in
1443 2211 1634 2275 altum,
1678 2224 1775 2264 seu
1801 2211 1856 2263 in
1884 2224 2007 2265 οπερ

2188 2206 2511 2277 προσάπτων
2538 2204 2736 2271 ἀνάξια
2770 2205 3044 2275 θεότητος.
3075 2205 3252 2275 ’Υψος
3285 2206 3397 2274 γὰρ
3446 2205 3477 2274 ἠ
3520 2204 3702 2272 Θεάτηςι

493 2310 640 2360 sum,
685 2298 783 2367 qui
838 2299 1043 2367 aliquid
1105 2298 1216 2353 Deo
1268 2297 1545 2366 attribuit,
1583 2302 1729 2371 quod
1783 2301 2007 2356 divinita

1291 2297 1545 2366 ittrihuit,
1583 2302 1729 2371 quod
1783 2301 2068 2357 divinitate
2175 2292 2242 2368 ἦς
2272 2297 2425 2351 οὐδὲν
2453 2298 2805 2368 ὑψηλότερον.

492 2386 777 2456 indignum
808 2389 900 2443 sit.
934 2391 1257 2459 Appellatur
1287 2392 1451 2445 etiam
1486 2392 1750 2447 divinitas
1809 2392 2065 2457 altitudo,

490 2479 619 2546 quia
649 2479 813 2534 altius
833 2496 898 2535 ea
923 2481 1059 2534 nihil
1091 2492 1196 2543 est,
1235 2491 1329 2536 aut
1353 2484 1670 2539 sublimius.

563 2592 728 2647 Vens.
769 2595 822 2650 9.
862 2596 1166 2651 Posuertmt
1199 2599 1253 2652 in
1281 2600 1467 2653 calum
1506 2618 1562 2655 os
1593 2582 1773 2669 suum,
1801 2612 1849 2658 et
1885 2594 2071 2677 lingua

2250 2588 2496 2641 Ἐθεγτο
2542 2587 2631 2652 εἰς
2668 2586 2930 2653 οὐρανίαν
2982 2586 3048 2640 τό
3085 2586 3282 2655 στόμα
3327 2583 3534 2651 αὐτῶν,
3566 2587 3647 2639 καί
3676 2585 3701 2650 ii

489 2700 672 2739 eorum
718 2690 1022 2751 pertransiit
1077 2693 1130 2744 in
1185 2701 1405 2749 terram.
1448 2693 1551 2748 Per
1584 2696 1784 2751 coelum
1838 2675 2003 2768 quide

2188 2678 2434 2746 γλῶσσα
2461 2675 2664 2731 αὐτῶν
2689 2676 2939 2745 διῆλθεν
2968 2677 3066 2730 ἐπὶ
3100 2675 3210 2745 τῆς
3239 2676 3376 2746 τῆς.
3407 2680 3499 2731 Διά
3528 2677 3612 2746 μὲν
3633 2676 3702 2728 τοῦ

494 2776 663 2831 Deum
692 2779 966 2850 intelligit,
1000 2785 1091 2851 qui
1126 2784 1178 2837 in
1224 2787 1382 2840 caelis
1430 2787 1644 2843 habitat
1677 2808 1689 2842 :
1727 2807 1824 2861 per
1859 2780 2007 2848 terra

2190 2768 2413 2839 >ὑρανοῦ
2472 2768 2567 2821 τὸν
2657 2768 3019 2822 κατοικοῦντα
3072 2769 3164 2820 ἐπὶ
3213 2768 3306 2821 τοῦ
3350 2768 3567 2837 οὐρανοῦ
3603 2768 3704 2820 Otii

494 2884 646 2931 vero,
683 2871 935 2927 homines
962 2873 1014 2927 in
1054 2891 1119 2929 eo
1145 2889 1579 2943 commorantes,
1615 2896 1681 2937 ac
1714 2884 1761 2937 si
1803 2884 2008 2941 diceret

2188 2862 2459 2931 σημαίνει,
2509 2861 2597 2913 διὰ
2625 2861 2681 2915 δὲ
2705 2861 2805 2928 τῆς
2834 2862 2959 2931 γῆς.
2988 2862 3115 2925 τοὺς
3135 2862 3230 2914 ἐπὶ
3246 2862 3347 2931 γῆς
3374 2861 3702 2921 κατοικοῦντας

492 2960 568 3016 Os
600 2978 763 3017 suum
798 2963 1250 3035 blasphemanles
1279 2971 1545 3029 adversus
1576 2975 1856 3031 caelestem
1898 2977 2006 3033 Deu

2187 2954 2519 3026 ἀνθρώπους,
2560 2956 2840 3023 μονονουχὶ
2885 2955 3062 3021 λέγων
3094 2955 3173 3008 ὅτι
3208 2955 3466 3026 ἐκίνησαν
3494 2955 3701 3009 xz:th

494 3065 812 3119 moverunt,
847 3065 901 3110 et
927 3058 1109 3129 lingua
1146 3074 1335 3117 eorum
1370 3064 1626 3120 similiter
1648 3066 1918 3124 adversus
1948 3079 2008 3126 tei

2188 3047 2503 3115 ἐπουρανίου
2540 3045 2677 3099 Θεοῦ
2709 3046 2770 3099 τὸ
2827 3047 3003 3115 στόμα
3050 3045 3257 3112 αὐτῶν,
3305 3045 3702 3117 βλασφημοῦντες

491 3159 657 3200 renos
711 3146 960 3205 homines
1011 3152 1278 3207 desmviit.
1316 3155 1357 3207 li
1394 3158 1848 3227 ctenimgquilms
1882 3178 2005 3216 eum

2188 3138 2367 3192 ιὺτόν·
2407 3139 2568 3209 καὶὴ
2616 3137 2839 3205 γλῶσσα
2885 3139 3065 3193 αὐτῶν
3111 3138 3339 3211 ἐκινήθη
3389 3138 3544 3192 πάλιν
3595 3139 3702 3191 κατὰ

491 3241 731 3293 secunda
761 3251 939 3307 erant,
979 3250 1033 3296 et
1065 3243 1159 3313 qui
1199 3245 1591 3303 incumbebant
1619 3252 1855 3317 deliciis,
1897 3256 2005 3309 mid

2187 3229 2286 3311 τῶν
2307 3228 2569 3297 ἐπιγείων
2589 3229 2918 3300 ἀνθρώπων.
2944 3229 3329 3295 Εὐπαθοῦντες
3355 3230 3464 3301 γὰρ
3492 3232 3575 3282 καὶ
3597 3246 3701 3282 σπι-

492 3331 643 3386 dueti
676 3335 1009 3396 temeritate,
1060 3343 1114 3389 et
1148 3336 1315 3412 Deum
1347 3344 1716 3410 contumeliis,
1746 3347 2005 3401 ethomin

2187 3322 2468 3387 ταλῶντες,
2516 3322 2741 3393 ὕϐριζον
2782 3323 2874 3377 τὸν
2911 3323 3047 3377 Θεόν
3072 3339 3085 3353 ’
3117 3324 3543 3396 κατςκωμῴδουν
3563 3324 3611 3376 δὲ
3632 3325 3701 3376 καὶ

490 3422 789 3478 calumniis
834 3428 1276 3483 insectabantur.
1316 3429 1413 3485 Vel
1457 3442 1677 3502 propter
1712 3437 1998 3507 phiIOSOph

2187 3414 2459 3468 Βιέόαλλον
2506 3416 2718 3479 πάντας
2759 3416 2886 3478 τοὺς
2921 3414 3253 3487 ἀνθρώπους
3281 3433 3296 3448 ο
3345 3417 3378 3487 ἢ
3418 3417 3502 3472 διὰ
3536 3417 3701 3476 τοὺςέν

492 3513 671 3570 dictus
718 3525 802 3571 est
836 3517 923 3572 hic
955 3535 1160 3586 sermo,
1205 3522 1299 3591 qui
1354 3535 1659 3590 posuerunt
1690 3526 1742 3580 in
1772 3529 1971 3583 caelum

2189 3507 2360 3570 ιῦτοίς
2405 3506 2732 3576 φιλοσόφους
2754 3511 2782 3563 ὁ
2809 3508 2967 3577 λόγος
2997 3524 3012 3539 ο
3065 3510 3147 3563 ὅτι
3183 3508 3371 3562 ἔθεντο
3408 3511 3483 3571 είς
3520 3508 3703 3579 οὐρανὸν

657 3569 660 3570 ν
730 3569 772 3571 η
904 3569 918 3572 -
1209 3569 1299 3591 .,---
1355 3569 1659 3590 ἵππω...
1774 3569 1971 3583 ww"...

487 3620 676 3670 suum,
710 3606 839 3661 dum
871 3610 991 3663 ausi
1023 3620 1150 3665 sunt
1179 3611 1247 3667 de
1292 3613 1398 3667 Deo
1444 3628 1497 3669 et
1558 3615 1625 3670 de
1666 3619 1864 3675 divinis
1902 3622 1996 3676 reb

2188 3600 2235 3653 τὸ
2259 3569 2434 3669 στόμα
2473 3569 2678 3664 αὕτιῦν,
2729 3569 3099 3671 φιλοσοφῆσαι
3142 3602 3274 3672 περὶ
3303 3569 3475 3655 θείων
3526 3569 3605 3653 καὶ
3632 3598 3702 3651 τοῦ

488 3698 886 3769 philosophari,
909 3709 964 3755 et
990 3703 1177 3773 lingua
1203 3719 1395 3761 eorum
1420 3705 1742 3777 pertransiit
1759 3712 1814 3766 in
1839 3726 1999 3767 terrai

2190 3690 2337 3744 θείου
2366 3691 2701 3761 βουλόμενοι.
2746 3692 2811 3745 Ἠ
2862 3693 2919 3746 δὲ
2947 3692 3171 3761 γλῶσσα
3202 3693 3388 3748 αὐτῶν
3421 3693 3611 3763 διῆλθεν
3634 3689 3704 3741 ἐπὶ

489 3789 618 3844 dum
656 3799 873 3845 terrena
929 3793 996 3847 de
1043 3793 1152 3849 Deo
1199 3807 1558 3866 nugarentur.
1627 3796 1725 3855 Vel
1779 3804 1958 3869 aliter,

2190 3785 2270 3853 τῆς
2304 3783 2429 3851 γῆς,
2467 3782 2643 3854 γεώδη
2676 3784 2772 3838 καὶ
2795 3785 3122 3856 ἀνθρώπινα
3159 3786 3291 3856 περὶ
3330 3784 3466 3839 Θεοῦ
3504 3782 3704 3852 φλυαρή-

498 3882 776 3952 suologos
801 3885 1122 3955 carpit.".qui
1144 3901 1207 3942 os
1234 3904 1394 3942 suum
1427 3905 1727 3957 posuerunt
1758 3895 1810 3949 in
1843 3898 2012 3952 caaluu

2188 3895 2312 3931 τασα
2340 3892 2354 3906 °
2390 3876 2422 3947 ἢ
2464 3878 2560 3929 καὶ
2594 3876 2682 3929 διὰ
2709 3876 2838 3940 τοὺς
2890 3878 2949 3929 ἐν
2999 3877 3234 3940 ἐκείνοις
3282 3876 3619 3949 ἀστρολόγους
3658 3873 3702 3923 τὸ

492 3968 622 4023 dum
648 3972 813 4027 nimis
838 3975 1057 4029 curiose
1089 3986 1237 4031 astra
1268 3991 1333 4033 ac
1368 3980 1555 4036 stellas
1595 3987 2005 4055 contemplantu

2182 3972 2375 4043 ῥητόνθ
2408 3973 2491 4024 ὅτι
2526 3971 2713 4023 ἔθεντο
2767 3973 2846 4033 εἰς
2894 3969 3129 4040 οὐρανὸν
3194 3968 3255 4021 τὸ
3314 3971 3487 4035 στόμα
3538 3967 3696 4024 αὐτῶν,

488 4076 613 4129 qua:
644 4061 698 4114 in
724 4064 865 4118 cmlo
894 4072 1025 4119 sunt
1072 4082 1089 4121 :
1134 4076 1189 4122 et
1227 4068 1411 4139 lingua
1444 4086 1636 4126 eorum
1662 4079 1982 4144 pertransiit

2184 4066 2305 4135 περὶ
2340 4063 2451 4118 τῶν
2491 4065 2549 4116 ἐν
2580 4063 2833 4134 οὐρανοῖς
2888 4061 3138 4131 ἀστέρων
3194 4060 3698 4131 μετεωρολογοῦντες.

489 4160 718 4220 terram,
754 4154 884 4210 dum
921 4156 1182 4216 inanibus
1224 4162 1387 4232 nugis
1422 4165 1752 4222 universum
1784 4173 2003 4242 cample

2185 4160 2267 4210 καὶ
2295 4160 2327 4225 ἡ
2365 4157 2588 4226 γλῶσσαι
2633 4155 2815 4209 αὐτῶν
2862 4153 3082 4223 διῆλθεν
3113 4154 3207 4207 ἐπὶ
3261 4155 3363 4224 τῆς
3391 4156 3699 4225 γῆς,ὲμπιμ·

490 4245 703 4302 orbem.
2173 4251 2364 4304 πλῶσαι
2399 4251 2580 4304 πᾶσαν
2620 4251 2718 4319 τῆς
2761 4248 3033 4319 ληρωδίας
3060 4246 3264 4303 αὐτῶν.

563 4358 728 4416 Vens.
766 4363 851 4419 10.
905 4364 1037 4420 Ideo
1099 4381 1434 4425 convertatur
1472 4377 1699 4444 populus
1760 4393 1906 4432 meus
1935 4380 2057 4433 huc.

2249 4365 2353 4417 Διὰ
2402 4364 2580 4417 τοῦτο
2636 4364 2991 4431 ἐπιστρέψει
3036 4366 3069 4417 ό
3118 4363 3271 4428 ,λαός
3318 4378 3436 4428 μου
3473 4360 3699 4415 ἐνταῦθα.

488 4450 611 4506 Haec
645 4457 812 4508 verba
845 4456 995 4511 dicta
1032 4471 1163 4514 sunt
1221 4479 1317 4532 per
1346 4464 1684 4534 Pmphetam
1719 4484 1783 4523 ex
1825 4486 2002 4537 person

2184 4458 2343 4510 Τουτὶ
2375 4457 2436 4509 τὸ
2463 4459 2629 4527 ῥητὸν
2659 4456 2734 4519 ώς
2770 4457 2880 4510 ἀπὸ
2907 4455 3203 4526 προσώπου
3258 4454 3355 4507 τοῦ
3384 4451 3516 4507 Θεοῦ
3567 4451 3698 4503 τέθει-

486 4542 606 4599 Dei.
667 4547 993 4618 Propterea,
1054 4556 1257 4623 inquit,
1318 4559 1421 4611 hoc
1458 4569 1561 4621 est,
1617 4560 1687 4614 ob
1737 4560 2000 4630 praedicta

2188 4566 2266 4602 ιεν
2316 4552 2344 4601 ὁ
2402 4549 2695 4620 Προφήτης
2731 4564 2744 4576 °
2783 4548 2866 4602 ὅτι
2915 4547 3005 4602 διά
3056 4546 3240 4613 τοῦτο,
3297 4548 3474 4601 εἴτουν
3516 4544 3593 4600 διὰ
3632 4541 3702 4610 τὴν

485 4653 675 4692 eorum
729 4642 1102 4712 iniquitatem,
1137 4650 1373 4718 populus
1411 4666 1589 4718 meus,
1635 4654 1728 4708 ille
1772 4655 1998 4710 nimirut

2188 4640 2435 4711 bqeaicav
2452 4641 2652 4694 κακίαν
2677 4640 2785 4694 τῶν
2818 4639 3033 4710 ἐχθρῶν
3061 4639 3387 4710 ἐπιστρέψει
3418 4639 3447 4692 ὀ
3473 4641 3526 4693 ἐν
3548 4637 3702 4706 αἰχμιι

485 4731 580 4799 qui
620 4732 673 4785 in
727 4736 1048 4803 captivitate
1080 4742 1419 4796 constitutus
1449 4753 1559 4807 est,
1615 4756 1971 4811 convertetur

2188 4734 2349 4805 ιωσίᾳ
2389 4733 2516 4796 λαός
2552 4751 2652 4801 μου
2680 4735 2773 4786 ὲπὶ
2822 4734 2923 4801 τὴν
2973 4732 3168 4787 ἑαυτοῦ
3200 4732 3436 4801 πατρίδα
3479 4730 3569 4799 τὴν
3605 4728 3702 4778 Ἰον-

487 4822 722 4889 patriam
749 4840 929 4879 suam.
960 4828 1037 4881 Ita
1066 4832 1208 4885 enim
1237 4833 1511 4904 signiﬁcat
1536 4837 1680 4905 quod
1726 4838 1824 4901 ait,
1850 4856 2001 4894 conve

2189 4829 2344 4880 ἰσίαν.
2399 4826 2618 4895 Ταύτην
2674 4826 2783 4896 γὰρ
2820 4826 2972 4896 δηλοῖ
3027 4826 3088 4880 τὸ
3112 4864 3126 4888 ,
3155 4826 3417 4880 ἐνταῦθα
3442 4841 3458 4855 ο
3489 4827 3541 4876 ὲν
3570 4818 3703 4886 ταύτῃ

489 4922 629 4967 tetur
654 4915 774 4968 huc.
810 4916 886 4971 lbi
911 4920 1058 4975 enim
1082 4935 1201 4979 erat
1231 4926 1425 4983 beatus
1444 4928 1613 4983 David
1634 4944 1760 4984 cum
1789 4933 2003 5001 psalmu

1789 4933 2061 5001 psalmum
2100 4925 2142 4980 D
2171 4921 2284 4990 γὰρ
2308 4917 2384 4974 ὢν
2414 4920 2441 4972 ὁ
2464 4919 2654 4982 Δαὸὶδ,
2695 4918 2903 4989 ἔγραψε
2932 4918 3022 4971 τὸν
3055 4916 3294 4987 ψαλμόν.

487 5002 631 5057 hunc
665 5019 1016 5075 componeret
1045 5026 1061 5064 :
1097 5012 1151 5065 in
1182 5012 1489 5070 Jerusalem
1526 5018 1764 5073 scilicet.

562 5115 632 5169 Et
674 5118 785 5173 dies
838 5122 982 5188 pleni
1016 5125 1349 5198 invenientur
1394 5132 1447 5185 in
1489 5134 1588 5185 eis.
1621 5131 1797 5199 Pleni,
1829 5135 1931 5190 hoc
1960 5144 2066 5201 est,

2240 5124 2347 5177 Καὶ
2406 5122 2618 5192 ἡμέραι
2662 5122 2915 5191 πλήρεις
2947 5122 3391 5191 εὑρεθήσονται
3432 5122 3499 5175 ὲν
3523 5111 3692 5176 αὺτοῖς

488 5207 720 5279 impleti.
775 5214 842 5266 ad
895 5217 1019 5271 vita:
1068 5219 1325 5276 nimirum
1378 5238 1696 5279 mensuram
1732 5263 1747 5288 ,
1805 5228 1888 5281 vel
1928 5228 2002 5296 ple

2182 5215 2621 5288 Πεπληρωμέναι
2664 5215 2791 5267 ὅσον
2830 5219 2910 5279 εἰς
2949 5218 3148 5286 μέτρον
3188 5214 3360 5287 ζωῆς,
3423 5215 3456 5285 ἣ
3504 5213 3613 5265 ὅσον
3640 5207 3696 5264 εὶς

488 5300 748 5368 Operibus
780 5306 1065 5362 virtutum.
1109 5309 1173 5364 Et
1214 5327 1414 5368 sensus
1450 5324 1557 5381 est,
1593 5322 1738 5384 quod
1800 5332 2002 5373 consen

2191 5310 2400 5380 Ιιρετὴν.
2431 5309 2596 5375 Λέγει
2609 5306 2666 5360 δὲ
2691 5308 3195 5377 ὅτιγηράσουσιν,ἢ
3221 5308 3303 5361 ὅτι
3334 5304 3705 5375 εὐαρεστήσουσι

489 5405 666 5452 scent.
686 5397 769 5450 vel
801 5400 947 5467 quod
994 5401 1290 5469 placebunt
1320 5405 1451 5460 Deo.
1484 5408 1717 5476 lntelligi
1744 5408 1907 5463 etiam
1952 5426 2003 5481 ρ(

2192 5400 2246 5471 τῷ
2297 5400 2436 5470 Θεῷ.
2502 5400 2723 5452 Νοείται
2759 5398 2815 5451 δὲ
2872 5400 2968 5452 καὶ
3054 5400 3196 5452 κατὰ
3248 5399 3360 5452 τῶν
3410 5387 3706 5490 ἐχθρῶν,-τδ

488 5496 621 5541 sunt
654 5489 765 5544 haec
809 5495 997 5556 verba,
1048 5503 1106 5547 ut
1137 5496 1405 5551 adversus
1459 5498 1716 5552 inimicos
1746 5500 1897 5555 dicta
1933 5503 1999 5556 sit

2190 5496 2355 5564 lqtbv,
2390 5495 2472 5547 ὅτι
2502 5492 2896 5564 εὑρεθήσονται
2924 5493 2981 5545 ὲν
3013 5491 3199 5554 αὐτοῖς
3229 5492 3286 5543 ai
3332 5489 3528 5561 ἡμέραι
3545 5484 3704 5539 αὐτῶν.

490 5580 636 5646 quod
659 5580 775 5636 dics
808 5598 999 5636 eorum
1028 5584 1080 5638 in
1109 5585 1188 5640 eis
1223 5588 1578 5642 invenientur
1614 5590 1756 5658 pleni
1792 5592 1845 5645 in
1886 5594 2004 5648 mali

2190 5590 2402 5659 τλήρεις
2457 5588 2534 5649 είς
2584 5586 2784 5640 κακίαν
2812 5627 2826 5648 ,
2868 5585 2943 5648 ὡς
3007 5584 3177 5655 μηδὲν
3224 5587 3304 5649 εις
3350 5581 3596 5653 πονηρίαν
3640 5576 3704 5625 ἐν·

489 5668 565 5723 ita
598 5678 657 5722 ut
682 5671 747 5723 ad
774 5687 965 5726 eorum
997 5677 1324 5744 pravitatem
1357 5679 1493 5731 nihil
1529 5679 1694 5735 desit.
2170 5681 2304 5733 δεῖν.

560 5802 727 5860 Vens.
790 5810 873 5863 Η.
936 5812 1003 5866 Et
1045 5816 1333 5870 dixerunt:
1364 5818 1639 5882 Quomodo
1675 5822 1817 5873 novit
1888 5817 2073 5876 Deus?

2250 5820 2355 5873 Καὶ
2387 5816 2558 5872 εἶπον
2582 5834 2595 5847 ’
2632 5819 2760 5887 Πῶς
2811 5820 2965 5888 ἔγνω
3009 5823 3041 5873 ὁ
3095 5820 3284 5882 Θεός;
3322 5818 3469 5870 Ὅσοι
3499 5809 3581 5864 τοῦ
3604 5808 3702 5855 λαίαν

488 5893 770 5968 Quotquot
803 5900 852 5955 in
905 5906 1105 5975 populo
1131 5917 1288 5962 erant
1328 5911 1501 5979 magis
1539 5909 1944 5979 pusillanimes,
1977 5926 2002 5962 τι

2189 5912 2664 5983 μικροψυχότεροι,
2710 5915 2804 5965 κειὶ
2861 5913 3260 5982 ἀσυνετώτεροι
3296 5912 3581 5982 βλέποντες.
3608 5900 3703 5948 E‘“
