3834 6562
129 438 222 505 745
624 488 628 495 .
1257 431 1643 496 COMMENT.
1689 436 1770 495 IN
1816 435 2172 499 PSALMOS.

199 548 341 604 Ὠσεί
368 545 1175 617 ἐνύπνιονρὲξεγειρομένου.
1211 545 1292 597 Τὰ
1320 547 1444 599 κατ’
1475 546 1674 608 αὐτοὺς

128 643 359 716 δηλονότι.
394 639 662 710 Καθάπερ
693 607 1086 708 γάρ’ὲνύπννιόν
1112 655 1195 700 τις
1224 637 1347 690 ἰδὼν
1384 638 1670 709 ἐράσμιον,
1710 607 1745 658 Α

129 734 504 804 ἐξεγειρόμενος
533 733 754 802 ἀθυμεῖ,
771 732 845 793 ὼς
869 731 1121 803 διακενῆς
1160 729 1494 793 ἀπολαύσας,
1530 729 1676 783 οὕτω

128 827 203 881 καὶ
224 822 549 878 Βαϐυλώνιοι
602 824 1075 894 παραδραμούσης
1099 822 1198 893 τῆς
1232 822 1541 893 εὐημερίας
1575 822 1675 874 αὐ-

128 917 235 981 τῶν,
267 916 441 987 μάτην
465 916 820 986 εύπραγῆσαι
848 915 1084 981 δόξουσι.
1110 914 1348 983 Τοιαύτη
1378 915 1487 984 γὰρ
1518 914 1551 984 ἡ
1576 915 1672 966 ἀν-

127 1007 340 1079 θρωπίνη
357 1006 538 1077 τρυφὴ
562 1006 793 1076 ὀνείροις
817 1006 1051 1071 ἐοικυῖα,
1078 1006 1166 1059 διὰ
1212 1006 1273 1059 τὸ
1300 1004 1554 1059 ἀϐέϐαιον
1582 1006 1677 1058 καὶ

126 1101 203 1171 τὴν
226 1102 435 1170 ταχεῖαν
465 1098 795 1170 μεταϐολήν.

3252 438 3358 505 Ἠϐ

1854 546 2020 601 νειμ.
2058 548 2149 602 ‘20.
2192 547 2363 612 Quasi
2406 547 2671 601 somnium
2725 548 3081 618 exsurgentis.
3134 549 3358 620 Aliquid

1783 641 2306 711 subintelligendum
2342 648 2447 706 est,
2484 640 2636 694 verbi
2671 640 2847 710 gratia
2878 681 2894 704 ,
2938 640 3359 711 Babyloniorum

1782 732 2038 801 felicitas.
2091 731 2168 784 Ac
2220 726 2289 785 si.
2320 731 2550 793 diceret,
2600 729 2746 798 quod
2784 730 3252 800 quemadmodum
3312 733 3363 787 is

1782 824 1874 894 qui
1907 838 2004 893 per
2035 835 2289 875 somnum
2322 829 2537 890 gratum
2563 820 2691 891 quid
2722 820 2887 878 videt.
2921 835 2985 873 ac
3013 820 3360 884 delectabile,

1781 915 1970 971 statim
2007 913 2394 975 contristatur,
2429 928 2552 967 cum
2585 931 2612 964 a
2647 927 2843 965 somno
2889 912 3155 983 exsurgit,
3201 915 3363 984 quasi

1780 1000 1934 1056 inani
1964 999 2336 1055 delectatione
2364 986 2620 1055 detentus
2655 1002 2747 1066 sit,
2793 1003 2863 1054 ita
2892 1003 3055 1056 etiam
3082 1003 3363 1076 Babylonii

1780 1095 2014 1149 decursa
2069 1109 2259 1147 eorum
2317 1092 2603 1159 felicitate,
2657 1096 2875 1149 inanem
2935 1096 3232 1165 plurabunt
3303 1114 3364 1174 se

132 1191 351 1246 habuisse
381 1188 685 1245 fortunam.
723 1188 1115 1259 Huiuscemodi
1142 1189 1287 1243 enim
1319 1198 1448 1244 sunt
1478 1187 1731 1242 humana:
1751 1200 1944 1241 omnes
1971 1183 2389 1248 delectationes,
2461 1185 2693 1241 somniis
2747 1188 2979 1254 similes,
3043 1190 3114 1246 ob
3170 1205 3361 1247 earum

129 1283 351 1339 nimirum
387 1283 826 1347 instabilitatcm,
881 1291 935 1337 et
966 1281 1447 1351 frequentissimas
1484 1260 1841 1335 mutationes.
2880 1275 2891 1282 ”

179 1380 356 1447 Κύριε,
386 1379 457 1433 ἐν
486 1377 561 1449 τῇ
590 1382 763 1434 πόλει
784 1396 901 1435 σου
930 1376 1048 1446 τὴν
1066 1377 1272 1434 εἰκόνα
1287 1377 1487 1432 αὐτῶν
1507 1379 1677 1443 ἐξου-

126 1474 395 1539 δενώσεὶς.
459 1473 560 1526 Διά
620 1472 720 1544 τὴν
784 1472 941 1527 πόλιν
997 1490 1093 1526 σου
1130 1471 1534 1544 Ἰερουσαλὴμ,
1579 1472 1678 1542 τὴν

127 1563 392 1634 εὒημερίαν
447 1563 762 1635 ἀτιμάσεις.
806 1565 1010 1618 Εἰκόνα
1071 1563 1183 1635 γὰρ
1232 1563 1332 1635 τὴν
1367 1565 1678 1635 εὐημερίαν

125 1655 273 1709 αὐτῶν
295 1654 545 1721 ἐκάλεσε,
568 1656 657 1709 διὰ
682 1656 743 1708 τὸ
777 1656 853 1727 μὴ
885 1657 1092 1728 κυρίως
1134 1651 1274 1711 εἶναι
1300 1657 1328 1710 ὃ
1351 1657 1519 1722 δοκεῖ,
1542 1655 1677 1711 ἀλλὰ

128 1748 380 1818 μιμεῖσθαι
417 1749 609 1818 μόνον’
640 1751 765 1804 ἐπεὶ
791 1752 886 1803 καὶ
914 1749 1080 1804 είκὼν
1113 1749 1267 1821 παρὰ
1320 1751 1380 1804 το
1415 1751 1674 1806 ἐοικέναι.

126 1838 207 1908 Eii;
232 1838 273 1891 δ’
323 1838 390 1892 ἂν
422 1838 578 1902 πόλις
624 1840 721 1893 καὶ
750 1841 784 1911 ἡ
819 1839 1069 1893 πολιτεία
1099 1840 1193 1893 τοῦ
1228 1839 1362 1894 λαοῦ
1386 1857 1400 1871 ·
1453 1843 1485 1911 ἢ
1522 1841 1615 1894 καὶ
1640 1842 1675 1909 ἠ

126 1931 214 1984 ἄνω
254 1930 317 1984 Ἰε
328 1932 635 2003 ρουααλήμ.

182 2113 288 2167 ὀτι
318 2112 616 2184 ἐξεκαύθη
663 2115 700 2184 ἡ
732 2116 948 2186 καρδία
976 2135 1118 2187 μου.
1160 2117 1250 2189 Τῷ
1283 2118 1415 2190 πυρὶ
1456 2117 1551 2170 τοῦ
1585 2117 1678 2171 Θυι

129 2204 230 2275 p06,
277 2205 454 2262 είτουν
490 2206 571 2278 τῷ
604 2208 785 2281 ζήλῳ·
840 2209 944 2282 ἔφη
996 2212 1105 2281 γὰρ
1162 2212 1220 2264 ὲν
1274 2210 1550 2282 προοιμίῳ
1579 2210 1675 2262 τοῦ

127 2300 361 2370 παρόντος
383 2301 627 2372 ψαλμοῦ,
654 2303 774 2358 Ὅτι
811 2302 1085 2375 ἐζῆξλωσα
1111 2306 1210 2361 ἐπὶ
1244 2305 1372 2371 τοῖς
1403 2306 1673 2375 ἀνόμοις,

129 2390 346 2461 εἰρήνην
379 2391 746 2465 ἁμαρτωλῶν
778 2395 1031 2467 θεωρῶν.
1097 2397 1313 2453 Ἐκεῖνα
1344 2394 1475 2467 γοῦν
1519 2395 1676 2462 αὖθις

125 2484 567 2556 ὶπαναλαμϐἀνει.

179 2576 277 2629 Καὶ
305 2579 359 2631 ol
404 2580 616 2648 νεφροί
661 2598 782 2651 μου
815 2581 1264 2651 ήλ.1οι‹ἰ›θησαν.
1322 2581 1434 2654 Τὴν
1487 2579 1678 2637 ἐπιθυ-

126 2664 238 2735 μίαν
280 2667 363 2721 διὰ
387 2670 497 2723 τῶν
528 2672 745 2741 νεφρῶν
774 2674 1076 2729 αἰνίττεται
1096 2691 1110 2704 ·
1152 2673 1336 2738 καθὼς
1370 2675 1678 2747 προλαϐόν-

124 2771 198 2820 τες
229 2758 520 2831 είρήκαμεν
555 2761 613 2814 ὲν
650 2761 855 2827 ἄλλοις.
901 2765 1179 2837 Πρότερον
1218 2766 1326 2837 γὰρ
1363 2767 1676 2839 ἐπιθυμιῶν

124 2849 211 2902 τῶν
237 2850 391 2915 ὅντως
422 2854 669 2923 ἀγαθῶν,
706 2856 934 2927 ὕστερον
959 2859 1054 2912 καὶ
1083 2858 1195 2914 τῶν
1218 2858 1520 2914 δοκούντων
1550 2863 1678 2914 ἑπε-

125 2938 342 3012 Θύμησα,
380 2946 535 3017 φησὶ,
558 2944 811 3018 ζηλώσας
846 2950 974 3014 τοὺς
1003 2951 1259 3022 ἐχθρούς.

180 3120 338 3192 Κάγὼ
355 3123 855 3196 ἑξουδενώμεγος,
883 3127 981 3182 καὶ
1025 3129 1137 3182 οὐκ
1168 3128 1379 3199 ἔγνων.
1422 3129 1584 3183 Τουτὶ
1614 3131 1674 3184 τὸ

126 3215 272 3322 ξέτδν
295 3217 384 3270 καὶ
409 3217 477 3271 τὰ
502 3218 633 3289 ἐξης
667 3219 807 3290 μετὰ
855 3221 953 3292 τὴν
1004 3222 1267 3275 ἐπάνοδον
1317 3222 1674 3292 ἁρμόζουσιν.
1702 3261 1748 3322 C

133 3304 572 3381 Ἐξουδενωμένος
598 3311 768 3383 ἥμην,
805 3316 992 3386 φησὶν,
1037 3313 1215 3367 εἷτουν
1262 3314 1678 3386 ἀπερριμμένοις

122 3398 213 3452 ἀπὸ
247 3402 329 3455 σοῦ
354 3402 474 3457 τότε
504 3403 593 3457 διὰ
632 3404 733 3469 τὰς
760 3403 1036 3478 ἁμαρτίας
1066 3423 1173 3477 μου
1194 3421 1209 3436 ·
1245 3407 1340 3459 καὶ
1387 3406 1474 3460 διὰ
1518 3404 1680 3460 τοῦτο

122 3489 207 3543 οὐκ
233 3490 391 3561 ἔγνων
414 3495 474 3547 τὸ
503 3494 879 3568 ἀπορούμενον
910 3514 1020 3565 μοι,
1051 3497 1128 3568 μὴ
1154 3496 1294 3566 ἔχων
1319 3497 1410 3550 τὸν
1442 3495 1549 3551 ἀπὸ
1581 3495 1676 3550 σοῦ

122 3586 391 3654 φωτισμόν.
433 3588 491 3640 '0
522 3588 580 3641 δὲ
612 3586 909 3660 Σύμμαχος
938 3589 1059 3642 ἀντὶ
1094 3590 1188 3642 τοῦ
1232 3586 1677 3659 Ἐξουδενωμέ-

122 3688 236 3741 νος,
261 3675 704 3750 Ἀνεπιστήμων
738 3679 921 3750 ἥμην,
956 3677 1134 3735 εἶπεν.

179 3768 487 3839 Κτηνώδης
544 3772 844 3843 ἐγενήθην
883 3774 1045 3843 παρὰ
1098 3775 1223 3829 σοί.
1257 3774 1481 3841 Λοιπὸν,
1505 3773 1671 3846 ἀνόη-

121 3873 199 3923 τος
261 3863 521 3935 ἐγενόμην
583 3883 688 3932 σοι,
717 3867 1018 3932 τουτέστιν,
1071 3868 1175 3922 ούκ
1234 3866 1315 3921 ἔτι
1375 3868 1675 3939 περιεργά-

125 3968 270 4024 σομαι
294 3958 358 4009 τὰ
389 3958 638 4028 κρίματά
673 3976 767 4012 σου
793 3975 807 3989 ⁸
845 3959 983 4012 ἀλλὰ
1017 3958 1176 4031 δίκην
1209 3961 1442 4030 κτήνους
1472 3961 1678 4015 ἀπολυ-

122 4049 428 4117 πραγμόνως
488 4049 694 4119 ἕψομαι
743 4052 858 4115 τοῖς
912 4052 1026 4115 σοῖς
1077 4051 1406 4123 βουλήμασι.
1439 4051 1677 4120 Διέγνων

122 4136 217 4206 γὰρ
237 4140 311 4194 ὅτι
336 4145 510 4196 πάντα
561 4144 703 4213 μετὰ
738 4143 975 4214 κρίσεως
1002 4144 1335 4213 οίκονομείς.
1382 4143 1676 4216 Ἐπαινετὴ

122 4230 149 4291 ἢ
174 4234 309 4302 παρὰ
334 4234 407 4305 τῷ
439 4236 559 4306 Θεῷ
612 4235 753 4308 αὕτη
782 4236 1051 4306 κτηνωδία
1070 4251 1087 4269 ο
1122 4235 1527 4307 διαϐεϐλημένη
1556 4236 1613 4288 δὲ
1644 4236 1679 4307 ἡ

122 4323 256 4390 παρὰ
304 4322 392 4377 τοῦ
440 4325 715 4396 δαίμονος.
764 4327 839 4390 ὡς
875 4328 957 4390 τὸ,
991 4323 1506 4396 Παρασυνεϐλήθη
1550 4325 1680 4391 τοῖς

122 4408 345 4477 κτήνεσι
382 4414 505 4479 τοῖς
538 4414 839 4483 ἀνοήτοις,
867 4416 965 4470 καὶ
994 4413 1262 4485 ὡμοιώθη
1302 4415 1531 4484 αὐτοῖς.

1855 1373 2100 1439 Domine,
2129 1374 2185 1427 in
2219 1374 2435 1429 civitate
2480 1385 2573 1430 tua
2612 1376 2887 1447 imaginem
2916 1394 3096 1432 eorum
3127 1380 3196 1433 ad
3219 1379 3362 1433 nihi-

1783 1469 1894 1523 lum
1953 1467 2178 1538 rediges.
2235 1467 2468 1537 Propter
2521 1469 2797 1524 civitatem
2851 1478 2997 1523 tuam
3060 1469 3362 1527 Jerusalem

1783 1575 1977 1617 eorum
2015 1559 2337 1614 felicitatem
2373 1560 2699 1629 rcprobabis
2731 1578 2745 1615 :
2804 1576 2970 1631 quam
3006 1562 3129 1617 ideo
3164 1563 3362 1631 imagi-

1783 1668 1907 1713 nem
1942 1653 2264 1723 appellavit,
2299 1652 2426 1722 quia
2466 1652 2706 1707 humana
2741 1652 2996 1720 felititus,
3028 1670 3160 1709 vera
3194 1656 3367 1710 felici-

1781 1752 1869 1801 tas
1899 1761 2006 1799 non
2045 1754 2151 1810 est,
2189 1744 2416 1798 tametsi
2451 1758 2576 1799 esse
2607 1744 2899 1801 videatur:
2938 1745 3034 1800 sed
3071 1757 3127 1799 ιιι
3160 1747 3365 1816 imago,

1783 1847 1878 1893 aut
1907 1838 2123 1901 umbra,
2154 1837 2404 1890 imitatur
2435 1845 2645 1890 tantum
2676 1834 3023 1891 felicitatem.
3077 1835 3183 1892 Per
3227 1837 3369 1892 civi-

1784 1939 1953 1986 tatem
2005 1940 2187 1984 autem
2218 1929 2324 1984 boc
2355 1929 2410 1982 in
2444 1928 2587 1993 loco,
2635 1928 2942 1999 intelligere
2974 1941 3133 2001 potes
3177 1931 3369 2001 populi

1785 2022 2088 2087 civitatem,
2122 2021 2207 2077 vel
2242 2021 2418 2091 ipsam
2455 2035 2757 2088 supernam
2791 2019 3121 2078 Jerusalem.

1852 2111 2019 2169 Vens.
2058 2113 2152 2167 2!.
2199 2114 2339 2179 Quia
2371 2112 2767 2181 inﬂammatum
2805 2125 2882 2168 est
2904 2130 2995 2167 cor
3023 2130 3215 2168 meum.
3264 2116 3368 2171 Ar-

1784 2204 1937 2260 denti
1973 2204 2186 2259 scilicet
2230 2204 2466 2272 quodam
2503 2204 2663 2260 zelo:
2706 2204 2854 2273 quod
2890 2204 3054 2260 etiam
3100 2207 3153 2260 in
3207 2207 3366 2263 initio

1783 2296 1978 2368 psalmi
2005 2296 2143 2351 dixit
2170 2313 2185 2350 :
2222 2295 2365 2362 Quia
2393 2296 2566 2350 zelari
2593 2311 2750 2364 super
2773 2297 3006 2368 iniquos,
3034 2313 3214 2367 pacem
3249 2318 3369 2367 pec-

1783 2398 2023 2444 catorum
2054 2389 2256 2442 ridens.
2291 2387 2556 2443 Eundem
2588 2390 2734 2442 enim
2770 2388 2857 2443 hic
2891 2392 3088 2461 repetit
3135 2401 3364 2447 senten-

1785 2484 1939 2538 tiam.
3146 2488 3158 2493 ’

1857 2571 1927 2629 Ει
1976 2592 2122 2631 renes
2173 2576 2274 2630 mei
2308 2577 2624 2630 commutati
2653 2585 2800 2630 sunt.
2843 2573 2950 2631 Per
2975 2591 3134 2631 renes
3161 2591 3362 2632 concu-

1787 2666 2113 2739 piscentiam
2165 2667 2443 2735 intelligit,
2481 2677 2539 2721 ut
2569 2667 2736 2722 etiam
2771 2665 2905 2720 alibi
2941 2666 3208 2721 diximus.
3255 2669 3368 2721 An-

1786 2770 1897 2830 tea,
1929 2762 2130 2833 inquit,
2159 2776 2223 2816 ea
2258 2746 2552 2830 concupivi
2589 2775 2711 2831 qua:
2736 2771 2895 2815 erant
2922 2760 3089 2825 bona,
3123 2769 3369 2830 postmo-

1784 2856 1915 2913 dum
1963 2872 2096 2912 vero
2150 2871 2259 2910 non
2313 2856 2502 2910 eadem
2554 2852 2813 2924 amplius,
2864 2869 2987 2924 qua:
3018 2853 3163 2909 bona
3208 2869 3367 2910 erant

1785 2948 1989 3014 Optavi,
2041 2944 2139 3001 sed
2192 2961 2313 3016 qua:
2365 2959 2490 3000 esse
2539 2943 2869 2999 videbantur
2908 2944 3094 3000 bona:
3143 2944 3366 3016 quando

1785 3037 1993 3093 scilicet
2024 3037 2370 3091 inimicorum
2408 3049 2595 3106 pacem
2630 3035 2824 3089 zelavi.
3215 3050 3265 3069 δί’

1858 3127 1927 3180 Ει
1965 3144 2058 3197 ego
2089 3126 2350 3198 neglectus
2367 3143 2507 3191 sum,
2528 3137 2575 3181 et
2602 3142 2704 3181 non
2728 3126 2961 3198 coyuori.
2992 3125 3093 3181 llic
3118 3128 3368 3183 versicu-

1786 3221 1896 3282 lus.
1926 3229 1981 3275 et
2014 3220 2248 3291 reliqua,
2285 3235 2409 3290 qua;
2443 3228 2772 3290 sequuntur,
2809 3230 3028 3289 tempus
3058 3221 3365 3289 respiciunt

1781 3320 1906 3384 post
1929 3312 2167 3368 reditum
2195 3327 2225 3366 e
2253 3311 2594 3381 captivitate.
2627 3310 2922 3380 Negleetus
2951 3312 3123 3375 exim,
3165 3312 3364 3380 inquit,

1783 3404 2068 3478 proiectus
2095 3420 2221 3461 sum
2256 3419 2287 3458 a
2320 3415 2373 3459 te
2402 3419 2553 3459 nunc
2585 3412 2812 3476 propter
2846 3413 3071 3474 peccata
3107 3420 3249 3470 mea,
3281 3416 3367 3459 at~

1781 3514 1889 3571 quc
1920 3498 2044 3554 ideo
2078 3496 2483 3551 illuminatione
2532 3506 2627 3549 tua
2679 3497 2948 3567 privatus,
3004 3495 3058 3550 id
3107 3511 3217 3551 non
3266 3513 3363 3553 co-

1780 3588 1967 3661 gnovi,
2002 3587 2070 3643 de
2102 3603 2214 3660 quo
2257 3586 2665 3643 dubitaveram.
2697 3586 3064 3658 Symmachus
3093 3603 3214 3658 pro,
3248 3586 3365 3640 Ne-

1780 3680 2005 3751 glectus,
2035 3679 2188 3743 dixit,
2223 3678 2484 3733 Indoctus
2514 3694 2685 3733 eram.

1851 3770 2017 3825 Vsus.
2058 3769 2153 3826 22.
2218 3768 2286 3825 Ut
2317 3772 2623 3839 jumentum
2676 3774 2848 3842 factus
2907 3786 3025 3823 sum
3084 3771 3228 3840 apud
3291 3780 3364 3824 te.

1781 3864 1915 3937 Ego,
1969 3864 2169 3935 inquit,
2225 3864 2279 3919 in
2332 3864 2674 3935 praateritutn
2729 3862 2995 3932 insipiens
3029 3870 3209 3918 tecum
3262 3861 3361 3926 fui,

1792 3976 1981 4016 verum
2017 3959 2281 4030 deinceps
2310 3959 2520 4030 judicia
2547 3971 2638 4016 tua
2694 3959 2810 4032 (70)
2871 3961 3090 4017 curiose
3126 3961 3363 4032 amplius

1782 4070 1892 4111 non
1949 4055 2317 4124 investigabo,
2346 4056 2440 4110 sed
2485 4056 2721 4125 jumenti
2753 4056 2953 4117 instar.
2981 4056 3182 4112 omissa
3211 4060 3359 4111 omni

1781 4149 2124 4211 curiositate,
2145 4156 2296 4202 tuam
2316 4161 2518 4219 sequar
2539 4148 2899 4211 voluntatem,
2916 4152 3144 4221 cognovi
3158 4150 3359 4204 etenim

1780 4237 1927 4308 quod
1959 4252 2179 4291 summa
2225 4253 2353 4292 cum
2401 4237 2614 4292 ratione
2648 4252 2712 4291 ac
2751 4237 2986 4306 judicio,
3034 4240 3220 4293 omnia
3266 4236 3363 4292 ad-

1781 4331 2086 4385 ministras.
2114 4328 2416 4384 Laudabile
2440 4338 2524 4384 est
2568 4339 2775 4394 autem,
2808 4338 2866 4382 ut
2897 4329 3040 4398 apud
3066 4329 3232 4385 Deum
3259 4345 3361 4384 nos

1781 4420 1933 4492 ipsos
1987 4419 2395 4485 existimemus,
2448 4429 2509 4474 ut
2551 4419 2827 4488 jumenta,
2873 4421 3093 4475 tametsi
3141 4414 3391 4496 contra:

122 4500 454 4560 criminosum
501 4508 596 4573 sit,
636 4517 698 4562 ut
738 4509 1050 4577 jutncntum
1107 4510 1323 4576 haberi,
1383 4510 1527 4579 apud
1563 4510 1890 4582 dmmonem,
1939 4523 1999 4570 ut
2072 4515 2205 4571 alibi
2234 4514 2476 4567 vidimus
2546 4513 2638 4581 (in
2710 4515 2920 4583 psalmo
2982 4530 3169 4579 XLVIII,
3214 4516 3288 4572 ibi
3341 4536 3363 4576 :

124 4592 279 4650 Homo
305 4614 420 4652 cum
462 4601 515 4653 in
560 4599 755 4655 honore
785 4603 955 4675 esset)
990 4615 1330 4673 comparatus
1362 4602 1714 4674 estjumentis
1751 4608 2153 4680 insipientibus,
2186 4617 2235 4661 et
2263 4605 2454 4662 similis
2484 4605 2664 4676 factus
2703 4615 2781 4659 est
2808 4605 2920 4660 illis
2954 4607 3018 4661 ".

183 4689 339 4757 Κάγὼ
374 4692 471 4744 διὰ
503 4693 731 4760 παντὸς
754 4697 906 4764 μετὰ
953 4696 1091 4751 σοῦ.
1119 4696 1553 4763 Συνεξακούεται
1590 4696 1671 4761 τὸ,

1854 4701 1921 4755 Et
1976 4718 2069 4772 ego
2113 4714 2317 4767 semper
2370 4708 2559 4751 tecum.
2608 4695 3071 4768 Subintclligitur,
3108 4700 3353 4757 verbum.

124 4777 450 4849 Ἔσομιιι,σὲ
476 4785 673 4837 ἐννοῶν
703 4787 811 4851 ἀεὶ,
843 4786 940 4839 καὶ
972 4787 1041 4842 τὰ
1074 4786 1142 4840 σὰ
1167 4786 1365 4854 λαλῶν,
1403 4785 1499 4839 καὶ
1527 4786 1678 4839 οὐδέ-

120 4885 242 4924 ποτε
263 4876 349 4946 τῆς
373 4877 471 4948 σῆς
499 4878 723 4949 μνήμης
746 4879 1138 4951 ἀφιστάμενος.

195 5051 553 5123 Ἐκρὰτησας
580 5053 695 5125 τῆς
735 5056 934 5127 χειρὸς
974 5055 1088 5127 τῆς
1117 5057 1322 5127 δεξιᾶς
1364 5078 1507 5132 μου.
1549 5062 1679 5116 Χει-

122 5146 351 5212 ραγωγοῦ
379 5148 561 5219 δίκην,
592 5149 862 5204 ὲπελάϐου
891 5150 990 5220 τῆς
1032 5151 1217 5223 χειρός
1263 5168 1391 5223 μου,
1422 5155 1518 5208 καὶ
1547 5154 1675 5226 ὲξή*

119 5237 280 5303 γαγὲς
307 5257 366 5309 με
388 5240 488 5311 τῆς
515 5240 621 5312 γῆς
648 5241 757 5297 τῶν
785 5241 1146 5298 Βαϐυλωνίων
1189 5246 1282 5299 καὶ
1306 5250 1404 5318 τῆς
1429 5247 1677 5312 δουλείας

119 5326 306 5385 αὐτῶν.
330 5333 399 5386 Ἦ
427 5333 643 5402 καὶτῆς
672 5333 852 5399 δεξιᾶς
880 5335 1085 5407 χειρὸς,
1114 5336 1213 5408 τὴν
1241 5336 1422 5403 δεξιὰν
1475 5338 1676 5411 πρᾶξιν

118 5415 485 5490 ὑποσημαίνει,
505 5426 588 5478 ὃτι
610 5424 813 5496 ταύτης
845 5425 1144 5496 λαϐόμενος
1174 5428 1445 5500 ὲξήγαγές
1474 5449 1568 5500 με.

1788 4794 1928 4859 Ero;
1951 4804 2003 4848 te
2035 4792 2294 4847 nimirum
2326 4804 2543 4858 semper
2567 4788 2835 4859 cegitans,
2864 4799 2916 4844 et
2954 4788 3206 4860 loquens,
3238 4809 3361 4860 qua:

1786 4891 1878 4937 tua
1931 4891 2095 4946 sunt,
2126 4890 2291 4951 atque
2330 4896 2359 4931 ιι
2417 4878 2497 4932 ιιιὶ
2534 4880 2820 4933 memoria
2865 4896 3151 4950 nunquam
3202 4884 3362 4940 rece-

1788 4976 1944 5032 deus.

1858 5067 2022 5123 Vsus.
2062 5064 2151 5119 25.
2193 5060 2431 5118 Tenuiin
2467 5080 2683 5117 manum
2714 5065 2987 5119 dexteram
3020 5082 3209 5120 meum.
3251 5068 3297 5122 '1‘
3304 5086 3361 5129 ιν,

1786 5159 1990 5229 inquit,
2026 5156 2221 5227 optimi
2272 5156 2524 5211 ductoris
2573 5156 2768 5221 instar,
2806 5173 3028 5211 manum
3062 5174 3236 5212 meam
3266 5175 3357 5226 ap-

1786 5248 2222 5320 prehendisti,et
2244 5247 2312 5302 de
2344 5256 2510 5313 terra,
2542 5260 2606 5299 ac
2640 5244 2905 5301 servitute
2933 5246 3358 5318 Babyloniorum

1786 5356 1874 5396 me
1900 5340 2173 5404 eduxisti;
2205 5338 2398 5410 vellper
2424 5337 2703 5392 dexteram
2730 5352 2984 5404 manum,
3014 5339 3267 5396 meliores
3296 5357 3361 5395 ac

1787 5433 2179 5489 laudabiliores
2206 5431 2453 5485 actiones
2483 5428 2781 5496 signiﬁcat,
2814 5430 3016 5500 quibus
3045 5439 3123 5499 tu,
3156 5430 3358 5502 inquit,

116 5510 338 5572 eduxisti
385 5535 496 5590 me,
543 5523 781 5593 benigno
828 5523 1089 5578 nimirum
1122 5525 1307 5580 animo
1338 5539 1434 5581 eas
1485 5525 1820 5596 suscipiens.

219 5659 266 5692 "
294 5660 433 5719 Psal.
472 5679 664 5728 XLVIII,
711 5664 799 5720 ‘21.

1455 5733 1653 5796 Variae
1676 5732 2010 5795 lectiones.

184 5833 297 5906 (70)
325 5839 425 5893 Aut
449 5854 559 5893 non
597 5838 736 5895 satis
781 5848 1070 5894 assecutus
1121 5847 1227 5900 est,
1282 5847 1377 5893 aut
1409 5854 1516 5894 non
1541 5841 1677 5894 satis

116 5901 338 5963 ﬁdeliter
368 5909 598 5965 reddidit
628 5910 870 5966 auctoris
895 5924 1140 5964 sensum.
1166 5909 1355 5966 Graece
1392 5910 1472 5968 sic
1510 5927 1525 5963 :
1562 5908 1671 5980 Ego

438 6009 718 6071 ΡΑτιιοι..
759 6008 881 6070 Gn.
926 6007 1266 6071 CXXVIII.

1787 5840 2031 5917 deinceps
2062 5837 2316 5906 insipiens
2358 5837 2439 5908 fui
2481 5837 2602 5911 (pro
2632 5840 2759 5913 _ero)
2793 5848 2958 5895 tecum
2994 5858 3013 5893 :
3044 5842 3138 5897 hoc
3176 5851 3252 5897 est
3269 5841 3365 5917 ju-

1779 5911 1923 5965 dicia
1949 5917 2062 5978 tua,
2090 5918 2179 5964 etc

2941 6008 3022 6069 2&-
