3834 6550
175 426 268 489 749

1287 423 1679 484 COMMENT.
1726 422 1806 482 IN
1842 425 2201 484 PSALMOS.

3298 429 3404 493 750

164 516 284 571 Θεοῦ
334 512 680 583 ὀνομάζεται,
713 509 1039 582 συνημμένη
1091 511 1264 584 τούτῳ
1316 514 1403 567 διὰ
1459 513 1717 575 πίστεως,

1832 513 2059 583 lignum,
2083 524 2135 568 et
2161 513 2418 586 lapidem.
2447 514 2687 571 Ecclesia
2723 517 2924 572 ctenim
2965 531 3162 586 sponsa
3198 517 3405 574 Christi

167 607 358 676 καὶτῆς
386 602 497 657 τῶν
527 603 758 657 ὲντολῶν
789 601 952 655 αὑτοῦ
985 602 1254 674 φυλακῆς.

238 784 371 853 Ego!
399 783 468 836 δὲ
499 783 566 836 τὸ
623 781 1123 850 προσκο.ι.1ᾶσθαι
1184 783 1265 848 τῷ
1321 781 1442 847 Θεῷ
1496 784 1723 851 ἀγαθόν

166 880 298 934 ἐστι.
327 878 398 930 Τὸ
433 876 809 931 συνάπτεσθαι
839 879 1062 946 νύμφης
1100 876 1279 945 δίκην,
1309 880 1404 931 καὶ
1444 879 1722 949 μηδέποτε

165 969 301 1022 αὐτοῦ
334 968 693 1039 χωρίζεσθαι.

225 1062 483 1117 Τίθεσθαι
509 1060 576 1112 ἐν
593 1059 672 1125 τῷ
691 1061 884 1128 Κυρίῳ
906 1060 1252 1127 τὴνὲλπίδα
1265 1062 1537 1131 μου.⁹Ετι
1551 1063 1606 1115 δὲ
1631 1053 1727 1116 καὶ

162 1152 228 1215 τὸ,
256 1153 516 1205 Τίθεσθαι
539 1152 638 1205 ἐπὶ
670 1152 892 1218 Κύριον
913 1153 1029 1218 τὴν
1049 1151 1268 1204 ἐλπίδα
1293 1169 1410 1220 μου
1436 1152 1568 1222 (71),
1592 1152 1727 1206 Ἰδοὺ

172 1247 263 1314 γὰρ
279 1244 501 1304 ἐλπίσας
527 1246 617 1296 ἐπ’
635 1243 819 1307 αὑτὸν,
837 1244 938 1296 οὐκ
974 1245 1269 1314 ἀπέτλχον.
1290 1247 1381 1298 Διὸ
1412 1246 1504 1298 καὶ
1521 1245 1728 1315 ἀγαθόν

167 1354 241 1404 μοι
288 1335 344 1387 τὸ
387 1335 650 1402 τοιοῦτον,
698 1337 873 1388 εἶτουν
930 1336 1204 1406 ὠφέλιμον
1253 1337 1350 1391 καὶ
1383 1337 1672 1408 χρήσιμον.

225 1427 324 1482 Τοῦ
342 1428 689 1497 ἐξατγεῖλαί
713 1448 793 1498 με
849 1427 1052 1495 πάσας
1081 1431 1187 1495 τὰς
1216 1429 1478 1494 αἰνέω-εις
1516 1447 1633 1482 σου
1658 1429 1730 1483 ἐν

164 1521 270 1587 ταῖς
320 1521 543 1586 πύλαις
577 1525 688 1589 τῆς
750 1522 1044 1592 θυγατρός
1109 1520 1282 1576 Σιών.
1315 1521 1484 1575 Ὥστε
1515 1539 1726 1575 σκεπα-

165 1615 334 1666 σθὲντα
367 1631 436 1682 με
494 1613 862 1684 διηγήσασθαι
892 1613 990 1677 τὰς
1013 1613 1252 1674 αἱνέσεις
1297 1630 1416 1676 σου,
1446 1612 1624 1666 είτουν
1656 1614 1727 1666 τὰ

165 1705 419 1772 Θαυμάσιά
449 1723 568 1770 σου,
595 1707 664 1759 τὰ
695 1701 1068 1772 ἁξιεπαίνέτα.
1111 1707 1181 1758 Ἦ
1209 1709 1303 1759 καὶ
1329 1705 1526 1768 ἄλλως.
1561 1705 1726 1758 Ὥστε

161 1795 395 1850 ἐκθέσθαι
424 1800 611 1866 γραφῇ
665 1799 762 1860 τὰς
794 1796 1155 1867 ὀφειλομένας
1187 1814 1269 1850 σοι
1289 1796 1525 1859 αἰνέσεις
1556 1813 1569 1825 ο
1611 1797 1725 1851 πά-

162 1903 259 1952 σας
282 1888 337 1940 δὲ
369 1884 491 1941 εἷπε
521 1889 658 1941 διότι
689 1889 949 1943 τοσαῦταί
996 1892 1158 1953 εἰσιν,
1183 1890 1307 1942 ὅσαι
1351 1889 1450 1942 καὶ
1473 1890 1529 1942 αί
1564 1888 1721 1942 δυνά·

165 1995 266 2046 per;
285 1977 378 2030 τοῦ
410 1978 548 2031 Θεοῦ
587 1995 602 2010 ο
629 1977 994 2048 ἐξαιγγεῑλαι
1017 1977 1073 2030 δὲ
1102 1975 1305 2040 ταύτας
1348 1975 1418 2028 ἐν
1444 1974 1576 2041 ταῖς
1613 1975 1728 2028 πύ-

1833 605 2058 669 dicitur,
2089 606 2249 676 eique
2278 622 2372 676 per
2397 607 2554 662 ﬁdem
2591 619 2643 664 et
2679 625 2769 663 oer
2803 612 3180 665 mandatorum
3214 613 3406 666 obser-

1833 701 2113 753 vationem
2151 706 2234 752 est
2275 698 2592 767 conjuncta.

1913 787 2075 842 Vens.
2120 788 2212 845 27.
2255 789 2389 844 Mihi
2436 803 2608 845 autem
2651 792 2921 847 ad/twrere
2955 792 3061 847 Deo
3089 793 3282 846 bonum
3305 811 3402 848 est.

1836 881 1892 934 In
1927 896 2144 951 sponsae
2169 883 2432 937 nimirum
2473 899 2680 939 morem
2708 883 2819 940 Deo
2849 884 3134 956 conjungi,
3171 895 3225 941 et
3265 902 3375 941 nun

1834 987 1999 1041 quam
2030 973 2098 1026 ab
2132 987 2198 1027 eo
2228 974 2499 1044 separari.

1907 1064 2112 1121 Ponere
2160 1068 2217 1121 in
2267 1067 2492 1122 Domino
2521 1084 2661 1138 spem
2705 1086 2895 1124 meam.
2935 1071 3222 1141 Nunquam
3257 1071 3405 1126 enim

1834 1168 2098 1230 concepta
2122 1175 2217 1230 spe
2248 1160 2547 1218 frustratus
2578 1176 2723 1226 sum,
2753 1163 2973 1233 quoties
2995 1163 3049 1217 in
3073 1177 3140 1218 eo
3169 1163 3403 1232 speravi.

1833 1250 2043 1307 Bonum
2075 1253 2243 1325 igitur
2266 1261 2430 1324 atque
2463 1255 2595 1311 utile
2633 1263 2738 1320 est,
2775 1256 2852 1309 ita
2884 1256 3083 1311 facere.

1905 1428 2069 1485 Vens.
2101 1431 2194 1486 28.
2230 1431 2301 1486 Ut
2342 1437 2650 1488 annuntiem
2683 1453 2858 1489 omnes
2901 1437 3230 1491 laudationes
3285 1447 3403 1491 tuas

1831 1523 1886 1574 in
1939 1524 2108 1590 portis
2140 1525 2271 1593 ﬁlia:
2305 1523 2462 1582 Sion.
2499 1525 2571 1580 Ut
2617 1535 2709 1581 tua
2764 1543 2993 1583 securus
3038 1532 3402 1599 protectiene.

1830 1628 2049 1667 narrem
2081 1613 2350 1669 mirabilia
2384 1618 2566 1671 omnia
2594 1659 2608 1683 ,
2646 1633 2768 1687 qum
2809 1618 2984 1674 fecisti
3029 1620 3187 1676 laude
3223 1623 3404 1691 digna.

1828 1704 1925 1759 Vel
1966 1705 2102 1763 alias
2136 1724 2149 1760 :
2183 1707 2250 1763 Ut
2282 1708 2507 1785 scriptis
2556 1711 2692 1765 meis
2744 1712 2932 1767 laudes
2997 1728 3092 1768 eas
3141 1728 3406 1783 exponas,

1827 1813 1950 1866 qua:
1976 1799 2074 1853 tibi
2107 1800 2394 1856 debentur.
2443 1800 2641 1857 Omnes
2686 1812 2868 1858 autem
2903 1804 3048 1867 idco,
3088 1805 3246 1867 dixit,
3273 1820 3407 1875 quo-

1830 1893 1976 1945 niam
2033 1892 2126 1946 Dei
2164 1892 2354 1949 laudes
2385 1901 2466 1948 tot
2490 1901 2640 1957 sunt,
2673 1901 2806 1964 quot
2839 1894 2959 1964 ejus
2998 1895 3253 1964 potentiae
3295 1912 3308 1960 ;
3349 1904 3408 1948 ut

1826 1989 2134 2040 annuntiem
2193 1995 2371 2039 autem
2427 2001 2522 2041 eas
2559 1987 2614 2039 in
2660 1987 2828 2053 portis
2891 1986 3041 2053 Sion,
3101 1987 3156 2042 id
3204 1998 3286 2041 est
3351 1987 3407 2041 in

159 2074 272 2136 λαις
286 2071 398 2139 τῆς
422 2069 598 2135 Σιὼν,
617 2071 739 2141 ῆτοι
764 2071 862 2141 τῆς
898 2069 1280 2140 Ἰερουσαλήμ.
1310 2067 1590 2136 Διώνυμος
1614 2065 1717 2136 γὰρ

1835 2078 2008 2143 portis
2042 2077 2369 2132 Jerusalem.
2413 2075 2621 2146 Duplici
2662 2078 2806 2132 enim
2866 2080 3090 2134 nomine
3135 2080 3407 2150 appellata

157 2163 348 2225 ἡπόλις
372 2163 536 2226 αὕτη,
564 2165 626 2216 οὐ
667 2164 826 2234 μόνον
858 2161 1241 2232 Ἰερουσαλὴμ,
1280 2159 1417 2213 ἀλλὰ
1462 2158 1558 2212 καὶ
1589 2157 1728 2210 Σιὼν

162 2256 249 2307 ἀπὸ
267 2255 359 2308 τοῦ
385 2256 780 2324 γειτνιάςοντος
801 2255 960 2326 ὅρους
984 2252 1526 2324 προσονομαζομένη.
1557 2249 1730 2318 Θυγά-

158 2361 245 2416 τηρ
269 2347 327 2400 δὲ
344 2348 480 2401 Σιὼν
497 2348 686 2420 αὓτηή
717 2346 856 2401 Σιὼν
882 2347 1118 2416 λέγεται,
1153 2346 1228 2409 ὡς
1254 2345 1380 2408 Υἱὸς
1431 2343 1721 2414 ἀνθρώπου

160 2438 490 2507 ὁᾶνθρωπος,
516 2439 640 2494 καθ’
675 2441 965 2510 Ἐϐραῖκδν
993 2439 1210 2508 ἰδίωμα.
1234 2434 1471 2490 Εἰώθασι
1495 2435 1554 2488 δὲ
1567 2435 1723 2504 παρὰ

160 2534 258 2594 ταῖς
286 2518 486 2594 πύλαις
513 2532 615 2602 τῆς
645 2532 856 2595 πόλεως
886 2531 980 2585 καὶ
1035 2529 1129 2583 τοῦ
1177 2528 1309 2584 ναοῦ
1367 2525 1718 2595 συνεδριάξε-

161 2622 267 2677 σθαι
302 2627 397 2677 καί
431 2624 766 2694 διηγεῖσθαι.
814 2624 1208 2694 Ἀναγωγικῶς
1256 2623 1313 2676 δὲ
1361 2622 1530 2676 πύλαι
1576 2618 1718 2673 Σιὼν

159 2715 202 2766 αἱ
227 2717 362 2770 κατὰ
398 2716 567 2770 τόπον
609 2717 934 2788 Ἐκκλησὶαι
965 2732 978 2748 ’
1013 2716 1083 2769 δι’
1125 2714 1307 2770 αὐτῶν
1352 2713 1464 2783 γὰρ
1521 2711 1719 2766 εῐσεισί

158 2825 227 2872 τις
248 2811 326 2873 εἰς
357 2810 454 2881 τὴν
477 2810 591 2864 ἄνω
629 2811 945 2882 ἰερουσαλή
956 2828 1017 2881 μ.

1833 2178 1918 2223 cst
1980 2184 2041 2223 ea
2101 2168 2295 2222 civitas
2331 2206 2345 2228 ,
2378 2166 2687 2222 Jerusalem
2746 2167 3027 2230 nimirum,
3073 2181 3128 2224 et
3178 2169 3332 2234 Sion,
3374 2187 3406 2225 a

1829 2261 2013 2317 vicino
2065 2271 2272 2317 monte.
2336 2261 2440 2315 Per
2493 2259 2661 2314 ﬁliam
2703 2271 2882 2316 autem
2925 2261 3080 2327 Sion,
3115 2263 3233 2332 ipsa
3274 2264 3405 2318 Sion

1831 2352 2174 2422 intelligitur,
2197 2352 2652 2422 quemadmodum
2683 2367 2780 2420 per
2809 2351 3006 2406 Filium
3033 2353 3270 2409 hominis
3289 2355 3434 2422 instr-

1829 2443 2018 2507 bomo,
2050 2442 2208 2512 juxta
2256 2441 2584 2497 llebraicum
2637 2442 2857 2497 idioma.
2915 2441 3175 2498 Solebant
3217 2454 3402 2500 autem

1831 2533 2045 2604 antiqui
2095 2534 2254 2602 juxta
2283 2533 2525 2588 civitatis
2565 2543 2657 2587 aut
2687 2535 2872 2604 templi
2915 2547 3122 2604 portas,
3170 2538 3403 2592 concilia

1826 2641 1894 2684 ae
1921 2636 2099 2685 cretus
2131 2629 2412 2683 hominum
2447 2643 2797 2698 congregare,
2835 2638 2890 2684 et
2926 2630 3033 2683 illis
3063 2647 3405 2703 quaecunque

1828 2734 1968 2773 nova
2023 2719 2412 2790 contingebant
2474 2733 2722 2773 narrare.
2780 2717 2944 2774 Juxta
2979 2735 3252 2792 anagogen
3307 2739 3402 2792 per

1825 2819 2013 2879 portas
2068 2809 2228 2877 Sion,
2281 2811 2644 2875 particulares
2701 2809 2972 2867 Ecclesias
3029 2813 3401 2884 intelligimus,

159 2917 260 2971 qua:
277 2905 336 2958 in
352 2905 513 2960 variis
544 2916 673 2960 sunt
703 2905 851 2962 orbis
871 2904 1136 2976 partibus.
1152 2902 1256 2958 Per
1283 2918 1376 2959 eas
1393 2903 1592 2959 etenim
1614 2912 1668 2956 ut
1693 2917 1789 2972 per
1819 2913 2004 2974 portas
2025 2904 2291 2976 quasdam
2323 2905 2662 2975 ingredimur
2680 2906 2733 2959 in
2752 2920 3047 2974 supernam
3072 2905 3399 2967 Jerusalem-

573 3000 893 3067 Συνέσεως
920 2998 1000 3064 τῷ
1033 2999 1254 3068 Ἀσάφ.

693 3096 989 3150 ΨΔΛΜΟΣ
1032 3095 1152 3149 Ol".

218 3185 346 3256 Περὶ
371 3185 465 3256 μὲν
491 3183 586 3239 τοῦ
629 3186 800 3255 Ἀσὰφ
841 3185 1082 3256 εἴρηται.
1128 3185 1442 3252 Συνέσεως
1491 3184 1570 3251 δὲ,
1635 3184 1721 3238 ὅτι

160 3273 225 3327 εει
256 3276 519 3340 συνέσεως
546 3279 661 3340 τοῖς
713 3278 1130 3348 ἐντυγχάνουσι.
1176 3278 1313 3348 Περὶ
1363 3277 1473 3348 γὰρ
1514 3277 1612 3346 τῆς
1655 3277 1720 3330 ὲκ

168 3364 436 3435 Ῥωμαίων
463 3367 782 3430 τελευταίας
819 3367 1075 3430 ἁλώσεως
1125 3365 1236 3419 τῶν
1299 3363 1715 3437 Ἰεροσολύμων,

2208 2996 2584 3068 Intelligentire
2644 2999 2748 3066 ipsi
2814 2999 3019 3068 Asaph.

2317 3087 2644 3144 PSALMUS
2706 3087 2939 3147 LXXIII.

1898 3183 1973 3238 De
2018 3182 2204 3254 Asaph
2249 3181 2376 3237 alibi
2407 3183 2615 3236 dictum
2654 3189 2761 3235 est.
2819 3181 3193 3253 Intelligentire
3220 3197 3398 3242 autem

1825 3276 1954 3331 ideo
1983 3275 2148 3337 dixit,
2174 3272 2305 3344 quia
2331 3273 2505 3326 multa
2533 3272 2726 3328 lectori
2761 3287 2900 3342 opus
2919 3282 3002 3330 est
3022 3275 3400 3346 intelligentia.

1827 3369 1900 3423 Ea
1933 3369 2078 3422 enim
2112 3367 2168 3420 in
2198 3367 2300 3419 boc
2329 3363 2538 3433 psalmo
2558 3371 2886 3428 tractantur,
2917 3380 3038 3434 quae
3060 3367 3127 3420 ad
3151 3369 3397 3424 ultimam

160 3456 411 3521 διέξεισιν.
444 3459 506 3511 ΕΞ
541 3459 652 3528 γὰρ
676 3459 771 3511 καὶ
803 3459 908 3528 πρὸ
942 3458 1050 3510 τῶν
1105 3456 1402 3526 Ῥωμαίων
1442 3456 1717 3528 διαφόρως

1832 3460 2137 3517 Iudaeorum
2173 3457 2579 3526 captivitatem,
2617 3463 2780 3524 atque
2813 3456 2879 3510 ad
2913 3456 3061 3516 illam
3097 3459 3399 3517 Jerusalem

161 3549 410 3614 ἑάλωσαν,
435 3550 555 3604 ἀλλ’
589 3551 744 3604 οὐδὲν
769 3551 983 3602 τοιοῦτο
1021 3550 1160 3614 τέως
1196 3548 1558 3614 πεπόνθασιν,
1608 3543 1722 3602 οἷον

160 3643 410 3713 ἀποϐολὴν
452 3644 702 3713 διηνεκῆ,
740 3644 1070 3714 ἐμπρησμὸν
1099 3643 1198 3696 τοῦ
1227 3643 1379 3706 ναοῦ,
1409 3643 1507 3696 καὶ
1555 3642 1724 3696 κατά-

159 3730 292 3785 λυσιν
322 3735 529 3800 οἰκιῶν,
565 3738 660 3789 καὶ
683 3736 922 3805 παντελῆ
957 3735 1246 3806 πόρθησιν.
1281 3733 1394 3788 Κα)⁸
1441 3735 1502 3787 τὸ
1555 3751 1724 3802 φανε-

163 3824 280 3890 prius
290 3843 400 3895 ρον,
425 3827 546 3880 οὐδὲ
575 3828 861 3898 προφήτης
889 3828 947 3881 ἐν
989 3827 1173 3890 αὐτοῖς
1194 3828 1272 3890 εἰς
1292 3826 1494 3897 τὺὲξῆς
1515 3826 1721 3880 ἐπέλειυ

157 3915 261 3984 ψεν.
279 3919 658 3988 Ἀπαγγέλλων
674 3921 729 3973 δὲ
746 3923 772 3973 ό
789 3920 1004 3990 ψαλμδς
1026 3920 1123 3984 τὰς
1136 3921 1246 3972 τῶν
1284 3901 1554 3975 Ἰουδαίων
1580 3938 1642 3974 συ
1651 3938 1718 3990 μ-

170 4011 321 4080 φορὰς
353 4012 890 4081 εὑαγγελίζεταικαὶ
930 4013 1028 4082 τὴν
1076 4013 1349 4083 ἡμετέραν
1411 4011 1714 4084 σωτηρίαν.

1822 3547 2259 3605 destructionem
2299 3547 2597 3616 pertinent,
2621 3559 2742 3614 quze
2780 3559 2809 3597 a
2839 3545 3097 3603 Romanis
3130 3547 3272 3605 facta
3293 3562 3398 3607 est.

1821 3643 1959 3699 Nam
1991 3643 2094 3697 etsi
2135 3650 2293 3696 antea
2325 3654 2355 3694 a
2383 3639 2550 3694 variis
2582 3637 2789 3692 fuerint
2816 3655 3189 3710 saepenumero
3220 3649 3398 3715 capti-

1822 3738 1935 3794 vati
1964 3734 2302 3796 nationibus,
2324 3745 2605 3799 nunquam
2631 3736 2986 3784 tamentanta
3023 3733 3126 3798 eis,
3161 3745 3220 3787 ut
3244 3743 3397 3796 tunc,

1827 3825 2030 3881 accidit
2083 3821 2390 3878 calamitas.
2443 3819 2579 3876 Nam
2635 3831 2687 3875 et
2735 3822 2790 3875 in
2831 3831 3149 3892 perpetuum
3202 3823 3400 3895 abjeeti
3479 3873 3485 3878 .

1828 3926 1981 3981 sunt,
2011 3924 2066 3972 et
2096 3913 2383 3968 incensum
2410 3919 2498 3965 est
2528 3911 2812 3980 templum,
2864 3919 2919 3965 et
2957 3911 3252 3967 destructa:
3307 3914 3400 3968 do-

1827 4027 1972 4077 mus,
2039 4017 2094 4063 ct
2135 4003 2320 4059 omnia
2382 4002 2754 4072 depopulata,
2823 4003 3078 4073 quodque
3130 4005 3399 4060 malorum

165 4111 387 4163 oumium
415 4109 562 4164 illius
595 4110 771 4179 gentis
794 4110 1099 4165 evidentius
1132 4111 1349 4181 signum
1377 4120 1482 4176 est,
1520 4113 1703 4169 nullus
1739 4105 2164 4179 deincepsinter
2191 4115 2286 4156 eos
2327 4098 2599 4168 Propheta
2618 4097 2846 4152 exstitit.
2887 4097 3025 4152 Illud
3059 4108 3236 4155 autem
3276 4101 3400 4155 ani-

167 4199 588 4253 madvertendum
609 4208 712 4264 εει,
741 4200 884 4270 quod
913 4203 1040 4253 dum
1064 4201 1150 4257 bie
1173 4202 1415 4271 psalmus
1433 4201 1745 4258 Iudaeorum
1770 4199 2060 4257 annuntiat
2088 4195 2448 4253 calamitates,
2470 4189 2708 4244 ﬁdelium
2730 4205 2834 4243 una
2865 4191 3111 4258 praedicit
3136 4193 3396 4247 salutem.

223 4293 343 4345 Ἵνα
374 4293 446 4354 τί,
499 4294 533 4345 ό
588 4291 754 4356 Θεὸς,
803 4289 1023 4345 ἀπώσω
1045 4294 1133 4357 εἰς
1179 4293 1388 4359 τέλος;
1421 4293 1583 4346 Ὠστε
1618 4309 1710 4362 γε-

161 4382 413 4450 ⁸τενημιένα
447 4382 547 4450 μὲν
581 4380 839 4449 προλέγει
869 4381 938 4434 τὰ
973 4381 1238 4448 μέλλοντα
1287 4383 1437 4452 νόμῳ
1494 4399 1714 4452 προφη..

161 4472 313 4534 τείας.
373 4471 552 4535 Ἀξιον
607 4471 664 4524 δὲ
741 4471 1018 4540 θαυμάσαι
1083 4469 1182 4538 τὴν
1239 4471 1555 4542 ἀγαθότητα
1615 4471 1712 4524 τοῦ

162 4562 301 4629 θεοῦ,
328 4565 432 4630 ὅτι,
467 4564 730 4635 προειδὼς
756 4563 855 4634 τὴν
891 4563 1163 4616 Ἰουδαίων
1203 4563 1511 4630 ἀπείθειαν,
1564 4564 1713 4632 ὅμως

160 4657 218 4725 τῇ
249 4659 540 4728 προῤῥήσει
573 4656 681 4708 τῶν
713 4657 986 4726 ἐσομένων
1015 4655 1312 4726 συμφορῶν
1377 4657 1711 4725 ἀποτρέπειν

161 4747 332 4811 αὐτοὺς
367 4749 623 4818 πειρᾶται
668 4747 768 4818 τῆς
802 4747 1080 4815 ἀσεϐείας,
1129 4751 1227 4801 καὶ
1267 4748 1364 4819 τῆς
1416 4749 1557 4802 κατὰ
1613 4746 1708 4800 τοῦ

1887 4289 2054 4344 VERS.
2088 4285 2140 4338 1.
2176 4281 2394 4352 thut'd,
2434 4281 2597 4345 Deus,
2633 4281 2871 4347 γεραιᾶςιὶ
2919 4281 2972 4332 in
3013 4281 3169 4348 ﬁnem
3199 4286 3223 4337 ?
3265 4283 3395 4336 Ριό-

1813 4385 2102 4455 phetarum
2138 4390 2312 4437 more,
2349 4380 2557 4434 narrat,
2588 4382 2647 4424 ut
2684 4371 2795 4439 jam
2825 4371 2986 4434 facta,
3034 4388 3155 4439 quae
3206 4372 3393 4428 futura

1812 4484 1991 4528 erant.
2035 4471 2270 4539 Dignum
2306 4475 2390 4518 est
2423 4472 2604 4515 autem
2638 4470 2698 4514 ut
2728 4460 3064 4515 admiremur
3087 4462 3386 4518 bonitatem

1815 4569 1930 4629 Dei,
1969 4567 2060 4635 qui
2090 4559 2460 4616 calamitatum
2483 4553 2831 4623 przedicﬁone
2863 4569 2892 4606 a
2922 4564 3068 4608 tanta
3098 4555 3220 4611 illos
3250 4555 3395 4612 nite-

1813 4659 1976 4713 batur
2009 4653 2218 4710 saavitia
2251 4659 2418 4717 atque
2439 4646 2722 4715 impietate
2752 4653 3018 4711 avertere,
3051 4661 3158 4717 qua
3199 4648 3396 4704 adver-

1815 4766 1912 4806 sus
1962 4749 2302 4805 Salvatorcm
2363 4749 2512 4802 usuri
2539 4755 2715 4810 erant,
2775 4745 2988 4801 tametsi
3049 4747 3120 4800 ob
3177 4747 3391 4803 arbitrii

161 4840 384 4912 Σωτῆρος
422 4841 739 4911 μιαιφονίας
763 4858 776 4871 ο
809 4841 857 4892 εί
895 4841 990 4893 καὶ
1019 4840 1111 4892 διὰ
1140 4839 1198 4892 τὸ
1230 4839 1580 4903 αὐτεξούσιον
1609 4839 1708 4905 τῆς

1838 4841 2143 4904 iber-tatem,
2173 4855 2334 4907 quam
2361 4836 2725 4892 bominiDeus
2753 4833 3017 4900 dedit,illi
3051 4838 3104 4891 in
3129 4841 3394 4907 pravitate

163 4933 362 5002 γνώμης
413 4932 806 5002 ἀνεπίστροφοι
875 4934 1244 5002 μεμενήκασι.
1291 4931 1598 5000 Φθέγγεται
1651 4934 1709 4984 δὲ

162 5025 271 5088 τοὺς
331 5026 520 5094 λόγους
575 5027 603 5078 ό
660 5024 966 5094 προφήτης,
1028 5024 1354 5094 ὑπεραλγῶν
1413 5023 1507 5076 τοῦ
1555 5022 1708 5091 λαοῦ,

160 5113 380 5170 οἴκτιστα
425 5120 519 5170 καί
550 5115 886 5169 ἐλεεινότατα
941 5114 1291 5178 πεπονθότος.
1326 5115 1396 5166 "il
1427 5116 1522 5168 καὶ
1546 5131 1713 5184 προσ-

160 5202 279 5274 ώπῳ
333 5207 438 5259 τῶν
488 5206 870 5277 συνετωτέρων
926 5203 1097 5256 ταῦτα
1167 5205 1354 5274 φησίν.
1425 5205 1539 5258 Οὐκ
1587 5202 1712 5258 εἷπε

156 5295 209 5347 δὲ
243 5297 468 5352 Ἀπώσω
497 5298 680 5367 μόνον,
708 5296 844 5351 ἀλλὰ
878 5297 972 5349 καὶ
997 5295 1304 5362 Εἱςτέλος
1329 5312 1342 5326 ⁸
1387 5297 1414 5349 ὃ
1439 5299 1539 5367 τὴν
1573 5315 1710 5350 παν-

158 5387 274 5459 τελῆ
300 5392 497 5445 τούτων
537 5389 922 5460 ὲγκατὰλειψιν
955 5389 1127 5461 δηλοίο
1171 5393 1434 5460 πρότερον
1470 5390 1570 5461 μὲν
1599 5392 1708 5459 γὰρ

159 5477 409 5536 ἀπωθεῖτο
438 5485 658 5547 αὐτοὺς,
689 5484 788 5536 οὐκ
827 5483 910 5544 εἰς
949 5481 1100 5544 τέλος
1157 5481 1238 5544 δὲ,
1285 5482 1422 5535 ἀλλὰ
1464 5483 1554 5536 διὰ
1603 5482 1710 5535 τῶν

162 5577 431 5647 προφητῶν
461 5576 655 5648 χρόνον
682 5575 844 5646 ῥητὸν
877 5574 1076 5648 ὥριζεν
1111 5574 1316 5646 ἑκάστῃ
1351 5575 1555 5628 τούτων
1585 5577 1712 5646 αἰχ-

168 5665 414 5741 μαλωσίᾳ.
463 5671 538 5723 Τὸ
583 5669 651 5735 δ’,
684 5669 810 5724 Ἵνα
841 5669 918 5734 τί,
951 5668 1098 5722 δοκεῖ
1151 5666 1249 5736 μὲν
1296 5659 1588 5720 πευστικδν
1636 5663 1714 5719 εἶ-

1820 4949 1920 4988 sua
1954 4931 2328 4987 imnmtabiles
2353 4930 2713 4999 perstiterint.
2750 4928 2860 4984 Hos
2899 4928 3062 4984 etiam
3113 4946 3394 4985 sermones

1819 5037 2038 5078 summo
2095 5038 2219 5077 cum
2290 5023 2478 5076 dolore
2531 5021 2801 5091 Propheta
2874 5021 3142 5086 enuntiat,
3208 5021 3394 5090 populi

1817 5117 1990 5170 vicem
2015 5116 2261 5186 plorans,
2294 5115 2388 5185 qui
2419 5115 2740 5184 gravissima
2777 5114 3024 5183 qumdam
3070 5128 3134 5166 ac
3169 5114 3396 5168 misera-

1820 5208 1952 5264 bilia
1987 5221 2186 5276 passus
2242 5215 2381 5261 erat.
2410 5205 2715 5260 Possumus
2750 5204 2907 5258 aliter
2939 5203 3241 5273 intelligere
3280 5202 3396 5257 base

1805 5303 1994 5366 verba,
2028 5309 2088 5356 ut
2116 5315 2179 5355 ex
2207 5299 2618 5369 prudentiorum
2643 5294 2955 5349 Judzeorntn
2993 5308 3223 5362 persona
3242 5292 3388 5346 dicta

1810 5395 1920 5450 sint
1969 5414 1983 5448 :
2021 5409 2122 5447 nec
2158 5398 2373 5445 tantum
2426 5387 2707 5459 Repulisti,
2748 5386 2904 5450 dicit,
2939 5383 3032 5438 sed
3101 5382 3165 5436 In
3229 5385 3387 5453 ﬁnem

1811 5485 2078 5555 repulisti,
2114 5482 2260 5552 quod
2289 5477 2658 5534 omnimodam
2697 5491 2924 5547 prorsus
2955 5474 3386 5529 destructionem

1815 5580 2107 5650 signiﬁcat.
2133 5573 2270 5629 Nam
2305 5571 2410 5629 etsi
2457 5571 2616 5642 prius
2650 5584 2748 5625 eos
2781 5583 2922 5639 saepe
2943 5569 3244 5639 repulerat,
3276 5583 3388 5624 non

1815 5678 1997 5722 tamen
2032 5671 2089 5721 in
2114 5665 2294 5720 linem.
2324 5660 2634 5728 Unicuique
2661 5659 2807 5714 enim
2835 5659 3139 5730 captivitati
3175 5670 3387 5715 certum

1464 5762 1663 5823 Variae
1699 5761 2027 5826 lectiones.

230 5862 332 5933 (7|)
359 5863 561 5935 Repete
589 5865 793 5930 ἀγαθόν
826 5865 966 5920 ἐστι.
