3862 6542
168 404 254 469 761

1335 382 1732 468 consitam.
1775 406 1851 466 lN
1897 409 2269 471 PSALMOS.

3302 408 3421 473 ’Ξίῑῖ

220 524 489 592 'Arda'ta,
519 526 553 578 ὁ
577 524 746 591 Θεὸς,
766 524 1025 580 δίκασαν
1054 523 1166 591 τὴν
1194 524 1373 592 δίκην
1400 542 1540 599 σου.
1586 524 1720 595 Δίκη

1901 529 2065 585 Vens.
2105 528 2199 584 9.2.
2229 528 2496 599 Exsurge,
2538 527 2697 594 Deus,
2746 529 2933 599 iudica
2966 544 3189 584 causam
3238 540 3415 585 tuear.

168 620 263 691 γὰρ
292 618 524 688 συνέστη
587 617 755 687 μέσον
798 617 893 671 σοῦ
943 617 1178 671 καὶτῶν
1229 598 1541 689 ἐχθρῶν,’ἡ
1593 619 1723 686 περὶ

170 715 380 784 ὖῆρεως.
430 714 547 767 Οὐκ
597 713 758 784 ἢρκει
803 712 914 784 γὰρ
966 712 1153 774 αὐτοῖς
1193 713 1225 781 ἡ
1272 711 1416 765 κατὰ
1457 712 1550 764 τοῦ
1576 709 1722 764 ’λαοῦ

172 808 337 879 μανία,
373 805 510 859 ἀλλὰ
537 807 764 876 προσέτι
811 807 906 858 καὶ
946 804 1007 857 σὲ
1031 803 1333 871 διέϐαλλον,
1387 804 1461 866 ὡς
1491 801 1719 873 ἁσοενῆ.

167 903 227 957 ἰι
255 903 339 956 καὶ
371 900 549 964 ἄλλως
570 912 585 928 ⁸
633 900 699 953 Ἡ
722 900 816 952 τοῦ
852 899 984 953 λαοῦ
1012 916 1106 952 σου
1146 899 1270 968 δίκη
1301 898 1370 969 σή
1403 898 1576 953 ὶστιν.

223 1169 526 1236 Μνήσθητι
574 1170 684 1224 τοῦ
732 1168 1079 1237 ὀνειδισμοῡ
1133 1185 1254 1224 σου
1297 1170 1402 1224 τοῦ
1454 1170 1720 1240 ἄφρονος

164 1264 299 1327 tiqu
331 1263 444 1329 τὴν
474 1263 728 1331 ἡμέραν.
795 1264 1041 1331 Ἀ’,ορονα
1108 1263 1201 1315 τὸν
1227 1262 1388 1315 Τίτον
1412 1261 1510 1315 καὶ
1539 1262 1720 1314 πάντα

165 1358 486 1424 στρατιώτην
530 1356 700 1410 αὐτοῦ
754 1357 929 1411 καλεῖ.
962 1357 1074 1409 Καὶ
1096 1356 1358 1426 ἀνωτέρω
1383 1354 1440 1408 δὲ
1471 1355 1719 1424 εἴρηκεν,

162 1450 230 1499 ὅτι
258 1447 358 1501 Kal
391 1448 543 1513 λαὸς
573 1447 783 1516 ἄφρων
822 1447 1137 1515 παρώξυνε
1170 1448 1238 1501 τὸ
1262 1444 1452 1515 ὄνομά
1471 1460 1612 1501 σου.
1648 1475 1720 1485 -

169 1540 261 1594 Τοῦ
309 1541 657 1609 ὀνειδισμοῦ
710 1542 769 1594 δὲ
810 1540 906 1595 τοῦ
964 1541 1121 1607 ὅλην
1153 1539 1269 1609 τὴν
1310 1540 1561 1609 ἡμέραν.
1596 1539 1721 1593 ἀντὶ

162 1634 239 1686 τοῦ
269 1635 374 1687 Ἀεὶ
404 1636 724 1705 γινομένου.

219 1725 307 1793 Μὴ
341 1726 603 1798 ἐπιλάοῃ
631 1725 742 1794 τῆς
769 1724 975 1795 φωνῆς
1003 1725 1122 1779 τῶν
1143 1724 1391 1780 οἰκετῶν
1414 1741 1556 1780 σου.
1595 1724 1723 1779 Τῶν

163 1819 490 1873 ἱκετευόντων
533 1838 591 1872 σε
641 1820 783 1872 κατὰ
811 1820 900 1873 τὸν
949 1820 1143 1888 καιρὸν
1176 1821 1408 1878 ἐκεῖνον.
1447 1818 1525 1880 ὡς
1573 1818 1710 1889 ἔφη·

165 1914 412 1983 μεν.Τιν5ι
469 1915 527 1968 δὲ
580 1914 690 1968 τῶν
740 1914 1116 1985 ἀντιγράφων,
1137 1912 1255 1967 τῶν
1305 1910 1521 1968 ἱκετῶν
1567 1929 1714 1979 σου,

163 2007 464 2075 γράφουσιν.

1752 1884 1793 1938 Β

230 2276 284 2332 Ἠ
317 2280 696 2345 ὑπερηφανιά
744 2276 864 2332 τῶν
906 2281 1254 2361 μισούντων
1295 2297 1369 2336 σε
1410 2281 1593 2349 ἀνέϐη
1622 2281 1734 2337 διὰ·

167 2373 466 2434 παντός.-
482 2370 707 2437 Ἀνέϐη,
740 2371 1027 2427 τουτέστιν
1051 2371 1265 2443 ὑψώθη,
1303 2373 1629 2445 ἑκορυφώθη
1649 2391 1666 2405 ·
1685 2373 1720 2445 ἦ

165 2465 314 2533 ἀνέϐη
367 2465 602 2518 ἐνώπιόν
660 2483 777 2521 σου.
843 2466 1047 2521 Σκόπει
1081 2467 1140 2521 δὲ
1193 2469 1343 2531 ὅπως
1370 2468 1599 2538 οὐδεμία
1635 2485 1722 2532 τις

164 2559 362 2626 ἀγαυῶν
387 2558 693 2626 ἐπαγγελία
726 2560 838 2622 τοῖς
864 2561 1051 2630 ῥητοῖς
1082 2559 1293 2618 τούτοις
1325 2560 1720 2629 ἐπισυνῆπται,

165 2652 395 2721 καθάπερ
448 2652 533 2718 ἐφ’
564 2652 772 2723 ἑτέρων
809 2650 1064 2722 ψαλμςῖιν.
1106 2651 1252 2705 Ἀλλ’
1281 2652 1425 2706 οὕτω
1450 2652 1549 2722 μὲν
1575 2652 1720 2706 κατὰ

164 2742 246 2813 τὴν
306 2743 572 2814 Ἐϐραίων
636 2745 891 2815 ἐκδοχὴν.
948 2744 1342 2814 Ἀληθέστερον
1390 2745 1447 2798 δὲ
1490 2744 1560 2799 τὰ
1611 2745 1722 2799 ἀπὸ

163 2836 242 2888 τοῦ
265 2839 444 2905 στίχου
487 2835 579 2888 τοῦ
611 2835 864 2903 λέγοντος
885 2852 899 2864 ·
926 2835 1266 2905 Εἰργάσατο
1311 2837 1616 2905 σωτηρίαν
1651 2838 1723 2891 ἐν

160 2928 308 2995 μέσῳ
332 2927 437 2995 τῆς
472 2926 604 2997 γῆς,
636 2929 733 2981 καὶ
770 2929 838 2982 τὰ
888 2929 1038 2997 ἑξῆς,
1067 2930 1148 2990 είς
1197 2930 1291 2982 τὸν
1315 2930 1548 2999 Χριστὸν
1586 2929 1722 2983 ἀνά-

162 3036 349 3086 γονται.
373 3023 584 3085 Ὄντως
610 3023 719 3091 γὰρ
736 3022 1031 3092 εἰργάσατο
1044 3023 1342 3094 σωτηρίαν,
1368 3024 1723 3096 ὲνανθρωπή-

166 3127 268 3173 σας,
298 3110 389 3164 καὶ
441 3111 544 3178 τῆς
577 3111 790 3182 πλάνης
822 3111 1202 3183 ἐλευθερώσας
1237 3114 1411 3183 ἡμᾶς,
1460 3115 1554 3168 καὶ
1587 3115 1722 3168 ὑπο-

161 3202 316 3267 δείξας
336 3203 432 3273 τὴν
457 3206 559 3266 τῆς
594 3203 870 3275 σωτηρίας
896 3205 1034 3259 ὁδόν.
1081 3205 1156 3258 Τὸ
1185 3204 1243 3258 δὲ
1291 3207 1387 3259 Ἐν
1418 3204 1590 3275 μέσῳ
1611 3206 1723 3274 τῆς
1749 3223 1793 3282 ο

164 3294 276 3362 γῆς,
308 3296 425 3349 ἀντὶ
456 3295 554 3349 τοῦ
600 3297 687 3349 Ἐν
713 3298 863 3369 πάσῃ
894 3299 958 3366 τῇ
986 3301 1079 3366 γῇ.
1122 3297 1281 3363 Τινὲς
1305 3297 1363 3352 δὲ
1394 3297 1489 3352 καὶ
1513 3298 1583 3352 τὰ
1622 3299 1719 3352 ἰε-

166 3391 417 3460 ροσόλυμα
467 3390 635 3459 μέσον
683 3392 784 3460 τῆς
838 3390 943 3460 γῆς
989 3405 1129 3458 φασι
1156 3389 1490 3444 διακεῖσθαι.
1520 3390 1721 3461 Ἐκραο

162 3484 341 3536 nimo:
403 3484 461 3537 δὲ
493 3484 591 3537 καὶ⁸
619 3482 722 3554 τὴν
757 3482 1063 3546 θάλασσαν,
1092 3485 1121 3536 ὃ
1147 3485 1265 3536 ἐστι
1283 3484 1549 3554 κραταιὸν
1575 3485 1721 3539 κατά

162 3576 255 3628 τῶν
278 3576 549 3646 δαιμόνων
587 3577 818 3644 ἐποίησε
840 3577 901 3629 τὸ
931 3574 1077 3646 ὕδωρ
1096 3576 1193 3629 τοῦ
1217 3578 1376 3645 ἁγίου
1406 3576 1721 3647 βαπτίσμα-

161 3680 258 3726 τος.
319 3665 605 3719 Θάλασσαν
635 3666 747 3736 γὰρ
771 3665 934 3718 τοῦτο
979 3668 1075 3719 καὶ
1132 3668 1379 3737 Μιχαίας
1438 3668 1720 3735 ἐκάλεσεν,

161 3759 315 3813 εἰπὼν
343 3760 477 3828 πρθις
506 3759 670 3812 Θεόψ
707 3758 1081 3826 Καταδύσεις
1097 3760 1206 3827 τὰς
1235 3763 1528 3831 ἁμαρτίας
1551 3762 1724 3832 ἡμῶν

161 3855 234 3919 εις
257 3855 323 3906 τὰ
344 3853 507 3920 ,Εάοη
537 3852 652 3921 τῆς
671 3853 1012 3922 θαλάσσης.
1039 3854 1330 3908 Θάλασσαν
1348 3856 1404 3909 δὲ
1425 3856 1503 3920 ὡς
1525 3857 1722 3910 ὑποδε-
1743 3914 1747 3919 ,

162 3950 367 4016 χύμενον
394 3947 521 4011 τοὺς
557 3947 767 4016 ῥύπους
798 3948 896 4017 τῆς
923 3948 1106 4019 ψυχῆς
1133 3949 1243 4002 τῶν
1275 3949 1717 4019 βαπτιζομένων,

163 4042 244 4094 καὶ
298 4044 366 4105 ὡς
419 4040 829 4111 ἀωκαθαῖρον·
898 4044 997 4095 καὶ⁵
1057 4042 1135 4103 ὡς
1200 4044 1459 4111 μέγιστον
1505 4043 1596 4096 διὰ
1621 4043 1722 4114 τὴν

161 4133 322 4202 χὶριν,
351 4132 534 4195 καθὼς
556 4133 591 4202 ἡ
617 4132 871 4185 θάλασσα
896 4131 988 4185 διὰ
1020 4132 1083 4184 τὸ
1111 4132 1319 4203 πλῆθος
1345 4132 1455 4186 τῶν
1485 4133 1718 4190 ὑδάτων.

162 4224 258 4277 Καὶ
276 4225 563 4295 δράκοντες
606 4227 705 4295 μὲν
755 4225 823 4278 ἂν
852 4219 964 4278 εἶεν
999 4225 1051 4277 οἱ
1070 4224 1331 4295 δαίμονες
1358 4243 1371 4257 ·
1412 4226 1633 4296 δράκων
1661 4226 1720 4278 δὲ

161 4320 185 4369 ὁ
207 4317 379 4386 ἄρχων
415 4318 599 4371 αὐτῶν
621 4317 889 4381 διάϐολος,
915 4311 991 4372 ὧν
1011 4318 1111 4380 τὰς
1136 4319 1382 4387 κεφαλὰς
1404 4317 1718 4388 συνέτριψε,

162 4409 246 4460 καὶ
263 4410 584 4463 συνέθλασεν
610 4413 667 4463 ὲν
692 4410 770 4480 τῷ
793 4410 946 4465 ὕδατι
968 4409 1065 4464 τοῦ
1086 4411 1489 4481 βαπτίσματος.
1527 4412 1720 4480 Κεφα-

162 4498 241 4550 λαὶ
266 4500 317 4552 δὲ
364 4502 575 4554 τούτων
613 4501 754 4554 εἰσὶν
791 4502 848 4554 αἱ
878 4501 1184 4572 ἁμαρτίαν
1242 4502 1302 4554 ὲν
1325 4501 1554 4566 ταύταις
1608 4502 1719 4573 γὰρ

162 4590 244 4643 τὸν
263 4591 586 4662 φθοροποιὸν
624 4593 700 4647 ἱὸν
742 4595 1426 4666 ἐναποτεοησαυρισμὲνον
1470 4596 1714 4666 ἔχουσιν.

163 4673 251 4732 Ὧν
298 4682 703 4752 διαφθαρεισῶν
754 4684 861 4737 ὑπὸ
916 4684 1010 4737 τοῦ
1060 4684 1465 4756 βαπτίσματος,
1503 4686 1718 4741 οὐκέτι

165 4771 315 4835 ζῶσιν
344 4777 398 4828 ἐν
425 4778 564 4845 ἡμῖν
600 4776 650 4827 οἱ
678 4777 915 4829 τοιοῦτοι
937 4777 1256 4848 δράκοντες.
1292 4779 1427 4832 Λαοὶ
1451 4779 1508 4832 δὲ
1533 4777 1719 4831 Αἰθιό-

1752 4563 1795 4617 D

164 4881 269 4918 πων
314 4869 361 4920 οἱ
411 4867 869 4938 μεμελανωμένοι
912 4870 1042 4939 πρὶν
1089 4869 1190 4933 τὰς
1218 4870 1396 4940 ψυχὰς
1446 4870 1525 4941 τῷ
1560 4872 1720 4941 ῥύπῳ

163 4960 248 5010 καὶ
271 4958 342 5030 τῷ
392 4959 590 5030 καπνῷ
646 4962 748 5029 τῆς
785 4962 1100 5031 ἁμαρτίας·
1137 4957 1220 5026 οἷς
1278 4963 1500 5033 βρῶμα.
1538 4965 1721 5018 εἴτουν

163 5053 547 5119 παρανάλωμα,
570 5053 818 5117 γίνεσθαι
846 5054 1048 5108 δέδωκε
1078 5054 1171 5108 τὸν
1199 5056 1396 5125 νοητὸν
1422 5058 1718 5126 δράκοντα,

166 5144 289 5207 μετὰ
318 5146 378 5198 τὸ
410 5145 700 5216 βάπτισμα
728 5147 975 5216 δηλονότι
994 5164 1008 5178 ·
1031 5148 1311 5216 ὄιέῤῥηξε
1330 5148 1411 5213 δὲ,
1442 5150 1563 5220 ἦτοι
1587 5150 1721 5203 ἀνέ-

162 5232 286 5286 δωκε
309 5238 488 5305 πηγὰς
515 5240 612 5291 καὶ
646 5241 984 5311 χειμάρρους
1028 5241 1381 5307 διδασκαλίας
1422 5261 1723 5315 πνευματι-

161 5329 254 5396 πῆς
283 5331 335 5381 ὲν
367 5333 432 5401 τῇ
468 5332 603 5401 πρὶν
643 5333 836 5403 ἐρήμῳ
888 5334 1188 5406 οἰκουμένῃ
1219 5336 1329 5389 τῶν
1380 5335 1549 5390 ἐθνῶν
1578 5354 1593 5369 ο
1617 5354 1725 5408 πη-

163 5418 256 5485 γᾶς
282 5422 374 5491 μὲν
412 5425 509 5484 διὰ
531 5424 594 5477 τὸ
621 5426 871 5490 ἀένναον,
898 5430 992 5480 καὶ
1027 5427 1290 5499 καθαρὸν,
1328 5430 1422 5483 καὶ
1455 5430 1674 5500 ἥδιστον
1697 5473 1714 5497 ,

164 5516 477 5587 χειμάρρους
529 5518 609 5582 δὲ,
638 5517 714 5582 ὡς
762 5521 821 5572 ἐν
868 5519 947 5590 τῷ
996 5519 1069 5573 λε’
1119 5521 1323 5593 ψαλμῴ
1353 5523 1714 5593 προείρηται·

164 5608 379 5676 ποταμοὶ
421 5608 478 5663 δὲ
531 5608 715 5676 Ἠθᾶμ
767 5611 915 5664 αἰὲν
966 5613 1243 5678 Ἰουδαίοις
1286 5618 1618 5685 προῖρητεῖαι
1651 5619 1708 5671 αἱ

167 5695 402 5767 ἀρχαῖαι,
445 5701 571 5754 ὅσον
611 5702 746 5772 πρὸς
784 5704 883 5767 τὰς
912 5705 969 5757 ὲν
1011 5706 1365 5777 Χριστιανοῖς
1403 5709 1563 5772 νέας·
1592 5709 1718 5783 ἐξη-

236 5876 274 5913 ⁹³
303 5880 462 5940 Μίειι.
487 5898 580 5949 vn,
627 5883 711 5940 i9.

1828 622 2012 676 Causa
2044 630 2226 676 autem
2255 636 2378 689 qua:
2418 621 2738 677 vertebatur
2771 621 2919 677 inter
2977 621 3174 688 Deum,
3204 631 3263 679 et
3297 624 3409 678 ini-

1832 717 2005 771 micos
2042 715 2341 779 Romanos,
2367 715 2435 771 de
2462 715 2798 771 contumelia
2820 717 3014 771 eratin
3041 715 3209 771 Deum
3233 716 3411 773 illata.

1830 806 2018 876 Neque
2047 809 2194 863 enim
2228 808 2337 864 illis
2368 808 2505 865 satis
2534 808 2715 864 fuerat
2745 808 2945 863 furere
2977 808 3272 863 adversum
3306 822 3409 877 po-

1830 888 2043 968 pulum,
2074 899 2169 955 sed
2216 900 2388 955 Deum
2428 899 2655 969 insuper
2685 899 2990 963 inﬁrmum,
3031 905 3197 969 atque
3231 897 3411 953 imbe-

1830 994 2012 1048 cillem
2063 993 2546 1065 improperabant.
2582 991 2678 1048 Vel
2708 993 2870 1048 aliter
2907 1008 2923 1047 :
2951 993 3188 1048 Causam
3218 991 3410 1062 populi

1831 1089 1907 1140 tui
1934 1089 2121 1143 dicere
2143 1101 2434 1156 possumus
2449 1101 2671 1141 causam
2705 1093 2875 1139 tuam.

1894 1178 2103 1234 Memor
2138 1190 2259 1236 esto
2301 1179 2571 1249 opprobrii
2623 1179 2724 1241 tui,
2762 1178 2903 1248 quod
2942 1176 3011 1231 ab
3040 1178 3320 1244 insipiente
3342 1177 3411 1247 ﬁt

1830 1284 1940 1327 tom
2009 1274 2119 1327 aie.
2184 1271 2290 1327 Pcr
2343 1272 2718 1343 insipientem,
2769 1270 2961 1325 Titum
3014 1269 3298 1340 intelligit,
3349 1276 3409 1325 et

1827 1364 2130 1432 quemlibet
2156 1378 2223 1418 ex
2261 1363 2526 1419 Romanis
2551 1363 2861 1429 militibusl,
2882 1362 3045 1418 sicuti
3069 1369 3122 1415 et
3154 1361 3417 1431 superius

1827 1455 1965 1509 dixit
2000 1471 2017 1510 :
2052 1454 2115 1508 Et
2156 1454 2385 1525 populus
2420 1455 2675 1523 insipiens
2727 1454 2963 1509 irritavit
3011 1468 3198 1507 nomen
3230 1463 3403 1507 tuum.

1829 1547 2115 1616 Opprobrii
2146 1557 2327 1603 autem
2360 1548 2441 1601 tui
2489 1555 2600 1600 tota
2624 1546 2731 1613 die,
2756 1546 2858 1601 hoc
2880 1554 2985 1609 est,
3007 1548 3150 1602 (ιιιοιι
3180 1545 3412 1603 assiduo

1827 1641 1885 1695 iit
1921 1640 2188 1697 adversus
2223 1647 2296 1695 te.

1895 1733 2063 1788 Vsus.
2091 1734 2183 1789 25.
2226 1730 2312 1787 Ne
2351 1732 2678 1787 obliviscaris
2703 1748 2851 1787 voces
2878 1747 3146 1787 servorum
3170 1740 3405 1785 tuorum.

1822 1826 1926 1892 Qui
1963 1827 2057 1881 illo
2085 1834 2332 1896 tempore
2361 1825 2461 1880 tibi
2486 1840 2675 1895 preces
2710 1825 3013 1896 porrigent,
3046 1833 3106 1879 ut
3140 1824 3404 1879 diximus.

1824 1918 2081 1985 Quadam
2111 1927 2294 1973 autem
2331 1918 2669 1987 exemplaria
2729 1933 2837 1972 nou
2875 1932 3143 1971 servorum
3176 1916 3408 1980 habent,

1824 2011 1919 2068 sed
1949 2010 2268 2079 supplicium
2324 2008 2467 2080 (orta
2524 2008 2786 2064 nimirum
2835 2009 3093 2065 lectionis
3146 2008 3413 2064 varietate

1824 2103 1896 2158 ob
1927 2100 2244 2156 Graecarum
2268 2099 2570 2155 dictionum
2605 2098 2971 2166 vicinitatem,
3013 2114 3177 2170 quam
3205 2106 3319 2152 tum
3347 2098 3408 2152 in

1824 2192 2132 2263 prolatione
2166 2191 2390 2255 habent,
2418 2200 2532 2245 tum
2569 2190 2625 2244 in
2657 2188 3010 2259 Scriptura.)

1892 2283 2154 2345 Superbia
2192 2301 2396 2348 eorum,
2424 2285 2515 2355 qui
2550 2283 2777 2339 oderunt
2807 2295 2877 2351 te,
2902 2284 3141 2339 ascendit
3177 2297 3406 2350 semyer.

1820 2410 1892 2420 —
1923 2379 2177 2434 Ascendit
2212 2392 2313 2448 pro
2330 2376 2583 2431 Exaltata
2612 2384 2720 2439 cst,
2749 2383 2913 2443 atque
2943 2376 2996 2429 in
3025 2375 3262 2430 sublime
3289 2374 3411 2429 ele-

1824 2484 1970 2527 vata.
2005 2471 2100 2527 Vel
2145 2470 2397 2528 ascendit
2421 2483 2642 2540 semper
2699 2483 2889 2526 coram
2922 2478 2996 2524 te.
3036 2466 3172 2522 Illud
3219 2474 3409 2521 autem

1823 2565 2140 2630 considera,
2175 2562 2453 2635 quomodo
2484 2564 2572 2619 bis
2599 2562 2769 2618 dictis
2803 2561 2951 2616 nulla
2987 2559 3287 2630 promissio
3310 2564 3408 2612 aut

1823 2672 1950 2726 spes
1999 2656 2270 2711 bonorum
2332 2655 2633 2725 conjuncta
2687 2662 2795 2718 est,
2852 2662 2907 2709 et
2962 2652 3111 2707 nulla
3163 2648 3409 2706 melioris

1824 2748 2063 2802 fortuna:
2093 2762 2223 2818 spes
2242 2747 2323 2802 eis
2346 2747 2499 2810 data,
2521 2744 2983 2815 quemadmodum
3018 2743 3157 2798 alias
3190 2755 3412 2813 semper

1825 2840 1881 2893 ﬁt
1917 2839 1969 2892 iu
1992 2838 2119 2893 aliis
2152 2838 2403 2909 psalmis.
2442 2836 2507 2890 Et
2551 2838 2669 2892 haec
2706 2836 2932 2906 quidem
2962 2833 3238 2904 expositio
3271 2833 3345 2885 ita
3374 2846 3405 2886 a

1825 2933 1987 2988 nobis
2021 2932 2199 2988 relata
2261 2939 2365 2995 est,
2399 2940 2565 3001 prout
2601 2932 2671 2985 ab
2702 2930 2841 3001 ipsis
2889 2929 3130 2983 traditur
3178 2925 3407 2982 ludatis.

1827 3022 2020 3078 Verior
2053 3034 2232 3079 tamen
2259 3023 2530 3092 expositio
2559 3031 2664 3084 est,
2708 3033 2769 3077 ut
2798 3020 2869 3075 ab
2919 3020 3016 3075 illo
3074 3016 3351 3073 versiculo
3390 3033 3409 3070 :

1827 3113 2091 3184 Operatus
2135 3124 2214 3167 est
2239 3114 2472 3168 salutem
2497 3115 2551 3167 in
2604 3113 2775 3167 medio
2807 3119 2985 3166 terra.
3035 3108 3257 3175 Omnia,
3287 3122 3410 3177 qua!

1825 3217 2160 3279 sequuntur,
2224 3209 2536 3263 reteramus
2575 3207 2643 3262 ad
2673 3207 2976 3271 Christum,
3015 3205 3112 3275 qui
3145 3203 3408 3259 lucarna-

1825 3304 1975 3357 tione
2011 3316 2108 3356 sua
2139 3300 2376 3356 salutem
2419 3300 2583 3355 nobis
2636 3313 2764 3355 vere
2796 3306 3061 3369 operatus
3087 3306 3197 3361 est,
3232 3310 3262 3350 a
3290 3294 3405 3366 pri-

1823 3395 1973 3448 stino
2008 3407 2110 3447 nos
2136 3405 2330 3446 errore
2380 3391 2648 3455 liberans,
2694 3398 2749 3446 et
2801 3389 3001 3444 salutis
3039 3387 3182 3442 viam
3209 3395 3409 3442 osten-

1823 3485 1983 3540 dens.
2014 3484 2083 3537 In
2114 3483 2288 3538 medio
2316 3491 2497 3537 autem
2528 3491 2708 3547 teme,
2732 3480 2785 3537 id
2803 3490 2910 3548 est,
2934 3482 2991 3535 in
3019 3481 3171 3537 omni
3213 3489 3359 3536 terra
3388 3499 3406 3536 :

1824 3574 2042 3630 tametsi
2098 3573 2271 3644 aliqui
2300 3575 2355 3627 in
2388 3574 2504 3643 ipsa
2545 3571 2858 3644 intelligant
2907 3572 3017 3629 dici
3073 3572 3408 3638 Jerusalem,

1823 3685 1989 3741 quam
2021 3669 2075 3724 in
2106 3670 2288 3725 medio
2320 3677 2485 3724 terra
2513 3669 2678 3724 sitam
2710 3681 2837 3723 esse
2883 3676 3165 3724 asserunt.
3216 3666 3408 3722 Robo-

1824 3763 1969 3819 ravit
2000 3770 2184 3819 autem
2231 3760 2495 3816 Christus
2526 3774 2698 3827 mare,
2734 3760 2830 3832 qui
2861 3759 3005 3815 sacri
3055 3758 3409 3830 baptismatis

1825 3866 2022 3928 aquam
2058 3855 2320 3921 validam,
2341 3862 2506 3925 atque
2530 3852 2807 3909 eﬂicacem
2840 3852 3110 3917 reddidit,
3138 3852 3411 3909 adversus

1823 3962 2018 4005 omnes
2067 3946 2377 4002 daemonum
2434 3953 2693 4001 conatus.
2727 3942 2865 3999 Nam
2906 3952 2961 4000 et
2996 3944 3253 4000 Michzras
3280 3960 3409 4015 pro-

1826 4038 2014 4108 pheta,
2042 4053 2196 4093 marc
2228 4037 2364 4093 illud
2391 4037 2714 4109 appellavit,
2737 4036 2806 4091 ad
2841 4036 3011 4094 Deum
3049 4038 3238 4093 dicens
3266 4055 3281 4093 :
3326 4034 3409 4091 Tu

1822 4142 2040 4202 peccata
2065 4141 2249 4186 nostra
2279 4132 2334 4185 in
2364 4130 2634 4201 profunda
2662 4134 2827 4184 maris
2858 4133 3125 4201 demerges
3159 4131 3225 4184 ⁸⁸.
3260 4131 3411 4185 Mare

1825 4233 2012 4279 autem
2073 4223 2347 4294 baptisma
2398 4221 2734 4292 appellatur,
2797 4235 2863 4275 eo
2914 4222 3061 4289 quod
3093 4223 3405 4276 animarum

1824 4319 2038 4383 Sordes,
2062 4332 2182 4387 qua:
2204 4316 2316 4371 illic
2355 4315 2732 4384 baptizantur,
2783 4314 3002 4383 recipit,
3029 4323 3085 4368 ct
3122 4316 3249 4384 quia
3280 4330 3408 4382 pur-

1825 4416 1938 4481 gat,
1975 4417 2030 4464 et
2054 4408 2184 4479 quia
2219 4422 2326 4463 non
2377 4421 2543 4463 secus
2567 4405 2873 4475 gratiarum
2905 4420 2972 4460 ac
3013 4406 3408 4462 charismatum

1824 4503 1980 4573 copia
2005 4501 2273 4565 abundat,
2308 4514 2471 4570 quam
2503 4513 2655 4552 mare
2684 4497 2959 4552 undarum
3024 4512 3087 4551 ac
3140 4497 3405 4551 ﬂuctuum

1825 4594 2206 4650 multitudine.
2268 4593 2337 4647 Et
2393 4593 2663 4647 dracones
2722 4591 2945 4661 quidem
3002 4589 3111 4646 dici
3174 4599 3408 4660 possunt

1823 4689 2121 4744 daemones.
2151 4685 2330 4739 Draco
2359 4694 2565 4748 autem,
2607 4699 2796 4739 eorum
2827 4683 3088 4753 princeps
3113 4683 3369 4739 diabolus
3389 4726 3403 4739 .

1824 4795 2059 4853 quorum
2096 4779 2302 4848 capita,
2335 4779 2438 4832 hoc
2469 4788 2573 4839 cst.
2609 4791 2844 4847 quorum
2878 4785 3109 4847 peccata
3138 4776 3410 4831 Dominus

1824 4874 2113 4936 contrivit,
2146 4881 2203 4927 et
2232 4871 2509 4942 confregit
2541 4872 2596 4925 in
2626 4885 2770 4941 aqua
2801 4869 3178 4940 baptismatis.
3207 4869 3268 4924 In
3323 4870 3411 4925 his

1770 4994 1781 5002 ο
1826 4967 2033 5022 etenim
2071 4965 2350 5036 capitibus
2382 4964 2731 5019 mortiferum
2762 4979 2930 5019 omne
2975 4964 3275 5034 repositum
3322 4972 3411 5020 est

1824 5075 2123 5114 venenum.
2155 5057 2251 5115 His
2275 5059 2446 5129 igitur
2473 5058 2774 5129 capitibus,
2812 5058 2915 5112 hoc
2948 5066 3056 5123 est,
3099 5056 3187 5112 his
3214 5071 3411 5125 pecca-

1823 5154 1895 5207 tis
1935 5167 2033 5220 per
2076 5151 2427 5222 baptismatis
2484 5164 2679 5219 aquam
2743 5149 3018 5217 perditis,
3078 5162 3141 5201 ac
3189 5147 3407 5214 deletis,

1823 5244 1960 5299 nulli
1986 5243 2228 5313 amplius
2254 5243 2307 5296 in
2336 5241 2498 5296 nobis
2521 5242 2705 5295 vivent
2727 5238 3017 5294 dracones.
3056 5238 3247 5308 Populi
3277 5253 3410 5295 vero

1823 5337 2146 5409 Ethiopum
2180 5337 2219 5391 ii
2248 5344 2400 5401 sunt,
2422 5337 2516 5405 qui
2548 5333 2782 5404 caligine
2808 5347 2871 5387 ac
2903 5332 3163 5387 sordibus
3197 5332 3406 5400 peccati

1825 5432 2039 5486 animas
2087 5429 2217 5486 olim
2279 5428 2561 5498 nigrantes
2624 5423 2897 5479 habebant
2930 5441 2944 5478 :
2979 5424 3111 5494 ipsa:
3143 5424 3403 5479 nimirum

1825 5533 2038 5596 gentes,
2066 5523 2266 5593 quibus
2292 5521 2587 5576 draconem
2615 5516 2769 5572 illum
2805 5516 2947 5572 Deus
2978 5525 3103 5587 post
3133 5516 3406 5587 baptisma

1827 5619 1882 5674 in
1923 5618 2131 5683 cibum,
2168 5617 2269 5671 hoc
2315 5622 2420 5680 est,
2466 5612 2519 5667 in
2552 5610 3034 5681 consumptiouem
3070 5609 3223 5666 dedit
3256 5627 3272 5678 ;
3308 5608 3407 5665 Di-

1828 5714 1971 5781 rupit
2001 5709 2192 5777 etiam,
2217 5708 2323 5764 hoc
2362 5714 2467 5772 est,
2519 5703 2755 5776 prasbuit
2784 5703 2930 5760 Deus
2968 5703 3176 5772 fontes,
3203 5711 3257 5761 ct
3286 5710 3405 5761 tor-
