3862 6542
148 395 250 459 765
733 447 736 450 .
1308 396 1456 458 COM
1466 398 1699 458 MENT.
1738 397 1819 456 ΙΝ
1865 400 1995 462 PSA
2006 404 2228 467 LMOS.
3296 411 3405 477 766

142 508 414 581 θαυμάσιά
456 524 585 576 σου,
644 508 733 563 ὅτε
778 508 932 564 λάϐω
990 510 1184 583 καιρὸν
1226 512 1322 566 τοῦ
1363 511 1703 582 διηγεῖσθαι,

1824 517 1933 590 Ego
1966 521 2205 575 narrabo
2238 536 2420 575 omnia
2468 519 2736 578 mirabilia
2781 530 2874 576 tua
2901 562 2918 588 ,
2968 536 3093 577 cum
3141 537 3409 594 accepero

141 600 432 665 τουτέστιν,
462 600 594 654 ὅταν
616 598 921 670 ἀπαλλαγῶ
959 600 1068 655 τῶν
1101 601 1400 674 πολεμίων.
1457 605 1711 673 Ἄμεινον

1823 620 2039 681 tempus
2066 652 2080 677 ,
2115 613 2217 667 hoc
2241 623 2324 669 est
2352 655 2366 679 ,
2415 630 2537 669 cum
2576 616 2813 685 primum
2871 616 2940 672 ab
2972 616 3211 673 inimicis
3252 617 3410 675 luero

144 695 196 748 δὲ
220 693 295 763 τῷ
324 692 452 762 ἑξῆς
485 691 659 763 στίχῳ
693 693 1124 748 συντάττεσθαι*
1174 695 1459 763 εἰσάγεται
1502 693 1613 764 γὰρ
1642 692 1711 756 ὡς

1825 704 2114 759 liberatus.
2150 704 2342 760 Melius
2373 716 2553 763 tamen
2583 707 2818 776 videtur,
2846 715 2907 762 ut
2939 709 3407 778 subsequentibus

142 785 239 841 ἀπὸ
266 784 360 838 τοῦ
394 784 634 855 Χριστοῦ
669 784 731 836 τὸ
781 785 971 855 ῥητὸν,
1000 786 1260 854 λέγοντος
1280 802 1295 817 ’
1330 786 1427 857 Μὴ
1457 785 1711 855 ὀλιγοψυ-

1822 795 2272 866 eoiijuugautur,
2309 806 2363 853 et
2409 799 2790 854 iutroduealur
2837 816 3021 856 sermo
3049 839 3066 863 .
3124 802 3287 856 veluti
3336 818 3402 857 ex

144 881 274 952 χεῖτε
304 879 436 949 περὶ
486 878 599 932 τῶν
629 879 825 935 ἐθνῶν.
860 880 1031 934 Ὅταν
1056 880 1168 953 γὰρ
1197 880 1347 935 λάϐω
1381 879 1574 951 καιρὸν
1618 881 1711 950 τῆς

1821 890 2032 944 Christi
2057 906 2318 961 persona,
2345 891 2580 947 dicentis
2614 911 2627 948 :
2654 890 2831 947 Nolite
2852 907 2976 948 esse
3005 892 3404 963 pusillanimes.

141 972 385 1043 κρεσεως,
452 971 685 1036 δικαίως
742 973 917 1043 κρινῶ
987 974 1217 1037 καὶτοῖς
1288 971 1562 1032 ἀδικοῦσι,
1620 970 1711 1025 καὶ

1821 987 1949 1054 (ιυτει
1977 1000 2101 1039 cum
2146 984 2340 1054 judicii
2396 996 2611 1055 tempus
2656 1000 2964 1055 accepero,
3014 985 3164 1053 juste
3212 999 3406 1039 omnes

150 1065 251 1125 τοῖς
278 1062 665 1131 ἀδικουμένοις
684 1077 698 1092 ⁸
727 1063 789 1115 τὸ
819 1062 897 1125 δὲ,
933 1063 1128 1127 Λάϐω,
1162 1061 1403 1131 ληπτέον
1446 1059 1711 1123 εὐσεϐῶς,

1821 1075 2098 1144 iuuicaho,
2138 1084 2248 1128 tam
2287 1090 2383 1130 eos
2418 1076 2508 1144 qui
2542 1075 2870 1139 intulerunt,
2899 1089 3065 1144 quam
3084 1089 3183 1130 eos
3204 1075 3406 1143 quibus

142 1158 210 1211 ὅτι
259 1157 316 1209 ού
356 1156 510 1227 παρὰ
559 1157 772 1227 ἑτέρου,
813 1157 950 1211 ἀλλὰ
988 1158 1122 1239 παρ’
1189 1155 1410 1224 ἑαυτοῦ,
1450 1154 1525 1218 ὡς
1559 1152 1711 1221 Gabi,

1821 1166 1968 1219 illata
1997 1175 2080 1220 est
2112 1166 2337 1236 injuria.
2377 1165 2440 1219 Et
2467 1166 2610 1236 quo]
2640 1163 2738 1226 ait,
2766 1163 3049 1234 Accepere,
3076 1178 3211 1219 sane
3241 1162 3405 1217 intel-

146 1249 284 1316 ἧκα).
320 1249 395 1312 ὡς
432 1247 904 1323 άνθρωποςιπαρά
936 1250 1036 1320 τῆς
1068 1250 1346 1323 θεότητος.

210 1518 421 1587 Ἐτὰκη
476 1519 517 1585 ἡ
546 1518 646 1590 γῆ,
698 1520 799 1573 καὶ
832 1518 1059 1587 πάντες
1104 1524 1160 1575 οἱ
1197 1521 1622 1588 κατοικοῦντες
1643 1522 1714 1576 ἐν

142 1610 295 1679 αὐτῇ.
317 1611 487 1682 Τῆξίς
503 1611 658 1664 ἔστιν
690 1612 724 1682 ἡ
753 1610 1003 1675 διάλυσις
1025 1614 1126 1684 τῆς
1154 1613 1461 1682 δυνάμεως.
1507 1613 1710 1686 Ἐτάκη

142 1700 221 1756 οὖν
249 1704 551 1775 ἐρχομένης
598 1703 699 1774 τῆς
737 1703 995 1775 κρίσεως,
1032 1706 1212 1760 εῐτουν
1262 1706 1567 1777 τακήσεται
1594 1722 1611 1739 ο
1657 1706 1711 1756 Ὀ

143 1797 379 1866 οὐρανὸς
442 1799 579 1871 γὰρ,
646 1800 802 1869 φησι,
849 1801 950 1854 καὶ
983 1801 1021 1869 ἡ
1056 1800 1131 1870 γῆ
1179 1801 1706 1869 παρελεύσονται·

145 1891 261 1945 ἀλλά
290 1894 386 1945 καὶ
432 1893 636 1956 πάντες
666 1894 715 1947 ol
762 1894 1145 1959 κατοικοῦντες
1175 1896 1234 1948 ἐν
1272 1894 1414 1966 αὐτῇ
1441 1910 1454 1925 ·
1503 1892 1709 1955 πάντες

144 1981 239 2051 γάρ
268 1982 700 2038 ἀποθανοῦνται.

211 2160 349 2230 Ἐγὼ
406 2159 750 2228 ἐστερέωσα
788 2162 933 2228 τοὺς
968 2164 1239 2228 στύλους
1278 2163 1492 2239 αὐτῆς.
1540 2163 1711 2236 Ἐμοῦ

145 2252 508 2319 κελεύσαντος,
535 2255 729 2327 ἐτάκηο
767 2255 904 2308 διότι
931 2256 988 2307 ὲν
1021 2256 1164 2327 ἀρχῇ
1188 2255 1301 2324 ἐγὼ
1330 2258 1540 2329 ταύτην
1567 2257 1714 2312 ἔκτι-

148 2361 220 2399 σα.
252 2343 441 2397 Στῦλοι
475 2344 532 2399 δὲ
587 2345 759 2414 αὐτῆς
800 2346 869 2400 τὰ
931 2348 1063 2415 περὶ
1103 2347 1481 2418 στερεωθῆναι
1539 2349 1714 2421 αὐτὴν

149 2438 552 2506 προστάγματα.
599 2437 773 2491 Τοῦτο
821 2441 931 2510 γάρ
975 2440 1160 2510 ἀνέχει
1212 2439 1311 2493 καὶ
1358 2440 1714 2508 διαϐαστάξει

147 2528 315 2598 αὖτὴν,
342 2530 436 2581 ἐπ’
464 2527 685 2616 οὐδενὸς
711 2530 1088 2601 ἡδρασμένην.
1128 2531 1288 2584 Ἐστι
1322 2532 1380 2586 δὲ
1411 2532 1505 2586 καὶ
1535 2533 1713 2599 ἄλλως

146 2625 315 2689 εἰπεῖν,
367 2623 529 2693 τῆξιν
574 2622 673 2694 τὴν
716 2622 950 2693 φθορὰν,
979 2624 1061 2677 δτι
1105 2624 1352 2696 Ἑφθάρη
1400 2626 1499 2697 μὲν
1547 2627 1582 2698 ἡ
1639 2627 1713 2698 Ὺῆ

147 2720 246 2781 tui;
274 2717 751 2790 εἰδωλολατρείαις
782 2717 879 2771 καὶ
907 2718 1028 2780 ταῖς
1050 2717 1243 2782 ἄλλαις
1280 2720 1586 2791 ἁμαρτίαις
1602 2722 1712 2775 τῶν

145 2810 468 2881 ἀνθρώπων
529 2810 649 2865 ἀλλ’
702 2809 813 2880 ἐγὼ
857 2810 1282 2882 σπλαγχνισθεὶς
1332 2813 1426 2867 ἐπὶ
1462 2817 1528 2886 τῇ
1563 2815 1715 2868 ἀπω-

145 2903 247 2975 λείᾳ
298 2903 401 2958 τοῦ
454 2904 800 2975 πλάσματος,
838 2904 1152 2973 ὲστερέωςα
1182 2908 1312 2970 τοῖς
1355 2907 1711 2973 ἀποστόλουςο

145 2997 337 3063 τούτους
408 2999 517 3069 γάρ
561 2999 852 3068 νοήσωμεν
913 2998 1146 3061 στύλους
1206 2999 1308 3069 τῆς
1361 3001 1711 3074 οἰκουμένης,

150 3088 214 3152 ῶς
283 3091 407 3151 ταῖς
463 3087 679 3140 ἑαυτῶν
734 3085 1109 3150 διδασκαλίαις
1172 3086 1562 3157 ὑπερείδοντας
1620 3089 1714 3142 καὶ

1818 1260 2091 1330 ligendutn
2127 1269 2234 1325 est,
2269 1275 2374 1313 non
2405 1262 2549 1328 quod
2582 1258 2651 1314 ab
2680 1258 2788 1312 alio
2814 1256 3069 1312 Christus
3095 1295 3113 1320 ,
3144 1264 3205 1310 ut
3238 1257 3408 1320 Deus,

1819 1361 2142 1421 accepturus
2165 1352 2234 1407 sit
2260 1360 2501 1422 tempus,
2520 1366 2686 1421 quam
2714 1365 2743 1403 a
2770 1349 2976 1420 scipso.
2991 1347 3109 1413 Vel,
3130 1355 3191 1402 ut
3217 1348 3402 1415 homo,

1816 1460 1845 1498 a
1884 1444 1994 1500 Deo
2024 1445 2136 1517 (76)
2173 1455 2386 1515 tempus
2418 1444 2668 1516 accipiet.

1890 1536 2051 1592 Vens.
2102 1537 2157 1591 4.
2216 1535 2527 1606 Liquefacta
2570 1545 2647 1590 eat
2694 1546 2879 1602 terra,
2937 1545 2987 1589 et
3047 1549 3225 1588 omnes
3253 1571 3270 1597 ,
3312 1533 3407 1596 qui

1813 1630 2054 1683 habitant
2085 1630 2137 1683 in
2166 1646 2245 1684 ea.
2280 1628 2570 1699 Liquelieri
2604 1626 2808 1683 dicitur
2834 1627 3015 1682 omnis
3042 1625 3245 1684 virtus.
3282 1638 3407 1696 quae

1814 1723 2153 1778 dissolvitur.
2181 1722 2520 1777 Adveniente
2556 1721 2725 1790 igitur
2749 1717 2957 1790 judicio
2992 1715 3291 1786 liquefacta
3317 1721 3403 1769 est

1813 1823 1983 1879 terra,
2006 1823 2056 1870 et
2082 1813 2397 1875 habitantes
2431 1827 2575 1879 eam,
2608 1811 2713 1865 hoc
2746 1818 2853 1873 est,
2883 1807 3185 1879 liqueﬁent.
3206 1804 3408 1862 Caelum

1812 1908 1982 1973 enim,
2013 1906 2214 1977 inquit,
2241 1916 2292 1960 et
2315 1914 2457 1960 terra
2491 1902 2794 1958 transibunt
2824 1903 2896 1956 “.
2929 1902 3197 1955 Praeterea
3233 1898 3398 1954 etiam

1816 2017 2008 2057 omnes
2035 2000 2347 2056 habitantes
2375 2000 2430 2055 in
2460 2013 2524 2053 ea
2555 2035 2573 2061 ,
2602 1994 2862 2068 quoniam
2883 1992 3127 2050 universi
3159 1990 3407 2046 homines

1817 2096 2151 2151 morientur.
2572 2136 2575 2139 .

1887 2189 2002 2259 Ego
2034 2187 2247 2263 ﬁrmam
2280 2185 2556 2242 columnas
2581 2183 2719 2251 ejus.
2752 2181 2836 2236 Me
2856 2179 3081 2249 iubente
3117 2174 3407 2244 liquefacta

1814 2292 1921 2348 est,
1948 2283 2212 2353 quoniam
2247 2295 2278 2335 a
2307 2277 2580 2351 principio
2608 2291 2711 2347 ego
2740 2289 2860 2329 eam
2890 2270 3097 2328 creavi.
3125 2268 3229 2324 Per
3247 2278 3407 2322 terra:

1816 2383 2001 2430 autem
2025 2373 2325 2445 columnas,
2357 2367 2490 2424 illud
2528 2367 2803 2437 Propheta
2843 2362 3172 2418 mandatum
3200 2358 3292 2414 Dei
3324 2358 3411 2413 in-

1817 2467 2031 2540 telligit,
2064 2480 2175 2537 quo
2209 2474 2375 2520 terra:
2396 2462 2616 2534 iussum
2647 2468 2733 2516 est
2765 2466 2826 2514 ut
2856 2460 3012 2512 ﬁrma
3053 2453 3406 2511 consisteret.

1816 2562 1935 2616 Hoc
1963 2559 2110 2616 enim
2145 2556 2406 2613 mandato
2448 2553 2797 2615 sustinetur,
2831 2558 2889 2605 et
2943 2547 3152 2618 regitur
3213 2552 3359 2598 terra
3387 2583 3406 2609 ,

1814 2653 1951 2710 nulli
1988 2652 2082 2708 alii
2118 2651 2197 2707 rei
2223 2649 2418 2715 innixa
2438 2655 2493 2703 et
2523 2645 2671 2701 nulla
2699 2644 2804 2698 alia
2831 2639 3054 2697 suﬁ‘ulta
3079 2637 3404 2693 stabilitate.

1814 2747 2116 2803 Possumus
2155 2744 2322 2799 etiam
2353 2756 2452 2812 per
2478 2737 2952 2810 liquefactionem,
2998 2730 3408 2801 corruptionem

1816 2838 2143 2909 intelligam.
2194 2836 2465 2903 Corrupta
2504 2841 2589 2888 est
2630 2831 2836 2885 etenim
2877 2835 3024 2884 terra
3078 2821 3412 2879 idololatriis

1815 2941 1870 2987 et
1913 2928 2316 3002 multiplicibus
2353 2925 2642 2983 hominum
2696 2920 2963 2995 peccatis.
3000 2916 3205 2974 Verum
3262 2930 3363 2984 ego
3390 2950 3407 2973 .

1815 3024 2015 3094 inquit,
2048 3030 2319 3080 creaturae
2345 3019 2711 3091 perditionem
2746 3015 3040 3072 miseratus
3067 3053 3084 3076 ,
3121 3007 3410 3078 apostolos

1816 3115 2161 3173 conﬁrmavi.
2190 3114 2305 3170 llos
2333 3112 2537 3169 etenim
2563 3110 2851 3166 columnas
2882 3104 3035 3162 orbis
3061 3118 3184 3158 esse
3217 3099 3411 3154 merito

149 3181 487 3251 στηρίζοντας
539 3181 671 3242 τοὺς
725 3180 1015 3250 ἅπανταχῆ
1102 3180 1350 3243 πιστούς.
1404 3180 1564 3235 Οὕτω
1602 3181 1711 3252 γάρ

1821 3206 2080 3270 dicimus,
2113 3204 2282 3259 veluti
2307 3203 2397 3273 qui
2426 3200 2602 3257 solida
2629 3215 2728 3255 sua
2769 3196 3020 3254 doctrina
3066 3207 3258 3249 omnes
3291 3189 3411 3243 ubi-

147 3276 316 3339 αἰτους
371 3276 470 3330 καὶ
512 3276 540 3328 ὁ
591 3275 765 3346 μέγας
820 3274 1032 3337 Παῦλος
1087 3273 1375 3342 ὠνόμασεν
1412 3274 1711 3330 εἰπών’οἱ

144 3368 446 3436 δοκοῦντες
470 3368 691 3423 στῦλοι
720 3364 897 3423 εἶναι.
914 3367 1072 3430 Τινὲς
1107 3368 1162 3421 δὲ
1182 3368 1285 3438 γῆν
1308 3369 1408 3435 τῆς
1437 3370 1712 3439 Ἰερουσα-

145 3461 243 3533 λήμ
290 3467 481 3535 φασιν,
528 3466 611 3518 ὅτι
669 3463 973 3534 τακήσεται
1042 3462 1137 3514 καὶ
1196 3460 1710 3533 πυρποληθήσεται,

148 3554 551 3627 πολιορκηθεῖσα
577 3556 682 3610 ὑπὸ
717 3555 1030 3626 Ῥωμαίων.
1050 3554 1162 3610 Καὶ
1184 3554 1329 3611 οὕτω
1349 3556 1407 3610 δὲ
1439 3558 1713 3626 στύλους

146 3644 312 3715 αὐτῆς
344 3642 472 3700 εἷπε
493 3648 618 3712 τοὺς
648 3647 1013 3713 ἀποστόλουςθ
1050 3650 1321 3727 στύλους
1354 3651 1454 3721 μὲν
1491 3651 1581 3707 διὰ
1612 3655 1713 3724 τὴν

149 3738 384 3808 ῥηθεῖσαν
421 3740 624 3803 αἰτίαν,
655 3741 848 3808 αὐτῆς
880 3741 960 3809 δὲ,
992 3741 1067 3806 ὡς
1089 3741 1148 3807 ἐξ
1163 3744 1333 3812 αὐτῆς
1354 3745 1713 3819 ὁρμωμένους

151 3831 178 3901 ἢ
232 3836 318 3887 καὶ
377 3835 463 3889 ὅτι
515 3835 657 3905 μετὰ
707 3834 765 3888 τὸ
793 3835 1028 3904 τακῆναι
1081 3836 1552 3909 στερεωθήσονται
1598 3842 1715 3905 τοῖς

152 3922 338 3989 στύλοις
382 3926 486 3996 τῆς
538 3927 798 3989 πίστεως.

1815 3312 1922 3367 que
1952 3297 2196 3368 gentium
2240 3295 2428 3350 ﬁdeles
2457 3291 2768 3349 sustineant
2797 3294 2853 3343 et
2880 3292 3092 3356 regant.
3137 3282 3252 3336 lloc
3310 3296 3411 3334 no-

1822 3390 1970 3444 mine
2017 3386 2223 3443 Paulus
2275 3386 2398 3440 illos
2451 3382 2780 3454 appellavit.
2818 3378 3010 3433 dicens
3049 3395 3064 3431 :
3117 3373 3311 3430 Petrus
3356 3382 3407 3426 et

1813 3477 2074 3542 Iacobus,
2105 3477 2197 3549 qui
2224 3476 2540 3531 videbantur
2576 3473 2836 3528 columna:
2883 3485 2999 3526 esse
3049 3469 3118 3521 ".
3168 3464 3408 3533 Quidam

1817 3580 1977 3626 terra:
2002 3569 2227 3624 nomine
2254 3566 2342 3622 hic
2373 3566 2548 3635 ipsam
2603 3561 2918 3632 intelligunt
2970 3554 3276 3628 signiﬁcari
3310 3551 3409 3609 Je-

1819 3661 2058 3718 rusalem
2095 3676 2110 3715 :
2142 3673 2306 3729 quam
2338 3655 2693 3729 liquefactam
2739 3668 2866 3709 esse
2908 3651 3146 3712 dicunt,
3197 3645 3329 3718 quia
3375 3658 3407 3697 a

1820 3751 2088 3808 Romanis
2122 3749 2387 3806 militibus
2419 3755 2656 3812 vastata,
2697 3760 2760 3801 ac
2787 3742 3122 3815 depopulata
3140 3747 3246 3795 εει.
3274 3736 3409 3806 Ejus

1824 3854 2007 3903 autem
2041 3842 2346 3902 Jerusalem
2384 3842 2674 3898 columnas
2723 3839 3009 3911 apostolos
3054 3850 3180 3892 esse
3231 3830 3410 3893 dixit,

1825 3940 1956 4008 quia
1991 3939 2145 3993 illinc
2169 3944 2329 3993 erant
2359 3934 2578 3990 oriundi
2605 3949 2624 4001 ;
2659 3931 2744 3986 vel
2775 3932 2903 4001 quia
2929 3929 3080 3985 illinc
3104 3924 3258 3981 missi
3280 3929 3415 3981 sunt

149 4020 206 4073 ad
233 4022 547 4077 universum
588 4033 857 4099 terrarum
883 4023 1070 4079 orbem
1098 4040 1115 4080 :
1139 4025 1248 4095 vel,
1268 4026 1394 4096 quia
1415 4037 1708 4101 postquam
1750 4044 1897 4093 terra
1932 4037 2026 4093 illa
2063 4033 2366 4091 Jerusalem
2407 4040 2574 4104 atque
2638 4030 2789 4086 illius
2834 4028 3173 4084 habitatores
3238 4021 3414 4094 liquo-

150 4115 254 4167 larti
284 4113 542 4180 fuissent,
568 4124 727 4170 erant
752 4115 1015 4187 deinceps
1056 4116 1179 4172 ﬁdei
1202 4120 1479 4179 columnis
1508 4140 1703 4186 rursus
1743 4130 2128 4186 conﬁrmandi.

200 4204 380 4263 Εἶπον
447 4207 572 4274 τοῖς
604 4208 1062 4278 παρανομοῦσιν
1085 4226 1100 4241 ο
1129 4208 1224 4276 Μὴ
1272 4216 1667 4286 παρανομεῖτε
1696 4236 1711 4250 ·

148 4298 231 4352 καὶ
257 4300 379 4366 τοῖς
408 4298 862 4369 ἁμαρτάνουσιν
885 4315 900 4331 ⁸
934 4299 1033 4367 Μὴ
1074 4300 1307 4369 ὑψοῦτε
1337 4303 1539 4372 κέρας.
1573 4308 1711 4381 Κρί-

1890 4220 2060 4278 Vens.
2090 4221 2146 4276 5.
2168 4219 2301 4275 Dixi
2325 4218 2521 4290 iniquis
2545 4230 2567 4273 :
2591 4216 2769 4273 Nolite
2812 4215 2994 4283 iniqua
3023 4226 3217 4280 agere;
3244 4217 3293 4264 et
3317 4205 3414 4261 de-

1813 4313 2170 4385 linquentibus
2201 4330 2215 4366 :
2243 4310 2426 4365 Nolite
2447 4309 2689 4365 exaltare
2710 4304 3054 4363 cornuaCum
3079 4302 3324 4356 futurum
3341 4298 3413 4354 sit

150 4406 290 4458 σεως,
313 4392 390 4455 ὡς
416 4392 662 4462 εἴρηται,
682 4392 943 4460 γενέσθαι
973 4392 1302 4465 μελλούσης,
1338 4398 1507 4466 φησὶν
1534 4399 1564 4451 ὁ
1583 4400 1711 4471 Προι

1821 4405 2122 4476 iudicium,
2164 4412 2223 4458 ut
2267 4402 2621 4472 praediximus
2674 4405 2783 4469 (ue
2831 4397 2978 4451 ullus
3026 4390 3416 4464 peccatoribus

149 4484 344 4556 φήτης,
392 4486 476 4539 ὅτι
535 4485 1061 4555 Διαμαρτυρόμενος
1109 4489 1222 4551 τοῖς
1268 4491 1709 4561 παρανομοῦσιν,

150 4570 281 4630 εἷπον
314 4578 500 4638 αὐτοῖς
528 4594 544 4610 ο
574 4578 671 4646 Μὴ
735 4577 1133 4647 παραγορεῖτο
1171 4594 1186 4608 ⁶

1811 4496 2189 4552 excusationis
2224 4493 2378 4549 locus
2410 4487 2798 4560 relinquatur)
2825 4528 2842 4553 ,
2883 4484 3159 4555 Propheta
3192 4489 3412 4545 narrat,

1244 4581 1343 4635 καὶ
1398 4581 1558 4647 αὖθις
1595 4589 1711 4650 τοῖς

1821 4587 2282 4660 quemadmodum
2318 4587 2437 4657 ipse
2465 4585 2684 4655 iniquos
2719 4595 2913 4638 omnes
2939 4585 3088 4635 esset
3131 4582 3413 4630 contesta-

151 4669 536 4739 ἁμαρτάνουσιν
562 4687 579 4701 ⁸
621 4669 720 4739 Μὴ
773 4671 1005 4739 ὑψοῦτε
1044 4671 1226 4743 κέρας
1253 4690 1265 4705 ’
1303 4675 1424 4746 ἦτοι
1466 4677 1541 4749 μὴ
1569 4695 1704 4732 καυ-

1821 4658 1904 4736 ius
1936 4681 2125 4736 dicens
2160 4699 2174 4733 :
2212 4679 2392 4734 Nolite
2418 4680 2597 4748 inique
2625 4691 2778 4748 agere
2804 4692 2823 4741 ;
2856 4682 2912 4729 et
2949 4685 3145 4727 rursus
3173 4677 3237 4724 ut
3283 4680 3413 4739 pec-

149 4761 317 4827 χάσθε,
342 4760 480 4833 μηδὲ
499 4760 907 4832 ὲπαίρεσθε,ὡς
924 4764 1018 4815 ἐπὶ
1038 4764 1299 4831 μεγάλοις
1322 4765 1714 4837 κατορθώμασι

150 4854 253 4916 ταῖς
290 4854 593 4925 ἁμαρτίαις
641 4853 797 4924 ὑμῶν
827 4871 840 4883 ·
867 4852 1032 4907 τοῦτο
1078 4856 1187 4925 γὰρ
1225 4857 1414 4931 ἀνοίας
1440 4858 1701 4930 ἐσχάτης.

149 4942 270 5009 Τοὺς
297 4947 493 5011 αὐτοὺς
521 4945 580 4999 δὲ
611 4944 764 5014 λέγει
799 4948 1260 5017 παρανομοῦντας
1288 4952 1385 5005 καὶ
1450 4952 1712 5023 ἁμαρτά-

147 5050 318 5099 νοντας
374 5039 443 5091 ὲκ
480 5036 854 5108 παραλλήλου.
903 5036 1187 5109 Πολλαχοῢ
1229 5041 1285 5095 δὲ
1325 5043 1433 5096 τῶν
1460 5044 1712 5115 Ψαλμῶν

147 5127 216 5189 τὸ,
236 5129 430 5197 κέρας,
460 5129 698 5196 τίθεται,
748 5131 883 5184 ποτὲ
946 5132 1046 5202 μὲν
1074 5134 1197 5187 ἀντὶ
1239 5135 1547 5207 δυνάμεως,
1578 5139 1710 5193 ποτὲ

148 5216 197 5271 δὲ
225 5221 339 5274 ἀντὶ
379 5223 708 5294 καυχήσεως
727 5241 743 5256 ο
765 5222 835 5278 τὰ
850 5223 959 5296 γάρ
994 5227 1318 5299 κερασφόρα
1363 5228 1482 5294 ζῶα
1508 5232 1567 5285 ὲν
1600 5232 1713 5296 τοῖς

147 5310 359 5383 κέρασιν
380 5315 708 5387 ἀμύνονται,
740 5315 838 5370 καὶ
870 5317 1169 5390 γαυριῶσι.

1812 4775 2094 4829 catoribus
2124 4772 2357 4830 dixisset
2388 4791 2402 4828 :
2440 4770 2621 4827 Nolite
2650 4769 2895 4824 exaltare
2917 4782 3106 4832 cornu,
3141 4764 3245 4819 hoc
3275 4769 3364 4817 est
3390 4801 3409 4823 ,

1813 4863 1988 4921 Nolite
2022 4864 2090 4920 de
2123 4864 2361 4936 propriis
2395 4865 2660 4933 peccatis,
2692 4862 2851 4933 quasi
2894 4861 2963 4915 de
2997 4856 3279 4928 praeclaris
3309 4855 3413 4908 ali-

1811 4958 2014 5029 quibus
2035 4959 2205 5030 gestis
2230 4958 2477 5028 gloriari.
2510 4956 2751 5013 Summae
2786 4954 2841 5009 id
2871 4966 3110 5023 namque
3141 4949 3412 5019 insipien-

1810 5047 1902 5104 tize
1934 5058 2038 5105 εει.
2089 5048 2323 5106 Eosdem
2371 5058 2555 5106 autem
2598 5049 2788 5119 inique
2834 5055 3062 5117 agentes
3144 5039 3409 5112 appellat.

1819 5159 1962 5213 quos
2014 5151 2070 5199 et
2122 5144 2527 5215 delinquentes.
2578 5140 2958 5198 Diversimode
2997 5146 3183 5192 autem
3232 5131 3410 5202 accipi

1820 5238 2126 5304 reperimus
2157 5255 2319 5293 cornu
2352 5239 2404 5294 in
2437 5237 2697 5294 Psalmis.
2744 5229 3060 5303 Aliquando
3104 5228 3252 5282 enim
3305 5238 3411 5298 pro

1820 5330 2064 5397 potentia
2120 5331 2350 5401 ponitur
2379 5370 2395 5395 ,
2450 5327 2748 5400 aliquando
2794 5339 2896 5396 pro
2945 5320 3302 5394 gloriatione,
3349 5326 3410 5376 et

144 5406 411 5476 iactantia.
464 5412 708 5469 Cornuta
760 5413 1034 5486 siquidem
1082 5417 1344 5475 animalia
1388 5431 1444 5477 et
1487 5431 1715 5478 strenue
1750 5427 2017 5484 cornibus
2050 5439 2269 5486 certare
2295 5428 2496 5495 solent,
2533 5434 2587 5483 et
2619 5424 2837 5481 illorum
2904 5425 3231 5476 ornamento
3290 5413 3414 5483 glo-

146 5500 288 5561 riari.

186 5678 227 5711 "
249 5676 432 5739 Matth.
459 5698 611 5751 xxxv,
645 5683 746 5739 35..
817 5684 865 5718 ’⁵
899 5683 1080 5741 Galat.
1128 5701 1192 5749 ll,
1223 5685 1281 5740 9.

1472 5783 1668 5847 Varite
1698 5784 2029 5850 lectiones.

212 5878 319 5953 (76)
344 5883 565 5944 Rectius
587 5903 620 5941 α
641 5885 941 5955 divinitate,
978 5893 1039 5941 ut
1061 5885 1271 5943 διξερε.
