3796 6556
427 413 534 477 τεῚ

1649 436 2033 499 ΕΗΤΙΙΥΜΙΙ
2061 441 2426 506 ΖΙΟΑΒΕΝΙ
3554 462 3637 527 Ίῧὸ

501 528 664 587 Vnus.
691 533 746 588 0.
781 533 960 590 Nolite
991 540 1241 596 extollere
1271 545 1324 598 in
1361 545 1529 601 altum
1562 567 1741 607 cornu
1758 567 2005 610 vestrum.

2185 562 2280 629 Μὴ
2309 562 2584 631 ἐπαίρετε
2621 569 2708 632 εὶς
2738 565 2897 637 ὕψος
2927 568 2993 624 τὸ
3023 570 3200 638 κέρας
3229 573 3410 639 ὑμῶν.
3439 578 3505 630 Τὸ
3531 582 3637 637 uini

428 621 574 676 idem
607 624 800 679 iterum
834 630 1049 699 repetit,
1083 632 1148 686 ad
1178 642 1599 697 contestatiouis
1645 660 1758 700 sua:
1802 648 2006 702 conﬁr-

429 715 752 772 matiouem.

498 804 568 858 Et
602 806 760 861 nolite
795 808 940 878 loqui
969 813 1221 871 adversus
1255 819 1419 875 Deum
1453 823 1800 892 injustitiam.
1832 826 2007 884 Verba

426 896 539 949 haec
580 898 721 952 idem
753 916 908 969 mque
937 906 1272 976 significant,
1308 914 1453 981 quod
1490 916 1579 969 illa
1623 936 1636 971 :
1677 916 2010 981 lniastitiam

425 988 481 1039 in
528 990 751 1045 sublime
795 993 962 1049 locuti
1008 1007 1133 1052 sunt
1177 1001 1264 1068 ης
1324 1003 1390 1059 de
1446 1006 1646 1075 quibus
1683 1008 1920 1066 diximus
1954 1013 2006 1066 in

424 1078 635 1145 psalmo
665 1098 833 1136 Lxxu.

508 1171 676 1232 Vsus.
731 1177 784 1231 7.
818 1179 1080 1245 Quoniam
1113 1201 1273 1257 neque
1302 1197 1368 1241 ab
1390 1206 1601 1261 egressu
1625 1210 1786 1265 neque
1814 1195 1879 1250 ab
1915 1214 2010 1252 oc-

423 1267 625 1321 cidente
649 1309 663 1332 ,
698 1286 861 1341 neque
894 1291 924 1325 a
955 1274 1178 1330 desertis
1209 1281 1497 1338 montibus.
1544 1283 1727 1341 Gloria
1754 1326 1770 1351 ,
1808 1287 2008 1359 inquit,

2111 651 2262 719 λέγει
2294 653 2458 709 πάλιν
2488 657 2568 719 εἰς
2599 655 2849 712 ἐπίτασιν
2882 658 2971 712 διὰ
3004 660 3334 733 μαρτυρίας.

2183 828 2291 882 Καὶ
2313 828 2398 898 μὴ
2441 830 2686 886 ,λαλεῖτε
2706 834 2859 887 κατὰ
2892 835 3002 889 τοῦ
3035 838 3184 890 Θευῦ
3219 839 3474 894 ἀδικίαν.
3509 845 3642 902 Τοῦτο

2112 917 2308 971 ταύτὸν
2328 918 2550 972 δύναται
2565 920 2644 991 τῷ
2673 922 2939 977 Ἀδικίαν
2963 925 3050 990 είς
3076 925 3145 979 τὸ
3168 926 3325 996 ὕψος
3347 930 3641 1003 ἐλάλησαν,

2112 1010 2140 1062 ὃ
2178 1012 2360 1064 κεῖται
2388 1014 2449 1065 ὲν
2476 1012 2554 1083 τῷ
2583 1010 2660 1083 οβ’
2687 1014 2912 1086 ψαλμῷ.

2184 1189 2315 1242 Ὅτι
2344 1189 2484 1244 οὔτε
2522 1190 2640 1246 ἀπὸ
2666 1192 2919 1261 ἐξόδων,
2943 1197 3083 1251 οὔτε
3109 1198 3231 1253 ἀπὸ
3253 1199 3518 1271 δυσμῶν,
3541 1211 3648 1266 οὔτε

2117 1280 2241 1334 ἀπὸ
2293 1281 2532 1353 ἐρήμων
2570 1284 2774 1354 ὀρέων.
2810 1286 2953 1342 Οὔτε
3000 1291 3065 1345 ἐκ
3096 1291 3208 1345 τῶν
3265 1295 3534 1351 ἀνατολῶν
3564 1304 3646 1358 τῶν

422 1366 479 1412 et
502 1358 725 1427 divitiae,
768 1363 895 1417 item
924 1367 1094 1434 gloria
1126 1413 1141 1435 ,
1165 1378 1220 1424 et
1255 1384 1573 1444 paupertas,
1609 1394 1716 1433 non
1741 1389 1823 1438 est
1855 1358 2005 1439 nobis

2132 1372 2387 1443 ie'répuw,
2448 1374 2574 1429 οὔτε
2613 1377 2681 1432 ἐκ
2720 1378 2830 1433 τῶν
2879 1381 3087 1437 δύσεων
3132 1385 3316 1440 αὐτῶν
3359 1389 3498 1443 κατὰ
3550 1397 3648 1460 τοὺς

425 1450 493 1505 ab
516 1462 789 1510 astrorum
821 1468 971 1523 ortu,
1010 1476 1188 1531 neque
1222 1466 1291 1519 ab
1315 1480 1503 1522 eorum
1536 1484 1734 1527 occasu
1768 1513 1782 1537 ,
1824 1483 1881 1527 ut
1924 1491 2005 1532 as-

2132 1466 2502 1537 ιστρολόγους,
2554 1467 2668 1522 οὔτ’
2716 1468 2872 1535 αὖθις
2927 1474 2994 1529 ὲκ
3041 1476 3151 1531 τῶν
3208 1477 3516 1549 δαιμόνων,
3562 1450 3646 1539 τῶν

424 1553 611 1597 serunt
641 1548 898 1619 astrologi
938 1568 954 1606 :
994 1553 1146 1621 quini
1173 1571 1240 1607 no
1298 1573 1398 1612 nec
1443 1574 1472 1613 a
1521 1562 1861 1620 daemonibus
1908 1567 2005 1623 ista

2132 1557 2337 1628 ;ρήμων
2379 1559 2477 1627 μὲν
2520 1556 2707 1615 καλοῦ
2734 1564 2960 1632 παντὸς,
2982 1566 3155 1637 ὀρέων
3182 1568 3240 1624 δὲ
3268 1571 3562 1640 λεγομένων
3582 1578 3648 1632 διὶ

424 1633 745 1693 hominibus
775 1640 1096 1699 adveniunt.
1143 1644 1246 1701 Per
1293 1648 1564 1709 descrtos-
1606 1656 1749 1710 enim
1799 1668 2005 1717 montes

2132 1648 2212 1720 ξῆν
2254 1647 2487 1720 ἔπαρσιν
2513 1652 2608 1706 καὶ
2635 1653 2953 1719 ἀλαζονίανο
2979 1633 3294 1729 ἦ-πλοῦτος,
3372 1633 3497 1733 δοξα
3518 1685 3651 1741 xum.

425 1726 578 1795 ipsos
595 1729 869 1788 daemones
895 1733 1167 1807 intelligit,
1184 1739 1311 1808 quia
1336 1744 1486 1797 omni
1510 1744 1775 1801 virtutum
1804 1764 2005 1818 genere

2132 1742 2313 1809 τεῖται,
2351 1742 2384 1813 ἦ
2420 1743 2601 1809 πενία,
2638 1745 2671 1819 ἢ
2702 1748 2890 1816 ἀδοξία
2923 1726 3304 1823 προσγίνεται,
3336 1726 3482 1814 ’ἀλλα
3506 1726 3653 1831 Σρὲσὲι

426 1819 624 1874 deserti
650 1837 710 1874 ac
733 1825 948 1880 steriles
982 1837 1130 1891 sunt,
1157 1838 1211 1884 et
1246 1835 1512 1889 montium
1545 1837 1721 1893 instar
1752 1843 2005 1910 superbia

2132 1830 2255 1885 Βεοῦ
2293 1833 2504 1907 δικαίᾳ.
2542 1836 2789 1904 Ἐξὸδους
2818 1840 2929 1912 γὰρ
2964 1819 3121 1899 καλεῖ
3150 1848 3250 1917 μὲν
3282 1819 3380 1919 τὴν
3410 1852 3499 1906 τοῦ
3528 1819 3650 1924 τίλλειν

425 1909 574 1965 elati.
602 1912 705 1966 Sed
733 1915 879 1980 justo
934 1917 1026 1973 Dsi
1085 1920 1292 1989 judicio
1336 1927 1522 1980 omnia
1574 1927 1997 2011 dispensantur.

2132 1925 2404 1999 ινατολήν·
2475 1929 2594 1986 Ἀπ’
2640 1909 2839 2001 ἄκρου
2864 1909 2997 2007 γαρ,
3031 1909 3186 2010 φησί,
3217 1909 3348 1997 τοῦ.
3371 1909 3655 2019 οὐρανίοῦή

426 1997 530 2052 Per
560 2017 840 2067 egressum
871 2018 1073 2075 autem,
1107 2013 1240 2068 solis
1274 2024 1454 2071 ortum
1488 1997 1782 2092 intelligit,
1817 2041 2005 2094 quem-

431 2088 689 2110 -.ηηιη
797 2103 809 2110 .
1202 2102 1214 2110 .
1347 2105 1356 2110 .

2132 1997 2341 2084 ἔξοδος(
2362 2020 2549 2075 αὐτοῦ
2573 2041 2588 2055 ’
2619 1997 2829 2093 δυσμὰς
2855 1997 2912 2079 δὲ
3072 1997 3224 2083 έύσὶν
3243 2047 3263 2062 ⁸
3303 1997 3487 2105 ἐρ’ηῶ

430 2088 717 2144 admodum
757 2103 814 2148 ct
849 2096 978 2152 alibi
1009 2116 1133 2155 cum
1166 2102 1241 2155 ait
1276 2122 1289 2157 :
1324 2105 1364 2157 A
1391 2123 1596 2162 summa
1624 2111 1750 2163 calo
1779 2116 2005 2181 egressio

2132 2111 2183 2163 τὰ
2219 2110 2408 2182 βόρεια
2462 2114 2554 2168 καὶ
2608 2088 2759 2171 νότια
2814 2088 3082 2188 κλίματα,
3135 2123 3281 2177 κατὰ

429 2179 538 2246 ejus
577 2183 642 2240 ’⁷.
676 2183 779 2238 Per
816 2201 1072 2243 occasum
1118 2207 1249 2247 vero
1281 2197 1621 2254 occidentem
1649 2217 1666 2266 ;
1695 2207 1749 2256 et
1777 2217 1871 2272 per
1913 2205 2010 2260 de-

428 2282 606 2331 sertos
647 2287 858 2335 montes
884 2322 900 2346 ,
934 2288 1324 2353 septentrionis
1379 2300 1433 2346 et
1483 2294 1731 2349 meridiei
1761 2295 2005 2359 climata.

427 2381 546 2434 qua:
578 2367 649 2423 ob
678 2371 903 2425 nimium
936 2374 1109 2444 frigus
1130 2417 1144 2439 ,
1197 2391 1294 2434 aut
1352 2382 1592 2438 calorem
1625 2424 1641 2450 ,
1696 2386 2009 2445 hominibus

427 2458 639 2514 deserta
672 2472 822 2523 sunt.
854 2464 949 2520 Est
976 2478 1157 2524 autem
1187 2470 1275 2525 hic
1299 2488 1480 2531 sermo
1501 2476 1841 2547 defectivus;
1868 2480 2013 2537 unde

427 2551 629 2620 aliquid
662 2554 1183 2630 subintellig'endum
1230 2574 1351 2629 est,
1394 2568 1544 2623 verbi
1597 2572 1812 2640 gratia:
1858 2571 2014 2627 Nihil

429 2641 579 2700 latet.
609 2644 776 2711 Nihil,
818 2648 1031 2720 inquit,
1073 2655 1127 2708 in
1164 2654 1332 2711 futuri
1375 2659 1561 2725 iudicii
1593 2672 1837 2732 tempore
1863 2672 2015 2734 pote-

429 2733 500 2786 rit
528 2734 695 2790 Deum
748 2739 936 2797 latere.
986 2743 1183 2801 Omnia
1233 2750 1436 2803 etenim
1486 2752 1534 2806 ei
1574 2733 1900 2823 patebunt,
1957 2755 2011 2808 in

2117 2202 2212 2255 καὶ
2252 2202 2454 2274 ἄρκτον
2474 2221 2487 2235 ·
2523 2205 2699 2260 ταῦτα
2732 2210 2842 2280 γὰρ
2872 2211 3058 2285 ἔρημά
3106 2216 3246 2269 εἰσιν
3272 2217 3585 2288 ἀνθρώπων,
3610 2223 3656 2274 τὸ

2120 2297 2217 2366 μὲν
2248 2296 2317 2350 δι’
2352 2297 2661 2369 ὑπερϐολὴν
2688 2301 2915 2372 ψύχους,
2941 2306 3003 2359 τὸ
3030 2305 3088 2359 δὲ
3118 2306 3351 2379 θέρμης.
3398 2309 3655 2365 Ἑλλειπτι-

2119 2387 2214 2440 κδν
2245 2386 2300 2440 δὲ
2325 2387 2385 2441 τὸ
2418 2389 2607 2461 σχῆμα
2629 2406 2642 2420 ·
2674 2392 2853 2446 λείπει
2880 2380 2990 2464 γαρ
3016 2397 3078 2449 τὸ
3127 2398 3362 2466 Λέληθέ
3392 2416 3467 2454 τι.
3492 2401 3559 2455 Οὐ
3588 2403 3655 2456 λι.

2122 2477 2253 2548 mos
2299 2496 2375 2545 τι,
2410 2482 2599 2551 φησὶν,
2644 2482 2736 2535 ἀπ’
2766 2484 2981 2550 οὐδενὸς
3025 2486 3293 2558 κλίματος
3328 2489 3432 2559 τῆς
3485 2495 3575 2562 γῆς
3609 2497 3652 2546 ἐν

2122 2571 2199 2643 τῷ
2221 2572 2397 2644 καιρῷ
2424 2575 2523 2644 τῆς
2552 2573 2856 2646 μελλούσης
2881 2577 3116 2649 κρίσεως
3136 2595 3151 2609 ’
3180 2578 3261 2632 διὸ
3296 2580 3464 2650 μηδὲν
3488 2582 3656 2652 φαῦλον

2122 2662 2349 2732 ποιῆτεο
2400 2661 2684 2726 ποιοῦντες
2735 2664 2812 2731 δὲ,
2846 2664 2921 2738 μὴ
2972 2667 3149 2721 οἴεσθε
3228 2669 3534 2727 λανθάνειν.
3562 2667 3661 2730 Εῐτα

2123 2752 2306 2822 τίθησι
2332 2752 2426 2807 καὶ⁸
2451 2753 2551 2825 τὴν
2579 2753 2759 2810 αἰτίαν
2786 2756 2880 2810 τοῦ
2914 2758 3083 2828 μηδὲν
3116 2757 3430 2817 λανθάνειν.

428 2844 755 2902 quacunque
813 2852 875 2892 ca
915 2837 1117 2896 iuerint
1171 2846 1431 2917 regione:
1494 2857 1661 2917 atque
1717 2850 1840 2906 ideo
1887 2850 2056 2905 nolite
2131 2865 2361 2920 pravum
2406 2850 2626 2922 aliquod
2673 2852 2854 2908 scelus
2902 2855 3266 2911 committere.
3316 2856 3505 2925 Neque
3546 2857 3658 2913 enim

429 2929 597 2985 latere
626 2921 747 2987 eum
781 2938 902 3004 quis
932 2941 1174 3008 poterit,
1218 2943 1263 2997 si
1309 2944 1361 2999 in
1399 2960 1524 2999 eum
1571 2947 1887 3018 deliquerit.
1938 2946 2004 3000 Et
2044 2947 2244 3002 deinde
2276 2962 2501 3003 causam
2534 2949 2709 3017 ponit,
2737 2963 2838 3033 cur
2861 2950 2998 3004 nihil
3028 2950 3194 3006 Deum
3223 2952 3420 3009 lateat.

501 3020 763 3086 Quoniam
798 3025 935 3080 Deus
971 3030 1140 3098 judea:
1196 3044 1296 3088 est.
1341 3034 1613 3102 Quoniam
1665 3039 1809 3097 Deus
1871 3048 1999 3102 est.

430 3114 523 3178 qui
554 3114 762 3181 judicat
793 3119 998 3189 quique
1020 3122 1205 3178 omnia
1238 3126 1441 3196 optime
1482 3129 1671 3195 novit,
1717 3130 1880 3186 etiam
1914 3146 2014 3186 an-

431 3216 683 3277 ti-aquam
725 3213 939 3270 tierent.

503 3298 668 3357 Vens.
713 3306 770 3359 8.
810 3305 962 3362 "una
1001 3310 1245 3366 humiliat
1274 3354 1290 3379 ,
1317 3327 1365 3369 et
1409 3315 1545 3370 Imnr
1573 3319 1803 3374 exultat.
1856 3319 2014 3376 Hunc
2045 3345 2084 3401 ε

429 3392 646 3460 quidem
680 3395 932 3463 honorat,
965 3408 1019 3454 et
1055 3402 1219 3456 alium
1257 3406 1534 3473 reprobat,
1561 3407 1716 3477 juxta
1745 3411 2017 3464 uniuscu-

427 3481 627 3553 jusque
650 3485 840 3554 vitam,
868 3489 1097 3559 acjuxta
1120 3491 1460 3562 justissimas
1485 3499 1747 3566 quasdam
1775 3501 2017 3558 rationes

428 3574 597 3629 divini
624 3576 842 3646 iudicii.

509 3665 774 3731 Quoniam
807 3672 950 3725 calix
976 3673 1029 3727 in
1058 3691 1219 3729 manu
1262 3676 1477 3733 Domini
1515 3682 1621 3737 vini
1658 3685 1789 3737 meri
1830 3683 2017 3753 plenus

430 3758 697 3815 mistione.
732 3760 904 3818 Totus
939 3778 1123 3819 sermo
1174 3769 1584 3838 metaplioricus
1635 3780 1743 3831 est.
1800 3773 1866 3828 Et
1899 3775 2020 3845 'pcr

429 3863 651 3905 manum
692 3853 915 3922 quidem
962 3855 1175 3912 Domini
1213 3858 1358 3915 illius
1389 3864 1684 3932 potentiam
1735 3865 2013 3937 intelligit,

428 3955 528 4009 per
555 3944 787 3997 calicem
822 3954 1004 4001 autem
1030 3950 1141 4004 viui
1165 3994 1179 4017 ,
1232 3967 1519 4011 mensuras
1562 3971 1626 4012 ac
1654 3958 1845 4014 modos
1896 3974 2016 4030 pm-

431 4048 646 4089 narum.
680 4034 782 4090 Per
814 4038 1002 4094 vinum
1028 4042 1172 4096 enim
1203 4045 1305 4100 hoc
1336 4047 1392 4115 in
1435 4047 1554 4104 loco
1610 4051 1880 4120 supplicia
1914 4052 2005 4107 in-

428 4126 773 4197 telliguntur,
801 4142 966 4201 atque
990 4135 1355 4204 calamitates,
1378 4156 1498 4209 qua:
1519 4157 1695 4212 teque,
1722 4158 1785 4197 ac
1801 4145 2014 4211 vinum,

430 4226 485 4272 et
515 4220 659 4277 vires
686 4221 964 4279 hominum
1019 4228 1259 4295 tollunt,
1301 4241 1358 4286 et
1412 4237 1617 4290 mentis
1666 4235 2014 4290 harmoniam

427 4310 764 4379 dissolvunt,
797 4326 850 4370 et
886 4319 1143 4377 aberrare
1180 4339 1279 4378 nos
1315 4325 1525 4378 iaciunt
1578 4341 1607 4379 a
1643 4327 1767 4387 fvia.
1811 4326 2013 4381 Merum

427 4416 558 4458 vero
588 4421 707 4461 esse
736 4407 939 4463 dicitur
971 4411 1075 4467 hoc
1112 4414 1320 4479 vinum,
1347 4416 1501 4485 quasi
1536 4426 1815 4471 austerum
1851 4428 2014 4488 atque

426 4494 615 4549 efﬁcax
674 4500 725 4551 vi
759 4514 881 4565 sua,
919 4509 972 4556 et
1024 4505 1175 4557 nulia
1223 4507 1442 4559 mistum
1493 4507 1892 4563 misericordia.
1945 4508 2013 4562 Et

430 4588 521 4641 lxic
564 4591 785 4659 quidem
827 4594 967 4648 calix
1001 4606 1083 4650 est
1123 4598 1231 4651 vini
1282 4601 1440 4653 meri.
1487 4598 1689 4655 Verum
1736 4603 1789 4655 in
1847 4619 2012 4657 manu

2189 3038 2320 3093 Ὅτι
2361 3039 2394 3093 ὁ
2453 3039 2598 3106 θεὸς
2642 3039 2851 3108 κριτής
2899 3041 3094 3096 ἐστιν.
3135 3042 3200 3097 '0
3239 3043 3377 3108 Θεὸς
3428 3045 3607 3116 κρίνει,
3640 3049 3661 3101 6

2117 3130 2297 3185 πάντα
2327 3131 2422 3185 καὶ
2458 3131 2583 3186 ἰδὼν
2615 3133 2713 3187 καὶ
2750 3131 2909 3198 εἰδὼς
2940 3132 3049 3206 πρὸ
3082 3135 3358 3203 γενέσεως
3391 3137 3581 3195 αὐτῶν.

2196 3304 2417 3360 Τοῦτον
2470 3306 2782 3370 ταπεινοῖ,
2851 3309 2949 3362 καὶ
2993 3308 3212 3364 τοῦτον
3238 3312 3413 3380 ὑψοῖ.
3450 3310 3548 3366 Τὸν
3590 3314 3664 3382 μὲν

2119 3392 2401 3463 ἀτιμάζει,
2438 3397 2533 3450 τὸν
2572 3396 2630 3451 δὲ
2675 3399 2831 3469 τιμᾷ.
2881 3400 3024 3453 κατὰ
3072 3400 3173 3469 τὴν
3222 3403 3540 3475 οἰκονομίαν
3584 3406 3663 3457 τῶν

2120 3482 2468 3555 βεϐιωμένων
2518 3486 2755 3557 ἑκάστῳ,
2811 3489 2908 3542 καὶ
2962 3489 3053 3544 τὸν
3110 3490 3271 3561 λόγον
3326 3494 3430 3564 τῆς
3478 3495 3660 3557 δικαίας

2120 3576 2287 3630 αὐτοῦ
2322 3578 2583 3649 κρίσεως.

2189 3670 2319 3725 Ὀτι
2353 3672 2645 3742 ποτήριον
2672 3674 2742 3729 ἐν
2769 3677 2921 3746 χειρὶ
2955 3677 3176 3745 Κυρίου
3219 3679 3400 3734 οίνου
3444 3680 3665 3749 ἀκράτου

2120 3761 2351 3833 πλῆρες
2388 3766 2788 3836 κεράσματος.
2831 3771 3222 3842 Μεταφορικδς
3248 3772 3403 3836 κῦλος
3435 3774 3465 3826 ὁ
3511 3773 3664 3841 λόγος·

2122 3856 2216 3909 καὶ
2270 3859 2431 3928 χεῖρα
2483 3857 2584 3929 μὲν
2635 3859 2840 3931 Κυρίου
2899 3861 3056 3916 καλεῖ
3096 3862 3196 3932 τὴν
3243 3863 3481 3931 δύναμιν
3530 3862 3663 3917 αὐτοῦ

2120 3950 2381 4021 ποτήριον
2412 3950 2471 4003 δὲ
2513 3949 2681 4016 οἴνου,
2731 3952 2792 4005 τὸ
2847 3954 3045 4025 μέτρον
3077 3957 3179 4025 τῆς
3212 3958 3518 4026 τιμωρίας·
3546 3952 3661 4017 οἶνος

2118 4042 2228 4108 γὰρ
2261 4041 2359 4095 νῦν
2389 4043 2423 4113 ἡ
2467 4046 2734 4115 τιμωρία.
2777 4045 2923 4099 Διότι
2987 4046 3401 4118 παραπλησίως
3449 4048 3525 4118 τῷ
3563 4048 3665 4115 eius

2119 4134 2444 4201 ἀφαιρεῖται
2494 4131 2594 4203 τὴν
2629 4133 2725 4187 τοῦ
2761 4133 3053 4205 ἀνθρώπου
3084 4135 3346 4207 δύναμιν,
3389 4137 3483 4189 καὶ
3514 4136 3666 4189 ἐκλύει

2116 4225 2221 4286 τὰς
2266 4223 2557 4295 ἁρμονίας,
2595 4224 2692 4279 καὶ
2737 4228 2885 4279 ποιεῖ
2928 4226 3288 4295 σφάλλεσθαι.
3338 4228 3669 4298 Ἀκρατοςᾶ

2119 4311 2276 4382 οὗτος
2325 4320 2354 4372 ὁ
2397 4315 2564 4384 οἶνος,
2612 4318 2689 4382 ὡς
2739 4321 3050 4391 αὐστηρδς,
3100 4321 3198 4375 καὶ
3249 4321 3549 4391 ἀπότομος,
3594 4320 3668 4372 καὶ

2119 4412 2329 4483 ἀμιγὴς
2364 4412 2799 4483 φιλανθρωπίας.
2838 4414 3001 4468 Ἀλλὰ
3032 4415 3192 4468 τοῦτο
3222 4415 3323 4484 μὲν
3358 4416 3422 4468 τὸ
3447 4417 3671 4483 ποτήριον

2118 4501 2265 4555 οίνου
2299 4504 2448 4556 ἐστὶν
2477 4503 2722 4575 ἀκράτου
2758 4520 2775 4539 ο
2809 4504 2929 4558 ἐστὶ
2966 4503 3024 4557 δὲ
3049 4504 3108 4556 ἐν
3132 4505 3199 4574 τῇ
3231 4505 3383 4575 χειρὶ
3413 4503 3571 4557 αὐτοῦ
3598 4502 3671 4554 καὶ

2121 4596 2308 4665 ἕτερον
2342 4597 2630 4666 ποτήριον,
2661 4597 2869 4668 πλῆρες
2898 4597 3268 4666 κερὰσματος,
3299 4596 3479 4649 είτουν
3509 4596 3672 4664 (prlav-

431 4676 650 4734 Domini
679 4683 820 4739 alius
854 4687 1016 4739 ctiam
1054 4696 1139 4742 est
1167 4690 1329 4755 calix,
1362 4691 1555 4757 plenus
1586 4693 1865 4761 mistione,
1910 4695 2005 4748 hoc

2132 4686 2394 4755 ipwniag.
2423 4689 2694 4757 Κέρασμα
2728 4686 2837 4758 γὰρ
2870 4687 3015 4740 οίνου
3048 4687 3147 4756 μὲν
3185 4685 3366 4757 ὕδωρ,
3402 4685 3671 4755 αὐστηρίας

428 4778 534 4832 est,
572 4774 970 4831 misericordia.
1014 4780 1198 4834 Missio
1229 4780 1372 4834 enim
1394 4782 1529 4846 vini,
1561 4797 1725 4857 aqga,
1756 4792 1810 4837 et
1830 4785 2014 4838 mistio

430 4854 793 4929 austeritatis,
812 4868 1212 4924 misericordia.
1233 4870 1504 4925 Debemus
1537 4882 1720 4927 autem
1745 4889 1806 4927 ea
1829 4874 2015 4937 verba,

428 4952 613 5021 plenus
644 4956 912 5021 mixtione,
933 4974 1042 5013 non
1069 4962 1321 5030 sequenti
1352 4963 1626 5018 versiculo
1660 4965 2015 5036 conjungere,

427 5046 522 5100 sed
558 5061 653 5117 per
684 5044 742 5104 se
769 5052 946 5106 soluta
978 5052 1159 5123 legere
1187 5094 1201 5119 ,
1253 5054 1716 5128 subintelligeudo
1772 5059 1977 5128 conjun

427 5140 701 5207 ctionem,
757 5154 811 5197 et
868 5145 1139 5200 sumendo
1185 5161 1213 5198 a
1257 5150 1535 5203 communi
1596 5166 1761 5206 sensu
1795 5150 1960 5205 verba
2000 5166 2014 5204 :

428 5228 588 5284 Catia:
615 5233 671 5286 in
696 5251 855 5288 manu
882 5234 1111 5304 Domini,
1139 5245 1198 5291 ut
1233 5240 1305 5293 sit
1334 5254 1530 5296 sensus
1563 5281 1578 5305 ,
1603 5243 1820 5311 quodin
1845 5257 2010 5296 manu

432 5320 642 5378 liomini
683 5336 764 5380 est
795 5327 937 5382 calix
966 5329 1077 5384 vini
1123 5332 1280 5397 meri,
1306 5342 1355 5386 et
1391 5332 1444 5386 in
1480 5336 1668 5389 eadem
1729 5350 1895 5389 manu
1933 5343 2016 5390 est

2119 4781 2177 4833 δὲ
2212 4779 2623 4850 φιλανθρωπία,
2652 4779 2774 4850 Χρὴ
2806 4780 2915 4850 γὰρ
2946 4778 3024 4848 τῷ
3056 4778 3293 4848 Πλῆρες
3331 4779 3673 4846 κεράσμστες

2130 4874 2206 4946 μὴ
2258 4875 2556 4929 συνάπτειν
2592 4873 2652 4926 τδ
2698 4873 2927 4927 ὄπισθεν
2960 4872 3152 4946 ρητὸνο
3203 4873 3343 4926 ἀλλὰ
3388 4872 3509 4926 καθ’
3541 4870 3674 4924 ἑαυτὸ

2123 4966 2437 5029 ἀσυνδέτως
2473 4966 2894 5033 ἀναγινώσκειν,
2925 4963 3022 5017 τοῦ
3063 4962 3163 5019 καὶ
3191 4963 3492 5032 συνδέσμου
3525 4961 3673 5015 ἐλλεί-

2122 5072 2318 5120 ποντος
2365 5055 2489 5126 μὲν,
2519 5054 3024 5124 συνεξακουομένου
3054 5053 3112 5106 δέ
3136 5069 3153 5087 ο
3193 5053 3459 5114 ἕλκοντας
3488 5052 3577 5105 καὶ
3604 5048 3675 5101 ἐπὶ

2121 5148 2299 5218 τούτῳ
2336 5148 2396 5200 τὸ
2458 5148 2748 5216 ποτήριον
2769 5146 2839 5199 ἐν
2870 5144 3021 5215 χειρὶ
3050 5145 3306 5213 Κυρίουσ
3348 5145 3466 5207 πῶς
3497 5143 3601 5212 γὰρ
3625 5140 3675 5193 ἂν

2126 5241 2211 5311 είη
2248 5241 2308 5294 τὺ
2342 5240 2476 5295 αὐτὸ
2510 5240 2565 5293 τὸ
2592 5239 2835 5310 ἄκρατον
2868 5239 2990 5308 ἔχον
3033 5239 3127 5290 καὶ
3158 5236 3447 5307 κέρασμας
3486 5236 3602 5288 Ὀτι
3632 5232 3677 5285 δὲ

2122 5335 2218 5388 δύο
2242 5332 2438 5399 ταῦτα,
2466 5331 2699 5402 δηλώσει
2722 5332 2784 5385 τὸ
2813 5330 3178 5398 ἐπαγόμενον.

428 5412 565 5468 calix
617 5415 811 5484 plenus
837 5417 1107 5473 mistionc.
1130 5418 1264 5474 Nam
1287 5422 1513 5492 alioqui,
1537 5424 1813 5493 quomodo
1833 5440 1999 5491 unus,
2041 5431 2209 5494 atque
2242 5423 2389 5477 idem
2415 5422 2557 5479 calix
2589 5421 2793 5491 poterit
2820 5430 2873 5472 et
2907 5433 3143 5486 merum,
3168 5428 3223 5475 et
3284 5420 3505 5474 mistum
3560 5429 3693 5517 cane

428 5508 640 5562 linere?
668 5510 728 5561 tit
752 5510 896 5578 quod
926 5511 1036 5566 duo
1064 5514 1174 5569 sint
1198 5516 1419 5579 calices,
1445 5526 1593 5587 patet
1611 5518 1778 5574 etiam
1800 5520 2006 5576 clarius
2044 5537 2111 5576 ex
2142 5519 2527 5588 sequentibus.

505 5600 667 5654 Vsus.
703 5601 756 5656 9.
787 5602 852 5655 Et
874 5604 1147 5660 inclinavit
1174 5623 1239 5661 ea:
1264 5608 1360 5661 hoc
1387 5610 1441 5662 in
1475 5610 1594 5664 hoc.
1642 5612 1711 5666 Et
1761 5611 1829 5668 de
1872 5628 2022 5669 men-

436 5703 565 5742 sura
596 5692 725 5744 mcri
761 5695 1048 5763 supplicii,
1099 5696 1299 5750 effudit
1333 5697 1385 5751 iu
1427 5714 1741 5755 mensuram
1796 5700 2016 5757 miscri-

486 5864 699 5921 "i‘sal.
753 5872 1001 5928 Lxxn.8.
1103 5873 1146 5902 ’⁷
1182 5872 1324 5928 Psal.
1381 5890 1535 5933 mu.
1572 5877 1623 5931 7.

2201 5612 2308 5665 Καὶ
2356 5609 2602 5663 ἔκλινεν
2642 5608 2714 5661 ἐκ
2783 5607 3001 5661 τούτου
3073 5607 3162 5671 εις
3214 5601 3411 5657 τοῦτο.
3457 5598 3676 5668 Ἕνέχεεν

2128 5702 2193 5755 ἐκ
2221 5700 2316 5755 τοῦ
2347 5700 2551 5773 μέτρου
2579 5701 2680 5772 τῆς
2710 5698 2954 5771 ἀκράτου
2990 5694 3262 5768 τιμωρίας
3289 5694 3384 5749 ἐπὶ
3409 5691 3471 5747 τὸ
3500 5690 3679 5761 μέτίω
