3862 6580
139 406 222 469 769

1288 395 1673 458 COMMENT.
1722 393 1803 453 IN
1841 394 2202 456 PSALMOS.

3265 398 3374 466 770

141 527 218 595 τῆς
252 519 691 592 φιλανθρωπίας,
726 518 864 573 ὥστε
915 517 1138 588 ποιῆσαι
1181 516 1505 585 κρᾶσιν,καὶ
1537 514 1688 567 ποτί-

1835 514 2012 578 )rdire,
2046 526 2105 567 ut
2139 512 2426 567 misturam
2460 512 2688 574 faceret,
2725 520 2893 584 utque
2930 529 3052 570 eam
3091 514 3142 568 in
3179 523 3368 584 potum

143 637 212 672 σαι
257 616 462 686 ταύτην
523 615 650 680 τοὺς
693 613 915 669 ἔλαττον
963 612 1380 685 ἁμαρτάνοντας
1433 614 1530 666 καὶ
1568 610 1696 672 τοὺς

144 708 389 776 ἱασίμουςκ

195 800 356 868 Πλὴν
383 803 416 853 ό
439 801 692 870 τρυγίας
717 798 904 854 αὐτοῦ
931 800 1045 854 οὐκ
1071 797 1422 863 ἐξεκενώθη.
1455 793 1696 862 Τρυγίαν

144 893 366 964 ὠνόμασε
442 892 503 946 τὸ
565 894 739 963 πάχος
790 892 892 962 τῆς
946 891 1191 964 ἀκράτου
1247 887 1540 959 τιμωρίας,
1598 887 1698 955 τὴν

144 984 349 1053 ἐσχάτην
400 983 651 1050 κόλασιν,
683 984 804 1054 ἥτις
853 983 1156 1052 ὑπελείφθη
1187 983 1300 1042 τοῖς
1343 979 1412 1034 τὰ
1467 977 1699 1048 μέγιστα

148 1075 532 1146 πλημμελοῦσι,
606 1076 700 1129 καὶ
745 1076 858 1138 τοῖς
911 1074 987 1145 μὴ
1041 1070 1541 1144 μεταϐαλλομένοις
1592 1069 1701 1121 ἀπὸ

149 1169 340 1232 κακίας.
1185 1168 1190 1173 ’

201 1261 436 1313 Πίον-ται
467 1257 695 1326 πάντες
722 1261 776 1312 oi
804 1256 1140 1328 ἁμαρτωλοὶ
1165 1255 1279 1324 τῆς
1315 1251 1445 1323 γῆς.
1479 1250 1702 1304 Πίονται

149 1351 223 1403 τὸν
247 1351 496 1420 τρυγίαν.
536 1349 926 1422 Ἀμαρτωλοὺς
957 1349 1014 1401 δὲ
1041 1348 1189 1416 λέγει
1231 1356 1355 1410 τους
1385 1343 1708 1413 ἁνεπιστρό-

150 1460 243 1511 (ἕως
271 1443 710 1511 ἁμαρτάνοντας.

204 1534 343 1603 Ἐγὼ
375 1533 444 1587 δὲ
493 1533 942 1603 ἀγαλλιάσομαι
982 1534 1071 1597 είς
1109 1531 1216 1586 τὸν
1252 1530 1460 1586 αἰῶνα.
1516 1529 1700 1584 Ψαλῶ

149 1625 214 1690 τῷ
245 1625 361 1690 Θεῷ
417 1626 657 1680 Ἰακώϐ.
706 1625 1132 1696 Ἐλευθερωθεὶς
1166 1625 1268 1694 τῆς
1298 1623 1544 1687 δουλείας
1595 1623 1704 1676 τῶν

150 1717 354 1786 ἐχθρῶν,
378 1717 474 1770 καὶ
497 1718 901 1786 ἁγαλλιάσομαι
932 1718 1029 1786 μὲν
1056 1717 1148 1770 ἐπὶ
1174 1719 1240 1787 τῇ
1274 1715 1566 1786 ἀπαλλαγῇ
1595 1714 1703 1768 τῶν

151 1807 370 1876 ἀνιαρῶν
395 1847 409 1871 ,
439 1807 597 1878 ψαλῶ
635 1808 691 1860 δὲ
727 1807 1145 1879 εὐχαριστήρια.

1802 605 1910 659 illis
1946 604 2234 674 praeberet,
2267 603 2359 673 qui
2393 613 2446 658 et
2475 605 2649 660 levius
2677 604 3075 675 deliquissent,
3107 613 3160 662 et
3191 605 3374 662 adhuc

1799 704 1985 751 essent
2015 695 2389 750 medicabiles.

1875 785 2035 840 \‘sns.
2062 786 2148 840 10.
2182 785 2550 841 Verumtamen
2588 788 2674 856 {ex
2703 787 2816 856 ejus
2845 805 2944 842 non
2973 799 3044 843 est
3076 789 3376 842 exinanita.

1802 873 1902 928 Per
1931 874 2091 944 [eccm
2141 878 2344 941 culicis,
2375 877 2818 945 crassitudinem,
2855 888 2911 933 ut
2936 879 3005 932 ita
3043 879 3218 934 dicam
3251 919 3267 944 ,
3295 879 3382 932 in-

1804 967 2150 1037 telligitmeri
2191 963 2470 1039 supthcii,
2501 970 2605 1024 hoc
2636 979 2762 1037 est,
2817 982 3092 1027 extremas
3134 972 3380 1026 omnium

1803 1073 2014 1128 poenas.
2047 1075 2168 1128 quae
2193 1060 2260 1115 iis
2299 1069 2667 1127 reservantur,
2697 1063 2790 1133 qui
2823 1074 2917 1118 aut
2961 1064 3201 1119 maxime
3240 1063 3382 1118 deli-

1803 1158 2062 1218 querunt,
2092 1160 2184 1204 aut
2214 1165 2241 1202 a
2277 1151 2428 1206 vitiis
2459 1153 2740 1207 immutari
2770 1153 3086 1208 noluerunt.

1877 1241 2057 1296 Bibent
2081 1260 2256 1298 omnes
2276 1255 2572 1312 peccatores
2606 1255 2780 1301 terrm.
2813 1245 3007 1301 Bibent
3052 1247 3248 1302 feccm.
3281 1246 3386 1302 Per

1805 1345 2120 1403 peccatores
2155 1345 2336 1390 autem
2363 1351 2458 1392 eos
2490 1353 2636 1394 nunc
2663 1338 2943 1410 intelligit,
2963 1339 3054 1408 qui
3087 1354 3116 1392 a
3151 1340 3389 1409 peccatis

1807 1441 2084 1495 nunquam
2118 1435 2538 1480 εοιινετιυηιιιν.

1877 1517 1990 1588 Ego
2019 1527 2192 1572 autent
2232 1517 2480 1573 exaltabo
2501 1519 2555 1572 in
2578 1520 2853 1587 sreculum,
2880 1520 3113 1590 psallam
3145 1519 3250 1574 Deo
3281 1518 3385 1573 Ja-

1806 1609 1920 1664 cob.
1956 1609 2036 1662 Ab
2069 1609 2415 1664 inimicorum
2456 1610 2716 1664 nimirum
2760 1613 3028 1666 servitute
3081 1612 3342 1666 liberatus
3371 1648 3387 1674 ,

1806 1702 2093 1757 cxs‘ultabo
2115 1701 2336 1772 quidem
2369 1703 2512 1772 quod
2542 1704 2889 1758 calamitates
2938 1705 3300 1768 cessaverint,
3336 1709 3392 1756 tt

1808 1795 2037 1863 psallam
2064 1795 2117 1849 in
2146 1797 2445 1862 gratiarum
2477 1795 2773 1850 actionem.

211 1899 311 1952 Kal
350 1900 549 1954 πάντα
598 1900 672 1953 τὰ
716 1903 942 1968 κέρατα
994 1898 1114 1952 τῶν
1151 1898 1520 1969 ἁμαρτωλῶν
1555 1914 1708 1953 συν-

1885 1883 2050 1942 VEns.
2117 1887 2205 1941 Η.
2272 1886 2340 1940 Ει
2381 1887 2560 1940 omnia
2612 1903 2812 1941 cornua
2873 1897 3211 1957 peccatorum
3273 1905 3397 1943 ron-

155 1985 356 2043 θλάσω.
387 1987 509 2040 Τῶν
545 1987 704 2053 αὖθις
739 1989 1171 2061 πολεμησάντων
1203 2007 1292 2058 μοι
1325 1988 1629 2060 δυσμενῶν.

213 2163 313 2217 Kal
354 2165 743 2234 ὑψωθήσεται
782 2167 848 2221 τὸ
885 2167 1064 2236 κέρας
1094 2169 1202 2223 τοῦ
1235 2169 1490 2224 δικαίου.
1534 2171 1711 2241 Νική-

158 2271 351 2316 σαντος.
387 2257 454 2308 Οἱ
492 2274 551 2309 τε
591 2258 703 2330 γὰρ
747 2259 1078 2330 Ἰσραηλῖται
1121 2261 1260 2329 μετὰ
1305 2261 1403 2331 τῆς
1438 2264 1495 2314 ὲν
1541 2261 1716 2315 Βαϐυ-

157 2344 268 2398 λῶνι
299 2345 546 2409 δουλείας
574 2349 857 2414 ἐπάνοδον,
893 2349 1343 2419 προσϐαλλόντων
1391 2351 1578 2414 αὐτοῖς
1608 2351 1716 2405 τῶν

158 2437 547 2503 γειτονούντων,
602 2439 888 2512 ἐνίκησαν,
943 2443 996 2494 οἵ
1041 2459 1100 2493 τε
1155 2444 1469 2512 Χριστιανοὶ
1522 2445 1585 2496 ἐκ
1619 2443 1718 2513 τῆς

160 2524 382 2588 δουλείας
414 2527 524 2581 τῶν
563 2528 819 2596 εἰδώλων,
840 2531 1225 2594 ἐπανελθόντες
1261 2533 1340 2594 εἰς
1380 2531 1716 2605 ἐλευθερίαν,

160 2617 403 2669 συνθλῶσι
437 2618 533 2681 τὰς
568 2619 825 2690 δυνάμεις
852 2621 961 2674 τῶν
990 2623 1152 2692 πέριξ
1184 2623 1560 2693 διαιτωμένων
1595 2626 1717 2678 δαι-

163 2710 324 2779 μόνων
347 2710 741 2781 ἐπιτιθεμένων
785 2715 990 2778 αὐτοῖς.
1025 2715 1244 2769 Δίκαιον
1274 2716 1330 2768 δὲ
1364 2715 1521 2769 καλεῖ
1543 2716 1720 2769 πάντα

161 2801 362 2873 εὐσεϐῆ.
414 2803 510 2874 Εῐη
541 2804 587 2856 δ’
613 2805 680 2857 ἂν
709 2805 802 2858 καὶ
828 2807 855 2858 6
885 2806 1215 2878 Ζοροϐάϐελ,
1245 2808 1272 2859 6
1299 2806 1390 2860 τὸν
1416 2807 1545 2861 λαὸν
1566 2825 1718 2878 τηνι-

161 2893 325 2946 καῦτα
357 2897 744 2965 ἐπαναγαγὼν,
803 2898 940 2952 ἀλλὰ
973 2899 1066 2952 καὶ
1115 2900 1145 2952 6
1178 2899 1412 2971 Χριστὸς
1447 2901 1475 2952 6
1517 2901 1722 2970 κυρίως

162 2986 372 3049 δίκαιος,
408 2988 482 3051 ὡς
531 2989 940 3063 ἀναμάρτητος,
991 2986 1054 3046 οῦ
1109 2992 1276 3054 τύπος
1311 2994 1339 3045 6
1376 2991 1718 3063 Ζοροϐάϐελ·

163 3077 262 3129 τῶν
319 3079 422 3150 γὰρ
495 3081 553 3132 έν
620 3080 832 3150 σώματι
856 3082 983 3144 τοὺς
1043 3083 1371 3153 ἀσωμάτους
1429 3082 1724 3152 πολεμίους

163 3169 420 3224 νικώντων
477 3171 709 3240 ὑψοῦται
758 3173 792 3244 ὴ
841 3173 1092 3243 δύναμις,
1139 3175 1236 3228 καὶ
1284 3176 1312 3227 6
1369 3175 1587 3237 ἔπαινος
1631 3175 1723 3228 τοῦ

166 3264 405 3333 Χριστοῦ,
433 3267 528 3318 τοῦ
558 3266 924 3334 δυναμοῦντος
960 3268 1180 3331 αὐτούς.

1812 1978 2089 2048 stringam.
2120 1977 2473 2032 inimicorum
2507 1979 2720 2035 scilicet
2745 1996 2940 2036 rursus
2960 1996 3047 2036 me
3071 1996 3398 2051 Ottpugtttttt-

1816 2069 1974 2122 tium.
2971 2061 2978 2068 ’

1886 2157 1953 2212 Et
1977 2158 2302 2213 exaltabimr
2331 2177 2495 2214 cornu
2535 2160 2695 2230 justi.
2727 2160 2902 2216 Simul
2940 2176 3006 2216 ac
3046 2162 3258 2219 vicerit.
3300 2161 3394 2216 Ju-

1815 2251 2056 2307 darorum
2098 2252 2241 2306 enim
2277 2252 2513 2323 populus
2543 2263 2665 2322 post
2699 2253 2938 2308 reditum
2985 2269 3017 2308 e
3055 2254 3395 2322 captivitate,

1817 2347 2168 2417 insurgentes
2192 2346 2246 2400 in
2273 2361 2332 2403 se
2355 2346 2566 2401 vicinas
2609 2355 2800 2416 gentes
2850 2347 3071 2402 devicit.
3133 2346 3197 2399 Et
3237 2346 3398 2401 Chri-

1821 2438 1983 2494 stiani
2011 2437 2178 2492 simili
2215 2439 2378 2492 modo
2403 2452 2466 2491 ex
2496 2436 2766 2491 idolorum
2801 2439 3062 2492 servitute
3087 2478 3104 2503 ,
3139 2437 3196 2492 in
3229 2438 3399 2492 liber-

1821 2537 1990 2585 tatem
2023 2529 2287 2592 restituti,
2331 2529 2640 2582 ttaernonum
2696 2528 2941 2581 omniurn
2971 2529 3118 2582 vires
3153 2528 3403 2582 confrin-

1822 2629 1976 2693 gunt,
2010 2620 2100 2690 qui
2130 2619 2348 2675 interim
2376 2619 2430 2672 in
2459 2621 2696 2674 circuitu
2728 2619 2878 2674 orbis
2909 2628 3058 2685 sunt,
3091 2629 3404 2689 qumrentes

1822 2728 1983 2783 quem
2008 2712 2293 2778 devorent,
2315 2719 2370 2764 et
2394 2711 2562 2766 variis
2617 2725 2717 2765 nos
2775 2711 3178 2766 tentationibus
3227 2693 3404 2779 imp‘e-

1824 2812 2020 2860 tentes.
2048 2803 2150 2858 Per
2179 2803 2387 2872 justum
2423 2811 2628 2868 autem,
2659 2802 2806 2873 pium
2841 2804 3142 2873 quemlibet
3191 2819 3256 2858 ac
3306 2820 3398 2859 rc-

1824 2897 2078 2969 ligiosum
2111 2895 2288 2952 virum
2341 2895 2631 2966 intelligit,
2686 2895 2770 2949 vel
2816 2895 3010 2966 ipsum,
3062 2895 3407 2957 Zorobabel,

1827 2989 1920 3059 qui
1955 2990 2212 3059 p0pnlutn
2241 3004 2270 3042 e
2301 2988 2617 3058 captivitate
2652 2988 2706 3042 in
2762 2989 2993 3058 patriam
3032 2989 3272 3044 reduxit.
3311 2988 3411 3044 Ve-

1830 3099 1949 3138 rum
1983 3083 2156 3152 magis
2184 3083 2405 3152 proprie
2440 3084 2556 3152 ipse
2589 3082 2912 3153 intelligitur
2929 3081 3212 3146 Christus,
3238 3081 3408 3136 veluti

1830 3177 1924 3245 qui
1949 3177 2096 3230 omni
2131 3177 2314 3230 caruit
2339 3187 2601 3247 peccato;
2633 3177 2793 3242 cuius
2825 3176 3052 3245 ﬁguram
3097 3177 3269 3231 tenuit
3304 3175 3414 3230 Ζο-

1753 3262 1796 3318 C
1830 3266 2077 3321 robahel.
2104 3265 2331 3332 Quoties
2367 3284 2496 3323 vero
2540 3267 2717 3324 ﬁdelis
2761 3269 3030 3338 quispiam
3058 3277 3150 3323 aut
3184 3277 3414 3352 martyr.

167 3357 502 3428 incorporeas
526 3359 832 3413 drenmnum
881 3362 1153 3429 potentias
1203 3362 1309 3416 sibi
1358 3361 1732 3425 adversantes,
1761 3368 1925 3430 atque
1951 3360 2308 3430 {insultantes
2355 3361 2614 3416 devicerit
2637 3365 2679 3429 ,ε
2709 3360 2911 3416 Christi
2963 3360 3205 3430 potentia
3241 3361 3415 3429 magis

165 3448 418 3502 cxaltatur
477 3457 534 3501 et
571 3447 792 3502 Chrism
843 3451 1017 3520 major
1066 3451 1184 3505 laus
1250 3452 1525 3518 tribuitur,
1585 3453 1678 3521 qui
1711 3459 1891 3506 tantas
1921 3450 1969 3505 ei
1999 3451 2142 3506 vires
2171 3451 2422 3521 praestitit
2449 3464 2501 3508 et
2532 3451 2718 3507 robur.

165 3547 261 3611 Εις
283 3544 344 3596 τὸ
373 3543 548 3610 τέλος
589 3545 833 3614 Ψαλμὸς
881 3544 958 3610 τῷ
991 3547 1209 3618 Ἀσάφ.
1245 3546 1383 3618 ᾨδὴ
1416 3547 1564 3616 πρὸς
1621 3549 1729 3602 τὸν

803 3638 1140 3706 Ἀσσύριον.

711 3729 1006 3785 ΨΑΛΜΟΣ
1061 3731 1181 3786 OE'.

230 3823 450 3894 Είρηται
471 3825 604 3894 ἡμῖν
640 3823 946 3895 καταρχὰς,
979 3824 1062 3876 ὅτι
1094 3825 1154 3876 ὲν
1207 3825 1339 3886 ταῖς
1395 3826 1732 3896 ἐπιγραφαῖς

165 3915 266 3967 τῶν
294 3915 518 3986 ψαλμῶν
569 3918 630 3969 τὸ
654 3918 757 3982 Εἰς
793 3916 859 3969 τὸ
899 3916 1078 3982 τέλος
1131 3917 1468 3986 προφητείαν
1523 3917 1674 3987 δηλοῖ
1716 3934 1729 3948 ’

168 4009 485 4076 παρεγγυῶν
522 4008 858 4062 ἀποϐλέπειν
886 4008 968 4070 είς
991 4007 1053 4060 τὸ
1105 4008 1257 4070 τέλος
1298 4009 1499 4065 αὐτῶν,
1534 4009 1736 4061 Λοιπὸν

167 4095 258 4153 οὖν
291 4100 568 4154 κάνταῦθα
593 4101 933 4171 προφητείαν
978 4101 1090 4171 (77)
1123 4101 1266 4153 κατὰ
1300 4102 1400 4170 μὲν
1440 4101 1735 4172 Ἐϐραίους

169 4197 264 4262 τῆς
296 4194 584 4266 συντριϐῆς
607 4194 718 4246 τῶν
751 4193 896 4263 ἀμφὶ
926 4193 1018 4246 τὸν
1051 4195 1401 4264 Σεναχηρεὶμ
1424 4233 1438 4260 ,
1492 4194 1634 4248 κατὰ
1679 4194 1735 4248 δὲ

168 4286 514 4355 Χριστιανοὺς
541 4285 650 4339 τῶν
677 4287 821 4356 ἀμφὶ
860 4285 1052 4356 νοητὸν
1084 4286 1456 4357 Σεναχηρεὶμ,
1493 4286 1615 4356 ἢτοι
1644 4286 1734 4339 τὸν

169 4379 402 4432 διάϐολον
427 4397 440 4409 ·
475 4380 572 4432 καὶ
604 4379 781 4439 ἄλλως
807 4379 864 4433 δὲ
893 4381 996 4444 Είς
1023 4378 1090 4431 τὸ
1117 4379 1316 4444 τέλος,
1349 4380 1431 4431 ὅτι
1477 4380 1607 4448 περὶ
1638 4378 1731 4431 τοῦ

170 4471 347 4534 τέλους
374 4471 467 4524 τοῦ
503 4473 714 4542 κόσμου
743 4470 1126 4538 διαλαμϐάνει,
1157 4471 1333 4523 εἴτουν
1367 4471 1466 4539 τῆς
1511 4470 1738 4540 μελλού-

172 4580 266 4634 σης
295 4565 521 4635 κρίσεως
554 4585 570 4596 ο
606 4564 666 4617 ἐν
705 4563 918 4631 ὕμνοις
939 4563 1017 4628 δὲ,
1046 4565 1126 4616 δτι
1156 4563 1572 4634 εὐχαριστήριάς
1591 4565 1738 4616 ἐστιν

1831 3546 1898 3601 In
1925 3546 2082 3616 ﬁnem
2125 3549 2180 3600 in
2209 3549 2416 3617 hymnis
2455 3547 2706 3602 Psalmus
2751 3549 2854 3616 ipsi
2895 3547 3092 3617 Asaplt.
3135 3547 3416 3606 Canticum

2419 3642 2489 3694 ad
2525 3641 2824 3711 Assyrium.

2325 3731 2651 3790 PSALMUS
2688 3732 2901 3792 LXXV.

1906 3827 2157 3884 Diximus
2208 3827 2262 3881 in
2315 3828 2581 3896 prooemio
2629 3827 2836 3896 operis.
2893 3825 3042 3898 quod
3080 3826 3198 3882 haec
3249 3825 3420 3883 verba

1836 3919 1904 3972 In
1984 3923 2166 3988 ﬁnem,
2237 3933 2359 3988 qua:
2431 3918 2485 3972 in
2549 3918 2890 3987 psalmorum
2957 3918 3422 3989 inscriptionibus

1833 4012 2128 4076 habentur,
2167 4011 2414 4065 indicant
2462 4010 2576 4065 illic
2625 4011 2976 4081 prophetiam
3009 4012 3280 4068 contineri
3320 4030 3334 4067 :
3369 4023 3425 4066 et

1831 4104 2090 4159 lectorem
2122 4103 2322 4172 jubent
2371 4103 2428 4157 in
2478 4104 2627 4158 illius
2668 4104 2830 4158 tinem
2888 4103 3160 4174 aspicere.
3213 4106 3272 4159 ln
3318 4104 3423 4159 hoc

1834 4197 2002 4267 igitur
2038 4197 2254 4266 psalmo
2303 4197 2437 4251 latet
2472 4197 2782 4266 prophetia,
2817 4212 2940 4266 quae
2971 4197 3126 4268 juxta
3167 4197 3426 4253 Hebraeos

1833 4286 2224 4342 destruendam
2281 4301 2404 4342 esse
2457 4288 2792 4356 praedicebat
2849 4295 3176 4356 potestatem
3211 4286 3427 4340 Sentia-

1841 4381 2030 4436 cherib
2064 4409 2078 4435 .-
2123 4390 2177 4435 et
2247 4381 2406 4450 juxta
2461 4379 2813 4436 Christianos
2872 4379 3266 4450 proﬂigandam
3320 4393 3425 4431 an-

1843 4475 2061 4525 nuntiat
2091 4471 2415 4537 dtemouem,
2443 4487 2605 4542 quem
2660 4487 2763 4526 nos
2806 4469 3232 4526 intellectualem
3286 4468 3426 4522 Sen.

1846 4564 2106 4619 nacherib
2143 4580 2268 4619 vere
2310 4579 2606 4634 possumus
2640 4563 2936 4633 appellare.
2976 4562 3070 4616 Vel
3109 4561 3314 4614 aliter:
3357 4558 3426 4613 In

168 4657 194 4706 6
227 4656 428 4726 ψαλμὺς
455 4656 552 4709 ἐπὶ
581 4659 647 4728 τῇ
673 4655 781 4709 τῶν
821 4655 964 4709 κατὰ
1004 4655 1284 4726 πολεμίων
1342 4656 1489 4728 νίκῃ.
1527 4655 1660 4724 Περὶ
1681 4652 1719 4708 δί

1842 4656 1999 4724 finem
2035 4656 2158 4710 ideo
2195 4655 2522 4710 inscribitur
2552 4656 2816 4725 psalmus,
2854 4656 2983 4724 quia
3017 4654 3108 4709 hic
3152 4661 3426 4707 tractatur

168 4745 262 4798 τοῦ
284 4767 289 4775 ν
310 4747 503 4816 Ἀσὰφ,
541 4747 621 4799 ἔτι
649 4747 705 4800 δὲ
746 4747 954 4816 καὶτῆς
983 4746 1151 4818 ᾠδῆς,
1170 4746 1742 4817 προπαραδεδώκαμεν

171 4839 227 4888 ὲν
258 4837 324 4907 τῷ
345 4838 635 4910 βροοιμίῳ
665 4841 764 4909 τῆς
796 4838 980 4908 βίϐλου
1012 4839 1122 4891 τῶν
1155 4838 1424 4908 Ψαλμῶν.
1456 4838 1614 4906 Πρὸς
1634 4838 1742 4892 τὸν

181 4928 492 4999 Ἀσσύριον
523 4930 602 4996 δὲ,
634 4930 779 4992 ἀντὶ,
809 4931 952 5001 Πρὸς
976 4931 1043 4983 τὰ
1099 4930 1239 4984 κατὰ
1298 4931 1386 4983 τὸν
1454 4930 1740 5001 ’Δσσύριον

170 5017 532 5092 Σεναχηρείμ.
565 5021 715 5091 Ὀρα
751 5022 811 5075 δὲ
835 5023 919 5076 ὅτι
948 5023 1008 5076 τὸ
1047 5022 1190 5076 θεῖον
1220 5023 1445 5093 Πνεῦμα
1474 5025 1542 5094 τῇ
1605 5025 1740 5076 Ἰου-

166 5108 323 5180 δαϊκῇ
387 5113 603 5184 ἱστορία
669 5113 1032 5186 Χριστιανικὰ
1066 5113 1317 5184 δόγματα
1375 5113 1742 5181 συνέπλεξεν*

171 5201 250 5264 ὡς
286 5202 630 5276 ψυχαγωγεῖν
651 5207 751 5277 μὲν
776 5207 872 5261 καὶ
911 5208 1003 5262 τὸν
1042 5207 1296 5280 Ἐϐραῖον
1336 5208 1610 5271 ταπεινῶς
1648 5209 1744 5262 ἐκ·

164 5293 449 5365 δεχόμενον
480 5299 549 5353 τὰ
586 5299 752 5371 ῥητὰ,
784 5300 1100 5371 εὐφραίνειν
1130 5300 1186 5353 δὲ
1219 5301 1422 5372 μᾶλλον
1463 5301 1558 5354 τὸν
1615 5299 1654 5352 Χ
1667 5316 1748 5369 ρι-

167 5388 402 5452 στιανὺν,
429 5388 651 5461 ὑψηλῶς
681 5389 860 5443 ταῦτα.
890 5389 1142 5448 νοοῦντα.

1849 4746 1916 4800 de
1942 4747 2126 4799 mundi
2171 4760 2234 4800 ac
2281 4746 2450 4800 futuri
2500 4745 2692 4816 iudicii
2736 4747 2859 4800 line.
2909 4744 2974 4799 In
3028 4745 3236 4814 hymnis
3275 4759 3422 4807 vero,

1851 4838 1974 4908 quia
2022 4839 2323 4908 gratiarum
2391 4840 2640 4894 actiones
2703 4841 2979 4901 continet,
3040 4853 3136 4908 pro
3201 4839 3427 4892 obtenta

1855 4931 2104 4986 victoria.
2139 4929 2210 4986 De
2245 4931 2430 5001 Asaph
2465 4939 2520 4984 et
2550 4933 2769 4985 cantico
2803 4932 3046 4985 diximus
3074 4932 3126 4983 in
3153 4929 3430 4983 Pleminio

1849 5023 2053 5091 operis.
2113 5023 2196 5076 Ad
2246 5023 2528 5094 Assyrium
2585 5038 2716 5078 vero
2751 5065 2766 5088 ,
2834 5023 2964 5091 quia
3046 5019 3429 5074 Sennachcrib

1851 5115 2106 5186 Assyrius
2138 5124 2275 5174 erat.
2301 5115 2383 5170 Ad
2418 5115 2571 5170 illum
2596 5115 2741 5170 enim
2778 5115 2946 5168 multa
2975 5115 3268 5183 pertinent,
3299 5125 3427 5177 qua}

1849 5208 1900 5261 in
1941 5209 2195 5278 prarsenti
2231 5208 2441 5278 psalmo
2476 5207 2775 5262 habentur.
2806 5204 2886 5258 Tu
2927 5219 3052 5258 vero
3113 5200 3246 5256 illud
3295 5216 3428 5254 con-

1847 5300 2052 5362 sidera,
2110 5317 2219 5370 quo
2274 5310 2435 5369 pacto
2494 5308 2722 5355 sanctus
2791 5296 3030 5366 Spiritus
3088 5294 3252 5348 simul
3298 5306 3428 5346 cum

1846 5389 2078 5446 Judaica
2114 5391 2344 5446 historia
2377 5390 2690 5446 Christiana
2715 5387 2972 5457 dogmata
2995 5385 3428 5454 complicavcrit,

165 5487 229 5530 ut
261 5486 317 5532 et
340 5478 535 5536 Judaeis
561 5483 806 5536 solamen
839 5490 1083 5553 praestet,
1122 5484 1216 5554 qui
1290 5483 1530 5540 humiles
1595 5491 1806 5539 tantum
1851 5498 2054 5539 sensus
2109 5492 2444 5554 sequuntur,
2499 5491 2548 5538 et
2612 5481 2984 5538 Christianum
3033 5478 3200 5534 etiam
3251 5476 3431 5546 magis

164 5569 416 5639 laztilicet,
445 5575 510 5629 ad
541 5574 892 5630 sublimiores
925 5576 1241 5634 tendentem
1266 5593 1330 5633 ac
1356 5586 1732 5648 penetrantem
1775 5580 2298 5650 contemplationes.

1461 5743 1655 5806 Variae
1695 5744 2020 5807 lectiones.

235 5861 353 5936 (77)
382 5862 533 5922 Deest
574 5864 824 5929 verbum,
870 5877 996 5938 puta
1033 5868 1140 5922 νόει
1181 5880 1271 5923 aut
1312 5868 1512 5925 simile.
