  <div class='ocr_page' id='page_1' title='image "/cluster/home/n/w/nwhite01/storage/ocr_20150623/128/hvd.32044019208230/394.png"; bbox 0 0 3862 6540; ppageno 0'>
   <div class='ocr_carea' id='block_1_1' title="bbox 161 368 340 445">
    <p class='ocr_par' dir='ltr' id='par_1_1' title="bbox 161 368 340 445">
     <span class='ocr_line' id='line_1_1' title="bbox 161 368 340 445; baseline 0 -14"><span class='ocrx_word' id='word_1_1' title='bbox 161 368 254 432; x_wconf 79' lang='lat'><strong>773</strong></span> <span class='ocrx_word' id='word_1_2' title='bbox 334 440 340 445; x_wconf 42' lang='grc'><strong>,</strong></span> 
     </span>
    </p>
   </div>
   <div class='ocr_carea' id='block_1_2' title="bbox 1291 371 2197 442">
    <p class='ocr_par' dir='ltr' id='par_1_2' title="bbox 1291 371 2197 442">
     <span class='ocr_line' id='line_1_2' title="bbox 1291 371 2197 442; baseline 0.009 -10"><span class='ocrx_word' id='word_1_3' title='bbox 1291 371 1685 435; x_wconf 79' lang='lat' dir='ltr'><strong>COMMEN&#39;I‘.</strong></span> <span class='ocrx_word' id='word_1_4' title='bbox 1727 376 1806 437; x_wconf 88' lang='lat' dir='ltr'><strong>lN</strong></span> <span class='ocrx_word' id='word_1_5' title='bbox 1835 377 2197 442; x_wconf 75' lang='lat' dir='ltr'><strong>PSALMOS.</strong></span> 
     </span>
    </p>
   </div>
   <div class='ocr_carea' id='block_1_3' title="bbox 3287 387 3424 451">
    <p class='ocr_par' dir='ltr' id='par_1_3' title="bbox 3287 387 3424 451">
     <span class='ocr_line' id='line_1_3' title="bbox 3287 387 3424 451; baseline -0.029 -2"><span class='ocrx_word' id='word_1_6' title='bbox 3287 387 3424 451; x_wconf 66' lang='grc'>774,</span> 
     </span>
    </p>
   </div>
   <div class='ocr_carea' id='block_1_4' title="bbox 160 477 1716 568">
    <p class='ocr_par' dir='ltr' id='par_1_4' title="bbox 160 477 1715 557">
     <span class='ocr_line' id='line_1_4' title="bbox 160 477 1715 557; baseline 0.003 -23"><span class='ocrx_word' id='word_1_7' title='bbox 160 481 245 534; x_wconf 66' lang='grc' dir='ltr'><strong>καί</strong></span> <span class='ocrx_word' id='word_1_8' title='bbox 265 477 586 549; x_wconf 67' lang='grc' dir='ltr'>ῥομφαίαν,</span> <span class='ocrx_word' id='word_1_9' title='bbox 615 477 711 532; x_wconf 71' lang='grc' dir='ltr'>καὶ</span> <span class='ocrx_word' id='word_1_10' title='bbox 751 478 1039 549; x_wconf 75' lang='grc' dir='ltr'>πόλεμον.</span> <span class='ocrx_word' id='word_1_11' title='bbox 1077 480 1389 553; x_wconf 78' lang='grc' dir='ltr'>Ἱστορικῶς</span> <span class='ocrx_word' id='word_1_12' title='bbox 1449 485 1546 553; x_wconf 82' lang='grc' dir='ltr'><strong>μὲν</strong></span> <span class='ocrx_word' id='word_1_13' title='bbox 1583 490 1715 557; x_wconf 71' lang='grc' dir='ltr'>περὶ</span> 
     </span>
    </p>
   </div>
   <div class='ocr_carea' id='block_1_5' title="bbox 1825 477 3404 568">
    <p class='ocr_par' dir='ltr' id='par_1_5' title="bbox 1825 489 3404 568">
     <span class='ocr_line' id='line_1_5' title="bbox 1825 489 3404 568; baseline 0.005 -25"><span class='ocrx_word' id='word_1_14' title='bbox 1825 491 2074 559; x_wconf 69' lang='lat' dir='ltr'><strong>gladium,</strong></span> <span class='ocrx_word' id='word_1_15' title='bbox 2106 503 2157 546; x_wconf 81' lang='lat' dir='ltr'><strong>et</strong></span> <span class='ocrx_word' id='word_1_16' title='bbox 2204 490 2420 547; x_wconf 75' lang='lat' dir='ltr'><strong>bellum.</strong></span> <span class='ocrx_word' id='word_1_17' title='bbox 2456 489 2625 548; x_wconf 75' lang='lat' dir='ltr'><strong>Juxta</strong></span> <span class='ocrx_word' id='word_1_18' title='bbox 2677 492 2959 549; x_wconf 89' lang='lat' dir='ltr'><strong>historiam</strong></span> <span class='ocrx_word' id='word_1_19' title='bbox 3012 493 3116 549; x_wconf 81' lang='lat' dir='ltr'><strong>hoc</strong></span> <span class='ocrx_word' id='word_1_20' title='bbox 3166 499 3404 568; x_wconf 80' lang='lat' dir='ltr'><strong>pertinet</strong></span> 
     </span>
    </p>
   </div>
   <div class='ocr_carea' id='block_1_6' title="bbox 159 570 1719 649">
    <p class='ocr_par' dir='ltr' id='par_1_6' title="bbox 159 570 1719 649">
     <span class='ocr_line' id='line_1_6' title="bbox 159 570 1719 649; baseline 0.002 -20"><span class='ocrx_word' id='word_1_21' title='bbox 159 576 246 643; x_wconf 71' lang='grc' dir='ltr'>τῆς</span> <span class='ocrx_word' id='word_1_22' title='bbox 265 570 531 634; x_wconf 79' lang='grc' dir='ltr'><strong>ἀπωλείας</strong></span> <span class='ocrx_word' id='word_1_23' title='bbox 557 570 667 623; x_wconf 83' lang='grc' dir='ltr'><strong>τῶν</strong></span> <span class='ocrx_word' id='word_1_24' title='bbox 710 573 1011 646; x_wconf 76' lang='grc' dir='ltr'><strong>Ἀσσυρίων</strong></span> <span class='ocrx_word' id='word_1_25' title='bbox 1062 574 1256 628; x_wconf 78' lang='grc' dir='ltr'>ταῦτα.</span> <span class='ocrx_word' id='word_1_26' title='bbox 1299 576 1454 630; x_wconf 83' lang='grc' dir='ltr'><strong>Ἐκεῖ</strong></span> <span class='ocrx_word' id='word_1_27' title='bbox 1477 578 1577 649; x_wconf 82' lang='grc' dir='ltr'>μὲν</span> <span class='ocrx_word' id='word_1_28' title='bbox 1597 580 1719 632; x_wconf 72' lang='grc' dir='ltr'>διν-,ἱ</span> 
     </span>
    </p>
   </div>
   <div class='ocr_carea' id='block_1_7' title="bbox 159 663 1718 740">
    <p class='ocr_par' dir='ltr' id='par_1_7' title="bbox 159 663 1718 740">
     <span class='ocr_line' id='line_1_7' title="bbox 159 663 1718 740; baseline 0.001 -19"><span class='ocrx_word' id='word_1_29' title='bbox 159 666 260 732; x_wconf 82' lang='grc' dir='ltr'>τοῦ,</span> <span class='ocrx_word' id='word_1_30' title='bbox 292 667 346 718; x_wconf 73' lang='grc' dir='ltr'><strong>ἐν</strong></span> <span class='ocrx_word' id='word_1_31' title='bbox 372 663 513 718; x_wconf 87' lang='grc' dir='ltr'>Σιών</span> <span class='ocrx_word' id='word_1_32' title='bbox 539 683 551 696; x_wconf 69' lang='grc'>³</span> <span class='ocrx_word' id='word_1_33' title='bbox 591 664 922 734; x_wconf 70' lang='grc' dir='ltr'>Συνέτριψε</span> <span class='ocrx_word' id='word_1_34' title='bbox 969 666 1047 731; x_wconf 80' lang='grc' dir='ltr'><strong>δὲ,</strong></span> <span class='ocrx_word' id='word_1_35' title='bbox 1085 666 1207 720; x_wconf 75' lang='grc' dir='ltr'>ἀντὶ</span> <span class='ocrx_word' id='word_1_36' title='bbox 1236 668 1329 721; x_wconf 77' lang='grc' dir='ltr'><strong>τοῦ</strong></span> <span class='ocrx_word' id='word_1_37' title='bbox 1382 671 1718 740; x_wconf 75' lang='grc' dir='ltr'>Καιήργησε</span> 
     </span>
    </p>
   </div>
   <div class='ocr_carea' id='block_1_8' title="bbox 159 758 1719 829">
    <p class='ocr_par' dir='ltr' id='par_1_8' title="bbox 159 758 1719 829">
     <span class='ocr_line' id='line_1_8' title="bbox 159 758 1719 829; baseline 0.002 -15"><span class='ocrx_word' id='word_1_38' title='bbox 159 762 244 826; x_wconf 66' lang='grc' dir='ltr'><strong>τὰς</strong></span> <span class='ocrx_word' id='word_1_39' title='bbox 274 760 528 829; x_wconf 78' lang='grc' dir='ltr'>δυνάμεις</span> <span class='ocrx_word' id='word_1_40' title='bbox 550 758 661 811; x_wconf 82' lang='grc' dir='ltr'><strong>τῶν</strong></span> <span class='ocrx_word' id='word_1_41' title='bbox 691 758 860 827; x_wconf 76' lang='grc' dir='ltr'>τόξων</span> <span class='ocrx_word' id='word_1_42' title='bbox 886 775 900 789; x_wconf 76' lang='grc' dir='ltr'>ο</span> <span class='ocrx_word' id='word_1_43' title='bbox 921 759 1084 813; x_wconf 84' lang='grc' dir='ltr'>ὅπλον</span> <span class='ocrx_word' id='word_1_44' title='bbox 1117 760 1175 814; x_wconf 81' lang='grc' dir='ltr'><strong>δὲ</strong></span> <span class='ocrx_word' id='word_1_45' title='bbox 1230 762 1385 815; x_wconf 86' lang='grc' dir='ltr'>καλεί</span> <span class='ocrx_word' id='word_1_46' title='bbox 1416 762 1510 816; x_wconf 80' lang='grc' dir='ltr'>νῦν</span> <span class='ocrx_word' id='word_1_47' title='bbox 1565 765 1625 816; x_wconf 80' lang='grc' dir='ltr'>οὐ</span> <span class='ocrx_word' id='word_1_48' title='bbox 1661 765 1719 817; x_wconf 75' lang='grc' dir='ltr'>τὸ</span> 
     </span>
    </p>
   </div>
   <div class='ocr_carea' id='block_1_9' title="bbox 161 835 1716 926">
    <p class='ocr_par' dir='ltr' id='par_1_9' title="bbox 161 835 1716 926">
     <span class='ocr_line' id='line_1_9' title="bbox 161 835 1716 926; baseline 0 -18"><span class='ocrx_word' id='word_1_49' title='bbox 161 835 492 924; x_wconf 60' lang='grc' dir='ltr'>ἀμυντήριον,</span> <span class='ocrx_word' id='word_1_50' title='bbox 544 850 683 905; x_wconf 79' lang='grc' dir='ltr'>ἀλλὰ</span> <span class='ocrx_word' id='word_1_51' title='bbox 732 851 792 905; x_wconf 82' lang='grc' dir='ltr'>τὸ</span> <span class='ocrx_word' id='word_1_52' title='bbox 821 850 1218 922; x_wconf 77' lang='grc' dir='ltr'><strong>φυλακτήριον,</strong></span> <span class='ocrx_word' id='word_1_53' title='bbox 1274 848 1388 906; x_wconf 74' lang='grc' dir='ltr'>οἷον</span> <span class='ocrx_word' id='word_1_54' title='bbox 1462 853 1716 926; x_wconf 77' lang='grc' dir='ltr'><strong>Θώρακα,</strong></span> 
     </span>
    </p>
   </div>
   <div class='ocr_carea' id='block_1_10' title="bbox 160 934 1719 1017">
    <p class='ocr_par' dir='ltr' id='par_1_10' title="bbox 160 934 1719 1017">
     <span class='ocr_line' id='line_1_10' title="bbox 160 934 1719 1017; baseline 0 -16"><span class='ocrx_word' id='word_1_55' title='bbox 160 949 240 1001; x_wconf 66' lang='grc' dir='ltr'><strong>καὶ</strong></span> <span class='ocrx_word' id='word_1_56' title='bbox 279 945 330 999; x_wconf 84' lang='grc' dir='ltr'><strong>εί</strong></span> <span class='ocrx_word' id='word_1_57' title='bbox 377 962 431 998; x_wconf 87' lang='grc' dir='ltr'><strong>τι</strong></span> <span class='ocrx_word' id='word_1_58' title='bbox 457 944 702 998; x_wconf 82' lang='grc' dir='ltr'>τοιοῦτον</span> <span class='ocrx_word' id='word_1_59' title='bbox 727 961 739 974; x_wconf 89' lang='grc'><strong>·</strong></span> <span class='ocrx_word' id='word_1_60' title='bbox 789 944 851 1009; x_wconf 80' lang='grc' dir='ltr'><strong>ἐξ</strong></span> <span class='ocrx_word' id='word_1_61' title='bbox 899 939 960 1017; x_wconf 77' lang='grc' dir='ltr'>οὗ</span> <span class='ocrx_word' id='word_1_62' title='bbox 1003 946 1096 998; x_wconf 79' lang='grc' dir='ltr'>καὶ</span> <span class='ocrx_word' id='word_1_63' title='bbox 1137 946 1385 1016; x_wconf 80' lang='grc' dir='ltr'>ὁπλίτης,</span> <span class='ocrx_word' id='word_1_64' title='bbox 1424 950 1451 1000; x_wconf 88' lang='grc' dir='ltr'>ὁ</span> <span class='ocrx_word' id='word_1_65' title='bbox 1484 934 1719 1017; x_wconf 70' lang='grc' dir='ltr'>τεθωραν</span> 
     </span>
    </p>
   </div>
   <div class='ocr_carea' id='block_1_11' title="bbox 161 1016 1717 1110">
    <p class='ocr_par' dir='ltr' id='par_1_11' title="bbox 161 1016 1717 1110">
     <span class='ocr_line' id='line_1_11' title="bbox 161 1016 1717 1110; baseline -0.001 -18"><span class='ocrx_word' id='word_1_66' title='bbox 161 1038 414 1108; x_wconf 74' lang='grc' dir='ltr'>κισμὲνος,</span> <span class='ocrx_word' id='word_1_67' title='bbox 436 1036 575 1107; x_wconf 71' lang='grc' dir='ltr'>πρὸς</span> <span class='ocrx_word' id='word_1_68' title='bbox 637 1016 1051 1108; x_wconf 65' lang='grc' dir='ltr'>ἁντιδιασῖτολὴν</span> <span class='ocrx_word' id='word_1_69' title='bbox 1093 1038 1186 1091; x_wconf 79' lang='grc' dir='ltr'>τοῦ</span> <span class='ocrx_word' id='word_1_70' title='bbox 1219 1038 1376 1108; x_wconf 73' lang='grc' dir='ltr'>ψιλοῦ</span> <span class='ocrx_word' id='word_1_71' title='bbox 1398 1059 1411 1068; x_wconf 89' lang='grc'><strong>·</strong></span> <span class='ocrx_word' id='word_1_72' title='bbox 1469 1016 1717 1110; x_wconf 75' lang='grc' dir='ltr'>ῥομφαία</span> 
     </span>
    </p>
   </div>
   <div class='ocr_carea' id='block_1_12' title="bbox 159 1128 1716 1201">
    <p class='ocr_par' dir='ltr' id='par_1_12' title="bbox 159 1128 1716 1201">
     <span class='ocr_line' id='line_1_12' title="bbox 159 1128 1716 1201; baseline -0.001 -17"><span class='ocrx_word' id='word_1_73' title='bbox 159 1129 503 1201; x_wconf 71' lang='grc' dir='ltr'>δὲήσπάθη³</span> <span class='ocrx_word' id='word_1_74' title='bbox 561 1128 657 1181; x_wconf 74' lang='grc' dir='ltr'>καὶ</span> <span class='ocrx_word' id='word_1_75' title='bbox 695 1128 964 1198; x_wconf 79' lang='grc' dir='ltr'><strong>προέταξε</strong></span> <span class='ocrx_word' id='word_1_76' title='bbox 1025 1129 1124 1198; x_wconf 80' lang='grc' dir='ltr'><strong>μὲν</strong></span> <span class='ocrx_word' id='word_1_77' title='bbox 1176 1130 1242 1182; x_wconf 82' lang='grc' dir='ltr'>τὰ</span> <span class='ocrx_word' id='word_1_78' title='bbox 1287 1128 1440 1196; x_wconf 79' lang='grc' dir='ltr'>τόξα,</span> <span class='ocrx_word' id='word_1_79' title='bbox 1502 1132 1586 1184; x_wconf 79' lang='grc' dir='ltr'>ὅτι</span> <span class='ocrx_word' id='word_1_80' title='bbox 1657 1131 1716 1183; x_wconf 75' lang='grc' dir='ltr'>τὸ</span> 
     </span>
    </p>
   </div>
   <div class='ocr_carea' id='block_1_13' title="bbox 160 1218 1717 1291">
    <p class='ocr_par' dir='ltr' id='par_1_13' title="bbox 160 1218 1717 1291">
     <span class='ocr_line' id='line_1_13' title="bbox 160 1218 1717 1291; baseline -0.001 -16"><span class='ocrx_word' id='word_1_81' title='bbox 160 1223 320 1275; x_wconf 76' lang='grc' dir='ltr'>ιιὶεῖον</span> <span class='ocrx_word' id='word_1_82' title='bbox 347 1222 404 1273; x_wconf 87' lang='grc' dir='ltr'><strong>ἐν</strong></span> <span class='ocrx_word' id='word_1_83' title='bbox 430 1219 611 1286; x_wconf 81' lang='grc' dir='ltr'>τόξοις</span> <span class='ocrx_word' id='word_1_84' title='bbox 646 1219 914 1291; x_wconf 79' lang='grc' dir='ltr'>ἐκράτουν</span> <span class='ocrx_word' id='word_1_85' title='bbox 953 1222 1001 1273; x_wconf 80' lang='lat' dir='ltr'><strong>oi</strong></span> <span class='ocrx_word' id='word_1_86' title='bbox 1078 1220 1377 1291; x_wconf 76' lang='grc' dir='ltr'>Ἀσσύριοι.</span> <span class='ocrx_word' id='word_1_87' title='bbox 1443 1218 1573 1274; x_wconf 78' lang='grc' dir='ltr'>Εἶτα</span> <span class='ocrx_word' id='word_1_88' title='bbox 1628 1222 1717 1275; x_wconf 71' lang='grc' dir='ltr'><strong>διὰ</strong></span> 
     </span>
    </p>
   </div>
   <div class='ocr_carea' id='block_1_14' title="bbox 163 1308 1715 1380">
    <p class='ocr_par' dir='ltr' id='par_1_14' title="bbox 163 1308 1715 1380">
     <span class='ocr_line' id='line_1_14' title="bbox 163 1308 1715 1380; baseline 0.001 -18"><span class='ocrx_word' id='word_1_89' title='bbox 163 1312 242 1380; x_wconf 79' lang='grc' dir='ltr'>μὲν</span> <span class='ocrx_word' id='word_1_90' title='bbox 267 1308 353 1361; x_wconf 81' lang='grc' dir='ltr'><strong>τοῦ</strong></span> <span class='ocrx_word' id='word_1_91' title='bbox 375 1308 544 1362; x_wconf 83' lang='grc' dir='ltr'>ὅπλου</span> <span class='ocrx_word' id='word_1_92' title='bbox 586 1309 696 1361; x_wconf 78' lang='grc' dir='ltr'>πᾶν</span> <span class='ocrx_word' id='word_1_93' title='bbox 715 1309 1084 1380; x_wconf 72' lang='grc' dir='ltr'>φυλακτήριον</span> <span class='ocrx_word' id='word_1_94' title='bbox 1108 1310 1364 1379; x_wconf 62' lang='grc' dir='ltr'>ἐνέφηνε,</span> <span class='ocrx_word' id='word_1_95' title='bbox 1395 1310 1491 1363; x_wconf 65' lang='grc' dir='ltr'>διὰ</span> <span class='ocrx_word' id='word_1_96' title='bbox 1531 1310 1587 1363; x_wconf 84' lang='grc' dir='ltr'>δὲ</span> <span class='ocrx_word' id='word_1_97' title='bbox 1617 1312 1715 1379; x_wconf 74' lang='grc' dir='ltr'>τῆς</span> 
     </span>
    </p>
   </div>
   <div class='ocr_carea' id='block_1_15' title="bbox 162 1401 1715 1473">
    <p class='ocr_par' dir='ltr' id='par_1_15' title="bbox 162 1401 1715 1473">
     <span class='ocr_line' id='line_1_15' title="bbox 162 1401 1715 1473; baseline 0.001 -20"><span class='ocrx_word' id='word_1_98' title='bbox 162 1402 412 1473; x_wconf 68' lang='grc' dir='ltr'>ῥομφαίας</span> <span class='ocrx_word' id='word_1_99' title='bbox 454 1401 569 1454; x_wconf 79' lang='grc' dir='ltr'>πᾶν</span> <span class='ocrx_word' id='word_1_100' title='bbox 599 1401 959 1472; x_wconf 77' lang='grc' dir='ltr'><strong>ἀμυντήριον.</strong></span> <span class='ocrx_word' id='word_1_101' title='bbox 990 1401 1319 1456; x_wconf 85' lang='grc' dir='ltr'>Τελευταίον</span> <span class='ocrx_word' id='word_1_102' title='bbox 1354 1402 1412 1455; x_wconf 83' lang='grc' dir='ltr'><strong>δὲ</strong></span> <span class='ocrx_word' id='word_1_103' title='bbox 1466 1403 1715 1472; x_wconf 80' lang='grc' dir='ltr'>ἐπήγαγε</span> 
     </span>
    </p>
   </div>
   <div class='ocr_carea' id='block_1_16' title="bbox 159 1488 1715 1565">
    <p class='ocr_par' dir='ltr' id='par_1_16' title="bbox 159 1488 1715 1565">
     <span class='ocr_line' id='line_1_16' title="bbox 159 1488 1715 1565; baseline -0.002 -16"><span class='ocrx_word' id='word_1_104' title='bbox 159 1497 238 1549; x_wconf 76' lang='grc' dir='ltr'><strong>καὶ</strong></span> <span class='ocrx_word' id='word_1_105' title='bbox 264 1494 348 1546; x_wconf 82' lang='grc' dir='ltr'>τὸν</span> <span class='ocrx_word' id='word_1_106' title='bbox 376 1493 619 1564; x_wconf 83' lang='grc' dir='ltr'>πόλεμον</span> <span class='ocrx_word' id='word_1_107' title='bbox 648 1493 836 1557; x_wconf 77' lang='grc' dir='ltr'>αὑτὸν,</span> <span class='ocrx_word' id='word_1_108' title='bbox 870 1494 1013 1548; x_wconf 78' lang='grc' dir='ltr'>δι’δν</span> <span class='ocrx_word' id='word_1_109' title='bbox 1035 1495 1233 1556; x_wconf 78' lang='grc' dir='ltr'>ταῦτα,</span> <span class='ocrx_word' id='word_1_110' title='bbox 1282 1498 1376 1547; x_wconf 74' lang='grc' dir='ltr'><strong>καὶ</strong></span> <span class='ocrx_word' id='word_1_111' title='bbox 1429 1488 1489 1549; x_wconf 76' lang='grc' dir='ltr'>οὗ</span> <span class='ocrx_word' id='word_1_112' title='bbox 1544 1494 1715 1565; x_wconf 85' lang='grc' dir='ltr'>σκεύη</span> 
     </span>
    </p>
   </div>
   <div class='ocr_carea' id='block_1_17' title="bbox 166 1583 1718 1656">
    <p class='ocr_par' dir='ltr' id='par_1_17' title="bbox 166 1583 1718 1656">
     <span class='ocr_line' id='line_1_17' title="bbox 166 1583 1718 1656; baseline -0.003 -16"><span class='ocrx_word' id='word_1_113' title='bbox 166 1587 318 1640; x_wconf 78' lang='grc' dir='ltr'>ταῦτα</span> <span class='ocrx_word' id='word_1_114' title='bbox 357 1585 453 1639; x_wconf 77' lang='grc' dir='ltr'>καὶ</span> <span class='ocrx_word' id='word_1_115' title='bbox 486 1583 720 1656; x_wconf 76' lang='grc' dir='ltr'>ὄργανα.</span> <span class='ocrx_word' id='word_1_116' title='bbox 749 1583 1138 1653; x_wconf 80' lang='grc' dir='ltr'>Ἀναγωγικῶς</span> <span class='ocrx_word' id='word_1_117' title='bbox 1193 1584 1248 1636; x_wconf 78' lang='grc' dir='ltr'><strong>δὲ</strong></span> <span class='ocrx_word' id='word_1_118' title='bbox 1309 1585 1441 1648; x_wconf 78' lang='grc' dir='ltr'>τόξα</span> <span class='ocrx_word' id='word_1_119' title='bbox 1500 1584 1600 1655; x_wconf 83' lang='grc' dir='ltr'>μὲν</span> <span class='ocrx_word' id='word_1_120' title='bbox 1660 1584 1718 1636; x_wconf 89' lang='grc' dir='ltr'>αἱ</span> 
     </span>
    </p>
   </div>
   <div class='ocr_carea' id='block_1_18' title="bbox 164 1667 1717 1747">
    <p class='ocr_par' dir='ltr' id='par_1_18' title="bbox 164 1667 1717 1747">
     <span class='ocr_line' id='line_1_18' title="bbox 164 1667 1717 1747; baseline -0.004 -16"><span class='ocrx_word' id='word_1_121' title='bbox 164 1676 409 1747; x_wconf 77' lang='grc' dir='ltr'>μεθοδείαι</span> <span class='ocrx_word' id='word_1_122' title='bbox 487 1675 587 1729; x_wconf 80' lang='grc' dir='ltr'>καὶ</span> <span class='ocrx_word' id='word_1_123' title='bbox 655 1676 900 1745; x_wconf 82' lang='grc' dir='ltr'>μηχαναὶ</span> <span class='ocrx_word' id='word_1_124' title='bbox 969 1674 1080 1727; x_wconf 84' lang='grc' dir='ltr'>τῶν</span> <span class='ocrx_word' id='word_1_125' title='bbox 1148 1674 1441 1744; x_wconf 83' lang='grc' dir='ltr'>δαιμόνων,</span> <span class='ocrx_word' id='word_1_126' title='bbox 1505 1673 1599 1742; x_wconf 66' lang='grc' dir='ltr'><strong>ἀφ’</strong></span> <span class='ocrx_word' id='word_1_127' title='bbox 1641 1667 1717 1727; x_wconf 84' lang='grc' dir='ltr'>ὧν</span> 
     </span>
    </p>
   </div>
   <div class='ocr_carea' id='block_1_19' title="bbox 162 1764 1716 1839">
    <p class='ocr_par' dir='ltr' id='par_1_19' title="bbox 162 1764 1716 1839">
     <span class='ocr_line' id='line_1_19' title="bbox 162 1764 1716 1839; baseline -0.004 -16"><span class='ocrx_word' id='word_1_128' title='bbox 162 1770 382 1839; x_wconf 76' lang='grc' dir='ltr'>ἀφίενται</span> <span class='ocrx_word' id='word_1_129' title='bbox 414 1766 549 1838; x_wconf 76' lang='grc' dir='ltr'>βέλη</span> <span class='ocrx_word' id='word_1_130' title='bbox 585 1766 778 1821; x_wconf 82' lang='grc' dir='ltr'>παθῶν</span> <span class='ocrx_word' id='word_1_131' title='bbox 818 1766 1201 1837; x_wconf 82' lang='grc' dir='ltr'>πεπυρωμένα</span> <span class='ocrx_word' id='word_1_132' title='bbox 1225 1781 1240 1794; x_wconf 86' lang='grc'>⁶</span> <span class='ocrx_word' id='word_1_133' title='bbox 1274 1766 1440 1819; x_wconf 84' lang='grc' dir='ltr'>ὅπλον</span> <span class='ocrx_word' id='word_1_134' title='bbox 1497 1764 1559 1818; x_wconf 83' lang='grc' dir='ltr'>δὲ</span> <span class='ocrx_word' id='word_1_135' title='bbox 1612 1783 1716 1835; x_wconf 83' lang='grc' dir='ltr'><strong>φυ-</strong></span> 
     </span>
    </p>
   </div>
   <div class='ocr_carea' id='block_1_20' title="bbox 1821 584 3399 656">
    <p class='ocr_par' dir='ltr' id='par_1_20' title="bbox 1821 584 3399 656">
     <span class='ocr_line' id='line_1_20' title="bbox 1821 584 3399 656; baseline 0.005 -17"><span class='ocrx_word' id='word_1_136' title='bbox 1821 586 1887 639; x_wconf 85' lang='lat' dir='ltr'><strong>ad</strong></span> <span class='ocrx_word' id='word_1_137' title='bbox 1920 586 2273 656; x_wconf 74' lang='lat' dir='ltr'><strong>Assyriorum</strong></span> <span class='ocrx_word' id='word_1_138' title='bbox 2305 584 2758 649; x_wconf 86' lang='lat' dir='ltr'><strong>destructionem,</strong></span> <span class='ocrx_word' id='word_1_139' title='bbox 2815 589 2926 643; x_wconf 79' lang='lat' dir='ltr'><strong>illic</strong></span> <span class='ocrx_word' id='word_1_140' title='bbox 2972 591 3116 644; x_wconf 83' lang='lat' dir='ltr'><strong>enim</strong></span> <span class='ocrx_word' id='word_1_141' title='bbox 3167 592 3221 647; x_wconf 89' lang='lat' dir='ltr'><strong>in</strong></span> <span class='ocrx_word' id='word_1_142' title='bbox 3265 590 3399 647; x_wconf 83' lang='lat' dir='ltr'><strong>Sion</strong></span> 
     </span>
    </p>
   </div>
   <div class='ocr_carea' id='block_1_21' title="bbox 1826 672 3405 747">
    <p class='ocr_par' dir='ltr' id='par_1_21' title="bbox 1826 672 3405 747">
     <span class='ocr_line' id='line_1_21' title="bbox 1826 672 3405 747; baseline 0.006 -22"><span class='ocrx_word' id='word_1_143' title='bbox 1826 672 1964 727; x_wconf 83' lang='lat' dir='ltr'><strong>Deus</strong></span> <span class='ocrx_word' id='word_1_144' title='bbox 1996 687 2224 728; x_wconf 87' lang='lat' dir='ltr'><strong>arcuum</strong></span> <span class='ocrx_word' id='word_1_145' title='bbox 2258 674 2403 731; x_wconf 83' lang='lat' dir='ltr'><strong>vires</strong></span> <span class='ocrx_word' id='word_1_146' title='bbox 2429 677 2712 740; x_wconf 78' lang='lat' dir='ltr'><strong>contrivit,</strong></span> <span class='ocrx_word' id='word_1_147' title='bbox 2748 679 2850 731; x_wconf 89' lang='lat' dir='ltr'><strong>hoc</strong></span> <span class='ocrx_word' id='word_1_148' title='bbox 2894 687 2999 743; x_wconf 84' lang='lat' dir='ltr'><strong>est,</strong></span> <span class='ocrx_word' id='word_1_149' title='bbox 3032 679 3302 747; x_wconf 73' lang='lat' dir='ltr'><strong>dissolvit,</strong></span> <span class='ocrx_word' id='word_1_150' title='bbox 3348 690 3405 735; x_wconf 77' lang='lat' dir='ltr'><strong>et</strong></span> 
     </span>
    </p>
   </div>
   <div class='ocr_carea' id='block_1_22' title="bbox 1822 763 3404 840">
    <p class='ocr_par' dir='ltr' id='par_1_22' title="bbox 1822 763 3404 840">
     <span class='ocr_line' id='line_1_22' title="bbox 1822 763 3404 840; baseline 0.007 -24"><span class='ocrx_word' id='word_1_151' title='bbox 1822 763 2016 820; x_wconf 86' lang='lat' dir='ltr'><strong>inanes</strong></span> <span class='ocrx_word' id='word_1_152' title='bbox 2073 765 2490 831; x_wconf 44' lang='lat' dir='ltr'><strong>reddiditaPer</strong></span> <span class='ocrx_word' id='word_1_153' title='bbox 2548 768 2717 822; x_wconf 90' lang='lat' dir='ltr'><strong>telum</strong></span> <span class='ocrx_word' id='word_1_154' title='bbox 2785 779 2969 825; x_wconf 85' lang='lat' dir='ltr'><strong>autem</strong></span> <span class='ocrx_word' id='word_1_155' title='bbox 3015 770 3139 840; x_wconf 89' lang='lat' dir='ltr'><strong>(pro</strong></span> <span class='ocrx_word' id='word_1_156' title='bbox 3179 788 3293 840; x_wconf 88' lang='lat' dir='ltr'><strong>quo</strong></span> <span class='ocrx_word' id='word_1_157' title='bbox 3347 772 3404 828; x_wconf 86' lang='lat' dir='ltr'><strong>in</strong></span> 
     </span>
    </p>
   </div>
   <div class='ocr_carea' id='block_1_23' title="bbox 1820 851 3405 929">
    <p class='ocr_par' dir='ltr' id='par_1_23' title="bbox 1820 851 3405 929">
     <span class='ocr_line' id='line_1_23' title="bbox 1820 851 3405 929; baseline 0.008 -23"><span class='ocrx_word' id='word_1_158' title='bbox 1820 851 2006 911; x_wconf 67' lang='lat' dir='ltr'><strong>Graeca</strong></span> <span class='ocrx_word' id='word_1_159' title='bbox 2037 855 2293 923; x_wconf 74' lang='lat' dir='ltr'><strong>lectione,</strong></span> <span class='ocrx_word' id='word_1_160' title='bbox 2329 857 2494 912; x_wconf 84' lang='grc' dir='ltr'>ὅπλον</span> <span class='ocrx_word' id='word_1_161' title='bbox 2541 858 2794 929; x_wconf 69' lang='lat' dir='ltr'><strong>legimus)</strong></span> <span class='ocrx_word' id='word_1_162' title='bbox 2828 876 2935 915; x_wconf 89' lang='lat' dir='ltr'><strong>non</strong></span> <span class='ocrx_word' id='word_1_163' title='bbox 2983 860 3249 918; x_wconf 80' lang='lat' dir='ltr'><strong>ol&#39;l&#39;ensira</strong></span> <span class='ocrx_word' id='word_1_164' title='bbox 3301 863 3405 918; x_wconf 90' lang='lat' dir='ltr'><strong>hoc</strong></span> 
     </span>
    </p>
   </div>
   <div class='ocr_carea' id='block_1_24' title="bbox 1821 945 3405 1019">
    <p class='ocr_par' dir='ltr' id='par_1_24' title="bbox 1821 945 3405 1019">
     <span class='ocr_line' id='line_1_24' title="bbox 1821 945 3405 1019; baseline 0.004 -21"><span class='ocrx_word' id='word_1_165' title='bbox 1821 945 1875 998; x_wconf 89' lang='lat' dir='ltr'><strong>in</strong></span> <span class='ocrx_word' id='word_1_166' title='bbox 1909 946 2031 1001; x_wconf 85' lang='lat' dir='ltr'><strong>loco</strong></span> <span class='ocrx_word' id='word_1_167' title='bbox 2060 961 2211 1001; x_wconf 87' lang='lat' dir='ltr'><strong>arma</strong></span> <span class='ocrx_word' id='word_1_168' title='bbox 2236 947 2463 1019; x_wconf 76' lang='lat' dir='ltr'><strong>intelligi</strong></span> <span class='ocrx_word' id='word_1_169' title='bbox 2495 949 2719 1009; x_wconf 89' lang='lat' dir='ltr'><strong>debent.</strong></span> <span class='ocrx_word' id='word_1_170' title='bbox 2757 953 2852 1005; x_wconf 89' lang='lat' dir='ltr'><strong>sed</strong></span> <span class='ocrx_word' id='word_1_171' title='bbox 2891 950 3198 1016; x_wconf 73' lang='lat' dir='ltr'><strong>defensive,</strong></span> <span class='ocrx_word' id='word_1_172' title='bbox 3235 951 3405 1007; x_wconf 82' lang='lat' dir='ltr'><strong>veluti</strong></span> 
     </span>
    </p>
   </div>
   <div class='ocr_carea' id='block_1_25' title="bbox 1819 1038 3406 1112">
    <p class='ocr_par' dir='ltr' id='par_1_25' title="bbox 1819 1038 3406 1112">
     <span class='ocr_line' id='line_1_25' title="bbox 1819 1038 3406 1112; baseline 0.003 -22"><span class='ocrx_word' id='word_1_173' title='bbox 1819 1038 2129 1104; x_wconf 88' lang='lat' dir='ltr'><strong>thoracem,</strong></span> <span class='ocrx_word' id='word_1_174' title='bbox 2193 1047 2289 1092; x_wconf 90' lang='lat' dir='ltr'><strong>aut</strong></span> <span class='ocrx_word' id='word_1_175' title='bbox 2340 1038 2490 1093; x_wconf 84' lang='lat' dir='ltr'><strong>aliud</strong></span> <span class='ocrx_word' id='word_1_176' title='bbox 2548 1040 2678 1110; x_wconf 87' lang='lat' dir='ltr'><strong>qui.|</strong></span> <span class='ocrx_word' id='word_1_177' title='bbox 2749 1040 2978 1096; x_wconf 82' lang='lat' dir='ltr'><strong>simile:</strong></span> <span class='ocrx_word' id='word_1_178' title='bbox 3040 1040 3185 1097; x_wconf 90' lang='lat' dir='ltr'><strong>unde</strong></span> <span class='ocrx_word' id='word_1_179' title='bbox 3258 1042 3406 1112; x_wconf 88' lang='lat' dir='ltr'><strong>apud</strong></span> 
     </span>
    </p>
   </div>
   <div class='ocr_carea' id='block_1_26' title="bbox 1819 1128 3409 1207">
    <p class='ocr_par' dir='ltr' id='par_1_26' title="bbox 1819 1128 3409 1207">
     <span class='ocr_line' id='line_1_26' title="bbox 1819 1128 3409 1207; baseline 0.006 -26"><span class='ocrx_word' id='word_1_180' title='bbox 1819 1128 2041 1185; x_wconf 64' lang='lat' dir='ltr'><strong>Graecos</strong></span> <span class='ocrx_word' id='word_1_181' title='bbox 2098 1130 2322 1185; x_wconf 75' lang='lat' dir='ltr'><strong>militem</strong></span> <span class='ocrx_word' id='word_1_182' title='bbox 2359 1131 2586 1188; x_wconf 85' lang='lat' dir='ltr'><strong>thorace</strong></span> <span class='ocrx_word' id='word_1_183' title='bbox 2637 1142 2929 1200; x_wconf 86' lang='lat' dir='ltr'><strong>armatum,</strong></span> <span class='ocrx_word' id='word_1_184' title='bbox 2962 1134 3187 1206; x_wconf 71' lang='grc' dir='ltr'>ὁπλίτην</span> <span class='ocrx_word' id='word_1_185' title='bbox 3220 1137 3409 1207; x_wconf 64' lang='grc' dir='ltr'><strong>πυρρι-</strong></span> 
     </span>
    </p>
   </div>
   <div class='ocr_carea' id='block_1_27' title="bbox 1819 1222 3403 1301">
    <p class='ocr_par' dir='ltr' id='par_1_27' title="bbox 1819 1222 3403 1301">
     <span class='ocr_line' id='line_1_27' title="bbox 1819 1222 3403 1301; baseline 0.005 -26"><span class='ocrx_word' id='word_1_186' title='bbox 1819 1222 2043 1290; x_wconf 89' lang='lat' dir='ltr'><strong>labant,</strong></span> <span class='ocrx_word' id='word_1_187' title='bbox 2101 1223 2168 1277; x_wconf 91' lang='lat' dir='ltr'><strong>ad</strong></span> <span class='ocrx_word' id='word_1_188' title='bbox 2227 1238 2417 1279; x_wconf 86' lang='lat' dir='ltr'><strong>eorum</strong></span> <span class='ocrx_word' id='word_1_189' title='bbox 2486 1225 2718 1280; x_wconf 86' lang='lat' dir='ltr'><strong>militum</strong></span> <span class='ocrx_word' id='word_1_190' title='bbox 2787 1227 3246 1295; x_wconf 83' lang='lat' dir='ltr'><strong>distinctionem,</strong></span> <span class='ocrx_word' id='word_1_191' title='bbox 3304 1229 3403 1301; x_wconf 87' lang='lat' dir='ltr'><strong>qui</strong></span> 
     </span>
    </p>
   </div>
   <div class='ocr_carea' id='block_1_28' title="bbox 1821 1315 3409 1392">
    <p class='ocr_par' dir='ltr' id='par_1_28' title="bbox 1821 1315 3409 1392">
     <span class='ocr_line' id='line_1_28' title="bbox 1821 1315 3409 1392; baseline 0.006 -24"><span class='ocrx_word' id='word_1_192' title='bbox 1821 1315 2135 1384; x_wconf 85' lang='lat' dir='ltr'><strong>hujusmodi</strong></span> <span class='ocrx_word' id='word_1_193' title='bbox 2163 1318 2425 1379; x_wconf 83' lang='lat' dir='ltr'><strong>carebant</strong></span> <span class='ocrx_word' id='word_1_194' title='bbox 2450 1327 2754 1383; x_wconf 81' lang='lat' dir='ltr'><strong>armatura,</strong></span> <span class='ocrx_word' id='word_1_195' title='bbox 2793 1336 3041 1390; x_wconf 86' lang='lat' dir='ltr'><strong>quosque</strong></span> <span class='ocrx_word' id='word_1_196' title='bbox 3071 1321 3282 1392; x_wconf 72' lang='grc' dir='ltr'>ψιλοὺς,</span> <span class='ocrx_word' id='word_1_197' title='bbox 3304 1327 3409 1377; x_wconf 86' lang='lat' dir='ltr'><strong>hoc</strong></span> 
     </span>
    </p>
   </div>
   <div class='ocr_carea' id='block_1_29' title="bbox 1819 1407 3403 1481">
    <p class='ocr_par' dir='ltr' id='par_1_29' title="bbox 1819 1407 3403 1481">
     <span class='ocr_line' id='line_1_29' title="bbox 1819 1407 3403 1481; baseline 0.007 -23"><span class='ocrx_word' id='word_1_198' title='bbox 1819 1407 2099 1460; x_wconf 78' lang='lat' dir='ltr'><strong>cstnudos</strong></span> <span class='ocrx_word' id='word_1_199' title='bbox 2144 1409 2438 1463; x_wconf 79' lang='lat' dir='ltr'><strong>vocabant.</strong></span> <span class='ocrx_word' id='word_1_200' title='bbox 2492 1411 2737 1464; x_wconf 81' lang='lat' dir='ltr'><strong>Arcuum</strong></span> <span class='ocrx_word' id='word_1_201' title='bbox 2790 1427 2922 1467; x_wconf 83' lang='lat' dir='ltr'><strong>vero</strong></span> <span class='ocrx_word' id='word_1_202' title='bbox 2971 1414 3265 1481; x_wconf 83' lang='lat' dir='ltr'><strong>potentias,</strong></span> <span class='ocrx_word' id='word_1_203' title='bbox 3305 1430 3403 1469; x_wconf 89' lang='lat' dir='ltr'><strong>seu</strong></span> 
     </span>
    </p>
   </div>
   <div class='ocr_carea' id='block_1_30' title="bbox 1821 1497 3405 1576">
    <p class='ocr_par' dir='ltr' id='par_1_30' title="bbox 1821 1497 3405 1576">
     <span class='ocr_line' id='line_1_30' title="bbox 1821 1497 3405 1576; baseline 0.008 -28"><span class='ocrx_word' id='word_1_204' title='bbox 1821 1497 1989 1550; x_wconf 84' lang='lat' dir='ltr'><strong>robur</strong></span> <span class='ocrx_word' id='word_1_205' title='bbox 2018 1498 2178 1563; x_wconf 75' lang='lat' dir='ltr'><strong>dixit,</strong></span> <span class='ocrx_word' id='word_1_206' title='bbox 2203 1501 2331 1569; x_wconf 86' lang='lat' dir='ltr'><strong>quia</strong></span> <span class='ocrx_word' id='word_1_207' title='bbox 2360 1502 2569 1571; x_wconf 78' lang='lat' dir='ltr'><strong>Assyrii</strong></span> <span class='ocrx_word' id='word_1_208' title='bbox 2598 1515 2727 1555; x_wconf 83' lang='lat' dir='ltr'><strong>arcu</strong></span> <span class='ocrx_word' id='word_1_209' title='bbox 2760 1501 3062 1571; x_wconf 89' lang='lat' dir='ltr'><strong>plurimum</strong></span> <span class='ocrx_word' id='word_1_210' title='bbox 3087 1505 3405 1576; x_wconf 81' lang='lat' dir='ltr'><strong>utebantur,</strong></span> 
     </span>
    </p>
   </div>
   <div class='ocr_carea' id='block_1_31' title="bbox 1818 1591 3404 1667">
    <p class='ocr_par' dir='ltr' id='par_1_31' title="bbox 1818 1591 3404 1667">
     <span class='ocr_line' id='line_1_31' title="bbox 1818 1591 3404 1667; baseline 0.007 -25"><span class='ocrx_word' id='word_1_211' title='bbox 1818 1598 1981 1660; x_wconf 89' lang='lat' dir='ltr'><strong>atque</strong></span> <span class='ocrx_word' id='word_1_212' title='bbox 2036 1591 2091 1645; x_wconf 90' lang='lat' dir='ltr'><strong>in</strong></span> <span class='ocrx_word' id='word_1_213' title='bbox 2141 1607 2206 1646; x_wconf 90' lang='lat' dir='ltr'><strong>eo</strong></span> <span class='ocrx_word' id='word_1_214' title='bbox 2269 1608 2548 1648; x_wconf 85' lang='lat' dir='ltr'><strong>armorum</strong></span> <span class='ocrx_word' id='word_1_215' title='bbox 2597 1610 2797 1666; x_wconf 82' lang='lat' dir='ltr'><strong>genere</strong></span> <span class='ocrx_word' id='word_1_216' title='bbox 2862 1612 2994 1652; x_wconf 88' lang='lat' dir='ltr'><strong>snas</strong></span> <span class='ocrx_word' id='word_1_217' title='bbox 3049 1599 3404 1667; x_wconf 89' lang='lat' dir='ltr'><strong>potissimum</strong></span> 
     </span>
    </p>
   </div>
   <div class='ocr_carea' id='block_1_32' title="bbox 1820 1682 3409 1758">
    <p class='ocr_par' dir='ltr' id='par_1_32' title="bbox 1820 1682 3409 1758">
     <span class='ocr_line' id='line_1_32' title="bbox 1820 1682 3409 1758; baseline 0.006 -25"><span class='ocrx_word' id='word_1_218' title='bbox 1820 1682 1963 1734; x_wconf 82' lang='lat' dir='ltr'><strong>vires</strong></span> <span class='ocrx_word' id='word_1_219' title='bbox 2011 1682 2380 1738; x_wconf 82' lang='lat' dir='ltr'><strong>collocabant.</strong></span> <span class='ocrx_word' id='word_1_220' title='bbox 2457 1684 2564 1740; x_wconf 91' lang='lat' dir='ltr'><strong>Per</strong></span> <span class='ocrx_word' id='word_1_221' title='bbox 2629 1688 2795 1741; x_wconf 85' lang='lat' dir='ltr'><strong>telum</strong></span> <span class='ocrx_word' id='word_1_222' title='bbox 2861 1690 3051 1758; x_wconf 78' lang='lat' dir='ltr'><strong>igitur,</strong></span> <span class='ocrx_word' id='word_1_223' title='bbox 3124 1689 3409 1747; x_wconf 78' lang='lat' dir='ltr'><strong>defensiva</strong></span> 
     </span>
    </p>
   </div>
   <div class='ocr_carea' id='block_1_33' title="bbox 1819 1772 3408 1852">
    <p class='ocr_par' dir='ltr' id='par_1_33' title="bbox 1819 1772 3408 1852">
     <span class='ocr_line' id='line_1_33' title="bbox 1819 1772 3408 1852; baseline 0.008 -29"><span class='ocrx_word' id='word_1_224' title='bbox 1819 1772 2026 1839; x_wconf 86' lang='lat' dir='ltr'><strong>omnia,</strong></span> <span class='ocrx_word' id='word_1_225' title='bbox 2069 1782 2125 1828; x_wconf 88' lang='lat' dir='ltr'><strong>et</strong></span> <span class='ocrx_word' id='word_1_226' title='bbox 2156 1790 2250 1843; x_wconf 85' lang='lat' dir='ltr'><strong>per</strong></span> <span class='ocrx_word' id='word_1_227' title='bbox 2274 1792 2479 1842; x_wconf 84' lang='lat' dir='ltr'><strong>arcum,</strong></span> <span class='ocrx_word' id='word_1_228' title='bbox 2514 1777 2779 1834; x_wconf 77' lang='lat' dir='ltr'><strong>oll‘ensiva</strong></span> <span class='ocrx_word' id='word_1_229' title='bbox 2808 1782 2994 1834; x_wconf 83' lang='lat' dir='ltr'><strong>omnia</strong></span> <span class='ocrx_word' id='word_1_230' title='bbox 3025 1794 3175 1835; x_wconf 88' lang='lat' dir='ltr'><strong>arma</strong></span> <span class='ocrx_word' id='word_1_231' title='bbox 3230 1780 3408 1852; x_wconf 78' lang='lat' dir='ltr'><strong>signi-</strong></span> 
     </span>
    </p>
   </div>
   <div class='ocr_carea' id='block_1_34' title="bbox 161 1843 1716 1943">
    <p class='ocr_par' dir='ltr' id='par_1_34' title="bbox 161 1857 1712 1932">
     <span class='ocr_line' id='line_1_34' title="bbox 161 1857 1712 1932; baseline -0.003 -16"><span class='ocrx_word' id='word_1_232' title='bbox 161 1863 422 1932; x_wconf 76' lang='grc' dir='ltr'>λακτήριον</span> <span class='ocrx_word' id='word_1_233' title='bbox 449 1860 549 1914; x_wconf 78' lang='grc' dir='ltr'><strong>τοῦ</strong></span> <span class='ocrx_word' id='word_1_234' title='bbox 585 1859 834 1914; x_wconf 80' lang='grc' dir='ltr'>διαΰόλου</span> <span class='ocrx_word' id='word_1_235' title='bbox 873 1860 908 1930; x_wconf 80' lang='grc' dir='ltr'>ὴ</span> <span class='ocrx_word' id='word_1_236' title='bbox 974 1857 1370 1929; x_wconf 73' lang='grc' dir='ltr'>παραχώρησις</span> <span class='ocrx_word' id='word_1_237' title='bbox 1432 1857 1523 1911; x_wconf 73' lang='grc' dir='ltr'>τοῦ</span> <span class='ocrx_word' id='word_1_238' title='bbox 1555 1858 1712 1923; x_wconf 82' lang='grc' dir='ltr'>Θεοῦ,</span> 
     </span>
    </p>
   </div>
   <div class='ocr_carea' id='block_1_35' title="bbox 1825 1843 3412 1943">
    <p class='ocr_par' dir='ltr' id='par_1_35' title="bbox 1825 1843 3412 1943">
     <span class='ocr_line' id='line_1_35' title="bbox 1825 1843 3412 1943; baseline 0.006 -27"><span class='ocrx_word' id='word_1_239' title='bbox 1825 1863 2023 1918; x_wconf 81' lang='lat' dir='ltr'><strong>ﬁcavit.</strong></span> <span class='ocrx_word' id='word_1_240' title='bbox 2055 1865 2260 1921; x_wconf 88' lang='lat' dir='ltr'><strong>Deinde</strong></span> <span class='ocrx_word' id='word_1_241' title='bbox 2293 1866 2473 1937; x_wconf 85' lang='lat' dir='ltr'><strong>ipsum</strong></span> <span class='ocrx_word' id='word_1_242' title='bbox 2512 1868 2721 1924; x_wconf 80' lang='lat' dir='ltr'><strong>addidit</strong></span> <span class='ocrx_word' id='word_1_243' title='bbox 2757 1871 2958 1925; x_wconf 88' lang='lat' dir='ltr'><strong>bellum</strong></span> <span class='ocrx_word' id='word_1_244' title='bbox 3003 1881 3223 1942; x_wconf 87' lang='lat' dir='ltr'><strong>propter</strong></span> <span class='ocrx_word' id='word_1_245' title='bbox 3255 1843 3412 1943; x_wconf 59' lang='grc' dir='ltr'><strong>(ᾗοά</strong></span> 
     </span>
    </p>
   </div>
   <div class='ocr_carea' id='block_1_36' title="bbox 162 1949 1714 2025">
    <p class='ocr_par' dir='ltr' id='par_1_36' title="bbox 162 1949 1714 2025">
     <span class='ocr_line' id='line_1_36' title="bbox 162 1949 1714 2025; baseline -0.004 -17"><span class='ocrx_word' id='word_1_246' title='bbox 162 1956 238 2008; x_wconf 77' lang='grc' dir='ltr'><strong>καὶ</strong></span> <span class='ocrx_word' id='word_1_247' title='bbox 261 1955 291 2024; x_wconf 81' lang='grc' dir='ltr'><strong>ἡ</strong></span> <span class='ocrx_word' id='word_1_248' title='bbox 322 1953 446 2007; x_wconf 74' lang='grc' dir='ltr'>καθ’</span> <span class='ocrx_word' id='word_1_249' title='bbox 474 1951 637 2024; x_wconf 73' lang='grc' dir='ltr'>ἡμῶν</span> <span class='ocrx_word' id='word_1_250' title='bbox 657 1950 878 2017; x_wconf 75' lang='grc' dir='ltr'>ἐξουσία</span> <span class='ocrx_word' id='word_1_251' title='bbox 899 1949 1001 2003; x_wconf 79' lang='grc' dir='ltr'>τοῦ</span> <span class='ocrx_word' id='word_1_252' title='bbox 1029 1950 1252 2022; x_wconf 80' lang='grc' dir='ltr'>ἐχθροῦ.</span> <span class='ocrx_word' id='word_1_253' title='bbox 1286 1951 1420 2005; x_wconf 82' lang='grc' dir='ltr'>Τότε</span> <span class='ocrx_word' id='word_1_254' title='bbox 1449 1951 1557 2025; x_wconf 72' lang='grc' dir='ltr'>γὰρ</span> <span class='ocrx_word' id='word_1_255' title='bbox 1590 1949 1714 2020; x_wconf 85' lang='grc' dir='ltr'>βαλ-</span> 
     </span>
    </p>
   </div>
   <div class='ocr_carea' id='block_1_37' title="bbox 161 2042 1713 2117">
    <p class='ocr_par' dir='ltr' id='par_1_37' title="bbox 161 2042 1713 2117">
     <span class='ocr_line' id='line_1_37' title="bbox 161 2042 1713 2117; baseline -0.003 -18"><span class='ocrx_word' id='word_1_256' title='bbox 161 2047 351 2117; x_wconf 79' lang='grc' dir='ltr'>λόμενος</span> <span class='ocrx_word' id='word_1_257' title='bbox 377 2047 514 2117; x_wconf 83' lang='grc' dir='ltr'>παρ’</span> <span class='ocrx_word' id='word_1_258' title='bbox 541 2044 700 2116; x_wconf 80' lang='grc' dir='ltr'>ἡμῶν</span> <span class='ocrx_word' id='word_1_259' title='bbox 725 2044 827 2097; x_wconf 81' lang='grc' dir='ltr'><strong>οὐκ</strong></span> <span class='ocrx_word' id='word_1_260' title='bbox 855 2042 1180 2098; x_wconf 78' lang='grc' dir='ltr'>αἰσθάνεται</span> <span class='ocrx_word' id='word_1_261' title='bbox 1206 2061 1220 2075; x_wconf 77' lang='grc' dir='ltr'><strong>ο</strong></span> <span class='ocrx_word' id='word_1_262' title='bbox 1243 2042 1492 2114; x_wconf 77' lang='grc' dir='ltr'>ῥομφαία</span> <span class='ocrx_word' id='word_1_263' title='bbox 1522 2042 1579 2095; x_wconf 80' lang='grc' dir='ltr'><strong>δὲ</strong></span> <span class='ocrx_word' id='word_1_264' title='bbox 1610 2042 1713 2094; x_wconf 77' lang='grc' dir='ltr'>αὺ-</span> 
     </span>
    </p>
   </div>
   <div class='ocr_carea' id='block_1_38' title="bbox 162 2136 1711 2209">
    <p class='ocr_par' dir='ltr' id='par_1_38' title="bbox 162 2136 1711 2209">
     <span class='ocr_line' id='line_1_38' title="bbox 162 2136 1711 2209; baseline -0.003 -17"><span class='ocrx_word' id='word_1_265' title='bbox 162 2137 237 2192; x_wconf 80' lang='grc' dir='ltr'>τοῦ</span> <span class='ocrx_word' id='word_1_266' title='bbox 265 2137 531 2209; x_wconf 82' lang='grc' dir='ltr'>τμητικὴ,</span> <span class='ocrx_word' id='word_1_267' title='bbox 562 2137 659 2192; x_wconf 74' lang='grc' dir='ltr'>καὶ</span> <span class='ocrx_word' id='word_1_268' title='bbox 682 2138 790 2192; x_wconf 74' lang='grc' dir='ltr'>ἀπὸ</span> <span class='ocrx_word' id='word_1_269' title='bbox 816 2136 951 2191; x_wconf 83' lang='grc' dir='ltr'><strong>Θεοῦ</strong></span> <span class='ocrx_word' id='word_1_270' title='bbox 980 2137 1262 2207; x_wconf 75' lang='grc' dir='ltr'>χωρισμὲς</span> <span class='ocrx_word' id='word_1_271' title='bbox 1292 2136 1448 2206; x_wconf 80' lang='grc' dir='ltr'>ἡμῶν</span> <span class='ocrx_word' id='word_1_272' title='bbox 1477 2136 1565 2189; x_wconf 83' lang='grc' dir='ltr'><strong>διὰ</strong></span> <span class='ocrx_word' id='word_1_273' title='bbox 1601 2137 1711 2189; x_wconf 86' lang='grc' dir='ltr'>τῶν</span> 
     </span>
    </p>
   </div>
   <div class='ocr_carea' id='block_1_39' title="bbox 161 2216 1713 2301">
    <p class='ocr_par' dir='ltr' id='par_1_39' title="bbox 161 2216 1713 2301">
     <span class='ocr_line' id='line_1_39' title="bbox 161 2216 1713 2301; baseline -0.001 -18"><span class='ocrx_word' id='word_1_274' title='bbox 161 2229 325 2283; x_wconf 79' lang='grc' dir='ltr'>παθῶν</span> <span class='ocrx_word' id='word_1_275' title='bbox 375 2230 764 2301; x_wconf 72' lang='grc' dir='ltr'>ἐπιγινόμενος</span> <span class='ocrx_word' id='word_1_276' title='bbox 790 2245 805 2261; x_wconf 90' lang='grc'><strong>·</strong></span> <span class='ocrx_word' id='word_1_277' title='bbox 863 2216 1179 2298; x_wconf 71' lang='grc' dir='ltr'>πόλεμοςᾶ</span> <span class='ocrx_word' id='word_1_278' title='bbox 1233 2229 1265 2297; x_wconf 83' lang='grc' dir='ltr'>ἡ</span> <span class='ocrx_word' id='word_1_279' title='bbox 1312 2228 1481 2296; x_wconf 77' lang='grc' dir='ltr'>πάλη,</span> <span class='ocrx_word' id='word_1_280' title='bbox 1532 2227 1567 2297; x_wconf 78' lang='grc' dir='ltr'><strong>ἢ</strong></span> <span class='ocrx_word' id='word_1_281' title='bbox 1617 2230 1713 2282; x_wconf 82' lang='grc' dir='ltr'><strong>καὶ</strong></span> 
     </span>
    </p>
   </div>
   <div class='ocr_carea' id='block_1_40' title="bbox 162 2316 1714 2391">
    <p class='ocr_par' dir='ltr' id='par_1_40' title="bbox 162 2316 1714 2391">
     <span class='ocr_line' id='line_1_40' title="bbox 162 2316 1714 2391; baseline -0.002 -17"><span class='ocrx_word' id='word_1_282' title='bbox 162 2321 295 2385; x_wconf 76' lang='grc' dir='ltr'>αὐτὸς</span> <span class='ocrx_word' id='word_1_283' title='bbox 322 2323 350 2375; x_wconf 85' lang='grc' dir='ltr'><strong>ό</strong></span> <span class='ocrx_word' id='word_1_284' title='bbox 378 2319 656 2383; x_wconf 73' lang='grc' dir='ltr'>διάϐολος.</span> <span class='ocrx_word' id='word_1_285' title='bbox 690 2320 901 2390; x_wconf 80' lang='grc' dir='ltr'>’Ὠσπερ</span> <span class='ocrx_word' id='word_1_286' title='bbox 939 2319 1049 2391; x_wconf 83' lang='grc' dir='ltr'>γὰρ</span> <span class='ocrx_word' id='word_1_287' title='bbox 1083 2318 1279 2391; x_wconf 78' lang='grc' dir='ltr'>εἰρήνη</span> <span class='ocrx_word' id='word_1_288' title='bbox 1304 2320 1332 2372; x_wconf 85' lang='grc' dir='ltr'>ὁ</span> <span class='ocrx_word' id='word_1_289' title='bbox 1373 2318 1526 2381; x_wconf 76' lang='grc' dir='ltr'>Θεὸς,</span> <span class='ocrx_word' id='word_1_290' title='bbox 1571 2316 1714 2371; x_wconf 70' lang='grc' dir='ltr'>οὕτω</span> 
     </span>
    </p>
   </div>
   <div class='ocr_carea' id='block_1_41' title="bbox 162 2410 1717 2484">
    <p class='ocr_par' dir='ltr' id='par_1_41' title="bbox 162 2410 1717 2484">
     <span class='ocr_line' id='line_1_41' title="bbox 162 2410 1717 2484; baseline 0.002 -22"><span class='ocrx_word' id='word_1_291' title='bbox 162 2411 365 2481; x_wconf 74' lang='grc' dir='ltr'>πόλεμος</span> <span class='ocrx_word' id='word_1_292' title='bbox 389 2413 421 2466; x_wconf 85' lang='grc' dir='ltr'><strong>ὁ</strong></span> <span class='ocrx_word' id='word_1_293' title='bbox 447 2411 837 2482; x_wconf 71' lang='grc' dir='ltr'>ἀντικείμενος</span> <span class='ocrx_word' id='word_1_294' title='bbox 863 2410 1077 2481; x_wconf 82' lang='grc' dir='ltr'>δαίμων</span> <span class='ocrx_word' id='word_1_295' title='bbox 1102 2427 1116 2442; x_wconf 75' lang='grc' dir='ltr'>ο</span> <span class='ocrx_word' id='word_1_296' title='bbox 1165 2411 1201 2465; x_wconf 80' lang='grc' dir='ltr'>ἃ</span> <span class='ocrx_word' id='word_1_297' title='bbox 1241 2410 1417 2464; x_wconf 82' lang='grc' dir='ltr'>πάντα</span> <span class='ocrx_word' id='word_1_298' title='bbox 1440 2413 1717 2484; x_wconf 77' lang='grc' dir='ltr'>κατήργη·</span> 
     </span>
    </p>
   </div>
   <div class='ocr_carea' id='block_1_42' title="bbox 162 2501 1716 2577">
    <p class='ocr_par' dir='ltr' id='par_1_42' title="bbox 162 2501 1716 2577">
     <span class='ocr_line' id='line_1_42' title="bbox 162 2501 1716 2577; baseline 0.001 -22"><span class='ocrx_word' id='word_1_299' title='bbox 162 2520 236 2555; x_wconf 86' lang='grc' dir='ltr'><strong>σεν</strong></span> <span class='ocrx_word' id='word_1_300' title='bbox 262 2504 287 2556; x_wconf 86' lang='grc' dir='ltr'><strong>ό</strong></span> <span class='ocrx_word' id='word_1_301' title='bbox 312 2503 442 2568; x_wconf 84' lang='grc' dir='ltr'>Θεδς</span> <span class='ocrx_word' id='word_1_302' title='bbox 473 2505 535 2557; x_wconf 81' lang='grc' dir='ltr'><strong>ἐν</strong></span> <span class='ocrx_word' id='word_1_303' title='bbox 550 2502 629 2574; x_wconf 84' lang='grc' dir='ltr'>τῷ</span> <span class='ocrx_word' id='word_1_304' title='bbox 657 2501 999 2577; x_wconf 73' lang='grc' dir='ltr'>εἰρηνεύοντι</span> <span class='ocrx_word' id='word_1_305' title='bbox 1043 2503 1140 2556; x_wconf 67' lang='grc' dir='ltr'>καὶ</span> <span class='ocrx_word' id='word_1_306' title='bbox 1167 2502 1512 2567; x_wconf 85' lang='grc' dir='ltr'>σκοπεύοντι,</span> <span class='ocrx_word' id='word_1_307' title='bbox 1529 2502 1716 2568; x_wconf 81' lang='grc' dir='ltr'>καθὼς</span> 
     </span>
    </p>
   </div>
   <div class='ocr_carea' id='block_1_43' title="bbox 162 2596 362 2666">
    <p class='ocr_par' dir='ltr' id='par_1_43' title="bbox 162 2596 362 2666">
     <span class='ocr_line' id='line_1_43' title="bbox 162 2596 362 2666; baseline 0.01 -18"><span class='ocrx_word' id='word_1_308' title='bbox 162 2596 362 2666; x_wconf 74' lang='grc' dir='ltr'>εἴρηται.</span> 
     </span>
    </p>
   </div>
   <div class='ocr_carea' id='block_1_44' title="bbox 1822 1959 3401 2031">
    <p class='ocr_par' dir='ltr' id='par_1_44' title="bbox 1822 1959 3401 2031">
     <span class='ocr_line' id='line_1_44' title="bbox 1822 1959 3401 2031; baseline 0.006 -21"><span class='ocrx_word' id='word_1_309' title='bbox 1822 1959 2077 2013; x_wconf 88' lang='lat' dir='ltr'><strong>universa</strong></span> <span class='ocrx_word' id='word_1_310' title='bbox 2123 1973 2405 2014; x_wconf 85' lang='lat' dir='ltr'><strong>armorum</strong></span> <span class='ocrx_word' id='word_1_311' title='bbox 2450 1975 2649 2031; x_wconf 76' lang='lat' dir='ltr'><strong>genera</strong></span> <span class='ocrx_word' id='word_1_312' title='bbox 2700 1962 2895 2017; x_wconf 86' lang='lat' dir='ltr'><strong>contici</strong></span> <span class='ocrx_word' id='word_1_313' title='bbox 2956 1962 3156 2019; x_wconf 80' lang='lat' dir='ltr'><strong>solent.</strong></span> <span class='ocrx_word' id='word_1_314' title='bbox 3208 1962 3401 2020; x_wconf 71' lang='lat' dir='ltr'><strong>Omnia</strong></span> 
     </span>
    </p>
   </div>
   <div class='ocr_carea' id='block_1_45' title="bbox 1819 2050 3405 2115">
    <p class='ocr_par' dir='ltr' id='par_1_45' title="bbox 1819 2050 3405 2115">
     <span class='ocr_line' id='line_1_45' title="bbox 1819 2050 3405 2115; baseline 0.003 -10"><span class='ocrx_word' id='word_1_315' title='bbox 1819 2050 2023 2105; x_wconf 86' lang='lat' dir='ltr'><strong>ctenim</strong></span> <span class='ocrx_word' id='word_1_316' title='bbox 2059 2064 2232 2115; x_wconf 86' lang='lat' dir='ltr'><strong>arma,</strong></span> <span class='ocrx_word' id='word_1_317' title='bbox 2269 2051 2395 2106; x_wconf 86' lang='lat' dir='ltr'><strong>belli</strong></span> <span class='ocrx_word' id='word_1_318' title='bbox 2446 2062 2572 2107; x_wconf 91' lang='lat' dir='ltr'><strong>sunt</strong></span> <span class='ocrx_word' id='word_1_319' title='bbox 2618 2053 3010 2109; x_wconf 88' lang='lat' dir='ltr'><strong>instrmnenta.</strong></span> <span class='ocrx_word' id='word_1_320' title='bbox 3061 2053 3226 2110; x_wconf 83' lang='lat' dir='ltr'><strong>Juxta</strong></span> <span class='ocrx_word' id='word_1_321' title='bbox 3261 2054 3405 2110; x_wconf 82' lang='lat' dir='ltr'><strong>Ana-</strong></span> 
     </span>
    </p>
   </div>
   <div class='ocr_carea' id='block_1_46' title="bbox 1818 2143 3406 2210">
    <p class='ocr_par' dir='ltr' id='par_1_46' title="bbox 1818 2143 3406 2210">
     <span class='ocr_line' id='line_1_46' title="bbox 1818 2143 3406 2210; baseline 0.009 -21"><span class='ocrx_word' id='word_1_322' title='bbox 1818 2155 2015 2209; x_wconf 80' lang='lat' dir='ltr'><strong>gogen,</strong></span> <span class='ocrx_word' id='word_1_323' title='bbox 2045 2156 2139 2210; x_wconf 86' lang='lat' dir='ltr'><strong>per</strong></span> <span class='ocrx_word' id='word_1_324' title='bbox 2173 2156 2358 2205; x_wconf 89' lang='lat' dir='ltr'><strong>arcus,</strong></span> <span class='ocrx_word' id='word_1_325' title='bbox 2395 2143 2725 2201; x_wconf 78' lang='lat' dir='ltr'><strong>artiﬁciosas</strong></span> <span class='ocrx_word' id='word_1_326' title='bbox 2758 2144 3066 2200; x_wconf 68' lang='lat' dir='ltr'><strong>daemonum</strong></span> <span class='ocrx_word' id='word_1_327' title='bbox 3117 2146 3406 2203; x_wconf 86' lang='lat' dir='ltr'><strong>machinas</strong></span> 
     </span>
    </p>
   </div>
   <div class='ocr_carea' id='block_1_47' title="bbox 1811 2232 3407 2309">
    <p class='ocr_par' dir='ltr' id='par_1_47' title="bbox 1811 2232 3407 2309">
     <span class='ocr_line' id='line_1_47' title="bbox 1811 2232 3407 2309; baseline 0.005 -23"><span class='ocrx_word' id='word_1_328' title='bbox 1811 2232 2172 2303; x_wconf 81' lang='lat' dir='ltr'><strong>intelligimus</strong></span> <span class='ocrx_word' id='word_1_329' title='bbox 2205 2251 2220 2288; x_wconf 90' lang='lat'><strong>:</strong></span> <span class='ocrx_word' id='word_1_330' title='bbox 2264 2235 2411 2291; x_wconf 84' lang='lat' dir='ltr'><strong>unde</strong></span> <span class='ocrx_word' id='word_1_331' title='bbox 2469 2236 2729 2291; x_wconf 85' lang='lat' dir='ltr'><strong>ardentes</strong></span> <span class='ocrx_word' id='word_1_332' title='bbox 2765 2240 3064 2294; x_wconf 84' lang='lat' dir='ltr'><strong>immittunt</strong></span> <span class='ocrx_word' id='word_1_333' title='bbox 3086 2240 3407 2309; x_wconf 87' lang='lat' dir='ltr'><strong>passionum</strong></span> 
     </span>
    </p>
   </div>
   <div class='ocr_carea' id='block_1_48' title="bbox 1813 2324 3404 2401">
    <p class='ocr_par' dir='ltr' id='par_1_48' title="bbox 1813 2324 3404 2401">
     <span class='ocr_line' id='line_1_48' title="bbox 1813 2324 3404 2401; baseline 0.003 -21"><span class='ocrx_word' id='word_1_334' title='bbox 1813 2324 2062 2397; x_wconf 77' lang='lat' dir='ltr'><strong>sagittas.</strong></span> <span class='ocrx_word' id='word_1_335' title='bbox 2092 2324 2283 2382; x_wconf 84' lang='lat' dir='ltr'><strong>Telum</strong></span> <span class='ocrx_word' id='word_1_336' title='bbox 2314 2336 2501 2382; x_wconf 89' lang='lat' dir='ltr'><strong>autem</strong></span> <span class='ocrx_word' id='word_1_337' title='bbox 2529 2327 2817 2396; x_wconf 68' lang='lat' dir='ltr'><strong>daemonis,</strong></span> <span class='ocrx_word' id='word_1_338' title='bbox 2846 2347 2953 2401; x_wconf 91' lang='lat' dir='ltr'><strong>quo</strong></span> <span class='ocrx_word' id='word_1_339' title='bbox 2981 2347 3041 2387; x_wconf 85' lang='lat' dir='ltr'><strong>se</strong></span> <span class='ocrx_word' id='word_1_340' title='bbox 3069 2332 3209 2387; x_wconf 87' lang='lat' dir='ltr'><strong>tueri</strong></span> <span class='ocrx_word' id='word_1_341' title='bbox 3237 2334 3404 2399; x_wconf 85' lang='lat' dir='ltr'><strong>solet,</strong></span> 
     </span>
    </p>
   </div>
   <div class='ocr_carea' id='block_1_49' title="bbox 1812 2418 3404 2490">
    <p class='ocr_par' dir='ltr' id='par_1_49' title="bbox 1812 2418 3404 2490">
     <span class='ocr_line' id='line_1_49' title="bbox 1812 2418 3404 2490; baseline 0.005 -17"><span class='ocrx_word' id='word_1_342' title='bbox 1812 2428 1896 2473; x_wconf 84' lang='lat' dir='ltr'><strong>est</strong></span> <span class='ocrx_word' id='word_1_343' title='bbox 1922 2418 2107 2473; x_wconf 85' lang='lat' dir='ltr'><strong>divina</strong></span> <span class='ocrx_word' id='word_1_344' title='bbox 2152 2419 2466 2489; x_wconf 87' lang='lat' dir='ltr'><strong>permissio,</strong></span> <span class='ocrx_word' id='word_1_345' title='bbox 2515 2437 2635 2490; x_wconf 81' lang='lat' dir='ltr'><strong>quae</strong></span> <span class='ocrx_word' id='word_1_346' title='bbox 2687 2423 2831 2478; x_wconf 83' lang='lat' dir='ltr'><strong>vires</strong></span> <span class='ocrx_word' id='word_1_347' title='bbox 2876 2424 2925 2479; x_wconf 88' lang='lat' dir='ltr'><strong>ei</strong></span> <span class='ocrx_word' id='word_1_348' title='bbox 2974 2424 3243 2479; x_wconf 84' lang='lat' dir='ltr'><strong>adversus</strong></span> <span class='ocrx_word' id='word_1_349' title='bbox 3297 2440 3404 2481; x_wconf 88' lang='lat' dir='ltr'><strong>nos</strong></span> 
     </span>
    </p>
   </div>
   <div class='ocr_carea' id='block_1_50' title="bbox 1814 2508 3412 2583">
    <p class='ocr_par' dir='ltr' id='par_1_50' title="bbox 1814 2508 3412 2583">
     <span class='ocr_line' id='line_1_50' title="bbox 1814 2508 3412 2583; baseline 0.007 -22"><span class='ocrx_word' id='word_1_350' title='bbox 1814 2508 2223 2565; x_wconf 84' lang='lat' dir='ltr'><strong>subministrat.</strong></span> <span class='ocrx_word' id='word_1_351' title='bbox 2259 2509 2335 2566; x_wconf 86' lang='lat' dir='ltr'><strong>Ea</strong></span> <span class='ocrx_word' id='word_1_352' title='bbox 2373 2512 2575 2566; x_wconf 89' lang='lat' dir='ltr'><strong>etenim</strong></span> <span class='ocrx_word' id='word_1_353' title='bbox 2608 2524 2985 2583; x_wconf 65' lang='lat' dir='ltr'><strong>permanente,</strong></span> <span class='ocrx_word' id='word_1_354' title='bbox 3016 2517 3158 2572; x_wconf 87' lang='lat' dir='ltr'><strong>ictus</strong></span> <span class='ocrx_word' id='word_1_355' title='bbox 3186 2523 3412 2573; x_wconf 74' lang='lat' dir='ltr'><strong>nostros</strong></span> 
     </span>
    </p>
   </div>
   <div class='ocr_carea' id='block_1_51' title="bbox 1814 2598 3404 2662">
    <p class='ocr_par' dir='ltr' id='par_1_51' title="bbox 1814 2598 3404 2662">
     <span class='ocr_line' id='line_1_51' title="bbox 1814 2598 3404 2662; baseline 0.005 -11"><span class='ocrx_word' id='word_1_356' title='bbox 1814 2598 2025 2653; x_wconf 82' lang='lat' dir='ltr'><strong>daemon</strong></span> <span class='ocrx_word' id='word_1_357' title='bbox 2075 2600 2132 2654; x_wconf 88' lang='lat' dir='ltr'><strong>in</strong></span> <span class='ocrx_word' id='word_1_358' title='bbox 2184 2615 2246 2656; x_wconf 88' lang='lat' dir='ltr'><strong>se</strong></span> <span class='ocrx_word' id='word_1_359' title='bbox 2294 2601 2577 2659; x_wconf 78' lang='lat' dir='ltr'><strong>immissos</strong></span> <span class='ocrx_word' id='word_1_360' title='bbox 2627 2618 2735 2658; x_wconf 92' lang='lat' dir='ltr'><strong>non</strong></span> <span class='ocrx_word' id='word_1_361' title='bbox 2791 2605 2978 2660; x_wconf 87' lang='lat' dir='ltr'><strong>sentit.</strong></span> <span class='ocrx_word' id='word_1_362' title='bbox 3020 2605 3184 2662; x_wconf 66' lang='lat' dir='ltr'><strong>&#39;lllius</strong></span> <span class='ocrx_word' id='word_1_363' title='bbox 3237 2608 3404 2661; x_wconf 87' lang='lat' dir='ltr'><strong>etiam</strong></span> 
     </span>
    </p>
   </div>
   <div class='ocr_carea' id='block_1_52' title="bbox 162 2685 3408 2771">
    <p class='ocr_par' dir='ltr' id='par_1_52' title="bbox 162 2685 3408 2771">
     <span class='ocr_line' id='line_1_52' title="bbox 162 2685 3408 2771; baseline 0.004 -29"><span class='ocrx_word' id='word_1_364' title='bbox 162 2689 366 2756; x_wconf 73' lang='lat' dir='ltr'><strong>gladius,</strong></span> <span class='ocrx_word' id='word_1_365' title='bbox 398 2703 511 2759; x_wconf 85' lang='lat' dir='ltr'><strong>quo</strong></span> <span class='ocrx_word' id='word_1_366' title='bbox 540 2687 786 2744; x_wconf 86' lang='lat' dir='ltr'><strong>incidere</strong></span> <span class='ocrx_word' id='word_1_367' title='bbox 831 2687 993 2753; x_wconf 86' lang='lat' dir='ltr'><strong>solet,</strong></span> <span class='ocrx_word' id='word_1_368' title='bbox 1025 2686 1303 2758; x_wconf 79' lang='lat' dir='ltr'><strong>separatio</strong></span> <span class='ocrx_word' id='word_1_369' title='bbox 1346 2685 1435 2739; x_wconf 87' lang='lat' dir='ltr'><strong>illa</strong></span> <span class='ocrx_word' id='word_1_370' title='bbox 1463 2695 1567 2754; x_wconf 90' lang='lat' dir='ltr'><strong>est,</strong></span> <span class='ocrx_word' id='word_1_371' title='bbox 1598 2701 1708 2758; x_wconf 88' lang='lat' dir='ltr'><strong>qua</strong></span> <span class='ocrx_word' id='word_1_372' title='bbox 1749 2704 1847 2760; x_wconf 87' lang='lat' dir='ltr'><strong>per</strong></span> <span class='ocrx_word' id='word_1_373' title='bbox 1877 2690 2107 2746; x_wconf 73' lang='lat' dir='ltr'><strong>aﬂectns</strong></span> <span class='ocrx_word' id='word_1_374' title='bbox 2172 2700 2227 2748; x_wconf 88' lang='lat' dir='ltr'><strong>et</strong></span> <span class='ocrx_word' id='word_1_375' title='bbox 2268 2695 2555 2764; x_wconf 87' lang='lat' dir='ltr'><strong>passiones</strong></span> <span class='ocrx_word' id='word_1_376' title='bbox 2603 2707 2822 2754; x_wconf 87' lang='lat' dir='ltr'><strong>nostras</strong></span> <span class='ocrx_word' id='word_1_377' title='bbox 2887 2711 2917 2752; x_wconf 89' lang='lat' dir='ltr'><strong>a</strong></span> <span class='ocrx_word' id='word_1_378' title='bbox 2965 2696 3077 2755; x_wconf 88' lang='lat' dir='ltr'><strong>Deo</strong></span> <span class='ocrx_word' id='word_1_379' title='bbox 3124 2699 3408 2771; x_wconf 72' lang='lat' dir='ltr'><strong>disiungi-</strong></span> 
     </span>
    </p>
   </div>
   <div class='ocr_carea' id='block_1_53' title="bbox 163 2774 3407 2862">
    <p class='ocr_par' dir='ltr' id='par_1_53' title="bbox 163 2774 3407 2862">
     <span class='ocr_line' id='line_1_53' title="bbox 163 2774 3407 2862; baseline 0.006 -30"><span class='ocrx_word' id='word_1_380' title='bbox 163 2796 293 2848; x_wconf 79' lang='lat' dir='ltr'><strong>mur;</strong></span> <span class='ocrx_word' id='word_1_381' title='bbox 337 2780 541 2835; x_wconf 85' lang='lat' dir='ltr'><strong>bellum</strong></span> <span class='ocrx_word' id='word_1_382' title='bbox 592 2793 744 2844; x_wconf 69' lang='lat' dir='ltr'><strong>Vero,</strong></span> <span class='ocrx_word' id='word_1_383' title='bbox 796 2793 978 2848; x_wconf 72' lang='lat' dir='ltr'><strong>pugna</strong></span> <span class='ocrx_word' id='word_1_384' title='bbox 1011 2777 1125 2844; x_wconf 87' lang='lat' dir='ltr'><strong>illa,</strong></span> <span class='ocrx_word' id='word_1_385' title='bbox 1200 2784 1254 2830; x_wconf 76' lang='lat' dir='ltr'><strong>et</strong></span> <span class='ocrx_word' id='word_1_386' title='bbox 1320 2774 1499 2845; x_wconf 86' lang='lat' dir='ltr'><strong>lucta,</strong></span> <span class='ocrx_word' id='word_1_387' title='bbox 1567 2793 1673 2850; x_wconf 84' lang='lat' dir='ltr'><strong>qua</strong></span> <span class='ocrx_word' id='word_1_388' title='bbox 1722 2779 2006 2836; x_wconf 90' lang='lat' dir='ltr'><strong>nobiseum</strong></span> <span class='ocrx_word' id='word_1_389' title='bbox 2074 2790 2271 2850; x_wconf 86' lang='lat' dir='ltr'><strong>certat,</strong></span> <span class='ocrx_word' id='word_1_390' title='bbox 2307 2782 2412 2848; x_wconf 77' lang='lat' dir='ltr'><strong>vel,</strong></span> <span class='ocrx_word' id='word_1_391' title='bbox 2446 2801 2545 2858; x_wconf 88' lang='lat' dir='ltr'><strong>per</strong></span> <span class='ocrx_word' id='word_1_392' title='bbox 2572 2786 2799 2855; x_wconf 90' lang='lat' dir='ltr'><strong>bellum,</strong></span> <span class='ocrx_word' id='word_1_393' title='bbox 2835 2788 2952 2860; x_wconf 87' lang='lat' dir='ltr'><strong>ipse</strong></span> <span class='ocrx_word' id='word_1_394' title='bbox 2979 2801 3163 2862; x_wconf 81' lang='lat' dir='ltr'><strong>potest</strong></span> <span class='ocrx_word' id='word_1_395' title='bbox 3197 2795 3407 2851; x_wconf 65' lang='lat' dir='ltr'><strong>memor.</strong></span> 
     </span>
    </p>
   </div>
   <div class='ocr_carea' id='block_1_54' title="bbox 164 2869 3409 2955">
    <p class='ocr_par' dir='ltr' id='par_1_54' title="bbox 164 2869 3409 2955">
     <span class='ocr_line' id='line_1_54' title="bbox 164 2869 3409 2955; baseline 0.001 -24"><span class='ocrx_word' id='word_1_396' title='bbox 164 2875 377 2945; x_wconf 77' lang='lat' dir='ltr'><strong>intelligi,</strong></span> <span class='ocrx_word' id='word_1_397' title='bbox 405 2883 466 2928; x_wconf 89' lang='lat' dir='ltr'><strong>ut</strong></span> <span class='ocrx_word' id='word_1_398' title='bbox 496 2872 957 2944; x_wconf 87' lang='lat' dir='ltr'><strong>quemadmodum</strong></span> <span class='ocrx_word' id='word_1_399' title='bbox 1008 2869 1153 2925; x_wconf 88' lang='lat' dir='ltr'><strong>Deus</strong></span> <span class='ocrx_word' id='word_1_400' title='bbox 1201 2883 1326 2939; x_wconf 75' lang='lat' dir='ltr'><strong>pax,</strong></span> <span class='ocrx_word' id='word_1_401' title='bbox 1362 2871 1439 2925; x_wconf 89' lang='lat' dir='ltr'><strong>ita</strong></span> <span class='ocrx_word' id='word_1_402' title='bbox 1475 2870 1688 2926; x_wconf 80' lang='lat' dir='ltr'><strong>daemon</strong></span> <span class='ocrx_word' id='word_1_403' title='bbox 1731 2872 1936 2929; x_wconf 87' lang='lat' dir='ltr'><strong>bellum</strong></span> <span class='ocrx_word' id='word_1_404' title='bbox 1998 2877 2330 2948; x_wconf 85' lang='lat' dir='ltr'><strong>appelletur.</strong></span> <span class='ocrx_word' id='word_1_405' title='bbox 2382 2878 2510 2935; x_wconf 70' lang='lat' dir='ltr'><strong>Haec</strong></span> <span class='ocrx_word' id='word_1_406' title='bbox 2593 2883 2778 2938; x_wconf 87' lang='lat' dir='ltr'><strong>omnia</strong></span> <span class='ocrx_word' id='word_1_407' title='bbox 2831 2884 2999 2955; x_wconf 61' lang='lat' dir='ltr'><strong>igitur</strong></span> <span class='ocrx_word' id='word_1_408' title='bbox 3048 2902 3201 2943; x_wconf 85' lang='lat' dir='ltr'><strong>arma</strong></span> <span class='ocrx_word' id='word_1_409' title='bbox 3262 2888 3409 2946; x_wconf 67' lang='lat' dir='ltr'><strong>Deus</strong></span> 
     </span>
    </p>
   </div>
   <div class='ocr_carea' id='block_1_55' title="bbox 163 2963 3406 3054">
    <p class='ocr_par' dir='ltr' id='par_1_55' title="bbox 163 2963 3406 3054">
     <span class='ocr_line' id='line_1_55' title="bbox 163 2963 3406 3054; baseline 0.005 -33"><span class='ocrx_word' id='word_1_410' title='bbox 163 2970 350 3036; x_wconf 75' lang='lat' dir='ltr'><strong>deterit,</strong></span> <span class='ocrx_word' id='word_1_411' title='bbox 386 2984 452 3025; x_wconf 89' lang='lat' dir='ltr'><strong>ac</strong></span> <span class='ocrx_word' id='word_1_412' title='bbox 471 2968 682 3041; x_wconf 78' lang='lat' dir='ltr'><strong>fugavit</strong></span> <span class='ocrx_word' id='word_1_413' title='bbox 706 2968 762 3022; x_wconf 91' lang='lat' dir='ltr'><strong>in</strong></span> <span class='ocrx_word' id='word_1_414' title='bbox 784 2981 855 3023; x_wconf 91' lang='lat' dir='ltr'><strong>eo</strong></span> <span class='ocrx_word' id='word_1_415' title='bbox 888 2964 1133 3034; x_wconf 85' lang='lat' dir='ltr'><strong>homine,</strong></span> <span class='ocrx_word' id='word_1_416' title='bbox 1176 2977 1343 3034; x_wconf 84' lang='lat' dir='ltr'><strong>quem</strong></span> <span class='ocrx_word' id='word_1_417' title='bbox 1393 2963 1712 3022; x_wconf 76' lang='lat' dir='ltr'><strong>exhibuisse</strong></span> <span class='ocrx_word' id='word_1_418' title='bbox 1742 2981 1804 3023; x_wconf 88' lang='lat' dir='ltr'><strong>se</strong></span> <span class='ocrx_word' id='word_1_419' title='bbox 1854 2968 2148 3054; x_wconf 71' lang='lat' dir='ltr'><strong>paciﬁcum</strong></span> <span class='ocrx_word' id='word_1_420' title='bbox 2200 2972 2585 3044; x_wconf 70' lang='lat' dir='ltr'><strong>praediximus,</strong></span> <span class='ocrx_word' id='word_1_421' title='bbox 2661 2988 2717 3032; x_wconf 92' lang='lat' dir='ltr'><strong>et</strong></span> <span class='ocrx_word' id='word_1_422' title='bbox 2796 2978 3166 3049; x_wconf 55' lang='lat' dir='ltr'><strong>specv’ationi</strong></span> <span class='ocrx_word' id='word_1_423' title='bbox 3228 2980 3406 3038; x_wconf 72' lang='lat' dir='ltr'><strong>inten-</strong></span> 
     </span>
    </p>
   </div>
   <div class='ocr_carea' id='block_1_56' title="bbox 164 3076 1716 3224">
    <p class='ocr_par' dir='ltr' id='par_1_56' title="bbox 164 3076 1700 3224">
     <span class='ocr_line' id='line_1_56' title="bbox 164 3076 1700 3224; baseline -0.005 -12"><span class='ocrx_word' id='word_1_424' title='bbox 164 3076 475 3223; x_wconf 56' lang='grc' dir='ltr'>ωιὲωτίζεις</span> <span class='ocrx_word' id='word_1_425' title='bbox 512 3156 596 3211; x_wconf 83' lang='grc' dir='ltr'>σὺ</span> <span class='ocrx_word' id='word_1_426' title='bbox 627 3150 989 3224; x_wconf 78' lang='grc' dir='ltr'>θαυμαστῶς</span> <span class='ocrx_word' id='word_1_427' title='bbox 1011 3152 1131 3207; x_wconf 81' lang='grc' dir='ltr'><strong>ἀπὸ</strong></span> <span class='ocrx_word' id='word_1_428' title='bbox 1186 3155 1372 3223; x_wconf 79' lang='grc' dir='ltr'>ὀρέων</span> <span class='ocrx_word' id='word_1_429' title='bbox 1426 3154 1700 3208; x_wconf 77' lang='grc' dir='ltr'>αἰωνίων.</span> 
     </span>
    </p>
   </div>
   <div class='ocr_carea' id='block_1_57' title="bbox 1825 3076 3403 3224">
    <p class='ocr_par' dir='ltr' id='par_1_57' title="bbox 1879 3151 3403 3216">
     <span class='ocr_line' id='line_1_57' title="bbox 1879 3151 3403 3216; baseline 0.006 -10"><span class='ocrx_word' id='word_1_430' title='bbox 1879 3151 2046 3209; x_wconf 69' lang='lat' dir='ltr'><strong>Vens.</strong></span> <span class='ocrx_word' id='word_1_431' title='bbox 2105 3153 2159 3208; x_wconf 86' lang='lat'><strong>5.</strong></span> <span class='ocrx_word' id='word_1_432' title='bbox 2209 3152 2494 3208; x_wconf 71' lang='lat' dir='ltr'><strong>&quot;luminas</strong></span> <span class='ocrx_word' id='word_1_433' title='bbox 2559 3165 2616 3209; x_wconf 77' lang='lat' dir='ltr'><strong>tu</strong></span> <span class='ocrx_word' id='word_1_434' title='bbox 2675 3156 2997 3212; x_wconf 79' lang='lat' dir='ltr'><strong>mirabiliter</strong></span> <span class='ocrx_word' id='word_1_435' title='bbox 3042 3175 3077 3210; x_wconf 87' lang='lat' dir='ltr'><strong>a</strong></span> <span class='ocrx_word' id='word_1_436' title='bbox 3136 3161 3403 3216; x_wconf 74' lang='lat' dir='ltr'><strong>montibus</strong></span> 
     </span>
    </p>
   </div>
   <div class='ocr_carea' id='block_1_58' title="bbox 167 3243 1716 3322">
    <p class='ocr_par' dir='ltr' id='par_1_58' title="bbox 167 3243 1716 3321">
     <span class='ocr_line' id='line_1_58' title="bbox 167 3243 1716 3321; baseline -0.002 -20"><span class='ocrx_word' id='word_1_437' title='bbox 167 3251 284 3321; x_wconf 76' lang='grc' dir='ltr'>Ὄρη</span> <span class='ocrx_word' id='word_1_438' title='bbox 312 3251 515 3303; x_wconf 87' lang='grc' dir='ltr'>αἰώνια</span> <span class='ocrx_word' id='word_1_439' title='bbox 544 3247 703 3301; x_wconf 85' lang='grc' dir='ltr'>καλεί</span> <span class='ocrx_word' id='word_1_440' title='bbox 722 3246 847 3307; x_wconf 73' lang='grc' dir='ltr'>τοὺς</span> <span class='ocrx_word' id='word_1_441' title='bbox 894 3244 1162 3316; x_wconf 82' lang='grc' dir='ltr'>οὐρανούς</span> <span class='ocrx_word' id='word_1_442' title='bbox 1185 3259 1201 3276; x_wconf 76' lang='grc' dir='ltr'><strong><em>ο</em></strong></span> <span class='ocrx_word' id='word_1_443' title='bbox 1225 3245 1327 3316; x_wconf 74' lang='grc' dir='ltr'>ὅρη</span> <span class='ocrx_word' id='word_1_444' title='bbox 1368 3245 1467 3313; x_wconf 82' lang='grc' dir='ltr'>μὲν</span> <span class='ocrx_word' id='word_1_445' title='bbox 1500 3243 1590 3298; x_wconf 79' lang='grc' dir='ltr'><strong>διὰ</strong></span> <span class='ocrx_word' id='word_1_446' title='bbox 1656 3244 1716 3298; x_wconf 76' lang='grc' dir='ltr'>τὸ</span> 
     </span>
    </p>
   </div>
   <div class='ocr_carea' id='block_1_59' title="bbox 1825 3243 3397 3322">
    <p class='ocr_par' dir='ltr' id='par_1_59' title="bbox 1825 3246 3397 3322">
     <span class='ocr_line' id='line_1_59' title="bbox 1825 3246 3397 3322; baseline 0.005 -22"><span class='ocrx_word' id='word_1_447' title='bbox 1825 3247 2052 3300; x_wconf 72' lang='lat' dir='ltr'><strong>retentis.</strong></span> <span class='ocrx_word' id='word_1_448' title='bbox 2078 3246 2183 3300; x_wconf 88' lang='lat' dir='ltr'><strong>Per</strong></span> <span class='ocrx_word' id='word_1_449' title='bbox 2215 3256 2438 3301; x_wconf 56' lang='lat' dir='ltr'><strong>«ternos</strong></span> <span class='ocrx_word' id='word_1_450' title='bbox 2471 3258 2673 3302; x_wconf 78' lang='lat' dir='ltr'><strong>montes</strong></span> <span class='ocrx_word' id='word_1_451' title='bbox 2708 3251 2880 3306; x_wconf 65' lang='lat' dir='ltr'><strong>caelos</strong></span> <span class='ocrx_word' id='word_1_452' title='bbox 2909 3252 3159 3322; x_wconf 76' lang='lat' dir='ltr'><strong>intelligit</strong></span> <span class='ocrx_word' id='word_1_453' title='bbox 3194 3270 3211 3308; x_wconf 91' lang='lat'><strong>:</strong></span> <span class='ocrx_word' id='word_1_454' title='bbox 3253 3269 3397 3322; x_wconf 90' lang='lat' dir='ltr'><strong>quos</strong></span> 
     </span>
    </p>
   </div>
   <div class='ocr_carea' id='block_1_60' title="bbox 165 3336 1715 3411">
    <p class='ocr_par' dir='ltr' id='par_1_60' title="bbox 165 3336 1715 3411">
     <span class='ocr_line' id='line_1_60' title="bbox 165 3336 1715 3411; baseline -0.005 -17"><span class='ocrx_word' id='word_1_455' title='bbox 165 3340 277 3411; x_wconf 71' lang='grc' dir='ltr'>ὕψος</span> <span class='ocrx_word' id='word_1_456' title='bbox 301 3381 315 3406; x_wconf 91' lang='grc'><strong>,</strong></span> <span class='ocrx_word' id='word_1_457' title='bbox 345 3340 543 3394; x_wconf 70' lang='grc' dir='ltr'>αἰώνια</span> <span class='ocrx_word' id='word_1_458' title='bbox 579 3338 658 3391; x_wconf 80' lang='grc' dir='ltr'><strong>δὲ.</strong></span> <span class='ocrx_word' id='word_1_459' title='bbox 689 3336 781 3391; x_wconf 82' lang='grc' dir='ltr'><strong>διὰ</strong></span> <span class='ocrx_word' id='word_1_460' title='bbox 812 3336 872 3388; x_wconf 72' lang='grc' dir='ltr'>τὸ</span> <span class='ocrx_word' id='word_1_461' title='bbox 907 3336 1294 3405; x_wconf 76' lang='grc' dir='ltr'>διαρκές-τερον</span> <span class='ocrx_word' id='word_1_462' title='bbox 1346 3336 1442 3388; x_wconf 72' lang='grc' dir='ltr'>καὶ</span> <span class='ocrx_word' id='word_1_463' title='bbox 1501 3351 1715 3407; x_wconf 85' lang='grc' dir='ltr'>μακρο-</span> 
     </span>
    </p>
   </div>
   <div class='ocr_carea' id='block_1_61' title="bbox 163 3426 1716 3505">
    <p class='ocr_par' dir='ltr' id='par_1_61' title="bbox 163 3426 1716 3505">
     <span class='ocr_line' id='line_1_61' title="bbox 163 3426 1716 3505; baseline -0.003 -20"><span class='ocrx_word' id='word_1_464' title='bbox 163 3432 490 3505; x_wconf 73' lang='grc' dir='ltr'>χρονιὼτερον</span> <span class='ocrx_word' id='word_1_465' title='bbox 518 3430 620 3500; x_wconf 79' lang='grc' dir='ltr'>τῆς</span> <span class='ocrx_word' id='word_1_466' title='bbox 648 3428 859 3483; x_wconf 79' lang='grc' dir='ltr'>τούτων</span> <span class='ocrx_word' id='word_1_467' title='bbox 886 3426 1076 3490; x_wconf 81' lang='grc' dir='ltr'>οὐσίας</span> <span class='ocrx_word' id='word_1_468' title='bbox 1106 3443 1120 3457; x_wconf 89' lang='grc'><strong>·</strong></span> <span class='ocrx_word' id='word_1_469' title='bbox 1152 3426 1304 3495; x_wconf 83' lang='grc' dir='ltr'>λέγει</span> <span class='ocrx_word' id='word_1_470' title='bbox 1342 3426 1399 3480; x_wconf 85' lang='grc' dir='ltr'><strong>δὲ</strong></span> <span class='ocrx_word' id='word_1_471' title='bbox 1427 3427 1510 3480; x_wconf 83' lang='grc' dir='ltr'>ὅτι</span> <span class='ocrx_word' id='word_1_472' title='bbox 1544 3426 1716 3498; x_wconf 76' lang='grc' dir='ltr'>φωτί-</span> 
     </span>
    </p>
   </div>
   <div class='ocr_carea' id='block_1_62' title="bbox 165 3516 1716 3594">
    <p class='ocr_par' dir='ltr' id='par_1_62' title="bbox 165 3516 1716 3594">
     <span class='ocr_line' id='line_1_62' title="bbox 165 3516 1716 3594; baseline -0.003 -17"><span class='ocrx_word' id='word_1_473' title='bbox 165 3522 258 3586; x_wconf 78' lang='grc' dir='ltr'>ζεις</span> <span class='ocrx_word' id='word_1_474' title='bbox 277 3522 413 3593; x_wconf 74' lang='grc' dir='ltr'>φωτὶ</span> <span class='ocrx_word' id='word_1_475' title='bbox 442 3521 621 3594; x_wconf 80' lang='grc' dir='ltr'>χαρᾶς</span> <span class='ocrx_word' id='word_1_476' title='bbox 672 3520 797 3582; x_wconf 84' lang='grc' dir='ltr'>τοὺς</span> <span class='ocrx_word' id='word_1_477' title='bbox 827 3519 886 3572; x_wconf 88' lang='grc' dir='ltr'><strong>ἐν</strong></span> <span class='ocrx_word' id='word_1_478' title='bbox 935 3517 1116 3570; x_wconf 84' lang='grc' dir='ltr'>σκότει</span> <span class='ocrx_word' id='word_1_479' title='bbox 1166 3516 1374 3587; x_wconf 80' lang='grc' dir='ltr'>λύπης,</span> <span class='ocrx_word' id='word_1_480' title='bbox 1418 3518 1516 3572; x_wconf 80' lang='grc' dir='ltr'>καὶ</span> <span class='ocrx_word' id='word_1_481' title='bbox 1576 3519 1716 3588; x_wconf 75' lang='grc' dir='ltr'>φωτὶ</span> 
     </span>
    </p>
   </div>
   <div class='ocr_carea' id='block_1_63' title="bbox 164 3610 1361 3687">
    <p class='ocr_par' dir='ltr' id='par_1_63' title="bbox 164 3610 1361 3687">
     <span class='ocr_line' id='line_1_63' title="bbox 164 3610 1361 3687; baseline -0.002 -18"><span class='ocrx_word' id='word_1_482' title='bbox 164 3615 471 3687; x_wconf 76' lang='grc' dir='ltr'>ἀντιλήψεως</span> <span class='ocrx_word' id='word_1_483' title='bbox 494 3614 621 3677; x_wconf 74' lang='grc' dir='ltr'>τοὺς</span> <span class='ocrx_word' id='word_1_484' title='bbox 678 3615 737 3667; x_wconf 85' lang='grc' dir='ltr'><strong>ἐν</strong></span> <span class='ocrx_word' id='word_1_485' title='bbox 762 3611 945 3666; x_wconf 87' lang='grc' dir='ltr'>σκότει</span> <span class='ocrx_word' id='word_1_486' title='bbox 977 3610 1361 3679; x_wconf 78' lang='grc' dir='ltr'>ἀπογνώσεως.</span> 
     </span>
    </p>
   </div>
   <div class='ocr_carea' id='block_1_64' title="bbox 1820 3338 3407 3409">
    <p class='ocr_par' dir='ltr' id='par_1_64' title="bbox 1820 3338 3407 3409">
     <span class='ocr_line' id='line_1_64' title="bbox 1820 3338 3407 3409; baseline 0.008 -20"><span class='ocrx_word' id='word_1_487' title='bbox 1820 3344 2045 3407; x_wconf 81' lang='lat' dir='ltr'><strong>propter</strong></span> <span class='ocrx_word' id='word_1_488' title='bbox 2099 3338 2443 3392; x_wconf 87' lang='lat' dir='ltr'><strong>altitudinem</strong></span> <span class='ocrx_word' id='word_1_489' title='bbox 2511 3351 2725 3396; x_wconf 89' lang='lat' dir='ltr'><strong>montes</strong></span> <span class='ocrx_word' id='word_1_490' title='bbox 2793 3352 2985 3409; x_wconf 71' lang='lat' dir='ltr'><strong>vorat,</strong></span> <span class='ocrx_word' id='word_1_491' title='bbox 3050 3353 3106 3398; x_wconf 93' lang='lat' dir='ltr'><strong>et</strong></span> <span class='ocrx_word' id='word_1_492' title='bbox 3169 3355 3407 3402; x_wconf 82' lang='lat' dir='ltr'><strong>aeternos</strong></span> 
     </span>
    </p>
   </div>
   <div class='ocr_carea' id='block_1_65' title="bbox 1820 3428 3404 3498">
    <p class='ocr_par' dir='ltr' id='par_1_65' title="bbox 1820 3428 3404 3498">
     <span class='ocr_line' id='line_1_65' title="bbox 1820 3428 3404 3498; baseline 0.008 -18"><span class='ocrx_word' id='word_1_493' title='bbox 1820 3435 2045 3498; x_wconf 88' lang='lat' dir='ltr'><strong>propter</strong></span> <span class='ocrx_word' id='word_1_494' title='bbox 2092 3428 2409 3484; x_wconf 78' lang='lat' dir='ltr'><strong>diuturnam</strong></span> <span class='ocrx_word' id='word_1_495' title='bbox 2460 3446 2648 3486; x_wconf 90' lang='lat' dir='ltr'><strong>eorum</strong></span> <span class='ocrx_word' id='word_1_496' title='bbox 2700 3434 3087 3490; x_wconf 81' lang='lat' dir='ltr'><strong>substantiam.</strong></span> <span class='ocrx_word' id='word_1_497' title='bbox 3120 3435 3404 3494; x_wconf 84' lang='lat' dir='ltr'><strong>illuminas</strong></span> 
     </span>
    </p>
   </div>
   <div class='ocr_carea' id='block_1_66' title="bbox 1819 3519 3405 3597">
    <p class='ocr_par' dir='ltr' id='par_1_66' title="bbox 1819 3519 3405 3597">
     <span class='ocr_line' id='line_1_66' title="bbox 1819 3519 3405 3597; baseline 0.008 -25"><span class='ocrx_word' id='word_1_498' title='bbox 1819 3527 1999 3573; x_wconf 87' lang='lat' dir='ltr'><strong>autem</strong></span> <span class='ocrx_word' id='word_1_499' title='bbox 2038 3521 2159 3575; x_wconf 89' lang='lat' dir='ltr'><strong>luce</strong></span> <span class='ocrx_word' id='word_1_500' title='bbox 2192 3519 2428 3581; x_wconf 81' lang='lat' dir='ltr'><strong>laetitiae;</strong></span> <span class='ocrx_word' id='word_1_501' title='bbox 2475 3537 2570 3579; x_wconf 90' lang='lat' dir='ltr'><strong>eos</strong></span> <span class='ocrx_word' id='word_1_502' title='bbox 2616 3539 2747 3580; x_wconf 75' lang='lat' dir='ltr'><strong>vero</strong></span> <span class='ocrx_word' id='word_1_503' title='bbox 2794 3525 2894 3581; x_wconf 84' lang='lat' dir='ltr'><strong>hac</strong></span> <span class='ocrx_word' id='word_1_504' title='bbox 2948 3528 3068 3583; x_wconf 90' lang='lat' dir='ltr'><strong>luce</strong></span> <span class='ocrx_word' id='word_1_505' title='bbox 3099 3527 3405 3597; x_wconf 86' lang='lat' dir='ltr'><strong>illuminas,</strong></span> 
     </span>
    </p>
   </div>
   <div class='ocr_carea' id='block_1_67' title="bbox 1820 3610 3403 3691">
    <p class='ocr_par' dir='ltr' id='par_1_67' title="bbox 1820 3610 3403 3691">
     <span class='ocr_line' id='line_1_67' title="bbox 1820 3610 3403 3691; baseline 0.008 -28"><span class='ocrx_word' id='word_1_506' title='bbox 1820 3610 1919 3681; x_wconf 88' lang='lat' dir='ltr'><strong>qui</strong></span> <span class='ocrx_word' id='word_1_507' title='bbox 1967 3610 2023 3665; x_wconf 92' lang='lat' dir='ltr'><strong>in</strong></span> <span class='ocrx_word' id='word_1_508' title='bbox 2070 3613 2329 3669; x_wconf 70' lang='lat' dir='ltr'><strong>mazroris</strong></span> <span class='ocrx_word' id='word_1_509' title='bbox 2366 3612 2601 3684; x_wconf 79' lang='lat' dir='ltr'><strong>caligine</strong></span> <span class='ocrx_word' id='word_1_510' title='bbox 2629 3616 2969 3691; x_wconf 82' lang='lat' dir='ltr'><strong>obtenebrati</strong></span> <span class='ocrx_word' id='word_1_511' title='bbox 3011 3629 3187 3674; x_wconf 86' lang='lat' dir='ltr'><strong>sunt:</strong></span> <span class='ocrx_word' id='word_1_512' title='bbox 3213 3635 3403 3690; x_wconf 84' lang='lat' dir='ltr'><strong>quem-</strong></span> 
     </span>
    </p>
   </div>
   <div class='ocr_carea' id='block_1_68' title="bbox 165 3709 3404 3787">
    <p class='ocr_par' dir='ltr' id='par_1_68' title="bbox 165 3709 3404 3787">
     <span class='ocr_line' id='line_1_68' title="bbox 165 3709 3404 3787; baseline 0.001 -19"><span class='ocrx_word' id='word_1_513' title='bbox 165 3716 427 3770; x_wconf 80' lang='lat' dir='ltr'><strong>admodum</strong></span> <span class='ocrx_word' id='word_1_514' title='bbox 463 3721 679 3777; x_wconf 88' lang='lat' dir='ltr'><strong>contra,</strong></span> <span class='ocrx_word' id='word_1_515' title='bbox 727 3709 1018 3781; x_wconf 77' lang='lat' dir='ltr'><strong>Splendore</strong></span> <span class='ocrx_word' id='word_1_516' title='bbox 1067 3709 1278 3776; x_wconf 80' lang='lat' dir='ltr'><strong>auxilii,</strong></span> <span class='ocrx_word' id='word_1_517' title='bbox 1331 3718 1497 3780; x_wconf 84' lang='lat' dir='ltr'><strong>atque</strong></span> <span class='ocrx_word' id='word_1_518' title='bbox 1529 3709 1652 3780; x_wconf 85' lang='lat' dir='ltr'><strong>Opis</strong></span> <span class='ocrx_word' id='word_1_519' title='bbox 1695 3718 1803 3763; x_wconf 69' lang='lat' dir='ltr'><strong>tua:</strong></span> <span class='ocrx_word' id='word_1_520' title='bbox 1854 3723 1954 3765; x_wconf 85' lang='lat' dir='ltr'><strong>eos</strong></span> <span class='ocrx_word' id='word_1_521' title='bbox 2004 3709 2170 3764; x_wconf 84' lang='lat' dir='ltr'><strong>etiam</strong></span> <span class='ocrx_word' id='word_1_522' title='bbox 2222 3709 2488 3776; x_wconf 83' lang='lat' dir='ltr'><strong>illustras,</strong></span> <span class='ocrx_word' id='word_1_523' title='bbox 2533 3711 2628 3782; x_wconf 87' lang='lat' dir='ltr'><strong>qui</strong></span> <span class='ocrx_word' id='word_1_524' title='bbox 2696 3720 2834 3768; x_wconf 85' lang='lat' dir='ltr'><strong>tetra</strong></span> <span class='ocrx_word' id='word_1_525' title='bbox 2904 3713 3107 3770; x_wconf 80' lang='lat' dir='ltr'><strong>fuerint</strong></span> <span class='ocrx_word' id='word_1_526' title='bbox 3148 3721 3404 3787; x_wconf 68' lang='lat' dir='ltr'><strong>despera-</strong></span> 
     </span>
    </p>
   </div>
   <div class='ocr_carea' id='block_1_69' title="bbox 165 3801 851 3861">
    <p class='ocr_par' dir='ltr' id='par_1_69' title="bbox 165 3801 851 3861">
     <span class='ocr_line' id='line_1_69' title="bbox 165 3801 851 3861; baseline -0.004 -2"><span class='ocrx_word' id='word_1_527' title='bbox 165 3806 304 3861; x_wconf 86' lang='lat' dir='ltr'><strong>tionis</strong></span> <span class='ocrx_word' id='word_1_528' title='bbox 327 3805 472 3860; x_wconf 90' lang='lat' dir='ltr'><strong>nubc</strong></span> <span class='ocrx_word' id='word_1_529' title='bbox 503 3801 851 3859; x_wconf 85' lang='lat' dir='ltr'><strong>circumdati.</strong></span> 
     </span>
    </p>
   </div>
   <div class='ocr_carea' id='block_1_70' title="bbox 231 3895 1714 3972">
    <p class='ocr_par' dir='ltr' id='par_1_70' title="bbox 231 3895 1714 3972">
     <span class='ocr_line' id='line_1_70' title="bbox 231 3895 1714 3972; baseline -0.001 -16"><span class='ocrx_word' id='word_1_530' title='bbox 231 3901 677 3972; x_wconf 70' lang='grc' dir='ltr'>Ἒταράχθησαν</span> <span class='ocrx_word' id='word_1_531' title='bbox 709 3898 935 3966; x_wconf 73' lang='grc' dir='ltr'>πάντες</span> <span class='ocrx_word' id='word_1_532' title='bbox 964 3900 1019 3953; x_wconf 84' lang='grc' dir='ltr'><strong>οι</strong></span> <span class='ocrx_word' id='word_1_533' title='bbox 1050 3898 1338 3957; x_wconf 70' lang='grc' dir='ltr'>ἀσύνετοί</span> <span class='ocrx_word' id='word_1_534' title='bbox 1369 3895 1444 3965; x_wconf 73' lang='grc' dir='ltr'>τῇ</span> <span class='ocrx_word' id='word_1_535' title='bbox 1478 3896 1714 3965; x_wconf 75' lang='grc' dir='ltr'>καρδίᾳ.</span> 
     </span>
    </p>
   </div>
   <div class='ocr_carea' id='block_1_71' title="bbox 166 3988 1717 4067">
    <p class='ocr_par' dir='ltr' id='par_1_71' title="bbox 166 3988 1717 4067">
     <span class='ocr_line' id='line_1_71' title="bbox 166 3988 1717 4067; baseline -0.003 -20"><span class='ocrx_word' id='word_1_536' title='bbox 166 3995 554 4067; x_wconf 75' lang='grc' dir='ltr'>’Δνιιρούμενοι</span> <span class='ocrx_word' id='word_1_537' title='bbox 582 3991 885 4064; x_wconf 83' lang='grc' dir='ltr'>ἀδοκήτως,</span> <span class='ocrx_word' id='word_1_538' title='bbox 935 3991 1325 4062; x_wconf 81' lang='grc' dir='ltr'>ἐταράττοντο.</span> <span class='ocrx_word' id='word_1_539' title='bbox 1393 3988 1717 4057; x_wconf 77' lang='grc' dir='ltr'>Ἀσύνέτους</span> 
     </span>
    </p>
   </div>
   <div class='ocr_carea' id='block_1_72' title="bbox 164 4083 1116 4154">
    <p class='ocr_par' dir='ltr' id='par_1_72' title="bbox 164 4083 1116 4154">
     <span class='ocr_line' id='line_1_72' title="bbox 164 4083 1116 4154; baseline -0.004 -13"><span class='ocrx_word' id='word_1_540' title='bbox 164 4087 212 4141; x_wconf 81' lang='grc' dir='ltr'><strong>δὲ</strong></span> <span class='ocrx_word' id='word_1_541' title='bbox 260 4090 454 4151; x_wconf 70' lang='grc' dir='ltr'>αὐτοὺς</span> <span class='ocrx_word' id='word_1_542' title='bbox 476 4083 656 4147; x_wconf 75' lang='grc' dir='ltr'>εἶπεν,</span> <span class='ocrx_word' id='word_1_543' title='bbox 686 4084 762 4148; x_wconf 84' lang='grc' dir='ltr'>ὡς</span> <span class='ocrx_word' id='word_1_544' title='bbox 791 4083 1116 4154; x_wconf 82' lang='grc' dir='ltr'>θεομάχους.</span> 
     </span>
    </p>
   </div>
   <div class='ocr_carea' id='block_1_73' title="bbox 226 4170 1714 4244">
    <p class='ocr_par' dir='ltr' id='par_1_73' title="bbox 226 4170 1714 4244">
     <span class='ocr_line' id='line_1_73' title="bbox 226 4170 1714 4244; baseline -0.004 -10"><span class='ocrx_word' id='word_1_545' title='bbox 226 4183 541 4234; x_wconf 76' lang='grc' dir='ltr'>Ὑπνωσαν</span> <span class='ocrx_word' id='word_1_546' title='bbox 566 4178 764 4232; x_wconf 79' lang='grc' dir='ltr'>ὕπνον</span> <span class='ocrx_word' id='word_1_547' title='bbox 789 4176 1007 4240; x_wconf 78' lang='grc' dir='ltr'>αὐτῶν,</span> <span class='ocrx_word' id='word_1_548' title='bbox 1049 4175 1147 4229; x_wconf 75' lang='grc' dir='ltr'><strong>καί</strong></span> <span class='ocrx_word' id='word_1_549' title='bbox 1177 4177 1288 4244; x_wconf 78' lang='grc' dir='ltr'>οὐχ</span> <span class='ocrx_word' id='word_1_550' title='bbox 1310 4170 1490 4243; x_wconf 80' lang='grc' dir='ltr'>εὗρον</span> <span class='ocrx_word' id='word_1_551' title='bbox 1514 4172 1714 4228; x_wconf 77' lang='grc' dir='ltr'>οὐδέν.</span> 
     </span>
    </p>
   </div>
   <div class='ocr_carea' id='block_1_74' title="bbox 168 4266 1715 4346">
    <p class='ocr_par' dir='ltr' id='par_1_74' title="bbox 168 4266 1715 4346">
     <span class='ocr_line' id='line_1_74' title="bbox 168 4266 1715 4346; baseline -0.005 -20"><span class='ocrx_word' id='word_1_552' title='bbox 168 4272 550 4346; x_wconf 76' lang='grc' dir='ltr'>Ὲκοιμήθησαν</span> <span class='ocrx_word' id='word_1_553' title='bbox 582 4269 683 4340; x_wconf 77' lang='grc' dir='ltr'>μὲν</span> <span class='ocrx_word' id='word_1_554' title='bbox 722 4269 859 4339; x_wconf 83' lang='grc' dir='ltr'>μετᾶ</span> <span class='ocrx_word' id='word_1_555' title='bbox 888 4268 1120 4321; x_wconf 82' lang='grc' dir='ltr'>ἐλπίδων</span> <span class='ocrx_word' id='word_1_556' title='bbox 1154 4268 1404 4339; x_wconf 82' lang='grc' dir='ltr'>μεγάλων</span> <span class='ocrx_word' id='word_1_557' title='bbox 1423 4267 1473 4320; x_wconf 79' lang='grc' dir='ltr'><strong>οἱ</strong></span> <span class='ocrx_word' id='word_1_558' title='bbox 1499 4266 1715 4337; x_wconf 82' lang='grc' dir='ltr'>πολιορ-</span> 
     </span>
    </p>
   </div>
   <div class='ocr_carea' id='block_1_75' title="bbox 168 4351 1715 4432">
    <p class='ocr_par' dir='ltr' id='par_1_75' title="bbox 168 4351 1715 4432">
     <span class='ocr_line' id='line_1_75' title="bbox 168 4351 1715 4432; baseline -0.004 -17"><span class='ocrx_word' id='word_1_559' title='bbox 168 4363 365 4428; x_wconf 59' lang='lat' dir='ltr'><strong>xciv-re;</strong></span> <span class='ocrx_word' id='word_1_560' title='bbox 392 4404 408 4429; x_wconf 86' lang='lat'><strong>,</strong></span> <span class='ocrx_word' id='word_1_561' title='bbox 434 4364 533 4432; x_wconf 83' lang='grc' dir='ltr'>οὐχ</span> <span class='ocrx_word' id='word_1_562' title='bbox 553 4356 713 4430; x_wconf 68' lang='grc' dir='ltr'>εἶιρον</span> <span class='ocrx_word' id='word_1_563' title='bbox 736 4359 795 4413; x_wconf 80' lang='grc' dir='ltr'><strong>δέ</strong></span> <span class='ocrx_word' id='word_1_564' title='bbox 818 4377 870 4411; x_wconf 91' lang='grc' dir='ltr'><strong>τι</strong></span> <span class='ocrx_word' id='word_1_565' title='bbox 899 4351 976 4411; x_wconf 81' lang='grc' dir='ltr'>ὧν</span> <span class='ocrx_word' id='word_1_566' title='bbox 1012 4358 1443 4429; x_wconf 80' lang='grc' dir='ltr'>προσεδόκησαν.</span> <span class='ocrx_word' id='word_1_567' title='bbox 1470 4358 1624 4410; x_wconf 79' lang='grc' dir='ltr'>Ἔστι</span> <span class='ocrx_word' id='word_1_568' title='bbox 1658 4356 1715 4410; x_wconf 78' lang='grc' dir='ltr'><strong>δὲ</strong></span> 
     </span>
    </p>
   </div>
   <div class='ocr_carea' id='block_1_76' title="bbox 169 4447 1714 4520">
    <p class='ocr_par' dir='ltr' id='par_1_76' title="bbox 169 4447 1714 4520">
     <span class='ocr_line' id='line_1_76' title="bbox 169 4447 1714 4520; baseline -0.005 -13"><span class='ocrx_word' id='word_1_569' title='bbox 169 4455 248 4507; x_wconf 73' lang='grc' dir='ltr'>καὶ</span> <span class='ocrx_word' id='word_1_570' title='bbox 292 4456 461 4519; x_wconf 72' lang='grc' dir='ltr'>ἄλλως</span> <span class='ocrx_word' id='word_1_571' title='bbox 491 4453 668 4506; x_wconf 84' lang='grc' dir='ltr'>εἰπεῖν</span> <span class='ocrx_word' id='word_1_572' title='bbox 702 4467 717 4482; x_wconf 86' lang='grc'><strong>·</strong></span> <span class='ocrx_word' id='word_1_573' title='bbox 757 4450 842 4504; x_wconf 83' lang='grc' dir='ltr'>ὅτι</span> <span class='ocrx_word' id='word_1_574' title='bbox 882 4449 1069 4515; x_wconf 74' lang='grc' dir='ltr'>κύκλῳ</span> <span class='ocrx_word' id='word_1_575' title='bbox 1118 4450 1244 4514; x_wconf 75' lang='grc' dir='ltr'>τοὺς</span> <span class='ocrx_word' id='word_1_576' title='bbox 1301 4447 1529 4520; x_wconf 77' lang='grc' dir='ltr'>ἐχθροὺς</span> <span class='ocrx_word' id='word_1_577' title='bbox 1589 4447 1714 4519; x_wconf 81' lang='grc' dir='ltr'><strong>βλέ-</strong></span> 
     </span>
    </p>
   </div>
   <div class='ocr_carea' id='block_1_77' title="bbox 1896 3895 3404 3970">
    <p class='ocr_par' dir='ltr' id='par_1_77' title="bbox 1896 3895 3404 3970">
     <span class='ocr_line' id='line_1_77' title="bbox 1896 3895 3404 3970; baseline 0.004 -19"><span class='ocrx_word' id='word_1_578' title='bbox 1896 3895 2117 3951; x_wconf 82' lang='lat' dir='ltr'><strong>Turbati</strong></span> <span class='ocrx_word' id='word_1_579' title='bbox 2145 3904 2268 3951; x_wconf 75' lang='lat' dir='ltr'><strong>sunt</strong></span> <span class='ocrx_word' id='word_1_580' title='bbox 2295 3903 2471 3950; x_wconf 75' lang='lat' dir='ltr'><strong>omnes</strong></span> <span class='ocrx_word' id='word_1_581' title='bbox 2498 3896 2797 3967; x_wconf 75' lang='lat' dir='ltr'><strong>insipientes</strong></span> <span class='ocrx_word' id='word_1_582' title='bbox 2828 3899 3009 3957; x_wconf 80' lang='lat' dir='ltr'><strong>corde.</strong></span> <span class='ocrx_word' id='word_1_583' title='bbox 3057 3899 3139 3954; x_wconf 90' lang='lat' dir='ltr'><strong>0b</strong></span> <span class='ocrx_word' id='word_1_584' title='bbox 3180 3901 3404 3970; x_wconf 76' lang='lat' dir='ltr'><strong>inexpe-</strong></span> 
     </span>
    </p>
   </div>
   <div class='ocr_carea' id='block_1_78' title="bbox 1821 3988 3404 4062">
    <p class='ocr_par' dir='ltr' id='par_1_78' title="bbox 1821 3988 3404 4062">
     <span class='ocr_line' id='line_1_78' title="bbox 1821 3988 3404 4062; baseline 0.004 -19"><span class='ocrx_word' id='word_1_585' title='bbox 1821 3995 2030 4043; x_wconf 84' lang='lat' dir='ltr'><strong>ctatum</strong></span> <span class='ocrx_word' id='word_1_586' title='bbox 2056 3988 2335 4043; x_wconf 87' lang='lat' dir='ltr'><strong>interitum</strong></span> <span class='ocrx_word' id='word_1_587' title='bbox 2393 3988 2594 4044; x_wconf 85' lang='lat' dir='ltr'><strong>turbati</strong></span> <span class='ocrx_word' id='word_1_588' title='bbox 2642 3998 2791 4052; x_wconf 89' lang='lat' dir='ltr'><strong>sunt,</strong></span> <span class='ocrx_word' id='word_1_589' title='bbox 2844 3992 3167 4062; x_wconf 79' lang='lat' dir='ltr'><strong>insipientes</strong></span> <span class='ocrx_word' id='word_1_590' title='bbox 3215 4006 3404 4051; x_wconf 86' lang='lat' dir='ltr'><strong>autem</strong></span> 
     </span>
    </p>
   </div>
   <div class='ocr_carea' id='block_1_79' title="bbox 1823 4072 3046 4152">
    <p class='ocr_par' dir='ltr' id='par_1_79' title="bbox 1823 4072 3046 4152">
     <span class='ocr_line' id='line_1_79' title="bbox 1823 4072 3046 4152; baseline 0.003 -14"><span class='ocrx_word' id='word_1_591' title='bbox 1823 4095 1920 4139; x_wconf 86' lang='lat' dir='ltr'><strong>eos</strong></span> <span class='ocrx_word' id='word_1_592' title='bbox 1952 4081 2210 4151; x_wconf 88' lang='lat' dir='ltr'><strong>appellat,</strong></span> <span class='ocrx_word' id='word_1_593' title='bbox 2253 4090 2516 4152; x_wconf 86' lang='lat' dir='ltr'><strong>tanquam</strong></span> <span class='ocrx_word' id='word_1_594' title='bbox 2562 4081 2671 4139; x_wconf 89' lang='lat' dir='ltr'><strong>Dco</strong></span> <span class='ocrx_word' id='word_1_595' title='bbox 2704 4072 3046 4142; x_wconf 74' lang='lat' dir='ltr'><strong>resistentes.</strong></span> 
     </span>
    </p>
   </div>
   <div class='ocr_carea' id='block_1_80' title="bbox 1895 4170 3406 4243">
    <p class='ocr_par' dir='ltr' id='par_1_80' title="bbox 1895 4170 3406 4243">
     <span class='ocr_line' id='line_1_80' title="bbox 1895 4170 3406 4243; baseline 0.006 -18"><span class='ocrx_word' id='word_1_596' title='bbox 1895 4170 2134 4228; x_wconf 73' lang='lat' dir='ltr'><strong>Vens.6.</strong></span> <span class='ocrx_word' id='word_1_597' title='bbox 2166 4171 2511 4227; x_wconf 80' lang='lat' dir='ltr'><strong>Dormierunt</strong></span> <span class='ocrx_word' id='word_1_598' title='bbox 2547 4191 2789 4229; x_wconf 74' lang='lat' dir='ltr'><strong>somnum</strong></span> <span class='ocrx_word' id='word_1_599' title='bbox 2812 4192 2987 4243; x_wconf 77' lang='lat' dir='ltr'><strong>suum,</strong></span> <span class='ocrx_word' id='word_1_600' title='bbox 3024 4187 3075 4231; x_wconf 85' lang='lat' dir='ltr'><strong>et</strong></span> <span class='ocrx_word' id='word_1_601' title='bbox 3107 4177 3241 4232; x_wconf 79' lang='lat' dir='ltr'><strong>nihil</strong></span> <span class='ocrx_word' id='word_1_602' title='bbox 3264 4180 3406 4234; x_wconf 77' lang='lat' dir='ltr'><strong>inve-</strong></span> 
     </span>
    </p>
   </div>
   <div class='ocr_carea' id='block_1_81' title="bbox 1823 4268 3403 4338">
    <p class='ocr_par' dir='ltr' id='par_1_81' title="bbox 1823 4268 3403 4338">
     <span class='ocr_line' id='line_1_81' title="bbox 1823 4268 3403 4338; baseline 0.004 -17"><span class='ocrx_word' id='word_1_603' title='bbox 1823 4278 2035 4324; x_wconf 69' lang='lat' dir='ltr'><strong>nerunt.</strong></span> <span class='ocrx_word' id='word_1_604' title='bbox 2070 4268 2277 4338; x_wconf 71' lang='lat' dir='ltr'><strong>Assyrii</strong></span> <span class='ocrx_word' id='word_1_605' title='bbox 2308 4268 2509 4324; x_wconf 91' lang='lat' dir='ltr'><strong>milites</strong></span> <span class='ocrx_word' id='word_1_606' title='bbox 2539 4270 2630 4338; x_wconf 86' lang='lat' dir='ltr'><strong>qui</strong></span> <span class='ocrx_word' id='word_1_607' title='bbox 2671 4268 3017 4335; x_wconf 84' lang='lat' dir='ltr'><strong>obsidebant,</strong></span> <span class='ocrx_word' id='word_1_608' title='bbox 3060 4271 3403 4327; x_wconf 82' lang='lat' dir='ltr'><strong>dormierunt</strong></span> 
     </span>
    </p>
   </div>
   <div class='ocr_carea' id='block_1_82' title="bbox 1824 4360 3405 4436">
    <p class='ocr_par' dir='ltr' id='par_1_82' title="bbox 1824 4360 3405 4436">
     <span class='ocr_line' id='line_1_82' title="bbox 1824 4360 3405 4436; baseline 0.003 -23"><span class='ocrx_word' id='word_1_609' title='bbox 1824 4373 2040 4413; x_wconf 85' lang='lat' dir='ltr'><strong>summa</strong></span> <span class='ocrx_word' id='word_1_610' title='bbox 2071 4374 2196 4413; x_wconf 91' lang='lat' dir='ltr'><strong>cum</strong></span> <span class='ocrx_word' id='word_1_611' title='bbox 2247 4374 2367 4428; x_wconf 80' lang='lat' dir='ltr'><strong>spe,</strong></span> <span class='ocrx_word' id='word_1_612' title='bbox 2414 4373 2600 4414; x_wconf 73' lang='lat' dir='ltr'><strong>verum</strong></span> <span class='ocrx_word' id='word_1_613' title='bbox 2652 4360 2786 4414; x_wconf 87' lang='lat' dir='ltr'><strong>nihil</strong></span> <span class='ocrx_word' id='word_1_614' title='bbox 2834 4375 3023 4415; x_wconf 86' lang='lat' dir='ltr'><strong>eorum</strong></span> <span class='ocrx_word' id='word_1_615' title='bbox 3076 4361 3405 4436; x_wconf 81' lang='lat' dir='ltr'><strong>invenerunt</strong></span> 
     </span>
    </p>
   </div>
   <div class='ocr_carea' id='block_1_83' title="bbox 1823 4448 3406 4524">
    <p class='ocr_par' dir='ltr' id='par_1_83' title="bbox 1823 4448 3406 4524">
     <span class='ocr_line' id='line_1_83' title="bbox 1823 4448 3406 4524; baseline 0.004 -21"><span class='ocrx_word' id='word_1_616' title='bbox 1823 4465 1943 4519; x_wconf 80' lang='lat' dir='ltr'><strong>quae</strong></span> <span class='ocrx_word' id='word_1_617' title='bbox 1971 4451 2385 4519; x_wconf 76' lang='lat' dir='ltr'><strong>exspectabant.</strong></span> <span class='ocrx_word' id='word_1_618' title='bbox 2429 4448 2728 4506; x_wconf 82' lang='lat' dir='ltr'><strong>Possumus</strong></span> <span class='ocrx_word' id='word_1_619' title='bbox 2758 4460 2812 4508; x_wconf 91' lang='lat' dir='ltr'><strong>et</strong></span> <span class='ocrx_word' id='word_1_620' title='bbox 2841 4452 2999 4507; x_wconf 85' lang='lat' dir='ltr'><strong>aliter</strong></span> <span class='ocrx_word' id='word_1_621' title='bbox 3021 4454 3227 4516; x_wconf 87' lang='lat' dir='ltr'><strong>dicere,</strong></span> <span class='ocrx_word' id='word_1_622' title='bbox 3255 4457 3406 4524; x_wconf 81' lang='lat' dir='ltr'><strong>quod</strong></span> 
     </span>
    </p>
   </div>
   <div class='ocr_carea' id='block_1_84' title="bbox 171 4519 1716 4616">
    <p class='ocr_par' dir='ltr' id='par_1_84' title="bbox 171 4530 1714 4613">
     <span class='ocr_line' id='line_1_84' title="bbox 171 4530 1714 4613; baseline -0.003 -18"><span class='ocrx_word' id='word_1_623' title='bbox 171 4561 339 4609; x_wconf 70' lang='grc' dir='ltr'>ποντες</span> <span class='ocrx_word' id='word_1_624' title='bbox 374 4547 423 4598; x_wconf 79' lang='grc' dir='ltr'>οἱ</span> <span class='ocrx_word' id='word_1_625' title='bbox 463 4540 944 4613; x_wconf 72' lang='grc' dir='ltr'>πολιορκούμενοι,</span> <span class='ocrx_word' id='word_1_626' title='bbox 1006 4540 1101 4594; x_wconf 70' lang='grc' dir='ltr'><strong>καὶ</strong></span> <span class='ocrx_word' id='word_1_627' title='bbox 1162 4538 1239 4610; x_wconf 81' lang='grc' dir='ltr'>μὴ</span> <span class='ocrx_word' id='word_1_628' title='bbox 1295 4530 1568 4601; x_wconf 74' lang='grc' dir='ltr'>συνιέντες</span> <span class='ocrx_word' id='word_1_629' title='bbox 1619 4536 1714 4591; x_wconf 83' lang='grc' dir='ltr'>τοῦ</span> 
     </span>
    </p>
   </div>
   <div class='ocr_carea' id='block_1_85' title="bbox 1825 4519 3402 4616">
    <p class='ocr_par' dir='ltr' id='par_1_85' title="bbox 1825 4519 3402 4616">
     <span class='ocr_line' id='line_1_85' title="bbox 1825 4519 3402 4616; baseline 0.006 -22"><span class='ocrx_word' id='word_1_630' title='bbox 1825 4539 1992 4595; x_wconf 65' lang='lat' dir='ltr'><strong>Judaei</strong></span> <span class='ocrx_word' id='word_1_631' title='bbox 2023 4541 2113 4610; x_wconf 91' lang='lat' dir='ltr'><strong>qui</strong></span> <span class='ocrx_word' id='word_1_632' title='bbox 2139 4541 2350 4596; x_wconf 82' lang='lat' dir='ltr'><strong>obsessi</strong></span> <span class='ocrx_word' id='word_1_633' title='bbox 2387 4550 2545 4595; x_wconf 89' lang='lat' dir='ltr'><strong>erant</strong></span> <span class='ocrx_word' id='word_1_634' title='bbox 2582 4542 2783 4597; x_wconf 82' lang='lat' dir='ltr'><strong>turbati</strong></span> <span class='ocrx_word' id='word_1_635' title='bbox 2828 4554 2979 4610; x_wconf 88' lang='lat' dir='ltr'><strong>sunt,</strong></span> <span class='ocrx_word' id='word_1_636' title='bbox 3015 4547 3143 4601; x_wconf 84' lang='lat' dir='ltr'><strong>dum</strong></span> <span class='ocrx_word' id='word_1_637' title='bbox 3190 4519 3402 4616; x_wconf 62' lang='lat' dir='ltr'><strong>apice-</strong></span> 
     </span>
    </p>
   </div>
   <div class='ocr_carea' id='block_1_86' title="bbox 167 4629 1720 4711">
    <p class='ocr_par' dir='ltr' id='par_1_86' title="bbox 167 4629 1720 4711">
     <span class='ocr_line' id='line_1_86' title="bbox 167 4629 1720 4711; baseline -0.005 -21"><span class='ocrx_word' id='word_1_638' title='bbox 167 4639 283 4692; x_wconf 81' lang='grc' dir='ltr'><strong>Θεοῦ</strong></span> <span class='ocrx_word' id='word_1_639' title='bbox 305 4639 401 4711; x_wconf 74' lang='grc' dir='ltr'>τὴν</span> <span class='ocrx_word' id='word_1_640' title='bbox 424 4636 677 4707; x_wconf 75' lang='grc' dir='ltr'>δύναμιν,</span> <span class='ocrx_word' id='word_1_641' title='bbox 710 4632 1113 4706; x_wconf 80' lang='grc' dir='ltr'>ἐταράχθησαν.</span> <span class='ocrx_word' id='word_1_642' title='bbox 1158 4629 1330 4686; x_wconf 79' lang='grc' dir='ltr'>Τοῦτο</span> <span class='ocrx_word' id='word_1_643' title='bbox 1392 4633 1499 4703; x_wconf 79' lang='grc' dir='ltr'>γὰρ</span> <span class='ocrx_word' id='word_1_644' title='bbox 1548 4631 1640 4685; x_wconf 72' lang='grc' dir='ltr'>καὶ</span> <span class='ocrx_word' id='word_1_645' title='bbox 1686 4633 1720 4702; x_wconf 78' lang='grc' dir='ltr'><strong>η</strong></span> 
     </span>
    </p>
   </div>
   <div class='ocr_carea' id='block_1_87' title="bbox 171 4723 1721 4804">
    <p class='ocr_par' dir='ltr' id='par_1_87' title="bbox 171 4723 1721 4804">
     <span class='ocr_line' id='line_1_87' title="bbox 171 4723 1721 4804; baseline -0.004 -21"><span class='ocrx_word' id='word_1_646' title='bbox 171 4734 362 4804; x_wconf 74' lang='grc' dir='ltr'>ἱστορία</span> <span class='ocrx_word' id='word_1_647' title='bbox 419 4732 710 4788; x_wconf 77' lang='grc' dir='ltr'>δ.δὰσκει’</span> <span class='ocrx_word' id='word_1_648' title='bbox 784 4723 905 4782; x_wconf 77' lang='grc' dir='ltr'>εἶτα</span> <span class='ocrx_word' id='word_1_649' title='bbox 955 4725 1332 4798; x_wconf 74' lang='grc' dir='ltr'>ἐκοιμήθησαν</span> <span class='ocrx_word' id='word_1_650' title='bbox 1401 4726 1460 4781; x_wconf 87' lang='grc' dir='ltr'><strong>ἐν</strong></span> <span class='ocrx_word' id='word_1_651' title='bbox 1546 4724 1721 4779; x_wconf 84' lang='grc' dir='ltr'>ἐλπίδι</span> 
     </span>
    </p>
   </div>
   <div class='ocr_carea' id='block_1_88' title="bbox 171 4809 1721 4890">
    <p class='ocr_par' dir='ltr' id='par_1_88' title="bbox 171 4809 1721 4890">
     <span class='ocr_line' id='line_1_88' title="bbox 171 4809 1721 4890; baseline -0.004 -16"><span class='ocrx_word' id='word_1_652' title='bbox 171 4821 397 4888; x_wconf 74' lang='grc' dir='ltr'>ἁλώσεως</span> <span class='ocrx_word' id='word_1_653' title='bbox 419 4837 433 4850; x_wconf 79' lang='grc'><em>’</em></span> <span class='ocrx_word' id='word_1_654' title='bbox 475 4820 570 4876; x_wconf 74' lang='grc' dir='ltr'><strong>καὶ</strong></span> <span class='ocrx_word' id='word_1_655' title='bbox 596 4820 657 4873; x_wconf 82' lang='grc' dir='ltr'>τὸ</span> <span class='ocrx_word' id='word_1_656' title='bbox 685 4816 830 4890; x_wconf 75' lang='grc' dir='ltr'>πρωῒ</span> <span class='ocrx_word' id='word_1_657' title='bbox 860 4818 959 4887; x_wconf 81' lang='grc' dir='ltr'><strong>οὐχ</strong></span> <span class='ocrx_word' id='word_1_658' title='bbox 986 4809 1167 4888; x_wconf 75' lang='grc' dir='ltr'>εὖρον,</span> <span class='ocrx_word' id='word_1_659' title='bbox 1190 4810 1263 4870; x_wconf 80' lang='grc' dir='ltr'>ὧν</span> <span class='ocrx_word' id='word_1_660' title='bbox 1297 4816 1557 4887; x_wconf 70' lang='grc' dir='ltr'>ἤλπισαν,</span> <span class='ocrx_word' id='word_1_661' title='bbox 1599 4815 1721 4868; x_wconf 79' lang='grc' dir='ltr'>οὐδὲ</span> 
     </span>
    </p>
   </div>
   <div class='ocr_carea' id='block_1_89' title="bbox 172 4907 1719 4983">
    <p class='ocr_par' dir='ltr' id='par_1_89' title="bbox 172 4907 1719 4983">
     <span class='ocr_line' id='line_1_89' title="bbox 172 4907 1719 4983; baseline -0.003 -18"><span class='ocrx_word' id='word_1_662' title='bbox 172 4913 406 4983; x_wconf 58' lang='grc' dir='ltr'>πολέμιον</span> <span class='ocrx_word' id='word_1_663' title='bbox 432 4954 449 4978; x_wconf 85' lang='grc'><strong>,</strong></span> <span class='ocrx_word' id='word_1_664' title='bbox 471 4913 669 4968; x_wconf 82' lang='grc' dir='ltr'>ἐκατὸν</span> <span class='ocrx_word' id='word_1_665' title='bbox 706 4910 1040 4980; x_wconf 73' lang='grc' dir='ltr'>ὀγδοήκοντα</span> <span class='ocrx_word' id='word_1_666' title='bbox 1070 4907 1232 4961; x_wconf 75' lang='grc' dir='ltr'>πέντε</span> <span class='ocrx_word' id='word_1_667' title='bbox 1268 4907 1524 4979; x_wconf 84' lang='grc' dir='ltr'>χιλιάδων</span> <span class='ocrx_word' id='word_1_668' title='bbox 1562 4907 1719 4960; x_wconf 53' lang='lat' dir='ltr'><strong>dmi.</strong></span> 
     </span>
    </p>
   </div>
   <div class='ocr_carea' id='block_1_90' title="bbox 172 4996 1715 5075">
    <p class='ocr_par' dir='ltr' id='par_1_90' title="bbox 172 4996 1715 5075">
     <span class='ocr_line' id='line_1_90' title="bbox 172 4996 1715 5075; baseline -0.004 -18"><span class='ocrx_word' id='word_1_669' title='bbox 172 5006 410 5071; x_wconf 82' lang='grc' dir='ltr'>ρεθεισῶν</span> <span class='ocrx_word' id='word_1_670' title='bbox 432 5005 620 5075; x_wconf 72' lang='grc' dir='ltr'>ἐκείνη</span> <span class='ocrx_word' id='word_1_671' title='bbox 653 5004 721 5075; x_wconf 76' lang='grc' dir='ltr'>τῇ</span> <span class='ocrx_word' id='word_1_672' title='bbox 752 5000 931 5058; x_wconf 86' lang='grc' dir='ltr'>νυκτί.</span> <span class='ocrx_word' id='word_1_673' title='bbox 956 4997 1072 5072; x_wconf 82' lang='lat'><strong>(79)</strong></span> <span class='ocrx_word' id='word_1_674' title='bbox 1130 4997 1206 5053; x_wconf 86' lang='grc' dir='ltr'><strong>Τδ</strong></span> <span class='ocrx_word' id='word_1_675' title='bbox 1234 4999 1313 5065; x_wconf 76' lang='grc' dir='ltr'><strong>δὲ,</strong></span> <span class='ocrx_word' id='word_1_676' title='bbox 1362 4996 1452 5075; x_wconf 23' lang='grc' dir='ltr'>,Τῇ</span> <span class='ocrx_word' id='word_1_677' title='bbox 1480 4998 1715 5068; x_wconf 77' lang='grc' dir='ltr'>καρδίᾳ,</span> 
     </span>
    </p>
   </div>
   <div class='ocr_carea' id='block_1_91' title="bbox 171 5090 1716 5165">
    <p class='ocr_par' dir='ltr' id='par_1_91' title="bbox 171 5090 1716 5165">
     <span class='ocr_line' id='line_1_91' title="bbox 171 5090 1716 5165; baseline -0.001 -19"><span class='ocrx_word' id='word_1_678' title='bbox 171 5096 408 5165; x_wconf 63' lang='grc' dir='ltr'>παρέλκει</span> <span class='ocrx_word' id='word_1_679' title='bbox 436 5097 513 5162; x_wconf 84' lang='grc' dir='ltr'><strong>ὡς</strong></span> <span class='ocrx_word' id='word_1_680' title='bbox 544 5096 763 5165; x_wconf 80' lang='grc' dir='ltr'>ἰδίωμα.</span> <span class='ocrx_word' id='word_1_681' title='bbox 787 5093 858 5147; x_wconf 88' lang='grc' dir='ltr'><strong>Ἦ</strong></span> <span class='ocrx_word' id='word_1_682' title='bbox 908 5092 1005 5147; x_wconf 78' lang='grc' dir='ltr'>καὶ</span> <span class='ocrx_word' id='word_1_683' title='bbox 1072 5090 1387 5146; x_wconf 85' lang='grc' dir='ltr'>ἐπιτατικόν</span> <span class='ocrx_word' id='word_1_684' title='bbox 1437 5093 1555 5145; x_wconf 87' lang='grc' dir='ltr'>ἐστι</span> <span class='ocrx_word' id='word_1_685' title='bbox 1613 5090 1716 5161; x_wconf 79' lang='grc' dir='ltr'><strong>τῆς</strong></span> 
     </span>
    </p>
   </div>
   <div class='ocr_carea' id='block_1_92' title="bbox 171 5185 457 5252">
    <p class='ocr_par' dir='ltr' id='par_1_92' title="bbox 171 5185 457 5252">
     <span class='ocr_line' id='line_1_92' title="bbox 171 5185 457 5252; baseline 0.017 -15"><span class='ocrx_word' id='word_1_686' title='bbox 171 5185 457 5252; x_wconf 75' lang='grc' dir='ltr'>ἀσυνεσίας.</span> 
     </span>
    </p>
   </div>
   <div class='ocr_carea' id='block_1_93' title="bbox 170 5278 1391 5345">
    <p class='ocr_par' dir='ltr' id='par_1_93' title="bbox 170 5278 1391 5345">
     <span class='ocr_line' id='line_1_93' title="bbox 170 5278 1391 5345; baseline 0 -11"><span class='ocrx_word' id='word_1_687' title='bbox 170 5280 333 5338; x_wconf 81' lang='lat' dir='ltr'><strong>occisa</strong></span> <span class='ocrx_word' id='word_1_688' title='bbox 394 5281 621 5338; x_wconf 79' lang='lat' dir='ltr'><strong>fuerint.</strong></span> <span class='ocrx_word' id='word_1_689' title='bbox 684 5279 861 5339; x_wconf 83' lang='lat' dir='ltr'><strong>Dictio</strong></span> <span class='ocrx_word' id='word_1_690' title='bbox 916 5289 1132 5345; x_wconf 86' lang='lat' dir='ltr'><strong>autem,</strong></span> <span class='ocrx_word' id='word_1_691' title='bbox 1196 5278 1391 5344; x_wconf 80' lang='lat' dir='ltr'><strong>corde,</strong></span> 
     </span>
    </p>
   </div>
   <div class='ocr_carea' id='block_1_94' title="bbox 171 5370 832 5443">
    <p class='ocr_par' dir='ltr' id='par_1_94' title="bbox 171 5370 832 5443">
     <span class='ocr_line' id='line_1_94' title="bbox 171 5370 832 5443; baseline 0.011 -19"><span class='ocrx_word' id='word_1_692' title='bbox 171 5370 510 5429; x_wconf 85' lang='lat' dir='ltr'><strong>intensionem</strong></span> <span class='ocrx_word' id='word_1_693' title='bbox 539 5372 832 5443; x_wconf 78' lang='lat' dir='ltr'><strong>signiﬁcat.</strong></span> 
     </span>
    </p>
   </div>
   <div class='ocr_carea' id='block_1_95' title="bbox 231 5464 1716 5538">
    <p class='ocr_par' dir='ltr' id='par_1_95' title="bbox 231 5464 1716 5538">
     <span class='ocr_line' id='line_1_95' title="bbox 231 5464 1716 5538; baseline 0.003 -20"><span class='ocrx_word' id='word_1_694' title='bbox 231 5466 446 5533; x_wconf 80' lang='grc' dir='ltr'>Πάντες</span> <span class='ocrx_word' id='word_1_695' title='bbox 474 5467 532 5521; x_wconf 82' lang='grc' dir='ltr'><strong>οι</strong></span> <span class='ocrx_word' id='word_1_696' title='bbox 577 5464 795 5534; x_wconf 79' lang='grc' dir='ltr'>ἄνδρες</span> <span class='ocrx_word' id='word_1_697' title='bbox 850 5465 956 5521; x_wconf 82' lang='grc' dir='ltr'>τοῦ</span> <span class='ocrx_word' id='word_1_698' title='bbox 1003 5466 1273 5520; x_wconf 66' lang='grc' dir='ltr'>πλούτου</span> <span class='ocrx_word' id='word_1_699' title='bbox 1307 5468 1433 5535; x_wconf 78' lang='grc' dir='ltr'>ταῖς</span> <span class='ocrx_word' id='word_1_700' title='bbox 1500 5469 1716 5538; x_wconf 75' lang='grc' dir='ltr'>χερσὶν</span> 
     </span>
    </p>
   </div>
   <div class='ocr_carea' id='block_1_96' title="bbox 168 5554 1717 5626">
    <p class='ocr_par' dir='ltr' id='par_1_96' title="bbox 168 5554 1717 5626">
     <span class='ocr_line' id='line_1_96' title="bbox 168 5554 1717 5626; baseline 0.007 -22"><span class='ocrx_word' id='word_1_701' title='bbox 168 5554 365 5613; x_wconf 77' lang='grc' dir='ltr'>αὐτῶν.</span> <span class='ocrx_word' id='word_1_702' title='bbox 392 5587 461 5597; x_wconf 93' lang='lat'>—</span> <span class='ocrx_word' id='word_1_703' title='bbox 490 5558 557 5611; x_wconf 80' lang='lat' dir='ltr'><strong>0t</strong></span> <span class='ocrx_word' id='word_1_704' title='bbox 586 5556 802 5626; x_wconf 75' lang='grc' dir='ltr'>ἄνδρες</span> <span class='ocrx_word' id='word_1_705' title='bbox 832 5558 939 5613; x_wconf 83' lang='grc' dir='ltr'>τοῦ</span> <span class='ocrx_word' id='word_1_706' title='bbox 969 5558 1263 5624; x_wconf 65' lang='grc' dir='ltr'>πλούτου,</span> <span class='ocrx_word' id='word_1_707' title='bbox 1313 5560 1434 5613; x_wconf 75' lang='grc' dir='ltr'>ἀντὶ</span> <span class='ocrx_word' id='word_1_708' title='bbox 1493 5561 1587 5615; x_wconf 86' lang='grc' dir='ltr'><strong>τοῦ</strong></span> <span class='ocrx_word' id='word_1_709' title='bbox 1608 5601 1624 5626; x_wconf 93' lang='grc'><strong>,</strong></span> <span class='ocrx_word' id='word_1_710' title='bbox 1656 5561 1717 5614; x_wconf 87' lang='grc' dir='ltr'>Οἱ</span> 
     </span>
    </p>
   </div>
   <div class='ocr_carea' id='block_1_97' title="bbox 1462 5276 2495 5342">
    <p class='ocr_par' dir='ltr' id='par_1_97' title="bbox 1462 5276 2495 5342">
     <span class='ocr_line' id='line_1_97' title="bbox 1462 5276 2495 5342; baseline 0.008 -10"><span class='ocrx_word' id='word_1_711' title='bbox 1462 5276 1714 5334; x_wconf 79' lang='lat' dir='ltr'><strong>llcbraici</strong></span> <span class='ocrx_word' id='word_1_712' title='bbox 1758 5276 2037 5338; x_wconf 89' lang='lat' dir='ltr'><strong>idiomatis</strong></span> <span class='ocrx_word' id='word_1_713' title='bbox 2068 5284 2495 5342; x_wconf 88' lang='lat' dir='ltr'><strong>more.abundat</strong></span> 
     </span>
    </p>
   </div>
   <div class='ocr_carea' id='block_1_98' title="bbox 1821 4634 3401 4707">
    <p class='ocr_par' dir='ltr' id='par_1_98' title="bbox 1821 4634 3401 4707">
     <span class='ocr_line' id='line_1_98' title="bbox 1821 4634 3401 4707; baseline 0.003 -19"><span class='ocrx_word' id='word_1_714' title='bbox 1821 4644 1942 4689; x_wconf 89' lang='lat' dir='ltr'><strong>rent</strong></span> <span class='ocrx_word' id='word_1_715' title='bbox 1978 4634 2228 4689; x_wconf 87' lang='lat' dir='ltr'><strong>inimicos</strong></span> <span class='ocrx_word' id='word_1_716' title='bbox 2269 4634 2324 4688; x_wconf 92' lang='lat' dir='ltr'><strong>in</strong></span> <span class='ocrx_word' id='word_1_717' title='bbox 2373 4634 2629 4701; x_wconf 86' lang='lat' dir='ltr'><strong>circuitu,</strong></span> <span class='ocrx_word' id='word_1_718' title='bbox 2658 4645 2711 4691; x_wconf 89' lang='lat' dir='ltr'><strong>et</strong></span> <span class='ocrx_word' id='word_1_719' title='bbox 2753 4636 2967 4693; x_wconf 86' lang='lat' dir='ltr'><strong>divinas</strong></span> <span class='ocrx_word' id='word_1_720' title='bbox 2997 4639 3140 4694; x_wconf 82' lang='lat' dir='ltr'><strong>vires</strong></span> <span class='ocrx_word' id='word_1_721' title='bbox 3180 4639 3401 4707; x_wconf 79' lang='lat' dir='ltr'><strong>ignora-</strong></span> 
     </span>
    </p>
   </div>
   <div class='ocr_carea' id='block_1_99' title="bbox 1821 4727 3409 4802">
    <p class='ocr_par' dir='ltr' id='par_1_99' title="bbox 1821 4727 3409 4802">
     <span class='ocr_line' id='line_1_99' title="bbox 1821 4727 3409 4802; baseline 0.005 -21"><span class='ocrx_word' id='word_1_722' title='bbox 1821 4734 1965 4792; x_wconf 88' lang='lat' dir='ltr'><strong>rent,</strong></span> <span class='ocrx_word' id='word_1_723' title='bbox 1992 4727 2248 4797; x_wconf 88' lang='lat' dir='ltr'><strong>quodque</strong></span> <span class='ocrx_word' id='word_1_724' title='bbox 2277 4727 2407 4781; x_wconf 90' lang='lat' dir='ltr'><strong>dum</strong></span> <span class='ocrx_word' id='word_1_725' title='bbox 2442 4727 2689 4795; x_wconf 86' lang='lat' dir='ltr'><strong>captivos</strong></span> <span class='ocrx_word' id='word_1_726' title='bbox 2738 4744 2798 4786; x_wconf 91' lang='lat' dir='ltr'><strong>se</strong></span> <span class='ocrx_word' id='word_1_727' title='bbox 2827 4731 2994 4800; x_wconf 87' lang='lat' dir='ltr'><strong>paulo</strong></span> <span class='ocrx_word' id='word_1_728' title='bbox 3029 4740 3153 4802; x_wconf 87' lang='lat' dir='ltr'><strong>post</strong></span> <span class='ocrx_word' id='word_1_729' title='bbox 3185 4732 3409 4789; x_wconf 79' lang='lat' dir='ltr'><strong>futuros</strong></span> 
     </span>
    </p>
   </div>
   <div class='ocr_carea' id='block_1_100' title="bbox 1820 4819 3409 4891">
    <p class='ocr_par' dir='ltr' id='par_1_100' title="bbox 1820 4819 3409 4891">
     <span class='ocr_line' id='line_1_100' title="bbox 1820 4819 3409 4891; baseline 0.003 -18"><span class='ocrx_word' id='word_1_730' title='bbox 1820 4834 1942 4874; x_wconf 90' lang='lat' dir='ltr'><strong>esse</strong></span> <span class='ocrx_word' id='word_1_731' title='bbox 1971 4820 2398 4885; x_wconf 88' lang='lat' dir='ltr'><strong>arbitrarentur,</strong></span> <span class='ocrx_word' id='word_1_732' title='bbox 2437 4828 2492 4875; x_wconf 85' lang='lat' dir='ltr'><strong>ut</strong></span> <span class='ocrx_word' id='word_1_733' title='bbox 2539 4819 2657 4891; x_wconf 87' lang='lat' dir='ltr'><strong>ipsa</strong></span> <span class='ocrx_word' id='word_1_734' title='bbox 2707 4822 2866 4879; x_wconf 88' lang='lat' dir='ltr'><strong>docet</strong></span> <span class='ocrx_word' id='word_1_735' title='bbox 2911 4822 3161 4891; x_wconf 81' lang='lat' dir='ltr'><strong>historia,</strong></span> <span class='ocrx_word' id='word_1_736' title='bbox 3208 4840 3409 4882; x_wconf 83' lang='lat' dir='ltr'><strong>somno</strong></span> 
     </span>
    </p>
   </div>
   <div class='ocr_carea' id='block_1_101' title="bbox 1820 4912 3404 4990">
    <p class='ocr_par' dir='ltr' id='par_1_101' title="bbox 1820 4912 3404 4990">
     <span class='ocr_line' id='line_1_101' title="bbox 1820 4912 3404 4990; baseline 0.004 -23"><span class='ocrx_word' id='word_1_737' title='bbox 1820 4912 2052 4982; x_wconf 84' lang='lat' dir='ltr'><strong>correpti</strong></span> <span class='ocrx_word' id='word_1_738' title='bbox 2082 4913 2443 4982; x_wconf 87' lang='lat' dir='ltr'><strong>dormierunt,</strong></span> <span class='ocrx_word' id='word_1_739' title='bbox 2477 4922 2533 4972; x_wconf 89' lang='lat' dir='ltr'><strong>et</strong></span> <span class='ocrx_word' id='word_1_740' title='bbox 2568 4931 2728 4972; x_wconf 84' lang='lat' dir='ltr'><strong>mane</strong></span> <span class='ocrx_word' id='word_1_741' title='bbox 2759 4919 3149 4990; x_wconf 76' lang='lat' dir='ltr'><strong>expergefacti.</strong></span> <span class='ocrx_word' id='word_1_742' title='bbox 3177 4934 3243 4974; x_wconf 86' lang='lat' dir='ltr'><strong>ea</strong></span> <span class='ocrx_word' id='word_1_743' title='bbox 3286 4934 3404 4974; x_wconf 81' lang='lat' dir='ltr'><strong>non</strong></span> 
     </span>
    </p>
   </div>
   <div class='ocr_carea' id='block_1_102' title="bbox 1819 5002 3408 5081">
    <p class='ocr_par' dir='ltr' id='par_1_102' title="bbox 1819 5002 3408 5081">
     <span class='ocr_line' id='line_1_102' title="bbox 1819 5002 3408 5081; baseline 0.009 -29"><span class='ocrx_word' id='word_1_744' title='bbox 1819 5002 2073 5058; x_wconf 74' lang='lat' dir='ltr'><strong>viderunt</strong></span> <span class='ocrx_word' id='word_1_745' title='bbox 2142 5020 2264 5074; x_wconf 64' lang='lat' dir='ltr'><strong>qua:</strong></span> <span class='ocrx_word' id='word_1_746' title='bbox 2341 5004 2457 5062; x_wconf 78' lang='lat' dir='ltr'><strong>ﬁeri</strong></span> <span class='ocrx_word' id='word_1_747' title='bbox 2521 5006 2839 5066; x_wconf 88' lang='lat' dir='ltr'><strong>timuerant.</strong></span> <span class='ocrx_word' id='word_1_748' title='bbox 2900 5007 3157 5077; x_wconf 84' lang='lat' dir='ltr'><strong>Quinimo</strong></span> <span class='ocrx_word' id='word_1_749' title='bbox 3223 5025 3408 5081; x_wconf 87' lang='lat' dir='ltr'><strong>neque</strong></span> 
     </span>
    </p>
   </div>
   <div class='ocr_carea' id='block_1_103' title="bbox 1822 5095 3409 5169">
    <p class='ocr_par' dir='ltr' id='par_1_103' title="bbox 1822 5095 3409 5169">
     <span class='ocr_line' id='line_1_103' title="bbox 1822 5095 3409 5169; baseline 0.007 -22"><span class='ocrx_word' id='word_1_750' title='bbox 1822 5095 1999 5161; x_wconf 85' lang='lat' dir='ltr'><strong>ipsum</strong></span> <span class='ocrx_word' id='word_1_751' title='bbox 2052 5096 2216 5150; x_wconf 84' lang='lat' dir='ltr'><strong>etiam</strong></span> <span class='ocrx_word' id='word_1_752' title='bbox 2273 5097 2602 5155; x_wconf 81' lang='lat' dir='ltr'><strong>invenerunt</strong></span> <span class='ocrx_word' id='word_1_753' title='bbox 2674 5102 2988 5169; x_wconf 88' lang='lat' dir='ltr'><strong>inimicum,</strong></span> <span class='ocrx_word' id='word_1_754' title='bbox 3061 5118 3186 5157; x_wconf 90' lang='lat' dir='ltr'><strong>cum</strong></span> <span class='ocrx_word' id='word_1_755' title='bbox 3245 5103 3409 5158; x_wconf 73' lang='lat' dir='ltr'><strong>unica</strong></span> 
     </span>
    </p>
   </div>
   <div class='ocr_carea' id='block_1_104' title="bbox 1824 5177 3401 5265">
    <p class='ocr_par' dir='ltr' id='par_1_104' title="bbox 1824 5177 3401 5265">
     <span class='ocr_line' id='line_1_104' title="bbox 1824 5177 3401 5265; baseline 0.005 -25"><span class='ocrx_word' id='word_1_756' title='bbox 1824 5196 1986 5243; x_wconf 89' lang='lat' dir='ltr'><strong>nocte</strong></span> <span class='ocrx_word' id='word_1_757' title='bbox 2031 5188 2099 5244; x_wconf 90' lang='lat' dir='ltr'><strong>ad</strong></span> <span class='ocrx_word' id='word_1_758' title='bbox 2154 5199 2375 5246; x_wconf 90' lang='lat' dir='ltr'><strong>centum</strong></span> <span class='ocrx_word' id='word_1_759' title='bbox 2437 5203 2492 5248; x_wconf 90' lang='lat' dir='ltr'><strong>et</strong></span> <span class='ocrx_word' id='word_1_760' title='bbox 2552 5195 2829 5265; x_wconf 72' lang='lat' dir='ltr'><strong>octoginta</strong></span> <span class='ocrx_word' id='word_1_761' title='bbox 2908 5177 3077 5250; x_wconf 86' lang='lat' dir='ltr'><strong>millia</strong></span> <span class='ocrx_word' id='word_1_762' title='bbox 3154 5195 3401 5251; x_wconf 70' lang='lat' dir='ltr'><strong>boatium</strong></span> 
     </span>
    </p>
   </div>
   <div class='ocr_carea' id='block_1_105' title="bbox 2552 5287 3407 5359">
    <p class='ocr_par' dir='ltr' id='par_1_105' title="bbox 2552 5287 3407 5359">
     <span class='ocr_line' id='line_1_105' title="bbox 2552 5287 3407 5359; baseline 0.006 -18"><span class='ocrx_word' id='word_1_763' title='bbox 2552 5288 2690 5342; x_wconf 75' lang='grc' dir='ltr'>ενοι</span> <span class='ocrx_word' id='word_1_764' title='bbox 2746 5287 3007 5358; x_wconf 86' lang='lat' dir='ltr'><strong>majorem</strong></span> <span class='ocrx_word' id='word_1_765' title='bbox 3074 5287 3407 5359; x_wconf 61' lang='lat' dir='ltr'><strong>insipientis</strong></span> 
     </span>
    </p>
   </div>
   <div class='ocr_carea' id='block_1_106' title="bbox 1897 5464 3406 5528">
    <p class='ocr_par' dir='ltr' id='par_1_106' title="bbox 1897 5464 3406 5528">
     <span class='ocr_line' id='line_1_106' title="bbox 1897 5464 3406 5528; baseline 0.003 -6"><span class='ocrx_word' id='word_1_766' title='bbox 1897 5464 2091 5522; x_wconf 75' lang='lat' dir='ltr'><strong>Omnes</strong></span> <span class='ocrx_word' id='word_1_767' title='bbox 2139 5468 2237 5522; x_wconf 74' lang='lat' dir='ltr'><strong>viri</strong></span> <span class='ocrx_word' id='word_1_768' title='bbox 2276 5469 2578 5523; x_wconf 77' lang='lat' dir='ltr'><strong>divitiarum</strong></span> <span class='ocrx_word' id='word_1_769' title='bbox 2615 5470 2671 5524; x_wconf 75' lang='lat' dir='ltr'><strong>in</strong></span> <span class='ocrx_word' id='word_1_770' title='bbox 2720 5469 2963 5525; x_wconf 72' lang='lat' dir='ltr'><strong>manibus</strong></span> <span class='ocrx_word' id='word_1_771' title='bbox 3008 5486 3213 5528; x_wconf 78' lang='lat' dir='ltr'><strong>eorum.</strong></span> <span class='ocrx_word' id='word_1_772' title='bbox 3236 5469 3406 5527; x_wconf 71' lang='lat' dir='ltr'><strong>Viros</strong></span> 
     </span>
    </p>
   </div>
   <div class='ocr_carea' id='block_1_107' title="bbox 1827 5560 3402 5638">
    <p class='ocr_par' dir='ltr' id='par_1_107' title="bbox 1827 5560 3402 5638">
     <span class='ocr_line' id='line_1_107' title="bbox 1827 5560 3402 5638; baseline 0.005 -23"><span class='ocrx_word' id='word_1_773' title='bbox 1827 5560 2138 5616; x_wconf 82' lang='lat' dir='ltr'><strong>divitiarum</strong></span> <span class='ocrx_word' id='word_1_774' title='bbox 2191 5563 2343 5629; x_wconf 87' lang='lat' dir='ltr'><strong>dicit,</strong></span> <span class='ocrx_word' id='word_1_775' title='bbox 2378 5578 2475 5632; x_wconf 88' lang='lat' dir='ltr'><strong>pro</strong></span> <span class='ocrx_word' id='word_1_776' title='bbox 2504 5564 2643 5620; x_wconf 74' lang='lat' dir='ltr'><strong>viros</strong></span> <span class='ocrx_word' id='word_1_777' title='bbox 2683 5562 2892 5631; x_wconf 72' lang='lat' dir='ltr'><strong>diuites,</strong></span> <span class='ocrx_word' id='word_1_778' title='bbox 2932 5564 3402 5638; x_wconf 83' lang='lat' dir='ltr'><strong>quemadmodum</strong></span> 
     </span>
    </p>
   </div>
   <div class='ocr_carea' id='block_1_108' title="bbox 1466 5736 2034 5803">
    <p class='ocr_par' dir='ltr' id='par_1_108' title="bbox 1466 5736 2034 5803">
     <span class='ocr_line' id='line_1_108' title="bbox 1466 5736 2034 5803; baseline 0.011 -9"><span class='ocrx_word' id='word_1_779' title='bbox 1466 5736 1665 5803; x_wconf 66' lang='lat' dir='ltr'><strong>Variae</strong></span> <span class='ocrx_word' id='word_1_780' title='bbox 1708 5738 2034 5802; x_wconf 88' lang='lat' dir='ltr'><strong>lectiones.</strong></span> 
     </span>
    </p>
   </div>
   <div class='ocr_carea' id='block_1_109' title="bbox 233 5834 2424 5910">
    <p class='ocr_par' dir='ltr' id='par_1_109' title="bbox 233 5834 2424 5910">
     <span class='ocr_line' id='line_1_109' title="bbox 233 5834 2424 5910; baseline 0.005 -23"><span class='ocrx_word' id='word_1_781' title='bbox 233 5834 334 5910; x_wconf 61' lang='lat'><strong>09)</strong></span> <span class='ocrx_word' id='word_1_782' title='bbox 372 5835 496 5891; x_wconf 66' lang='lat' dir='ltr'><strong>llaec</strong></span> <span class='ocrx_word' id='word_1_783' title='bbox 536 5847 645 5889; x_wconf 86' lang='lat' dir='ltr'><strong>non</strong></span> <span class='ocrx_word' id='word_1_784' title='bbox 670 5834 735 5889; x_wconf 86' lang='lat' dir='ltr'><strong>ad</strong></span> <span class='ocrx_word' id='word_1_785' title='bbox 769 5848 1089 5908; x_wconf 58' lang='lat' dir='ltr'><strong>praesentem</strong></span> <span class='ocrx_word' id='word_1_786' title='bbox 1120 5838 1475 5905; x_wconf 75' lang='lat' dir='ltr'><strong>versiculum,</strong></span> <span class='ocrx_word' id='word_1_787' title='bbox 1508 5841 1602 5899; x_wconf 87' lang='lat' dir='ltr'><strong>sed</strong></span> <span class='ocrx_word' id='word_1_788' title='bbox 1647 5843 1715 5897; x_wconf 81' lang='lat' dir='ltr'><strong>ad</strong></span> <span class='ocrx_word' id='word_1_789' title='bbox 1758 5834 2095 5908; x_wconf 79' lang='lat' dir='ltr'><strong>superiorem</strong></span> <span class='ocrx_word' id='word_1_790' title='bbox 2125 5842 2424 5903; x_wconf 79' lang='lat' dir='ltr'><strong>pertinent.</strong></span> 
     </span>
    </p>
   </div>
  </div>
