3862 6534
373 351 379 366 κ
451 399 560 464 775
1613 382 1898 445 EUTHYl

2163 378 2416 442 lABENI
3599 363 3688 427 ’176

455 518 584 575 alibi
627 515 777 572 viros
819 511 1174 582 sanguinum,
1234 521 1332 577 pro
1387 493 1839 575 sanguinolentos.
1892 501 1980 554 Dic

2161 496 2388 550 τλούσιοι
2423 511 2436 525 ’
2469 494 2543 556 ὡς
2573 493 2654 557 τὸ,
2689 491 2932 558 Ἄνδρες
2959 487 3242 558 αἱμάτων,
3274 487 3325 539 οἱ
3373 486 3686 554 αἱμοχαρεῖς.

453 611 621 680 igitur
648 605 789 676 quod
824 578 1035 674 Assyrii
1073 605 1332 670 putaraut
1366 611 1492 652 esse
1540 610 1599 649 se
1653 591 1903 661 sequenti
1949 591 1978 643 d

2165 593 2312 660 λέγει
2335 591 2390 643 δὲ
2414 590 2496 643 ὄτι
2517 589 2727 648 πάντας
2751 587 2879 648 τοὺς
2942 583 3233 644 πλουσίους
3269 578 3604 649 Ἰσραηλίτας
3652 581 3690 630 οἱ

454 707 743 760 habituros
791 701 847 754 in
884 695 1142 752 manibus
1174 708 1368 748 omnes
1417 689 1638 744 Judmos
1685 687 1907 742 divites.
1941 683 1979 736 ν

2168 686 2425 753 Ασσύριοι
2499 681 2782 753 μονονουχὶ
2873 680 2996 740 ταῖς
3075 677 3264 745 χερσὶν
3355 673 3499 741 ἔχειν
3549 670 3693 740 ᾤοντο

453 797 611 850 aliter
649 811 663 848 :
693 794 896 848 Omnes
929 789 1032 844 viri
1090 786 1450 858 Assyriorum
1487 782 1682 836 divites
1724 777 1978 833 Judzroru

2169 778 2501 848 ιεθ’ὴμέραν
2526 792 2540 806 ⁸
2580 775 2612 845 ἢ
2665 773 2760 827 καὶ
2793 770 3126 831 τούναντίον,
3154 769 3360 828 Πάντες
3387 765 3437 818 οἱ
3478 764 3694 833 πλούσιοι

453 887 710 942 manibus
763 882 911 953 capti
960 891 1112 944 sunt,
1149 879 1242 948 qui
1279 875 1494 932 obsessi
1541 882 1698 928 erant
1729 872 1782 924 in
1814 869 1974 924 Jerns

2170 871 2252 923 τῶν
2312 869 2618 937 Ἀσσυρίων
2679 867 2796 927 ταῖς
2864 862 3020 934 χερσὶ
3064 862 3172 914 τῶν
3244 855 3695 927 πολιορκουμένων

451 978 583 1032 lem.
612 974 748 1028 Nam
787 951 911 1028 cum
951 973 1324 1041 interemptos
1358 965 1716 1027 invenissent,
1751 961 1976 1030 eapieba

2143 966 2410 1030 ἑάλωσαν,
2441 965 2624 1033 νεκροὶ
2654 959 2996 1030 εὐρεθέντες,
3033 956 3130 1010 καὶ
3161 951 3585 1006 ἐσκυλεύθτισαν.

452 1084 550 1125 eos
577 1076 636 1122 ut
673 1067 996 1125 sooliarent.

527 1085 550 1125 s
577 1083 636 1122 ut
673 1083 996 1138 spouareut.

527 1159 692 1215 Vsus.
719 1159 768 1214 7.
787 1157 862 1212 Ab
880 1154 1232 1224 increpatione
1262 1161 1373 1214 tua,
1396 1151 1535 1204 Deus
1559 1147 1748 1217 Jacob,
1775 1145 2040 1199 dormita-

2213 1149 2361 1204 Ἀπὸ
2380 1145 2776 1215 ἐπιτιμήσεως
2801 1159 2937 1205 σου,
2964 1144 2995 1196 ό
3023 1141 3166 1204 Θεὸς
3195 1137 3416 1198 Ἰακὼϐ,
3471 1134 3698 1186 ἐνύστα-

453 1265 637 1312 verunt
688 1257 780 1325 qui
828 1252 1175 1307 ascenderunt
1218 1265 1399 1317 equos.
1451 1247 1556 1300 Per
1604 1241 1978 1312 increpatione

2172 1245 2262 1305 ἴαν
2291 1243 2344 1294 οἱ
2373 1238 2790 1300 ἐπιϐεϐηκότες
2817 1233 2941 1299 τοῖς
2975 1233 3202 1294 ἵπποις.
3241 1226 3586 1294 Ἐπιτίμησιν
3613 1226 3697 1294 μὲν

453 1351 574 1414 Dei,
636 1349 960 1404 sententiam
1021 1342 1277 1413 intelligit
1335 1341 1597 1394 adversus
1652 1336 1925 1397 inimicos,

2171 1332 2294 1401 ,ἐγει
2333 1329 2432 1401 τὴν
2454 1327 2596 1382 κατὰ
2626 1326 2732 1378 τῶν
2765 1323 3041 1393 πολεμίων
3082 1321 3377 1387 ἀπόφασιν,
3417 1316 3696 1384 νυσταγμδι

453 1459 552 1514 per
602 1440 1067 1503 dormitationem,
1121 1435 1316 1488 virium
1375 1432 1779 1486 remissionem.
1833 1425 1978 1481 Dissc

2179 1426 2202 1477 ὲ
2233 1424 2332 1493 τὴν
2360 1421 2602 1492 πάρεσιν
2637 1418 2736 1485 τῆς
2762 1416 3065 1484 δυνάμεως.
3083 1412 3298 1465 Ἐκλύει
3323 1410 3433 1479 γὰρ
3453 1410 3540 1460 τὸν
3566 1409 3699 1460 τόνον

453 1547 582 1586 vere
614 1532 759 1585 enim
799 1531 942 1583 vires
974 1541 1205 1582 somnus
1239 1525 1377 1578 solet
1408 1539 1421 1576 :
1463 1537 1560 1592 per
1592 1533 1860 1590 equorum
1915 1531 1976 1570 ve

2236 1513 2573 1583 νυσταγμός.
2625 1508 3060 1574 Ἐπιὸεὸηκότας
3117 1505 3176 1557 δὲ
3223 1505 3334 1566 τοῖς
3375 1502 3561 1561 ἶπτοις
3598 1497 3701 1552 εἴτε

457 1639 809 1686 ascensores,
839 1621 1092 1676 inimicos
1127 1622 1278 1689 ipsos
1311 1616 1588 1684 intelligit,
1621 1613 1714 1681 qui
1754 1612 1809 1664 in
1864 1626 1982 1680 equi

2180 1607 2272 1670 οὺς
2306 1605 2548 1676 ἐχθρούς
2588 1619 2599 1631 '
2629 1602 2704 1663 ὡς
2766 1600 2860 1652 ἐπὶ
2894 1598 2972 1666 τῷ
3032 1595 3344 1666 πολεμικῶς
3393 1591 3700 1654 ἱππάζεσθαι

456 1730 580 1770 rum
621 1683 1002 1776 multitudine,
1035 1683 1236 1780 quibus
1288 1709 1343 1762 in
1395 1683 1543 1763 bello
1591 1703 1868 1775 prmeipue
1921 1708 1981 1755 ut

2182 1697 2583 1769 εοαρρηκότας.
2624 1687 2800 1772 Οὗτοι
2828 1692 2961 1760 γὰρ,
3002 1689 3188 1758 φησὶν,
3222 1687 3290 1740 ἐν
3329 1685 3566 1755 ἅρμασι.
3620 1683 3702 1734 καί

455 1809 683 1873 bantur,
715 1807 880 1861 nimis
919 1799 1284 1859 conlidebant’.
1322 1799 1449 1856 Ideo
1507 1799 1639 1853 alibi
1672 1814 1687 1852 :
1721 1795 1795 1850 Hi
1820 1796 1874 1849 in
1906 1811 1980 1848 cui

1143 1799 1284 1858 bant.
1322 1799 1449 1856 Ideo
1507 1799 1639 1853 alibi
1672 1814 1687 1852 :
1721 1795 1795 1850 Hi
1820 1796 1874 1849 in
1906 1811 2040 1848 cur-
2074 1842 2116 1897 Β
2148 1789 2316 1850 οὗτοι
2341 1793 2410 1844 ἐν
2436 1792 2668 1854 ἵπποις.

460 1902 628 1971 ribus,
659 1899 860 1970 inquit,
894 1906 943 1952 et
975 1897 1035 1949 hi
1060 1897 1114 1949 in
1140 1896 1285 1965 equis
1313 1894 1378 1947 ³³.

533 1962 700 2045 Vens.
846 1962 927 2041 Tu
979 1962 1229 2040 terribilis
1263 2001 1339 2038 es.
1382 1982 1450 2036 Et
1485 1983 1604 2053 quis
1658 1980 1861 2036 resistet
1904 1979 2045 2034 tibi?

2219 1977 2303 2032 Σὺ
2345 1973 2599 2046 φοϐερὸς
2647 1968 2722 2031 εἴ,
2778 1969 2876 2023 καί
2948 1967 3039 2032 τίς
3095 1962 3523 2030 ἀντιστήσεταί
3581 1970 3700 2012 σοι’

458 2081 587 2138 Haec
617 2082 784 2137 verba
819 2095 914 2150 per
945 2095 1004 2135 sc
1025 2080 1162 2134 satis
1187 2078 1334 2131 clara
1371 2083 1524 2130 sunt.

1025 2080 1162 2134 satis
1187 2078 1334 2131 clara
1371 2083 1524 2130 sunt.
2149 2071 2322 2125 Τοῦτο
2355 2069 2544 2138 σαςιές.

531 2175 614 2227 Ea:
645 2182 770 2225 tunc
821 2172 905 2224 ira
953 2180 1070 2224 tua.
1120 2168 1234 2224 lloc
1276 2177 1378 2230 est,
1431 2181 1498 2219 ex
1551 2179 1616 2220 eo
1650 2172 1893 2234 tempore
1937 2175 2048 2232 quo

2220 2161 2367 2216 Ἀπὸ
2409 2163 2542 2215 τότε
2565 2161 2604 2228 ἠ
2631 2156 2777 2227 ὀργή
2813 2171 2954 2210 σου.
2991 2155 3090 2206 Ἐκ
3115 2151 3240 2204 τότε
3271 2148 3367 2216 ἀφ’
3385 2143 3446 2201 οὗ
3473 2145 3605 2198 κατα
3624 2141 3700 2194 σοῦ

458 2265 752 2321 adversum
781 2273 833 2318 te
862 2262 1119 2317 dixerunt
1159 2259 1473 2328 blaspliema
1507 2256 1670 2311 verba
1706 2275 1720 2310 :
1772 2264 1829 2309 tu
1863 2262 1983 2307 tami

2181 2253 2591 2322 ϐλασφήμησαν
2618 2265 2634 2282 ο
2673 2249 2879 2311 ἐδίδους
2911 2246 2968 2299 δὲ
2991 2247 3177 2306 αὐτοῖς
3225 2241 3412 2312 χώραν
3445 2236 3701 2309 μετανοίας

458 2357 658 2413 dedisti
710 2355 793 2411 eis
847 2353 1184 2425 poenitentiae
1237 2327 1439 2414 locum,
1481 2349 1636 2417 juxta
1688 2345 1983 2414 benignitai

2176 2345 2294 2400 εατὰ
2316 2347 2408 2399 τὸν
2439 2344 2608 2413 νόμον
2641 2342 2739 2412 τῆς
2771 2337 3144 2412 χρηστότητός
3179 2352 3274 2388 σου
3309 2352 3323 2365 ·
3393 2333 3427 2402 ἢ
3493 2332 3580 2383 καὶ
3634 2327 3701 2392 τὺ,

458 2459 566 2503 tuae
595 2449 789 2518 lrgem.
830 2423 944 2511 Vel,
977 2459 1041 2500 ea:
1091 2453 1240 2508 tunc,
1283 2441 1553 2512 intellige,
1601 2453 1699 2510 pro
1745 2439 1894 2502 olim,
1949 2455 1983 2492 ει

2040 2453 2047 2489 ι
2149 2438 2288 2494 Ἀπὸ
2312 2439 2462 2504 τότε,
2493 2436 2679 2498 ἁπλῶς
2707 2435 2828 2488 ἀντὶ
2851 2431 2966 2497 τοῦ,
3004 2430 3195 2496 πάλαι,
3214 2425 3322 2499 πρὸ
3353 2423 3565 2476 πολλοῦ.

455 2541 688 2610 jamdiu.

533 2633 697 2687 Vsus.
735 2631 790 2694 9,
825 2631 912 2684 10.
971 2629 1047 2684 De
1099 2628 1228 2684 coelo
1280 2626 1524 2682 auditum
1565 2625 2047 2696 fecistijudiciunt.

2227 2623 2329 2677 Ἐκ
2369 2619 2476 2674 τοῦ
2517 2615 2778 2686 οὐρανοῦ
2827 2613 3164 2680 ήκούτισας
3217 2609 3444 2677 κρίσιν.
3485 2604 3588 2669 Τὴν
3626 2603 3702 2672 δηο

461 2723 659 2780 Audiri
697 2726 842 2779 enim
890 2721 1068 2779 iecisti
1104 2721 1172 2776 de
1227 2721 1367 2775 C0310
1409 2721 1523 2789 jam
1573 2720 1772 2774 dictam
1829 2725 1982 2773 sente

2176 2714 2419 2768 ,ωθεῖσαν
2468 2710 2744 2780 ἀπόφασιν
2794 2708 2859 2760 ἐκ
2902 2701 2994 2758 τοῦ
3036 2700 3270 2775 οὐρανοῦ
3311 2700 3577 2769 ἀκουστήν
3629 2714 3701 2767 μοι

461 2818 616 2872 tiam.
669 2815 802 2870 Eam
858 2815 1062 2870 etenim
1118 2814 1175 2868 in
1227 2828 1315 2866 me
1359 2813 1519 2883 quasi
1559 2811 1612 2864 in
1664 2811 1986 2880 proplteticu

2187 2806 2421 2876 ποίησας
2455 2803 2729 2874 ὲνήχησάς
2774 2817 2865 2872 μοι
2899 2799 3094 2868 αὐτὴν,
3136 2796 3210 2859 ὡς
3240 2795 3513 2865 προφήτῃ.
3543 2792 3632 2861 Εῖη
3666 2790 3701 2842 δ’

462 2908 739 2978 quoddam
802 2921 1069 2978 organum
1144 2905 1458 2960 insonuisti.
1530 2903 1832 2958 Possumus
1881 2902 1987 2958 etia

2174 2901 2220 2953 ίν
2261 2900 2355 2952 καὶ
2383 2896 2509 2968 περὶ
2538 2896 2638 2965 τῆς
2670 2893 2980 2963 μελλούσης
3010 2888 3249 2960 κρίσεως
3302 2888 3507 2939 ἐννοεῖν
3533 2885 3588 2937 τὸ
3620 2887 3699 2952 m-

465 2977 582 3055 lich
608 3000 774 3054 verba
811 2977 885 3052 de
905 2997 1088 3052 futuro
1120 2995 1420 3050 universali
1457 2995 1668 3065 judicio
1719 2995 1990 3066 intelliger

2158 2994 2266 3058 τὸν,
2290 2993 2370 3045 ὅτι
2404 2988 2707 3058 Ἀκουστὴν
2730 2985 2993 3054 ἐποίησας
3017 2981 3187 3052 αὐτὴν
3210 2981 3379 3033 πᾶσιν
3405 2977 3683 3049 ἀνθρώποις

462 3092 722 3147 Auditum
753 3092 896 3148 enim
932 3089 1065 3144 illud
1102 3088 1230 3144 fecit
1264 3089 1409 3143 Deus
1458 3088 1693 3143 humano
1727 3089 1938 3158 generi,
1983 3111 1987 3136 ι

2174 3086 2242 3138 ita
2273 3085 2381 3138 τῶν
2407 3081 2786 3136 Θεοπνεύστων
2814 3078 3058 3149 Γραφῶν
3082 3093 3177 3129 σου
3199 3091 3214 3106 ο
3239 3073 3315 3138 ὡς
3349 3068 3489 3128 εἶναι
3517 3072 3605 3126 καὶ
3645 3070 3699 3122 τὰ

461 3183 762 3254 Scripturis
805 3183 1012 3237 sanctis
1047 3200 1060 3236 :
1097 3190 1261 3251 atque
1293 3181 1396 3236 hoc
1437 3189 1614 3250 pacto,
1646 3195 1768 3248 quae
1799 3192 1986 3249 sequui

1097 3190 1261 3251 atque
1293 3181 1396 3236 hoc
1437 3189 1614 3250 pacto,
1646 3195 1768 3248 quae
1799 3192 2039 3249 sequun-
2067 3186 2111 3244 ρ
2144 3179 2271 3249 ὲξῆς
2321 3174 2613 3231 ἀκόλουθα.

465 3288 574 3339 tur,
617 3275 1155 3346 consequentissime
1180 3275 1326 3328 dicta
1360 3289 1483 3328 esse
1509 3272 1788 3328 videntur.

534 3368 699 3422 Terra
727 3345 962 3431 tremuit,
993 3375 1041 3420 et
1066 3366 1282 3437 quievit,
1306 3365 1433 3418 dum
1478 3374 1780 3434 exsurgeret
1805 3366 1860 3419 in
1885 3365 2041 3435 judi-

2223 3355 2315 3425 Γῆ
2355 3351 2643 3423 ἐφοϐήθη,
2678 3351 2776 3404 καὶ
2810 3350 3132 3419 ἡσύχασεν
3159 3349 3228 3402 ἐν
3261 3347 3343 3414 τῷ
3397 3345 3698 3415 ἀναστῆναι

462 3461 543 3513 cio
597 3459 756 3524 Deus,
801 3470 856 3512 ut
898 3458 1070 3513 salvos
1123 3456 1312 3526 faceret
1364 3469 1664 3512 mansuetos
1714 3467 1890 3513 terraz.
1937 3457 1987 3511 P4

2174 3452 2234 3516 ’ὶς
2263 3448 2371 3502 τὸν
2395 3445 2565 3508 Θεὸν,
2605 3442 2714 3497 τοῦ
2738 3441 2937 3497 σῶσαι
2970 3440 3205 3507 πάντας
3237 3440 3380 3504 τοὺς
3393 3439 3590 3507 πραεῖς
3611 3435 3699 3504 τῆς

461 3560 688 3615 terram,
743 3550 1036 3604 humanam
1098 3547 1352 3619 intelligit
1394 3557 1688 3614 naturam,
1743 3547 1812 3601 ad
1873 3562 1980 3618 qua

2170 3543 2286 3613 Γῆς.
2322 3543 2430 3612 Γῆν
2459 3541 2619 3595 καλεῖ
2659 3540 2838 3593 πάντα
2891 3538 3181 3610 ἄνθρωπον
3243 3539 3383 3610 πρὸς
3405 3539 3465 3591 ὃν
3493 3539 3695 3609 εἴρηται.

462 3641 592 3696 alibi
649 3640 856 3695 dictqu
905 3649 1035 3695 est:
1098 3637 1262 3694 Terra
1304 3655 1381 3701 es,
1428 3647 1476 3692 et
1520 3638 1576 3691 in
1630 3648 1826 3691 terram
1873 3653 1985 3691 rere

2175 3638 2234 3689 ἑτι
2260 3633 2352 3704 Γῆ
2373 3629 2448 3698 εἴ,
2489 3631 2588 3686 καί
2614 3633 2703 3698 είς
2760 3629 2878 3700 γῆν
2907 3630 3222 3698 ἀπελεύσῃ
3253 3646 3266 3664 ·
3296 3631 3529 3701 μάλιστα
3552 3629 3602 3682 δὲ
3627 3629 3700 3680 τὸν

464 3733 592 3786 teris
648 3731 714 3785 “.
766 3729 1048 3800 Praecipue
1099 3740 1280 3784 tamen
1338 3744 1432 3783 eos
1476 3727 1631 3792 dicit,
1683 3729 1774 3800 qui
1827 3737 1989 3783 terret

2174 3726 2457 3799 ρρονοῦντα
2487 3728 2654 3798 γήϊνα
2689 3743 2704 3756 ·
2733 3726 2790 3777 ὲν
2824 3725 2900 3796 τῷ
2917 3725 3220 3795 ἀναστῆναι
3253 3725 3386 3794 γὰρ,
3444 3725 3699 3795 meimei;

465 3823 705 3893 sapiunt.
731 3821 869 3877 Cum
901 3829 1222 3892 exsurgeret
1255 3820 1423 3889 igitur
1457 3819 1603 3876 Deus
1638 3821 1693 3876 in
1736 3821 1990 3875 universa

2172 3821 2257 3892 τὴν
2292 3819 2556 3891 ῥηθεῖσαν
2593 3818 2882 3888 πάνδημον
2917 3818 3106 3890 κρίσιν
3135 3819 3228 3870 τὸν
3257 3818 3414 3880 Θεὸν,
3445 3819 3494 3871 οί
3516 3817 3697 3886 ἄνθρωο

459 3915 765 3985 judicium,
834 3913 1164 3983 quieverunt
1236 3927 1430 3967 omnes
1501 3912 1798 3978 homines,
1853 3911 1984 3966 delet

2174 3929 2250 3965 τοι
2281 3911 2486 3974 πάντες
2503 3909 2810 3981 ἡσύχασαν,
2837 3927 2976 3963 κατα
2989 3908 3288 3980 ργηθέντος
3313 3909 3502 3964 λοιπὸν
3530 3909 3699 3969 παντὸς

463 4015 635 4075 atque
658 4004 968 4074 jexstinctis
1013 4005 1068 4059 in
1110 4014 1392 4073 posterum
1452 4005 1874 4075 quibuscunque
1931 4005 1988 4058 all

2174 4003 2317 4072 ἱργου
2345 4018 2359 4033 ο
2392 4000 2696 4070 ἀναστῆναι
2733 3999 2788 4053 δὲ
2807 4001 2886 4063 είς
2923 4001 3128 4071 κρίσιν,
3160 4001 3254 4053 ἐπὶ
3285 4001 3362 4071 τῷ
3393 4002 3560 4055 σῶσαι
3591 4003 3699 4054 πᾶν·

465 4097 746 4183 operibus.
801 4094 938 4150 Cum
987 4105 1310 4166 exsurgeret
1348 4107 1528 4153 autem
1579 4096 1946 4167 injudicium,

2174 4115 2251 4159 :a;
2303 4095 2432 4158 τοὺς
2481 4094 2764 4157 δικαίους·
2823 4094 2956 4148 ίδιον
3009 4095 3120 4164 γὰρ
3169 4093 3386 4148 δικαίου
3441 4096 3625 4158 παντὸς
3673 4095 3699 4160 ἡ

463 4187 650 4245 iustos
678 4185 926 4242 homines
964 4188 1226 4254 salvaret,
1263 4204 1404 4260 quos
1454 4192 1612 4246 mites
1655 4191 1916 4260 appellat,
1959 4204 2052 4244 seu
2154 4187 2420 4257 πραότης.

465 4289 818 4349 mansuetos,
871 4285 1000 4354 quia
1073 4281 1392 4352 proprium,
1456 4296 1522 4336 ac
1595 4281 1876 4351 peculiare
1959 4287 2046 4336 est
2082 4281 2469 4350 cujuscunque
2554 4279 2657 4334 viri
2709 4279 2880 4350 justi,
2940 4291 2998 4335 ut
3068 4281 3216 4336 mitis
3284 4282 3358 4337 sit
3420 4295 3483 4336 ac
3575 4295 3703 4336 nian-

463 4383 675 4430 suetus.

541 4470 683 4528 Vsus
719 4475 804 4527 Η.
838 4473 1099 4541 Quoniam
1143 4475 1420 4544 cogitatio.
1452 4472 1680 4527 hominis
1709 4471 2048 4542 conﬁtebitur

2224 4469 2357 4522 Ὅτι
2385 4467 2675 4536 ἐνθύμιον
2700 4463 3019 4534 ἀνθρώπου
3041 4464 3551 4534 ἐξομολογήσεταί
3599 4480 3699 4518 σοι.

467 4563 581 4616 tibi.
615 4562 724 4617 Hoc
749 4565 949 4618 dictum
978 4575 1061 4619 est
1097 4565 1163 4619 ad
1199 4567 1448 4620 timorem
1484 4567 1537 4619 in
1572 4566 1641 4621 iis
1671 4565 1992 4619 excitandut

2176 4559 2330 4613 Γοῦτο
2353 4559 2495 4628 πρὸς
2529 4557 2694 4624 φόὸον
2720 4559 2901 4610 κεῖται
2932 4556 3042 4610 τῶν
3074 4556 3423 4628 ἀναλγήτων.
3461 4559 3560 4613 Καὶ
3612 4559 3701 4624 γὰρ

468 4654 562 4722 qui
593 4655 907 4709 indolentia:
935 4657 1067 4709 vitio
1095 4657 1370 4711 laborant.
1396 4657 1555 4713 Tunc
1592 4659 1817 4720 etenim,
1852 4659 1993 4728 inqui

2183 4653 2292 4716 ὅτε,
2328 4652 2484 4720 φησὶ,
2511 4651 2619 4702 πᾶν
2649 4647 2993 4720 ἀνθρώπινον
3025 4648 3285 4719 ἐνθύμιον
3336 4650 3499 4704 ἑαυτὸ
3525 4651 3702 4702 anaxa-

467 4744 726 4811 cogitatio
762 4749 940 4801 omnis
973 4748 1235 4804 humana.
1288 4749 1559 4818 judicauti
1604 4749 1714 4806 Deo
1762 4766 1822 4806 se
1872 4750 1987 4819 ipsa

2176 4745 2312 4813 ,ὕψει
2342 4761 2425 4796 σοι
2455 4741 2756 4805 δικάζοντι.
2808 4741 3009 4795 Ἀκουε
3057 4741 3152 4794 τοῦ
3221 4743 3466 4812 μεγάλου
3512 4741 3701 4796 Παύλου

469 4837 782 4892 revelabit:
837 4839 1269 4909 Cogitationibus
1326 4841 1504 4907 enim,
1567 4842 1743 4911 inquit
1807 4842 1994 4898 Paulus

2179 4837 2282 4906 cepi
2308 4835 2505 4890 τούτου
2536 4835 2791 4908 λέγοντος
2812 4858 2825 4870 ·
2851 4836 3089 4906 Μεταξὺ
3112 4836 3414 4908 ἀλλήλων
3467 4833 3578 4890 τῶν
3618 4837 3704 4887 .to—

467 4928 607 4983 inter
630 4945 685 4984 se
711 4943 891 4985 mutuo
920 4933 1311 5000 accusantibus,
1347 4943 1394 4992 et
1417 4934 1831 5008 defendentibas,
1859 4937 1910 4994 in
1937 4935 1990 4994 di

2178 4927 2390 5004 ἰσμῶν
2447 4933 2965 5004 κατηγορούντων,
3013 4933 3047 5001 ἢ
3097 4932 3197 4986 καὶ
3227 4925 3703 5000 ἀπολογουμένων

465 5037 570 5091 qua
591 5024 856 5093 judicabit
887 5027 1140 5082 Dominus
1170 5033 1374 5085 occulta
1394 5032 1659 5085 hominum
1694 5034 1759 5086 ³³.

2178 5033 2225 5082 l-r
2244 5027 2456 5097 ἡμέρᾳ,
2488 5028 2587 5081 ὅτε
2614 5024 2808 5095 κρινεῖ
2839 5027 2873 5079 ὀ
2905 5025 3049 5091 Θεὸς
3075 5024 3150 5078 τὰ
3183 5024 3428 5092 κρυπτὰ
3475 5019 3587 5074 τῶν
3613 5018 3703 5072 ἁν-

2155 5120 2422 5189 θρώπων.
2560 5170 2579 5182 ,

555 5206 623 5261 Et
651 5209 888 5280 reliquite
921 5212 1279 5282 cogitationis,
1331 5214 1466 5268 diem
1495 5216 1690 5284 festum
1731 5225 1885 5287 agent
1927 5216 2042 5270 tibi.

2226 5213 2336 5266 Καὶ
2399 5209 2844 5281 ἐγκατάλειμμα
2911 5207 3202 5278 ἐνθυμίου
3275 5207 3538 5278 ἑορτάσει
3599 5217 3699 5257 σοι.

469 5301 605 5371 Ipsae
633 5301 796 5354 etiam
838 5302 1077 5357 minima:
1127 5305 1505 5376 cujuscunque
1534 5307 1884 5376 cogitationis
1926 5323 1992 5374 po

2176 5303 2614 5374 Εγκατάλειμμα
2656 5306 2862 5357 νοεῖται
2915 5302 2977 5356 τὸ
3023 5302 3310 5371 λείψανονο
3366 5301 3600 5372 βούλεται
3654 5293 3701 5346 δὲ

474 5393 751 5454 tiunculae,
789 5392 937 5446 diem
973 5393 1170 5448 festum
1204 5397 1298 5452 tibi
1335 5405 1518 5467 agent,
1547 5397 1652 5452 hoc
1679 5406 1783 5458 est,
1810 5412 1870 5451 se
1901 5399 1999 5466 ips:

2176 5397 2333 5449 εἰπεῖν
2364 5396 2448 5449 ὅτι
2479 5395 2576 5448 καὶ
2604 5393 2736 5448 αὐτό
2758 5395 2819 5448 τὸ
2846 5394 3187 5466 βραχύτατον
3213 5394 3404 5465 μόριον
3452 5391 3540 5445 τοῦ
3565 5387 3701 5442 ἐνθυ-

471 5483 573 5536 tibi
626 5481 1078 5540 manifestabunt.
1134 5487 1428 5543 Festivitas
1484 5490 1632 5544 enim
1692 5489 1833 5542 nihil
1897 5489 1996 5544 alit

2176 5489 2414 5559 ιήματος
2479 5487 2736 5556 ἑορτάσει
2815 5505 2940 5554 σοι,
2987 5489 3288 5551 τουτέστιν,
3335 5484 3578 5549 ἐπιδείξει
3633 5496 3701 5532 σοι

473 5579 580 5637 est,
609 5587 772 5641 quam
805 5573 1104 5630 deelaratio
1141 5591 1205 5630 ac
1254 5577 1624 5633 manifestatio
1653 5578 1801 5633 illius
1851 5580 1998 5632 solen

2176 5580 2318 5633 ;αυτό
2341 5597 2354 5610 ·
2385 5579 2548 5651 ἑορτὴ
2586 5580 2696 5651 γὰρ
2731 5579 2990 5647 ἐπίδειξίς
3025 5581 3142 5633 ἐστι
3193 5577 3288 5632 τοῦ
3335 5574 3701 5648 ἐορταζομένου

472 5664 686 5730 nitatis,
710 5665 866 5736 cujus
908 5666 1104 5722 festum
1146 5673 1476 5728 celebratur.
1510 5674 1682 5742 Agunt
1713 5671 1876 5740 igitur
1903 5673 1990 5727 die

2174 5672 2343 5744 τράγε]
2355 5689 2506 5736 οιτος.
2538 5673 2702 5728 Ὅθεν
2719 5674 2810 5727 καὶ
2832 5672 3130 5743 ἑορτάσει,
3148 5673 3268 5727 ἀντὶ
3292 5670 3382 5726 τοῦ
3403 5667 3699 5739 Θεατρήσει.

531 5843 735 5916 {'Psul.
782 5864 894 5914 xui,
921 5849 971 5906 8.
1052 5852 1094 5884 “
1123 5853 1258 5909 Gen.
1298 5871 1380 5920 ιιι,
1432 5854 1513 5908 l9.
1582 5853 1623 5884 ³⁸
1658 5852 1816 5908 Rom.
1855 5871 1912 5921 ιι,
1952 5852 2032 5907 lt}.
