3862 6554
208 418 308 486 321

1356 408 1864 487 COMMENTEIN
1897 406 2263 470 PSALMOS.

3326 405 3436 468 822

208 544 293 584 σαι
321 529 455 603 γὰρ,
495 528 528 601 ἢ
577 527 671 581 καὶ
695 524 1291 597 ὲξανδραποόισθεῖσαι,
1319 526 1421 579 οὐκ
1473 526 1632 595 ἔνοχον
1664 523 1760 575 οἰδ

1879 527 1966 573 aut
1995 519 2215 577 occisae.
2245 522 2340 570 aut
2381 521 2516 569 actae
2550 513 2603 568 in
2652 514 3047 584 captivitatem,
3086 513 3297 569 nullum
3338 516 3440 569 ba-

205 620 360 674 αὖταὶ
417 617 773 689 θρηνοῦντας,
801 619 867 672 ’ἐν
915 621 1035 681 ταῖς
1087 617 1297 670 ἑαυτῶν
1338 615 1559 668 πόλεσιν
1595 613 1766 684 ἄρδην

205 707 709 777 ἑξολοθρευθείσαις.

264 800 369 854 Kal
431 797 722 867 ἐξηγέρθη
780 799 862 864 ὡς
926 798 1136 855 ὑπνῶν
1191 799 1426 867 Κύριος.
1480 797 1693 864 Ὠσπερ
1736 795 1767 847 6

203 889 379 943 ὑπνῶν
401 888 816 959 ἐξεγειρόμενος
837 890 1263 945 ἀποτινάσσεται
1282 890 1375 944 τὸν
1399 888 1589 951 ὕπνον,
1621 886 1766 941 οὕτω

201 980 290 1034 καὶ
336 979 367 1032 δ
416 976 622 1050 Κύριος
656 978 908 1049 ἐγερθεὶς
955 980 1054 1049 ὀψέ
1090 979 1222 1034 ποτε
1249 983 1332 1044 τίς
1361 980 1645 1049 ἀντίληψιν
1663 979 1767 1047 τῆς

201 1068 429 1124 κιϐωτοῦ
460 1071 561 1124 καὶ
603 1071 700 1125 τοῦ
748 1072 902 1135 λαοῦ,
941 1073 1236 1138 δεδωκότος
1284 1074 1386 1145 ἤδη
1444 1074 1544 1144 τὴν
1579 1073 1762 1142 δίκην,

198 1160 556 1227 ἁπττινάξατο
585 1163 685 1235 τὴν
727 1166 816 1235 ἐφ’
848 1158 932 1229 οἷς
972 1167 1211 1223 τοσαῦτα
1260 1167 1435 1239 ἔδρων
1476 1167 1528 1221 οἱ
1579 1165 1763 1237 ἐχθροὶ

200 1252 601 1325 μακροθυμίαν.

270 1516 361 1581 Ὧς
384 1517 653 1587 δυνατὸς
670 1520 769 1575 καὶ
797 1523 1193 1590 ama/lucc
1214 1522 1285 1586 es
1305 1521 1606 1580 olrovll‘dv
1634 1538 1765 1595 προ-

198 1606 415 1661 λαὸόντα
449 1610 635 1681 στίχον
666 1612 749 1667 ἔτι
780 1615 1089 1684 σαφηνίζει.
1120 1615 1307 1681 Οὕτως
1334 1616 1630 1688 ἐξηγέρθη.
1661 1629 1766 1684 φη·

198 1698 292 1762 σὶν,
335 1698 531 1772 ὥσπερ
563 1720 646 1766 τις
670 1702 898 1771 δυνατὸς
939 1703 1229 1779 ἄνθρωπος
1279 1709 1669 1780 κραιπαλήσας
1702 1707 1763 1776 ἒξ

195 1790 328 1845 οἴνου
349 1809 362 1822 ·
397 1796 715 1864 περιττεύει
759 1799 868 1870 γὰρ
919 1801 948 1853 ὁ
974 1801 1087 1855 Καί
1111 1800 1413 1873 σύνδεσμος
1437 1817 1450 1831 ·
1481 1804 1511 1855 ό
1530 1801 1642 1872 γὰρ
1670 1802 1765 1856 δυ-

1867 612 2106 665 buerunt
2130 607 2227 678 qui
2251 621 2344 663 eas
2373 606 2655 678 ploraret:
2691 605 3008 662 civitatibus
3037 606 3248 662 scilicet
3278 621 3439 677 pror-

1865 717 1961 758 sus
1990 701 2207 757 deletis.

1938 790 2109 847 Vlns.
2160 790 2252 846 65.
2293 786 2361 844 Et
2414 790 2681 845 excitatus
2734 794 2816 844 est
2864 798 3117 860 tanquam
3175 788 3440 843 dormiens

1873 884 2151 940 Dominus.
2197 882 2675 951 Quemadmodum
2736 882 3016 937 dormiens
3068 881 3162 952 qui
3223 881 3439 935 tandem

1866 992 2118 1034 somnum
2156 976 2363 1032 excutit
2408 990 2533 1031 cum
2583 975 2872 1039 excitatur,
2924 974 2996 1028 ita
3046 984 3099 1030 et
3152 972 3438 1033 Dominus,
3520 976 3525 980 ’

1866 1085 1991 1126 sero
2017 1068 2169 1133 licet,
2202 1068 2257 1123 in
2289 1080 2431 1122 arcte
2454 1080 2520 1121 ac
2543 1066 2725 1136 populi
2754 1065 3018 1120 auxilium
3038 1064 3311 1120 excitatus
3330 1069 3438 1116 est.

1866 1160 2021 1216 Satis
2078 1159 2224 1216 enim
2275 1162 2465 1228 ρωπος
2519 1158 2806 1214 dederant.
2839 1155 3442 1227 Longanimitatemque

1865 1252 2013 1307 illam
2040 1265 2106 1306 ac
2146 1249 2462 1321 patientiam
2492 1250 2806 1305 excussisse
2843 1249 2993 1305 visus
3020 1256 3126 1313 est,
3167 1249 3239 1302 ob
3276 1256 3439 1316 quant

1866 1354 2017 1401 tanta
2066 1344 2253 1399 hostes
2281 1355 2522 1412 eousque
2567 1340 2828 1413 perlicere
2859 1349 3175 1413 potuerant.

1938 1514 2213 1594 Tanquam
2254 1531 2459 1591 potens,
2489 1530 2538 1576 et
2583 1521 2894 1589 crupulatus
2933 1536 2964 1572 a
2996 1518 3135 1581 ritas.
3171 1514 3249 1569 Ad
3283 1529 3443 1582 supe-

1865 1614 2031 1671 rioris
2055 1614 2312 1669 versiculi
2361 1613 2786 1668 declarationem
2832 1611 2949 1665 inec
3001 1614 3439 1674 consequuntur.

1866 1705 1984 1763 Non
2015 1720 2200 1770 secus,
2229 1703 2430 1776 inquit,
2453 1702 2599 1758 Deus
2626 1702 2899 1758 excitatus
2926 1710 3033 1762 est,
3068 1700 3174 1755 hoc
3196 1703 3302 1760 cst,
3332 1710 3442 1749 non

1867 1800 2068 1855 minori
2102 1813 2229 1854 cum
2257 1797 2455 1855 robore
2500 1813 2566 1854 ac
2602 1796 2967 1863 vehementia,
3017 1803 3182 1864 atque
3218 1789 3441 1847 excitati

196 1882 341 1946 νατδς
369 1887 777 1960 καραὸαρήσας
802 1868 862 1955 ἐξ
891 1892 1056 1955 οίνου,
1086 1893 1176 1947 ὅτε
1209 1868 1439 1967 ἀναστῇ,
1472 1868 1760 1966 σφοδρότε-

1879 1892 2010 1950 solet
2059 1892 2222 1949 homo
2271 1891 2550 1962 quispiam
2607 1888 2839 1946 summis
2878 1886 3141 1958 praeditus
3174 1883 3385 1939 viribus
3424 1898 3439 1934 :

198 1990 281 2043 ρον
317 1982 575 2047 κινεῖται,
607 1984 701 2036 καὶ
728 1984 1198 2058 δρμητικώτερον.

1867 1987 2017 2058 quod
2047 1988 2099 2044 si
2123 1985 2190 2042 ad
2222 1985 2477 2057 proprias
2513 1984 2661 2040 vires
2700 1982 2832 2038 illud
2867 1981 3033 2036 etiam
3066 1976 3356 2041 addiderit,
3383 1980 3443 2029 ut

196 2069 309 2123 vino
352 2073 621 2144 repletus,
670 2090 736 2132 ac
784 2079 1100 2148 crapulatus
1152 2080 1246 2145 sit,
1297 2082 1513 2138 tametsi
1566 2081 1751 2152 aliquo
1789 2087 2038 2151 tempore
2089 2079 2297 2136 obvini
2328 2077 2625 2149 potentiam
2655 2089 2875 2146 sopore,
2902 2081 2997 2128 aut
3060 2069 3256 2140 capitis
3316 2082 3442 2139 gra-

194 2165 369 2220 vedine
391 2169 658 2238 occupari
690 2184 813 2226 eum
850 2173 1152 2245 contingat,
1190 2174 1281 2230 ubi
1326 2188 1358 2229 a
1413 2188 1609 2231 somno
1690 2170 2007 2242 huiusmodi
2075 2169 2508 2236 consurrexerit,
2578 2166 2980 2229 vehementius,
3027 2170 3194 2232 atque
3268 2162 3442 2234 impe-

193 2269 391 2319 tuosus.
416 2273 587 2328 quam
614 2269 774 2319 antea
797 2263 1000 2320 moveri
1025 2264 1186 2322 solet.
1214 2265 1539 2336 Conjuuctio
1560 2273 1744 2321 autem
1784 2264 1875 2321 illa
1909 2274 1981 2328 et,
2021 2262 2285 2319 abundat.

252 2349 352 2402 Καὶ
385 2349 656 2416 ἐπάταξε
676 2352 818 2420 τοὺς
836 2354 1093 2424 ἐχθροὺς
1111 2356 1300 2411 αὐτοῦ
1328 2359 1417 2423 είς
1448 2356 1520 2411 τὰ
1541 2356 1756 2410 ὀπίσω.

1933 2349 2101 2410 Vsus.
2132 2352 2221 2408 66.
2251 2352 2320 2407 Et
2348 2353 2600 2420 percussit
2630 2347 2873 2404 inimicos
2890 2363 3016 2402 suos
3045 2348 3098 2400 in
3118 2346 3438 2417 posteriora.

194 2438 600 2508 ΤδἘπάταξε,
658 2444 897 2514 μάλιστα
932 2444 1033 2517 μὲν
1078 2447 1141 2502 τὸ
1193 2448 1399 2503 ’Δνεῖλε
1461 2447 1756 2519 σημαίνειο

1879 2445 2127 2514 Verbum,
2166 2444 2459 2504 Percussit.
2486 2442 2630 2513 apud
2664 2440 3035 2511 Scripturam,
3059 2448 3117 2494 ut
3147 2436 3438 2507 plurimum

197 2528 297 2584 ἔστι
316 2532 361 2586 δ’
390 2534 487 2586 ὅτε
517 2537 609 2589 καὶ
635 2535 821 2602 ἁπλῶς
849 2538 1049 2612 ἔπληξε
1071 2557 1085 2570 ο
1110 2539 1187 2605 ὠς
1236 2541 1333 2597 καὶ
1355 2541 1473 2599 νῦν.
1514 2539 1758 2611 Ἐπληξε

1879 2538 2155 2608 tccipitur,
2195 2551 2295 2606 pro
2338 2534 2574 2591 Occidit.
2627 2531 2937 2601 Aliquando
2997 2538 3174 2583 tamen
3227 2527 3441 2596 simpli-

196 2621 291 2694 γὰρ
325 2625 449 2689 τοὺς
487 2626 825 2697 ἀλλοφύλους
871 2632 951 2695 είς
985 2633 1086 2696 τὰς
1120 2632 1284 2704 ἕδρας
1313 2633 1509 2699 ὀπίσω,
1556 2632 1632 2697 ὡς
1662 2633 1758 2686 καὶ

1879 2629 2000 2683 :iter
2027 2627 2297 2698 accipitur
2333 2642 2433 2697 pro
2470 2622 2813 2687 Verberavit,
2847 2631 2905 2676 ut
2947 2635 3114 2676 nunc.
3162 2618 3442 2674 Percussit

196 2712 445 2784 ήὶστορία
474 2717 717 2775 διδάσκει
738 2737 752 2751 ο
781 2722 1049 2795 εὐφήμως
1076 2725 1133 2779 δὲ
1165 2727 1272 2794 Εἰς
1292 2726 1365 2782 τὰ
1393 2724 1588 2783 ὀπίσω
1609 2724 1757 2796 εἷπε,

1879 2729 2045 2776 tutem
2079 2735 2174 2775 eos
2207 2728 2353 2774 retro
2396 2717 2451 2773 in
2502 2715 2746 2780 natibus,
2800 2724 2859 2769 ut
2914 2715 3199 2783 Scriptura
3255 2713 3437 2766 docet.

193 2804 349 2874 δηλῶν
376 2809 484 2875 τὰς
517 2808 701 2884 ἕδρας.

1883 2813 2204 2871 louestioris
2255 2822 2439 2867 autem
2494 2809 2771 2867 sermonis
2803 2809 2981 2877 gratia
3028 2806 3193 2871 dixit,
3247 2804 3436 2868 Retro,

1856 2921 1954 2962 seu
1980 2904 2044 2961 In
2082 2906 2396 2975 posteriora.

260 2988 530 3056 Ὄνειδος
559 2992 800 3048 αἰώνιον
826 2991 1050 3051 ἔδωκεν
1079 2995 1306 3065 αὐτοῖς.
1333 2997 1576 3062 Ὀνειδος
1606 2996 1757 3066 λέγει

196 3077 281 3149 τὴν
297 3080 401 3134 τῶν
428 3081 610 3151 ἑδρῶν
635 3083 853 3157 πληγήν
869 3103 885 3117 ·
923 3086 1054 3143 ἔνθα
1075 3089 1184 3159 γὰρ
1210 3089 1433 3159 εἰσῆγον
1456 3090 1557 3162 τὴν
1588 3090 1760 3144 κιϐω-

1930 2995 2289 3066 Opprobrium
2317 3003 2570 3051 wternum
2620 2993 2763 3046 dedit
2798 2993 2891 3046 eis.
2943 2990 3046 3049 Per
3085 2988 3436 3061 upptnbrium

1864 3090 2066 3144 vulnus
2097 3087 2229 3143 illud
2281 3086 2557 3155 intelligit,
2607 3085 2753 3155 quod
2801 3084 3111 3139 habuerunt
3162 3084 3216 3137 iu
3258 3089 3439 3150 postc-

195 3166 293 3234 τὸν,
327 3149 511 3225 ἐκεῖσε
538 3171 600 3226 τὸ
639 3149 816 3241 πάόὸέ
840 3176 998 3231 τοῦτο
1191 3149 1409 3235 πάντων
1447 3149 1684 3250 ἐγένετο.

1879 3179 1998 3235 riori
2037 3179 2290 3250 corporis
2322 3188 2496 3250 parte.
2533 3178 2870 3246 Quocunque
2918 3176 3063 3232 cnim
3116 3189 3299 3231 arcam
3338 3173 3437 3227 du-

256 3346 361 3401 Καὶ
400 3349 693 3406 ἀπώσατο
735 3352 801 3406 τὸ
842 3355 1135 3424 σκήνωμα
1176 3354 1389 3426 Ἰωσήφ
1414 3375 1428 3390 ·
1479 3358 1579 3429 τὴν
1626 3360 1759 3431 σκήο

196 3456 363 3507 νωσιν,
391 3444 500 3513 τὴν
535 3443 594 3509 ὲν
633 3444 852 3518 Ἰωσὴφ,
883 3449 1064 3501 είτουν
1095 3449 1193 3518 τὴν
1223 3450 1283 3502 ὲν
1312 3451 1425 3512 τοῖς
1443 3452 1617 3520 ὁρίοις
1657 3451 1759 3521 τῆς

198 3532 541 3601 κληροδοσίας
588 3535 684 3590 τοῦ
714 3536 937 3611 Ἰωσήφ.
992 3539 1095 3594 Τὸν
1121 3540 1365 3612 Ἐφραῒμ
1408 3540 1504 3597 νῦν
1554 3543 1759 3616 Ἰωσὴφ

197 3624 461 3691 ἐκάλεσεν,
492 3628 563 3691 ὡς
589 3627 704 3682 υίδν
747 3629 844 3684 τοῦ
870 3628 1093 3703 Ἰωσήφ.
1142 3632 1318 3687 Ταυτὸ
1345 3634 1455 3706 γὰρ
1485 3634 1636 3704 λέγει
1666 3636 1762 3690 καὶ

198 3717 300 3780 νῦν,
326 3720 440 3788 τῷ·
495 3720 608 3777 Καὶ
646 3720 929 3779 ἀπώσατο
957 3724 1074 3794 τὴν
1122 3727 1367 3796 σκηνὴν
1410 3728 1644 3799 Σηλώμ.
1692 3728 1759 3782 Ἠ

198 3808 292 3880 γὰρ
319 3811 524 3882 Σηλὼμ
555 3813 714 3885 μερὶς
743 3809 812 3888 ἦν
840 3815 942 3888 τῆς
969 3815 1145 3888 φυλῆς
1169 3814 1435 3889 Ἐςρραῒμ,
1465 3819 1542 3882 ὡς
1574 3818 1762 3890 προεί-

196 3916 365 3971 ρηται.

256 3998 358 4052 Καὶ
390 3998 516 4066 τὴν
560 3998 770 4069 φυλὴν
806 4001 1061 4072 Ἔφραῒμ
1106 4006 1219 4060 οὐκ
1267 4004 1611 4070 ἐξελέξατο.
1668 4008 1761 4071 Εἰς

199 4089 471 4144 κατοικίαν
499 4094 597 4164 τῆς
622 4091 883 4160 κιϐωτοῦ,
914 4096 1005 4151 διὰ
1035 4098 1134 4162 τὰς
1156 4099 1504 4168 παρανομίας
1534 4098 1729 4170 αὐτῆς.

261 4266 358 4321 Kal
385 4268 715 4335 ἐξελέξατο
756 4272 874 4341 τὴν
927 4271 1137 4344 φυλὴν
1176 4274 1393 4330 Ἰούδα.
1452 4277 1547 4341 Εἰς
1603 4277 1762 4347 βασι-

196 4352 365 4413 λείαν·
401 4359 567 4414 τοῦτό
600 4379 736 4435 φησι
765 4364 833 4417 δι’
867 4364 1059 4419 ἑαυτὸν
1087 4368 1114 4420 ὀ
1151 4366 1335 4424 Δαδίδ.
1357 4369 1759 4442 Παρεσιώπησε

1862 3280 2070 3332 errent,
2112 3269 2182 3325 ab
2219 3269 2368 3325 illius
2393 3268 2637 3324 vulneris
2667 3267 2859 3321 dolore
2891 3264 3327 3336 occupabantur.

1937 3363 2099 3418 Vens.
2130 3360 2218 3418 67.
2248 3360 2319 3415 Et
2361 3360 2550 3431 repulit
2606 3358 3007 3413 tabernaculum
3050 3355 3269 3422 Ioseph.
3324 3355 3436 3409 lioe

1863 3464 1948 3509 est
1992 3453 2244 3509 habitare
2296 3452 2440 3508 Deus
2496 3451 2697 3516 noluit,
2734 3450 2787 3504 in
2852 3448 3055 3504 ﬁnibus
3100 3446 3436 3503 haereditatis

1861 3542 2084 3615 Josoph.
2113 3544 2215 3601 Per
2237 3543 2442 3614 Joseph
2478 3550 2657 3597 autem
2691 3542 2867 3612 ipsam
2918 3529 3177 3608 intelligit
3232 3539 3433 3592 tribum

1864 3637 2148 3708 prraim,
2198 3637 2294 3707 qui
2352 3636 2497 3691 [ilius
2552 3631 2904 3702 iuitJoseph.
2960 3630 3203 3685 Similem
3254 3638 3434 3684 autem

1864 3729 2194 3785 sententiam
2229 3728 2487 3799 superius
2536 3726 2670 3779 diin
2701 3723 2997 3793 PrOpheta,
3039 3720 3258 3791 quando
3308 3720 3382 3774 ait
3421 3737 3434 3773 :

1862 3818 1932 3875 Et
1964 3820 2153 3888 repulit
2203 3817 2603 3873 tabernaculum
2655 3814 2790 3870 Silo.
2820 3815 2975 3869 ‘Erat
3028 3811 3175 3868 enim
3225 3809 3341 3865 Silo
3381 3809 3441 3864 in»

1864 3920 2012 3968 sorte
2045 3913 2220 3968 tribus
2247 3911 2530 3981 Ephraim,
2554 3916 2613 3965 ut
2647 3900 3025 3979 praediximus.

1939 4004 2005 4058 Et
2042 4005 2235 4059 tribum
2265 4004 2521 4074 Ephraim
2570 4019 2673 4056 non
2717 4001 2892 4070 elegit.
2938 3998 2996 4053 in
3037 4011 3180 4053 arcte
3231 3994 3438 4051 scilicet

1865 4097 2276 4152 habitationem.
2308 4096 2486 4167 Atque
2527 4097 2628 4150 hoc
2662 4094 2734 4148 ob
2763 4092 2972 4150 scelera
3027 4100 3082 4147 et
3118 4088 3439 4161 iniquitates

1933 4204 2078 4240 runn.

1861 4203 1993 4242 eorn
2061 4227 2078 4239 .

1934 4204 2100 4336 Veis.
2121 4278 2211 4334 68.
2244 4273 2314 4332 Et
2349 4278 2504 4348 elegit
2546 4276 2739 4329 tribum
2770 4273 2938 4327 Iuda.
2971 4272 3051 4326 Ad
3080 4284 3308 4340 regnum
3350 4270 3438 4323 ni-
3485 4289 3494 4297 ·

1864 4371 2086 4427 mirum.
2126 4371 2239 4427 Hoc
2276 4379 2456 4424 autem
2492 4376 2716 4438 propter
2767 4365 3009 4434 seipsum
3067 4362 3201 4416 dicit
3247 4362 3436 4415 beatus

196 4444 338 4506 δὲτὰ
376 4451 525 4507 κατὰ
555 4453 652 4509 τὸν
679 4454 874 4525 Σαοὺλ,
923 4456 1014 4512 ἵνα
1050 4458 1125 4529 μὴ
1173 4458 1300 4531 δόξῃ
1338 4458 1617 4534 διασύρειν
1656 4463 1757 4517 αὐ·-

1879 4465 2058 4518 David.
2083 4462 2329 4517 Reticuit
2363 4471 2547 4515 autem
2573 4475 2697 4529 qua:
2721 4458 2788 4513 ad
2818 4458 3039 4513 Saulem
3065 4456 3434 4528 pertinebant,

200 4541 301 4599 τόν.

265 4632 336 4689 Τὸ
368 4636 513 4706 ὅρος
550 4639 618 4693 τὸ
668 4640 823 4696 Σιὼν
866 4640 899 4697 δ
949 4643 1287 4715 ἠγάπησεν.
1330 4645 1477 4702 ’Δντὶ
1510 4648 1608 4719 μὲν
1659 4649 1761 4719 τῆς

204 4724 363 4797 φυλῆς
390 4729 678 4802 Βενιαμὶν,
711 4730 777 4806 ἦς
815 4729 885 4806 ἦν
911 4738 940 4790 ὁ
964 4738 1157 4798 Σαοὺλ.
1183 4740 1470 4806 ἐξελέξατο
1506 4744 1607 4812 τὴν
1653 4759 1760 4810 φυ-

199 4813 287 4886 λὴν
320 4819 531 4887 Ἰούδα,
582 4814 654 4895 ἧς
705 4819 775 4895 ἦν
816 4826 847 4879 δ
905 4828 1089 4884 Δαδίδ.
1155 4829 1303 4884 ’Δντὶ
1360 4832 1420 4885 δὲ
1456 4832 1552 4885 τοῦ
1600 4834 1763 4904 ὖρους

196 4904 430 4997 Ἐφραὶμ
492 4915 625 4984 παρ’
663 4908 794 4989 ᾧῆν
843 4918 872 4972 ὁ
902 4919 1124 4990 Σηλὼμ,
1184 4922 1467 4989 ἐξελέξατο
1526 4926 1584 4978 τὸ
1637 4926 1765 4997 ὅρος

198 4995 350 5066 Σιὼν,
386 5004 525 5087 παρέ
558 4998 605 5074 ᾧ
643 5002 713 5079 ἦν
764 5010 799 5079 ἠ
854 5009 1233 5085 Ἰερουσαλήμ.
1282 4995 1764 5087 ’Δγαπηθῆναιῖδὲ

198 5092 323 5147 αὐτὸ
343 5094 514 5165 λέγει,
545 5097 636 5152 διὰ
666 5098 727 5153 τὸ
777 5102 1183 5175 μεγαλυνθῆναι
1207 5105 1390 5171 τοῦτο,
1432 5110 1527 5162 καὶ
1562 5109 1765 5179 ὀνομα-

197 5182 318 5337 ἔτδν
363 5186 623 5254 γενέσθαι
665 5188 761 5258 ἀφ’
797 5187 859 5248 οὗ
910 5193 1104 5264 χρόνου
1146 5194 1248 5267 τὴν
1287 5197 1524 5252 κιϐωτὸν
1567 5199 1762 5253 ὑπεδέ-

230 5290 343 5330 ατο.

230 5290 343 5330 ατο.

261 5369 369 5423 Καὶ
396 5370 789 5441 ᾠκοδόμησεν
818 5372 900 5441 ὡς
919 5378 1331 5446 μονοκέρωτος
1384 5380 1450 5435 τὸ
1490 5381 1758 5451 ἁγίασμα

198 5460 395 5514 αὐτοῦ.
426 5491 497 5502 -—
540 5463 943 5536 ᾮκοδόμησεν
974 5506 989 5531 ,
1033 5468 1156 5521 ἀντὶ
1206 5470 1325 5535 τοῦ,
1374 5452 1756 5543 υίκοδορήσει,

200 5550 333 5604 κατᾶ
395 5554 761 5626 ὰντιχρονίαν.
798 5558 1139 5628 Προφητεύει
1173 5559 1284 5631 γὰρ
1321 5562 1418 5614 νῦν
1476 5563 1604 5633 περὶ
1660 5563 1759 5617 τοῦ

200 5640 255 5726 ἐν
290 5641 684 5717 Ἱεροσολύμοις
718 5647 949 5720 ὕστερον
969 5650 1418 5724 οἰκοδομηθέντος
1446 5653 1577 5709 ναοῦ
1602 5654 1756 5726 παρὰ

198 5723 556 5803 Σολομῶντος.
586 5738 708 5792 Ἔτι
737 5738 794 5793 δὲ
824 5743 920 5793 καὶ
957 5741 1088 5811 περὶ
1116 5723 1222 5811 τῆς
1243 5745 1322 5805 εἰς
1362 5745 1424 5797 τὸ
1449 5745 1578 5815 ἑξῆς
1604 5723 1758 5816 βασι-

203 5819 349 5889 λείας
399 5830 495 5901 τῆς
550 5829 723 5903 φυλῆς
792 5832 985 5889 Ἰούδα.
1048 5834 1313 5906 Ἐδήλωσε
1353 5836 1485 5907 γὰρ
1541 5837 1691 5907 αὐτῷ
1733 5838 1762 5890 6

1867 4572 1934 4611 ne
1961 4556 2035 4610 illi
2071 4554 2359 4610 detrahere
2401 4554 2697 4608 videretur.

1935 4644 2170 4699 Montem
2200 4641 2349 4704 Sion,
2369 4658 2518 4711 quem
2538 4642 2749 4696 dilexit.
2779 4639 2887 4697 Pro
2931 4640 3077 4696 tribu
3111 4638 3258 4693 enim
3292 4637 3435 4693 Ben-

1859 4737 2057 4806 jamiu,
2089 4736 2158 4790 de
2192 4751 2297 4804 qua
2327 4733 2430 4788 fuit
2452 4733 2605 4797 Saul,
2631 4733 2794 4803 elegit
2814 4732 3018 4788 tribum
3045 4730 3207 4797 Juda,
3243 4729 3312 4786 de
3328 4746 3436 4798 qua

1868 4840 1988 4884 erat
2019 4828 2186 4883 David
2217 4846 2230 4882 :
2258 4837 2312 4883 et
2348 4842 2447 4898 pro
2487 4824 2972 4896 monteprraim,
3005 4824 3100 4879 ubi
3144 4832 3264 4877 erat
3293 4823 3436 4877 civi-

1866 4927 1952 4974 tas
1978 4918 2115 4984 Silo,
2151 4918 2320 4989 elegit
2371 4930 2610 4973 montem
2648 4917 2807 4985 Sion,
2861 4918 2916 4972 in
2947 4931 3059 4988 quo
3107 4914 3433 4971 Jerusalem.

1869 5009 2136 5065 Dilexisse
2161 5018 2345 5064 autem
2385 5008 2521 5064 dicit
2543 5006 2836 5063 Dominum
2864 5016 3104 5063 montem
3134 5002 3434 5072 Sion‘,quia

1862 5118 1986 5157 eum
2021 5102 2333 5166 honoravit,
2362 5110 2418 5159 et
2449 5101 2719 5157 celebrem
2754 5099 2898 5171 apud
2954 5108 3149 5153 omnes
3168 5092 3430 5155 reddidit,

1861 5192 1930 5246 ab
1963 5207 2029 5248 eo
2083 5201 2350 5263 tempore,
2389 5207 2502 5263 quo
2546 5205 2677 5247 arca
2731 5189 2957 5246 fmderis
2985 5187 3118 5242 illuc
3168 5182 3433 5254 perducta

1860 5290 1968 5338 est.
2492 5334 2503 5341 .

1939 5372 2101 5431 Vsus.
2135 5374 2222 5432 69.
2255 5370 2324 5430 Et
2372 5375 2654 5445 (edi/ienuit
2705 5372 2861 5444 quasi
2910 5371 3182 5427 unicornis
3231 5368 3433 5425 sancti-

1864 5467 2165 5536 ﬁcationem
2230 5483 2406 5522 suam.
2452 5495 2523 5506 —
2571 5465 2883 5533 Ediﬁcavit
2929 5478 3029 5533 pro
3088 5460 3430 5517 lEdilicabit.

1867 5560 2107 5629 Tempus
2135 5560 2283 5615 enim
2305 5558 2492 5629 posuit
2516 5573 2615 5628 pro
2649 5565 2919 5625 tempore.
2956 5554 3308 5626 Prophetiam
3335 5568 3435 5609 au-

1868 5659 1975 5704 tem
2005 5651 2169 5705 tradit
2197 5652 2263 5704 de
2294 5650 2519 5716 templo,
2545 5647 2686 5717 quod
2728 5662 2756 5700 a
2785 5644 3079 5702 Salomone
3106 5653 3437 5700 construen-

1869 5742 1998 5798 dum
2029 5752 2146 5797 erat
2211 5743 2263 5796 in
2286 5739 2614 5806 Jerusalem,
2655 5750 2710 5796 et
2749 5739 2816 5795 de
2856 5754 3048 5809 regno,
3092 5742 3239 5811 quod
3290 5736 3439 5790 futu-

1871 5852 1991 5892 rum
2018 5845 2135 5892 crat
2171 5837 2224 5891 in
2256 5835 2399 5892 tribu
2440 5833 2600 5892 Juda.
2629 5833 2945 5891 Rcvclatum
2976 5832 3121 5890 enim
3172 5832 3221 5889 ci
3256 5830 3438 5884 fuerat
