3862 6546
103 414 192 476 8Ί3

1235 411 1622 474 COMMENT.
1673 409 1755 470 IN
1799 409 2162 472 PSALMOS.

3223 405 3335 473 εει

113 527 358 598 Ἐρραϊμ,
416 529 511 578 καὶ
562 525 844 595 Βενιαμὶν,
888 525 982 579 καὶ
1037 525 1328 594 Μανασσῆ.
1375 526 1528 578 Ἐπεὶ
1561 525 1657 594 γὰρ

1773 522 1909 578 Nam
1939 539 2002 578 ex
2039 537 2150 593 quo
2181 524 2504 580 meminerat
2540 524 2867 596 patriarchae
2899 524 3122 595 Joseph,
3150 536 3346 579 inerti

105 622 183 675 τοῦ
247 619 448 688 Ἰωσὴφ
512 618 795 689 ἐμνήσθη,
862 618 1089 680 εἰκότως
1162 617 1481 688 ἐπεμνήσθη
1564 618 1660 668 καὶ

84 707 196 758 πῶν
252 706 530 773 φιλτάτων
559 704 654 758 δύο
686 705 820 757 υίῶν
878 704 1046 759 αξ.τοῦ
1095 704 1342 773 Ἐφραῒμ
1403 707 1497 757 καλ⁹
1539 706 1663 758 Μα-

101 797 280 865 νασσῆ,
331 799 428 848 καὶ
473 795 569 849 τοῦ
635 798 999 866 ἠγαπημένον
1057 795 1208 866 αὐτῷ
1271 795 1504 865 ἀδελφοῦ
1560 797 1662 848 Βε-

103 890 290 957 νιαμὶν,
344 888 422 948 ὡς
496 887 660 956 μόνου
709 887 1070 958 ὁμομητρίου.
1121 890 1231 942 Καὶ
1291 889 1396 941 ἀπὸ
1456 888 1664 942 τούτων

102 982 179 1031 τὸν
207 979 332 1030 λαὸν
361 978 672 1047 ὠνόμασεν,
723 980 810 1032 ἵνα
861 980 949 1034 διὰ
999 979 1100 1051 τὴν
1152 979 1355 1051 ἀρετὴν
1409 978 1504 1031 τοῦ
1552 978 1665 1032 Ἰω-

105 1072 198 1137 σήςι
254 1068 578 1139 ὲπικαμφθῇ
611 1069 793 1132 όΘεδς
840 1068 921 1137 τῷ
957 1071 1105 1136 γένει
1155 1069 1264 1122 τῶν
1311 1070 1541 1129 τέκνων,
1570 1073 1664 1122 και

104 1161 186 1211 τοῦ
224 1158 453 1228 ἀδελφοῦ
507 1157 698 1214 αὐτοῦ.
751 1157 872 1228 Χρὴ
924 1160 982 1212 δὲ
1029 1158 1322 1227 γινώσκειν
1361 1161 1444 1212 ὅτι
1488 1159 1538 1210 εί
1569 1160 1664 1211 καὶ

106 1250 462 1320 πρεσϐύτερος
489 1251 605 1313 υίὸς
633 1253 659 1303 6
688 1252 990 1320 Μανασσῆς
1016 1247 1108 1322 ἦν,
1154 1251 1271 1304 ἀλλ’
1299 1250 1394 1304 οὖν
1428 1253 1455 1303 6
1493 1252 1661 1304 Μωῦο

106 1343 190 1409 σῆς
216 1342 494 1410 πανταχοῦ
522 1342 613 1396 τὸν
647 1341 887 1413 Ἐφραῒμ
916 1342 1260 1413 προτίθησιν,
1292 1343 1366 1404 ὡς
1398 1343 1550 1412 παρὰ
1569 1340 1664 1394 τοῦ

105 1433 286 1486 Ἰακὼό
343 1435 785 1506 προτιμηθέντα,
850 1435 1054 1505 μᾶλλον
1122 1435 1516 1506 εὐλογηθένταο
1574 1437 1666 1489 καὶ

106 1525 444 1594 συζεύγνυσιν
467 1528 557 1580 ἀεὶ
608 1529 724 1589 τοῖς
771 1528 911 1591 υἱοῖς
954 1527 1051 1580 τοῦ
1100 1526 1297 1598 Ἰωσὴφ
1353 1527 1442 1580 τὸν
1477 1528 1666 1580 Βενια-

109 1617 210 1686 μὶν,
250 1616 328 1680 ὼς
359 1619 562 1671 οἰκεῖον
585 1643 594 1650 ~
617 1617 713 1671 καὶ
742 1617 906 1671 αὐτὸν
930 1618 1011 1688 τῷ
1051 1617 1274 1688 Ἰωσὴφ.
1315 1617 1403 1671 διὰ
1445 1617 1506 1670 τὸ
1533 1620 1663 1686 ὁμο-

107 1709 341 1777 μήτριον,
368 1709 464 1761 καὶ
491 1708 568 1772 ὡς
587 1708 751 1772 εὐθὺς
781 1708 920 1779 μετὰ
943 1709 1032 1762 τὸν
1069 1709 1265 1780 Ἰωσὴφ
1296 1708 1626 1778 γεννηθέντα
1647 1725 1662 1739 ·

106 1800 172 1869 τῷ
191 1801 396 1868 Μωῦσῇ
426 1800 484 1854 δὲ
512 1800 609 1854 νῦν
629 1800 725 1856 καὶ
751 1803 779 1854 6
807 1801 974 1856 Δαὸὶδ
995 1801 1493 1872 κατηκολούθησεν.
1511 1801 1667 1855 Ἐπεὶ

111 1893 183 1956 δὲ,
218 1893 314 1962 τῆς
335 1894 430 1947 τοῦ
465 1895 598 1948 Λευῖ
636 1894 807 1964 φυλῆς
822 1896 921 1965 τῆς
949 1895 1206 1965 λατρείας
1234 1893 1326 1947 τοῦ
1363 1893 1498 1947 Θεοῦ
1533 1883 1692 1963 ἀεροέ

107 1985 390 2055 ρισθείσης,
427 1986 553 2038 ἀντὶ
583 1986 789 2056 ταύτης
833 1986 1158 2058 παρελήφθη
1192 1987 1224 2057 ἡ
1255 1985 1347 2039 τοῦ
1389 1985 1660 2053 Μανασσῆ

109 2077 180 2136 είς
209 2075 263 2127 τὸ
289 2077 702 2146 στρατεύεσθαι,
740 2078 967 2140 είκότως
1022 2077 1117 2132 νῦν
1168 2076 1458 2130 τελευταία
1508 2076 1669 2128 τέτα-

106 2183 240 2231 κται,
258 2167 332 2230 ὡς
361 2169 424 2235 ἐξ
452 2171 708 2239 ἡμισείας
736 2168 873 2225 οὖσα
897 2171 1039 2240 φυλὴ
1062 2169 1156 2224 καὶ
1180 2169 1546 2238 ἀσθενεστέρα
1571 2169 1670 2233 τῆς

114 2257 492 2327 Βενιαμίτιδος,
514 2259 704 2332 ὥσπερ
735 2262 798 2332 δὴ
828 2261 1057 2332 κάκείνη
1088 2263 1191 2331 τῆς
1241 2258 1668 2329 Ἐφραῖμίτιδοςο

109 2349 304 2412 Ἄλλως
349 2368 410 2404 τε
459 2353 556 2407 καὶ
588 2355 643 2407 αἱ
677 2355 845 2422 φυλαὶ
898 2349 1058 2410 αὗται
1115 2351 1514 2422 τολμηρότεραι
1554 2348 1663 2401 τῶν

108 2441 266 2496 ἄλλων
311 2439 489 2513 ἦσαν*
532 2447 612 2507 είς
657 2447 821 2516 τιμὴν
853 2446 910 2499 δὲ
950 2444 1045 2502 τοῦ
1091 2439 1288 2511 Ἰωσῆφ
1343 2444 1394 2496 oi
1423 2441 1517 2495 δύο
1555 2440 1662 2495 υἱοὶ

107 2534 546 2608 αὑτοῦιφύλαρχοι
582 2539 898 2606 γεγόνασιν.

1767 617 1998 669 duorum
2033 616 2200 669 etiam
2233 617 2470 671 maxime
2506 617 2832 671 dilectorum
2871 618 2920 672 ei
2964 617 3200 672 filiorum
3229 632 3348 671 meo

1767 704 1958 769 minit,
2012 703 2271 774 Ephraim
2332 703 2590 758 nimirum
2663 714 2718 760 et
2784 705 3075 771 Manasse,
3127 713 3183 760 et
3239 721 3350 774 prae

1766 795 1978 851 caeteris
2001 797 2257 850 omnibus
2287 795 2602 851 charissimi
2632 798 2798 851 etiam
2826 798 3014 852 fratris
3040 796 3347 864 Benjamin,

1765 902 1926 957 quem
1966 887 2190 942 unicum
2236 903 2299 942 ex
2349 888 2544 942 eadem
2590 899 2764 942 matre
2808 889 3032 944 fratrem
3085 889 3343 945 habebat.

1766 982 1847 1034 Ah
1890 980 1975 1035 his
2007 989 2188 1035 autem
2221 982 2400 1035 tribus
2452 983 2780 1052 patriarchis
2812 983 3129 1038 universum
3166 998 3345 1052 popu-

1767 1075 1879 1125 lum
1913 1075 2220 1128 nominavit
2256 1091 2270 1128 :
2306 1085 2467 1143 atque
2501 1078 2624 1140 hoc,
2662 1087 2723 1130 ut
2767 1078 2838 1130 ob
2887 1078 3134 1146 egregias
3169 1080 3346 1130 virtu-

1768 1168 1850 1212 tes
1882 1161 2207 1228 patriarchae
2251 1163 2410 1228 hujus
2434 1163 2635 1234 Joseph
2666 1164 2978 1220 ﬂecteretur
3008 1181 3060 1220 et
3097 1167 3247 1236 placa
3262 1167 3347 1222 bi-

1767 1247 1872 1301 lior
1898 1249 2052 1303 fieret
2096 1249 2238 1306 Deus
2289 1268 2418 1322 erga
2470 1253 2616 1308 illius
2669 1264 2940 1323 posteros.
2991 1254 3126 1310 Illud
3178 1257 3343 1311 etiam

1767 1342 2053 1395 sciendum
2093 1352 2197 1406 est,
2245 1346 2389 1413 quod
2424 1345 2711 1402 Manasses
2750 1355 2868 1401 erat
2900 1347 3075 1418 major
3105 1357 3260 1411 natu,
3288 1357 3344 1403 et

1769 1440 1948 1484 tamen
2007 1433 2220 1502 Moyses
2279 1435 2458 1502 ipsum
2507 1435 2768 1505 Ephraim
2842 1437 2890 1491 ei
2947 1438 3153 1505 passim
3209 1453 3348 1508 prze-

1767 1526 1920 1594 ponit
1954 1540 1966 1574 :
2004 1527 2130 1591 quia
2161 1528 2581 1594 prmhonoratus
2617 1527 2800 1582 fuerat
2827 1531 2895 1581 ah
2927 1543 3032 1582 avo
3066 1527 3255 1591 Jacob,
3287 1538 3343 1585 ct

1768 1616 2004 1684 majores
2037 1616 2214 1670 fuerat
2246 1619 3052 1675 benedictionesconsecutus:
3088 1623 3344 1690 quodque

1769 1710 1970 1778 passim
2005 1709 2282 1778 Benjamin
2335 1726 2364 1763 ει
2415 1711 2600 1782 Moyse
2647 1712 3004 1782 conjungitur
3048 1729 3171 1768 cum
3213 1715 3343 1771 filiis

1767 1798 1992 1867 Joseph,
2023 1802 2188 1854 Veluti
2225 1801 2318 1870 qui
2354 1802 2424 1855 ob
2457 1803 2772 1871 praedictam
2798 1806 3060 1860 rationem
3091 1805 3166 1858 illi
3197 1815 3346 1861 esset

1767 1890 1940 1960 magis
1968 1890 2279 1955 devinctus,
2326 1901 2380 1947 et
2419 1893 2547 1962 quia
2593 1895 2775 1947 statim
2811 1907 2972 1950 natus
3015 1897 3189 1951 fuerat
3219 1907 3346 1963 post

1766 1980 1946 2050 ipsum
1976 1979 2199 2050 Joseph,
2238 1982 2360 2038 ideo
2387 1979 2591 2038 beatus
2621 1983 2786 2038 David
2837 1985 3071 2056 Moysen]
3114 1997 3342 2042 secutus

1767 2070 2020 2126 eumdem
2054 2073 2298 2128 ordinem
2336 2074 2390 2127 in
2417 2090 2606 2128 eorum
2656 2078 3176 2132 commemoratione
3221 2093 3341 2132 ser-

1769 2165 1950 2228 vavit;
1980 2175 2035 2217 et
2066 2166 2325 2234 quoniam
2382 2169 2502 2221 loco
2557 2167 2736 2223 tribus
2784 2170 2932 2234 Levi,
2985 2186 3106 2238 quae
3154 2172 3339 2227 divine

1772 2255 1945 2310 cultui
1979 2255 2155 2310 fuerat
2183 2257 2382 2322 dicata,
2413 2271 2694 2330 assumpta
2727 2270 2812 2315 est
2860 2264 3036 2317 tribus
3087 2262 3341 2319 Manasse

1771 2348 1838 2402 ad
1867 2348 2236 2411 militandum,
2260 2363 2368 2401 nou
2398 2358 2602 2404 temere
2633 2352 2876 2405 omnium
2920 2368 3068 2407 nunc
3095 2366 3338 2407 ettrema

1769 2439 2011 2508 ponitur,
2046 2439 2210 2492 veluti
2242 2454 2364 2508 quae
2398 2455 2460 2493 ex
2490 2441 2735 2506 dimidio,
2779 2451 2836 2495 ut
2879 2444 2951 2497 ita
2983 2443 3180 2505 dicam.
3213 2453 3337 2497 crat

1773 2531 1972 2593 tribus,
2009 2540 2062 2586 et
2088 2531 2218 2601 quia
2257 2531 2420 2585 etiam
2451 2532 2780 2586 imbecillior
2808 2542 2926 2586 erat
2973 2534 3114 2587 tribu
3150 2535 3342 2604 Benja-

108 2624 238 2688 min,
292 2629 752 2696 quemadmodum
814 2639 868 2684 et
919 2630 1035 2700 ipsa
1092 2629 1272 2684 tribus
1326 2623 1611 2693 Beniamin
1670 2620 1900 2676 inferior
1929 2630 2049 2675 erat
2101 2623 2247 2675 tribu
2287 2621 2567 2690 Ephraim.
2606 2623 2695 2677 Vel
2729 2624 2930 2677 aliter:
3009 2621 3102 2678 Ha:
3164 2625 3340 2679 tribus

107 2722 300 2774 ueteris
330 2721 587 2778 omnibus
625 2708 779 2776 erant
812 2723 1158 2789 audaciores,
1193 2731 1248 2777 et
1294 2722 1350 2776 in
1385 2721 1646 2774 honorem
1688 2714 2012 2783 patriarchae
2054 2710 2252 2782 Ioseph
2285 2714 2448 2768 ambo
2512 2714 2634 2784 ejus
2679 2713 2772 2767 lilii
2826 2713 3066 2768 tribuum
3139 2713 3344 2782 prinei-

107 2831 186 2883 pes
217 2815 388 2872 fuere.

162 2911 501 2982 Ἐξέγειρον
543 2913 658 2982 τὴν
696 2915 1066 2971 δυναστείαν
1090 2929 1229 2982 σου,
1265 2915 1366 2968 καὶ
1395 2910 1538 2968 ἐλθὲ
1569 2911 1659 2975 είς

106 3004 161 3055 τὸ
201 3005 396 3058 σῶσαι
449 3005 626 3074 ἡμᾶς.
677 3009 1073 3076 Ἐξανὰστησον
1100 3009 1200 3082 τὴν
1240 3006 1527 3078 ὑπερφερῆ
1563 3002 1657 3054 δύο

107 3099 254 3168 ναμίν
303 3117 420 3162 σου,
477 3102 557 3163 είς
609 3100 896 3170 ἀντίληψιν
943 3101 1119 3170 ἡμῶν,
1168 3100 1540 3153 καθεύδουσαν
1588 3097 1656 3165 τῇ

107 3193 443 3263 μακροθυμίᾳ
471 3210 486 3224 ο
551 3195 768 3263 εἴρηται
820 3195 880 3247 δὲ
930 3197 1061 3266 ἡμῖν
1107 3195 1382 3266 διαφόρως
1436 3194 1518 3246 ὅτι
1555 3192 1653 3253 τὰς
1682 3227 1724 3284 c

104 3282 439 3351 ἀνθρωπίνας
526 3286 809 3354 ἐνεργείας
867 3284 962 3339 καὶ
1015 3287 1082 3340 τὰ
1134 3286 1282 3355 πάθη
1341 3287 1375 3356 ἡ
1435 3282 1656 3354 Ἐὃραῒς

105 3373 282 3446 Γραφῇ
300 3376 378 3446 τῷ
401 3376 524 3447 Θεῷ
547 3378 890 3446 περιτίθησιν
906 3395 921 3410 ο
953 3378 1252 3448 παχύτερον
1275 3375 1654 3446 διαλεγομένη,

105 3468 177 3519 διὰ
207 3471 306 3538 τὴν
339 3469 453 3522 τῶν
487 3469 759 3539 Ἐϐραίων
792 3470 1101 3542 παχύτητα.
1135 3473 1248 3526 K21
1281 3471 1535 3540 περιττὸν
1569 3469 1656 3536 ἐφ’

104 3557 324 3628 ἑκάστης
370 3558 570 3623 λέξεως
603 3560 865 3631 τοιαύτης
901 3562 971 3615 τὰ
998 3561 1139 3614 αὐτὰ
1165 3561 1367 3628 λέγειν.
1425 3560 1518 3612 Διὸ
1550 3559 1654 3630 χρὴ

101 3648 167 3717 τῷ
188 3651 375 3708 κανόνι
395 3651 576 3723 τούτῳ
601 3653 836 3723 χρῆσθαι
869 3653 938 3708 δι’
961 3653 1098 3706 ὅλων
1119 3655 1228 3708 τῶν
1252 3653 1652 3725 ὁμοιοτρόπων.

171 3905 218 3958 '0
257 3907 423 3973 Θεὸς,
459 3907 834 3977 ἐπίστρεψον
885 3907 1064 3978 ἡμᾶς.
1112 3909 1244 3967 Ἀπὸ
1292 3911 1524 3980 θλίψεως
1574 3912 1654 3976 εἰς

99 3999 280 4068 χαρὰν,
307 4000 340 4071 ἢ
367 4001 478 4054 ἀπὸ
508 4002 686 4072 φυγῆς
727 4006 806 4065 εἰς
849 3991 1191 4067 ἀντίστασιν,
1218 4005 1251 4075 ἢ
1278 4005 1387 4058 ἀπὸ
1410 4005 1655 4070 δουλείας

98 4094 166 4152 εἰς
197 4092 535 4162 ὶλευθερίαν,
568 4093 600 4163 ἢ
627 4094 734 4148 61:6
784 4096 884 4165 τῆς
935 4095 1093 4166 ξένης
1136 4099 1228 4150 ἐπὶ
1260 4099 1359 4170 τὴν
1393 4099 1653 4169 πατρίδα.

99 4184 158 4236 Ἠ
196 4185 530 4254 ὲπίστρεψον
564 4187 714 4256 ἡμᾶς
747 4188 882 4258 πρὸς
922 4189 1000 4253 σὲ,
1035 4191 1317 4261 συνεργῶν
1365 4193 1447 4254 εἰς
1481 4193 1550 4244 τὸ.
1587 4191 1657 4244 σὰ

98 4272 390 4346 θελήματα.
419 4277 864 4348 Ἐπιστράςοητε
902 4283 1032 4352 γὰρ,
1067 4285 1226 4353 φησι,
1260 4284 1408 4351 πρὸς
1433 4285 1530 4353 μὲ,
1555 4286 1653 4354 καὶ

94 4365 611 4439 ἐπιστραφήσομαι
638 4371 790 4440 πρὸς
816 4372 995 4442 ἡμᾶς.

156 4459 492 4529 ἐπίφανον
526 4463 595 4515 τὸ
620 4466 948 4530 πρόσωπόν
981 4480 1122 4530 σου,
1155 4468 1252 4520 καὶ
1280 4466 1650 4536 σωθήσομαι.

1839 2903 2033 2956 Εωεὶια
2073 2901 2364 2972 potentiam
2394 2913 2560 2966 luam,
2613 2909 2663 2956 et
2700 2901 2838 2967 veni,
2872 2909 2928 2954 ut
2965 2902 3140 2955 salvos
3174 2901 3342 2972 facias

1765 3012 1882 3052 nos.
1936 2997 2254 3064 Supremam
2298 3010 2484 3064 quaeso
2535 2995 2830 3063 potentiam
2884 3007 3055 3056 tuam,
3113 3011 3234 3064 qua:
3265 2997 3338 3051 ob

1767 3090 2084 3144 diuturnam
2147 3087 2614 3156 longanimitatem
2695 3097 2844 3140 tuam
2927 3088 3395 3158 quodammodo.

1766 3180 2065 3236 dormitare
2096 3179 2350 3248 videtur,_
2383 3179 2590 3232 suscita
2649 3179 2702 3230 in
2751 3178 3015 3232 auxilium
3061 3188 3336 3233 nostrum.

1759 3271 1897 3326 illud
1926 3287 1956 3325 a
1993 3271 2148 3325 nobis
2189 3271 2299 3340 jam
2353 3285 2740 3339 saepenumero
2787 3272 2994 3325 dictum
3039 3280 3142 3336 est,
3191 3270 3336 3340 quod

1759 3377 1915 3418 sacra
1948 3361 2232 3430 Scriptura
2264 3360 2372 3415 Deo
2404 3361 2610 3429 passim
2643 3360 2890 3414 actiones
2937 3369 2992 3414 et
3053 3361 3340 3428 passiones

1758 3454 1986 3509 ascribit
2014 3455 2305 3517 humanas,
2330 3455 2590 3507 crassiori
2624 3454 2917 3507 admodum
2946 3467 3102 3508 more
3128 3453 3336 3522 locuta,

1759 3555 1819 3601 ut
1846 3545 2213 3602 llaebrzeorum
2247 3545 2569 3601 babetudini
2618 3545 2938 3600 inserviret.
2976 3544 3327 3614 Super-linum

1759 3647 1842 3693 est
1879 3647 2062 3693 autem
2093 3636 2286 3692 eadem
2333 3638 2533 3704 saepius
2570 3644 2838 3705 repetere.
2867 3639 3046 3707 Atque
3078 3638 3200 3692 ideo
3233 3640 3336 3690 hu~

1753 3731 1994 3800 jusmodi
2025 3731 2289 3797 regulam,
2340 3731 2392 3782 in
2435 3729 2707 3784 similibus
2739 3730 2992 3800 loquendi
3022 3731 3200 3786 modis
3229 3745 3333 3802 op~

1756 3830 2054 3892 portunum
2083 3829 2165 3874 est
2193 3820 2512 3874 observare.

1757 3979 1762 3982 _
1832 3915 1993 3970 Vens.
2043 3917 2099 3970 ι.
2149 3913 2328 3978 Deus,
2357 3921 2599 3968 converte
2632 3929 2746 3968 nos.
2791 3915 2834 3966 Α
2888 3913 3236 3968 tribulatione
3279 3911 3333 3966 in

1757 4004 2042 4073 gaudium,
2081 4018 2109 4054 a
2143 4002 2268 4072 fuga
2297 4003 2361 4056 ad
2399 4018 2659 4072 pugnam,
2699 4019 2730 4058 a
2765 4004 3030 4058 servitute
3061 4005 3126 4058 ad
3173 4005 3338 4058 Iiber-

1759 4104 1945 4158 tatem,
1983 4094 2052 4150 ab
2083 4095 2262 4149 aliena
2289 4097 2512 4162 regione
2539 4096 2592 4148 in
2625 4096 2880 4164 patriam.
2927 4095 3041 4158 Vel,
3067 4096 3338 4150 Converte

1757 4200 1858 4243 nos
1896 4187 1962 4241 ad
2016 4194 2105 4252 te,
2160 4195 2217 4241 et
2267 4186 2429 4241 nobis
2487 4200 2820 4255 cooperare,
2882 4196 2940 4240 ut
2995 4188 3333 4242 voluntatem
3405 4167 3414 4176 ’

1759 4286 1906 4333 tuam
1937 4280 2218 4334 valeamus
2245 4280 2530 4347 perlicere,
2561 4279 2716 4346 juxta
2749 4278 2880 4333 illud
2907 4295 2920 4335 :
2953 4279 3334 4340 Convertimim

1758 4369 1828 4424 ad
1855 4385 1954 4432 me,
1985 4379 2033 4422 et
2059 4385 2148 4438 ego
2176 4378 2455 4422 convertar
2492 4369 2560 4422 ad
2596 4385 2682 4424 vos
2707 4369 2776 4422 ⁸⁵.

1828 4461 2060 4517 Ostende
2115 4460 2308 4527 [aciem
2358 4471 2526 4523 tuam,
2593 4469 2643 4515 et
2691 4460 2826 4514 salvi
2874 4461 3094 4515 erimus.
3147 4462 3330 4518 Indica

103 4548 432 4620 Ἐμφὰνισον
460 4552 620 4620 μόνον
641 4553 702 4606 τὸ
731 4553 1027 4624 πρόσωπόν
1046 4573 1166 4622 σου,
1192 4557 1285 4609 καὶ
1318 4558 1478 4626 ἀρκεῖ
1498 4556 1655 4610 τοῦτο

1769 4556 1942 4628 nobis,
1988 4553 2188 4622 inquit,
2211 4561 2260 4608 et
2312 4552 2624 4609 demonstra
2660 4553 2856 4607 faciem
2885 4562 3030 4606 tuam
3063 4570 3079 4608 :
3121 4563 3174 4609 et
3225 4555 3331 4610 hoo

97 4643 220 4706 πρὸς
247 4642 532 4714 σωτηρίαν
561 4643 695 4711 ἡμῖν
713 4658 728 4674 ο
773 4645 1138 4715 μεταφορικὸς
1171 4645 1228 4698 δὲ
1258 4647 1287 4699 6
1317 4645 1490 4713 λόγος.
1511 4646 1657 4716 Ἀρι-

94 4734 234 4796 στέος
266 4739 379 4805 γὰρ
407 4736 789 4804 ἐπιφανέντος,
821 4738 868 4790 οἱ
916 4738 1018 4807 μὲν
1067 4738 1261 4792 οίκείοι
1312 4738 1656 4810 ἁναθαῤῥεύο

90 4838 253 4895 ουσιν,
283 4829 336 4879 οἱ
365 4826 423 4882 δὲ
463 4827 712 4897 πολέμιοι
749 4829 1064 4898 τρέπονται.

152 5089 348 5154 Κύριε,
376 5090 409 5142 ὀ
440 5088 584 5154 Θεὸς
609 5089 728 5142 τῶν
772 5089 1102 5159 δυνάμεων,
1129 5091 1239 5158 ἕως
1274 5093 1419 5146 πότε
1454 5090 1649 5160 ὀργίζῃ

85 5177 174 5229 ἐπὶ
197 5181 315 5245 τὴν
342 5181 701 5250 προσευχὴν
729 5200 846 5234 των
871 5183 1110 5238 δούλων
1134 5201 1284 5249 σου;
1308 5183 1650 5254 Τὸ,’οργίζίι,

85 5265 255 5333 εἶπεν,
305 5272 451 5334 ἀντὶ,
487 5273 601 5325 Οὐκ
652 5273 970 5338 smmum
994 5291 1008 5304 ο
1040 5277 1149 5330 ἀπὸ
1174 5276 1269 5330 τοῦ
1308 5280 1656 5346 προηγουμέ-

87 5378 168 5412 νου
227 5364 292 5414 τὸ
339 5364 609 5432 ἑπόμενον
631 5383 645 5398 ·
673 5366 869 5420 ἕπεται
899 5367 1008 5438 γὰρ
1036 5371 1153 5430 τοῖς
1177 5368 1558 5440 ὀργιζομένοις
1590 5372 1651 5424 τὸ

85 5455 154 5522 μὴ
180 5454 404 5523 βλέπειν
428 5458 524 5510 ἐπὶ
551 5457 648 5520 τὰς
673 5458 889 5530 δεήσεις
919 5461 1028 5513 τῶν
1063 5463 1544 5532 παροργισάντων.

149 5632 411 5701 Ψωμιεῖς
467 5633 626 5703 ἡμᾶς
673 5636 856 5707 ἄρτον
917 5637 1194 5710 δακρύων
1235 5640 1358 5713 ,καί
1426 5644 1651 5712 aenei};

179 5811 224 5845 “
250 5811 488 5867 Zachar.
524 5832 559 5881 ι,
597 5816 654 5872 5.

1759 4641 1862 4695 crit
1901 4639 2064 4696 nobis
2103 4640 2237 4695 satis
2267 4639 2333 4692 ad
2381 4640 2641 4696 salutem.
2694 4639 2888 4696 Sermo
2935 4650 3018 4700 est
3047 4646 3332 4714 metapho-

1757 4732 1928 4786 ricus.
1955 4729 2058 4785 Ubi
2086 4731 2234 4784 enim
2259 4730 2460 4800 aliquis
2499 4733 2631 4792 dux,
2657 4741 2753 4788 aut
2787 4731 3086 4800 imperator
3113 4745 3330 4791 certan-

1759 4824 1904 4880 tibus
1959 4823 2229 4880 militibus
2278 4823 2681 4892 supervenerit,
2727 4824 2990 4879 continuo
3043 4828 3162 4883 suis
3206 4829 3334 4898 qui-

1759 4914 1883 4968 dem
1950 4913 2212 4968 animum.
2263 4921 2320 4968 et
2377 4913 2522 4970 vires
2571 4921 2828 4983 praestat,
2886 4913 3138 4971 hostibus
3199 4932 3328 4971 vero

1749 5003 2033 5066 timorem.

1834 5090 1999 5149 Vens.
2033 5094 2086 5148 5.
2113 5093 2353 5161 Domine,
2381 5094 2520 5149 Deus
2536 5095 2812 5158 virtutum,
2851 5111 3115 5165 aequeque
3139 5096 3330 5151 irasce-

1761 5185 1837 5238 ris
1888 5184 1957 5238 ad
2005 5187 2294 5241 orationem
2340 5202 2608 5241 servorum
2657 5186 2911 5240 tuorum?
2945 5202 3017 5226 -ι-
3068 5184 3325 5240 Irasceris

1761 5276 1917 5340 dixit,
1973 5291 2070 5342 pro
2116 5276 2230 5330 Non
2270 5276 2521 5346 respicis,
2559 5292 2588 5330 a
2641 5277 3080 5348 praecedentibus
3113 5277 3324 5346 signifie

1758 5381 1892 5422 cans
1930 5368 1982 5422 id
2014 5368 2160 5438 quod
2209 5373 2583 5436 consequitur.
2637 5367 2826 5422 Solent
2867 5369 3013 5421 enim
3066 5369 3158 5436 qui
3213 5369 3326 5422 ira-

1759 5468 2016 5528 scuntur,
2066 5461 2132 5515 ad
2175 5461 2388 5515 illorum
2433 5461 2720 5530 petitiones
2763 5476 2870 5516 non
2904 5461 3200 5530 respicere,
3229 5464 3323 5532 qui

1762 5564 1856 5605 eos
1890 5549 1954 5603 ad
1989 5550 2122 5604 iram
2157 5559 2544 5618 provocarunt.

1835 5643 1992 5700 Vens.
2030 5643 2082 5697 6.
2121 5642 2331 5698 Cibabis
2365 5657 2457 5698 nos
2484 5657 2618 5712 pane
2645 5642 3005 5713 lacrymarum
3036 5652 3086 5700 et
3116 5643 3322 5714 potabit
