3862 6544
114 413 207 477 837

1257 407 1648 471 COMMENT.
1708 407 1789 466 lN
1823 363 2182 466 PSALMos.

3250 406 3358 469 833

114 523 267 578 ἔτιδὲ
329 524 424 575 καὶ
466 521 562 575 τοῦ
610 518 975 591 Σολομῶντος,
1001 516 1175 583 πολλὰ
1219 517 1329 572 τῶν
1355 516 1527 573 ἐθνῶν
1557 514 1669 567 ἐδιπι⁸

1823 511 2074 564 xaltatas.
2107 505 2467 576 Temporibus
2489 515 2669 562 autem
2698 511 2807 561 tam
2842 507 2982 564 beati
3004 508 3168 566 David
3194 529 3355 582 quant

118 613 427 683 σμοφόρουν
454 615 563 674 τοῖς
608 613 907 675 Ἰουδαίοις.

184 706 477 771 Ἐξέτεινε
505 706 575 759 τὰ
602 704 881 773 κλήματα
932 702 1124 769 αὐτῆς
1172 703 1283 769 ἕως
1340 705 1680 767 θαλασσης.

118 799 207 852 καὶ
232 798 343 863 ἕως
369 796 654 865 ποταμῶν
685 798 791 862 τὰς
817 794 1215 864 παραφυάδας
1263 792 1472 860 αὐτῆς.
1532 793 1647 861 Κλή
1667 822 1681 834 ο

127 910 265 963 ματα
298 891 401 961 μὲν
459 892 529 945 τά
575 891 846 960 γενόμενα
876 889 1019 944 κατὰ
1048 889 1259 959 καιρὸν,
1307 889 1403 941 καὶ
1453 886 1687 953 αὔξοντα

125 986 298 1056 πλήθη
324 985 419 1039 τοῦ
450 983 584 1038 λαοῦ
610 1001 623 1015 ο
659 983 907 1038 θάλασσα
930 982 1011 1047 δὲ,
1043 983 1076 1053 ἠ
1113 980 1309 1051 Ἰνδικὴ
1333 994 1347 1009 ⁸
1381 982 1475 1033 καὶ
1510 996 1684 1047 παρα-

127 1078 319 1145 φυάδες
356 1078 475 1145 μὲν,
508 1077 558 1128 oi
588 1074 956 1146 προσήλυτοι,
988 1076 1038 1126 οἱ
1078 1074 1135 1140 ἐξ
1158 1072 1331 1125 ἐθνῶν
1360 1071 1687 1142 προσελθόν-

128 1180 231 1226 τες,
256 1165 350 1216 καὶ
378 1164 478 1232 τὴν
510 1163 840 1231 θεογνωσίαν
871 1163 1180 1231 δεξάμενοι,
1216 1164 1307 1216 καὶ
1332 1160 1477 1214 οὕτω
1511 1177 1690 1231 παρα-

127 1258 351 1327 φυέντες
396 1258 599 1320 αὐτοῖς.
632 1258 918 1327 Ποταμοὺς
947 1257 1003 1311 δὲ
1033 1257 1183 1325 λέγει
1229 1256 1321 1309 τὸν
1371 1256 1687 1325 Εὐφράτην,

129 1351 259 1403 acati
283 1350 347 1401 τὸ
387 1348 680 1419 Ἐϐραῖκδν
714 1349 912 1418 ἰδίωμα
934 1367 950 1383 ο
981 1349 1056 1412 ὡς
1079 1350 1173 1402 καὶ
1202 1351 1258 1403 ὲν
1285 1348 1361 1417 τῷ
1382 1345 1456 1411 οζ¹
1490 1344 1691 1416 ψαλμῷ

130 1442 471 1509 προείρηται.
511 1439 576 1492 Ἥ
604 1440 659 1492 δὲ
682 1439 842 1510 τρίτη
873 1438 1053 1510 βίϐλος
1108 1440 1217 1494 τῶν
1242 1437 1554 1497 Βασιλειῶν
1594 1453 1694 1489 πο·-

128 1532 292 1603 ταμὺν
328 1532 528 1596 ἑνικῶς
557 1532 889 1603 ἀναγράφει.

197 1796 333 1853 Ἵνα
361 1796 421 1850 τί
451 1796 728 1861 καθεῖλες
749 1796 856 1849 τὸν
878 1795 1157 1866 φραγμὸν
1176 1795 1399 1865 αὐτῆς,
1438 1795 1699 1867 Φραγμὸν

135 1887 271 1954 λέγει
313 1888 416 1957 τὴν
446 1886 791 1958 φρουροῦσαν
814 1887 1011 1951 αὐτοὺς
1041 1887 1192 1939 θείαν
1223 1887 1554 1957 ὲπισκοπήν.

202 2064 307 2115 Καὶ
352 2063 654 2131 τρυγῶσιν
695 2064 890 2132 αὐτὴν
914 2064 1137 2131 πάντες
1193 2066 1249 2119 οἱ
1294 2066 1703 2133 παραπορευό-

137 2171 295 2224 μενοι
332 2155 451 2223 τὴν
476 2153 637 2208 ὁδόν.
696 2155 805 2207 Καὶ
850 2155 1206 2225 λυμαίνονται
1232 2155 1403 2227 αὐτὴν
1429 2157 1608 2211 πάντα
1637 2156 1704 2209 τὰ

142 2247 256 2318 ἔθνη
297 2248 366 2299 τὰ
399 2248 531 2317 παρ’
557 2246 728 2317 αὐτῆς
758 2249 1105 2317 πορευόμενα
1128 2249 1228 2321 τὴν
1273 2250 1393 2302 ὁδόν
1416 2265 1429 2280 ·
1478 2251 1512 2320 ἡ
1570 2250 1704 2321 πρό-

144 2339 278 2402 οετις
314 2343 426 2408 γὰρ
471 2338 705 2395 ἐνταῦθα
759 2339 859 2412 τὴν
888 2340 1164 2411 ἐγγύτητα
1213 2341 1493 2413 σημαίνει.
1528 2342 1703 2405 Ὅσοι,

144 2430 285 2496 φησι,
322 2428 555 2497 πλησίον
580 2429 749 2499 αὐτῆς
783 2428 1067 2487 ποιοῦνται
1127 2430 1228 2499 τὴν
1257 2431 1397 2497 ὁδὸν,
1448 2431 1568 2502 ἦτοι
1606 2432 1705 2503 τὴν
1779 2427 1783 2431 ’

145 2518 327 2581 δίοδον,
364 2518 767 2587 ἐπηρεάζουσιν
796 2518 956 2590 αὐτῇ.
1004 2518 1150 2590 Πρὸς
1194 2518 1418 2583 τούτους
1470 2520 1529 2573 δὲ
1579 2520 1707 2585 τοὺς

148 2612 327 2679 λόγους
412 2611 771 2681 ἀποκρίνεται
860 2610 948 2665 διὰ
1015 2610 1241 2664 Ἡσαΐου
1295 2612 1324 2663 ὁ
1384 2611 1708 2681 ἐπουράνιος

148 2702 405 2771 γεωργὸς,
436 2702 641 2770 λέγων’
674 2702 828 2755 Διότι
878 2702 1087 2770 ἔμεινα
1134 2700 1243 2756 τοῦ
1281 2700 1534 2771 ποιῆσαι
1561 2718 1709 2757 στας

150 2795 371 2867 φυλὴν,
407 2796 659 2865 ἐποίησε
690 2796 759 2850 δὲ
782 2795 1078 2863 ἀκάνθας.

210 2974 586 3042 Ἐλυμήνατο
612 2974 807 3046 αὐτὴν
839 2976 957 3043 σῦς
990 2974 1059 3030 ἐκ
1086 2974 1335 3046 δρυμοῦ.
1366 2975 1427 3030 '0
1456 2975 1715 3032 Βαϐυλώ-

156 3087 253 3125 νιος
305 3069 802 3141 Ναϐουχοδονόσωρ
831 3065 895 3130 ὓς
925 3069 1220 3139 λεγόμενος
1259 3068 1348 3123 διὰ
1387 3068 1446 3122 τὸ
1500 3069 1716 3139 χαίρειν

1787 602 2097 657 Salomonis
2130 601 2309 654 multa:
2341 609 2529 668 gentes
2559 601 2862 654 servierunt
2897 600 3120 659 Judseis.

1858 693 2026 747 Vens.
2061 690 2149 743 1‘2.
2186 689 2436 744 Extendit
2458 691 2703 759 palmites
2735 709 2858 747 suos
2901 712 3064 761 usque
3097 697 3165 749 ad
3197 716 3360 759 mare.

1784 794 1832 838 et
1865 799 2027 852 usque
2060 784 2129 835 ad
2162 783 2386 851 ﬂumina
2423 787 2735 852 propagines
2767 801 2917 844 suas.
2956 785 3057 840 Per
3090 789 3362 855 palmites,

1787 883 2171 943 augescentem
2212 874 2390 942 populi
2446 874 2892 939 multitudinem,
2940 887 2993 931 et
3035 894 3133 947 per
3173 897 3361 947 mare,

1788 965 2031 1020 Indicum
2063 980 2210 1019 mare
2243 966 2493 1035 intelligit
2528 984 2540 1018 :
2576 981 2671 1035 per
2700 970 3023 1037 propagines
3041 987 3193 1036 vero,
3217 973 3368 1042 ipsos

1792 1058 2116 1127 proselytos,
2146 1057 2237 1125 qui
2271 1072 2335 1111 ex
2372 1057 2626 1126 gentibus
2663 1056 3001 1121 laudatorum:
3025 1076 3083 1116 se
3116 1064 3366 1131 religioni

1791 1150 2194 1219 mljungebant,
2225 1158 2277 1202 et
2330 1150 2696 1219 cognitionem
2749 1152 2842 1207 Dei
2898 1156 3360 1223 assequebantur.

1793 1239 1856 1299 Ili
1898 1240 2097 1295 etenim
2128 1240 2366 1309 antiquae
2392 1239 2704 1296 Judaeorum
2741 1244 2907 1296 radici
2967 1245 3369 1313 quodammodo

1794 1333 2251 1388 adnasccbautur.
2283 1332 2383 1386 Per
2400 1331 2623 1388 ﬂumina
2642 1334 2804 1388 etiam
2834 1336 3011 1404 ipsum
3042 1338 3369 1406 Euphraten»

1796 1424 2087 1494 significat.
2122 1424 2319 1493 plurali
2365 1440 2497 1479 usus
2531 1441 2761 1481 numero
2801 1442 2900 1496 pro
2943 1430 3227 1499 singulari,
3269 1432 3374 1485 Ile-

1798 1517 2067 1570 braeorum
2127 1531 2279 1569 more
2306 1554 2320 1580 ,
2362 1525 2420 1569 ut
2458 1515 2699 1572 diximus
2747 1518 2798 1571 in
2832 1521 3040 1587 psalmo
3075 1538 3274 1577 Lxxvn.
3317 1524 3372 1577 In

1801 1612 1961 1665 tertio
1980 1618 2158 1663 tamen
2190 1608 2399 1678 Regum
2423 1607 2585 1674 libro,
2610 1608 2811 1663 flumen
2832 1611 3095 1679 singulari
3125 1628 3375 1668 sermone

1799 1702 2065 1768 scriptum
2090 1708 2195 1756 est.

1878 1790 2041 1845 Vens.
2073 1792 2161 1871 l3.
2179 1790 2347 1857 Quasi
2367 1790 2672 1846 destruxisti
2688 1806 2855 1855 sepem
2873 1791 2985 1859 ejus
3005 1792 3027 1843 ?
3051 1792 3153 1845 Per
3171 1808 3377 1861 sepem,

1732 1855 1769 1908 Β
1807 1880 2045 1935 divinam
2082 1855 2475 1952 proiectionem
2504 1882 2779 1951 intelligit,
2814 1855 2933 1951 quia
2977 1882 3099 1937 illus
3128 1855 3255 1936 oliui
3280 1898 3379 1937 cu-

1806 1973 2101 2027 stodiebat.

1885 2064 1949 2122 Et
1992 2064 2319 2118 vindemiant
2345 2081 2460 2120 eant
2486 2081 2663 2118 omnes
2690 2105 2704 2129 ,
2750 2066 2839 2133 qui
2882 2068 3383 2135 prwtergrediuntur

1808 2156 2087 2211 uiam?Et
2117 2164 2335 2210 vastant
2372 2172 2490 2210 eam
2538 2158 2734 2210 omnes
2785 2166 3000 2222 gentes,
3058 2173 3179 2227 qua:
3225 2158 3383 2225 juxta

1809 2248 1954 2302 illam
1982 2247 2288 2311 ambulant,
2320 2262 2417 2316 per
2448 2248 2611 2300 viam.
2634 2246 2954 2317 Pra-posilio
2980 2250 3150 2311 enim,
3169 2261 3381 2315 pra'ter,

1810 2337 1913 2391 hoc
1944 2337 1995 2390 in
2032 2337 2170 2401 loco,
2202 2334 2538 2390 vicinitatem
2571 2336 2864 2407 significat.
2895 2336 3224 2407 Quicunque
3250 2378 3264 2400 ,
3300 2340 3386 2392 in-

1807 2431 1943 2499 quit,
1969 2429 2122 2499 juxta
2152 2444 2271 2483 cam
2316 2430 2420 2485 iter
2455 2431 2682 2494 iaciunt,
2716 2431 2839 2493 vel,
2870 2432 3185 2505 quicunque
3234 2432 3385 2485 illinc

1809 2528 2133 2582 transeunt,
2165 2519 2368 2575 laedunt
2401 2534 2519 2573 eam
2549 2558 2566 2585 ,
2590 2564 2593 2569 .
2619 2529 2671 2573 et
2714 2521 2970 2574 damnum
3025 2521 3073 2574 ei
3119 2520 3382 2574 iul’eruuh

1808 2611 2009 2667 Verum
2063 2610 2129 2665 ad
2175 2610 2489 2679 hujusmodi
2546 2609 2859 2665 Judzeorum
2910 2625 3224 2672 sermones,
3289 2626 3388 2680 per

1810 2702 2007 2757 Isaiam
2078 2701 2401 2771 prophetam
2462 2702 2757 2771 respondet
2805 2703 3047 2759 cmlesﬁs
3098 2703 3384 2772 agricola,

1811 2794 2053 2849 dicens:
2094 2792 2409 2863 Exspectavi
2465 2803 2522 2848 ut
2570 2795 2773 2860 faceret
2827 2811 2996 2861 uvas,
3049 2794 3170 2864 {scit
3218 2805 3390 2848 autem

1812 2889 1994 2956 spinas
2030 2887 2095 2938 ⁸⁷.

1886 2977 2053 3033 Vsus.
2106 2977 2190 3032 H.
2234 2976 2471 3033 Vastaoit
2497 2996 2612 3034 eam
2637 2998 2726 3034 sus
2755 2981 2818 3037 de
2852 2980 3007 3036 silva.
3062 2980 3393 3051 Babylonius

1818 3071 2077 3125 nimirum
2108 3070 2659 3135 Nabuchodonosor,
2704 3088 2798 3127 sus
2851 3073 2971 3127 ideo
3018 3073 3196 3127 dictus
3248 3073 3395 3141 quod

155 3161 222 3230 τῷ
258 3161 510 3232 βορϐόρῳ
532 3161 643 3214 τῶν
675 3161 881 3225 ἡδονῶν
910 3162 1003 3215 καί
1034 3162 1122 3215 διὰ
1144 3161 1241 3231 τὴν
1272 3161 1438 3233 ἄλλην
1474 3161 1710 3231 ἀκαθαρ-

1823 3161 1872 3217 in
1895 3162 2235 3230 voluptatum
2261 3163 2377 3218 luto
2409 3162 2772 3228 volutaretur,
2793 3171 2846 3216 et
2874 3164 3001 3232 quia
3040 3162 3393 3222 oumifariam

159 3252 283 3306 σίαν.
318 3252 541 3322 Δρυμὺς
571 3250 628 3305 δὲ
658 3253 690 3321 ὴ
728 3249 1004 3315 Βαϐυλὼν,
1052 3252 1128 3314 ὡς
1177 3251 1369 3306 δασεῖα
1412 3251 1490 3321 τῷ
1519 3251 1710 3322 πλήθει

1823 3254 2099 3323 spurcitiae
2127 3270 2326 3324 genere
2366 3254 2547 3310 foedus
2578 3264 2741 3325 atque
2773 3255 3088 3309 immundus
3109 3264 3246 3311 erat.
3295 3255 3399 3309 Per

156 3344 252 3396 τῶν
286 3342 652 3396 ἐνοικούντων
675 3358 688 3371 ·
714 3343 965 3413 ἄκαρπος
1001 3341 1059 3397 δὲ
1100 3341 1237 3415 πρὸς
1268 3342 1474 3414 ἀρετὴν
1509 3343 1606 3397 καὶ
1643 3343 1718 3406 ὡς

160 3436 477 3508 ἐνδιαίτημα
500 3434 609 3489 τῶν
634 3435 839 3504 νοητῶν
867 3434 1093 3507 Θηρίων.

222 3706 321 3761 Καὶ
347 3705 565 3776 μονιὸς
596 3704 801 3775 ἄγριος
834 3702 1284 3774 κατενεμήσατο
1314 3701 1529 3769 αὑτήν.
1583 3702 1723 3764 Τοὺς

164 3800 347 3862 αὐτοὺς
406 3798 559 3868 λέγει
608 3798 793 3863 πάλιν,
848 3795 1034 3867 μονιδν
1085 3796 1184 3867 μὲν
1213 3795 1287 3859 ὡς
1322 3795 1483 3860 μόνον
1533 3796 1719 3859 αὐτοῖς

164 3890 691 3962 ἐπιστρατεύσαντα,
733 3887 858 3958 δίχα
900 3886 1240 3959 συμμάχων·
1296 3886 1490 3956 ἄγριον
1527 3885 1604 3951 δὲ,
1647 3886 1723 3950 ὡς

164 3982 439 4052 θηριωδῶς
470 3981 567 4034 καὶ
595 3979 759 4051 ὠμῶς
800 3978 1076 4049 Ἑϐραίοις
1109 3976 1475 4049 χρησάμενον.
1528 3979 1725 4040 Μονιδς

164 4074 212 4126 δέ
242 4076 392 4127 ἐστιν
428 4066 493 4133 ὗς
530 4072 691 4142 μόνος
724 4070 945 4134 ὁδεύων,
998 4069 1095 4121 καὶ
1152 4069 1362 4139 ἑτέροις
1408 4068 1507 4121 οὐκ
1538 4068 1728 4138 ἐπιμι-

167 4168 449 4237 γνύμενος.
475 4166 544 4218 δι’
578 4164 885 4236 ὑπερϐολὴν
914 4164 1262 4234 ἀγριότητος.
1291 4162 1448 4226 Τινὲς
1482 4161 1540 4215 δὲ
1570 4157 1634 4219 ὗν
1664 4164 1727 4219 ἐκ

1821 3346 2010 3400 silvam
2038 3360 2191 3412 vero,
2220 3346 2332 3414 ipsa
2358 3345 2676 3415 intelligitur
2733 3346 2970 3417 Babylon
3002 3384 3020 3413 ,
3064 3347 3193 3417 quia
3244 3346 3401 3400 habi-

1825 3434 2059 3488 tantium
2123 3433 2474 3488 multitudine
2513 3434 2687 3489 instar
2733 3435 2884 3490 silva:
2931 3435 3100 3490 densa
3145 3443 3303 3501 erat,
3348 3443 3403 3489 et

1831 3525 2182 3581 infructuosa
2222 3527 2466 3596 germine
2490 3527 2776 3589 virtutum,
2798 3535 2851 3581 et
2882 3528 3011 3596 quia
3055 3528 3208 3582 locus
3236 3538 3401 3596 atque

1824 3615 2086 3671 habitatio
2111 3623 2197 3671 est
2229 3616 2673 3671 intellectualium
2705 3617 2967 3672 ferarum.

1897 3706 1966 3761 Et
2013 3709 2298 3778 singularis
2347 3707 2491 3776 ferus
2537 3707 2784 3775 depastus
2826 3718 2905 3762 est
2951 3725 3091 3763 eant.
3141 3707 3400 3763 Eumdem

1824 3816 2019 3857 rursus
2050 3800 2556 3855 Nabuchodonosor
2588 3800 2919 3870 singularem
2938 3802 3195 3871 appellat,
3237 3799 3405 3855 veluti

1825 3892 1916 3961 qui
1949 3892 2154 3961 absque
2181 3890 2541 3947 auxiliaribus
2583 3893 2758 3961 copiis
2788 3892 2939 3946 solus
2991 3893 3256 3947 adversus
3299 3890 3401 3945 Ju-

1827 3985 1975 4039 daeos
2018 3983 2357 4039 militasset:
2402 3992 2457 4038 et
2519 3984 2695 4039 ferum
2739 3984 2898 4054 quasi
2949 3999 3195 4049 saevum,
3244 3994 3408 4054 atque

1830 4076 2129 4139 immitem,
2172 4083 2225 4130 et
2267 4072 2396 4129 fera;
2437 4073 2601 4129 alicui
2643 4074 2903 4129 similem.
2965 4074 3403 4130 Crudelissimus

1830 4166 1973 4220 enim
2005 4165 2183 4220 fuerat
2220 4164 2273 4218 in
2306 4163 2586 4219 llebrzeos.
2620 4161 2929 4233 Singularis
2970 4173 3149 4217 autem
3180 4178 3276 4219 seu
3314 4178 3408 4218 so-

166 4260 365 4330 δρυμοῦ
412 4260 506 4312 τδν
547 4257 831 4328 Ἀσσύριον
866 4256 1234 4327 Σαλμανάσαρ
1293 4258 1477 4322 φασιν,
1525 4254 1584 4318 ὃς
1623 4256 1710 4325 api

1834 4257 2049 4313 litarius
2072 4273 2167 4315 sus
2206 4256 2294 4309 ille
2330 4255 2567 4318 dicitur,
2599 4258 2692 4325 qui
2740 4256 2894 4309 solus
2943 4254 3187 4316 incedit.
3240 4262 3295 4310 et
3339 4255 3412 4310 ob

167 4354 250 4404 τοῦ
282 4350 785 4421 Ναϐουχοδονόσωρ
816 4339 1087 4420 ὲτξόροησε
1130 4347 1230 4419 τὴν
1259 4348 1593 4418 Σαμάρειαν.
1636 4347 1710 4399 Διὶ

1835 4360 2102 4400 summam
2136 4344 2403 4400 feritatem
2433 4344 2555 4397 aliis
2592 4358 2699 4397 non
2724 4344 3002 4398 miscetur.
3028 4343 3261 4409 Quidam
3283 4359 3413 4398 vero

170 4445 253 4496 καὶ
281 4438 441 4505 οὗτος
469 4442 569 4512 μὲν
600 4442 906 4512 ἐλυμήνατο
939 4440 1185 4511 μερικῶς
1220 4438 1512 4510 Ἐϐραίους
1534 4455 1549 4470 ·
1601 4441 1629 4492 ὁ
1673 4438 1710 4492 δί

1838 4453 1935 4509 per
1967 4452 2117 4492 suem
2150 4436 2218 4491 de
2244 4436 2377 4491 silva
2402 4475 2416 4497 .
2445 4435 2729 4501 Assyrium
2773 4436 3084 4505 intelligunt
3127 4436 3415 4494 Salmaua-

170 4535 657 4605 Ναϐουχοδονόσωρ
688 4534 920 4589 καθόλου
952 4533 1386 4602 κατενεμήσατο.

1842 4545 1956 4594 sar,
1989 4530 2082 4598 qui
2116 4541 2244 4583 ante
2270 4526 2774 4582 Nabuchodonosor
2802 4527 3163 4596 depopulatus
3206 4536 3292 4582 est
3316 4527 3416 4583 Sa-

172 4630 417 4693 mariam,
448 4628 647 4697 quippe
677 4643 741 4682 ex
772 4627 953 4698 aliqua
988 4635 1139 4697 parte
1165 4626 1368 4683 Iudaeis
1421 4627 1620 4682 damna
1654 4627 1860 4682 intulit.
1893 4622 2027 4677 Nam
2068 4621 2576 4677 Nabuchodonosor
2610 4636 2705 4676 eos
2740 4636 2970 4692 prorsus
3018 4621 3272 4690 perdidit.

245 4726 304 4778 '0
338 4724 489 4790 Θεὸς
521 4722 638 4777 τῶν
670 4723 1007 4793 δυνάμεων,
1037 4724 1413 4791 ἐπίστρεψον
1445 4722 1545 4789 δὴ,
1606 4723 1710 4776 ἐπί

1910 4717 2077 4771 Vens.
2113 4716 2203 4777 15,
2237 4714 2324 4769 16.
2364 4714 2498 4771 Deus
2520 4716 2776 4769 virtutum
2823 4730 3061 4770 converte
3114 4725 3163 4771 et
3221 4719 3419 4786 respiro

174 4820 399 4886 ἄιεψον
424 4817 495 4882 ἐξ
518 4816 803 4885 οὐρανοῦ,
834 4816 934 4871 καὶ
964 4815 1079 4881 ιδε,
1126 4816 1226 4869 καὶ
1260 4818 1589 4887 ἐπίσκεψαι
1622 4816 1710 4882 τὴ]

1838 4810 1901 4865 de
1924 4810 2084 4872 caelo,
2114 4820 2159 4861 et
2188 4808 2305 4862 vide
2330 4848 2344 4870 .
2375 4818 2425 4860 et
2466 4808 2619 4861 visita
2643 4810 2848 4863 vineam
2890 4810 3087 4875 istam,
3136 4819 3186 4864 et
3227 4812 3420 4880 perﬁca

175 4912 442 4978 ἄμπελον
469 4910 719 4977 ταύτην,
766 4910 864 4964 καί
914 4909 1269 4979 κατάρτισαι
1321 4910 1539 4977 αὐτὴν,
1574 4908 1653 4976 ἣν
1682 4908 1737 4962 ἐ-

175 5006 476 5071 φύτευσεν
505 5005 542 5072 ἡ
570 5003 741 5067 δεξιά
778 5004 1413 5079 σου.-Ἐπίστρεψον,
1434 5004 1552 5074 ἦτοι
1587 5005 1743 5073 Διόρ-

177 5098 342 5152 ὒωσον
372 5099 544 5167 ἡμᾶς.
576 5098 646 5150 Ἦ
679 5097 793 5160 καὶ,
828 5096 1010 5159 καθὼς
1042 5096 1299 5165 ἀνωτέρω
1345 5097 1584 5165 εἴρηται,
1619 5094 1741 5147 ἐπίε-

180 5191 374 5259 σκεψαι
399 5190 477 5253 δὲ,
513 5190 635 5241 ἀντὶ
668 5188 761 5242 τοῦ
789 5188 941 5241 ίασαι
970 5174 1741 5258 συντριϐεῖσανῘΚατὰρτισαι
1771 5197 1787 5215 ’

178 5282 249 5347 δὲ,
276 5284 399 5336 ἀντὶ
420 5281 518 5335 τοῦ
538 5284 893 5352 Ἀνάκτησαι,
923 5283 1001 5344 είς
1025 5280 1124 5353 τὴν
1152 5281 1426 5351 προτέραν
1444 5281 1742 5350 εὐκληρὶαν

175 5374 631 5443 ἀποκατάστησον
683 5371 795 5443 (1)3)
846 5372 1038 5443 ἥντινα
1104 5369 1351 5442 ἄμπελον
1422 5373 1744 5441 κατῴκησεν

181 5467 414 5522 ἐνταῦθα
444 5468 480 5538 ἡ
515 5467 582 5537 σὴ
607 5465 858 5536 δύναμις.

234 5647 279 5678 ⁸⁷
321 5648 428 5701 Isa.
456 5663 509 5711 ν,
532 5647 590 5701 2.

1839 4918 1956 4956 eam
2003 4917 2164 4970 quam
2212 4902 2473 4965 plantavit
2523 4901 2743 4956 dextera
2809 4913 2923 4958 tua.
2975 4902 3285 4969 Converte,
3317 4906 3421 4959 hoc

1843 5004 1948 5061 est,
1987 4993 2168 5065 Dirige
2202 5009 2303 5049 nos
2329 5009 2343 5059 ;
2374 4993 2478 5059 vel,
2504 5002 2562 5048 ut
2597 4996 2850 5065 superius
2866 4994 3135 5059 diximust
3156 4995 3420 5049 Converte

1846 5099 1947 5140 nos
1971 5086 2036 5137 ad
2072 5091 2124 5137 te
2158 5099 2171 5147 ;
2206 5092 2299 5137 aut
2322 5098 2351 5137 a
2383 5083 2734 5139 tribulatione
2765 5085 2830 5139 ad
2878 5085 3133 5155 gaudium
3163 5127 3179 5151 ,
3222 5092 3328 5139 etc.
3353 5084 3373 5154 )
3402 5125 3417 5149 ,

1847 5183 1903 5230 et
1932 5174 2100 5230 Visita
2137 5174 2373 5238 vineam,
2401 5175 2503 5229 hoc
2527 5184 2638 5236 est,
2674 5173 3091 5243 Medae/eam,
3129 5188 3249 5241 qua:
3286 5186 3419 5225 con.

1851 5267 1975 5320 trita
2008 5268 2190 5336 est,:et
2221 5265 2472 5336 Respice,
2499 5267 2603 5322 hoc
2631 5275 2737 5329 est,
2767 5264 2991 5327 Refove,
3016 5272 3069 5319 et
3102 5262 3154 5317 in
3182 5264 3419 5332 priorem

1850 5364 2051 5410 statum
2094 5371 2214 5412 eam
2257 5357 2509 5420 restitue,
2541 5371 2684 5420 eam,
2728 5355 2973 5421 inquam,
2994 5354 3231 5419 vineam,
3254 5370 3421 5424 quam
3450 5384 3461 5391 ~

1850 5447 2070 5503 dextera
2100 5458 2193 5503 tua
2228 5448 2512 5519 plantavit.
2538 5447 2727 5502 Divina
2754 5448 2897 5502 enim
2928 5454 3199 5517 potestate
3219 5446 3424 5505 factum

1853 5547 1959 5601 est,
1994 5548 2053 5593 ut
2084 5540 2137 5593 in
2167 5539 2271 5595 hac
2302 5540 2521 5610 regione
2553 5538 2947 5594 habitaremus.

1530 5714 1728 5775 Variae
1773 5716 2102 5782 lectiones.

257 5821 372 5890 (93)
401 5819 585 5874 Gra‘cc
618 5837 771 5883 quam
805 5821 1011 5873 vincam
1042 5814 1303 5870 exstruxit
1352 5818 1583 5882 potentia
1626 5828 1739 5869 tua.
1784 5819 1991 5878 Caetera
2018 5822 2083 5878 de
2106 5838 2213 5893 quo
2241 5822 2449 5880 addidit
2472 5822 2765 5895 interpres,
2823 5823 3207 5895 explanatione
3269 5836 3425 5889 usus,

192 5900 249 5946 ut
274 5895 388 5947 fere
414 5908 650 5961 semper.
