3862 6568
463 416 572 482 839

1681 415 2076 478 EUTIIYMII
2116 415 2481 476 ZIGABENI

3616 410 3700 474 83.0

539 531 604 583 Et
640 545 796 600 super
827 529 999 599 [ilium
1043 529 1294 595 hominis,
1332 543 1484 599 quem
1527 528 1794 583 roborasti
1841 531 1955 583 tibi.
2012 531 2048 583 A

2230 530 2338 584 Καὶ
2396 529 2495 582 ἐπὶ
2555 527 2690 581 υἱὸν
2721 527 3038 595 ἀνθρώπου
3071 523 3486 593 ἐκροταέωσας
3523 523 3702 589 ἑαυτῷ.

467 623 747 677 communi
777 637 940 676 sensu
983 621 1312 676 sumendum
1342 631 1427 676 est
1479 622 1704 677 verbum
1735 661 1750 687 ,
1803 622 2044 692 Respice.

468 713 572 768 Per
601 709 801 765 Filium
835 722 1016 766 autem
1045 713 1273 766 hominis
1303 755 1319 780 ,
1361 711 1534 768 Judzei
1587 714 1810 783 quidem
1867 729 2047 782 regem

469 805 783 873 intelligunt
816 801 1156 868 Zorobabel,
1189 805 1277 858 cui
1330 807 1499 860 robur
1545 807 1845 875 pra-stilum
1892 814 1976 860 est
2023 819 2052 858 a

467 900 596 965 Deo,
628 899 833 968 quique
859 898 1006 967 apud
1033 913 1211 970 regem
1251 899 1468 952 Darium
1498 899 1637 953 duos
1697 898 1817 952 illos
1871 899 2056 952 alete-

464 1001 680 1046 scentes
704 991 1020 1058 superavit,
1063 992 1267 1046 docens
1311 991 1456 1062 quod
1513 990 1774 1045 mulieres
1823 989 1950 1044 vino
1999 999 2055 1044 et

467 1099 591 1152 rege
626 1083 885 1137 fortiores
915 1091 1123 1146 essent,
1150 1092 1204 1137 et
1232 1091 1412 1136 tamen
1447 1083 1590 1152 quod
1625 1083 1828 1136 veritas
1855 1084 2050 1136 omnia

465 1175 705 1227 vinceret
733 1191 747 1239 ;
779 1174 922 1228 unde
951 1175 1206 1227 omnibus
1237 1174 1585 1227 admirationi
1613 1175 1732 1238 fuit,
1753 1184 1808 1227 et
1827 1188 2056 1228 conces-

466 1281 586 1322 sum
608 1267 655 1320 ei
675 1276 757 1321 est
777 1278 833 1321 ut
849 1267 1169 1320 ascenderet
1191 1267 1242 1319 iu
1258 1265 1584 1328 Jerusalem,
1606 1275 1771 1334 utque
1793 1273 2051 1319 exustum

468 1359 726 1428 templum
755 1396 770 1422 ,
817 1368 872 1412 et
919 1359 1161 1413 dirutam
1215 1359 1490 1412 civitatem
1534 1359 1888 1411 instauraret.
1937 1355 2048 1411 Nos

468 1457 648 1501 autem
683 1462 776 1516 per
813 1446 1011 1500 Filium
1043 1447 1269 1499 hominis
1303 1485 1317 1508 ,
1347 1453 1691 1513 assumptum
1742 1459 1771 1497 a
1803 1442 1912 1495 Deo
1946 1443 2047 1496 ho-

467 1541 668 1592 minem
703 1537 1086 1608 intelligimus,
1110 1537 1389 1592 Christum
1425 1537 1684 1588 nimirum
1720 1551 1732 1588 :
1761 1535 1887 1603 quia
1907 1532 2050 1588 Deus

468 1627 704 1684 Verbum
726 1669 742 1696 ,
784 1629 888 1683 sibi
918 1629 1021 1698 ipsi
1050 1667 1066 1692 ,
1097 1629 1199 1682 hoc
1227 1637 1348 1692 est,
1383 1629 1436 1681 in
1473 1642 1531 1681 se
1555 1628 1674 1696 ipso
1709 1635 2051 1693 assumptum

469 1721 746 1776 hominem
783 1721 1102 1784 roboravit,
1139 1720 1367 1776 tradens
1413 1729 1577 1787 atque
1633 1719 1958 1787 impertiens
2002 1717 2055 1772 ei

2169 623 2304 674 Ἀπὸ
2339 620 2522 673 κοινοῦ
2558 620 2615 672 δὲ
2639 618 2900 684 ἐνταῦθα,
2935 618 2999 670 τὸ
3024 618 3400 686 Ἐπίϐλεψον
3441 617 3547 685 (94)
3571 635 3582 648 ·
3615 618 3705 669 υἱῆν

2155 714 2213 767 δὲ
2256 713 2566 784 ’ἀνθρώπου
2631 713 2868 766 ἐνταῦθα
2909 711 3155 765 Ἰουδαῖοι
3227 711 3324 780 μὲν
3381 710 3591 777 λέγουσι
3635 711 3706 762 τὸν

2161 804 2473 876 Ζοροὸἁὸελ
2503 821 2518 835 ·
2559 804 2619 867 ὃς
2650 803 2998 873 ἐκραταιώθη
3039 803 3142 856 ὑπὸ
3169 801 3331 866 Θεοῦ,
3363 802 3459 854 καὶ
3489 801 3626 870 παρὰ
3647 801 3707 870 τῷ

2169 895 2383 966 βασιλεῖ
2429 895 2643 965 Δαρείῳ
2723 894 3010 964 νενίκηκεν
3061 895 3189 954 τοὺς
3239 894 3334 946 δύο
3387 893 3706 954 νεανίσκους·

2157 989 2454 1055 ἀποδείξας
2482 989 2597 1060 (95)
2630 988 2714 1040 ὅτι
2748 989 2968 1041 πάντων
3006 985 3305 1057 κρατοῦσιν
3356 986 3415 1037 αι
3463 987 3706 1052 γυναῖκες,

2165 1079 2260 1131 καὶ
2319 1079 2352 1148 ἡ
2415 1079 2686 1148 ἀλήθεια⁹
2743 1078 2838 1131 καὶ
2889 1075 3311 1147 θαυμαστωθεὶς
3366 1075 3596 1143 ἀνῆλθε’
3634 1076 3710 1128 καὶ

2160 1167 2516 1239 ᾠκοδόμησεν
2540 1167 2633 1219 τὸν
2661 1165 3046 1237 ὲμπρισθέντα
3090 1165 3217 1217 ναδν
3273 1166 3369 1216 καὶ
3401 1163 3502 1233 τὴν
3547 1161 3708 1215 πόλινο

2163 1261 2326 1329 ἡμεῖς
2359 1260 2417 1313 δὲ
2469 1259 2652 1329 φαμὲν
2709 1261 2825 1311 υἱὸν
2874 1256 3168 1328 ἀνθρώπου
3195 1257 3288 1309 τὸν
3320 1255 3709 1325 προσληφθέντα

2159 1351 2474 1421 ἄνθρωπον.
2519 1351 2577 1404 ’0
2609 1352 2716 1421 γὰρ
2754 1350 2886 1414 Θεὸς
2922 1351 3094 1417 Λόγος
3139 1349 3515 1425 ἐκραταίωσεν
3542 1346 3710 1416 ἐαυτῷ.

2160 1444 2466 1508 τουτέστιν,
2520 1445 2607 1510 ἐφ’
2663 1443 2860 1504 αὑτοῦ,
2914 1445 3028 1498 ἀπὸ
3080 1443 3182 1513 τῆς
3231 1441 3401 1494 αὑτοῦ
3463 1441 3712 1510 δυνάμεως

2167 1536 2437 1605 μεταδοὺς
2467 1537 2640 1608 αὐτῷ,
2678 1538 2772 1590 καί
2797 1536 3125 1606 δυναμὼσας
3162 1535 3305 1588 κατὰ
3327 1534 3424 1587 τοῦ
3457 1535 3707 1603 πολεμίου.

2166 1627 2311 1698 Πρὸς
2339 1630 2434 1680 τὸν
2466 1628 2848 1698 προσλαϐόντα
2873 1627 2985 1698 γὰρ
3021 1627 3116 1681 νῦν
3147 1628 3282 1698 εὐχὴ
3309 1625 3545 1694 περὶτοῦ
3568 1642 3709 1695 προσο

2165 1718 2488 1789 ληφθέντος,
2521 1721 2610 1775 ἶνα
2645 1722 2842 1774 θᾶττον
2866 1721 3031 1773 αὐτὸν
3060 1719 3371 1790 προσλάϐῃ.

468 1824 687 1866 omnem
714 1812 971 1868 virtutem
1005 1827 1161 1867 suam
1190 1853 1206 1879 ,
1231 1822 1284 1867 et
1313 1821 1586 1881 potentem
1628 1827 1751 1874 eum
1807 1808 2050 1864 eﬂieieus
2089 1811 2354 1867 adversus
2394 1813 2703 1869 inimicum.
2733 1812 2858 1868 Haec
2892 1822 3075 1869 autem
3107 1814 3272 1867 verba
3333 1811 3402 1865 ad
3458 1825 3711 1872 assumen-

467 1912 574 1955 tem
603 1903 943 1958 divinitatem
985 1905 1052 1958 de
1091 1915 1374 1974 assumpta
1428 1904 1766 1958 humanitate
1823 1917 1854 1957 a
1903 1902 2170 1971 Propheta
2203 1904 2345 1959 dicta
2369 1914 2520 1970 sunt,
2553 1907 2698 1960 utad
2717 1905 2983 1972 futuram,
3043 1917 3212 1977 atque
3280 1920 3312 1960 a
3379 1919 3440 1960 se
3501 1911 3710 1974 optatam

467 1994 558 2048 Dei
593 1997 1022 2052 incarnationem
1053 2013 1178 2052 eum
1212 1999 1386 2068 magis
1415 1997 1692 2052 incitaret.

539 2085 706 2142 Vens.
737 2088 824 2143 17.
867 2086 1091 2142 Incensa
1125 2089 1236 2158 igni
1257 2099 1304 2142 et
1331 2089 1585 2157 stt/fossa.
1613 2087 2053 2159 Subintelligitnr
2084 2087 2130 2148 B

2231 2089 2759 2163 Ἐμπεπυρισμένη
2784 2089 2926 2158 πυρὶ
2956 2089 3052 2144 καὶ
3082 2086 3531 2156 ἁνεσκαμμένη.
3549 2086 3714 2140 Λεῑπει

466 2181 717 2243 verbum,
757 2189 874 2246 est,
914 2181 997 2234 vel
1023 2181 1124 2248 (uit
1178 2180 1281 2250 (ut
1307 2179 1380 2234 sit
1421 2194 1618 2235 sensus
1654 2196 1668 2232 :
1723 2180 1895 2234 Vinea
1944 2181 2048 2237 beet

2165 2181 2247 2247 τὸ,
2280 2181 2476 2235 ἐστίν.
2532 2181 2844 2234 Αῑνίττεται
2879 2181 2935 2232 δὲ
2968 2179 3059 2232 διὰ
3091 2178 3190 2248 τῆς
3227 2176 3474 2247 ἀμπέλου
3505 2175 3593 2244 τὴν
3626 2175 3714 2240 γῆν

468 2283 560 2326 tua
589 2272 700 2342 igni
740 2272 846 2326 fuit
881 2274 1124 2338 incensa,
1152 2284 1204 2327 et
1229 2274 1466 2341 amplius
1493 2275 1654 2327 etiam
1678 2272 1933 2337 suﬂbssa,
1959 2275 2060 2328 hoc

467 2370 570 2424 est,
607 2363 676 2415 ab
703 2362 835 2431 ipsis
867 2363 1146 2417 radicibus
1175 2377 1363 2417 eversa
1392 2365 1408 2431 )
1441 2379 1456 2428 ;
1489 2379 1584 2433 per
1614 2365 1830 2417 vineam
1864 2374 2053 2419 autem

468 2453 617 2507 illius
660 2455 828 2517 vineae
864 2469 1055 2524 agrum
1083 2494 1097 2516 ,
1127 2456 1210 2508 vel
1240 2456 1412 2523 ipsam
1465 2457 1745 2509 civitatem
1802 2456 2056 2526 intelligit

465 2542 797 2607 Jerusnlem,
833 2561 995 2614 quam
1030 2562 1142 2601 non
1195 2555 1407 2601 tantum
1466 2548 1576 2618 igni
1639 2548 2006 2604 incenderunt
2037 2590 2052 2614 ,

2159 2273 2355 2342 αὐτῆς,
2398 2274 2578 2326 εἰτουν
2610 2275 2708 2344 τὴν
2741 2274 2899 2326 πόλιν
2926 2272 3037 2325 τῶν
3085 2269 3506 2350 Ἱεροσολύμων
3550 2268 3603 2320 οὐ
3633 2267 3712 2336 μό-

2157 2384 2250 2419 νον
2303 2369 2413 2440 γὰρ
2444 2366 2614 2438 αὐτὴν
2648 2366 3006 2440 ἐνεπύρισαν,
3066 2366 3204 2419 ἀλλὰ
3259 2364 3358 2417 καί
3389 2361 3710 2430 ἀνέσκαψαν·

2156 2461 2330 2514 ταῦτα
2361 2461 2417 2513 δὲ
2449 2462 2497 2513 οἱ
2535 2441 2871 2516 Βαϐυλώνιοι
2913 2459 3310 2526 πεποιήκασιν.
3342 2456 3419 2518 ὡς
3448 2457 3480 2526 ἡ
3512 2455 3709 2524 τετάρτη

2152 2552 2264 2604 τῶν
2300 2551 2603 2605 Βασιλειῶν
2646 2551 2828 2622 βίϐλος
2862 2553 3090 2620 ἱστορεῖ.

467 2636 562 2691 sed
596 2639 758 2691 etiam
791 2637 1160 2704 sulfoderunt,
1193 2649 1409 2708 atquea
1461 2640 1837 2696 fundamentis
1889 2651 2226 2701 everterunt.
2260 2645 2386 2702 Hazc
2425 2657 2608 2703 autem
2631 2647 2815 2701 omnia
2884 2659 2916 2699 a
2983 2642 3302 2713 Babyloniis
3364 2650 3512 2712 gesta
3585 2646 3707 2701 sunt.

468 2725 926 2796 quemadmodum
951 2726 1006 2780 in
1043 2726 1250 2796 Regum
1281 2729 1434 2783 libris
1461 2731 1720 2785 traditur.

553 2816 623 2870 Ab
664 2818 1019 2884 increpatione
1050 2819 1222 2872 vultus
1262 2822 1338 2872 tui
1365 2820 1633 2888 peribunt.
1659 2820 1762 2876 Per
1812 2821 2056 2894 increpa-

470 2909 670 2961 tiouem
707 2908 807 2960 hoc
839 2911 960 2961 loco
988 2907 1226 2963 divinam
1281 2910 1419 2963 iram
1469 2911 1739 2982 intelligit.
1793 2912 1876 2967 lra
1925 2927 2016 2970 tua
2043 2956 2058 2981 ,

469 2999 673 3066 inquit,
713 2995 971 3053 llebrazos
1001 2999 1212 3068 perdet,
1244 3009 1295 3056 te
1325 3002 1534 3057 scilicet
1556 3005 1928 3073 permittente,
1956 3007 2060 3061 Ba-

471 3090 720 3160 bylonios
749 3093 831 3145 sic
860 3089 1061 3145 facere.
1093 3089 1281 3162 Neque
1314 3095 1459 3148 enim
1490 3093 1718 3150 Iudaeos
1771 3095 2052 3174 Babylonii

469 3191 824 3251 superassent
853 3223 868 3248 ,
909 3182 1015 3238 nisi
1047 3192 1101 3236 tu
1134 3184 1308 3239 vineae
1335 3199 1519 3254 sepem
1561 3186 1930 3244 destruxisses
1951 3231 1966 3257 ,
1999 3200 2059 3245 ut

469 3274 727 3328 diximus.

527 3363 694 3419 Vsus.
724 3365 809 3420 18.
837 3365 963 3421 Fiat
988 3383 1175 3423 manus
1194 3378 1287 3422 tua
1308 3385 1464 3448 super
1480 3372 1647 3425 virum
1670 3372 1901 3428 ἄρτιοι-α’
1921 3383 2043 3429 tute.

466 3463 643 3532 Atque
688 3463 789 3518 hoc
833 3463 1000 3519 simili
1040 3466 1203 3520 modo
1255 3466 1404 3521 dicta
1448 3482 1574 3523 esse
1626 3470 1940 3539 intelligunt
1981 3470 2048 3526 de

467 3552 790 3607 Zorobabel.
834 3553 1049 3623 Veniat,
1077 3557 1332 3626 inquiunt
1359 3596 1376 3623 ,
1408 3557 1459 3611 iu
1490 3575 1615 3613 eum
1650 3564 1890 3630 potentia
1928 3571 2040 3615 tua.

471 3643 654 3698 Vtrum
693 3656 874 3699 autem
909 3647 1149 3702 dextera:
1182 3649 1464 3718 Scriptura
1495 3666 1619 3705 eum
1653 3652 1923 3721 appellare
1964 3669 2052 3707 so-

469 3736 561 3800 let,
606 3739 693 3792 cui
731 3738 954 3793 dextera
988 3739 1274 3795 familiaris
1327 3751 1432 3797 est.
1493 3741 1600 3798 Nos
1650 3759 1782 3798 vero
1837 3745 1941 3798 hoc
1994 3747 2047 3800 in

467 3827 590 3881 loco
615 3842 959 3899 assumptum
988 3831 1266 3885 hominem
1305 3833 1685 3902 intelligimus,
1715 3835 1872 3903 quasi
1901 3843 2051 3905 optet

468 3920 763 3989 Propheta,
793 3933 850 3973 ut
885 3923 1040 3990 signa
1080 3931 1134 3976 et
1168 3922 1455 3988 miracula,
1482 3940 1600 3992 (iure
1630 3941 1824 3980 manus
1875 3926 1964 3981 Dei
1996 3937 2049 3982 et

473 4013 562 4064 Dei
592 4013 796 4081 digitus
831 4013 1110 4081 dicuntur,
1146 4013 1280 4067 fiant
1334 4030 1501 4086 super
1549 4017 1720 4071 virum
1771 4020 2004 4073 dexterm
2029 4061 2045 4087 ,

469 4103 572 4156 hoc
604 4112 710 4177 est,
744 4118 910 4172 super
935 4104 1086 4158 illum
1117 4106 1330 4174 Virum,
1360 4109 1446 4161 cui
1492 4109 1714 4164 dextera
1757 4111 1932 4167 Patris
1970 4115 2047 4168 fa-

469 4193 697 4245 miliaris
728 4203 830 4248 est.
862 4193 1093 4248 Dextera
1127 4205 1308 4251 autem
1333 4195 1512 4254 Patris
1543 4208 1628 4254 est
1660 4199 1853 4268 Filius,
1877 4201 2047 4260 veluti

465 4295 649 4336 rerum
691 4283 937 4338 omnium
972 4294 1207 4351 creator,
1237 4298 1292 4340 et
1326 4287 1536 4357 Opifex.

542 4373 613 4426 Et
650 4389 808 4442 super
836 4373 1043 4429 Filium
1069 4376 1320 4443 hominis,
1343 4396 1492 4449 quem
1522 4381 1790 4436 roborasli
1822 4384 1937 4439 tibi.
1972 4383 2046 4440 De

464 4465 654 4520 eodem
702 4465 922 4521 Christo
985 4468 1245 4538 loquitur,
1299 4471 1553 4526 eumdem
1619 4484 1870 4543 repetens
1927 4492 2044 4532 ser-

463 4573 704 4613 monem.
759 4557 958 4612 Filium
1008 4571 1191 4616 autem
1238 4561 1475 4618 hominis
1527 4566 1764 4634 seipsum
1790 4569 2042 4626 Christus

462 4648 683 4703 assidue
715 4649 1028 4718 appellabat
1087 4660 1311 4720 propter
1354 4665 1576 4707 carnem
1630 4665 1964 4726 assumptam
2011 4673 2041 4712 e

469 4737 708 4808 Virgine.

535 4827 703 4884 Vsus.
735 4830 820 4884 19.
861 4829 931 4884 Et
970 4846 1072 4884 non
1111 4831 1443 4887 discedamus
1497 4851 1529 4887 a
1578 4844 1645 4888 te.
1683 4835 2045 4907 1161)τωὶᾳυί-

460 4919 584 4974 dem
613 4936 641 4973 a
687 4921 830 4976 duce
881 4921 1204 4987 Zorobabel,
1277 4941 1377 4980 nos
1417 4936 1600 4980 autem
1633 4945 1663 4978 a
1696 4928 1940 4994 Christo,
1975 4943 2039 4983 ex

459 5022 650 5066 nostra
675 5015 819 5067 enim
841 5027 1073 5080 persona
1103 5016 1436 5072 versiculum
1455 5019 1600 5072 hunc
1623 5017 1892 5088 Propheta
1913 5034 2045 5074 con-

461 5106 710 5176 scripsit.

539 5197 838 5266 Viviﬁcabir
881 5215 973 5254 nos
1001 5207 1050 5254 et
1094 5184 1284 5254 nomen
1321 5209 1470 5253 tuum
1513 5199 1894 5256 invocabimus.
1931 5199 2030 5254 Ju-

457 5290 605 5344 dteos
638 5291 939 5347 vivificabis
967 5293 1286 5348 renovando
1320 5307 1510 5347 eorum
1555 5294 1828 5347 civitatem
1861 5309 1877 5358 ;
1929 5309 2030 5349 nos

457 5393 637 5436 autem
690 5383 899 5450 fideles,
957 5384 1270 5439 renovando
1325 5385 1633 5437 animarum
1707 5385 2027 5453 dignitatem

458 5488 554 5542 per
589 5475 832 5530 salutare
861 5475 1205 5546 baptismatis
1238 5476 1537 5530 lavacrum.
1565 5473 1660 5530 His
1682 5474 1826 5530 enim
1861 5477 2028 5531 amis-

2233 2823 2381 2879 Ἀπὸ
2420 2821 2825 2892 ἐπιτιμήσεως
2880 2821 2988 2876 τοῦ
3049 2819 3381 2888 προσώπου
3436 2832 3548 2872 σου
3585 2814 3712 2868 ἁπο-

2158 2918 2433 2973 λοῦνται.
2477 2916 2834 2987 Ἐπιτίμησις
2869 2913 2966 2967 νῦν
2998 2915 3030 2982 ἠ
3061 2915 3225 2983 ὀργή.
3280 2911 3447 2979 Λέγει
3474 2909 3527 2963 δὲ
3557 2911 3626 2964 ὅτι
3659 2908 3709 2962 Ἠ

2158 3009 2297 3080 ὀργή
2331 3025 2424 3062 σου
2456 3008 2718 3062 ἀπολέσει
2747 3008 2876 3070 τοὺς
2910 3005 3203 3077 Ἐϐραίους
3237 3047 3252 3067 ,
3288 3002 3710 3074 παραχωροῦντος

2155 3106 2270 3166 τοῖς
2306 3101 2712 3165 Βαϐυλωνίοιςσ
2762 3101 2822 3160 οὐ
2878 3101 2986 3171 γὰρ
3018 3100 3086 3158 ἂν
3117 3098 3298 3158 αὐτῶν
3347 3097 3704 3167 ὑπερίσχυσεν,

2153 3198 2200 3250 εἰ
2241 3196 2317 3268 μὴ
2351 3197 2414 3252 σὺ
2445 3195 2700 3259 καθεῖλες
2725 3193 2817 3248 τὸν
2845 3193 3125 3267 φραγμὸν,
3154 3193 3228 3258 ὡς
3261 3193 3500 3263 εἴρηται.

2226 3372 2548 3440 Γενηθήτω
2587 3373 2624 3439 ἡ
2662 3372 2789 3440 χείρ
2817 3384 2936 3424 σου
2977 3368 3072 3422 ἐπ’
3127 3367 3321 3436 ἄνδρα
3365 3363 3562 3432 δεξιᾶς
3587 3375 3704 3415 σου.

2158 3466 2266 3518 Καὶ
2290 3463 2449 3518 τοῦτο
2477 3466 2607 3534 περὶ
2636 3464 2728 3516 τοῦ
2754 3462 3064 3533 Ζοροϐάϐελ
3095 3461 3332 3514 νοοῦσι-θ.
3366 3456 3702 3513 ὌτιἘλθέτω

2155 3560 2188 3628 ἡ
2219 3557 2449 3626 δύναμις
2489 3574 2584 3609 σου
2637 3558 2731 3608 ἐπὶ
2776 3557 2975 3625 τούτῳ.
3002 3556 3206 3623 Ἀνδρα
3237 3554 3293 3606 δὲ
3320 3553 3496 3618 δεξιᾶς
3536 3552 3614 3602 τὸν
3637 3549 3708 3601 oi-

2155 3653 2304 3702 κεῖον
2330 3654 2396 3720 τῇ
2435 3648 2590 3718 δεξιᾷ
2623 3665 2791 3717 φησιν
2818 3650 2851 3718 ἡ
2878 3649 3096 3718 Γραφή.
3137 3647 3334 3716 Ἡμεῖς
3375 3646 3431 3698 δὲ
3459 3644 3544 3696 καὶ
3566 3640 3705 3694 τοῦτο

2155 3751 2287 3814 περὶ
2316 3743 2410 3796 τοῦ
2451 3741 2904 3818 προσληφθέντος
2937 3741 3050 3812 (96)
3089 3741 3296 3816 φαμέν·
3329 3738 3421 3792 τοῦ
3444 3735 3703 3806 Προφὴτου

2154 3834 2606 3907 παρακαλοῦντος
2670 3834 2847 3888 ἐλθεῖν
2876 3833 2946 3886 τὰ
2980 3836 3202 3906 σημεῖα,
3254 3831 3291 3889 ὃ.
3335 3831 3569 3901 λέγονται
3597 3827 3701 3896 χεὶρ

2152 3928 2312 3994 Θεοῦ,
2347 3929 2440 3980 καὶ
2465 3925 2726 3989 δάκτυλος
2757 3924 2918 3988 Θεοῦ,
2956 3927 3050 3978 ἐπὶ
3076 3926 3166 3978 τὸν
3199 3924 3373 3994 ἄνδρα
3406 3924 3504 3993 τῆς
3543 3919 3701 3985 δεξιᾶς

2152 4023 2246 4075 τοῦ
2288 4021 2500 4090 Πατρός
2528 4036 2541 4049 ·
2575 4017 2730 4085 δεξιὰ
2761 4018 2817 4076 δὲ
2842 4018 2936 4072 τοῦ
2968 4018 3182 4094 Πατρδς
3227 4018 3378 4083 Υἱὸς,
3413 4017 3484 4081 ὡς
3511 4015 3700 4068 πάντων

2150 4113 2505 4188 δημιουργός.

2217 4377 2329 4434 Καὶ
2375 4377 2476 4431 ἐπὶ
2526 4378 2662 4431 υἱὸν
2681 4375 3031 4444 ἀνθρώπου,⁴
3080 4375 3153 4428 ὃν
3182 4376 3580 4443 ἐκραταίωσας
3603 4386 3701 4425 σε·

2147 4471 2332 4534 αυτῷ.
2375 4469 2482 4522 Τὸν
2527 4470 2694 4522 αὑτὸν
2736 4470 2873 4538 φησὶ
2902 4468 3267 4536 παλιλλογῶν,
3307 4469 3404 4521 καὶ
3440 4473 3466 4522 ὀ
3495 4466 3702 4536 Χριστὸς

2151 4564 2210 4618 δὲ
2283 4564 2411 4617 Υἱὸν
2482 4561 2775 4631 ἀνθρώπου
2837 4561 3119 4631 ὠνόμαζεν
3189 4561 3411 4624 ἑαυτὸν,
3473 4560 3554 4614 διὰ
3607 4556 3702 4626 τὴν

2148 4656 2483 4726 φαινομένην
2543 4655 2744 4725 σάρκα,
2807 4654 2874 4723 ἣν
2933 4655 2998 4706 ἐκ
3053 4653 3152 4721 τῆς
3214 4653 3495 4723 Παρθένου
3548 4663 3698 4720 προσ-

2063 4756 2117 4816 D
2147 4749 2360 4802 έλαὸεν.

2213 4839 2325 4894 Καὶ
2370 4840 2444 4893 οὺ
2472 4839 2553 4904 μὴ
2579 4837 3090 4907 ἀποστῶμεν-ἀπὸ
3138 4836 3276 4890 σοῦ.
3326 4837 3558 4907 Ἑϐραῖοι
3604 4833 3698 4903 μὲν

2141 4932 2502 5001 ὁδηγούμενοι
2532 4933 2687 5001 παρὰ
2713 4931 2814 4982 τοῦ
2873 4928 3207 5000 Ζοροϐάϐελ,
3277 4931 3437 4998 ἡμεῖς
3462 4929 3514 4982 δὲ
3558 4928 3698 4995 παρὰ

2141 5023 2235 5076 τοῦ
2259 5024 2517 5094 Χριστοῦ.
2557 5024 2842 5094 Προσώπῳ
2869 5021 2979 5096 γὰρ
3011 5021 3170 5092 ἡμῶν
3193 5021 3254 5073 τὸ
3291 5022 3454 5096 ῥητὸν
3492 5023 3518 5073 ὁ
3561 5018 3698 5084 [lpo-

2142 5117 2319 5186 φήτης
2351 5115 2615 5169 τέθεικεν.

2210 5208 2260 5258 Ζ
2259 5204 2480 5269 ωώσεις
2496 5203 2653 5274 ἡμᾶς
2668 5205 2766 5258 καὶ
2785 5207 2852 5259 τὸ
2870 5205 3061 5272 ὄνομά
3080 5221 3198 5259 σου
3212 5206 3311 5258 ἐπι
3319 5200 3694 5268 καλεσὸμεθα.

2139 5297 2391 5358 Ζωώσεις
2419 5297 2708 5359 Ἰουδαίους
2747 5297 2848 5365 μὲν
2877 5300 2940 5366 τῇ
2965 5292 3271 5350 ἅνανεὼσει
3309 5297 3405 5365 τῆς
3456 5293 3659 5353 πόλεως
3677 5307 3691 5321 '

2139 5389 2285 5457 ἡμᾶς
2316 5388 2373 5440 δὲ
2399 5389 2462 5458 τῇ
2498 5388 2796 5441 ἁνανεώσει
2828 5388 2923 5442 τοῦ
2945 5389 3258 5459 ἀξιώματος
3283 5389 3378 5455 τῆς
3403 5384 3564 5459 ψυχῆς
3609 5383 3698 5436 διὰ

2134 5479 2226 5530 τοῦ
2275 5477 2676 5549 βαπτίσματος.
2707 5479 3159 5554 ,Ἐνεκρώθημεν
3223 5482 3332 5552 γὰρ
3355 5482 3416 5551 τῇ
3453 5474 3699 5550 ἀπωλείᾳ

1806 5655 2004 5719 Variae
2038 5657 2362 5720 lectiones.

529 5773 583 5842 (9
599 5774 640 5843 ἱ)
674 5775 878 5845 Supple
914 5777 1167 5847 ληπτέον.

524 5848 635 5917 (95)
668 5851 744 5902 Ad
777 5849 1002 5903 verbum
1036 5847 1352 5919 simpliciter
1376 5851 1513 5908 quod
1539 5853 1777 5906 mulieres
1804 5867 1847 5906 et
1880 5853 2012 5906 reri-

2124 5792 2204 5834 tus
2238 5782 2415 5834 omnia
2448 5782 2731 5838 vincerent.

2195 5853 2304 5916 (96)
2342 5851 2496 5906 Deest
2527 5853 2836 5912 ἀνθρώπου.
