3796 6556
371 339 482 404 843
1588 336 1927 398 EU'l‘llYMl

2084 334 2390 396 [GABENI
3534 336 3617 394 8“

372 467 558 510 rerum
613 448 1080 522 contemplatione
1138 447 1476 506 claruerunt.
1543 449 1804 506 Pahnites
1834 465 1927 504 ver

2084 449 2146 519 τῷ
2196 449 2482 519 ἀμπελῶνι
2512 449 2608 503 τοῦ
2635 449 2876 522 Χριστοῦ
2909 449 3194 520 πολέμιος,
3242 445 3302 513 ὃς
3333 445 3400 500 ἃν
3425 446 3620 520 κληθείη

371 556 427 601 et
462 544 829 616 propagines,
873 555 1116 612 expones
1154 548 1210 594 ut
1253 541 1367 611 jam
1399 543 1658 611 superius
1701 542 1927 598 diximui

2084 543 2176 593 καὶ
2202 541 2409 611 μονιὸς,
2441 540 2532 594 διὰ
2568 541 2665 605 τὰς
2688 540 2991 609 ἀναλόγους
3034 539 3235 603 αίτίας.
3291 537 3377 591 Τὰ
3414 537 3469 590 δὲ
3521 539 3622 609 ἑξῆς

371 639 478 695 Per
502 653 655 693 mare
682 636 846 691 etiam
873 643 926 690 et
958 648 1056 703 per
1083 630 1336 699 ﬂumina,
1388 633 1709 688 universum
1744 633 1927 704 pelagi:

2084 632 2400 706 ἀρκούντως
2456 634 2776 705 ἀνήχθησαν

370 740 427 785 «ει
476 729 734 784 universa
777 724 1012 780 flumina
1066 724 1360 796 intelliges,
1390 740 1502 792 quo
1536 741 1800 781 sermone
1866 726 2164 781 universus
2256 726 2410 782 orbis
2453 727 2824 797 signiﬁcatur.
2911 722 3018 778 Per
3055 736 3226 789 suem,
3269 735 3405 776 vero
3480 722 3625 788 ipsum

370 823 676 876 daemonem
713 830 1048 894 expone,.eo
1073 819 1220 887 quod
1241 816 1608 872 immunditiis
1630 816 1961 872 delectatur.
2002 817 2106 872 Per
2137 817 2332 871 silvam
2359 820 2524 872 etiam
2569 816 2731 888 (quae,
2759 816 2916 888 juxta
2983 816 3090 868 vim
3135 811 3340 868 Grecae
3369 811 3626 879 ,dictionis

367 914 596 990 δρυμὸς,
624 912 965 971 condensam
994 914 1292 986 signiticet)
1331 915 1532 970 auium
1563 913 1673 969 illae
1720 923 1956 983 possunt
1995 913 2253 984 intelligi,
2287 929 2415 984 qua
2466 915 2842 985 passionibus,
2938 920 3103 982 atque
3148 909 3442 964 affectibus
3518 910 3628 964 adeo

367 1006 676 1071 abundant,
727 1013 787 1060 ut
815 1003 1003 1059 densa
1050 1003 1455 1073 quodammodo
1504 1017 1572 1058 ac
1621 1002 1811 1058 nimim
1875 1004 1931 1058 in
1974 1005 2292 1076 hujusmodi
2357 1005 2652 1063 aﬂectibus
2681 1007 2930 1062 dicenda:
2983 1007 3129 1067 sint,
3168 1011 3225 1058 et
3278 1001 3627 1056 nihilominius

367 1102 589 1158 steriles
636 1110 790 1167 sunt,
854 1112 1021 1170 atque
1076 1095 1457 1152 infructuosae.
1523 1096 1583 1150 In
1633 1096 1721 1149 his
1775 1109 1962 1150 autem
2005 1100 2298 1154 animabus
2360 1101 2453 1156 ille
2499 1101 2713 1156 daemon
2762 1109 3161 1160 commoratur,
3212 1095 3308 1166 qui
3386 1095 3517 1148 vitio
3580 1115 3628 1150 ac

369 1195 642 1264 pravitate
673 1194 880 1250 unicus
921 1203 977 1248 et
1024 1191 1348 1261 singularis,
1421 1190 1769 1246 immanitate
1855 1200 2040 1248 autem
2082 1205 2134 1248 et
2169 1196 2380 1251 saevitia
2418 1196 2572 1255 [erus
2605 1198 2951 1268 appellatur:
3000 1211 3188 1250 verum
3236 1194 3366 1248 licet
3405 1192 3518 1259 ipsis
3543 1189 3629 1241 da-

370 1303 498 1342 mon
537 1286 924 1356 principaliter
1003 1286 1081 1340 ita
1135 1283 1472 1355 appelletur,
1523 1283 1860 1339 secundario
1890 1292 2074 1340 tamen
2113 1303 2182 1343 eo
2229 1289 2540 1360 singularis
2587 1305 2654 1345 ac
2699 1291 2828 1344 ferae
2908 1289 3134 1342 nomine
3197 1284 3434 1355 quilibet
3499 1282 3626 1334 intel-

367 1383 556 1452 ligitur
588 1391 880 1453 tyrannus,
908 1381 1004 1451 qui
1046 1381 1222 1436 vinea:
1254 1379 1463 1436 Christi
1531 1378 1709 1434 hostis
1779 1379 1876 1437 sit.
1901 1380 2034 1448 Quae
2072 1387 2568 1458 sequunturjuxta
2615 1401 2844 1444 sensum
2890 1383 3255 1458 anagogicum
3285 1395 3355 1436 ex
3405 1379 3628 1448 superius

366 1475 535 1530 dictis
563 1474 699 1529 satis
729 1471 1070 1527 sutlicienter
1104 1471 1356 1541 exposita
1379 1478 1533 1528 sunt.

443 1567 508 1621 In
542 1567 701 1636 finem
731 1581 828 1635 pro
857 1563 1217 1620 torcularibus
1247 1562 1488 1632 psalmus
1539 1565 1642 1632 ipsi
1692 1565 1894 1634 Asaplt.

871 1655 1095 1711 ΡδΑιΜ
1108 1655 1146 1710 U
1160 1653 1198 1708 S
1249 1654 1467 1710 LXXX.

442 1747 684 1805 Octavus
730 1748 978 1818 psalmus
1027 1747 1267 1803 similem
1321 1747 1486 1800 habet
1517 1747 1968 1819 inscriptionem.

366 1858 462 1910 pro
520 1839 923 1907 torcularibusf,
971 1837 1062 1892 ubi
1100 1837 1506 1907 expositionem
1549 1840 1700 1895 clare
1737 1839 1967 1896 tradidi-

369 1951 518 1990 mus.
581 1933 678 1986 Illa
740 1933 913 2003 igitur
962 1931 1263 1986 toreularia
1328 1945 1358 1984 a
1413 1929 1694 2001 Propheta
1774 1944 1968 1990 nostro

367 2023 780 2094 mutuojubere
823 2032 989 2092 atque
1019 2022 1304 2077 exhortari
1361 2037 1484 2078 sese
1537 2024 1971 2082 introducantur

366 2117 436 2173 ad
468 2132 532 2173 ea
587 2115 897 2187 peragenda
929 2130 1054 2186 quas
1104 2115 1158 2171 in
1189 2116 1481 2186 praesentis
1525 2116 1726 2187 psalmi
1761 2118 1968 2174 haben-

363 2225 456 2266 tur
489 2211 786 2282 principio.
827 2208 1259 2281 Redarguuntur
1308 2211 1472 2264 etiam
1523 2210 1577 2265 in
1619 2213 1722 2268 hoc
1754 2214 1967 2283 psalmo

363 2304 537 2359 .luda-i
582 2304 650 2357 de
704 2317 921 2358 summa
974 2318 1170 2357 eorum
1219 2303 1275 2358 in
1324 2301 1495 2359 Deum
1547 2304 1965 2376 ingratitudine,

365 2406 532 2466 atque
567 2393 917 2460 inﬁdelitate,
949 2395 1021 2450 ob
1073 2411 1242 2465 quam
1279 2409 1693 2466 consequenter
1713 2399 1796 2456 eis
1829 2415 1968 2468 prae-

365 2488 594 2554 dicitur,
651 2487 800 2558 quod
853 2487 1157 2556 objiciendi
1212 2497 1395 2544 erant.
1441 2489 1518 2544 Ex
1545 2507 1652 2560 qua
1706 2493 1973 2565 redargu~

2079 1571 2182 1636 Εις
2212 1568 2280 1621 τὸ
2311 1567 2490 1634 τέλος
2517 1566 2671 1636 ὑπὲρ
2699 1566 2818 1621 τῶν
2839 1563 3049 1633 ληνῶν
3071 1563 3315 1634 malum;
3349 1561 3431 1626 τῷ
3453 1561 3624 1632 Ἀσάρ.

2650 1654 2944 1715 ΨΔΔΜΟΣ
2996 1661 3079 1715 H'.

2153 1757 2262 1808 Kal
2293 1754 2369 1827 τῷ
2399 1754 2572 1826 ὀγδόῳ
2607 1752 2810 1824 ψαλμῷ
2841 1753 2960 1818 Ἐἰς
3003 1753 3073 1804 τὸ
3103 1751 3281 1816 τέλος
3331 1747 3486 1816 ὑπὲρ
3535 1745 3628 1798 τῶν

2077 1845 2290 1916 ,πηγῶν
2329 1847 2766 1920 ἐπιγέγραπται,
2796 1844 2887 1898 καὶ
2912 1843 3012 1914 τὴν
3043 1843 3310 1914 ἐξήγησιν
3357 1843 3418 1894 ἐν
3468 1841 3627 1908 ἐκείνῳ

2080 1939 2270 2010 σαφῶς
2297 1939 2790 2012 παραδεδώκαμεν.
2818 1937 3068 1991 Ἔκεῖναι
3137 1935 3326 1988 τοίνυν
3370 1934 3428 1987 αί
3491 1933 3617 2002 ληνοὶ

2079 2033 2555 2104 παρακελεύονται
2611 2031 2890 2102 αλλήλοις,
2945 2028 3048 2084 ὅσα
3109 2027 3172 2082 τὸ
3227 2026 3513 2098 προοίμιον
3551 2025 3624 2077 τινὶ

2078 2125 2450 2195 προκειμένου
2487 2122 2708 2193 ψαλμοῦ
2762 2138 2920 2191 φησι.
2985 2118 3249 2191 Διασῦρει
3286 2117 3393 2172 δὲδ
3447 2117 3624 2188 ψαλμδς

2077 2217 2176 2288 τὴν
2226 2216 2498 2278 Ἐϐραίων
2529 2215 2952 2287 ἀποχαριστίαν,
2985 2215 3081 2268 καὶ
3107 2211 3410 2276 ἀπείθειαν,
3438 2213 3528 2265 καὶ
3567 2211 3624 2263 δι-

2077 2309 2270 2362 δάσκει
2300 2309 2401 2378 τὴν
2423 2307 2704 2372 ἀποϐολὴν
2747 2305 2957 2369 αὐτῶν,
3014 2304 3513 2374 ἐξασφαλιςόμενος
3553 2304 3624 2354 τὶν

2077 2404 2200 2456 νέον
2217 2402 2364 2466 λαὸν,
2386 2401 2474 2455 ἴνα
2502 2401 2598 2471 μὴ,
2621 2400 2696 2464 ὡς
2716 2403 2742 2453 ὁ
2763 2398 3014 2463 παλαιὸς,
3043 2396 3330 2468 ἀποϐληθῇ
3355 2397 3449 2450 καὶ
3478 2395 3620 2458 οὗτος,

2081 2493 2116 2562 ἢ
2149 2493 2246 2562 τὴν
2286 2491 2499 2546 ἐκείνου
2532 2491 2839 2562 μιμήσεται
2878 2489 3104 2543 κακίαν.

368 2584 514 2638 tione
537 2595 590 2638 et
620 2583 930 2652 prophetia,
968 2581 1300 2653 prudentior
1368 2600 1432 2638 ac
1483 2588 1704 2642 cautior
1778 2589 2026 2644 redditur
2069 2605 2246 2642 novus
2317 2589 2581 2657 populus,
2647 2602 2714 2640 ne
2770 2595 2825 2640 et
2891 2583 3073 2656 ipsum
3147 2579 3445 2654 aliquando
3492 2580 3620 2651 abjiri

365 2679 735 2748 contingeret,
761 2677 807 2731 si
847 2677 1062 2746 antiqui
1107 2677 1256 2731 illius
1309 2678 1442 2731 vitia
1482 2678 1646 2734 fuerit
1691 2681 1962 2736 imitatus.

440 2771 604 2827 Vens.
638 2771 692 2823 2.
733 2769 1020 2825 Exsultate
1055 2770 1167 2824 Dea
1195 2771 1438 2841 adjutori
1468 2784 1672 2829 nostro.
1705 2772 1975 2830 Videntur

367 2866 546 2934 prima
582 2863 721 2916 facie
764 2863 880 2917 haec
910 2862 1077 2917 verba
1126 2863 1338 2932 prolata
1370 2879 1496 2919 esse
1535 2881 1600 2920 ex
1638 2864 1958 2920 Iudaeorum

369 2969 627 3027 persona,
679 2954 770 3024 qui
826 2968 858 3009 e
915 2953 1255 3024 Babylonica
1301 2955 1587 3011 redierunt
1630 2959 1971 3026 captivitate,

367 3047 539 3102 Veluti
571 3045 974 3101 exsultantium
1026 3045 1096 3099 de
1141 3059 1246 3100 suo
1282 3046 1337 3100 in
1370 3048 1607 3117 patriam
1644 3047 1846 3112 reditu,
1888 3060 1973 3103 at-

366 3151 475 3206 que
513 3135 620 3190 hoe
657 3147 816 3206 pacto
859 3136 1156 3205 exponitur
1208 3136 1297 3192 hic
1354 3140 1605 3207 psalmus
1652 3154 1682 3192 a
1737 3140 1967 3196 Judmis.

2161 2747 2569 2843 Ἀγαλλιᾷσὸε
2590 2769 2669 2835 τῷ
2707 2767 2830 2834 Θεῷ
2860 2766 2940 2832 τῷ
2997 2765 3207 2834 ,βοηθῷ
3255 2763 3444 2834 ήμῶν.
3496 2748 3624 2821 Δοκεῖ

2077 2871 2178 2940 μὲν
2208 2874 2235 2922 ὁ
2256 2869 2412 2936 λόγος
2440 2864 2707 2920 εἶναιτῶν
2728 2865 3061 2918 ἐπανιόντων
3091 2861 3154 2916 ὲκ
3182 2861 3494 2924 Βαϐυλῶνος
3524 2865 3621 2931 αἰχ-

2079 2962 2368 3030 μαλώτων,
2441 2959 2517 3021 ὼς
2559 2957 2800 3028 ἐὕραῖοί
2851 2974 3039 3025 φασιν,
3099 2955 3525 3023 ἀγαλλιωμὲνωι
3565 2959 3614 3022 τῇ

2075 3051 2362 3121 ὲπανόδῳο
2397 3049 2716 3119 Ἐλέγχεται
2747 3048 2829 3112 δὲ,
2863 3047 2941 3118 μὴ
2974 3046 3052 3099 ῶν
3088 3045 3318 3108 τούτων,
3377 3045 3476 3098 ἀπὸ
3535 3045 3619 3096 τῶν

2079 3145 2207 3214 ἑξῆς
2232 3142 2496 3214 λυπηρῶν
2528 3141 2732 3213 ῥητῶν.
2769 3141 2835 3193 Ai
2877 3140 3065 3209 μέντοι
3113 3137 3272 3208 ληνοὶ
3319 3136 3620 3207 προτρέπον-

367 3227 572 3284 Verum
612 3229 658 3286 si
694 3229 984 3299 sequentia
1024 3229 1210 3284 omnia
1257 3231 1604 3298 consideres,
1659 3234 1749 3288 ubi
1794 3235 1927 3288 mult

2084 3253 2167 3289 tat
2203 3235 2440 3305 ἀλλήλας
2469 3231 2839 3303 ἀγαλλιᾶσθαι
2875 3233 2969 3284 ἐπὶ
3006 3231 3085 3301 τῷ
3137 3228 3360 3301 Χριστῷ
3408 3229 3478 3298 τῷ
3535 3230 3617 3298 ἐμ-

365 3337 608 3378 mwrore
665 3321 872 3378 referta
925 3328 1080 3384 sunt,
1113 3321 1514 3378 convincemus
1574 3323 1722 3379 hunc
1773 3340 1964 3381 eorum

2077 3326 2265 3396 φανῶς
2313 3327 2505 3390 αὐταῖς
2529 3324 2842 3396 βοηθοῦντι.

365 3429 591 3470 sensum
658 3425 874 3469 rectum
929 3429 1041 3468 non
1095 3429 1242 3469 esse.
1314 3413 1636 3471 Torcularia
1707 3417 1796 3472 illa
1837 3419 2047 3490 {igitur
2107 3427 2302 3476 mutuo
2357 3434 2482 3475 sese
2541 3419 2943 3485 exhortantur,
3012 3417 3078 3471 ad
3151 3417 3521 3472 exsultandum
3572 3416 3615 3468 is

364 3513 607 3576 Christo,
630 3511 728 3581 qui
753 3509 834 3565 eis
866 3510 1212 3566 auxliaturus
1241 3510 1534 3568 manifeste
1557 3514 1876 3570 advenerat.

435 3603 676 3658 Jubilate
705 3601 814 3657 Deo
845 3601 1035 3658 Jacob.
1075 3601 1152 3658 De
1185 3603 1513 3672 jubilatione
1559 3607 1761 3676 siepius
1809 3608 1954 3663 dixi-

367 3713 512 3760 inus,
535 3705 588 3752 et
615 3711 762 3751 nunc
810 3695 1034 3750 brevius
1084 3706 1419 3766 repetemus,
1477 3700 1617 3757 idem
1653 3716 1774 3756 esse
1807 3703 1959 3771 jubi-

370 3795 488 3846 lare
520 3791 667 3859 quod
706 3788 1038 3852 vociferari,
1091 3799 1144 3844 et
1193 3790 1435 3844 vit-toria:
1466 3803 1690 3847 cantum
1745 3811 1962 3850 canere.

367 3883 479 3938 Deo
510 3891 692 3936 autem
725 3879 897 3935 Jacob
924 3879 1049 3934 ideo
1079 3879 1259 3947 dixit,
1295 3892 1353 3935 ut
1395 3884 1448 3937 in
1499 3886 1822 3942 memoriam
1873 3903 1964 3944 re-

367 3982 607 4036 vocaret.
656 3971 805 4043 quod
836 3971 978 4026 Deus
1030 3972 1182 4040 iste,
1232 3977 1320 4046 qui
1374 3979 1749 4034 incarnandus
1805 3993 1963 4047 erat,

366 4066 511 4121 idem
551 4065 640 4120 ille
679 4072 848 4128 esset,
887 4065 981 4134 qui
1011 4065 1139 4118 olim
1165 4068 1491 4135 patriarchae
1514 4069 1682 4126 Iacob
1707 4072 1758 4125 in
1788 4073 1960 4142 llgura

370 4156 614 4211 hominis
651 4164 997 4226 apparuerat,
1041 4153 1278 4210 futuram
1322 4159 1758 4214 iuCarnationcin
1797 4177 1958 4217 suam

369 4251 782 4322 praenuntians.

443 4341 609 4397 Vens.
645 4342 698 4396 ’5.
748 4341 955 4398 Sumite
1002 4344 1308 4414 psalmum,
1366 4355 1416 4399 et
1455 4345 1580 4400 date
1628 4356 1957 4417 tympanum.

368 4433 775 4504 Amplectimini
805 4433 1133 4504 disciplinas
1169 4433 1286 4489 Dei.
1321 4433 1416 4490 Est
1448 4445 1631 4490 autem
1676 4438 1764 4491 hic
1811 4439 1957 4508 psal-

371 4543 493 4582 tuus
519 4527 824 4583 moralibus
861 4527 1100 4582 refertus
1130 4527 1500 4583 documentis.
1537 4527 1604 4582 Et
1637 4531 1850 4598 pulsate
1892 4548 1957 4588 ac

369 4615 638 4686 percutite
669 4631 870 4686 corpus
896 4625 1144 4672 vestrum
1173 4617 1382 4687 plectro
1411 4623 1808 4689 temperantiae.

440 4707 1069 4777 Psalteriumjucundum
1090 4725 1210 4762 cum
1227 4711 1456 4763 cithara.
1476 4711 1575 4764 l‘er
1612 4713 1954 4781 psalterium,

370 4803 547 4871 ipsam
598 4811 832 4855 mentem
881 4813 970 4857 aut
1023 4802 1356 4857 intellectum
1404 4803 1696 4874 intelligit,
1758 4813 1811 4860 et
1859 4823 1957 4876 per

368 4895 657 4956 citharam,
689 4908 912 4966 corpus,
963 4904 1020 4948 ut
1046 4893 1101 4947 in
1144 4909 1296 4946 xxxii
1351 4895 1562 4963 psalmo
1587 4897 1953 4953 tradidimus:

371 4985 615 5050 anete,
642 4985 855 5054 inquit,
894 4985 1231 5038 intellectum
1269 4992 1321 5036 et
1353 5000 1554 5053 corpus
1585 4996 1824 5041 vestrum
1853 5027 1868 5052 ,
1899 5000 1957 5044 ut

371 5081 555 5134 laetitia
590 5079 756 5132 Deum
786 5077 1059 5132 alliciatis.
1094 5075 1397 5145 Utrobique
1425 5084 1604 5131 autem
1629 5097 1655 5131 a
1677 5085 1954 5136 communi

369 5189 534 5226 sensu
562 5171 892 5226 sumendum
927 5179 1011 5224 est
1041 5211 1054 5235 ,
1086 5169 1314 5223 verbum
1345 5211 1360 5234 ,
1398 5168 1552 5222 Date.
1591 5170 1776 5242 Neque
1809 5176 1952 5227 enim

368 5266 434 5318 de
495 5264 875 5318 tualerialibus
933 5262 1160 5333 organis
1206 5263 1478 5330 loquitur,
1531 5265 1746 5318 tametsi
1801 5267 1956 5320 aliter

369 5356 815 5412 sentiantJndzei.
847 5354 1154 5409 Iucundum
1182 5366 1362 5410 autem
1392 5356 1552 5420 dixit,
1581 5368 1640 5410 ut
1667 5357 1952 5423 indicaret,

367 5453 510 5520 quod
533 5451 673 5506 Deus
699 5449 1009 5518 hajusmodi
1034 5448 1277 5518 psalterii
1315 5463 1514 5518 genere
1535 5464 1699 5518 quam
1721 5450 1957 5504 maxime

369 5544 695 5597 delectatur.

447 5635 607 5688 Vens.
635 5636 691 5688 4.
724 5633 1010 5688 Buccinate
1050 5633 1104 5687 in
1130 5632 1424 5696 neomenia,
1457 5631 1585 5686 tuba
1612 5672 1628 5695 ,
1663 5635 1715 5687 in
1762 5636 1958 5706 insigni

367 5730 450 5780 die
481 5729 830 5781 sulcantitalis
860 5738 1066 5782 vestire.
1100 5727 1205 5780 Lex
1257 5734 1374 5780 erat
1419 5722 1624 5779 Judmis
1677 5738 1737 5784 ut
1781 5731 1953 5798 prima

367 5822 454 5876 die
484 5820 688 5875 mensis
718 5821 954 5889 septimi,
992 5835 1100 5891 qua
1133 5818 1219 5874 die
1248 5829 1366 5872 erat
1411 5821 1694 5875 neumeuia
1718 5862 1731 5888 ,
1780 5823 1832 5876 id
1873 5833 1953 5879 est

1985 4627 2039 4686 D

2153 3605 2534 3670 Ἀλαλάξατε
2571 3603 2649 3670 τῷ
2682 3601 2806 3669 Θεῷ
2831 3601 3058 3659 Ἰακώϐ.
3090 3602 3226 3670 Περὶ
3285 3600 3381 3654 τοῦ
3404 3601 3613 3668 ἀλαλαγ.

2070 3702 2172 3772 μοῦ
2238 3699 2511 3772 διαφόρως
2558 3699 2867 3772 εἰρήκαμεν
2890 3716 2902 3729 ο
2931 3699 3026 3752 νῦν
3053 3699 3108 3751 δὲ
3134 3696 3322 3761 ἁπλῶς
3356 3696 3512 3750 εἰπεῖν
3542 3695 3609 3760 τὲ,

2064 3795 2430 3860 Ἀιῖιιλάξατε
2459 3794 2579 3848 ἀντὶ
2641 3793 2760 3858 τοῦ,
2807 3791 3112 3845 Ἐπινίκιον
3166 3791 3374 3863 ᾄσατε·
3411 3790 3488 3855 Τῷ
3506 3792 3608 3852 Osi};

2067 3890 2136 3943 δὲ
2165 3889 2375 3944 Ἰακὼὸ
2430 3888 2650 3959 εῐρηται
2698 3886 2835 3958 πρὸς
2887 3886 3222 3956 ἀνάμνησιν,
3264 3887 3348 3939 ὃτι
3407 3879 3543 3949 abso;
3589 3889 3612 3936 ὁ

2069 3983 2501 4052 ἐνανθρωπήσας
2525 3981 2681 4046 Θεὸς,
2703 3974 2859 4044 οὗτος
2893 3979 3052 4050 ὤφθη
3106 3978 3274 4034 παλαι
3305 3978 3382 4049 τῷ
3446 3977 3610 4031 Ἰακὸιὸ

2069 4075 2127 4126 ὲν
2157 4071 2448 4142 ἀνθρώπου
2519 4072 2784 4142 σχήματι.
2864 4069 3206 4140 Προμηνύων
3273 4069 3370 4141 τὴν
3423 4069 3609 4138 ὕστερον

2067 4164 2481 4238 ὲνανθρώπησιν
2516 4163 2704 4218 αὑτοῦ.

2139 4344 2359 4398 Λάϐετε
2415 4344 2667 4414 ψαλμὸν
2711 4342 2814 4398 καί
2855 4343 2992 4398 δότε
3053 4345 3392 4415 τύμπανον.
3435 4343 3604 4398 Λάϐετε

2066 4435 2419 4499 διδασκαλίας
2462 4436 2615 4499 θείας
2640 4454 2654 4466 ·
2683 4435 3068 4500 διδασκαλικὸς
3108 4437 3166 4490 δὲ
3230 4439 3339 4501 πᾶς
3385 4437 3567 4507 ψαλμὸς

2067 4529 2162 4582 καὶ
2205 4528 2410 4598 τύψατε
2441 4528 2501 4580 τὸ
2535 4528 2694 4598 σῶμα
2759 4527 2839 4598 τῷ
2875 4528 3136 4600 πλήτκρῳ
3176 4530 3273 4600 τῆς
3297 4529 3601 4600 ἐγκρατείας.

2145 4709 2494 4778 Ψαλτήριον
2534 4707 2792 4777 τερπνὸν
2813 4709 2966 4776 μετὰ
3005 4707 3276 4777 κιθάρας.
3332 4709 3602 4779 Ψαλτήριον

2069 4801 2166 4871 μὲν
2197 4799 2346 4868 λέγει
2397 4800 2487 4853 τὸν
2535 4799 2707 4864 νοῦν,
2760 4800 2992 4869 κιθάραν
3047 4800 3102 4852 δὲ
3133 4802 3298 4854 πάλιν
3350 4803 3408 4854 τὸ
3459 4803 3603 4870 σῶμα,

2062 4893 2137 4956 ῶς
2161 4896 2218 4947 ὲν
2261 4894 2338 4962 τῷ
2369 4892 2450 4964 λβ’
2477 4893 2678 4966 ψαλμῷ
2718 4893 2985 4948 κάλλιστα
3029 4893 3442 4966 δ.ηρμηνεύται.
3475 4895 3602 4960 Λέγει

2065 4988 2121 5040 δὲ
2150 4986 2245 5039 νῦν
2280 4987 2382 5051 ὅτι,
2421 4988 2690 5053 Κινήσατε
2723 4989 2816 5038 καὶ
2845 4987 2939 5039 τὸν
2969 4987 3092 5039 νοῦν
3121 4988 3223 5040 καὶ
3259 4989 3318 5041 τὸ
3355 4991 3516 5058 σῶμα,
3540 4989 3598 5046 εἰς

2063 5079 2122 5132 τὸ
2178 5079 2448 5148 εὐφρᾶναι
2490 5079 2582 5130 τὸν
2631 5079 2764 5130 θεόν
2792 5095 2804 5107 ·
2837 5079 2945 5133 ἀπὸ
2981 5079 3162 5132 κοινοῦ
3193 5081 3303 5150 γὰρ
3334 5081 3420 5132 ἐπ’
3458 5078 3598 5148 ἁμξό·

2062 5188 2197 5239 τερα
2249 5171 2330 5236 τὸ,
2393 5172 2534 5223 Δότε
2559 5188 2570 5202 ο
2609 5172 2669 5222 οὐ
2696 5171 2803 5239 γὰρ
2839 5173 2966 5242 περὶ
3029 5172 3306 5239 αἰσθητῶν
3340 5171 3597 5240 ὀργάνωνὸ

2063 5263 2242 5331 λόγος,
2315 5267 2362 5316 εί
2418 5264 2512 5316 καὶ
2578 5263 2849 5327 Ἰουδαίοις
2877 5265 3038 5316 τοῦτο
3057 5263 3223 5317 δοκεῖ.
3262 5265 3332 5317 Τὸ
3363 5265 3437 5329 δὲ,
3499 5265 3594 5329 Τερ-

2064 5355 2242 5420 πνὸν,
2297 5355 2619 5425 πρόσκειται
2645 5356 2929 5424 ἐμφαῖνον,
2961 5356 3043 5408 ὅτι
3070 5355 3230 5410 τοῦτο
3259 5359 3319 5410 τὸ
3346 5357 3596 5427 ψαλτήριτιν

2065 5449 2350 5519 εὐφραίνει
2383 5448 2586 5519 μᾶλλον
2624 5450 2715 5502 τὸν
2745 5449 2901 5502 Θεὸν.

2137 5630 2487 5684 Σαλπίσατε
2525 5629 2594 5682 ἐν
2625 5629 2917 5698 νεομηνία
2955 5627 3247 5696 σάλπιγγι
3274 5629 3344 5680 ἐν
3397 5625 3594 5688 statim,»

2065 5725 2251 5794 ἡμέρᾳ
2281 5722 2487 5790 ἑορτῆς
2517 5720 2706 5789 ὑμῶν.
2732 5721 2913 5790 Νόμος
2935 5717 3000 5790 ἧν
3036 5721 3308 5790 Ἑϐραίοις
3327 5723 3386 5788 τῇ
3417 5721 3498 5786 μιῇ
3523 5714 3592 5764 τοὺ

2064 5819 2292 5890 ἐδδόμου
2326 5818 2516 5889 μηνὸς.
2549 5818 2666 5888 ἦτοι
2704 5818 2775 5889 τῇ
2809 5814 3022 5888 πρώτῃ,
3062 5817 3183 5886 ἥτις
3214 5817 3327 5868 ἐστὶ
3354 5809 3586 5882 νεομηνία,
