3862 6548
192 504 294 566 853

1355 514 1749 605 comarum.
1791 516 1870 576 1N
1916 518 2287 582 PSALMOS.

3338 521 3447 585 854

188 635 298 683 σει,
325 619 415 672 ὅτι
446 619 553 673 τοῦ
577 622 798 689 Κυρίου
825 620 860 690 ἡ
885 622 1084 691 κρίσις
1107 621 1261 678 ἐστί.
1285 625 1769 699 Προσωπολήπτης

1896 631 2076 698 nquit,
2111 632 2364 701 accipitis
2406 631 2686 704 iniustos?
2728 634 2829 690 hoc
2863 643 2964 699 est,
3010 650 3300 704 quousque
3350 653 3448 688 eos

189 710 259 774 δὲ,
287 711 315 763 6
341 711 748 795 εὐλαϐούμενος
769 717 881 772 τῶν
907 719 1114 775 ἀδίκων
1139 723 1238 794 τὴν
1266 723 1567 795 ὑπεροχήν.

1871 719 2189 776 veremini?
2235 721 2554 792 lluiusmodi
2617 726 2874 796 loquendi
2929 726 3092 780 modo
3133 727 3262 781 alibi
3298 727 3449 780 Scri-

192 815 339 874 ptura
372 805 570 872 utitur,
602 810 824 879 quando
870 813 946 866 ait
1000 814 1054 867 in
1108 814 1272 885 lege:
1310 814 1433 870 Non
1484 815 1756 884 accipietis
1797 812 1989 881 faciem
2021 814 2074 866 in
2113 811 2342 880 judicio,
2412 815 2660 883 quoniam
2687 815 2951 884 judicium
2999 814 3214 870 Domini
3295 828 3374 870 est
3405 815 3447 869 ³.

189 899 276 952 Ille
307 910 491 953 autem
539 915 900 970 personarum
933 916 1191 978 acceptor
1221 908 1451 974 dicitur,
1524 908 1616 978 qui
1681 906 2012 978 iniustorum
2080 922 2142 964 ac
2207 925 2500 978 pravorum
2551 910 2836 966 hominum
2876 912 3199 980 potentiam,
3252 923 3307 968 et
3338 928 3451 968 ma-

189 994 527 1064 gnitudinem
569 1005 814 1053 veretur.

253 1091 507 1158 Κρίνατε
536 1092 778 1162 ὀρφανῷ
805 1093 904 1147 καὶ
937 1095 1173 1166 πτωχῷ.
1199 1068 1528 1152 Διᾱιτῦσατε
1557 1097 1772 1158 τούτοις

189 1191 583 1263 ἀδικουμένοις,
613 1194 710 1247 καὶ
736 1194 812 1266 μὴ
844 1197 1137 1269 παρίδητε.

210 1435 214 1442 α
258 1375 546 1428 Ταπεινὸν
603 1377 703 1432 καὶ
741 1377 971 1448 πένητα
1009 1382 1386 1440 ὃικαιώσατε.
1447 1387 1771 1460 Ἀδικουμέ-

191 1481 312 1528 νους
359 1467 610 1537 δηλονότι
643 1485 658 1501 ⁸
697 1471 730 1541 ἢ
778 1473 961 1527 τοίνυν
1001 1475 1063 1528 τδ
1108 1477 1241 1531 αὐτὸ
1291 1478 1458 1533 πάλιν
1497 1480 1661 1551 φησίν
1686 1496 1700 1512 ⁸
1738 1479 1772 1552 ἦ

191 1561 514 1631 προείρηται
547 1562 838 1635 ἠδιαφορὰ
867 1566 962 1620 τοῦ
998 1569 1216 1641 πτωχοῦ
1266 1573 1362 1626 καὶ
1391 1573 1486 1627 τοῦ
1538 1574 1775 1643 πένητος

190 1650 245 1702 ἐν
268 1652 348 1722 τῷ
381 1660 452 1706 ια’
482 1653 711 1726 ψαλμῷ.
1551 1717 1574 1731 μ

256 1743 591 1809 Ἔξέλεσθε
620 1749 852 1820 πένητα
872 1753 969 1806 καὶ
989 1753 1251 1823 πτωχὸν,
1275 1755 1348 1810 ἐκ
1372 1759 1570 1827 χειρὸς
1593 1762 1780 1833 ἁμαρ-

190 1836 380 1890 τωλοῦ
418 1839 701 1904 ῥύσασθε
748 1844 956 1899 αὐτόν.
991 1845 1133 1916 Ὅρα
1167 1847 1293 1900 ὅσον
1340 1850 1492 1918 μέλει
1535 1851 1614 1923 τῷ
1652 1854 1773 1925 Θεῷ

191 1928 314 1996 περὶ
351 1928 462 1982 τῶν
507 1932 742 2002 πτωχῶν
768 1936 860 1989 καὶ
892 1937 1149 2008 πενήτων
1176 1958 1190 1970 ·
1227 1940 1493 2016 πολλάκις
1528 1947 1639 2016 γὰρ
1678 1947 1772 2000 τὸν

191 2019 315 2088 περὶ
349 2019 532 2074 αὐτῶν
563 2021 722 2091 λόγον
767 2025 1084 2083 ἀνακυκλοῖ.
1123 2029 1410 2096 Ἐξέλεσθε
1437 2015 1534 2088 οῦν
1573 2015 1762 2101 αὑτὸν,
1799 2057 1838 2110 Β

191 2111 278 2163 καὶ
308 2113 552 2181 ῥύσασθε
579 2116 742 2170 αὑτὸν
767 2119 1393 2194 καταδυναστευόμενον.
1413 2125 1764 2198 Ἀμαρτωλὺς

188 2203 240 2256 δὲ
267 2205 556 2260 κάνταῦθα
585 2209 614 2260 6
639 2209 847 2274 ἄδικος.

249 2297 376 2350 Οὐκ
417 2297 696 2367 ἔγνωσαν
719 2301 863 2355 οὐδὲ
897 2304 1181 2372 συνῆκαν
1202 2321 1218 2337 ο
1245 2305 1314 2360 ἐν
1332 2309 1539 2362 σκότει
1563 2309 1770 2367 διαποο

190 2390 490 2456 fauorem.
526 2391 1207 2466 (99)*Εθελοκωφήσαντες
1235 2384 1337 2452 οὐκ
1367 2400 1616 2470 ἔγνωσαν
1641 2407 1772 2470 τοὺς

193 2480 370 2544 θεέους
395 2481 612 2550 λόγους,
650 2485 850 2550 εἶτουν,
881 2489 943 2542 οὐ
975 2491 1217 2561 συνῆκαν
1240 2509 1256 2526 ο
1294 2499 1638 2568 σαφηνισμὸς
1662 2501 1770 2572 γὰρ

191 2571 303 2638 τοῦ,
340 2575 466 2628 Οὐκ
492 2575 788 2644 ἔγνωσαν,
819 2579 900 2644 τὸ.
928 2581 1082 2636 Οὐδὲ
1103 2584 1407 2655 συνῆκαν.
1445 2590 1548 2644 Ἐν
1566 2571 1772 2648 σκότει

191 2662 260 2725 δὲ,
285 2665 410 2718 ἀντὶ
427 2667 546 2732 τοῦ,
580 2669 670 2723 Ἐν
700 2670 877 2745 πλάνῃ
919 2673 1320 2736 πολιτεύονται.
1343 2681 1414 2733 Ἦ
1453 2683 1545 2735 καὶ
1570 2684 1769 2750 ἄλλως

196 2755 306 2808 Οὐκ
336 2755 590 2826 ἔγνωσαν
628 2761 750 2814 οὐδὲ
799 2765 1044 2835 συνῆκαν
1073 2767 1135 2820 τὸ
1165 2768 1330 2826 καλόν
1349 2788 1363 2802 ο
1394 2773 1479 2828 διδ
1514 2776 1573 2830 ἐν
1615 2777 1774 2834 ἀνοία

195 2845 283 2900 τοῦ
317 2847 535 2903 δικαίου
571 2855 924 2922 πορεύονται.

258 3109 748 3174 Σαλευθήτωσαν
798 3115 996 3170 πάντα
1057 3121 1130 3173 τὰ
1186 3122 1430 3190 θεμέλια
1486 3125 1599 3194 τῆς
1640 3129 1772 3197 γῆς.

193 3198 365 3254 Τοῦτο
411 3202 440 3254 6
490 3202 787 3275 Σύμμαχος
843 3204 1018 3271 οὕτως
1072 3211 1341 3278 ἐξέδωκεο
1392 3217 1632 3286 Ταράξω
1663 3221 1780 3288 τὴν

194 3288 304 3358 τῆν
343 3291 443 3346 διὰ
492 3293 637 3361 τοὺς
661 3296 1052 3366 ἐνοικοῦντας
1088 3300 1160 3354 ἐν
1191 3303 1367 3371 αὐτῇ.
1397 3306 1555 3362 Κατὰ
1599 3308 1656 3362 δὲ
1694 3310 1776 3372 τὸ,

1940 1088 2109 1146 Vens.
2145 1093 2198 1146 5.
2231 1092 2482 1147 Judicate
2511 1094 2768 1162 orphano,
2809 1103 2856 1146 et
2891 1092 3056 1161 inopi.
3108 1092 3336 1160 Horum,
3373 1094 3451 1150 in-

1864 1183 2007 1252 quit,
2042 1193 2268 1238 causam
2299 1183 2571 1254 iudicate,
2610 1194 2668 1242 et
2699 1186 2869 1242 nolite
2904 1185 3189 1256 despicere
3222 1203 3320 1243 eos
3352 1198 3449 1244 aut

1867 1274 2168 1344 negligere.

1944 1366 2214 1423 Humilem
2248 1378 2298 1423 et
2331 1385 2618 1439 pauperem
2645 1371 2960 1441 justiﬁeate.
2999 1371 3055 1427 Si
3086 1372 3287 1443 iniuria
3319 1375 3452 1428 aﬂ‘e-

1869 1458 1945 1512 cti
1995 1457 2200 1513 fuerint
2234 1477 2248 1514 :
2280 1468 2337 1515 et
2371 1477 2570 1517 rursus
2604 1461 2746 1517 idem
2786 1465 2982 1534 repetit
3015 1466 3160 1536 quod
3199 1469 3253 1521 in
3310 1484 3451 1538 pra:-

1871 1551 2090 1605 cedenti
2143 1551 2281 1606 dixit
2343 1553 2645 1609 versiculo.
2703 1555 2820 1620 Vel,
2875 1556 3054 1627 inopis
3090 1565 3145 1613 et
3200 1561 3456 1630 pauperis

1867 1642 2234 1699 differentiam
2267 1660 2452 1716 quaere
2476 1645 2530 1700 in
2560 1645 2772 1716 psalmo
2809 1663 2885 1701 xi.

1941 1733 2107 1789 Vens.
2139 1734 2195 1790 4.
2232 1733 2439 1805 Eripite
2493 1752 2779 1806 pauperem
2815 1748 2866 1792 et
2919 1739 3152 1810 inopem,
3187 1744 3250 1794 de
3299 1757 3456 1794 manu

1870 1828 2164 1894 peccatoris
2193 1829 2416 1883 liberale
2445 1845 2587 1884 eum.
2619 1827 2752 1885 Vide
2783 1840 3006 1900 quantae
3029 1848 3177 1886 cura:
3203 1833 3310 1888 sint
3344 1833 3452 1889 De»

1868 1919 2061 1989 inopes
2101 1927 2155 1974 et
2186 1935 2481 1992 pauperes,
2532 1937 2654 1975 cum
2696 1923 2898 1992 saepius
2929 1920 3202 1994 PrOpheta
3243 1940 3457 1978 sermo-

1868 2028 1989 2067 nem
2017 2011 2083 2067 de
2107 2012 2188 2068 eis
2212 2022 2444 2083 repetat.
2499 2011 2709 2084 Eripite
2750 2013 2939 2084 igitur,
2967 2025 3023 2070 et
3077 2014 3302 2070 liberate
3342 2033 3458 2072 eos.

1869 2107 2081 2175 quoties
2105 2106 2509 2176 apprimuntur.
2534 2103 2887 2162 Peccatorem
2923 2115 3105 2162 autem
3135 2107 3224 2163 hic
3246 2124 3462 2179 quoque

1875 2199 2012 2254 dicit
2040 2199 2332 2269 iniustum.

1938 2289 2104 2345 Vens.
2141 2289 2197 2344 5.
2231 2287 2356 2345 Non
2391 2299 2741 2362 cognoverunt
2780 2307 2944 2361 neque
2974 2291 3369 2355 intellexerunt,
3397 2293 3451 2345 in

1874 2383 2099 2436 tenebris
2129 2381 2427 2438 ambulant.
2468 2383 2675 2452 Sponte
2700 2399 2804 2439 sua
2838 2383 2966 2438 caeci
2999 2383 3180 2438 eﬂ'ecti
3222 2392 3372 2445 sunt,
3406 2395 3461 2436 et

1873 2473 2095 2528 divinos
2128 2489 2417 2530 sermones
2453 2489 2564 2528 non
2619 2481 3019 2546 cognoverunt,
3063 2475 3166 2528 hoc
3201 2481 3307 2538 est,
3347 2490 3459 2528 non

1875 2565 2289 2621 intellexerunt.
2322 2564 2403 2620 Ad
2430 2567 2690 2635 majorem
2729 2567 2872 2621 enim
2907 2566 3334 2621 declarationem
3359 2565 3455 2619 ad-

1875 2657 2052 2711 ditum
2098 2665 2209 2720 est,
2265 2656 2320 2711 id
2365 2656 2592 2713 verbum
2650 2672 2678 2711 a
2741 2657 3012 2728 Propheta
3055 2677 3068 2712 :
3112 2656 3178 2711 In
3236 2656 3458 2710 tenebris

1877 2744 2198 2811 ambulant;
2239 2746 2344 2801 hoc
2374 2753 2458 2800 est
2501 2745 2552 2799 in
2594 2759 2785 2801 errore
2809 2753 3192 2816 perseverant.
3226 2746 3322 2802 Vel
3352 2746 3458 2799 ali-

1879 2848 1962 2892 ter
1996 2855 2008 2892 :
2047 2836 2163 2891 Non
2223 2845 2606 2906 cognoverunt
2658 2851 2836 2902 neque
2885 2837 3290 2902 intellexerunt,
3326 2838 3458 2908 quid

1878 2945 2002 2983 nam
2057 2929 2260 2984 bonum
2292 2936 2460 2998 atque
2498 2930 2789 2985 honestum
2820 2929 2914 2993 sit,
2946 2939 3110 2999 atque
3165 2929 3289 2985 ideo
3325 2944 3458 2984 am-

1877 3023 2068 3076 bulant
2099 3021 2152 3077 in
2187 3021 2495 3092 ignorantia
2532 3022 2779 3093 iustitiae.

1950 3111 2395 3168 Commoveantur
2451 3113 2631 3168 omnia
2682 3112 3036 3180 fundamenta
3089 3122 3266 3168 terrae.
3330 3111 3460 3169 llaec

1878 3202 2044 3256 verba
2083 3202 2458 3274 Symmachus
2505 3202 2580 3257 ita
2617 3201 2861 3257 reddidit
2904 3219 2918 3257 :
2951 3203 3298 3258 Conturbabo
3350 3212 3461 3256 ter-

1881 3311 2021 3357 ram,
2071 3304 2285 3360 propter
2312 3295 2610 3350 habitantes
2635 3296 2691 3349 in
2717 3311 2804 3348 ea.
2832 3295 2899 3350 Et
2932 3294 3097 3360 juxta
3128 3296 3358 3366 primam
3388 3294 3462 3348 le-

197 3385 694 3454 Σαλευθήτωσαν,
725 3389 936 3444 κελεύει
962 3393 992 3446 ό
1024 3393 1158 3458 Θεὸς
1179 3394 1506 3468 κλονηθῆναι
1525 3399 1626 3472 τὴν
1646 3402 1771 3472 γῆν,

1888 3386 2148 3451 ctiouem,
2211 3385 2373 3456 jubet
2427 3384 2574 3442 Deus
2638 3393 2841 3440 terram
2897 3386 3230 3441 commoveri
3275 3391 3328 3440 et
3360 3384 3461 3438 ilu-

195 3478 271 3540 εις
324 3477 492 3546 φόϐον
551 3480 664 3534 τῶν
720 3482 922 3537 ἀδίκων
964 3484 1245 3557 ἀρχόντων
1295 3490 1390 3543 καὶ
1430 3495 1768 3565 παρανόμων

1888 3489 2088 3545 ctuare,
2109 3485 2168 3532 ut
2189 3478 2408 3548 iniustis
2427 3477 2769 3548 principibus
2783 3488 2944 3549 atque
2961 3476 3168 3548 iniquis
3183 3477 3460 3549 iudicibus

197 3569 420 3638 κριτῶν.
459 3571 530 3624 Ἦ
564 3574 1070 3642 Σαλευθήτωσαν,
1105 3576 1180 3650 μὴ
1199 3580 1436 3650 φέροντα
1465 3584 1566 3656 τὴν
1588 3603 1769 3660 παρα-

197 3661 392 3730 νομίαν
438 3663 641 3718 αὐτῶν.
689 3665 931 3736 Θεμέλια
979 3668 1037 3723 δὲ
1072 3670 1168 3741 τῆς
1204 3673 1309 3743 γῆς
1359 3673 1451 3728 τὸν
1515 3679 1771 3750 πυθμένα

195 3753 398 3842 ταύτης
423 3756 600 3810 καλεῖ.
644 3757 1041 3830 Ἐκπληκτικδς
1069 3762 1126 3816 δὲ
1153 3765 1248 3818 καὶ
1297 3767 1531 3840 φοϐερὸς
1561 3773 1590 3824 6
1614 3771 1774 3842 λόγος

198 3839 351 3909 οὗτος
394 3848 490 3902 καὶ
521 3849 856 3919 ἐμφαντικὸς
885 3855 986 3923 τῆς
1034 3854 1188 3920 Θείας
1219 3859 1362 3913 κατὰ
1393 3839 1505 3915 τῶν
1536 3839 1776 3936 παρανό-

201 3953 314 4004 μων
343 3939 626 4009 ἀρχόντων
667 3941 760 3994 καὶ
803 3944 1008 4012 κριτῶν
1035 3945 1492 4021 ἀγανακτήσεως.

266 4205 416 4274 Ἐγώ
451 4203 592 4262 circa
622 4228 635 4241 ο
670 4211 806 4265 Θεοί
829 4212 990 4276 ἐστε.
1031 4216 1128 4270 καὶ
1158 4219 1278 4273 υἱοὶ
1314 4221 1608 4292 Ὑψίστου
1629 4229 1778 4284 πάν-

198 4309 316 4359 τες.
370 4295 479 4350 Καὶ
531 4297 636 4350 ποῦ
692 4294 874 4368 εἶπεν,
915 4300 1044 4356 Θεοί
1081 4307 1207 4360 ἐστε
1256 4309 1352 4363 καὶ
1398 4311 1468 4366 τὰ
1499 4316 1726 4372 τοιαῦτα
1761 4361 1776 4386 ,

201 4387 360 4452 Τινὲς
390 4389 492 4459 μέν
518 4409 687 4460 φασιν
721 4395 782 4447 ἐν
819 4395 899 4466 τῷ
932 4398 1130 4465 εἰπεῖν,
1170 4402 1523 4474 Ποιήσωμεν
1561 4407 1781 4474 ἄνθρωο

200 4493 321 4532 πον
337 4482 688 4547 κατ’ζεικόνα
703 4487 1015 4558 ἡμετέραν,
1042 4492 1144 4547 καὶ
1193 4495 1323 4551 καθ’
1343 4499 1653 4566 ὁμοίωσιν⁸
1670 4501 1780 4565 ἐγώ

200 4571 260 4624 δὲ
294 4574 670 4646 προσεξεῦρον
695 4617 710 4642 ,
742 4579 824 4632 ὅτι
855 4579 1016 4645 θεοὺς
1056 4583 1160 4653 μὲν
1191 4581 1314 4640 εἷπε
1350 4589 1476 4652 τοὺς
1511 4589 1780 4661 ἄρχοντας

1876 3577 2140 3625 terrorem
2174 3569 2429 3624 incutiat.
2481 3567 2602 3632 Vel,
2629 3567 3076 3624 Commoveantur
3111 3569 3460 3638 fundamenta

1880 3669 2138 3726 terrce,et
2185 3661 2404 3716 illorum
2451 3660 2774 3731 iniquitates
2813 3677 2925 3716 non
2979 3662 3309 3717 sustineant.
3356 3659 3463 3714 Per

1881 3755 2241 3811 fundamenta
2267 3769 2402 3809 vero
2437 3761 2622 3819 terrae,
2653 3753 2800 3810 iilius
2833 3752 3266 3823 profunditatem
3299 3751 3464 3805 intel-

1880 3847 2020 3918 ligit.
2055 3846 2200 3903 Sunt
2224 3850 2408 3902 autem
2442 3847 2561 3902 haec
2586 3847 2752 3903 verba
2782 3861 2998 3902 summo
3027 3844 3186 3915 plena
3222 3851 3455 3904 terrore.

1883 3940 2131 3996 Divinam
2198 3941 2348 3996 enim
2405 3938 2841 4012 indignationem
2901 3938 3173 3993 adversus
3243 3936 3460 4005 iniquos

1880 4031 2100 4102 iudices
2164 4046 2229 4088 ac
2303 4032 2627 4104 principes,
2699 4031 2992 4087 maximam
3054 4045 3178 4087 esse
3230 4030 3462 4085 demon-

1885 4132 2086 4180 stram.

1954 4213 2119 4271 Vens.
2150 4215 2203 4272 6'.
2230 4214 2341 4286 Ego
2369 4216 2522 4270 dixi:
2561 4215 2646 4269 Dii
2673 4217 2819 4280 estis,
2843 4225 2892 4270 et
2921 4213 3024 4282 filii
3051 4213 3320 4270 Altissimi
3353 4229 3466 4267 om-

1885 4323 1996 4362 nes.
2033 4307 2231 4363 Vcrum
2289 4307 2517 4362 ubinam
2546 4305 2601 4360 in
2628 4306 2796 4360 veteri
2822 4305 3102 4372 Scriptura
3128 4305 3232 4358 hoc
3256 4303 3464 4358 dictum

1887 4413 2010 4455 esse
2066 4399 2345 4469 legimus?
2393 4397 2628 4464 Quidam
2687 4397 2882 4451 dicunt
2941 4395 3268 4450 sententiam
3326 4395 3467 4448 hanc

1888 4490 2161 4545 contineri
2195 4490 2248 4544 in
2277 4489 2386 4546 illis
2417 4488 2600 4544 verbis
2646 4505 2674 4542 a
2714 4487 2824 4542 Deo
2858 4485 3087 4556 prolatis
3124 4502 3139 4540 :
3177 4484 3465 4539 Faciamus

1887 4581 2148 4635 hominem
2181 4579 2251 4632 ad
2284 4580 2588 4650 imaginem,
2617 4587 2665 4632 et
2702 4576 3106 4632 similitudinem
3141 4585 3381 4628 nostram
3418 4574 3462 4629 ⁸.

203 4664 303 4756 καὶ
330 4663 598 4756 όικαστὰς
632 4668 692 4720 ἐν
725 4673 789 4741 τῇ
829 4671 1000 4742 βίϐλῳ
1028 4675 1128 4746 τῆς
1162 4676 1400 4743 Ἐξόδου,
1437 4680 1614 4748 λέγων
1645 4684 1773 4756 πρὸς

1891 4672 2022 4726 Mihi
2061 4680 2241 4726 autem
2277 4670 2515 4738 videtur,
2550 4672 2695 4740 quod
2720 4669 2961 4738 iudices,
2988 4677 3041 4722 et
3069 4667 3348 4739 principes
3371 4666 3462 4721 Dei

201 4753 294 4803 τὸν
339 4753 506 4809 λαόν·
545 4757 731 4823 Θεοὺς
781 4761 894 4813 οὐκ
935 4761 1288 4832 ἀλογήσεις,
1331 4767 1432 4820 καὶ
1482 4753 1773 4839 ἄρχοντας

1890 4763 2146 4834 appellati
2174 4764 2294 4820 sint
2315 4763 2368 4817 in
2395 4763 2533 4818 libro
2557 4761 2754 4828 Exodi,
2787 4761 3049 4832 quoniam
3087 4759 3290 4831 pOpulo
3325 4759 3466 4814 Deus
3493 4765 3499 4770 “

202 4845 311 4898 τοῦ
337 4847 493 4902 λαοῦ
521 4862 640 4902 σου
660 4852 770 4905 οὐκ
796 4851 950 4921 ἐρεῖς
978 4854 1198 4922 κακῶς.
1229 4857 1397 4922 Geo-bc
1417 4860 1474 4914 δὲ
1502 4863 1621 4916 ἐκεῖ
1655 4866 1773 4930 τοὺς

1888 4855 2166 4911 mandavit
2199 4856 2390 4912 dicens
2421 4873 2435 4908 :
2467 4855 2582 4910 Diis
2607 4871 2714 4910 non
2731 4855 3036 4919 maledices,
3059 4862 3108 4908 et
3138 4852 3466 4924 principibus

205 4938 476 5006 ἄρχοντας
508 4941 757 5011 εἴρηκεν,
793 4943 868 5008 ὡς
905 4945 964 4996 ὲν
1013 4946 1091 5016 τῷ
1127 4949 1211 5018 μδ¹
1239 4948 1440 5023 ψαλμῷ
1471 4954 1773 5026 προεξηγηι

1888 4951 2067 5021 populi
2109 4951 2186 5004 tui
2211 4967 2318 5005 non
2347 4949 2488 5004 dices
2515 4949 2654 5003 male
2678 4949 2725 5008 Ρ.
2780 4947 2888 5003 Per
2917 4950 3050 5005 deos
3099 4946 3301 5002 etenim
3360 4945 3469 4997 illic

200 5031 422 5098 nausea
460 5049 475 5063 ·
518 5035 670 5116 υἱοὺς
745 5036 804 5089 δὲ
889 5036 1150 5107 Ὑψίστου
1233 5041 1364 5104 τοὺς
1441 5043 1773 5116 Ἰσραηλίτας

1890 5042 2172 5115 principes
2201 5041 2489 5104 intellexit,
2516 5039 2976 5110 quemadmodum
2998 5041 3052 5093 in
3079 5040 3293 5107 psalmo
3321 5051 3466 5102 xuv;

204 5122 496 5193 ὠνόμασεν
544 5113 602 5181 ιδ
647 5125 730 5199 τῷ
779 5129 996 5184 εἰπεῖν’
1059 5133 1195 5200 Υἱὸς
1239 5113 1626 5202 πρωτότοκόςν
1664 5156 1773 5208 μοι

1888 5113 2000 5203 iam
2031 5135 2413 5204 exposuimus.
2446 5133 2550 5188 Per
2594 5134 2734 5190 ﬁlios
2766 5143 2950 5188 autem
2986 5129 3280 5191 Altissimi,
3319 5129 3468 5198 ipsos

208 5218 481 5285 Ἰσραήλ.
1895 5224 2168 5282 lsraelitas
2200 5225 2472 5295 intelligit.
2496 5224 2570 5280 De
2595 5226 2674 5280 eis
2703 5225 2856 5279 enim
2893 5237 2924 5277 a
2957 5220 3068 5276 Deo
3092 5221 3306 5275 dictum
3333 5227 3416 5275 est
3454 5241 3465 5275 :

1865 5376 1875 5384 ,
1898 5315 2074 5374 Filius
2100 5334 2245 5373 meus
2266 5319 2645 5388 primogenitae
2677 5315 2855 5371 Israel
2877 5314 2919 5368 ⁸.

300 5399 495 5470 Ὑμεῖς
521 5399 590 5454 δὲ
617 5401 697 5468 ὠς
727 5401 1027 5470 ἅνθρωποι
1072 5403 1515 5476 ἀποθνήσκετε.
1564 5408 1654 5474 Ὠς
1691 5411 1757 5467 ἄν

1967 5409 2134 5466 Vens.
2156 5410 2206 5464 7.
2246 5408 2352 5465 V‘os
2377 5419 2550 5464 autem
2581 5409 2718 5464 sicut
2740 5407 2979 5461 homines
3008 5404 3334 5460 moriemini.
3383 5402 3470 5457 Si-

212 5493 425 5562 θρωποι
475 5493 686 5558 ἁπλῶς.
722 5493 918 5550 Καίτοι
951 5494 1089 5550 Θεοῦ
1119 5497 1291 5552 εικόνι
1344 5501 1726 5572 τετιμημένοι,
1756 5505 1773 5556 i

1901 5509 1996 5556 cut
2024 5501 2278 5558 homines
2317 5500 2599 5570 simplices
2631 5516 2645 5553 :
2686 5497 2951 5565 Tametsi,
2990 5496 3192 5566 inquit,
3234 5495 3470 5566 imagine

213 5581 356 5637 Θεοῦ
389 5584 763 5655 προσηγορίας
788 5584 1142 5654 ἀξιωθέντες,
1178 5587 1272 5642 καὶ
1296 5588 1662 5662 ὑπερέχοντες
1681 5593 1773 5646 τῶι

1901 5593 1993 5650 Dei
2035 5594 2295 5650 honorati
2317 5593 2471 5657 estis,
2503 5601 2558 5649 et
2589 5599 2743 5648 tanto
2779 5592 2969 5648 donati
2999 5589 3242 5658 nomine,
3276 5599 3338 5644 ut
3375 5587 3466 5644 Dei

301 5763 321 5795 ³
353 5764 506 5821 Deut.
557 5781 598 5832 ι,
640 5764 728 5818 i7.
813 5765 835 5796 ⁸
874 5765 1010 5822 Gen.
1049 5783 1092 5832 ι,
1117 5767 1206 5824 26.
1292 5768 1314 5801 ⁸
1350 5767 1522 5827 Exod.
1554 5779 1686 5833 uti,
1713 5773 1773 5830 28

1900 5777 1920 5807 °
1951 5777 2120 5832 Exod.
2165 5791 2238 5842 tv,
2267 5775 2358 5830 22.

1574 5862 1772 5926 Varia:
1797 5864 2126 5948 lectiones.

302 5961 404 6026 (99)
442 5962 555 6015 imo
587 5975 715 6016 vero
747 5957 934 6016 Sardi.
