3796 6532
441 480 552 542 859

1646 480 2000 546 EUTHYMI

2133 479 2260 539 [GA
2270 480 2447 542 BENI
3568 478 3651 542 θαι

441 608 526 656 est
557 600 719 655 etiam
768 599 962 655 Edoni.
997 599 1288 655 ismaelitze
1318 614 1452 655 vero
1486 614 1661 671 genus
1696 613 1860 655 suum
1905 598 2003 653 de-

2123 591 2296 645 Ἢσαῦ
2348 592 2725 662 καταγόμενον
2752 607 2767 622 '
2807 589 2990 658 Ἐδὼμ
3014 588 3122 658 γὰρ
3154 592 3181 643 ὁ
3219 587 3392 640 Ἥσαῦ
3438 589 3650 661 έκλὴθτΓ

443 692 653 747 ducunt
682 691 751 746 ab
774 690 1004 747 lsmaele
1033 692 1146 747 ﬁlio
1177 692 1430 755 Abrahm.

512 869 678 927 Vens.
710 870 764 925 8.
790 870 948 925 Moab
982 882 1031 927 et
1069 871 1325 941 Agareni.
1366 871 1618 927 Moabitae
1650 872 1834 943 pepuli
1859 882 2012 939 sunt,

442 962 537 1029 qui
568 962 834 1030 originem
874 963 1105 1018 trahunt
1150 979 1180 1018 a
1230 964 1386 1019 Moab
1444 965 1558 1019 lilio
1600 963 1741 1032 Lot;
1774 965 2013 1036 Agareni

442 1068 571 1108 vero
590 1055 659 1108 ab
674 1054 820 1123 Agar
838 1066 1013 1111 matre
1039 1057 1308 1123 lsmaelis,
1328 1072 1450 1126 qua:
1468 1066 1759 1129 postquam
1784 1075 1846 1114 es
1856 1058 2013 1128 pulsa

439 1154 526 1201 est
555 1162 586 1200 ο
624 1147 789 1202 domo
820 1148 1081 1216 Abrahae,
1107 1150 1270 1205 alteri
1294 1164 1354 1206 se
1379 1152 1498 1205 viro
1528 1151 1816 1221 conjunxit
1868 1151 2014 1207 unde

440 1234 532 1290 isti
566 1235 995 1295 descenderunt.

513 1324 681 1380 (lebat
732 1335 783 1380 et
837 1328 1086 1396 Ammon,
1118 1338 1170 1384 et
1200 1331 1477 1387 Amalech.
1527 1331 1785 1388 Gebaleni
1828 1333 2015 1404 populi

441 1424 619 1483 erant,
652 1418 747 1489 qui
787 1433 954 1490 prope
983 1420 1278 1476 Idumaeam
1313 1422 1658 1478 habitabant.
1683 1424 2015 1480 Ammonitas

441 1517 622 1564 autem
657 1509 731 1563 ita
756 1509 1094 1567 denominati
1118 1522 1250 1568 sunt
1280 1513 1347 1568 ab
1385 1514 1620 1569 Ammon
1666 1515 1778 1570 [ilio
1802 1514 1920 1570 Lot.
1949 1514 2014 1570 Et

442 1600 761 1656 Amalecltaa
779 1603 849 1657 ab
867 1602 1113 1670 Amalec,
1142 1607 1234 1675 qui
1264 1614 1319 1660 et
1353 1607 1468 1676 ipse
1484 1607 1754 1678 originem
1780 1609 2018 1665 ducebat

443 1690 516 1745 ab
552 1690 720 1759 Esau,
742 1693 836 1760 qui
880 1709 1017 1749 sane
1052 1694 1216 1749 aliam
1245 1696 1314 1750 ab
1345 1695 1578 1752 ldumaea
1623 1700 1896 1770 regionem
1930 1716 2016 1756 se-

444 1784 677 1853 paratim
714 1784 1057 1841 habitabant.

2118 682 2459 752 Ἰσμαηλῖται
2523 683 2581 737 δὲ
2655 682 2810 746 ἐονος
2871 680 3063 751 ἕτερον
3124 677 3236 733 ἀπὸ
3293 678 3519 749 Ἰσμαηλ
3557 682 3653 736 υἱοῦ

2115 775 2394 846 ’Δόραάμο

2187 871 2368 922 Μωὰϐ
2408 867 2506 922 καί
2536 870 2590 922 ot
2630 867 2954 935 Ἀγαρηνοί.
2989 864 3164 919 Mutati
3199 864 3352 931 λέγει
3382 864 3506 925 τοὺς
3525 866 3658 918 Muto-

2116 962 2273 1024 6i-ra;
2296 979 2311 992 '
2347 961 2500 1024 ἔθνος
2529 960 2584 1014 δὲ
2608 961 2703 1014 καὶ
2724 954 2894 1020 οὗτοι,
2928 959 3035 1013 ἀπὸ
3056 958 3255 1021 Μωάὃ,
3286 955 3408 1011 υίοῦ
3432 957 3523 1010 τοῦ
3543 958 3657 1014 Λὼτ.

2129 1054 2421 1124 Ἀγαρηνοὶ
2477 1054 2534 1106 δὲ
2584 1052 2737 1115 ἔθνος
2801 1052 2912 1107 ἀπὸ
2966 1050 3067 1121 τῆς
3104 1051 3286 1120 Ἅγαρ
3328 1048 3435 1117 τῆς
3487 1050 3658 1120 μητρὸς

2127 1145 2755 1219 Ἰσμαὴλ,συναφοείσης
2782 1144 2954 1215 ἑτέρῳ
2986 1143 3127 1214 μετά
3143 1145 3204 1196 τὸ
3233 1141 3568 1210 ἀπελαθῆναι
3585 1144 3661 1209 τῆς

2114 1238 2293 1302 οἰκίας
2319 1239 2594 1308 Ἀδραάρη

2185 1332 2381 1385 Γεϐὰλ
2441 1330 2541 1384 καί
2611 1329 2854 1399 Ἆμμὼν,
2908 1328 3008 1382 καί
3056 1327 3343 1397 Ἀμαλήκ.
3406 1326 3663 1394 Γεδαληνοὶ

2116 1423 2268 1487 ἔθνος
2314 1422 2590 1492 περίοικον
2633 1423 2732 1489 τῆς
2769 1418 3082 1489 Ἰδουμαίας
3108 1436 3123 1449 ·
3152 1418 3493 1489 Ἀμμανῖται
3541 1418 3663 1482 ἔθνος

2114 1516 2223 1570 ἀπὸ
2247 1515 2340 1569 τοῦ
2364 1517 2421 1568 ’Λ
2432 1514 2593 1585 μμὼν
2616 1513 2708 1568 τοῦ
2731 1512 2849 1566 υἱοῦ
2873 1510 2995 1566 Λώτ
3012 1526 3027 1540 ·
3062 1511 3439 1580 Ἀμαληκῖται
3461 1510 3517 1562 δὲ
3542 1510 3661 1573 ἔθνος

2113 1608 2224 1661 ἀπὸ
2265 1605 2533 1675 Ἀμαλὴκ,
2562 1606 2621 1670 ὃς
2644 1601 2713 1675 ἦν
2750 1604 2846 1659 καὶ
2905 1603 3069 1664 αὐτὸς
3099 1601 3325 1669 ἔκγονος
3366 1598 3557 1664 Ἠσαῦ,
3584 1617 3661 1652 κι-

2114 1702 2281 1775 τῴκει
2300 1702 2357 1756 δὲ
2385 1699 2568 1773 χώραν
2598 1699 2792 1770 ἑτέραν
2824 1696 2977 1771 παρά
3004 1696 3131 1758 τοὺς
3162 1692 3527 1764 Ἰδουμαίους.

515 1875 845 1946 Alienigena:
869 1894 988 1931 cum
1036 1879 1105 1932 iis
1133 1880 1227 1949 qui
1268 1880 1583 1937 habitabant
1640 1884 1860 1955 Tyrum.
1913 1886 2011 1942 Per

2188 1904 2555 1972 Ἀλλόςρυλοι
2594 1900 2746 1971 μετά
2793 1897 2912 1954 τῶν
2975 1895 3429 1952 κατοικούντων
3490 1894 3662 1959 Τύρον.

445 1968 781 2038 alienigenas
817 1968 1128 2026 Philistieos
1170 1973 1438 2044 intellige,
1488 1992 1628 2046 quos
1669 1993 1819 2033 nunc
1849 1978 2019 2035 Palae-

446 2058 625 2113 stinos
645 2059 903 2116 dicimus.
926 2061 989 2115 Hi
1018 2064 1221 2118 etenim
1252 2067 1576 2123 viciniorem
1607 2067 1813 2127 Judazis
1841 2073 2018 2142 regio-

446 2164 568 2203 nem
626 2150 946 2208 habitabant
983 2170 997 2206 :
1030 2164 1194 2225 atque
1244 2157 1369 2213 ideo
1388 2158 1709 2231 alienigenae
1738 2162 1792 2217 in
1835 2164 2017 2231 specie

443 2243 703 2312 appellati
727 2254 878 2303 sunt.
908 2248 1012 2305 Per
1031 2249 1344 2327 habitantes
1358 2262 1539 2309 autem
1567 2252 1795 2325 Tyrum,
1819 2254 2017 2327 Tyrios

444 2310 722 2406 intelligit.
1229 2310 1261 2357 Χ

518 2425 684 2485 Vens.
708 2429 762 2484 9.
794 2429 1006 2486 Etenim
1033 2442 1086 2488 et
1125 2433 1297 2489 Assur
1328 2436 1467 2491 uenit
1517 2453 1638 2491 cum
1662 2438 1794 2496 illis.
1839 2439 2016 2495 Assur

444 2520 663 2588 proprie
694 2521 907 2593 Assyrii
948 2533 1076 2579 sunt
1109 2543 1123 2579 :
1157 2541 1345 2581 verum
1374 2527 1480 2583 hoc
1507 2528 1560 2583 in
1598 2529 1741 2597 loco,
1768 2528 2016 2585 Samari-

442 2618 604 2667 tanos
627 2612 697 2666 ita
721 2614 976 2684 appellat.
1017 2617 1181 2672 veluti
1223 2619 1574 2690 Assyriorum
1598 2623 1842 2678 colonos.
1876 2623 2011 2678 Nam

443 2711 564 2770 post
588 2703 820 2761 duarum
854 2707 1096 2761 tribuum
1125 2709 1518 2778 captivitatem,
1546 2712 1677 2768 illuc
1701 2714 1853 2769 missi
1885 2698 2012 2769 sunt

447 2792 776 2851 Samaritani
814 2799 883 2853 ab
908 2798 1176 2871 Assyriis,
1204 2812 1263 2856 ut
1296 2803 1574 2875 regionem
1620 2804 1769 2859 illam
1799 2806 2003 2862 incole-

449 2896 593 2941 rent.
658 2888 916 2946 Abundat
973 2901 1155 2949 autem
1208 2895 1316 2952 hoc
1388 2898 1443 2952 in
1500 2897 1621 2954 loco
1670 2898 2009 2970 coniunctio,

452 2975 677 3035 Etenim.

510 3068 663 3123 Facti
700 3081 824 3126 sunt
865 3074 919 3128 in
965 3074 1291 3144 adjutorium
1324 3078 1453 3149 ﬁliis
1500 3080 1618 3136 Lot.
1663 3081 1829 3139 Filios
1883 3081 2007 3150 Lot,

443 3173 538 3216 eos
567 3177 690 3217 esse
713 3162 978 3235 intellige,
1014 3182 1155 3237 quos
1179 3170 1438 3240 superius
1462 3169 1733 3228 Moabitas
1760 3174 2006 3244 appella-

442 3249 543 3318 vit,
580 3262 635 3306 et
675 3253 1049 3313 Ammonitas.
1094 3257 1188 3314 Has
1240 3262 1441 3316 etenim
1498 3265 1751 3320 nationes
1804 3246 2080 3323 Judmisc

441 3344 715 3415 ρταιοῑρυο
741 3344 1083 3417 invidebant,
1115 3358 1171 3408 et
1200 3351 1324 3408 ideo
1358 3351 1411 3409 in
1435 3368 1532 3410 eos
1562 3354 1701 3412 alias
1740 3364 1934 3427 gentes
1957 3361 2013 3415 in

443 3448 609 3488 unum
648 3437 1012 3509 collegerunt.

510 3523 676 3580 Vens.
715 3528 801 3583 10.
830 3526 941 3583 Fac
963 3531 1039 3585 eis
1076 3533 1215 3587 sicut
1264 3532 1507 3601 Madian,
1531 3547 1580 3591 et
1615 3535 1841 3604 Sisaraz,
1874 3539 2013 3593 sicut

437 3616 602 3675 Jabin
649 3623 702 3676 in
742 3633 975 3681 torrente
1005 3628 1184 3683 Cison.
1226 3629 1566 3701 Imprecatur
1611 3633 1883 3706 PrOpheta
1914 3638 2013 3692 ad-

440 3727 631 3770 versus
655 3727 849 3785 gentes
879 3724 1134 3789 superius
1157 3735 1608 3793 connumeratas,
1634 3745 1752 3800 qua:
1773 3730 2013 3789 civitatis

438 3802 735 3862 Jerusalem
768 3809 1220 3868 instaurationem
1254 3812 1395 3872 ferre
1417 3832 1523 3877 non
1557 3829 1832 3890 poterant,
1852 3832 2016 3893 atque

442 3894 495 3947 in
513 3899 833 3954 memoriam
858 3899 1079 3957 illorum
1109 3905 1391 3961 hominum
1413 3908 1626 3965 ruinam
1651 3921 1892 3981 revocat,
1921 3914 2013 3984 qul

443 3984 758 4044 intimorum
789 3992 989 4062 populo
1016 3994 1145 4050 olim
1180 3998 1360 4054 infesti
1416 3998 1656 4069 fuerant,
1714 4010 1769 4057 et
1817 4012 2015 4075 praeter

444 4081 690 4135 omnium
725 4084 1040 4154 opinionem
1073 4089 1370 4158 perierant,
1405 4102 1674 4164 optatqne
1726 4105 1785 4150 ut
1819 4097 2010 4154 eodem

444 4179 608 4242 pacto
638 4189 786 4229 nunc
819 4176 1061 4246 praedicti
1101 4195 1297 4249 omnes
1341 4196 1586 4249 pereant,
1617 4185 1689 4241 ob
1717 4187 2010 4259 malignam

442 4279 633 4319 eorum
674 4277 911 4322 mentem
946 4268 1000 4324 in
1030 4268 1274 4340 Judzeos,
1319 4288 1431 4343 quo
1462 4273 1543 4329 illi
1572 4276 1909 4345 superiores.
1947 4277 2014 4335 Et

441 4375 538 4428 per
559 4357 773 4414 Madiau
812 4359 1032 4431 quidem
1058 4362 1489 4419 Madianitarum
1513 4370 1821 4422 exercitum
1846 4368 2009 4424 intel-

439 4452 574 4522 ligit,
612 4468 770 4521 quem
801 4455 1153 4511 multitudine
1209 4472 1273 4512 ac
1316 4458 1473 4529 copia
1517 4458 1751 4513 militum
1808 4466 2009 4515 terram

2131 1996 2442 2066 ’Δλλόφυλοι
2473 1996 2523 2048 οἱ
2566 1993 2884 2057 Φιλισταῖοι,
2917 1991 2967 2043 oi
2991 1990 3088 2044 νῦν
3119 1988 3478 2044 Παλαιστινοὶ
3499 1985 3664 2039 καλοὲ-

2119 2107 2271 2161 μενοι
2288 2106 2302 2121 ⁸
2338 2084 2485 2143 οὗτοι
2509 2088 2617 2158 γὰρ
2649 2082 3044 2156 παροικοῦντες
3068 2083 3179 2146 τοῖς
3195 2080 3480 2143 Ἰουδαίοις
3506 2081 3663 2145 ἐγγὺς,

2116 2179 2406 2250 ἀλλόφυλοι
2441 2178 2814 2249 διαφερόντως
2840 2175 3151 2247 ἒκλήθησαν
3176 2189 3192 2206 ⁸
3225 2170 3601 2234 κατοικοῦντες
3620 2173 3663 2224 ιι

2116 2274 2294 2346 Τύρον
2322 2271 2476 2343 λέγει
2497 2274 2626 2336 τοὺς
2657 2271 2915 2343 Τυρίους.

2185 2455 2293 2510 Καὶ
2324 2455 2434 2525 γὰρ
2475 2456 2574 2509 καί
2603 2454 2869 2522 Ἀσσοὺρ
2912 2450 3407 2523 συμσταρεγένετο
3432 2449 3553 2518 μετ’
3578 2451 3663 2501 αὒ-

2115 2548 2253 2603 τῶν.
2302 2549 2532 2618 Ἀσσοὺρ
2587 2550 2639 2602 οἱ
2685 2546 2985 2617 ’Λσσύριοι.
3036 2544 3212 2599 Καλεῖ
3255 2544 3316 2597 δὲ
3354 2543 3531 2605 οὕτως
3564 2545 3662 2602 τοὺς

2114 2641 2569 2712 Σαμαρείτας,ὡς
2592 2640 2857 2703 ἀποίκους
2873 2636 3353 2708 ’Δσσυρίων,μετά
3375 2635 3478 2706 τὴν
3501 2634 3667 2703 αἰχμα-

2113 2731 2317 2786 λωσίαν
2358 2731 2471 2784 τῶν
2515 2729 2725 2785 δώδεκα
2756 2727 2939 2798 φυλῶν
2988 2729 3167 2781 ἐκεῖσε
3224 2724 3661 2797 μετοικισθέντας.

2115 2823 2432 2894 Περιττεύει
2465 2822 2523 2876 δὲ
2552 2822 2580 2876 ὁ
2611 2823 2737 2891 ι’ὰρ
2772 2821 3096 2890 σύνδεσμος.

2180 3086 2596 3160 Ἐγενήθησαν
2623 3088 2712 3153 είς
2736 3086 3068 3155 ἀντίληψιν
3092 3084 3217 3151 τοῖς
3247 3084 3405 3151 υἱοῖς
3447 3084 3667 3150 Αώτ.Εξς

2112 3179 2429 3251 συμμαχίαν
2451 3196 2466 3212 ο
2499 3178 2650 3242 υἱοὺς
2681 3177 2737 3231 δὲ
2760 3175 2883 3231 Λὼτ
2911 3176 3056 3246 λέγει
3112 3176 3243 3239 τοὺς
3276 3175 3573 3239 Μωαϐίτας
3594 3177 3666 3229 καὶ

2125 3271 2488 3341 Ἀμμανίτας,
2520 3268 2598 3333 ὡς
2628 3269 3074 3340 προειρήκαμεν
3112 3261 3261 3321 οὗτοι
3318 3269 3434 3338 γὰρ
3460 3269 3665 3337 μάλιστα

2113 3366 2229 3428 τοῖς
2256 3362 2528 3427 Ἰουδαίοις
2561 3361 2842 3432 meum,
2871 3362 2964 3415 καὶ
2994 3360 3064 3414 τὰ
3110 3360 3246 3416 ἄλλα
3268 3360 3402 3430 ἔθνη
3439 3360 3664 3431 συνήγει-

2154 3470 2243 3509 αν.

2117 3470 2455 3611 “Saluator
2481 3540 2685 3608 αὐτοῖς
2704 3536 2790 3605 ὡς
2811 3538 2888 3609 τῇ
2917 3539 3155 3610 Μαδιὰμ
3199 3539 3299 3592 καί
3336 3538 3423 3605 τῷ
3448 3539 3666 3608 nam,

2113 3638 2195 3703 ὡς
2223 3636 2305 3704 τῷ
2331 3638 2549 3707 ’Ῑαόεὶμ
2577 3638 2647 3691 ἐν
2673 3634 2752 3702 τῷ
2774 3634 3065 3706 χειμάρῤῳ
3088 3633 3312 3690 Κισῶν.
3355 3636 3668 3707 Κατεύχετσι

2110 3731 2224 3785 τῶν
2251 3730 2509 3801 ἀνωτέρω
2535 3729 3006 3802 ἀπηριθμημένων
3035 3728 3226 3790 ἐθνῶν,
3249 3727 3361 3781 τῶν
3393 3728 3670 3798 φθονησάνο

2113 3839 2223 3876 των
2264 3824 2329 3892 τῇ
2368 3819 2666 3875 ἀνανεώσει
2710 3821 2810 3889 τῆς
2871 3818 3082 3881 πόλεως
3108 3835 3122 3849 ·
3181 3817 3467 3887 μέμνηται
3515 3818 3567 3871 δὲ
3592 3819 3669 3884 τῆς

2114 3911 2393 3975 ἀπωλείας
2429 3911 2541 3964 τῶν
2595 3911 2766 3965 πάλαι
2796 3908 3229 3980 πολεμησάντων
3278 3910 3393 3971 τοῖς
3431 3908 3669 3978 Ἰσραηὶί·

2112 4021 2235 4068 ταις
2276 4003 2370 4057 καὶ
2400 4001 2720 4072 παραδόξως
2751 3999 3109 4055 ἀπολωλότων
3128 4015 3142 4028 ³
3181 3998 3280 4051 καὶ
3310 3998 3543 4069 τοιοέτῳ
3568 4000 3671 4068 τρᾶο

2114 4113 2202 4166 πῳ
2245 4093 2581 4149 ἀπολωλέναι
2612 4094 2708 4147 καὶ
2744 4090 2967 4154 τούτους
3019 4090 3295 4163 βούλεται.
3331 4091 3564 4159 Μαδιὰμ
3592 4092 3670 4161 μὲν

2115 4188 2224 4258 γὰρ
2270 4188 2303 4258 ἡ
2337 4185 2565 4258 στρατιά
2595 4185 2702 4238 τῶν
2732 4183 3053 4254 Μαδιηνέων
3080 4182 3190 4237 ἀπὸ
3220 4181 3317 4235 τοῦ
3349 4182 3576 4251 Μαδιάμ
3597 4178 3672 4233 οὓ-

2112 4296 2221 4343 τως
2245 4276 2633 4347 ὀνομασθεῖσα,
2666 4275 2733 4348 ῆν
2782 4274 2861 4345 τῷ
2901 4273 3098 4346 πλήθει
3123 4273 3223 4345 τὴν
3251 4274 3358 4343 γῆν
3391 4273 3672 4328 καλύπτου-

2115 4387 2216 4424 σαν
2244 4371 2273 4424 ὁ
2308 4368 2512 4422 Γεδεὼν
2546 4369 2605 4421 ὲν
2649 4366 2874 4439 ἀνδράσι
2904 4367 3242 4437 τριακοσίοις
3284 4364 3673 4437 ὲξωλόθρευσε,

2113 4462 2207 4516 καὶ
2231 4460 2441 4525 τούτοις
2461 4461 2683 4523 ἀόπλοις
2706 4476 2721 4491 ο
2751 4456 3044 4527 λαμπάδας
3079 4457 3250 4527 μόνας
3295 4459 3394 4511 καὶ
3461 4459 3672 4522 σάλπιγ-

437 4543 718 4599 obtexisse
765 4544 1019 4614 legimus.
1050 4554 1106 4601 et
1143 4557 1322 4601 tamen
1358 4561 1386 4600 a
1424 4551 1683 4603 trecentis
1717 4549 1872 4614 viris,
1902 4547 2008 4604 Ge-

2123 4570 2218 4621 γας
2245 4552 2682 4624 ἐπιφερομένοις,
2717 4549 2792 4614 ὼς
2814 4552 2848 4621 ἡ
2877 4550 2985 4604 τῶν
3014 4550 3058 4602 Κ
3068 4549 3233 4619 ριτῶν
3260 4548 3446 4619 βίϐλος
3470 4551 3674 4620 ἱστορεῖ.

435 4634 610 4691 deone
640 4636 804 4701 duce,
845 4647 1188 4707 superatum,
1231 4647 1398 4709 atque
1423 4639 1511 4694 his
1530 4639 1750 4710 quidem
1778 4640 2004 4696 inermi-

437 4716 540 4779 bus
560 4726 841 4791 omnibus,
861 4724 1142 4795 lampades
1166 4735 1397 4792 tantum,
1425 4737 1475 4783 et
1500 4729 1661 4784 tubas
1683 4727 2006 4800 ferentibus,

438 4815 575 4868 utin
605 4814 746 4869 lihro
766 4814 1023 4871 Judicum
1057 4817 1310 4888 legimus.
1343 4817 1530 4873 Sisara
1573 4818 1683 4873 dux
1718 4819 1824 4875 fuit
1847 4835 2007 4875 exer-

437 4907 583 4962 citus
608 4905 766 4962 Jabin
793 4909 935 4979 regis
979 4909 1242 4964 Chanaan
1267 4910 1661 4979 potentissimi.
1693 4908 2010 4982 Nonlngen-

443 5007 528 5054 tos
566 5000 768 5055 etenim
821 5000 1036 5056 ferreos
1093 5016 1294 5056 currus
1353 5000 1591 5057 habebat
1642 5002 1793 5061 :hos
1824 5015 2003 5060 autem

438 5108 631 5149 omnes
665 5094 945 5165 superavit
971 5093 1181 5146 Barach
1207 5093 1470 5150 adversus
1487 5109 1583 5151 eos
1603 5096 1760 5166 jussu
1783 5098 2008 5154 Deliorte

439 5185 739 5253 proiectus,
772 5202 896 5256 quas
940 5187 1051 5241 illis
1075 5186 1410 5256 temporibus
1434 5187 1717 5256 judicabat
1744 5192 2006 5261 populum

437 5277 625 5333 Israel.
675 5279 739 5334 Et
790 5278 1036 5334 Sisaram
1078 5280 1299 5350 quidem
1357 5280 1656 5350 fugientem
1692 5281 1808 5337 .lael
1871 5300 2010 5341 uxor

434 5367 647 5424 Cbaber
679 5370 912 5439 hospitio
934 5381 1216 5442 acceptum
1253 5386 1448 5426 somno
1479 5373 1700 5441 sopivit,
1729 5389 1791 5429 ac
1812 5375 2007 5433 deinde

438 5461 635 5517 malleo
678 5471 734 5518 et
770 5462 926 5519 clavo
965 5463 1111 5520 illius
1173 5476 1418 5535 tempora
1460 5467 1787 5536 penetravit,
1846 5476 2006 5539 atque

436 5554 543 5610 hoc
595 5565 758 5625 pacto
792 5554 1073 5612 interemit
1107 5575 1122 5611 :
1157 5557 1276 5628 ipse
1331 5567 1516 5614 autem
1576 5558 1735 5614 .labin
1784 5562 2005 5620 occisus

2121 4646 2180 4699 '0
2201 4644 2405 4714 Σισάρα
2445 4643 2503 4698 δὲ
2550 4641 2854 4713 στρατηγὸς
2880 4636 2950 4712 ἦν
3000 4640 3100 4710 τῆς
3123 4639 3411 4710 δυνάμεως
3460 4641 3673 4711 Ἰαόεὶμ,

2107 4737 2373 4809 βασιλέως
2412 4736 2654 4800 Χαναὰν,
2684 4734 2821 4805 ἔχων
2848 4732 3069 4804 ἅρματα
3102 4733 3300 4804 σιδηρᾶ
3338 4734 3671 4787 ὲννεακόσιει·

2103 4825 2199 4890 οὓς
2232 4826 2326 4879 καὶ
2353 4824 2518 4896 ἄμφω
2546 4821 2959 4893 κατεπολέμησε
3004 4822 3214 4893 Βαράχ,
3245 4822 3562 4883 κελευσθεξ
3588 4822 3674 4873 iis-:9;

2103 4919 2359 4991 Δεϐώρας
2391 4920 2489 4989 τῆς
2516 4915 2813 4989 κρινούσης
2843 4916 2902 4969 ἐν
2942 4916 3055 4977 τοῖς
3081 4916 3299 4985 καιροῖς
3333 4914 3572 4977 ἐκείνοις
3597 4917 3675 4967 τὸν

2123 5011 2366 5083 Ἰσραήλ.
2396 5009 2505 5064 Καὶ
2525 5008 2616 5062 τὸν
2651 5007 2749 5078 μὲν
2778 5005 2986 5074 Σισάρα
3013 5005 3285 5074 φεύγοντα
3313 5005 3675 5074 ὑποδεξαμένη

2114 5105 2149 5175 ἡ
2198 5101 2344 5173 Ἰαὴλ
2381 5102 2416 5171 ἡ
2450 5099 2588 5170 γυνὴ
2626 5097 2811 5167 Χάὃερ
2858 5096 3157 5167 ἐκοίμησε·
3211 5097 3306 5150 καὶ
3350 5097 3569 5166 σφῦραν
3596 5096 3676 5148 καὶ

2116 5193 2392 5249 πάσσαλον
2414 5190 2654 5246 λαϐοῦσα
2681 5189 2901 5258 διήλασε
2946 5187 3039 5241 τὸν
3065 5187 3339 5258 κρόταφον
3372 5186 3567 5251 αὑτοῦ,
3593 5186 3673 5236 καὶ

2113 5286 2285 5348 οὕτως
2314 5285 2515 5340 ἀνεῖλε.
2550 5282 2655 5337 Τὸν
2683 5280 2740 5337 δὲ
2771 5280 2980 5350 Ἰαϐεὶμ
3000 5281 3030 5334 ό
3057 5278 3246 5351 Βαρὰχ
3267 5279 3570 5351 διέφθειρε,
3594 5278 3674 5331 καὶ

2112 5379 2212 5449 τὴν
2244 5375 2502 5447 στρατιὰν
2525 5368 2690 5428 αὐτοῦ
2718 5372 2899 5424 πᾶσαν
2928 5369 3255 5438 κατέκοψεν.
3290 5369 3350 5423 '0
3378 5369 3431 5422 δὲ
3455 5367 3677 5438 χείμαρ-

2114 5474 2205 5544 ῥος
2233 5468 2421 5525 Κισῶν
2473 5466 2638 5529 τόπος
2678 5459 2749 5537 ἦν
2785 5466 2843 5518 ὲν
2876 5456 2920 5532 ᾧ
2962 5465 2993 5517 δ
3035 5463 3272 5533 πόλεμος
3322 5462 3553 5531 γέγονε·
3595 5462 3678 5515 καὶ

2112 5566 2287 5621 ταῦτα
2315 5562 2372 5615 δὲ
2401 5562 2435 5630 ἡ
2463 5556 2767 5628 δηλωθεῖσα
2803 5554 2981 5628 βίόλος
3000 5553 3261 5610 διδάσκει.

438 5648 594 5717 [uita
633 5648 867 5711 Barach.
903 5651 997 5721 qui
1027 5652 1348 5706 universum
1379 5666 1504 5708 cum
1540 5666 1665 5721 rege
1697 5655 2000 5713 exercitum
2041 5657 2351 5728 dissipavit.
2405 5653 2648 5708 Torreus
2691 5657 2874 5704 autem
2923 5646 3089 5703 Cison
3139 5647 3419 5717 proximus
3477 5654 3569 5701 est
3631 5652 3679 5699 et

436 5746 773 5812 continguns
820 5743 966 5811 loco,
1024 5744 1119 5800 ubi
1165 5745 1408 5816 praelium
1454 5745 1585 5801 illud
1641 5747 1998 5806 commissum
2036 5762 2142 5809 est.
2173 5750 2301 5806 Haec
2325 5754 2508 5802 autem
2539 5744 2724 5799 omnia
2782 5741 3043 5797 distincte
3092 5739 3360 5795 habentur
3424 5738 3481 5792 in
3548 5736 3680 5792 libro

436 5833 718 5893 Judicnm.

509 5933 794 5990 Vznle.
828 5935 1186 5989 Exterminati
1230 5945 1351 5990 sunt
1404 5937 1456 5990 in
1506 5938 1735 5993 Aendor.
1792 5941 2011 5996 Acndor

2189 5935 2750 6004 Ἑξωλοθρεὺθησαν
2779 5931 2846 5985 ἐν
2880 5930 3150 6000 ’Λενδιῢμ
3186 5930 3296 5986 Καὶ
3332 5922 3480 5992 οὗτος
3518 5927 3672 5984 τόπος
