3862 6546
169 511 256 576 F61
1303 510 1697 574 COMMENT.
1734 511 1818 573 IN
1862 511 2224 573 PSALMOS.

3285 505 3395 568 86?.

168 628 228 703 ἦν
246 672 259 690 ,
292 629 348 681 ἐν
375 644 418 678 ω
447 626 475 680 6
498 622 640 680 κατά
665 625 758 680 τὸν
784 623 1026 697 Σισάραν
1064 625 1296 698 πόλεμος
1320 625 1544 696 ἀνέστη.
1573 624 1724 688 Τινὲς

1837 602 1989 680 locus
2017 631 2103 679 est
2134 621 2225 678 ubi
2262 619 2467 677 bellum
2520 636 2645 676 cum
2687 619 2874 677 Sisara
2913 619 3273 677 commissum
3298 630 3405 676 est.

169 723 219 775 δὲ
248 718 332 771 τδν
355 716 758 788 προειρημένον
778 716 944 770 τόπον
974 717 1066 770 τοῦ
1091 717 1396 789 χειμάρῤοο
1423 716 1609 770 Κισῶν
1636 714 1731 770 καὶ

180 806 399 876 ’Λενδὼρ
428 805 720 868 ἐκάλεσαν,
752 804 829 868 ὡς
854 805 1143 874 διώνυμον.
1376 812 1383 819 ’

230 892 644 961 Ἐγενήθησαν
683 891 826 946 ὡσεὶ
854 893 1080 959 κόπρος
1118 891 1197 963 τῇ
1222 891 1322 963 γῆ.
1358 892 1590 962 Ἀταφοι
1619 890 1732 945 κεί-

171 1000 328 1056 μενοι,
358 981 629 1045 σαπέντες
652 982 747 1035 καὶ
771 980 1136 1045 διαλυθέντες.

228 1074 340 1129 Θοῦ
366 1073 511 1140 τοὺς
565 1073 864 1142 ἄρχοντας
900 1072 1100 1127 αὐτῶν
1139 1073 1221 1140 ὡς
1257 1073 1366 1129 τὸν
1404 1074 1600 1143 Ὠρὴϐ,
1629 1075 1730 1130 καὶ

166 1168 294 1233 Ζὴε,
337 1165 438 1218 καὶ
484 1164 683 1227 Ζεϐεὲ,
736 1165 835 1218 καί
888 1164 1195 1233 Σαλμανά.
1232 1165 1536 1237 Ἀρχοντας
1582 1165 1728 1233 λέγει

164 1260 276 1321 τοῦς
304 1258 577 1326 ἡγεμόνας
600 1256 707 1309 τῶν
729 1273 946 1327 προμνη
956 1257 1325 1327 μονευοὲντων
1350 1258 1539 1311 ἐθνῶν.
1558 1257 1729 1327 Ὠρὴὸ

167 1351 257 1420 μὲν
281 1348 374 1401 οὖν
429 1349 526 1402 καὶ
575 1347 710 1418 Ζὴσ,
754 1347 1018 1418 ἄρχοντες
1066 1347 1177 1402 τῶν
1213 1348 1588 1417 Μαδιηναίων,
1633 1345 1730 1411 οὓς

164 1442 357 1495 ἀνεῖλεν
382 1444 411 1494 6
442 1440 706 1509 δηλωθεὶς
751 1439 980 1495 Γεδεών.
1016 1440 1180 1494 Ζεὸεὲ
1213 1440 1271 1494 δὲ
1299 1442 1396 1494 καὶ
1443 1440 1725 1510 Σαλμανά,

166 1536 391 1607 βασιλεῖς
420 1535 626 1599 αὐτῶν,
655 1534 749 1598 οὓς
771 1535 864 1590 καὶ
898 1534 1098 1599 αὐτοὺς
1132 1534 1448 1590 ἀπέκτεινε.

221 1716 455 1783 Πάντας
506 1716 650 1784 τοὺς
694 1717 994 1786 ἄρχοντας
1022 1713 1246 1771 αὐτῶν.
1299 1713 1466 1767 Ὥστε
1514 1713 1725 1784 μηδένα

166 1809 570 1878 ὑπολειφθῆναι.
626 1808 725 1861 Διὰ
752 1809 810 1862 δὲ
836 1808 947 1861 τῶν
975 1808 1254 1879 ἀρχόντων
1298 1808 1395 1860 καὶ
1434 1806 1545 1861 τῶν
1569 1806 1725 1878 διαρ-

162 1902 391 1972 χομένων
417 1899 753 1972 κατηύξατο.

224 2078 450 2142 Οἵτινες
500 2074 708 2132 εἶπονο
755 2077 1322 2149 κληρονομήσωμεν
1380 2076 1617 2143 ἑαυτοῖς
1660 2076 1727 2131 τὸ

162 2166 537 2237 ἁγιαστήριον
568 2170 677 2224 τοῦ
703 2169 874 2225 Θεοῦ.
894 2199 966 2213 —-
985 2172 1571 2240 Κληρονομήσωμεν,
1603 2169 1727 2223 ἀντὶ

161 2261 242 2316 τοῦ
268 2261 688 2332 Κυριεύσωμεν,
738 2261 1170 2332 ἑξουσιάσωμεν,
1210 2261 1273 2315 οὗ
1327 2260 1496 2332 τιμῆς
1540 2261 1723 2333 χάριν,

160 2353 261 2405 ἀλλ’
306 2353 562 2422 ἁρπαγῆς
594 2354 706 2406 τῶν
747 2353 909 2426 ἱερῶν
951 2356 1163 2408 σκευῶν
1192 2355 1287 2407 καὶ
1316 2352 1685 2424 ἀναθημάτων
1706 2364 1723 2381 ·

158 2445 503 2516 ἁγιαστήριον
528 2445 621 2499 τὸν
645 2444 770 2501 ναὸν
797 2445 1111 2513 καλοῦντες,
1135 2447 1194 2499 ὲν
1226 2439 1269 2514 ᾧ
1290 2445 1319 2497 6
1354 2443 1490 2508 Θεὸς
1523 2443 1724 2514 ἡγιαςε

162 2536 244 2589 τδν
265 2537 421 2604 λαόν.
701 2525 708 2532 ’

227 2629 279 2681 Ὁ
316 2630 463 2694 686(-
511 2646 656 2698 μου,
708 2628 819 2685 θοῦ
866 2630 1093 2696 αὐτοὺς
1126 2632 1207 2696 ὡς
1254 2629 1494 2700 τροχόν.
1531 2632 1727 2684 Ἀσταο

157 2717 369 2783 τοῦντας
396 2719 485 2773 ἀεὶ
518 2720 613 2774 καὶ
652 2721 1006 2792 κυλιομένους
1055 2724 1177 2786 ταῖς
1207 2720 1527 2791 ἐπαλλήλων
1559 2738 1725 2792 μεταο

158 2811 353 2876 ϐολαῖς.
384 2814 562 2868 Τοῦτο
587 2814 700 2885 γάρ
723 2813 918 2887 τροχοῦ
950 2816 1103 2870 ἴδιον.

246 2996 331 3061 Ως
359 2995 642 3065 καλάμην
661 2996 812 3051 κατὰ
844 2997 1171 3065 πρόσωπον
1196 2996 1440 3066 ἀνέμου.
1466 2997 1606 3067 Εὐχε
1616 2997 1725 3068 ρῶς
1763 3017 1768 3021 λ

160 3084 705 3157 διασκεδαννυμένους
724 3087 821 3141 καί⁸
851 3086 1100 3158 μηδαμοῦ
1127 3088 1318 3143 στάσιν
1348 3087 1720 3159 εὑρίσκοντας.

226 3265 383 3319 Ὠσεί
429 3264 553 3333 πῦρ
585 3264 618 3320 ὃ
644 3266 953 3336 διαφλέξει
987 3266 1238 3337 δρυμὸν,
1295 3268 1438 3323 ὡσεὶ
1484 3268 1645 3337 φλόξ
1682 3267 1722 3337 ἦ

158 3358 516 3413 κατακαύσει
534 3359 665 3427 ὄρη,
688 3358 875 3426 οὕτως
903 3358 1290 3426 καταδιώξεις
1318 3360 1541 3426 αὐτοὺς
1562 3360 1631 3415 ἐν
1648 3360 1722 3430 τῇ

157 3450 450 3521 namq-l6:
488 3466 607 3505 σου
640 3451 742 3504 καί
773 3452 859 3517 Δἐν
895 3450 971 3521 τῇ
1002 3450 1151 3522 ὀργῆ
1179 3468 1297 3507 σου
1326 3452 1727 3520 συνταράξεις

155 3543 382 3605 αὐτούς.
413 3539 576 3596 Οὕτω
617 3542 951 3608 καταδιωξον
996 3546 1196 3609 αὐτοὺς
1228 3544 1560 3609 ἀναλίσκων,
1590 3545 1727 3600 ὡσεὶ

156 3633 254 3703 πῦρ
301 3616 639 3702 tempus“
668 3635 876 3705 δρυμόν
894 3653 910 3669 ο
942 3636 1110 3702 ὀξέως
1133 3639 1243 3708 γὰρ
1270 3637 1429 3692 τοῦτο
1449 3638 1544 3692 καὶ
1570 3640 1728 3708 ἀφει-

155 3725 248 3789 δῶς
271 3725 499 3797 φέρεται
556 3725 699 3781 κατά
743 3726 843 3796 τῆς
872 3727 1004 3798 ὕλης
1027 3744 1045 3758 θ
1076 3728 1171 3782 τοῦ
1204 3729 1284 3795 δὲ,
1338 3729 1501 3786 ’.0σεί
1546 3730 1667 3800 πῦρ
1692 3733 1725 3786 ὃ

154 3817 453 3888 διαφλέξει
479 3819 733 3889 δρυμὸν,
756 3821 1227 3891 ὲφερμηνευτικδν
1261 3821 1342 3889 τδ,
1378 3823 1536 3878 ’.Ωσεί
1563 3824 1727 3892 φλὸξ

156 3904 578 3973 ἢκατακαύσει
611 3909 743 3979 ὄρη,
772 3911 861 3964 ναὶ
888 3912 998 3982 μὴν
1030 3913 1125 3966 καὶ
1156 3912 1273 3978 τοῦ,
1309 3914 1513 3982 Οὕτως
1540 3932 1722 3971 κατα-

154 3996 378 4064 διώξεις
401 4000 625 4065 αὐτοὺς
656 4000 728 4054 ἐν
759 3999 837 4070 τῇ
865 4001 1157 4071 καταιγίᾶι
1185 4019 1323 4071 σου,
1349 4004 1409 4059 τὸ
1431 4006 1538 4061 Καὶ
1566 4007 1637 4060 ἐν
1655 4006 1732 4075 τῇ

154 4087 293 4157 ὁρτῇ
318 4102 440 4144 σου
492 4090 897 4159 συνταράξεις
937 4093 1181 4160 αὐτούς.
1211 4096 1517 4163 Καταιγίδα
1543 4097 1602 4152 δὲ
1632 4096 1729 4151 νῦν

152 4180 240 4250 τὴν
262 4180 450 4246 ὀξεῖαν
482 4181 698 4255 κίνησιν
737 4184 835 4255 τῆς
866 4184 1036 4256 ὀργῆς
1067 4187 1344 4243 ἐκάλεσεν.
1392 4190 1723 4260 Καταιγίδος

150 4272 246 4345 γάρ
301 4274 439 4328 τδιον
504 4275 567 4328 τὸ
621 4276 1006 4348 συνταράττειν
1025 4318 1041 4333 .
1092 4281 1483 4349 Καταὸιώξεις
1519 4282 1577 4336 δὲ
1624 4283 1721 4336 καὶ

150 4367 606 4439 Συνταράξειςῆ
648 4370 1004 4441 προφητικῶς
1030 4368 1314 4444 εἴρηνται,
1356 4372 1389 4444 ἢ
1426 4374 1719 4442 εὐκτικῶς,

147 4456 255 4512 ἀντὶ
280 4460 405 4526 τοῦ,
436 4461 820 4526 Καταδιωξον
838 4464 933 4515 καὶ
958 4461 1364 4534 Συντάραεον.

1834 716 2018 786 Aliqui
2046 715 2224 768 locum
2259 713 2522 769 torrentis
2571 712 2737 769 Cison
2780 712 3034 769 eumdem
3063 727 3187 770 esse
3214 712 3407 768 dicunt

1831 818 1886 864 et
1911 806 2157 873 Aeudor,
2189 815 2237 862 et
2264 806 2543 877 geminum
2566 804 2771 860 habere
2797 821 3021 860 nomen.

1905 897 2061 953 Facti
2084 906 2209 954 sunt
2227 897 2381 968 quasi
2401 905 2603 952 stercus
2627 905 2799 953 terra.
2826 896 3118 967 Insepulti,
3150 895 3405 953 dissoluti

1831 998 1887 1045 et
1908 990 2227 1057 putrefacti.

1905 1077 2077 1135 Vens.
2113 1082 2200 1138 12.
2231 1080 2376 1136 Pone
2422 1080 2686 1151 principes
2734 1096 2914 1134 eorum
2961 1079 3097 1133 sicut
3139 1077 3297 1141 Oreb,
3352 1084 3405 1130 et

1831 1169 1959 1233 Zeb,
1991 1179 2040 1225 et
2071 1169 2257 1233 Zebee,
2292 1181 2341 1226 et
2382 1170 2703 1226 Salmanan.
2741 1169 2844 1225 Per
2895 1169 3175 1239 principes
3228 1166 3403 1222 duces

1830 1261 2071 1332 gentium
2091 1263 2365 1333 intelligit,
2393 1277 2531 1333 quas
2549 1261 2803 1330 superius
2827 1258 3401 1315 commemoravimus.

1832 1353 1975 1408 Oreb
2009 1363 2062 1409 et
2093 1353 2226 1418 Zeb,
2258 1353 2676 1408 Madianitarum
2711 1361 2869 1408 erant
2903 1353 3099 1414 duces,
3131 1366 3269 1421 quos
3295 1348 3406 1405 Go-

1830 1442 1998 1509 deon,
2035 1453 2095 1499 ut
2122 1445 2387 1508 diximus.
2420 1446 2720 1501 interemit.
2765 1443 2942 1500 Zebee
2974 1452 3156 1498 autem
3199 1451 3253 1497 et
3280 1440 3405 1495 Salo

1829 1548 2015 1600 mana,
2042 1535 2361 1590 eorumdem
2391 1545 2551 1590 erant
2583 1549 2761 1604 reges,
2790 1533 2882 1604 qui
2937 1533 3106 1587 simili
3162 1532 3325 1588 modo
3372 1546 3403 1585 a

1828 1623 2082 1680 Gedeone
2115 1625 2283 1681 occisi
2311 1631 2462 1680 sum.

1902 1716 2187 1772 “213.13.
2217 1717 2410 1772 Omnes
2436 1718 2702 1788 principes
2757 1732 2960 1771 eorum.
3023 1715 3100 1770 Ita
3132 1724 3195 1776 ut
3238 1730 3402 1770 nemo

1827 1808 2204 1880 relinquatur.
2261 1809 2461 1865 Verum
2518 1808 2649 1863 dum
2696 1809 2958 1863 adversus
2991 1807 3265 1878 principes
3294 1807 3401 1862 im-

1831 1910 2132 1974 precatur,
2191 1902 2444 1958 subditos
2502 1903 2668 1957 etiam
2728 1902 2810 1956 eis
2857 1902 3092 1972 populos
3151 1914 3403 1968 compre-

1762 1968 1805 2023 B
1833 1997 2046 2053 ltendit.

1800 2154 1810 2161 _
1901 2088 2007 2154 Qui
2028 2087 2310 2145 dixerunt:
2328 2089 2715 2146 Haretlitemus
2734 2091 2879 2146 nobis
2893 2088 3253 2143 sanctuarium
3283 2083 3397 2138 Dei.

1827 2211 1897 2221 —
1933 2180 2347 2259 Hareditemus,
2391 2201 2491 2256 pro
2521 2186 2898 2250 Dominemur,
2939 2183 3022 2236 vel
3052 2182 3104 2235 in
3135 2187 3402 2250 potestate

1828 2282 2016 2331 nostra
2054 2275 2382 2342 habeamus,
2411 2293 2522 2332 non
2552 2287 2611 2333 ut
2643 2278 2978 2332 bonoremus
3028 2274 3183 2337 illud,
3212 2271 3306 2327 scd
3338 2278 3399 2323 ut

1828 2380 1987 2420 sacra
2014 2380 2172 2432 vasa,
2208 2375 2264 2422 et
2296 2368 2538 2438 reliquas
2571 2367 2885 2422 oblationes
2912 2365 3256 2435 diripiamus.
3296 2361 3398 2416 Per

1829 2456 2217 2513 Sam-tuarium
2268 2470 2448 2515 autem
2486 2461 2746 2532 templum
2795 2460 2972 2529 ipsum
3021 2454 3298 2525 intelligit,
3340 2455 3398 2509 in

1828 2564 1938 2620 quo
1965 2548 2109 2605 Deus
2141 2552 2398 2622 populum
2434 2553 2838 2609 sanetilicabat.

1902 2637 2064 2696 Vsus.
2110 2642 2196 2696 14.
2238 2642 2374 2696 Deus
2410 2660 2577 2708 meus,
2623 2658 2755 2710 pone
2791 2658 2879 2697 eos
2927 2650 2985 2694 ut
3038 2647 3233 2692 rotam.
3262 2637 3401 2691 Con-

1831 2720 1982 2788 tinuo
2052 2734 2379 2802 instabiles,
2433 2744 2489 2791 et
2553 2735 2771 2792 crebris
2839 2732 3241 2787 mutationibus
3293 2729 3403 2783 cir-

1827 2834 2131 2882 cumactos.
2170 2826 2284 2883 lloc
2318 2839 2480 2898 pacto
2513 2828 2660 2883 enim
2709 2833 2844 2882 rota:
2885 2829 3143 2894 poterunt
3173 2835 3398 2892 compa—

1829 2916 1963 2972 rari.

1903 3006 1970 3062 Ut
2030 3007 2349 3061 arundinem
2415 3018 2540 3062 ante
2596 3008 2788 3073 [aciem
2845 3012 3003 3066 venti.
3058 3008 3137 3063 Ita
3184 3014 3246 3061 ut
3311 3004 3397 3058 fa-

1828 3101 1933 3156 cile
1997 3100 2363 3171 dissipentur,
2422 3110 2478 3156 et
2516 3102 2724 3157 nullam
2785 3102 3065 3158 inveniant
3123 3099 3393 3155 stabilita-

1829 3202 1966 3249 tem.

1895 3282 2064 3336 Vens.
2093 3282 2183 3345 15,
2221 3283 2309 3340 16.
2344 3284 2513 3349 Quasi
2545 3284 2688 3356 ignis
2734 3286 2827 3357 qui
2868 3284 3138 3339 comburet
3186 3283 3396 3344 silvam,

1823 3381 1873 3426 et
1901 3373 2056 3442 quasi
2092 3373 2315 3442 ﬂamma
2339 3377 2647 3429 comburens
2691 3384 2916 3442 montes,
2962 3378 3041 3430 ita
3072 3376 3396 3445 persequeris

1822 3463 1943 3519 illos
1968 3465 2022 3518 in
2050 3465 2283 3535 procella
2329 3475 2442 3532 tua,
2483 3476 2533 3521 et
2565 3469 2617 3521 in
2648 3471 2732 3522 ira
2766 3479 2859 3522 tua
2903 3467 3242 3522 conturbabis
3275 3481 3384 3521 eos.

1825 3556 1944 3612 Non
1973 3573 2135 3613 secus
2167 3558 2292 3613 illos
2324 3560 2696 3630 persequaris,
2739 3576 2949 3631 quaeso,
2977 3570 3033 3615 et
3072 3573 3393 3621 consumas,

1826 3656 1991 3718 atque
2025 3650 2167 3717 ignis
2218 3649 2358 3706 solet
2385 3651 2576 3706 silvam
2607 3653 2880 3722 pepulari.
2920 3649 3146 3706 Summa
3192 3650 3396 3705 etenim

1824 3742 1876 3797 vi
1930 3739 2118 3796 fertur
2166 3740 2311 3812 ignis
2354 3743 2410 3797 in
2457 3743 2672 3807 silvam,
2697 3753 2751 3799 et
2772 3745 2954 3799 omnia
2985 3743 3233 3813 corripit.
3259 3739 3388 3795 Haec

1826 3844 2010 3888 autem
2056 3834 2223 3889 verba
2261 3849 2291 3889 ιι
2326 3835 2713 3904 sequentibus
2740 3843 3116 3906 exponuntur,
3157 3849 3279 3903 qua:
3310 3830 3396 3887 di-

1825 3933 1961 3980 cunt
1995 3943 2011 3980 :
2051 3924 2119 3979 Et
2148 3927 2279 3980 sicut
2304 3928 2525 3995 ﬂamma
2565 3927 2873 3981 comburens
2893 3939 3116 3981 montes.
3143 3926 3212 3980 Et
3226 3920 3411 3980 simili

1825 4017 1989 4072 modo
2014 4019 2181 4072 verba
2207 4017 2296 4072 illa
2330 4036 2345 4073 :
2376 4017 2464 4072 Ita
2485 4021 2808 4089 persequeris
2835 4036 2923 4074 eos
2950 4021 3001 4073 in
3024 4017 3256 4087 procella
3275 4027 3392 4077 tua,

1826 4121 1857 4159 a
1907 4107 2267 4176 sequentibus
2324 4108 2505 4164 verbis
2564 4107 2919 4163 declarantur
2948 4129 2961 4164 :
2990 4108 3059 4162 Et
3093 4110 3147 4162 ir:
3185 4109 3267 4161 ira
3306 4114 3398 4159 tua

1829 4196 2167 4251 conturbabis
2196 4214 2303 4251 eos.
2331 4194 2637 4251 Procellam
2668 4198 2812 4251 enim
2853 4198 2958 4250 hoc
2997 4196 3051 4250 in
3084 4196 3208 4250 loco
3251 4193 3399 4248 cele-

1828 4302 1944 4343 rem
1980 4298 2144 4358 atque
2201 4288 2575 4358 impetuosum
2627 4288 2723 4341 ira-
2775 4296 2979 4340 motum
3019 4283 3398 4355 metapltorice

1830 4381 2151 4450 appellavit.
2210 4379 2474 4434 Procellaz
2522 4362 2664 4433 enim
2725 4379 3006 4447 proprium
3065 4385 3151 4431 est
3210 4373 3393 4428 omnia

1828 4471 2187 4526 conturbare.
2218 4469 2375 4537 Quod
2408 4485 2539 4524 vero
2567 4471 2661 4535 ait,
2694 4468 3049 4538 Persequeris,
3076 4477 3128 4523 et
3162 4465 3396 4523 Contur-

147 4550 310 4611 babis.
346 4552 432 4606 vel
470 4553 790 4624 prophetico
822 4554 966 4610 dicta
992 4564 1142 4624 sunt,
1175 4558 1342 4621 veluti
1374 4557 1555 4615 futura
1580 4559 1968 4631 praedicantur,
1988 4564 2074 4619 vel
2103 4564 2343 4634 optantis
2414 4562 2637 4618 modum
2707 4561 2994 4617 continent
3056 4575 3155 4631 pro
3213 4558 3399 4615 Perse.

145 4647 347 4719 quaris,
371 4654 426 4701 et
454 4647 766 4702 Conturbes.

205 4740 546 4809 Πλήρωσον
582 4740 656 4795 τὰ
695 4745 988 4812 πρόσωπα
1037 4744 1239 4801 αὐτῶν
1288 4745 1543 4818 ἀτιμίας.
1589 4748 1715 4802 Ἠτ-

1900 4746 2063 4802 Vsus.
2102 4746 2190 4800 l7.
2226 4742 2394 4811 Imple
2418 4741 2583 4811 facies
2614 4757 2795 4796 eorum
2827 4741 3144 4811 ignominia.
3179 4741 3270 4796 Eis
3304 4730 3389 4795 ni-

144 4834 435 4891 τηοὲντων.

208 4852 435 4891 υεντων.

179 4852 647 4995 ηἘκζητήσουσι
672 4928 738 4982 τὸ
761 4929 947 5000 ὄνομά
981 4946 1119 4996 σου,
1146 4932 1338 5002 Κύριε.
1376 4926 1722 5004 Ἐρωτῶντες

148 5018 280 5084 μετὰ
304 5018 643 5088 ἐκπλήξεως.
671 5020 768 5085 Τίς
791 5014 946 5085 οὗτος
971 5024 998 5076 6
1031 5021 1163 5085 Θεὸς
1192 5025 1220 5076 6
1250 5022 1569 5095 παραδόξως
1591 5024 1718 5089 τοὺς

144 5108 371 5175 οἰκείους
396 5111 722 5182 ῥυσάμενος,
760 5113 855 5167 καὶ
885 5112 1158 5178 ἀπολέσας
1189 5116 1369 5185 quiq;

203 5292 718 5361 Αἰσχυνσήτωσαν
784 5293 885 5355 καὶ
938 5294 1413 5364 ταραχθῆτωσαν
1469 5297 1559 5362 εἰς
1608 5298 1717 5352 τὸν

143 5382 324 5439 αἰῶνα
350 5384 458 5439 τοῦ
503 5384 742 5451 αἰῶνος,
770 5387 869 5441 καὶ
902 5385 1391 5455 ὲντραπήτωσαν,
1432 5388 1531 5442 καὶ
1567 5388 1716 5443 ἀπο-

141 5474 478 5533 λέσθωσαν.
505 5478 920 5548 Κατευξάμενος
936 5480 1115 5541 αὐτῶν
1141 5480 1240 5550 τὴν
1266 5483 1324 5535 ἐν
1352 5478 1431 5550 τῷ
1452 5481 1716 5551 προσκαί-

144 5582 220 5635 ρῳ
244 5567 404 5620 αἰῶνι
433 5566 734 5633 ἀπώλειαν,
766 5570 1091 5641 κατεύχεται
1123 5572 1218 5634 καὶ
1247 5570 1346 5642 τὴν
1375 5571 1432 5623 ἐν
1470 5570 1550 5641 τῷ
1583 5570 1714 5639 μέ).-

144 5657 309 5714 λοντι.
340 5659 551 5714 Ἐκεῖνο
578 5662 687 5732 γὰρ
715 5661 888 5715 αἰῶνα
908 5644 1103 5726 αἰῶνος
1127 5663 1405 5733 ὀνομάζει,
1439 5662 1513 5731 ὡς
1537 5680 1714 5732 παρα-

144 5746 473 5821 δεδώκαμεν.
495 5752 805 5806 ⁹Δπώλειαν
827 5753 883 5807 δὲ
912 5755 1005 5808 ἐπὶ
1047 5754 1143 5808 τοῦ
1172 5755 1460 5824 μέλλοντος
1514 5754 1711 5817 αἰῶνος

142 5841 200 5892 οὗ
226 5840 328 5913 τὴν
356 5843 716 5915 ἀνυπαρξίαν,
747 5844 883 5899 ἀλλά
902 5848 1001 5916 τὴν
1022 5847 1246 5901 κόλασιν
1271 5846 1593 5914 εἰρήκαμεν.
1618 5844 1708 5898 Ἐν

145 5932 338 6006 “alvu:
360 5938 467 6009 γὰρ
496 5938 866 6009 αἰσχύνονται,
914 5941 1092 5995 εἴτουν
1128 5940 1483 6015 ἐντρέπονται
1532 5940 1582 5995 οἱ
1610 5955 1705 5993 που

1821 4840 2021 4895 mirum
2055 4836 2379 4908 proﬂigatis.

1892 4929 1961 4986 Et
1985 4939 2224 5001 qun'rent
2256 4945 2445 4984 nomen
2478 4937 2649 4996 tuum,
2688 4927 2928 4983 Domine.
2983 4928 3392 4997 lnterrogantcs

1818 5039 1941 5079 cum
1969 5025 2164 5078 timore
2217 5038 2280 5078 ac
2326 5033 2587 5086 tremore,
2647 5021 2902 5091 quisnam
2946 5021 3089 5077 sitis
3125 5021 3265 5075 Deus
3296 5022 3387 5087 qui

1819 5126 1927 5171 tam
1957 5116 2279 5171 admirande
2308 5131 2411 5171 nos
2433 5116 2693 5187 populum
2720 5129 2881 5169 suum
2913 5114 3186 5180 liberavit,
3213 5121 3269 5169 et
3292 5128 3388 5168 eos

1818 5209 2082 5281 perdidit.

1888 5302 2056 5358 Vens.
2093 5301 2177 5355 18.
2206 5300 2554 5366 Erubescan.,
2580 5310 2630 5356 et
2649 5299 3026 5354 eonturbentur
3055 5298 3108 5352 in
3133 5294 3383 5352 saxulum

1818 5396 2021 5460 sa'culi,
2048 5405 2097 5450 et
2135 5395 2556 5465 confundantur,
2602 5405 2650 5447 et
2676 5402 2913 5463 pereant.
2943 5391 3079 5447 Cum
3117 5392 3385 5447 adversus

1817 5503 1913 5543 eos
1945 5487 2280 5557 imprecatus
2313 5486 2497 5551 fuerit,
2529 5494 2587 5540 ut
2620 5486 2671 5538 in
2713 5485 2971 5554 prmsenti
3015 5491 3240 5553 pereant
3292 5499 3390 5539 sae-

1817 5579 1965 5643 culo,
1993 5578 2330 5647 imprecetur
2357 5576 2518 5630 etiam
2576 5584 2635 5631 ut
2661 5585 2885 5646 pereant
2918 5574 2972 5630 in
3008 5574 3213 5639 futuro,
3239 5577 3385 5646 quod

1820 5671 2082 5726 saeculum
2117 5669 2302 5725 saeculi
2336 5668 2644 5737 appellavit,
2676 5677 2737 5724 ut
2772 5666 2899 5723 alibi
2931 5668 3094 5723 etiam
3118 5667 3381 5726 diximus.

1818 5759 2005 5814 Perire
2041 5766 2224 5813 autem
2278 5757 2333 5812 in
2381 5757 2567 5812 futuro
2623 5756 2826 5813 sacculo
2874 5755 2966 5812 ille
3011 5756 3234 5823 dicitur,
3269 5773 3378 5813 non

1816 5844 1908 5913 qui
1943 5845 2017 5899 ita
2054 5844 2220 5914 perit,
2258 5853 2318 5899 ut
2359 5846 2594 5916 amplius
2625 5861 2731 5901 non
2767 5847 2859 5912 sit,
2893 5846 2988 5902 sed
3013 5847 3107 5918 qui
3136 5861 3229 5903 eas
3254 5863 3378 5915 per-

1816 5934 1978 5991 solvit
2013 5950 2224 6009 poznas,
2256 5952 2392 6009 quas
2413 5936 2506 6007 qui
2538 5938 2832 6006 suStinent,
2858 5938 3039 6008 perire
3066 5949 3256 5994 omnes
3285 5936 3372 5993 dio
