3862 6536
465 463 573 526 863

1694 461 2076 522 EUTIIYMII
2117 460 2480 520 ZIGABENI
3594 462 3681 526 864

467 583 692 632 cuntur.
750 588 783 626 n
821 573 915 627 illo
939 573 1083 628 enim
1115 574 1337 636 Steculo,
1385 575 1536 643 pravi
1599 589 1792 629 omnes
1837 574 2029 628 erube-

2156 571 2331 642 μηροὶ,
2383 571 2864 640 δημοσιευομένων
2921 571 3106 633 αὐτοῖς
3165 571 3274 624 τῶν
3333 571 3537 642 ἔργων’
3602 577 3681 630 καὶ

471 675 656 731 scent,
691 675 743 722 et
798 665 1234 730 eonfundentur,
1292 665 1610 734 publicatis,
1648 679 1711 719 ac
1747 665 2041 733 divulgatis

471 773 662 812 eorum
718 757 982 827 cperibus
1047 776 1060 810 :
1115 764 1170 811 et
1222 756 1620 820 turbabuntur,
1689 755 1784 808 ubi
1837 755 2044 824 judieis

470 849 864 914 constantiam,
930 863 994 903 ac
1051 848 1400 904 severitatem
1461 846 1718 911 viderint,
1758 857 1811 901 et
1844 845 2044 901 deinde

468 941 632 996 etiam
666 941 989 1008 punientur.

541 1032 704 1086 Vens.
742 1031 828 1086 19.
864 1029 932 1084 Et
964 1041 1301 1100 cognoscant,
1333 1029 1472 1098 quod
1503 1045 1685 1086 nomen
1725 1029 1822 1082 tibi
1862 1029 2044 1083 Domi-

470 1139 588 1180 nus.
623 1122 783 1175 Inviti
817 1122 984 1192 igitur
1011 1121 1062 1176 id
1101 1132 1464 1191 Cognoscant.
1491 1130 1610 1189 post
1643 1136 1806 1190 quam
1843 1131 2042 1191 sponte

470 1214 783 1268 uoluerunt.
1781 1263 1784 1266 .

542 1302 619 1355 Tn
652 1305 796 1358 solus
821 1302 1116 1358 altissimus
1140 1304 1193 1356 in
1217 1319 1421 1358 omnem
1449 1312 1665 1356 terram.
1693 1303 1735 1356 Δ
1759 1303 2042 1358 communi

467 1411 632 1451 sensu
663 1397 990 1452 sumendum
1042 1405 1128 1450 est
1174 1397 1423 1457 verbum,
1491 1396 1839 1465 Cognoscaul.
1873 1397 2042 1451 Addi-

466 1496 645 1552 seant,
681 1488 884 1556 inquit,
915 1486 1060 1556 quod
1095 1497 1150 1541 tu
1193 1487 1344 1542 solus
1379 1486 1526 1541 Deus
1559 1504 1618 1541 es
1650 1487 1822 1541 totius
1853 1495 2036 1541 terrm.

465 1580 806 1635 Altiss‘mum
840 1590 1021 1633 autem
1069 1579 1235 1634 Deum
1271 1581 1506 1642 vocavit,
1558 1580 1723 1634 veluti
1755 1595 2041 1648 superone-

471 1671 686 1724 Iestem.
760 1671 951 1726 Potest
1013 1672 1177 1726 etiam
1235 1671 1326 1725 hic
1374 1671 1617 1740 psalmus
1663 1671 1728 1726 iis
1785 1673 2040 1727 omnibus

466 1761 891 1828 accommodari,
929 1763 1022 1834 qui
1052 1779 1149 1833 pro
1179 1762 1404 1818 Christo
1477 1764 1913 1832 persecutionem
1947 1779 2039 1818 su-

467 1853 697 1907 stinent.

2147 661 2509 732 ταράσσονται
2542 661 2831 730 βλέποντες
2858 660 2950 714 τοῦ
2976 661 3236 715 δικαστοῦ
3264 663 3359 734 τὴν
3379 665 3678 736 ἀποτομίαν·

2146 747 2266 807 εἷτα
2298 753 2643 816 κολάζονται.

2217 1044 2326 1098 Kal
2352 1043 2674 1113 γνώτωσαν
2698 1046 2786 1099 ὅτι
2817 1046 3007 1116 ὄνομά
3032 1064 3130 1102 σοι
3163 1049 3398 1117 Κύριος.
3418 1051 3681 1109 Γνὼτωσαν

2144 1136 2201 1202 ἐξ
2235 1138 2502 1208 ἀνάγκης,
2542 1139 2777 1209 ἐπείπερ
2828 1141 2892 1192 ὲκ
2946 1141 3326 1210 προαιρέσεως
3377 1143 3476 1196 οὐκ
3511 1146 3681 1217 ἠθέλη-

2145 1246 2265 1285 σαν.

2214 1320 2297 1373 Σὺ
2329 1321 2519 1388 μόνος
2565 1322 2826 1390 ὕψιστος
2849 1325 2946 1378 ἐπ.
2987 1324 3198 1380 πᾶσαν
3243 1327 3362 1395 τὴν
3409 1327 3538 1397 γῆν.
3567 1329 3683 1385 ’Δπδ

2145 1409 2322 1462 κοινοῦ
2365 1411 2426 1462 τὸ
2452 1413 2542 1464 καὶ
2565 1413 2930 1481 Γνὼτωσαν,
2950 1417 3032 1470 ὅτι
3066 1418 3128 1472 σὺ
3159 1419 3320 1488 μόνος
3343 1422 3372 1473 ὁ
3391 1419 3515 1484 Θεὸς
3529 1424 3681 1492 πάσης

2141 1502 2239 1570 τῆς
2269 1503 2394 1571 γῆς.
2427 1505 2688 1573 ’Ὕψιστον
2734 1507 2844 1578 γὰρ
2877 1510 2968 1564 τὸν
2994 1511 3125 1565 Θεὸν
3157 1512 3409 1576 ὲκάλουν,
3439 1513 3510 1576 ὡς
3547 1516 3681 1568 ἐπον⁸

2145 1589 2324 1660 ράνιον
2384 1591 2638 1662 Ἀρμόζει
2694 1596 2750 1648 δὲ
2784 1599 2812 1649 ὁ
2837 1597 3051 1666 ψαλμδς
3081 1601 3176 1653 καὶ
3208 1603 3323 1664 τοῖς
3359 1602 3680 1671 διωκομένοις

2141 1683 2280 1753 ὑπὲρ
2312 1684 2570 1754 Χριστοῦ.

537 1943 598 1997 In
625 1945 783 2013 ﬁnem
812 1961 906 2014 pro
943 1946 1300 2000 torcularibus
1334 1946 1462 2014 [iliis
1511 1945 1664 2012 Core,
1703 1948 1964 2018 psalmus.

2179 1954 2282 2018 Εἰς
2317 1953 2383 2006 τὸ
2416 1953 2591 2018 τέλος
2619 1954 2770 2022 ὑπὲρ
2796 1954 2912 2008 τῶν
2943 1955 3149 2023 ληνῶν
3172 1955 3298 2026 mir;
3319 1955 3472 2020 υἱοῖς
3507 1957 3648 2024 Κορέ.

924 2037 1244 2093 PSAIMUS
1289 2037 1573 2092 LXXXIII.

534 2124 917 2196 Octogesimus
973 2130 1138 2184 etiam
1189 2131 1438 2200 psalmus
1495 2133 1805 2202 hujusmodi
1842 2134 2083 2190 inscri-‘

466 2218 699 2286 ptiunem
741 2225 968 2278 sortitus
1006 2233 1113 2278 est.
1195 2225 1276 2278 Ibi
1333 2226 1452 2281 vide
1506 2229 1924 2296 espositionem.
1967 2229 2039 2284 De

463 2311 674 2365 eisdem
712 2313 857 2367 enim
927 2316 1301 2373 torcularibus
1353 2316 1623 2389 Pmpheta
1658 2329 1840 2378 noster
1894 2337 2038 2377 nunc

464 2403 727 2472 loquitur.

541 2497 701 2563 Vens,
739 2499 794 2552 2.
825 2500 993 2566 Quam
1040 2501 1236 2558 dilecta
1260 2504 1604 2558 tabernacula
1665 2514 1778 2571 tua,
1819 2506 2037 2560 Domine

466 2588 760 2645 virtutum!
787 2590 980 2657 Dictio,
1013 2609 1191 2662 quam,
1216 2595 1319 2650 hoc
1353 2596 1405 2650 in
1446 2597 1563 2649 loco
1591 2597 1729 2649 idem
1767 2597 2038 2666 signiﬁcat

463 2683 609 2749 quod
649 2683 774 2736 alibi
816 2685 1084 2746 diximus,
1125 2687 1176 2740 in
1217 2689 1425 2754 psalmo
1460 2704 1632 2749 Lxxn,
1678 2689 1747 2741 ibi
1786 2705 1804 2741 :
1862 2691 2034 2753 Quam

466 2772 630 2830 bonus
681 2773 817 2827 Deus
869 2777 970 2844 ipsi
1023 2776 1231 2834 Israel!
1283 2779 1387 2834 Per
1447 2780 1799 2833 tabernacula
1849 2792 2029 2835 autem

465 2863 726 2918 erclzsias
761 2867 1039 2937 intelligit,
1070 2885 1189 2937 qua:
1225 2871 1392 2924 variis
1429 2871 1480 2924 in
1532 2871 1668 2926 locis
1705 2880 2036 2926 constructa:

467 2965 616 3016 sunt,
657 2968 711 3011 et
767 2960 818 3012 in
869 2960 1071 3028 quibus
1129 2961 1312 3016 divina
1370 2963 1623 3018 habitant
1682 2964 2031 3020 charismata.

469 3045 578 3101 Has
633 3051 833 3108 etenim
901 3053 1196 3115 ecclesias.
1259 3057 1458 3110 mentis
1517 3057 1676 3111 oculo
1731 3058 2035 3126 praevidens

468 3138 735 3208 PrOpheta
789 3153 998 3210 noster,
1051 3145 1244 3202 dilexit
1291 3163 1407 3203 eas.
1463 3149 1537 3203 De
1570 3149 1652 3203 his
1686 3160 1869 3204 autem
1910 3167 2033 3204 vcr-

469 3231 551 3286 his
576 3249 590 3286 :
629 3233 846 3290 Domine
874 3237 1146 3304 virtutum,
1167 3239 1374 3295 dictum
1404 3249 1507 3301 est.
1537 3241 1589 3294 in
1615 3242 1822 3308 psalmo
1839 3258 2026 3297 Lxxtx.
2058 3265 2102 3324 α

535 3321 889 3394 Coucnpisrit,
928 3339 974 3381 el
1003 3327 1180 3398 deﬁcit
1235 3331 1417 3384 anima
1465 3348 1579 3386 mea
1618 3334 1670 3387 in
1703 3332 1856 3385 aulas
1929 3333 2035 3386 Do-

2736 2045 3031 2099 ΨΑΛΜΟΣ
3061 2043 3185 2099 III".

2211 2136 2322 2190 Καὶ
2366 2139 2394 2191 ὁ
2447 2137 2802 2208 ὀγδοηκοστὸς
2847 2138 3063 2208 ψαλμδς
3105 2139 3368 2208 τοιαύτην
3420 2138 3565 2209 ἔλαχε
3599 2140 3679 2210 τὴν

2139 2229 2488 2301 ἐπιγραφήν
2523 2231 2620 2300 καὶ
2655 2232 2809 2304 ζήτει
2862 2233 3013 2286 ἐκεῖ·
3046 2234 3177 2304 περὶ
3225 2233 3440 2286 τούτων
3487 2229 3570 2286 οὖν
3591 2232 3679 2286 τῶν

2137 2320 2312 2392 ληνῶν
2339 2323 2366 2374 ὁ
2397 2323 2564 2376 Δαδὶδ
2591 2323 2686 2380 νῦν
2711 2324 2983 2390 διέξεισιν.

2220 2505 2314 2571 Ὠς
2350 2505 2624 2576 ἀγαπητὰ
2660 2507 2732 2561 τὰ
2783 2507 3148 2576 σκηνώματά
3199 2521 3339 2572 σου,
3389 2510 3555 2574 Κύριε
3585 2503 3679 2561 (ὧν

2137 2597 2452 2665 δυνάμεων
2467 2599 2488 2651 .'
2527 2598 2600 2651 Τὸ
2641 2599 2734 2665 Ὠς
2757 2598 2990 2652 ἐνταῦθα
3019 2599 3264 2652 τοιοῦτόν
3295 2602 3464 2661 ἐστιν,
3485 2596 3581 2653 οἷον
3601 2602 3676 2653 καὶ

2137 2687 2217 2750 τὸ,
2259 2687 2352 2751 Ὠς
2372 2687 2593 2754 ἀγαθὸς
2620 2691 2653 2741 ό
2685 2688 2829 2754 Θεὸς
2854 2687 2931 2753 τῷ
2952 2688 3202 2757 Ἰσραήλ
3216 2689 3238 2741 .’
3262 2691 3368 2742 Καὶ
3402 2692 3547 2761 ζήτει
3568 2691 3678 2760 ψαλο

2140 2777 2238 2845 μὸν
2271 2777 2369 2846 οβ’.
2413 2777 2753 2847 Σκηνώματα
2783 2778 2837 2831 δὲ
2876 2779 3021 2846 λέγει
3087 2781 3186 2843 τὰς
3221 2783 3366 2834 κατὰ
3394 2782 3550 2834 τόπον
3585 2784 3680 2835 Ἐκ-

2135 2868 2384 2936 κλησίας.
2403 2869 2460 2922 ἐν
2500 2863 2586 2931 αἷς
2610 2872 2643 2939 ἡ
2666 2870 2782 2922 θεία
2824 2873 3066 2924 κατοικεῖ
3096 2872 3256 2942 χάρις
3281 2888 3292 2900 ’
3329 2873 3392 2937 ἃς
3421 2891 3675 2944 προεωρα-

2136 2959 2247 3023 κὼς
2273 2961 2301 3012 ὁ
2349 2961 2641 3031 Προφήτης
2673 2963 2948 3032 ἠγάπησε.
2992 2963 3129 3034 Περὶ
3163 2964 3219 3018 δὲ
3248 2963 3368 3019 τοῦ.
3395 2967 3565 3035 Κύριε
3582 2965 3676 3019 τῶν

2136 3053 2466 3122 δυνάμεων,
2503 3056 2716 3124 εἴρηται
2742 3056 2800 3108 ὲν
2837 3055 2914 3125 τῷ
2947 3055 3024 3108 οϐ’
3054 3055 3276 3126 ψαλμῷ.
3407 3059 3411 3062 ’

2207 3325 2520 3380 Ἐπιποθεῖ
2548 3325 2644 3380 καί
2667 3323 2931 3380 ἐκλείπει
2951 3325 2988 3390 ἠ
3022 3323 3193 3394 ψυχή
3216 3340 3337 3395 μου
3358 3325 3444 3390 εἱς
3483 3324 3579 3391 τὰς
3595 3321 3681 3378 οὐ·

466 3420 615 3474 mini.
671 3419 868 3478 Anima
915 3439 1034 3480 mea
1070 3423 1279 3486 deﬁcit,
1313 3427 1543 3494 cupiens
1600 3427 1664 3480 ad
1720 3426 2034 3495 hujusmodi

2156 3418 2251 3485 ῑὰς
2270 3419 2375 3472 τοῦ
2399 3419 2644 3485 Κυρίου.
2684 3416 2977 3480 Ἐκλείπει,
3009 3415 3266 3485 ἀποδημῆ
3276 3433 3365 3470 σαι
3388 3413 3682 3485 γλισχομένη

465 3511 728 3566 ecclesias
762 3516 1050 3583 pervenire
1085 3535 1097 3570 :
1130 3532 1270 3584 quas
1301 3519 1455 3572 aulas
1504 3519 1599 3572 Dei
1640 3518 1804 3572 etiam
1853 3519 2038 3586 appel-

465 3603 620 3670 lavit,
653 3605 780 3674 quia
813 3607 867 3660 in
905 3608 984 3663 eis
1022 3618 1294 3673 moratur,
1351 3625 1413 3664 ac
1475 3622 1834 3664 conversatur
1875 3611 2035 3665 Chri-

465 3704 605 3751 stus.
651 3697 768 3763 Vel,
802 3699 1008 3765 deﬁcit,
1056 3703 1157 3756 hoc
1191 3713 1296 3767 est,
1325 3701 1650 3756 dissolvitur
1681 3717 1745 3755 ac
1773 3702 2036 3755 debilita-

467 3793 581 3847 tur.
636 3787 810 3842 nimio
867 3791 1081 3844 scilicet
1150 3791 1375 3860 fatigata
1438 3792 1733 3846 desiderio.
1772 3793 2038 3863 Dicuntur

462 3875 606 3928 enim
653 3878 910 3934 ardentes
968 3891 1242 3934 amatores
1293 3880 1556 3943 deiicere,
1602 3881 1696 3951 qui
1729 3888 1921 3934 ornatae
1959 3881 2037 3938 rei

461 3965 886 4035 disiunctionem
923 3969 1068 4024 l'erre
1098 3980 1404 4038 nequeunt.
1441 3971 1701 4041 Quisquis
1729 3973 1889 4028 etiam
1921 3989 2036 4028 ece-

465 4057 656 4112 lcstem
692 4060 898 4128 appetit
923 4060 1152 4130 Regem,
1192 4063 1374 4118 dicere
1399 4073 1596 4132 potoltst,
1631 4081 1794 4133 quam
1822 4066 2035 4122 amabi-

464 4147 533 4199 lia
566 4159 693 4204 sunt
721 4152 1076 4206 tabernacula
1115 4154 1206 4208 illa
1244 4162 1334 4208 tua
1383 4155 1798 4220 imellectualia,
1837 4173 1958 4224 qure
1985 4157 2037 4212 iu

462 4240 620 4294 caelis
671 4253 800 4298 sunt
831 4245 842 4299 ι
904 4245 1028 4310 illm,
1071 4246 1316 4315 inquam,
1349 4249 1486 4303 aulae
1513 4249 1788 4305 omlestes.
1819 4249 2036 4304 Coucu~

463 4331 675 4400 pisoere
713 4342 892 4388 autem
923 4336 1128 4403 posuit,
1159 4354 1256 4406 pro
1286 4337 1610 4394 Festiuare.

533 4422 637 4479 Cor
663 4441 834 4478 meum
867 4435 917 4480 et
943 4443 1093 4494 cura,
1123 4445 1238 4482 mea
1262 4430 1660 4484 exsultaverunt
1687 4431 1738 4484 in
1770 4429 1936 4484 Deum
1964 4431 2039 4484 vi-

460 4533 602 4570 vum.
635 4514 758 4572 Non
787 4517 893 4573 hoc
930 4527 1170 4585 tantum,
1209 4522 1407 4589 inquit,
1443 4522 1864 4578 aceiditanimm
1883 4537 2037 4586 mea},

2137 3510 2274 3581 πρὸς
2306 3509 2509 3574 ταύτας
2533 3523 2547 3538 ⁸
2599 3509 2666 3568 ἃς
2695 3511 2788 3562 καὶ
2842 3509 3016 3572 αὐλὰς
3062 3509 3267 3578 ὁμοίως
3297 3507 3592 3578 ὠνόμασεν,
3621 3504 3682 3566 ὡς

2139 3601 2373 3672 ἐνδιαιτή
2385 3618 2529 3671 ματα
2561 3601 2651 3653 τοῦ
2683 3600 2944 3670 Χριστοῦ.
2979 3603 3049 3654 Ἢ
3080 3600 3400 3662 Ἐκλείπει,
3440 3598 3558 3652 ἀντὶ
3582 3594 3679 3660 τοῦ,

2149 3692 2452 3757 Ἐκλύεται,
2503 3694 2684 3747 ἀτονεῖ
2713 3693 2790 3761 τῷ
2820 3692 3062 3763 περιττῷ
3089 3691 3238 3760 πόθῳ
3266 3686 3682 3760 ταλαιπωρουμέ-

2136 3802 2225 3850 νη.
2273 3784 2508 3854 Λέγεται
2557 3786 2613 3839 δὲ
2653 3786 2714 3838 τὸ
2754 3785 3027 3838 ἐκλείπειν
3081 3785 3176 3836 ἐπὶ
3200 3782 3308 3836 τῶν
3338 3782 3553 3852 θερμῶν
3579 3783 3681 3848 ἐρα·

2139 3875 2302 3941 στῶν,
2357 3876 2431 3944 μὴ
2491 3874 2805 3945 δυναμένων
2867 3874 3164 3941 ὑπομεῖναι
3198 3871 3278 3940 τῷ
3313 3870 3568 3942 χωρισμῷ
3593 3869 3680 3920 τῶν

2139 3967 2513 4037 ποθουμένων.
2563 3967 2672 4020 Καὶ
2709 3966 2816 4028 πᾶς
2846 3965 2903 4018 δὲ
2933 3967 2961 4018 ὁ
2989 3964 3083 4034 τῆς
3125 3962 3382 4031 οὐρανίου
3432 3957 3680 4014 καταπαύ-

2141 4078 2278 4123 σεως
2325 4061 2654 4131 ὀρεγόμενος
2689 4057 2833 4112 εἴποι
2877 4057 2943 4112 ἂν
2979 4057 3237 4125 ἀγαπητὰ
3271 4056 3594 4124 σκηνώματα
3625 4049 3680 4101 τὰ

2138 4156 2325 4224 νοητὰ,
2368 4155 2436 4206 τὰ
2465 4156 2522 4206 ἓν
2558 4153 2829 4223 οὐρανοῖς.
2860 4150 2941 4203 Τὰ
2966 4149 3020 4204 δὲ
3045 4149 3188 4202 αὐτὰ
3217 4149 3313 4203 καὶ
3339 4147 3525 4210 αὐλάς.
3547 4145 3684 4199 Ἐπι-

2138 4247 2311 4302 ποθεῖ
2332 4246 2410 4308 δὲ,
2451 4245 2570 4298 ἀντὶ
2601 4242 2720 4307 τοῦ,
2746 4243 3086 4310 Ἐπείγεται.

2225 4419 2294 4474 Ἦ
2317 4418 2527 4488 καρδία
2544 4435 2664 4488 μου
2699 4415 2799 4470 καί
2843 4417 2879 4485 ἡ
2927 4413 3084 4483 σάρξ
3121 4431 3241 4483 μου
3270 4409 3685 4510 Mandant-to

2139 4513 2239 4567 ἐπί
2289 4511 2438 4568 Θεὸν
2473 4509 2677 4573 ζῶντα.
2714 4509 2824 4563 Καὶ
2849 4510 2946 4580 οὐχ
2978 4510 3011 4578 ἡ
3053 4508 3199 4578 ψυχή
3253 4523 3356 4575 μου
3392 4505 3522 4574 μόνη
3550 4505 3684 4553 τοῦτο

463 4609 558 4666 sed
588 4617 641 4664 et
667 4627 871 4681 corpus
897 4629 1076 4668 meum
1112 4614 1168 4668 in
1191 4615 1412 4670 Christo
1441 4616 1682 4670 lanatum
1709 4626 1812 4670 est.
1838 4615 2032 4670 Vivum

2156 4601 2431 4666 πέπονθεν,
2463 4601 2602 4654 ἀλλὰ
2627 4603 2721 4654 καὶ
2746 4601 2807 4652 τὸ
2847 4599 3008 4669 σῶμα
3031 4600 3206 4669 ἐχάρη
3241 4598 3336 4650 ἐπὶ
3371 4597 3449 4668 τῷ
3473 4591 3683 4681 Χριστῷ.

465 4711 646 4756 autem
677 4703 821 4771 (seu,
847 4714 909 4759 ut
941 4704 994 4758 in
1028 4704 1217 4760 Graeco
1243 4706 1498 4772 habetur,
1528 4707 1826 4778 viventem)
1868 4709 2033 4763 Deum

465 4788 782 4862 appellavit,
817 4804 1042 4865 propter
1076 4797 1222 4850 idola
1255 4813 1378 4867 qum
1422 4806 1638 4852 mortua
1669 4815 1795 4856 esse
1837 4799 2038 4854 dieue-

466 4893 613 4957 tur:
664 4885 746 4940 vel
809 4887 937 4956 quia
1003 4903 1034 4943 a
1099 4889 1336 4945 mortuis
1389 4888 1660 4959 .Christus
1716 4891 2039 4946 resurrexit.

466 4975 652 5030 Primo
684 4984 867 5031 autem
899 4993 995 5032 cor
1024 4979 1205 5050 ipsum
1253 4981 1440 5038 laetitia
1467 4982 1724 5046 aﬂicitur,
1759 4991 1813 5036 et
1843 4983 2039 5038 deinde

463 5064 726 5143 gaudium
754 5068 807 5123 in
839 5070 1155 5132 universum
1191 5088 1396 5144 corpus
1427 5073 1771 5130 diﬂ‘unditur.

535 5157 702 5216 Vsus.
733 5162 788 5219 4.
844 5161 1058 5218 Etenim
1097 5182 1280 5235 passer
1335 5169 1526 5222 invenit
1562 5168 1663 5220 sibi
1718 5167 1952 5231 domum,
1994 5177 2043 5222 et

463 5257 640 5305 turtur
660 5253 842 5311 nidum
857 5257 981 5325 sibi,
1022 5257 1114 5312 ubi
1141 5268 1301 5328 ponat
1333 5261 1508 5330 pullos
1531 5276 1676 5324 suos,
1703 5260 1902 5314 altaria
1929 5269 2040 5326 tua,

467 5339 688 5398 Domine
739 5346 1015 5404 virtutum.
1052 5347 1342 5406 Passerem
1376 5351 1617 5406 animam
1651 5351 1908 5420 appellat,
1954 5365 2044 5407 ve-

464 5431 562 5490 luti
597 5451 719 5504 quae
748 5438 819 5494 ab
870 5440 1229 5498 intellectuali
1292 5457 1528 5512 aucupe,
1591 5441 1829 5512 laqueis,
1881 5451 2044 5513 atque

465 5525 591 5591 aliis
625 5528 1023 5598 multiplicibus
1057 5533 1276 5590 insidiis
1303 5533 1606 5604 impetitur.
1643 5533 1840 5588 Anima
1869 5533 2042 5599 enim,

472 5615 674 5686 inquit,
701 5637 816 5675 mea
848 5624 982 5678 sicut
1010 5641 1196 5694 passer
1225 5636 1405 5694 erepta
1426 5635 1502 5680 est
1537 5626 1600 5681 de
1623 5625 1809 5696 laqueo
1846 5641 2042 5680 vertan-

467 5711 598 5776 tium
630 5712 673 5766 '.
716 5713 819 5769 Per
847 5725 1122 5778 turturem
1162 5709 1330 5776 simili
1362 5719 1523 5775 modo
1572 5729 1781 5776 casmm
1818 5733 2040 5774 omnem

541 5893 560 5930 '
592 5892 733 5948 I‘sal.
791 5912 982 5956 cuiu.
1011 5899 1066 5958 ’ῖς

2159 4695 2478 4766 Ἀδιάψορος
2527 4694 2583 4747 δὲ
2630 4695 2664 4763 ἡ
2705 4692 2978 4758 σύνταξις.
3015 4692 3201 4745 Ζῶντα
3253 4689 3311 4742 δὲ
3358 4689 3514 4741 αὑτὸν
3561 4679 3686 4737 εἶπεν

2140 4788 2230 4842 διὰ
2257 4789 2322 4841 τὰ
2375 4787 2546 4856 νεκρὰ
2573 4786 2766 4840 εἴδωλα
2792 4801 2806 4815 ’
2842 4786 2875 4857 ἢ
2916 4783 3010 4836 καὶ
3040 4783 3116 4845 ὡς
3164 4781 3475 4835 ἀναστάντα
3525 4780 3582 4831 ὲκ
3615 4792 3686 4830 νε·

2144 4878 2314 4950 κρῶν.
2360 4877 2569 4948 Πρώτη
2600 4876 2658 4929 δὲ
2711 4877 2744 4942 ή
2799 4874 2999 4946 καρδία
3028 4871 3212 4944 χαίρει
3238 4887 3252 4902 ’
3291 4866 3414 4925 εἶτα
3451 4868 3686 4938 διαχεῖται

2143 4974 2177 5041 ἡ
2220 4970 2365 5042 χαρὰ
2387 4971 2483 5023 καὶ
2507 4969 2601 5022 ἐπὶ
2629 4969 2690 5021 τὸ
2721 4967 2850 5022 ἄλλο
2884 4966 3068 5035 σῶμα..

2213 5154 2323 5208 Καὶ
2383 5153 2492 5222 γὰρ
2535 5150 2861 5218 στρουθίον
2903 5143 3081 5215 εὗρεν
3124 5144 3318 5210 ἑαυτῷ
3350 5144 3552 5209 οὶκίαν,
3607 5133 3687 5190 καί

2140 5246 2373 5318 τρυγὼν
2396 5243 2656 5300 νοσσιὰν
2680 5239 2886 5310 ἑαυτῇ,
2922 5237 2992 5296 οὗ
3029 5240 3202 5307 θήσει
3235 5239 3308 5293 τὰ
3333 5238 3543 5294 νοσσία
3569 5235 3686 5286 ἐαυ-

2141 5336 2274 5405 τῆς,
2303 5336 2375 5389 τὰ
2399 5332 2798 5402 θυσιαστήριά
2843 5346 2980 5394 σου,
3013 5331 3187 5400 Κύριε
3214 5329 3334 5383 τῶν
3389 5325 3685 5393 δυνάμεων.

2148 5426 2437 5500 Στρουθίον
2486 5426 2643 5480 καλεί
2676 5426 2774 5495 τὴν
2822 5421 3314 5492 ἐπιϐουλευομένην
3362 5419 3531 5491 ψυχὴν
3597 5410 3686 5466 ὑπ’)

2149 5521 2258 5575 τῶν
2293 5520 2502 5590 νοητῶν
2531 5517 2810 5589 θηρευτῶν
2839 5534 2854 5550 ⁸
2874 5519 2941 5571 ’Π
2962 5515 3133 5586 ψυχή
3168 5515 3299 5584 γὰρ,
3337 5504 3686 5582 φησ¹ιν,ἠμῶι⁶ς

2151 5615 2231 5679 ὡς
2253 5614 2569 5678 στρουθίον
2587 5612 2848 5681 seponam
2877 5609 2943 5664 ἐκ
2972 5608 3078 5678 τῆς
3106 5605 3357 5676 παγίδος
3373 5603 3484 5658 τῶν
3506 5604 3684 5664 θηρευι

2152 5706 2270 5764 τῶν
2295 5725 2307 5738 ·
2334 5707 2583 5778 Τρυγόνα
2614 5705 2688 5772 δὲ,
2714 5705 2810 5776 τὴν
2852 5703 3104 5774 σώφρονα
3129 5699 3326 5772 ψυχὴν,
3372 5698 3461 5752 καὶ
3489 5689 3681 5762 siml”
