  <div class='ocr_page' id='page_1' title='image "/cluster/home/n/w/nwhite01/storage/ocr_20150623/128/hvd.32044019208230/440.png"; bbox 0 0 3862 6530; ppageno 0'>
   <div class='ocr_carea' id='block_1_1' title="bbox 145 347 240 413">
    <p class='ocr_par' dir='ltr' id='par_1_1' title="bbox 145 347 240 413">
     <span class='ocr_line' id='line_1_1' title="bbox 145 347 240 413; baseline 0.021 -2"><span class='ocrx_word' id='word_1_1' title='bbox 145 347 240 413; x_wconf 78' lang='lat'><strong>865</strong></span> 
     </span>
    </p>
   </div>
   <div class='ocr_carea' id='block_1_2' title="bbox 1285 362 2222 428">
    <p class='ocr_par' dir='ltr' id='par_1_2' title="bbox 1285 362 2222 428">
     <span class='ocr_line' id='line_1_2' title="bbox 1285 362 2222 428; baseline 0.002 -5"><span class='ocrx_word' id='word_1_2' title='bbox 1285 362 1682 428; x_wconf 80' lang='lat' dir='ltr'><strong>COMMENT.</strong></span> <span class='ocrx_word' id='word_1_3' title='bbox 1728 367 1812 426; x_wconf 86' lang='lat' dir='ltr'><strong>IN</strong></span> <span class='ocrx_word' id='word_1_4' title='bbox 1856 366 2222 428; x_wconf 83' lang='lat' dir='ltr'><strong>PSALMOS.</strong></span> 
     </span>
    </p>
   </div>
   <div class='ocr_carea' id='block_1_3' title="bbox 3271 369 3381 434">
    <p class='ocr_par' dir='ltr' id='par_1_3' title="bbox 3271 369 3381 434">
     <span class='ocr_line' id='line_1_3' title="bbox 3271 369 3381 434; baseline -0.018 0"><span class='ocrx_word' id='word_1_5' title='bbox 3271 369 3381 434; x_wconf 79' lang='lat'><em>866</em></span> 
     </span>
    </p>
   </div>
   <div class='ocr_carea' id='block_1_4' title="bbox 142 461 1689 552">
    <p class='ocr_par' dir='ltr' id='par_1_4' title="bbox 142 461 1689 552">
     <span class='ocr_line' id='line_1_4' title="bbox 142 461 1689 552; baseline 0.01 -41"><span class='ocrx_word' id='word_1_6' title='bbox 142 476 241 529; x_wconf 78' lang='grc' dir='ltr'>χον,</span> <span class='ocrx_word' id='word_1_7' title='bbox 269 463 374 552; x_wconf 31' lang='grc' dir='ltr'>καὶ-</span> <span class='ocrx_word' id='word_1_8' title='bbox 408 465 612 536; x_wconf 83' lang='grc' dir='ltr'>γοεράν</span> <span class='ocrx_word' id='word_1_9' title='bbox 635 483 650 497; x_wconf 82' lang='lat'><strong>&#39;</strong></span> <span class='ocrx_word' id='word_1_10' title='bbox 683 461 752 536; x_wconf 76' lang='grc' dir='ltr'>ἧς</span> <span class='ocrx_word' id='word_1_11' title='bbox 799 470 1011 536; x_wconf 78' lang='grc' dir='ltr'><strong>νοσσία,</strong></span> <span class='ocrx_word' id='word_1_12' title='bbox 1053 470 1334 525; x_wconf 78' lang='grc' dir='ltr'><strong>τουτέστιν</strong></span> <span class='ocrx_word' id='word_1_13' title='bbox 1374 473 1598 541; x_wconf 71' lang='grc' dir='ltr'>ἔκγονα,</span> <span class='ocrx_word' id='word_1_14' title='bbox 1639 475 1689 527; x_wconf 80' lang='grc' dir='ltr'><strong>αι</strong></span> 
     </span>
    </p>
   </div>
   <div class='ocr_carea' id='block_1_5' title="bbox 1807 461 3382 552">
    <p class='ocr_par' dir='ltr' id='par_1_5' title="bbox 1807 475 3382 552">
     <span class='ocr_line' id='line_1_5' title="bbox 1807 475 3382 552; baseline 0.005 -22"><span class='ocrx_word' id='word_1_15' title='bbox 1807 476 2036 530; x_wconf 75' lang='lat' dir='ltr'><strong>animam</strong></span> <span class='ocrx_word' id='word_1_16' title='bbox 2075 475 2358 547; x_wconf 79' lang='lat' dir='ltr'><strong>intelligit,</strong></span> <span class='ocrx_word' id='word_1_17' title='bbox 2395 490 2516 546; x_wconf 69' lang='lat' dir='ltr'><strong>quae</strong></span> <span class='ocrx_word' id='word_1_18' title='bbox 2563 482 2618 532; x_wconf 90' lang='lat' dir='ltr'><strong>et</strong></span> <span class='ocrx_word' id='word_1_19' title='bbox 2657 483 2853 533; x_wconf 72' lang='lat' dir='ltr'><strong>moesta</strong></span> <span class='ocrx_word' id='word_1_20' title='bbox 2883 477 2976 545; x_wconf 87' lang='lat' dir='ltr'><strong>sit,</strong></span> <span class='ocrx_word' id='word_1_21' title='bbox 3025 487 3081 535; x_wconf 88' lang='lat' dir='ltr'><strong>et</strong></span> <span class='ocrx_word' id='word_1_22' title='bbox 3131 481 3382 552; x_wconf 81' lang='lat' dir='ltr'><strong>quietem</strong></span> 
     </span>
    </p>
   </div>
   <div class='ocr_carea' id='block_1_6' title="bbox 141 548 1704 638">
    <p class='ocr_par' dir='ltr' id='par_1_6' title="bbox 141 548 1704 638">
     <span class='ocr_line' id='line_1_6' title="bbox 141 548 1704 638; baseline 0.006 -26"><span class='ocrx_word' id='word_1_23' title='bbox 141 552 329 628; x_wconf 80' lang='grc' dir='ltr'>ἀρεταί.</span> <span class='ocrx_word' id='word_1_24' title='bbox 363 548 454 609; x_wconf 82' lang='grc' dir='ltr'>Ἐν</span> <span class='ocrx_word' id='word_1_25' title='bbox 481 559 603 620; x_wconf 73' lang='grc' dir='ltr'>ταῖς</span> <span class='ocrx_word' id='word_1_26' title='bbox 638 557 998 632; x_wconf 82' lang='grc' dir='ltr'>Ἐκκλησίαις</span> <span class='ocrx_word' id='word_1_27' title='bbox 1055 563 1164 635; x_wconf 76' lang='grc' dir='ltr'>γὰρ</span> <span class='ocrx_word' id='word_1_28' title='bbox 1205 564 1390 634; x_wconf 78' lang='grc' dir='ltr'>ἔχουσι</span> <span class='ocrx_word' id='word_1_29' title='bbox 1422 568 1521 638; x_wconf 79' lang='grc' dir='ltr'>τὴν</span> <span class='ocrx_word' id='word_1_30' title='bbox 1578 567 1704 621; x_wconf 83' lang='grc' dir='ltr'>σκέ-</span> 
     </span>
    </p>
   </div>
   <div class='ocr_carea' id='block_1_7' title="bbox 146 650 1702 724">
    <p class='ocr_par' dir='ltr' id='par_1_7' title="bbox 146 650 1702 724">
     <span class='ocr_line' id='line_1_7' title="bbox 146 650 1702 724; baseline 0.007 -23"><span class='ocrx_word' id='word_1_31' title='bbox 146 669 239 720; x_wconf 86' lang='grc' dir='ltr'><strong>πην</strong></span> <span class='ocrx_word' id='word_1_32' title='bbox 287 650 343 704; x_wconf 72' lang='lat' dir='ltr'><strong>at</strong></span> <span class='ocrx_word' id='word_1_33' title='bbox 387 650 640 706; x_wconf 80' lang='grc' dir='ltr'>τοιαῦται</span> <span class='ocrx_word' id='word_1_34' title='bbox 692 653 886 724; x_wconf 78' lang='grc' dir='ltr'>ψυχαί.</span> <span class='ocrx_word' id='word_1_35' title='bbox 941 650 1024 711; x_wconf 85' lang='grc' dir='ltr'><strong>Οὖ</strong></span> <span class='ocrx_word' id='word_1_36' title='bbox 1071 656 1130 710; x_wconf 77' lang='grc' dir='ltr'>δὲ</span> <span class='ocrx_word' id='word_1_37' title='bbox 1169 657 1364 724; x_wconf 78' lang='grc' dir='ltr'>θήσει,</span> <span class='ocrx_word' id='word_1_38' title='bbox 1409 659 1532 712; x_wconf 74' lang='grc' dir='ltr'>ἀντὶ</span> <span class='ocrx_word' id='word_1_39' title='bbox 1584 659 1702 723; x_wconf 76' lang='grc' dir='ltr'>τοῦ,</span> 
     </span>
    </p>
   </div>
   <div class='ocr_carea' id='block_1_8' title="bbox 73 740 1702 820">
    <p class='ocr_par' dir='ltr' id='par_1_8' title="bbox 73 740 1702 820">
     <span class='ocr_line' id='line_1_8' title="bbox 73 740 1702 820; baseline 0.004 -25"><span class='ocrx_word' id='word_1_40' title='bbox 73 778 79 782; x_wconf 91' lang='grc'><strong>-</strong></span> <span class='ocrx_word' id='word_1_41' title='bbox 113 740 297 796; x_wconf 81' lang='grc' dir='ltr'>’Ὅπου</span> <span class='ocrx_word' id='word_1_42' title='bbox 317 741 568 813; x_wconf 81' lang='grc' dir='ltr'>διαθήσει</span> <span class='ocrx_word' id='word_1_43' title='bbox 602 744 695 797; x_wconf 70' lang='grc' dir='ltr'>καὶ</span> <span class='ocrx_word' id='word_1_44' title='bbox 723 747 1035 818; x_wconf 71' lang='grc' dir='ltr'>ἐνεργήσει.</span> <span class='ocrx_word' id='word_1_45' title='bbox 1063 748 1170 802; x_wconf 77' lang='grc' dir='ltr'><strong>Καὶ</strong></span> <span class='ocrx_word' id='word_1_46' title='bbox 1199 747 1372 812; x_wconf 73' lang='grc' dir='ltr'>ἄλλως</span> <span class='ocrx_word' id='word_1_47' title='bbox 1401 748 1481 815; x_wconf 82' lang='grc' dir='ltr'>δὲ,</span> <span class='ocrx_word' id='word_1_48' title='bbox 1505 765 1702 820; x_wconf 67' lang='lat' dir='ltr'><strong>espou-</strong></span> 
     </span>
    </p>
   </div>
   <div class='ocr_carea' id='block_1_9' title="bbox 143 833 1703 911">
    <p class='ocr_par' dir='ltr' id='par_1_9' title="bbox 143 833 1703 911">
     <span class='ocr_line' id='line_1_9' title="bbox 143 833 1703 911; baseline 0.005 -24"><span class='ocrx_word' id='word_1_49' title='bbox 143 835 240 888; x_wconf 82' lang='grc' dir='ltr'>θίον</span> <span class='ocrx_word' id='word_1_50' title='bbox 268 833 363 903; x_wconf 74' lang='grc' dir='ltr'><strong>μὲν</strong></span> <span class='ocrx_word' id='word_1_51' title='bbox 416 836 446 888; x_wconf 95' lang='lat'><strong>6</strong></span> <span class='ocrx_word' id='word_1_52' title='bbox 473 836 862 906; x_wconf 80' lang='grc' dir='ltr'>Χριστιανικδς</span> <span class='ocrx_word' id='word_1_53' title='bbox 889 838 1037 904; x_wconf 77' lang='grc' dir='ltr'>λαὸς,</span> <span class='ocrx_word' id='word_1_54' title='bbox 1072 839 1559 911; x_wconf 69' lang='grc' dir='ltr'>ἐπιϐουλευόμενος</span> <span class='ocrx_word' id='word_1_55' title='bbox 1596 841 1703 895; x_wconf 78' lang='grc' dir='ltr'><strong>ὑπό</strong></span> 
     </span>
    </p>
   </div>
   <div class='ocr_carea' id='block_1_10' title="bbox 140 925 1700 1002">
    <p class='ocr_par' dir='ltr' id='par_1_10' title="bbox 140 925 1700 1002">
     <span class='ocr_line' id='line_1_10' title="bbox 140 925 1700 1002; baseline 0.006 -24"><span class='ocrx_word' id='word_1_56' title='bbox 140 944 190 979; x_wconf 83' lang='grc' dir='ltr'><strong>τε</strong></span> <span class='ocrx_word' id='word_1_57' title='bbox 214 925 315 979; x_wconf 84' lang='grc' dir='ltr'><strong>τῶν</strong></span> <span class='ocrx_word' id='word_1_58' title='bbox 351 927 630 998; x_wconf 72' lang='grc' dir='ltr'><strong>αἰσθητῶν</strong></span> <span class='ocrx_word' id='word_1_59' title='bbox 680 931 776 984; x_wconf 79' lang='grc' dir='ltr'>καὶ</span> <span class='ocrx_word' id='word_1_60' title='bbox 809 932 1017 1002; x_wconf 80' lang='grc' dir='ltr'>νοητῶν</span> <span class='ocrx_word' id='word_1_61' title='bbox 1049 932 1352 1002; x_wconf 86' lang='grc' dir='ltr'>θηρευτῶν,</span> <span class='ocrx_word' id='word_1_62' title='bbox 1405 932 1700 1002; x_wconf 59' lang='grc' dir='ltr'>δαιμόνων,</span> 
     </span>
    </p>
   </div>
   <div class='ocr_carea' id='block_1_11' title="bbox 142 1018 1700 1096">
    <p class='ocr_par' dir='ltr' id='par_1_11' title="bbox 142 1018 1700 1096">
     <span class='ocr_line' id='line_1_11' title="bbox 142 1018 1700 1096; baseline 0.005 -26"><span class='ocrx_word' id='word_1_63' title='bbox 142 1019 285 1086; x_wconf 70' lang='grc' dir='ltr'>φημὶ,</span> <span class='ocrx_word' id='word_1_64' title='bbox 327 1019 421 1071; x_wconf 78' lang='grc' dir='ltr'>καὶ</span> <span class='ocrx_word' id='word_1_65' title='bbox 445 1018 755 1089; x_wconf 81' lang='grc' dir='ltr'>ἀνθρώπων</span> <span class='ocrx_word' id='word_1_66' title='bbox 781 1023 995 1077; x_wconf 74' lang='grc' dir='ltr'>ἀσεϐῶν</span> <span class='ocrx_word' id='word_1_67' title='bbox 1024 1039 1039 1057; x_wconf 80' lang='grc'><strong><em>⁸</em></strong></span> <span class='ocrx_word' id='word_1_68' title='bbox 1069 1023 1288 1096; x_wconf 85' lang='grc' dir='ltr'>τρυγὼν</span> <span class='ocrx_word' id='word_1_69' title='bbox 1321 1025 1378 1078; x_wconf 82' lang='grc' dir='ltr'>δὲ</span> <span class='ocrx_word' id='word_1_70' title='bbox 1433 1026 1541 1089; x_wconf 77' lang='grc' dir='ltr'>πᾶς</span> <span class='ocrx_word' id='word_1_71' title='bbox 1579 1026 1700 1080; x_wconf 66' lang='lat' dir='ltr'><strong>irri-</strong></span> 
     </span>
    </p>
   </div>
   <div class='ocr_carea' id='block_1_12' title="bbox 142 1111 1704 1180">
    <p class='ocr_par' dir='ltr' id='par_1_12' title="bbox 142 1111 1704 1180">
     <span class='ocr_line' id='line_1_12' title="bbox 142 1111 1704 1180; baseline 0.006 -18"><span class='ocrx_word' id='word_1_72' title='bbox 142 1127 318 1173; x_wconf 72' lang='grc' dir='ltr'>σκοπός</span> <span class='ocrx_word' id='word_1_73' title='bbox 369 1111 467 1164; x_wconf 81' lang='grc' dir='ltr'>καὶ</span> <span class='ocrx_word' id='word_1_74' title='bbox 496 1112 817 1177; x_wconf 70' lang='grc' dir='ltr'>διδάσκαλος</span> <span class='ocrx_word' id='word_1_75' title='bbox 850 1115 1170 1180; x_wconf 79' lang='grc' dir='ltr'>εὐσεδείας·</span> <span class='ocrx_word' id='word_1_76' title='bbox 1225 1116 1278 1171; x_wconf 83' lang='grc' dir='ltr'>οἳ</span> <span class='ocrx_word' id='word_1_77' title='bbox 1315 1119 1372 1170; x_wconf 74' lang='grc' dir='ltr'>ἐν</span> <span class='ocrx_word' id='word_1_78' title='bbox 1412 1119 1535 1180; x_wconf 85' lang='grc' dir='ltr'>τατς</span> <span class='ocrx_word' id='word_1_79' title='bbox 1580 1118 1704 1170; x_wconf 83' lang='grc' dir='ltr'><strong>Ἐκ-</strong></span> 
     </span>
    </p>
   </div>
   <div class='ocr_carea' id='block_1_13' title="bbox 139 1203 1699 1280">
    <p class='ocr_par' dir='ltr' id='par_1_13' title="bbox 139 1203 1699 1280">
     <span class='ocr_line' id='line_1_13' title="bbox 139 1203 1699 1280; baseline 0.004 -24"><span class='ocrx_word' id='word_1_80' title='bbox 139 1203 370 1273; x_wconf 79' lang='grc' dir='ltr'>κλησίαις</span> <span class='ocrx_word' id='word_1_81' title='bbox 435 1205 681 1259; x_wconf 72' lang='grc' dir='ltr'>τιθέασιν</span> <span class='ocrx_word' id='word_1_82' title='bbox 742 1204 838 1270; x_wconf 83' lang='grc' dir='ltr'>οὓς</span> <span class='ocrx_word' id='word_1_83' title='bbox 893 1208 1233 1277; x_wconf 82' lang='grc' dir='ltr'>ἀναγεννῶσι</span> <span class='ocrx_word' id='word_1_84' title='bbox 1287 1210 1699 1280; x_wconf 78' lang='grc' dir='ltr'><strong>πνευματικῶς.</strong></span> 
     </span>
    </p>
   </div>
   <div class='ocr_carea' id='block_1_14' title="bbox 140 1286 1705 1370">
    <p class='ocr_par' dir='ltr' id='par_1_14' title="bbox 140 1286 1705 1370">
     <span class='ocr_line' id='line_1_14' title="bbox 140 1286 1705 1370; baseline 0.006 -24"><span class='ocrx_word' id='word_1_85' title='bbox 140 1286 262 1362; x_wconf 77' lang='grc' dir='ltr'>Εὗρε</span> <span class='ocrx_word' id='word_1_86' title='bbox 307 1295 436 1364; x_wconf 73' lang='grc' dir='ltr'>γὰρ,</span> <span class='ocrx_word' id='word_1_87' title='bbox 458 1296 616 1364; x_wconf 77' lang='grc' dir='ltr'>φησὶ,</span> <span class='ocrx_word' id='word_1_88' title='bbox 645 1297 710 1350; x_wconf 83' lang='grc' dir='ltr'>τὸ</span> <span class='ocrx_word' id='word_1_89' title='bbox 742 1298 842 1365; x_wconf 79' lang='grc' dir='ltr'><strong>μὲν</strong></span> <span class='ocrx_word' id='word_1_90' title='bbox 876 1299 1077 1362; x_wconf 81' lang='grc' dir='ltr'>οίκίαν,</span> <span class='ocrx_word' id='word_1_91' title='bbox 1103 1302 1135 1370; x_wconf 82' lang='grc' dir='ltr'>ἡ</span> <span class='ocrx_word' id='word_1_92' title='bbox 1163 1301 1222 1355; x_wconf 70' lang='grc' dir='ltr'>δὲ</span> <span class='ocrx_word' id='word_1_93' title='bbox 1264 1302 1487 1355; x_wconf 81' lang='grc' dir='ltr'>νοσσιὰν</span> <span class='ocrx_word' id='word_1_94' title='bbox 1514 1302 1584 1354; x_wconf 77' lang='grc' dir='ltr'>τὰ</span> <span class='ocrx_word' id='word_1_95' title='bbox 1611 1301 1705 1355; x_wconf 84' lang='grc' dir='ltr'>θυ-</span> 
     </span>
    </p>
   </div>
   <div class='ocr_carea' id='block_1_15' title="bbox 141 1387 1705 1462">
    <p class='ocr_par' dir='ltr' id='par_1_15' title="bbox 141 1387 1705 1462">
     <span class='ocr_line' id='line_1_15' title="bbox 141 1387 1705 1462; baseline 0.007 -26"><span class='ocrx_word' id='word_1_96' title='bbox 141 1387 411 1456; x_wconf 79' lang='grc' dir='ltr'>σιαστήριά</span> <span class='ocrx_word' id='word_1_97' title='bbox 490 1403 624 1452; x_wconf 90' lang='grc' dir='ltr'>σου,</span> <span class='ocrx_word' id='word_1_98' title='bbox 672 1387 854 1442; x_wconf 81' lang='grc' dir='ltr'>εῐτουν</span> <span class='ocrx_word' id='word_1_99' title='bbox 893 1389 990 1455; x_wconf 81' lang='grc' dir='ltr'><strong>τὰς</strong></span> <span class='ocrx_word' id='word_1_100' title='bbox 1035 1391 1330 1462; x_wconf 73' lang='grc' dir='ltr'><strong>ἐκκλησίας</strong></span> <span class='ocrx_word' id='word_1_101' title='bbox 1378 1409 1497 1461; x_wconf 85' lang='grc' dir='ltr'>σου,</span> <span class='ocrx_word' id='word_1_102' title='bbox 1530 1393 1588 1447; x_wconf 81' lang='grc' dir='ltr'>ἐν</span> <span class='ocrx_word' id='word_1_103' title='bbox 1617 1387 1705 1458; x_wconf 80' lang='grc' dir='ltr'>αἷς</span> 
     </span>
    </p>
   </div>
   <div class='ocr_carea' id='block_1_16' title="bbox 139 1475 1400 1556">
    <p class='ocr_par' dir='ltr' id='par_1_16' title="bbox 139 1475 1400 1556">
     <span class='ocr_line' id='line_1_16' title="bbox 139 1475 1400 1556; baseline 0.008 -27"><span class='ocrx_word' id='word_1_104' title='bbox 139 1475 462 1548; x_wconf 64' lang='grc' dir='ltr'>ωθεκάστην</span> <span class='ocrx_word' id='word_1_105' title='bbox 483 1477 680 1539; x_wconf 18' lang='grc' dir='ltr'>,θύεται</span> <span class='ocrx_word' id='word_1_106' title='bbox 706 1482 734 1533; x_wconf 97' lang='lat'><strong>6</strong></span> <span class='ocrx_word' id='word_1_107' title='bbox 762 1483 1138 1552; x_wconf 80' lang='grc' dir='ltr'>πνευματικὸς</span> <span class='ocrx_word' id='word_1_108' title='bbox 1183 1484 1400 1556; x_wconf 76' lang='grc' dir='ltr'>Ἃμνός.</span> 
     </span>
    </p>
   </div>
   <div class='ocr_carea' id='block_1_17' title="bbox 1811 568 3388 638">
    <p class='ocr_par' dir='ltr' id='par_1_17' title="bbox 1811 568 3388 638">
     <span class='ocr_line' id='line_1_17' title="bbox 1811 568 3388 638; baseline 0.003 -14"><span class='ocrx_word' id='word_1_109' title='bbox 1811 578 2056 627; x_wconf 85' lang='lat' dir='ltr'><strong>sectetur</strong></span> <span class='ocrx_word' id='word_1_110' title='bbox 2098 585 2114 622; x_wconf 91' lang='lat'><strong>:</strong></span> <span class='ocrx_word' id='word_1_111' title='bbox 2155 568 2317 638; x_wconf 78' lang='lat' dir='ltr'><strong>cujus</strong></span> <span class='ocrx_word' id='word_1_112' title='bbox 2351 568 2508 638; x_wconf 86' lang='lat' dir='ltr'><strong>pulli,</strong></span> <span class='ocrx_word' id='word_1_113' title='bbox 2543 568 2648 624; x_wconf 88' lang='lat' dir='ltr'><strong>hoc</strong></span> <span class='ocrx_word' id='word_1_114' title='bbox 2672 578 2778 632; x_wconf 84' lang='lat' dir='ltr'><strong>est.</strong></span> <span class='ocrx_word' id='word_1_115' title='bbox 2805 571 2966 638; x_wconf 84' lang='lat' dir='ltr'><strong>cujus</strong></span> <span class='ocrx_word' id='word_1_116' title='bbox 2995 571 3116 636; x_wconf 79' lang='lat' dir='ltr'><strong>lilii,</strong></span> <span class='ocrx_word' id='word_1_117' title='bbox 3151 574 3388 630; x_wconf 89' lang='lat' dir='ltr'><strong>virtutes</strong></span> 
     </span>
    </p>
   </div>
   <div class='ocr_carea' id='block_1_18' title="bbox 1813 656 3386 726">
    <p class='ocr_par' dir='ltr' id='par_1_18' title="bbox 1813 656 3386 726">
     <span class='ocr_line' id='line_1_18' title="bbox 1813 656 3386 726; baseline 0.003 -14"><span class='ocrx_word' id='word_1_118' title='bbox 1813 667 1961 713; x_wconf 90' lang='lat' dir='ltr'><strong>sunt.</strong></span> <span class='ocrx_word' id='word_1_119' title='bbox 1997 656 2212 712; x_wconf 85' lang='lat' dir='ltr'><strong>Habent</strong></span> <span class='ocrx_word' id='word_1_120' title='bbox 2241 667 2422 713; x_wconf 86' lang='lat' dir='ltr'><strong>autem</strong></span> <span class='ocrx_word' id='word_1_121' title='bbox 2453 657 2773 726; x_wconf 90' lang='lat' dir='ltr'><strong>hujusmodi</strong></span> <span class='ocrx_word' id='word_1_122' title='bbox 2803 659 3073 714; x_wconf 71' lang='lat' dir='ltr'><strong>animaain</strong></span> <span class='ocrx_word' id='word_1_123' title='bbox 3101 659 3386 726; x_wconf 84' lang='lat' dir='ltr'><strong>Ecclesiis,</strong></span> 
     </span>
    </p>
   </div>
   <div class='ocr_carea' id='block_1_19' title="bbox 1811 748 3383 821">
    <p class='ocr_par' dir='ltr' id='par_1_19' title="bbox 1811 748 3383 821">
     <span class='ocr_line' id='line_1_19' title="bbox 1811 748 3383 821; baseline 0.001 -19"><span class='ocrx_word' id='word_1_124' title='bbox 1811 749 1969 820; x_wconf 82' lang='lat' dir='ltr'><strong>quasi</strong></span> <span class='ocrx_word' id='word_1_125' title='bbox 2005 748 2060 803; x_wconf 90' lang='lat' dir='ltr'><strong>in</strong></span> <span class='ocrx_word' id='word_1_126' title='bbox 2087 749 2414 819; x_wconf 81' lang='lat' dir='ltr'><strong>quibusdam</strong></span> <span class='ocrx_word' id='word_1_127' title='bbox 2441 749 2736 806; x_wconf 83' lang='lat' dir='ltr'><strong>tutissimis</strong></span> <span class='ocrx_word' id='word_1_128' title='bbox 2765 751 2932 816; x_wconf 89' lang='lat' dir='ltr'><strong>nidis,</strong></span> <span class='ocrx_word' id='word_1_129' title='bbox 2965 755 3383 821; x_wconf 88' lang='lat' dir='ltr'><strong>protectionem,</strong></span> 
     </span>
    </p>
   </div>
   <div class='ocr_carea' id='block_1_20' title="bbox 1812 839 3386 914">
    <p class='ocr_par' dir='ltr' id='par_1_20' title="bbox 1812 839 3386 914">
     <span class='ocr_line' id='line_1_20' title="bbox 1812 839 3386 914; baseline 0.001 -18"><span class='ocrx_word' id='word_1_130' title='bbox 1812 848 1979 912; x_wconf 87' lang='lat' dir='ltr'><strong>atque</strong></span> <span class='ocrx_word' id='word_1_131' title='bbox 2010 839 2308 913; x_wconf 67' lang='lat' dir='ltr'><strong>refugium.</strong></span> <span class='ocrx_word' id='word_1_132' title='bbox 2343 841 2446 896; x_wconf 79' lang='lat' dir='ltr'><strong>Ubi</strong></span> <span class='ocrx_word' id='word_1_133' title='bbox 2473 852 2650 912; x_wconf 80' lang='lat' dir='ltr'><strong>ponet,</strong></span> <span class='ocrx_word' id='word_1_134' title='bbox 2685 855 2866 900; x_wconf 76' lang='lat' dir='ltr'><strong>autem</strong></span> <span class='ocrx_word' id='word_1_135' title='bbox 2905 845 3064 910; x_wconf 79' lang='lat' dir='ltr'><strong>dixit,</strong></span> <span class='ocrx_word' id='word_1_136' title='bbox 3120 861 3242 914; x_wconf 85' lang='lat' dir='ltr'><strong>pro,</strong></span> <span class='ocrx_word' id='word_1_137' title='bbox 3283 844 3386 900; x_wconf 86' lang='lat' dir='ltr'><strong>Ubi</strong></span> 
     </span>
    </p>
   </div>
   <div class='ocr_carea' id='block_1_21' title="bbox 1805 935 3388 1008">
    <p class='ocr_par' dir='ltr' id='par_1_21' title="bbox 1805 935 3388 1008">
     <span class='ocr_line' id='line_1_21' title="bbox 1805 935 3388 1008; baseline -0.001 -18"><span class='ocrx_word' id='word_1_138' title='bbox 1805 935 2086 1004; x_wconf 84' lang='lat' dir='ltr'><strong>disponet,</strong></span> <span class='ocrx_word' id='word_1_139' title='bbox 2130 944 2296 1006; x_wconf 88' lang='lat' dir='ltr'><strong>atque</strong></span> <span class='ocrx_word' id='word_1_140' title='bbox 2325 935 2418 990; x_wconf 90' lang='lat' dir='ltr'><strong>ubi</strong></span> <span class='ocrx_word' id='word_1_141' title='bbox 2455 938 2795 1008; x_wconf 77' lang='lat' dir='ltr'><strong>operabitur,</strong></span> <span class='ocrx_word' id='word_1_142' title='bbox 2827 937 3142 1006; x_wconf 74' lang='lat' dir='ltr'><strong>huiusmodi</strong></span> <span class='ocrx_word' id='word_1_143' title='bbox 3172 936 3388 991; x_wconf 74' lang='lat' dir='ltr'><strong>scilicet</strong></span> 
     </span>
    </p>
   </div>
   <div class='ocr_carea' id='block_1_22' title="bbox 1801 1027 3382 1099">
    <p class='ocr_par' dir='ltr' id='par_1_22' title="bbox 1801 1027 3382 1099">
     <span class='ocr_line' id='line_1_22' title="bbox 1801 1027 3382 1099; baseline -0.001 -17"><span class='ocrx_word' id='word_1_144' title='bbox 1801 1027 2057 1084; x_wconf 79' lang='lat' dir='ltr'><strong>virtutes.</strong></span> <span class='ocrx_word' id='word_1_145' title='bbox 2087 1028 2154 1082; x_wconf 90' lang='lat' dir='ltr'><strong>Et</strong></span> <span class='ocrx_word' id='word_1_146' title='bbox 2173 1028 2333 1082; x_wconf 84' lang='lat' dir='ltr'><strong>aliter</strong></span> <span class='ocrx_word' id='word_1_147' title='bbox 2367 1045 2382 1082; x_wconf 88' lang='lat'><strong>:</strong></span> <span class='ocrx_word' id='word_1_148' title='bbox 2413 1043 2606 1098; x_wconf 89' lang='lat' dir='ltr'><strong>passer</strong></span> <span class='ocrx_word' id='word_1_149' title='bbox 2632 1036 2718 1084; x_wconf 85' lang='lat' dir='ltr'><strong>est</strong></span> <span class='ocrx_word' id='word_1_150' title='bbox 2750 1029 2984 1099; x_wconf 89' lang='lat' dir='ltr'><strong>populus</strong></span> <span class='ocrx_word' id='word_1_151' title='bbox 3011 1027 3382 1092; x_wconf 85' lang='lat' dir='ltr'><strong>Christianus,</strong></span> 
     </span>
    </p>
   </div>
   <div class='ocr_carea' id='block_1_23' title="bbox 1803 1119 3387 1190">
    <p class='ocr_par' dir='ltr' id='par_1_23' title="bbox 1803 1119 3387 1190">
     <span class='ocr_line' id='line_1_23' title="bbox 1803 1119 3387 1190; baseline -0.002 -16"><span class='ocrx_word' id='word_1_152' title='bbox 1803 1119 1893 1174; x_wconf 90' lang='lat' dir='ltr'><strong>cui</strong></span> <span class='ocrx_word' id='word_1_153' title='bbox 1921 1128 2028 1173; x_wconf 79' lang='lat' dir='ltr'><strong>tam</strong></span> <span class='ocrx_word' id='word_1_154' title='bbox 2060 1119 2480 1186; x_wconf 86' lang='lat' dir='ltr'><strong>intellectuales,</strong></span> <span class='ocrx_word' id='word_1_155' title='bbox 2515 1135 2678 1190; x_wconf 89' lang='lat' dir='ltr'><strong>quam</strong></span> <span class='ocrx_word' id='word_1_156' title='bbox 2711 1121 2900 1175; x_wconf 90' lang='lat' dir='ltr'><strong>mundi</strong></span> <span class='ocrx_word' id='word_1_157' title='bbox 2942 1120 3110 1186; x_wconf 88' lang='lat' dir='ltr'><strong>hujus</strong></span> <span class='ocrx_word' id='word_1_158' title='bbox 3155 1128 3387 1175; x_wconf 85' lang='lat' dir='ltr'><strong>venato-</strong></span> 
     </span>
    </p>
   </div>
   <div class='ocr_carea' id='block_1_24' title="bbox 1803 1214 3386 1286">
    <p class='ocr_par' dir='ltr' id='par_1_24' title="bbox 1803 1214 3386 1286">
     <span class='ocr_line' id='line_1_24' title="bbox 1803 1214 3386 1286; baseline 0 -18"><span class='ocrx_word' id='word_1_159' title='bbox 1803 1227 1916 1276; x_wconf 86' lang='lat' dir='ltr'><strong>res,</strong></span> <span class='ocrx_word' id='word_1_160' title='bbox 1947 1214 2233 1270; x_wconf 65' lang='lat' dir='ltr'><strong>daemones</strong></span> <span class='ocrx_word' id='word_1_161' title='bbox 2273 1215 2534 1269; x_wconf 88' lang='lat' dir='ltr'><strong>nimirum</strong></span> <span class='ocrx_word' id='word_1_162' title='bbox 2561 1226 2726 1286; x_wconf 89' lang='lat' dir='ltr'><strong>atque</strong></span> <span class='ocrx_word' id='word_1_163' title='bbox 2753 1215 2908 1286; x_wconf 85' lang='lat' dir='ltr'><strong>impii</strong></span> <span class='ocrx_word' id='word_1_164' title='bbox 2942 1214 3213 1279; x_wconf 80' lang='lat' dir='ltr'><strong>homines,</strong></span> <span class='ocrx_word' id='word_1_165' title='bbox 3244 1214 3386 1268; x_wconf 88' lang='lat' dir='ltr'><strong>insi-</strong></span> 
     </span>
    </p>
   </div>
   <div class='ocr_carea' id='block_1_25' title="bbox 1806 1305 3388 1377">
    <p class='ocr_par' dir='ltr' id='par_1_25' title="bbox 1806 1305 3388 1377">
     <span class='ocr_line' id='line_1_25' title="bbox 1806 1305 3388 1377; baseline 0.001 -19"><span class='ocrx_word' id='word_1_166' title='bbox 1806 1305 2054 1358; x_wconf 86' lang='lat' dir='ltr'><strong>diantur.</strong></span> <span class='ocrx_word' id='word_1_167' title='bbox 2088 1305 2295 1360; x_wconf 89' lang='lat' dir='ltr'><strong>Turtur</strong></span> <span class='ocrx_word' id='word_1_168' title='bbox 2328 1317 2512 1362; x_wconf 87' lang='lat' dir='ltr'><strong>autem</strong></span> <span class='ocrx_word' id='word_1_169' title='bbox 2551 1317 2635 1362; x_wconf 88' lang='lat' dir='ltr'><strong>est</strong></span> <span class='ocrx_word' id='word_1_170' title='bbox 2673 1307 2966 1377; x_wconf 77' lang='lat' dir='ltr'><strong>episcOpus</strong></span> <span class='ocrx_word' id='word_1_171' title='bbox 2999 1306 3250 1376; x_wconf 86' lang='lat' dir='ltr'><strong>quilibet.</strong></span> <span class='ocrx_word' id='word_1_172' title='bbox 3293 1314 3388 1359; x_wconf 84' lang='lat' dir='ltr'><strong>aut</strong></span> 
     </span>
    </p>
   </div>
   <div class='ocr_carea' id='block_1_26' title="bbox 1807 1394 3386 1468">
    <p class='ocr_par' dir='ltr' id='par_1_26' title="bbox 1807 1394 3386 1468">
     <span class='ocr_line' id='line_1_26' title="bbox 1807 1394 3386 1468; baseline 0 -17"><span class='ocrx_word' id='word_1_173' title='bbox 1807 1394 2004 1451; x_wconf 89' lang='lat' dir='ltr'><strong>doctor</strong></span> <span class='ocrx_word' id='word_1_174' title='bbox 2043 1396 2375 1452; x_wconf 66' lang='lat' dir='ltr'><strong>Christianae</strong></span> <span class='ocrx_word' id='word_1_175' title='bbox 2410 1397 2714 1468; x_wconf 79' lang='lat' dir='ltr'><strong>religionis,</strong></span> <span class='ocrx_word' id='word_1_176' title='bbox 2749 1399 2841 1468; x_wconf 92' lang='lat' dir='ltr'><strong>qui</strong></span> <span class='ocrx_word' id='word_1_177' title='bbox 2865 1400 2925 1452; x_wconf 25' lang='lat' dir='ltr'><strong>in.</strong></span> <span class='ocrx_word' id='word_1_178' title='bbox 2954 1397 3218 1454; x_wconf 83' lang='lat' dir='ltr'><strong>Eccicsiis</strong></span> <span class='ocrx_word' id='word_1_179' title='bbox 3244 1395 3386 1451; x_wconf 74' lang='lat' dir='ltr'><strong>ﬁlios</strong></span> 
     </span>
    </p>
   </div>
   <div class='ocr_carea' id='block_1_27' title="bbox 1804 1489 3380 1561">
    <p class='ocr_par' dir='ltr' id='par_1_27' title="bbox 1804 1489 3380 1561">
     <span class='ocr_line' id='line_1_27' title="bbox 1804 1489 3380 1561; baseline -0.001 -20"><span class='ocrx_word' id='word_1_180' title='bbox 1804 1489 1986 1557; x_wconf 85' lang='lat' dir='ltr'><strong>ponit,</strong></span> <span class='ocrx_word' id='word_1_181' title='bbox 2016 1503 2154 1559; x_wconf 90' lang='lat' dir='ltr'><strong>quos</strong></span> <span class='ocrx_word' id='word_1_182' title='bbox 2187 1504 2286 1558; x_wconf 86' lang='lat' dir='ltr'><strong>per</strong></span> <span class='ocrx_word' id='word_1_183' title='bbox 2319 1489 2582 1559; x_wconf 84' lang='lat' dir='ltr'><strong>Spiritum</strong></span> <span class='ocrx_word' id='word_1_184' title='bbox 2618 1498 2928 1561; x_wconf 70' lang='lat' dir='ltr'><strong>regenerat.</strong></span> <span class='ocrx_word' id='word_1_185' title='bbox 2977 1489 3197 1544; x_wconf 77' lang='lat' dir='ltr'><strong>Invenit</strong></span> <span class='ocrx_word' id='word_1_186' title='bbox 3233 1489 3380 1544; x_wconf 81' lang='lat' dir='ltr'><strong>eini</strong></span> 
     </span>
    </p>
   </div>
   <div class='ocr_carea' id='block_1_28' title="bbox 145 1570 3384 1653">
    <p class='ocr_par' dir='ltr' id='par_1_28' title="bbox 145 1570 3384 1653">
     <span class='ocr_line' id='line_1_28' title="bbox 145 1570 3384 1653; baseline 0.004 -30"><span class='ocrx_word' id='word_1_187' title='bbox 145 1570 326 1640; x_wconf 89' lang='lat' dir='ltr'><strong>inquit,</strong></span> <span class='ocrx_word' id='word_1_188' title='bbox 357 1588 556 1643; x_wconf 83' lang='lat' dir='ltr'><strong>passer</strong></span> <span class='ocrx_word' id='word_1_189' title='bbox 605 1575 854 1653; x_wconf 84' lang='lat' dir='ltr'><strong>domum,</strong></span> <span class='ocrx_word' id='word_1_190' title='bbox 891 1585 945 1634; x_wconf 91' lang='lat' dir='ltr'><strong>et</strong></span> <span class='ocrx_word' id='word_1_191' title='bbox 997 1587 1180 1634; x_wconf 89' lang='lat' dir='ltr'><strong>turtur</strong></span> <span class='ocrx_word' id='word_1_192' title='bbox 1228 1582 1444 1648; x_wconf 88' lang='lat' dir='ltr'><strong>nidum,</strong></span> <span class='ocrx_word' id='word_1_193' title='bbox 1503 1582 1698 1637; x_wconf 86' lang='lat' dir='ltr'><strong>altaria</strong></span> <span class='ocrx_word' id='word_1_194' title='bbox 1737 1582 2000 1638; x_wconf 87' lang='lat' dir='ltr'><strong>nimirum</strong></span> <span class='ocrx_word' id='word_1_195' title='bbox 2034 1592 2150 1650; x_wconf 88' lang='lat' dir='ltr'><strong>tua,</strong></span> <span class='ocrx_word' id='word_1_196' title='bbox 2188 1585 2292 1639; x_wconf 88' lang='lat' dir='ltr'><strong>hoc</strong></span> <span class='ocrx_word' id='word_1_197' title='bbox 2339 1589 2446 1650; x_wconf 90' lang='lat' dir='ltr'><strong>est,</strong></span> <span class='ocrx_word' id='word_1_198' title='bbox 2509 1583 2779 1640; x_wconf 83' lang='lat' dir='ltr'><strong>ecclesias</strong></span> <span class='ocrx_word' id='word_1_199' title='bbox 2829 1591 2976 1649; x_wconf 82' lang='lat' dir='ltr'><strong>tuas,</strong></span> <span class='ocrx_word' id='word_1_200' title='bbox 3050 1584 3105 1637; x_wconf 91' lang='lat' dir='ltr'><strong>in</strong></span> <span class='ocrx_word' id='word_1_201' title='bbox 3180 1582 3384 1653; x_wconf 86' lang='lat' dir='ltr'><strong>quibus</strong></span> 
     </span>
    </p>
   </div>
   <div class='ocr_carea' id='block_1_29' title="bbox 139 1650 1480 1757">
    <p class='ocr_par' dir='ltr' id='par_1_29' title="bbox 139 1650 1480 1757">
     <span class='ocr_line' id='line_1_29' title="bbox 139 1650 1480 1757; baseline 0.007 -33"><span class='ocrx_word' id='word_1_202' title='bbox 139 1670 346 1740; x_wconf 72' lang='lat' dir='ltr'><strong>singulis</strong></span> <span class='ocrx_word' id='word_1_203' title='bbox 363 1671 560 1757; x_wconf 74' lang='lat' dir='ltr'><strong>diebus</strong></span> <span class='ocrx_word' id='word_1_204' title='bbox 591 1650 894 1743; x_wconf 82' lang='lat' dir='ltr'><strong>spiritualis</strong></span> <span class='ocrx_word' id='word_1_205' title='bbox 922 1675 1112 1746; x_wconf 81' lang='lat' dir='ltr'><strong>Agnus</strong></span> <span class='ocrx_word' id='word_1_206' title='bbox 1139 1678 1480 1734; x_wconf 85' lang='lat' dir='ltr'><strong>immolatur.</strong></span> 
     </span>
    </p>
   </div>
   <div class='ocr_carea' id='block_1_30' title="bbox 207 1766 1703 1844">
    <p class='ocr_par' dir='ltr' id='par_1_30' title="bbox 207 1766 1703 1844">
     <span class='ocr_line' id='line_1_30' title="bbox 207 1766 1703 1844; baseline 0.005 -26"><span class='ocrx_word' id='word_1_207' title='bbox 207 1766 264 1818; x_wconf 89' lang='grc' dir='ltr'>ὀ</span> <span class='ocrx_word' id='word_1_208' title='bbox 287 1767 592 1836; x_wconf 75' lang='grc' dir='ltr'>βασιλεύς</span> <span class='ocrx_word' id='word_1_209' title='bbox 619 1787 740 1839; x_wconf 81' lang='grc' dir='ltr'><strong>μου</strong></span> <span class='ocrx_word' id='word_1_210' title='bbox 781 1770 882 1827; x_wconf 77' lang='grc' dir='ltr'>καὶ</span> <span class='ocrx_word' id='word_1_211' title='bbox 921 1775 956 1826; x_wconf 85' lang='grc' dir='ltr'><em>ὁ</em></span> <span class='ocrx_word' id='word_1_212' title='bbox 1011 1774 1156 1841; x_wconf 83' lang='grc' dir='ltr'>Θεός</span> <span class='ocrx_word' id='word_1_213' title='bbox 1170 1791 1311 1844; x_wconf 80' lang='grc' dir='ltr'>μου.</span> <span class='ocrx_word' id='word_1_214' title='bbox 1344 1768 1512 1838; x_wconf 63' lang='grc' dir='ltr'>θῦῒος</span> <span class='ocrx_word' id='word_1_215' title='bbox 1537 1775 1566 1826; x_wconf 86' lang='lat'><strong>6</strong></span> <span class='ocrx_word' id='word_1_216' title='bbox 1590 1774 1703 1826; x_wconf 80' lang='grc' dir='ltr'>στί-</span> 
     </span>
    </p>
   </div>
   <div class='ocr_carea' id='block_1_31' title="bbox 138 1861 1060 1935">
    <p class='ocr_par' dir='ltr' id='par_1_31' title="bbox 138 1861 1060 1935">
     <span class='ocr_line' id='line_1_31' title="bbox 138 1861 1060 1935; baseline 0.011 -25"><span class='ocrx_word' id='word_1_217' title='bbox 138 1876 214 1928; x_wconf 81' lang='grc' dir='ltr'><strong>χος</strong></span> <span class='ocrx_word' id='word_1_218' title='bbox 237 1862 406 1913; x_wconf 86' lang='grc' dir='ltr'>κεῖται</span> <span class='ocrx_word' id='word_1_219' title='bbox 431 1862 527 1914; x_wconf 77' lang='grc' dir='ltr'><strong>καὶ</strong></span> <span class='ocrx_word' id='word_1_220' title='bbox 555 1864 613 1915; x_wconf 80' lang='grc' dir='ltr'>ὲν</span> <span class='ocrx_word' id='word_1_221' title='bbox 643 1862 722 1933; x_wconf 85' lang='grc' dir='ltr'><strong>τῷ</strong></span> <span class='ocrx_word' id='word_1_222' title='bbox 762 1861 804 1916; x_wconf 85' lang='grc' dir='ltr'>ε’</span> <span class='ocrx_word' id='word_1_223' title='bbox 833 1863 1060 1935; x_wconf 82' lang='grc' dir='ltr'>ψαλμῷ.</span> 
     </span>
    </p>
   </div>
   <div class='ocr_carea' id='block_1_32' title="bbox 196 1952 1693 2025">
    <p class='ocr_par' dir='ltr' id='par_1_32' title="bbox 196 1952 1693 2025">
     <span class='ocr_line' id='line_1_32' title="bbox 196 1952 1693 2025; baseline 0.003 -19"><span class='ocrx_word' id='word_1_224' title='bbox 196 1952 471 2022; x_wconf 77' lang='grc' dir='ltr'>Μακάριοι</span> <span class='ocrx_word' id='word_1_225' title='bbox 513 1959 569 2010; x_wconf 83' lang='grc' dir='ltr'>οι</span> <span class='ocrx_word' id='word_1_226' title='bbox 618 1957 1048 2024; x_wconf 67' lang='grc' dir='ltr'>κατοικοῦντες</span> <span class='ocrx_word' id='word_1_227' title='bbox 1102 1959 1173 2013; x_wconf 83' lang='grc' dir='ltr'>ἐν</span> <span class='ocrx_word' id='word_1_228' title='bbox 1212 1956 1292 2024; x_wconf 86' lang='grc' dir='ltr'>τῷ</span> <span class='ocrx_word' id='word_1_229' title='bbox 1346 1959 1492 2025; x_wconf 75' lang='grc' dir='ltr'>οἴκῳ</span> <span class='ocrx_word' id='word_1_230' title='bbox 1552 1973 1693 2011; x_wconf 89' lang='grc' dir='ltr'>σου.</span> 
     </span>
    </p>
   </div>
   <div class='ocr_carea' id='block_1_33' title="bbox 1875 1742 3387 1824">
    <p class='ocr_par' dir='ltr' id='par_1_33' title="bbox 1875 1742 3387 1824">
     <span class='ocr_line' id='line_1_33' title="bbox 1875 1742 3387 1824; baseline -0.003 -2"><span class='ocrx_word' id='word_1_231' title='bbox 1875 1769 1986 1824; x_wconf 74' lang='lat' dir='ltr'><strong>Rex</strong></span> <span class='ocrx_word' id='word_1_232' title='bbox 2009 1783 2155 1822; x_wconf 81' lang='lat' dir='ltr'><strong>meus</strong></span> <span class='ocrx_word' id='word_1_233' title='bbox 2183 1777 2233 1822; x_wconf 86' lang='lat' dir='ltr'><strong>et</strong></span> <span class='ocrx_word' id='word_1_234' title='bbox 2263 1761 2402 1821; x_wconf 74' lang='lat' dir='ltr'><strong>Deus</strong></span> <span class='ocrx_word' id='word_1_235' title='bbox 2442 1781 2612 1822; x_wconf 80' lang='lat' dir='ltr'><strong>mens.</strong></span> <span class='ocrx_word' id='word_1_236' title='bbox 2658 1742 2985 1823; x_wconf 81' lang='lat' dir='ltr'><strong>Versiculus</strong></span> <span class='ocrx_word' id='word_1_237' title='bbox 3014 1761 3120 1820; x_wconf 84' lang='lat' dir='ltr'><strong>iste</strong></span> <span class='ocrx_word' id='word_1_238' title='bbox 3151 1763 3387 1819; x_wconf 69' lang='lat' dir='ltr'><strong>habetur</strong></span> 
     </span>
    </p>
   </div>
   <div class='ocr_carea' id='block_1_34' title="bbox 1798 1859 2773 1940">
    <p class='ocr_par' dir='ltr' id='par_1_34' title="bbox 1798 1859 2771 1927">
     <span class='ocr_line' id='line_1_34' title="bbox 1798 1859 2771 1927; baseline -0.002 -13"><span class='ocrx_word' id='word_1_239' title='bbox 1798 1863 1964 1914; x_wconf 85' lang='lat' dir='ltr'><strong>etiam</strong></span> <span class='ocrx_word' id='word_1_240' title='bbox 2000 1860 2053 1912; x_wconf 91' lang='lat' dir='ltr'><strong>in</strong></span> <span class='ocrx_word' id='word_1_241' title='bbox 2083 1859 2277 1927; x_wconf 89' lang='lat' dir='ltr'><strong>quinto</strong></span> <span class='ocrx_word' id='word_1_242' title='bbox 2305 1859 2540 1927; x_wconf 85' lang='lat' dir='ltr'><strong>psalmo.</strong></span> <span class='ocrx_word' id='word_1_243' title='bbox 2653 1864 2655 1866; x_wconf 84' lang='grc'><em>’</em></span> <span class='ocrx_word' id='word_1_244' title='bbox 2763 1863 2771 1872; x_wconf 83' lang='grc'><em>’</em></span> 
     </span>
    </p>
   </div>
   <div class='ocr_carea' id='block_1_35' title="bbox 1866 1946 3382 2020">
    <p class='ocr_par' dir='ltr' id='par_1_35' title="bbox 1866 1946 3382 2020">
     <span class='ocr_line' id='line_1_35' title="bbox 1866 1946 3382 2020; baseline -0.003 -15"><span class='ocrx_word' id='word_1_245' title='bbox 1866 1950 2035 2005; x_wconf 80' lang='lat' dir='ltr'><strong>Vens.</strong></span> <span class='ocrx_word' id='word_1_246' title='bbox 2075 1949 2128 2002; x_wconf 85' lang='lat'><strong>5.</strong></span> <span class='ocrx_word' id='word_1_247' title='bbox 2174 1948 2351 2014; x_wconf 82' lang='lat' dir='ltr'><strong>Beati,</strong></span> <span class='ocrx_word' id='word_1_248' title='bbox 2389 1949 2746 2020; x_wconf 74' lang='lat' dir='ltr'><strong>quinabitant</strong></span> <span class='ocrx_word' id='word_1_249' title='bbox 2775 1949 2833 2002; x_wconf 80' lang='lat' dir='ltr'><strong>in</strong></span> <span class='ocrx_word' id='word_1_250' title='bbox 2874 1947 3036 2002; x_wconf 82' lang='lat' dir='ltr'><strong>domo</strong></span> <span class='ocrx_word' id='word_1_251' title='bbox 3069 1956 3185 2015; x_wconf 69' lang='lat' dir='ltr'><strong>tua.</strong></span> <span class='ocrx_word' id='word_1_252' title='bbox 3215 1946 3382 2002; x_wconf 70' lang='lat' dir='ltr'><strong>‘Con-</strong></span> 
     </span>
    </p>
   </div>
   <div class='ocr_carea' id='block_1_36' title="bbox 147 2032 1689 2119">
    <p class='ocr_par' dir='ltr' id='par_1_36' title="bbox 147 2043 1689 2119">
     <span class='ocr_line' id='line_1_36' title="bbox 147 2043 1689 2119; baseline 0.004 -25"><span class='ocrx_word' id='word_1_253' title='bbox 147 2043 279 2096; x_wconf 76' lang='grc' dir='ltr'>Ἐπεὶ</span> <span class='ocrx_word' id='word_1_254' title='bbox 325 2045 436 2116; x_wconf 77' lang='grc' dir='ltr'><strong>γὰρ</strong></span> <span class='ocrx_word' id='word_1_255' title='bbox 469 2046 634 2111; x_wconf 78' lang='grc' dir='ltr'>αὐτὸς</span> <span class='ocrx_word' id='word_1_256' title='bbox 665 2049 692 2101; x_wconf 92' lang='lat'><strong>6</strong></span> <span class='ocrx_word' id='word_1_257' title='bbox 729 2047 896 2100; x_wconf 77' lang='grc' dir='ltr'><strong>Δαὸὶδ</strong></span> <span class='ocrx_word' id='word_1_258' title='bbox 948 2047 1269 2119; x_wconf 80' lang='grc' dir='ltr'><strong>ἐπεθύμησε</strong></span> <span class='ocrx_word' id='word_1_259' title='bbox 1327 2049 1426 2118; x_wconf 85' lang='grc' dir='ltr'><strong>μὲν</strong></span> <span class='ocrx_word' id='word_1_260' title='bbox 1478 2049 1558 2110; x_wconf 84' lang='grc' dir='ltr'><strong>είς</strong></span> <span class='ocrx_word' id='word_1_261' title='bbox 1598 2049 1689 2111; x_wconf 77' lang='grc' dir='ltr'><strong>τὰς</strong></span> 
     </span>
    </p>
   </div>
   <div class='ocr_carea' id='block_1_37' title="bbox 1807 2032 3391 2119">
    <p class='ocr_par' dir='ltr' id='par_1_37' title="bbox 1807 2037 3391 2110">
     <span class='ocr_line' id='line_1_37' title="bbox 1807 2037 3391 2110; baseline -0.002 -15"><span class='ocrx_word' id='word_1_262' title='bbox 1807 2043 2005 2109; x_wconf 79' lang='lat' dir='ltr'><strong>cupivit</strong></span> <span class='ocrx_word' id='word_1_263' title='bbox 2041 2039 2262 2110; x_wconf 86' lang='lat' dir='ltr'><strong>quidem</strong></span> <span class='ocrx_word' id='word_1_264' title='bbox 2298 2042 2494 2096; x_wconf 86' lang='lat' dir='ltr'><strong>beatus</strong></span> <span class='ocrx_word' id='word_1_265' title='bbox 2523 2040 2691 2094; x_wconf 81' lang='lat' dir='ltr'><strong>David</strong></span> <span class='ocrx_word' id='word_1_266' title='bbox 2747 2039 2980 2095; x_wconf 79' lang='lat' dir='ltr'><strong>introire</strong></span> <span class='ocrx_word' id='word_1_267' title='bbox 3006 2038 3059 2094; x_wconf 86' lang='lat' dir='ltr'><strong>in</strong></span> <span class='ocrx_word' id='word_1_268' title='bbox 3093 2040 3250 2093; x_wconf 81' lang='lat' dir='ltr'><strong>aulas</strong></span> <span class='ocrx_word' id='word_1_269' title='bbox 3274 2037 3391 2092; x_wconf 71' lang='lat' dir='ltr'><strong>Do-</strong></span> 
     </span>
    </p>
   </div>
   <div class='ocr_carea' id='block_1_38' title="bbox 134 2134 1694 2211">
    <p class='ocr_par' dir='ltr' id='par_1_38' title="bbox 134 2134 1694 2211">
     <span class='ocr_line' id='line_1_38' title="bbox 134 2134 1694 2211; baseline 0.001 -25"><span class='ocrx_word' id='word_1_270' title='bbox 134 2135 446 2204; x_wconf 80' lang='grc' dir='ltr'>δηλωθείσας</span> <span class='ocrx_word' id='word_1_271' title='bbox 496 2136 669 2202; x_wconf 84' lang='grc' dir='ltr'>αὐλὰς</span> <span class='ocrx_word' id='word_1_272' title='bbox 723 2139 1010 2204; x_wconf 76' lang='grc' dir='ltr'><strong>εἰσελθεῖν,</strong></span> <span class='ocrx_word' id='word_1_273' title='bbox 1055 2139 1248 2211; x_wconf 77' lang='grc' dir='ltr'>πόρῤω</span> <span class='ocrx_word' id='word_1_274' title='bbox 1290 2139 1348 2191; x_wconf 86' lang='grc' dir='ltr'>δὲ</span> <span class='ocrx_word' id='word_1_275' title='bbox 1380 2134 1469 2210; x_wconf 80' lang='grc' dir='ltr'>ἦν,</span> <span class='ocrx_word' id='word_1_276' title='bbox 1506 2139 1694 2191; x_wconf 63' lang='grc' dir='ltr'>λοιπὸν</span> 
     </span>
    </p>
   </div>
   <div class='ocr_carea' id='block_1_39' title="bbox 138 2228 1698 2300">
    <p class='ocr_par' dir='ltr' id='par_1_39' title="bbox 138 2228 1698 2300">
     <span class='ocr_line' id='line_1_39' title="bbox 138 2228 1698 2300; baseline -0.001 -18"><span class='ocrx_word' id='word_1_277' title='bbox 138 2230 409 2300; x_wconf 77' lang='grc' dir='ltr'>μακαρίζει</span> <span class='ocrx_word' id='word_1_278' title='bbox 429 2232 558 2294; x_wconf 77' lang='grc' dir='ltr'>τοὺς</span> <span class='ocrx_word' id='word_1_279' title='bbox 595 2233 991 2297; x_wconf 79' lang='grc' dir='ltr'>κατοικοῦντας</span> <span class='ocrx_word' id='word_1_280' title='bbox 1037 2234 1096 2285; x_wconf 77' lang='grc' dir='ltr'>ὲν</span> <span class='ocrx_word' id='word_1_281' title='bbox 1120 2233 1338 2291; x_wconf 74' lang='grc' dir='ltr'>αὑταῖς.</span> <span class='ocrx_word' id='word_1_282' title='bbox 1369 2228 1531 2285; x_wconf 82' lang='grc' dir='ltr'>Οῐκον</span> <span class='ocrx_word' id='word_1_283' title='bbox 1587 2230 1698 2298; x_wconf 75' lang='grc' dir='ltr'><strong>γὰρ</strong></span> 
     </span>
    </p>
   </div>
   <div class='ocr_carea' id='block_1_40' title="bbox 135 2317 1699 2392">
    <p class='ocr_par' dir='ltr' id='par_1_40' title="bbox 135 2317 1699 2392">
     <span class='ocr_line' id='line_1_40' title="bbox 135 2317 1699 2392; baseline 0.001 -19"><span class='ocrx_word' id='word_1_284' title='bbox 135 2321 211 2374; x_wconf 82' lang='grc' dir='ltr'>τοῦ</span> <span class='ocrx_word' id='word_1_285' title='bbox 241 2323 476 2391; x_wconf 77' lang='grc' dir='ltr'>Χριστοῦ</span> <span class='ocrx_word' id='word_1_286' title='bbox 541 2324 746 2388; x_wconf 83' lang='grc' dir='ltr'>ταύτας</span> <span class='ocrx_word' id='word_1_287' title='bbox 786 2325 1126 2392; x_wconf 81' lang='grc' dir='ltr'>ὑποληπτέον</span> <span class='ocrx_word' id='word_1_288' title='bbox 1147 2340 1160 2354; x_wconf 88' lang='grc'><strong>·</strong></span> <span class='ocrx_word' id='word_1_289' title='bbox 1196 2323 1502 2392; x_wconf 79' lang='grc' dir='ltr'>ἀδιαφόρως</span> <span class='ocrx_word' id='word_1_290' title='bbox 1533 2323 1587 2375; x_wconf 81' lang='grc' dir='ltr'>δὲ</span> <span class='ocrx_word' id='word_1_291' title='bbox 1623 2317 1699 2374; x_wconf 77' lang='grc' dir='ltr'>οἷ-</span> 
     </span>
    </p>
   </div>
   <div class='ocr_carea' id='block_1_41' title="bbox 135 2413 1700 2486">
    <p class='ocr_par' dir='ltr' id='par_1_41' title="bbox 135 2413 1700 2486">
     <span class='ocr_line' id='line_1_41' title="bbox 135 2413 1700 2486; baseline 0.002 -24"><span class='ocrx_word' id='word_1_292' title='bbox 135 2427 212 2463; x_wconf 81' lang='grc' dir='ltr'><strong>κον</strong></span> <span class='ocrx_word' id='word_1_293' title='bbox 246 2415 331 2465; x_wconf 79' lang='grc' dir='ltr'>καὶ</span> <span class='ocrx_word' id='word_1_294' title='bbox 390 2415 576 2479; x_wconf 69' lang='grc' dir='ltr'>οἴκους</span> <span class='ocrx_word' id='word_1_295' title='bbox 616 2417 810 2485; x_wconf 77' lang='grc' dir='ltr'>εἴρηκε</span> <span class='ocrx_word' id='word_1_296' title='bbox 836 2431 849 2445; x_wconf 87' lang='grc'><strong>·</strong></span> <span class='ocrx_word' id='word_1_297' title='bbox 886 2417 1008 2480; x_wconf 76' lang='grc' dir='ltr'>ταῖς</span> <span class='ocrx_word' id='word_1_298' title='bbox 1046 2415 1146 2486; x_wconf 80' lang='grc' dir='ltr'><strong>μὲν</strong></span> <span class='ocrx_word' id='word_1_299' title='bbox 1169 2415 1281 2486; x_wconf 77' lang='grc' dir='ltr'>γὰρ</span> <span class='ocrx_word' id='word_1_300' title='bbox 1321 2415 1580 2476; x_wconf 68' lang='grc' dir='ltr'>τυπικαῖς</span> <span class='ocrx_word' id='word_1_301' title='bbox 1611 2413 1700 2465; x_wconf 84' lang='grc' dir='ltr'>θεί-</span> 
     </span>
    </p>
   </div>
   <div class='ocr_carea' id='block_1_42' title="bbox 137 2501 1698 2576">
    <p class='ocr_par' dir='ltr' id='par_1_42' title="bbox 137 2501 1698 2576">
     <span class='ocr_line' id='line_1_42' title="bbox 137 2501 1698 2576; baseline 0.003 -25"><span class='ocrx_word' id='word_1_302' title='bbox 137 2517 237 2553; x_wconf 86' lang='grc' dir='ltr'>σεσι</span> <span class='ocrx_word' id='word_1_303' title='bbox 294 2502 480 2557; x_wconf 69' lang='grc' dir='ltr'>πολλοί</span> <span class='ocrx_word' id='word_1_304' title='bbox 525 2507 662 2558; x_wconf 73' lang='grc' dir='ltr'>εἰσιν</span> <span class='ocrx_word' id='word_1_305' title='bbox 687 2501 828 2559; x_wconf 81' lang='grc' dir='ltr'>οῐκοι</span> <span class='ocrx_word' id='word_1_306' title='bbox 870 2509 938 2576; x_wconf 76' lang='grc' dir='ltr'>τῇ</span> <span class='ocrx_word' id='word_1_307' title='bbox 973 2506 1226 2576; x_wconf 77' lang='grc' dir='ltr'>εὐσεὸείᾳ</span> <span class='ocrx_word' id='word_1_308' title='bbox 1264 2506 1337 2567; x_wconf 62' lang='lat' dir='ltr'><strong>ibi</strong></span> <span class='ocrx_word' id='word_1_309' title='bbox 1386 2506 1482 2565; x_wconf 78' lang='grc' dir='ltr'>καὶ</span> <span class='ocrx_word' id='word_1_310' title='bbox 1508 2521 1698 2557; x_wconf 86' lang='grc' dir='ltr'>κοινω-</span> 
     </span>
    </p>
   </div>
   <div class='ocr_carea' id='block_1_43' title="bbox 133 2591 1503 2668">
    <p class='ocr_par' dir='ltr' id='par_1_43' title="bbox 133 2591 1503 2668">
     <span class='ocr_line' id='line_1_43' title="bbox 133 2591 1503 2668; baseline 0.007 -26"><span class='ocrx_word' id='word_1_311' title='bbox 133 2594 206 2662; x_wconf 73' lang='grc' dir='ltr'><strong>νίᾳ</strong></span> <span class='ocrx_word' id='word_1_312' title='bbox 236 2593 326 2658; x_wconf 67' lang='grc' dir='ltr'>τῆς</span> <span class='ocrx_word' id='word_1_313' title='bbox 353 2599 592 2661; x_wconf 77' lang='grc' dir='ltr'>πίστεως</span> <span class='ocrx_word' id='word_1_314' title='bbox 618 2591 698 2660; x_wconf 74' lang='grc' dir='ltr'>εἷς</span> <span class='ocrx_word' id='word_1_315' title='bbox 732 2598 780 2650; x_wconf 74' lang='grc' dir='ltr'>οξ</span> <span class='ocrx_word' id='word_1_316' title='bbox 803 2597 1095 2668; x_wconf 79' lang='grc' dir='ltr'>ἅπανταχῆ</span> <span class='ocrx_word' id='word_1_317' title='bbox 1121 2597 1503 2668; x_wconf 80' lang='grc' dir='ltr'>τυγχάνουσιν.</span> 
     </span>
    </p>
   </div>
   <div class='ocr_carea' id='block_1_44' title="bbox 1804 2129 3384 2202">
    <p class='ocr_par' dir='ltr' id='par_1_44' title="bbox 1804 2129 3384 2202">
     <span class='ocr_line' id='line_1_44' title="bbox 1804 2129 3384 2202; baseline -0.001 -18"><span class='ocrx_word' id='word_1_318' title='bbox 1804 2132 1963 2193; x_wconf 88' lang='lat' dir='ltr'><strong>mini,</strong></span> <span class='ocrx_word' id='word_1_319' title='bbox 1998 2147 2138 2200; x_wconf 81' lang='lat' dir='ltr'><strong>quas</strong></span> <span class='ocrx_word' id='word_1_320' title='bbox 2175 2131 2437 2196; x_wconf 80' lang='lat' dir='ltr'><strong>diximus,</strong></span> <span class='ocrx_word' id='word_1_321' title='bbox 2470 2139 2524 2186; x_wconf 91' lang='lat' dir='ltr'><strong>et</strong></span> <span class='ocrx_word' id='word_1_322' title='bbox 2552 2143 2736 2186; x_wconf 85' lang='lat' dir='ltr'><strong>tamen</strong></span> <span class='ocrx_word' id='word_1_323' title='bbox 2779 2131 2974 2202; x_wconf 86' lang='lat' dir='ltr'><strong>procul</strong></span> <span class='ocrx_word' id='word_1_324' title='bbox 3010 2130 3080 2185; x_wconf 77' lang='lat' dir='ltr'><strong>ab</strong></span> <span class='ocrx_word' id='word_1_325' title='bbox 3129 2129 3213 2184; x_wconf 85' lang='lat' dir='ltr'><strong>eis</strong></span> <span class='ocrx_word' id='word_1_326' title='bbox 3247 2139 3384 2184; x_wconf 89' lang='lat' dir='ltr'><strong>con-</strong></span> 
     </span>
    </p>
   </div>
   <div class='ocr_carea' id='block_1_45' title="bbox 1793 2223 3379 2295">
    <p class='ocr_par' dir='ltr' id='par_1_45' title="bbox 1793 2223 3379 2295">
     <span class='ocr_line' id='line_1_45' title="bbox 1793 2223 3379 2295; baseline -0.004 -14"><span class='ocrx_word' id='word_1_327' title='bbox 1793 2225 1927 2281; x_wconf 79' lang='lat' dir='ltr'><strong>stitit</strong></span> <span class='ocrx_word' id='word_1_328' title='bbox 1952 2224 2174 2295; x_wconf 89' lang='lat' dir='ltr'><strong>(mentis</strong></span> <span class='ocrx_word' id='word_1_329' title='bbox 2209 2223 2386 2278; x_wconf 86' lang='lat' dir='ltr'><strong>oculis</strong></span> <span class='ocrx_word' id='word_1_330' title='bbox 2417 2233 2624 2278; x_wconf 85' lang='lat' dir='ltr'><strong>tantum</strong></span> <span class='ocrx_word' id='word_1_331' title='bbox 2645 2223 2921 2293; x_wconf 77' lang='lat' dir='ltr'><strong>cernens),</strong></span> <span class='ocrx_word' id='word_1_332' title='bbox 2939 2224 3086 2294; x_wconf 88' lang='lat' dir='ltr'><strong>quod</strong></span> <span class='ocrx_word' id='word_1_333' title='bbox 3109 2223 3379 2290; x_wconf 84' lang='lat' dir='ltr'><strong>reliquum</strong></span> 
     </span>
    </p>
   </div>
   <div class='ocr_carea' id='block_1_46' title="bbox 1793 2315 3379 2387">
    <p class='ocr_par' dir='ltr' id='par_1_46' title="bbox 1793 2315 3379 2387">
     <span class='ocr_line' id='line_1_46' title="bbox 1793 2315 3379 2387; baseline -0.002 -16"><span class='ocrx_word' id='word_1_334' title='bbox 1793 2327 1878 2371; x_wconf 89' lang='lat' dir='ltr'><strong>est</strong></span> <span class='ocrx_word' id='word_1_335' title='bbox 1915 2317 2081 2386; x_wconf 76' lang='lat' dir='ltr'><strong>igitur</strong></span> <span class='ocrx_word' id='word_1_336' title='bbox 2112 2317 2235 2373; x_wconf 87' lang='lat' dir='ltr'><strong>illos</strong></span> <span class='ocrx_word' id='word_1_337' title='bbox 2263 2317 2504 2387; x_wconf 81' lang='lat' dir='ltr'><strong>appellat</strong></span> <span class='ocrx_word' id='word_1_338' title='bbox 2531 2317 2722 2373; x_wconf 88' lang='lat' dir='ltr'><strong>beatos</strong></span> <span class='ocrx_word' id='word_1_339' title='bbox 2775 2317 2869 2387; x_wconf 91' lang='lat' dir='ltr'><strong>qui</strong></span> <span class='ocrx_word' id='word_1_340' title='bbox 2923 2316 3037 2370; x_wconf 88' lang='lat' dir='ltr'><strong>illic</strong></span> <span class='ocrx_word' id='word_1_341' title='bbox 3081 2315 3379 2370; x_wconf 83' lang='lat' dir='ltr'><strong>habitaturi</strong></span> 
     </span>
    </p>
   </div>
   <div class='ocr_carea' id='block_1_47' title="bbox 1793 2408 3378 2480">
    <p class='ocr_par' dir='ltr' id='par_1_47' title="bbox 1793 2408 3378 2480">
     <span class='ocr_line' id='line_1_47' title="bbox 1793 2408 3378 2480; baseline -0.004 -15"><span class='ocrx_word' id='word_1_342' title='bbox 1793 2419 1972 2465; x_wconf 87' lang='lat' dir='ltr'><strong>erant.</strong></span> <span class='ocrx_word' id='word_1_343' title='bbox 2001 2409 2104 2463; x_wconf 86' lang='lat' dir='ltr'><strong>Per</strong></span> <span class='ocrx_word' id='word_1_344' title='bbox 2123 2409 2343 2464; x_wconf 86' lang='lat' dir='ltr'><strong>domum</strong></span> <span class='ocrx_word' id='word_1_345' title='bbox 2361 2411 2508 2465; x_wconf 88' lang='lat' dir='ltr'><strong>enim</strong></span> <span class='ocrx_word' id='word_1_346' title='bbox 2536 2409 2652 2477; x_wconf 89' lang='lat' dir='ltr'><strong>Dei,</strong></span> <span class='ocrx_word' id='word_1_347' title='bbox 2679 2410 2781 2464; x_wconf 88' lang='lat' dir='ltr'><strong>bas</strong></span> <span class='ocrx_word' id='word_1_348' title='bbox 2801 2411 2947 2480; x_wconf 82' lang='lat' dir='ltr'><strong>ipsas</strong></span> <span class='ocrx_word' id='word_1_349' title='bbox 2969 2410 3148 2471; x_wconf 85' lang='lat' dir='ltr'><strong>aulas,</strong></span> <span class='ocrx_word' id='word_1_350' title='bbox 3171 2408 3378 2462; x_wconf 83' lang='lat' dir='ltr'><strong>Christi</strong></span> 
     </span>
    </p>
   </div>
   <div class='ocr_carea' id='block_1_48' title="bbox 1799 2500 3384 2574">
    <p class='ocr_par' dir='ltr' id='par_1_48' title="bbox 1799 2500 3384 2574">
     <span class='ocr_line' id='line_1_48' title="bbox 1799 2500 3384 2574; baseline 0 -18"><span class='ocrx_word' id='word_1_351' title='bbox 1799 2503 2062 2556; x_wconf 88' lang='lat' dir='ltr'><strong>nimirum</strong></span> <span class='ocrx_word' id='word_1_352' title='bbox 2090 2504 2361 2558; x_wconf 75' lang='lat' dir='ltr'><strong>ecclesias</strong></span> <span class='ocrx_word' id='word_1_353' title='bbox 2397 2503 2717 2574; x_wconf 75' lang='lat' dir='ltr'><strong>intelligere</strong></span> <span class='ocrx_word' id='word_1_354' title='bbox 2748 2503 3035 2559; x_wconf 85' lang='lat' dir='ltr'><strong>debemus.</strong></span> <span class='ocrx_word' id='word_1_355' title='bbox 3062 2500 3384 2557; x_wconf 73' lang='lat' dir='ltr'><strong>indifferen-</strong></span> 
     </span>
    </p>
   </div>
   <div class='ocr_carea' id='block_1_49' title="bbox 1803 2595 3380 2665">
    <p class='ocr_par' dir='ltr' id='par_1_49' title="bbox 1803 2595 3380 2665">
     <span class='ocr_line' id='line_1_49' title="bbox 1803 2595 3380 2665; baseline -0.002 -14"><span class='ocrx_word' id='word_1_356' title='bbox 1803 2605 1886 2651; x_wconf 86' lang='lat' dir='ltr'><strong>ter</strong></span> <span class='ocrx_word' id='word_1_357' title='bbox 1927 2604 2110 2649; x_wconf 86' lang='lat' dir='ltr'><strong>autem</strong></span> <span class='ocrx_word' id='word_1_358' title='bbox 2143 2596 2409 2664; x_wconf 81' lang='lat' dir='ltr'><strong>singulari</strong></span> <span class='ocrx_word' id='word_1_359' title='bbox 2441 2609 2694 2660; x_wconf 87' lang='lat' dir='ltr'><strong>numero,</strong></span> <span class='ocrx_word' id='word_1_360' title='bbox 2741 2603 2795 2650; x_wconf 81' lang='lat' dir='ltr'><strong>et</strong></span> <span class='ocrx_word' id='word_1_361' title='bbox 2831 2595 3029 2665; x_wconf 84' lang='lat' dir='ltr'><strong>plurali</strong></span> <span class='ocrx_word' id='word_1_362' title='bbox 3083 2608 3216 2650; x_wconf 80' lang='lat' dir='ltr'><strong>usus</strong></span> <span class='ocrx_word' id='word_1_363' title='bbox 3247 2603 3334 2650; x_wconf 84' lang='lat' dir='ltr'><strong>est</strong></span> <span class='ocrx_word' id='word_1_364' title='bbox 3363 2607 3380 2657; x_wconf 89' lang='lat'><strong>;</strong></span> 
     </span>
    </p>
   </div>
   <div class='ocr_carea' id='block_1_50' title="bbox 133 2675 3374 2759">
    <p class='ocr_par' dir='ltr' id='par_1_50' title="bbox 133 2675 3374 2759">
     <span class='ocr_line' id='line_1_50' title="bbox 133 2675 3374 2759; baseline 0.001 -21"><span class='ocrx_word' id='word_1_365' title='bbox 133 2689 363 2755; x_wconf 67' lang='lat' dir='ltr'><strong>quoniam</strong></span> <span class='ocrx_word' id='word_1_366' title='bbox 389 2689 433 2743; x_wconf 91' lang='lat' dir='ltr'><strong>si</strong></span> <span class='ocrx_word' id='word_1_367' title='bbox 459 2689 574 2742; x_wconf 87' lang='lat' dir='ltr'><strong>loca</strong></span> <span class='ocrx_word' id='word_1_368' title='bbox 597 2689 884 2759; x_wconf 83' lang='lat' dir='ltr'><strong>respicias,</strong></span> <span class='ocrx_word' id='word_1_369' title='bbox 938 2690 1188 2744; x_wconf 69' lang='lat' dir='ltr'><strong>ecclesia:</strong></span> <span class='ocrx_word' id='word_1_370' title='bbox 1242 2705 1477 2745; x_wconf 89' lang='lat' dir='ltr'><strong>numero</strong></span> <span class='ocrx_word' id='word_1_371' title='bbox 1541 2688 1726 2758; x_wconf 88' lang='lat' dir='ltr'><strong>plures</strong></span> <span class='ocrx_word' id='word_1_372' title='bbox 1765 2675 1945 2742; x_wconf 82' lang='lat' dir='ltr'><strong>sunt:</strong></span> <span class='ocrx_word' id='word_1_373' title='bbox 2017 2687 2062 2741; x_wconf 88' lang='lat' dir='ltr'><strong>si</strong></span> <span class='ocrx_word' id='word_1_374' title='bbox 2117 2688 2436 2757; x_wconf 76' lang='lat' dir='ltr'><strong>religionem</strong></span> <span class='ocrx_word' id='word_1_375' title='bbox 2489 2696 2543 2742; x_wconf 90' lang='lat' dir='ltr'><strong>et</strong></span> <span class='ocrx_word' id='word_1_376' title='bbox 2606 2687 2732 2742; x_wconf 84' lang='lat' dir='ltr'><strong>lidel</strong></span> <span class='ocrx_word' id='word_1_377' title='bbox 2784 2688 3374 2756; x_wconf 85' lang='lat' dir='ltr'><strong>communicationem,</strong></span> 
     </span>
    </p>
   </div>
   <div class='ocr_carea' id='block_1_51' title="bbox 134 2779 2688 2851">
    <p class='ocr_par' dir='ltr' id='par_1_51' title="bbox 134 2779 2688 2851">
     <span class='ocr_line' id='line_1_51' title="bbox 134 2779 2688 2851; baseline 0.001 -21"><span class='ocrx_word' id='word_1_378' title='bbox 134 2781 290 2833; x_wconf 79' lang='lat' dir='ltr'><strong>omnia</strong></span> <span class='ocrx_word' id='word_1_379' title='bbox 328 2795 447 2844; x_wconf 76' lang='lat' dir='ltr'><strong>qua:</strong></span> <span class='ocrx_word' id='word_1_380' title='bbox 494 2780 700 2848; x_wconf 86' lang='lat' dir='ltr'><strong>ubique</strong></span> <span class='ocrx_word' id='word_1_381' title='bbox 750 2781 997 2835; x_wconf 89' lang='lat' dir='ltr'><strong>locorum</strong></span> <span class='ocrx_word' id='word_1_382' title='bbox 1049 2790 1179 2836; x_wconf 88' lang='lat' dir='ltr'><strong>sunt</strong></span> <span class='ocrx_word' id='word_1_383' title='bbox 1223 2779 1446 2851; x_wconf 79' lang='lat' dir='ltr'><strong>templa,</strong></span> <span class='ocrx_word' id='word_1_384' title='bbox 1509 2795 1671 2834; x_wconf 86' lang='lat' dir='ltr'><strong>unam</strong></span> <span class='ocrx_word' id='word_1_385' title='bbox 1712 2780 2057 2834; x_wconf 81' lang='lat' dir='ltr'><strong>constituunt</strong></span> <span class='ocrx_word' id='word_1_386' title='bbox 2087 2779 2326 2834; x_wconf 75' lang='lat' dir='ltr'><strong>fidelium</strong></span> <span class='ocrx_word' id='word_1_387' title='bbox 2359 2779 2688 2834; x_wconf 85' lang='lat' dir='ltr'><strong>Ecelesiam.</strong></span> 
     </span>
    </p>
   </div>
   <div class='ocr_carea' id='block_1_52' title="bbox 184 2875 1688 2944">
    <p class='ocr_par' dir='ltr' id='par_1_52' title="bbox 184 2875 1688 2944">
     <span class='ocr_line' id='line_1_52' title="bbox 184 2875 1688 2944; baseline -0.003 -12"><span class='ocrx_word' id='word_1_388' title='bbox 184 2877 276 2940; x_wconf 71' lang='grc' dir='ltr'><strong>Εἷς</strong></span> <span class='ocrx_word' id='word_1_389' title='bbox 327 2876 469 2941; x_wconf 86' lang='grc' dir='ltr'>τοὺς</span> <span class='ocrx_word' id='word_1_390' title='bbox 507 2877 728 2944; x_wconf 72' lang='grc' dir='ltr'>αἰῶνας</span> <span class='ocrx_word' id='word_1_391' title='bbox 761 2879 883 2932; x_wconf 83' lang='grc' dir='ltr'><strong>τῶν</strong></span> <span class='ocrx_word' id='word_1_392' title='bbox 930 2875 1161 2932; x_wconf 72' lang='grc' dir='ltr'>αἰώνων</span> <span class='ocrx_word' id='word_1_393' title='bbox 1189 2877 1529 2931; x_wconf 81' lang='grc' dir='ltr'>αὶνέσουσι.</span> <span class='ocrx_word' id='word_1_394' title='bbox 1589 2875 1688 2928; x_wconf 84' lang='grc' dir='ltr'><strong>Διὰ</strong></span> 
     </span>
    </p>
   </div>
   <div class='ocr_carea' id='block_1_53' title="bbox 133 2965 1566 3038">
    <p class='ocr_par' dir='ltr' id='par_1_53' title="bbox 133 2965 1566 3038">
     <span class='ocr_line' id='line_1_53' title="bbox 133 2965 1566 3038; baseline 0.003 -22"><span class='ocrx_word' id='word_1_395' title='bbox 133 2966 310 3029; x_wconf 75' lang='grc' dir='ltr'>παντὸς</span> <span class='ocrx_word' id='word_1_396' title='bbox 346 2965 775 3021; x_wconf 81' lang='grc' dir='ltr'>ἀκατάπαυστον</span> <span class='ocrx_word' id='word_1_397' title='bbox 799 2966 983 3032; x_wconf 76' lang='grc' dir='ltr'>ἕξουσι</span> <span class='ocrx_word' id='word_1_398' title='bbox 1013 2966 1112 3038; x_wconf 78' lang='grc' dir='ltr'>τὴν</span> <span class='ocrx_word' id='word_1_399' title='bbox 1141 2966 1240 3036; x_wconf 83' lang='grc' dir='ltr'><strong>σὴν</strong></span> <span class='ocrx_word' id='word_1_400' title='bbox 1269 2965 1566 3036; x_wconf 74' lang='grc' dir='ltr'><strong>ὑμνῳδίαν.</strong></span> 
     </span>
    </p>
   </div>
   <div class='ocr_carea' id='block_1_54' title="bbox 188 3053 1694 3129">
    <p class='ocr_par' dir='ltr' id='par_1_54' title="bbox 188 3053 1694 3129">
     <span class='ocr_line' id='line_1_54' title="bbox 188 3053 1694 3129; baseline -0.001 -17"><span class='ocrx_word' id='word_1_401' title='bbox 188 3058 486 3128; x_wconf 75' lang='grc' dir='ltr'>Μακάριος</span> <span class='ocrx_word' id='word_1_402' title='bbox 527 3061 684 3129; x_wconf 82' lang='grc' dir='ltr'>ἀνὴρ</span> <span class='ocrx_word' id='word_1_403' title='bbox 706 3053 754 3128; x_wconf 81' lang='grc' dir='ltr'>ᾧ</span> <span class='ocrx_word' id='word_1_404' title='bbox 793 3062 963 3115; x_wconf 83' lang='grc' dir='ltr'>ἐστιν</span> <span class='ocrx_word' id='word_1_405' title='bbox 991 3061 1321 3128; x_wconf 72' lang='grc' dir='ltr'><strong>ἀντίληψις</strong></span> <span class='ocrx_word' id='word_1_406' title='bbox 1349 3059 1511 3124; x_wconf 82' lang='grc' dir='ltr'><strong>αὐτῷ</strong></span> <span class='ocrx_word' id='word_1_407' title='bbox 1532 3060 1694 3124; x_wconf 71' lang='grc' dir='ltr'>παρὰ</span> 
     </span>
    </p>
   </div>
   <div class='ocr_carea' id='block_1_55' title="bbox 130 3145 1692 3222">
    <p class='ocr_par' dir='ltr' id='par_1_55' title="bbox 130 3145 1692 3222">
     <span class='ocr_line' id='line_1_55' title="bbox 130 3145 1692 3222; baseline 0.001 -21"><span class='ocrx_word' id='word_1_408' title='bbox 130 3150 250 3204; x_wconf 77' lang='grc' dir='ltr'>σοῦ.</span> <span class='ocrx_word' id='word_1_409' title='bbox 281 3150 558 3221; x_wconf 79' lang='grc' dir='ltr'>Μακάριος</span> <span class='ocrx_word' id='word_1_410' title='bbox 615 3155 843 3219; x_wconf 75' lang='grc' dir='ltr'>ἐκεῖνος,</span> <span class='ocrx_word' id='word_1_411' title='bbox 901 3145 1054 3221; x_wconf 82' lang='grc' dir='ltr'>ᾧτινι</span> <span class='ocrx_word' id='word_1_412' title='bbox 1091 3151 1242 3222; x_wconf 82' lang='grc' dir='ltr'><strong>αὐτῷ</strong></span> <span class='ocrx_word' id='word_1_413' title='bbox 1293 3153 1409 3204; x_wconf 80' lang='grc' dir='ltr'>ἐστι</span> <span class='ocrx_word' id='word_1_414' title='bbox 1467 3150 1692 3220; x_wconf 80' lang='grc' dir='ltr'>βοήθεια</span> 
     </span>
    </p>
   </div>
   <div class='ocr_carea' id='block_1_56' title="bbox 131 3245 1685 3320">
    <p class='ocr_par' dir='ltr' id='par_1_56' title="bbox 131 3245 1685 3320">
     <span class='ocr_line' id='line_1_56' title="bbox 131 3245 1685 3320; baseline 0 -23"><span class='ocrx_word' id='word_1_415' title='bbox 131 3248 222 3299; x_wconf 76' lang='grc' dir='ltr'>ἀπὸ</span> <span class='ocrx_word' id='word_1_416' title='bbox 266 3249 380 3302; x_wconf 78' lang='grc' dir='ltr'>σοῦ.</span> <span class='ocrx_word' id='word_1_417' title='bbox 412 3250 550 3320; x_wconf 70' lang='grc' dir='ltr'>Περὶ</span> <span class='ocrx_word' id='word_1_418' title='bbox 599 3249 657 3302; x_wconf 79' lang='grc' dir='ltr'>δὲ</span> <span class='ocrx_word' id='word_1_419' title='bbox 683 3250 778 3302; x_wconf 82' lang='grc' dir='ltr'>τοῦ</span> <span class='ocrx_word' id='word_1_420' title='bbox 819 3250 1101 3319; x_wconf 81' lang='grc' dir='ltr'>σχήματος</span> <span class='ocrx_word' id='word_1_421' title='bbox 1136 3247 1327 3300; x_wconf 80' lang='grc' dir='ltr'>τούτου</span> <span class='ocrx_word' id='word_1_422' title='bbox 1375 3245 1590 3316; x_wconf 79' lang='grc' dir='ltr'>εἴρηται</span> <span class='ocrx_word' id='word_1_423' title='bbox 1628 3247 1685 3298; x_wconf 79' lang='grc' dir='ltr'>ἐν</span> 
     </span>
    </p>
   </div>
   <div class='ocr_carea' id='block_1_57' title="bbox 130 3336 1683 3411">
    <p class='ocr_par' dir='ltr' id='par_1_57' title="bbox 130 3336 1683 3411">
     <span class='ocr_line' id='line_1_57' title="bbox 130 3336 1683 3411; baseline -0.006 -13"><span class='ocrx_word' id='word_1_424' title='bbox 130 3337 193 3407; x_wconf 84' lang='grc' dir='ltr'><strong>τῷ</strong></span> <span class='ocrx_word' id='word_1_425' title='bbox 208 3338 400 3411; x_wconf 69' lang='grc' dir='ltr'>ψαλμῷ</span> <span class='ocrx_word' id='word_1_426' title='bbox 420 3341 489 3403; x_wconf 85' lang='grc' dir='ltr'>θ’,</span> <span class='ocrx_word' id='word_1_427' title='bbox 520 3343 600 3403; x_wconf 83' lang='grc' dir='ltr'><strong>είς</strong></span> <span class='ocrx_word' id='word_1_428' title='bbox 616 3342 696 3394; x_wconf 86' lang='grc' dir='ltr'>τό·</span> <span class='ocrx_word' id='word_1_429' title='bbox 720 3337 802 3396; x_wconf 84' lang='grc' dir='ltr'><strong>Οὗ</strong></span> <span class='ocrx_word' id='word_1_430' title='bbox 827 3341 975 3408; x_wconf 82' lang='grc' dir='ltr'>ἀρᾶς</span> <span class='ocrx_word' id='word_1_431' title='bbox 989 3342 1058 3392; x_wconf 87' lang='grc' dir='ltr'>τὸ</span> <span class='ocrx_word' id='word_1_432' title='bbox 1079 3337 1276 3408; x_wconf 80' lang='grc' dir='ltr'>στόμα</span> <span class='ocrx_word' id='word_1_433' title='bbox 1293 3338 1482 3392; x_wconf 81' lang='grc' dir='ltr'>αὐτοῦ</span> <span class='ocrx_word' id='word_1_434' title='bbox 1500 3336 1683 3406; x_wconf 80' lang='grc' dir='ltr'>γέμει.</span> 
     </span>
    </p>
   </div>
   <div class='ocr_carea' id='block_1_58' title="bbox 186 3429 1686 3501">
    <p class='ocr_par' dir='ltr' id='par_1_58' title="bbox 186 3429 1686 3501">
     <span class='ocr_line' id='line_1_58' title="bbox 186 3429 1686 3501; baseline -0.003 -17"><span class='ocrx_word' id='word_1_435' title='bbox 186 3432 428 3498; x_wconf 76' lang='grc' dir='ltr'>Ἀναϐὰς</span> <span class='ocrx_word' id='word_1_436' title='bbox 459 3433 530 3486; x_wconf 86' lang='grc' dir='ltr'>ἐν</span> <span class='ocrx_word' id='word_1_437' title='bbox 558 3431 634 3501; x_wconf 77' lang='grc' dir='ltr'>τῇ</span> <span class='ocrx_word' id='word_1_438' title='bbox 663 3432 879 3500; x_wconf 78' lang='grc' dir='ltr'>καρδίᾳ</span> <span class='ocrx_word' id='word_1_439' title='bbox 899 3432 1087 3485; x_wconf 84' lang='grc' dir='ltr'>αὐτοῦ</span> <span class='ocrx_word' id='word_1_440' title='bbox 1127 3429 1376 3487; x_wconf 82' lang='grc' dir='ltr'>διέθετο.</span> <span class='ocrx_word' id='word_1_441' title='bbox 1423 3429 1480 3482; x_wconf 89' lang='lat'><strong>&#39;0</strong></span> <span class='ocrx_word' id='word_1_442' title='bbox 1509 3429 1686 3481; x_wconf 77' lang='grc' dir='ltr'>τοιοῦο</span> 
     </span>
    </p>
   </div>
   <div class='ocr_carea' id='block_1_59' title="bbox 1874 2871 3382 2945">
    <p class='ocr_par' dir='ltr' id='par_1_59' title="bbox 1874 2871 3382 2945">
     <span class='ocr_line' id='line_1_59' title="bbox 1874 2871 3382 2945; baseline 0.001 -20"><span class='ocrx_word' id='word_1_443' title='bbox 1874 2871 1938 2926; x_wconf 84' lang='grc' dir='ltr'><strong>1η</strong></span> <span class='ocrx_word' id='word_1_444' title='bbox 1959 2873 2155 2928; x_wconf 76' lang='lat' dir='ltr'><strong>sa&#39;cula</strong></span> <span class='ocrx_word' id='word_1_445' title='bbox 2178 2874 2493 2928; x_wconf 62' lang='lat' dir='ltr'><strong>memorum</strong></span> <span class='ocrx_word' id='word_1_446' title='bbox 2514 2874 2806 2929; x_wconf 83' lang='lat' dir='ltr'><strong>laudabunt</strong></span> <span class='ocrx_word' id='word_1_447' title='bbox 2831 2884 2898 2931; x_wconf 82' lang='lat' dir='ltr'><strong>te.</strong></span> <span class='ocrx_word' id='word_1_448' title='bbox 2923 2873 3153 2944; x_wconf 85' lang='lat' dir='ltr'><strong>Semper</strong></span> <span class='ocrx_word' id='word_1_449' title='bbox 3177 2885 3240 2928; x_wconf 84' lang='lat' dir='ltr'><strong>ac</strong></span> <span class='ocrx_word' id='word_1_450' title='bbox 3260 2885 3382 2945; x_wconf 82' lang='lat' dir='ltr'><strong>per-</strong></span> 
     </span>
    </p>
   </div>
   <div class='ocr_carea' id='block_1_60' title="bbox 1798 2965 2896 3032">
    <p class='ocr_par' dir='ltr' id='par_1_60' title="bbox 1798 2965 2896 3032">
     <span class='ocr_line' id='line_1_60' title="bbox 1798 2965 2896 3032; baseline 0.002 -15"><span class='ocrx_word' id='word_1_451' title='bbox 1798 2973 1966 3032; x_wconf 88' lang='lat' dir='ltr'><strong>petuo</strong></span> <span class='ocrx_word' id='word_1_452' title='bbox 1996 2965 2187 3020; x_wconf 81' lang='lat' dir='ltr'><strong>laudes</strong></span> <span class='ocrx_word' id='word_1_453' title='bbox 2223 2975 2344 3022; x_wconf 83' lang='lat' dir='ltr'><strong>tuas</strong></span> <span class='ocrx_word' id='word_1_454' title='bbox 2376 2969 2428 3020; x_wconf 91' lang='lat' dir='ltr'><strong>in</strong></span> <span class='ocrx_word' id='word_1_455' title='bbox 2462 2982 2557 3020; x_wconf 86' lang='lat' dir='ltr'><strong>ore</strong></span> <span class='ocrx_word' id='word_1_456' title='bbox 2593 2967 2896 3022; x_wconf 83' lang='lat' dir='ltr'><strong>habebunt.</strong></span> 
     </span>
    </p>
   </div>
   <div class='ocr_carea' id='block_1_61' title="bbox 1869 3054 3376 3122">
    <p class='ocr_par' dir='ltr' id='par_1_61' title="bbox 1869 3054 3376 3122">
     <span class='ocr_line' id='line_1_61' title="bbox 1869 3054 3376 3122; baseline 0.002 -14"><span class='ocrx_word' id='word_1_457' title='bbox 1869 3055 2033 3108; x_wconf 70' lang='lat' dir='ltr'><strong>Vens.</strong></span> <span class='ocrx_word' id='word_1_458' title='bbox 2063 3055 2116 3109; x_wconf 87' lang='lat'><strong>6.</strong></span> <span class='ocrx_word' id='word_1_459' title='bbox 2153 3054 2349 3110; x_wconf 78' lang='lat' dir='ltr'><strong>Beatus</strong></span> <span class='ocrx_word' id='word_1_460' title='bbox 2375 3058 2474 3122; x_wconf 83' lang='lat' dir='ltr'><strong>vir,</strong></span> <span class='ocrx_word' id='word_1_461' title='bbox 2511 3057 2598 3110; x_wconf 82' lang='lat' dir='ltr'><strong>cui</strong></span> <span class='ocrx_word' id='word_1_462' title='bbox 2631 3066 2708 3110; x_wconf 78' lang='lat' dir='ltr'><strong>est</strong></span> <span class='ocrx_word' id='word_1_463' title='bbox 2731 3058 2997 3110; x_wconf 62' lang='lat' dir='ltr'><strong>auxilium</strong></span> <span class='ocrx_word' id='word_1_464' title='bbox 3020 3057 3070 3111; x_wconf 82' lang='lat' dir='ltr'><strong>ei</strong></span> <span class='ocrx_word' id='word_1_465' title='bbox 3095 3057 3187 3111; x_wconf 78' lang='lat' dir='ltr'><strong>abs</strong></span> <span class='ocrx_word' id='word_1_466' title='bbox 3217 3065 3287 3112; x_wconf 80' lang='lat' dir='ltr'><strong>te.</strong></span> <span class='ocrx_word' id='word_1_467' title='bbox 3314 3055 3376 3111; x_wconf 77' lang='lat' dir='ltr'><strong>In</strong></span> 
     </span>
    </p>
   </div>
   <div class='ocr_carea' id='block_1_62' title="bbox 1797 3143 3374 3215">
    <p class='ocr_par' dir='ltr' id='par_1_62' title="bbox 1797 3143 3374 3215">
     <span class='ocr_line' id='line_1_62' title="bbox 1797 3143 3374 3215; baseline 0.003 -19"><span class='ocrx_word' id='word_1_468' title='bbox 1797 3143 1903 3198; x_wconf 85' lang='lat' dir='ltr'><strong>hoc</strong></span> <span class='ocrx_word' id='word_1_469' title='bbox 1928 3145 2206 3199; x_wconf 87' lang='lat' dir='ltr'><strong>versiculo</strong></span> <span class='ocrx_word' id='word_1_470' title='bbox 2234 3146 2439 3201; x_wconf 89' lang='lat' dir='ltr'><strong>idioma</strong></span> <span class='ocrx_word' id='word_1_471' title='bbox 2489 3146 2766 3215; x_wconf 87' lang='lat' dir='ltr'><strong>quoddam</strong></span> <span class='ocrx_word' id='word_1_472' title='bbox 2803 3145 3136 3201; x_wconf 83' lang='lat' dir='ltr'><strong>Hebraicum</strong></span> <span class='ocrx_word' id='word_1_473' title='bbox 3165 3156 3271 3211; x_wconf 87' lang='lat' dir='ltr'><strong>est,</strong></span> <span class='ocrx_word' id='word_1_474' title='bbox 3297 3146 3374 3201; x_wconf 88' lang='lat' dir='ltr'><strong>illi</strong></span> 
     </span>
    </p>
   </div>
   <div class='ocr_carea' id='block_1_63' title="bbox 1793 3235 3377 3306">
    <p class='ocr_par' dir='ltr' id='par_1_63' title="bbox 1793 3235 3377 3306">
     <span class='ocr_line' id='line_1_63' title="bbox 1793 3235 3377 3306; baseline 0.003 -17"><span class='ocrx_word' id='word_1_475' title='bbox 1793 3236 1993 3299; x_wconf 82' lang='lat' dir='ltr'><strong>simile,</strong></span> <span class='ocrx_word' id='word_1_476' title='bbox 2028 3237 2174 3306; x_wconf 88' lang='lat' dir='ltr'><strong>quod</strong></span> <span class='ocrx_word' id='word_1_477' title='bbox 2201 3237 2442 3292; x_wconf 82' lang='lat' dir='ltr'><strong>vidi-mus</strong></span> <span class='ocrx_word' id='word_1_478' title='bbox 2470 3237 2522 3290; x_wconf 90' lang='lat' dir='ltr'><strong>in</strong></span> <span class='ocrx_word' id='word_1_479' title='bbox 2567 3237 2774 3306; x_wconf 79' lang='lat' dir='ltr'><strong>psalmo</strong></span> <span class='ocrx_word' id='word_1_480' title='bbox 2809 3253 2886 3301; x_wconf 78' lang='lat' dir='ltr'><strong>ix,</strong></span> <span class='ocrx_word' id='word_1_481' title='bbox 2915 3235 2988 3292; x_wconf 85' lang='lat' dir='ltr'><strong>ibi</strong></span> <span class='ocrx_word' id='word_1_482' title='bbox 3020 3255 3039 3292; x_wconf 85' lang='lat'><strong>:</strong></span> <span class='ocrx_word' id='word_1_483' title='bbox 3061 3237 3227 3306; x_wconf 78' lang='lat' dir='ltr'><strong>Cujus</strong></span> <span class='ocrx_word' id='word_1_484' title='bbox 3258 3255 3377 3292; x_wconf 86' lang='lat' dir='ltr'><strong>ma-</strong></span> 
     </span>
    </p>
   </div>
   <div class='ocr_carea' id='block_1_64' title="bbox 1789 3328 2966 3397">
    <p class='ocr_par' dir='ltr' id='par_1_64' title="bbox 1789 3328 2966 3397">
     <span class='ocr_line' id='line_1_64' title="bbox 1789 3328 2966 3397; baseline 0.001 -15"><span class='ocrx_word' id='word_1_485' title='bbox 1789 3329 2070 3382; x_wconf 80' lang='lat' dir='ltr'><strong>ledictione</strong></span> <span class='ocrx_word' id='word_1_486' title='bbox 2092 3344 2149 3380; x_wconf 81' lang='lat' dir='ltr'><strong>os</strong></span> <span class='ocrx_word' id='word_1_487' title='bbox 2173 3329 2286 3397; x_wconf 80' lang='lat' dir='ltr'><strong>ejus</strong></span> <span class='ocrx_word' id='word_1_488' title='bbox 2307 3328 2519 3396; x_wconf 81' lang='lat' dir='ltr'><strong>plenum</strong></span> <span class='ocrx_word' id='word_1_489' title='bbox 2551 3337 2669 3390; x_wconf 79' lang='lat' dir='ltr'><strong>est;</strong></span> <span class='ocrx_word' id='word_1_490' title='bbox 2702 3328 2792 3382; x_wconf 74' lang='lat' dir='ltr'><strong>ubi</strong></span> <span class='ocrx_word' id='word_1_491' title='bbox 2823 3329 2966 3383; x_wconf 77' lang='lat' dir='ltr'><strong>vide.</strong></span> 
     </span>
    </p>
   </div>
   <div class='ocr_carea' id='block_1_65' title="bbox 1860 3419 3372 3492">
    <p class='ocr_par' dir='ltr' id='par_1_65' title="bbox 1860 3419 3372 3492">
     <span class='ocr_line' id='line_1_65' title="bbox 1860 3419 3372 3492; baseline 0.001 -19"><span class='ocrx_word' id='word_1_492' title='bbox 1860 3419 2203 3475; x_wconf 77' lang='lat' dir='ltr'><strong>Ascenaiones</strong></span> <span class='ocrx_word' id='word_1_493' title='bbox 2230 3422 2284 3474; x_wconf 83' lang='lat' dir='ltr'><strong>in</strong></span> <span class='ocrx_word' id='word_1_494' title='bbox 2305 3421 2462 3474; x_wconf 81' lang='lat' dir='ltr'><strong>corde</strong></span> <span class='ocrx_word' id='word_1_495' title='bbox 2491 3436 2588 3474; x_wconf 80' lang='lat' dir='ltr'><strong>suo</strong></span> <span class='ocrx_word' id='word_1_496' title='bbox 2620 3421 2902 3490; x_wconf 78' lang='lat' dir='ltr'><strong>disposuit.</strong></span> <span class='ocrx_word' id='word_1_497' title='bbox 2937 3421 3107 3486; x_wconf 88' lang='lat' dir='ltr'><strong>Talis,</strong></span> <span class='ocrx_word' id='word_1_498' title='bbox 3125 3421 3372 3492; x_wconf 80' lang='lat' dir='ltr'><strong>inquam,</strong></span> 
     </span>
    </p>
   </div>
   <div class='ocr_carea' id='block_1_66' title="bbox 127 3497 1689 3593">
    <p class='ocr_par' dir='ltr' id='par_1_66' title="bbox 127 3497 1688 3593">
     <span class='ocr_line' id='line_1_66' title="bbox 127 3497 1688 3593; baseline 0.001 -20"><span class='ocrx_word' id='word_1_499' title='bbox 127 3540 202 3586; x_wconf 79' lang='grc' dir='ltr'><strong>τος</strong></span> <span class='ocrx_word' id='word_1_500' title='bbox 232 3523 515 3593; x_wconf 79' lang='grc' dir='ltr'>ἄνθρωπος</span> <span class='ocrx_word' id='word_1_501' title='bbox 567 3497 867 3587; x_wconf 61' lang='grc' dir='ltr'>ἀναϐάσεις</span> <span class='ocrx_word' id='word_1_502' title='bbox 919 3523 1028 3577; x_wconf 77' lang='grc' dir='ltr'><strong>ἀπὸ</strong></span> <span class='ocrx_word' id='word_1_503' title='bbox 1065 3524 1176 3577; x_wconf 83' lang='grc' dir='ltr'><strong>τῶν</strong></span> <span class='ocrx_word' id='word_1_504' title='bbox 1229 3523 1440 3592; x_wconf 78' lang='grc' dir='ltr'>γηΐνων</span> <span class='ocrx_word' id='word_1_505' title='bbox 1473 3521 1567 3574; x_wconf 78' lang='grc' dir='ltr'><strong>ἐπὶ</strong></span> <span class='ocrx_word' id='word_1_506' title='bbox 1619 3521 1688 3574; x_wconf 79' lang='grc' dir='ltr'>τὰ</span> 
     </span>
    </p>
   </div>
   <div class='ocr_carea' id='block_1_67' title="bbox 1807 3497 3380 3593">
    <p class='ocr_par' dir='ltr' id='par_1_67' title="bbox 1811 3513 3380 3584">
     <span class='ocr_line' id='line_1_67' title="bbox 1811 3513 3380 3584; baseline 0.004 -21"><span class='ocrx_word' id='word_1_507' title='bbox 1811 3527 1958 3566; x_wconf 84' lang='lat' dir='ltr'><strong>mmo</strong></span> <span class='ocrx_word' id='word_1_508' title='bbox 1997 3513 2331 3581; x_wconf 80' lang='lat' dir='ltr'><strong>excogitavit</strong></span> <span class='ocrx_word' id='word_1_509' title='bbox 2376 3513 2521 3567; x_wconf 90' lang='lat' dir='ltr'><strong>intra</strong></span> <span class='ocrx_word' id='word_1_510' title='bbox 2555 3528 2614 3568; x_wconf 87' lang='lat' dir='ltr'><strong>se</strong></span> <span class='ocrx_word' id='word_1_511' title='bbox 2651 3513 2879 3584; x_wconf 79' lang='lat' dir='ltr'><strong>gradus,</strong></span> <span class='ocrx_word' id='word_1_512' title='bbox 2909 3521 3074 3580; x_wconf 86' lang='lat' dir='ltr'><strong>atque</strong></span> <span class='ocrx_word' id='word_1_513' title='bbox 3107 3527 3380 3570; x_wconf 62' lang='lat' dir='ltr'><strong>ascensus</strong></span> 
     </span>
    </p>
   </div>
   <div class='ocr_carea' id='block_1_68' title="bbox 128 3611 1689 3684">
    <p class='ocr_par' dir='ltr' id='par_1_68' title="bbox 128 3611 1689 3684">
     <span class='ocr_line' id='line_1_68' title="bbox 128 3611 1689 3684; baseline 0.003 -24"><span class='ocrx_word' id='word_1_514' title='bbox 128 3611 351 3680; x_wconf 74' lang='grc' dir='ltr'>οὐράνια,</span> <span class='ocrx_word' id='word_1_515' title='bbox 377 3614 472 3666; x_wconf 76' lang='grc' dir='ltr'>καὶ</span> <span class='ocrx_word' id='word_1_516' title='bbox 504 3612 616 3666; x_wconf 77' lang='grc' dir='ltr'><strong>ἀπὸ</strong></span> <span class='ocrx_word' id='word_1_517' title='bbox 641 3614 752 3666; x_wconf 83' lang='grc' dir='ltr'><strong>τῶν</strong></span> <span class='ocrx_word' id='word_1_518' title='bbox 783 3612 1060 3684; x_wconf 75' lang='grc' dir='ltr'>αἰσθητῶν</span> <span class='ocrx_word' id='word_1_519' title='bbox 1113 3613 1210 3667; x_wconf 77' lang='grc' dir='ltr'><strong>ἐπὶ</strong></span> <span class='ocrx_word' id='word_1_520' title='bbox 1268 3613 1339 3666; x_wconf 81' lang='grc' dir='ltr'><strong>τὰ</strong></span> <span class='ocrx_word' id='word_1_521' title='bbox 1367 3612 1554 3680; x_wconf 84' lang='grc' dir='ltr'>νοητὰ,</span> <span class='ocrx_word' id='word_1_522' title='bbox 1593 3613 1689 3665; x_wconf 78' lang='grc' dir='ltr'>καὶ</span> 
     </span>
    </p>
   </div>
   <div class='ocr_carea' id='block_1_69' title="bbox 127 3703 1686 3776">
    <p class='ocr_par' dir='ltr' id='par_1_69' title="bbox 127 3703 1686 3776">
     <span class='ocr_line' id='line_1_69' title="bbox 127 3703 1686 3776; baseline 0.001 -21"><span class='ocrx_word' id='word_1_523' title='bbox 127 3705 218 3756; x_wconf 75' lang='grc' dir='ltr'><strong>ἀπὸ</strong></span> <span class='ocrx_word' id='word_1_524' title='bbox 247 3706 346 3757; x_wconf 86' lang='grc' dir='ltr'><strong>τῶν</strong></span> <span class='ocrx_word' id='word_1_525' title='bbox 378 3707 641 3775; x_wconf 78' lang='grc' dir='ltr'>χειρόνων</span> <span class='ocrx_word' id='word_1_526' title='bbox 689 3707 782 3759; x_wconf 74' lang='grc' dir='ltr'><strong>ἐπὶ</strong></span> <span class='ocrx_word' id='word_1_527' title='bbox 819 3707 888 3759; x_wconf 72' lang='grc' dir='ltr'>τὰ</span> <span class='ocrx_word' id='word_1_528' title='bbox 920 3703 1230 3776; x_wconf 83' lang='grc' dir='ltr'>κρείττονα,</span> <span class='ocrx_word' id='word_1_529' title='bbox 1260 3704 1318 3757; x_wconf 79' lang='grc' dir='ltr'>ὲν</span> <span class='ocrx_word' id='word_1_530' title='bbox 1352 3705 1532 3774; x_wconf 79' lang='grc' dir='ltr'>ἑαυτῷ</span> <span class='ocrx_word' id='word_1_531' title='bbox 1574 3705 1686 3756; x_wconf 86' lang='grc' dir='ltr'>διε-</span> 
     </span>
    </p>
   </div>
   <div class='ocr_carea' id='block_1_70' title="bbox 130 3791 1687 3868">
    <p class='ocr_par' dir='ltr' id='par_1_70' title="bbox 130 3791 1687 3868">
     <span class='ocr_line' id='line_1_70' title="bbox 130 3791 1687 3868; baseline 0 -20"><span class='ocrx_word' id='word_1_532' title='bbox 130 3798 482 3868; x_wconf 73' lang='grc' dir='ltr'>μηχανήσατο,</span> <span class='ocrx_word' id='word_1_533' title='bbox 523 3797 858 3868; x_wconf 83' lang='grc' dir='ltr'>διενοήσατο,</span> <span class='ocrx_word' id='word_1_534' title='bbox 911 3796 1340 3851; x_wconf 83' lang='grc' dir='ltr'>κατεσκεύασεν.</span> <span class='ocrx_word' id='word_1_535' title='bbox 1381 3791 1506 3848; x_wconf 78' lang='grc' dir='ltr'>Εἶεν</span> <span class='ocrx_word' id='word_1_536' title='bbox 1531 3795 1577 3848; x_wconf 84' lang='grc' dir='ltr'>δ’</span> <span class='ocrx_word' id='word_1_537' title='bbox 1621 3796 1687 3848; x_wconf 79' lang='grc' dir='ltr'>ἂν</span> 
     </span>
    </p>
   </div>
   <div class='ocr_carea' id='block_1_71' title="bbox 128 3884 1686 3959">
    <p class='ocr_par' dir='ltr' id='par_1_71' title="bbox 128 3884 1686 3959">
     <span class='ocr_line' id='line_1_71' title="bbox 128 3884 1686 3959; baseline -0.001 -19"><span class='ocrx_word' id='word_1_538' title='bbox 128 3889 252 3940; x_wconf 74' lang='grc' dir='ltr'>αὐτὰ</span> <span class='ocrx_word' id='word_1_539' title='bbox 302 3891 348 3942; x_wconf 87' lang='grc' dir='ltr'><strong>οί</strong></span> <span class='ocrx_word' id='word_1_540' title='bbox 382 3889 583 3958; x_wconf 72' lang='grc' dir='ltr'>ἀγαθοὶ</span> <span class='ocrx_word' id='word_1_541' title='bbox 624 3890 896 3959; x_wconf 71' lang='grc' dir='ltr'>λογισμοὶ,</span> <span class='ocrx_word' id='word_1_542' title='bbox 928 3890 996 3942; x_wconf 85' lang='grc' dir='ltr'><strong>δι’</strong></span> <span class='ocrx_word' id='word_1_543' title='bbox 1028 3884 1103 3943; x_wconf 85' lang='grc' dir='ltr'>ὧν</span> <span class='ocrx_word' id='word_1_544' title='bbox 1137 3888 1314 3944; x_wconf 73' lang='grc' dir='ltr'>ἄνεισι</span> <span class='ocrx_word' id='word_1_545' title='bbox 1339 3905 1444 3951; x_wconf 87' lang='grc' dir='ltr'>τις,</span> <span class='ocrx_word' id='word_1_546' title='bbox 1488 3887 1562 3949; x_wconf 88' lang='grc' dir='ltr'>ὼς</span> <span class='ocrx_word' id='word_1_547' title='bbox 1597 3887 1686 3940; x_wconf 77' lang='grc' dir='ltr'><strong>διὰ</strong></span> 
     </span>
    </p>
   </div>
   <div class='ocr_carea' id='block_1_72' title="bbox 126 3973 1686 4051">
    <p class='ocr_par' dir='ltr' id='par_1_72' title="bbox 126 3973 1686 4051">
     <span class='ocr_line' id='line_1_72' title="bbox 126 3973 1686 4051; baseline 0.005 -24"><span class='ocrx_word' id='word_1_548' title='bbox 126 3979 388 4047; x_wconf 67' lang='grc' dir='ltr'>κλίμακος,</span> <span class='ocrx_word' id='word_1_549' title='bbox 449 3982 543 4034; x_wconf 75' lang='grc' dir='ltr'><strong>ἐπὶ</strong></span> <span class='ocrx_word' id='word_1_550' title='bbox 577 3983 645 4035; x_wconf 68' lang='grc' dir='ltr'><strong>τὰ</strong></span> <span class='ocrx_word' id='word_1_551' title='bbox 696 3981 878 4051; x_wconf 76' lang='grc' dir='ltr'>ὑψηλὰ</span> <span class='ocrx_word' id='word_1_552' title='bbox 907 3973 1173 4035; x_wconf 72' lang='grc' dir='ltr'>καὶθεῖα.</span> <span class='ocrx_word' id='word_1_553' title='bbox 1238 3981 1547 4049; x_wconf 76' lang='grc' dir='ltr'>Μακάριος,</span> <span class='ocrx_word' id='word_1_554' title='bbox 1577 3996 1686 4048; x_wconf 81' lang='grc' dir='ltr'>φη-</span> 
     </span>
    </p>
   </div>
   <div class='ocr_carea' id='block_1_73' title="bbox 127 4070 1684 4144">
    <p class='ocr_par' dir='ltr' id='par_1_73' title="bbox 127 4070 1684 4144">
     <span class='ocr_line' id='line_1_73' title="bbox 127 4070 1684 4144; baseline 0.002 -24"><span class='ocrx_word' id='word_1_555' title='bbox 127 4070 217 4132; x_wconf 74' lang='grc' dir='ltr'>σὶν,</span> <span class='ocrx_word' id='word_1_556' title='bbox 248 4073 276 4122; x_wconf 90' lang='lat'><strong>6</strong></span> <span class='ocrx_word' id='word_1_557' title='bbox 295 4077 390 4143; x_wconf 71' lang='grc' dir='ltr'>τὴν</span> <span class='ocrx_word' id='word_1_558' title='bbox 419 4075 518 4144; x_wconf 76' lang='grc' dir='ltr'>σὴν</span> <span class='ocrx_word' id='word_1_559' title='bbox 548 4073 688 4143; x_wconf 75' lang='grc' dir='ltr'><strong>ἔχων</strong></span> <span class='ocrx_word' id='word_1_560' title='bbox 713 4073 1024 4144; x_wconf 75' lang='grc' dir='ltr'>ἀντίληψιν.</span> <span class='ocrx_word' id='word_1_561' title='bbox 1050 4071 1205 4141; x_wconf 84' lang='grc' dir='ltr'>Ἔχει</span> <span class='ocrx_word' id='word_1_562' title='bbox 1237 4072 1294 4125; x_wconf 82' lang='grc' dir='ltr'>δὲ</span> <span class='ocrx_word' id='word_1_563' title='bbox 1343 4072 1551 4143; x_wconf 83' lang='grc' dir='ltr'>ταύτην</span> <span class='ocrx_word' id='word_1_564' title='bbox 1575 4072 1684 4133; x_wconf 77' lang='grc' dir='ltr'><strong>πᾶς</strong></span> 
     </span>
    </p>
   </div>
   <div class='ocr_carea' id='block_1_74' title="bbox 124 4163 1292 4236">
    <p class='ocr_par' dir='ltr' id='par_1_74' title="bbox 124 4163 1292 4236">
     <span class='ocr_line' id='line_1_74' title="bbox 124 4163 1292 4236; baseline 0.005 -24"><span class='ocrx_word' id='word_1_565' title='bbox 124 4163 444 4228; x_wconf 74' lang='grc' dir='ltr'>όάναόἀσεις</span> <span class='ocrx_word' id='word_1_566' title='bbox 473 4168 532 4219; x_wconf 83' lang='grc' dir='ltr'>ὲν</span> <span class='ocrx_word' id='word_1_567' title='bbox 561 4168 627 4236; x_wconf 81' lang='grc' dir='ltr'>τῇ</span> <span class='ocrx_word' id='word_1_568' title='bbox 656 4163 856 4235; x_wconf 80' lang='grc' dir='ltr'>καρδίᾳ</span> <span class='ocrx_word' id='word_1_569' title='bbox 894 4164 1292 4234; x_wconf 77' lang='grc' dir='ltr'>διατιθέμενος.</span> 
     </span>
    </p>
   </div>
   <div class='ocr_carea' id='block_1_75' title="bbox 183 4339 1683 4410">
    <p class='ocr_par' dir='ltr' id='par_1_75' title="bbox 183 4339 1683 4410">
     <span class='ocr_line' id='line_1_75' title="bbox 183 4339 1683 4410; baseline -0.001 -17"><span class='ocrx_word' id='word_1_570' title='bbox 183 4341 280 4405; x_wconf 68' lang='grc' dir='ltr'><strong>Εἰς</strong></span> <span class='ocrx_word' id='word_1_571' title='bbox 335 4340 453 4408; x_wconf 77' lang='grc' dir='ltr'>τὴν</span> <span class='ocrx_word' id='word_1_572' title='bbox 507 4339 763 4394; x_wconf 70' lang='grc' dir='ltr'>κοιλάδα</span> <span class='ocrx_word' id='word_1_573' title='bbox 819 4340 926 4394; x_wconf 86' lang='grc' dir='ltr'><strong>τοῦ</strong></span> <span class='ocrx_word' id='word_1_574' title='bbox 977 4339 1396 4410; x_wconf 76' lang='grc' dir='ltr'>κλαυθμῶνος.</span> <span class='ocrx_word' id='word_1_575' title='bbox 1462 4339 1683 4392; x_wconf 82' lang='grc' dir='ltr'>Διέθετο</span> 
     </span>
    </p>
   </div>
   <div class='ocr_carea' id='block_1_76' title="bbox 123 4431 1679 4505">
    <p class='ocr_par' dir='ltr' id='par_1_76' title="bbox 123 4431 1679 4505">
     <span class='ocr_line' id='line_1_76' title="bbox 123 4431 1679 4505; baseline 0.001 -23"><span class='ocrx_word' id='word_1_576' title='bbox 123 4432 306 4497; x_wconf 79' lang='grc' dir='ltr'>ταύτας</span> <span class='ocrx_word' id='word_1_577' title='bbox 335 4436 390 4486; x_wconf 78' lang='grc' dir='ltr'>ἐν</span> <span class='ocrx_word' id='word_1_578' title='bbox 416 4433 597 4505; x_wconf 76' lang='grc' dir='ltr'>ἑαυτῷ</span> <span class='ocrx_word' id='word_1_579' title='bbox 624 4434 723 4496; x_wconf 77' lang='grc' dir='ltr'><strong>τὰς</strong></span> <span class='ocrx_word' id='word_1_580' title='bbox 743 4433 1062 4496; x_wconf 73' lang='grc' dir='ltr'>ἀναϐάσεις,</span> <span class='ocrx_word' id='word_1_581' title='bbox 1087 4431 1163 4487; x_wconf 86' lang='grc' dir='ltr'>ὢν</span> <span class='ocrx_word' id='word_1_582' title='bbox 1193 4435 1254 4486; x_wconf 82' lang='grc' dir='ltr'>ἐν</span> <span class='ocrx_word' id='word_1_583' title='bbox 1283 4433 1361 4498; x_wconf 85' lang='grc' dir='ltr'><strong>τῷ</strong></span> <span class='ocrx_word' id='word_1_584' title='bbox 1393 4433 1545 4504; x_wconf 82' lang='grc' dir='ltr'>τόπῳ</span> <span class='ocrx_word' id='word_1_585' title='bbox 1586 4433 1679 4484; x_wconf 73' lang='grc' dir='ltr'>τοῦ</span> 
     </span>
    </p>
   </div>
   <div class='ocr_carea' id='block_1_77' title="bbox 121 4521 1682 4594">
    <p class='ocr_par' dir='ltr' id='par_1_77' title="bbox 121 4521 1682 4594">
     <span class='ocr_line' id='line_1_77' title="bbox 121 4521 1682 4594; baseline 0.001 -19"><span class='ocrx_word' id='word_1_586' title='bbox 121 4521 455 4593; x_wconf 75' lang='grc' dir='ltr'>κλαυθμῶνος</span> <span class='ocrx_word' id='word_1_587' title='bbox 494 4541 509 4553; x_wconf 89' lang='grc'><strong>·</strong></span> <span class='ocrx_word' id='word_1_588' title='bbox 543 4525 762 4594; x_wconf 80' lang='grc' dir='ltr'>εἴρηται</span> <span class='ocrx_word' id='word_1_589' title='bbox 819 4524 875 4577; x_wconf 86' lang='grc' dir='ltr'>δὲ</span> <span class='ocrx_word' id='word_1_590' title='bbox 926 4524 1112 4586; x_wconf 80' lang='grc' dir='ltr'>κοιλὰς</span> <span class='ocrx_word' id='word_1_591' title='bbox 1160 4522 1516 4593; x_wconf 83' lang='grc' dir='ltr'>κλαυθμῶνος</span> <span class='ocrx_word' id='word_1_592' title='bbox 1575 4524 1682 4576; x_wconf 83' lang='grc' dir='ltr'><strong>ἀπὸ</strong></span> 
     </span>
    </p>
   </div>
   <div class='ocr_carea' id='block_1_78' title="bbox 124 4609 1681 4686">
    <p class='ocr_par' dir='ltr' id='par_1_78' title="bbox 124 4609 1681 4686">
     <span class='ocr_line' id='line_1_78' title="bbox 124 4609 1681 4686; baseline 0.001 -21"><span class='ocrx_word' id='word_1_593' title='bbox 124 4617 415 4684; x_wconf 69' lang='grc' dir='ltr'>μεταφορᾶς</span> <span class='ocrx_word' id='word_1_594' title='bbox 439 4614 535 4668; x_wconf 81' lang='grc' dir='ltr'><strong>τοῦ</strong></span> <span class='ocrx_word' id='word_1_595' title='bbox 562 4615 755 4682; x_wconf 75' lang='grc' dir='ltr'>τόπου,</span> <span class='ocrx_word' id='word_1_596' title='bbox 783 4618 844 4668; x_wconf 79' lang='grc' dir='ltr'>ἐν</span> <span class='ocrx_word' id='word_1_597' title='bbox 879 4609 924 4683; x_wconf 81' lang='grc' dir='ltr'><strong>ᾧ</strong></span> <span class='ocrx_word' id='word_1_598' title='bbox 960 4616 1133 4668; x_wconf 79' lang='grc' dir='ltr'>πάλαι</span> <span class='ocrx_word' id='word_1_599' title='bbox 1179 4614 1281 4686; x_wconf 83' lang='grc' dir='ltr'>τὴν</span> <span class='ocrx_word' id='word_1_600' title='bbox 1334 4617 1681 4685; x_wconf 85' lang='grc' dir='ltr'>παρανομίαν</span> 
     </span>
    </p>
   </div>
   <div class='ocr_carea' id='block_1_79' title="bbox 120 4703 1679 4776">
    <p class='ocr_par' dir='ltr' id='par_1_79' title="bbox 120 4703 1679 4776">
     <span class='ocr_line' id='line_1_79' title="bbox 120 4703 1679 4776; baseline 0.004 -23"><span class='ocrx_word' id='word_1_601' title='bbox 120 4703 219 4755; x_wconf 85' lang='grc' dir='ltr'><strong>τῶν</strong></span> <span class='ocrx_word' id='word_1_602' title='bbox 264 4706 532 4776; x_wconf 77' lang='grc' dir='ltr'>Ἐϐραίων</span> <span class='ocrx_word' id='word_1_603' title='bbox 575 4705 803 4774; x_wconf 70' lang='grc' dir='ltr'>ἐλέγξας</span> <span class='ocrx_word' id='word_1_604' title='bbox 856 4707 885 4758; x_wconf 92' lang='lat'><strong>6</strong></span> <span class='ocrx_word' id='word_1_605' title='bbox 931 4706 1084 4771; x_wconf 85' lang='grc' dir='ltr'>Θεὸς,</span> <span class='ocrx_word' id='word_1_606' title='bbox 1145 4707 1223 4769; x_wconf 82' lang='grc' dir='ltr'><strong>είς</strong></span> <span class='ocrx_word' id='word_1_607' title='bbox 1270 4705 1549 4776; x_wconf 86' lang='grc' dir='ltr'>κλαυθμὸν</span> <span class='ocrx_word' id='word_1_608' title='bbox 1587 4707 1679 4760; x_wconf 68' lang='grc' dir='ltr'><strong>τὸν</strong></span> 
     </span>
    </p>
   </div>
   <div class='ocr_carea' id='block_1_80' title="bbox 119 4794 1668 4868">
    <p class='ocr_par' dir='ltr' id='par_1_80' title="bbox 119 4794 1668 4868">
     <span class='ocr_line' id='line_1_80' title="bbox 119 4794 1668 4868; baseline 0.004 -23"><span class='ocrx_word' id='word_1_609' title='bbox 119 4794 236 4847; x_wconf 75' lang='grc' dir='ltr'>λαὸν</span> <span class='ocrx_word' id='word_1_610' title='bbox 270 4797 491 4868; x_wconf 71' lang='grc' dir='ltr'>ἐκίνησε</span> <span class='ocrx_word' id='word_1_611' title='bbox 525 4813 540 4826; x_wconf 89' lang='grc'><strong>·</strong></span> <span class='ocrx_word' id='word_1_612' title='bbox 565 4796 648 4852; x_wconf 76' lang='grc' dir='ltr'>διὸ</span> <span class='ocrx_word' id='word_1_613' title='bbox 674 4797 766 4850; x_wconf 75' lang='grc' dir='ltr'>καὶ</span> <span class='ocrx_word' id='word_1_614' title='bbox 803 4798 1022 4863; x_wconf 73' lang='grc' dir='ltr'>Κοιλὰς</span> <span class='ocrx_word' id='word_1_615' title='bbox 1063 4795 1457 4866; x_wconf 75' lang='grc' dir='ltr'>κλαυθμῶνος</span> <span class='ocrx_word' id='word_1_616' title='bbox 1504 4797 1533 4849; x_wconf 87' lang='lat'><strong>6</strong></span> <span class='ocrx_word' id='word_1_617' title='bbox 1577 4799 1668 4851; x_wconf 86' lang='grc' dir='ltr'>τό-</span> 
     </span>
    </p>
   </div>
   <div class='ocr_carea' id='block_1_81' title="bbox 119 4887 1676 4958">
    <p class='ocr_par' dir='ltr' id='par_1_81' title="bbox 119 4887 1676 4958">
     <span class='ocr_line' id='line_1_81' title="bbox 119 4887 1676 4958; baseline 0.002 -20"><span class='ocrx_word' id='word_1_618' title='bbox 119 4888 424 4950; x_wconf 78' lang='grc' dir='ltr'>ποςὲκεῖνος</span> <span class='ocrx_word' id='word_1_619' title='bbox 453 4888 686 4958; x_wconf 65' lang='grc' dir='ltr'>ἐκλήθη.</span> <span class='ocrx_word' id='word_1_620' title='bbox 719 4889 920 4952; x_wconf 81' lang='grc' dir='ltr'>Κοιλὰς</span> <span class='ocrx_word' id='word_1_621' title='bbox 949 4888 1007 4942; x_wconf 77' lang='grc' dir='ltr'>δὲ</span> <span class='ocrx_word' id='word_1_622' title='bbox 1065 4887 1128 4941; x_wconf 83' lang='grc' dir='ltr'>τὸ</span> <span class='ocrx_word' id='word_1_623' title='bbox 1154 4889 1335 4941; x_wconf 83' lang='grc' dir='ltr'>κοῖλον</span> <span class='ocrx_word' id='word_1_624' title='bbox 1365 4889 1460 4941; x_wconf 80' lang='grc' dir='ltr'>καὶ</span> <span class='ocrx_word' id='word_1_625' title='bbox 1483 4905 1676 4942; x_wconf 78' lang='grc' dir='ltr'>ταπει-</span> 
     </span>
    </p>
   </div>
   <div class='ocr_carea' id='block_1_82' title="bbox 118 4980 1680 5053">
    <p class='ocr_par' dir='ltr' id='par_1_82' title="bbox 118 4980 1680 5053">
     <span class='ocr_line' id='line_1_82' title="bbox 118 4980 1680 5053; baseline 0.003 -22"><span class='ocrx_word' id='word_1_626' title='bbox 118 4980 240 5031; x_wconf 66' lang='lat' dir='ltr'><strong>ViV&#39;</strong></span> <span class='ocrx_word' id='word_1_627' title='bbox 300 4983 358 5034; x_wconf 83' lang='grc' dir='ltr'>ὲν</span> <span class='ocrx_word' id='word_1_628' title='bbox 417 4983 753 5036; x_wconf 82' lang='grc' dir='ltr'>ταπεινώσει</span> <span class='ocrx_word' id='word_1_629' title='bbox 801 4981 860 5035; x_wconf 79' lang='grc' dir='ltr'>δὲ</span> <span class='ocrx_word' id='word_1_630' title='bbox 919 4984 1130 5051; x_wconf 80' lang='grc' dir='ltr'>γίνεται</span> <span class='ocrx_word' id='word_1_631' title='bbox 1189 4982 1223 5053; x_wconf 79' lang='grc' dir='ltr'><strong>ἡ</strong></span> <span class='ocrx_word' id='word_1_632' title='bbox 1280 4982 1560 5052; x_wconf 83' lang='grc' dir='ltr'>μετάνοια,</span> <span class='ocrx_word' id='word_1_633' title='bbox 1614 4982 1680 5053; x_wconf 79' lang='grc' dir='ltr'>ἢν</span> 
     </span>
    </p>
   </div>
   <div class='ocr_carea' id='block_1_83' title="bbox 116 5074 1680 5147">
    <p class='ocr_par' dir='ltr' id='par_1_83' title="bbox 116 5074 1680 5147">
     <span class='ocr_line' id='line_1_83' title="bbox 116 5074 1680 5147; baseline 0.009 -23"><span class='ocrx_word' id='word_1_634' title='bbox 116 5074 462 5144; x_wconf 78' lang='grc' dir='ltr'>ὁναγωγικῶς</span> <span class='ocrx_word' id='word_1_635' title='bbox 519 5076 689 5146; x_wconf 76' lang='grc' dir='ltr'>δηλοῖ.</span> <span class='ocrx_word' id='word_1_636' title='bbox 745 5076 857 5130; x_wconf 75' lang='grc' dir='ltr'><strong>Καὶ</strong></span> <span class='ocrx_word' id='word_1_637' title='bbox 910 5077 1020 5147; x_wconf 79' lang='grc' dir='ltr'>γὰρ</span> <span class='ocrx_word' id='word_1_638' title='bbox 1065 5076 1226 5139; x_wconf 82' lang='grc' dir='ltr'>τόπος</span> <span class='ocrx_word' id='word_1_639' title='bbox 1281 5074 1639 5145; x_wconf 74' lang='grc' dir='ltr'>κλαυθμῶνος</span> <span class='ocrx_word' id='word_1_640' title='bbox 1663 5114 1680 5141; x_wconf 67' lang='grc' dir='ltr'><strong>ν</strong></span> 
     </span>
    </p>
   </div>
   <div class='ocr_carea' id='block_1_84' title="bbox 118 5165 1142 5239">
    <p class='ocr_par' dir='ltr' id='par_1_84' title="bbox 118 5165 1142 5239">
     <span class='ocr_line' id='line_1_84' title="bbox 118 5165 1142 5239; baseline 0.003 -24"><span class='ocrx_word' id='word_1_641' title='bbox 118 5165 462 5235; x_wconf 79' lang='grc' dir='ltr'>ἀναγωγικῶς</span> <span class='ocrx_word' id='word_1_642' title='bbox 492 5169 526 5239; x_wconf 80' lang='grc' dir='ltr'>ἡ</span> <span class='ocrx_word' id='word_1_643' title='bbox 555 5167 833 5238; x_wconf 82' lang='grc' dir='ltr'>μετάνοια.</span> <span class='ocrx_word' id='word_1_644' title='bbox 852 5215 862 5224; x_wconf 83' lang='grc'><strong><em>,</em></strong></span> <span class='ocrx_word' id='word_1_645' title='bbox 1050 5185 1142 5226; x_wconf 47' lang='lat' dir='ltr'><strong>ea:</strong></span> 
     </span>
    </p>
   </div>
   <div class='ocr_carea' id='block_1_85' title="bbox 1791 3602 3372 3676">
    <p class='ocr_par' dir='ltr' id='par_1_85' title="bbox 1791 3602 3372 3676">
     <span class='ocr_line' id='line_1_85' title="bbox 1791 3602 3372 3676; baseline 0.002 -19"><span class='ocrx_word' id='word_1_646' title='bbox 1791 3607 2062 3675; x_wconf 82' lang='lat' dir='ltr'><strong>quosdam</strong></span> <span class='ocrx_word' id='word_1_647' title='bbox 2115 3622 2143 3659; x_wconf 89' lang='lat' dir='ltr'><strong>a</strong></span> <span class='ocrx_word' id='word_1_648' title='bbox 2185 3606 2540 3662; x_wconf 85' lang='lat' dir='ltr'><strong>sensibilibus</strong></span> <span class='ocrx_word' id='word_1_649' title='bbox 2580 3607 2648 3662; x_wconf 88' lang='lat' dir='ltr'><strong>ad</strong></span> <span class='ocrx_word' id='word_1_650' title='bbox 2695 3602 3107 3672; x_wconf 72' lang='lat' dir='ltr'><strong>intellectualis,</strong></span> <span class='ocrx_word' id='word_1_651' title='bbox 3147 3620 3176 3661; x_wconf 87' lang='lat' dir='ltr'><strong>a</strong></span> <span class='ocrx_word' id='word_1_652' title='bbox 3219 3607 3372 3676; x_wconf 77' lang='lat' dir='ltr'><strong>pejo-</strong></span> 
     </span>
    </p>
   </div>
   <div class='ocr_carea' id='block_1_86' title="bbox 1789 3697 3367 3763">
    <p class='ocr_par' dir='ltr' id='par_1_86' title="bbox 1789 3697 3367 3763">
     <span class='ocr_line' id='line_1_86' title="bbox 1789 3697 3367 3763; baseline 0.004 -12"><span class='ocrx_word' id='word_1_653' title='bbox 1789 3698 1946 3753; x_wconf 88' lang='lat' dir='ltr'><strong>ribus</strong></span> <span class='ocrx_word' id='word_1_654' title='bbox 1979 3699 2046 3752; x_wconf 84' lang='lat' dir='ltr'><strong>ad</strong></span> <span class='ocrx_word' id='word_1_655' title='bbox 2096 3699 2346 3755; x_wconf 85' lang='lat' dir='ltr'><strong>meliora.</strong></span> <span class='ocrx_word' id='word_1_656' title='bbox 2409 3697 2550 3754; x_wconf 88' lang='lat' dir='ltr'><strong>Sunt</strong></span> <span class='ocrx_word' id='word_1_657' title='bbox 2586 3708 2770 3755; x_wconf 85' lang='lat' dir='ltr'><strong>autem</strong></span> <span class='ocrx_word' id='word_1_658' title='bbox 2811 3699 2932 3755; x_wconf 76' lang='lat' dir='ltr'><strong>istae</strong></span> <span class='ocrx_word' id='word_1_659' title='bbox 2989 3701 3367 3763; x_wconf 77' lang='lat' dir='ltr'><strong>escensiones,</strong></span> 
     </span>
    </p>
   </div>
   <div class='ocr_carea' id='block_1_87' title="bbox 1788 3789 3378 3863">
    <p class='ocr_par' dir='ltr' id='par_1_87' title="bbox 1788 3789 3378 3863">
     <span class='ocr_line' id='line_1_87' title="bbox 1788 3789 3378 3863; baseline 0.001 -19"><span class='ocrx_word' id='word_1_660' title='bbox 1788 3789 1946 3846; x_wconf 74' lang='lat' dir='ltr'><strong>bona:</strong></span> <span class='ocrx_word' id='word_1_661' title='bbox 1974 3791 2223 3862; x_wconf 57' lang='lat' dir='ltr'><strong>quadam</strong></span> <span class='ocrx_word' id='word_1_662' title='bbox 2262 3793 2651 3863; x_wconf 75' lang='lat' dir='ltr'><strong>cogitationes,</strong></span> <span class='ocrx_word' id='word_1_663' title='bbox 2698 3807 2796 3861; x_wconf 84' lang='lat' dir='ltr'><strong>per</strong></span> <span class='ocrx_word' id='word_1_664' title='bbox 2851 3808 2989 3862; x_wconf 87' lang='lat' dir='ltr'><strong>quas</strong></span> <span class='ocrx_word' id='word_1_665' title='bbox 3052 3793 3221 3847; x_wconf 88' lang='lat' dir='ltr'><strong>veluti</strong></span> <span class='ocrx_word' id='word_1_666' title='bbox 3271 3805 3378 3862; x_wconf 77' lang='lat' dir='ltr'><strong>per</strong></span> 
     </span>
    </p>
   </div>
   <div class='ocr_carea' id='block_1_88' title="bbox 1787 3884 3375 3954">
    <p class='ocr_par' dir='ltr' id='par_1_88' title="bbox 1787 3884 3375 3954">
     <span class='ocr_line' id='line_1_88' title="bbox 1787 3884 3375 3954; baseline 0.001 -14"><span class='ocrx_word' id='word_1_667' title='bbox 1787 3887 1990 3940; x_wconf 85' lang='lat' dir='ltr'><strong>scalam</strong></span> <span class='ocrx_word' id='word_1_668' title='bbox 2021 3885 2292 3954; x_wconf 81' lang='lat' dir='ltr'><strong>gradatim</strong></span> <span class='ocrx_word' id='word_1_669' title='bbox 2320 3885 2388 3938; x_wconf 88' lang='lat' dir='ltr'><strong>ad</strong></span> <span class='ocrx_word' id='word_1_670' title='bbox 2423 3885 2532 3939; x_wconf 86' lang='lat' dir='ltr'><strong>alta</strong></span> <span class='ocrx_word' id='word_1_671' title='bbox 2561 3892 2614 3940; x_wconf 91' lang='lat' dir='ltr'><strong>et</strong></span> <span class='ocrx_word' id='word_1_672' title='bbox 2653 3884 2835 3940; x_wconf 84' lang='lat' dir='ltr'><strong>divina</strong></span> <span class='ocrx_word' id='word_1_673' title='bbox 2868 3886 3012 3940; x_wconf 88' lang='lat' dir='ltr'><strong>dona</strong></span> <span class='ocrx_word' id='word_1_674' title='bbox 3043 3888 3375 3941; x_wconf 56' lang='lat' dir='ltr'><strong>conscendia</strong></span> 
     </span>
    </p>
   </div>
   <div class='ocr_carea' id='block_1_89' title="bbox 1787 3975 3376 4049">
    <p class='ocr_par' dir='ltr' id='par_1_89' title="bbox 1787 3975 3376 4049">
     <span class='ocr_line' id='line_1_89' title="bbox 1787 3975 3376 4049; baseline 0.002 -18"><span class='ocrx_word' id='word_1_675' title='bbox 1787 3995 1932 4032; x_wconf 88' lang='lat' dir='ltr'><strong>mus.</strong></span> <span class='ocrx_word' id='word_1_676' title='bbox 1971 3977 2170 4033; x_wconf 83' lang='lat' dir='ltr'><strong>Beatus</strong></span> <span class='ocrx_word' id='word_1_677' title='bbox 2197 3978 2404 4047; x_wconf 81' lang='lat' dir='ltr'><strong>itaque,</strong></span> <span class='ocrx_word' id='word_1_678' title='bbox 2433 3978 2630 4048; x_wconf 88' lang='lat' dir='ltr'><strong>inquit,</strong></span> <span class='ocrx_word' id='word_1_679' title='bbox 2662 3975 2755 4032; x_wconf 89' lang='lat' dir='ltr'><strong>ille</strong></span> <span class='ocrx_word' id='word_1_680' title='bbox 2784 3986 2890 4044; x_wconf 82' lang='lat' dir='ltr'><strong>est,</strong></span> <span class='ocrx_word' id='word_1_681' title='bbox 2917 3979 3009 4049; x_wconf 93' lang='lat' dir='ltr'><strong>qui</strong></span> <span class='ocrx_word' id='word_1_682' title='bbox 3037 3977 3244 4034; x_wconf 84' lang='lat' dir='ltr'><strong>auxilio</strong></span> <span class='ocrx_word' id='word_1_683' title='bbox 3275 3989 3376 4034; x_wconf 85' lang='lat' dir='ltr'><strong>tuo</strong></span> 
     </span>
    </p>
   </div>
   <div class='ocr_carea' id='block_1_90' title="bbox 1787 4069 3374 4143">
    <p class='ocr_par' dir='ltr' id='par_1_90' title="bbox 1787 4069 3374 4143">
     <span class='ocr_line' id='line_1_90' title="bbox 1787 4069 3374 4143; baseline 0 -16"><span class='ocrx_word' id='word_1_684' title='bbox 1787 4088 1846 4127; x_wconf 91' lang='lat' dir='ltr'><strong>se</strong></span> <span class='ocrx_word' id='word_1_685' title='bbox 1876 4072 2293 4141; x_wconf 87' lang='lat' dir='ltr'><strong>potestjuvare.</strong></span> <span class='ocrx_word' id='word_1_686' title='bbox 2343 4069 2423 4125; x_wconf 90' lang='lat' dir='ltr'><strong>llli</strong></span> <span class='ocrx_word' id='word_1_687' title='bbox 2467 4079 2651 4125; x_wconf 89' lang='lat' dir='ltr'><strong>autem</strong></span> <span class='ocrx_word' id='word_1_688' title='bbox 2707 4071 2974 4126; x_wconf 78' lang='lat' dir='ltr'><strong>auxilium</strong></span> <span class='ocrx_word' id='word_1_689' title='bbox 3024 4081 3175 4127; x_wconf 91' lang='lat' dir='ltr'><strong>tuum</strong></span> <span class='ocrx_word' id='word_1_690' title='bbox 3225 4085 3374 4143; x_wconf 48' lang='lat' dir='ltr'><strong>pra»-</strong></span> 
     </span>
    </p>
   </div>
   <div class='ocr_carea' id='block_1_91' title="bbox 1787 4161 3365 4232">
    <p class='ocr_par' dir='ltr' id='par_1_91' title="bbox 1787 4161 3365 4232">
     <span class='ocr_line' id='line_1_91' title="bbox 1787 4161 3365 4232; baseline -0.001 -14"><span class='ocrx_word' id='word_1_691' title='bbox 1787 4173 1874 4218; x_wconf 87' lang='lat' dir='ltr'><strong>sto</strong></span> <span class='ocrx_word' id='word_1_692' title='bbox 1926 4161 2112 4226; x_wconf 81' lang='lat' dir='ltr'><strong>fuerit,</strong></span> <span class='ocrx_word' id='word_1_693' title='bbox 2164 4162 2260 4232; x_wconf 89' lang='lat' dir='ltr'><strong>qui</strong></span> <span class='ocrx_word' id='word_1_694' title='bbox 2297 4163 2653 4218; x_wconf 74' lang='lat' dir='ltr'><strong>escensiones</strong></span> <span class='ocrx_word' id='word_1_695' title='bbox 2681 4161 2816 4218; x_wconf 85' lang='lat' dir='ltr'><strong>istas</strong></span> <span class='ocrx_word' id='word_1_696' title='bbox 2843 4163 2898 4217; x_wconf 88' lang='lat' dir='ltr'><strong>in</strong></span> <span class='ocrx_word' id='word_1_697' title='bbox 2931 4177 3030 4218; x_wconf 90' lang='lat' dir='ltr'><strong>suo</strong></span> <span class='ocrx_word' id='word_1_698' title='bbox 3053 4161 3218 4220; x_wconf 90' lang='lat' dir='ltr'><strong>corde</strong></span> <span class='ocrx_word' id='word_1_699' title='bbox 3243 4164 3365 4219; x_wconf 70' lang='grc' dir='ltr'><strong>«ἥς-ι</strong></span> 
     </span>
    </p>
   </div>
   <div class='ocr_carea' id='block_1_92' title="bbox 1785 4254 2054 4324">
    <p class='ocr_par' dir='ltr' id='par_1_92' title="bbox 1785 4254 2054 4324">
     <span class='ocr_line' id='line_1_92' title="bbox 1785 4254 2054 4324; baseline -0.011 -15"><span class='ocrx_word' id='word_1_700' title='bbox 1785 4254 2054 4324; x_wconf 90' lang='lat' dir='ltr'><strong>posuerit.</strong></span> 
     </span>
    </p>
   </div>
   <div class='ocr_carea' id='block_1_93' title="bbox 1856 4344 3375 4416">
    <p class='ocr_par' dir='ltr' id='par_1_93' title="bbox 1856 4344 3375 4416">
     <span class='ocr_line' id='line_1_93' title="bbox 1856 4344 3375 4416; baseline 0.001 -18"><span class='ocrx_word' id='word_1_701' title='bbox 1856 4345 1918 4399; x_wconf 86' lang='lat' dir='ltr'><strong>In</strong></span> <span class='ocrx_word' id='word_1_702' title='bbox 1951 4344 2085 4399; x_wconf 77' lang='lat' dir='ltr'><strong>valle</strong></span> <span class='ocrx_word' id='word_1_703' title='bbox 2111 4345 2491 4415; x_wconf 81' lang='lat' dir='ltr'><strong>lacrymarum.</strong></span> <span class='ocrx_word' id='word_1_704' title='bbox 2525 4344 2809 4414; x_wconf 84' lang='lat' dir='ltr'><strong>Disposuit</strong></span> <span class='ocrx_word' id='word_1_705' title='bbox 2859 4353 3040 4400; x_wconf 87' lang='lat' dir='ltr'><strong>autem</strong></span> <span class='ocrx_word' id='word_1_706' title='bbox 3091 4346 3143 4400; x_wconf 91' lang='lat' dir='ltr'><strong>in</strong></span> <span class='ocrx_word' id='word_1_707' title='bbox 3179 4345 3375 4416; x_wconf 81' lang='lat' dir='ltr'><strong>seipso-</strong></span> 
     </span>
    </p>
   </div>
   <div class='ocr_carea' id='block_1_94' title="bbox 1785 4436 3370 4506">
    <p class='ocr_par' dir='ltr' id='par_1_94' title="bbox 1785 4436 3370 4506">
     <span class='ocr_line' id='line_1_94' title="bbox 1785 4436 3370 4506; baseline -0.001 -15"><span class='ocrx_word' id='word_1_708' title='bbox 1785 4437 2098 4506; x_wconf 88' lang='lat' dir='ltr'><strong>hujusmodl</strong></span> <span class='ocrx_word' id='word_1_709' title='bbox 2146 4437 2522 4502; x_wconf 77' lang='lat' dir='ltr'><strong>escensiones,</strong></span> <span class='ocrx_word' id='word_1_710' title='bbox 2575 4436 2854 4492; x_wconf 81' lang='lat' dir='ltr'><strong>exsistens</strong></span> <span class='ocrx_word' id='word_1_711' title='bbox 2910 4437 2966 4490; x_wconf 88' lang='lat' dir='ltr'><strong>in</strong></span> <span class='ocrx_word' id='word_1_712' title='bbox 3017 4437 3138 4491; x_wconf 90' lang='lat' dir='ltr'><strong>loco</strong></span> <span class='ocrx_word' id='word_1_713' title='bbox 3187 4437 3370 4506; x_wconf 64' lang='lat' dir='ltr'><strong>lacry«</strong></span> 
     </span>
    </p>
   </div>
   <div class='ocr_carea' id='block_1_95' title="bbox 1785 4525 3368 4596">
    <p class='ocr_par' dir='ltr' id='par_1_95' title="bbox 1785 4525 3368 4596">
     <span class='ocr_line' id='line_1_95' title="bbox 1785 4525 3368 4596; baseline -0.001 -15"><span class='ocrx_word' id='word_1_714' title='bbox 1785 4545 2016 4581; x_wconf 87' lang='lat' dir='ltr'><strong>marum.</strong></span> <span class='ocrx_word' id='word_1_715' title='bbox 2049 4526 2217 4582; x_wconf 87' lang='lat' dir='ltr'><strong>Vallis</strong></span> <span class='ocrx_word' id='word_1_716' title='bbox 2241 4537 2421 4581; x_wconf 88' lang='lat' dir='ltr'><strong>autem</strong></span> <span class='ocrx_word' id='word_1_717' title='bbox 2453 4527 2852 4596; x_wconf 83' lang='lat' dir='ltr'><strong>lacrymarum,</strong></span> <span class='ocrx_word' id='word_1_718' title='bbox 2880 4542 2974 4581; x_wconf 91' lang='lat' dir='ltr'><strong>seu</strong></span> <span class='ocrx_word' id='word_1_719' title='bbox 3006 4527 3160 4580; x_wconf 86' lang='lat' dir='ltr'><strong>vallis</strong></span> <span class='ocrx_word' id='word_1_720' title='bbox 3181 4525 3368 4593; x_wconf 74' lang='lat' dir='ltr'><strong>ﬂetus,</strong></span> 
     </span>
    </p>
   </div>
   <div class='ocr_carea' id='block_1_96' title="bbox 1784 4616 3375 4688">
    <p class='ocr_par' dir='ltr' id='par_1_96' title="bbox 1784 4616 3375 4688">
     <span class='ocr_line' id='line_1_96' title="bbox 1784 4616 3375 4688; baseline 0.001 -16"><span class='ocrx_word' id='word_1_721' title='bbox 1784 4620 2153 4688; x_wconf 85' lang='lat' dir='ltr'><strong>metaphorice</strong></span> <span class='ocrx_word' id='word_1_722' title='bbox 2203 4617 2349 4671; x_wconf 88' lang='lat' dir='ltr'><strong>dicta</strong></span> <span class='ocrx_word' id='word_1_723' title='bbox 2390 4627 2478 4672; x_wconf 87' lang='lat' dir='ltr'><strong>est</strong></span> <span class='ocrx_word' id='word_1_724' title='bbox 2510 4619 2578 4672; x_wconf 88' lang='lat' dir='ltr'><strong>ab</strong></span> <span class='ocrx_word' id='word_1_725' title='bbox 2619 4617 2710 4671; x_wconf 93' lang='lat' dir='ltr'><strong>illo</strong></span> <span class='ocrx_word' id='word_1_726' title='bbox 2743 4616 2891 4681; x_wconf 90' lang='lat' dir='ltr'><strong>loco,</strong></span> <span class='ocrx_word' id='word_1_727' title='bbox 2925 4617 3018 4672; x_wconf 91' lang='lat' dir='ltr'><strong>ubi</strong></span> <span class='ocrx_word' id='word_1_728' title='bbox 3049 4617 3179 4671; x_wconf 88' lang='lat' dir='ltr'><strong>olim</strong></span> <span class='ocrx_word' id='word_1_729' title='bbox 3219 4617 3375 4674; x_wconf 73' lang='lat' dir='ltr'><strong>Deus</strong></span> 
     </span>
    </p>
   </div>
   <div class='ocr_carea' id='block_1_97' title="bbox 1783 4709 3362 4780">
    <p class='ocr_par' dir='ltr' id='par_1_97' title="bbox 1783 4709 3362 4780">
     <span class='ocr_line' id='line_1_97' title="bbox 1783 4709 3362 4780; baseline 0.001 -18"><span class='ocrx_word' id='word_1_730' title='bbox 1783 4711 2134 4766; x_wconf 60' lang='lat' dir='ltr'><strong>Hebraorum</strong></span> <span class='ocrx_word' id='word_1_731' title='bbox 2168 4709 2487 4780; x_wconf 85' lang='lat' dir='ltr'><strong>iniquitates</strong></span> <span class='ocrx_word' id='word_1_732' title='bbox 2527 4709 2890 4779; x_wconf 73' lang='lat' dir='ltr'><strong>redarguens,</strong></span> <span class='ocrx_word' id='word_1_733' title='bbox 2913 4711 3173 4780; x_wconf 88' lang='lat' dir='ltr'><strong>populum</strong></span> <span class='ocrx_word' id='word_1_734' title='bbox 3209 4724 3362 4765; x_wconf 89' lang='lat' dir='ltr'><strong>com-</strong></span> 
     </span>
    </p>
   </div>
   <div class='ocr_carea' id='block_1_98' title="bbox 1783 4802 3368 4872">
    <p class='ocr_par' dir='ltr' id='par_1_98' title="bbox 1783 4802 3368 4872">
     <span class='ocr_line' id='line_1_98' title="bbox 1783 4802 3368 4872; baseline -0.001 -15"><span class='ocrx_word' id='word_1_735' title='bbox 1783 4805 1952 4858; x_wconf 85' lang='lat' dir='ltr'><strong>movit</strong></span> <span class='ocrx_word' id='word_1_736' title='bbox 1982 4804 2047 4856; x_wconf 88' lang='lat' dir='ltr'><strong>ad</strong></span> <span class='ocrx_word' id='word_1_737' title='bbox 2082 4802 2268 4857; x_wconf 79' lang='lat' dir='ltr'><strong>ﬂetum</strong></span> <span class='ocrx_word' id='word_1_738' title='bbox 2310 4821 2324 4858; x_wconf 89' lang='lat'><strong>:</strong></span> <span class='ocrx_word' id='word_1_739' title='bbox 2362 4804 2506 4858; x_wconf 89' lang='lat' dir='ltr'><strong>unde</strong></span> <span class='ocrx_word' id='word_1_740' title='bbox 2544 4802 2716 4858; x_wconf 81' lang='lat' dir='ltr'><strong>Vallis</strong></span> <span class='ocrx_word' id='word_1_741' title='bbox 2746 4803 2902 4872; x_wconf 79' lang='lat' dir='ltr'><strong>ﬂetus</strong></span> <span class='ocrx_word' id='word_1_742' title='bbox 2949 4803 3256 4872; x_wconf 89' lang='lat' dir='ltr'><strong>appellatus</strong></span> <span class='ocrx_word' id='word_1_743' title='bbox 3280 4811 3368 4858; x_wconf 73' lang='lat' dir='ltr'><strong>est</strong></span> 
     </span>
    </p>
   </div>
   <div class='ocr_carea' id='block_1_99' title="bbox 1783 4894 3372 4966">
    <p class='ocr_par' dir='ltr' id='par_1_99' title="bbox 1783 4894 3372 4966">
     <span class='ocr_line' id='line_1_99' title="bbox 1783 4894 3372 4966; baseline -0.004 -14"><span class='ocrx_word' id='word_1_744' title='bbox 1783 4898 1935 4952; x_wconf 89' lang='lat' dir='ltr'><strong>locus</strong></span> <span class='ocrx_word' id='word_1_745' title='bbox 1973 4898 2084 4950; x_wconf 87' lang='lat' dir='ltr'><strong>ille.</strong></span> <span class='ocrx_word' id='word_1_746' title='bbox 2123 4897 2191 4950; x_wconf 83' lang='lat' dir='ltr'><strong>Et</strong></span> <span class='ocrx_word' id='word_1_747' title='bbox 2225 4898 2354 4966; x_wconf 87' lang='lat' dir='ltr'><strong>quia</strong></span> <span class='ocrx_word' id='word_1_748' title='bbox 2407 4897 2786 4966; x_wconf 84' lang='lat' dir='ltr'><strong>cujuscunque</strong></span> <span class='ocrx_word' id='word_1_749' title='bbox 2821 4897 2976 4951; x_wconf 86' lang='lat' dir='ltr'><strong>vallis</strong></span> <span class='ocrx_word' id='word_1_750' title='bbox 3014 4897 3153 4950; x_wconf 90' lang='lat' dir='ltr'><strong>situs</strong></span> <span class='ocrx_word' id='word_1_751' title='bbox 3185 4894 3372 4948; x_wconf 58' lang='lat' dir='ltr'><strong>humic</strong></span> 
     </span>
    </p>
   </div>
   <div class='ocr_carea' id='block_1_100' title="bbox 1785 4987 3374 5059">
    <p class='ocr_par' dir='ltr' id='par_1_100' title="bbox 1785 4987 3374 5059">
     <span class='ocr_line' id='line_1_100' title="bbox 1785 4987 3374 5059; baseline -0.002 -15"><span class='ocrx_word' id='word_1_752' title='bbox 1785 4993 1991 5045; x_wconf 84' lang='lat' dir='ltr'><strong>litatem</strong></span> <span class='ocrx_word' id='word_1_753' title='bbox 2029 5005 2140 5059; x_wconf 65' lang='lat' dir='ltr'><strong>prae</strong></span> <span class='ocrx_word' id='word_1_754' title='bbox 2171 5005 2228 5045; x_wconf 91' lang='lat' dir='ltr'><strong>se</strong></span> <span class='ocrx_word' id='word_1_755' title='bbox 2254 4991 2380 5056; x_wconf 78' lang='lat' dir='ltr'><strong>fert,</strong></span> <span class='ocrx_word' id='word_1_756' title='bbox 2415 4991 2676 5045; x_wconf 89' lang='lat' dir='ltr'><strong>docemur</strong></span> <span class='ocrx_word' id='word_1_757' title='bbox 2705 4989 2848 5058; x_wconf 90' lang='lat' dir='ltr'><strong>quod</strong></span> <span class='ocrx_word' id='word_1_758' title='bbox 2877 5005 3003 5044; x_wconf 89' lang='lat' dir='ltr'><strong>cum</strong></span> <span class='ocrx_word' id='word_1_759' title='bbox 3057 4987 3374 5043; x_wconf 71' lang='lat' dir='ltr'><strong>humilitate</strong></span> 
     </span>
    </p>
   </div>
   <div class='ocr_carea' id='block_1_101' title="bbox 1789 5079 3374 5153">
    <p class='ocr_par' dir='ltr' id='par_1_101' title="bbox 1789 5079 3374 5153">
     <span class='ocr_line' id='line_1_101' title="bbox 1789 5079 3374 5153; baseline -0.002 -19"><span class='ocrx_word' id='word_1_760' title='bbox 1789 5085 1995 5152; x_wconf 80' lang='lat' dir='ltr'><strong>agenda</strong></span> <span class='ocrx_word' id='word_1_761' title='bbox 2039 5095 2128 5136; x_wconf 89' lang='lat' dir='ltr'><strong>est</strong></span> <span class='ocrx_word' id='word_1_762' title='bbox 2191 5082 2373 5136; x_wconf 87' lang='lat' dir='ltr'><strong>omnis</strong></span> <span class='ocrx_word' id='word_1_763' title='bbox 2426 5083 2770 5153; x_wconf 63' lang='lat' dir='ltr'><strong>poenitentia.</strong></span> <span class='ocrx_word' id='word_1_764' title='bbox 2843 5081 2917 5135; x_wconf 91' lang='lat' dir='ltr'><strong>De</strong></span> <span class='ocrx_word' id='word_1_765' title='bbox 2973 5079 3374 5149; x_wconf 79' lang='lat' dir='ltr'><strong>paenitentibus</strong></span> 
     </span>
    </p>
   </div>
   <div class='ocr_carea' id='block_1_102' title="bbox 1789 5167 3370 5244">
    <p class='ocr_par' dir='ltr' id='par_1_102' title="bbox 1789 5167 3370 5244">
     <span class='ocr_line' id='line_1_102' title="bbox 1789 5167 3370 5244; baseline -0.004 -19"><span class='ocrx_word' id='word_1_766' title='bbox 1789 5173 1932 5226; x_wconf 87' lang='lat' dir='ltr'><strong>enim</strong></span> <span class='ocrx_word' id='word_1_767' title='bbox 1985 5175 2228 5243; x_wconf 76' lang='lat' dir='ltr'><strong>loquitur</strong></span> <span class='ocrx_word' id='word_1_768' title='bbox 2278 5173 2552 5244; x_wconf 87' lang='lat' dir='ltr'><strong>Propheta</strong></span> <span class='ocrx_word' id='word_1_769' title='bbox 2624 5189 2720 5228; x_wconf 83' lang='lat' dir='ltr'><strong>eos</strong></span> <span class='ocrx_word' id='word_1_770' title='bbox 2774 5172 3094 5227; x_wconf 80' lang='lat' dir='ltr'><strong>beatiﬁcans</strong></span> <span class='ocrx_word' id='word_1_771' title='bbox 3151 5169 3242 5238; x_wconf 88' lang='lat' dir='ltr'><strong>qui</strong></span> <span class='ocrx_word' id='word_1_772' title='bbox 3303 5167 3370 5220; x_wconf 77' lang='lat' dir='ltr'><strong>iir</strong></span> 
     </span>
    </p>
   </div>
   <div class='ocr_carea' id='block_1_103' title="bbox 119 5259 3368 5348">
    <p class='ocr_par' dir='ltr' id='par_1_103' title="bbox 119 5259 3368 5348">
     <span class='ocr_line' id='line_1_103' title="bbox 119 5259 3368 5348; baseline 0.002 -42"><span class='ocrx_word' id='word_1_773' title='bbox 119 5259 246 5315; x_wconf 76' lang='lat' dir='ltr'><strong>va!le</strong></span> <span class='ocrx_word' id='word_1_774' title='bbox 303 5263 668 5332; x_wconf 84' lang='lat' dir='ltr'><strong>lacrymarnm</strong></span> <span class='ocrx_word' id='word_1_775' title='bbox 744 5266 1097 5319; x_wconf 79' lang='lat' dir='ltr'><strong>escensiones</strong></span> <span class='ocrx_word' id='word_1_776' title='bbox 1158 5261 1529 5330; x_wconf 76' lang='lat' dir='ltr'><strong>disposuerint</strong></span> <span class='ocrx_word' id='word_1_777' title='bbox 1597 5261 1650 5314; x_wconf 88' lang='lat' dir='ltr'><strong>in</strong></span> <span class='ocrx_word' id='word_1_778' title='bbox 1690 5267 1873 5321; x_wconf 87' lang='lat' dir='ltr'><strong>corde.</strong></span> <span class='ocrx_word' id='word_1_779' title='bbox 1909 5266 2041 5320; x_wconf 82' lang='lat' dir='ltr'><strong>Nam</strong></span> <span class='ocrx_word' id='word_1_780' title='bbox 2075 5270 2227 5338; x_wconf 76' lang='lat' dir='ltr'><strong>juxta</strong></span> <span class='ocrx_word' id='word_1_781' title='bbox 2295 5281 2573 5338; x_wconf 76' lang='lat' dir='ltr'><strong>auagogen</strong></span> <span class='ocrx_word' id='word_1_782' title='bbox 2651 5267 2790 5319; x_wconf 89' lang='lat' dir='ltr'><strong>idem</strong></span> <span class='ocrx_word' id='word_1_783' title='bbox 2859 5264 3021 5317; x_wconf 90' lang='lat' dir='ltr'><strong>nobis</strong></span> <span class='ocrx_word' id='word_1_784' title='bbox 3053 5261 3368 5348; x_wconf 63' lang='lat' dir='ltr'><strong>signiﬁcat.-</strong></span> 
     </span>
    </p>
   </div>
   <div class='ocr_carea' id='block_1_104' title="bbox 116 5350 1214 5421">
    <p class='ocr_par' dir='ltr' id='par_1_104' title="bbox 116 5350 1214 5421">
     <span class='ocr_line' id='line_1_104' title="bbox 116 5350 1214 5421; baseline 0.006 -24"><span class='ocrx_word' id='word_1_785' title='bbox 116 5350 262 5406; x_wconf 72' lang='lat' dir='ltr'><strong>villis</strong></span> <span class='ocrx_word' id='word_1_786' title='bbox 289 5350 469 5415; x_wconf 83' lang='lat' dir='ltr'><strong>ﬂetus,</strong></span> <span class='ocrx_word' id='word_1_787' title='bbox 501 5352 643 5421; x_wconf 87' lang='lat' dir='ltr'><strong>quod</strong></span> <span class='ocrx_word' id='word_1_788' title='bbox 683 5355 1017 5421; x_wconf 67' lang='lat' dir='ltr'><strong>pmnitentize</strong></span> <span class='ocrx_word' id='word_1_789' title='bbox 1043 5353 1214 5406; x_wconf 81' lang='lat' dir='ltr'><strong>locus.</strong></span> 
     </span>
    </p>
   </div>
   <div class='ocr_carea' id='block_1_105' title="bbox 179 5446 1678 5517">
    <p class='ocr_par' dir='ltr' id='par_1_105' title="bbox 179 5446 1678 5517">
     <span class='ocr_line' id='line_1_105' title="bbox 179 5446 1678 5517; baseline 0.002 -20"><span class='ocrx_word' id='word_1_790' title='bbox 179 5446 275 5511; x_wconf 78' lang='grc' dir='ltr'>Είς</span> <span class='ocrx_word' id='word_1_791' title='bbox 321 5447 531 5511; x_wconf 82' lang='grc' dir='ltr'>τόπον,</span> <span class='ocrx_word' id='word_1_792' title='bbox 585 5446 658 5499; x_wconf 86' lang='grc' dir='ltr'>ὃν</span> <span class='ocrx_word' id='word_1_793' title='bbox 708 5447 896 5501; x_wconf 76' lang='grc' dir='ltr'>ἔθετο.</span> <span class='ocrx_word' id='word_1_794' title='bbox 953 5448 1046 5500; x_wconf 84' lang='grc' dir='ltr'><strong>’Ὡν</strong></span> <span class='ocrx_word' id='word_1_795' title='bbox 1113 5450 1176 5499; x_wconf 80' lang='grc' dir='ltr'>ὲν</span> <span class='ocrx_word' id='word_1_796' title='bbox 1232 5449 1296 5517; x_wconf 82' lang='grc' dir='ltr'><strong>τῇ</strong></span> <span class='ocrx_word' id='word_1_797' title='bbox 1334 5447 1540 5502; x_wconf 79' lang='grc' dir='ltr'>κοιλάδι</span> <span class='ocrx_word' id='word_1_798' title='bbox 1585 5449 1678 5500; x_wconf 75' lang='grc' dir='ltr'>τοῦ</span> 
     </span>
    </p>
   </div>
   <div class='ocr_carea' id='block_1_106' title="bbox 116 5536 1680 5611">
    <p class='ocr_par' dir='ltr' id='par_1_106' title="bbox 116 5536 1680 5611">
     <span class='ocr_line' id='line_1_106' title="bbox 116 5536 1680 5611; baseline 0.005 -26"><span class='ocrx_word' id='word_1_799' title='bbox 116 5536 457 5607; x_wconf 70' lang='grc' dir='ltr'>κλαυθμῶνος</span> <span class='ocrx_word' id='word_1_800' title='bbox 481 5555 495 5568; x_wconf 78' lang='grc' dir='ltr'><strong><em>ο</em></strong></span> <span class='ocrx_word' id='word_1_801' title='bbox 525 5537 728 5610; x_wconf 79' lang='grc' dir='ltr'>δηλαδὴ</span> <span class='ocrx_word' id='word_1_802' title='bbox 757 5542 814 5592; x_wconf 80' lang='grc' dir='ltr'>ἐν</span> <span class='ocrx_word' id='word_1_803' title='bbox 843 5539 1015 5610; x_wconf 85' lang='grc' dir='ltr'>τόπῳ,</span> <span class='ocrx_word' id='word_1_804' title='bbox 1048 5538 1107 5592; x_wconf 82' lang='grc' dir='ltr'>ὃν</span> <span class='ocrx_word' id='word_1_805' title='bbox 1143 5537 1296 5591; x_wconf 85' lang='grc' dir='ltr'>ἔθετο</span> <span class='ocrx_word' id='word_1_806' title='bbox 1330 5539 1529 5611; x_wconf 77' lang='grc' dir='ltr'>ἑαυτῷ,</span> <span class='ocrx_word' id='word_1_807' title='bbox 1565 5541 1594 5611; x_wconf 79' lang='grc' dir='ltr'><strong>ἢ</strong></span> <span class='ocrx_word' id='word_1_808' title='bbox 1621 5541 1680 5593; x_wconf 75' lang='grc' dir='ltr'>ὃν</span> 
     </span>
    </p>
   </div>
   <div class='ocr_carea' id='block_1_107' title="bbox 114 5626 295 5683">
    <p class='ocr_par' dir='ltr' id='par_1_107' title="bbox 114 5626 295 5683">
     <span class='ocr_line' id='line_1_107' title="bbox 114 5626 295 5683; baseline 0.022 -4"><span class='ocrx_word' id='word_1_809' title='bbox 114 5626 295 5683; x_wconf 77' lang='grc' dir='ltr'>εἵλετο.</span> 
     </span>
    </p>
   </div>
   <div class='ocr_carea' id='block_1_108' title="bbox 182 5722 1680 5795">
    <p class='ocr_par' dir='ltr' id='par_1_108' title="bbox 182 5722 1680 5795">
     <span class='ocr_line' id='line_1_108' title="bbox 182 5722 1680 5795; baseline 0.001 -20"><span class='ocrx_word' id='word_1_810' title='bbox 182 5723 276 5776; x_wconf 77' lang='grc' dir='ltr'><strong>Καὶ</strong></span> <span class='ocrx_word' id='word_1_811' title='bbox 306 5722 414 5792; x_wconf 75' lang='grc' dir='ltr'><strong>γὰρ</strong></span> <span class='ocrx_word' id='word_1_812' title='bbox 452 5725 734 5792; x_wconf 73' lang='grc' dir='ltr'>εὐλογίας</span> <span class='ocrx_word' id='word_1_813' title='bbox 765 5724 944 5778; x_wconf 80' lang='grc' dir='ltr'>δώσει</span> <span class='ocrx_word' id='word_1_814' title='bbox 993 5728 1026 5779; x_wconf 79' lang='grc' dir='ltr'><em>ὁ</em></span> <span class='ocrx_word' id='word_1_815' title='bbox 1069 5727 1424 5795; x_wconf 73' lang='grc' dir='ltr'>νομοθετῶν.</span> <span class='ocrx_word' id='word_1_816' title='bbox 1487 5726 1680 5778; x_wconf 76' lang='grc' dir='ltr'><strong>Μακά-</strong></span> 
     </span>
    </p>
   </div>
   <div class='ocr_carea' id='block_1_109' title="bbox 117 5816 1677 5888">
    <p class='ocr_par' dir='ltr' id='par_1_109' title="bbox 117 5816 1677 5888">
     <span class='ocr_line' id='line_1_109' title="bbox 117 5816 1677 5888; baseline 0.005 -26"><span class='ocrx_word' id='word_1_817' title='bbox 117 5827 230 5877; x_wconf 74' lang='grc' dir='ltr'>ριοι,</span> <span class='ocrx_word' id='word_1_818' title='bbox 265 5816 447 5885; x_wconf 74' lang='grc' dir='ltr'>φησὶν,</span> <span class='ocrx_word' id='word_1_819' title='bbox 482 5817 530 5869; x_wconf 82' lang='grc' dir='ltr'>οἱ</span> <span class='ocrx_word' id='word_1_820' title='bbox 565 5817 822 5887; x_wconf 72' lang='grc' dir='ltr'>ῥηθέντες</span> <span class='ocrx_word' id='word_1_821' title='bbox 849 5833 863 5846; x_wconf 86' lang='grc'><strong>·</strong></span> <span class='ocrx_word' id='word_1_822' title='bbox 899 5817 995 5871; x_wconf 72' lang='grc' dir='ltr'>καὶ</span> <span class='ocrx_word' id='word_1_823' title='bbox 1023 5818 1130 5888; x_wconf 70' lang='grc' dir='ltr'>γὰρ</span> <span class='ocrx_word' id='word_1_824' title='bbox 1158 5818 1250 5872; x_wconf 72' lang='grc' dir='ltr'>καὶ</span> <span class='ocrx_word' id='word_1_825' title='bbox 1301 5821 1326 5870; x_wconf 87' lang='lat'><strong>6</strong></span> <span class='ocrx_word' id='word_1_826' title='bbox 1373 5818 1609 5888; x_wconf 76' lang='grc' dir='ltr'>Χριστὸς</span> <span class='ocrx_word' id='word_1_827' title='bbox 1651 5822 1677 5870; x_wconf 80' lang='lat'><strong>6</strong></span> 
     </span>
    </p>
   </div>
   <div class='ocr_carea' id='block_1_110' title="bbox 1853 5443 3358 5520">
    <p class='ocr_par' dir='ltr' id='par_1_110' title="bbox 1853 5443 3358 5520">
     <span class='ocr_line' id='line_1_110' title="bbox 1853 5443 3358 5520; baseline -0.001 -18"><span class='ocrx_word' id='word_1_828' title='bbox 1853 5448 1917 5503; x_wconf 79' lang='lat' dir='ltr'><strong>In</strong></span> <span class='ocrx_word' id='word_1_829' title='bbox 1955 5452 2089 5516; x_wconf 83' lang='lat' dir='ltr'><strong>loco,</strong></span> <span class='ocrx_word' id='word_1_830' title='bbox 2139 5467 2290 5520; x_wconf 82' lang='lat' dir='ltr'><strong>quem</strong></span> <span class='ocrx_word' id='word_1_831' title='bbox 2335 5449 2534 5519; x_wconf 83' lang='lat' dir='ltr'><strong>posuit.</strong></span> <span class='ocrx_word' id='word_1_832' title='bbox 2568 5448 2850 5501; x_wconf 81' lang='lat' dir='ltr'><strong>Exsistens</strong></span> <span class='ocrx_word' id='word_1_833' title='bbox 2897 5445 2950 5499; x_wconf 90' lang='lat' dir='ltr'><strong>in</strong></span> <span class='ocrx_word' id='word_1_834' title='bbox 2989 5446 3127 5500; x_wconf 86' lang='lat' dir='ltr'><strong>valle</strong></span> <span class='ocrx_word' id='word_1_835' title='bbox 3172 5443 3358 5501; x_wconf 84' lang='lat' dir='ltr'><strong>ﬂetus.</strong></span> 
     </span>
    </p>
   </div>
   <div class='ocr_carea' id='block_1_111' title="bbox 1781 5539 3356 5611">
    <p class='ocr_par' dir='ltr' id='par_1_111' title="bbox 1781 5539 3356 5611">
     <span class='ocr_line' id='line_1_111' title="bbox 1781 5539 3356 5611; baseline -0.003 -17"><span class='ocrx_word' id='word_1_836' title='bbox 1781 5552 1946 5611; x_wconf 76' lang='lat' dir='ltr'><strong>atque</strong></span> <span class='ocrx_word' id='word_1_837' title='bbox 1993 5543 2045 5595; x_wconf 91' lang='lat' dir='ltr'><strong>in</strong></span> <span class='ocrx_word' id='word_1_838' title='bbox 2101 5544 2223 5596; x_wconf 90' lang='lat' dir='ltr'><strong>loco</strong></span> <span class='ocrx_word' id='word_1_839' title='bbox 2259 5557 2418 5610; x_wconf 83' lang='lat' dir='ltr'><strong>quem</strong></span> <span class='ocrx_word' id='word_1_840' title='bbox 2453 5540 2558 5595; x_wconf 85' lang='lat' dir='ltr'><strong>sibi</strong></span> <span class='ocrx_word' id='word_1_841' title='bbox 2601 5539 2702 5607; x_wconf 88' lang='lat' dir='ltr'><strong>ipsi</strong></span> <span class='ocrx_word' id='word_1_842' title='bbox 2758 5539 2962 5608; x_wconf 87' lang='lat' dir='ltr'><strong>posuit,</strong></span> <span class='ocrx_word' id='word_1_843' title='bbox 3012 5540 3114 5593; x_wconf 87' lang='lat' dir='ltr'><strong>hoc</strong></span> <span class='ocrx_word' id='word_1_844' title='bbox 3162 5548 3263 5602; x_wconf 88' lang='lat' dir='ltr'><strong>est,</strong></span> <span class='ocrx_word' id='word_1_845' title='bbox 3301 5540 3356 5591; x_wconf 86' lang='lat' dir='ltr'><strong>in</strong></span> 
     </span>
    </p>
   </div>
   <div class='ocr_carea' id='block_1_112' title="bbox 1782 5634 2309 5702">
    <p class='ocr_par' dir='ltr' id='par_1_112' title="bbox 1782 5634 2309 5702">
     <span class='ocr_line' id='line_1_112' title="bbox 1782 5634 2309 5702; baseline 0 -16"><span class='ocrx_word' id='word_1_846' title='bbox 1782 5634 1900 5687; x_wconf 78' lang='lat' dir='ltr'><strong>loco</strong></span> <span class='ocrx_word' id='word_1_847' title='bbox 1933 5650 2095 5702; x_wconf 84' lang='lat' dir='ltr'><strong>quem</strong></span> <span class='ocrx_word' id='word_1_848' title='bbox 2128 5635 2309 5700; x_wconf 54' lang='lat' dir='ltr'><strong>elegit.</strong></span> 
     </span>
    </p>
   </div>
   <div class='ocr_carea' id='block_1_113' title="bbox 1852 5723 3354 5794">
    <p class='ocr_par' dir='ltr' id='par_1_113' title="bbox 1852 5723 3354 5794">
     <span class='ocr_line' id='line_1_113' title="bbox 1852 5723 3354 5794; baseline 0.003 -20"><span class='ocrx_word' id='word_1_849' title='bbox 1852 5724 2016 5778; x_wconf 73' lang='lat' dir='ltr'><strong>Vens.</strong></span> <span class='ocrx_word' id='word_1_850' title='bbox 2053 5725 2102 5775; x_wconf 88' lang='lat'><strong>8.</strong></span> <span class='ocrx_word' id='word_1_851' title='bbox 2169 5723 2371 5775; x_wconf 78' lang='lat' dir='ltr'><strong>Etenim</strong></span> <span class='ocrx_word' id='word_1_852' title='bbox 2425 5723 2806 5776; x_wconf 67' lang='lat' dir='ltr'><strong>benedictiones</strong></span> <span class='ocrx_word' id='word_1_853' title='bbox 2861 5725 3009 5778; x_wconf 86' lang='lat' dir='ltr'><strong>dabit</strong></span> <span class='ocrx_word' id='word_1_854' title='bbox 3055 5726 3354 5794; x_wconf 59' lang='lat' dir='ltr'><strong>legislator.</strong></span> 
     </span>
    </p>
   </div>
   <div class='ocr_carea' id='block_1_114' title="bbox 1780 5808 3438 5894">
    <p class='ocr_par' dir='ltr' id='par_1_114' title="bbox 1780 5808 3438 5894">
     <span class='ocr_line' id='line_1_114' title="bbox 1780 5808 3438 5894; baseline 0.004 -26"><span class='ocrx_word' id='word_1_855' title='bbox 1780 5817 1924 5871; x_wconf 81' lang='lat' dir='ltr'><strong>Beati</strong></span> <span class='ocrx_word' id='word_1_856' title='bbox 1962 5818 2056 5881; x_wconf 88' lang='lat' dir='ltr'><strong>illi,</strong></span> <span class='ocrx_word' id='word_1_857' title='bbox 2085 5818 2280 5884; x_wconf 76' lang='lat' dir='ltr'><strong>inquit,</strong></span> <span class='ocrx_word' id='word_1_858' title='bbox 2317 5828 2445 5886; x_wconf 81' lang='lat' dir='ltr'><strong>sunt</strong></span> <span class='ocrx_word' id='word_1_859' title='bbox 2497 5833 2634 5887; x_wconf 88' lang='lat' dir='ltr'><strong>quos</strong></span> <span class='ocrx_word' id='word_1_860' title='bbox 2677 5818 3054 5887; x_wconf 63' lang='lat' dir='ltr'><strong>pradixinius.</strong></span> <span class='ocrx_word' id='word_1_861' title='bbox 3115 5808 3247 5873; x_wconf 68' lang='lat' dir='ltr'><strong>Nam</strong></span> <span class='ocrx_word' id='word_1_862' title='bbox 3299 5827 3351 5874; x_wconf 74' lang='lat' dir='ltr'><strong>et</strong></span> <span class='ocrx_word' id='word_1_863' title='bbox 3434 5891 3438 5894; x_wconf 88' lang='lat'><strong><em>_</em></strong></span> 
     </span>
    </p>
   </div>
  </div>
