3862 6536
1949 215 2019 226 ..κη

508 377 609 440 867

1730 362 2113 426 EU’I‘HYMII
2148 357 2318 420 ZIGA
2329 356 2509 417 BENl

3633 337 3723 400 86%

508 493 785 558 Christus,
817 489 909 560 qui
944 489 1085 544 hanc
1118 486 1276 542 nobis
1316 486 1490 556 legem
1535 482 1706 547 dedit,
1743 479 2076 551 evangelicis

2215 471 2494 544 ομοθετῶν
2521 469 2592 522 τὰ
2638 465 2864 519 τοιαῦτα
2899 462 2990 515 διὰ
3015 460 3127 513 τῶν
3176 454 3550 525 εὐιγγελικῶν
3604 458 3727 508 ἕντο.

2873 556 2888 560 -
2919 553 2930 560 .
3114 549 3175 560 _,
3291 549 3333 560 μ,
3392 550 3415 560 _
3537 542 3564 560 ,
3715 553 3724 560 _

507 589 672 644 etiam
699 585 970 640 mandatis
1000 581 1118 638 suis
1143 578 1558 636 benedictiones
1581 575 1662 632 eis
1690 575 1863 636 dabit,
1887 587 2081 643 quem-

509 678 801 734 admodum
833 674 975 744 apud
1014 671 1326 726 Matthmum
1387 677 1443 724 et
1473 667 1678 721 Lucam
1722 665 1970 734 legimus.

581 769 743 820 Ibunt
781 765 846 819 de
894 766 1088 818 virtute
1125 763 1181 816 in
1221 767 1490 816 virtutem.
1539 756 1618 811 Ex
1663 755 1972 809 humilitate
2013 752 2081 808 ad

509 861 738 921 luctum,
800 871 866 910 ex
913 857 1059 908 luctu
1093 852 1162 905 ad
1212 849 1717 920 compunctionem,
1763 853 1929 914 atque
1979 842 2084 897 hoc

509 959 668 1021 pacto
697 965 763 1003 ex
801 963 910 1001 una
935 947 987 1000 in
1028 947 1194 998 aliam
1241 944 1520 1000 virtutem,
1551 951 1766 993 summo
1810 951 1930 990 cum
1955 949 2085 1004 pro-

508 1045 675 1106 fectu,
743 1043 809 1096 ad
864 1041 1100 1095 sublime
1169 1037 1430 1090 virtutum
1491 1032 1709 1086 culmen
1767 1027 2083 1082 ascenderit.

509 1135 699 1190 Virtus
735 1144 914 1186 autem
976 1132 1095 1184 ideo
1146 1129 1292 1184 dicta
1323 1134 1429 1186 est,
1489 1123 1618 1193 quia
1651 1119 1861 1175 viribus
1894 1131 2086 1188 poten-

509 1227 706 1278 tiorem
740 1223 893 1276 illum
928 1220 1206 1273 hominem
1268 1213 1468 1275 reddit,
1515 1213 1609 1281 qui
1643 1225 1764 1264 eam
1805 1206 2088 1274 amplecti-

508 1327 619 1371 tur.
655 1314 838 1384 (Vires
877 1322 1060 1366 autem
1099 1325 1222 1362 cum
1253 1308 1397 1369 dico,
1434 1320 1545 1359 non
1570 1302 1820 1372 corporis
1846 1306 2083 1363 tantum,

510 1408 608 1465 sed
637 1407 804 1462 animi
837 1405 998 1460 etiam
1035 1402 1331 1457 facultates
1370 1393 1659 1466 intelligo.)
1705 1392 2008 1447 Possumus
2033 1396 2088 1444 et

512 1501 671 1554 aliter
703 1498 910 1561 dicere,
943 1495 1088 1564 quod
1144 1492 1300 1546 ibunt
1335 1488 1406 1543 ab
1435 1488 1682 1540 oratione
1707 1484 1774 1538 ad
1801 1482 2084 1537 lectionem

513 1604 796 1646 sacrarum
836 1586 1191 1650 Litterarum,
1245 1580 1397 1636 etab
1439 1573 1793 1647 hujusmondi
1829 1573 2088 1635 lectione,

515 1683 584 1736 ad
619 1677 1098 1750 ,imperfectorum
1163 1669 1540 1740 quorumlibet
1614 1663 2087 1724 admonitionem,

2182 542 2290 620 λῶν
2339 563 2588 631 εὐλογίας
2639 560 2822 621 αὐτοῖς
2867 553 3054 609 δώσει.
3111 549 3235 605 Εἶεν
3286 549 3333 603 δ’
3388 550 3457 601 ἂν
3505 542 3649 601 αὗται
3687 553 3726 601 οἱ

2182 660 2436 729 διάφοροι
2479 649 2845 726 μακαρισμοί.

2252 750 2661 817 Πορεύσονται
2713 746 2783 798 ἐκ
2849 739 3159 808 δυνάμεως
3209 739 3298 800 είς
3337 733 3611 800 δύναμιν.
3657 729 3730 795 Ἓξ

2185 843 2388 914 ἀρετῆς
2438 841 2518 903 είς
2569 838 2812 908 ἀρετήν’
2873 831 2987 887 οἷον
3044 833 3108 884 ἐκ
3155 825 3645 895 ταπεινοφροσύνης
3665 827 3728 884 είς

2186 934 2409 999 πένθος,
2459 933 2523 984 ὲκ
2552 930 2609 983 δὲ
2643 926 2876 988 πένθους
2904 926 2985 987 είς
3013 918 3336 983 κατάνυξιν,
3371 917 3466 969 καὶ
3493 916 3652 978 οὕτως
3678 919 3729 967 ἐκ

2185 1025 2393 1095 ταύτης
2428 1025 2508 1086 είς
2529 1021 2747 1092 ἐκείνην
2778 1017 3206 1089 προκόπτοντες,
3229 1010 3589 1080 ἀναϐήσονται
3616 1008 3725 1077 πρὸ,

2186 1119 2289 1188 τὴν
2319 1117 2677 1187 ἀκρώρεισιν.
2702 1112 2946 1180 Δύναμιν
2973 1107 3029 1160 δὲ
3069 1107 3170 1176 τὴν
3218 1103 3424 1170 ἀρετὴν
3484 1098 3729 1161 ἐκάλεσεν,

2187 1211 2264 1274 ὡς
2306 1207 2768 1280 ἰσχυροποιοῦσαν
2793 1205 2884 1257 τὸν
2916 1201 3175 1270 μετιόντα
3199 1198 3372 1265 αὐτὴν
3395 1211 3410 1226 ·
3453 1192 3630 1246 ἔστιδὲ
3655 1196 3732 1243 tu".

2188 1301 2377 1364 ἁπλῶς
2408 1302 2606 1362 εἰπεῖν,
2637 1299 2720 1351 ὅτι
2747 1294 3112 1368 πορεύσονται
3152 1290 3264 1344 ἀπὸ
3323 1288 3618 1358 προσευχῆς
3667 1290 3733 1348 εἰς

2189 1395 2500 1462 ἀνάγνωσιν
2527 1391 2635 1446 τῶν
2659 1389 2818 1443 θείων
2851 1387 3071 1454 λογίων,
3117 1383 3212 1436 καὶ
3255 1381 3364 1435 ἀπὺ
3405 1377 3734 1446 ἀναγνώσεως

2189 1487 2269 1548 εἰς
2301 1485 2623 1556 παραίνεσιν
2657 1483 2764 1536 τῶν
2809 1477 3240 1548 ἀσθενεστέρων,
3299 1473 3395 1526 καὶ⁵
3428 1472 3534 1524 ἀπὸ
3563 1487 3738 1539 uapu-

2189 1575 2388 1639 νέσεως
2461 1577 2542 1636 είς
2594 1569 2951 1643 εὐχαριστίαν
3010 1567 3121 1620 τῶν
3195 1564 3356 1617 θείων
3421 1560 3609 1628 λογίων
3656 1561 3736 1610 καὶ

2192 1666 2468 1737 ὑμνῳδίαν
2491 1665 2650 1720 Θεοῦ.
2682 1663 2796 1718 Καὶ
2818 1662 2995 1722 ἄλλως
3025 1658 3187 1712 πάλιν
3229 1655 3339 1709 ἀπὸ
3359 1653 3631 1722 δυνάμεως
3645 1650 3733 1701 τῶν

514 1779 677 1840 atque
726 1743 1161 1822 exhortationem
1193 1767 1225 1827 ξε
1266 1762 1395 1816 item
1457 1759 1526 1812 ab
1571 1753 1972 1815 exhortatione,
2022 1749 2090 1804 ad

2215 1757 2817 1828 .vzaﬁed'xaptopitwv
2849 1756 2928 1818 είς
2951 1753 3050 1822 τὴν
3074 1749 3304 1820 δύναμιν
3349 1749 3449 1816 τῆς
3484 1743 3728 1815 βασιλείας

518 1838 818 1931 gratiarum
847 1857 1115 1920 actiones,
1154 1861 1319 1922 atque
1342 1850 1407 1904 ad
1430 1847 1646 1903 laudem
1669 1844 1784 1899 Dei.
1812 1842 1878 1896 Et
1907 1843 2092 1908 aliter,

2215 1847 2306 1900 τῶν
2324 1849 2383 1901 οὐ
2394 1849 2592 1920 ρανῶν.
3069 1855 3072 1858 ’

517 1968 548 2007 a
579 1953 780 2007 virtute
833 1951 1102 2005 donorum
1153 1944 1270 2012 Dei,
1319 1957 1444 2014 qu'e
1496 1940 1588 1996 hic
1625 1940 1680 1994 in
1732 1945 1878 1992 terra
1923 1935 2081 1990 nobis
2141 1948 2493 2009 praestantur,
2539 1942 2609 1998 ad
2675 1954 2868 1997 eorum
2919 1938 3202 2001 virtutem,
3235 1945 3362 2003 qua
3408 1930 3463 1984 in
3500 1925 3728 1982 cmloruttl

517 2061 685 2116 regno
711 2044 1048 2099 tribuentur.

594 2137 861 2193 Videbitur
907 2137 1046 2189 Deus
1089 2133 1308 2188 deorum
1361 2131 1417 2185 in
1473 2126 1624 2185 Sion.
1673 2128 1970 2200 Prophetia
2006 2124 2095 2180 hic

519 2231 837 2286 continetur
869 2227 936 2282 de
967 2226 1354 2281 [incarnatione
1393 2222 1716 2288 Salvatoris,
1748 2223 1839 2292 qui
1873 2221 1927 2276 in
1963 2217 2094 2274 Sion

518 2331 674 2375 ortus
687 2327 791 2384 est,
807 2320 961 2388 juxta
977 2318 1108 2372 illud
1131 2335 1145 2371 :
1166 2318 1276 2388 Ego
1299 2326 1474 2371 autem
1501 2316 1822 2371 constitutus
1843 2329 1960 2368 sum
2003 2327 2094 2365 rea:

521 2415 584 2466 ab
608 2430 668 2467 eo
691 2427 852 2481 super
893 2410 1022 2465 Sion
1047 2421 1270 2464 mntem
1294 2419 1536 2463 sanctum
1577 2408 1716 2478 ejus,
1774 2407 2095 2461 annuntians

518 2513 836 2572 prmeeptum
874 2502 988 2571 ejus
1013 2502 1079 2557 ¹⁶.
1117 2501 1284 2555 Deum
1325 2511 1505 2556 autem
1534 2499 1761 2554 deorum
1791 2511 1855 2552 ea
1885 2495 2097 2551 ratione

520 2596 838 2666 appellavit,
863 2609 1028 2663 quam
1059 2593 1306 2647 diximus
1328 2592 1385 2646 in
1417 2590 1691 2662 principio
1721 2589 1916 2660 psalmi
1947 2603 2091 2643 χιιι.

593 2767 760 2823 Vens.
795 2767 849 2823 9.
879 2765 1102 2821 Domine
1129 2765 1292 2827 Deus,
1330 2763 1524 2819 exaudi
1579 2762 1874 2817 orationem
1906 2775 2095 2824 meam,

523 2860 741 2912 auribus
765 2860 995 2928 percipe,
1028 2857 1167 2912 Deus
1189 2855 1379 2910 Jacob.
1437 2855 1578 2910 Idem
1597 2862 1680 2908 est
1711 2853 1909 2916 dicere,
1936 2850 2100 2904 Deum

523 2950 802 3016 uirtutum,
836 2950 975 3018 quod
1008 2949 1295 3003 Dominum
1333 2948 1606 3010 virtutum,
1641 2943 1710 2998 de
1730 2960 1840 3014 quo
1865 2943 1919 2996 in
1946 2941 2096 3013 prin-

524 3045 671 3114 cipio
732 3042 976 3098 diximus
1037 3041 1323 3112 praesentis
1374 3039 1590 3108 psalmi.
1641 3035 1742 3091 Per
1792 3034 2096 3089 orationem

2271 2128 2634 2199 Ὀφθήσεται
2667 2130 2699 2182 ὁ
2725 2127 2869 2192 Θεὸς
2896 2123 3016 2178 τῶν
3073 2120 3226 2176 θεῶν
3273 2118 3345 2172 ἐν
3379 2114 3550 2171 Σιών.
3599 2113 3738 2166 Τοῦτο

2200 2221 2506 2293 πρόρρησις
2551 2219 2651 2288 τῆς
2700 2215 2796 2271 τοῦ
2854 2215 3110 2284 Σωτῆρος
3163 2205 3736 2277 ἔνανθρωπήσεωςοέν

2201 2312 2340 2366 Σιὼν
2361 2314 2472 2384 γὰρ
2492 2311 2758 2374 ἀνέτειλε,
2789 2307 2933 2362 κατὰ
2962 2307 3022 2360 τό
3045 2321 3059 2335 ·
3092 2303 3241 2373 Ἐγὼ
3265 2298 3633 2363 tremendam-
3649 2296 3736 2358 ﬁu-

2199 2405 2408 2472 σιλεὺς
2439 2405 2542 2460 ὑπ’
2571 2399 2732 2466 αὑτῷ
2754 2400 2853 2454 ἐπὶ
2879 2398 3035 2454 Σιὼν
3086 2396 3223 2463 ὄρος
3272 2392 3340 2446 τὸ
3369 2391 3437 2460 ἅτ
3449 2407 3543 2444 ιον
3569 2386 3734 2446 αὑτοῦ.

2199 2496 2574 2567 διαγγέλλων
2598 2495 2665 2548 τὸ
2697 2492 3054 2562 πρόσταγμα
3079 2486 3322 2554 Κυρίου.
3380 2482 3514 2536 Θεὸν
3560 2480 3610 2531 δὲ
3653 2478 3737 2529 τῶν

2202 2588 2341 2643 θεῶν
2365 2588 2624 2642 ικάλεσεν
2647 2585 2832 2649 αὑτὸν,
2866 2583 2941 2646 ὡς
2964 2583 3023 2634 ὲν
3047 2581 3111 2651 τῇ
3143 2578 3286 2649 ἀρχῆ
3315 2573 3412 2629 τοῦ
3446 2570 3532 2642 μθ¹
3556 2569 3735 2640 ψαλμοῦ

2201 2675 2722 2750 προεξηγησάμεθα.

2267 2771 2445 2838 Κύριε
2477 2771 2512 2823 ὁ
2546 2767 2686 2834 Θεὸς
2723 2764 2844 2820 τῶν
2866 2763 3198 2832 δυνάμεων,
3252 2756 3615 2812 εἰσάκουσον
3660 2749 3739 2813 τῆς

2199 2861 2546 2932 προσευχῆς
2571 2878 2715 2931 μου,
2745 2857 3047 2920 ἐνώτισαι,
3078 2857 3112 2908 ὁ
3141 2852 3285 2918 Θεὸς
3308 2848 3529 2907 Ἰακώϐ.
3569 2846 3736 2898 Ταύτὸν

2201 2957 2400 3021 είπείν,
2457 2954 2520 3008 '0
2583 2953 2727 3018 Θεὸς
2779 2950 2901 3004 τῶν
2944 2947 3260 3017 δυνάμεων
3314 2943 3414 2996 καὶ
3452 2943 3620 3008 Κύριε
3651 2934 3737 2989 τῶν

2201 3049 2534 3118 δυνάμεων,
2566 3049 2697 3118 περὶ
2727 3040 2788 3098 οὗ
2835 3046 2892 3098 ὲν
2919 3045 2985 3112 τῇ
3015 3041 3161 3112 ἀρχῇ
3197 3036 3295 3091 τοῦ
3324 3034 3593 3105 παρόντος
3620 3029 3736 3098 είρηο

523 3147 706 3192 autem
755 3151 852 3190 eas
882 3149 1076 3205 preces
1104 3132 1380 3200 intelligit,
1409 3144 1549 3200 quas
1583 3129 1637 3184 in
1685 3140 1981 3198 progressu
2010 3122 2098 3180 di-

2215 3159 2299 3196 ται
2337 3139 2575 3211 ψαλμοῦ.
2610 3136 2928 3209 Προσευχὴν
2975 3135 3032 3187 δὲ
3064 3133 3216 3200 λέγει
3275 3129 3378 3198 τὴν
3411 3123 3736 3194 παρὰιλησιν.

525 3237 719 3284 cturus
744 3237 849 3282 est.
887 3226 1056 3292 Deus,
1087 3226 1254 3281 etiam
1289 3222 1461 3278 Jacob
1492 3238 1590 3293 pro
1625 3221 1790 3283 Deus,
1829 3218 1925 3288 qui
1966 3217 2096 3272 olim

525 3325 762 3386 luctans,
791 3322 845 3376 in
873 3320 1043 3391 ﬁgura
1079 3318 1316 3374 hominis
1351 3316 1659 3387 apparuisti
1688 3312 1883 3369 Jacob.

598 3500 763 3556 Vsus.
798 3498 886 3554 10.
917 3496 1194 3551 Protector
1218 3505 1395 3550 noster
1422 3496 1618 3564 aspice,
1650 3493 1809 3558 Deus,
1827 3500 1876 3545 et
1907 3489 2102 3558 respice

527 3593 584 3646 in
631 3594 816 3664 [aciem
866 3590 1065 3646 Christi
1113 3589 1212 3643 tui.
1267 3586 1395 3641 Haec
1433 3597 1518 3642 est
1568 3587 1661 3639 illa
1691 3585 1888 3648 oratio,
1937 3594 2103 3652 quam

530 3685 783 3740 exaudiri
833 3683 1152 3754 postulavit.
1191 3679 1296 3734 Per
1347 3677 1627 3733 Christum
1677 3687 1861 3730 autem
1911 3673 2102 3728 hocin

531 3780 654 3832 loco
703 3789 1089 3846 quemcunque
1145 3770 1518 3825 Christianum
1572 3767 1849 3836 intelligit,
1897 3765 1991 3833 qui
2049 3765 2104 3817 in

532 3868 754 3922 Christo
791 3867 1100 3936 baptizatus
1152 3863 1247 3927 sit,
1293 3871 1348 3916 et
1387 3860 1668 3915 Christum
1724 3857 1962 3911 induerit
1995 3873 2010 3910 :
2041 3855 2108 3910 de

535 3974 644 4028 quo
678 3959 731 4011 in
763 3959 866 4011 line
895 3955 1154 4010 Proanuii
1188 3954 1474 4022 praesentis
1507 3951 1689 4022 operis
1743 3949 1950 4002 dictum
2001 3959 2106 4002 est.

609 4050 777 4105 Vens.
809 4050 896 4102 11.
925 4048 1066 4113 Quia
1105 4047 1295 4100 melior
1323 4055 1399 4099 est
1434 4045 1544 4098 dies
1569 4060 1676 4096 una
1712 4043 1765 4096 in
1793 4041 1930 4095 aulis
1958 4055 2111 4109 super

537 4141 738 4194 millia.
769 4139 844 4194 De
877 4139 1083 4193 divinis
1112 4137 1255 4191 aulis
1291 4135 1452 4206 paulo
1480 4135 1741 4206 superius
1768 4133 1973 4187 dictum
2003 4143 2107 4190 est.

539 4234 729 4288 Melior
758 4241 842 4286 est
869 4239 1049 4284 autem
1083 4244 1192 4283 una
1224 4227 1539 4295 hujusmodi
1589 4226 1707 4280 dies
1735 4239 1902 4293 super
1942 4224 2112 4276 millia

539 4328 773 4380 aliorum
814 4324 1053 4388 dierum,
1096 4321 1188 4391 qui
1212 4320 1342 4375 alibi
1375 4334 1540 4389 quam
1563 4317 1617 4371 in
1654 4327 1744 4371 tua
1791 4317 1914 4369 aula
1949 4330 2114 4383 agan—

539 4427 653 4482 tur,
686 4416 857 4471 dictio
899 4423 1105 4478 autem,
1161 4413 1320 4478 Quia,
1369 4410 1750 4466 conﬁrmantis
1788 4417 1875 4463 est
1927 4408 2115 4462 hocin

539 4514 678 4574 loco,
709 4525 804 4578 pro
842 4507 1003 4562 Vere.

611 4601 759 4670 Elogi
791 4601 1024 4664 abiectus
1056 4615 1167 4652 esse
1188 4599 1244 4651 in
1278 4595 1435 4650 domo
1465 4594 1559 4648 Dei
1584 4593 1682 4646 mei
1716 4592 1908 4661 magis,
1949 4606 2110 4660 quant

538 4693 779 4746 habitare
820 4694 875 4744 in
923 4690 1277 4744 tabernaculis
1325 4696 1682 4756 peccatorum.
1731 4683 1880 4738 Idem
1922 4698 2118 4737 rursus

543 4783 759 4851 repetit,
798 4782 892 4837 sed
925 4781 1294 4836 manifestius.
1331 4779 1410 4832 Tu
1433 4793 1560 4832 vero
1587 4790 1800 4830 mecum
1830 4775 2120 4829 considera

545 4885 756 4944 quanto
805 4873 1004 4928 divina:
1063 4873 1260 4926 domus
1292 4886 1478 4926 amore
1525 4884 1590 4924 ac
1652 4867 1923 4922 desiderio
1973 4877 2121 4921 tene-

543 4977 715 5026 retur,
752 4968 798 5020 is
827 4967 921 5034 qui
953 4966 1198 5035 abiectus
1253 4980 1375 5020 esse
1428 4965 1664 5018 malebat
1707 4963 1762 5017 in
1805 4963 1968 5017 domo
1998 4961 2114 5025 Dei,

543 5061 615 5114 ob
645 5074 763 5113 eam
797 5059 1059 5112 nimirum
1082 5059 1598 5125 sanctiﬁcationem,
1624 5074 1747 5129 qua:
1779 5058 1891 5112 illic
1923 5072 2118 5124 perpe-

547 5164 640 5206 tuo
672 5153 847 5219 adest,
879 5169 1042 5222 quam
1077 5154 1337 5211 deliciose
1383 5172 1508 5239 cum
1542 5153 1928 5224 peccatoribus
1968 5151 2122 5204 habi-

543 5251 681 5294 ture.

619 5332 786 5389 Vens.
821 5336 906 5390 l2.
949 5337 1212 5402 Quoniam
1256 5339 1700 5404 misericordiam,
1747 5345 1796 5390 et
1847 5336 2118 5390 veritatem

544 5427 718 5496 diligit
752 5428 1008 5484 Dominus
1058 5432 1220 5488 Deus.
1261 5434 1546 5489 Admiscut
1604 5431 1876 5501 Propheta
1909 5431 1963 5483 in
2017 5432 2119 5483 hoc

544 5520 753 5588 psalmo
801 5522 1230 5590 admonitiones,
1291 5535 1454 5595 atquc
1503 5525 1571 5580 ad
1623 5524 1860 5578 activam
1897 5537 2018 5588 nos,
2068 5531 2122 5575 et

547 5614 1026 5679 coutcinplativam
1086 5615 1254 5670 vitam
1318 5619 1616 5679 hortatur,
1678 5613 1907 5680 dicens,
1972 5615 2118 5684 quod

625 5795 666 5825 ί·
691 5793 836 5850 Psal.
877 5813 936 5862 ιι,
966 5797 1020 5851 ις.

2139 4533 2192 4592 ι)

2203 3233 2272 3303 ἢν
2310 3231 2498 3302 μέλλει
2524 3231 2897 3301 προσαγαγεῖν
2961 3222 3190 3296 προϊών.
3243 3221 3309 3273 '0
3361 3218 3419 3271 δὲ
3475 3216 3610 3280 Θεὸς
3659 3213 3739 3265 Ἰα·

2201 3326 2342 3391 κὼό,
2373 3325 2495 3378 ἀντὶ
2514 3323 2634 3386 τοῦ,
2680 3320 2738 3375 ὐ
2761 3321 2858 3375 καὶ
2883 3319 2961 3388 τῷ
3001 3315 3202 3370 Ἰακὼϐ
3251 3313 3428 3368 πάλαι
3475 3308 3664 3378 ὀφθεὶς,
3699 3306 3739 3355 ὲν

2203 3419 2495 3488 ἀνθρώπου
2524 3418 2789 3486 σχήματι,
2824 3413 2918 3466 ἐπὶ
2948 3414 3015 3481 τῇ
3049 3410 3218 3478 πάλῃ.

2285 3506 2733 3576 ’Υπερασπιστὰ
2759 3503 2947 3573 ήμῶν,
2989 3502 3102 3564 ἴδε,
3131 3503 3163 3555 ὁ
3190 3499 3338 3560 Θεός
3374 3511 3390 3526 ο
3453 3491 3741 3554 ἐπίϐλεψιν

2205 3603 2292 3668 είς
2321 3600 2389 3654 τὸ
2410 3599 2737 3666 πρόσωπον
2755 3595 2862 3649 τοῦ
2890 3591 3151 3662 Χριστοῦ
3173 3605 3312 3644 σου.
3344 3585 3520 3639 Τοῦτο
3549 3583 3580 3652 ἡ
3607 3593 3738 3649 spas-

2207 3693 2368 3761 ευχή.
2429 3688 2671 3760 Χριστὸν
2723 3686 2783 3741 δὲ
2835 3685 2990 3751 λέγει
3043 3684 3223 3736 πάντα
3283 3671 3738 3748 Χριπιανόνοόσοι

2209 3785 2318 3855 γὰρ
2357 3785 2436 3847 είς
2491 3780 2730 3853 Χριστὸν
2767 3777 3200 3844 ἐϐαπτίσθησαν,
3251 3769 3493 3842 Χριστὸν
3535 3763 3739 3826 ὲνεδύθη·

2213 3897 2336 3934 σαν.
2367 3878 2596 3949 Εἴρηται
2626 3876 2684 3930 δὲ
2709 3874 2839 3944 περὶ
2883 3872 3078 3926 τούτου
3123 3869 3219 3923 καὶ
3271 3868 3331 3919 ὲν
3386 3864 3468 3936 τῷ
3517 3857 3738 3931 armi“?

2209 3972 2312 4041 τῆς
2345 3970 2531 4040 βίϐλου
2562 3969 2676 4021 τῶν
2699 3965 2973 4035 Ψαλμῶν.

2286 4064 2416 4114 Ὀτι
2442 4059 2743 4128 κρείσσων
2768 4057 2958 4124 ἡμέρα
3005 4053 3109 4116 μία
3135 4053 3205 4104 ἐν
3233 4047 3363 4111 ταῖς
3414 4043 3615 4106 αὐλαῖς
3651 4055 3738 4092 σου

2213 4155 2368 4223 ὑπὲρ
2393 4151 2691 4221 χιλιάδας.
2726 4150 2859 4219 Περὶ
2887 4147 2997 4200 τῶν
3027 4144 3189 4197 θείων
3221 4141 3405 4194 αὐλῶν
3455 4135 3633 4206 ἐλέχθη
3673 4148 3741 4199 με·

2217 4247 2353 4316 κρδν
2385 4245 2664 4316 ἀνωτέρω.
2709 4241 2882 4310 ’Υπὲρ
2912 4237 3158 4310 χιλιάδας
3205 4235 3262 4288 δὲ
3305 4232 3528 4303 ἡμερῶν
3569 4227 3652 4288 τὰς
3696 4225 3742 4316 ,ἐν

2218 4315 2425 4410 ἑτέροις
2461 4315 2650 4398 τόποις
2679 4333 2944 4404 ἀνιέροις.
2973 4329 3048 4383 Τὸ
3075 4329 3131 4383 δὲ
3152 4367 3169 4393 ,
3203 4327 3354 4390 ’οτι,
3414 4315 3740 4393 βεϐαιωτικὸν.

2285 4600 2699 4669 Ἐξελεεάμην
2724 4591 3261 4664 παραρῤιπτεῑσϐαι
3296 4588 3368 4643 ἐν
3399 4585 3477 4652 τῷ
3508 4585 3638 4649 οἴκῳ
3666 4576 3743 4632 τοῦ

2217 4695 2369 4751 Θεοῦ
2421 4694 2660 4763 μᾶλλον
2691 4691 2730 4759 ἢ
2766 4689 2954 4744 οἰκεῖν
2969 4703 3044 4756 με
3065 4685 3135 4738 ἐν
3162 4680 3562 4750 σκηνώμασιν
3597 4676 3741 4743 ἀμαρ-

2215 4787 2446 4841 τωλῶν.
2505 4783 2580 4838 Τὸ
2607 4783 2740 4837 αὐτὸ
2795 4781 2960 4834 πάλιν
3011 4780 3168 4846 φησι,
3213 4774 3360 4845 πλὴν
3393 4769 3743 4842 φανερώτερον.

2217 4882 2364 4950 Ὅρα
2399 4878 2457 4930 δὲ
2501 4877 2628 4930 ὃσίν
2662 4874 2854 4944 ἠγάπα
2882 4873 2973 4925 τὸν
3005 4870 3146 4922 θεῖον
3185 4861 3359 4931 οἷκον,
3417 4865 3446 4918 ὃ
3489 4863 3546 4914 τὸ
3577 4857 3745 4927 παραρ·

2217 4972 2527 5043 ῥιπτεῖσθαι
2573 4969 2648 5030 ὡς
2682 4969 2840 5035 ἔτυχε
2861 5006 2878 5030 ,
2912 4963 3007 5016 τοῦ
3036 4963 3209 5015 οἰκεῖν
3233 4959 3422 5028 ἁϐρῶς
3455 4959 3512 5008 ὲν
3535 4955 3747 5023 upupam

2216 5066 2329 5128 λοῖς
2395 5061 2757 5133 αἱρετώτερον
2811 5059 2997 5128 ἔκρινε
3043 5053 3159 5108 ’διὰ
3213 5051 3308 5104 τὸν
3365 5040 3572 5102 ἐὲεῑθεν
3628 5043 3746 5106 az:-

2219 5159 2377 5229 σμόν.

2297 5337 2426 5388 Ὀτι
2480 5333 2652 5396 ἕλεος
2703 5328 2801 5382 καί
2854 5325 3146 5394 ἀλήθειαν
3177 5313 3385 5389 ἀγαπᾷ
3412 5317 3632 5383 Κύριος.
3659 5307 3750 5369 ‘EY‘

2228 5428 2603 5494 καταμίγνυσι
2639 5420 2716 5489 τῷ
2745 5415 2947 5487 ψαλμῷ
2988 5416 3081 5466 καὶ
3139 5410 3427 5464 νουθεσίαν
3471 5412 3752 5472 προτρεπτε·

2231 5520 2333 5590 κήν
2365 5521 2442 5581 εἰς
2477 5513 2786 5584 πρακτικὴν
2827 5508 3029 5579 ἀρετὴν
3057 5506 3154 5558 καὶ
3192 5500 3536 5572 θεωρητικήν
3568 5509 3582 5523 ⁸
3614 5493 3751 5556 λέγων

2229 5615 2311 5665 ὅτι
2373 5614 2401 5664 ὁ
2446 5609 2577 5671 Θεὸς
2623 5605 2813 5676 ἀγαπᾷ
2867 5602 2966 5671 τὴν
3013 5595 3389 5668 ἐλεημοσύνην
3430 5591 3516 5644 καὶ
3543 5580 3743 5655 opm
