3796 6578
106 383 190 445 8le

1239 365 1631 426 COMMENT.
1669 365 1750 425 IN
1789 365 2148 428 PSALMOS.

3218 367 3329 433 870

105 501 260 553 θειαν⁸
303 487 412 540 ἔστι
443 484 500 538 δὲ
518 484 618 554 τῆς
671 484 770 556 μὲν
830 483 1142 555 πρακτικῆς
1198 484 1233 552 ἡ
1291 480 1648 552 ἐλεημοσύνη,

1805 497 1908 536 eus
1943 481 2122 550 diligit
2163 477 2602 534 miscricordiam
2648 485 2704 533 et
2753 476 3065 534 veritatem.
3121 478 3331 539 Miseri-

103 590 181 657 τῆς
199 586 249 636 δὲ
273 579 611 650 θεωρητικῆς
642 579 675 648 ἡ
709 576 938 648 ἀλήθεια
957 593 971 608 ο
1025 578 1076 629 εἰ
1105 575 1161 629 δὲ
1192 574 1404 638 ταύτας
1425 573 1640 642 ἀγαπᾷ,

103 680 231 750 δῇλον
271 676 346 727 ὅτι
404 671 624 734 πάντως
660 669 755 722 καὶ
803 670 932 732 τοὺς
977 667 1266 737 μετιόντας
1295 667 1490 730 αὐτὰς,
1518 667 1642 716 ἐπεὶ

102 775 179 827 καὶ
208 763 356 826 αὐτὸς
382 761 670 823 αὑτοέλεός
697 761 838 825 ἐστι,
873 761 972 814 καὶ
1021 756 1410 828 αὐτοαλήθεια.
1461 756 1535 808 Τὸ
1583 755 1641 808 δὲ

103 867 228 923 Ὅτι,
257 853 656 924 διηγηματικόν
678 853 794 905 ἐστι
837 855 935 906 καὶ
975 852 1270 922 παρέλκον,
1292 849 1384 902 καὶ
1421 847 1644 916 ἰδωμα-

100 954 240 1010 τικόν.
297 947 453 1001 Ἐστι
496 947 554 1000 δὲ
616 947 713 1000 καὶ
753 945 930 1007 ἄλλως
974 946 1171 1008 εἰπεῖν,
1210 944 1343 996 ὅτιό
1380 940 1640 1010 Χριστὸς,

101 1041 240 1097 ἐλεῶν
289 1040 456 1108 ἡμᾶς,
502 1035 920 1109 ὲνηνθρὼπησε,
981 1034 1076 1088 καὶ
1119 1033 1317 1105 ἀληθὲς
1375 1033 1644 1104 ἐκήρυξεν

100 1132 415 1203 Εὐαγγέλιον.

152 1396 315 1466 Χάριν
345 1395 444 1449 καὶ
473 1395 665 1460 δόξαν
690 1393 889 1448 δώσει.
925 1394 1101 1463 Χάριν
1157 1392 1404 1463 ἀφέσεως
1462 1392 1644 1461 ἀμαρ-

95 1489 224 1551 τιῶν,
250 1486 320 1548 ὡς
344 1489 412 1556 τῇ
448 1487 644 1557 πόρνῃ,
676 1486 772 1539 καὶ
817 1484 1034 1547 πολλοῖς
1066 1484 1268 1546 ἄλλοις.
1311 1484 1379 1535 Ἢ
1431 1483 1644 1551 θαυμάαυ

95 1597 202 1641 των,
249 1576 317 1638 ὠς
378 1578 492 1639 τοῖς
551 1575 873 1638 ἀποστόλοις
921 1577 1019 1629 καὶ
1047 1577 1160 1638 τοῖς
1202 1574 1409 1642 λοιποῖς
1441 1573 1638 1641 ἁγίοις.

93 1670 235 1733 Δόξαν
265 1667 342 1728 δὲ,
381 1669 477 1720 καὶ
505 1668 606 1738 τὴν
632 1666 765 1738 παρ’
794 1664 1126 1737 ἀνθρώπων,
1163 1666 1259 1720 καὶ
1295 1665 1394 1736 τὴν
1437 1661 1494 1716 ὲν
1556 1665 1647 1717 οὐ-

95 1763 267 1833 ρινοῖς.
295 1761 365 1812 Ἦ
400 1761 562 1831 χάριν
627 1760 726 1830 μὲν
767 1757 868 1828 τὴν
921 1758 1020 1830 τῆς
1046 1757 1342 1828 θεῶσεως,
1400 1757 1558 1824 δόξαν
1589 1759 1644 1811 δὲ

94 1854 174 1923 τὴν
196 1851 284 1922 τῆς
310 1850 598 1920 βασιλείας
631 1850 824 1906 αὑτοῦ.

151 2036 351 2103 Κύριος
381 2036 454 2089 σὺ
493 2035 781 2103 στερήσει
808 2035 877 2089 τὰ
929 2033 1122 2106 ἀγαθὰ
1152 2034 1276 2101 τοῖς
1325 2035 1652 2105 πορευομέ-

91 2147 197 2195 νοις
220 2129 288 2181 ἐν
331 2129 582 2196 ἁκακίᾳ.
629 2129 788 2193 Τινὲς
835 2129 960 2182 καθ’
1007 2127 1316 2199 ὑπερϐατὸν
1364 2130 1426 2180 τὸ
1485 2128 1650 2197 ῥητὸν

95 2223 485 2287 ςυντάσσουσιν,
550 2219 699 2275 οἷονο
755 2222 920 2294 χάριν
958 2222 1054 2276 καὶ
1104 2222 1264 2286 δόξαν
1326 2222 1489 2275 δώσει
1539 2223 1652 2283 τοῖς

90 2313 462 2384 πορευομένοις
508 2315 568 2365 ὲν
607 2315 838 2384 ἀκακία.
871 2311 1007 2368 Εἶτα
1032 2316 1236 2385 Κύριος
1281 2313 1343 2366 οὐ
1397 2315 1654 2384 στερήσει

89 2407 260 2470 αὐτοὺς
291 2408 409 2460 τῶν
469 2407 690 2476 ἀγαθῶν
723 2409 834 2462 τῶν
889 2409 948 2462 ὲν
1015 2409 1288 2477 οὐρανοῖς.
1341 2405 1660 2476 Ἀδιάφορος

88 2502 134 2552 δὲ
164 2501 298 2571 καὶὴ
326 2499 614 2567 σύνταξις,
643 2500 752 2554 τοῦ·
795 2499 1108 2569 Στερήσει.
1163 2501 1228 2552 '0
1283 2496 1540 2568 σημαίνει
1601 2499 1662 2548 τὸ

90 2591 339 2646 κωλύσει.
373 2593 532 2656 Τινὲς
562 2593 620 2646 δὲ
657 2593 914 2658 σύνταξιν
946 2593 1069 2645 ἀντι⁵
1113 2590 1426 2655 συντάξεως
1489 2587 1659 2656 φασίο

89 2686 278 2752 Κύριος
315 2688 397 2738 οὺ
427 2687 712 2755 στερήσει
763 2684 884 2740 τῶν
909 2681 1150 2754 ἀγαθῶν
1181 2683 1306 2749 τοῖς
1339 2679 1662 2750 πορευομέο

89 2789 200 2841 νοις
222 2777 290 2828 ἐν
315 2777 568 2844 ἀκακία,
603 2776 780 2830 εῐτουν
804 2776 864 2828 ἐν
898 2777 1080 2846 ἀποχῇ
1105 2774 1214 2827 τῶν
1235 2773 1447 2826 κακῶν.

1751 573 1940 628 cordia
2002 579 2184 626 autem
2229 571 2295 626 ad
2330 572 2590 637 activam,
2621 578 2676 626 et
2709 571 2914 626 veritas
2959 572 3026 626 ad
3080 582 3328 628 contem-

1749 666 2009 736 plativam
2054 666 2219 718 vitam
2255 665 2514 733 pertinet.
2549 663 2708 730 Quod
2737 665 2782 719 si
2817 665 2953 719 istas
2978 663 3122 720 Deus
3153 665 3331 737 diligit

1705 771 1710 774 '
1752 758 2022 823 virtutes,
2077 756 2392 810 necessario
2442 771 2539 811 eos
2597 755 2824 819 amabit,
2873 757 2968 826 qui
3015 757 3328 827 hujusmodi

1749 851 1986 907 virtutes
2019 851 2430 921 amplectuntur
2465 869 2479 904 :
2515 850 2644 922 quia
2696 851 2841 909 Deus
2871 861 2955 908 est
2999 855 3116 924 ipsa
3168 855 3332 909 misc-

1749 944 2017 1009 ricordia,
2041 951 2098 998 et
2125 945 2245 1014 ipsa
2275 945 2502 1001 veritas.
2562 945 2743 1000 Dictio
2798 954 3005 1012 autem,
3039 948 3331 1014 Quoniam,

1753 1035 2031 1090 narrantis
2090 1035 2145 1090 in
2199 1050 2408 1090 morem
2469 1038 2650 1106 posita
2699 1045 2806 1104 est,
2857 1048 2909 1092 et
2965 1039 3234 1105 abundat,
3275 1051 3332 1093 ut

1749 1141 1896 1196 saepe
1925 1127 2190 1194 diximus,
2227 1143 2380 1183 more
2413 1127 2666 1184 Hebraici
2706 1131 3006 1186 idiomatis.
3033 1129 3332 1186 Possumus

1750 1225 1807 1270 et
1833 1218 1991 1272 aliter
2025 1219 2232 1286 dicere,
2261 1221 2405 1288 quod
2437 1219 2694 1276 Christus
2727 1223 2902 1277 nostri
2936 1223 3194 1277 misertus
3219 1233 3328 1287 est,

1751 1319 1805 1363 et
1839 1325 2029 1364 verum
2055 1311 2214 1365 nobis
2240 1312 2598 1380 Evangelium
2634 1296 2973 1382 praedicavit.

1825 1398 2074 1455 Gratiam
2116 1414 2165 1456 et
2194 1402 2426 1471 gloriam
2477 1405 2644 1458 dabit.
2689 1403 2932 1460 Gratiam
2989 1405 3333 1460 remissionis

1751 1501 2129 1562 peccatorum,
2159 1494 2327 1548 veluti
2361 1495 2515 1550 dedit
2545 1497 2849 1564 meretrici,
2887 1507 2943 1552 et
2965 1497 3090 1552 aliis
3123 1498 3332 1553 multis.

1754 1585 1872 1647 Vel,
1908 1586 2142 1654 gratiam
2176 1585 2569 1641 miraculorum
2603 1587 2778 1651 dabit,
2820 1589 3039 1658 qualem
3071 1590 3336 1658 apostolis

1756 1679 2027 1749 praestitit,
2061 1685 2116 1733 et
2155 1682 2371 1734 cmteris
2401 1680 2639 1736 sanctis.
2674 1681 2920 1735 Gloriam
2953 1696 3105 1746 vero,
3131 1691 3185 1734 ιιι
3213 1699 3332 1735 eam

1754 1779 1876 1836 quae
1899 1775 1986 1821 est
2007 1768 2076 1821 ab
2104 1767 2446 1835 hominibus,
2480 1777 2536 1823 et
2588 1783 2710 1824 eam
2759 1783 2882 1837 qua:
2932 1771 2985 1823 in
3035 1771 3176 1825 cmlo
3230 1779 3336 1831 est,

1683 1847 1725 1901 Β
1757 1859 1837 1913 vel
1861 1859 2228 1914 deiﬁcationis
2259 1860 2512 1928 gloriam,
2549 1869 2607 1914 ut
2644 1860 2738 1915 Dei
2761 1859 2978 1916 scilicet
3006 1859 3335 1922 eﬂiciamur,

1752 1959 1808 2006 et
1831 1951 2063 2021 gloriam
2099 1951 2342 2007 cmlestis
2374 1952 2528 2022 regni
2569 1951 2964 2020 adipiscamur.

1830 2041 1993 2098 Vens.
2037 2044 2126 2098 l5.
2185 2041 2445 2096 Dominus
2501 2059 2609 2096 non
2663 2042 2895 2111 privabit
2946 2043 3094 2096 bonis
3130 2059 3218 2096 eos
3247 2043 3338 2113 qui

1755 2134 2029 2188 ambulant
2056 2135 2107 2187 iu
2142 2135 2462 2188 innocentia.
2493 2133 2728 2200 Quidam
2757 2150 2851 2204 per
2871 2134 3099 2205 ﬁguram
3139 2135 3337 2205 hyper-

1761 2227 1927 2281 baton
1999 2237 2330 2280 construuut
2385 2225 2536 2281 hunc
2598 2227 2961 2293 versiculum,
3037 2227 3335 2282 videlicet:

1760 2317 2024 2372 Dominus
2053 2318 2206 2372 dabit
2228 2319 2464 2389 gratiam
2509 2327 2565 2373 et
2598 2319 2851 2389 gloriam,
2889 2319 2958 2375 iis
3010 2321 3102 2390 qui
3151 2321 3345 2374 auibu-

1759 2407 1950 2461 lantiu
1979 2406 2332 2475 innocentia;
2386 2409 2584 2464 deinde
2642 2411 2908 2466 Dominus
2949 2427 3056 2466 nou
3107 2413 3342 2482 privabit

1759 2515 1856 2554 eos
1887 2500 2212 2555 coelesibus
2240 2502 2421 2556 bouis.
2456 2503 2520 2554 Et
2552 2504 2680 2572 quia
2712 2502 2902 2558 Graeca
2939 2504 3100 2558 lectio
3130 2503 3344 2558 indiﬂ‘c-

1760 2600 1972 2646 rentum
2019 2594 2270 2646 continet
2340 2596 2834 2649 constructionem.
2884 2594 3153 2665 (Habetur
3198 2596 3342 2648 enim

1761 2683 1816 2736 in
1851 2684 2042 2736 Graeco
2075 2701 2087 2736 :
2139 2683 2343 2752 Κύριος
2387 2685 2449 2737 οὐ
2485 2687 2744 2754 στερήσει
2774 2684 2844 2738 τὰ
2886 2686 3066 2754 ἀγαθὰ
3105 2689 3217 2746 τοῖς
3243 2702 3344 2738 πο-

1767 2772 2080 2843 ρευομένοις
2127 2772 2186 2824 ὲν
2214 2773 2464 2843 ἀκακία,
2519 2775 2664 2844 quod
2725 2775 2795 2829 ad
2868 2776 3104 2828 litteram
3156 2774 3344 2828 dicere

90 2886 363 2938 possumus
403 2889 418 2928 :
453 2871 716 2925 Dominus
750 2888 853 2925 non
885 2872 1116 2941 privabit
1148 2870 1286 2924 bona
1354 2871 1422 2923 iis
1489 2869 1581 2938 qui
1652 2869 1931 2922 ambulant
1978 2868 2035 2920 iu
2081 2869 2432 2938 innocentia.)
2480 2871 2576 2924 Dic
2651 2871 2796 2940 quod
2838 2871 3030 2936 dictio,
3085 2873 3348 2937 Prirobit,

90 2969 159 3023 sic
181 2969 383 3038 posita,
416 2970 690 3041 accipitur
737 2985 838 3040 pro
883 2969 1222 3024 Probibebit.
1261 2966 1496 3033 Quidam
1527 2981 1658 3021 vero
1697 2965 1883 3020 dicunt
1907 2981 2070 3021 casus
2113 2966 2167 3020 in
2217 2968 2667 3022 constructiones
2747 2967 2924 3023 fuisse
3007 2969 3353 3033 immutatos,

88 3078 137 3120 et
171 3067 410 3135 positum
446 3084 461 3120 :
500 3065 625 3121 Non
653 3066 878 3134 prioabit
952 3065 1112 3128 bona,
1191 3065 1258 3118 iis
1309 3063 1400 3133 qui
1451 3061 1726 3118 ambulant
1767 3063 1820 3116 in
1847 3063 2186 3128 innocentia;
2218 3077 2318 3134 pro
2348 3063 2475 3117 Non
2499 3066 2727 3132 privabit
2765 3082 2853 3118 eos
2888 3065 3055 3118 bouis.
3085 3067 3353 3121 Innocen-

91 3160 206 3212 tiam
245 3167 434 3213 autem
485 3158 671 3214 hocin
723 3160 847 3214 loco
886 3173 984 3228 pro
1052 3157 1388 3213 abstinentia
1469 3157 1733 3211 vitiorum
1774 3157 1981 3225 posuit.
2048 3156 2372 3225 (Considera
2431 3161 2600 3215 etiam
2661 3177 2731 3216 ne
2803 3161 3058 3217 fortassis
3129 3163 3350 3216 verbum

90 3255 393 3324 ἁποστρεῶ,
440 3253 544 3309 hoc
587 3263 696 3320 est,
742 3253 972 3309 verbum
1023 3253 1208 3316 Privo,
1241 3253 1435 3306 eodem
1488 3255 1652 3306 modo
1693 3259 2073 3318 construatur,
2107 3267 2216 3322 quo
2247 3252 2476 3307 verbum
2529 3255 2761 3324 Aufero;
2827 3255 2976 3326 quod
3053 3255 3353 3324 aliquando

91 3359 201 3399 cum
227 3345 422 3399 dativo
442 3344 694 3415 jungitur
729 3355 788 3399 ct
818 3344 1160 3407 accusativo,
1205 3344 1417 3398 veluti:
1462 3343 1671 3398 Aufero
1750 3342 1847 3397 tibi
1873 3357 1992 3396 eam
2066 3357 2204 3407 rem,
2257 3344 2423 3399 sicuti
2473 3347 2782 3414 reperimus
2810 3347 2951 3416 apud
3008 3347 3351 3405 Aristidem:

88 3440 315 3496 Abstulit
349 3441 402 3494 ei
428 3439 832 3509 mgritudinem.
868 3439 1001 3494 Item
1039 3439 1180 3509 apud
1205 3437 1605 3493 Philostratum
1634 3454 1648 3490 :
1692 3438 1828 3492 Cum
1861 3436 2084 3492 fortuna
2111 3438 2162 3493 ei
2202 3454 2460 3509 maguum
2527 3442 2810 3510 praemium
2844 3442 3210 3509 abstulisset.)

149 3535 319 3601 Κύριε
361 3535 396 3587 d
424 3535 570 3599 Θεὸς
607 3530 726 3586 τῶν
766 3530 1099 3601 δυνάμεων,
1137 3530 1433 3600 μακάριος
1483 3532 1516 3584 ὁ
1570 3528 1648 3582 ἄν

1860 3529 2085 3583 Domine
2113 3529 2250 3584 Deus
2282 3531 2556 3597 virtutum,
2603 3533 2786 3588 beatus
2816 3535 2991 3601 homo,
3038 3538 3129 3604 qui
3177 3546 3356 3606 sperat

87 3629 311 3692 dproan
348 3628 386 3679 ὀ
417 3621 674 3685 ἐλπίζων
700 3625 799 3677 ἐπὶ
834 3623 930 3679 σέ.
984 3623 1073 3678 Ἐν
1112 3623 1191 3693 τῷ
1224 3623 1306 3691 λγ¹
1338 3621 1538 3692 ψαλμῷ
1594 3619 1646 3673 εἴ

1805 3640 1828 3674 η
1858 3631 1927 3678 te.
1983 3621 2040 3675 In
2075 3623 2284 3692 psalmo
2315 3624 2484 3678 etiam
2533 3641 2628 3679 LIII
2673 3626 2948 3695 legimus:
3003 3627 3204 3682 Beatus
3246 3632 3346 3693 vir,

90 3734 242 3787 ρηται
282 3735 297 3748 ·
355 3714 664 3784 Μακάριος
714 3716 873 3783 ἀνὴρ
923 3713 992 3781 ὃς
1049 3713 1275 3776 ἐλπίζει
1325 3715 1420 3768 ἐπ’
1457 3714 1646 3767 αὐτόν

1808 3717 1862 3767 ui
1893 3725 2065 3783 sperat
2094 3715 2148 3768 in
2177 3731 2259 3770 eo.
2295 3715 2388 3771 Ille
2419 3725 2601 3771 autem
2638 3734 2865 3787 sperare
2901 3719 3105 3774 dicitur
3133 3721 3188 3774 in
3214 3721 3344 3784 Deo,

89 3808 329 3874 Ἐλπίξει
379 3809 436 3862 δὲ
466 3808 731 3860 ὁπάντων
766 3808 1189 3878 καταφρονήσας
1215 3807 1322 3859 τῶν
1369 3805 1666 3875 βιωτικῶν,

88 3904 176 3955 καὶ
212 3902 290 3972 τῷ
349 3901 475 3972 Θεῷ
516 3901 664 3973 μόνῳ
702 3901 1116 3970 προσανέσχων.
1162 3899 1405 3970 Ἑϐραῖοι
1450 3898 1506 3950 δὲ
1575 3896 1671 3950 καὶ

84 3999 168 4050 τὸν
204 3996 464 4068 παρόντα
497 3995 710 4064 ψαλμὸν
756 3994 836 4065 τῷ
891 3995 950 4047 ἐν
1019 3992 1294 4046 Βαϐυλῶνι
1343 3990 1668 4062 δορυαλώτῳ

85 4089 194 4159 λαῷ
214 4088 605 4150 ἀνατιθέασιν,
637 4086 997 4156 ἐπιθυμοῦντι
1028 4085 1122 4138 τοῦ
1161 4087 1218 4137 ὲν
1271 4081 1670 4154 Ἰεροσολύμοις

84 4180 230 4245 ναοῦ,
276 4181 382 4234 καὶ
413 4178 772 4249 μακαρίζοντι
810 4177 938 4240 τοὺς
971 4176 1366 4238 κατοικοῦντας
1404 4177 1462 4227 ὲν
1502 4173 1673 4244 αὑτῶ,

85 4273 176 4323 καὶ
203 4271 563 4342 προτιμῶντι
605 4269 738 4340 μίαν
776 4267 991 4339 ἡμέραν
1032 4268 1130 4338 τῆς
1161 4268 1220 4320 ὲν
1278 4265 1429 4336 αὐτῷ
1469 4265 1676 4336 διατριο

85 4362 182 4432 σῆς
216 4363 377 4433 ὑπὲρ
426 4361 674 4432 χιλιάδας
697 4361 920 4431 ἡμερῶν
945 4359 1046 4422 τὰς
1083 4361 1142 4412 ὲν
1199 4359 1402 4422 ἀλλοις.
1469 4360 1543 4412 Οὐ
1582 4359 1676 4411 δύ-

84 4473 277 4508 νανται
313 4455 378 4508 δὲ
403 4455 579 4508 διόλου
609 4453 948 4524 συμϐιϐάσαι
982 4453 1081 4523 τὴν
1121 4452 1427 4522 ἑρμηνείαν
1484 4450 1674 4506 αὐτοῦ.

1773 3807 1868 3876 qui
1907 3806 2187 3861 mundana
2212 3808 2398 3862 omnia
2428 3809 2685 3878 despicit,
2722 3819 2776 3865 et
2804 3810 2875 3865 ab
2905 3825 2972 3866 eo
3003 3817 3122 3866 solo
3150 3813 3357 3880 depen-

1775 3901 1888 3954 det.
1928 3899 2140 3956 llebrazi
2178 3915 2307 3955 vero
2356 3901 2506 3955 hunc
2541 3901 2814 3970 psalmum
2843 3901 3037 3956 dicunt
3068 3901 3135 3956 ad
3180 3904 3356 3972 capti-

1778 4008 1901 4046 vum
1941 3993 1993 4046 in
2031 3993 2308 4062 Babylone
2341 3985 2598 4062 populu'm
2637 3993 2937 4062 pertinere,
2973 3993 3068 4063 qui
3112 3994 3182 4047 ad
3224 3994 3356 4048 Hic-

1775 4081 2238 4151 rosolymitanum
2322 4082 2585 4151 templum
2649 4082 2916 4138 accedere
2981 4083 3240 4152 optabat,
3304 4095 3358 4137 et

1777 4175 1970 4228 beatos
2004 4188 2101 4228 eos
2133 4187 2326 4228 omnes
2357 4171 2601 4239 dicebat,
2648 4174 2743 4243 qui
2779 4175 2891 4228 illic
2918 4173 3200 4244 degerent.
3250 4173 3357 4241 Qui

1777 4268 1940 4321 etiam
1976 4267 2210 4336 populus
2247 4267 2300 4320 in
2333 4267 2427 4321 illo
2457 4267 2684 4334 templo,
2711 4267 2794 4321 vel
2823 4268 2983 4321 unica
3021 4275 3234 4321 tantum
3268 4269 3362 4323 die

1779 4358 2110 4413 commorari
2166 4359 2475 4422 maluisset,
2532 4372 2696 4426 quam
2745 4358 2878 4411 alibi
2914 4359 2998 4413 vel
3031 4358 3360 4427 longissimo

1779 4452 2045 4520 temporis
2071 4451 2382 4504 intervallo.
2414 4448 2612 4505 Verum
2643 4466 2751 4504 non
2783 4458 3024 4519 possunt
3043 4467 3144 4521 per
3171 4453 3357 4506 omnia

85 4547 155 4599 ra
188 4548 328 4618 γὰρ,
365 4549 471 4612 Εις
493 4545 638 4613 τοὺς
681 4545 901 4610 αἰῶνας
929 4544 1050 4597 τῶν
1079 4543 1309 4598 αἰώνων
1361 4543 1648 4597 αἱνέσουσ

1805 4541 2094 4612 iujusmodi
2127 4542 2528 4610 expositionem
2581 4558 2683 4596 suo
2735 4545 3162 4597 accommodare
3215 4558 3353 4612 pro-

83 4654 177 4703 σε,
207 4639 612 4709 προσίσταται.
655 4636 943 4707 Κατελύθη
968 4636 1024 4689 δὲ
1060 4638 1157 4688 καὶ
1195 4636 1224 4688 ὁ
1263 4636 1388 4698 ναὸς
1415 4635 1509 4688 καὶ
1549 4637 1576 4687 ὁ
1618 4637 1642 4688 ὲ

1805 4635 1992 4698 ιοεὶιο,
2022 4649 2149 4688 cum
2183 4635 2275 4687 illa
2301 4635 2382 4689 eis
2408 4633 2574 4689 verba
2607 4633 3012 4689 adversentur:
3055 4633 3124 4688 In
3158 4636 3359 4691 sa'cula

83 4732 235 4801 αὐτῷ
276 4727 438 4792 αἶνος
470 4746 484 4761 ⁸
509 4729 603 4782 καὶ
636 4729 714 4794 τὸ,
745 4731 850 4794 Εἰς
870 4727 983 4795 τὴν
1009 4721 1265 4782 κοιλάδα
1322 4728 1428 4781 τοῦ
1458 4730 1648 4780 κλαυθ

1811 4727 2097 4782 wculorum
2127 4725 2419 4780 laudabunt
2464 4735 2534 4780 te.
2565 4724 2702 4780 Nam
2743 4733 2796 4779 et
2838 4726 3120 4796 templum,
3162 4735 3216 4782 et
3245 4727 3366 4781 lau-

75 4823 282 4891 μῶν-ος
315 4863 333 4887 ,
371 4823 735 4877 ἀνακόλουθον
787 4825 994 4886 αὐτοῖς,
1030 4824 1124 4875 καλ⁸
1170 4821 1305 4876 ἄλλα
1359 4822 1500 4874 τινά.
1572 4824 1648 4875 Κα

1805 4821 1899 4884 les,
1931 4832 2051 4887 quae
2089 4817 2145 4870 in
2205 4830 2272 4871 eo
2321 4817 2524 4886 templo
2560 4815 2674 4872 Deo
2728 4815 3078 4882 dicebantur,
3110 4818 3364 4872 abierunt

81 4913 193 4984 γὰρ
230 4915 340 4968 καὶ
381 4913 415 4984 ὴ
468 4913 756 4984 ἐπιγραφὴ
824 4913 930 4984 πρὸ
981 4912 1090 4966 τῶν
1131 4911 1309 4965 ἄλλων
1369 4911 1648 4982 ἐμποδίζει

1805 4911 1986 4966 imnia.
2012 4909 2078 4963 Et
2107 4910 2272 4965 verba
2317 4909 2410 4964 illa
2441 4926 2455 4963 :
2481 4907 2546 4964 In
2585 4908 2724 4964 valle
2745 4910 3127 4980 lacrymarum,
3156 4910 3360 4963 nullam

1325 5005 1601 5075 πανταχοῦ
1627 5005 1684 5058 δὲ
1778 5004 1932 5074 juxta
1951 5017 2143 5057 eorum
2167 5001 2568 5072 expositionem
2596 5001 2863 5057 baberent
2886 5002 3360 5072 consequentiam.

78 5097 248 5167 ληνὸν
311 5101 351 5170 ἡ
392 5099 607 5152 Παλαιὰ
661 5099 754 5152 τὸν
796 5102 856 5151 ὲν
900 5097 1296 5168 Ἱεροσολύμοις
1339 5096 1487 5164 λέγει
1533 5097 1648 5147 ναὸν

1805 5096 1848 5150 Et
1882 5095 2046 5150 multa
2089 5095 2192 5149 alia
2226 5107 2482 5166 praeterea
2515 5103 2678 5150 erunt
2707 5093 2955 5150 dissona.
2983 5095 3120 5149 Nam
3153 5103 3207 5148 et
3240 5095 3362 5162 ipsa

76 5191 173 5241 καὶ
206 5191 528 5260 σκήνωμα*
562 5191 658 5242 καὶ
683 5190 744 5244 οὐ
788 5187 1152 5259 σκηνώματα.

1805 5201 1838 5238 n
1871 5186 2064 5254 primis
2082 5185 2370 5254 inscriptio
2386 5183 2732 5248 adversatur,
2757 5202 2878 5254 qua:
2905 5185 3218 5240 Torcularia
3240 5186 3363 5252 plu-

77 5279 184 5332 rali
225 5294 476 5333 ntuuero
505 5278 767 5348 appellat,
820 5293 944 5332 cum
1025 5278 1226 5346 passim
1277 5278 1329 5329 in
1402 5275 1580 5329 Veteri
1655 5272 2032 5339 Testamento,
2087 5277 2352 5345 templum
2437 5275 3027 5345 Hierosolymitanum,
3089 5275 3366 5331 Torcular.

70 5373 376 5444 singulari
435 5387 690 5437 numero,
741 5383 836 5427 aut
877 5371 1296 5426 Tabernaculum
1335 5373 1670 5439 appellatum
1715 5368 1808 5432 sit,
1840 5377 1896 5422 et
1925 5383 2034 5422 non
2074 5369 2394 5436 toreularia,
2427 5377 2523 5421 aut
2561 5369 2941 5421 tabernacula.

69 5470 184 5531 Εἰς
222 5463 301 5516 τὸ
333 5461 510 5530 τέλος
537 5464 660 5530 τοῖς
692 5465 842 5530 υἱοῖς
867 5463 1036 5531 Κορὲ,
1070 5465 1311 5531 ψαλμός
1363 5461 1442 5527 τῷ
1484 5462 1648 5515 Δαϐίέ

2029 5458 2094 5513 ιιι
2128 5459 2284 5528 ﬁnem
2320 5459 2446 5526 ﬁliis
2492 5457 2646 5522 Core,
2683 5457 2917 5524 psalmus
2946 5456 3135 5510 David.

680 5555 972 5607 ‘FAA‘MUS
1000 5555 1120 5606 IlA’.
2248 5549 2572 5606 PSALMUS
2617 5547 2751 5602 LXX
2767 5549 2906 5602 XIV.

147 5653 272 5716 Εἰς
340 5648 408 5701 τὸ
455 5647 630 5712 τέλος
682 5645 778 5698 καὶ
827 5638 979 5706 οὗτος
1039 5644 1129 5695 διὰ
1194 5643 1251 5694 τὸ
1299 5641 1454 5704 τέλος
1491 5641 1648 5693 τῶνέ

1863 5643 1926 5697 In
1969 5644 2126 5710 ﬁnem
2159 5643 2322 5696 etiam
2356 5640 2682 5694 inscribitur
2715 5641 2806 5694 hic
2843 5640 3108 5711 psalmus,
3137 5640 3206 5694 ob
3239 5655 3362 5710 pro-

65 5746 267 5813 τούτῳ
312 5740 689 5812 προφητειῶν.
738 5737 1110 5809 Προαγορεύει
1145 5737 1252 5806 γὰρ
1297 5735 1543 5796 τυπικῶς
1585 5737 1648 5803 μὲ

1805 5736 1996 5789 »ιιοιὶειε
2032 5735 2084 5786 in
2119 5748 2184 5786 co
2213 5742 2526 5793 contentas,
2577 5749 2698 5802 qum
2727 5734 2793 5787 ad
2833 5735 2993 5789 linem
3033 5733 3351 5794 tendebant,

64 5841 139 5892 τὰ
172 5840 292 5908 τῆς
328 5835 646 5906 ἐλευθερίας
692 5833 796 5887 τῶν
842 5834 897 5884 ἐν
942 5831 1220 5883 Βαϐυλῶνι
1271 5826 1632 5898 αἰχμαλώτων

1805 5830 1845 5879 it
1881 5831 1931 5880 in
1969 5828 2136 5893 ligura
2187 5825 2407 5894 quidem
2451 5840 2520 5880 ea
2573 5826 2844 5895 praedicit,
2898 5842 3017 5894 qua:
3054 5826 3120 5878 ad
3170 5825 3354 5892 populi

79 5009 312 5074 Ληνῶν
335 5008 724 5080 πληθυντικῶς
784 5011 1203 5079 μνημονεύουσα
1243 5020 1258 5034 ⁸
