3862 6556
191 449 297 516 373
1351 447 1742 511 COMMENT.
1780 448 1862 508 IN
1903 447 2262 513 PSALMOS.
3353 458 3458 524 874

196 565 285 635 μιν
322 562 381 616 δὲ
430 563 577 635 ήμᾶς
602 564 712 618 ἀπὸ
739 567 835 634 τῆς
889 563 1266 636 αἰχμαλωσίας
1298 562 1432 631 πρὸς
1460 564 1558 634 τὴν
1590 579 1721 636 προτ

1930 577 2031 622 Lum
2064 573 2148 622 est
2183 565 2238 619 in
2275 563 2490 635 psalmo
2537 581 2706 623 mu.
2743 566 3024 627 Converte
3054 577 3239 627 autem
3270 586 3372 631 nos
3427 589 3455 625 a

187 673 287 726 ,ραν
317 656 450 725 εῦγέ
458 673 625 712 νειαν.

1882 657 2210 726 captivitate
2249 655 2304 711 in
2345 656 2640 728 pristinam
2674 657 3028 729 dignitatem.

257 747 355 818 Μὴ
386 751 478 816 εἰς
499 749 646 816 τοὺς
693 748 918 816 αἰῶνας
953 747 1246 821 ὀργισθῇς
1270 747 1435 817 ἡμῖν.
1514 746 1777 801 Ἐνταῦθα

1951 747 2119 804 Vens.
2176 747 2230 802 6.
2283 747 2557 818 Numquid
2608 749 2666 804 in
2711 752 2912 806 sarcula
2963 753 3358 810 irascerisI—
3394 755 3458 811 In

190 841 267 904 sb,
326 842 434 906 Εις
484 841 631 908 τοὺς
679 840 928 908 αἰῶνας,
961 841 1085 894 ἀντὶ
1137 841 1255 908 τοῦ,
1296 841 1387 910 Μὴ
1426 839 1642 908 αἰώνια,
1700 857 1715 910 ε

1936 841 2076 895 ecula
2115 840 2206 896 hic
2259 842 2466 912 posuit,
2517 857 2618 912 pro
2664 841 2962 914 Perpetuo,
2997 860 3095 902 seu
3126 861 3263 916 pro:
3290 845 3461 902 Num-

198 933 404 1002 μακρά.
465 934 626 996 Τινὲς
656 933 713 986 δὲ
741 933 804 987 οῦ
832 933 956 988 κατ’
998 933 1270 1004 ἐρώτησιν
1301 931 1474 986 ταῦτα
1506 931 1723 999 ἀναγινιὲ

1935 934 2012 991 rid
2069 933 2164 990 diu
2218 935 2523 991 irasceris?
2562 934 2794 1002 Quidam
2852 946 3036 993 autem
3104 953 3216 993 non
3249 954 3346 1010 per
3375 941 3460 994 in-

194 1041 434 1092 ακουσιν,
466 1025 582 1080 ἀλλ’
614 1025 826 1096 ἠθικῶς
847 1042 860 1056 °
890 1025 977 1096 Μὴ
1017 1028 1098 1091 εἰς
1134 1026 1262 1090 τοὺς
1291 1026 1494 1088 αἰῶνας
1513 1024 1719 1096 ὀργισθῖ

1938 1029 2313 1099 rrogationem
2367 1030 2472 1086 hoc
2529 1029 2740 1086 dictum
2807 1045 2934 1088 esse
2983 1032 3328 1103 intelligunt,
3405 1045 3459 1088 et

196 1119 344 1186 ἡμῖν.
1882 1124 2177 1180 dictionem
2247 1127 2344 1199 μὴ,
2387 1142 2511 1198 qua
2556 1125 2790 1183 habetur
2833 1129 2889 1183 in
2956 1128 3148 1184 Cra-ca
3218 1129 3460 1184 lectione

197 1224 510 1286 exponunt,
564 1222 625 1270 ut
654 1223 805 1272 recte
843 1215 1014 1270 etiam
1048 1213 1252 1286 exponi
1294 1220 1497 1285 potest,
1557 1228 1658 1284 pro
1690 1229 1782 1281 ne,
1825 1226 1884 1270 ut
1939 1219 2014 1273 sit
2075 1235 2319 1277 sensus:
2375 1220 2455 1277 Ne
2519 1221 2576 1276 in
2621 1231 2948 1294 perpetuum
2999 1224 3170 1280 nobis
3252 1203 3509 1284 irasca'?

190 1323 285 1365 HS.

258 1404 328 1458 Ἦ
356 1401 649 1469 ὄιατενεῖς·
687 1401 805 1471 τὴν
865 1403 1056 1472 ὀργήν
1091 1417 1211 1458 σου
1253 1403 1374 1459 ἀπὸ
1421 1404 1634 1474 γενεᾶς
1693 1407 1781 1470 εἰς

1957 1403 2064 1459 Aut
2122 1403 2368 1458 extendes
2417 1405 2556 1460 iram
2588 1413 2734 1458 tuam
2771 1422 2804 1459 a
2839 1406 3177 1476 generatione
3226 1406 3280 1460 in
3309 1423 3464 1478 gene-

192 1494 438 1564 reredr;
477 1495 551 1548 Τὸ
602 1495 735 1550 αὐτὸ
769 1495 930 1550 πάλιν
957 1498 1150 1568 φησίν.
1185 1498 1292 1564 Εἰς
1316 1499 1533 1567 γενεὰν
1553 1498 1631 1564 δὲ,
1660 1499 1717 1552 ἀν

1936 1497 2203 1552 itionem?
2264 1477 2428 1551 Idem.
2464 1511 2658 1553 rursus
2687 1496 2906 1568 repetit.
2964 1495 3028 1552 In
3067 1477 3461 1568 generationem

191 1587 303 1651 τοῦ,
350 1587 500 1648 Ἕως
557 1589 752 1656 γενεᾶς
796 1587 985 1660 ἄλλης.
1039 1589 1272 1660 Εἰρηται⁹
1315 1589 1372 1642 δὲ
1413 1591 1542 1660 περὶ
1588 1590 1716 1644 τούτ

1936 1600 2076 1646 atem
2115 1589 2275 1656 dixit,
2331 1604 2432 1659 pro
2479 1605 2656 1658 usque
2683 1590 2748 1644 ad
2804 1590 2964 1644 altam
3002 1591 3411 1662 generationem
3445 1613 3461 1657 δ

192 1697 248 1733 νν
269 1678 348 1749 τῷ
372 1679 418 1733 0'
447 1679 674 1752 ψαλμῷ.
730 1681 1033 1749 Διατενεῖς
1060 1681 1140 1746 δὲ,
1189 1682 1312 1735 ἁντί
1358 1682 1475 1750 τοῦ,
1526 1683 1717 1754 Παρατ

1934 1702 1957 1740 ε
1997 1700 2107 1755 quo
2145 1686 2202 1739 in
2239 1700 2293 1739 rx
2331 1684 2544 1756 psalmo
2573 1684 2782 1739 dictum
2811 1692 2915 1750 est,
2950 1693 3004 1739 et
3039 1683 3330 1752 Extendes,
3358 1700 3459 1756 pro

201 1775 322 1829 δεῖς.

1888 1777 2212 1835 Protendes.

271 1864 329 1915 '0
363 1865 533 1930 Θεὸς,
578 1864 660 1919 σὺ
697 1865 1073 1936 ἐπιστρέψας
1113 1865 1365 1932 ζωώσεις
1400 1864 1581 1936 ἡμᾶς.
1620 1865 1776 1918 Ἐπι-

1960 1871 2128 1928 Vens.
2163 1873 2214 1928 7.
2248 1871 2416 1938 Deus,
2452 1879 2509 1925 tu
2535 1879 2838 1926 convertens
2863 1868 3148 1941 viviﬁcabis
3177 1886 3290 1924 nos.
3322 1870 3467 1925 Con-

195 1955 433 2025 στρέψας
459 1958 610 2027 ἡμᾶς
639 1957 703 2009 οὐ
738 1958 899 2027 μόνον
959 1959 1068 2011 ἀπὸ
1092 1958 1192 2028 τῆς
1230 1957 1612 2029 αἰχμαλωσίας
1639 1957 1720 2011 ἁλί

1938 1971 2110 2019 :rtens
2145 1977 2246 2018 nos
2281 1961 2544 2017 nimirum
2578 1977 2609 2014 a
2639 1961 2964 2032 captivitate
3022 1959 3086 2013 all
3125 1958 3463 2021 liber-tatem,

193 2051 284 2104 καὶ
309 2051 424 2104 άπδ
481 2051 590 2105 τῶν
645 2051 1083 2123 ἁμαρτημάτων.
1118 2052 1190 2104 Ἦ
1235 2051 1352 2116 καὶ,
1407 2049 1718 2120 Ἐπιστρέψε

1938 2070 2054 2127 .que
2101 2070 2130 2108 a
2159 2055 2312 2110 vitiis
2346 2055 2414 2110 ad
2448 2054 2716 2120 virtutes;
2747 2055 2831 2109 vel
2868 2054 2886 2125 (
2915 2053 3042 2122 quia
3073 2050 3265 2107 Crrzeea
3286 2049 3463 2105 dictio

195 2148 258 2198 σὺ
294 2144 437 2214 πρὸς
472 2145 644 2214 ἡμᾶς,
670 2143 762 2206 οὓς
795 2144 1179 2215 ἀπεστράφης.
1229 2142 1500 2208 Ζωώσεις
1538 2143 1616 2206 δὲ,
1657 2142 1720 2194 ἅν

1940 2144 2233 2218 τιστρίψας
2276 2145 2335 2202 in
2404 2153 2643 2217 utroque
2704 2151 2886 2214 potest
2943 2160 3108 2201 sensu
3155 2141 3354 2214 accipi.
3411 2153 3465 2197 et

194 2234 312 2299 τοῦ,
351 2236 616 2300 Ζωώσαις
638 2236 774 2307 πρὸς
803 2235 1028 2308 ἀρετὴν,
1047 2235 1490 2307 νενεκρωμένους
1506 2235 1609 2306 ήδη
1638 2250 1719 2304 πρε

1941 2237 1993 2308 gi
2040 2238 2205 2293 etiam
2254 2245 2478 2308 potest:
2533 2237 2669 2292 Deus
2710 2245 2767 2290 tu
2825 2235 3130 2307 conversus)
3194 2235 3464 2296 dicamus,

151 2364 167 2405 Ξ
196 2327 464 2397 ἐργασίαν
485 2329 677 2400 αὐτῆς.

1944 2345 2035 2385 eus
2064 2337 2124 2386 tu
2164 2345 2468 2386 conversus
2527 2329 2597 2385 ad
2635 2345 2743 2386 nos
2773 2346 2789 2396 ι
2825 2340 2986 2384 antea
3037 2328 3186 2385 enim
3241 2343 3469 2383 aversus

198 2434 323 2474 eras
382 2421 631 2478 anobis.
676 2420 1004 2492 Viviﬁcabis,
1050 2421 1156 2477 hoc
1183 2431 1292 2488 est,
1347 2423 1503 2479 vivos
1569 2437 1673 2478 nos
1719 2420 1916 2478 reddes
1964 2424 2030 2478 ad
2073 2438 2238 2494 opera
2299 2423 2584 2479 virtutum.
2667 2421 2803 2478 Nam
2873 2430 3036 2479 antea
3090 2420 3157 2476 ad
3189 2436 3252 2478 ca
3328 2435 3468 2492 pene

197 2511 401 2565 mortui
454 2525 696 2568 eramus.

262 2603 375 2655 Kal
401 2603 436 2656 ὁ
465 2603 618 2671 λαός
638 2619 758 2673 μου
786 2603 1271 2674 εὐφρανθήσεται
1294 2605 1394 2659 ἐπὶ
1432 2607 1556 2660 σοι.
1586 2604 1781 2676 Τυχὼν

1963 2600 2030 2655 Et
2065 2601 2290 2672 populus
2324 2610 2444 2656 tuus
2465 2600 2738 2656 (relabitur
2759 2601 2816 2656 in
2845 2609 2915 2658 te.
2945 2599 3274 2672 Huiusmodi
3308 2603 3468 2659 scili-

199 2695 539 2766 ἐπιστροφῆς
564 2697 845 2768 τοιαύτης.

1888 2705 1978 2754 cet
2004 2696 2422 2750 conversionem
2466 2703 2820 2750 consecutus.

266 2786 482 2849 Δεῖξον
522 2787 688 2856 ἡμῖν,
722 2790 922 2859 Κύριε,
953 2790 1021 2844 τὸ
1065 2790 1239 2858 ἔλεός
1275 2788 1552 2854 σου,.καὶ
1579 2788 1642 2842 τὸ
1663 2805 1783 2842 σω-

1965 2784 2128 2841 Vens.
2160 2785 2214 2840 8.
2269 2784 2498 2840 Ostende
2543 2785 2718 2849 nobis,
2777 2784 3018 2851 Domine,
3050 2785 3468 2841 misericordiam

198 2878 412 2948 τήριόν
451 2898 570 2934 σου
624 2879 784 2949 δῷης
827 2883 994 2953 ἡμῖν.
1077 2884 1159 2937 Τὰ
1209 2883 1461 2938 ἐντεῦθεν
1520 2883 1650 2954 περὶ
1691 2899 1721 2936 τ

1944 2896 2064 2944 :am,
2095 2889 2145 2934 et
2185 2878 2422 2932 salutare
2467 2888 2616 2932 tuum
2653 2878 2724 2932 da
2758 2879 2930 2933 nobis.
2971 2877 3099 2934 Haec
3149 2888 3203 2935 et
3232 2894 3354 2951 qua
3383 2895 3469 2937 se-

199 2973 441 3043 Χριστοῦ
475 2973 926 3045 διαλαμϐάνουσι.
961 2977 1282 3047 Παρακαλεῖ
1313 2977 1466 3046 γὸ.ρό
1494 2977 1724 3046 Προφήτε

1941 2979 2148 3025 nuntur
2189 2971 2257 3024 de
2291 2970 2514 3026 Christo
2539 2970 2902 3041 intelligenda
2931 2978 3086 3026 sunt.
3116 2969 3292 3043 Rogat
3318 2970 3466 3027 enim

199 3067 291 3118 τὸν
317 3067 543 3138 Πατέρα
597 3065 882 3139 προσώπῳ
924 3069 1018 3122 τοῦ
1058 3068 1216 3134 λαοῦ,
1241 3068 1336 3123 τοῦ
1377 3070 1664 3140 μέλλοντος
1698 3087 1724 3121 11

1942 3063 2170 3132 ropheta
2206 3061 2374 3117 Deum
2411 3062 2626 3118 Patrem
2681 3079 2749 3118 ex
2786 3064 2963 3120 fidelis
2995 3064 3180 3134 pOpu'li
3209 3079 3467 3134 persona,

203 3157 723 3228 στεῦσαι,‹φανῆναι
780 3159 872 3212 τὸν
927 3160 1194 3232 Χριστόν·
1237 3160 1422 3212 τοῦτον
1472 3159 1581 3231 γὰρ
1633 3158 1728 3213 καλ

1942 3161 1956 3206 t
2006 3153 2286 3218 Christus,
2353 3169 2514 3223 quem
2549 3163 2603 3208 et
2657 3155 3100 3210 misericordiam
3129 3153 3257 3220 ‘Dei,
3283 3161 3337 3210 et
3370 3153 3467 3210 Dei

201 3252 353 3316 ἕλεος
390 3253 551 3318 Θεοῦ,
583 3253 678 3307 καὶ
712 3256 980 3326 σωτήριον
1012 3255 1148 3308 Θεοῦ
1172 3255 1319 3334 ;ὂτι,
1353 3255 1582 3326 ἐλεήσας
1614 3255 1726 3324 mla

1939 3246 2137 3300 ululare
2184 3244 2445 3315 appellat,
2484 3244 2590 3300 sihi
2649 3247 2996 3300 ostendatur.
3021 3245 3464 3302 Misericordiam

201 3340 649 3412 ἐνηνορώπησεν,
686 3343 775 3398 ἵνα
825 3343 972 3416 σώσῃ
1027 3347 1198 3416 ἡμᾶς,
1253 3345 1348 3398 καὶ
1409 3346 1494 3399 ὅτι
1539 3345 1726 3415 ὲλεήμ(

1940 3350 2074 3396 item
2126 3349 2182 3395 et
2222 3342 2470 3396 salutare
2522 3340 2646 3396 ideo
2679 3357 2803 3397 eum
2856 3343 3178 3412 appellavit,
3207 3343 3334 3413 quia
3359 3344 3465 3398 mi-

202 3434 344 3499 ἐστὶ,
376 3434 476 3487 καὶ
507 3435 700 3508 Σωτήρ
727 3452 740 3466 ο
783 3436 932 3500 ἔλεος
965 3437 1024 3490 δέ
1053 3455 1146 3492 σου
1202 3437 1298 3492 καὶ
1349 3437 1620 3507 σωτήριόν
1651 3453 1727 3489 σοι

1940 3433 2192 3490 :ricordia
2259 3440 2448 3488 motus
2502 3441 2608 3497 est,
2660 3442 2718 3488 ut
2769 3450 2988 3490 carnem
3024 3445 3350 3501 assumeret,
3409 3446 3465 3492 et

201 3521 316 3580 οἷον
335 3529 422 3582 ὅτι
449 3527 508 3580 τὸ
539 3528 690 3594 ἔλεος
719 3533 779 3584 τὸ
810 3531 961 3601 παρὰ
1022 3530 1117 3585 σοῦ
1137 3546 1153 3562 ⁶
1206 3531 1301 3585 καὶ
1331 3529 1390 3584 τὸ
1424 3530 1691 3601 σωτήριον
1719 3546 1726 3563 ε

1940 3542 1998 3583 os
2058 3527 2317 3581 salvaret.
2377 3525 2535 3582 Unde
2591 3535 2644 3581 et
2697 3526 3038 3595 misericors,
3112 3538 3167 3584 et
3207 3527 3465 3583 Salvator

203 3620 362 3691 παρὰ
397 3619 494 3674 σοῦ
523 3620 618 3675 τοῦ
655 3622 890 3693 Πατρός.
930 3622 1134 3686 Δώσεις
1156 3622 1213 3678 δὲ
1243 3624 1395 3694 ήμῖν,
1414 3620 1728 3676 ὃτιΠαιδιοπ

1940 3620 2090 3676 ιετίιο
2107 3621 2436 3692 appellatur,
2469 3619 2908 3677 Misericordiam
2941 3637 3074 3677 vero
3103 3629 3278 3687 tuam,
3301 3623 3465 3692 Deus,

203 3712 394 3782 φησὶν,
436 3712 732 3783 ἐγεννήθη
759 3713 926 3782 ἡμῖν,
949 3713 1047 3768 καὶ
1075 3714 1206 3780 υίὸς
1226 3713 1409 3783 ἐδόθη
1445 3712 1611 3782 ἡμῖν.

1941 3752 1945 3767 .
1985 3715 2227 3770 salutare
2262 3723 2416 3770 tuum
2457 3715 2606 3770 hunc
2660 3713 2918 3780 dicimus,
2970 3715 3102 3786 quia
3153 3715 3466 3771 misericor-

202 3802 354 3856 diam
411 3801 584 3870 illam,
617 3815 670 3858 et
711 3804 955 3860 salutare
989 3805 1120 3860 illud
1155 3805 1415 3874 petimus,
1471 3803 1620 3875 quod
1647 3819 1676 3858 a
1712 3812 1766 3858 te
1803 3812 1910 3862 est.
1965 3806 2050 3861 Ad
2080 3807 2298 3862 Patrem
2351 3808 2494 3863 enim
2533 3809 2775 3880 loquitur
2835 3806 3139 3878 Propheta.
3193 3807 3278 3864 Tu
3338 3823 3466 3864 vero

202 3892 346 3948 illud
405 3894 570 3950 nobis
595 3895 774 3963 dabis,
796 3895 943 3966 quod
989 3897 1251 3967 petimus,
1282 3899 1356 3951 ita
1391 3905 1451 3952 ut
1482 3895 1784 3967 aliquando
1824 3910 2025 3954 canere
2055 3899 2337 3968 possimus
2361 3915 2489 3958 cum
2515 3897 2830 3974 Propheta:
2865 3899 3005 3955 Puer
3060 3912 3217 3954 natus
3258 3911 3335 3955 est
3373 3917 3463 3956 uo-

201 3983 308 4050 bis,
335 3993 386 4040 et
411 3986 559 4054 ﬁlius
597 3987 755 4042 datus
772 3997 852 4042 est
883 3988 1032 4044 nobis
1089 3988 1154 4044 ⁸³.

288 4101 657 4171 Ἀκούσομαι
677 4102 735 4155 τί
764 4101 1029 4170 ,λαλήσει
1053 4103 1123 4157 ἐν
1149 4103 1280 4174 ἐμοί
1311 4104 1530 4170 Κύριος
1549 4106 1583 4158 ὁ
1617 4103 1784 4169 Θεός.

1964 4101 2129 4158 Vsus.
2161 4101 2216 4156 9.
2257 4102 2489 4154 Audiam
2536 4102 2665 4170 quid
2713 4102 2966 4173 loquatur
3009 4102 3066 4157 in
3099 4119 3180 4157 me
3214 4103 3465 4158 Dominus

198 4193 545 4262 Δίσθόμενος
603 4195 895 4258 ἐπιπνοίας
948 4195 1098 4261 θείας
1140 4197 1168 4249 ὁ
1231 4198 1546 4269 Προφήτης,
1606 4213 1721 4269 παρ

1934 4205 2051 4253 leas.
2115 4195 2364 4249 Divinam
2397 4192 2670 4264 Propheta
2735 4195 3099 4265 spirationem
3147 4205 3313 4266 atque
3368 4213 3459 4252 auo

201 4283 470 4348 σκευάζει
518 4286 710 4340 ἑαυτὸν
750 4288 830 4350 εἰς
856 4287 918 4341 τὸ
961 4287 1217 4342 ἀκοῦσαι.
1259 4291 1364 4343 Ἑν
1390 4289 1523 4360 ἐμοὶ
1547 4289 1605 4342 δὲ
1639 4284 1726 4342 eia

1940 4306 2009 4342 un
2069 4289 2123 4342 in
2160 4303 2220 4342 se
2245 4287 2665 4342 adventaturam
2707 4287 2974 4352 sentiens,
3020 4288 3091 4342 ad
3133 4289 3465 4344 audiendum

199 4379 427 4442 δεικνὺς
456 4380 540 4433 ὃτι
562 4380 664 4433 οὐκ
685 4381 792 4448 ἔξω
816 4380 1067 4453 λαλήσει,
1095 4382 1209 4436 ἀλλ’
1241 4381 1411 4450 ἔνδον,
1464 4384 1545 4446 εἰς
1571 4381 1638 4438 τὰ
1674 4376 1724 4437 ὦ

1938 4390 2262 4450 raeparatur.
2315 4377 2468 4444 Quod
2499 4378 2574 4431 ait
2607 4396 2620 4432 :
2671 4377 2816 4443 Quid
2846 4379 3100 4448 loquatur
3151 4383 3202 4434 in
3232 4398 3312 4435 me
3335 4425 3350 4450 ,
3383 4382 3463 4437 di-

204 4470 306 4542 τῆς
347 4471 553 4543 ψυχῆς.
1899 4480 2045 4528 ctum
2075 4483 2158 4526 est
2202 4480 2263 4524 ut
2296 4471 2632 4531 ostenderet.
2677 4469 2826 4541 quod
2887 4470 3033 4525 Deus
3067 4487 3177 4526 non
3209 4473 3260 4526 iu
3311 4482 3464 4530 exte-

1899 4565 2074 4620 riores
2109 4564 2377 4634 corporis,
2414 4562 2511 4619 sed
2539 4563 2592 4616 in
2629 4562 2926 4618 interiores
2959 4566 3155 4620 anima:
3187 4580 3355 4623 aures
3383 4569 3463 4624 lo-

1899 4666 2134 4711 cuturus
2165 4664 2306 4710 erat.

275 4747 417 4800 Ὅτι
445 4745 710 4814 λαλήσει
743 4743 992 4813 εἰρήνην
1043 4744 1142 4798 ἐπὶ
1211 4743 1320 4798 τὸν
1378 4743 1534 4800 λαὸν
1575 4744 1789 4810 αὐτοῦ,

1977 4748 2242 4814 Quoniam
2282 4748 2523 4817 loquetur
2575 4763 2755 4817 pacem
2807 4763 2964 4818 super
3003 4749 3250 4818 populum
3283 4767 3463 4815 suum,

200 4841 303 4895 καί
333 4839 439 4893 ἐπὶ
499 4811 643 4904 τοῦς
697 4811 911 4904 dolatu;
942 4811 1170 4903 αὑτοῦ,
1211 4837 1311 4892 καί
1355 4838 1456 4892 ἐπί
1487 4837 1630 4904 τοὺς
1663 4837 1725 4890 ἐπ

1937 4847 1949 4891 ἰ
1999 4853 2153 4906 super
2199 4847 2410 4893 sanctos
2455 4854 2602 4904 suos,
2654 4846 2704 4891 et
2761 4837 2954 4904 ineas,
3013 4841 3104 4909 qui
3157 4853 3462 4897 convertunt

197 4935 588 5001 στρέφοντας
650 4930 907 5000 καρδίαν
945 4929 1040 4985 ἐπ’
1081 4933 1293 4985 αὐτόν.
1356 4931 1722 5001 Ἀκούσομαιέ

1936 4932 2065 4985 orda
2103 4945 2201 4984 sua
2239 4929 2470 4984 adeum.
2497 4928 2752 4993 Audiam,
2781 4929 2980 4999 inquit,
3013 4928 3146 4999 quid
3183 4929 3461 5000 loquetur.

202 5024 382 5094 φησιν
406 5063 421 5086 ,
455 5026 484 5078 ὅ
511 5042 564 5077 τι
604 5023 853 5094 λαλήσει.
909 5024 1052 5077 Διότι
1102 5024 1326 5096 λαλήσει
1359 5025 1576 5088 πάντως
1615 5024 1727 5077 εἴτο

1936 5023 2136 5078 nnnino
2189 5022 2334 5076 enim
2394 5021 2648 5092 loquetur
2697 5016 2864 5086 Deus,
2907 5029 3073 5092 atque
3119 5021 3461 5091 evangeliea-

198 5114 629 5183 εέαγγελίσεται
685 5115 911 5184 εἰρήνην
945 5114 1037 5166 ἐπὶ
1061 5115 1154 5168 τὸν
1181 5113 1310 5168 λαὸν
1340 5114 1504 5168 αὐτοῦ
1525 5153 1540 5178 ,
1566 5113 1662 5167 καὶ
1699 5113 1723 5166 ὖ

1923 5115 1975 5170 iit
2021 5130 2208 5186 pacem
2249 5115 2450 5185 populo
2484 5129 2604 5170 suo.
2655 5112 2718 5168 Et
2753 5127 2883 5167 vere
2920 5111 3142 5182 quidem
3208 5113 3448 5181 populus

199 5225 314 5271 τως
334 5208 370 5259 ὸ
403 5206 532 5269 λαὸς
561 5205 726 5258 αὑτοῦ
756 5207 978 5276 εἰρήνην
1021 5206 1136 5276 ἔχει
1170 5205 1402 5261 πάντοτε
1441 5207 1576 5275 πρός
1608 5222 1668 5258 τε
1699 5222 1724 5257 τ

1925 5209 1991 5262 Dei
2039 5216 2094 5262 et
2122 5223 2307 5262 secum
2367 5209 2520 5278 ipse,
2557 5217 2766 5262 etcum
2818 5205 2931 5261 Deo
2995 5220 3214 5274 semper
3261 5219 3450 5274 pacem

197 5300 338 5353 Θεὸν
377 5299 474 5351 καὶ
503 5299 639 5368 πρὸς
680 5299 872 5351 ἑαυτὸν
903 5337 918 5366 ,
975 5299 1164 5368 ὥσπερ
1223 5293 1377 5361 αὖθις
1433 5297 1613 5367 μάχην
1655 5314 1722 5368 πρ

1931 5299 2077 5366 ahet,
2134 5301 2297 5355 sicuti
2345 5309 2560 5365 contra,
2602 5297 2745 5352 idem
2806 5297 3044 5368 populus
3075 5312 3297 5366 semper
3350 5312 3452 5366 pu-

195 5392 331 5453 τοῦς
357 5391 586 5460 ἐχθροὺς
619 5390 714 5444 τοῦ
743 5390 900 5455 Θεοῦ,
927 5391 1018 5444 τόν
1051 5407 1110 5444 τε
1140 5389 1372 5460 δαίμονα
1401 5391 1496 5444 καὶ
1530 5393 1654 5453 τοὺς
1690 5407 1720 5442 τ

1930 5410 2051 5449 nam
2112 5410 2174 5447 ac
2251 5393 2456 5448 bellum
2509 5391 2677 5444 habet
2727 5405 2850 5443 cum
2897 5389 3164 5454 daemone,
3215 5397 3270 5443 et
3322 5405 3449 5445 cum

188 5483 478 5552 δαίμονος.
513 5484 650 5547 Τοὺς
696 5483 898 5548 αὐτοὺς
938 5484 995 5538 δὲ
1022 5483 1250 5538 ἐκάλεσε
1305 5485 1434 5537 λαὸν
1495 5483 1654 5548 Θεοῦ,
1691 5503 1713 5536 ν

1929 5487 2164 5542 niversis
2213 5485 2304 5555 qui
2360 5483 2620 5538 daemonis
2671 5481 2856 5548 amici,
2921 5493 3014 5536 aut
3069 5481 3180 5537 Deo
3240 5481 3450 5537 inimici

190 5574 409 5638 ὁσίους,
445 5577 745 5639 τουτέστιν,
780 5574 1206 5644 άφωσιωμὲνους
1228 5573 1378 5645 αὐτῷ
1411 5575 1504 5627 καὶ
1525 5577 1715 5643 ἐπιστρ

1924 5587 2030 5631 unt.
2102 5576 2336 5634 Eosdem
2419 5583 2600 5628 autem
2664 5571 2852 5628 ﬁdeles
2934 5581 2988 5628 et
3040 5573 3295 5644 papulum
3356 5573 3449 5628 Dei

188 5681 403 5736 φοντας
428 5666 516 5719 ἐπ’
545 5667 708 5722 αὐτὸν
764 5669 865 5739 τήν
902 5668 1115 5722 ἑαυτῶν
1163 5667 1414 5738 καρδίαν,
1478 5669 1649 5739 inquit
1679 5686 1713 5720 τη

1924 5671 2198 5740 ppellavit,
2245 5679 2300 5725 et
2351 5675 2595 5733 sanctos,
2661 5667 2765 5720 hoc
2814 5675 2920 5730 est,
2953 5667 3350 5734 sanctitieatos,
3383 5681 3444 5720 ac

305 5916 352 5948 ¹³
383 5915 492 5972 lsa.
533 5929 609 5980 Ix,
643 5913 696 5969 6.
757 5917 760 5921 ’

523 6007 792 6068 ΡΑτιιοῐ..
857 6003 973 6065 Gn.
1020 6003 1340 6067 CXXVIII.

2969 6001 3045 6066 28
