3862 6538
230 464 325 526 877

1385 453 1774 518 COMMENT.
1818 451 1899 514 IN
1930 451 2287 513 PSALMOS.
3361 445 3468 512 878

227 577 567 649 στραμμένος
606 577 693 632 διὰ
717 578 775 632 τὸ
802 574 1256 647 κατακεχυμένον
1305 566 1401 643 τῆς
1427 570 1533 640 γῆς
1564 566 1757 638 ψεῦδος
1775 578 1793 597 ⁸

1908 566 2207 635 prospexit,
2249 578 2372 620 cum
2402 573 2561 620 antea
2594 564 2665 619 ob
2692 563 3043 619 mendacium
3078 561 3225 632 quod
3264 562 3317 616 in
3346 563 3469 616 uni-

223 674 306 725 xal.
334 671 650 743 κατηλλάγη
681 673 747 726 τὰ
772 671 888 735 ἄνω
916 674 1029 735 τοῖς
1057 670 1227 724 κάτω.

285 943 393 998 Καὶ
425 941 536 1011 γὰρ
567 943 601 995 ό
621 941 839 1009 Κύριος
858 938 1039 993 δώσει
1069 937 1470 1007 χρηστότητα,
1514 932 1615 986 καὶ
1642 931 1681 998 ἡ
1712 928 1789 998 τῆ

221 1034 386 1106 ἡμῶν
412 1034 593 1090 δώσει
612 1035 721 1088 τὸν
753 1034 990 1103 καρπὸν
1009 1030 1219 1098 αὐτῆς.
1255 1028 1399 1101 Ὅρα
1427 1025 1547 1089 πῶς
1574 1027 1602 1079 6
1628 1022 1795 1077 Δαδὶδ

220 1130 276 1181 ὲν
305 1126 508 1198 βεϐαίῳ
574 1125 961 1197 προαγορεύει,
1002 1126 1085 1178 ὃτι
1141 1125 1170 1177 6
1230 1123 1329 1193 μὲν
1384 1118 1575 1190 Πατὴρ
1629 1115 1794 1170 δώσει

220 1222 329 1285 τοῖς
361 1219 676 1291 ἀνθρώποις
698 1219 790 1272 τὸν
815 1218 945 1273 Υίὺν
970 1216 1160 1282 αὑτοῦ,
1192 1216 1252 1280 ὃς
1282 1216 1401 1267 ἐστι.
1436 1211 1747 1283 χρηστότης
1775 1224 1791 1239 ⁸

224 1312 435 1379 Οὐδεὶς
457 1312 568 1383 γὰρ
619 1312 843 1380 ἀγαθὸς
875 1313 926 1365 sl
970 1308 1057 1380 μὴ
1091 1303 1176 1375 εἷς
1200 1310 1234 1363 ό
1265 1306 1433 1373 Θεός.
1480 1304 1592 1359 Καὶ
1624 1303 1733 1376 γὰρ
1765 1301 1795 1354 6

220 1402 513 1472 Σύμμαχος
552 1400 665 1456 Τὸν
689 1399 915 1472 ἀγαθὸν
944 1396 1117 1455 εἶπεν.
1152 1398 1222 1454 Ἦ
1244 1397 1313 1451 δὲ
1345 1397 1423 1467 τῆ
1464 1395 1646 1450 δώσει
1688 1394 1796 1448 τὸν

219 1494 454 1561 καρστεν
489 1491 708 1561 αὐτῆς,
729 1491 858 1556 τοὺς
892 1490 1227 1554 ἀποστόλους
1251 1489 1517 1559 δηλονότι,
1546 1486 1643 1542 καὶ
1669 1486 1797 1549 τοὺς

219 1586 411 1649 ἄλλους
442 1586 690 1649 πιστοὺς,
760 1585 869 1638 ἀπὸ
918 1584 1017 1654 τῆς
1061 1582 1319 1647 Ἰουδαίας
1367 1580 1793 1653 βλαστήσαντας.

228 1678 629 1750 ’Λπλούστερον
657 1679 713 1732 δὲ
765 1679 964 1743 εἰπεῖν,
998 1677 1092 1730 τοῦ
1132 1673 1371 1746 Χριστοῦ
1417 1672 1796 1744 γεννηθέντος,

218 1771 423 1842 Κύριος
475 1772 638 1826 δώσει
693 1770 842 1833 ἕλεος
880 1772 992 1832 τοῖς
1021 1768 1329 1839 ἀνθρώποις
1350 1782 1364 1799 ·
1396 1754 1498 1821 καὶ⁵
1540 1764 1729 1820 λοιπὸν
1762 1766 1796 1835 ἠ

218 1864 287 1935 γῆ
325 1865 459 1918 πᾶσι
488 1864 722 1933 καρποῖς
748 1862 1053 1934 εὐθυνήσει.

191 2124 198 2159 ᾗ
286 2159 654 2227 Δικαιοσύνη
719 2156 985 2212 ἐνώπιον
1039 2156 1229 2211 αὑτοῦ
1294 2152 1793 2223 προπορεύσεται.

219 2253 577 2324 Δικαιοσύνην
643 2251 883 2306 ἐνταῦθα
933 2251 1084 2320 λέγει
1129 2250 1228 2320 τὴν
1269 2250 1453 2303 πᾶσαν
1480 2242 1800 2320 ἀρετὴν,ἦς

183 2347 278 2413 ,τὸ
306 2346 448 2415 φῶς,
487 2344 963 2415 προπορευόμενον
1021 2342 1117 2396 καὶ
1158 2341 1556 2409 ἀπαστράπτον
1603 2338 1795 2405 αὑτοῦ,

216 2440 371 2510 δίκην
398 2437 679 2509 λαμπάδος
712 2436 1060 2490 ἀπεδείκνυεν
1120 2434 1285 2489 αὐτὸν
1307 2435 1420 2496 τοῖς
1464 2431 1794 2503 ἀνθρώποις.

290 2705 402 2763 Kal
455 2706 629 2774 θήσει
668 2708 755 2772 εἰς
804 2705 948 2761 ὁδὸν
973 2704 1046 2759 τὰ
1073 2703 1401 2773 διαδήματα
1445 2702 1653 2759 αὐτοῦ.
1688 2703 1799 2757 Καὶ

218 2799 409 2855 λοιπὸν
441 2802 470 2854 6
496 2799 729 2870 Χριστὸς
754 2799 821 2851 τὰ
859 2798 1177 2869 διαδήματα
1201 2796 1389 2864 αὑτοῦ,
1418 2796 1670 2867 τουτέστι
1697 2797 1800 2867 τὴν

218 2893 477 2964 ἐνάρετον
524 2893 641 2946 ὁδξιν
699 2890 765 2963 ἣν
805 2892 967 2955 αὐτὸς
1020 2892 1181 2959 ἔτεμε
1236 2892 1330 2944 καὶ
1358 2889 1595 2957 ἐϐάδισε,
1642 2889 1799 2962 Θήσει

220 2990 300 3052 είς
338 2984 399 3039 τδ
441 2979 579 3039 εῖναι
610 2981 726 3038 ὁδὸν
753 2984 866 3048 τοῖς
892 2985 1261 3055 Χριστιανοὶτ,
1291 2982 1359 3038 δι’
1388 2977 1457 3055 ἦς
1490 2978 1799 3054 βαδίζοντες

218 3079 523 3134 ἀνέλθωσιν
560 3076 640 3141 είς
669 3076 760 3131 τὸν
782 3076 967 3131 αὐτόν.
995 3076 1152 3129 Ἔστι
1180 3076 1236 3129 δὲ
1263 3075 1356 3129 καὶ
1382 3075 1560 3137 ἄλλως
1599 3076 1794 3129 εἰπεῖν·

221 3174 345 3227 Ὀτι
374 3176 403 3226 6
428 3171 734 3243 πρόδρομος
785 3169 1055 3239 Ἰωάννης,
1084 3168 1143 3222 ὃν
1174 3168 1437 3223 ἐκάλεσεν
1458 3170 1486 3221 6
1508 3168 1674 3221 Aa6l6
1702 3166 1797 3220 νῦν

1897 672 2111 713 versam
2135 666 2253 712 erat
2285 665 2489 711 terram
2519 656 2801 723 dilIusum,
2835 671 2865 710 a
2897 656 3059 713 nobis
3094 656 3354 711 omnibus
3380 672 3471 710 es-

1896 759 1980 805 set
2007 764 2257 807 aversus.
2318 749 2566 815 Superna
2603 751 2769 821 igitur
2830 762 2959 807 tunc
3016 758 3179 820 atque
3224 750 3471 806 cmlestia

1896 839 2253 896 inferioribus
2291 856 2356 897 ac
2396 841 2689 898 mundanis
2717 851 2846 898 sunt
2887 842 3204 897 conciliata.

1966 932 2136 989 Vens.
2170 935 2258 989 15.
2299 934 2504 989 Etenim
2554 935 2814 990 Dominus
2862 934 3011 989 dabit
3055 934 3367 999 bonitatem,
3423 944 3473 989 et

1897 1036 2039 1083 tena
2074 1037 2259 1082 nostra
2287 1028 2437 1082 dabit
2463 1030 2698 1099 fructum
2732 1045 2911 1083 suum.
2959 1027 3097 1084 Vide
3134 1043 3299 1099 quam
3337 1042 3474 1083 con-

1898 1128 2113 1176 stanter
2154 1119 2420 1190 pradicat
2470 1120 2632 1175 nobis
2661 1120 2857 1176 beatus
2888 1120 3086 1185 David,
3130 1120 3277 1190 quod
3312 1118 3474 1174 Pater

1897 1213 2126 1267 daturus
2150 1220 2300 1268 esset
2326 1210 2522 1266 Filium
2557 1228 2716 1268 suum
2748 1212 3085 1267 hominibus.
3125 1211 3228 1265 Per
3256 1211 3473 1265 bonita-

1899 1313 2008 1359 tem
2035 1305 2183 1359 enim
2222 1305 2359 1360 nihil
2398 1305 2550 1359 aliud
2599 1305 2907 1377 intelligere
2944 1319 3265 1375 possumus,
3306 1317 3472 1375 quam

1898 1396 2078 1466 ipsum
2113 1396 2304 1452 Deum.
2333 1394 2537 1451 Nullas
2567 1400 2737 1461 enim,
2766 1400 2964 1469 inquit,
2991 1400 3180 1464 bonus,
3202 1400 3303 1452 nisi
3325 1399 3471 1452 solus

1897 1489 2040 1544 Deus
2075 1490 2140 1545 ".
2177 1488 2245 1544 Et
2276 1490 2460 1545 littera
2507 1490 2824 1561 Symmachi
2865 1492 3028 1547 habet
3065 1515 3078 1548 :
3122 1491 3336 1546 Etenim
3376 1491 3477 1545 Do-

1901 1584 2079 1639 minus
2105 1585 2260 1639 dabit
2291 1584 2506 1639 bonum.
2533 1615 2603 1624 —-
2629 1584 2794 1639 Terra
2823 1586 2985 1640 etiam
3033 1586 3182 1641 dabit
3242 1587 3473 1657 fructum

1902 1694 2087 1742 suum,
2150 1678 2433 1748 apostolos
2460 1679 2723 1733 nimirum
2782 1689 2835 1735 ct
2884 1681 3021 1735 alios
3059 1681 3270 1748 tideles,
3324 1682 3415 1751 qui
3447 1696 3478 1736 e

1900 1767 2086 1824 Iudaea
2122 1770 2346 1841 regione
2375 1771 2778 1842 get-minarum.
2808 1773 3069 1843 Apertius
3104 1786 3236 1828 vero
3266 1787 3330 1828 ac
3363 1788 3480 1827 ma-

1827 1905 1875 1963 Β
1902 1861 2159 1917 nifestius
2181 1870 2285 1929 est,
2316 1871 2375 1917 ut
2414 1863 2685 1930 dicamus,
2715 1866 2861 1934 quod
2895 1877 3024 1919 nato
3049 1865 3294 1931 Christo,
3333 1865 3479 1921 Deus

1902 1951 2053 2007 dabit
2087 1954 2524 2009 misericordiam
2552 1954 2890 2021 hominibus,
2931 1966 2987 2011 et
3008 1957 3156 2026 quod
3187 1968 3332 2013 terra
3360 1956 3477 2011 l’ru-

1901 2044 2085 2100 ctibus
2122 2046 2445 2101 abundabit.

1974 2135 2140 2194 Vens.
2182 2138 2261 2193 ’4.
2292 2138 2522 2195 laetitia
2550 2158 2732 2197 caram
2771 2158 2832 2197 eo
2866 2141 3150 2212 praecedet.
3178 2140 3282 2197 Per
3307 2141 3475 2211 justi-

1904 2230 2032 2285 tiam
2074 2232 2168 2286 hic
2200 2232 2492 2291 universas
2534 2235 2918 2306 complectitur
2966 2234 3219 2292 virtutes.
3265 2235 3473 2290 Harum

1902 2323 2073 2394 igitur
2117 2325 2383 2379 virtu-um
2449 2326 2565 2391 lux,
2607 2327 2788 2383 instar
2836 2326 3130 2397 lampadis,
3174 2344 3205 2383 ιι
3255 2327 3479 2385 Christo

1900 2428 2228 2483 coruscans,
2259 2426 2332 2471 tan
2357 2427 2468 2471 tum
2497 2428 2625 2474 ante
2669 2418 2820 2473 illum
2851 2419 3068 2475 emittet
3102 2418 3473 2489 splendorem,

1902 2514 1962 2559 ut
1999 2506 2266 2563 celebrem
2296 2523 2362 2565 ac
2394 2510 2716 2578 praeclarum
2748 2510 2892 2582 apud
2919 2525 3117 2567 omnes
3146 2510 3303 2568 illum
3342 2511 3463 2567 red-

1900 2599 2083 2655 ditura
2109 2601 2202 2657 sit.

1968 2692 2035 2744 Et
2074 2702 2230 2761 ponet
2270 2694 2325 2747 in
2373 2693 2511 2749 viam
2539 2708 2750 2765 gressus
2789 2711 2932 2753 suos.
2988 2695 3252 2768 Deinceps
3288 2703 3471 2751 autem

1901 2784 2156 2841 Christus
2185 2796 2349 2856 ponet
2383 2801 2608 2856 gressus
2641 2804 2797 2855 suos,
2838 2788 2943 2844 hoc
2970 2798 3077 2855 est,
3111 2789 3259 2844 illam
3299 2790 3476 2844 virtu—

1902 2887 2078 2934 tutum
2108 2880 2361 2935 semitam
2395 2896 2494 2950 per
2514 2895 2679 2951 quam
2710 2881 2831 2952 ipse
2878 2882 3219 2951 ambulabat,
3275 2891 3468 2953 ponet,

1900 2971 2151 3042 inquam,
2188 2986 2308 3027 eam
2345 2973 2399 3027 in
2434 2972 2559 3039 hoc,
2591 2981 2650 3028 ut
2679 2974 2752 3029 sit
2777 2975 2861 3030 via
2884 2975 3101 3031 caeteris
3120 2974 3475 3044 Christianis,

1900 3080 1997 3136 per
2023 3080 2190 3136 quam
2219 3066 2298 3120 illi
2319 3066 2635 3123 incedentes
2662 3067 2731 3122 ad
2753 3082 2875 3123 cum
2896 3068 3112 3124 tandem
3139 3069 3475 3138 pervenient.

1907 3157 2002 3212 Vel
2057 3158 2215 3213 aliter
2272 3178 2285 3214 :
2333 3159 2576 3215 Joannes
2649 3159 2865 3215 Domini
2922 3176 3477 3233 praeursor,,quem

219 3263 604 3335 δικαιοσύνην,
626 3264 702 3325 ὼς
728 3260 827 3334 τὴν
845 3262 1078 3333 νομικὴν
1104 3260 1458 3331 δικαιοσύνην
1498 3259 1795 3328 φυλάττον-

1908 3250 2100 3308 beatus
2140 3251 2307 3308 David
2350 3253 2453 3308 hoc
2482 3254 2535 3307 in
2568 3253 2987 3323 locojustitiam
3023 3253 3280 3324 appellat,
3304 3253 3477 3310 veluti

219 3368 311 3421 τα,
347 3355 445 3408 καὶ
472 3354 549 3419 ὡς
573 3352 795 3418 δικαίως
820 3352 1260 3423 πολιτευόμενον,
1310 3350 1482 3415 οὕτως
1541 3350 1796 3418 ἐνώπιον,

218 3450 403 3502 εἶτουν
456 3446 802 3518 ἔμπροσθεν,
861 3445 959 3500 τοῦ
1025 3446 1266 3516 Χριστοῦ
1331 3445 1795 3516 προπορεύσεται.

229 3542 391 3598 Ἰθηὺ
445 3540 576 3613 γάρ,
626 3541 810 3611 φησὶν,
871 3540 985 3610 ἐγὼ
1030 3539 1349 3595 ἀποστελῶ
1386 3540 1494 3593 τὸν
1541 3538 1800 3610 ἄγγελόν

208 3648 336 3701 μου
380 3633 495 3701 πρὸ
543 3632 869 3701 προσώπου
922 3647 1060 3698 σου,
1091 3631 1161 3696 ὃς
1198 3618 1643 3685 κατασκευάσει
1684 3628 1799 3700 τὴν

214 3726 366 3779 ὁδόν
404 3738 522 3777 σου
564 3724 923 3794 ἔμπροσθεν.
1008 3718 1170 3778 Ἐϐόα
1229 3723 1376 3795 γάρ·
1411 3722 1800 3793 Ἑτοιμάσατε

214 3817 330 3881 τὰς
370 3814 551 3881 ὀδοὺς
596 3816 820 3885 Κυρίου
843 3831 858 3848 ο
880 3816 1115 3882 εὐθείας
1145 3815 1367 3871 ποιεῖτε
1402 3813 1513 3880 τὰς
1558 3814 1801 3883 τρίϐους

215 3904 434 3960 αὑτοῦ.
466 3905 539 3958 Σὺ
568 3905 622 3958 δὲ
656 3906 750 3959 καὶ
805 3905 993 3977 ἕτερον
1052 3905 1295 3977 νοήσεις,
1329 3905 1410 3959 ὅτι
1434 3906 1470 3976 ἡ
1514 3902 1732 3975 Θεότης,
1765 3905 1799 3975 ἠ

215 3996 693 4068 αὐτοδικαιοσύνη,
764 3997 996 4051 ἐνώπιον
1049 3997 1146 4050 τοῦ
1188 3997 1627 4069 προσλήμματος
1667 3998 1800 4068 ἠγε-

217 4092 423 4157 μόνευε
452 4090 549 4142 καὶ
606 4089 774 4143 ἐτίθει
831 4090 913 4152 είς
965 4089 1184 4144 εὐθεῖαν
1205 4088 1305 4153 τὰς
1344 4090 1579 4154 πορείας
1605 4089 1796 4144 αὑτοῦ.

212 4180 625 4249 Προεωρώμην
652 4180 783 4253 γὰρ,
806 4180 962 4251 φησὶ,
996 4182 1105 4236 τὸν
1134 4182 1356 4251 Κύριον
1397 4182 1659 4237 ἐνώπιόν
1678 4200 1799 4253 μου

210 4271 249 4326 δ
251 4273 315 4327 ιὰ
340 4274 590 4340 παντός.

681 4456 999 4526 Προσευχὴ
1031 4458 1109 4524 τῷ
1138 4458 1335 4513 Δαϐίδ.

790 4546 1084 4599 ΨΑΛΜΟΣ
1110 4547 1236 4601 HE’.

282 4632 438 4705 Δήλη
489 4634 589 4704 μὲν
632 4635 665 4703 ἡ
707 4635 1024 4707 ἐπιγραφή·
1087 4636 1303 4708 εἴρηται
1357 4636 1416 4689 δὲ
1460 4637 1609 4707 ὅμως
1669 4638 1799 4710 περὶ

214 4726 536 4797 προσευχῆς
564 4726 623 4779 ὲν
666 4724 743 4797 τῷ
777 4726 1052 4798 προοιμίῳ
1106 4728 1204 4797 τῆς
1234 4727 1439 4799 βίϐλου.
1489 4731 1800 4802 Προσευχόο

1827 4590 1874 4648 D

1906 3346 2003 3417 qui
2035 3360 2257 3400 omnem
2314 3346 2451 3418 legis
2486 3346 2762 3416 justitiam
2795 3347 3055 3413 servavit,
3094 3347 3364 3417 praecedet
3393 3362 3482 3403 co-

1901 3452 2019 3493 ram
2060 3438 2305 3504 Christo,
2339 3439 2444 3494 hoc
2474 3448 2578 3505 est,
2609 3448 2735 3495 ante
2763 3439 3071 3496 Christum.
3148 3439 3284 3495 Ecce
3326 3440 3473 3496 enim

1902 3545 2016 3601 ego,
2051 3531 2247 3602 inquit,
2285 3530 2437 3585 mitto
2475 3531 2717 3600 angelum
2747 3548 2917 3586 meum
2948 3543 3069 3586 ante
3087 3532 3279 3602 [aciem
3302 3542 3475 3598 tuam,

1901 3626 1993 3695 qui
2021 3625 2233 3693 parabit
2265 3626 2407 3682 viam
2446 3636 2593 3680 luant
2621 3635 2742 3681 ante
2776 3635 2824 3681 te
2854 3626 2918 3681 ιτ.
2964 3625 3235 3681 (ΣΙιιωεὺίι
3269 3625 3411 3681 enim
3461 3641 3476 3679 :

1903 3717 2104 3773 Parata
2127 3719 2240 3774 aiat
2270 3718 2508 3783 Domini,
2532 3726 2702 3774 rectas
2735 3719 2896 3788 facite
2922 3717 3137 3773 semitas
3167 3719 3282 3787 ejus
3315 3717 3382 3774 “.
3413 3716 3483 3771 Et

1905 3812 2059 3884 (quia
2090 3810 2279 3869 Graeca
2304 3812 2498 3880 dictio,
2520 3812 2713 3879 αὐτοῦ,
2736 3811 2813 3867 ita
2830 3811 3023 3868 referri
3047 3819 3249 3882 potest,
3280 3818 3337 3865 ut
3367 3823 3480 3865 non

1906 3907 2089 3961 solum
2124 3906 2396 3977 legamus,
2431 3905 2655 3962 Cresius
2692 3920 2839 3969 suos.
2880 3907 2976 3962 sed
3026 3905 3215 3972 etiam,
3258 3902 3483 3960 Cresius

1903 3993 2042 4066 ejus)
2068 3995 2177 4050 alio
2208 3996 2373 4051 modo
2394 4010 2628 4066 expone,
2669 3996 2817 4067 quod
2848 3995 3063 4067 iustitia
3107 3994 3333 4059 Christi,
3395 3993 3479 4047 vel

1902 4087 2024 4158 ejus
2075 4087 2355 4155 divinitas,
2410 4089 2685 4159 praecedet
2726 4102 2912 4144 coram
2962 4104 3049 4154 eo,
3080 4088 3186 4143 hoc
3213 4095 3317 4153 est,
3352 4094 3481 4141 ante

1904 4189 2243 4251 assumplam
2279 4196 2523 4247 carnem,
2568 4182 2734 4238 veluti
2793 4183 3041 4252 optimus
3091 4181 3310 4251 quidam
3341 4178 3476 4233 dux.

1901 4273 1969 4329 Et
1995 4283 2160 4345 ponet
2193 4275 2249 4328 in
2274 4275 2416 4329 viam
2445 4290 2675 4346 gressus
2704 4274 2848 4344 ejus,
2871 4274 3027 4343 juxta
3062 4273 3199 4328 illud
3239 4290 3253 4327 :
3282 4269 3474 4324 Provi-

1901 4364 2088 4419 debam
2125 4364 2408 4420 Dominum
2442 4367 2495 4418 in
2517 4376 2796 4434 conspectu
2826 4382 2938 4420 meo
2972 4380 3173 4433 semper
3208 4365 3270 4420 ⁸⁵.

2407 4453 2594 4508 Oratio
2638 4455 2741 4523 ipsi
2792 4453 2981 4509 David.

2369 4545 2688 4603 PSALMUS
2722 4546 2988 4601 LXXXV.

1978 4639 2140 4695 Clara
2166 4638 2384 4711 quidem
2414 4646 2580 4710 atque
2608 4649 2796 4709 aperta
2823 4649 2907 4696 est
2934 4640 3049 4695 haec
3075 4639 3383 4713 inscriptio,
3415 4650 3479 4697 nt-

1904 4731 1961 4786 in
1994 4731 2264 4802 prooemio
2299 4732 2485 4801 operis
2514 4731 2721 4786 dictum
2760 4740 2865 4789 est.
2893 4732 3027 4788 Illud
3061 4739 3244 4788 tamen
3280 4732 3348 4788 ad
3387 4735 3475 4789 in-

213 4836 385 4890 μενος
424 4818 481 4871 δὲ
526 4818 666 4889 ὑπὲρ
713 4817 909 4873 ἑαυτοῦ
942 4820 971 4872 6
998 4820 1185 4886 Aa6l6,
1248 4821 1491 4875 διδάσκει
1549 4825 1669 4887 πῶς
1691 4825 1796 4897 χρὴ

1908 4822 2250 4877 ttitutionem
2288 4830 2532 4877 nostram
2556 4822 2815 4891 pertinet,
2842 4823 2985 4893 quod
3031 4824 3158 4879 dum
3192 4822 3479 4894 Propheta:

211 4909 628 4982 προσεύχεσθαι
655 4909 745 4963 τὸν
764 4913 825 4963 ὲν
860 4910 1130 4979 ἀνάγκαις
1159 4912 1309 4968 ὄντα.
1340 4914 1708 4985 Προαγορεύει
1739 4916 1796 4970 δὲ

1908 4914 2074 4968 nostri
2099 4928 2291 4983 preces
2318 4913 2589 4977 videmus,
2615 4929 2755 4982 quas
2771 4913 2839 4968 ad
2859 4912 3345 4979 Deum'l‘undebat,
3372 4930 3476 4970 nos

210 5001 457 5053 ἐνταῦθα
509 5001 604 5054 καὶ
657 5002 852 5071 κλῆσιν
902 5001 1093 5056 ἐθνῶν.
1120 5003 1278 5068 Τινὲς
1299 5005 1355 5057 δὲ
1388 5008 1665 5077 προσώπῳ
1699 5008 1795 5062 τοῦ

1908 5007 2059 5061 illinc
2103 5006 2312 5075 pariter
2340 5006 2630 5066 docemur,
2658 5022 2899 5076 quonam
2943 5016 3103 5076 pacto
3151 5006 3373 5076 quando
3419 5006 3476 5061 in

220 5094 476 5158 Ἐζεκίου
524 5094 836 5166 γεγράφθαι
891 5095 990 5148 καὶ
1060 5099 1267 5168 ταύτην
1327 5097 1426 5169 τὴν
1487 5102 1796 5173 προσευχὴν

1908 5101 2181 5170 arigustiis
2214 5115 2276 5153 ac
2307 5099 2719 5155 calamitatibus
2749 5092 3037 5155 constituti
3072 5116 3280 5165 sumus,
3313 5115 3476 5154 orare

208 5186 528 5257 εἰρήκασιν.

1908 5197 1967 5250 ad
2002 5196 2164 5248 Deum
2196 5194 2480 5247 debemus.
2509 5191 2831 5248 Prmdicitnr
2858 5194 3021 5247 etiam
3056 5192 3109 5245 in
3136 5192 3239 5246 hoc
3259 5192 3472 5263 psalmo

206 5284 457 5353 gentium
486 5281 719 5338 vocatio.
754 5280 873 5338 Non
909 5284 1108 5341 desunt
1137 5293 1319 5341 tamen
1376 5286 1469 5356 qui
1535 5290 1839 5349 orationem
1880 5294 2021 5349 hanc
2069 5308 2134 5349 ex
2186 5290 2434 5347 Ezechiae
2485 5289 2632 5358 regis
2687 5302 2916 5358 persona
2973 5287 3232 5357 scriptam
3323 5300 3480 5342 aster

206 5389 362 5432 rant.

279 5470 529 5537 Κλῖνον,
555 5473 752 5541 Κύριε,
776 5472 841 5527 τὸ
863 5470 973 5541 οὖς
998 5491 1135 5539 σου,
1162 5481 1259 5532 καὶ
1292 5477 1641 5536 ἐπάκουσον
1659 5501 1796 5553 μου.

1983 5482 2147 5536 Vens.
2177 5480 2227 5533 l’.
2262 5476 2492 5537 Inclina,
2518 5472 2760 5537 Domine,
2796 5486 2974 5523 aurem
3003 5479 3170 5534 tuam,
3203 5480 3253 5523 et
3284 5470 3481 5525 exaudi

203 5562 351 5630 Περὶ
386 5562 490 5631 τῆς
530 5563 758 5628 κλίσεως
786 5565 881 5619 τοῦ
929 5565 1075 5619 θείου
1106 5567 1245 5632 ὠτὸς
1272 5572 1485 5642 εἴρηται
1508 5573 1602 5627 καὶ
1628 5575 1686 5627 ὲν
1719 5574 1796 5645 τῷ

1908 5593 2005 5629 me.
2038 5572 2321 5640 Quomodo
2349 5578 2526 5622 autem
2580 5564 2721 5620 Deus
2754 5566 2969 5618 dicatur
3026 5564 3298 5619 inclinare
3331 5564 3475 5618 dixi-

207 5659 288 5718 ις’
322 5652 546 5724 ψαλμῷ.

1908 5678 2024 5722 mus
2052 5667 2104 5720 in
2133 5664 2339 5733 psalmo
2371 5676 2479 5714 xvi.

284 5748 419 5799 Ὀτι
453 5748 689 5816 πτωχὸς
717 5749 815 5803 καὶ
847 5750 1039 5820 πένης
1086 5753 1204 5823 εἰμὶ
1234 5755 1369 5825 ἐγώ.
1440 5759 1665 5828 Πτωχὸς
1700 5761 1794 5813 καὶ

1985 5756 2249 5823 Quoniam
2300 5754 2451 5821 inops
2488 5761 2539 5810 et,
2572 5765 2773 5821 pauper
2828 5766 2945 5804 sum
3004 5767 3119 5820 ego.
3174 5749 3350 5805 Veluti
3381 5751 3473 5822 qui

275 5930 323 5961 "
363 5930 560 5987 Matth.
599 5949 710 5999 xu,
746 5934 830 5987 l7.
886 5934 927 5965 "
968 5934 1199 5990 Malaclt.
1228 5951 1312 6004 tn,
1344 5936 1364 5990 l
1396 5953 1411 6003 ;
1476 5936 1666 5991 Matth.
1700 5952 1775 6002 χι,

1982 5936 2022 5968 ⁸⁸
2051 5936 2153 5992 lsa.
2193 5950 2278 6001 ιιι..
2308 5933 2378 6001 '5;
2414 5931 2605 5989 Matth.
2643 5948 2720 5998 tn,
2755 5935 2810 5991 3.
2842 5936 2882 5967 ίθ
2919 5931 3061 5991 Psal.
3090 5947 3178 5995 XV,
3209 5933 3261 5988 8.
