3862 6542
261 435 357 497 881

1405 442 1797 504 COMMENT.
1840 441 1918 501 ΙΝ
1961 443 2319 504 l‘SALMOS.
3388 446 3492 509 δδὲ

257 566 435 605 σουσι
468 552 534 605 τὸ
580 552 769 622 ὄνομα
814 569 950 618 σου,
984 554 1071 609 ὅτι
1093 556 1281 628 μέγας
1300 553 1357 613 εί
1383 557 1487 623 σὺ,
1512 557 1611 613 καὶ
1644 557 1811 613 ποιῶι

1940 564 2108 625 tuum,
2150 561 2400 630 quoniam
2442 576 2662 628 magnus
2688 576 2740 614 cs
2788 570 2867 625 tu,
2902 570 2949 613 et
2980 559 3179 628 faciens
3215 563 3506 629 mirabilia,

259 645 555 712 θαυμάσια
596 662 609 675 ·
649 647 731 701 σὺ
771 648 829 701 si
863 650 897 703 ὁ
928 647 1074 715 Θεὸς
1113 651 1323 720 μόνος.
1388 650 1653 706 Ἐνταῦοα
1700 669 1834 721 προσ

258 736 478 806 ςητεὺει
535 739 666 809 περὶ
720 743 819 812 τῆς
869 742 1108 807 πίστεως
1172 744 1282 798 τῶν
1333 744 1528 801 ἐθνῶν.
1578 746 1829 814 Ἦξουσι,

258 829 417 898 φησὶ,
450 830 589 900 πρὸς
623 832 684 886 σὲ
724 833 812 889 διὰ
834 833 1071 902 πίστεως
1105 853 1120 870 ’
1167 841 1466 909 προσκυνεῖ
1492 839 1549 893 δὲ
1600 839 1833 894 ἐνώπιον

256 921 345 975 τοῦ
378 923 518 978 Θεοῦ
552 927 581 979 ὁ
627 928 1030 997 ἐπιγινώσκων,
1062 932 1146 985 ὅτι
1178 933 1446 1004 ἐφορᾶται
1480 951 1551 988 πα
1563 932 1611 1004 ρ’
1641 933 1827 989 αὐτοῦ.

265 1018 526 1073 Ἐνώπιον
546 1019 604 1073 δὲ
631 1019 729 1074 τοῦ
757 1022 916 1087 Θεοῦ,
939 1025 1035 1078 καὶ
1056 1026 1165 1087 πᾶς
1188 1025 1356 1090 τόπος
1385 1026 1488 1096 τῆς
1512 1026 1833 1091 δεσποτείας

254 1111 439 1165 αὐτοῦ.
470 1112 816 1178 Δοξάσουσι
843 1115 923 1179 δὲ,
955 1116 1079 1171 ἀντὶ
1107 1118 1223 1192 τοῦ,
1272 1120 1600 1190 ὑμνήσουσι,
1658 1138 1829 1190 μεγα-

252 1202 497 1255 λυνοῦσν
559 1204 696 1259 διότι
752 1206 929 1277 μέγας
988 1208 1156 1273 ὅντως
1197 1210 1284 1277 σὺ,
1316 1212 1410 1265 καὶ
1445 1211 1511 1266 σὺ
1542 1206 1595 1266 εἷ
1621 1214 1649 1267 ὁ
1694 1211 1829 1277 Θεὸς

254 1296 431 1364 μόνος,
454 1297 624 1352 ποιῶν
655 1299 955 1371 θαυμάσια.

328 1388 670 1458 Ὂδήγησόν
693 1410 792 1461 με,
829 1394 1023 1464 Κύριε,
1052 1395 1121 1450 ἐν
1149 1397 1224 1466 τῇ
1255 1396 1371 1463 ὀδῷ
1403 1413 1541 1463 σου,
1581 1399 1679 1452 καί
1720 1416 1843 1454 πο·-

247 1482 530 1552 ρεύσομαι
569 1485 638 1538 ἐν
678 1485 754 1554 τῇ
786 1486 1057 1556 ἀληθείᾳ.
1101 1489 1250 1553 Ὁδὸς
1299 1490 1401 1559 μὲν
1452 1494 1546 1545 τοῦ
1606 1492 1741 1547 Θεοῦ
1790 1494 1822 1562 ἡ

251 1574 522 1645 πρακτικὴ
579 1575 792 1645 ἀρετὴ,
857 1578 1086 1648 ἀλήθεια
1137 1580 1195 1634 δὲ
1261 1582 1294 1651 ἡ
1358 1581 1699 1652 θεωρητική.
1765 1583 1823 1637 Ὀ

253 1664 382 1733 γοῦν
407 1667 696 1738 ὁδηγηθεὶς
726 1670 913 1725 θεόθεν
942 1673 1030 1726 ἐπ’
1053 1673 1272 1744 ἐκείνην
1302 1673 1522 1744 ἔρχεται
1568 1675 1661 1730 ἐπὶ
1690 1676 1822 1730 ταύ-

248 1776 365 1829 την.
394 1760 661 1831 Εὑρήσεις
683 1763 741 1817 δὲ
762 1764 856 1817 καὶ
888 1766 946 1817 ἐν
977 1765 1056 1837 τῷ
1085 1766 1164 1820 κδ’
1190 1768 1319 1837 περὶ
1358 1768 1479 1822 ὀδοῦ
1530 1768 1626 1823 καὶ
1683 1769 1821 1840 ἁλη-

1937 661 1993 705 ιιι
2028 670 2080 706 es
2125 651 2262 707 Deus
2293 654 2460 708 solus.
2510 651 2634 707 llzcc
2678 664 2761 707 est
2808 654 3091 724 prophetia
3141 655 3209 710 de
3257 658 3504 727 gentium

1937 744 2061 800 ﬁde.
2098 744 2348 810 Venicnt,
2398 745 2603 813 inquit,
2664 744 2737 799 ad
2786 754 2839 801 te
2893 745 3026 815 ipsae
3069 746 3234 801 etiam
3284 759 3498 818 gentes.

1932 835 2182 892 Adorare
2206 845 2388 891 autent
2420 837 2622 892 dicitur
2651 851 2835 892 coram
2872 837 2986 892 Deo
3021 839 3092 904 is,
3127 839 3217 908 qui
3249 855 3307 895 se
3337 856 3364 894 a
3396 840 3506 895 llr-0

1931 929 2105 985 videri
2153 930 2463 1001 cognoscit.
2512 928 2644 985 Esse
2689 939 2868 985 autem
2925 930 3129 987 dicitur
3167 948 3349 988 coram
3397 933 3506 991 Deo

1932 1025 2114 1078 omnis
2162 1024 2321 1080 locus
2372 1024 2587 1094 imperii
2642 1026 2784 1094 ejus.
2817 1024 3211 1080 Gloriticabunt
3243 1035 3292 1079 te
3318 1027 3502 1095 igitur,

1929 1113 2035 1170 hoc
2065 1123 2172 1183 est,
2211 1116 2507 1171 laudabunt
2548 1125 2598 1171 te
2629 1132 2819 1172 eomes
2851 1125 3041 1186 gentes
3089 1126 3143 1170 et
3189 1118 3507 1187 magniﬁca-

1933 1203 2073 1262 bunt
2101 1215 2175 1270 te,
2208 1207 2480 1273 dicentes,
2512 1209 2657 1279 quod
2690 1224 2921 1278 magnus
2945 1223 3072 1264 vere
3098 1192 3158 1264 es
3187 1217 3241 1263 et
3272 1210 3414 1279 quod
3446 1220 3501 1263 tu

1929 1301 2086 1358 solus
2119 1299 2264 1357 Deus
2298 1318 2381 1367 es,
2412 1303 2505 1373 qui
2535 1303 2673 1359 facis
2705 1303 3003 1360 mirabilia.

2002 1389 2169 1448 Vens.
2208 1392 2295 1449 10.
2336 1394 2510 1447 Deduc
2538 1411 2639 1458 me,
2670 1392 2911 1459 Domine,
2938 1396 2991 1449 in
3016 1397 3099 1451 via
3140 1405 3254 1459 tua,
3290 1408 3341 1451 et
3385 1412 3501 1450 am-

1929 1483 2124 1538 bulabo
2163 1482 2216 1538 in
2248 1483 2462 1537 veritate
2488 1493 2601 1536 tua.
2626 1482 2727 1539 l‘er
2756 1485 2897 1537 viam
2926 1484 3041 1548 Dei,
3070 1485 3325 1539 virtutem
3352 1485 3498 1539 illam
3564 1512 3569 1517 -

1927 1575 2195 1646 intellige,
2229 1591 2352 1647 quae
2393 1575 2461 1630 ad
2501 1576 2747 1631 actiones
2784 1579 3063 1644 pertinet;
3087 1592 3183 1647 per
3212 1580 3499 1631 veritatem

1929 1682 2077 1732 vero,
2106 1667 2252 1722 illam
2275 1682 2397 1737 qua:
2417 1667 2485 1722 ad
2510 1667 3048 1736 contemplationem.
3075 1666 3166 1721 [lle
3193 1676 3371 1720 autem
3405 1667 3498 1736 qui

1928 1756 2202 1815 divinitus
2238 1758 2303 1813 ad
2347 1759 2579 1830 primam
2621 1759 2820 1814 ductus
2861 1759 3028 1814 fuerit
3057 1760 3336 1820 virtutem.
3373 1777 3499 1828 per—

247 1850 419 1917 οείας,
441 1854 521 1917 εἰς
549 1856 610 1908 τό
635 1872 650 1886 ’
678 1856 788 1923 Τὰς
812 1857 992 1925 ὁδούς
1033 1877 1172 1922 σου,
1228 1862 1423 1930 Κύριε.
1475 1862 1772 1930 γνώρισον
1802 1879 1811 1894 ·

1925 1849 2115 1905 venire
2154 1850 2221 1906 de
2256 1849 2401 1905 facili
2438 1846 2640 1922 poterit
2672 1851 2737 1904 ad
2779 1852 3032 1906 alteram.
3070 1853 3143 1906 De
3191 1853 3295 1907 hac
3330 1853 3409 1904 via
3445 1862 3500 1905 et

246 1944 335 1997 καὶ
368 1941 525 2011 αὖθις
553 1964 568 1979 ·
606 1948 937 2020 Ὀδήγησόν
956 1968 1033 2022 με
1077 1952 1177 2007 ἐπὶ
1216 1953 1331 2023 τὴν
1356 1955 1648 2025 ἀλήθειάν
1676 1973 1818 2013 σου.

306 2220 711 2288 Εὐφρανθήτω
752 2222 788 2290 ἡ
828 2222 1041 2290 καρδία
1073 2243 1212 2294 μου,
1271 2224 1351 2292 τῷ
1387 2229 1697 2295 φοϐεῖσθαι
1750 2232 1818 2285 τὸ

239 2310 424 2381 δνομά
489 2328 629 2368 σου.
684 2312 1064 2387 Εὐφρανθήτω
1111 2316 1188 2390 μὴ
1250 2321 1309 2373 ὲν
1361 2320 1672 2394 εὐφροσύνῃ
1712 2323 1818 2376 τινὶ

236 2406 498 2476 κοσμικῇ,
557 2404 674 2459 ἀλλ’
705 2406 765 2460 ὲν
811 2406 889 2477 τῷ
924 2407 1209 2475 φοϐεῖσθαί
1244 2427 1325 2466 σε.
1388 2411 1532 2481 Ὅρα
1555 2411 1612 2467 δὲ
1657 2413 1815 2484 ξένην

234 2494 595 2569 εὐφροσύνην.
657 2496 841 2555 Ἔστω
885 2517 978 2573 μοι
1030 2503 1340 2573 εὐφροσύνη
1389 2506 1418 2557 ὁ
1490 2504 1583 2568 ab;
1621 2504 1809 2575 φόϐος.

234 2588 642 2658 Εὐφρανθήτω
692 2592 825 2664 γὰρ,
872 2595 1028 2664 φησὶ,
1093 2596 1309 2665 καρδία
1342 2595 1675 2664 ζητούντων
1706 2600 1815 2654 τὸν

234 2679 478 2750 Κύριον.
499 2683 664 2754 Ζητετ
686 2683 745 2739 δὲ
772 2682 865 2739 τὸν
880 2684 1017 2739 Θεὸν
1057 2687 1085 2740 ὁ
1110 2686 1445 2758 φοϐούμενος
1471 2690 1659 2745 αὐτόν.
1701 2691 1813 2745 Καὶ

230 2772 341 2843 γὰρ
362 2773 428 2827 οὐ
455 2773 617 2844 μόνον
644 2777 673 2831 ὁ
701 2775 845 2843 θεῖος
865 2776 1046 2848 φόϐος,
1072 2779 1209 2834 ἀλλὰ
1229 2781 1322 2835 καὶ
1344 2784 1375 2851 ἠ
1400 2781 1588 2847 ἁπλῶς
1619 2784 1809 2856 μνήμη

230 2861 322 2917 τοῦ
351 2864 489 2918 Θεοῦ
524 2866 806 2939 εὐφραίνει
834 2869 961 2935 τοὺς
996 2870 1267 2935 Θεοσεϐεἴς
1287 2890 1299 2906 ο
1344 2871 1651 2943 Ἐμνήσθη
1678 2876 1810 2947 γὰρ,

231 2958 385 3024 φησὶ,
419 2957 527 3013 τοῦ
555 2959 706 3015 Θεοῦ
738 2960 835 3015 καὶ
862 2963 1202 3033 ηὐφράνθη.

310 3050 871 3123 Ἑξομολογήσομαι
926 3071 1047 3121 σοι,
1090 3057 1270 3125 Κύριε
1319 3061 1353 3113 ὁ
1396 3058 1540 3126 Θεός
1563 3077 1706 3131 μου,
1736 3061 1813 3116 ἐν

227 3140 341 3211 ὅλῃ
374 3144 586 3212 καρδίᾳ
615 3164 757 3214 μου.
790 3147 1211 3222 Εὗχαριστήσω.

1925 1942 2159 1998 veritate
2203 1940 2454 1996 invenies
2494 1942 2658 1996 etiam
2693 1941 2746 1994 in
2788 1941 3001 2010 psalmo
3037 1959 3185 2008 xxiv,
3216 1942 3286 1999 ibi
3319 1961 3331 1995 :
3373 1941 3498 1996 νίας

1922 2046 2065 2100 tuas,
2102 2034 2343 2101 Domine,
2386 2035 2563 2089 indica
2600 2036 2727 2088 mihi
2750 2035 2818 2101 ”;
2848 2043 2903 2089 et
2933 2036 3093 2105 paulo
3128 2044 3287 2106 post:
3324 2034 3500 2089 Deduc

1922 2144 2003 2181 me
2033 2129 2085 2180 in
2111 2128 2328 2181 veritate
2361 2137 2451 2181 tua
2465 2127 2514 2159 ³³
2528 2171 2542 2187 .

1995 2219 2235 2274 La'terur
2275 2236 2367 2273 cor
2402 2235 2574 2275 meum
2609 2219 2664 2273 in
2696 2220 2884 2274 timore
2934 2217 3160 2272 nominis
3195 2218 3289 2272 tui.
3324 2218 3498 2272 Laete-

1917 2319 2009 2365 tur
2039 2325 2144 2364 non
2172 2312 2224 2365 in
2252 2312 2523 2366 mundana
2548 2311 2754 2375 laetitia,
2788 2312 2879 2364 sed
2916 2311 2969 2365 in
3003 2310 3080 2364 tui
3113 2310 3323 2364 timore.
3362 2308 3496 2364 Vide

1918 2419 2106 2475 quatso
2139 2419 2340 2459 novum
2383 2420 2558 2469 genus
2611 2403 2833 2458 lmtitize.
2876 2401 3086 2469 Timor,
3122 2403 3320 2471 inquit,
3362 2410 3491 2454 tuus

1918 2496 1993 2552 sit
2031 2494 2164 2550 mihi
2207 2495 2415 2550 laetitia.
2464 2495 2610 2551 Alibi
2659 2510 2788 2550 vero
2849 2494 3093 2550 dicitur:
3129 2494 3359 2548 La'tetur
3401 2511 3492 2547 cor

1916 2590 2267 2661 quwrentium
2299 2589 2601 2643 Dominum.
2630 2589 2723 2644 Ille
2750 2599 2930 2643 autem
2958 2594 3150 2659 qumrlt
3177 2588 3490 2651 Dominum,

1914 2684 2009 2753 qui
2052 2683 2207 2738 timet
2238 2698 2393 2737 eum.
2428 2681 2698 2737 Craterum
2735 2698 2844 2736 non
2894 2689 3106 2735 tantum
3157 2680 3250 2735 Dei
3302 2680 3487 2745 timor,

1916 2774 2013 2830 sed
2058 2774 2292 2842 simplex
2341 2774 2505 2828 etiam
2549 2772 2699 2829 illius
2746 2774 3011 2828 memoria
3050 2772 3166 2840 pios
3212 2770 3490 2843 aclideles

1913 2881 2106 2923 omnes
2136 2867 2400 2933 laetiﬁcat,
2428 2866 2583 2938 juxta
2623 2865 2756 2922 illud
2792 2882 2806 2920 :
2837 2865 3036 2921 Memor
3061 2865 3140 2935 {ui
3171 2864 3286 2930 Dei,
3311 2873 3359 2918 et
3392 2861 3487 2917 la:-

1914 2967 2057 3014 tatus
2091 2960 2293 3014 sum“.

1981 3050 2150 3109 Vens.
2181 3053 2268 3108 11.
2301 3050 2599 3122 Conﬁtebor
2626 3051 2742 3117 tibi,
2790 3050 3029 3117 Domine,
3061 3049 3201 3104 Deus
3235 3065 3398 3115 meus,
3431 3049 3485 3102 in

1913 3153 2023 3199 toto
2052 3143 2206 3198 corde
2238 3162 2370 3200 meo.
2408 3143 2522 3199 lloc
2554 3152 2638 3200 est
2669 3143 2877 3213 gratias
2912 3158 3094 3213 agam.

298 3237 406 3290 Kal
463 3239 705 3304 δοξάσω
764 3242 830 3296 τὸ
883 3220 1243 3313 ὄνομάνσου
1299 3248 1386 3314 εις
1446 3247 1553 3301 τὸν
1600 3248 1805 3305 αἰῶνα.

1984 3235 2057 3291 Et
2095 3236 2408 3309 gloriﬁcabo
2444 3253 2631 3292 nomen
2664 3246 2815 3290 tuum
2853 3235 2906 3290 in
2946 3233 3222 3290 sa'culum.
3259 3234 3369 3288 lloc
3400 3240 3484 3289 est

241 3328 375 3384 'Asi.

296 3422 425 3477 ὀτι
456 3424 522 3478 td
555 3425 729 3492 ἔλεός
753 3441 871 3483 σου
891 3427 1044 3500 μέγα
1071 3430 1165 3485 ἐπ’
1201 3431 1326 3501 ἐμέ.
1357 3392 1535 3489 Πολύὶ

294 3634 400 3687 Καὶ
428 3633 664 3700 ἑρρὐω
684 3634 802 3701 τὴν
848 3636 1064 3705 ψυχήν
1084 3653 1207 3706 μου
1258 3638 1331 3704 ἐξ
1358 3640 1510 3708 ᾅδου
1544 3642 1807 3697 κατωτά-

226 3742 351 3780 του.
400 3726 523 3779 Ἐπὶ
553 3727 652 3795 μὲν
685 3727 778 3782 τοῦ
821 3729 984 3782 Δαϐὶδ
1012 3730 1148 3802 ᾅδην
1197 3733 1409 3804 νοήσεις
1474 3733 1576 3800 τὴν
1623 3736 1807 3806 ἁμαρ-

225 3816 367 3879 τίαν,
395 3820 492 3871 καὶ
519 3820 619 3889 τὴν
653 3820 925 3890 μοιχείαν,
957 3821 1163 3876 καὶτὸν
1189 3823 1352 3892 φόνον
1398 3825 1494 3878 τοῦ
1552 3826 1757 3896 Οὐρίου
1783 3843 1804 3861 ο

226 3910 319 3963 ἐπὶ
360 3911 418 3965 δὲ
449 3911 545 3965 τοῦ
577 3912 850 3979 Ἐζεκίου,
878 3914 974 3969 τὸν
1002 3915 1302 3984 ἐγγίσαντα
1349 3918 1500 3990 αὑτῷ
1557 3937 1805 3991 σωματι-

201 4003 321 4055 debv
348 4003 602 4073 Θάνατον,
629 4007 723 4076 ἀφ’
746 4000 809 4061 οὗ
839 4009 1160 4080 παραδόξως
1205 4011 1472 4083 sps-soon.
1515 4014 1612 4086 Εῐη
1658 4015 1704 4068 δ’
1736 4016 1804 4070 ἂν

204 4089 317 4146 ’καὶ
348 4096 456 4159 πᾶς
475 4097 743 4163 κίνδυνος,
772 4099 883 4154 sits
912 4102 1067 4173 παρὰ
1116 4104 1327 4175 ὁρατῶν
1382 4104 1621 4178 ιχθρῶν,
1680 4109 1801 4164 εἴτε

221 4186 334 4240 ἀπὸ
373 4189 625 4260 ἀοράτων
653 4191 1019 4266 ἑπαγόμενος.

294 4471 366 4523 '0
400 4472 565 4538 Θεὸς,
599 4474 931 4546 παράνομοι
958 4476 1391 4546 ἐπανέστησαν
1419 4481 1514 4536 ἐπ’
1529 4482 1654 4552 ἐμέ.
1688 4485 1799 4540 Καὶ

1915 3346 2027 3387 sem
2038 3347 2154 3403 per.

1980 3421 2148 3478 Vens.
2194 3422 2279 3477 l2.
2313 3405 2459 3489 Quid
2478 3420 2849 3477 misericordia
2877 3430 2969 3477 tua
2999 3438 3188 3492 magna
3217 3432 3290 3476 est
3325 3437 3483 3487 super

1912 3532 2009 3569 me.
2049 3514 2296 3581 Magnam
2330 3513 2465 3569 dixit
2495 3529 2594 3585 pro
2619 3515 2814 3571 multa.

1983 3630 2050 3685 Et
2086 3630 2274 3686 eruisti
2304 3629 2540 3684 animum
2572 3646 2743 3684 meam
2781 3646 2847 3684 ea:
2876 3632 3082 3702 inferno
3116 3628 3380 3696 inferiori.
3421 3627 3477 3681 Si

1907 3702 2183 3790 psalmum
2230 3719 2514 3790 pertinere
2568 3719 2844 3790 intelligas
2903 3720 2970 3774 ad
3030 3720 3247 3775 beatum
3288 3718 3480 3781 David,

1908 3828 2006 3883 per
2033 3810 2311 3868 infernum
2352 3811 2679 3882 profundam
2711 3811 2919 3882 peccati
2953 3810 3161 3867 foveam
3202 3812 3479 3881 intelligo,

1905 3905 2159 3959 adulterii
2213 3903 2476 3959 nimirum
2547 3912 2711 3973 atque
2765 3902 3073 3960 homicidii.
3134 3903 3189 3957 Si
3246 3919 3373 3957 vero
3408 3902 3478 3957 ad

1905 4012 2088 4067 regem
2121 3996 2437 4062 Ezecbiam,
2486 3996 2764 4051 infernum
2794 3997 2983 4066 accipe
3022 4010 3123 4067 pro
3160 4004 3357 4060 morte,
3387 3997 3477 4050 cui

1906 4087 2198 4158 proximus
2233 4086 2356 4152 fuit,
2389 4094 2445 4141 et
2473 4101 2503 4141 a
2536 4102 2643 4157 qua
2671 4085 2993 4141 admirando
3016 4086 3309 4141 admodum
3341 4084 3478 4141 libe-

1906 4188 2059 4235 ratus
2092 4190 2196 4235 est.
2237 4180 2425 4236 Potest
2453 4180 2619 4235 etiam
2682 4179 2933 4235 infernus
2978 4179 3154 4249 accipi
3190 4196 3286 4247 pro
3343 4195 3479 4249 quo-

1905 4274 2036 4328 libet
2066 4274 2330 4344 perieulo,
2388 4273 2535 4345 quod
2589 4289 2618 4328 a
2674 4274 3011 4339 visibilibus,
3045 4289 3143 4330 seu
3177 4275 3245 4330 ab
3285 4275 3479 4331 invisi-

1903 4364 2106 4422 bilibus
2142 4365 2430 4421 immineat
2458 4364 2724 4421 inimicis.

1976 4479 2142 4533 Vens.
2180 4481 2266 4535 15.
2296 4480 2458 4543 Deus,
2506 4480 2701 4549 iniqui
2728 4480 3137 4535 insurrexerunt
3180 4482 3236 4535 in
3275 4497 3376 4536 me.
3409 4481 3477 4537 Et

217 4563 265 4617 oi
292 4563 374 4635 τῷ
423 4564 591 4618 Δαϐὶδ
645 4566 1092 4635 ἐπιϐουλεύοντες
1142 4573 1465 4644 παρανομίᾳ
1532 4577 1796 4645 συνέζων,

1925 4583 2098 4626 restes
2134 4572 2280 4627 beati
2326 4571 2518 4637 David,
2550 4572 2645 4640 qui
2674 4572 2909 4628 insidias
2936 4573 2990 4626 in
3017 4587 3144 4628 eum
3171 4573 3476 4628 molieban—

208 4656 317 4708 ’καὶ
367 4657 418 4709 oi
450 4657 544 4709 τὸν
594 4658 845 4724 Ἐζεκίαν
892 4660 952 4715 δὲ
1000 4661 1420 4734 πολιορκοῦντες
1472 4665 1796 4740 Ἀσσύριοι·

219 4747 461 4817 λέγοιντο
506 4750 551 4803 δ’
599 4752 666 4807 ἂν
693 4752 789 4807 καὶ
819 4753 1019 4819 πάντες
1046 4755 1297 4827 αἰσθητοὶ
1336 4756 1431 4811 καὶ
1485 4760 1666 4829 νοητοὶ
1703 4777 1798 4814 πο-

215 4838 416 4911 λέμιοι.

268 4945 393 5011 ’Καὶ
427 4959 750 5027 συναγωγὴ
784 4961 1079 5029 κραταιῶν
1099 4962 1404 5031 ἐζήτησαν
1439 4964 1556 5034 τὴν
1582 4968 1795 5036 ψυχήν

208 5064 350 5114 μου,
402 5047 503 5101 καί
554 5049 630 5103 οὐ
687 5050 1013 5119 προέθεντο
1056 5069 1131 5107 σε
1182 5053 1441 5110 ἐνώπιον
1462 5058 1684 5116 αὐτῶν.
1728 5061 1793 5114 01

212 5138 387 5199 αὐτοί.
441 5137 614 5195 Ταυτὶ
657 5140 716 5195 δὲ
776 5143 847 5197 τὰ
878 5145 1020 5215 ῥητὰ
1074 5148 1288 5200 κεῖνται
1340 5146 1438 5201 καὶ
1484 5148 1545 5202 ὲν
1592 5150 1673 5221 τῷ
1707 5148 1796 5220 νγ⁹

208 5228 430 5302 ψαλμῷ.

276 5343 387 5400 Καί
414 5345 521 5407 σὺ,
570 5346 748 5414 Κύριε
773 5350 809 5401 ὁ
830 5350 973 5415 Bede
996 5368 1134 5418 μου,
1180 5352 1498 5421 οῑκτίρμων
1528 5354 1624 5408 καί
1651 5355 1785 5410 exs.

209 5432 395 5499 ἡμων,
411 5436 816 5507 ιιακρόθυμος,
838 5440 939 5494 καί
969 5441 1317 5509 πολυέλεος,
1354 5444 1449 5499 καί
1476 5444 1781 5512 ἀληθινός.

136 5528 145 5564 δ
218 5520 311 5586 Ὦς
363 5523 464 5594 μὲν
526 5527 828 5600 οἰκτίρμων
869 5528 965 5583 καὶ
1009 5530 1280 5603 ἐλεήμων,
1336 5535 1641 5605 συμπαθεῖς
1665 5539 1778 5600 τοῖς

212 5618 834 5692 καταδυναστευομένοις
861 5641 877 5657 ’
918 5625 994 5688 ὡς
1028 5626 1083 5680 δὲ
1113 5627 1484 5698 μακρόουμος,
1514 5631 1576 5684 οὐ
1603 5649 1785 5703 παρα-

209 5705 367 5774 δίδως
396 5710 557 5774 εὐθὺς
577 5714 658 5776 εἰς
695 5716 883 5786 χεῖρας
916 5716 1124 5788 ἐχθρῶν
1167 5719 1295 5783 τοὺς
1325 5719 1742 5793 ἁμαρτάνοντας
1764 5739 1780 5756 ο

1899 4670 1992 4719 tur
2017 4665 2190 4733 iniqui
2221 4674 2403 4729 erant,
2433 4672 2490 4718 et
2518 4663 2752 4736 Assyrii,
2798 4665 2917 4735 qui
2949 4664 3237 4720 Ezechiam
3287 4681 3473 4736 regem

1898 4756 2249 4819 obsidebant,
2279 4764 2335 4811 et
2377 4770 2572 4817 omnes
2617 4756 2855 4826 denique
2885 4763 2995 4810 tam
3032 4757 3284 4813 visibiles
3308 4774 3473 4828 quam

1897 4847 2198 4903 invisibiles
2237 4846 2426 4902 hostes
2481 4848 2681 4913 nostri,
2715 4846 2891 4918 iniqui
2920 4846 3183 4918 appellari
3215 4859 3471 4918 possunt.

1968 4960 2034 5015 Et
2082 4963 2419 5033 congregatio
2471 4963 2760 5029 potentium
2827 4964 3182 5032 quasiverunt
3233 4964 3471 5016 animant

1900 5071 2093 5111 nteant.
2130 5063 2178 5107 et
2210 5071 2311 5108 non
2338 5063 2719 5123 proposuerunt
2766 5063 2813 5109 te
2848 5055 2899 5107 in
2935 5063 3209 5124 conspectu
3238 5072 3354 5108 suo.
3388 5057 3468 5111 Illi

1898 5145 1999 5214 ipsi
2026 5162 2165 5214 quos
2196 5145 2412 5215 iniquos
2437 5146 2700 5201 diximus.
2764 5145 2890 5200 llatc
2920 5154 3101 5201 autem
3160 5148 3321 5202 verba
3368 5149 3467 5202 ba-

1891 5238 2089 5293 bentur
2120 5237 2283 5292 etiam
2316 5236 2366 5291 in
2396 5237 2609 5306 psalmo
2641 5252 2762 5291 LIII.

1963 5349 2126 5404 Vens.
2156 5351 2220 5406 Η
2277 5350 2343 5404 Et
2372 5361 2449 5414 tu,
2484 5350 2699 5404 Domine
2733 5350 2870 5404 Deus
2905 5366 3070 5413 meus,
3100 5352 3464 5416 miseratam“

1889 5445 2216 5506 misericors,
2266 5443 2493 5511 patiens,
2517 5452 2566 5495 et
2598 5441 2819 5495 multum
2866 5442 3190 5507 misericors,
3211 5452 3260 5497 et
3280 5461 3459 5502 verax.

1887 5536 2023 5605 Quia
2079 5536 2372 5590 miserator
2423 5549 2506 5597 es,
2570 5540 2625 5590 et
2677 5534 3016 5600 misericors,
3082 5536 3340 5592 omnibus
3394 5538 3460 5593 iis

1890 5643 2107 5697 semper
2153 5625 2488 5696 compateris
2551 5624 2643 5694 qui
2703 5625 2951 5695 oppressi
3008 5636 3135 5682 sunt
3175 5645 3189 5681 :
3223 5637 3276 5684 et
3329 5631 3457 5698 quia

1891 5721 2103 5791 patiens
2147 5735 2226 5787 es,
2260 5725 2313 5773 ct
2354 5716 2711 5790 longanimis,
2745 5733 2852 5772 non
2907 5719 3092 5774 statim
3142 5730 3458 5791 peccatores

288 5888 337 5920 “
367 5890 516 5947 Psal.
552 5906 705 5960 κων,
740 5895 790 5956 4,
826 5894 879 5951 5.
938 5896 982 5929 ²³
1022 5894 1168 5953 Psal.
1195 5912 1300 5967 Civ,
1332 5898 1384 5954 5.
1466 5899 1510 5932 ’⁵
1537 5900 1683 5957 l‘sal.
1718 5918 1903 5967 Lxxu,
1953 5904 1973 5957 1
