3862 6546
189 424 284 490 839

1331 435 1717 498 COMMENT.
1765 438 1848 498 IN
1888 441 2246 504 PSALMOS.

3331 455 3437 517 890

183 539 266 593 διὰ
306 537 632 609 χορεύσεως.
685 536 854 615 ’ᾙδον
898 542 1005 613 γὰρ
1035 543 1130 596 καὶ
1170 543 1284 613 ἅμα
1311 545 1585 615 ἐχόρευον.
1625 547 1723 603 Τοί

1842 553 2158 621 exponitur,
2192 554 2295 610 hoc
2331 562 2434 623 est,
2468 573 2561 624 pro
2593 560 2804 617 chorea.
2837 561 3048 622 Canere
3091 566 3239 620 enim
3291 568 3440 621 sole-

187 630 596 700 ’A:toxpt0ﬁrat
669 633 746 701 δὲ,
779 635 900 688 ἀντὶ
930 633 1046 693 τοῦ.
1083 633 1172 686 Ἐν
1220 634 1296 705 τῷ
1339 639 1742 708 ἀποκριθῆναι*

179 722 414 794 ἐχόρευον
449 725 558 798 γὰρ
589 727 647 778 ὲν
673 727 751 796 τῷ
780 725 1144 797 ἀποκριθῆναι
1173 729 1306 797 πρὸς
1325 741 1426 798 την
1451 729 1519 782 δι’
1572 731 1744 800 ὀργά-

177 829 264 870 ναυ
309 817 594 887 μουσικήν.
649 817 962 883 Συνέσεως
1007 817 1084 882 δὲ,
1139 819 1224 872 ὅτι
1267 821 1430 890 χρεία
1475 823 1744 887 συνέσεως

176 911 279 970 τοῖς
328 909 822 977 ἀναγινώσκουσιν,
882 911 972 964 διὰ
1037 909 1100 963 ἰδ
1149 912 1606 986 ἐγκεκρυμμένον
1664 917 1742 988 τῷ

174 999 360 1072 ψαλμῷ
418 1001 552 1072 περὶ
590 1001 688 1055 τοῦ
757 1006 1091 1062 Δεσποτικοῦ
1147 1007 1377 1062 θανάτου
1419 1009 1737 1080 μυστήριον.

167 1093 343 1163 Αιμὰν
372 1094 428 1148 δὲ
472 1094 553 1160 τῷ
613 1097 976 1168 Ἰσραηλίτῃ,
1008 1101 1144 1154 διότι
1174 1101 1234 1153 οὺ
1269 1102 1430 1171 μόνον
1459 1104 1572 1165 τοῖς
1604 1103 1741 1168 υἱοῖς

175 1186 328 1256 Κορὲ,
371 1185 506 1240 ἀλλὰ
570 1189 664 1242 καὶ
704 1189 887 1259 Δίμὰν
925 1191 1002 1260 τῷ
1029 1192 1264 1263 αρχῳδῷ
1313 1193 1677 1264 παραδέδοται
1709 1196 1739 1248 ὁ

170 1278 372 1347 ψαλμὸς
397 1278 502 1332 ὑπὸ
536 1280 708 1334 Δαὸίδ
727 1295 740 1308 ⁸
775 1283 869 1335 καὶ
895 1283 988 1337 ὑπ’
1020 1285 1347 1354 ἀμφοτέρων
1395 1285 1502 1338 τῶν
1559 1285 1737 1355 χορῶν

178 1373 307 1443 ᾔσθη
341 1374 696 1444 συνᾳδόντων,
724 1377 756 1447 ἢ
789 1377 884 1431 καὶ
922 1378 1026 1433 ἀνά
1058 1379 1229 1450 μέρος
1283 1380 1542 1451 ᾀδόντων.
1599 1380 1735 1434 de:

174 1464 263 1532 μὲν
292 1460 382 1518 οὖν
422 1465 530 1518 τῶν
565 1466 921 1538 ἀντιγράφων
958 1471 1138 1541 Αίμάν
1183 1472 1478 1542 γράφουσι,
1516 1471 1636 1526 τινὰ
1677 1471 1733 1524 δὲ

168 1557 338 1625 Αίθάμ
368 1573 383 1589 ο
415 1558 640 1628 ἄμεινον
701 1559 758 1613 δὲ
787 1563 844 1613 ἐν
875 1561 951 1632 τῷ
992 1565 1224 1634 παρόντι
1263 1563 1442 1634 Λίμὰν
1474 1564 1732 1634 γράφειν,

165 1649 218 1701 ἐν
265 1649 319 1701 δὲ
373 1649 451 1719 τῷ
511 1651 648 1721 μετὰ
681 1651 894 1717 τοῦτον,
928 1655 1132 1722 Δίθάμ.
1186 1657 1277 1709 Ἑν
1311 1659 1419 1724 γὰρ
1448 1659 1513 1725 τῇ
1540 1654 1731 1728 πρώτῃ

167 1734 262 1788 τῶν
292 1737 780 1810 Παραλειπομένων
809 1743 904 1795 καὶ
957 1743 1137 1815 Αίμάν
1165 1746 1260 1799 καὶ
1281 1745 1463 1814 Αἰθὰμ
1492 1745 1728 1814 ἀναγρά-

168 1845 346 1897 φονται
391 1831 685 1902 χοράρχαι.
728 1833 812 1899 Τῷ
854 1835 1201 1906 Ἶσραηλίτῃ
1256 1837 1334 1902 δὲ,
1370 1837 1467 1906 οὐχ
1501 1837 1577 1900 ὡς
1621 1836 1729 1889 τῶν

1853 647 1985 701 bant
2016 689 2028 714 ,
2065 657 2227 720 atque
2271 667 2380 706 una
2431 655 2662 712 choreas
2722 658 2926 716 ducere
2956 701 2970 723 ,
3019 661 3242 732 quando
3293 661 3438 716 hunc

1852 741 2121 809 psalmum
2159 744 2486 800 recitabant.
2523 748 2602 800 Ad
2625 752 3042 817 respondendum
3075 763 3255 808 autent
3285 795 3299 817 ,
3335 756 3439 807 huc

1850 844 1952 897 est,
1988 849 2108 889 cum
2142 838 2558 907 responderent.
2587 840 2990 912 Tripudiabant
3021 845 3166 898 enim
3199 845 3327 899 dum
3363 847 3430 900 ad

1849 941 2180 995 Organorum
2245 929 2489 984 musicen
2568 934 2986 1003 responderent.
3061 935 3436 1006 Intelligentim

1848 1033 2000 1084 vero,
2039 1019 2166 1090 quia
2205 1020 2561 1092 intelligentia
2605 1025 2796 1079 lectori
2840 1041 2980 1094 opus
3009 1037 3112 1092 est,
3152 1027 3223 1082 ob
3247 1029 3434 1082 occul-

1848 1118 1962 1164 tum
2011 1127 2074 1167 ac
2113 1115 2504 1184 prmsignatum
2545 1117 2634 1173 hic
2664 1117 2730 1174 de
2756 1117 2959 1174 Christi
2989 1129 3164 1174 morte
3227 1129 3435 1190 myste-

1845 1201 2011 1258 rium.
2071 1201 2185 1274 Ipsi
2217 1223 2336 1261 vero
2376 1207 2579 1262 AEman
2629 1207 2936 1274 Israelitaz,
2976 1212 3103 1279 quia
3149 1226 3257 1264 non
3299 1210 3430 1265 solis

1844 1293 1982 1348 Core
2015 1294 2161 1356 ﬁliis,
2193 1298 2286 1351 sed
2306 1299 2470 1352 etiam
2502 1300 2698 1354 IEman
2725 1302 2954 1372 principi
3006 1303 3236 1358 alterius
3272 1305 3429 1358 chori

1845 1386 2077 1442 traditus
2119 1386 2220 1442 fuit
2271 1389 2360 1443 hic
2415 1391 2658 1459 psalmus
2697 1407 2725 1444 a
2773 1393 2933 1447 beato
2985 1394 3149 1447 David
3183 1434 3197 1456 ,
3247 1404 3300 1448 et
3358 1397 3428 1450 ab

1842 1485 2078 1545 utroque
2112 1478 2280 1533 choro
2309 1495 2416 1534 una
2457 1480 2597 1548 fuit,
2651 1491 2746 1537 aut
2804 1484 3053 1540 fortasse
3103 1485 3425 1540 alternatim

1841 1568 2187 1626 decantatus.
2221 1571 2479 1638 Quaedam
2531 1575 2866 1643 exemplaria
2923 1590 3032 1629 non
3075 1575 3273 1630 Eman
3331 1577 3427 1630 ha-

1842 1657 1990 1727 bent,
2013 1661 2106 1715 sed
2123 1660 2351 1727 fEtban,
2374 1677 2560 1716 verum
2583 1665 2757 1733 placet
2780 1673 2837 1717 ut
2864 1665 2916 1718 in
2944 1666 3194 1734 praesenti
3219 1667 3428 1734 psalmo

1839 1750 2086 1819 legamus
2119 1751 2317 1807 Eman
2351 1795 2364 1818 ,
2415 1763 2467 1810 et
2508 1755 2563 1808 in
2616 1756 2870 1825 sequenti
2906 1756 3131 1810 Aithan.
3184 1753 3316 1809 Nam
3369 1757 3422 1811 in

1840 1839 2293 1912 Paralipomenon
2349 1846 2491 1900 libro
2554 1855 2786 1917 uterque
2833 1864 3024 1903 eorum
3081 1850 3233 1903 chori
3282 1849 3424 1918 prin-

165 1920 329 1976 ἄλλων
363 1923 437 1994 μὴ
497 1924 669 1978 ὄντων
713 1926 1088 1998 Ἰσραηλιτῶν,
1129 1927 1245 1982 ἀλλ’
1293 1929 1367 1991 ὡς
1408 1931 1500 1982 καὶ
1551 1929 1723 1983 ἄλλων

1838 1948 1961 2004 eeps
1991 1933 2163 1990 fuisse
2186 1937 2441 1992 traditur.
2471 1915 2736 1993 Israelita:
2761 1941 2924 1993 etiam
2958 1939 3115 2006 dixit,
3144 1956 3250 1994 non
3276 1915 3420 2010 quod

164 2014 320 2068 ὅντων
346 2017 524 2086 Ᾱίμάν
541 2017 634 2070 καὶ
663 2017 871 2090 Αἰθὰμ,
891 2019 1232 2090 ἀλλοφύλων,
1260 2016 1336 2077 ὧν
1357 2021 1493 2093 πρὸς
1515 2022 1728 2077 διαστο-

163 2104 248 2176 λὴν
276 2106 310 2176 ἡ
345 2105 438 2160 τοῦ
478 2108 817 2181 Ἰσραηλίτου
857 2112 1202 2184 προσηγορία
1240 2114 1339 2186 ('5).

1837 2023 1928 2077 alii
1969 2033 2225 2082 cantores
2252 2043 2358 2081 non
2424 2034 2611 2083 essent
2661 2028 2922 2083 Israelita:
2949 2068 2963 2093 ,
2999 2028 3093 2083 sed
3148 2030 3276 2098 quia
3329 2013 3425 2082 alii

1835 2114 2092 2173 furtassis
2130 2129 2286 2174 erant
2317 2119 2567 2174 homines
2599 2118 2912 2190 hnjusmodi
2946 2120 3168 2175 nomine
3198 2119 3424 2190 Eman,

162 2212 210 2256 et
228 2199 447 2270 Etban,
479 2204 571 2275 qui
598 2212 756 2260 erant
786 2205 1128 2278 alienigena},
1160 2209 1225 2264 ad
1249 2223 1485 2281 quorum
1518 2207 1926 2266 distinctionem
1964 2211 2044 2266 sic
2067 2204 2278 2268 dictum
2313 2221 2398 2271 est
2421 2231 2447 2280 ;.
2472 2215 2557 2270 vel
2599 2212 2741 2268 forte
2799 2216 2926 2284 quia
2959 2215 3065 2269 tale
3132 2214 3242 2268 illis
3302 2220 3424 2266 erat

162 2309 476 2365 cognomen.

219 2393 392 2460 Κύριε
429 2394 461 2447 ὀ
515 2391 662 2459 Θεὸς
697 2393 808 2463 τῆς
837 2395 1138 2464 σωτηρίας
1168 2413 1310 2467 μου,
1335 2397 1561 2468 ἡμέρας
1591 2396 1724 2452 ἐκέ-

160 2484 338 2550 spatia
361 2485 462 2540 καὶ
504 2483 574 2538 ἐν
593 2486 767 2540 νυκτί
802 2486 1083 2543 ἐναντίον
1118 2504 1258 2544 σου.
1300 2491 1437 2563 Περὶ
1479 2492 1578 2563 μὲν
1604 2489 1724 2558 τοῦ,

173 2575 229 2630 '0
282 2576 428 2644 Θεὸς
480 2579 591 2647 τῆς
631 2581 932 2648 σωτηρίας
967 2599 1111 2650 μου,
1177 2585 1397 2655 εἴρηται
1452 2587 1509 2639 ἐν
1537 2584 1616 2655 τῷ
1649 2584 1725 2650 ξζν

158 2665 346 2737 ψαλμῷ
369 2685 382 2698 ο
417 2667 624 2738 Κύριον
657 2668 715 2722 δὲ
747 2669 843 2724 καὶ
891 2670 1024 2725 Θεὸν
1052 2672 1081 2724 ὁ
1115 2674 1349 2744 Χριστὸς
1379 2673 1470 2727 τὸν
1499 2675 1726 2747 Πατέρα

159 2757 336 2822 καλεῖ,
366 2758 442 2823 ὡς
489 2759 820 2831 ἄνθρωπος’
886 2763 1060 2817 πολλὰ
1106 2765 1215 2836 γὰρ
1263 2766 1490 2820 τοιαῦτα
1536 2767 1634 2821 καὶ
1666 2768 1727 2820 ὲν

156 2849 224 2920 τῷ
256 2847 339 2903 κα⁹
368 2851 590 2922 ψαλμῷ.
628 2853 874 2924 Ἡμέρας
896 2856 964 2910 δὲ
992 2837 1089 2912 καὶ
1118 2857 1188 2912 ἐν
1231 2859 1428 2925 νυκτὶ,
1457 2861 1577 2914 ἀντὶ
1611 2859 1728 2928 τοῦ,

159 2942 247 2996 Διά
271 2945 500 3008 παντός.
573 2946 943 3018 Ἐμφαντικὸν
989 2950 1044 3004 δὲ
1079 2951 1239 3005 τοῦτο
1275 2955 1373 3023 τῆς
1417 2953 1554 3026 πρὸς
1596 2953 1730 3008 Θεὸν

158 3033 382 3100 πίστεως
409 3052 423 3067 ο
455 3035 517 3101 ὃς
561 3037 672 3108 γὰρ
707 3039 1021 3109 εἰλικρινῶς
1051 3043 1142 3097 τὸν
1194 3043 1330 3098 Θεὸν
1371 3028 1584 3117 ἀγαπᾷ,
1631 3045 1730 3117 βοᾷ

158 3125 376 3180 ἐνώπιον
397 3128 564 3182 αὐτοῦ
590 3131 748 3184 τοῦτο
788 3133 888 3203 μὲν
918 3135 1174 3206 στόματι,
1205 3139 1365 3191 τοῦτο
1393 3139 1451 3192 δὲ
1501 3139 1725 3211 καρδίᾳ·

1841 2381 1844 2384 ’
1905 2389 2069 2448 Vens.
2092 2391 2146 2447 2.
2166 2391 2387 2448 Damine
2410 2393 2545 2448 Deus
2571 2393 2763 2448 salutis
2796 2408 2946 2455 meat.
2991 2392 3041 2445 in
3064 2391 3148 2445 die
3173 2390 3417 2444 clamavii

1832 2486 1957 2541 etin
1977 2496 2128 2541 nocte
2153 2502 2331 2541 coram
2359 2495 2431 2543 te.
2456 2487 2529 2541 De
2551 2487 2634 2541 his
2657 2485 2876 2540 verbis:
2899 2484 3038 2538 Deus
3061 2483 3249 2537 salutis
3271 2497 3422 2548 mea',

1833 2581 2041 2636 dictum
2076 2587 2162 2634 est
2218 2578 2273 2634 in
2328 2581 2540 2650 psalmo
2585 2593 2751 2633 van.
2798 2577 3087 2631 Dominum
3117 2581 3318 2639 ;autem
3367 2579 3424 2626 et

1834 2671 2004 2725 Deum
2057 2669 2312 2725 Christus
2362 2668 2582 2723 Patrem
2636 2667 2916 2738 appellat,
2965 2674 3042 2721 ‘ut
3096 2665 3306 2730 homo;
3364 2670 3422 2718 et

1834 2763 2007 2816 multa
2043 2760 2424 2830 huiuscemodi
2450 2759 2596 2814 dicta
2632 2757 2875 2830 reperies
2928 2758 2981 2812 in
3030 2756 3246 2826 psalmo
3301 2770 3420 2809 xxx.

1836 2853 1932 2908 Die
1962 2862 2135 2908 autem
2166 2861 2216 2907 et
2249 2866 2398 2906 nocte
2445 2851 2584 2906 dixit
2633 2867 2729 2921 pro
2785 2849 3076 2921 Perpetuo.
3131 2846 3415 2900 Summam

1834 2946 1980 3000 enim
2014 2945 2128 3000 haec
2164 2945 2331 2998 verba
2365 2943 2418 2996 in
2463 2942 2631 2997 Deum
2664 2941 2821 2996 ﬁdem
2883 2944 3212 2994 attestantur
3237 2951 3252 3001 ;
3282 2935 3418 3005 quia

1835 3038 1927 3108 qui
1961 3037 2179 3092 sincera
2211 3046 2391 3090 mente
2418 3033 2590 3090 Deum
2620 3041 2790 3099 amat,
2820 3032 3043 3088 assidue
3070 3039 3165 3085 aut
3200 3043 3296 3083 ore
3323 3034 3420 3083 aut

1833 3129 2002 3185 corde
2029 3143 2216 3184 coram
2243 3143 2308 3182 eo
2345 3127 2564 3192 clamat,
2601 3128 2857 3196 quoniam
2914 3133 2968 3179 et
3004 3121 3226 3178 assidue
3258 3121 3416 3176 illius

157 3216 231 3270 ἀεὶ
257 3219 366 3291 γάρ
392 3220 591 3292 χρῄζει
615 3223 716 3288 τῆς
754 3226 910 3296 παρὰ
932 3227 1068 3282 Θεοῦ
1111 3229 1455 3300 ἀντιλήψεως
1484 3247 1497 3261 ’
1522 3232 1556 3304 ἢ
1584 3233 1723 3304 ὴμέ-

1838 3237 1932 3292 ope
1959 3219 2312 3292 itidiget.3Vel
2341 3219 2486 3274 diem
2525 3228 2579 3274 et
2611 3229 2823 3272 noctem
2855 3213 3225 3286 particulatim
3262 3212 3414 3268 illam

159 3325 247 3377 ραν
271 3314 365 3365 καὶ
395 3313 569 3368 νύκτα
598 3314 751 3385 λέγει
775 3320 875 3389 τὴν
904 3321 1003 3391 τῆς
1031 3321 1346 3394 προδοσίας.

211 3401 542 3457 Εὶσελθέτω
582 3404 842 3462 ἐνώπιόν
867 3425 983 3465 σου
1007 3412 1046 3480 ἡ
1072 3414 1382 3484 προσευχή
1407 3432 1528 3484 μου
1556 3416 1719 3472 ’κλῖ-

154 3506 250 3544 ror
271 3493 337 3546 τὸ
394 3490 510 3562 οὖς
541 3511 661 3552 σου
700 3501 789 3566 εις
833 3501 948 3570 τὴν
973 3502 1191 3571 δέησίν
1225 3522 1367 3576 μου.
1401 3509 1720 3581 Προσευχὴν

155 3586 232 3636 καὶ
263 3585 452 3658 δέησιν
473 3589 712 3646 ἐνταῦθα
739 3594 960 3666 νοήσεις
984 3597 1017 3668 ἢ
1041 3597 1140 3669 τὴν
1172 3601 1300 3671 περὶ
1326 3602 1434 3657 τῶν
1460 3603 1719 3675 μαθητῶν

153 3677 324 3744 αὑτοῦ,
379 3680 413 3750 ἢ
476 3682 577 3753 τὴν
625 3686 756 3752 περὶ
805 3687 898 3741 τοῦ
944 3691 1236 3762 παρελθεῖν
1261 3693 1324 3748 τὸ
1361 3693 1455 3748 τοῦ
1485 3695 1718 3752 Θανάτου

153 3773 425 3845 ποτήριον,
475 3776 551 3842 ὡς
597 3779 656 3834 ἐν
712 3783 828 3845 τοῖς
887 3783 1240 3854 Εὐαγγελίοις
1302 3788 1579 3860 εὑρήσεις.
1629 3790 1718 3854 Ὠς

150 3863 430 3936 ἄνθρωπος
457 3868 514 3923 δὲ
537 3871 612 3924 τὰ
643 3876 876 3929 ταπεινά
893 3881 1053 3930 ταυτὶ
1093 3879 1419 3950 φθέγγεται,
1446 3881 1632 3947 καθὼς
1655 3885 1716 3937 ὲν

149 3955 215 4026 τῷ
245 3966 326 4014 κα⁹
348 3961 550 4034 ψαλμῷ
573 3966 918 4038 προείρηται.
945 3970 1079 4040 Περὶ
1101 3971 1157 4025 δὲ
1185 3973 1286 4042 τῆς
1315 3974 1548 4040 κλίσεως
1618 3975 1714 4031 τοῦ

149 4049 278 4106 θείου
317 4054 461 4118 ὠτὸς
493 4057 554 4111 ὲν
609 4057 688 4129 τῷ
721 4067 803 4124 ις’
847 4060 1050 4133 ψαλμῷ
1083 4065 1572 4136 παραδεδώκαμεν.

209 4145 330 4200 Ὀτι
361 4148 646 4218 ἐπλήσθη
699 4152 901 4209 κακῶν
944 4156 982 4223 ἡ
1023 4159 1192 4226 ψυχή
1219 4177 1360 4226 μου,
1396 4163 1490 4215 καὶ
1524 4162 1562 4230 ἠ
1600 4160 1710 4232 ζωή

143 4253 247 4305 μου
271 4239 351 4306 τῷ
382 4240 500 4309 eum
521 4240 794 4313 ἤγγισεν.
820 4277 889 4286 -
911 4248 1144 4315 Κακῶν,
1170 4251 1292 4304 ἀντὶ
1308 4251 1426 4320 τοῦ,
1445 4253 1710 4322 ϐλίψεων.

148 4330 476 4400 Περίλυπος
503 4333 634 4406 γὰρ,
666 4337 852 4405 φησὶν,
881 4339 919 4404 ἡ
951 4341 1122 4410 ψυχή
1153 4359 1274 4412 μου
1295 4343 1406 4412 ἕως
1427 4344 1708 4402 θανάτου.

149 4417 299 4493 ’ᾼδην
326 4421 440 4494 γὰρ
463 4423 560 4479 νῦν
589 4426 682 4481 τὸν
704 4426 937 4484 θάνατον
969 4432 1330 4505 ὑποληπτέον.

195 4690 698 4761 Προσελογίσθην
730 4693 882 4762 μετὰ
940 4693 1058 4750 τῶν
1086 4700 1573 4758 καταϐαινόντων
1619 4706 1709 4770 είς

144 4777 974 4854 λάκκον.-Προσελογίσθην,
1015 4787 1135 4841 ἀντὶ
1173 4788 1290 4856 τοῦ,
1357 4791 1710 4865 Συνηριθμήο

148 4869 255 4941 θην,
279 4877 588 4946 συνετάγην
640 4880 780 4949 μετὰ
812 4879 921 4935 τῶν
950 4882 1330 4954 θαπτομένωνο
1362 4887 1582 4954 τούτους
1599 4889 1708 4960 γάρ

147 4962 281 5032 λέγει
343 4969 785 5034 καταϐαίνοντας
839 4973 920 5034 είς
946 4972 1171 5030 λάκκον.
1215 4976 1450 5047 Εἴρηται
1481 4981 1588 5052 γὰρ
1625 4983 1710 5037 ὅτι

145 5057 333 5125 λάκκος
386 5063 604 5132 λέγεται
667 5065 761 5120 καὶ
802 5067 830 5120 ὁ
857 5066 1048 5136 τάφος.
1083 5067 1165 5124 Τὰ
1197 5069 1295 5140 μὲν
1325 5075 1435 5145 γὰρ
1463 5073 1557 5128 οὖν
1603 5076 1712 5146 πρὸ

143 5150 228 5203 τοῦ
272 5155 544 5226 παρόντος
601 5156 904 5228 primum}:
961 5160 1067 5231 πρὸ
1115 5165 1216 5216 τοῦ
1272 5166 1505 5222 θανάτου
1535 5169 1714 5240 καιρῷ

148 5243 438 5314 άρμόζουσι
461 5288 478 5314 ,
508 5247 670 5304 τοῦτο
693 5251 751 5318 δὲ
781 5251 858 5324 τῷ
887 5255 1026 5322 μετά
1047 5255 1146 5328 τὴν
1176 5261 1380 5333 ταφήν.

209 5425 537 5498 ἐγενήθην
589 5429 734 5486 ὡσεὶ
791 5432 1107 5502 ἄνθρωπος
1177 5436 1533 5508 ἀϐοήθητος.
1594 5442 1707 5512 Οὐχ

146 5512 269 5568 ὡσεὶ
330 5517 618 5590 ἄνθρωπος
675 5522 862 5593 μόνον’
907 5521 975 5596 ἦν
1003 5525 1112 5596 γὰρ
1141 5528 1347 5593 τέλειος
1378 5529 1666 5602 ἄνθρωπος
1686 5548 1700 5563 ⁸

1826 3312 2105 3383 intelligit,
2138 3328 2245 3382 qua
2279 3312 2533 3381 proditus
2562 3319 2645 3366 est
2677 3310 2965 3364 Dominus.

1895 3404 2064 3460 Vsus.
2099 3404 2155 3459 5.
2194 3402 2368 3458 Intret
2397 3404 2453 3457 in
2483 3411 2761 3472 conspectu
2789 3411 2878 3457 tuo
2913 3403 3085 3457 oratio
3128 3417 3246 3455 mea
3271 3439 3286 3466 ,
3329 3399 3413 3452 in-

1823 3497 1965 3552 clina
2005 3511 2186 3550 aurem
2233 3504 2378 3549 tuam
2430 3493 2499 3548 ad
2542 3509 2717 3564 preces
2763 3511 2926 3548 meas.
2986 3493 3306 3548 Orationem
3355 3496 3411 3545 et

1822 3605 2036 3662 preces,
2062 3588 2149 3644 vel
2177 3603 2270 3645 eas
2298 3588 2559 3658 intellige,
2589 3602 2727 3657 quas
2751 3586 2940 3642 habuit
2967 3601 3065 3656 pro
3093 3584 3407 3654 discipulis,

1822 3684 1907 3739 vel
1938 3698 2030 3740 eas
2059 3697 2199 3754 quas
2225 3681 2472 3753 protulit,
2521 3681 2745 3751 quando
2778 3680 2933 3752 petiit
2980 3679 3224 3734 transire
3269 3693 3301 3734 a
3349 3693 3410 3733 se

1821 3776 2047 3832 calicem
2084 3775 2298 3830 mortis.
2347 3772 2584 3829 Humilia
2637 3781 2818 3829 autem
2873 3771 3192 3841 huiusmodi
3243 3769 3408 3826 verba

1821 3867 2065 3940 proferre
2092 3865 2489 3930 introducitur,
2515 3875 2574 3920 ut
2604 3865 2789 3931 homo,
2825 3862 3289 3934 quemadmodum
3324 3861 3410 3918 di-

1817 3965 2004 4021 ximus
2047 3965 2101 4020 in
2158 3965 2370 4035 psalmo
2403 3978 2518 4018 XXI.
2555 3962 2695 4028 Quid
2731 3969 2912 4017 autem
2954 3961 3010 4016 in
3045 3959 3154 4016 Deo
3203 3959 3276 4016 sit
3323 3957 3407 4014 in-

1817 4059 2025 4114 clinare
2043 4072 2258 4121 aurem,
2291 4056 2532 4111 diximus
2558 4055 2608 4109 in
2641 4055 2849 4126 psalmo
2888 4069 2999 4108 xvt.

1889 4150 2052 4204 Vens.
2093 4151 2148 4204 4.
2195 4149 2336 4215 Quia
2372 4148 2572 4217 repleta
2611 4158 2691 4202 est
2739 4147 2897 4201 malis
2951 4147 3130 4200 anima
3179 4161 3316 4209 mea,
3353 4150 3406 4199 et

1781 4241 1923 4298 'vita
1959 4259 2076 4296 mea
2122 4241 2330 4311 inferno
2384 4239 2851 4308 appropinquavit.
2905 4236 3088 4300 Malis,
3140 4235 3246 4290 hoc
3292 4245 3401 4299 est,

1815 4335 2218 4391 calamitatibus
2241 4341 2296 4388 et
2328 4331 2734 4386 aﬂectionibus.
2780 4329 2969 4382 Tristh
3007 4328 3174 4390 enim,
3203 4327 3400 4394 inquit,

1814 4435 1893 4480 est
1959 4425 2144 4478 anima
2207 4404 2336 4475 mea]
2376 4437 2539 4491 usque
2573 4418 2642 4472 ad
2696 4427 2934 4472 mortem.
2987 4415 3087 4469 Per
3126 4415 3401 4468 infernum

1823 4519 1987 4573 etiam
2046 4515 2149 4569 hoc
2199 4514 2322 4568 loco
2382 4523 2612 4567 mortem
2662 4512 2839 4582 ipsam
2888 4508 3197 4577 intelligere
3231 4505 3401 4561 debe-

1827 4627 1967 4667 lllllS.

1895 4700 2066 4757 Vens.
2109 4699 2163 4757 5.
2205 4698 2496 4768 Reputatus
2549 4713 2667 4750 sum
2719 4711 2834 4750 cum
2870 4692 3301 4757 descendentibus
3347 4692 3401 4744 in

1827 4796 2023 4850 lacum.
2064 4824 2136 4836 -—
2174 4793 2468 4861 Reputatus
2509 4805 2625 4844 sum
2677 4803 2775 4859 pro
2813 4787 3232 4843 Connnmeratus
3260 4801 3398 4838 sum.

1824 4888 2142 4944 Colloeatus
2177 4901 2321 4947 sum,
2355 4883 2555 4953 inquit,
2592 4897 2715 4936 cum
2751 4880 3010 4950 sepultis,
3058 4893 3195 4948 quos
3232 4878 3286 4930 in
3317 4877 3400 4930 la-

1827 4992 1955 5033 cum
1987 4976 2386 5033 descendentes
2423 4973 2738 5044 appellavit.
2789 4971 3037 5026 Diximus
3085 4971 3229 5024 enim
3267 4968 3396 5023 alibi

1817 5069 1962 5140 quod
2014 5069 2296 5138 sepultura
2353 5067 2520 5122 etiam
2580 5067 2734 5121 lacus
2786 5064 3010 5118 dicitur.
3065 5061 3196 5127 Quae
3231 5060 3396 5130 igitur

1819 5163 2073 5232 superius
2099 5163 2246 5217 dicta
2277 5171 2430 5226 sunt,
2473 5160 2709 5230 tempori
2741 5164 3052 5227 congruunt
3091 5163 3217 5208 ante
3249 5168 3395 5206 more

1821 5263 1966 5317 tem;
1999 5255 2116 5308 haec
2151 5260 2360 5318 autem,
2393 5261 2446 5308 et
2478 5268 2601 5323 qua:
2639 5259 2968 5320 sequuntur,
3005 5245 3233 5316 tempori
3265 5254 3394 5315 post

1817 5345 2176 5413 sepulturam.

1888 5434 1995 5489 Fui
2048 5435 2184 5490 sicut
2216 5435 2368 5487 homo
2402 5433 2514 5486 sine
2543 5431 2836 5498 adjutorio.
2868 5427 2986 5482 Non
3025 5427 3162 5482 dixit
3194 5445 3206 5482 :
3239 5426 3392 5482 Sicut

1812 5531 1966 5583 homo
1998 5528 2349 5600 simpliciter,
2382 5524 2515 5582 sed:
2544 5523 2698 5580 Sicut
2730 5524 2893 5580 homo
2935 5523 3056 5579 sine
3087 5521 3387 5592 adiutorio.

1498 5708 1698 5770 Varias
1733 5708 2058 5772 lectiones.

206 5816 289 5904 (lii
317 5817 890 5904 Perperamtnterpres
909 5830 1126 5885 unicam
1145 5833 1545 5890 sentcntiamin
1564 5835 1697 5891 duas
1736 5835 1916 5894 solvit.
1955 5833 2290 5890 Vertendum
2327 5850 2342 5889 :
2385 5833 2467 5888 Ad
2516 5850 2741 5904 quorum
2825 5833 3215 5890 distinctionem
3296 5831 3388 5887 Is-

146 5889 340 5946 raelita
372 5907 649 5964 cognomen
671 5889 908 5953 additum
942 5913 1038 5956 est.
