3862 6532
459 375 562 442 891

1698 375 2082 437 EUTIIYMII
2107 375 2475 437 ZIGABENI
3594 372 3682 438 892

464 489 660 544 Omnes
721 488 886 553 enim,
941 497 999 542 ut
1057 489 1235 558 inquit
1285 487 1652 560 Evangelista,
1709 487 2036 543 dimittentes

2169 489 2258 541 ιλλ’
2286 489 2362 552 ὡς
2388 488 2674 560 ἄνθρωπος
2723 486 3028 559 ἀϐοήθητος
3053 502 3070 518 ο
3101 486 3329 552 Πάντες
3363 485 3491 554 γιὶρ,
3522 489 3685 555 φησιν,

461 599 581 637 eum
613 582 858 652 fugerunt
889 581 954 634 ”.
996 580 1250 638 Humano
1298 583 1464 653 igitur
1495 581 1722 652 judicio,
1764 581 1918 636 visus
1954 591 2039 636 est

463 676 612 728 omni
644 689 766 730 esse
795 675 1003 729 auxilio
1029 673 1349 738 destitutus,
1396 676 1620 730 tametsi
1660 690 1824 731 secus
1851 674 2037 730 fuerit.

466 764 680 820 Dixisse
717 767 862 818 enim
892 780 1016 820 eum
1054 766 1288 837 legimus
1330 767 1394 822 ad
1431 765 1652 823 Petrum
1685 785 1699 822 :
1742 767 1821 822 Αιι
1859 776 2037 835 putas,

462 855 601 923 quod
634 873 734 908 non
763 859 959 924 possim
989 874 1128 911 nunc
1155 875 1344 928 rogare
1367 859 1580 916 Patrem
1606 876 1796 919 meum.
1822 871 1869 913 et
1901 875 2038 920 prte-

462 946 628 999 stabit
680 949 810 1000 mihi
865 948 1148 1017 plusquam
1204 951 1484 1006 duodecim
1544 950 1770 1022 legiones
1827 952 2041 1022 angelo-

467 1048 583 1085 rum
613 1035 662 1065 "
686 1035 710 1088 ?

539 1125 606 1178 In
642 1128 865 1181 mortuis
901 1127 1055 1183 liber.
1095 1129 1255 1184 Liber
1278 1146 1306 1186 a
1335 1133 1716 1202 corruptione,
1752 1134 1837 1188 vel
1872 1137 2038 1189 etiam

465 1221 626 1286 liber,
660 1222 789 1289 quia
825 1236 933 1276 non
985 1223 1054 1276 ab
1101 1223 1311 1290 angelis
1360 1223 1414 1278 in
1455 1223 1732 1278 infernum
1769 1224 2042 1283 deductus

467 1327 613 1374 sum.
649 1313 740 1367 sed
777 1313 928 1369 soius
988 1314 1286 1377 descendi;
1347 1316 1631 1372 subaudiri
1679 1316 1822 1372 enim
1879 1318 2042 1374 debet

464 1405 719 1468 verbum,
753 1404 904 1460 Fuit.
957 1407 1206 1475 Accessi,
1239 1408 1436 1478 inquit,
1471 1407 1537 1462 ad
1585 1417 1833 1464 mortuos
1881 1408 2040 1474 liber,

465 1497 569 1552 hoc
619 1507 738 1562 est,
791 1499 984 1554 insons
1020 1510 1184 1570 atque
1252 1501 1560 1566 innocens,
1606 1501 1758 1555 abest
1789 1501 1934 1556 enim
1974 1500 2042 1574 (Α

464 1587 666 1659 culpa).
719 1589 923 1645 Omnes
968 1593 1113 1646 enim
1139 1591 1234 1646 alii
1286 1601 1573 1661 peccatum
1622 1607 1808 1647 secum
1843 1593 2045 1648 habent

466 1689 527 1734 ut
572 1697 795 1739 causam
825 1687 1041 1738 mortis.
1078 1683 1242 1741 Poena
1292 1687 1437 1740 enim
1492 1701 1558 1741 ac
1599 1689 1770 1740 multa
1802 1687 2041 1758 peccati,

2141 580 2396 650 ἀφέντες
2419 580 2625 645 αὐτὸν,
2656 581 2912 648 ἔφυγον.
2943 578 3129 644 Ἔδοξε
3159 577 3260 648 μὲν
3293 575 3387 630 οὖν
3411 577 3680 648 ἀϐοήθητος

2140 674 2251 738 τοῖς
2296 672 2608 744 ἀνθρώποις
2628 715 2642 736 ,
2674 674 2773 726 οὐκ
2815 668 2884 743 ἦν
2915 671 2971 725 δέ
3000 687 3013 700 ·
3073 672 3264 743 εἴρηκε
3297 671 3409 740 γὰρ
3447 670 3574 738 πρὸς
3602 672 3685 723 Πέ-

2141 781 2268 831 τρον
2293 779 2308 795 ·
2337 765 2402 817 Ἠ
2423 764 2620 830 δοκεῖς
2641 764 2732 818 ὅτι
2765 766 2838 818 οὐ
2869 764 3124 833 δύναμαι
3143 763 3274 831 ἄρτι
3299 763 3682 831 παρακαλέσαι

2142 855 2251 907 τὸν
2283 856 2514 923 Πατέρα
2533 874 2674 923 μου,
2725 856 2825 910 καί
2855 854 3236 923 παραστήσει
3265 873 3367 924 μοι
3408 856 3682 923 πλείουςή

2141 947 2370 1003 δώδεκα
2400 939 2700 1019 leg-stiva}
2733 951 3045 1020 unum;

2220 1133 2324 1188 Ἔν
2355 1135 2592 1204 νεκροῖς
2633 1137 2971 1205 ἐλεύθερος.
3025 1134 3347 1205 Ἐλεύθερος
3378 1133 3655 1204 διαφθορᾶς
3674 1151 3687 1165 ·

2143 1227 2201 1297 ἢ,
2253 1229 2327 1298 μὴ
2377 1229 2470 1282 ὑπ’
2508 1229 2685 1282 ἄλλων
2734 1229 3110 1300 καταγόμενος
3139 1229 3220 1292 εἰς
3262 1229 3356 1284 τὸν
3389 1228 3540 1299 ᾅδην,
3579 1229 3688 1281 ἀλλὰ

2147 1320 2313 1390 μόνος
2338 1321 2562 1376 κατιών.
2601 1322 3126 1392 Προσυπακουστέον
3151 1324 3207 1378 δὲ
3237 1328 3321 1388 τδ,
3377 1321 3686 1391 Ἐγενήθην.

2157 1413 2464 1485 ’Δφικόμην
2515 1415 2595 1478 είς
2638 1415 2767 1479 τοὺς
2822 1413 3055 1483 νεκροὺς
3121 1414 3436 1486 ἐλεύθερος,
3481 1413 3509 1467 ὅ
3544 1413 3688 1476 ἐστιν,

2144 1508 2408 1572 ἀναίτιος,
2437 1506 2776 1570 ἐλλείποντος
2807 1509 2902 1562 τοῦ
2940 1507 3167 1580 ἄρθρον.
3205 1509 3266 1562 Οί
3293 1508 3396 1578 μὲν
3429 1505 3536 1578 γὰρ
3565 1505 3689 1559 ἄλλοι

2145 1599 2350 1661 πάντες
2378 1596 2556 1652 αἰτίαν
2586 1597 2772 1668 ἔχουσι
2797 1599 3031 1654 θανάτου
3068 1597 3164 1670 τὴν
3189 1597 3498 1669 ἁμαρτίαν
3542 1597 3690 1648 ἐπιτί-

2149 1707 2271 1761 μιον
2295 1690 2403 1760 γὰρ
2423 1693 2520 1762 τῆς
2542 1691 2820 1762 ἁμαρτίας
2849 1693 2876 1746 ὁ
2926 1691 3174 1756 θάνατος’
3199 1690 3362 1760 μόνος
3385 1689 3439 1743 δὲ
3459 1689 3690 1754 ἀναίτιος,

467 1787 655 1840 mors;
708 1775 857 1830 solus
906 1785 1091 1832 autem
1138 1776 1394 1832 Christus
1429 1777 1641 1843 insons,
1671 1786 1725 1833 et
1758 1779 1878 1834 sine
1909 1793 2040 1849 pec-

2169 1784 2220 1848 bi;
2263 1785 2670 1856 ἀναμάρτητος,
2701 1785 2730 1837 ὀ
2766 1783 3024 1856 Χριστός.
3079 1783 3151 1836 Ἢ
3179 1781 3489 1853 ἐλεύθερος,
3513 1781 3584 1843 ὡς
3603 1779 3692 1832 τῶν

468 1872 592 1919 calo
620 1864 687 1919 ad
723 1875 954 1922 mortem
988 1869 1243 1926 accessit.
1273 1867 1370 1923 Vel
1395 1865 1578 1934 Liber,
1611 1868 1740 1939 quia
1766 1869 1856 1922 alii
1887 1868 2042 1924 inviti

469 1954 806 2019 moriuntur,
860 1965 914 2011 et
953 1957 1073 2012 ideo
1103 1958 1295 2013 mortis
1321 1957 1464 2013 servi
1497 1970 1664 2015 sunt:
1698 1969 1752 2013 at
1783 1959 2043 2017 Christus

467 2058 662 2113 sponle
684 2062 778 2103 sua
831 2063 893 2103 ac
914 2049 1103 2104 volens
1135 2057 1385 2106 mortuus
1418 2058 1522 2105 est.
1551 2049 1874 2106 Potestatem
1899 2052 2043 2107 enim

465 2137 668 2208 inquit,
704 2139 869 2195 habeo
898 2140 1128 2210 ponendi
1168 2143 1402 2195 animam
1429 2159 1596 2196 meam
1628 2143 1694 2197 ‘9.
1733 2141 1830 2198 Vel
1858 2143 2044 2211 aliter,

469 2228 648 2295 Liber,
683 2233 850 2286 veluti
881 2232 974 2302 qui
1005 2231 1207 2288 inferni
1242 2233 1478 2290 vinculis
1513 2249 1620 2288 non
1649 2243 1731 2288 est
1767 2235 2043 2300 detentus,

466 2323 563 2378 sed
591 2337 716 2377 eum
750 2324 1045 2380 autoritate
1081 2334 1244 2396 atque
1277 2341 1400 2380 cum
1451 2326 1720 2397 dignitate
1771 2328 1900 2383 illuc
1948 2327 2046 2383 de-

467 2415 704 2480 scendit,
732 2424 893 2484 atque
916 2416 1114 2472 ibidem
1140 2415 1302 2472 etiam
1329 2425 1683 2473 conversatus
1705 2428 1808 2482 est,
1833 2426 1884 2472 et
1909 2415 2047 2472 alio.

467 2521 590 2561 rum
618 2507 837 2561 vincula
871 2508 1147 2564 dissolvit.
1202 2507 1478 2564 Praeterea
1521 2510 1616 2564 illa
1654 2511 1871 2565 ratione
1910 2510 2048 2565 liber

469 2597 676 2652 dicitur
707 2597 983 2668 Christus,
1020 2602 1150 2675 quia
1198 2609 1463 2674 tanquam
1529 2602 1673 2660 Deus
1711 2605 1872 2659 morti
1919 2605 2050 2660 sub-

470 2689 624 2743 ditus
652 2707 764 2746 non
802 2691 930 2749 fuit.

541 2781 709 2839 Vens.
757 2784 811 2838 6.
856 2785 1008 2840 Sicut
1049 2786 1312 2843 vulnerati
1345 2787 1664 2842 dormientes
1693 2788 1745 2842 in
1786 2788 2045 2856 sepulcro.

472 2873 766 2932 Subaudiri
819 2877 984 2932 etiam
1035 2881 1195 2936 debet
1231 2879 1332 2934 hoc
1387 2880 1598 2935 inloco
1649 2881 1870 2936 verbum
1921 2879 2046 2936 Fui.

475 2970 845 3043 Symmachus
873 2989 1004 3029 vero
1038 2974 1110 3027 ita
1141 2974 1418 3030 reddidit:
1459 2973 1628 3039 Quasi
1657 2974 2048 3044 vulneratija-

473 3076 643 3120 centes
670 3068 722 3120 in
755 3066 1035 3136 sepulcris.

548 3159 786 3226 Quarum
819 3177 923 3215 non
973 3178 1026 3217 es
1060 3156 1260 3216 memor
1305 3158 1556 3228 amplius.
1610 3161 1747 3216 Cum
1778 3162 1892 3232 jam
1928 3176 2052 3218 cor—
2078 3181 2123 3242 ε

473 3254 618 3322 rupti
651 3255 762 3308 sint
806 3266 972 3325 atque
1000 3254 1052 3308 in
1083 3255 1360 3324 pulverem
1395 3255 1645 3310 resoluti.

547 3343 614 3397 Et
669 3345 771 3414 ipsi
821 3346 886 3401 de
938 3363 1103 3400 manu
1151 3357 1243 3400 tua
1269 3347 1468 3416 repulsi
1493 3356 1638 3403 sunt.
1670 3344 1751 3402 llli
1787 3350 2049 3404 nimirum

475 3434 568 3503 qui
603 3438 672 3490 ob
709 3437 930 3508 propria
961 3447 1186 3507 peccata
1219 3439 1286 3495 ab
1319 3440 1526 3494 auxilio
1568 3449 1659 3496 tuo
1700 3441 2051 3498 deciderunt.

480 3528 692 3586 Similis
721 3529 890 3595 enim,
923 3529 1128 3600 inquit,
1165 3530 1341 3586 factus
1370 3547 1490 3587 sum
1524 3532 1843 3601 bujusmodi
1874 3535 2054 3589 homi-

477 3619 666 3684 nibus,
715 3620 1014 3674 multorum
1066 3620 1280 3675 scilicet
1313 3619 1596 3690 Opinione,
1649 3620 1864 3675 tametsi
1910 3621 2054 3676 haud

480 3716 555 3772 ita
603 3724 772 3772 esset.
824 3715 1001 3778 Licet,
1060 3715 1261 3786 inquit,
1295 3715 1467 3769 clavis
1511 3713 1806 3771 confossus
1837 3715 1937 3770 sim
2001 3725 2058 3772 et

479 3807 697 3870 lancea,
727 3824 791 3864 ac
823 3808 1040 3879 positus
1070 3811 1238 3862 etiam
1283 3807 1336 3860 in
1373 3807 1653 3876 sepulcro,
1704 3821 1734 3860 a
1784 3817 1838 3862 te
1871 3815 2055 3863 tamen

482 3916 591 3956 non
623 3917 744 3955 sum
777 3901 1089 3966 derelictus,
1135 3899 1322 3967 Neque
1349 3899 1496 3953 enim
1549 3906 1612 3952 tu
1661 3899 1766 3953 mei
1815 3915 2055 3969 unquam

479 3994 689 4048 oblitus
715 4008 797 4058 es,
826 3992 917 4062 qui
944 3993 1072 4046 olim
1107 3992 1390 4064 pollicitus
1430 3991 1615 4046 fueras
1664 4007 1768 4046 non
1802 3993 2055 4046 daturum

481 4095 531 4144 te
557 4103 666 4142 esse
697 4099 940 4140 sanctum
973 4094 1122 4140 tuum
1157 4084 1332 4140 videre
1350 4086 1740 4151 corruptionem
1767 4086 1832 4140 ³⁸.
1863 4083 2055 4154 Neque

483 4180 642 4236 etiam
670 4181 738 4236 de
773 4195 940 4236 manu
962 4188 1058 4234 tua
1080 4181 1333 4252 repulsus
1363 4195 1509 4236 sum.
1558 4177 1641 4235 Me
1673 4180 1846 4245 enim,
1874 4179 2060 4250 inquit

483 4273 638 4335 alibi,
667 4281 890 4344 propter
921 4274 1296 4330 innocentiam
1330 4273 1648 4344 suscepisti.

558 4363 724 4421 Vens.
765 4365 818 4420 7.
861 4364 1165 4422 Posuerunt
1198 4381 1278 4418 me
1313 4365 1368 4418 in
1399 4363 1520 4419 lacu
1543 4363 1809 4433 inferiori.
1849 4361 1954 4416 Per
1979 4362 2060 4416 la-

479 4474 604 4516 cum
640 4458 955 4514 inferiorem
1005 4458 1349 4530 sepulturam
1389 4457 1669 4528 intelligit.
1709 4455 1869 4524 cujus
1916 4469 2048 4524 pro-

2152 1876 2331 1930 ἄλλων
2389 1873 2490 1946 μὲν
2540 1873 2787 1928 ἀκόντων
2813 1871 3293 1943 ἀποθνησκόντων,
3330 1871 3428 1926 καὶ
3455 1870 3537 1924 διὰ
3563 1869 3693 1926 τοῦτο

2151 1964 2570 2034 δεδουὶωμένων
2601 1963 2678 2035 τῷ
2701 1962 2921 2035 Θανάτῳ
2943 2002 2959 2028 ,
2996 1961 3092 2016 τοῦ
3122 1962 3179 2016 δὲ
3205 1961 3452 2033 Χριστοῦ
3484 1961 3692 2023 ἑκόντος.

2165 2048 2494 2124 Ἐξουσίαν
2530 2056 2661 2126 γὰρ,
2718 2054 2906 2126 φησὶν,
2973 2055 3092 2125 ἔχω
3141 2053 3329 2110 θεῖναι
3371 2052 3485 2122 τὴν
3515 2054 3694 2122 ψυχήν

2147 2167 2290 2221 μου.
2325 2149 2396 2202 Ἦ
2426 2148 2522 2202 καὶ
2573 2145 2784 2209 ἄλλως·
2823 2144 3132 2212 ἐλεύθερος,
3182 2143 3259 2206 ὡς
3320 2139 3398 2212 μὴ
3446 2139 3692 2208 συσχεθεὶς

2152 2244 2266 2306 τοῖς
2325 2241 2543 2311 δεσμοῖς
2594 2237 2688 2293 τοῦ
2727 2238 2877 2311 ᾅδου,
2922 2236 3057 2291 ἀλλὰ
3105 2235 3227 2290 κατ’
3276 2232 3523 2300 ἐξουσίαν
3554 2232 3604 2285 ἐν
3631 2230 3692 2300 τῷ

2154 2333 2256 2406 ᾅδῃ
2291 2333 2678 2403 ἀναστραφεὶς,
2710 2331 2804 2384 καὶ
2832 2330 2998 2393 λύσας
3031 2328 3231 2401 μᾶλλον
3261 2328 3390 2391 τοὺς
3419 2325 3528 2380 τῶν
3552 2324 3695 2380 ἄλλων

2154 2425 2411 2496 δεσμούς.
2476 2423 2635 2478 Ἐστι
2669 2423 2724 2477 δέ
2769 2421 3055 2495 ἐλεύθερος
3101 2421 3430 2492 νεκρότητος
3455 2419 3547 2474 καὶ
3564 2417 3696 2472 θανά-

2154 2534 2274 2581 του,
2307 2517 2381 2580 ὡς
2405 2516 2558 2580 Θεός.

2239 2789 2400 2845 Ὠσεί
2418 2788 2768 2857 τραυματίαι
2783 2784 3177 2851 καθεύδοντες
3205 2783 3279 2840 ἐν
3305 2785 3491 2854 τάφῳ.
3513 2783 3693 2854 Προσο-

2158 2881 2497 2936 πακουστέον
2522 2875 2802 2934 κάνταῦθα
2825 2876 2884 2930 τδ
2911 2875 3256 2945 Ἐγενήθην.
3290 2875 3350 2928 Ὀ
3368 2875 3422 2928 δέ
3442 2875 3694 2942 Σύμμαχος

2157 2973 2441 3042 ἐξέδωκεν,
2482 2974 2639 3027 Ὠσεὶ
2679 2967 3180 3040 τραυματισμένοι
3231 2969 3487 3036 κείμενοι
3525 2966 3585 3018 ἐν·
3616 2961 3694 3017 τά·

2157 3088 2318 3137 φοιςι
2874 3084 2878 3088 ἢ
3557 3137 3562 3139 _

2226 3158 2340 3219 Ὧν
2398 3161 2512 3216 οὐκ
2565 3156 2876 3228 ἐμνήσθης
2926 3154 3033 3210 ἔτι.
3094 3153 3429 3225 Σηπομένων
3496 3150 3579 3204 καὶ
3630 3150 3695 3212 είς

2158 3257 2289 3328 χοῦν
2347 3251 2744 3324 διαλυομένων.

2228 3343 2338 3401 Καὶ
2367 3341 2536 3396 αὐτοί
2563 3339 2631 3393 ἐκ
2671 3335 2780 3404 τῆς
2801 3335 3000 3407 χειρός
3020 3348 3136 3389 σου
3153 3331 3544 3402 ἀπώσθησαν.
3576 3331 3696 3386 Οἵτι-

2155 3455 2245 3500 νες
2274 3437 2338 3490 ἐκ
2364 3435 2466 3505 τῆς
2493 3429 2834 3503 ἀντιλήψεὼς
2867 3447 2962 3484 σου
3001 3429 3262 3493 ἐξέπεσον
3304 3427 3393 3481 διὰ
3427 3426 3518 3486 τὰς
3544 3427 3696 3494 ἀμαρ-

2155 3527 2279 3590 τίας
2309 3526 2512 3580 αὐτῶν.
2579 3522 2906 3594 Ὢμοιώθην,
2941 3521 3094 3590 φασὶ,
3138 3519 3426 3582 τοιοῦτοις,
3469 3518 3578 3571 ὅσον
3620 3513 3697 3567 ἐπί

2159 3619 2227 3688 τῇ
2267 3615 2536 3687 ὑπολήψει
2569 3616 2678 3668 τῶν
2702 3611 3063 3683 ἀνθρωπίνων
3091 3627 3106 3642 ·
3144 3610 3243 3663 οὐκ
3283 3609 3435 3680 ἥμην
3471 3609 3523 3662 δὲ
3551 3605 3698 3661 τοιοῦο

2158 3729 2276 3778 τος.
2332 3711 2394 3766 Ei
2426 3710 2532 3782 γὰρ
2565 3709 2660 3763 καὶ
2697 3706 2945 3780 ἐτρώθην
2975 3705 3126 3776 ἥλοις
3150 3703 3244 3756 καὶ
3274 3703 3464 3774 λόγχῃ,
3491 3699 3574 3754 καὶ
3597 3699 3696 3751 ἑτέ-

2160 3808 2260 3879 θην
2297 3808 2355 3862 ἐν
2403 3807 2580 3878 τάφῳ,
2613 3804 2733 3859 ἀλλ’
2782 3804 2882 3857 οὐκ
2933 3799 3246 3872 ἐπελὴσθην
3294 3800 3447 3872 παρὰ
3496 3797 3599 3850 σοί·
3627 3795 3698 3849 Οὐ

2158 3900 2267 3972 γὰρ
2291 3898 2529 3966 δώσεις,
2557 3897 2711 3969 φησι,
2741 3896 2850 3951 τὸν
2874 3894 3049 3949 ὅσιόν
3075 3910 3192 3949 σου
3221 3892 3370 3948 ίδεῖν
3390 3886 3696 3960 διαφθοράν·

2159 3992 2269 4046 οὐδ’
2299 3990 2564 4061 ἀπώσθην
2603 3991 2666 4044 ἐκ
2703 3989 2802 4058 τῆς
2833 3987 3020 4058 χειρός
3052 4002 3171 4042 σου.
3215 3982 3385 4056 Ἐμοῦ
3416 3982 3539 4055 γὰρ,
3567 3978 3699 4051 φησὶ,

2158 4084 2248 4140 διὰ
2268 4084 2366 4156 τὴν
2391 4083 2630 4138 ἀκακίαν
2654 4080 2978 4136 ἀντελάϐου.

2235 4353 2486 4410 Ἔθεντό
2501 4369 2580 4423 με
2609 4352 2679 4407 ἐν
2705 4348 2916 4417 λάκκῳ
2945 4347 3277 4412 κατωτάτφ.
3310 4344 3520 4400 Λάκιον
3549 4339 3704 4394 κατώο

2161 4466 2325 4503 τατον
2350 4446 2439 4501 τὸν
2471 4446 2641 4514 τάφον
2677 4442 2864 4512 φησὶν,
2909 4435 2970 4495 οὗ
2996 4443 3054 4496 τὸ
3085 4440 3246 4512 βάθος
3273 4438 3500 4507 καρδίαν
3525 4433 3616 4505 γῆς
3642 4431 3705 4486 είο

481 4552 808 4608 iunditatem
856 4523 1110 4608 Christus
1158 4552 1214 4605 in
1249 4523 1709 4617 EvangelioiCar
1746 4523 2052 4614 terraeiap-

2169 4557 2300 4613 ρηκε
2341 4540 2435 4592 καὶ
2474 4539 2531 4590 ἐν
2565 4541 2678 4601 τοῖς
2721 4534 3079 4604 Εὑαγγελίοις
3111 4535 3139 4587 ὁ
3170 4533 3408 4602 Χριστός
3432 4547 3446 4561 '
3480 4529 3640 4583 ἔθεντο
3659 4523 3708 4577 δέ

481 4644 705 4714 pellavit
761 4644 1001 4700 dicens:
1045 4643 1136 4699 Sic
1201 4643 1298 4698 erit
1341 4640 1514 4695 Filius
1537 4641 1766 4695 hominis
1822 4641 1874 4692 in
1903 4637 2060 4692 corde

2169 4651 2238 4707 με
2286 4635 2336 4686 oi
2379 4632 2507 4702 περὶ
2538 4630 2637 4701 τὴν
2665 4627 2844 4699 ταφὴν
2861 4627 3309 4698 διακονήσαντες.

485 4748 673 4800 ιιι-ιω,
727 4738 893 4792 tribus
928 4737 1109 4794 diebus
1153 4746 1203 4792 et
1258 4736 1422 4792 tribus
1455 4736 1696 4793 noctibus
1733 4735 1801 4788 ".
1841 4732 1926 4787 llii
1959 4739 2143 4787 autem
2197 4728 2253 4784 in
2336 4742 2400 4783 ea
2455 4741 2541 4782 me
2592 4730 2912 4797 posuerunt,
2983 4718 3078 4790 qui
3160 4716 3493 4788 sepulturam
3559 4721 3706 4766 meam

484 4837 765 4882 curarunt.

551 4916 619 4970 In
676 4915 958 4970 tenebrosis
1005 4923 1056 4970 et
1106 4917 1165 4968 in
1217 4913 1408 4968 umbra
1440 4914 1651 4970 mortis.
1681 4913 1739 4968 In
1774 4913 1936 4976 locis,
1971 4913 2060 4967 in—

484 5026 692 5081 quam,
739 5007 1074 5064 tenebrosis.
1139 5006 1501 5078 Superposito
1558 5007 1704 5062 enim
1767 5006 2060 5074 sepulturas

2245 4908 2350 4960 Ἓν
2376 4899 2714 4966 σκοτεινοῖς
2743 4898 2842 4953 καί
2873 4899 2942 4952 ἐν
2972 4893 3118 4964 σκιᾷ
3155 4892 3445 4950 θανάτου.
3488 4895 3570 4947 Ἑν
3597 4906 3708 4943 σκο-

2166 5000 2364 5061 τεινοῖς
2395 4997 2615 5058 τόποιςο
2644 4990 2988 5052 ἐπιτεθέντος
3005 4989 3116 5059 γὰρ
3142 4987 3236 5040 τοῦ
3260 4986 3434 5050 λίθου,
3463 4988 3634 5046 σκότος
3662 4982 3708 5033 ἐν

481 5076 684 5175 lapide,
747 5104 988 5159 tenebras
1039 5103 1096 5156 in
1131 5076 1581 5157 eaietﬁciuntur.
1647 5097 1752 5154 Per
1803 5099 2052 5152 umbram

2169 5094 2274 5156 τοῖς
2311 5089 2406 5143 τοῦ
2438 5087 2703 5161 μνημείου
2734 5084 2925 5152 γέγονε
2960 5083 3149 5145 τόποις
3176 5096 3191 5111 ⁸
3218 5080 3383 5132 σκιὰν
3421 5078 3475 5133 δὲ
3507 5076 3709 5131 θανάτου

481 5199 650 5251 etiam
683 5197 899 5263 mortis,
953 5195 1244 5250 tenebrosa
1294 5194 1590 5264 sepultura:
1623 5191 1742 5246 loca
1777 5190 2060 5260 significa-

487 5291 584 5355 vit,
617 5289 882 5344 varietate
905 5303 1049 5343 usus
1098 5286 1392 5342 sermonis.
1451 5282 1733 5355 Siquidem
1792 5283 2060 5337 umbrosa

487 5383 611 5438 loca
648 5381 940 5437 tenebrosa
974 5381 1141 5435 etiam
1171 5379 1538 5451 appellamus.

561 5475 727 5530 Vens.
769 5475 825 5530 8.
865 5472 1037 5543 Super
1070 5489 1149 5528 me
1193 5472 1547 5542 conﬁrmatus
1592 5476 1671 5525 est
1723 5468 1875 5539 furor
1923 5477 2068 5522 tuus.

2161 5184 2326 5238 πάλιν
2351 5182 2481 5244 τοὺς
2513 5179 2571 5233 ἐν
2601 5177 2678 5248 τῷ
2699 5175 2854 5245 τάφῳ
2887 5174 3196 5237 σκοτεινοῦς
3227 5171 3377 5238 λέγει
3404 5171 3588 5231 τόπους
3607 5185 3619 5197 ·
3655 5163 3712 5216 δι’

2170 5277 2375 5347 ἐτέρων
2407 5272 2610 5337 λέξεων
2661 5269 2724 5323 τὸ
2743 5269 2874 5322 αὐτὸ
2903 5265 3182 5338 σημαίνει.
3215 5263 3354 5318 Σκιὰ
3381 5263 3484 5332 γὰρ
3517 5261 3713 5328 λέγεται
3744 5281 3756 5306 ι

2175 5370 2269 5424 καὶ
2306 5367 2368 5420 τὸ
2395 5366 2608 5428 σκότος.
3120 5430 3126 5435 _

2249 5459 2376 5513 Ἐπ’
2413 5456 2515 5526 ἐμὲ
2563 5453 2971 5530 ἐπεστηρίχΘη
2999 5451 3034 5504 δ
3062 5449 3249 5518 θυμός
3292 5463 3425 5502 σου.
3456 5442 3541 5508 Τὸ,
3565 5443 3718 5498 Ἐπε-

495 5567 866 5636 Symmachus
917 5535 1018 5636 pro
1047 5535 1409 5634 Conﬁrmutus
1444 5535 2052 5630 reddidit,’Aggravatui

2181 5551 2502 5620 στηρίχθη,
2542 5549 2569 5601 ὁ
2623 5545 2946 5615 Σύμμαχος,
2982 5540 3397 5608 Ἓπεϐάρησεν
3450 5535 3714 5636 ἐξέδιοκεν.

489 5671 588 5714 est.
622 5658 678 5714 in
713 5673 820 5724 me,
866 5658 1066 5728 inquit,
1111 5658 1273 5712 irruit
1307 5657 1386 5730 ira
1419 5665 1513 5711 tua
1539 5669 1706 5724 quam
1731 5652 1933 5709 delicta
1960 5651 2062 5706 ho-

573 5840 617 5872 “
656 5837 852 5893 Matth.
912 5851 1060 5904 τινι,
1099 5834 1190 5895 56.
1266 5835 1312 5869 “
1347 5833 1486 5890 Ibid.
1527 5834 1616 5890 55.
1691 5833 1735 5867 ²⁹
1767 5829 1925 5886 ιοοη.
1961 5845 2015 5898 x,
2049 5826 2137 5884 l8.

2182 5645 2340 5716 Ἐμὲ,
2395 5641 2552 5713 φησὶ,
2608 5637 2958 5708 κατέσκηψεν
3017 5637 3046 5690 ὁ
3105 5634 3248 5690 κατὰ
3296 5632 3400 5686 τῶν
3439 5624 3718 5700 ἀνθρώπων

2251 5827 2296 5859 ³⁸
2330 5823 2478 5880 Psai.
2510 5837 2596 5889 xv,
2634 5821 2721 5876 i0.
2799 5819 2840 5853 ²’
2873 5817 3065 5874 Matth.
3104 5831 3203 5884 xu,
3235 5813 3324 5870 ιο.
