3796 6552
85 443 179 503 397
1231 437 1625 498 COMMENT.
1673 435 1750 496 IN
1785 436 2144 497 PSALMOS.

143 552 251 607 Καὶ
286 548 700 617 ἐξηπορήθην.
740 550 849 602 Καὶ
895 547 1055 602 τοῦτο
1077 588 1092 612 ,
1125 550 1251 602 ὅσον
1284 550 1378 602 ἐπὶ
1409 551 1475 620 τῇ
1512 549 1646 601 ὑπο·
1678 555 1717 608 Α

75 645 231 715 λήψει
283 641 396 693 τῶν
451 639 746 710 Ἐϐραῖων.
814 638 1001 704 Ἔδοξε
1050 639 1163 710 γὰρ
1213 640 1399 703 αὐτοῖς
1447 641 1652 708 ἄπορος

78 733 332 807 βοηθείας
355 749 368 762 ·
397 733 480 786 διὸ
508 734 606 786 καὶ
630 732 816 802 ελεγον
835 731 1105 802 ’Ἵδωμεν
1123 735 1176 787 si
1201 733 1439 803 ἔρχεται
1455 734 1654 798 Ἠλίας

77 827 294 882 σώσων
325 825 532 880 αὐτόν.

143 918 268 969 Ἐπ’
292 917 401 986 ἐμὲ
434 914 689 979 διῆλθον
733 919 792 970 αι
824 918 996 985 ὀρταί
1028 932 1145 970 σου
1168 931 1183 946 ο
1217 919 1270 970 οι
1306 917 1656 986 φοϐερισμοί
1733 942 1738 946 ~

75 1022 188 1062 σου
253 1006 629 1073 ὲξετάριιξάν
679 1023 776 1076 με.
820 1007 1022 1081 Ὀργᾶς
1069 1006 1205 1058 Θεοῦ
1238 1008 1337 1068 τὰς
1376 1007 1516 1059 κατὰ
1547 1005 1656 1059 τῶν

78 1099 512 1169 ἁμαρτανόντων
545 1079 895 1168 γινομένας,
937 1095 1134 1165 φησίν·
1170 1097 1371 1165 ὁμοίως
1421 1096 1514 1149 καὶ
1559 1113 1656 1164 φο·

77 1189 400 1258 ϐερισμούς.
452 1188 563 1240 Καὶ
604 1188 702 1251 τὰς
759 1188 858 1258 μὲν
897 1187 1067 1259 ὀργὰς
1114 1187 1341 1242 διελθεῖν
1393 1189 1490 1242 καὶ
1538 1191 1654 1241 εἱσ-

74 1282 230 1333 δῦναι
285 1283 368 1342 εἰς
417 1280 581 1332 αὑτὸν
619 1279 796 1348 λέγει,
845 1280 973 1343 τοὺς
1015 1280 1072 1333 δὲ
1123 1280 1492 1350 φοϐερισμοὺς
1532 1297 1656 1334 συν-

76 1372 372 1441 ταράττειν
430 1373 527 1426 καὶ
579 1371 938 1425 ἀναστέλλειν
969 1371 1078 1424 ἀπὸ
1109 1372 1329 1435 κακίας.
1371 1372 1656 1441 Ὠριγένης

76 1464 127 1515 δὲ
155 1463 339 1532 ὀργὰς
379 1462 519 1516 Θεοῦ
551 1465 647 1515 καὶ⁷
681 1462 1059 1533 φοϐερισμοὺς
1106 1464 1234 1526 τοὺς
1261 1464 1522 1534 δαίμονάς
1548 1483 1655 1536 φη-

79 1569 190 1605 σιν·
237 1555 410 1623 ὀργὰς
444 1556 580 1622 μὲν,
623 1554 700 1616 ὡς
731 1553 1125 1625 ὀργιζομένους
1159 1555 1248 1608 ἀεὶ
1289 1558 1402 1619 τοῖς
1443 1556 1656 1626 ἀνθρώ-

78 1663 195 1708 ποις
222 1662 237 1676 °
291 1647 427 1699 Θεοῦ
457 1647 544 1708 δὲ,
587 1648 662 1710 ὡς
705 1647 846 1700 κατὰ
880 1648 1274 1718 παραχώρησιν
1322 1650 1455 1703 Θεοῦ
1499 1649 1656 1702 τοῦτο

75 1739 397 1802 ποιοῦντες·
429 1739 796 1811 φοϐερισμοῦς
819 1741 912 1806 δὲ,
966 1741 1042 1805 ὡς
1085 1742 1250 1812 φόϐον
1293 1743 1654 1808 ἐπισείοντας.

77 1834 245 1897 Λέγει
291 1833 497 1898 τοίνυν,
549 1834 632 1887 ὅτι
687 1833 830 1886 κατὰ
887 1835 979 1888 τὸν
1027 1835 1224 1906 καιρὸν
1285 1835 1379 1889 τοῦ
1448 1837 1657 1902 πάθους

79 1923 322 1994 ἐπῆλθον
352 1924 526 1995 αὐτῷ,
558 1927 652 1979 καὶ
678 1925 1013 1995 ὲξετάραξαν
1050 1926 1125 1989 ὼς
1160 1926 1471 1997 ἄνθρωπον.

143 2015 550 2071 Ἐκύκλωσάν
570 2035 649 2087 με
681 2017 828 2072 ὡσεί
854 2017 1028 2088 ὕδωρ.
1068 2021 1132 2072 0t
1177 2019 1439 2075 Ἰουδαῖοι.
1458 2021 1551 2074 Ἑν
1578 2019 1656 2092 τῷ

75 2107 157 2161 ια’
222 2108 428 2180 ψαλμῷ
479 2111 670 2181 εἴρηκε
699 2126 714 2140 ·
765 2113 1268 2179 Περιεκύκλωσάν
1314 2129 1392 2182 με
1434 2116 1657 2184 μόσχοι

74 2203 300 2254 πολλοί
322 2217 338 2234 ο
369 2201 572 2271 ταῦροι
601 2202 815 2269 πίονες
839 2201 1168 2273 περιέσχον
1195 2221 1293 2273 με.
1330 2204 1478 2258 Ὠσεὶ
1513 2206 1657 2277 ὕδωρ

72 2292 127 2344 δὲ
160 2288 314 2359 εἶπε,
337 2295 472 2348 διότι
503 2296 566 2349 τὸ
601 2294 746 2366 ὕδωρ
777 2297 1120 2368 πανταχόθεν
1151 2298 1541 2368 περικυκλίζει
1564 2299 1656 2353 τὸν

73 2386 576 2459 ὲναπειλημμένον.

144 2571 344 2638 Ὅλην
366 2571 482 2639 τὴν
511 2570 742 2642 ἡμέραν
775 2573 1107 2643 περιέσχον
1127 2594 1206 2646 με
1233 2577 1375 2647 ἅμα.
1414 2579 1658 2652 Ἦμὲραν

71 2665 176 2734 τὴν
219 2663 318 2717 τοῦ
375 2664 587 2729 πάθους
632 2665 839 2736 φησίν·
875 2667 1034 2737 Ἀμα
1077 2668 1137 2722 δὲ
1192 2671 1315 2724 ἀντὶ
1373 2671 1468 2725 τοῦ
1521 2673 1657 2744 ὁμοῦ

75 2757 302 2821 πάντες.

160 2848 548 2918 Ἐμὰκρυνας
575 2850 678 2906 ἀπ’
711 2851 858 2922 ἐμοῦ
897 2843 1084 2922 φίλοιιί
1112 2855 1214 2909 καὶ
1243 2849 1514 2925 πλὴσίον
1561 2858 1660 2912 καί

71 2943 224 3007 τοὺς
255 2945 572 3012 τνωστούς
619 2963 740 3015 μου
789 2945 910 3000 ἀπὸ
947 2948 1376 3015 ταλαιπωρίας.
1427 2949 1525 3002 Διὰ
1559 2949 1660 3020 τὴν

69 3036 461 3105 ταλαιπωρίαν
526 3054 630 3108 μου
686 3038 791 3107 τὴν
850 3038 959 3092 ἀπὸ
1007 3040 1118 3092 τῶν
1182 3041 1659 3112 προπηλακισμῶν

71 3128 394 3198 ἑμάκρυνας
425 3130 518 3181 ἀπ’
564 3129 700 3197 ἐμοῦ
732 3127 860 3192 τοῦς
884 3129 1133 3200 μαθητάς
1178 3147 1302 3200 μου.
1336 3131 1566 3202 Εἴρηται
1601 3132 1659 3186 δὲ

3237 443 3345 511 ἓη98

1827 545 1890 599 Et
1957 547 2241 602 destitutus
2292 564 2430 603 sum.
2496 549 2560 604 Et
2613 551 2716 608 hoc
2761 555 2926 610 etiam
2977 569 3242 628 quantum
3275 562 3342 613 ad

1756 636 2073 692 Judteorum
2129 639 2469 709 opinionem.
2511 642 2673 702 Visus
2722 657 2808 702 est
2836 650 2983 704 enim
3020 651 3126 706 illis
3175 653 3345 708 veluti

1758 731 2058 784 destitutus
2099 745 2243 796 esse,
2267 741 2317 787 et
2347 733 2593 804 indigere
2626 739 2862 805 auxilio;
2899 749 3062 810 atque
3109 745 3231 797 ideo
3265 743 3347 798 di-

1757 821 1959 873 cebant
2002 837 2016 872 :
2053 820 2334 876 Videamus
2376 825 2423 877 si
2453 827 2590 878 venit
2624 826 2773 882 Elius
2801 829 3104 885 salvaturus
3130 849 3246 886 eum
3273 835 3342 892 ".

1827 911 1999 968 Vens.
2039 916 2128 969 l7.
2179 915 2240 969 In
2281 933 2362 970 me
2391 920 2811 986 pertransierunt
2852 924 2948 977 ira:
3004 935 3127 990 tute,
3169 937 3344 981 eller-

1759 1020 1904 1058 rores
1938 1007 2015 1058 tui
2047 1006 2491 1063 conturbauerunt
2528 1027 2628 1067 me.
2664 1012 2779 1068 lras
2815 1012 2908 1069 Dei
2943 1031 3036 1071 eas
3067 1018 3196 1072 inti
3224 1019 3342 1087 igit,

1735 1109 1896 1163 quas
1931 1093 2075 1152 Deus
2098 1097 2366 1154 adversus
2405 1110 2724 1170 peccatores
2746 1117 3110 1176 conceperat;
3145 1110 3346 1164 simili-

1758 1193 1842 1240 ter
1872 1195 1926 1240 et
1951 1195 2210 1244 terrores.
2246 1188 2311 1241 Et
2344 1192 2454 1245 iras
2508 1193 2728 1262 quidem
2766 1199 3132 1264 pertransisse
3182 1199 3343 1265 dicit,

1758 1285 1812 1330 et
1849 1275 1902 1330 in
1933 1294 1992 1333 se
2024 1279 2304 1350 ingressas
2336 1284 2527 1349 luisse,
2562 1294 2805 1342 terrores
2824 1303 2952 1342 vero
2981 1291 3341 1348 eonturbassc

1758 1375 1812 1421 et
1843 1369 2156 1425 refrenasse
2187 1387 2215 1424 a
2245 1373 2414 1430 vitiis.
2448 1373 2650 1430 Verum
2681 1378 2947 1447 Origenes
2985 1397 3080 1450 per
3114 1384 3245 1448 iras,
3289 1395 3344 1439 et

1762 1461 2140 1530 terroresDei,
2163 1464 2439 1522 daemones
2473 1467 2622 1537 ipsos
2652 1470 2909 1542 intelligit
2929 1493 2942 1529 :
2963 1476 3074 1531 iras
3097 1478 3338 1546 quidem,

1759 1556 1889 1624 quia
1933 1557 2252 1616 hominibus
2296 1575 2510 1631 semper
2555 1564 2678 1618 irati
2709 1575 2860 1630 sunt,
2911 1568 3001 1623 Dei
3036 1585 3169 1625 vero
3205 1574 3338 1637 iras,

1759 1649 1889 1716 quia
1928 1651 2290 1719 permissione
2313 1653 2499 1708 divina
2524 1655 2578 1709 id
2623 1656 2865 1712 faciunt:
2905 1666 3142 1716 terrores
3183 1663 3339 1730 item,

1761 1743 1888 1810 quia
1915 1752 2176 1798 terrorem
2207 1745 2500 1802 incutiunt.
2545 1749 2636 1802 Ait
2678 1750 2847 1819 igitur
2881 1751 3160 1818 Christus,
3197 1757 3342 1823 quod

1761 1834 2035 1902 passionis
2078 1845 2319 1907 tempore
2373 1840 2693 1896 invaserunt
2745 1859 2870 1897 cum
2925 1843 3230 1910 daemones,
3287 1858 3342 1902 et

1758 1928 1903 1997 quod
1941 1938 1999 1980 ut
2030 1928 2304 1984 hominem
2335 1947 2458 1984 eum
2489 1936 2985 1991 conturbaverunt.

1823 2015 1990 2074 Vens.
2031 2019 2113 2075 18.
2161 2019 2638 2078 Circumdederunt
2673 2041 2753 2079 me
2797 2028 2934 2082 sicut
2962 2045 3121 2099 aqua.
3158 2028 3332 2086 Judaei

1700 2118 1718 2145 ⁸
1759 2113 2012 2180 scilicet;
2072 2115 2126 2169 in
2164 2117 2379 2186 psalmo
2423 2131 2601 2174 autem
2632 2137 2724 2175 χιι
2771 2121 2910 2177 dixit
2938 2142 2952 2178 :
2979 2123 3347 2180 Circumdedc—

1757 2215 1882 2259 runt
1912 2225 1990 2262 me
2024 2210 2174 2264 vituli
2195 2210 2368 2278 multi,
2395 2214 2540 2266 tauri
2560 2217 2772 2285 pingues
2817 2217 3114 2272 circuibaut
3145 2236 3243 2274 me.
3277 2219 3345 2276 Et

1758 2298 2246 2355 circumdederunt
2287 2303 2432 2358 sicut
2467 2321 2632 2375 aqua,
2680 2308 2807 2377 quia
2840 2324 2979 2379 aqua
3018 2310 3257 2382 undique
3288 2323 3344 2368 ct

1759 2404 1867 2443 non
1894 2406 1958 2445 ex
1991 2409 2096 2447 una
2123 2401 2332 2449 tantum
2362 2407 2517 2466 parte
2541 2413 2636 2454 eos
2667 2399 2995 2472 circumdat,
3027 2419 3166 2476 quos
3194 2421 3348 2462 com-

1760 2483 2068 2551 prehendit.

1831 2575 1965 2629 Tota
1992 2578 2076 2632 die
2123 2578 2527 2635 circumdabant
2555 2599 2636 2638 me
2672 2585 2850 2640 simul.
2883 2586 3032 2643 Diem
3062 2589 3344 2660 passionis

1761 2665 2036 2738 intelligit.
2095 2668 2160 2724 Et
2214 2672 2360 2741 quod
2397 2673 2494 2738 ait,
2548 2674 2745 2742 Simul,
2794 2694 3008 2749 expone
3064 2695 3181 2750 pro,
3223 2681 3344 2737 Una

1759 2773 1972 2816 omnes.

1836 2851 2000 2908 Vsus.
2035 2854 2122 2910 l9.
2152 2855 2429 2928 Elongasti
2455 2877 2488 2914 ιι
2520 2877 2602 2916 me
2665 2864 2892 2917 amicum
2946 2874 2994 2919 σι
3041 2870 3343 2936 proximum

1759 2954 1808 2998 et
1839 2955 1990 3000 notos
2026 2963 2167 3002 meos
2225 2966 2258 3002 ιι
2311 2951 2546 3006 miseria.
2582 2955 2660 3009 Ob
2692 2955 2972 3010 miseriam
3021 2972 3220 3024 meam,
3257 2958 3345 3012 in-

1761 3037 1904 3105 quit,
1945 3045 2114 3109 atque
2136 3040 2205 3095 ob
2249 3043 2567 3112 opprobria,
2619 3060 2740 3116 qum
2773 3046 2903 3101 mihi
2943 3047 3342 3113 inferebantur,

1761 3131 2030 3200 elongain
2062 3148 2094 3188 a
2141 3149 2225 3189 me
2275 3135 2582 3205 discipulos
2636 3153 2810 3205 meos,
2856 3139 2924 3193 de
3001 3139 3198 3208 quibus
3255 3155 3352 3194 su-

71 3222 176 3274 καὶ
236 3222 498 3292 ἀνωτέρω
521 3239 536 3252 ο
581 3222 958 3291 Ἔμάκρυνας
1007 3222 1150 3290 τοὺς
1203 3229 1511 3292 γνωστούς
1537 3244 1656 3295 μου

1819 3224 1949 3278 :rius
1988 3224 2268 3283 diximus:
2305 3226 2586 3298 Elongasti
2619 3246 2652 3283 a
2679 3246 2759 3284 me
2785 3239 2934 3284 notos
2980 3247 3141 3286 meas.
3191 3234 3347 3286 Ami-

69 3313 179 3367 ἀπ⁹
216 3314 384 3383 ἐμοῦ.
407 3314 566 3367 Φίλον
589 3316 696 3386 γὰρ
725 3314 820 3368 καὶ
853 3315 1083 3385 πλησίον
1112 3317 1206 3370 καὶ
1233 3317 1510 3386 γνωστοὺς
1529 3320 1656 3383 τοὺς

68 3405 282 3468 αὐτοὺς
336 3405 524 3460 καλεῖο
577 3406 730 3474 φίλον
770 3405 890 3477 μὲν,
942 3407 1086 3460 κατὰ
1122 3407 1202 3473 τὸ,
1245 3407 1444 3477 Ὑμεῖς
1491 3410 1657 3479 φίλοι

65 3498 196 3566 μού
225 3498 367 3551 ἐστε
386 3515 400 3528 ·
435 3497 663 3569 πλησίον
707 3497 784 3563 δὲ,
837 3499 912 3562 ὡς
949 3498 1440 3570 συνδιαιτωμένους
1465 3503 1619 3573 αὐτῷ
1638 3521 1654 3536 ο

71 3590 357 3655 γνωστοὺς
390 3590 469 3653 δὲ,
510 3591 585 3654 ὡς
629 3590 1022 3659 γινώσκοντας,
1062 3591 1156 3645 καὶ
1188 3593 1279 3647 διὰ
1307 3594 1464 3648 τοῦτο
1493 3613 1656 3664 γινω-

71 3683 401 3754 σκομένους.
436 3685 561 3739 AD.’
607 3685 750 3739 οὕτω
799 3685 897 3756 μὲν
937 3688 966 3739 ὁ
1019 3687 1234 3756 ψαλμὺς
1286 3689 1368 3752 είς
1419 3690 1657 3760 Χριστὸν

68 3775 331 3846 ἀνήχθηο
384 3774 616 3847 ἁρμόζει
663 3776 720 3829 δὲ
770 3777 867 3830 καὶ
925 3777 1036 3840 τοῖς
1081 3777 1332 3832 εὐσεϐέσι
1382 3783 1550 3834 πᾶσιν
1601 3785 1659 3836 ὲν

69 3869 261 3940 καιρῷ
287 3868 519 3937 θλίψεως
544 3908 560 3934 ,
592 3868 768 3932 οὓτως
791 3885 806 3900 ⁶
837 3871 1008 3940 Κύριε
1033 3873 1060 3923 ό
1090 3871 1226 3936 Θεὸς
1251 3874 1351 3943 τῆς
1383 3877 1658 3944 σωτηρίας

72 3980 214 4032 μου,
243 3963 329 4016 διὰ
355 3963 559 4026 παντὸς
589 3963 829 4016 ἐνώπιόν
886 3980 981 4016 σου
1018 3964 1316 4033 ἐκέκραξα.
1335 3966 1659 4020 ,ἑπικαλού-
1685 4001 1700 4016 .

75 4054 250 4117 μενός
277 4071 335 4106 σε
371 4055 448 4116 εἰς
481 4054 752 4124 βοήθειαν.
783 4055 865 4108 Τὰ
912 4055 969 4108 δὲ
1015 4055 1143 4124 ἑξῆς
1197 4057 1354 4127 δῆλα,
1397 4059 1476 4112 ὅτι
1529 4059 1656 4112 Θλίο

71 4146 234 4208 ψεων
268 4146 518 4216 ἐπλήσθη
555 4147 653 4200 καὶ
686 4148 867 4201 πόνων
899 4149 932 4217 ἡ
958 4148 1103 4218 ψυχή
1144 4166 1270 4217 μου,
1300 4149 1398 4203 καὶ
1429 4150 1658 4220 πλησίον

69 4239 202 4306 εἰμὶ
257 4237 350 4290 τοῦ
381 4238 642 4301 θανάτου,
697 4239 799 4310 ήδη
836 4239 1184 4310 ἀποκαμώνο
1239 4237 1659 4312 συνηριθμήοην

68 4333 197 4392 τοῖς
223 4334 456 4401 νεκροῖς,
509 4333 635 4384 ὅσον
663 4333 756 4386 ἐπὶ
784 4336 849 4404 τῇ
883 4334 1092 4405 σπουδῇ
1130 4335 1238 4387 τῶν
1268 4335 1659 4404 ἀνθρωποκτό-

67 4440 191 4474 νων
216 4421 488 4487 δαιμόνων
514 4438 528 4453 ⁸
561 4425 832 4496 ἐγενήθην
865 4425 1217 4496 εὐχείρωτος,
1253 4426 1386 4479 ὡσεὶ
1415 4427 1660 4502 ἀὸοήθη-

65 4529 198 4574 τος,
239 4513 348 4580 ,καὶ
412 4514 473 4566 ὲν
521 4518 758 4584 νεκροῖς,
810 4517 936 4568 ὅσον
982 4516 1045 4570 τὸ
1099 4517 1186 4569 ἐπ’
1227 4517 1430 4583 αὐτοῖς,
1477 4519 1657 4573 καίτοι

1763 3330 1889 3369 cum
1934 3304 2126 3372 autem
2176 3330 2228 3372 et
2253 3323 2590 3389 proximum,
2623 3330 2675 3374 et
2708 3327 2891 3384 notos,
2925 3320 3146 3377 eosdem
3182 3322 3351 3377 intel-

1766 3405 1907 3478 ligit.
1958 3406 2025 3470 Et
2059 3408 2296 3462 amicum
2335 3409 2471 3464 dicit
2516 3409 2673 3478 juxta
2705 3410 2880 3464 illud:
2916 3407 3017 3463 Vos
3049 3411 3208 3465 amici
3247 3413 3348 3466 mei

1762 3500 1890 3554 uti:
1913 3500 1979 3555 ".
2009 3499 2324 3554 Proximum
2357 3517 2510 3565 vero,
2537 3503 2664 3571 quia
2709 3517 2816 3557 una
2848 3517 3032 3558 secum
3059 3503 3343 3569 vivebant,

1757 3595 1818 3640 .et
1851 3595 2036 3655 notos,
2072 3589 2200 3658 quia
2230 3593 2285 3644 et
2317 3591 2725 3659 cegnoscebant
2748 3599 2804 3646 et
2848 3593 3345 3662 cognoscebantur.

1767 3677 1831 3733 Et
1882 3680 1986 3734 hoc
2026 3689 2186 3750 pacto
2215 3681 2436 3751 quidem
2471 3691 2619 3738 totus
2650 3681 2740 3737 hic
2789 3684 3038 3753 psalmus
3086 3684 3143 3738 in
3188 3685 3351 3739 Chri-

1766 3781 1911 3828 stum
1957 3773 2164 3829 relatus
2215 3781 2322 3830 est.
2354 3774 2848 3844 Congruit'tamen
2879 3776 3132 3836 Icuilibet
3174 3777 3345 3831 etiam

1766 3865 1910 3920 ﬁdeli
1942 3870 1994 3920 in
2023 3867 2295 3938 angustiis
2329 3868 2631 3922 constituto
2657 3882 2674 3923 :
2710 3867 2937 3923 Domine
2975 3865 3120 3924 Deus
3149 3867 3348 3924 salutis

1766 3973 1920 4024 nieaa,
1955 3959 2176 4015 assidue
2201 3961 2432 4014 clamavi
2463 3965 2518 4014 in
2555 3969 2854 4030 conspecto
2885 3967 3004 4024 tuo,
3038 3959 3348 4028 adiutorem

1767 4061 1821 4106 te
1869 4052 2002 4106 mihi
2035 4066 2295 4108 avocans.
2329 4052 2462 4118 Quae
2491 4065 2797 4123 sequuntur
2823 4053 2971 4107 clara
3015 4062 3143 4106 sunt
3167 4068 3183 4105 :
3209 4051 3349 4116 Quia

1766 4145 1948 4198 anima
1978 4160 2098 4201 mea
2126 4146 2387 4202 aerumnis
2413 4147 2634 4217 impleta
2685 4152 2793 4209 est,
2821 4145 3023 4215 quibus
3058 4145 3194 4198 adeo
3224 4143 3352 4197 l'ati-

1765 4246 1928 4309 galus
1958 4254 2103 4303 sum,
2131 4247 2193 4293 ut
2217 4238 2681 4308 mortiproximus
2703 4237 2920 4293 fuerim.
2941 4237 3351 4292 Annumeratus

1766 4337 1948 4385 autem
1979 4344 2102 4384 sum
2140 4343 2266 4384 cum
2320 4331 2573 4392 mortuis,
2611 4335 2875 4398 quantum
2915 4327 2981 4380 ad
3019 4327 3351 4381 saevissimo-

1767 4441 1888 4478 rum
1940 4423 2252 4478 daamonum
2323 4433 2509 4476 votum
2571 4435 2634 4475 ac
2688 4421 2926 4476 studium
2993 4420 3351 4488 pertinet:et

1771 4519 1946 4574 factus
2002 4533 2124 4572 sum
2177 4517 2325 4569 velut
2390 4515 2555 4568 homo
2631 4514 2750 4568 sine.
2803 4513 3032 4575 auxilio,
3086 4512 3158 4564 ita
3189 4519 3247 4562 nt
3274 4509 3344 4563 de

64 4606 366 4677 ἐλεύθερος
395 4608 470 4660 ὢν
496 4609 576 4662 ἔτι
608 4610 953 4680 νεκρὼσεως,
983 4612 1060 4674 ὼς
1089 4614 1288 4688 μηκέτι
1325 4617 1391 4685 τῇ
1429 4614 1660 4686 ἀληθείᾳ

1819 4611 1920 4665 ιοίιὶ
1945 4609 2064 4680 capi
2097 4622 2338 4680 possem.
2372 4605 2470 4661 Fui
2506 4607 2668 4661 etiam
2693 4606 2748 4660 in
2784 4604 3037 4669 mortuis,
3082 4614 3346 4673 quantum

66 4699 290 4753 Θανώνο
322 4701 592 4773 ἐγενήθην
623 4702 757 4755 ὡσεὶ
789 4705 1166 4774 τετρωμένοι,
1191 4705 1438 4775 κείμενοι
1469 4708 1528 4761 ὲν
1559 4710 1660 4761 τάο

64 4813 230 4865 φοις,
294 4797 522 4865 τρωθεὶς
550 4797 630 4867 τῷ
663 4797 808 4865 βέλει
837 4799 936 4868 τῆς
968 4799 1265 4869 ἁμαρτίας,
1310 4801 1344 4871 ἢ
1397 4802 1495 4870 τῆς
1526 4803 1661 4857 ἀθυ·

64 4889 213 4957 μίας
232 4903 245 4920 ·
267 4889 364 4942 καὶ
391 4888 464 4942 τὰ
485 4889 612 4959 ἑξῆς
641 4890 942 4958 ἀναλόγως.
977 4891 1201 4945 Ἕθεντό
1237 4908 1306 4962 με
1333 4893 1382 4946 ol
1403 4893 1658 4964 δαίμονες

65 4979 240 5050 βαθεῖ
268 4978 447 5052 βόθρῳ
475 4980 577 5050 τῆς
607 4981 882 5054 ἁμαρτίας
909 5021 924 5045 ,
964 4982 1022 5035 ἐν
1072 4983 1254 5036 σκότει
1309 4981 1542 5053 θλίψεως
1571 4999 1586 5015 ⁸
1623 4986 1656 5054 ἢ

65 5069 215 5123 σκιὰ
268 5072 365 5125 καὶ
409 5071 670 5141 όμοίωσίς
702 5074 820 5125 ὲστι
851 5073 1084 5127 θανάτου
1137 5073 1225 5126 διὰ
1253 5073 1354 5144 τὴν
1389 5076 1624 5144 πικρίαν
1645 5091 1660 5108 °

59 5163 166 5214 ἐπ’
197 5161 301 5229 ἐμὲ
333 5162 684 5233 ὲπεόάρησεν
712 5163 742 5216 ό
773 5162 944 5234 θυμός
979 5156 1073 5216 σου
1095 5180 1109 5195 ο
1135 5166 1185 5217 εἰ
1211 5165 1322 5236 γὰρ
1359 5165 1437 5236 μὴ
1461 5165 1526 5219 σύ
1555 5185 1660 5239 μου

60 5253 370 5325 ὀργισθῇς,
400 5256 502 5309 οὐκ
529 5257 597 5311 ἄν
630 5274 732 5326 μου
765 5256 1152 5326 περιεγένοντο
1173 5274 1188 5289 ·
1220 5258 1319 5311 καὶ
1345 5261 1526 5323 πάσας
1563 5261 1662 5324 τὰς

57 5349 487 5413 ἐπαναστάσεις
514 5349 625 5404 τῶν
653 5349 908 5420 θλίψεων,
935 5351 1079 5404 κατὰ
1118 5351 1514 5421 παραχώρησίν
1539 5371 1658 5417 σου,

55 5441 362 5510 ἐπήγαγες
411 5441 498 5494 ἐπ’
531 5442 634 5511 ἐμὲ
659 5456 671 5469 ·
706 5443 1022 5512 ὲμάκρυνας
1053 5443 1179 5503 τοὺς
1216 5444 1495 5509 γνωττούς
1531 5461 1658 5513 μου,

49 5533 258 5584 aito-av
300 5533 429 5596 τοὺς
477 5533 670 5601 ἁγίους
697 5533 986 5602 ἀγγέλους,
1035 5534 1162 5595 τοὺς
1205 5535 1312 5603 πρὸ
1344 5537 1440 5603 τῆς
1476 5537 1658 5604 ἁμαρ-

55 5624 198 5688 τίας
231 5625 474 5694 γνησίως
499 5627 635 5697 πρός
665 5642 733 5693 με
755 5626 1138 5694 διακειμένους
1167 5626 1262 5679 καὶ
1286 5627 1656 5696 γνωρίζοντάς

60 5732 164 5786 με,
204 5717 259 5769 οἳ
295 5719 390 5769 κοιλ⁸
428 5717 783 5783 ἐϐδελὺξαντό
815 5735 883 5790 με
914 5719 1002 5773 διὰ
1032 5718 1130 5789 τὴν
1174 5719 1451 5788 ἁμαρτίαν
1477 5736 1491 5752 ·
1549 5739 1653 5774 παι

132 5896 179 5928 ³⁷
224 5896 424 5951 Matth.
470 5911 619 5964 aut,
659 5896 748 5952 49.
826 5897 870 5928 ³³
913 5894 1074 5952 Joan.
1121 5912 1208 5964 xv,
1251 5896 1339 5951 Η.

1768 4705 1838 4760 ad
1896 4705 2138 4770 illorum,
2177 4716 2235 4759 ut
2263 4703 2526 4769 diximus,
2561 4703 2802 4757 studium
2833 4701 3094 4771 pertinet,
3128 4697 3349 4752 tametsi

1766 4812 1868 4867 ego
1900 4797 2080 4852 adhuc
2101 4795 2354 4851 libersim
2379 4809 2409 4848 a
2430 4803 2628 4857 morte,
2662 4792 2828 4847 veluti
2862 4791 2954 4861 qui
2992 4803 3181 4844 revera
3215 4804 3350 4842 nec-

1766 4887 1900 4944 dum
1931 4895 2184 4943 mortuus
2217 4883 2597 4956 sumﬂ'actus
2621 4899 2742 4939 sum
2780 4883 2924 4936 sicut
2962 4879 3232 4934 vulnerati
3261 4880 3350 4949 ja-

1766 4989 1956 5037 centes
1988 4979 2043 5036 in
2073 4980 2369 5050 sepulcris,
2404 4977 2726 5033 vulneratus
2769 4982 2824 5031 et
2857 4975 2974 5044 ipse
3003 4971 3190 5041 jaculo
3222 4984 3352 5038 pec-

1767 5073 1898 5139 cati,
1947 5074 2033 5129 vel
2066 5072 2254 5143 jaculo
2294 5070 2590 5129 nitestitiae.
2624 5069 2757 5136 Quae
2804 5072 3113 5136 sequuntur
3156 5062 3347 5117 eadem

1764 5166 1982 5220 ratione.
2017 5181 2290 5236 expones:
2327 5164 2636 5220 Posuerunt
2678 5174 2765 5214 me
2807 5158 3084 5212 daemones
3139 5153 3192 5208 in
3225 5167 3348 5224 pro-

1764 5259 1936 5312 fundo
1957 5267 2120 5329 atque
2152 5259 2206 5312 in
2244 5256 2398 5312 fovea
2431 5255 2665 5326 peccati,
2707 5252 2760 5305 in
2795 5247 3151 5304 alﬂictionum
3195 5254 3349 5300 tene-

1766 5350 1883 5404 bris
1920 5365 2063 5419 qua',
2118 5351 2189 5404 ob
2229 5361 2502 5404 summam
2557 5341 3004 5401 amaritudinem,
3037 5337 3229 5390 ninbra
3283 5351 3347 5389 ac

1766 5443 2071 5498 similitudo
2113 5441 2362 5510 quaedam
2417 5453 2540 5493 esse
2591 5435 2784 5489 mortis
2827 5431 3103 5486 videntur.
3152 5427 3207 5481 In
3261 5440 3346 5480 tne

1767 5545 2025 5605 gravatus
2053 5544 2136 5589 est
2175 5533 2325 5587 furor
2353 5543 2516 5596 tuus;
2552 5543 2676 5584 nam
2702 5527 2746 5580 si
2784 5535 2839 5579 tu
2871 5523 3004 5578 mihi
3035 5522 3207 5575 iratus
3239 5535 3346 5574 non

1765 5630 1986 5694 fuisses,
2013 5644 2096 5683 me
2122 5628 2195 5682 illi
2233 5637 2383 5681 certe
2415 5639 2521 5678 non
2557 5627 3164 5691 superassentzomnes
3180 5611 3346 5668 etiam

1761 5721 2052 5787 elationes,
2089 5727 2141 5776 et
2187 5717 2572 5780 afﬂictionum,
2626 5721 2685 5768 ut
2735 5712 2810 5767 ita
2859 5709 3061 5777 dicam,
3104 5705 3354 5763 insurre-
