  <div class='ocr_page' id='page_1' title='image "/cluster/home/n/w/nwhite01/storage/ocr_20150623/128/hvd.32044019208230/457.png"; bbox 0 0 3796 6538; ppageno 0'>
   <div class='ocr_carea' id='block_1_1' title="bbox 441 391 3670 468">
    <p class='ocr_par' dir='ltr' id='par_1_1' title="bbox 441 391 3670 468">
     <span class='ocr_line' id='line_1_1' title="bbox 441 391 3670 468; baseline 0.005 -20"><span class='ocrx_word' id='word_1_1' title='bbox 441 394 553 460; x_wconf 83' lang='lat'><strong>899</strong></span> <span class='ocrx_word' id='word_1_2' title='bbox 1678 391 2065 453; x_wconf 81' lang='lat' dir='ltr'><strong>EUTIIYMll</strong></span> <span class='ocrx_word' id='word_1_3' title='bbox 2096 392 2460 452; x_wconf 79' lang='lat' dir='ltr'><strong>ZIGABENI</strong></span> <span class='ocrx_word' id='word_1_4' title='bbox 2695 450 2699 454; x_wconf 87' lang='lat'><strong>.</strong></span> <span class='ocrx_word' id='word_1_5' title='bbox 3587 413 3670 468; x_wconf 67' lang='grc' dir='ltr'><strong>υθέ]</strong></span> 
     </span>
    </p>
   </div>
   <div class='ocr_carea' id='block_1_2' title="bbox 437 505 2022 584">
    <p class='ocr_par' dir='ltr' id='par_1_2' title="bbox 437 505 2021 577">
     <span class='ocr_line' id='line_1_2' title="bbox 437 505 2021 577; baseline -0.002 -12"><span class='ocrx_word' id='word_1_6' title='bbox 437 511 642 576; x_wconf 83' lang='lat' dir='ltr'><strong>tiones,</strong></span> <span class='ocrx_word' id='word_1_7' title='bbox 694 522 791 564; x_wconf 90' lang='lat' dir='ltr'><strong>seu</strong></span> <span class='ocrx_word' id='word_1_8' title='bbox 843 506 1101 576; x_wconf 88' lang='lat' dir='ltr'><strong>impetus,</strong></span> <span class='ocrx_word' id='word_1_9' title='bbox 1138 520 1278 576; x_wconf 89' lang='lat' dir='ltr'><strong>quos</strong></span> <span class='ocrx_word' id='word_1_10' title='bbox 1310 505 1423 561; x_wconf 76' lang='lat' dir='ltr'><strong>fieri</strong></span> <span class='ocrx_word' id='word_1_11' title='bbox 1459 505 1780 577; x_wconf 88' lang='lat' dir='ltr'><strong>permisisti,</strong></span> <span class='ocrx_word' id='word_1_12' title='bbox 1813 507 2021 562; x_wconf 77' lang='lat' dir='ltr'><strong>inducti</strong></span> 
     </span>
    </p>
   </div>
   <div class='ocr_carea' id='block_1_3' title="bbox 2134 505 3669 584">
    <p class='ocr_par' dir='ltr' id='par_1_3' title="bbox 2134 505 3669 584">
     <span class='ocr_line' id='line_1_3' title="bbox 2134 505 3669 584; baseline 0.006 -26"><span class='ocrx_word' id='word_1_13' title='bbox 2134 505 2355 576; x_wconf 79' lang='grc' dir='ltr'>ρεδόθην</span> <span class='ocrx_word' id='word_1_14' title='bbox 2380 506 2568 561; x_wconf 79' lang='grc' dir='ltr'>λοιπὸν</span> <span class='ocrx_word' id='word_1_15' title='bbox 2594 509 2714 571; x_wconf 85' lang='grc' dir='ltr'>ταῖς</span> <span class='ocrx_word' id='word_1_16' title='bbox 2741 507 2977 576; x_wconf 75' lang='grc' dir='ltr'>θλίψεσι,</span> <span class='ocrx_word' id='word_1_17' title='bbox 3013 508 3107 561; x_wconf 79' lang='grc' dir='ltr'><strong>καὶ</strong></span> <span class='ocrx_word' id='word_1_18' title='bbox 3143 507 3246 562; x_wconf 80' lang='grc' dir='ltr'><strong>οὐκ</strong></span> <span class='ocrx_word' id='word_1_19' title='bbox 3292 508 3669 584; x_wconf 73' lang='grc' dir='ltr'>ὲξεπορευόμην</span> 
     </span>
    </p>
   </div>
   <div class='ocr_carea' id='block_1_4' title="bbox 438 597 2022 671">
    <p class='ocr_par' dir='ltr' id='par_1_4' title="bbox 438 598 2020 671">
     <span class='ocr_line' id='line_1_4' title="bbox 438 598 2020 671; baseline -0.002 -12"><span class='ocrx_word' id='word_1_20' title='bbox 438 614 565 660; x_wconf 90' lang='lat' dir='ltr'><strong>sunt</strong></span> <span class='ocrx_word' id='word_1_21' title='bbox 593 616 755 671; x_wconf 85' lang='lat' dir='ltr'><strong>super</strong></span> <span class='ocrx_word' id='word_1_22' title='bbox 783 616 888 654; x_wconf 86' lang='lat' dir='ltr'><strong>me.</strong></span> <span class='ocrx_word' id='word_1_23' title='bbox 923 598 1202 670; x_wconf 84' lang='lat' dir='ltr'><strong>Elongasti</strong></span> <span class='ocrx_word' id='word_1_24' title='bbox 1234 615 1262 652; x_wconf 88' lang='lat' dir='ltr'><strong>a</strong></span> <span class='ocrx_word' id='word_1_25' title='bbox 1295 615 1380 654; x_wconf 86' lang='lat' dir='ltr'><strong>tne</strong></span> <span class='ocrx_word' id='word_1_26' title='bbox 1413 609 1571 654; x_wconf 87' lang='lat' dir='ltr'><strong>notos</strong></span> <span class='ocrx_word' id='word_1_27' title='bbox 1594 615 1766 664; x_wconf 89' lang='lat' dir='ltr'><strong>meos,</strong></span> <span class='ocrx_word' id='word_1_28' title='bbox 1799 609 2020 656; x_wconf 86' lang='lat' dir='ltr'><strong>sanctos</strong></span> 
     </span>
    </p>
   </div>
   <div class='ocr_carea' id='block_1_5' title="bbox 2134 597 3670 671">
    <p class='ocr_par' dir='ltr' id='par_1_5' title="bbox 2134 597 3670 668">
     <span class='ocr_line' id='line_1_5' title="bbox 2134 597 3670 668; baseline 0.005 -19"><span class='ocrx_word' id='word_1_29' title='bbox 2134 597 2185 662; x_wconf 76' lang='grc' dir='ltr'>ίξ</span> <span class='ocrx_word' id='word_1_30' title='bbox 2221 598 2425 664; x_wconf 83' lang='grc' dir='ltr'>αὐτῶν,</span> <span class='ocrx_word' id='word_1_31' title='bbox 2452 599 2701 668; x_wconf 80' lang='grc' dir='ltr'>σφοδρῶς</span> <span class='ocrx_word' id='word_1_32' title='bbox 2744 600 3125 668; x_wconf 73' lang='grc' dir='ltr'><strong>συνεχόμενος.</strong></span> <span class='ocrx_word' id='word_1_33' title='bbox 3163 600 3238 652; x_wconf 84' lang='grc' dir='ltr'><strong>Τὸ</strong></span> <span class='ocrx_word' id='word_1_34' title='bbox 3269 599 3329 651; x_wconf 80' lang='grc' dir='ltr'><strong>δέ</strong></span> <span class='ocrx_word' id='word_1_35' title='bbox 3353 616 3369 628; x_wconf 91' lang='grc'><strong>·</strong></span> <span class='ocrx_word' id='word_1_36' title='bbox 3399 602 3468 652; x_wconf 76' lang='lat' dir='ltr'><strong>Oi</strong></span> <span class='ocrx_word' id='word_1_37' title='bbox 3498 601 3670 668; x_wconf 64' lang='grc' dir='ltr'>ὄρθαι-</span> 
     </span>
    </p>
   </div>
   <div class='ocr_carea' id='block_1_6' title="bbox 437 691 2020 762">
    <p class='ocr_par' dir='ltr' id='par_1_6' title="bbox 437 691 2020 762">
     <span class='ocr_line' id='line_1_6' title="bbox 437 691 2020 762; baseline -0.002 -12"><span class='ocrx_word' id='word_1_38' title='bbox 437 695 647 750; x_wconf 88' lang='lat' dir='ltr'><strong>scilicet</strong></span> <span class='ocrx_word' id='word_1_39' title='bbox 677 691 927 762; x_wconf 80' lang='lat' dir='ltr'><strong>angelos,</strong></span> <span class='ocrx_word' id='word_1_40' title='bbox 965 694 1060 761; x_wconf 91' lang='lat' dir='ltr'><strong>qui</strong></span> <span class='ocrx_word' id='word_1_41' title='bbox 1113 699 1409 760; x_wconf 79' lang='lat' dir='ltr'><strong>antequam</strong></span> <span class='ocrx_word' id='word_1_42' title='bbox 1459 707 1768 761; x_wconf 84' lang='lat' dir='ltr'><strong>peccaretu,</strong></span> <span class='ocrx_word' id='word_1_43' title='bbox 1794 693 2020 748; x_wconf 84' lang='lat' dir='ltr'><strong>amicis-</strong></span> 
     </span>
    </p>
   </div>
   <div class='ocr_carea' id='block_1_7' title="bbox 434 780 2022 852">
    <p class='ocr_par' dir='ltr' id='par_1_7' title="bbox 434 780 2022 852">
     <span class='ocr_line' id='line_1_7' title="bbox 434 780 2022 852; baseline -0.001 -13"><span class='ocrx_word' id='word_1_44' title='bbox 434 783 558 840; x_wconf 86' lang='lat' dir='ltr'><strong>simi</strong></span> <span class='ocrx_word' id='word_1_45' title='bbox 619 793 783 852; x_wconf 89' lang='lat' dir='ltr'><strong>atque</strong></span> <span class='ocrx_word' id='word_1_46' title='bbox 842 781 1088 836; x_wconf 78' lang='lat' dir='ltr'><strong>benevoli</strong></span> <span class='ocrx_word' id='word_1_47' title='bbox 1132 780 1265 834; x_wconf 89' lang='lat' dir='ltr'><strong>mihi</strong></span> <span class='ocrx_word' id='word_1_48' title='bbox 1319 791 1512 835; x_wconf 91' lang='lat' dir='ltr'><strong>erant:</strong></span> <span class='ocrx_word' id='word_1_49' title='bbox 1551 780 1662 836; x_wconf 92' lang='lat' dir='ltr'><strong>illis</strong></span> <span class='ocrx_word' id='word_1_50' title='bbox 1693 793 1824 836; x_wconf 90' lang='lat' dir='ltr'><strong>tunc</strong></span> <span class='ocrx_word' id='word_1_51' title='bbox 1856 793 2022 838; x_wconf 87' lang='lat' dir='ltr'><strong>notus</strong></span> 
     </span>
    </p>
   </div>
   <div class='ocr_carea' id='block_1_8' title="bbox 433 873 2019 943">
    <p class='ocr_par' dir='ltr' id='par_1_8' title="bbox 433 873 2019 943">
     <span class='ocr_line' id='line_1_8' title="bbox 433 873 2019 943; baseline -0.001 -11"><span class='ocrx_word' id='word_1_52' title='bbox 433 893 609 940; x_wconf 85' lang='lat' dir='ltr'><strong>eram,</strong></span> <span class='ocrx_word' id='word_1_53' title='bbox 644 891 830 930; x_wconf 87' lang='lat' dir='ltr'><strong>verum</strong></span> <span class='ocrx_word' id='word_1_54' title='bbox 895 889 1044 929; x_wconf 89' lang='lat' dir='ltr'><strong>nunc</strong></span> <span class='ocrx_word' id='word_1_55' title='bbox 1089 873 1159 929; x_wconf 91' lang='lat' dir='ltr'><strong>ob</strong></span> <span class='ocrx_word' id='word_1_56' title='bbox 1205 882 1436 943; x_wconf 84' lang='lat' dir='ltr'><strong>peccata</strong></span> <span class='ocrx_word' id='word_1_57' title='bbox 1483 874 1872 941; x_wconf 74' lang='lat' dir='ltr'><strong>abominantur</strong></span> <span class='ocrx_word' id='word_1_58' title='bbox 1912 890 2019 930; x_wconf 89' lang='lat' dir='ltr'><strong>me.</strong></span> 
     </span>
    </p>
   </div>
   <div class='ocr_carea' id='block_1_9' title="bbox 432 965 2023 1038">
    <p class='ocr_par' dir='ltr' id='par_1_9' title="bbox 432 965 2023 1038">
     <span class='ocr_line' id='line_1_9' title="bbox 432 965 2023 1038; baseline 0 -14"><span class='ocrx_word' id='word_1_59' title='bbox 432 971 612 1038; x_wconf 79' lang='lat' dir='ltr'><strong>Atque</strong></span> <span class='ocrx_word' id='word_1_60' title='bbox 663 969 786 1022; x_wconf 88' lang='lat' dir='ltr'><strong>ideo</strong></span> <span class='ocrx_word' id='word_1_61' title='bbox 817 967 1052 1022; x_wconf 87' lang='lat' dir='ltr'><strong>traditus</strong></span> <span class='ocrx_word' id='word_1_62' title='bbox 1080 982 1202 1022; x_wconf 90' lang='lat' dir='ltr'><strong>sum</strong></span> <span class='ocrx_word' id='word_1_63' title='bbox 1253 965 1675 1033; x_wconf 84' lang='lat' dir='ltr'><strong>afﬂictionibus,</strong></span> <span class='ocrx_word' id='word_1_64' title='bbox 1737 983 1768 1022; x_wconf 94' lang='lat' dir='ltr'><strong>a</strong></span> <span class='ocrx_word' id='word_1_65' title='bbox 1819 968 2023 1036; x_wconf 83' lang='lat' dir='ltr'><strong>quibus</strong></span> 
     </span>
    </p>
   </div>
   <div class='ocr_carea' id='block_1_10' title="bbox 431 1058 2018 1132">
    <p class='ocr_par' dir='ltr' id='par_1_10' title="bbox 431 1058 2018 1132">
     <span class='ocr_line' id='line_1_10' title="bbox 431 1058 2018 1132; baseline -0.001 -15"><span class='ocrx_word' id='word_1_66' title='bbox 431 1062 618 1132; x_wconf 79' lang='lat' dir='ltr'><strong>egredi</strong></span> <span class='ocrx_word' id='word_1_67' title='bbox 664 1077 772 1116; x_wconf 93' lang='lat' dir='ltr'><strong>non</strong></span> <span class='ocrx_word' id='word_1_68' title='bbox 808 1061 993 1124; x_wconf 89' lang='lat' dir='ltr'><strong>datur,</strong></span> <span class='ocrx_word' id='word_1_69' title='bbox 1027 1058 1121 1114; x_wconf 88' lang='lat' dir='ltr'><strong>sed</strong></span> <span class='ocrx_word' id='word_1_70' title='bbox 1176 1074 1372 1128; x_wconf 84' lang='lat' dir='ltr'><strong>magna</strong></span> <span class='ocrx_word' id='word_1_71' title='bbox 1422 1059 1491 1114; x_wconf 88' lang='lat' dir='ltr'><strong>ab</strong></span> <span class='ocrx_word' id='word_1_72' title='bbox 1531 1059 1613 1114; x_wconf 90' lang='lat' dir='ltr'><strong>eis</strong></span> <span class='ocrx_word' id='word_1_73' title='bbox 1648 1061 1703 1114; x_wconf 90' lang='lat' dir='ltr'><strong>vi</strong></span> <span class='ocrx_word' id='word_1_74' title='bbox 1747 1060 2018 1116; x_wconf 85' lang='lat' dir='ltr'><strong>detineor.</strong></span> 
     </span>
    </p>
   </div>
   <div class='ocr_carea' id='block_1_11' title="bbox 434 1152 2020 1223">
    <p class='ocr_par' dir='ltr' id='par_1_11' title="bbox 434 1152 2020 1223">
     <span class='ocr_line' id='line_1_11' title="bbox 434 1152 2020 1223; baseline -0.001 -13"><span class='ocrx_word' id='word_1_75' title='bbox 434 1153 528 1210; x_wconf 91' lang='lat' dir='ltr'><strong>llla</strong></span> <span class='ocrx_word' id='word_1_76' title='bbox 561 1162 744 1208; x_wconf 90' lang='lat' dir='ltr'><strong>autem</strong></span> <span class='ocrx_word' id='word_1_77' title='bbox 800 1153 962 1208; x_wconf 87' lang='lat' dir='ltr'><strong>verba</strong></span> <span class='ocrx_word' id='word_1_78' title='bbox 989 1170 1003 1207; x_wconf 89' lang='lat'><strong>:</strong></span> <span class='ocrx_word' id='word_1_79' title='bbox 1035 1152 1186 1209; x_wconf 78' lang='lat' dir='ltr'><strong>Oculi</strong></span> <span class='ocrx_word' id='word_1_80' title='bbox 1219 1154 1321 1207; x_wconf 88' lang='lat' dir='ltr'><strong>mei</strong></span> <span class='ocrx_word' id='word_1_81' title='bbox 1340 1152 1659 1222; x_wconf 80' lang='lat' dir='ltr'><strong>languerunt</strong></span> <span class='ocrx_word' id='word_1_82' title='bbox 1675 1167 1786 1221; x_wconf 75' lang='lat' dir='ltr'><strong>pm</strong></span> <span class='ocrx_word' id='word_1_83' title='bbox 1817 1153 2020 1223; x_wconf 80' lang='lat' dir='ltr'><strong>inopia,</strong></span> 
     </span>
    </p>
   </div>
   <div class='ocr_carea' id='block_1_12' title="bbox 433 1244 2018 1316">
    <p class='ocr_par' dir='ltr' id='par_1_12' title="bbox 433 1244 2018 1316">
     <span class='ocr_line' id='line_1_12' title="bbox 433 1244 2018 1316; baseline 0.003 -18"><span class='ocrx_word' id='word_1_84' title='bbox 433 1247 652 1299; x_wconf 84' lang='lat' dir='ltr'><strong>declara</strong></span> <span class='ocrx_word' id='word_1_85' title='bbox 688 1256 748 1299; x_wconf 92' lang='lat' dir='ltr'><strong>ut</strong></span> <span class='ocrx_word' id='word_1_86' title='bbox 807 1246 1062 1315; x_wconf 80' lang='lat' dir='ltr'><strong>superius</strong></span> <span class='ocrx_word' id='word_1_87' title='bbox 1113 1246 1495 1316; x_wconf 77' lang='lat' dir='ltr'><strong>exposuimus.</strong></span> <span class='ocrx_word' id='word_1_88' title='bbox 1549 1244 1794 1301; x_wconf 80' lang='lat' dir='ltr'><strong>Clamavi</strong></span> <span class='ocrx_word' id='word_1_89' title='bbox 1837 1247 1906 1302; x_wconf 84' lang='lat' dir='ltr'><strong>ad</strong></span> <span class='ocrx_word' id='word_1_90' title='bbox 1943 1256 2018 1314; x_wconf 82' lang='lat' dir='ltr'><strong>te,</strong></span> 
     </span>
    </p>
   </div>
   <div class='ocr_carea' id='block_1_13' title="bbox 434 1335 2026 1406">
    <p class='ocr_par' dir='ltr' id='par_1_13' title="bbox 434 1335 2026 1406">
     <span class='ocr_line' id='line_1_13' title="bbox 434 1335 2026 1406; baseline 0.002 -18"><span class='ocrx_word' id='word_1_91' title='bbox 434 1335 658 1390; x_wconf 83' lang='lat' dir='ltr'><strong>assidue</strong></span> <span class='ocrx_word' id='word_1_92' title='bbox 711 1335 763 1388; x_wconf 93' lang='lat' dir='ltr'><strong>in</strong></span> <span class='ocrx_word' id='word_1_93' title='bbox 823 1336 1091 1388; x_wconf 75' lang='lat' dir='ltr'><strong>auxilium</strong></span> <span class='ocrx_word' id='word_1_94' title='bbox 1139 1344 1192 1390; x_wconf 93' lang='lat' dir='ltr'><strong>te</strong></span> <span class='ocrx_word' id='word_1_95' title='bbox 1245 1350 1427 1390; x_wconf 86' lang='lat' dir='ltr'><strong>meum</strong></span> <span class='ocrx_word' id='word_1_96' title='bbox 1475 1335 1772 1400; x_wconf 76' lang='lat' dir='ltr'><strong>advocatis,</strong></span> <span class='ocrx_word' id='word_1_97' title='bbox 1818 1345 1872 1390; x_wconf 88' lang='lat' dir='ltr'><strong>et</strong></span> <span class='ocrx_word' id='word_1_98' title='bbox 1901 1352 2026 1406; x_wconf 72' lang='lat' dir='ltr'><strong>qua:</strong></span> 
     </span>
    </p>
   </div>
   <div class='ocr_carea' id='block_1_14' title="bbox 435 1425 2026 1496">
    <p class='ocr_par' dir='ltr' id='par_1_14' title="bbox 435 1425 2026 1496">
     <span class='ocr_line' id='line_1_14' title="bbox 435 1425 2026 1496; baseline 0.003 -15"><span class='ocrx_word' id='word_1_99' title='bbox 435 1435 766 1496; x_wconf 83' lang='lat' dir='ltr'><strong>sequuntur,</strong></span> <span class='ocrx_word' id='word_1_100' title='bbox 820 1441 1036 1496; x_wconf 79' lang='lat' dir='ltr'><strong>expone</strong></span> <span class='ocrx_word' id='word_1_101' title='bbox 1077 1434 1133 1480; x_wconf 84' lang='lat' dir='ltr'><strong>ut</strong></span> <span class='ocrx_word' id='word_1_102' title='bbox 1173 1427 1430 1482; x_wconf 78' lang='lat' dir='ltr'><strong>diximus.</strong></span> <span class='ocrx_word' id='word_1_103' title='bbox 1477 1425 1636 1484; x_wconf 79' lang='lat' dir='ltr'><strong>Mane</strong></span> <span class='ocrx_word' id='word_1_104' title='bbox 1675 1429 1868 1491; x_wconf 84' lang='lat' dir='ltr'><strong>etiam.</strong></span> <span class='ocrx_word' id='word_1_105' title='bbox 1919 1429 2026 1486; x_wconf 88' lang='lat' dir='ltr'><strong>hoc</strong></span> 
     </span>
    </p>
   </div>
   <div class='ocr_carea' id='block_1_15' title="bbox 434 1519 2028 1590">
    <p class='ocr_par' dir='ltr' id='par_1_15' title="bbox 434 1519 2028 1590">
     <span class='ocr_line' id='line_1_15' title="bbox 434 1519 2028 1590; baseline 0.002 -17"><span class='ocrx_word' id='word_1_106' title='bbox 434 1529 542 1584; x_wconf 92' lang='lat' dir='ltr'><strong>est,</strong></span> <span class='ocrx_word' id='word_1_107' title='bbox 575 1535 741 1590; x_wconf 88' lang='lat' dir='ltr'><strong>quam</strong></span> <span class='ocrx_word' id='word_1_108' title='bbox 774 1519 1033 1589; x_wconf 90' lang='lat' dir='ltr'><strong>primum,</strong></span> <span class='ocrx_word' id='word_1_109' title='bbox 1072 1534 1135 1573; x_wconf 89' lang='lat' dir='ltr'><strong>ac</strong></span> <span class='ocrx_word' id='word_1_110' title='bbox 1170 1520 1378 1582; x_wconf 89' lang='lat' dir='ltr'><strong>statim,</strong></span> <span class='ocrx_word' id='word_1_111' title='bbox 1415 1519 1503 1574; x_wconf 90' lang='lat' dir='ltr'><strong>ubi</strong></span> <span class='ocrx_word' id='word_1_112' title='bbox 1537 1535 1567 1574; x_wconf 91' lang='lat' dir='ltr'><strong>a</strong></span> <span class='ocrx_word' id='word_1_113' title='bbox 1595 1535 1791 1576; x_wconf 82' lang='lat' dir='ltr'><strong>somno</strong></span> <span class='ocrx_word' id='word_1_114' title='bbox 1831 1535 2028 1577; x_wconf 78' lang='lat' dir='ltr'><strong>exsur-</strong></span> 
     </span>
    </p>
   </div>
   <div class='ocr_carea' id='block_1_16' title="bbox 437 1610 2021 1681">
    <p class='ocr_par' dir='ltr' id='par_1_16' title="bbox 437 1610 2021 1681">
     <span class='ocr_line' id='line_1_16' title="bbox 437 1610 2021 1681; baseline 0.001 -17"><span class='ocrx_word' id='word_1_115' title='bbox 437 1627 583 1681; x_wconf 82' lang='lat' dir='ltr'><strong>gam,</strong></span> <span class='ocrx_word' id='word_1_116' title='bbox 624 1619 750 1664; x_wconf 83' lang='lat' dir='ltr'><strong>ante</strong></span> <span class='ocrx_word' id='word_1_117' title='bbox 781 1612 966 1665; x_wconf 82' lang='lat' dir='ltr'><strong>omnia</strong></span> <span class='ocrx_word' id='word_1_118' title='bbox 999 1612 1304 1666; x_wconf 89' lang='lat' dir='ltr'><strong>orationem</strong></span> <span class='ocrx_word' id='word_1_119' title='bbox 1329 1610 1396 1666; x_wconf 89' lang='lat' dir='ltr'><strong>ad</strong></span> <span class='ocrx_word' id='word_1_120' title='bbox 1428 1621 1480 1667; x_wconf 90' lang='lat' dir='ltr'><strong>te</strong></span> <span class='ocrx_word' id='word_1_121' title='bbox 1503 1628 1680 1668; x_wconf 86' lang='lat' dir='ltr'><strong>meam</strong></span> <span class='ocrx_word' id='word_1_122' title='bbox 1715 1611 2021 1679; x_wconf 75' lang='lat' dir='ltr'><strong>effundam,</strong></span> 
     </span>
    </p>
   </div>
   <div class='ocr_carea' id='block_1_17' title="bbox 438 1698 2028 1772">
    <p class='ocr_par' dir='ltr' id='par_1_17' title="bbox 438 1698 2028 1772">
     <span class='ocr_line' id='line_1_17' title="bbox 438 1698 2028 1772; baseline 0.001 -17"><span class='ocrx_word' id='word_1_123' title='bbox 438 1701 630 1756; x_wconf 88' lang='lat' dir='ltr'><strong>dicens</strong></span> <span class='ocrx_word' id='word_1_124' title='bbox 665 1717 684 1754; x_wconf 90' lang='lat'><strong><em>:</em></strong></span> <span class='ocrx_word' id='word_1_125' title='bbox 736 1698 936 1768; x_wconf 81' lang='lat' dir='ltr'><strong>Quare,</strong></span> <span class='ocrx_word' id='word_1_126' title='bbox 963 1701 1212 1771; x_wconf 89' lang='lat' dir='ltr'><strong>Domine,</strong></span> <span class='ocrx_word' id='word_1_127' title='bbox 1239 1702 1459 1772; x_wconf 88' lang='lat' dir='ltr'><strong>repellis</strong></span> <span class='ocrx_word' id='word_1_128' title='bbox 1491 1703 1730 1756; x_wconf 89' lang='lat' dir='ltr'><strong>animam</strong></span> <span class='ocrx_word' id='word_1_129' title='bbox 1797 1718 1972 1758; x_wconf 85' lang='lat' dir='ltr'><strong>meam</strong></span> <span class='ocrx_word' id='word_1_130' title='bbox 2004 1703 2028 1756; x_wconf 69' lang='grc' dir='ltr'><strong>ἲ</strong></span> 
     </span>
    </p>
   </div>
   <div class='ocr_carea' id='block_1_18' title="bbox 435 1795 2024 1866">
    <p class='ocr_par' dir='ltr' id='par_1_18' title="bbox 435 1795 2024 1866">
     <span class='ocr_line' id='line_1_18' title="bbox 435 1795 2024 1866; baseline 0.001 -19"><span class='ocrx_word' id='word_1_131' title='bbox 435 1795 542 1848; x_wconf 89' lang='lat' dir='ltr'><strong>hoc</strong></span> <span class='ocrx_word' id='word_1_132' title='bbox 609 1803 715 1857; x_wconf 83' lang='lat' dir='ltr'><strong>est,</strong></span> <span class='ocrx_word' id='word_1_133' title='bbox 765 1797 1032 1864; x_wconf 80' lang='lat' dir='ltr'><strong>meipsum</strong></span> <span class='ocrx_word' id='word_1_134' title='bbox 1083 1796 1138 1849; x_wconf 87' lang='lat' dir='ltr'><strong>in</strong></span> <span class='ocrx_word' id='word_1_135' title='bbox 1198 1795 1472 1866; x_wconf 88' lang='lat' dir='ltr'><strong>angustiis</strong></span> <span class='ocrx_word' id='word_1_136' title='bbox 1531 1795 1925 1859; x_wconf 82' lang='lat' dir='ltr'><strong>constitutum,</strong></span> <span class='ocrx_word' id='word_1_137' title='bbox 1969 1805 2024 1849; x_wconf 82' lang='lat' dir='ltr'><strong>et</strong></span> 
     </span>
    </p>
   </div>
   <div class='ocr_carea' id='block_1_19' title="bbox 439 1869 2100 1958">
    <p class='ocr_par' dir='ltr' id='par_1_19' title="bbox 439 1869 2100 1958">
     <span class='ocr_line' id='line_1_19' title="bbox 439 1869 2100 1958; baseline 0.001 -19"><span class='ocrx_word' id='word_1_138' title='bbox 439 1887 646 1941; x_wconf 77' lang='lat' dir='ltr'><strong>fervide</strong></span> <span class='ocrx_word' id='word_1_139' title='bbox 673 1887 739 1942; x_wconf 91' lang='lat' dir='ltr'><strong>ad</strong></span> <span class='ocrx_word' id='word_1_140' title='bbox 775 1898 828 1943; x_wconf 92' lang='lat' dir='ltr'><strong>te</strong></span> <span class='ocrx_word' id='word_1_141' title='bbox 863 1889 1287 1958; x_wconf 82' lang='lat' dir='ltr'><strong>supplicantem.</strong></span> <span class='ocrx_word' id='word_1_142' title='bbox 1311 1887 1517 1943; x_wconf 80' lang='lat' dir='ltr'><strong>Deinde</strong></span> <span class='ocrx_word' id='word_1_143' title='bbox 1543 1889 1700 1958; x_wconf 90' lang='lat' dir='ltr'><strong>inops</strong></span> <span class='ocrx_word' id='word_1_144' title='bbox 1735 1901 1838 1956; x_wconf 92' lang='lat' dir='ltr'><strong>ego</strong></span> <span class='ocrx_word' id='word_1_145' title='bbox 1877 1903 2024 1953; x_wconf 91' lang='lat' dir='ltr'><strong>sum,</strong></span> <span class='ocrx_word' id='word_1_146' title='bbox 2055 1869 2100 1924; x_wconf 74' lang='grc' dir='ltr'><strong>Β</strong></span> 
     </span>
    </p>
   </div>
   <div class='ocr_carea' id='block_1_20' title="bbox 437 1979 2026 2046">
    <p class='ocr_par' dir='ltr' id='par_1_20' title="bbox 437 1979 2026 2046">
     <span class='ocr_line' id='line_1_20' title="bbox 437 1979 2026 2046; baseline 0.002 -13"><span class='ocrx_word' id='word_1_147' title='bbox 437 1979 648 2034; x_wconf 83' lang='lat' dir='ltr'><strong>nullum</strong></span> <span class='ocrx_word' id='word_1_148' title='bbox 701 1980 922 2035; x_wconf 88' lang='lat' dir='ltr'><strong>aliunde</strong></span> <span class='ocrx_word' id='word_1_149' title='bbox 971 1981 1240 2036; x_wconf 76' lang='lat' dir='ltr'><strong>auxilium</strong></span> <span class='ocrx_word' id='word_1_150' title='bbox 1295 1981 1523 2046; x_wconf 82' lang='lat' dir='ltr'><strong>habens,</strong></span> <span class='ocrx_word' id='word_1_151' title='bbox 1556 1985 1695 2037; x_wconf 89' lang='lat' dir='ltr'><strong>etin</strong></span> <span class='ocrx_word' id='word_1_152' title='bbox 1739 1984 2026 2037; x_wconf 80' lang='lat' dir='ltr'><strong>laboribus</strong></span> 
     </span>
    </p>
   </div>
   <div class='ocr_carea' id='block_1_21' title="bbox 436 2074 2025 2131">
    <p class='ocr_par' dir='ltr' id='par_1_21' title="bbox 436 2074 2025 2131">
     <span class='ocr_line' id='line_1_21' title="bbox 436 2074 2025 2131; baseline 0.001 -4"><span class='ocrx_word' id='word_1_153' title='bbox 436 2089 558 2127; x_wconf 89' lang='lat' dir='ltr'><strong>sum</strong></span> <span class='ocrx_word' id='word_1_154' title='bbox 586 2074 656 2127; x_wconf 86' lang='lat' dir='ltr'><strong>ob</strong></span> <span class='ocrx_word' id='word_1_155' title='bbox 691 2085 936 2128; x_wconf 89' lang='lat' dir='ltr'><strong>errorem</strong></span> <span class='ocrx_word' id='word_1_156' title='bbox 970 2088 1152 2129; x_wconf 87' lang='lat' dir='ltr'><strong>meum</strong></span> <span class='ocrx_word' id='word_1_157' title='bbox 1183 2085 1276 2131; x_wconf 91' lang='lat' dir='ltr'><strong>:et</strong></span> <span class='ocrx_word' id='word_1_158' title='bbox 1304 2074 1504 2129; x_wconf 86' lang='lat' dir='ltr'><strong>licetin</strong></span> <span class='ocrx_word' id='word_1_159' title='bbox 1537 2075 1639 2131; x_wconf 92' lang='lat' dir='ltr'><strong>hoc</strong></span> <span class='ocrx_word' id='word_1_160' title='bbox 1671 2092 1699 2129; x_wconf 90' lang='lat' dir='ltr'><strong>a</strong></span> <span class='ocrx_word' id='word_1_161' title='bbox 1745 2084 1798 2130; x_wconf 89' lang='lat' dir='ltr'><strong>te</strong></span> <span class='ocrx_word' id='word_1_162' title='bbox 1829 2075 2025 2131; x_wconf 86' lang='lat' dir='ltr'><strong>fuerim</strong></span> 
     </span>
    </p>
   </div>
   <div class='ocr_carea' id='block_1_22' title="bbox 433 2164 2023 2236">
    <p class='ocr_par' dir='ltr' id='par_1_22' title="bbox 433 2164 2023 2236">
     <span class='ocr_line' id='line_1_22' title="bbox 433 2164 2023 2236; baseline 0.002 -18"><span class='ocrx_word' id='word_1_163' title='bbox 433 2166 730 2230; x_wconf 80' lang='lat' dir='ltr'><strong>exaltatus,</strong></span> <span class='ocrx_word' id='word_1_164' title='bbox 779 2164 929 2235; x_wconf 89' lang='lat' dir='ltr'><strong>quod</strong></span> <span class='ocrx_word' id='word_1_165' title='bbox 979 2166 1046 2219; x_wconf 90' lang='lat' dir='ltr'><strong>ad</strong></span> <span class='ocrx_word' id='word_1_166' title='bbox 1096 2166 1390 2236; x_wconf 78' lang='lat' dir='ltr'><strong>imaginem</strong></span> <span class='ocrx_word' id='word_1_167' title='bbox 1451 2182 1538 2220; x_wconf 84' lang='lat' dir='ltr'><strong>nte</strong></span> <span class='ocrx_word' id='word_1_168' title='bbox 1583 2175 1732 2221; x_wconf 87' lang='lat' dir='ltr'><strong>tuam</strong></span> <span class='ocrx_word' id='word_1_169' title='bbox 1795 2168 2023 2231; x_wconf 85' lang='lat' dir='ltr'><strong>creasti,</strong></span> 
     </span>
    </p>
   </div>
   <div class='ocr_carea' id='block_1_23' title="bbox 434 2257 2026 2331">
    <p class='ocr_par' dir='ltr' id='par_1_23' title="bbox 434 2257 2026 2331">
     <span class='ocr_line' id='line_1_23' title="bbox 434 2257 2026 2331; baseline 0.001 -20"><span class='ocrx_word' id='word_1_170' title='bbox 434 2257 761 2311; x_wconf 83' lang='lat' dir='ltr'><strong>humiliatus</strong></span> <span class='ocrx_word' id='word_1_171' title='bbox 796 2273 918 2312; x_wconf 87' lang='lat' dir='ltr'><strong>sum</strong></span> <span class='ocrx_word' id='word_1_172' title='bbox 951 2266 1158 2322; x_wconf 87' lang='lat' dir='ltr'><strong>tamen,</strong></span> <span class='ocrx_word' id='word_1_173' title='bbox 1195 2259 1322 2328; x_wconf 88' lang='lat' dir='ltr'><strong>quia</strong></span> <span class='ocrx_word' id='word_1_174' title='bbox 1354 2259 1612 2328; x_wconf 81' lang='lat' dir='ltr'><strong>imaginis</strong></span> <span class='ocrx_word' id='word_1_175' title='bbox 1640 2267 1748 2314; x_wconf 78' lang='lat' dir='ltr'><strong>tua:</strong></span> <span class='ocrx_word' id='word_1_176' title='bbox 1785 2260 2026 2331; x_wconf 83' lang='lat' dir='ltr'><strong>dignita-</strong></span> 
     </span>
    </p>
   </div>
   <div class='ocr_carea' id='block_1_24' title="bbox 434 2348 2018 2420">
    <p class='ocr_par' dir='ltr' id='par_1_24' title="bbox 434 2348 2018 2420">
     <span class='ocr_line' id='line_1_24' title="bbox 434 2348 2018 2420; baseline 0.003 -18"><span class='ocrx_word' id='word_1_177' title='bbox 434 2357 542 2403; x_wconf 89' lang='lat' dir='ltr'><strong>tem</strong></span> <span class='ocrx_word' id='word_1_178' title='bbox 577 2349 738 2404; x_wconf 89' lang='lat' dir='ltr'><strong>amisi</strong></span> <span class='ocrx_word' id='word_1_179' title='bbox 783 2367 798 2404; x_wconf 90' lang='lat'><strong>:</strong></span> <span class='ocrx_word' id='word_1_180' title='bbox 829 2351 933 2415; x_wconf 90' lang='lat' dir='ltr'><strong>vel,</strong></span> <span class='ocrx_word' id='word_1_181' title='bbox 983 2348 1250 2420; x_wconf 87' lang='lat' dir='ltr'><strong>opinione</strong></span> <span class='ocrx_word' id='word_1_182' title='bbox 1280 2361 1442 2420; x_wconf 88' lang='lat' dir='ltr'><strong>atque</strong></span> <span class='ocrx_word' id='word_1_183' title='bbox 1468 2351 1876 2406; x_wconf 75' lang='lat' dir='ltr'><strong>existimatione</strong></span> <span class='ocrx_word' id='word_1_184' title='bbox 1900 2367 2018 2406; x_wconf 89' lang='lat' dir='ltr'><strong>mea</strong></span> 
     </span>
    </p>
   </div>
   <div class='ocr_carea' id='block_1_25' title="bbox 434 2440 2019 2512">
    <p class='ocr_par' dir='ltr' id='par_1_25' title="bbox 434 2440 2019 2512">
     <span class='ocr_line' id='line_1_25' title="bbox 434 2440 2019 2512; baseline 0.002 -18"><span class='ocrx_word' id='word_1_185' title='bbox 434 2440 734 2507; x_wconf 76' lang='lat' dir='ltr'><strong>exaltatus,</strong></span> <span class='ocrx_word' id='word_1_186' title='bbox 768 2441 992 2496; x_wconf 85' lang='lat' dir='ltr'><strong>tandem</strong></span> <span class='ocrx_word' id='word_1_187' title='bbox 1052 2441 1378 2498; x_wconf 85' lang='lat' dir='ltr'><strong>humiliatus</strong></span> <span class='ocrx_word' id='word_1_188' title='bbox 1444 2457 1589 2506; x_wconf 90' lang='lat' dir='ltr'><strong>sum,</strong></span> <span class='ocrx_word' id='word_1_189' title='bbox 1641 2443 1770 2512; x_wconf 87' lang='lat' dir='ltr'><strong>quia</strong></span> <span class='ocrx_word' id='word_1_190' title='bbox 1833 2443 2019 2512; x_wconf 89' lang='lat' dir='ltr'><strong>lapsus</strong></span> 
     </span>
    </p>
   </div>
   <div class='ocr_carea' id='block_1_26' title="bbox 433 2531 2020 2602">
    <p class='ocr_par' dir='ltr' id='par_1_26' title="bbox 433 2531 2020 2602">
     <span class='ocr_line' id='line_1_26' title="bbox 433 2531 2020 2602; baseline -0.001 -16"><span class='ocrx_word' id='word_1_191' title='bbox 433 2531 606 2586; x_wconf 86' lang='lat' dir='ltr'><strong>cecidi</strong></span> <span class='ocrx_word' id='word_1_192' title='bbox 642 2547 654 2584; x_wconf 93' lang='lat'>:</span> <span class='ocrx_word' id='word_1_193' title='bbox 685 2541 739 2586; x_wconf 90' lang='lat' dir='ltr'><strong>et</strong></span> <span class='ocrx_word' id='word_1_194' title='bbox 771 2531 1002 2588; x_wconf 90' lang='lat' dir='ltr'><strong>consilio</strong></span> <span class='ocrx_word' id='word_1_195' title='bbox 1051 2531 1350 2588; x_wconf 87' lang='lat' dir='ltr'><strong>destitutus</strong></span> <span class='ocrx_word' id='word_1_196' title='bbox 1393 2547 1535 2593; x_wconf 87' lang='lat' dir='ltr'><strong>sum,</strong></span> <span class='ocrx_word' id='word_1_197' title='bbox 1592 2531 2020 2602; x_wconf 64' lang='lat' dir='ltr'><strong>nescienszquid</strong></span> 
     </span>
    </p>
   </div>
   <div class='ocr_carea' id='block_1_27' title="bbox 2116 691 3673 765">
    <p class='ocr_par' dir='ltr' id='par_1_27' title="bbox 2116 691 3673 765">
     <span class='ocr_line' id='line_1_27' title="bbox 2116 691 3673 765; baseline -0.002 -20"><span class='ocrx_word' id='word_1_198' title='bbox 2116 692 2225 760; x_wconf 77' lang='grc' dir='ltr'><strong>μοι</strong></span> <span class='ocrx_word' id='word_1_199' title='bbox 2251 707 2374 760; x_wconf 82' lang='grc' dir='ltr'><strong>μου</strong></span> <span class='ocrx_word' id='word_1_200' title='bbox 2412 692 2776 759; x_wconf 73' lang='grc' dir='ltr'>ἠσθένησαν</span> <span class='ocrx_word' id='word_1_201' title='bbox 2800 692 2918 746; x_wconf 76' lang='grc' dir='ltr'><strong>ἀπὸ</strong></span> <span class='ocrx_word' id='word_1_202' title='bbox 2945 694 3268 760; x_wconf 75' lang='grc' dir='ltr'><strong>πτωχείας,</strong></span> <span class='ocrx_word' id='word_1_203' title='bbox 3312 691 3399 755; x_wconf 82' lang='grc' dir='ltr'><strong>ὡς</strong></span> <span class='ocrx_word' id='word_1_204' title='bbox 3425 700 3673 765; x_wconf 60' lang='grc' dir='ltr'>πῳηρμή.</span> 
     </span>
    </p>
   </div>
   <div class='ocr_carea' id='block_1_28' title="bbox 2127 783 3671 854">
    <p class='ocr_par' dir='ltr' id='par_1_28' title="bbox 2127 783 3671 854">
     <span class='ocr_line' id='line_1_28' title="bbox 2127 783 3671 854; baseline 0.005 -20"><span class='ocrx_word' id='word_1_205' title='bbox 2127 801 2342 838; x_wconf 87' lang='grc' dir='ltr'>νευται.</span> <span class='ocrx_word' id='word_1_206' title='bbox 2382 783 2692 854; x_wconf 81' lang='grc' dir='ltr'><strong>Ἐκέκραξα</strong></span> <span class='ocrx_word' id='word_1_207' title='bbox 2725 783 2862 854; x_wconf 77' lang='grc' dir='ltr'>πρὸς</span> <span class='ocrx_word' id='word_1_208' title='bbox 2909 783 2971 836; x_wconf 82' lang='grc' dir='ltr'>σὲ</span> <span class='ocrx_word' id='word_1_209' title='bbox 3003 784 3091 837; x_wconf 81' lang='grc' dir='ltr'><strong>διὰ</strong></span> <span class='ocrx_word' id='word_1_210' title='bbox 3135 785 3368 848; x_wconf 69' lang='grc' dir='ltr'>παντὸς,</span> <span class='ocrx_word' id='word_1_211' title='bbox 3421 784 3592 837; x_wconf 68' lang='grc' dir='ltr'>καλῶν</span> <span class='ocrx_word' id='word_1_212' title='bbox 3614 792 3671 854; x_wconf 79' lang='grc' dir='ltr'>εἰς</span> 
     </span>
    </p>
   </div>
   <div class='ocr_carea' id='block_1_29' title="bbox 2125 875 3672 946">
    <p class='ocr_par' dir='ltr' id='par_1_29' title="bbox 2125 875 3672 946">
     <span class='ocr_line' id='line_1_29' title="bbox 2125 875 3672 946; baseline 0.002 -16"><span class='ocrx_word' id='word_1_213' title='bbox 2125 875 2448 946; x_wconf 76' lang='grc' dir='ltr'><strong>ἀντίληψιν,</strong></span> <span class='ocrx_word' id='word_1_214' title='bbox 2502 875 2598 928; x_wconf 76' lang='grc' dir='ltr'><strong>καὶ</strong></span> <span class='ocrx_word' id='word_1_215' title='bbox 2627 875 2695 930; x_wconf 83' lang='grc' dir='ltr'>τὰ</span> <span class='ocrx_word' id='word_1_216' title='bbox 2726 876 2878 944; x_wconf 77' lang='grc' dir='ltr'>ἑξῆς,</span> <span class='ocrx_word' id='word_1_217' title='bbox 2925 875 3001 939; x_wconf 84' lang='grc' dir='ltr'>ὡς</span> <span class='ocrx_word' id='word_1_218' title='bbox 3041 876 3485 946; x_wconf 73' lang='grc' dir='ltr'>πρωποδεὸοται</span> <span class='ocrx_word' id='word_1_219' title='bbox 3513 877 3672 933; x_wconf 62' lang='lat' dir='ltr'><strong>nam.</strong></span> 
     </span>
    </p>
   </div>
   <div class='ocr_carea' id='block_1_30' title="bbox 2139 967 3674 1040">
    <p class='ocr_par' dir='ltr' id='par_1_30' title="bbox 2139 967 3674 1040">
     <span class='ocr_line' id='line_1_30' title="bbox 2139 967 3674 1040; baseline 0.001 -17"><span class='ocrx_word' id='word_1_220' title='bbox 2139 969 2410 1032; x_wconf 80' lang='grc' dir='ltr'>’Δναστὰς</span> <span class='ocrx_word' id='word_1_221' title='bbox 2441 969 2500 1024; x_wconf 72' lang='grc' dir='ltr'><strong>δὲ</strong></span> <span class='ocrx_word' id='word_1_222' title='bbox 2532 971 2634 1040; x_wconf 77' lang='grc' dir='ltr'>τῆς</span> <span class='ocrx_word' id='word_1_223' title='bbox 2666 968 2878 1040; x_wconf 80' lang='grc' dir='ltr'><strong>κοίτης,</strong></span> <span class='ocrx_word' id='word_1_224' title='bbox 2900 969 3011 1040; x_wconf 80' lang='grc' dir='ltr'><strong>πρὸ</strong></span> <span class='ocrx_word' id='word_1_225' title='bbox 3038 970 3262 1023; x_wconf 75' lang='grc' dir='ltr'>πάντων</span> <span class='ocrx_word' id='word_1_226' title='bbox 3281 967 3594 1038; x_wconf 68' lang='grc' dir='ltr'>ἀναπέμψω</span> <span class='ocrx_word' id='word_1_227' title='bbox 3615 987 3674 1025; x_wconf 70' lang='grc' dir='ltr'><strong>σοι</strong></span> 
     </span>
    </p>
   </div>
   <div class='ocr_carea' id='block_1_31' title="bbox 2125 1060 3672 1138">
    <p class='ocr_par' dir='ltr' id='par_1_31' title="bbox 2125 1060 3672 1138">
     <span class='ocr_line' id='line_1_31' title="bbox 2125 1060 3672 1138; baseline -0.003 -23"><span class='ocrx_word' id='word_1_228' title='bbox 2125 1061 2471 1138; x_wconf 69' lang='grc' dir='ltr'>προσευχήν.</span> <span class='ocrx_word' id='word_1_229' title='bbox 2491 1061 2612 1116; x_wconf 80' lang='grc' dir='ltr'>Ἵνα</span> <span class='ocrx_word' id='word_1_230' title='bbox 2637 1061 2712 1126; x_wconf 82' lang='grc' dir='ltr'><strong>τί,</strong></span> <span class='ocrx_word' id='word_1_231' title='bbox 2731 1061 2928 1132; x_wconf 80' lang='grc' dir='ltr'>Κύριε,</span> <span class='ocrx_word' id='word_1_232' title='bbox 2947 1061 3188 1124; x_wconf 68' lang='grc' dir='ltr'>ἀπωθείς</span> <span class='ocrx_word' id='word_1_233' title='bbox 3219 1060 3324 1132; x_wconf 78' lang='grc' dir='ltr'>τὴν</span> <span class='ocrx_word' id='word_1_234' title='bbox 3354 1060 3543 1130; x_wconf 75' lang='grc' dir='ltr'>ψυχήν</span> <span class='ocrx_word' id='word_1_235' title='bbox 3563 1079 3672 1131; x_wconf 63' lang='lat' dir='ltr'><strong>pou;</strong></span> 
     </span>
    </p>
   </div>
   <div class='ocr_carea' id='block_1_32' title="bbox 2123 1153 3674 1225">
    <p class='ocr_par' dir='ltr' id='par_1_32' title="bbox 2123 1153 3674 1225">
     <span class='ocr_line' id='line_1_32' title="bbox 2123 1153 3674 1225; baseline -0.001 -15"><span class='ocrx_word' id='word_1_236' title='bbox 2123 1157 2407 1210; x_wconf 71' lang='grc' dir='ltr'><strong>τουτέστιν</strong></span> <span class='ocrx_word' id='word_1_237' title='bbox 2442 1154 2566 1225; x_wconf 76' lang='grc' dir='ltr'><strong>ἐμὲ,</strong></span> <span class='ocrx_word' id='word_1_238' title='bbox 2591 1154 2735 1210; x_wconf 78' lang='grc' dir='ltr'><strong>κατὰ</strong></span> <span class='ocrx_word' id='word_1_239' title='bbox 2773 1153 3134 1225; x_wconf 73' lang='grc' dir='ltr'><strong>περίφρασιν,</strong></span> <span class='ocrx_word' id='word_1_240' title='bbox 3164 1155 3225 1206; x_wconf 83' lang='grc' dir='ltr'>ὲν</span> <span class='ocrx_word' id='word_1_241' title='bbox 3251 1153 3535 1220; x_wconf 72' lang='grc' dir='ltr'><strong>ἀνάγκαις</strong></span> <span class='ocrx_word' id='word_1_242' title='bbox 3557 1154 3674 1216; x_wconf 69' lang='grc' dir='ltr'>ὅντε.</span> 
     </span>
    </p>
   </div>
   <div class='ocr_carea' id='block_1_33' title="bbox 2125 1238 3676 1319">
    <p class='ocr_par' dir='ltr' id='par_1_33' title="bbox 2125 1238 3676 1319">
     <span class='ocr_line' id='line_1_33' title="bbox 2125 1238 3676 1319; baseline -0.005 -17"><span class='ocrx_word' id='word_1_243' title='bbox 2125 1248 2223 1303; x_wconf 71' lang='grc' dir='ltr'><strong>καὶ</strong></span> <span class='ocrx_word' id='word_1_244' title='bbox 2255 1246 2478 1319; x_wconf 81' lang='grc' dir='ltr'><strong>θερμῶς</strong></span> <span class='ocrx_word' id='word_1_245' title='bbox 2502 1246 2783 1317; x_wconf 82' lang='grc' dir='ltr'>δεόμενον,</span> <span class='ocrx_word' id='word_1_246' title='bbox 2824 1245 2921 1299; x_wconf 78' lang='grc' dir='ltr'>καὶ</span> <span class='ocrx_word' id='word_1_247' title='bbox 2957 1245 3029 1299; x_wconf 86' lang='grc' dir='ltr'>τὰ</span> <span class='ocrx_word' id='word_1_248' title='bbox 3059 1244 3209 1314; x_wconf 77' lang='grc' dir='ltr'>ἑξῆς.</span> <span class='ocrx_word' id='word_1_249' title='bbox 3276 1238 3448 1307; x_wconf 82' lang='grc' dir='ltr'>Εἶτα,</span> <span class='ocrx_word' id='word_1_250' title='bbox 3504 1246 3676 1314; x_wconf 72' lang='grc' dir='ltr'>πτωχός</span> 
     </span>
    </p>
   </div>
   <div class='ocr_carea' id='block_1_34' title="bbox 2126 1333 3676 1409">
    <p class='ocr_par' dir='ltr' id='par_1_34' title="bbox 2126 1333 3676 1409">
     <span class='ocr_line' id='line_1_34' title="bbox 2126 1333 3676 1409; baseline -0.001 -18"><span class='ocrx_word' id='word_1_251' title='bbox 2126 1341 2244 1406; x_wconf 81' lang='grc' dir='ltr'>είμι</span> <span class='ocrx_word' id='word_1_252' title='bbox 2272 1337 2404 1408; x_wconf 69' lang='grc' dir='ltr'>ἐγὼ,</span> <span class='ocrx_word' id='word_1_253' title='bbox 2438 1337 2710 1409; x_wconf 78' lang='grc' dir='ltr'>μηδεμίαν</span> <span class='ocrx_word' id='word_1_254' title='bbox 2757 1336 2900 1406; x_wconf 71' lang='grc' dir='ltr'>ἔχων</span> <span class='ocrx_word' id='word_1_255' title='bbox 2936 1335 3237 1405; x_wconf 75' lang='grc' dir='ltr'><strong>ἀλλαχόθεν</strong></span> <span class='ocrx_word' id='word_1_256' title='bbox 3269 1333 3558 1404; x_wconf 84' lang='grc' dir='ltr'>βοήθειαν.</span> <span class='ocrx_word' id='word_1_257' title='bbox 3593 1337 3676 1389; x_wconf 69' lang='grc' dir='ltr'><strong>Καὶ</strong></span> 
     </span>
    </p>
   </div>
   <div class='ocr_carea' id='block_1_35' title="bbox 2127 1424 3677 1500">
    <p class='ocr_par' dir='ltr' id='par_1_35' title="bbox 2127 1424 3677 1500">
     <span class='ocr_line' id='line_1_35' title="bbox 2127 1424 3677 1500; baseline -0.005 -16"><span class='ocrx_word' id='word_1_258' title='bbox 2127 1432 2187 1484; x_wconf 80' lang='grc' dir='ltr'>ὲν</span> <span class='ocrx_word' id='word_1_259' title='bbox 2219 1431 2410 1492; x_wconf 82' lang='grc' dir='ltr'>κόποις</span> <span class='ocrx_word' id='word_1_260' title='bbox 2433 1430 2552 1500; x_wconf 83' lang='grc' dir='ltr'>είμὶ</span> <span class='ocrx_word' id='word_1_261' title='bbox 2581 1427 2679 1483; x_wconf 74' lang='grc' dir='ltr'><strong>καὶ</strong></span> <span class='ocrx_word' id='word_1_262' title='bbox 2709 1429 2894 1492; x_wconf 83' lang='grc' dir='ltr'>πόνοις</span> <span class='ocrx_word' id='word_1_263' title='bbox 2933 1427 3022 1481; x_wconf 81' lang='grc' dir='ltr'><strong>διὰ</strong></span> <span class='ocrx_word' id='word_1_264' title='bbox 3049 1427 3112 1480; x_wconf 80' lang='grc' dir='ltr'>τὸ</span> <span class='ocrx_word' id='word_1_265' title='bbox 3146 1427 3412 1496; x_wconf 77' lang='grc' dir='ltr'><strong>σφάλμα.</strong></span> <span class='ocrx_word' id='word_1_266' title='bbox 3448 1424 3677 1493; x_wconf 57' lang='grc' dir='ltr'>Ὑψωθιξ</span> 
     </span>
    </p>
   </div>
   <div class='ocr_carea' id='block_1_36' title="bbox 2129 1515 3678 1592">
    <p class='ocr_par' dir='ltr' id='par_1_36' title="bbox 2129 1515 3678 1592">
     <span class='ocr_line' id='line_1_36' title="bbox 2129 1515 3678 1592; baseline -0.005 -16"><span class='ocrx_word' id='word_1_267' title='bbox 2129 1522 2189 1576; x_wconf 78' lang='grc' dir='ltr'><strong>δὲ</strong></span> <span class='ocrx_word' id='word_1_268' title='bbox 2214 1522 2291 1592; x_wconf 84' lang='grc' dir='ltr'>τῷ</span> <span class='ocrx_word' id='word_1_269' title='bbox 2323 1523 2445 1576; x_wconf 80' lang='grc' dir='ltr'>κατ’</span> <span class='ocrx_word' id='word_1_270' title='bbox 2477 1521 2666 1574; x_wconf 81' lang='grc' dir='ltr'>εἰκόνα</span> <span class='ocrx_word' id='word_1_271' title='bbox 2707 1537 2802 1574; x_wconf 86' lang='grc' dir='ltr'><strong>σου</strong></span> <span class='ocrx_word' id='word_1_272' title='bbox 2830 1520 3186 1590; x_wconf 72' lang='grc' dir='ltr'>γεγενῆσθαι,</span> <span class='ocrx_word' id='word_1_273' title='bbox 3217 1515 3678 1590; x_wconf 70' lang='grc' dir='ltr'>ἐταπεινώθηνῲ</span> 
     </span>
    </p>
   </div>
   <div class='ocr_carea' id='block_1_37' title="bbox 2129 1609 3677 1683">
    <p class='ocr_par' dir='ltr' id='par_1_37' title="bbox 2129 1609 3677 1683">
     <span class='ocr_line' id='line_1_37' title="bbox 2129 1609 3677 1683; baseline -0.005 -14"><span class='ocrx_word' id='word_1_274' title='bbox 2129 1615 2396 1669; x_wconf 78' lang='grc' dir='ltr'><strong>ἀπολέσαι</strong></span> <span class='ocrx_word' id='word_1_275' title='bbox 2437 1613 2500 1666; x_wconf 84' lang='grc' dir='ltr'>τὸ</span> <span class='ocrx_word' id='word_1_276' title='bbox 2537 1613 2757 1682; x_wconf 76' lang='grc' dir='ltr'>ἀξίωμα</span> <span class='ocrx_word' id='word_1_277' title='bbox 2783 1613 2885 1683; x_wconf 82' lang='grc' dir='ltr'>τῆς</span> <span class='ocrx_word' id='word_1_278' title='bbox 2927 1612 3157 1675; x_wconf 75' lang='grc' dir='ltr'>είκόνος.</span> <span class='ocrx_word' id='word_1_279' title='bbox 3191 1612 3266 1664; x_wconf 85' lang='grc' dir='ltr'>Ἢ</span> <span class='ocrx_word' id='word_1_280' title='bbox 3320 1610 3427 1663; x_wconf 73' lang='grc' dir='ltr'><strong>καὶ</strong></span> <span class='ocrx_word' id='word_1_281' title='bbox 3481 1609 3677 1678; x_wconf 60' lang='grc' dir='ltr'>ὑψωθεὶς</span> 
     </span>
    </p>
   </div>
   <div class='ocr_carea' id='block_1_38' title="bbox 2128 1702 3680 1778">
    <p class='ocr_par' dir='ltr' id='par_1_38' title="bbox 2128 1702 3680 1778">
     <span class='ocr_line' id='line_1_38' title="bbox 2128 1702 3680 1778; baseline -0.005 -18"><span class='ocrx_word' id='word_1_282' title='bbox 2128 1710 2197 1778; x_wconf 82' lang='grc' dir='ltr'>τῇ</span> <span class='ocrx_word' id='word_1_283' title='bbox 2228 1708 2430 1777; x_wconf 77' lang='grc' dir='ltr'>οἰήσει,</span> <span class='ocrx_word' id='word_1_284' title='bbox 2459 1705 2839 1775; x_wconf 80' lang='grc' dir='ltr'>ὲταπεινώθην</span> <span class='ocrx_word' id='word_1_285' title='bbox 2879 1705 3063 1759; x_wconf 83' lang='grc' dir='ltr'>πεσὼν</span> <span class='ocrx_word' id='word_1_286' title='bbox 3095 1706 3176 1767; x_wconf 81' lang='grc' dir='ltr'><strong>είς</strong></span> <span class='ocrx_word' id='word_1_287' title='bbox 3211 1702 3441 1756; x_wconf 72' lang='grc' dir='ltr'>ὄλισθον</span> <span class='ocrx_word' id='word_1_288' title='bbox 3461 1719 3477 1733; x_wconf 89' lang='grc'><strong>·</strong></span> <span class='ocrx_word' id='word_1_289' title='bbox 3507 1705 3592 1754; x_wconf 69' lang='lat' dir='ltr'><strong>ut</strong></span> <span class='ocrx_word' id='word_1_290' title='bbox 3614 1705 3680 1770; x_wconf 69' lang='grc' dir='ltr'><strong>ἑξς</strong></span> 
     </span>
    </p>
   </div>
   <div class='ocr_carea' id='block_1_39' title="bbox 2131 1794 3676 1870">
    <p class='ocr_par' dir='ltr' id='par_1_39' title="bbox 2131 1794 3676 1870">
     <span class='ocr_line' id='line_1_39' title="bbox 2131 1794 3676 1870; baseline -0.002 -19"><span class='ocrx_word' id='word_1_291' title='bbox 2131 1797 2470 1870; x_wconf 82' lang='grc' dir='ltr'>ήπορεύθην,</span> <span class='ocrx_word' id='word_1_292' title='bbox 2505 1797 2582 1868; x_wconf 82' lang='grc' dir='ltr'><strong>μὴ</strong></span> <span class='ocrx_word' id='word_1_293' title='bbox 2610 1796 2748 1867; x_wconf 68' lang='grc' dir='ltr'>ἔχων</span> <span class='ocrx_word' id='word_1_294' title='bbox 2768 1797 2821 1850; x_wconf 87' lang='grc' dir='ltr'><strong>τί</strong></span> <span class='ocrx_word' id='word_1_295' title='bbox 2857 1795 2951 1850; x_wconf 72' lang='grc' dir='ltr'><strong>καὶ</strong></span> <span class='ocrx_word' id='word_1_296' title='bbox 2975 1796 3160 1867; x_wconf 78' lang='grc' dir='ltr'>δράσω</span> <span class='ocrx_word' id='word_1_297' title='bbox 3179 1812 3195 1825; x_wconf 89' lang='grc'><strong>·</strong></span> <span class='ocrx_word' id='word_1_298' title='bbox 3225 1797 3317 1849; x_wconf 75' lang='grc' dir='ltr'><strong>ἐπ’</strong></span> <span class='ocrx_word' id='word_1_299' title='bbox 3342 1795 3452 1865; x_wconf 57' lang='lat' dir='ltr'><strong>int</strong></span> <span class='ocrx_word' id='word_1_300' title='bbox 3479 1794 3676 1864; x_wconf 73' lang='grc' dir='ltr'>διῆλθον,</span> 
     </span>
    </p>
   </div>
   <div class='ocr_carea' id='block_1_40' title="bbox 2131 1888 3680 1962">
    <p class='ocr_par' dir='ltr' id='par_1_40' title="bbox 2131 1888 3680 1962">
     <span class='ocr_line' id='line_1_40' title="bbox 2131 1888 3680 1962; baseline -0.002 -19"><span class='ocrx_word' id='word_1_301' title='bbox 2131 1893 2300 1962; x_wconf 70' lang='grc' dir='ltr'>ἤγουν</span> <span class='ocrx_word' id='word_1_302' title='bbox 2339 1890 2584 1959; x_wconf 77' lang='grc' dir='ltr'>ἔφθασαν</span> <span class='ocrx_word' id='word_1_303' title='bbox 2622 1901 2688 1959; x_wconf 77' lang='grc' dir='ltr'>με</span> <span class='ocrx_word' id='word_1_304' title='bbox 2735 1892 2791 1942; x_wconf 79' lang='grc' dir='ltr'>αἱ</span> <span class='ocrx_word' id='word_1_305' title='bbox 2847 1889 3011 1960; x_wconf 81' lang='grc' dir='ltr'>ὀργαί</span> <span class='ocrx_word' id='word_1_306' title='bbox 3042 1906 3160 1954; x_wconf 85' lang='grc' dir='ltr'>σου,</span> <span class='ocrx_word' id='word_1_307' title='bbox 3181 1889 3414 1943; x_wconf 83' lang='grc' dir='ltr'>τίνοντα</span> <span class='ocrx_word' id='word_1_308' title='bbox 3439 1888 3608 1951; x_wconf 72' lang='grc' dir='ltr'>δίκας,</span> <span class='ocrx_word' id='word_1_309' title='bbox 3638 1891 3680 1941; x_wconf 72' lang='grc' dir='ltr'>ὲν</span> 
     </span>
    </p>
   </div>
   <div class='ocr_carea' id='block_1_41' title="bbox 2126 1977 3677 2053">
    <p class='ocr_par' dir='ltr' id='par_1_41' title="bbox 2126 1977 3677 2053">
     <span class='ocr_line' id='line_1_41' title="bbox 2126 1977 3677 2053; baseline -0.005 -17"><span class='ocrx_word' id='word_1_310' title='bbox 2126 1981 2207 2053; x_wconf 82' lang='grc' dir='ltr'>τῷ</span> <span class='ocrx_word' id='word_1_311' title='bbox 2240 1983 2306 2052; x_wconf 78' lang='grc' dir='ltr'>τῇ</span> <span class='ocrx_word' id='word_1_312' title='bbox 2345 1980 2494 2052; x_wconf 69' lang='grc' dir='ltr'>λύπῃ</span> <span class='ocrx_word' id='word_1_313' title='bbox 2523 1978 2954 2050; x_wconf 76' lang='grc' dir='ltr'>συμπνίγεσθαι.</span> <span class='ocrx_word' id='word_1_314' title='bbox 2991 1978 3114 2031; x_wconf 82' lang='grc' dir='ltr'>Ἔτι</span> <span class='ocrx_word' id='word_1_315' title='bbox 3140 1979 3191 2032; x_wconf 74' lang='grc' dir='ltr'>οἱ</span> <span class='ocrx_word' id='word_1_316' title='bbox 3225 1977 3568 2048; x_wconf 75' lang='grc' dir='ltr'>φοϐερισμοί</span> <span class='ocrx_word' id='word_1_317' title='bbox 3591 1995 3677 2040; x_wconf 77' lang='grc' dir='ltr'>σον,</span> 
     </span>
    </p>
   </div>
   <div class='ocr_carea' id='block_1_42' title="bbox 2128 2068 3678 2144">
    <p class='ocr_par' dir='ltr' id='par_1_42' title="bbox 2128 2068 3678 2144">
     <span class='ocr_line' id='line_1_42' title="bbox 2128 2068 3678 2144; baseline -0.005 -17"><span class='ocrx_word' id='word_1_318' title='bbox 2128 2075 2177 2127; x_wconf 80' lang='grc' dir='ltr'>οἱ</span> <span class='ocrx_word' id='word_1_319' title='bbox 2207 2075 2306 2144; x_wconf 67' lang='grc' dir='ltr'>τὴν</span> <span class='ocrx_word' id='word_1_320' title='bbox 2338 2072 2558 2126; x_wconf 79' lang='grc' dir='ltr'>αἰώνιον</span> <span class='ocrx_word' id='word_1_321' title='bbox 2592 2071 2949 2134; x_wconf 74' lang='grc' dir='ltr'>ἀπειλοῦντες</span> <span class='ocrx_word' id='word_1_322' title='bbox 2975 2071 3224 2134; x_wconf 74' lang='grc' dir='ltr'>κόλασιν,</span> <span class='ocrx_word' id='word_1_323' title='bbox 3249 2068 3593 2140; x_wconf 72' lang='grc' dir='ltr'>ἔξετάραξάν</span> <span class='ocrx_word' id='word_1_324' title='bbox 3614 2087 3678 2137; x_wconf 76' lang='grc' dir='ltr'>με,</span> 
     </span>
    </p>
   </div>
   <div class='ocr_carea' id='block_1_43' title="bbox 2128 2161 3679 2236">
    <p class='ocr_par' dir='ltr' id='par_1_43' title="bbox 2128 2161 3679 2236">
     <span class='ocr_line' id='line_1_43' title="bbox 2128 2161 3679 2236; baseline -0.001 -20"><span class='ocrx_word' id='word_1_325' title='bbox 2128 2165 2454 2218; x_wconf 75' lang='grc' dir='ltr'>ἐκύκλωσαν</span> <span class='ocrx_word' id='word_1_326' title='bbox 2494 2181 2584 2234; x_wconf 80' lang='grc' dir='ltr'>με,</span> <span class='ocrx_word' id='word_1_327' title='bbox 2613 2165 2746 2218; x_wconf 67' lang='grc' dir='ltr'>ὡσεὶ</span> <span class='ocrx_word' id='word_1_328' title='bbox 2775 2163 2946 2236; x_wconf 76' lang='grc' dir='ltr'>ὕδωρ,</span> <span class='ocrx_word' id='word_1_329' title='bbox 2973 2165 3023 2216; x_wconf 74' lang='lat' dir='ltr'><strong>oi</strong></span> <span class='ocrx_word' id='word_1_330' title='bbox 3048 2161 3391 2234; x_wconf 72' lang='grc' dir='ltr'>φοϐερισμοί</span> <span class='ocrx_word' id='word_1_331' title='bbox 3429 2163 3609 2214; x_wconf 79' lang='grc' dir='ltr'>σσο.Ἥ</span> <span class='ocrx_word' id='word_1_332' title='bbox 3643 2165 3679 2214; x_wconf 78' lang='grc' dir='ltr'><strong>εί</strong></span> 
     </span>
    </p>
   </div>
   <div class='ocr_carea' id='block_1_44' title="bbox 2125 2256 3681 2327">
    <p class='ocr_par' dir='ltr' id='par_1_44' title="bbox 2125 2256 3681 2327">
     <span class='ocr_line' id='line_1_44' title="bbox 2125 2256 3681 2327; baseline -0.003 -16"><span class='ocrx_word' id='word_1_333' title='bbox 2125 2257 2404 2327; x_wconf 81' lang='grc' dir='ltr'>δαίμονες,</span> <span class='ocrx_word' id='word_1_334' title='bbox 2448 2257 2574 2327; x_wconf 77' lang='grc' dir='ltr'>ἢαί</span> <span class='ocrx_word' id='word_1_335' title='bbox 2625 2257 2858 2326; x_wconf 70' lang='grc' dir='ltr'>θλίψεις,</span> <span class='ocrx_word' id='word_1_336' title='bbox 2915 2257 3332 2324; x_wconf 78' lang='grc' dir='ltr'>ἁποπνίγουσαι</span> <span class='ocrx_word' id='word_1_337' title='bbox 3359 2256 3454 2310; x_wconf 76' lang='grc' dir='ltr'><strong>διὰ</strong></span> <span class='ocrx_word' id='word_1_338' title='bbox 3515 2258 3681 2317; x_wconf 77' lang='grc' dir='ltr'>παντδς</span> 
     </span>
    </p>
   </div>
   <div class='ocr_carea' id='block_1_45' title="bbox 2132 2347 3681 2422">
    <p class='ocr_par' dir='ltr' id='par_1_45' title="bbox 2132 2347 3681 2422">
     <span class='ocr_line' id='line_1_45' title="bbox 2132 2347 3681 2422; baseline -0.005 -18"><span class='ocrx_word' id='word_1_339' title='bbox 2132 2352 2428 2422; x_wconf 83' lang='grc' dir='ltr'>περιέσχον</span> <span class='ocrx_word' id='word_1_340' title='bbox 2454 2367 2522 2420; x_wconf 86' lang='grc' dir='ltr'>με</span> <span class='ocrx_word' id='word_1_341' title='bbox 2551 2349 2668 2420; x_wconf 76' lang='grc' dir='ltr'><strong>ἅμα</strong></span> <span class='ocrx_word' id='word_1_342' title='bbox 2698 2350 2901 2412; x_wconf 82' lang='grc' dir='ltr'>πάντες</span> <span class='ocrx_word' id='word_1_343' title='bbox 2929 2368 2943 2382; x_wconf 77' lang='grc' dir='ltr'><strong>ο</strong></span> <span class='ocrx_word' id='word_1_344' title='bbox 2971 2351 3294 2419; x_wconf 80' lang='grc' dir='ltr'>ὲμάκρυνας</span> <span class='ocrx_word' id='word_1_345' title='bbox 3331 2347 3436 2401; x_wconf 80' lang='grc' dir='ltr'><strong>ἀπ’</strong></span> <span class='ocrx_word' id='word_1_346' title='bbox 3465 2347 3592 2414; x_wconf 73' lang='grc' dir='ltr'>ἐμοῦ</span> <span class='ocrx_word' id='word_1_347' title='bbox 3611 2349 3681 2399; x_wconf 71' lang='grc' dir='ltr'><strong>καὶ</strong></span> 
     </span>
    </p>
   </div>
   <div class='ocr_carea' id='block_1_46' title="bbox 2130 2438 3681 2512">
    <p class='ocr_par' dir='ltr' id='par_1_46' title="bbox 2130 2438 3681 2512">
     <span class='ocr_line' id='line_1_46' title="bbox 2130 2438 3681 2512; baseline -0.003 -17"><span class='ocrx_word' id='word_1_348' title='bbox 2130 2445 2254 2504; x_wconf 74' lang='grc' dir='ltr'>τοὺς</span> <span class='ocrx_word' id='word_1_349' title='bbox 2308 2443 2562 2511; x_wconf 77' lang='grc' dir='ltr'>συνήθεις</span> <span class='ocrx_word' id='word_1_350' title='bbox 2604 2441 2950 2512; x_wconf 78' lang='grc' dir='ltr'>ἀνθρώπους,</span> <span class='ocrx_word' id='word_1_351' title='bbox 3010 2441 3328 2510; x_wconf 80' lang='grc' dir='ltr'>φεύγοντάς</span> <span class='ocrx_word' id='word_1_352' title='bbox 3369 2458 3465 2512; x_wconf 83' lang='grc' dir='ltr'>με,</span> <span class='ocrx_word' id='word_1_353' title='bbox 3494 2440 3578 2492; x_wconf 76' lang='grc' dir='ltr'>διὰ</span> <span class='ocrx_word' id='word_1_354' title='bbox 3609 2438 3681 2507; x_wconf 73' lang='grc' dir='ltr'>τὴν</span> 
     </span>
    </p>
   </div>
   <div class='ocr_carea' id='block_1_47' title="bbox 2129 2533 3541 2605">
    <p class='ocr_par' dir='ltr' id='par_1_47' title="bbox 2129 2533 3541 2605">
     <span class='ocr_line' id='line_1_47' title="bbox 2129 2533 3541 2605; baseline -0.001 -20"><span class='ocrx_word' id='word_1_355' title='bbox 2129 2535 2513 2605; x_wconf 73' lang='grc' dir='ltr'>κατασχοῦσάν</span> <span class='ocrx_word' id='word_1_356' title='bbox 2544 2550 2611 2604; x_wconf 85' lang='grc' dir='ltr'>με</span> <span class='ocrx_word' id='word_1_357' title='bbox 2639 2533 3035 2604; x_wconf 81' lang='grc' dir='ltr'>ταλαιπωρίαν,</span> <span class='ocrx_word' id='word_1_358' title='bbox 3064 2535 3184 2604; x_wconf 70' lang='grc' dir='ltr'>ἢτοι</span> <span class='ocrx_word' id='word_1_359' title='bbox 3219 2533 3541 2604; x_wconf 76' lang='grc' dir='ltr'>συμφοράν.</span> 
     </span>
    </p>
   </div>
   <div class='ocr_carea' id='block_1_48' title="bbox 431 2621 3683 2698">
    <p class='ocr_par' dir='ltr' id='par_1_48' title="bbox 431 2621 3683 2698">
     <span class='ocr_line' id='line_1_48' title="bbox 431 2621 3683 2698; baseline 0.001 -22"><span class='ocrx_word' id='word_1_360' title='bbox 431 2621 690 2680; x_wconf 88' lang='lat' dir='ltr'><strong>facerem.</strong></span> <span class='ocrx_word' id='word_1_361' title='bbox 724 2623 1089 2680; x_wconf 88' lang='lat' dir='ltr'><strong>Trausieruut</strong></span> <span class='ocrx_word' id='word_1_362' title='bbox 1146 2636 1430 2698; x_wconf 73' lang='lat' dir='ltr'><strong>prmterea,</strong></span> <span class='ocrx_word' id='word_1_363' title='bbox 1499 2625 1605 2679; x_wconf 90' lang='lat' dir='ltr'><strong>hoc</strong></span> <span class='ocrx_word' id='word_1_364' title='bbox 1643 2633 2142 2695; x_wconf 87' lang='lat' dir='ltr'><strong>est,.perveuerunt</strong></span> <span class='ocrx_word' id='word_1_365' title='bbox 2176 2628 2226 2680; x_wconf 90' lang='lat' dir='ltr'><strong>in</strong></span> <span class='ocrx_word' id='word_1_366' title='bbox 2277 2645 2362 2684; x_wconf 88' lang='lat' dir='ltr'><strong>me</strong></span> <span class='ocrx_word' id='word_1_367' title='bbox 2399 2630 2492 2684; x_wconf 64' lang='lat' dir='ltr'><strong>iraa</strong></span> <span class='ocrx_word' id='word_1_368' title='bbox 2540 2638 2665 2693; x_wconf 81' lang='lat' dir='ltr'><strong>tuae,</strong></span> <span class='ocrx_word' id='word_1_369' title='bbox 2737 2629 2868 2684; x_wconf 88' lang='lat' dir='ltr'><strong>dum</strong></span> <span class='ocrx_word' id='word_1_370' title='bbox 2935 2631 2990 2682; x_wconf 82' lang='lat' dir='ltr'><strong>in</strong></span> <span class='ocrx_word' id='word_1_371' title='bbox 3051 2629 3330 2697; x_wconf 40' lang='lat' dir='ltr'><strong>presenti.</strong></span> <span class='ocrx_word' id='word_1_372' title='bbox 3363 2629 3477 2681; x_wconf 77' lang='lat' dir='ltr'><strong>rita</strong></span> <span class='ocrx_word' id='word_1_373' title='bbox 3528 2641 3683 2696; x_wconf 64' lang='lat' dir='ltr'><strong>pinnas</strong></span> 
     </span>
    </p>
   </div>
   <div class='ocr_carea' id='block_1_49' title="bbox 415 2716 3684 2790">
    <p class='ocr_par' dir='ltr' id='par_1_49' title="bbox 415 2716 3684 2790">
     <span class='ocr_line' id='line_1_49' title="bbox 415 2716 3684 2790; baseline 0.002 -19"><span class='ocrx_word' id='word_1_374' title='bbox 415 2717 548 2781; x_wconf 85' lang='lat' dir='ltr'><strong>luo,</strong></span> <span class='ocrx_word' id='word_1_375' title='bbox 582 2716 711 2772; x_wconf 89' lang='lat' dir='ltr'><strong>dum</strong></span> <span class='ocrx_word' id='word_1_376' title='bbox 763 2731 1001 2771; x_wconf 67' lang='lat' dir='ltr'><strong>maerore</strong></span> <span class='ocrx_word' id='word_1_377' title='bbox 1041 2717 1285 2773; x_wconf 83' lang='lat' dir='ltr'><strong>suffocor</strong></span> <span class='ocrx_word' id='word_1_378' title='bbox 1319 2734 1333 2770; x_wconf 92' lang='lat'><strong>:</strong></span> <span class='ocrx_word' id='word_1_379' title='bbox 1369 2726 1420 2770; x_wconf 90' lang='lat' dir='ltr'><strong>et</strong></span> <span class='ocrx_word' id='word_1_380' title='bbox 1484 2725 1722 2770; x_wconf 89' lang='lat' dir='ltr'><strong>terrores</strong></span> <span class='ocrx_word' id='word_1_381' title='bbox 1767 2717 1859 2770; x_wconf 88' lang='lat' dir='ltr'><strong>tui</strong></span> <span class='ocrx_word' id='word_1_382' title='bbox 1911 2716 2001 2786; x_wconf 85' lang='lat' dir='ltr'><strong>qui</strong></span> <span class='ocrx_word' id='word_1_383' title='bbox 2043 2725 2277 2774; x_wconf 68' lang='lat' dir='ltr'><strong>aeternas</strong></span> <span class='ocrx_word' id='word_1_384' title='bbox 2313 2719 2446 2774; x_wconf 75' lang='lat' dir='ltr'><strong>milii</strong></span> <span class='ocrx_word' id='word_1_385' title='bbox 2480 2733 2674 2790; x_wconf 74' lang='lat' dir='ltr'><strong>pmnas</strong></span> <span class='ocrx_word' id='word_1_386' title='bbox 2739 2721 3169 2785; x_wconf 89' lang='lat' dir='ltr'><strong>comminantur,</strong></span> <span class='ocrx_word' id='word_1_387' title='bbox 3239 2720 3684 2776; x_wconf 77' lang='lat' dir='ltr'><strong>conturbaverltllt</strong></span> 
     </span>
    </p>
   </div>
   <div class='ocr_carea' id='block_1_50' title="bbox 430 2814 3682 2884">
    <p class='ocr_par' dir='ltr' id='par_1_50' title="bbox 430 2814 3682 2884">
     <span class='ocr_line' id='line_1_50' title="bbox 430 2814 3682 2884; baseline 0.001 -17"><span class='ocrx_word' id='word_1_388' title='bbox 430 2831 519 2870; x_wconf 90' lang='lat' dir='ltr'><strong>me</strong></span> <span class='ocrx_word' id='word_1_389' title='bbox 567 2826 622 2870; x_wconf 90' lang='lat' dir='ltr'><strong>et</strong></span> <span class='ocrx_word' id='word_1_390' title='bbox 707 2815 1194 2870; x_wconf 85' lang='lat' dir='ltr'><strong>circumdederunt</strong></span> <span class='ocrx_word' id='word_1_391' title='bbox 1279 2830 1386 2880; x_wconf 89' lang='lat' dir='ltr'><strong>me,</strong></span> <span class='ocrx_word' id='word_1_392' title='bbox 1452 2816 1600 2871; x_wconf 86' lang='lat' dir='ltr'><strong>sicut</strong></span> <span class='ocrx_word' id='word_1_393' title='bbox 1643 2828 1807 2884; x_wconf 88' lang='lat' dir='ltr'><strong>aqua.</strong></span> <span class='ocrx_word' id='word_1_394' title='bbox 1861 2814 1959 2870; x_wconf 79' lang='lat' dir='ltr'><strong>Vel</strong></span> <span class='ocrx_word' id='word_1_395' title='bbox 1993 2828 2090 2884; x_wconf 86' lang='lat' dir='ltr'><strong>per</strong></span> <span class='ocrx_word' id='word_1_396' title='bbox 2129 2816 2241 2872; x_wconf 89' lang='lat' dir='ltr'><strong>iras</strong></span> <span class='ocrx_word' id='word_1_397' title='bbox 2260 2826 2318 2874; x_wconf 89' lang='lat' dir='ltr'><strong>et</strong></span> <span class='ocrx_word' id='word_1_398' title='bbox 2351 2824 2592 2874; x_wconf 81' lang='lat' dir='ltr'><strong>terrores</strong></span> <span class='ocrx_word' id='word_1_399' title='bbox 2629 2817 2748 2880; x_wconf 88' lang='lat' dir='ltr'><strong>Dei,</strong></span> <span class='ocrx_word' id='word_1_400' title='bbox 2783 2819 3060 2873; x_wconf 64' lang='lat' dir='ltr'><strong>dcittones</strong></span> <span class='ocrx_word' id='word_1_401' title='bbox 3112 2825 3169 2872; x_wconf 88' lang='lat' dir='ltr'><strong>et</strong></span> <span class='ocrx_word' id='word_1_402' title='bbox 3211 2817 3601 2871; x_wconf 80' lang='lat' dir='ltr'><strong>tribulationes</strong></span> <span class='ocrx_word' id='word_1_403' title='bbox 3620 2814 3682 2868; x_wconf 85' lang='lat' dir='ltr'><strong>in-</strong></span> 
     </span>
    </p>
   </div>
   <div class='ocr_carea' id='block_1_51' title="bbox 433 2911 3681 2983">
    <p class='ocr_par' dir='ltr' id='par_1_51' title="bbox 433 2911 3681 2983">
     <span class='ocr_line' id='line_1_51' title="bbox 433 2911 3681 2983; baseline -0.001 -16"><span class='ocrx_word' id='word_1_404' title='bbox 433 2911 650 2981; x_wconf 89' lang='lat' dir='ltr'><strong>telligit.</strong></span> <span class='ocrx_word' id='word_1_405' title='bbox 704 2911 786 2964; x_wconf 80' lang='lat' dir='ltr'><strong>Ab</strong></span> <span class='ocrx_word' id='word_1_406' title='bbox 819 2911 902 2964; x_wconf 87' lang='lat' dir='ltr'><strong>eis</strong></span> <span class='ocrx_word' id='word_1_407' title='bbox 937 2911 1103 2975; x_wconf 89' lang='lat' dir='ltr'><strong>enim,</strong></span> <span class='ocrx_word' id='word_1_408' title='bbox 1153 2911 1351 2980; x_wconf 86' lang='lat' dir='ltr'><strong>inquit,</strong></span> <span class='ocrx_word' id='word_1_409' title='bbox 1401 2911 1626 2966; x_wconf 81' lang='lat' dir='ltr'><strong>assidue</strong></span> <span class='ocrx_word' id='word_1_410' title='bbox 1689 2927 1936 2982; x_wconf 89' lang='lat' dir='ltr'><strong>premor,</strong></span> <span class='ocrx_word' id='word_1_411' title='bbox 1969 2919 2026 2966; x_wconf 86' lang='lat' dir='ltr'><strong>et</strong></span> <span class='ocrx_word' id='word_1_412' title='bbox 2063 2926 2282 2983; x_wconf 79' lang='lat' dir='ltr'><strong>semper</strong></span> <span class='ocrx_word' id='word_1_413' title='bbox 2314 2929 2398 2967; x_wconf 87' lang='lat' dir='ltr'><strong>me</strong></span> <span class='ocrx_word' id='word_1_414' title='bbox 2441 2913 2559 2970; x_wconf 66' lang='lat' dir='ltr'><strong>haec</strong></span> <span class='ocrx_word' id='word_1_415' title='bbox 2597 2914 2737 2968; x_wconf 76' lang='lat' dir='ltr'><strong>mala</strong></span> <span class='ocrx_word' id='word_1_416' title='bbox 2765 2913 3130 2968; x_wconf 82' lang='lat' dir='ltr'><strong>circumdant.</strong></span> <span class='ocrx_word' id='word_1_417' title='bbox 3174 2912 3467 2982; x_wconf 82' lang='lat' dir='ltr'><strong>Elongasti</strong></span> <span class='ocrx_word' id='word_1_418' title='bbox 3537 2929 3564 2965; x_wconf 84' lang='lat' dir='ltr'><strong>a</strong></span> <span class='ocrx_word' id='word_1_419' title='bbox 3620 2927 3681 2968; x_wconf 82' lang='lat' dir='ltr'><strong>me</strong></span> 
     </span>
    </p>
   </div>
   <div class='ocr_carea' id='block_1_52' title="bbox 437 3003 3682 3078">
    <p class='ocr_par' dir='ltr' id='par_1_52' title="bbox 437 3003 3682 3078">
     <span class='ocr_line' id='line_1_52' title="bbox 437 3003 3682 3078; baseline -0 -19"><span class='ocrx_word' id='word_1_420' title='bbox 437 3005 734 3059; x_wconf 81' lang='lat' dir='ltr'><strong>familiares</strong></span> <span class='ocrx_word' id='word_1_421' title='bbox 763 3019 936 3070; x_wconf 87' lang='lat' dir='ltr'><strong>meos,</strong></span> <span class='ocrx_word' id='word_1_422' title='bbox 969 3003 1095 3074; x_wconf 85' lang='lat' dir='ltr'><strong>quia</strong></span> <span class='ocrx_word' id='word_1_423' title='bbox 1131 3003 1201 3059; x_wconf 92' lang='lat' dir='ltr'><strong>ob</strong></span> <span class='ocrx_word' id='word_1_424' title='bbox 1241 3003 1578 3068; x_wconf 84' lang='lat' dir='ltr'><strong>calamitates</strong></span> <span class='ocrx_word' id='word_1_425' title='bbox 1620 3013 1676 3059; x_wconf 89' lang='lat' dir='ltr'><strong>et</strong></span> <span class='ocrx_word' id='word_1_426' title='bbox 1733 3005 2009 3073; x_wconf 84' lang='lat' dir='ltr'><strong>miserias,</strong></span> <span class='ocrx_word' id='word_1_427' title='bbox 2051 3006 2252 3078; x_wconf 89' lang='lat' dir='ltr'><strong>quibus</strong></span> <span class='ocrx_word' id='word_1_428' title='bbox 2308 3007 2578 3074; x_wconf 87' lang='lat' dir='ltr'><strong>detineor,</strong></span> <span class='ocrx_word' id='word_1_429' title='bbox 2642 3022 2836 3064; x_wconf 66' lang='lat' dir='ltr'><strong>«nues</strong></span> <span class='ocrx_word' id='word_1_430' title='bbox 2913 3024 3002 3064; x_wconf 89' lang='lat' dir='ltr'><strong>me</strong></span> <span class='ocrx_word' id='word_1_431' title='bbox 3045 3008 3450 3078; x_wconf 85' lang='lat' dir='ltr'><strong>derelinquunt</strong></span> <span class='ocrx_word' id='word_1_432' title='bbox 3533 3017 3582 3062; x_wconf 85' lang='lat' dir='ltr'><strong>et</strong></span> <span class='ocrx_word' id='word_1_433' title='bbox 3623 3006 3682 3059; x_wconf 71' lang='lat' dir='ltr'><strong>ln-</strong></span> 
     </span>
    </p>
   </div>
   <div class='ocr_carea' id='block_1_53' title="bbox 433 3099 613 3171">
    <p class='ocr_par' dir='ltr' id='par_1_53' title="bbox 433 3099 613 3171">
     <span class='ocr_line' id='line_1_53' title="bbox 433 3099 613 3171; baseline -0.006 -18"><span class='ocrx_word' id='word_1_434' title='bbox 433 3099 613 3171; x_wconf 84' lang='lat' dir='ltr'><strong>giunt.</strong></span> 
     </span>
    </p>
   </div>
   <div class='ocr_carea' id='block_1_54' title="bbox 699 3191 1754 3264">
    <p class='ocr_par' dir='ltr' id='par_1_54' title="bbox 699 3191 1754 3264">
     <span class='ocr_line' id='line_1_54' title="bbox 699 3191 1754 3264; baseline 0.003 -18"><span class='ocrx_word' id='word_1_435' title='bbox 699 3191 1075 3264; x_wconf 76' lang='lat' dir='ltr'><strong>Intelligentia:</strong></span> <span class='ocrx_word' id='word_1_436' title='bbox 1105 3195 1209 3263; x_wconf 83' lang='lat' dir='ltr'><strong>ipsi</strong></span> <span class='ocrx_word' id='word_1_437' title='bbox 1231 3194 1438 3249; x_wconf 73' lang='lat' dir='ltr'><strong>.Etlum</strong></span> <span class='ocrx_word' id='word_1_438' title='bbox 1467 3195 1754 3252; x_wconf 73' lang='lat' dir='ltr'><strong>lsraelitw.</strong></span> 
     </span>
    </p>
   </div>
   <div class='ocr_carea' id='block_1_55' title="bbox 872 3287 1578 3345">
    <p class='ocr_par' dir='ltr' id='par_1_55' title="bbox 872 3287 1578 3345">
     <span class='ocr_line' id='line_1_55' title="bbox 872 3287 1578 3345; baseline 0.001 -2"><span class='ocrx_word' id='word_1_439' title='bbox 872 3287 1196 3345; x_wconf 77' lang='lat' dir='ltr'><strong>PSALMUS</strong></span> <span class='ocrx_word' id='word_1_440' title='bbox 1240 3287 1578 3344; x_wconf 74' lang='lat' dir='ltr'><strong>CXXXVIII.</strong></span> 
     </span>
    </p>
   </div>
   <div class='ocr_carea' id='block_1_56' title="bbox 503 3381 2023 3455">
    <p class='ocr_par' dir='ltr' id='par_1_56' title="bbox 503 3381 2023 3455">
     <span class='ocr_line' id='line_1_56' title="bbox 503 3381 2023 3455; baseline 0 -17"><span class='ocrx_word' id='word_1_441' title='bbox 503 3383 586 3438; x_wconf 86' lang='lat' dir='ltr'><strong>Ad</strong></span> <span class='ocrx_word' id='word_1_442' title='bbox 621 3383 1311 3455; x_wconf 67' lang='lat' dir='ltr'><strong>praesrntisinscriptionis</strong></span> <span class='ocrx_word' id='word_1_443' title='bbox 1340 3381 1770 3438; x_wconf 81' lang='lat' dir='ltr'><strong>declarationem</strong></span> <span class='ocrx_word' id='word_1_444' title='bbox 1807 3397 1876 3438; x_wconf 87' lang='lat' dir='ltr'><strong>ea</strong></span> <span class='ocrx_word' id='word_1_445' title='bbox 1909 3383 2023 3439; x_wconf 70' lang='lat' dir='ltr'><strong>sui-</strong></span> 
     </span>
    </p>
   </div>
   <div class='ocr_carea' id='block_1_57' title="bbox 429 3475 2025 3546">
    <p class='ocr_par' dir='ltr' id='par_1_57' title="bbox 429 3475 2025 3546">
     <span class='ocr_line' id='line_1_57' title="bbox 429 3475 2025 3546; baseline -0.001 -15"><span class='ocrx_word' id='word_1_446' title='bbox 429 3478 646 3545; x_wconf 68' lang='lat' dir='ltr'><strong>‘ﬁciant,</strong></span> <span class='ocrx_word' id='word_1_447' title='bbox 676 3495 796 3546; x_wconf 73' lang='lat' dir='ltr'><strong>qua:</strong></span> <span class='ocrx_word' id='word_1_448' title='bbox 820 3479 1063 3532; x_wconf 75' lang='lat' dir='ltr'><strong>diximus</strong></span> <span class='ocrx_word' id='word_1_449' title='bbox 1091 3478 1146 3532; x_wconf 88' lang='lat' dir='ltr'><strong>in</strong></span> <span class='ocrx_word' id='word_1_450' title='bbox 1183 3477 1434 3546; x_wconf 81' lang='lat' dir='ltr'><strong>proxime</strong></span> <span class='ocrx_word' id='word_1_451' title='bbox 1494 3475 1851 3546; x_wconf 67' lang='lat' dir='ltr'><strong>praecedenti.</strong></span> <span class='ocrx_word' id='word_1_452' title='bbox 1887 3476 2025 3532; x_wconf 82' lang='lat' dir='ltr'><strong>Tra-</strong></span> 
     </span>
    </p>
   </div>
   <div class='ocr_carea' id='block_1_58' title="bbox 436 3567 2024 3637">
    <p class='ocr_par' dir='ltr' id='par_1_58' title="bbox 436 3567 2024 3637">
     <span class='ocr_line' id='line_1_58' title="bbox 436 3567 2024 3637; baseline -0.001 -14"><span class='ocrx_word' id='word_1_453' title='bbox 436 3578 552 3623; x_wconf 90' lang='lat' dir='ltr'><strong>ctat</strong></span> <span class='ocrx_word' id='word_1_454' title='bbox 607 3581 787 3627; x_wconf 86' lang='lat' dir='ltr'><strong>autem</strong></span> <span class='ocrx_word' id='word_1_455' title='bbox 834 3570 1028 3624; x_wconf 83' lang='lat' dir='ltr'><strong>beatus</strong></span> <span class='ocrx_word' id='word_1_456' title='bbox 1087 3567 1256 3623; x_wconf 80' lang='lat' dir='ltr'><strong>David</strong></span> <span class='ocrx_word' id='word_1_457' title='bbox 1304 3569 1359 3622; x_wconf 89' lang='lat' dir='ltr'><strong>in</strong></span> <span class='ocrx_word' id='word_1_458' title='bbox 1390 3567 1648 3637; x_wconf 73' lang='lat' dir='ltr'><strong>przescnti</strong></span> <span class='ocrx_word' id='word_1_459' title='bbox 1681 3568 1892 3637; x_wconf 77' lang='lat' dir='ltr'><strong>psalmo</strong></span> <span class='ocrx_word' id='word_1_460' title='bbox 1940 3582 2024 3628; x_wconf 78' lang='lat' dir='ltr'><strong>ea.</strong></span> 
     </span>
    </p>
   </div>
   <div class='ocr_carea' id='block_1_59' title="bbox 441 3659 2028 3731">
    <p class='ocr_par' dir='ltr' id='par_1_59' title="bbox 441 3659 2028 3731">
     <span class='ocr_line' id='line_1_59' title="bbox 441 3659 2028 3731; baseline 0 -19"><span class='ocrx_word' id='word_1_461' title='bbox 441 3675 565 3729; x_wconf 66' lang='lat' dir='ltr'><strong>quae</strong></span> <span class='ocrx_word' id='word_1_462' title='bbox 595 3661 661 3715; x_wconf 85' lang='lat' dir='ltr'><strong>ad</strong></span> <span class='ocrx_word' id='word_1_463' title='bbox 728 3678 820 3715; x_wconf 85' lang='lat' dir='ltr'><strong>res</strong></span> <span class='ocrx_word' id='word_1_464' title='bbox 852 3677 983 3716; x_wconf 83' lang='lat' dir='ltr'><strong>snas</strong></span> <span class='ocrx_word' id='word_1_465' title='bbox 1026 3661 1302 3731; x_wconf 81' lang='lat' dir='ltr'><strong>pert&#39;ment</strong></span> <span class='ocrx_word' id='word_1_466' title='bbox 1333 3676 1348 3713; x_wconf 87' lang='lat'><strong>:</strong></span> <span class='ocrx_word' id='word_1_467' title='bbox 1379 3659 1660 3728; x_wconf 84' lang='lat' dir='ltr'><strong>Deumque</strong></span> <span class='ocrx_word' id='word_1_468' title='bbox 1699 3668 1758 3714; x_wconf 88' lang='lat' dir='ltr'><strong>ut</strong></span> <span class='ocrx_word' id='word_1_469' title='bbox 1806 3659 2028 3714; x_wconf 83' lang='lat' dir='ltr'><strong>benefa-</strong></span> 
     </span>
    </p>
   </div>
   <div class='ocr_carea' id='block_1_60' title="bbox 434 3749 2026 3820">
    <p class='ocr_par' dir='ltr' id='par_1_60' title="bbox 434 3749 2026 3820">
     <span class='ocr_line' id='line_1_60' title="bbox 434 3749 2026 3820; baseline 0 -14"><span class='ocrx_word' id='word_1_470' title='bbox 434 3763 660 3806; x_wconf 84' lang='lat' dir='ltr'><strong>ctorum</strong></span> <span class='ocrx_word' id='word_1_471' title='bbox 685 3753 896 3808; x_wconf 81' lang='lat' dir='ltr'><strong>laudat.</strong></span> <span class='ocrx_word' id='word_1_472' title='bbox 925 3753 1185 3820; x_wconf 67' lang='lat' dir='ltr'><strong>Quaedam</strong></span> <span class='ocrx_word' id='word_1_473' title='bbox 1236 3761 1418 3806; x_wconf 89' lang='lat' dir='ltr'><strong>tamen</strong></span> <span class='ocrx_word' id='word_1_474' title='bbox 1461 3752 1514 3806; x_wconf 90' lang='lat' dir='ltr'><strong>in</strong></span> <span class='ocrx_word' id='word_1_475' title='bbox 1539 3765 1795 3807; x_wconf 76' lang='lat' dir='ltr'><strong>sermone</strong></span> <span class='ocrx_word' id='word_1_476' title='bbox 1824 3766 1924 3805; x_wconf 87' lang='lat' dir='ltr'><strong>suo</strong></span> <span class='ocrx_word' id='word_1_477' title='bbox 1959 3749 2026 3806; x_wconf 91' lang='lat' dir='ltr'><strong>de</strong></span> 
     </span>
    </p>
   </div>
   <div class='ocr_carea' id='block_1_61' title="bbox 421 3839 2030 3912">
    <p class='ocr_par' dir='ltr' id='par_1_61' title="bbox 421 3839 2030 3912">
     <span class='ocr_line' id='line_1_61' title="bbox 421 3839 2030 3912; baseline 0.001 -18"><span class='ocrx_word' id='word_1_478' title='bbox 421 3839 989 3896; x_wconf 78' lang='lat' dir='ltr'><strong>Cbristoiuterserit:</strong></span> <span class='ocrx_word' id='word_1_479' title='bbox 1029 3852 1195 3912; x_wconf 77' lang='lat' dir='ltr'><strong>atque</strong></span> <span class='ocrx_word' id='word_1_480' title='bbox 1217 3841 1342 3896; x_wconf 85' lang='lat' dir='ltr'><strong>ideo</strong></span> <span class='ocrx_word' id='word_1_481' title='bbox 1382 3841 1744 3911; x_wconf 68' lang='lat' dir='ltr'><strong>intelligentia:</strong></span> <span class='ocrx_word' id='word_1_482' title='bbox 1773 3839 2030 3896; x_wconf 72' lang='lat' dir='ltr'><strong>inscribi-</strong></span> 
     </span>
    </p>
   </div>
   <div class='ocr_carea' id='block_1_62' title="bbox 435 3933 2028 4004">
    <p class='ocr_par' dir='ltr' id='par_1_62' title="bbox 435 3933 2028 4004">
     <span class='ocr_line' id='line_1_62' title="bbox 435 3933 2028 4004; baseline 0.002 -18"><span class='ocrx_word' id='word_1_483' title='bbox 435 3942 552 3996; x_wconf 90' lang='lat' dir='ltr'><strong>tur,</strong></span> <span class='ocrx_word' id='word_1_484' title='bbox 609 3935 739 4002; x_wconf 77' lang='lat' dir='ltr'><strong>quia</strong></span> <span class='ocrx_word' id='word_1_485' title='bbox 797 3935 1158 4003; x_wconf 70' lang='lat' dir='ltr'><strong>intelligentia</strong></span> <span class='ocrx_word' id='word_1_486' title='bbox 1205 3934 1398 3989; x_wconf 72' lang='lat' dir='ltr'><strong>lectori</strong></span> <span class='ocrx_word' id='word_1_487' title='bbox 1425 3949 1564 4004; x_wconf 76' lang='lat' dir='ltr'><strong>opus</strong></span> <span class='ocrx_word' id='word_1_488' title='bbox 1593 3944 1695 3998; x_wconf 88' lang='lat' dir='ltr'><strong>est,</strong></span> <span class='ocrx_word' id='word_1_489' title='bbox 1725 3934 1792 3988; x_wconf 83' lang='lat' dir='ltr'><strong>ad</strong></span> <span class='ocrx_word' id='word_1_490' title='bbox 1832 3933 2028 4004; x_wconf 53' lang='lat' dir='ltr'><strong>digno.</strong></span> 
     </span>
    </p>
   </div>
   <div class='ocr_carea' id='block_1_63' title="bbox 438 4024 2025 4098">
    <p class='ocr_par' dir='ltr' id='par_1_63' title="bbox 438 4024 2025 4098">
     <span class='ocr_line' id='line_1_63' title="bbox 438 4024 2025 4098; baseline -0.001 -16"><span class='ocrx_word' id='word_1_491' title='bbox 438 4025 704 4082; x_wconf 75' lang='lat' dir='ltr'><strong>8cendum</strong></span> <span class='ocrx_word' id='word_1_492' title='bbox 741 4041 801 4080; x_wconf 89' lang='lat' dir='ltr'><strong>ea</strong></span> <span class='ocrx_word' id='word_1_493' title='bbox 833 4043 954 4094; x_wconf 68' lang='lat' dir='ltr'><strong>quae</strong></span> <span class='ocrx_word' id='word_1_494' title='bbox 986 4025 1038 4079; x_wconf 84' lang='lat' dir='ltr'><strong>in</strong></span> <span class='ocrx_word' id='word_1_495' title='bbox 1077 4025 1284 4096; x_wconf 87' lang='lat' dir='ltr'><strong>psalmo</strong></span> <span class='ocrx_word' id='word_1_496' title='bbox 1309 4026 1377 4082; x_wconf 89' lang='lat' dir='ltr'><strong>de</strong></span> <span class='ocrx_word' id='word_1_497' title='bbox 1406 4024 1632 4082; x_wconf 86' lang='lat' dir='ltr'><strong>Christo</strong></span> <span class='ocrx_word' id='word_1_498' title='bbox 1671 4027 1909 4098; x_wconf 85' lang='lat' dir='ltr'><strong>sparsim</strong></span> <span class='ocrx_word' id='word_1_499' title='bbox 1939 4025 2025 4080; x_wconf 88' lang='lat' dir='ltr'><strong>di-</strong></span> 
     </span>
    </p>
   </div>
   <div class='ocr_carea' id='block_1_64' title="bbox 437 4115 2023 4188">
    <p class='ocr_par' dir='ltr' id='par_1_64' title="bbox 437 4115 2023 4188">
     <span class='ocr_line' id='line_1_64' title="bbox 437 4115 2023 4188; baseline 0.001 -18"><span class='ocrx_word' id='word_1_500' title='bbox 437 4125 662 4171; x_wconf 74' lang='lat' dir='ltr'><strong>cuntur.</strong></span> <span class='ocrx_word' id='word_1_501' title='bbox 695 4115 950 4172; x_wconf 71' lang='lat' dir='ltr'><strong>Praedicit</strong></span> <span class='ocrx_word' id='word_1_502' title='bbox 985 4118 1148 4171; x_wconf 82' lang='lat' dir='ltr'><strong>etiam</strong></span> <span class='ocrx_word' id='word_1_503' title='bbox 1200 4115 1590 4188; x_wconf 71' lang='lat' dir='ltr'><strong>Babylonieam</strong></span> <span class='ocrx_word' id='word_1_504' title='bbox 1625 4118 2023 4186; x_wconf 83' lang='lat' dir='ltr'><strong>captivitatem.</strong></span> 
     </span>
    </p>
   </div>
   <div class='ocr_carea' id='block_1_65' title="bbox 515 4209 2028 4276">
    <p class='ocr_par' dir='ltr' id='par_1_65' title="bbox 515 4209 2028 4276">
     <span class='ocr_line' id='line_1_65' title="bbox 515 4209 2028 4276; baseline -0.001 -10"><span class='ocrx_word' id='word_1_505' title='bbox 515 4210 680 4268; x_wconf 71' lang='lat' dir='ltr'><strong>Vna.</strong></span> <span class='ocrx_word' id='word_1_506' title='bbox 716 4213 770 4268; x_wconf 77' lang='grc'>1.</span> <span class='ocrx_word' id='word_1_507' title='bbox 802 4211 1206 4266; x_wconf 68' lang='lat' dir='ltr'><strong>Misericordia:</strong></span> <span class='ocrx_word' id='word_1_508' title='bbox 1230 4220 1374 4274; x_wconf 72' lang='lat' dir='ltr'><strong>tuas,</strong></span> <span class='ocrx_word' id='word_1_509' title='bbox 1407 4210 1647 4276; x_wconf 79' lang='lat' dir='ltr'><strong>Domine,</strong></span> <span class='ocrx_word' id='word_1_510' title='bbox 1678 4210 1732 4263; x_wconf 78' lang='lat' dir='ltr'><strong>iu</strong></span> <span class='ocrx_word' id='word_1_511' title='bbox 1773 4209 2028 4264; x_wconf 64' lang='lat' dir='ltr'><strong>malum</strong></span> 
     </span>
    </p>
   </div>
   <div class='ocr_carea' id='block_1_66' title="bbox 427 4304 2030 4374">
    <p class='ocr_par' dir='ltr' id='par_1_66' title="bbox 427 4304 2030 4374">
     <span class='ocr_line' id='line_1_66' title="bbox 427 4304 2030 4374; baseline -0.002 -12"><span class='ocrx_word' id='word_1_512' title='bbox 427 4309 686 4362; x_wconf 67' lang='lat' dir='ltr'><strong>cantabo.</strong></span> <span class='ocrx_word' id='word_1_513' title='bbox 725 4304 1158 4371; x_wconf 76' lang='lat' dir='ltr'><strong>Misericordiae,</strong></span> <span class='ocrx_word' id='word_1_514' title='bbox 1200 4304 1400 4374; x_wconf 81' lang='lat' dir='ltr'><strong>inquit,</strong></span> <span class='ocrx_word' id='word_1_515' title='bbox 1434 4319 1573 4374; x_wconf 86' lang='lat' dir='ltr'><strong>quas</strong></span> <span class='ocrx_word' id='word_1_516' title='bbox 1620 4305 1675 4358; x_wconf 84' lang='lat' dir='ltr'><strong>in</strong></span> <span class='ocrx_word' id='word_1_517' title='bbox 1713 4318 1800 4358; x_wconf 72' lang='lat' dir='ltr'><strong>tne</strong></span> <span class='ocrx_word' id='word_1_518' title='bbox 1833 4317 2030 4372; x_wconf 82' lang='lat' dir='ltr'><strong>opera-</strong></span> 
     </span>
    </p>
   </div>
   <div class='ocr_carea' id='block_1_67' title="bbox 434 4396 2028 4468">
    <p class='ocr_par' dir='ltr' id='par_1_67' title="bbox 434 4396 2028 4468">
     <span class='ocr_line' id='line_1_67' title="bbox 434 4396 2028 4468; baseline 0 -16"><span class='ocrx_word' id='word_1_519' title='bbox 434 4407 526 4452; x_wconf 79' lang='lat' dir='ltr'><strong>tus</strong></span> <span class='ocrx_word' id='word_1_520' title='bbox 543 4414 624 4461; x_wconf 89' lang='lat' dir='ltr'><strong>es,</strong></span> <span class='ocrx_word' id='word_1_521' title='bbox 656 4407 717 4452; x_wconf 88' lang='lat' dir='ltr'><strong>et</strong></span> <span class='ocrx_word' id='word_1_522' title='bbox 737 4413 836 4466; x_wconf 85' lang='lat' dir='ltr'><strong>pro</strong></span> <span class='ocrx_word' id='word_1_523' title='bbox 869 4397 1070 4466; x_wconf 79' lang='lat' dir='ltr'><strong>quibus</strong></span> <span class='ocrx_word' id='word_1_524' title='bbox 1102 4397 1156 4451; x_wconf 90' lang='lat' dir='ltr'><strong>in</strong></span> <span class='ocrx_word' id='word_1_525' title='bbox 1190 4398 1433 4454; x_wconf 85' lang='lat' dir='ltr'><strong>secundo</strong></span> <span class='ocrx_word' id='word_1_526' title='bbox 1457 4396 1662 4468; x_wconf 82' lang='lat' dir='ltr'><strong>Regum</strong></span> <span class='ocrx_word' id='word_1_527' title='bbox 1696 4397 1838 4452; x_wconf 87' lang='lat' dir='ltr'><strong>libro</strong></span> <span class='ocrx_word' id='word_1_528' title='bbox 1862 4396 2028 4452; x_wconf 73' lang='lat' dir='ltr'><strong>latius</strong></span> 
     </span>
    </p>
   </div>
   <div class='ocr_carea' id='block_1_68' title="bbox 434 4491 2023 4563">
    <p class='ocr_par' dir='ltr' id='par_1_68' title="bbox 434 4491 2023 4563">
     <span class='ocr_line' id='line_1_68' title="bbox 434 4491 2023 4563; baseline 0.001 -20"><span class='ocrx_word' id='word_1_529' title='bbox 434 4491 640 4561; x_wconf 80' lang='lat' dir='ltr'><strong>gratias</strong></span> <span class='ocrx_word' id='word_1_530' title='bbox 667 4493 794 4563; x_wconf 79' lang='lat' dir='ltr'><strong>agit.</strong></span> <span class='ocrx_word' id='word_1_531' title='bbox 824 4491 894 4545; x_wconf 78' lang='lat' dir='ltr'><strong>In</strong></span> <span class='ocrx_word' id='word_1_532' title='bbox 931 4491 1209 4557; x_wconf 64' lang='lat' dir='ltr'><strong>saeculum,</strong></span> <span class='ocrx_word' id='word_1_533' title='bbox 1237 4493 1342 4547; x_wconf 84' lang='lat' dir='ltr'><strong>hoc</strong></span> <span class='ocrx_word' id='word_1_534' title='bbox 1383 4500 1467 4547; x_wconf 84' lang='lat' dir='ltr'><strong>est</strong></span> <span class='ocrx_word' id='word_1_535' title='bbox 1501 4505 1737 4560; x_wconf 83' lang='lat' dir='ltr'><strong>semper,</strong></span> <span class='ocrx_word' id='word_1_536' title='bbox 1766 4493 2023 4563; x_wconf 77' lang='lat' dir='ltr'><strong>cantabo,</strong></span> 
     </span>
    </p>
   </div>
   <div class='ocr_carea' id='block_1_69' title="bbox 433 4577 2017 4650">
    <p class='ocr_par' dir='ltr' id='par_1_69' title="bbox 433 4577 2017 4650">
     <span class='ocr_line' id='line_1_69' title="bbox 433 4577 2017 4650; baseline 0.003 -16"><span class='ocrx_word' id='word_1_537' title='bbox 433 4580 488 4634; x_wconf 87' lang='lat' dir='ltr'><strong>in</strong></span> <span class='ocrx_word' id='word_1_538' title='bbox 513 4583 784 4637; x_wconf 89' lang='lat' dir='ltr'><strong>canticum</strong></span> <span class='ocrx_word' id='word_1_539' title='bbox 809 4580 1070 4635; x_wconf 81' lang='lat' dir='ltr'><strong>nimirum</strong></span> <span class='ocrx_word' id='word_1_540' title='bbox 1100 4589 1264 4650; x_wconf 87' lang='lat' dir='ltr'><strong>atque</strong></span> <span class='ocrx_word' id='word_1_541' title='bbox 1292 4580 1346 4633; x_wconf 92' lang='lat' dir='ltr'><strong>in</strong></span> <span class='ocrx_word' id='word_1_542' title='bbox 1373 4580 1607 4650; x_wconf 73' lang='lat' dir='ltr'><strong>hymnos</strong></span> <span class='ocrx_word' id='word_1_543' title='bbox 1621 4593 1716 4633; x_wconf 85' lang='lat' dir='ltr'><strong>eas</strong></span> <span class='ocrx_word' id='word_1_544' title='bbox 1744 4577 2017 4648; x_wconf 81' lang='lat' dir='ltr'><strong>redigens.</strong></span> 
     </span>
    </p>
   </div>
   <div class='ocr_carea' id='block_1_70' title="bbox 506 4667 2016 4737">
    <p class='ocr_par' dir='ltr' id='par_1_70' title="bbox 506 4667 2016 4737">
     <span class='ocr_line' id='line_1_70' title="bbox 506 4667 2016 4737; baseline 0.001 -17"><span class='ocrx_word' id='word_1_545' title='bbox 506 4667 574 4721; x_wconf 82' lang='lat' dir='ltr'><strong>In</strong></span> <span class='ocrx_word' id='word_1_546' title='bbox 652 4668 1038 4734; x_wconf 80' lang='lat' dir='ltr'><strong>generationem</strong></span> <span class='ocrx_word' id='word_1_547' title='bbox 1105 4677 1153 4721; x_wconf 82' lang='lat' dir='ltr'><strong>et</strong></span> <span class='ocrx_word' id='word_1_548' title='bbox 1221 4669 1616 4737; x_wconf 80' lang='lat' dir='ltr'><strong>generationem</strong></span> <span class='ocrx_word' id='word_1_549' title='bbox 1689 4667 2016 4722; x_wconf 78' lang='lat' dir='ltr'><strong>aununtiabo</strong></span> 
     </span>
    </p>
   </div>
   <div class='ocr_carea' id='block_1_71' title="bbox 433 4757 2026 4828">
    <p class='ocr_par' dir='ltr' id='par_1_71' title="bbox 433 4757 2026 4828">
     <span class='ocr_line' id='line_1_71' title="bbox 433 4757 2026 4828; baseline 0.002 -17"><span class='ocrx_word' id='word_1_550' title='bbox 433 4761 711 4812; x_wconf 67' lang='lat' dir='ltr'><strong>veritatem</strong></span> <span class='ocrx_word' id='word_1_551' title='bbox 778 4769 924 4812; x_wconf 80' lang='lat' dir='ltr'><strong>tuam</strong></span> <span class='ocrx_word' id='word_1_552' title='bbox 970 4760 1024 4812; x_wconf 83' lang='lat' dir='ltr'><strong>iu</strong></span> <span class='ocrx_word' id='word_1_553' title='bbox 1079 4775 1169 4814; x_wconf 87' lang='lat' dir='ltr'><strong>ore</strong></span> <span class='ocrx_word' id='word_1_554' title='bbox 1226 4775 1363 4813; x_wconf 84' lang='lat' dir='ltr'><strong>meo.</strong></span> <span class='ocrx_word' id='word_1_555' title='bbox 1420 4757 1476 4812; x_wconf 88' lang='lat' dir='ltr'><strong>In</strong></span> <span class='ocrx_word' id='word_1_556' title='bbox 1516 4758 1922 4828; x_wconf 74' lang='lat' dir='ltr'><strong>generationem</strong></span> <span class='ocrx_word' id='word_1_557' title='bbox 1971 4768 2026 4814; x_wconf 90' lang='lat' dir='ltr'><strong>et</strong></span> 
     </span>
    </p>
   </div>
   <div class='ocr_carea' id='block_1_72' title="bbox 402 4849 2024 4923">
    <p class='ocr_par' dir='ltr' id='par_1_72' title="bbox 402 4849 2024 4923">
     <span class='ocr_line' id='line_1_72' title="bbox 402 4849 2024 4923; baseline 0.003 -21"><span class='ocrx_word' id='word_1_558' title='bbox 402 4861 408 4869; x_wconf 86' lang='lat'>&#39;</span> <span class='ocrx_word' id='word_1_559' title='bbox 439 4849 880 4917; x_wconf 78' lang='lat' dir='ltr'><strong>generationem,</strong></span> <span class='ocrx_word' id='word_1_560' title='bbox 936 4852 1092 4918; x_wconf 89' lang='lat' dir='ltr'><strong>dicit,</strong></span> <span class='ocrx_word' id='word_1_561' title='bbox 1123 4867 1225 4922; x_wconf 91' lang='lat' dir='ltr'><strong>pro</strong></span> <span class='ocrx_word' id='word_1_562' title='bbox 1256 4850 1322 4906; x_wconf 74' lang='lat' dir='ltr'><strong>In</strong></span> <span class='ocrx_word' id='word_1_563' title='bbox 1365 4866 1571 4905; x_wconf 78' lang='lat' dir='ltr'><strong>omnem</strong></span> <span class='ocrx_word' id='word_1_564' title='bbox 1615 4853 2024 4923; x_wconf 75' lang='lat' dir='ltr'><strong>generationem.</strong></span> 
     </span>
    </p>
   </div>
   <div class='ocr_carea' id='block_1_73' title="bbox 440 4941 2028 5014">
    <p class='ocr_par' dir='ltr' id='par_1_73' title="bbox 440 4941 2028 5014">
     <span class='ocr_line' id='line_1_73' title="bbox 440 4941 2028 5014; baseline 0.003 -19"><span class='ocrx_word' id='word_1_565' title='bbox 440 4941 740 4996; x_wconf 82' lang='lat' dir='ltr'><strong>Deﬁciente</strong></span> <span class='ocrx_word' id='word_1_566' title='bbox 774 4944 920 4997; x_wconf 86' lang='lat' dir='ltr'><strong>enim</strong></span> <span class='ocrx_word' id='word_1_567' title='bbox 965 4959 1072 4998; x_wconf 82' lang='lat' dir='ltr'><strong>una</strong></span> <span class='ocrx_word' id='word_1_568' title='bbox 1123 4945 1500 5014; x_wconf 83' lang='lat' dir='ltr'><strong>generatione,</strong></span> <span class='ocrx_word' id='word_1_569' title='bbox 1533 4945 1706 5000; x_wconf 87' lang='lat' dir='ltr'><strong>altera</strong></span> <span class='ocrx_word' id='word_1_570' title='bbox 1755 4946 2028 5000; x_wconf 84' lang='lat' dir='ltr'><strong>subintro-</strong></span> 
     </span>
    </p>
   </div>
   <div class='ocr_carea' id='block_1_74' title="bbox 434 5034 2026 5107">
    <p class='ocr_par' dir='ltr' id='par_1_74' title="bbox 434 5034 2026 5107">
     <span class='ocr_line' id='line_1_74' title="bbox 434 5034 2026 5107; baseline 0.001 -19"><span class='ocrx_word' id='word_1_571' title='bbox 434 5034 660 5088; x_wconf 86' lang='lat' dir='ltr'><strong>dueitur</strong></span> <span class='ocrx_word' id='word_1_572' title='bbox 689 5052 704 5086; x_wconf 86' lang='lat'><strong>:</strong></span> <span class='ocrx_word' id='word_1_573' title='bbox 732 5043 898 5104; x_wconf 88' lang='lat' dir='ltr'><strong>atque</strong></span> <span class='ocrx_word' id='word_1_574' title='bbox 934 5038 1036 5091; x_wconf 86' lang='lat' dir='ltr'><strong>hoc</strong></span> <span class='ocrx_word' id='word_1_575' title='bbox 1063 5046 1224 5105; x_wconf 81' lang='lat' dir='ltr'><strong>pacto</strong></span> <span class='ocrx_word' id='word_1_576' title='bbox 1259 5052 1436 5107; x_wconf 86' lang='lat' dir='ltr'><strong>usque</strong></span> <span class='ocrx_word' id='word_1_577' title='bbox 1460 5037 1525 5090; x_wconf 85' lang='lat' dir='ltr'><strong>ad</strong></span> <span class='ocrx_word' id='word_1_578' title='bbox 1559 5037 1746 5093; x_wconf 64' lang='lat' dir='ltr'><strong>saeculi</strong></span> <span class='ocrx_word' id='word_1_579' title='bbox 1776 5052 2026 5092; x_wconf 87' lang='lat' dir='ltr'><strong>consum-</strong></span> 
     </span>
    </p>
   </div>
   <div class='ocr_carea' id='block_1_75' title="bbox 435 5125 2024 5198">
    <p class='ocr_par' dir='ltr' id='par_1_75' title="bbox 435 5125 2024 5198">
     <span class='ocr_line' id='line_1_75' title="bbox 435 5125 2024 5198; baseline 0.003 -20"><span class='ocrx_word' id='word_1_580' title='bbox 435 5125 737 5179; x_wconf 86' lang='lat' dir='ltr'><strong>mationem</strong></span> <span class='ocrx_word' id='word_1_581' title='bbox 773 5125 1114 5195; x_wconf 85' lang='lat' dir='ltr'><strong>proceditur.</strong></span> <span class='ocrx_word' id='word_1_582' title='bbox 1151 5127 1251 5184; x_wconf 74' lang='lat' dir='ltr'><strong>Vel</strong></span> <span class='ocrx_word' id='word_1_583' title='bbox 1281 5129 1336 5184; x_wconf 90' lang='lat' dir='ltr'><strong>in</strong></span> <span class='ocrx_word' id='word_1_584' title='bbox 1360 5129 1773 5198; x_wconf 79' lang='lat' dir='ltr'><strong>generationem</strong></span> <span class='ocrx_word' id='word_1_585' title='bbox 1806 5127 2024 5184; x_wconf 72' lang='lat' dir='ltr'><strong>Judzeo-</strong></span> 
     </span>
    </p>
   </div>
   <div class='ocr_carea' id='block_1_76' title="bbox 434 5217 2024 5285">
    <p class='ocr_par' dir='ltr' id='par_1_76' title="bbox 434 5217 2024 5285">
     <span class='ocr_line' id='line_1_76' title="bbox 434 5217 2024 5285; baseline 0.002 -16"><span class='ocrx_word' id='word_1_586' title='bbox 434 5229 557 5269; x_wconf 81' lang='lat' dir='ltr'><strong>rum</strong></span> <span class='ocrx_word' id='word_1_587' title='bbox 587 5223 642 5270; x_wconf 88' lang='lat' dir='ltr'><strong>et</strong></span> <span class='ocrx_word' id='word_1_588' title='bbox 688 5217 744 5270; x_wconf 90' lang='lat' dir='ltr'><strong>in</strong></span> <span class='ocrx_word' id='word_1_589' title='bbox 779 5219 1190 5285; x_wconf 83' lang='lat' dir='ltr'><strong>generationem</strong></span> <span class='ocrx_word' id='word_1_590' title='bbox 1233 5220 1714 5285; x_wconf 85' lang='lat' dir='ltr'><strong>Christianorum;</strong></span> <span class='ocrx_word' id='word_1_591' title='bbox 1759 5220 1844 5274; x_wconf 89' lang='lat' dir='ltr'><strong>bis</strong></span> <span class='ocrx_word' id='word_1_592' title='bbox 1878 5220 2024 5273; x_wconf 91' lang='lat' dir='ltr'><strong>enim</strong></span> 
     </span>
    </p>
   </div>
   <div class='ocr_carea' id='block_1_77' title="bbox 436 5306 2022 5377">
    <p class='ocr_par' dir='ltr' id='par_1_77' title="bbox 436 5306 2022 5377">
     <span class='ocr_line' id='line_1_77' title="bbox 436 5306 2022 5377; baseline 0.004 -18"><span class='ocrx_word' id='word_1_593' title='bbox 436 5306 659 5361; x_wconf 88' lang='lat' dir='ltr'><strong>duabus</strong></span> <span class='ocrx_word' id='word_1_594' title='bbox 695 5307 1141 5377; x_wconf 82' lang='lat' dir='ltr'><strong>generationibus</strong></span> <span class='ocrx_word' id='word_1_595' title='bbox 1176 5319 1415 5375; x_wconf 89' lang='lat' dir='ltr'><strong>tantum,</strong></span> <span class='ocrx_word' id='word_1_596' title='bbox 1445 5320 1500 5367; x_wconf 90' lang='lat' dir='ltr'><strong>et</strong></span> <span class='ocrx_word' id='word_1_597' title='bbox 1528 5328 1636 5367; x_wconf 91' lang='lat' dir='ltr'><strong>non</strong></span> <span class='ocrx_word' id='word_1_598' title='bbox 1669 5313 1792 5366; x_wconf 84' lang='lat' dir='ltr'><strong>aliis</strong></span> <span class='ocrx_word' id='word_1_599' title='bbox 1827 5310 2022 5365; x_wconf 78' lang='lat' dir='ltr'><strong>beatus</strong></span> 
     </span>
    </p>
   </div>
   <div class='ocr_carea' id='block_1_78' title="bbox 438 5396 2024 5458">
    <p class='ocr_par' dir='ltr' id='par_1_78' title="bbox 438 5396 2024 5458">
     <span class='ocr_line' id='line_1_78' title="bbox 438 5396 2024 5458; baseline 0.004 -8"><span class='ocrx_word' id='word_1_600' title='bbox 438 5396 609 5451; x_wconf 81' lang='lat' dir='ltr'><strong>David</strong></span> <span class='ocrx_word' id='word_1_601' title='bbox 658 5398 945 5452; x_wconf 86' lang='lat' dir='ltr'><strong>veritatem</strong></span> <span class='ocrx_word' id='word_1_602' title='bbox 1008 5399 1102 5455; x_wconf 89' lang='lat' dir='ltr'><strong>Dei</strong></span> <span class='ocrx_word' id='word_1_603' title='bbox 1155 5403 1446 5457; x_wconf 89' lang='lat' dir='ltr'><strong>annuntiat</strong></span> <span class='ocrx_word' id='word_1_604' title='bbox 1478 5406 1532 5458; x_wconf 88' lang='lat' dir='ltr'><strong>in</strong></span> <span class='ocrx_word' id='word_1_605' title='bbox 1573 5418 1670 5458; x_wconf 88' lang='lat' dir='ltr'><strong>ore</strong></span> <span class='ocrx_word' id='word_1_606' title='bbox 1717 5418 1841 5456; x_wconf 85' lang='lat' dir='ltr'><strong>suo.</strong></span> <span class='ocrx_word' id='word_1_607' title='bbox 1892 5400 2024 5456; x_wconf 83' lang='lat' dir='ltr'><strong>Pos-</strong></span> 
     </span>
    </p>
   </div>
   <div class='ocr_carea' id='block_1_79' title="bbox 437 5490 2026 5563">
    <p class='ocr_par' dir='ltr' id='par_1_79' title="bbox 437 5490 2026 5563">
     <span class='ocr_line' id='line_1_79' title="bbox 437 5490 2026 5563; baseline 0.004 -21"><span class='ocrx_word' id='word_1_608' title='bbox 437 5503 634 5544; x_wconf 89' lang='lat' dir='ltr'><strong>sumus</strong></span> <span class='ocrx_word' id='word_1_609' title='bbox 661 5490 825 5544; x_wconf 87' lang='lat' dir='ltr'><strong>etiam</strong></span> <span class='ocrx_word' id='word_1_610' title='bbox 857 5491 928 5545; x_wconf 77' lang='grc' dir='ltr'><strong>(1ἱ‹</strong></span> <span class='ocrx_word' id='word_1_611' title='bbox 949 5507 1062 5558; x_wconf 90' lang='lat' dir='ltr'><strong>ere,</strong></span> <span class='ocrx_word' id='word_1_612' title='bbox 1103 5495 1244 5563; x_wconf 87' lang='lat' dir='ltr'><strong>quod</strong></span> <span class='ocrx_word' id='word_1_613' title='bbox 1277 5495 1615 5550; x_wconf 86' lang='lat' dir='ltr'><strong>Psalmorum</strong></span> <span class='ocrx_word' id='word_1_614' title='bbox 1670 5495 1807 5549; x_wconf 83' lang='lat' dir='ltr'><strong>liber</strong></span> <span class='ocrx_word' id='word_1_615' title='bbox 1859 5507 1924 5548; x_wconf 89' lang='lat' dir='ltr'><strong>os</strong></span> <span class='ocrx_word' id='word_1_616' title='bbox 1954 5495 2026 5549; x_wconf 87' lang='lat' dir='ltr'><strong>sit</strong></span> 
     </span>
    </p>
   </div>
   <div class='ocr_carea' id='block_1_80' title="bbox 437 5577 2021 5657">
    <p class='ocr_par' dir='ltr' id='par_1_80' title="bbox 437 5577 2021 5657">
     <span class='ocr_line' id='line_1_80' title="bbox 437 5577 2021 5657; baseline 0 -21"><span class='ocrx_word' id='word_1_617' title='bbox 437 5577 583 5636; x_wconf 80' lang='lat' dir='ltr'><strong>beati</strong></span> <span class='ocrx_word' id='word_1_618' title='bbox 643 5582 830 5638; x_wconf 87' lang='lat' dir='ltr'><strong>David.</strong></span> <span class='ocrx_word' id='word_1_619' title='bbox 876 5582 1172 5640; x_wconf 81' lang='lat' dir='ltr'><strong>Veritatem</strong></span> <span class='ocrx_word' id='word_1_620' title='bbox 1230 5595 1408 5640; x_wconf 90' lang='lat' dir='ltr'><strong>autem</strong></span> <span class='ocrx_word' id='word_1_621' title='bbox 1472 5586 1565 5642; x_wconf 89' lang='lat' dir='ltr'><strong>Dei</strong></span> <span class='ocrx_word' id='word_1_622' title='bbox 1615 5601 1852 5657; x_wconf 80' lang='lat' dir='ltr'><strong>expone,</strong></span> <span class='ocrx_word' id='word_1_623' title='bbox 1903 5601 2021 5654; x_wconf 89' lang='lat' dir='ltr'><strong>pro,</strong></span> 
     </span>
    </p>
   </div>
   <div class='ocr_carea' id='block_1_81' title="bbox 438 5676 2020 5747">
    <p class='ocr_par' dir='ltr' id='par_1_81' title="bbox 438 5676 2020 5747">
     <span class='ocr_line' id='line_1_81' title="bbox 438 5676 2020 5747; baseline 0.004 -24"><span class='ocrx_word' id='word_1_624' title='bbox 438 5687 600 5728; x_wconf 88' lang='lat' dir='ltr'><strong>veras</strong></span> <span class='ocrx_word' id='word_1_625' title='bbox 643 5676 1040 5744; x_wconf 85' lang='lat' dir='ltr'><strong>promissiones</strong></span> <span class='ocrx_word' id='word_1_626' title='bbox 1072 5676 1191 5741; x_wconf 84' lang='lat' dir='ltr'><strong>Dei,</strong></span> <span class='ocrx_word' id='word_1_627' title='bbox 1224 5677 1394 5732; x_wconf 85' lang='lat' dir='ltr'><strong>factas</strong></span> <span class='ocrx_word' id='word_1_628' title='bbox 1417 5680 1626 5734; x_wconf 88' lang='lat' dir='ltr'><strong>scilicet</strong></span> <span class='ocrx_word' id='word_1_629' title='bbox 1671 5678 1772 5747; x_wconf 86' lang='lat' dir='ltr'><strong>ipsi</strong></span> <span class='ocrx_word' id='word_1_630' title='bbox 1828 5677 2020 5742; x_wconf 85' lang='lat' dir='ltr'><strong>David,</strong></span> 
     </span>
    </p>
   </div>
   <div class='ocr_carea' id='block_1_82' title="bbox 437 5765 2021 5836">
    <p class='ocr_par' dir='ltr' id='par_1_82' title="bbox 437 5765 2021 5836">
     <span class='ocr_line' id='line_1_82' title="bbox 437 5765 2021 5836; baseline 0.006 -22"><span class='ocrx_word' id='word_1_631' title='bbox 437 5765 639 5832; x_wconf 84' lang='lat' dir='ltr'><strong>partim</strong></span> <span class='ocrx_word' id='word_1_632' title='bbox 691 5782 785 5834; x_wconf 89' lang='lat' dir='ltr'><strong>per</strong></span> <span class='ocrx_word' id='word_1_633' title='bbox 837 5768 1161 5836; x_wconf 79' lang='lat' dir='ltr'><strong>pt-Ophetam</strong></span> <span class='ocrx_word' id='word_1_634' title='bbox 1229 5767 1488 5834; x_wconf 78' lang='lat' dir='ltr'><strong>Natltam,</strong></span> <span class='ocrx_word' id='word_1_635' title='bbox 1568 5781 1622 5822; x_wconf 89' lang='lat' dir='ltr'><strong>ut</strong></span> <span class='ocrx_word' id='word_1_636' title='bbox 1681 5771 1919 5824; x_wconf 87' lang='lat' dir='ltr'><strong>traditur</strong></span> <span class='ocrx_word' id='word_1_637' title='bbox 1968 5775 2021 5824; x_wconf 89' lang='lat' dir='ltr'><strong>in</strong></span> 
     </span>
    </p>
   </div>
   <div class='ocr_carea' id='block_1_83' title="bbox 440 5856 2022 5934">
    <p class='ocr_par' dir='ltr' id='par_1_83' title="bbox 440 5856 2022 5934">
     <span class='ocr_line' id='line_1_83' title="bbox 440 5856 2022 5934; baseline 0.006 -25"><span class='ocrx_word' id='word_1_638' title='bbox 440 5857 683 5912; x_wconf 76' lang='lat' dir='ltr'><strong>secundo</strong></span> <span class='ocrx_word' id='word_1_639' title='bbox 734 5856 938 5927; x_wconf 79' lang='lat' dir='ltr'><strong>Regum</strong></span> <span class='ocrx_word' id='word_1_640' title='bbox 993 5858 1159 5924; x_wconf 89' lang='lat' dir='ltr'><strong>libro,</strong></span> <span class='ocrx_word' id='word_1_641' title='bbox 1195 5868 1248 5914; x_wconf 89' lang='lat' dir='ltr'><strong>et</strong></span> <span class='ocrx_word' id='word_1_642' title='bbox 1302 5863 1498 5929; x_wconf 82' lang='lat' dir='ltr'><strong>partim</strong></span> <span class='ocrx_word' id='word_1_643' title='bbox 1547 5879 1640 5934; x_wconf 90' lang='lat' dir='ltr'><strong>per</strong></span> <span class='ocrx_word' id='word_1_644' title='bbox 1679 5864 1822 5918; x_wconf 85' lang='lat' dir='ltr'><strong>illam</strong></span> <span class='ocrx_word' id='word_1_645' title='bbox 1892 5879 2022 5934; x_wconf 89' lang='lat' dir='ltr'><strong>pro-</strong></span> 
     </span>
    </p>
   </div>
   <div class='ocr_carea' id='block_1_84' title="bbox 2376 3195 3445 3266">
    <p class='ocr_par' dir='ltr' id='par_1_84' title="bbox 2376 3195 3445 3266">
     <span class='ocr_line' id='line_1_84' title="bbox 2376 3195 3445 3266; baseline -0.002 -16"><span class='ocrx_word' id='word_1_646' title='bbox 2376 3195 2689 3263; x_wconf 76' lang='grc' dir='ltr'><strong>Συνέσεως</strong></span> <span class='ocrx_word' id='word_1_647' title='bbox 2721 3197 2908 3266; x_wconf 78' lang='grc' dir='ltr'>Αίθὰμ</span> <span class='ocrx_word' id='word_1_648' title='bbox 2947 3195 3028 3261; x_wconf 80' lang='grc' dir='ltr'>τῷ</span> <span class='ocrx_word' id='word_1_649' title='bbox 3057 3197 3445 3264; x_wconf 64' lang='grc' dir='ltr'>’1σραηλίτῃ.</span> 
     </span>
    </p>
   </div>
   <div class='ocr_carea' id='block_1_85' title="bbox 2689 3289 3152 3344">
    <p class='ocr_par' dir='ltr' id='par_1_85' title="bbox 2689 3289 3152 3344">
     <span class='ocr_line' id='line_1_85' title="bbox 2689 3289 3152 3344; baseline 0 0"><span class='ocrx_word' id='word_1_650' title='bbox 2689 3289 2983 3344; x_wconf 75' lang='grc' dir='ltr'><strong>ΨΔΛΜΟΣ</strong></span> <span class='ocrx_word' id='word_1_651' title='bbox 3022 3289 3152 3344; x_wconf 72' lang='lat' dir='ltr'><strong>HH&#39;.</strong></span> 
     </span>
    </p>
   </div>
   <div class='ocr_carea' id='block_1_86' title="bbox 2203 3381 3679 3452">
    <p class='ocr_par' dir='ltr' id='par_1_86' title="bbox 2203 3381 3679 3452">
     <span class='ocr_line' id='line_1_86' title="bbox 2203 3381 3679 3452; baseline 0.007 -16"><span class='ocrx_word' id='word_1_652' title='bbox 2203 3383 2315 3437; x_wconf 76' lang='grc' dir='ltr'><strong>Καὶ</strong></span> <span class='ocrx_word' id='word_1_653' title='bbox 2371 3381 2512 3452; x_wconf 78' lang='grc' dir='ltr'>αὕτη</span> <span class='ocrx_word' id='word_1_654' title='bbox 2561 3383 2595 3452; x_wconf 77' lang='grc' dir='ltr'><strong>ἡ</strong></span> <span class='ocrx_word' id='word_1_655' title='bbox 2645 3381 2930 3452; x_wconf 77' lang='grc' dir='ltr'>ἐπιγραφὴ</span> <span class='ocrx_word' id='word_1_656' title='bbox 2978 3384 3043 3452; x_wconf 76' lang='grc' dir='ltr'>τῇ</span> <span class='ocrx_word' id='word_1_657' title='bbox 3078 3381 3188 3452; x_wconf 80' lang='grc' dir='ltr'><strong>πρὸ</strong></span> <span class='ocrx_word' id='word_1_658' title='bbox 3224 3381 3401 3451; x_wconf 75' lang='grc' dir='ltr'>αὐτῆς</span> <span class='ocrx_word' id='word_1_659' title='bbox 3440 3396 3679 3451; x_wconf 66' lang='grc' dir='ltr'>συνερμη·</span> 
     </span>
    </p>
   </div>
   <div class='ocr_carea' id='block_1_87' title="bbox 2126 3474 3680 3545">
    <p class='ocr_par' dir='ltr' id='par_1_87' title="bbox 2126 3474 3680 3545">
     <span class='ocr_line' id='line_1_87' title="bbox 2126 3474 3680 3545; baseline -0.003 -15"><span class='ocrx_word' id='word_1_660' title='bbox 2126 3475 2366 3530; x_wconf 79' lang='grc' dir='ltr'>νεύεται.</span> <span class='ocrx_word' id='word_1_661' title='bbox 2401 3478 2685 3545; x_wconf 79' lang='grc' dir='ltr'>Διηγείται</span> <span class='ocrx_word' id='word_1_662' title='bbox 2715 3475 2774 3528; x_wconf 77' lang='grc' dir='ltr'><strong>δὲ</strong></span> <span class='ocrx_word' id='word_1_663' title='bbox 2821 3477 2890 3528; x_wconf 61' lang='grc' dir='ltr'><strong>τὰ</strong></span> <span class='ocrx_word' id='word_1_664' title='bbox 2929 3474 3056 3528; x_wconf 75' lang='grc' dir='ltr'>καθ’</span> <span class='ocrx_word' id='word_1_665' title='bbox 3084 3475 3282 3528; x_wconf 73' lang='grc' dir='ltr'>ἑαυτὸν</span> <span class='ocrx_word' id='word_1_666' title='bbox 3325 3475 3356 3528; x_wconf 93' lang='grc' dir='ltr'><strong>ό</strong></span> <span class='ocrx_word' id='word_1_667' title='bbox 3380 3475 3565 3537; x_wconf 73' lang='grc' dir='ltr'>Δαδὶδ,</span> <span class='ocrx_word' id='word_1_668' title='bbox 3603 3475 3680 3526; x_wconf 73' lang='grc' dir='ltr'><strong>καὶ</strong></span> 
     </span>
    </p>
   </div>
   <div class='ocr_carea' id='block_1_88' title="bbox 2129 3565 3680 3638">
    <p class='ocr_par' dir='ltr' id='par_1_88' title="bbox 2129 3565 3680 3638">
     <span class='ocr_line' id='line_1_88' title="bbox 2129 3565 3680 3638; baseline -0.003 -16"><span class='ocrx_word' id='word_1_669' title='bbox 2129 3570 2290 3638; x_wconf 81' lang='grc' dir='ltr'>ύμνεί</span> <span class='ocrx_word' id='word_1_670' title='bbox 2336 3568 2429 3621; x_wconf 63' lang='grc' dir='ltr'><strong>τὸν</strong></span> <span class='ocrx_word' id='word_1_671' title='bbox 2457 3568 2616 3631; x_wconf 72' lang='grc' dir='ltr'>Θεὸν,</span> <span class='ocrx_word' id='word_1_672' title='bbox 2668 3567 2743 3631; x_wconf 81' lang='grc' dir='ltr'>ὼς</span> <span class='ocrx_word' id='word_1_673' title='bbox 2775 3569 3073 3637; x_wconf 68' lang='grc' dir='ltr'>εὐεργέτην</span> <span class='ocrx_word' id='word_1_674' title='bbox 3099 3565 3297 3622; x_wconf 83' lang='grc' dir='ltr'>αὑτοῦ.</span> <span class='ocrx_word' id='word_1_675' title='bbox 3349 3568 3680 3637; x_wconf 74' lang='grc' dir='ltr'>’Δναμίγνυσι</span> 
     </span>
    </p>
   </div>
   <div class='ocr_carea' id='block_1_89' title="bbox 2126 3656 3682 3730">
    <p class='ocr_par' dir='ltr' id='par_1_89' title="bbox 2126 3656 3682 3730">
     <span class='ocr_line' id='line_1_89' title="bbox 2126 3656 3682 3730; baseline -0.001 -16"><span class='ocrx_word' id='word_1_676' title='bbox 2126 3661 2186 3714; x_wconf 79' lang='grc' dir='ltr'><strong>δὲ</strong></span> <span class='ocrx_word' id='word_1_677' title='bbox 2219 3661 2333 3722; x_wconf 79' lang='grc' dir='ltr'>τοῖς</span> <span class='ocrx_word' id='word_1_678' title='bbox 2364 3659 2545 3727; x_wconf 80' lang='grc' dir='ltr'>λόγοις</span> <span class='ocrx_word' id='word_1_679' title='bbox 2570 3660 2664 3712; x_wconf 74' lang='grc' dir='ltr'><strong>καὶ</strong></span> <span class='ocrx_word' id='word_1_680' title='bbox 2693 3663 2825 3730; x_wconf 67' lang='grc' dir='ltr'>περὶ</span> <span class='ocrx_word' id='word_1_681' title='bbox 2859 3656 2954 3712; x_wconf 80' lang='grc' dir='ltr'><strong>τοῦ</strong></span> <span class='ocrx_word' id='word_1_682' title='bbox 2981 3659 3240 3729; x_wconf 84' lang='grc' dir='ltr'>Χριστοῦ.</span> <span class='ocrx_word' id='word_1_683' title='bbox 3265 3660 3362 3712; x_wconf 76' lang='grc' dir='ltr'><strong>Διὸ</strong></span> <span class='ocrx_word' id='word_1_684' title='bbox 3392 3658 3682 3723; x_wconf 73' lang='grc' dir='ltr'>Συγέσεως</span> 
     </span>
    </p>
   </div>
   <div class='ocr_carea' id='block_1_90' title="bbox 2127 3752 3684 3824">
    <p class='ocr_par' dir='ltr' id='par_1_90' title="bbox 2127 3752 3684 3824">
     <span class='ocr_line' id='line_1_90' title="bbox 2127 3752 3684 3824; baseline -0.003 -18"><span class='ocrx_word' id='word_1_685' title='bbox 2127 3754 2540 3821; x_wconf 73' lang='grc' dir='ltr'>ἐπιγέγραπται</span> <span class='ocrx_word' id='word_1_686' title='bbox 2566 3768 2582 3783; x_wconf 77' lang='grc' dir='ltr'><strong>ο</strong></span> <span class='ocrx_word' id='word_1_687' title='bbox 2617 3753 2780 3824; x_wconf 86' lang='grc' dir='ltr'>χρεία</span> <span class='ocrx_word' id='word_1_688' title='bbox 2809 3753 2920 3822; x_wconf 81' lang='grc' dir='ltr'>γὰρ</span> <span class='ocrx_word' id='word_1_689' title='bbox 2949 3752 3154 3821; x_wconf 79' lang='grc' dir='ltr'>ταύτης</span> <span class='ocrx_word' id='word_1_690' title='bbox 3198 3755 3317 3815; x_wconf 80' lang='grc' dir='ltr'>τοῖς</span> <span class='ocrx_word' id='word_1_691' title='bbox 3347 3753 3684 3821; x_wconf 63' lang='grc' dir='ltr'>ὲντυγχὰνονυ</span> 
     </span>
    </p>
   </div>
   <div class='ocr_carea' id='block_1_91' title="bbox 2130 3843 3685 3914">
    <p class='ocr_par' dir='ltr' id='par_1_91' title="bbox 2130 3843 3685 3914">
     <span class='ocr_line' id='line_1_91' title="bbox 2130 3843 3685 3914; baseline 0 -16"><span class='ocrx_word' id='word_1_692' title='bbox 2130 3863 2216 3899; x_wconf 90' lang='grc' dir='ltr'><strong>σιν</strong></span> <span class='ocrx_word' id='word_1_693' title='bbox 2249 3847 2329 3908; x_wconf 86' lang='grc' dir='ltr'><strong>είς</strong></span> <span class='ocrx_word' id='word_1_694' title='bbox 2366 3845 2427 3898; x_wconf 81' lang='grc' dir='ltr'>τὸ</span> <span class='ocrx_word' id='word_1_695' title='bbox 2462 3845 2703 3898; x_wconf 78' lang='grc' dir='ltr'>συνιέναι</span> <span class='ocrx_word' id='word_1_696' title='bbox 2747 3844 2817 3898; x_wconf 70' lang='grc' dir='ltr'>τὰ</span> <span class='ocrx_word' id='word_1_697' title='bbox 2851 3843 3364 3914; x_wconf 72' lang='grc' dir='ltr'>ιγκατεσπαρμένα</span> <span class='ocrx_word' id='word_1_698' title='bbox 3407 3846 3538 3914; x_wconf 73' lang='grc' dir='ltr'>περὶ</span> <span class='ocrx_word' id='word_1_699' title='bbox 3576 3845 3685 3912; x_wconf 63' lang='lat' dir='ltr'><strong>X92-</strong></span> 
     </span>
    </p>
   </div>
   <div class='ocr_carea' id='block_1_92' title="bbox 2130 3936 3685 4008">
    <p class='ocr_par' dir='ltr' id='par_1_92' title="bbox 2130 3936 3685 4008">
     <span class='ocr_line' id='line_1_92' title="bbox 2130 3936 3685 4008; baseline -0.001 -18"><span class='ocrx_word' id='word_1_700' title='bbox 2130 3937 2259 3990; x_wconf 76' lang='grc' dir='ltr'>στοῦ</span> <span class='ocrx_word' id='word_1_701' title='bbox 2286 3953 2300 3968; x_wconf 71' lang='grc' dir='ltr'><strong>ο</strong></span> <span class='ocrx_word' id='word_1_702' title='bbox 2361 3939 2730 4008; x_wconf 75' lang='grc' dir='ltr'>προαγορεύει</span> <span class='ocrx_word' id='word_1_703' title='bbox 2779 3937 2836 3991; x_wconf 73' lang='grc' dir='ltr'><strong>δὲ</strong></span> <span class='ocrx_word' id='word_1_704' title='bbox 2868 3937 2964 3992; x_wconf 66' lang='grc' dir='ltr'><strong>καὶ</strong></span> <span class='ocrx_word' id='word_1_705' title='bbox 2998 3937 3096 4007; x_wconf 72' lang='grc' dir='ltr'>τὴν</span> <span class='ocrx_word' id='word_1_706' title='bbox 3134 3936 3290 4006; x_wconf 68' lang='grc' dir='ltr'>παρὰ</span> <span class='ocrx_word' id='word_1_707' title='bbox 3344 3936 3685 3990; x_wconf 70' lang='grc' dir='ltr'>Βασυλωνίω</span> 
     </span>
    </p>
   </div>
   <div class='ocr_carea' id='block_1_93' title="bbox 2130 4027 2539 4097">
    <p class='ocr_par' dir='ltr' id='par_1_93' title="bbox 2130 4027 2539 4097">
     <span class='ocr_line' id='line_1_93' title="bbox 2130 4027 2539 4097; baseline 0.005 -17"><span class='ocrx_word' id='word_1_708' title='bbox 2130 4027 2539 4097; x_wconf 81' lang='grc' dir='ltr'>αἰχμαλωσίαν.</span> 
     </span>
    </p>
   </div>
   <div class='ocr_carea' id='block_1_94' title="bbox 2203 4206 3690 4279">
    <p class='ocr_par' dir='ltr' id='par_1_94' title="bbox 2203 4206 3690 4279">
     <span class='ocr_line' id='line_1_94' title="bbox 2203 4206 3690 4279; baseline -0.001 -17"><span class='ocrx_word' id='word_1_709' title='bbox 2203 4206 2286 4263; x_wconf 84' lang='grc' dir='ltr'><em>Τὰ</em></span> <span class='ocrx_word' id='word_1_710' title='bbox 2319 4207 2462 4278; x_wconf 70' lang='grc' dir='ltr'>ἀλέη</span> <span class='ocrx_word' id='word_1_711' title='bbox 2491 4224 2632 4272; x_wconf 79' lang='grc' dir='ltr'>σου,</span> <span class='ocrx_word' id='word_1_712' title='bbox 2674 4208 2872 4279; x_wconf 74' lang='grc' dir='ltr'>Κύριε,</span> <span class='ocrx_word' id='word_1_713' title='bbox 2928 4210 3013 4276; x_wconf 79' lang='grc' dir='ltr'>εις</span> <span class='ocrx_word' id='word_1_714' title='bbox 3079 4208 3192 4263; x_wconf 76' lang='grc' dir='ltr'><strong>τὸν</strong></span> <span class='ocrx_word' id='word_1_715' title='bbox 3219 4207 3417 4263; x_wconf 65' lang='lat' dir='ltr'><strong>altiora</strong></span> <span class='ocrx_word' id='word_1_716' title='bbox 3461 4207 3690 4276; x_wconf 73' lang='grc' dir='ltr'>ᾄσομαι.</span> 
     </span>
    </p>
   </div>
   <div class='ocr_carea' id='block_1_95' title="bbox 2129 4293 3694 4368">
    <p class='ocr_par' dir='ltr' id='par_1_95' title="bbox 2129 4293 3694 4368">
     <span class='ocr_line' id='line_1_95' title="bbox 2129 4293 3694 4368; baseline -0.004 -15"><span class='ocrx_word' id='word_1_717' title='bbox 2129 4297 2211 4353; x_wconf 73' lang='grc' dir='ltr'><strong>Τὰ</strong></span> <span class='ocrx_word' id='word_1_718' title='bbox 2265 4297 2419 4367; x_wconf 78' lang='grc' dir='ltr'>ὲλέη,</span> <span class='ocrx_word' id='word_1_719' title='bbox 2475 4298 2638 4367; x_wconf 71' lang='grc' dir='ltr'>φησὶ,</span> <span class='ocrx_word' id='word_1_720' title='bbox 2688 4300 2755 4350; x_wconf 68' lang='grc' dir='ltr'>τὰ.</span> <span class='ocrx_word' id='word_1_721' title='bbox 2788 4301 2868 4361; x_wconf 79' lang='grc' dir='ltr'><strong>είς</strong></span> <span class='ocrx_word' id='word_1_722' title='bbox 2907 4298 3008 4368; x_wconf 74' lang='grc' dir='ltr'><strong>ἐμὲ</strong></span> <span class='ocrx_word' id='word_1_723' title='bbox 3045 4299 3426 4367; x_wconf 74' lang='grc' dir='ltr'>γεγενημένα,</span> <span class='ocrx_word' id='word_1_724' title='bbox 3473 4300 3601 4368; x_wconf 78' lang='grc' dir='ltr'>περὶ</span> <span class='ocrx_word' id='word_1_725' title='bbox 3629 4293 3694 4349; x_wconf 75' lang='grc' dir='ltr'>ὦν</span> 
     </span>
    </p>
   </div>
   <div class='ocr_carea' id='block_1_96' title="bbox 2133 4387 3696 4460">
    <p class='ocr_par' dir='ltr' id='par_1_96' title="bbox 2133 4387 3696 4460">
     <span class='ocr_line' id='line_1_96' title="bbox 2133 4387 3696 4460; baseline -0.001 -19"><span class='ocrx_word' id='word_1_726' title='bbox 2133 4387 2478 4458; x_wconf 79' lang='grc' dir='ltr'>πλατύτερον</span> <span class='ocrx_word' id='word_1_727' title='bbox 2533 4389 2850 4458; x_wconf 75' lang='grc' dir='ltr'>εὐχαριστεί</span> <span class='ocrx_word' id='word_1_728' title='bbox 2904 4391 2964 4442; x_wconf 78' lang='lat' dir='ltr'><strong>iv</strong></span> <span class='ocrx_word' id='word_1_729' title='bbox 2995 4391 3063 4460; x_wconf 73' lang='grc' dir='ltr'>τῇ</span> <span class='ocrx_word' id='word_1_730' title='bbox 3112 4390 3348 4460; x_wconf 72' lang='grc' dir='ltr'>δευτέρᾳ</span> <span class='ocrx_word' id='word_1_731' title='bbox 3394 4389 3568 4458; x_wconf 75' lang='grc' dir='ltr'>βίϐλῳ</span> <span class='ocrx_word' id='word_1_732' title='bbox 3605 4389 3696 4441; x_wconf 69' lang='grc' dir='ltr'>τῶν</span> 
     </span>
    </p>
   </div>
   <div class='ocr_carea' id='block_1_97' title="bbox 2136 4479 3694 4553">
    <p class='ocr_par' dir='ltr' id='par_1_97' title="bbox 2136 4479 3694 4553">
     <span class='ocr_line' id='line_1_97' title="bbox 2136 4479 3694 4553; baseline 0.002 -21"><span class='ocrx_word' id='word_1_733' title='bbox 2136 4480 2464 4534; x_wconf 83' lang='grc' dir='ltr'>Βασιλειῶν.</span> <span class='ocrx_word' id='word_1_734' title='bbox 2493 4481 2599 4546; x_wconf 77' lang='grc' dir='ltr'>Είς</span> <span class='ocrx_word' id='word_1_735' title='bbox 2633 4480 2741 4535; x_wconf 84' lang='grc' dir='ltr'><strong>τὸν</strong></span> <span class='ocrx_word' id='word_1_736' title='bbox 2777 4479 2968 4534; x_wconf 72' lang='grc' dir='ltr'>αἰῶνα</span> <span class='ocrx_word' id='word_1_737' title='bbox 2991 4480 3070 4546; x_wconf 81' lang='grc' dir='ltr'>δὲ,</span> <span class='ocrx_word' id='word_1_738' title='bbox 3115 4481 3238 4535; x_wconf 78' lang='grc' dir='ltr'>ἀντὶ</span> <span class='ocrx_word' id='word_1_739' title='bbox 3291 4481 3414 4547; x_wconf 83' lang='grc' dir='ltr'>τοῦ,</span> <span class='ocrx_word' id='word_1_740' title='bbox 3443 4484 3531 4537; x_wconf 79' lang='grc' dir='ltr'><strong>ἀεὶ</strong></span> <span class='ocrx_word' id='word_1_741' title='bbox 3579 4482 3694 4553; x_wconf 72' lang='grc' dir='ltr'>ᾀσο-</span> 
     </span>
    </p>
   </div>
   <div class='ocr_carea' id='block_1_98' title="bbox 2133 4568 3044 4644">
    <p class='ocr_par' dir='ltr' id='par_1_98' title="bbox 2133 4568 3044 4644">
     <span class='ocr_line' id='line_1_98' title="bbox 2133 4568 3044 4644; baseline 0.001 -18"><span class='ocrx_word' id='word_1_742' title='bbox 2133 4590 2236 4644; x_wconf 79' lang='grc' dir='ltr'>μαι</span> <span class='ocrx_word' id='word_1_743' title='bbox 2262 4587 2278 4604; x_wconf 77' lang='grc' dir='ltr'><strong>ο</strong></span> <span class='ocrx_word' id='word_1_744' title='bbox 2312 4568 2468 4643; x_wconf 74' lang='grc' dir='ltr'>ᾆσμα</span> <span class='ocrx_word' id='word_1_745' title='bbox 2496 4571 2673 4627; x_wconf 83' lang='grc' dir='ltr'>ταῦτα</span> <span class='ocrx_word' id='word_1_746' title='bbox 2703 4573 3044 4642; x_wconf 80' lang='grc' dir='ltr'>ποιούμενος.</span> 
     </span>
    </p>
   </div>
   <div class='ocr_carea' id='block_1_99' title="bbox 2205 4667 3697 4738">
    <p class='ocr_par' dir='ltr' id='par_1_99' title="bbox 2205 4667 3697 4738">
     <span class='ocr_line' id='line_1_99' title="bbox 2205 4667 3697 4738; baseline 0.001 -17"><span class='ocrx_word' id='word_1_747' title='bbox 2205 4669 2313 4733; x_wconf 82' lang='grc' dir='ltr'>Είς</span> <span class='ocrx_word' id='word_1_748' title='bbox 2345 4667 2565 4736; x_wconf 78' lang='grc' dir='ltr'>γενεὰν</span> <span class='ocrx_word' id='word_1_749' title='bbox 2598 4669 2698 4722; x_wconf 77' lang='grc' dir='ltr'><strong>καὶ</strong></span> <span class='ocrx_word' id='word_1_750' title='bbox 2733 4672 2951 4736; x_wconf 74' lang='grc' dir='ltr'>γενεὰν</span> <span class='ocrx_word' id='word_1_751' title='bbox 2983 4669 3337 4738; x_wconf 68' lang='grc' dir='ltr'>’ἀπαγγελῶ</span> <span class='ocrx_word' id='word_1_752' title='bbox 3396 4671 3516 4737; x_wconf 74' lang='grc' dir='ltr'>τὴν</span> <span class='ocrx_word' id='word_1_753' title='bbox 3555 4671 3697 4735; x_wconf 66' lang='grc' dir='ltr'><strong>ἀλή-</strong></span> 
     </span>
    </p>
   </div>
   <div class='ocr_carea' id='block_1_100' title="bbox 2132 4762 3698 4832">
    <p class='ocr_par' dir='ltr' id='par_1_100' title="bbox 2132 4762 3698 4832">
     <span class='ocr_line' id='line_1_100' title="bbox 2132 4762 3698 4832; baseline -0.004 -13"><span class='ocrx_word' id='word_1_754' title='bbox 2132 4763 2304 4820; x_wconf 68' lang='grc' dir='ltr'>θειάν</span> <span class='ocrx_word' id='word_1_755' title='bbox 2329 4779 2446 4818; x_wconf 81' lang='grc' dir='ltr'>σου</span> <span class='ocrx_word' id='word_1_756' title='bbox 2477 4763 2548 4818; x_wconf 85' lang='grc' dir='ltr'><strong>ἐν</strong></span> <span class='ocrx_word' id='word_1_757' title='bbox 2572 4762 2656 4828; x_wconf 82' lang='grc' dir='ltr'>τῷ</span> <span class='ocrx_word' id='word_1_758' title='bbox 2687 4765 2943 4832; x_wconf 74' lang='grc' dir='ltr'>στόματί</span> <span class='ocrx_word' id='word_1_759' title='bbox 2966 4780 3106 4832; x_wconf 68' lang='grc' dir='ltr'>μου.</span> <span class='ocrx_word' id='word_1_760' title='bbox 3134 4791 3204 4802; x_wconf 90' lang='lat'><strong>--</strong></span> <span class='ocrx_word' id='word_1_761' title='bbox 3229 4766 3336 4828; x_wconf 83' lang='grc' dir='ltr'><strong>Εις</strong></span> <span class='ocrx_word' id='word_1_762' title='bbox 3356 4763 3578 4832; x_wconf 68' lang='grc' dir='ltr'>ταν-εὰν</span> <span class='ocrx_word' id='word_1_763' title='bbox 3611 4762 3698 4814; x_wconf 70' lang='lat' dir='ltr'><strong>xui</strong></span> 
     </span>
    </p>
   </div>
   <div class='ocr_carea' id='block_1_101' title="bbox 2130 4854 3700 4929">
    <p class='ocr_par' dir='ltr' id='par_1_101' title="bbox 2130 4854 3700 4929">
     <span class='ocr_line' id='line_1_101' title="bbox 2130 4854 3700 4929; baseline -0.01 -14"><span class='ocrx_word' id='word_1_764' title='bbox 2130 4859 2372 4929; x_wconf 73' lang='grc' dir='ltr'>γενεὰν,</span> <span class='ocrx_word' id='word_1_765' title='bbox 2403 4857 2526 4914; x_wconf 72' lang='grc' dir='ltr'>ἀντὶ</span> <span class='ocrx_word' id='word_1_766' title='bbox 2548 4856 2666 4920; x_wconf 88' lang='grc' dir='ltr'>τοῦ,</span> <span class='ocrx_word' id='word_1_767' title='bbox 2697 4857 2790 4919; x_wconf 76' lang='grc' dir='ltr'>Εἰς</span> <span class='ocrx_word' id='word_1_768' title='bbox 2823 4857 3007 4910; x_wconf 76' lang='grc' dir='ltr'>πᾶσαν</span> <span class='ocrx_word' id='word_1_769' title='bbox 3037 4855 3251 4923; x_wconf 76' lang='grc' dir='ltr'>γενεάν.</span> <span class='ocrx_word' id='word_1_770' title='bbox 3300 4854 3700 4924; x_wconf 47' lang='lat' dir='ltr'><strong>namque.</strong></span> 
     </span>
    </p>
   </div>
   <div class='ocr_carea' id='block_1_102' title="bbox 2133 4948 3703 5022">
    <p class='ocr_par' dir='ltr' id='par_1_102' title="bbox 2133 4948 3703 5022">
     <span class='ocr_line' id='line_1_102' title="bbox 2133 4948 3703 5022; baseline -0.004 -16"><span class='ocrx_word' id='word_1_771' title='bbox 2133 4969 2234 5021; x_wconf 84' lang='grc' dir='ltr'><strong>σης</strong></span> <span class='ocrx_word' id='word_1_772' title='bbox 2269 4950 2381 5022; x_wconf 81' lang='grc' dir='ltr'><strong>γὰρ</strong></span> <span class='ocrx_word' id='word_1_773' title='bbox 2417 4949 2517 5018; x_wconf 83' lang='grc' dir='ltr'>τῆς</span> <span class='ocrx_word' id='word_1_774' title='bbox 2549 4951 2708 5020; x_wconf 82' lang='grc' dir='ltr'>μιᾶς,</span> <span class='ocrx_word' id='word_1_775' title='bbox 2739 4949 3125 5016; x_wconf 82' lang='grc' dir='ltr'>ἀντεισάγεται</span> <span class='ocrx_word' id='word_1_776' title='bbox 3159 4949 3349 5019; x_wconf 76' lang='grc' dir='ltr'>ἑτέρα,</span> <span class='ocrx_word' id='word_1_777' title='bbox 3401 4950 3497 5001; x_wconf 79' lang='grc' dir='ltr'>καὶ</span> <span class='ocrx_word' id='word_1_778' title='bbox 3536 4948 3703 5005; x_wconf 70' lang='grc' dir='ltr'>οὕτως</span> 
     </span>
    </p>
   </div>
   <div class='ocr_carea' id='block_1_103' title="bbox 2129 5041 3704 5115">
    <p class='ocr_par' dir='ltr' id='par_1_103' title="bbox 2129 5041 3704 5115">
     <span class='ocr_line' id='line_1_103' title="bbox 2129 5041 3704 5115; baseline -0.003 -19"><span class='ocrx_word' id='word_1_779' title='bbox 2129 5045 2260 5115; x_wconf 80' lang='grc' dir='ltr'>ἄχρι</span> <span class='ocrx_word' id='word_1_780' title='bbox 2299 5042 2636 5105; x_wconf 82' lang='grc' dir='ltr'>συντελείας.</span> <span class='ocrx_word' id='word_1_781' title='bbox 2679 5043 2751 5095; x_wconf 84' lang='grc' dir='ltr'><strong>Ἢ</strong></span> <span class='ocrx_word' id='word_1_782' title='bbox 2799 5043 2882 5106; x_wconf 83' lang='grc' dir='ltr'><strong>εἴς</strong></span> <span class='ocrx_word' id='word_1_783' title='bbox 2925 5059 2987 5096; x_wconf 86' lang='grc' dir='ltr'><strong>τε</strong></span> <span class='ocrx_word' id='word_1_784' title='bbox 3024 5041 3127 5112; x_wconf 71' lang='grc' dir='ltr'><strong>τὴν</strong></span> <span class='ocrx_word' id='word_1_785' title='bbox 3178 5044 3380 5108; x_wconf 76' lang='grc' dir='ltr'>γενεὰν</span> <span class='ocrx_word' id='word_1_786' title='bbox 3429 5043 3536 5094; x_wconf 81' lang='grc' dir='ltr'><strong>τῶν</strong></span> <span class='ocrx_word' id='word_1_787' title='bbox 3579 5041 3704 5093; x_wconf 74' lang='grc' dir='ltr'><strong>’1ου-</strong></span> 
     </span>
    </p>
   </div>
   <div class='ocr_carea' id='block_1_104' title="bbox 2127 5131 3706 5204">
    <p class='ocr_par' dir='ltr' id='par_1_104' title="bbox 2127 5131 3706 5204">
     <span class='ocr_line' id='line_1_104' title="bbox 2127 5131 3706 5204; baseline -0.003 -16"><span class='ocrx_word' id='word_1_788' title='bbox 2127 5135 2298 5189; x_wconf 87' lang='grc' dir='ltr'>δαίων</span> <span class='ocrx_word' id='word_1_789' title='bbox 2325 5134 2419 5187; x_wconf 76' lang='grc' dir='ltr'><strong>καὶ</strong></span> <span class='ocrx_word' id='word_1_790' title='bbox 2451 5133 2553 5204; x_wconf 76' lang='grc' dir='ltr'>τὴν</span> <span class='ocrx_word' id='word_1_791' title='bbox 2581 5133 2692 5186; x_wconf 80' lang='grc' dir='ltr'><strong>τῶν</strong></span> <span class='ocrx_word' id='word_1_792' title='bbox 2713 5131 3082 5203; x_wconf 77' lang='grc' dir='ltr'>Χριστιανῶν.</span> <span class='ocrx_word' id='word_1_793' title='bbox 3109 5133 3324 5196; x_wconf 73' lang='grc' dir='ltr'>Μόναις</span> <span class='ocrx_word' id='word_1_794' title='bbox 3355 5133 3463 5202; x_wconf 81' lang='grc' dir='ltr'>γὰρ</span> <span class='ocrx_word' id='word_1_795' title='bbox 3482 5133 3706 5191; x_wconf 77' lang='grc' dir='ltr'>ταύταις</span> 
     </span>
    </p>
   </div>
   <div class='ocr_carea' id='block_1_105' title="bbox 2128 5221 3708 5294">
    <p class='ocr_par' dir='ltr' id='par_1_105' title="bbox 2128 5221 3708 5294">
     <span class='ocr_line' id='line_1_105' title="bbox 2128 5221 3708 5294; baseline -0.005 -14"><span class='ocrx_word' id='word_1_796' title='bbox 2128 5229 2156 5280; x_wconf 81' lang='grc' dir='ltr'><strong>ὁ</strong></span> <span class='ocrx_word' id='word_1_797' title='bbox 2196 5226 2364 5278; x_wconf 73' lang='grc' dir='ltr'><strong>Δαὸὶδ</strong></span> <span class='ocrx_word' id='word_1_798' title='bbox 2385 5224 2732 5293; x_wconf 76' lang='grc' dir='ltr'>ἀπαγγέλλει</span> <span class='ocrx_word' id='word_1_799' title='bbox 2759 5227 2860 5294; x_wconf 76' lang='grc' dir='ltr'>τὴν</span> <span class='ocrx_word' id='word_1_800' title='bbox 2888 5224 3150 5294; x_wconf 78' lang='grc' dir='ltr'>ἀλήθειαν</span> <span class='ocrx_word' id='word_1_801' title='bbox 3174 5223 3271 5277; x_wconf 87' lang='grc' dir='ltr'><strong>τοῦ</strong></span> <span class='ocrx_word' id='word_1_802' title='bbox 3312 5225 3454 5277; x_wconf 80' lang='grc' dir='ltr'>Θεοῦ</span> <span class='ocrx_word' id='word_1_803' title='bbox 3489 5224 3581 5276; x_wconf 74' lang='grc' dir='ltr'><strong>διὰ</strong></span> <span class='ocrx_word' id='word_1_804' title='bbox 3617 5221 3708 5274; x_wconf 68' lang='grc' dir='ltr'><strong>τοῦ</strong></span> 
     </span>
    </p>
   </div>
   <div class='ocr_carea' id='block_1_106' title="bbox 2131 5313 3708 5385">
    <p class='ocr_par' dir='ltr' id='par_1_106' title="bbox 2131 5313 3708 5385">
     <span class='ocr_line' id='line_1_106' title="bbox 2131 5313 3708 5385; baseline -0.003 -17"><span class='ocrx_word' id='word_1_805' title='bbox 2131 5315 2406 5385; x_wconf 78' lang='grc' dir='ltr'>στόματος</span> <span class='ocrx_word' id='word_1_806' title='bbox 2434 5314 2626 5368; x_wconf 78' lang='grc' dir='ltr'>αὑτοῦ.</span> <span class='ocrx_word' id='word_1_807' title='bbox 2660 5314 2846 5384; x_wconf 75' lang='grc' dir='ltr'>Στόμα</span> <span class='ocrx_word' id='word_1_808' title='bbox 2894 5315 2951 5367; x_wconf 74' lang='grc' dir='ltr'><strong>δὲ</strong></span> <span class='ocrx_word' id='word_1_809' title='bbox 2981 5313 3148 5366; x_wconf 82' lang='grc' dir='ltr'>αὐτοῦ</span> <span class='ocrx_word' id='word_1_810' title='bbox 3201 5314 3290 5384; x_wconf 74' lang='grc' dir='ltr'><strong>εἴη</strong></span> <span class='ocrx_word' id='word_1_811' title='bbox 3333 5314 3404 5368; x_wconf 84' lang='grc' dir='ltr'>ἂν</span> <span class='ocrx_word' id='word_1_812' title='bbox 3444 5317 3478 5383; x_wconf 76' lang='grc' dir='ltr'>ἠ</span> <span class='ocrx_word' id='word_1_813' title='bbox 3520 5315 3708 5382; x_wconf 62' lang='grc' dir='ltr'>βίϐλος</span> 
     </span>
    </p>
   </div>
   <div class='ocr_carea' id='block_1_107' title="bbox 2128 5406 3709 5478">
    <p class='ocr_par' dir='ltr' id='par_1_107' title="bbox 2128 5406 3709 5478">
     <span class='ocr_line' id='line_1_107' title="bbox 2128 5406 3709 5478; baseline -0.005 -16"><span class='ocrx_word' id='word_1_814' title='bbox 2128 5409 2236 5462; x_wconf 81' lang='grc' dir='ltr'><strong>τῶν</strong></span> <span class='ocrx_word' id='word_1_815' title='bbox 2282 5406 2532 5477; x_wconf 78' lang='grc' dir='ltr'>Ψαλμῶν</span> <span class='ocrx_word' id='word_1_816' title='bbox 2581 5406 2774 5460; x_wconf 81' lang='grc' dir='ltr'>αὑτοῦ.</span> <span class='ocrx_word' id='word_1_817' title='bbox 2808 5407 3094 5478; x_wconf 77' lang='grc' dir='ltr'>Ἀλήθειαν</span> <span class='ocrx_word' id='word_1_818' title='bbox 3139 5406 3198 5460; x_wconf 82' lang='grc' dir='ltr'><strong>δὲ</strong></span> <span class='ocrx_word' id='word_1_819' title='bbox 3236 5406 3372 5458; x_wconf 84' lang='grc' dir='ltr'>Θεοῦ</span> <span class='ocrx_word' id='word_1_820' title='bbox 3416 5406 3568 5473; x_wconf 84' lang='grc' dir='ltr'>λέγει</span> <span class='ocrx_word' id='word_1_821' title='bbox 3613 5407 3709 5463; x_wconf 69' lang='grc' dir='ltr'><strong>τὰς</strong></span> 
     </span>
    </p>
   </div>
   <div class='ocr_carea' id='block_1_108' title="bbox 2128 5495 3714 5569">
    <p class='ocr_par' dir='ltr' id='par_1_108' title="bbox 2128 5495 3714 5569">
     <span class='ocr_line' id='line_1_108' title="bbox 2128 5495 3714 5569; baseline -0.003 -17"><span class='ocrx_word' id='word_1_822' title='bbox 2128 5500 2353 5569; x_wconf 77' lang='grc' dir='ltr'>ἀληθεῖς</span> <span class='ocrx_word' id='word_1_823' title='bbox 2411 5500 2751 5568; x_wconf 76' lang='grc' dir='ltr'>ἐπαγγελίας</span> <span class='ocrx_word' id='word_1_824' title='bbox 2807 5499 2873 5561; x_wconf 75' lang='grc' dir='ltr'>ἃς</span> <span class='ocrx_word' id='word_1_825' title='bbox 2923 5498 3072 5569; x_wconf 85' lang='grc' dir='ltr'>αύτῷ</span> <span class='ocrx_word' id='word_1_826' title='bbox 3123 5497 3494 5568; x_wconf 74' lang='grc' dir='ltr'>ὲπηγγείλατο</span> <span class='ocrx_word' id='word_1_827' title='bbox 3549 5495 3714 5548; x_wconf 74' lang='grc' dir='ltr'>τοῦτο</span> 
     </span>
    </p>
   </div>
   <div class='ocr_carea' id='block_1_109' title="bbox 2131 5587 3710 5661">
    <p class='ocr_par' dir='ltr' id='par_1_109' title="bbox 2131 5587 3710 5661">
     <span class='ocr_line' id='line_1_109' title="bbox 2131 5587 3710 5661; baseline -0.006 -17"><span class='ocrx_word' id='word_1_828' title='bbox 2131 5592 2232 5661; x_wconf 81' lang='grc' dir='ltr'><strong>μὲν</strong></span> <span class='ocrx_word' id='word_1_829' title='bbox 2275 5593 2366 5645; x_wconf 76' lang='grc' dir='ltr'>διὰ</span> <span class='ocrx_word' id='word_1_830' title='bbox 2396 5591 2494 5645; x_wconf 88' lang='grc' dir='ltr'><strong>τοῦ</strong></span> <span class='ocrx_word' id='word_1_831' title='bbox 2531 5591 2820 5659; x_wconf 74' lang='grc' dir='ltr'>προφήτου</span> <span class='ocrx_word' id='word_1_832' title='bbox 2860 5591 3070 5653; x_wconf 80' lang='grc' dir='ltr'>Νάθαν,</span> <span class='ocrx_word' id='word_1_833' title='bbox 3121 5590 3197 5653; x_wconf 83' lang='grc' dir='ltr'>ὡς</span> <span class='ocrx_word' id='word_1_834' title='bbox 3245 5593 3278 5657; x_wconf 82' lang='grc' dir='ltr'>ὴ</span> <span class='ocrx_word' id='word_1_835' title='bbox 3327 5589 3561 5660; x_wconf 82' lang='grc' dir='ltr'>δευτέρα</span> <span class='ocrx_word' id='word_1_836' title='bbox 3601 5587 3710 5640; x_wconf 76' lang='grc' dir='ltr'><strong>τῶν</strong></span> 
     </span>
    </p>
   </div>
   <div class='ocr_carea' id='block_1_110' title="bbox 2128 5679 3709 5753">
    <p class='ocr_par' dir='ltr' id='par_1_110' title="bbox 2128 5679 3709 5753">
     <span class='ocr_line' id='line_1_110' title="bbox 2128 5679 3709 5753; baseline -0.005 -16"><span class='ocrx_word' id='word_1_837' title='bbox 2128 5683 2428 5737; x_wconf 82' lang='grc' dir='ltr'>Βασιλειῶν</span> <span class='ocrx_word' id='word_1_838' title='bbox 2457 5685 2662 5753; x_wconf 81' lang='grc' dir='ltr'>ἱστορεῖ</span> <span class='ocrx_word' id='word_1_839' title='bbox 2685 5721 2701 5746; x_wconf 96' lang='grc'><strong>,</strong></span> <span class='ocrx_word' id='word_1_840' title='bbox 2725 5681 2888 5736; x_wconf 86' lang='grc' dir='ltr'>τοῦτο</span> <span class='ocrx_word' id='word_1_841' title='bbox 2912 5683 2968 5736; x_wconf 83' lang='grc' dir='ltr'><strong>δὲ</strong></span> <span class='ocrx_word' id='word_1_842' title='bbox 2994 5683 3092 5736; x_wconf 74' lang='grc' dir='ltr'><strong>καὶ</strong></span> <span class='ocrx_word' id='word_1_843' title='bbox 3118 5683 3208 5736; x_wconf 79' lang='grc' dir='ltr'><strong>διὰ</strong></span> <span class='ocrx_word' id='word_1_844' title='bbox 3239 5680 3334 5734; x_wconf 86' lang='grc' dir='ltr'><strong>τοῦ</strong></span> <span class='ocrx_word' id='word_1_845' title='bbox 3365 5679 3709 5739; x_wconf 68' lang='grc' dir='ltr'>ἐνοικοῦντος</span> 
     </span>
    </p>
   </div>
   <div class='ocr_carea' id='block_1_111' title="bbox 2129 5769 3708 5845">
    <p class='ocr_par' dir='ltr' id='par_1_111' title="bbox 2129 5769 3708 5845">
     <span class='ocr_line' id='line_1_111' title="bbox 2129 5769 3708 5845; baseline -0.005 -16"><span class='ocrx_word' id='word_1_846' title='bbox 2129 5775 2280 5845; x_wconf 81' lang='grc' dir='ltr'>αύτῷ</span> <span class='ocrx_word' id='word_1_847' title='bbox 2335 5772 2682 5845; x_wconf 73' lang='grc' dir='ltr'>προφητικοῦ</span> <span class='ocrx_word' id='word_1_848' title='bbox 2736 5773 3052 5843; x_wconf 77' lang='grc' dir='ltr'>πνεύματος</span> <span class='ocrx_word' id='word_1_849' title='bbox 3074 5791 3087 5803; x_wconf 89' lang='grc'><strong>·</strong></span> <span class='ocrx_word' id='word_1_850' title='bbox 3123 5775 3390 5844; x_wconf 82' lang='grc' dir='ltr'>ὑπέσχετο</span> <span class='ocrx_word' id='word_1_851' title='bbox 3414 5773 3518 5841; x_wconf 69' lang='grc' dir='ltr'><strong>γὰρ</strong></span> <span class='ocrx_word' id='word_1_852' title='bbox 3550 5769 3708 5836; x_wconf 72' lang='grc' dir='ltr'><strong>αὖτῷ</strong></span> 
     </span>
    </p>
   </div>
   <div class='ocr_carea' id='block_1_112' title="bbox 2132 5860 3705 5937">
    <p class='ocr_par' dir='ltr' id='par_1_112' title="bbox 2132 5860 3705 5937">
     <span class='ocr_line' id='line_1_112' title="bbox 2132 5860 3705 5937; baseline -0.003 -16"><span class='ocrx_word' id='word_1_853' title='bbox 2132 5868 2325 5932; x_wconf 86' lang='grc' dir='ltr'>πολλὰ,</span> <span class='ocrx_word' id='word_1_854' title='bbox 2396 5868 2522 5937; x_wconf 84' lang='grc' dir='ltr'>περί</span> <span class='ocrx_word' id='word_1_855' title='bbox 2560 5883 2619 5918; x_wconf 81' lang='grc' dir='ltr'><strong>τε</strong></span> <span class='ocrx_word' id='word_1_856' title='bbox 2658 5866 2756 5935; x_wconf 81' lang='grc' dir='ltr'>τῆς</span> <span class='ocrx_word' id='word_1_857' title='bbox 2789 5865 3074 5935; x_wconf 71' lang='grc' dir='ltr'>ὑποταγῆς</span> <span class='ocrx_word' id='word_1_858' title='bbox 3118 5867 3228 5920; x_wconf 81' lang='grc' dir='ltr'><strong>τῶν</strong></span> <span class='ocrx_word' id='word_1_859' title='bbox 3272 5865 3477 5936; x_wconf 79' lang='grc' dir='ltr'>ἐχθρῶν</span> <span class='ocrx_word' id='word_1_860' title='bbox 3506 5860 3705 5923; x_wconf 56' lang='grc' dir='ltr'>αὐτοὶ</span> 
     </span>
    </p>
   </div>
  </div>
