3862 6532
482 367 588 428 907

1690 345 2067 409 EUTllYMlI
2108 338 2465 401 ZIGABENI
3035 378 3051 391 .
3613 331 3697 391 903

483 481 576 552 qui
622 481 677 534 in
710 477 1026 548 superbiam
1065 474 1245 528 elatus
1273 479 1377 535 est,
1433 476 1598 537 atque
1632 466 1755 519 ideo
1803 464 2053 533 dejeclus

2180 454 2500 526 τραυματίαι
2559 449 2807 505 ταπεινοί
2847 451 2977 512 εἱσι,
3014 449 3092 518 τῷ
3140 447 3288 517 πόνῳ
3337 444 3697 513 συγκατασπώο

484 550 536 629 et
560 575 615 628 in
651 584 897 643 prmeeps
926 567 1166 622 delatus.
1196 563 1560 618 Vulneratum
1586 565 1768 611 autem
1813 554 1936 609 ideo
1969 550 2054 605 di-

485 668 587 732 xit,
620 666 749 736 quia
782 663 1052 719 vulnerati
1079 675 1295 724 omnes,
1328 666 1388 711 ut
1436 654 1759 725 plurimum,
1812 646 2051 703 humiles

482 765 632 822 sunt,
662 755 1054 831 velutilabore
1090 752 1298 807 amicti.
1355 746 1591 815 Quidam
1628 759 1727 815 per
1753 739 2053 812 superbum

2165 570 2340 624 μενοι.
2379 551 2536 614 Τινὲς
2570 550 2626 603 δὲ
2670 548 3023 619 ὑπερήφανον
3055 545 3157 614 μὲν
3196 544 3289 597 τὸν
3339 540 3535 611 Φαραὼ
3574 539 3697 592 voci}.

2164 663 2270 711 σιν,
2311 644 2540 717 ἐχθροὺς
2576 643 2635 697 δὲ
2660 643 2785 704 τοὺς
2832 639 3199 709 Ἀἰγυπτίους,
3224 637 3300 699 ὡς
3334 632 3699 700 ἁποπνιγέντας

2161 742 2252 793 καὶ
2285 737 2812 809 διασκορπισθέντας
2841 733 2900 787 ὲν
2932 734 3056 795 ταῖς
3082 730 3300 791 ἀκταῖς.

481 821 844 904 Pharaonem.
881 847 1221 917 intelligunt,
1278 852 1333 899 et
1381 856 1481 912 per
1537 838 1818 899 inimicos,
1879 830 2263 904 Egyptiorum
2305 833 2556 904 pupulos,
2589 832 2682 900 qui
2715 824 2973 896 dissipati
3039 840 3104 880 ac
3173 821 3429 878 suil'ocati
3491 828 3613 875 sunt
3653 821 3696 874 in

483 958 648 999 ιιιιιῐι.

557 1040 624 1093 In
657 1038 869 1091 brachio
902 1035 1114 1090 virtutis
1148 1041 1251 1088 tua:
1302 1028 1600 1098 dispersisti
1632 1023 1878 1080 inimicos
1913 1032 2052 1074 tuos.

482 1132 539 1186 In
571 1130 799 1185 brachio
832 1127 1089 1199 potentia:
1127 1136 1254 1187 tuae,
1291 1124 1395 1178 hoc
1433 1130 1538 1185 est,
1571 1120 1629 1176 in
1680 1116 1889 1189 potenti
1927 1114 2057 1167 bra-

481 1226 607 1279 chio
640 1232 754 1277 tuo.
786 1220 890 1274 Per
922 1219 1177 1272 inimicos
1205 1229 1335 1269 vero
1375 1213 1573 1283 impios
1612 1223 1806 1265 omnes
1839 1206 1892 1261 in
1929 1204 2056 1258 uui-

481 1328 702 1370 versum
735 1310 995 1379 intelligo,
1037 1307 1118 1363 vel
1157 1308 1304 1376 ipsos
1340 1305 1507 1359 etiam
1538 1302 1839 1356 daemones.

562 1399 722 1455 Vens.
756 1400 841 1455 12.
879 1397 980 1451 Tui
1014 1407 1140 1450 sunt
1171 1395 1310 1457 creti,
1342 1404 1392 1447 et
1432 1403 1526 1446 tua
1556 1400 1632 1445 est
1690 1399 1852 1444 terra.
1888 1385 2059 1442 Crea-

481 1503 621 1547 turae
651 1491 797 1546 enim
828 1502 934 1545 tuae
966 1498 1119 1551 sunt,
1152 1496 1205 1542 et
1233 1485 1486 1540 serviunt
1517 1482 1651 1548 tibi;
1686 1495 1809 1534 nam
1843 1487 1897 1533 et
1931 1477 2060 1532 alibi

484 1586 562 1639 ait
593 1601 608 1639 :
639 1582 910 1648 Quoniam
935 1579 1114 1633 omnia
1142 1576 1374 1630 serviunt
1402 1574 1494 1628 tibi
1528 1574 1573 1606 "
1604 1591 1618 1639 ;
1654 1582 1718 1627 de
1745 1570 1901 1627 caelis
1928 1584 2059 1624 vero

485 1674 724 1729 diximus
757 1674 812 1727 in
843 1671 1060 1742 psalmo
1084 1684 1206 1723 vin.

562 1764 753 1820 Orbem
799 1770 958 1817 term
1008 1769 1056 1814 et
1098 1756 1478 1829 plenitudinem
1518 1752 1633 1822 ejus
1687 1763 1745 1807 tu
1793 1749 2056 1820 fundasti.

2249 1017 2353 1068 Ἐν
2382 1013 2463 1077 τῷ
2486 1014 2769 1080 βραχίονι
2819 1009 2932 1076 τῆς
2967 1004 3278 1075 δυνάμεώς
3311 1017 3428 1055 σου
3464 1001 3698 1069 διεσκόρ-

2160 1122 2345 1170 πισας
2370 1106 2510 1169 τοὺς
2537 1103 2793 1172 ἐχθρούς
2812 1115 2951 1154 σου.
2985 1127 3056 1138 —
3092 1098 3196 1151 Ἐν
3219 1094 3298 1159 τῷ
3317 1095 3583 1160 βραχίονι
3612 1092 3697 1159 τῆς

2160 1195 2472 1265 δυνάμεώς
2499 1211 2638 1258 σου,
2663 1193 2784 1247 ἀντὶ
2810 1191 2903 1245 τοῦ
2921 1191 3008 1242 Ἐν
3028 1187 3103 1257 τῷ
3125 1187 3371 1257 βραχίονι
3400 1185 3474 1253 τῷ
3500 1185 3693 1256 δυνατῷ.

2173 1287 2433 1357 Ἐχθροὺς
2455 1285 2512 1339 δὲ
2535 1284 2743 1347 ἁπλῶς,
2779 1283 2903 1345 τοὺς
2933 1279 3149 1341 ἁσεδεῖς
3177 1279 3274 1332 καὶ
3303 1277 3430 1338 τοὺς
3452 1275 3694 1344 δαίμονας.

2232 1380 2337 1432 Σοί
2380 1380 2541 1431 εἰσιν
2598 1377 2654 1429 οι
2702 1372 2972 1441 οὐρανοὶ,
3010 1373 3107 1426 και
3135 1369 3220 1437 σή
3246 1369 3420 1421 ἐστιν
3462 1368 3494 1435 ἡ
3526 1366 3610 1436 τῆ.
3634 1368 3697 1419 Τὰ

2160 1470 2436 1539 κτίσματα
2474 1467 2542 1520 σὰ
2579 1465 2743 1520 δοῦλα
2772 1483 2789 1499 ·
2821 1465 2961 1535 φησι
2996 1463 3106 1531 γὰρ
3153 1463 3211 1514 ὲν
3243 1459 3426 1522 ἄλλοις
3452 1476 3467 1491 ο
3506 1459 3620 1512 Ὀτι
3643 1459 3700 1511 τὰ

2158 1562 2483 1631 σύμπαντα
2513 1558 2705 1613 δοῦλα
2734 1556 2837 1612 σά.
2871 1555 3009 1627 Περὶ
3033 1554 3143 1610 τῶν
3167 1551 3412 1623 οὐρανῶν
3443 1552 3636 1623 εἴρηται
3656 1553 3701 1605 ὲν

2158 1654 2237 1725 τῷ
2268 1662 2319 1723 η’
2346 1653 2571 1724 ψαλμῷ.

2239 1746 2361 1816 Τὴν
2398 1746 2771 1817 οἰκουμένην
2811 1744 2911 1799 καὶ
2967 1742 3035 1796 τὸ
3074 1741 3374 1809 πλήρωμα
3423 1739 3599 1807 αὐτῆς
3637 1739 3703 1792 σὺ

486 1854 635 1908 Idem
686 1868 882 1907 rursus
920 1824 1151 1920 repetit;
1203 1846 1271 1901 de
1319 1847 1424 1900 hoc
1483 1844 1647 1899 etiam
1704 1841 1946 1896 diximus
2005 1839 2061 1892 in

2180 1840 2588 1909 ἐθεμελίωσας.
2624 1838 2698 1891 Τὸ
2726 1838 2860 1891 αὐτὸ
2891 1834 3057 1888 πάλιν
3087 1833 3253 1902 φησιν
3284 1846 3300 1861 ⁸
3352 1832 3559 1900 εἴρηται
3583 1832 3631 1884 δὲ
3657 1833 3704 1884 ἐν

489 1947 702 2020 psalmo
735 1961 888 2009 χχιιι,
924 1943 996 1998 ibi
1036 1961 1050 1998 :
1095 1939 1309 1995 Domini
1354 1950 1433 1992 est
1494 1945 1660 1999 terra,
1704 1945 1753 1988 et
1792 1932 2063 2002 plenitudo

484 2042 601 2110 ejus
661 2038 804 2093 orbis
835 2047 1011 2099 terra,
1042 2042 1091 2088 et
1125 2032 1380 2097 universi,
1408 2031 1497 2100 qui
1524 2030 1767 2083 habitant
1789 2030 1843 2081 in
1870 2044 1955 2082 ea.

559 2221 871 2290 Aquilonem
920 2224 969 2271 et
996 2230 1140 2267 mare
1182 2222 1237 2265 tu
1272 2211 1491 2265 creasti.
1547 2207 1857 2279 Hesychius
1911 2206 2063 2273 dicit,

489 2313 635 2386 quod
680 2310 967 2378 Scriptura
999 2304 1222 2359 nomine
1279 2302 1450 2355 maris
1510 2312 1753 2369 persaepe
1804 2311 2064 2352 occasum

488 2402 785 2475 signiﬁcat.
859 2396 1014 2451 Unde
1046 2395 1187 2449 liber
1215 2391 1600 2452 Numerorum,
1630 2387 1721 2457 qui
1749 2385 2063 2442 Iudaeorum

490 2494 672 2549 tribus
704 2489 1105 2552 describit,.et
1149 2484 1289 2537 alias
1336 2481 1403 2536 ad
1455 2481 1753 2538 orientem.
1802 2479 1944 2532 alias
1998 2477 2063 2530 ad

491 2587 863 2647 occidentem,
901 2581 1036 2634 alias
1073 2580 1139 2631 ad
1168 2573 1631 2645 septentrionem,
1665 2578 1762 2625 aut
1788 2570 1855 2625 ad
1883 2570 2067 2623 taber-

494 2675 678 2732 naculi
720 2670 1007 2726 meridiem
1044 2666 1239 2722 ordine
1271 2664 1508 2735 quodam
1547 2661 1848 2731 dispositas
1888 2659 2065 2713 fuisse

492 2766 651 2830 dicit,
682 2764 787 2817 hac
804 2760 968 2816 maris
984 2759 1223 2813 dictione
1263 2770 1360 2810 eos
1393 2753 1740 2822 signiﬁcavit,
1779 2751 1954 2821 quiad
1974 2766 2070 2805 oc-

493 2860 766 2917 cidentem
781 2843 937 2909 erant
959 2850 1231 2905 collocati.
1256 2847 1344 2899 Ait
1370 2846 1549 2901 enim:
1585 2843 1776 2897 Castra
1811 2840 2067 2909 Ephraim

487 2954 648 3024 juxta
665 2962 809 3001 mare
824 2944 890 2997 ⁸⁸.
910 2942 1047 3008 Quia
1068 2940 1234 3009 igitur
1255 2935 1694 3006 septentrionalis
1713 2948 1809 2990 ora
1830 2940 1882 2988 et
1902 2933 2072 2987 mari-

494 3047 650 3107 tima,
678 3041 781 3097 boc
811 3044 896 3093 est
926 3030 1308 3094 occidentalis,
1333 3028 1637 3083 tenebrosae
1677 3031 1825 3089 sunt,
1858 3023 2067 3078 biema-

494 3137 686 3206 lesque
714 3141 767 3187 et
799 3128 1031 3198 frigidae,
1062 3134 1116 3179 et
1149 3122 1395 3176 futurum
1426 3127 1566 3183 erat,
1601 3125 1658 3172 ιιι
1691 3114 1861 3186 aliqui
1890 3129 1951 3169 ca
1984 3129 2071 3167 ra-
2094 3154 2137 3212 ϐ

495 3229 645 3283 tione
684 3224 901 3278 illarum
934 3227 1243 3274 creatorem
1273 3226 1401 3269 esse
1432 3212 1737 3265 daemonem
1795 3208 2066 3271 dicerent,

492 3314 813 3373 necessario
856 3318 1085 3368 sanctus
1160 3305 1404 3376 Spiritus
1449 3302 1597 3357 hunc
1630 3314 1877 3357 errorem
1914 3307 2069 3353 antea

494 3407 820 3465 eradicavit.
860 3402 999 3458 lllud
1028 3401 1174 3457 scire
1204 3397 1371 3452 etiam
1401 3401 1640 3464 oportet,
1680 3391 1826 3462 quod
1848 3388 2069 3461 quando

495 3502 767 3557 orientem
799 3495 1125 3567 aspicimus,
1183 3499 1313 3544 ante
1352 3489 1548 3543 faciem
1580 3487 1761 3556 ipsum
1792 3486 2068 3540 orientem

497 3592 789 3653 habemus,
822 3587 1164 3644 occidentem
1197 3589 1318 3652 post
1345 3589 1519 3649 terga.
1552 3578 1606 3631 in
1640 3577 1870 3633 dextera
1902 3576 2069 3632 meri-

496 3687 662 3751 diem,
701 3692 860 3752 atque
893 3682 947 3734 in
989 3680 1213 3733 sinistra
1250 3671 1708 3743 septentrionem.

567 3860 735 3915 Vens.
769 3858 857 3913 l3.
893 3852 1105 3908 Thabor
1123 3860 1172 3905 et
1196 3853 1429 3904 Hermon
1455 3850 1509 3901 in
1533 3847 1739 3901 nomine
1763 3855 1854 3901 tuo
1892 3847 2073 3902 exsul-

499 3955 712 4007 tabant.
762 3946 985 4000 Thabor
1018 3953 1073 3998 et
1111 3940 1352 3995 Hermon
1410 3945 1628 3993 montes
1661 3949 1810 4003 sunt,
1842 3946 1897 3993 et
1935 3954 2070 3994 con-

501 4041 719 4098 termini
750 4049 908 4093 terrae
930 4032 1337 4105 promissionis.
1387 4030 1492 4085 Per
1521 4031 1624 4086 bos
1649 4041 1831 4086 autem
1858 4040 2073 4086 montes

498 4136 815 4190 universam
858 4136 1062 4184 terram
1106 4125 1253 4179 illam
1304 4123 1662 4193 signiﬁcavit,
1694 4137 1857 4194 quam
1890 4122 2072 4178 exsul—

499 4233 736 4281 taturam
769 4235 893 4276 esse
930 4217 1177 4288 praedicit
1207 4215 1262 4269 in
1286 4213 1493 4269 Christi
1528 4213 1773 4276 nomine.
1828 4215 1933 4271 hoc
1965 4224 2069 4281 est,

497 4319 551 4372 in
585 4315 850 4372 Christo:
889 4309 971 4364 vel
1004 4307 1403 4364 exsultaturam
1446 4306 1500 4359 in
1540 4304 1666 4371 hoc,
1703 4312 1762 4358 ut
1795 4319 1825 4358 a
1848 4305 2072 4360 Christo

495 4406 903 4464 rlenominetur.
947 4399 1054 4455 Per
1091 4408 1291 4453 terram
1318 4412 1449 4452 vero
1502 4396 1756 4450 homines
1813 4395 2073 4467 intelligi-

2165 1929 2245 1999 τῷ
2275 1928 2360 1999 κγ’
2382 1928 2586 1999 ψαλμῷ
2612 1944 2626 1956 θ
2667 1926 2777 1981 Τοῦ
2810 1926 3034 1993 Κυρίου
3062 1925 3099 1992 ἠ
3130 1920 3226 1991 γῆ,
3250 1922 3435 1975 καὶτὸ
3455 1919 3705 1988 πλήρωμα

2166 2020 2380 2090 αὐτῆς,
2411 2022 2450 2088 ἡ
2482 2018 2827 2087 οἰκουμένη,
2863 2016 2962 2071 καὶ
2989 2015 3213 2080 πάντες
3241 2016 3297 2067 οἱ
3323 2012 3705 2077 κατοικοῦντες

2166 2114 2237 2167 ἐν
2274 2111 2461 2181 αὐτῇ
2505 2112 2601 2166 καὶ
2624 2110 2779 2181 ζήτει
2813 2111 2951 2163 ἐκεῖ.

2246 2205 2358 2259 Τὸν
2396 2203 2633 2272 Βορῤᾶν
2685 2201 2783 2256 καὶ
2820 2200 2937 2268 τὴν
2972 2200 3298 2254 θάλασσαν
3345 2199 3429 2253 σὺ
3474 2199 3701 2259 ἔκτισας.

2166 2296 2335 2367 Φησὶν
2362 2294 2639 2364 Ἠσύχιος,
2668 2295 2751 2347 ὅτι
2772 2293 2850 2363 τῷ
2878 2292 2979 2361 τῆς
3004 2291 3280 2361 Θαλάσσης
3300 2292 3523 2362 ὀνόματι
3542 2287 3703 2341 πολλά-

2170 2405 2258 2451 κις
2288 2390 2322 2458 ἡ
2357 2385 2567 2441 παλαιὰ
2594 2385 2633 2438 Γ
2639 2385 2786 2456 ραφὴ
2815 2386 2916 2456 τὴν
2948 2383 3103 2438 δύσιν
3146 2384 3325 2437 καλεῖ.
3380 2382 3538 2435 Ὅθεν
3564 2382 3594 2450 ἡ
3618 2381 3702 2431 τῶν

2182 2478 2457 2551 Ἀριθμῶν
2500 2477 2703 2547 βίὸλος,
2736 2475 3009 2546 ὲκθεμένη
3053 2476 3154 2538 τὰς
3200 2474 3375 2543 φυλὰς
3396 2515 3412 2536 ,
3448 2467 3520 2527 ὧν
3551 2473 3600 2526 ai
3626 2472 3702 2540 μὲν

2174 2570 2309 2641 πρὸς
2340 2568 2632 2633 ἀνατολὰς,
2660 2569 2718 2621 αἱ
2746 2568 2805 2621 δὲ
2837 2568 2972 2636 πρὸς
3000 2567 3259 2637 Ἄρκτον,
3293 2568 3350 2621 αἱ
3389 2566 3447 2619 δὲ
3484 2564 3603 2633 πρὸς
3628 2580 3701 2631 μευ

2171 2663 2449 2732 σημὸρῄαν
2498 2661 2599 2732 τῆς
2638 2661 2847 2731 σκηνῆς
2889 2660 3220 2730 ἐτάχθησαν,
3270 2660 3339 2728 τῇ
3395 2657 3531 2721 λέξει
3568 2656 3702 2723 ταύτῃ

2167 2756 2294 2818 τοὺς
2322 2754 2459 2824 πρὸς
2478 2754 2631 2808 δύσιν
2656 2754 3029 2822 τεταγμένους
3058 2752 3354 2823 ἐμήνυσεν.
3371 2751 3563 2821 Εἵρηιιε
3583 2747 3671 2815 γάρ
3689 2759 3703 2774 ·

2172 2846 2522 2918 Παρεμϐολὴ
2544 2845 2816 2914 flippant
2848 2843 3008 2913 παρὰ
3037 2842 3384 2897 θάλασσαν.
3436 2840 3581 2894 Ἐπεὶ
3615 2838 3703 2892 τοὶς

2170 2959 2267 2996 νυν
2298 2942 2395 2995 καὶ
2442 2939 2504 2993 τὸ
2544 2940 2757 3010 βόρειον
2794 2937 2981 3007 μέρος,
3013 2937 3194 2991 εῐτουν
3235 2935 3297 2989 τὸ
3322 2935 3604 3006 ’Δρκτῷον,
3630 2932 3704 2985 καὶ

2170 3032 2233 3085 τὸ
2263 3031 2578 3097 θαλάσσιον,
2593 3029 2713 3100 ἤτοι
2729 3029 2791 3080 τὸ
2807 3027 3049 3093 δυτικδν,
3074 3025 3324 3080 σκοτεινὰ
3350 3026 3444 3080 καὶ
3466 3024 3702 3095 χειμέρια,

2172 3120 2271 3173 καὶ
2294 3118 2384 3172 διὰ
2413 3118 2571 3172 τοῦτό
2599 3134 2747 3180 τινες
2792 3114 3018 3187 ἔμελλον
3049 3115 3129 3187 τῷ
3169 3114 3393 3185 πονηρῷ
3432 3109 3702 3182 δημιουργῴ

2172 3210 2345 3264 ταῦτα
2374 3209 2711 3280 προγράφειν
2747 3223 2761 3237 ·
2797 3208 3114 3276 ἀναγκαίως
3143 3207 3205 3260 τὸ
3227 3206 3451 3275 Πνεῦμα
3476 3204 3535 3257 τὸ
3579 3206 3702 3269 ἅγιον

2172 3300 2608 3372 προαναιρεῖτὴν
2637 3298 2846 3368 πλάνην
2874 3298 3080 3365 αὐτῶν,
3109 3298 3260 3368 παρὰ
3277 3297 3372 3351 τοῦ
3400 3293 3701 3366 Δημιουργοῦ

2171 3393 2471 3464 γενηθῆναι
2517 3392 2690 3445 ταῦτα
2707 3391 2997 3444 διδάσκων.
3026 3389 3148 3457 Χρὴ
3205 3388 3267 3441 δὲ
3316 3387 3595 3455 γινώσκειν
3622 3387 3701 3446 ὅτι,

2175 3485 2486 3555 βλεπόντων
2511 3483 2672 3554 ἡμῶν
2704 3481 2840 3552 πρὸς
2865 3480 3155 3548 ἀνατολὴν,
3191 3480 3595 3550 ἀντιπρόσωπος
3630 3476 3706 3544 μὲν

2172 3581 2307 3648 ἡμῖν
2350 3580 2498 3631 ἐστιν
2525 3580 2559 3649 ἡ
2587 3576 2823 3647 ἀνατολὴ
2843 3589 2858 3605 ο
2889 3574 3033 3629 κατὰ
3078 3575 3251 3627 νώτου
3281 3573 3342 3627 δὲ
3383 3575 3417 3642 ή
3454 3572 3594 3634 δύσις
3621 3586 3634 3601 ·
3662 3572 3705 3621 ἐν

2170 3670 2323 3741 δεξιᾷ
2365 3669 2421 3723 δὲ
2449 3670 2478 3722 ό
2509 3668 2732 3741 βορρᾶς,
2778 3668 2958 3720 εἷτουν
2988 3668 3022 3736 ἡ
3061 3667 3296 3734 Ἀρκτος
3326 3679 3342 3697 ⁸
3386 3666 3445 3718 ἐν
3484 3661 3707 3734 ἀριστερᾷ

2171 3762 2250 3827 δὲ,
2282 3762 2310 3812 ὁ
2334 3761 2510 3824 νότος,
2542 3761 2718 3813 εττουν
2758 3760 2790 3829 ἡ
2830 3758 3172 3829 μεσημϐρία.

2247 3852 2449 3919 Θαόὼρ
2485 3850 2586 3903 καὶ
2664 3847 2888 3918 Ἕρμὼν
2919 3848 2992 3902 ἐν
3018 3846 3100 3912 τῷ
3134 3847 3386 3916 ὀνόματί
3418 3861 3533 3901 σου
3562 3845 3707 3914 ἆται-

2173 3944 2511 4000 λιάσονται.
2560 3940 2760 4010 Θαὸὼρ
2790 3941 2885 3993 καὶ
2930 3937 3173 4010 Ἑρμῶν,
3215 3938 3342 4009 ὅρη,
3382 3940 3475 3993 καὶ
3500 3939 3611 4010 ὅρια
3632 3932 3705 3999 τῆς

2175 4037 2282 4109 γῆς
2313 4033 2671 4103 ἐπαγγελίας.
2720 4034 2822 4086 Διά
2848 4032 3008 4085 τοῦτο
3034 4032 3092 4085 δὲ
3150 4033 3335 4084 πᾶσαν
3361 4031 3480 4082 ἐκεῖ
3504 4028 3597 4097 γῆν
3619 4026 3707 4094 ᾐνι-

2175 4133 2328 4200 ξατο,
2356 4124 2440 4185 ὅτι
2475 4128 2870 4196 ἀγαλλιάσεται
2891 4126 2987 4179 ἐπὶ
3014 4124 3095 4197 τῷ
3122 4124 3348 4193 ὀνόματι
3367 4121 3462 4175 τοῦ
3489 4115 3705 4191 Χριστοῦ,

2175 4226 2358 4278 εττουν
2389 4224 2483 4275 ἐπὶ
2512 4219 2591 4291 τῷ
2606 4218 2830 4290 Χριστῷ
2851 4257 2867 4283 ,
2896 4219 2930 4291 ἦ
2955 4216 3036 4288 τῷ
3062 4214 3345 4270 καλεῖσθαι
3359 4214 3470 4266 ἀπὸ
3493 4206 3706 4281 Χριστοῦ.

2175 4317 2284 4387 Γῆν
2320 4316 2380 4370 δὲ
2413 4315 2646 4387 λέγομεν
2680 4315 2807 4378 τοὺς
2851 4312 2952 4383 τὴν
2998 4311 3105 4381 γῆν
3134 4309 3353 4378 ἐκείνην
3387 4307 3708 4376 οἰκήσαντας.

2187 4407 2278 4462 Ἐν
2311 4410 2425 4471 τοῖς
2475 4407 2627 4478 ὀρεσι
2663 4405 2771 4476 γὰρ
2802 4404 3016 4467 τούτοις
3066 4402 3167 4466 τὰς
3208 4399 3430 4462 πλείους
3473 4392 3709 4465 διατριϐὰς

496 4515 642 4565 mus,
686 4496 782 4565 qui
842 4503 1043 4548 terram
1077 4490 1228 4545 illam
1267 4488 1609 4543 incolebant.
1649 4487 1708 4541 lu
1749 4486 1835 4542 his
1883 4495 2063 4540 autem

2180 4500 2276 4570 τῆς
2330 4501 2391 4552 ὲν
2437 4500 2605 4569 σαρκὶ
2644 4496 2923 4560 πολιτείας
2963 4496 2992 4549 ό
3027 4491 3265 4565 Χριστὸς
3316 4492 3526 4544 ἐποίει·
3562 4487 3642 4539 καὶ
3666 4486 3712 4535 ὲν

499 4590 778 4647 montibus
813 4585 1070 4641 Christus
1105 4595 1496 4651 saepenumero
1545 4587 1911 4634 conversatus
1963 4586 2070 4644 est,

498 4684 706 4752 quippe
730 4676 841 4761 qui
869 4684 927 4731 et
961 4675 1019 4729 in
1060 4671 1285 4727 Thabor
1320 4670 1754 4743 transfiguratus
1789 4680 1896 4741 est,
1932 4680 1986 4725 et
2015 4671 2069 4724 in
2110 4721 2117 4726 .

502 4773 742 4827 llermon
796 4767 974 4821 vidua:
1000 4764 1170 4819 ﬁliam
1206 4764 1527 4820 suscitavit.
1580 4762 1639 4818 In
1693 4771 1883 4817 monte
1923 4762 2071 4817 enim

499 4866 738 4920 llermon
778 4859 886 4914 sita
916 4867 1004 4913 est
1030 4856 1228 4912 civitas
1268 4855 1431 4921 Nain,
1465 4857 1523 4911 in
1574 4871 1685 4927 qua
1741 4854 2068 4908 miraculum

501 4954 633 5011 illud
667 4953 869 5008 factum
897 4959 1003 5005 est.

575 5045 747 5101 Tuum
770 5040 1045 5096 brachium
1074 5055 1194 5093 cum
1226 5039 1486 5110 potentia.
1523 5039 1736 5093 Sensus
1787 5045 1872 5092 est
1924 5035 2072 5106 quod

495 5140 702 5198 Christi
739 5138 916 5191 virtus
945 5132 1320 5189 efﬁcacissima
1348 5132 1448 5188 ‘sit.
1489 5132 1594 5187 Per
1616 5130 1900 5186 brachium
1926 5128 2072 5184 enim

498 5232 709 5285 virium
741 5225 1038 5281 eﬂicaciam
1078 5222 1429 5292 signiﬁcavit.
1465 5219 1623 5288 Quod
1659 5228 1840 5274 autem
1877 5227 2072 5288 poten-

500 5325 751 5378 tissimus
784 5319 949 5373 fuerit
982 5316 1256 5381 Christus,
1289 5330 1357 5371 ex
1382 5314 1647 5384 Apostolo
1664 5313 1951 5374 docemur,
1977 5310 2070 5379 qui

498 5420 566 5472 de
595 5430 662 5470 eo
694 5414 950 5467 scribens
980 5410 1135 5473 dicit,
1205 5407 1352 5477 quod
1387 5406 1485 5461 Dei
1512 5404 1746 5476 potentia
1773 5412 1873 5469 est,
1896 5413 1945 5457 et
1977 5400 2069 5455 Dei

495 5505 756 5576 sapientia
778 5504 844 5556 ⁵⁸.

571 5599 734 5675 Vsus.
763 5595 847 5649 14.
875 5592 1176 5648 Prwvateat
1208 5607 1397 5645 manus
1426 5599 1539 5644 tua.
1574 5587 1851 5642 Adversus
1882 5583 2067 5638 inimi-

499 5710 593 5749 cos
635 5690 867 5746 scilicet.

2178 4599 2280 4668 μὲν
2332 4595 2415 4668 τῷ
2449 4594 2650 4665 Θασὼρ
2706 4591 3135 4663 μετεμορφώθη,
3198 4589 3259 4642 iv
3304 4587 3364 4641 δὲ
3394 4588 3472 4657 τῷ
3533 4580 3711 4653 Ἐρμὼν

2172 4690 2441 4758 ἀνέστησε
2493 4686 2587 4741 τὸν
2630 4686 2729 4755 τῆς
2768 4686 2947 4756 χήρας
2969 4684 3118 4738 υἱόνυ
3153 4683 3247 4735 ἐπὶ
3275 4680 3470 4733 τούτου
3510 4676 3603 4742 γὰρ
3636 4668 3709 4722 τοῦ

2173 4782 2338 4852 ὅρους
2361 4781 2511 4833 ἐστὶν
2538 4781 2570 4850 ή
2600 4777 2756 4840 πόλις
2782 4776 2944 4839 Ναῖν,
2973 4777 3033 4829 ὲν
3059 4770 3092 4848 ᾖ
3115 4772 3303 4827 τοῦτον
3331 4773 3564 4842 ἡγειρεν.

2246 5044 2361 5110 Σὸς
2391 5044 2425 5098 δ
2456 5041 2732 5110 βραχίων
2763 5036 2915 5091 κατὰ
2958 5035 3348 5094 δυναστείας.
3396 5028 3454 5082 '0
3490 5024 3572 5087 σὸς
3602 5022 3711 5093 βρα-

2173 5136 2328 5207 χίων,
2352 5134 2492 5187 κατὰ
2522 5131 2893 5200 ἀναστροφήν.
2938 5126 3008 5179 Ἦ
3044 5124 3135 5187 σὸς
3164 5120 3406 5192 βραχίων
3431 5117 3564 5172 κατὰ
3586 5114 3711 5166 πλεο-

2170 5206 2380 5297 νασμὸν
2425 5222 2519 5278 τοῦ
2568 5222 2796 5292 ἄρθρου.
2856 5218 3020 5285 Λέγει
3071 5215 3153 5279 δὲ,
3204 5214 3286 5267 ὅτι
3335 5212 3397 5264 Ἠ
3426 5206 3711 5297 σὴδύναμξς

2168 5290 2520 5386 δυνατωτάτη
2554 5330 2568 5345 ·
2609 5290 2872 5383 βραχίονα
2916 5306 3026 5377 γὰρ
3068 5304 3201 5358 Θεοῦ
3257 5302 3365 5374 τὴν
3388 5290 3711 5386 δύναμιν-σιξ

2178 5406 2270 5460 τοῦ
2324 5376 2520 5459 καλεῖ..
2560 5376 2794 5473 Χριστός
2853 5376 3096 5453 δὲνθεοῦ
3155 5395 3402 5461 δύναμις,
3452 5387 3544 5441 καὶ
3596 5376 3712 5434 Θεοῦ

2180 5498 2361 5568 σοφία.

2248 5566 2677 5657 Κραταιωθήτω
2698 5586 2736 5653 ή
2768 5584 2897 5653 χείρ
2932 5596 3070 5635 σου.
3112 5580 3271 5632 Κατα
3300 5574 3406 5629 τῶν
3437 5566 3653 5643 ἐχθρῶν.

574 5803 621 5838 ⁵³
650 5797 1018 5862 Psal.cxvm,
1056 5792 1150 5850 9|.
1223 5792 1497 5866 “_Ezech.
1566 5806 1640 5859 iv,
1696 5789 1751 5844 5.
1823 5787 2072 5844 “lCor.
2136 5804 2177 5857 ι,
2227 5786 2319 5843 24.
