3862 6566
169 368 261 430 909

1303 365 1695 427 COMMENT.
1741 368 1824 427 IN
1853 369 2215 434 PSALMOS.

3286 362 3391 429 9l0

234 475 544 544 Ὑψωθήτω
594 476 633 543 ἠ
676 474 845 540 δεξιὰ
916 488 1053 529 σου.
1122 476 1217 537 Εἰς
1279 476 1489 545 σκέπην
1543 476 1722 544 ἡμῶν.

1903 478 2187 536 Exaltetur
2221 483 2440 536 dextera
2472 489 2586 535 tua.
2633 479 2713 534 Ad
2744 478 3145 548 protectionem
3181 477 3396 533 scilicet

168 570 320 639 Χεῖρα
345 568 402 621 δὲ
437 569 532 622 καὶ
576 568 758 634 δεξιὰν
796 569 895 637 τὴν
934 568 1166 639 δύναμιν
1196 570 1477 639 ὀνομάζει.
1518 568 1724 638 Διπλῆν

169 660 215 714 δὲ
249 661 419 728 αὐτῆς
459 661 611 729 ζητεῖ
629 663 729 728 τὴν
755 660 1065 730 ἐνέργειαν·
1122 660 1432 730 ἀμύνασθαι
1477 662 1576 729 μὲν
1599 661 1726 722 τοὺς

168 752 491 822 ἀλλοτρίους,
522 753 742 807 σκέπειν
769 754 823 806 δὲ
850 757 977 818 τοὺς
1002 755 1257 817 οἰκείους.
1289 754 1520 825 Εἴρηται
1554 756 1613 807 ἐν
1649 753 1727 807 τῶ

169 845 205 897 Θ¹
222 842 420 914 ψαλμῷ
448 848 575 917 περὶ
607 845 723 909 τοῦ,
768 845 1092 914 ’Υψωθήτω
1119 849 1157 914 ἡ
1195 847 1324 915 χείρ
1344 862 1481 900 σου.

224 1126 585 1191 Δικαιοσύνη
635 1125 734 1177 καὶ
784 1125 963 1191 κρῖμα
1005 1126 1317 1193 ἑτοιμασία
1346 1124 1454 1178 τοῦ
1508 1129 1726 1193 θρόνου

167 1233 286 1271 σου.
335 1218 397 1270 '0
452 1219 551 1284 μὲν
618 1217 849 1277 Ἀκύλας
900 1218 1158 1281 ἐξέδωκε,
1213 1219 1576 1285 Δικαιοσύνη
1625 1219 1723 1271 καὶ

168 1312 353 1374 κρίσις
399 1307 590 1371 βάσις
639 1308 747 1362 τοῦ
790 1309 1010 1377 θρόνου
1047 1323 1167 1361 σου
1196 1324 1208 1336 '
1241 1309 1269 1358 ὀ
1317 1308 1372 1360 δὲ
1409 1309 1724 1378 Σύμμαχος,

171 1398 491 1467 Ἔδρασμα.
531 1399 864 1468 Προείρηται
896 1399 1025 1469 γὰρ,
1055 1399 1139 1451 ὅτι
1169 1399 1228 1452 τὸ
1251 1399 1565 1468 ἑτοιμάζειν
1598 1400 1728 1452 πολ-

168 1490 306 1553 λάκις
360 1491 421 1540 τὸ
466 1489 712 1559 ὲδράζειν
769 1490 1047 1558 σημαίνει.
1087 1491 1325 1543 Ἕστιδὲ
1379 1493 1405 1543 ὁ
1460 1492 1605 1554 νοῦς,
1646 1492 1727 1544 ὅτι

167 1584 373 1645 Δίκαιος
403 1579 454 1634 εἶ
492 1583 520 1634 ὁ
547 1582 760 1652 κριτὴς,
784 1577 846 1636 οὗ
882 1582 977 1635 καὶ⁸
1013 1584 1040 1633 ὁ
1071 1582 1383 1645 δικαστικὸς
1413 1583 1600 1653 θρόνος
1635 1582 1727 1635 ἐπὶ

108 1740 115 1746 ι
167 1675 505 1743 δικαιοσύνης
562 1676 655 1727 καὶ
711 1675 947 1744 κρίσεως
970 1674 1208 1744 πέπηγε.
1236 1674 1594 1746 Δικαιοσύνην
1628 1676 1728 1745 μὲν

165 1765 243 1819 οὖν
273 1767 367 1818 καὶ
398 1769 572 1836 κρῖμα
614 1768 711 1836 τὴν
738 1767 954 1819 δικαίαν
986 1768 1167 1838 κρίσιν
1196 1768 1409 1837 νοήσεις
1432 1784 1447 1798 ·
1475 1768 1590 1821 ἔστι
1618 1770 1727 1838 γὰρ

1832 580 2099 626 nostram.
2137 572 2242 627 l'er
2271 588 2488 626 manum
2532 580 2714 624 autem
2752 577 2809 624 et
2851 584 2951 639 per
2995 570 3276 624 dexteram
3318 571 3397 624 si-

1829 662 1942 715 mili
1981 664 2139 718 modo
2179 662 2270 719 Dei
2298 663 2598 732 potentiam
2633 661 2904 731 intelligit.
2936 657 3236 730 Utramque
3265 675 3399 714 vero

1828 769 2029 808 manus
2066 755 2210 810 Deus
2242 757 2541 823 potentiam
2578 758 2631 809 in
2675 754 2942 807 auxilium
2995 769 3155 807 suum
3191 753 3394 823 poscit,

1832 855 1889 897 ιιι
1920 854 1975 899 et
2011 846 2195 901 hostes
2222 847 2428 916 pariter
2460 846 2784 906 ulciscatur,
2824 856 2873 898 et
2903 853 3121 899 tueatur
3164 845 3400 900 benevo—

1832 937 1932 992 los.
1960 937 2035 991 De
2069 939 2153 993 his
2179 941 2340 993 etiam
2386 938 2606 993 verbis:
2645 937 2932 991 Ea‘alletur
2963 953 3148 989 manus
3168 928 3282 1003 tua,
3314 938 3397 991 di-

1830 1039 1977 1082 etuni
2011 1041 2093 1083 est
2123 1030 2179 1083 in
2218 1012 2435 1099 psalmo
2462 1047 2539 1085 ix.

1852 1153 1856 1157 ‹
1900 1119 2121 1175 Justitia
2142 1130 2190 1176 et
2220 1121 2487 1190 judicium
2518 1128 2834 1191 pra’paratto
2868 1121 3047 1176 throni
3080 1125 3178 1177 lui.
3202 1124 3398 1192 Aquila

1833 1215 2111 1270 transtulit
2151 1233 2164 1269 :
2200 1214 2427 1270 Iustitia
2474 1224 2523 1270 et
2563 1215 2830 1284 judicium
2891 1217 3033 1270 basis
3079 1217 3255 1269 throni
3300 1219 3397 1279 tui,

1834 1307 2199 1380 Symmachus
2232 1326 2359 1365 vero
2399 1330 2411 1365 :
2445 1309 2749 1366 Stabilitas.
2781 1309 2900 1363 Jam
2946 1309 3099 1363 enim
3141 1309 3400 1378 superius

1831 1399 2037 1455 dietttm
2073 1411 2177 1466 est,
2230 1404 2376 1473 quod
2412 1405 2635 1459 verbum
2672 1404 2929 1474 Prwparo
2960 1405 3099 1476 apud
3147 1405 3415 1477 Seriptu—t

1832 1505 1949 1544 ram
1995 1507 2238 1562 persaepe
2301 1494 2445 1549 idem
2513 1495 2789 1567 signiﬁcat
2847 1500 2990 1566 quod
3044 1497 3314 1564 Stabilio;
3348 1509 3403 1553 et

1832 1595 2030 1637 Sensus
2060 1592 2146 1638 est
2180 1602 2196 1636 :
2226 1584 2328 1652 Tu,
2359 1586 2609 1663 Daniine,
2637 1588 3014 1657 justusjudex
3051 1606 3132 1655 es,
3166 1600 3220 1646 et
3252 1590 3405 1659 judi-

1833 1673 1988 1730 cialis
2034 1676 2192 1731 sedes
2227 1686 2319 1732 tua
2369 1679 2422 1731 in
2464 1679 2678 1747 justitia
2733 1690 2894 1751 atque
2953 1684 3006 1735 in
3037 1682 3246 1751 judicio
3299 1684 3404 1738 lixa

1832 1777 1938 1823 est.
1978 1767 2080 1823 Per
2106 1770 2379 1839 justitiam
2410 1772 2581 1842 igitur
2630 1782 2684 1828 et
2719 1788 2817 1844 per
2848 1774 3141 1843 judicium,
3192 1774 3404 1845 justum

165 1858 245 1908 καὶ
294 1859 373 1927 τὸν
404 1857 647 1909 τοιοῦτον
691 1856 879 1926 σχῆμα
930 1836 1081 1927 παρὰ
1137 1861 1202 1927 τῇ
1259 1836 1503 1929 Παλαιᾷ·
1539 1860 1612 1920 ὡς
1643 1836 1725 1923 τδ,

1858 1836 2566 1934 ιιιίἰοῑυιη’ίιιιοιιίςοείΕει
2597 1836 2776 1919 autem
2804 1836 2917 1920 haec.
2950 1836 3407 1937 figura-frequens

170 1948 345 2009 Ἔλεος
394 1948 488 2000 καὶ
532 1948 783 2019 ἀλήθεια,
818 1950 939 2001 ἀντὶ
970 1948 1087 2013 τοῦ,
1125 1950 1314 2012 Ἔλεος
1360 1949 1613 2020 ἀληθινός
1639 1966 1654 1981 ο
1692 1952 1725 2023 ἢ

166 2038 504 2109 δικαιοσύνην
548 2041 647 2107 μὲν
673 2040 770 2110 τὴν
795 2040 909 2104 ἕξιν
938 2039 1031 2093 τοῦ
1066 2041 1294 2110 κρίνειν,
1325 2043 1499 2110 κρῖμα
1529 2042 1586 2095 δὲ
1630 2043 1731 2112 τὴν

169 2131 433 2198 ἀπόφασιν
459 2149 472 2159 ·
508 2132 604 2183 καὶ
631 2131 779 2195 ἕλεος
809 2132 909 2195 μὲν
934 2136 1031 2201 τὴν
1056 2132 1451 2203 ἐλεημοσύνην,
1474 2133 1732 2203 ἀλήθειαν

166 2222 214 2275 δὲ
242 2222 341 2294 τὴν
376 2223 605 2277 ἔκϐασιν
634 2225 732 2293 τῆς
772 2224 1128 2294 ἐπαγγελίας.

232 2504 447 2567 Ἔλεος
474 2501 571 2558 καὶ
589 2502 842 2571 ἀλήθεια
871 2504 1386 2570 προπορεύσονται
1401 2503 1515 2569 πρὸ
1542 2518 1735 2573 προσ-

164 2593 315 2649 ώπου
378 2609 516 2649 σου.
553 2595 654 2647 Διὰ
699 2595 808 2648 τῶν
863 2595 1147 2664 τεσσάρων
1204 2596 1360 2648 ταυτὶ
1392 2596 1462 2647 τὰ
1494 2595 1738 2666 τέσσαρα

170 2687 453 2758 ἐδήλωσεν,
505 2688 591 2741 ὅτι
652 2687 1005 2756 Ἐπιστήμων
1053 2686 1147 2739 τοῦ
1200 2688 1407 2757 κρίνειν
1458 2684 1511 2741 εἴ
1553 2689 1737 2756 φύσει,

172 2780 254 2831 καὶ
315 2778 666 2846 ἀποφαίνεις,
730 2779 827 2831 καὶ
886 2779 1073 2854 ἐλεεῖς
1113 2779 1211 2830 καὶ
1266 2776 1595 2848 ἀληθεύεις’
1650 2780 1740 2831 διὰ

171 2872 317 2925 τοῦτο
366 2872 612 2934 δικάσεις
642 2874 710 2941 τῇ
744 2873 1157 2943 τυραννουμένῃ
1196 2872 1357 2941 φύσει
1394 2872 1502 2925 τῶν
1531 2871 1743 2942 ἀνθρώ-

173 2980 298 3030 πων,
332 2967 432 3017 καὶ
491 2965 795 3034 ἀποφανεῖς
825 2965 966 3016 κατὰ
997 2964 1095 3033 τῆς
1135 2964 1506 3035 τυραννούσης
1532 2965 1742 3034 πλάνης

170 3055 268 3108 τῶν
314 3055 578 3120 εἰδώλων,
631 3055 729 3109 καὶ
783 3056 1031 3126 ἐλεήσεις
1080 3055 1142 3109 τὸ
1199 3056 1425 3126 πλάσμα
1481 3073 1598 3122 σου,
1651 3060 1743 3112 καὶ

1833 1955 1977 2023 apud
2010 1955 2291 2027 antiquam
2326 1958 2691 2029 Scripturam,
2714 1959 2925 2013 utalibi
2950 1959 3214 2024 diximus,
3241 1960 3408 2016 sicuti

1834 2060 1957 2099 cum
2003 2048 2389 2102 misericordia
2418 2059 2470 2104 et
2497 2050 2701 2106 veritas
2738 2050 2982 2119 ponitur,
3015 2065 3116 2120 pro
3147 2065 3274 2106 vera
3300 2052 3407 2105 mi-

1835 2137 2155 2193 sericordia.
2205 2139 2297 2194 Vel
2367 2156 2464 2209 per
2516 2142 2785 2210 justitiam
2823 2141 3111 2212 judicandi
3157 2142 3406 2197 habitum

1836 2229 2098 2299 intelligo,
2126 2231 2498 2299 pcrjttdicium
2523 2248 2650 2287 vero
2670 2233 2840 2302 ipsam
2865 2233 3214 2299 sententiam,
3237 2240 3291 2287 et
3313 2248 3409 2302 per

1838 2319 2706 2394 misericordiam,eleemosynam
2744 2325 2846 2396 (5).
2875 2332 2928 2378 et
2969 2338 3066 2393 per
3093 2323 3402 2388 veritatem,

1838 2413 2223 2480 promissionis
2255 2427 2534 2470 eventum.

1909 2501 2076 2558 Vens.
2101 2506 2186 2560 l5.
2220 2506 2582 2562 Misericordia
2604 2520 2653 2566 et
2678 2510 2868 2564 veritas
2894 2507 3188 2577 prtecedent
3219 2508 3409 2576 faciem

1843 2602 2011 2646 tuoin.
2068 2596 2315 2661 Quatuor
2404 2598 2483 2649 lue
2554 2599 2805 2664 virtutes,
2876 2606 3112 2666 quatuor
3163 2599 3409 2667 quaedam

1846 2687 2222 2754 particulatim
2251 2671 2325 2740 in
2364 2687 2472 2742 Deo
2513 2690 2675 2744 nobis
2711 2690 3049 2760 signiﬁcant,
3085 2690 3233 2759 quod
3273 2689 3415 2745 Deus

1844 2778 2101 2831 videlicet
2134 2779 2219 2831 sui
2256 2790 2449 2834 natura
2480 2781 2704 2849 sapiens
2739 2781 2809 2835 sit
2842 2781 2894 2834 in
2918 2781 3240 2851 jndicando,
3269 2782 3414 2851 quod

1842 2868 2069 2939 judicct,
2123 2874 2266 2941 quod
2329 2874 2677 2937 misereatur,
2733 2873 2877 2943 quod
2946 2889 3072 2929 vera
3115 2874 3286 2930 dicat.
3334 2873 3419 2927 Tu

1848 2961 2075 3025 idcirco,
2136 2963 2334 3033 inquit,
2384 2966 2638 3020 humana:
2685 2978 2916 3030 naturae,
2957 2981 3078 3035 qua:
3125 2964 3419 3036 tyrannide

1847 3067 2163 3119 coercetur,
2213 3056 2483 3123 judicium
2531 3056 2721 3120 facies,
2753 3066 2809 3110 et
2852 3056 3115 3113 adversus
3146 3057 3417 3112 idolorum

170 3147 487 3217 ἁληθεύσεις
542 3149 642 3211 τὰς
688 3151 826 3221 πρός
876 3165 944 3218 με
993 3150 1254 3210 καὶτοὺς
1305 3149 1596 3212 ἐκλεκτούς
1648 3167 1741 3202 σου

1848 3161 2113 3210 errorem,
2151 3149 2244 3217 qui
2300 3148 2648 3216 tyrannidem
2687 3149 2829 3202 hanc
2875 3148 2928 3202 in
2965 3148 3218 3204 homines
3250 3163 3421 3204 occu-

172 3239 519 3308 ἒτιαγγελίας.
550 3239 709 3293 Ἐστι
738 3241 910 3294 δὲκαὶ
936 3240 1110 3303 ἄλλως
1132 3242 1330 3305 εἰπεῖν,
1358 3242 1437 3294 ὅτι
1472 3241 1621 3305 ἕλεος
1652 3244 1746 3295 καὶ

172 3330 394 3399 ἀλήθεια
440 3332 690 3400 λέγονται
732 3332 1177 3404 προπορεύεσθαι
1212 3333 1308 3384 τοῦ
1360 3332 1519 3395 Θεοῦ,
1550 3333 1639 3385 διὰ
1687 3338 1748 3386 τὸ

175 3422 245 3491 μὴ
263 3424 527 3478 δύνασθαί
547 3442 670 3479 τινα
699 3424 1029 3495 προσϐαλεῖν
1058 3425 1133 3494 τῷ
1160 3425 1441 3494 προσώπῳ
1464 3423 1557 3477 τοῦ
1588 3425 1746 3490 Θεοῦ,

172 3513 341 3567 εἶτουν
368 3519 432 3586 τῇ
462 3514 779 3584 ἀπογνώσει
812 3516 1001 3579 αὐτοῦ,
1031 3517 1077 3568 εἰ
1120 3517 1194 3586 μὴ
1229 3516 1497 3586 πρότερον
1527 3515 1745 3587 ὲλεηθῇ,

171 3607 260 3658 καὶ
290 3607 526 3679 ὁμιλήσῃ
577 3612 644 3680 τῇ
674 3608 902 3679 ἀληθείᾳ
933 3609 1040 3660 τῶν
1068 3607 1376 3677 δογμάτων.
1413 3608 1603 3672 Ἔλεος
1636 3609 1745 3678 γὰρ

171 3700 261 3751 καὶ
318 3699 549 3771 ἀλήθεια
606 3701 1004 3773 προαπαντῶσι
1054 3700 1133 3771 τῷ
1182 3701 1434 3771 τοιούτῳ.
1484 3701 1643 3766 Τινὲς
1688 3703 1745 3755 δὲ

174 3792 348 3843 πάντα
376 3796 506 3863 περὶ
534 3796 634 3864 τῆς
669 3794 974 3864 μελλούσης
1019 3792 1257 3862 κρίσεως
1288 3793 1631 3863 νενοὴκασιν,
1661 3795 1744 3847 ὅτι

173 3883 518 3948 Δικαιότατος
549 3880 602 3937 εἴ
629 3888 824 3956 κριτής
843 3902 858 3916 ο
888 3887 980 3938 καὶ
1012 3886 1069 3937 ἐν
1098 3887 1163 3954 τῇ
1196 3884 1379 3954 κρίσει
1417 3887 1744 3956 προηγεῖται

172 3974 273 4042 τῆς
318 3976 576 4047 ἀληθείας
621 3980 683 4031 τὸ
724 3978 910 4043 ἔλεος,
952 3977 1042 4031 διὰ
1085 3976 1145 4029 τὸ
1188 3977 1265 4048 μὴ
1313 3976 1576 4030 δύνασθαί
1625 3993 1748 4030 τινα

175 4066 465 4140 ὑποστῆναι
490 4071 589 4141 τὴν
612 4071 873 4141 ἀλήθειαν
910 4073 1020 4126 τῶν
1063 4071 1324 4144 ἐλέγχων,
1354 4071 1428 4143 μὴ
1459 4088 1751 4143 προπαρα-

178 4161 425 4229 μιγέντος
450 4164 592 4235 αὐτῇ
624 4165 800 4219 ἐλέου.

1848 3237 2018 3305 pavit,
2069 3237 2403 3291 sententiam
2452 3236 2615 3302 feres,
2647 3246 2701 3290 et
2751 3236 3101 3291 misereberis
3150 3245 3423 3292 creaturae

1847 3335 1977 3389 tum,
2006 3335 2057 3379 et
2091 3342 2251 3381 veras
2282 3341 2403 3381 esse
2441 3326 2610 3380 facies
2656 3327 3057 3395 promissiones
3106 3337 3249 3395 tuas,
3281 3344 3421 3399 quas

1847 3418 1977 3470 mihi
2028 3426 2189 3486 atque
2238 3418 2363 3472 aliis
2397 3418 2584 3471 electis
2613 3422 2723 3472 tuis
2774 3417 3053 3485 pollicitus
3088 3432 3164 3472 es.
3217 3418 3420 3474 Possu-

1850 3525 1970 3570 tuus
2004 3516 2057 3562 et
2092 3510 2248 3563 aliter
2278 3508 2462 3563 dicere
2493 3526 2507 3562 :
2537 3507 2757 3563 Veritas
2801 3517 2856 3562 et
2912 3507 3294 3579 misericordia
3340 3510 3426 3563 di-

1852 3612 2055 3655 cuntur
2112 3600 2279 3655 Deum
2329 3601 2661 3670 princedere,
2716 3601 2845 3670 quia
2897 3615 3059 3654 nemo
3108 3600 3178 3655 ad
3222 3600 3419 3655 faciem

1857 3692 1973 3761 Dei,
2010 3695 2112 3749 hoc
2146 3703 2248 3756 est,
2305 3694 2371 3746 ad
2421 3693 2567 3747 illius
2599 3693 2968 3761 cognitionem
3026 3701 3208 3762 potest
3265 3706 3426 3747 aeceo

1855 3788 2006 3847 dere,
2033 3786 2134 3839 nisi
2171 3784 2324 3852 prius
2358 3786 2472 3852 ipse
2505 3782 2579 3836 sit
2604 3781 3037 3837 misericordiam
3074 3791 3427 3845 consecutus,

1855 3890 1910 3934 el.
1964 3881 2016 3935 in
2071 3880 2388 3950 dogmatum
2440 3882 2669 3933 veritate
2711 3886 2987 3933 versatus.
3038 3877 3425 3932 Misericordia

1857 3971 2003 4024 enim
2034 3980 2089 4025 et
2119 3971 2323 4025 veritas
2356 3971 2408 4023 in
2446 3970 2548 4025 hoc
2588 3970 2968 4045 obviaverunt,
3004 3968 3104 4022 hoc
3147 3975 3255 4032 est,
3288 3981 3430 4021 con-

1856 4079 2084 4119 cursum
2120 4065 2345 4127 habent,
2391 4074 2556 4132 atque
2593 4061 2933 4115 conveniunt
2961 4059 3013 4112 in
3044 4059 3147 4113 hac
3177 4074 3259 4113 re.
3290 4057 3394 4124 Qui
3416 4090 3431 4101 ο

1858 4159 1985 4213 dam
2021 4172 2153 4212 vero
2187 4157 2371 4211 omnia
2414 4155 2529 4208 haec
2559 4155 2626 4208 de
2653 4154 2837 4206 futuro
2863 4151 3179 4220 intelligunt
3199 4150 3430 4221 judicio,

178 4263 235 4306 ut
275 4259 344 4311 sit
384 4272 583 4313 sensus
621 4276 637 4313 :
670 4256 751 4310 Tu
792 4258 1137 4327 justissimus
1162 4256 1331 4327 judex
1363 4269 1445 4319 es,
1496 4266 1548 4309 et
1571 4252 1859 4325 injudicio
1896 4261 1989 4307 tuo
2063 4246 2447 4305 misericordia
2516 4245 2805 4300 veritatem
2880 4242 3161 4312 praecedit.
3244 4240 3435 4311 Neque

176 4354 320 4405 enim
352 4355 554 4424 aliquis
610 4363 794 4423 posset
865 4352 1321 4424 redargutionum
1395 4359 1614 4404 tuarum
1692 4348 1993 4419 .veritatem
2066 4345 2363 4406 sustinere,
2423 4342 2531 4393 nisi
2591 4353 2719 4392 cum
2774 4338 3004 4392 veritate
3060 4345 3153 4392 tua
3215 4352 3434 4407 quoque

177 4449 453 4503 commista
485 4456 633 4504 esset
669 4446 1071 4502 misericordia.

246 4536 546 4606 Μακάριος
598 4539 631 4591 ό
680 4536 857 4603 λαὸς,
914 4539 947 4590 ὀ
999 4535 1311 4605 γινώσκων
1372 4535 1741 4604 ἁλαλαγμόν.

1932 4529 2130 4583 Beatus
2177 4520 2406 4590 populus
2451 4516 2542 4586 qui
2588 4514 2686 4567 scit
2734 4510 3134 4580 jubilationem.
3181 4507 3432 4578 Persazpe

179 4628 399 4698 Εἴρηται
448 4627 724 4698 διαφόρως
772 4630 855 4681 ὅτι
909 4628 1226 4697 ἀλαλαγμός
1273 4627 1424 4680 ἐστιν
1481 4627 1763 4689 ὲπινίκιος.

178 4722 371 4789 φωνήθ
425 4722 728 4792 μακαρίζει
783 4720 968 4774 τοίνυν
1023 4723 1152 4784 τοὺς
1210 4721 1420 4784 εἰδότας
1482 4721 1751 4774 ἐπινίκιον

178 4810 344 4880 ὕμνον
370 4815 519 4884 ᾄδειν
545 4815 625 4884 τῷ
653 4814 939 4885 νικήσαντι
969 4813 1061 4866 τὸν
1090 4811 1338 4866 διάϐολον
1367 4800 1588 4882 Χριστῷ
1612 4828 1625 4841 ⁸
1655 4813 1752 4878 δη-

178 4901 265 4955 λοῖ
289 4904 343 4957 δὲ
373 4905 502 4968 τοὺς
542 4906 926 4974 Χριστιανούς.
966 4905 1038 4958 Ἦ
1077 4904 1172 4957 καὶ
1217 4903 1395 4968 ἄλλως
1450 4901 1750 4975 μακαρίζει

178 4996 306 5060 τοὺς
325 4998 535 5058 εἰδότας
558 4996 857 5060 ἀλαλάζειν
880 4998 1022 5051 κατά
1045 4996 1154 5049 τῶν
1179 4997 1426 5067 ἀοράτων
1451 4996 1753 5065 πολεμίων,

180 5091 242 5142 ὲν
275 5091 345 5161 τῷ
375 5093 535 5162 νικᾷν
565 5090 788 5152 αὐτούς.

255 5185 442 5250 Κύριε,
478 5184 550 5236 ὲν
584 5182 665 5247 τῷ
697 5182 843 5252 φωτὶ
875 5181 982 5235 τοῦ
1017 5182 1344 5250 προσώπου
1379 5196 1498 5234 σου
1544 5180 1758 5248 πορεύ-

179 5286 407 5329 σονται.
443 5276 749 5345 Πρᾶσωπον
787 5272 886 5343 μὲν
935 5273 1030 5325 τοῦ
1087 5274 1302 5342 Πατρὸς
1345 5276 1372 5324 ὁ
1404 5272 1552 5333 Υἱὸς,
1589 5272 1663 5329 ὼς
1699 5272 1755 5320 ἐν

180 5365 267 5433 τῷ
292 5368 533 5438 τετάρτῳ
559 5366 761 5436 ψαλμῷ
792 5366 1184 5435 παραδέδοται,
1240 5366 1355 5433 φῶς
1404 5366 1462 5418 δὲ
1492 5364 1586 5416 τοῦ
1623 5362 1756 5415 Υἱοῦ

180 5459 246 5510 αἱ
288 5458 492 5511 ἐντολαὶ
525 5457 732 5509 αὐτοῦ’
767 5457 1007 5524 Λύχνος
1054 5455 1183 5525 γάρ,
1236 5456 1392 5525 φησὶ,
1433 5455 1556 5520 τοῖς
1612 5454 1762 5506 ποσί

176 5564 302 5617 μου
350 5552 382 5603 ὀ
434 5550 621 5617 νόμος
667 5561 809 5613 σου,
849 5548 947 5599 καὶ
994 5545 1118 5615 φῶς
1171 5545 1297 5611 τοῖς
1344 5548 1565 5614 τρίϐοις
1614 5562 1757 5614 μου.

266 5690 306 5721 ⁸⁸
335 5690 481 5744 Psal.
520 5704 715 5744 cxvm.
756 5685 880 5740 105.

1860 4623 2103 4680 diximus
2151 4614 2298 4685 quod
2351 4609 2585 4681 jubilmn
2642 4615 2725 4659 Esi.
2776 4618 2879 4657 vox
2928 4602 3203 4656 victoriae.
3236 4599 3432 4656 Beatos

1860 4712 2029 4780 igitur
2075 4704 2346 4772 Propheta
2398 4698 2523 4752 illos
2577 4694 2734 4758 dicit,
2792 4693 2887 4762 qui
2944 4691 3190 4746 victoria:
3242 4690 3434 4747 laudes

1861 4810 2029 4870 atque
2062 4798 2297 4867 hymnos
2348 4792 2398 4845 ei
2451 4802 2650 4843 canere
2700 4792 2972 4838 noverunt
3027 4783 3119 4853 qui
3157 4782 3434 4837 diabolum

1841 4889 2151 4963 superavit
2184 4904 2197 4939 :
2228 4894 2283 4939 et
2308 4882 2375 4937 de
2411 4878 2665 4934 ﬁdelibus
2698 4889 2885 4929 sermo
2913 4889 3039 4930 esse
3070 4873 3307 4963 videtur,
3337 4872 3437 4963 γει

1860 4985 2037 5045 aliter,
2070 4979 2265 5034 Beatos
2298 4973 2426 5028 illos
2474 4970 2628 5033 dicit,
2660 4969 2788 5037 quia
2833 4968 3099 5023 adversus
3130 4962 3435 5035 invisibiles

1863 5077 2117 5134 inimicos
2146 5074 2421 5126 noverunt
2447 5066 2702 5137 jubilare,
2734 5063 2862 5116 dum
2897 5074 2992 5113 eos
3022 5059 3272 5112 vincunt.

1931 5168 2103 5223 Vens.
2124 5164 2207 5220 16.
2227 5162 2464 5222 Domine,
2486 5158 2537 5210 in
2561 5156 2756 5209 lumine
2778 5152 2949 5205 vultus
2969 5149 3048 5202 tui
3069 5145 3437 5201 ambulabunt.

1866 5261 2065 5315 Vultus
2116 5253 2335 5325 quidem
2364 5249 2541 5302 Patris
2581 5234 2665 5299 est
2706 5240 2899 5322 Filius,
2946 5248 3001 5290 ut
3033 5236 3091 5289 in
3117 5250 3177 5288 ιιι
3224 5233 3435 5301 psalmo

1866 5351 2127 5407 diximus.
2191 5344 2399 5398 Lumen
2454 5348 2636 5391 autem
2685 5330 2855 5415 Filii,‘
2892 5327 3039 5381 illius
3091 5325 3347 5378 mandata
3421 5341 3473 5395 ι,

1870 5443 2110 5496 Lucerna
2167 5438 2337 5498 enim,
2401 5429 2601 5498 inquit,
2650 5424 2869 5493 pedibus
2928 5420 3055 5472 meis
3100 5416 3185 5471 lea:
3225 5424 3339 5479 tua,
3386 5422 3440 5467 et

1876 5538 2051 5591 lumen
2084 5531 2284 5588 semitis
2322 5525 2450 5580 meis
2475 5522 2546 5574 ⁵⁵.
2582 5518 2670 5572 Ait
2705 5515 2872 5585 igitur
2914 5510 3060 5582 quod
3104 5508 3183 5566 illi
3224 5507 3277 5562 in
3319 5504 3438 5559 Filii

1551 5740 1779 5802 Variae.
1798 5737 2131 5800 lectiones.

277 5862 346 5933 (5)
366 5861 557 5918 Potius
583 5857 1009 5921 miserationem,
1041 5852 1099 5905 1ι.
1125 5864 1178 5905 e.
1213 5853 1397 5904 aetum
1434 5841 1756 5900 miserendi.
