3862 6566
172 593 271 656 923

1356 593 1721 656 COMMENT
1753 591 1837 651 IN
1869 589 2231 651 PSALMOS.

3310 582 3418 648 9H.

173 705 442 776 εἰρῆσθαι,
481 706 570 761 διὰ
601 708 662 760 τὸ
705 710 953 782 συνᾴδειν
982 713 1203 786 ὲνιαχοῦ
1233 717 1347 777 τοῖς
1400 713 1530 782 περὶ
1573 709 1738 764 αὐτὸν

1864 710 2083 765 'evelata
2141 720 2205 760 ea
2262 717 2385 775 quae
2445 701 2794 772 pertinebant
2842 702 2910 759 ad
2977 702 3159 776 ipsum
3224 703 3423 758 David.

177 800 498 867 πράγμασιν
528 815 540 829 ⁸
579 802 898 872 ἐλέγχονται
927 804 984 858 δὲ
1014 808 1143 878 περὶ
1182 807 1274 860 τοῦ
1324 804 1563 877 Χριστοῦ
1599 801 1738 871 μᾶλ-

173 891 255 971 λον
280 891 548 962 εἰρημένα
571 910 584 924 ο
619 895 906 968 θαυμαστὴ
937 898 994 950 δὲ
1029 899 1126 952 τοῦ
1160 899 1306 953 θείου
1350 897 1672 967 Πνεύματος
1705 893 1740 962 ἡ

172 983 361 1052 κάρις⁶
394 985 512 1048 πῶς
564 987 822 1057 ἀνέμιξεν
863 992 1108 1062 εὐχερῶς
1151 996 1267 1057 τοῖς
1313 991 1408 1046 τοῦ
1461 987 1624 1042 Δασιδ
1669 985 1739 1039 τὰ

175 1076 295 1140 περὶ
349 1075 608 1145 Χριστοῦ,
665 1081 757 1134 καὶ
804 1084 1125 1137 συνεσκίασε
1175 1086 1240 1155 τῇ
1309 1082 1586 1153 ὁμοιότητι
1642 1075 1742 1147 τὴν

173 1165 450 1234 ἀλήθειαν.

174 1259 304 1310 locis
367 1258 517 1314 illius
567 1263 738 1330 gestis
818 1268 1176 1333 conveniunt,

1845 811 2012 870 atque
2043 800 2113 854 ab
2137 799 2248 855 illis
2275 799 2324 855 ei
2355 797 2529 854 fuisse
2563 797 2914 862 annuntiata,
2952 795 3418 866 quemadmodum

1847 889 2158 946 ct‘Natham
2209 888 2530 959 prophetam
2583 888 2754 943 multa
2819 887 2868 942 ei
2920 887 3150 957 legimus
3206 899 3424 939 annun-

1850 984 2036 1039 tiasse.
2063 981 2323 1048 Quaenam
2353 991 2534 1036 autem
2571 979 2688 1034 haec
2715 979 2828 1034 sint
2852 993 2973 1050 quae
3018 977 3163 1032 Deus
3205 977 3424 1032 loeutus

1851 1086 1958 1140 est,
1987 1072 2156 1129 refert
2187 1074 2240 1127 in
2272 1074 2652 1143 sequentibus.
2681 1071 2747 1126 Et
2777 1072 3029 1126 videntur
3058 1070 3174 1124 haec
3201 1069 3421 1138 quidem

1853 1165 1999 1221 dicta
2045 1165 2217 1220 fuisse
2268 1165 2336 1220 de
2371 1164 2536 1220 beato
2567 1164 2763 1228 David,
2807 1180 2873 1219 eo
2929 1163 3071 1234 quod
3124 1162 3311 1217 multis
3368 1161 3422 1213 in

1261 1275 1636 1325 verumtamen
1687 1263 1793 1335 ipsi
1866 1259 2051 1329 potius
2110 1256 2334 1326 Christo
2385 1256 2894 1312 accommodantur.
2948 1253 3284 1324 Admiranda
3341 1261 3426 1306 est

175 1359 351 1405 autem
381 1355 558 1408 sancti
597 1355 831 1426 Spiritus
869 1360 1068 1428 gratia,
1101 1376 1224 1432 quae
1259 1361 1536 1418 Davidicis
1610 1359 1777 1414 rebus
1853 1362 2168 1424 opportune
2233 1367 2293 1406 ea
2357 1352 2752 1418 admiscuerit,
2820 1365 2943 1422 qua:
3013 1347 3080 1402 ad
3145 1346 3423 1404 Christum

175 1445 487 1512 pertinent,
546 1459 599 1504 et
654 1453 938 1510 veritatem
1005 1457 1366 1514 similitudine
1440 1450 1868 1512 adumbraverit.

241 1537 352 1590 Kal
401 1535 574 1608 εἴπας
597 1560 610 1573 ο
655 1543 912 1616 Ἐθέμην
968 1550 1260 1617 βοήθειαν
1299 1550 1398 1605 ἐπὶ
1458 1551 1742 1605 δυνατόν.

177 1631 455 1700 Παρέσχον
497 1637 626 1705 παρ’
679 1639 916 1707 ἐμαυτοῦ
970 1641 1223 1712 βοήθειαν
1245 1644 1476 1714 δυνατῷ.
1508 1643 1743 1698 Δυνατὺν

175 1721 225 1773 δὲ
253 1722 401 1776 δοκεί
452 1726 551 1794 μὲν
589 1727 768 1795 λέγειν
825 1733 1040 1798 ἑαυτὸν,
1089 1736 1163 1800 ὼς
1193 1736 1452 1807 βασιλέα·
1487 1738 1744 1800 δυνατοὺς

175 1815 278 1885 γὰρ
301 1819 395 1869 καὶ
422 1819 685 1885 δυνάστας
717 1824 945 1879 ἐκάλουν
973 1830 1021 1881 οἱ
1053 1829 1274 1883 παλαιοὶ
1302 1831 1426 1895 τοὺς
1457 1831 1700 1901 βασιλεῖς
1725 1847 1739 1861 ⁸

175 1906 290 1958 εστι
349 1909 406 1960 δὲ
450 1913 546 1962 καὶ
615 1915 813 1984 μᾶλλον
842 1920 869 1970 ὁ
902 1919 1138 1988 Χριστὸς
1167 1921 1311 1975 κατὰ
1357 1924 1456 1992 τὴν
1487 1922 1738 1993 θεότητα.
1770 1962 1772 1965 -

175 2000 407 2068 Χριστὸς
438 2003 566 2073 γὰρ,
604 2009 758 2076 φησὶ,
785 2009 920 2062 Θεοῦ
961 2011 1191 2082 δύναμις
1230 2016 1326 2068 καὶ
1360 2017 1542 2083 σοφία.

1926 1541 1992 1595 Et
2038 1542 2224 1595 dixisti
2264 1557 2282 1594 :
2315 1539 2475 1594 Posui
2531 1541 2857 1609 adjutorium
2906 1555 3063 1609 super
3114 1537 3424 1606 potentiam.

1852 1633 2061 1688 ἰδνωὺυί
2096 1648 2126 1686 a
2183 1632 2390 1700 tneipso
2444 1631 2706 1686 auxilium
2756 1631 2985 1702 potenti.
3031 1629 3098 1684 Et
3146 1639 3423 1698 potentem

1849 1723 2066 1792 quidem
2093 1723 2306 1778 videtur
2345 1723 2617 1792 Propheta
2645 1724 2886 1793 seipsum
2932 1709 3225 1792 appellare,
3259 1719 3423 1774 veluti

1851 1831 2055 1884 regem.
2087 1814 2222 1869 Nam
2259 1816 2387 1870 olim
2419 1831 2574 1886 reges
2608 1826 2661 1870 et
2706 1815 3007 1886 principes,
3058 1822 3307 1882 potentes
3337 1811 3424 1865 d1-

1849 1907 2130 1961 cebantur.
2158 1906 2353 1962 Verius
2380 1917 2560 1962 tamen
2605 1905 2884 1962 Christum
2922 1906 3299 1975 intelligimus,
3330 1902 3424 1972 qui

1849 1996 1942 2053 Dei
1975 1999 2212 2067 potentia
2240 2008 2400 2055 estet
2441 1999 2536 2054 Dei
2576 1999 2868 2068 sapientia.

239 2093 507 2162 ’Υψωσα
535 2099 833 2154 ἐκλεκτὸν
854 2103 923 2157 ἐκ
950 2105 1056 2159 τοῦ
1094 2107 1249 2160 λαοῦ
1283 2126 1421 2178 μου.
1452 2109 1541 2178 Τῷ
1567 2109 1742 2162 δοκεῖν

1918 2088 2174 2143 Exaltavi
2230 2091 2448 2145 electum
2483 2089 2550 2144 de
2597 2090 2792 2159 populo
2824 2105 2956 2144 meo.
2987 2087 3214 2145 Videtur
3259 2087 3424 2143 etiam

177 2185 272 2253 μὲν
304 2187 396 2240 τὸν
438 2192 605 2245 Δασὶδ
661 2195 952 2264 ἐκλεγὲντα
981 2201 1080 2269 μὲν
1110 2201 1378 2273 πρότερον
1405 2205 1470 2256 ἐκ
1490 2202 1582 2256 τοῦ
1615 2205 1742 2257 λαοῦ

175 2278 276 2330 riu
323 2281 596 2337 Ἰουδαίων
626 2288 705 2349 εἰς
749 2287 1049 2357 βασιλείαν,
1113 2292 1396 2362 ὕψωθέντοι
1427 2295 1485 2348 δὲ
1521 2295 1744 2367 ὕστερον

174 2375 248 2428 εἰς
301 2370 457 2436 δόξαν
507 2374 597 2427 διὰ
664 2378 762 2440 τὰς
817 2379 1187 2452 ἀνδραγαθίας
1208 2399 1222 2414 ’
1254 2387 1318 2456 τῇ
1350 2385 1395 2438 δ’
1427 2385 1657 2458 ἀληθείᾳ
1688 2387 1746 2440 δὲ

173 2461 261 2513 τὸν
291 2463 546 2532 Χριστὸν,
581 2468 875 2538 ἐκλεγέντα
896 2475 995 2542 μὲν
1023 2476 1166 2530 κατὰ
1195 2478 1252 2530 τὸ
1281 2478 1627 2549 ἀνθρώπινον
1665 2482 1745 2544 είς

174 2556 268 2624 τὴν
326 2559 451 2614 καθ’
491 2563 791 2619 ὑπόστασιν
847 2567 1038 2622 ἕνωσιν
1071 2570 1135 2623 ὲκ
1163 2570 1258 2624 τοῦ
1297 2571 1429 2626 λαοῦ
1462 2573 1570 2626 τῶν
1613 2575 1744 2626 ἰου-

171 2647 357 2704 διέων.
400 2652 486 2713 Ἐν
542 2655 716 2726 τούτῳ
769 2659 940 2730 γὰρὴ
997 2661 1185 2715 τοῦτον
1221 2665 1568 2734 γεννήσασα·
1607 2665 1749 2734 ὑψω-

175 2740 334 2794 θέντα
381 2742 437 2796 δὲ
472 2744 561 2799 διὰ
608 2747 708 2816 τὴν
771 2750 985 2806 ἕνωσιν.
1044 2753 1157 2819 me,
1212 2755 1367 2825 φησὶ,
1417 2757 1511 2810 καὶ
1557 2759 1584 2810 ὁ
1616 2757 1747 2820 Θεὸς

174 2834 336 2892 αὐτὶν
365 2837 748 2910 ὑπερύψωσεν.

234 3015 442 3088 Εὗρον
460 3023 638 3077 Δαόίδ
664 3024 768 3080 τὸν
797 3027 1024 3082 δοῦλόν
1041 3047 1183 3098 μου.
1217 3029 1392 3083 Τοῦτο
1420 3047 1485 3083 πε
1497 3031 1546 3098 pl
1583 3031 1747 3098 μόνου

173 3111 266 3166 τοῦ
326 3116 489 3170 Δαϐὶδ
533 3119 644 3186 ἐγὼ
675 3120 800 3184 νοῶ,
827 3124 918 3175 καὶ
946 3125 1013 3176 τὰ
1045 3122 1172 3194 ἑξῆς
1207 3126 1394 3195 μέχρι,
1426 3124 1535 3178 Kal
1555 3125 1626 3176 ἐν
1670 3122 1752 3188 τῷ

173 3207 424 3274 ὀνόματί
446 3228 566 3278 μου
591 3213 973 3280 ὑψωθήσεται
998 3217 1066 3269 τὸ
1110 3218 1283 3284 κέρας
1351 3217 1556 3270 αὑτοῦ·
1583 3221 1631 3272 εἰ
1659 3217 1751 3269 καὶ

172 3295 349 3349 ταῦτά
370 3315 514 3362 τινες
538 3303 618 3363 εἰς
646 3301 737 3354 τὸν
753 3304 984 3373 Χριστὸν
1015 3305 1327 3374 ἀνάγουσιν.
1349 3299 1542 3376 Εὗρον,
1565 3307 1748 3375 φησὶν,

172 3385 340 3438 αὑτὸν
366 3388 446 3450 είς
477 3388 774 3458 βασιλείαν,
838 3394 1077 3464 ζητήτας
1105 3396 1295 3450 τοῦτον
1324 3398 1383 3449 ὲν
1411 3399 1521 3458 τοῖς
1561 3397 1749 3449 παισὶν

185 3478 411 3535 Ἰεσσαί,
447 3477 586 3536 Eine
647 3484 757 3555 γὰρ
817 3487 954 3556 πρὸς
986 3489 1259 3560 Σαμουὴλ,
1291 3491 1372 3543 ὅτι
1415 3489 1664 3561 Ἑώρακα
1693 3493 1750 3544 ὲν

171 3575 286 3635 τοῖς
332 3576 472 3636 υἱοῖς
525 3576 722 3629 Ἰεσσαῖ⁵
749 3579 871 3646 ἐμοὶ
903 3579 1148 3648 βασιλέα.

253 3665 357 3718 Ἐν
388 3665 573 3732 ἐλαίῳ
611 3669 756 3737 ἁγίῳ
778 3687 899 3739 μου
933 3671 1149 3740 ἕχρισα
1214 3675 1422 3730 αὐτόν.
1464 3677 1576 3730 Καὶ
1624 3676 1752 3745 περὶ

173 3756 272 3824 τῆς
311 3758 541 3825 κρίσεως
584 3760 747 3816 αὐτοῦ
783 3763 814 3831 ἡ
855 3763 1044 3835 πρώτη
1061 3765 1168 3818 τῶν
1197 3764 1493 3819 Βασιλειῶν
1527 3767 1748 3837 ἱστορεῖ.

176 3844 291 3901 Καὶ
312 3849 510 3914 ἔλαϐε,
530 3852 684 3920 φησὶ,
707 3854 993 3921 Σαμουὴλ
1007 3856 1074 3908 τὸ
1091 3856 1267 3923 κέρας
1287 3857 1391 3911 τοῦ
1405 3857 1634 3922 ἐλαίου,
1652 3859 1750 3911 καὶ

173 3939 422 4008 ἔχρισεν
440 3943 629 3997 αὐτὸν
661 3945 916 3998 ἐνώπιον
931 3944 1335 4017 remanes».
1346 3949 1550 4003 αὑτοῦ.
1561 3950 1753 4017 Ἃγιον

173 4034 229 4085 δὲ
267 4035 301 4085 ὁ
335 4034 466 4099 Θεὸς
517 4037 712 4090 ἑαυτοῦ
745 4039 843 4107 τῆς
899 4040 1138 4110 χρίσεως
1165 4041 1226 4093 τὸ
1255 4039 1433 4095 ἔλαιον
1469 4043 1750 4107 ἐκάλεσεν,

171 4123 248 4179 ὡς
272 4124 420 4179 θεῖον
445 4144 460 4157 ·
501 4121 616 4198 εἶχε
637 4128 748 4198 γὰρ
783 4128 883 4200 τὴν
913 4131 1260 4202 κατασκευὴν
1289 4131 1633 4187 θεοδίδακτον
1658 4137 1753 4189 καὶ

176 4237 248 4284 μυ
259 4220 472 4289 στικήν.

258 4310 331 4365 Ἦ
373 4313 480 4380 γὰρ
545 4314 674 4382 χείρ
742 4331 864 4383 μου
939 4314 1456 4383 συναντιλήψεται
1520 4317 1706 4371 αὐτὸν
1734 4357 1749 4382 ,

171 4403 272 4455 καὶ
301 4406 335 4456 ό
351 4403 626 4470 βραχίων
647 4421 765 4472 μου
794 4405 1150 4473 κατισχύσει
1210 4407 1416 4461 αὐτόν.
1455 4405 1628 4475 Χεῖρα
1656 4408 1754 4476 μὲν

173 4495 271 4547 καὶ
307 4493 570 4563 βραχίονα
599 4493 698 4564 τὴν
740 4495 890 4564 παρὰ
921 4495 1055 4548 Θεοῦ
1089 4495 1342 4565 βοήθειαν
1394 4499 1490 4551 καὶ
1521 4497 1753 4566 δύναμιν

171 4585 344 4638 αὖτοῦ
371 4586 633 4648 πολλάκις
666 4585 1112 4657 ήρμηνεύσαμεν·
1141 4590 1507 4656 Κατισχύσει
1533 4589 1611 4652 δὲ,
1633 4588 1754 4641 ἀντὶ

170 4675 294 4738 τοῦ,
333 4675 676 4744 Ἑπισχύσει.

1849 2176 1952 2231 hoc
1997 2179 2113 2234 loco
2162 2180 2337 2250 primo
2367 2190 2589 2250 aspectu
2647 2182 2802 2252 loqui
2839 2181 2908 2237 de
2956 2182 3158 2249 seipse,
3209 2181 3301 2250 qui
3353 2193 3423 2234 ex

1845 2267 2158 2332 Judteorum
2192 2272 2392 2342 populo
2441 2274 2649 2330 electus
2699 2271 2877 2328 fuerat
2911 2273 2964 2328 in
3018 2287 3223 2344 regem,
3258 2279 3312 2326 et
3350 2270 3420 2326 ob

1847 2372 2117 2420 Summam
2173 2366 2552 2422 strenuitatem
2597 2367 2664 2420 ad
2716 2366 3006 2422 sublimem
3040 2366 3268 2434 gloriam
3297 2379 3423 2420 eve-

1847 2465 2014 2516 ctus:
2061 2473 2252 2513 revera
2306 2466 2487 2513 tamen
2531 2459 2809 2514 Christum
2857 2457 3130 2527 intelligit,
3189 2457 3420 2512 electum

1848 2547 2065 2616 quidem
2132 2565 2198 2604 ex
2228 2549 2539 2605 Iudaeorum
2575 2550 2775 2619 p0pulo
2797 2549 2939 2604 unde
2983 2547 3102 2616 ejus
3133 2546 3302 2601 Mater
3328 2560 3421 2601 or-

1849 2647 1965 2696 tum
1998 2641 2257 2706 duxerat,
2287 2650 2344 2697 ut
2376 2645 2490 2713 ipse
2527 2657 2633 2696 una
2667 2642 2764 2696 illa.
2779 2649 2925 2698 esset
2946 2655 3198 2711 persona,
3230 2639 3284 2692 in
3317 2653 3423 2708 qua

1850 2734 2148 2788 secundum
2203 2735 2539 2806 bypostasim
2592 2751 2716 2789 cum
2784 2733 3120 2789 humanitate
3177 2731 3426 2787 uniretur

1849 2823 2106 2880 divinitas
2143 2847 2156 2881 :
2194 2839 2355 2898 atque
2385 2827 2503 2882 ideo
2537 2827 2668 2882 dicit
2732 2825 2878 2895 quod
2924 2824 3068 2878 Deus
3102 2837 3224 2878 eum
3273 2820 3427 2875 exal-

1851 2917 2008 2969 tavit.

1921 3006 2089 3062 Vnus.
2118 3008 2208 3062 9.1.
2240 3007 2424 3062 Inveni
2450 3008 2619 3065 David
2638 3023 2844 3062 servum
2868 3023 3060 3061 meum.
3093 3005 3218 3061 Haec
3239 3004 3426 3071 verba,

1849 3109 1904 3157 et
1932 3113 2052 3166 quae
2081 3110 2387 3168 sequuntur
2412 3114 2584 3167 usque
2606 3089 2794 3153 ad‘illa
2824 3098 2988 3154 verba
3013 3115 3027 3153 :
3051 3097 3118 3151 Et
3143 3098 3194 3151 in
3219 3097 3436 3174 nomine

1850 3205 1964 3246 meo
2000 3191 2327 3245 exaltabitur
2357 3206 2520 3246 cornu
2556 3190 2692 3259 ejus,
2746 3189 2986 3259 iutellige
3023 3199 3082 3244 ut
3128 3189 3197 3244 ad
3246 3189 3422 3244 solum

1853 3280 2156 3348 pertineant
2219 3279 2406 3342 David,
2468 3281 2681 3334 tametsi
2745 3279 2914 3348 aliqui
2953 3279 3059 3334 ista
3131 3279 3295 3334 etiam
3354 3277 3424 3332 ad

1851 3369 2127 3424 Christum
2165 3372 2424 3424 referant.
2461 3369 2642 3424 Inveni
2669 3385 2815 3434 cum,
2849 3371 3044 3440 inquit,
3076 3373 3141 3423 ad
3169 3384 3421 3440 regnum,

1854 3479 1976 3518 cum
2013 3465 2154 3518 inter
2183 3463 2335 3520 Jesse
2387 3464 2524 3519 ﬁlios
2559 3480 2681 3518 eum
2715 3464 3057 3534 quaesissem.
3090 3464 3236 3518 Dixit
3276 3464 3422 3519 enim

1853 3555 1918 3611 ad
1946 3555 2166 3611 Samuel
2192 3572 2208 3610 :
2243 3555 2364 3610 Vidi
2390 3557 2441 3609 in
2473 3556 2600 3624 ﬁliis
2630 3554 2778 3609 Jesse
2803 3555 2931 3608 milii
2960 3571 3129 3624 regem
3153 3555 3246 3609 ⁸⁸⁸.

1926 3641 2053 3695 Uleo
2083 3653 2268 3697 sancto
2309 3659 2419 3696 meo
2482 3647 2610 3698 ωιπὶ
2663 3661 2802 3698 eum.
2867 3645 2944 3699 De
3010 3644 3267 3699 unctione
3324 3643 3428 3698 ista

1857 3733 2020 3788 Dat‘id
2075 3736 2307 3789 traditur
2341 3737 2393 3789 in
2423 3737 2600 3804 primo
2664 3735 2872 3806 Regum
2901 3735 3039 3791 libro
3074 3754 3085 3790 :
3121 3739 3185 3790 Et
3209 3735 3425 3802 accepit,

1854 3827 2050 3896 inquit,
2079 3825 2293 3882 Samuel
2316 3845 2475 3881 cornu
2510 3827 2632 3893 olei,
2661 3837 2710 3883 et
2750 3829 2902 3882 unxit
2935 3845 3051 3882 eum
3102 3845 3277 3883 coram
3312 3846 3430 3884 om-

1855 3922 2006 3972 nibus
2046 3921 2300 3989 fratribus
2349 3921 2463 3989 ejus
2485 3921 2554 3974 '9.
2605 3920 2864 3976 Sanctum
2899 3929 3078 3975 autem
3113 3919 3206 3976 Dei
3247 3921 3424 3976 oleum

1853 4007 2009 4074 dixit,
2051 4018 2109 4062 ttt
2142 4008 2288 4065 illius
2325 4009 2720 4067 coniectionem
2759 4019 2814 4065 et
2852 4011 3114 4068 divinitus
3144 4012 3428 4077 traditam,

1854 4108 1906 4170 et
1937 4101 2212 4170 mysteriis
2239 4102 2488 4157 refertam
2524 4117 2647 4158 esse
2685 4103 3040 4172 signiﬁcaret.

1928 4277 2093 4335 Vlns.
2143 4280 2232 4336 22.
2285 4280 2479 4334 Manus
2522 4283 2660 4337 enim
2711 4299 2824 4336 mea
2875 4283 3224 4337 auxiliabitur
3266 4286 3333 4348 ei,
3382 4295 3432 4338 ct

1855 4369 2128 4423 brachium
2188 4388 2360 4426 meum
2427 4371 2698 4426 roborabit
2764 4388 2904 4427 eum.
2964 4374 3072 4428 Per
3113 4388 3334 4428 manum
3376 4381 3433 4428 et

1855 4476 1950 4529 per
1987 4461 2269 4516 brachium
2318 4461 2436 4528 Dei,
2488 4462 2728 4516 divinam
2781 4462 3019 4532 appellat
3057 4478 3214 4534 opem
3268 4471 3434 4536 atque

1856 4555 2182 4622 potentiam.

243 4764 374 4819 Οὐκ
422 4766 726 4834 ὠφελήσει
771 4767 985 4835 ἐχθρὸς
1034 4767 1104 4820 ἐν
1157 4766 1334 4832 αὐτῷ.
1393 4767 1636 4837 Ὠφελεῖν
1692 4771 1749 4823 τὸ

1933 4771 2096 4827 Vens.
2129 4773 2223 4829 95.
2269 4772 2422 4827 Nihil
2447 4774 2683 4843 proﬁciet
2714 4775 2965 4829 inimicus
3006 4777 3061 4828 in
3091 4790 3172 4830 eo.
3222 4773 3434 4832 Hebrrei

170 4857 368 4910 ἀνύειν
397 4858 656 4920 πολλάκις
681 4860 715 4926 ὴ
753 4857 973 4927 Ἐϐραῒς
1010 4859 1182 4927 λέγει.
1213 4859 1482 4930 Καθάπερ
1517 4861 1613 4914 καὶ
1637 4859 1752 4926 νῦν,

167 4949 325 5003 οὕτω
355 4953 450 5003 καὶ
476 4952 535 5002 ὲν
559 4951 640 5020 τῷ
683 4950 998 5021 Εὐαγγελίῳ
1059 4953 1278 5021 εἴρηται
1306 4967 1322 4982 ο
1355 4953 1630 5021 Θεωρεῖτε
1665 4953 1757 5008 ὅτι

167 5043 289 5094 οὐκ
316 5041 600 5109 ὠφελεῖτε
628 5041 828 5107 οὐδὲν,
864 5043 984 5096 ἀντὶ
1022 5041 1138 5106 τοῦ,
1165 5042 1278 5094 Οὐκ
1305 5040 1521 5096 ἀνύετε.

244 5131 361 5183 Kal
420 5130 552 5197 υιρς
602 5131 852 5200 ἀνομίας
877 5133 948 5186 οὐ
991 5129 1325 5198 προσθήσει
1352 5130 1460 5186 τοῦ
1489 5131 1756 5189 κακῶσαι

164 5225 382 5275 αὐτόν.
416 5254 482 5263 —-—
527 5224 660 5290 Υἱὸς
685 5225 952 5294 ἀνομίας,
991 5226 1110 5276 ἀντὶ
1162 5224 1278 5288 τοῦ,
1336 5227 1594 5296 Ἀνομος.
1627 5229 1755 5280 ’Ὡσ-

164 5334 287 5385 περ
350 5316 481 5378 Υἱὸς
535 5316 850 5386 ἀνθρώπου,
885 5318 1007 5370 ἀντὶ
1037 5317 1155 5382 τοῦ,
1190 5317 1534 5387 Ἀνθρωπος.
1567 5319 1752 5383 Οὕτως

163 5406 272 5460 οὖν
308 5410 403 5458 καὶ
444 5407 580 5470 Υἱὸς
601 5407 856 5473 ἀδικίας.
882 5408 1002 5460 ἀντὶ
1072 5407 1164 5460 τοῦ
1223 5406 1406 5472 ἄδικος
1441 5425 1457 5442 ο
1490 5411 1584 5464 καὶ
1623 5413 1755 5475 Υἱές

164 5497 491 5562 ἀπωλείας
516 5499 543 5549 ὁ
587 5496 903 5560 ἀπολωλώς.
934 5499 1044 5551 Kal
1074 5499 1179 5550 υἱοὶ
1205 5499 1491 5563 ἀπειθείας
1526 5503 1575 5554 οἱ
1602 5502 1759 5556 ἀπει-

162 5591 316 5652 θεῖς.
337 5588 552 5657 ’ἰδίωμα
587 5589 696 5660 γὰρ
722 5590 815 5642 καὶ
840 5589 1000 5644 τοῦτο
1019 5590 1428 5661 τῆςἘδραῖδος.
1453 5595 1535 5647 Οὐ
1569 5608 1759 5662 προσ-

160 5683 362 5748 θήσει
417 5681 495 5744 δὲ,
529 5683 650 5734 ἀντὶ
677 5682 794 5747 τοῦ,
831 5683 904 5736 Οὐ
942 5683 1409 5753 προεπιχειρήσει,
1479 5683 1624 5750 ἅπαξ
1671 5687 1762 5739 ὑπ’

160 5773 353 5826 αὑτοῦ
392 5773 640 5842 πληγείς.

245 5862 368 5916 Kal
400 5865 694 5931 συγκόψω
723 5864 842 5918 ἀπὸ
884 5863 1206 5932 προσώπου
1243 5864 1431 5920 αὑτοῦ
1472 5865 1612 5930 τοὺς
1657 5868 1760 5935 ἐχ-

246 6042 305 6072 ³⁶
329 6043 345 6061 ⁸
378 6041 393 6094 l
435 6040 564 6111 Reg.
601 6057 714 6107 xw,
748 6044 798 6098 1.
874 6044 918 6078 ⁸³
948 6042 1085 6100 lbid-
1123 6045 1210 6102 i5-

1326 6045 1372 6077 "
1411 6043 1571 6101 Joatt.
1606 6060 1707 6111 xu,
1742 6043 1836 6098 i9.

1864 4880 2104 4935 persaepe
2160 4864 2422 4934 proiicere
2477 4866 2669 4922 dicunt
2708 4881 2810 4937 pro
2857 4866 3142 4937 perﬁcere,
3172 4869 3337 4923 veluti
3381 4871 3434 4922 in

1865 4953 2158 5025 Evangelio
2204 4973 2220 5009 :
2274 4955 2473 5010 Videtis
2531 4957 2658 5027 quia
2714 4957 2848 5011 nihil
2896 4957 3151 5028 proﬁcitis
3174 4957 3256 5022 ⁸ο,
3331 4958 3436 5012 hoc

1872 5055 1980 5112 est,
2027 5046 2162 5100 nihil
2215 5048 2539 5115 cperamini,
2579 5047 2712 5102 nihil
2753 5047 2822 5104 ad
2870 5049 3171 5118 perfectum
3203 5047 3428 5102 ducitis.

1934 5135 2002 5190 Et
2027 5137 2172 5206 ﬁlius
2205 5138 2498 5207 iniquitatis
2525 5155 2626 5192 non
2666 5148 2889 5208 apponet
2920 5153 3100 5192 nocere
3132 5139 3198 5191 ei.
3230 5134 3430 5190 Filium

1861 5227 2161 5297 iniquitatis
2211 5228 2344 5283 dicit
2370 5245 2466 5297 pro
2497 5228 2694 5284 Filium
2740 5229 3009 5296 iniquum,
3038 5227 3182 5281 sicut
3229 5226 3426 5281 Filium

1864 5320 2102 5376 hominis
2162 5335 2259 5390 pro
2332 5319 2642 5385 Hominem,
2695 5321 2768 5374 ita
2822 5329 2876 5373 et
2922 5317 3203 5388 lnjustitiae
3284 5319 3430 5373 titius

1864 5413 2084 5476 dicitur,
2119 5429 2215 5483 pro
2245 5412 2415 5467 Filius
2465 5412 2723 5480 injustas,
2775 5418 2828 5465 et
2854 5409 3026 5464 Filius
3082 5409 3422 5487 pet-ditionis,

1865 5519 1962 5572 pro
1979 5503 2268 5570 Perditus;
2302 5502 2426 5558 Filii
2457 5503 2621 5558 etiam
2661 5502 3044 5557 inobedientia:
3094 5516 3191 5570 pro
3233 5502 3429 5558 lnnbeo

1869 5595 2099 5651 dientes.
2164 5595 2258 5649 Est
2285 5603 2341 5648 et
2371 5593 2475 5648 hoc
2503 5593 2784 5662 proprium
2811 5592 3084 5661 quoddam
3153 5589 3436 5646 Hebraicm

1866 5687 2062 5758 linguae
2089 5686 2312 5740 idioma.
2364 5682 2486 5737 Non
2517 5693 2741 5754 apponet
2785 5684 2946 5742 etiam
2984 5682 3140 5748 dixit,
3181 5699 3280 5753 pro
3312 5682 3428 5740 Non

1865 5778 2098 5848 amplius
2133 5777 2383 5842 tentabit,
2415 5776 2581 5832 veluti
2613 5776 2725 5846 jam
2748 5775 2918 5832 semel
2946 5776 3218 5845 repulsus.

1933 5868 2096 5925 Vens.
2143 5868 2234 5924 24.
2291 5866 2358 5921 Et
2404 5868 2681 5924 concidam
2731 5885 2763 5922 a
2813 5867 2949 5938 [acie
2983 5867 3127 5922 illius
3188 5867 3432 5922 inimicos
