3862 6552
177 513 286 575 917

1362 526 1749 590 COMMENT.
1792 532 1874 595 IN
1914 533 2274 600 PSALMOS.

3333 531 3439 598 918

179 634 261 694 είς
282 631 606 701 ἀθανασίαν,
639 634 735 689 καὶ
764 635 842 699 ὡς
876 636 1159 709 ἐξαίρετον
1188 641 1288 710 τῆς
1318 642 1509 713 καινῆς
1534 638 1765 702 κτίσεως

1881 645 2103 703 mortuis
2128 647 2195 702 ad
2227 646 2695 703 immortalitatem
2747 643 3074 711 resurrexit,
3100 650 3155 699 et
3180 650 3440 715 tanquam

175 726 284 779 τῷν
313 726 537 781 πιστῶν.

257 904 531 973 ’Υψηλὸν
555 909 719 976 παρὰ
750 909 874 977 τοῖς
908 911 1243 975 ,βασιλεῦσι
1273 913 1386 981 τῆς
1449 912 1583 984 γῆς.
1618 914 1756 977 Τοὺς

180 998 278 1067 μὲν
319 999 425 1068 γὰρ
474 1000 806 1069 ὲπιγνόντας
859 1004 1024 1059 αὐτὸν
1061 1005 1536 1077 ὑποκεκλιμένους
1584 1007 1700 1078 ἔχει
1738 1024 1753 1040 σ

176 1089 280 1141 τῶν
315 1090 697 1162 πολεμούντων
737 1094 794 1146 δὲ
838 1096 1100 1166 ἀνωτέρω
1131 1099 1346 1165 γίνεται
1368 1113 1387 1131 ο
1421 1101 1517 1151 καὶ
1559 1099 1754 1152 τοῦτον

172 1183 262 1235 τὸν
306 1187 507 1250 τρόπον
558 1187 769 1258 ὑψηλός
827 1191 947 1244 ὲστι
1005 1192 1102 1244 καὶ
1159 1192 1315 1262 παρὰ
1367 1195 1479 1256 τοῖς
1542 1194 1755 1256 πιστοῖς

176 1274 450 1342 βασιλεῦσι
490 1281 587 1332 καὶ
632 1280 786 1351 παρὰ
818 1285 933 1346 τοῖς
959 1283 1230 1348 ἀπίστοις.
1275 1284 1335 1338 ⁸0
1371 1285 1429 1338 δὲ
1480 1284 1648 1337 Δαϐὶδ
1691 1283 1754 1337 οὑ

174 1370 523 1437 περιεγένετο
572 1374 796 1427 πάντων
828 1375 941 1429 τῶν
973 1376 1242 1446 βασιλέων
1271 1377 1373 1448 τῆς
1403 1378 1528 1448 γῆς,
1588 1378 1757 1449 μόνης

175 1457 497 1525 βασιλεύσας
520 1462 621 1529 τῆς
670 1465 959 1531 Ἰουδαίας.

149 1572 157 1689 Ι
235 1639 344 1703 Εἰς
400 1638 508 1692 τὸν
567 1644 758 1697 αἱωνα
822 1643 1081 1712 φυλάξω
1125 1645 1291 1711 αὐτῷ
1318 1645 1386 1699 τὸ
1412 1645 1591 1714 ἔλεός
1612 1664 1755 1717 μου.

172 1727 651 1799 Χρῄζοντιαῦτοῦ,
693 1736 836 1788 κατὰ
882 1736 946 1789 τὸ
987 1736 1333 1809 ἀνθρώπινον
1364 1754 1379 1769 ⁸
1412 1739 1446 1810 ἢ
1479 1740 1575 1793 καὶ
1604 1742 1663 1793 οὐ
1691 1740 1758 1794 δι’

174 1818 384 1881 ἑαυτὸν,
419 1820 557 1873 ἀλλὰ
607 1826 703 1876 καὶ
741 1825 830 1878 διὰ
874 1827 1001 1888 τοὺς
1027 1827 1086 1890 ἐξ
1127 1828 1318 1892 αὐτοῦ,
1347 1830 1493 1899 φημὶ
1530 1829 1594 1900 δὴ
1634 1831 1761 1894 τοὺς

174 1910 556 1978 Χριστιανοὺς,
594 1916 738 1985 ὑπὲρ
782 1910 857 1970 ὧν
904 1919 999 1972 καὶ
1031 1920 1348 1991 παρακαλεί
1380 1921 1475 1975 τὸν
1514 1922 1757 1995 Πατέρα,

177 2003 395 2072 μεσίτης
423 2005 560 2058 Θεοῦ
605 2010 699 2061 καὶ
741 2009 1043 2080 ἀνθρώπων
1066 2012 1328 2081 γεγονώς.

239 2197 345 2250 Καὶ
380 2198 420 2265 ἡ
452 2197 715 2268 διαθήκη
734 2220 856 2271 μου
888 2204 1078 2271 πιστὴ
1115 2203 1296 2270 αὐτῷ.
1337 2205 1404 2258 Ἦ
1446 2206 1755 2275 ἐπαγγελία

174 2288 367 2356 ήπρὸς
391 2289 483 2342 τὸν
514 2293 682 2347 Δαϐὶδ
732 2295 920 2366 πιστὴ,
972 2298 1151 2351 είτουν
1225 2297 1424 2368 βεϐαία
1458 2298 1612 2352 ἔσται
1668 2299 1755 2352 ἐπ’

174 2378 338 2449 αὐτῷ,
395 2379 645 2451 δηλονότι
683 2386 761 2456 τῷ
796 2388 1043 2458 Χριστῷ,
1116 2391 1396 2443 τουτέστιν
1465 2392 1546 2453 είς
1593 2391 1757 2445 αὐτὸν

175 2471 535 2543 ἀποϐήσεται.
564 2477 794 2549 Εἴρηται
832 2480 941 2551 γὰρ
982 2482 1242 2553 ἀνωτέρω
1266 2500 1279 2513 ·
1310 2483 1468 2549 Ἕως
1498 2482 1603 2537 τοῦ
1625 2479 1758 2537 ιιίῶ-

175 2578 272 2629 νος
299 2564 605 2635 ἑτοιμάσω
628 2569 697 2623 τὸ
741 2572 979 2641 σπέρμα
1001 2588 1139 2630 σου.

238 2657 346 2712 Kal
386 2659 648 2730 θήσομαι
683 2666 770 2730 είς
804 2665 911 2720 τὸν
943 2667 1132 2722 αἰῶνα
1168 2672 1237 2722 τὸ
1267 2670 1507 2740 σπέρμα
1544 2671 1755 2725 αὐτοῦ.

176 2750 403 2825 Σπέρμα
465 2752 561 2807 τοῦ
610 2755 852 2821 Χριστοῦ
909 2758 938 2810 ὁ
1002 2759 1136 2831 παρ’
1195 2761 1363 2815 αὐτοῦ
1434 2763 1668 2833 σπαρείς
1702 2764 1759 2816 ἐν

176 2848 290 2909 ταῖς
337 2846 543 2918 ψυχαῖς
576 2848 687 2902 τῶν
743 2849 1002 2922 μαθητῶν
1059 2853 1219 2922 λόγος
1259 2854 1355 2909 τοῦ
1391 2856 1775 2925 Εὐαγγελίουιι

177 2941 342 3014 ὅσπερ
365 2941 618 3013 διαμένει
656 2944 738 3009 είς
761 2945 854 2999 τὸν
887 2946 1059 3000 αίῶνα
1120 2946 1215 3001 τοῦ
1249 2948 1470 3013 αἰῶνοςο
1500 2951 1592 3004 καὶ
1613 2952 1642 3003 ὁ
1702 2954 1760 3005 ὲν

179 3037 337 3093 παντί⁵
369 3036 519 3091 ἔθνει
553 3039 945 3108 ἀναγεννηθεὶς
997 3041 1146 3113 αὐτῷ
1174 3042 1326 3106 λαός.
1371 3043 1517 3097 Ἀντὶ
1554 3044 1609 3096 δὲ
1642 3044 1758 3112 τοῦ,

179 3129 277 3193 Εἰς
299 3128 411 3182 τὸν
430 3128 617 3184 αἰῶνα
642 3131 751 3185 τοῦ
803 3131 1041 3199 αἰῶνος.
1096 3133 1390 3200 Διηνεκῶς
1435 3136 1698 3203 ἐξέδωκεν
1733 3139 1762 3191 ό

180 3220 497 3292 Σύμμαχος.
531 3223 843 3298 Καιδντως
865 3224 965 3295 τῆς
1011 3225 1340 3297 Ἐκκλησίας
1387 3226 1483 3281 τοῦ
1517 3228 1757 3299 Χριστοῦ

180 3310 344 3365 πύλαι
373 3312 505 3384 ᾅδου
546 3315 607 3368 οὐ
637 3314 1052 3385 κατισχύσουσι.

245 3492 357 3547 Καὶ
392 3492 503 3547 τὸν
546 3494 770 3561 θρόνον
799 3493 987 3548 αὐτοῦ
1016 3493 1098 3559 ὠς
1127 3493 1241 3559 τὰς
1271 3493 1498 3563 ἡμέρας
1525 3495 1632 3551 τοῦ
1662 3498 1764 3551 οὐ·

179 3585 387 3652 ρανοῦ.
423 3586 535 3639 Καὶ
562 3581 724 3650 αὖθις
752 3585 907 3658 θήσω
928 3584 1023 3640 τὸν
1054 3584 1247 3655 θρόνον
1276 3584 1443 3640 αὐτοῦ
1478 3589 1583 3655 τῆς
1612 3588 1766 3658 βασι-

181 3678 327 3743 λείας
362 3677 510 3732 οῦτω
545 3678 768 3749 διαρκῆ,
804 3678 881 3741 ὡς
915 3678 1068 3749 θήσω
1133 3679 1225 3731 καὶ
1264 3679 1364 3743 τὰς
1398 3680 1616 3751 ἡμέρας
1671 3680 1764 3734 τοῦ

180 3771 693 3843 οὐρανοῦ’διαρκεῖς
722 3771 829 3843 γὰρ
854 3764 1016 3826 αὗται
1038 3772 1116 3835 ὡς
1139 3772 1305 3842 μέχρι
1328 3772 1428 3841 τῆς
1455 3772 1767 3836 συντελείας

182 3860 274 3915 τοῦ
304 3862 515 3932 κόσμου
567 3861 942 3930 φυλάττουσαι
967 3862 1059 3915 τὸν
1089 3863 1294 3914 οἰκεῖον
1317 3862 1468 3932 ὅρον.
1501 3861 1688 3915 Ἔοικε
1710 3861 1769 3915 δὲ

181 3954 336 4006 τουτὶ
367 3952 433 4005 τὸ
464 3953 629 4023 ῥητὸν
651 3952 753 4024 τῷ,
800 3953 910 4009 Καὶ
955 3956 1418 4025 συμπαραμενεῖ
1456 3954 1539 4021 τῷ
1580 3956 1766 4023 ἡλίῳ,

185 4048 239 4099 ἐν
270 4046 351 4118 τῷ
376 4044 457 4100 οα¹
479 4045 705 4117 ψαλμῷ.
758 4046 997 4118 Ἡμέραι
1033 4047 1089 4100 δὲ
1110 4046 1363 4116 λέγονται
1389 4047 1484 4101 τοῦ
1514 4046 1769 4118 οὐρανοῦ,

183 4139 254 4203 ὡς
285 4139 457 4193 αὐτοῦ
499 4138 707 4202 ταύτας
736 4139 1154 4206 ἁποτελοῦντος,
1191 4142 1258 4211 τῇ
1287 4137 1383 4193 τοῦ
1419 4139 1572 4211 ἡλίου
1605 4141 1770 4211 φορᾷ.

184 4234 533 4301 Δειξάτωσαν
563 4234 622 4288 δὲ
635 4232 881 4287 Ἰουδαῖοι
908 4232 969 4286 τὸ
1002 4231 1228 4302 σπέρμα
1251 4232 1347 4287 τοῦ
1366 4232 1556 4295 Δαϐὶδ,
1575 4234 1656 4296 είς
1681 4232 1773 4287 τὸν

184 4329 357 4379 αξῶνα
395 4326 490 4379 τοῦ
535 4325 735 4389 αἰῶνος
763 4326 942 4390 τεθὲν,
999 4324 1269 4389 τουτέστι,
1320 4326 1629 4397 σωζόμενον
1681 4327 1774 4379 ἐπὶ

183 4420 282 4488 τῆς
311 4417 617 4487 βασιλείας,
677 4415 759 4469 ἔτι
793 4415 851 4469 δὲ
887 4416 1094 4468 καὶτὸν
1125 4414 1412 4486 βασιλικὸν
1456 4416 1647 4487 θρόνον
1677 4416 1774 4470 τοῦ

186 4509 349 4562 Δαϐὶδ
375 4507 627 4578 μόνιμον.
706 4505 852 4559 Ἀλλ’
904 4506 1005 4558 οὐκ
1042 4505 1109 4560 ἂν
1166 4506 1437 4562 δύναιντο.
1479 4509 1574 4571 Είς
1616 4509 1778 4579 Ἰεχο-

185 4598 305 4651 νίαν
336 4599 449 4670 γὰρ
494 4600 593 4653 καὶ
658 4598 917 4652 Σεδεκίαν
960 4598 1263 4669 κατέληξεν
1313 4600 1345 4670 ἡ
1387 4597 1636 4669 βασιλεία
1682 4598 1776 4653 τοῦ

1752 757 1755 761 ·
1859 735 2199 805 praecipuum
2248 736 2378 808 quid
2425 744 2591 807 atque
2636 736 2872 793 electum
2910 736 2967 791 in
3016 750 3158 791 nova
3195 735 3437 791 ﬁdelium

1859 836 2135 884 creatura.

1930 923 2217 978 Excelsum
2266 939 2376 992 prie
2423 922 2632 993 regibus
2682 934 2857 977 teme.
2908 919 3015 976 Eos
3060 919 3284 990 quidem
3338 916 3435 986 qui

1861 1014 2010 1069 illum
2065 1025 2416 1084 cognoscunt
2474 1015 2727 1070 subditos
2775 1012 2879 1068 sub
2932 1028 2991 1068 se
3039 1012 3220 1075 habet,
3273 1018 3441 1080 atque

1858 1106 1907 1161 ei
1963 1105 2306 1173 inclinatos;
2360 1107 2603 1161 hostium
2689 1121 2817 1161 vero
2877 1114 3043 1175 atque
3096 1118 3286 1158 eorum
3345 1103 3441 1173 qui

1858 1197 2008 1253 illius
2068 1199 2377 1253 detrectant
2413 1199 2703 1269 imperium
2736 1214 2953 1269 semper
2993 1204 3075 1253 est
3109 1195 3440 1252 sublimior:

1859 1297 1914 1344 et
1964 1288 2069 1343 hac
2101 1289 2314 1344 ratione
2357 1291 2609 1345 excelsus
2637 1289 2740 1345 'est
2773 1305 2881 1360 prae
2915 1289 3174 1343 omnibus
3219 1285 3443 1358 regibus

1861 1387 2043 1445 terrae,
2084 1394 2181 1435 seu
2220 1381 2409 1435 ﬁdeles
2444 1380 2554 1434 sint
2590 1380 2667 1434 illi
2698 1395 2874 1450 reges,
2918 1395 3014 1435 seu
3057 1376 3329 1432 inﬁdeles.
3372 1377 3443 1430 At

1862 1468 2052 1534 David,
2091 1470 2183 1539 qui
2223 1469 2317 1524 ιιιιί
2360 1479 2573 1523 tantum
2628 1469 2917 1539 imperavit
2963 1468 3277 1540 provincim,
3325 1458 3443 1520 om;

1863 1556 2027 1612 nibus
2085 1557 2307 1627 regibus
2347 1557 2640 1612 sublimior
2689 1572 2811 1613 esse
2859 1571 2967 1611 non
3034 1556 3227 1626 potuit.

1938 1647 2101 1704 Vsus.
2130 1648 2224 1705 29.
2261 1648 2325 1704 In
2358 1651 2611 1705 saeculum
2645 1648 2864 1703 servabo
2909 1648 2991 1702 illi
3023 1646 3444 1701 misericordiam

1864 1759 2055 1797 meum.
2091 1742 2196 1807 llli,
2251 1743 2499 1812 inquam,
2537 1743 2784 1810 Christo,
2809 1742 2904 1814 qui
2936 1741 3237 1798 secundum
3273 1739 3449 1794 homi-

1866 1848 1992 1887 nem
2031 1834 2218 1888 divina
2255 1832 2489 1905 iudiguit
2521 1833 2925 1896 misericordia,
2968 1833 3014 1889 si
3064 1846 3172 1887 non
3224 1838 3448 1901 prepter

1865 1926 2133 1998 seipsum,
2171 1936 2396 1998 propter
2442 1942 2574 1983 suos
2607 1927 2801 1982 saltem
2834 1925 3180 1982 Christianos
3220 1939 3283 1978 ac
3311 1921 3447 1977 lide—

1786 1993 1834 2052 B
1864 1993 1979 2082 les‘,
2032 2034 2133 2090 pro
2174 1993 2387 2090 quibus
2437 2020 2507 2074 ad
2554 2020 2771 2075 Patrem
2825 2018 3082 2089 rogabat,
3129 2016 3225 2073 Dei
3284 2026 3447 2086 atque

1864 2110 2149 2165 hominum
2208 2111 2479 2168 mediator
2522 2110 2771 2179 effectus.

1939 2203 2009 2258 Et
2056 2214 2429 2259 testamentum
2455 2221 2610 2259 suum
2640 2204 2796 2276 ﬁdele
2820 2204 2941 2273 ipsi.
2972 2198 3297 2265 Promissio,
3323 2215 3446 2271 quae

1866 2300 1933 2354 ad
1982 2300 2157 2370 ipsum
2193 2298 2362 2352 David
2407 2298 2547 2352 facta
2581 2307 2685 2364 est,
2737 2296 2932 2360 ﬁdelis,
2981 2295 3085 2349 hoc
3137 2300 3244 2360 est,
3289 2293 3448 2348 ﬁrma

1867 2394 1976 2446 erit
2023 2391 2126 2463 ipsi
2175 2391 2432 2456 Christo,
2482 2392 2584 2446 hoc
2648 2399 2752 2453 est,
2806 2388 3195 2458 adimplebitur
3243 2387 3302 2442 in
3355 2399 3444 2441 eo.

1869 2482 2080 2538 Dictum
2111 2492 2193 2538 est
2220 2483 2366 2537 enim
2403 2482 2659 2554 superius
2687 2501 2701 2536 :
2731 2479 2905 2551 Usque
2931 2481 2985 2533 iu
3007 2479 3260 2535 sarculum
3301 2492 3445 2546 prce-

1866 2576 2069 2646 parabo
2105 2592 2277 2630 semen
2317 2576 2457 2646 ejus.

1940 2667 2104 2724 Vnus.
2142 2668 2231 2724 30.
2278 2667 2350 2723 Et
2396 2685 2590 2738 ponam
2641 2669 2697 2723 in
2743 2667 2995 2723 sarculum
3043 2665 3226 2721 seculi
3269 2681 3449 2721 semen

1867 2759 2002 2826 ejus.
2033 2758 2230 2815 Semen
2268 2760 2474 2816 Christi
2521 2774 2704 2816 sermo
2738 2766 2823 2816 est
2853 2759 3227 2830 evangelicus,
3264 2757 3359 2831 qui
3390 2757 3447 2812 in

1868 2850 2264 2922 discipulorum
2295 2850 2495 2907 animis
2528 2850 2631 2905 fuit
2666 2849 3083 2916 disseminatus,
3133 2849 3227 2920 qui
3260 2838 3453 2905 sermo

1870 2956 2059 3004 manet
2121 2947 2177 3002 in
2219 2950 2481 3003 sarculum
2531 2947 2741 3004 saeculi.
2778 2944 2877 3002 Vel
2928 2961 3028 3016 pro
3072 2944 3282 3004 semine
3328 2945 3451 3017 ejus

1872 3056 2073 3096 novum
2103 3041 2369 3112 populum
2396 3040 2664 3111 iutellige,
2696 3040 2789 3109 qui
2823 3039 2878 3094 in
2909 3039 3059 3096 omni
3095 3048 3256 3110 gente
3286 3053 3456 3109 gene-

1873 3143 2028 3188 ratus
2071 3143 2178 3190 est.
2218 3131 2585 3204 Symmachus
2627 3140 2808 3186 autem
2852 3145 2952 3200 pro
2995 3131 3081 3186 his
3135 3129 3363 3188 verbis:
3396 3129 3454 3185 in

1871 3225 2122 3281 saxulum
2155 3224 2360 3289 sa’cult’,
2409 3224 2714 3288 transtulit.
2766 3223 3048 3292 Perpetuo.
3093 3222 3231 3278 Vere
3264 3230 3449 3276 autem

1789 3350 1836 3412 Ο
1872 3325 2065 3371 contra
2093 3313 2299 3371 Christi
2326 3312 2624 3370 Ecclesium
2652 3323 2831 3383 porta:
2868 3310 3069 3367 inferni
3099 3310 3158 3366 in
3184 3317 3452 3367 aeternum

1867 3424 1978 3464 non
2032 3409 2423 3477 praevalebunt.

1945 3499 2011 3554 Et
2036 3500 2279 3555 thronum
2310 3500 2426 3569 ejus
2457 3499 2587 3554 sicut
2616 3498 2729 3554 dies
2760 3498 2901 3553 caeli.
2927 3497 2992 3551 Et
3027 3511 3224 3554 rursus
3251 3508 3451 3567 ponam

1870 3592 2129 3648 thronum
2184 3593 2343 3662 regni
2375 3578 2518 3662 eius,
2547 3593 2623 3647 ita
2675 3598 3021 3662 perpetuum,
3059 3598 3118 3644 ut
3150 3588 3268 3645 dies
3302 3586 3453 3652 cmli,

1869 3687 1960 3757 qui
2001 3688 2251 3756 perpetui
2296 3693 2447 3750 sunt,
2501 3694 2557 3738 et
2612 3683 2907 3739 terminum
2944 3696 3107 3738 suum
3157 3694 3332 3750 usque
3381 3677 3454 3734 ad

1870 3777 2064 3832 mundi
2117 3775 2653 3832 consummationem
2711 3775 3033 3830 servabunt.
3085 3770 3297 3828 Similia
3325 3777 3456 3826 sunt

1871 3869 1966 3924 illa
2016 3870 2229 3925 verba:
2266 3867 2333 3922 Et
2383 3866 2714 3939 permanebit
2762 3881 2881 3920 cum
2933 3864 3064 3932 sole,
3121 3872 3183 3920 ut
3216 3861 3454 3918 vidimus

1874 3962 1928 4017 in
2000 3961 2214 4033 psalmo
2275 3976 2423 4014 uxr.
2478 3957 2607 4014 Dies
2649 3968 2832 4013 autem
2883 3956 3009 4012 caeli
3065 3954 3345 4017 dicuntur,
3388 3966 3456 4007 eo

1874 4051 2021 4124 quod
2071 4068 2100 4106 a
2164 4051 2344 4118 coelo,
2391 4051 2514 4121 ipso
2568 4050 2708 4106 solis
2765 4063 2935 4104 cursu
2983 4045 3122 4102 eﬂlci
3174 4044 3456 4100 videnlur.

1875 4143 2186 4202 Ostendant
2208 4145 2367 4200 nobis
2398 4144 2564 4214 igitur
2589 4142 2762 4198 Judaei
2793 4156 2980 4196 semen
3015 4138 3181 4194 David
3212 4137 3455 4208 positum

1878 4238 1932 4292 in
1957 4237 2217 4293 saeculum
2254 4236 2464 4302 saeculi,
2492 4236 2594 4291 hoc
2623 4244 2728 4299 est,
2767 4240 3153 4288 conservatum
3179 4231 3234 4284 in
3268 4242 3460 4299 regno,

1879 4338 1972 4383 aut
2038 4328 2278 4397 regalem
2347 4326 2498 4382 illius
2558 4324 2816 4380 thronum
2870 4321 3052 4376 adhuc
3111 4332 3456 4391 permanere.

1882 4416 2084 4473 Verum
2120 4418 2173 4471 id
2228 4432 2337 4470 non
2370 4423 2652 4486 poterunt.
2680 4415 2741 4467 In
2769 4410 3034 4467 Jechonia
3058 4409 3261 4464 etenim
3290 4417 3459 4475 atque

1883 4511 1936 4564 in
1977 4508 2203 4564 Sedecia
2237 4507 2401 4561 ﬁnem
2440 4506 2634 4560 habuit
2690 4517 2919 4574 regnum
2976 4498 3165 4553 David.
3216 4496 3460 4565 Uterque

1881 4609 2027 4661 enim
2081 4618 2271 4659 eorum
2322 4617 2352 4656 a
2390 4598 2707 4672 Babyloniis
2760 4598 2816 4651 in
2872 4592 3249 4665 captivitatem
3300 4597 3459 4645 actus

186 4693 353 4748 Δαϐίδ
377 4710 393 4725 ·
424 4692 533 4757 Οὓς
563 4693 946 4765 αἰχμαλώτους
968 4695 1075 4749 ἀνὰ
1127 4695 1329 4765 μέρους
1361 4694 1407 4745 οἱ
1441 4691 1766 4746 Βαϐυλώνιοι

1881 4708 1998 4761 est;
2044 4705 2099 4750 et
2126 4691 2383 4750 Sedecias
2416 4691 2638 4763 quidem
2665 4689 2846 4745 oculis
2880 4687 3133 4748 orbatus,
3165 4681 3461 4739 Jechonias

187 4788 594 4857 ἀπαγαγόντες,
622 4788 715 4840 τὸν
778 4787 1034 4842 Σεδεκίαν
1076 4787 1175 4857 μὲν
1225 4784 1651 4854 ἁπετύφλωσαν,
1686 4787 1780 4841 τὸν

198 4880 477 4950 Ὶεχωνῖαν
511 4880 570 4934 δὲ
601 4880 789 4952 δουλίᾳ
816 4879 1117 4934 ἀπέϐαλον.
1166 4877 1486 4948 Τηνικαῦτα
1518 4877 1575 4930 δὲ
1611 4895 1783 4932 κατα-

189 4972 528 5041 στραφέντος
555 4971 740 5025 τέλεον
774 4971 869 5024 καὶ⁵
918 4970 1013 5024 τοῦ
1056 4969 1251 5039 Θρόνου
1281 4970 1469 5031 Δαϐὶδ,
1504 4969 1683 5032 οὐδεὶς
1719 4970 1782 5023 τὸ

187 5064 377 5119 λοιπὸν
410 5065 494 5128 είς
526 5063 691 5117 αὐτὸν
737 5062 1012 5116 ἐκάθισεν.
1068 5061 1126 5116 Ὀ
1148 5060 1258 5133 γὰρ
1282 5061 1591 5133 Ζοροϐάϐελ
1635 5061 1776 5131 μετὰ

188 5158 285 5224 τὴν
333 5157 597 5210 ἐπάνοδον
629 5157 730 5226 τῆς
788 5154 1169 5226 αἰχμαλωσίας
1218 5154 1279 5208 οὐ
1325 5154 1599 5225 βασιλεὺς,
1639 5155 1777 5208 ἀλλὰ

190 5248 523 5317 δημαγωγὸς
539 5246 810 5301 Ἰουδαίων
832 5247 1077 5315 γέγονεν.
1096 5244 1259 5318 Δηλοῖ
1276 5244 1335 5297 δὲ
1363 5241 1543 5299 ταῦτα
1571 5245 1776 5315 προῖὼν

1881 4802 2012 4843 vero
2033 4787 2087 4840 in
2111 4794 2375 4857 perpetua
2410 4783 2675 4839 servitute
2700 4782 2959 4836 detentus
2980 4786 3085 4834 est.
3105 4778 3260 4830 Tunc
3276 4773 3461 4842 itaque

1881 4881 2232 4935 destructum
2257 4888 2343 4933 est
2375 4892 2606 4947 prorsus
2633 4890 2886 4948 regnum,
2915 4881 2970 4929 et
3001 4871 3238 4943 thronus
3267 4864 3457 4927 David,

1881 4980 1935 5025 et
1965 4970 2155 5025 nullus
2180 4970 2422 5040 amplius
2454 4970 2510 5025 in
2551 4984 2618 5025 eo
2640 4968 2806 5024 sedit.
2841 4965 2978 5020 Nam
3013 4958 3315 5018 Zorobabel
3339 4964 3461 5026 post

1882 5061 2117 5118 reditum
2146 5078 2176 5118 e
2204 5062 2525 5133 captivitate
2550 5075 2663 5116 non
2697 5075 2793 5116 rex
2826 5058 2952 5120 fuit,
2985 5055 3079 5109 sed
3109 5051 3218 5105 dux
3266 5065 3282 5101 :
3321 5045 3460 5100 adeo

1883 5168 1942 5211 ιη
1981 5171 2212 5227 regnum
2239 5155 2410 5212 David
2442 5156 2494 5210 in
2521 5163 2772 5227 posteros
2801 5148 3324 5222 quadringentorum
3355 5152 3458 5190 an-

1886 5264 2088 5304 norum
2118 5260 2339 5319 tempus
2375 5263 2486 5303 non
2523 5241 2892 5317 superaverit.

193 5347 220 5395 ὀ
253 5342 493 5412 ψαλμός.
554 5340 720 5394 Ὅθεν
769 5341 870 5394 οὐκ
924 5341 1016 5393 ἐπὶ
1043 5341 1229 5394 πλεῖον
1262 5340 1370 5393 τῶν
1411 5340 1783 5413 τετρακοσίων
1824 5341 1962 5399 ἑτῶν
1992 5345 2026 5414 ἡ
2075 5343 2324 5414 βασιλεία
2352 5341 2517 5396 Δαϐὶδ
2546 5333 2665 5401 ’τοῖς
2714 5335 3002 5401 ἀπογόνοις
3077 5326 3242 5383 αὑτοῦ
3311 5341 3459 5396 παρ-

194 5439 429 5491 ἐαεινεν.

228 5492 245 5516 ﬂ
277 5529 418 5585 Ἐὰν
431 5527 949 5598 ἐγκαταλείπωσιν
968 5525 1084 5580 υἱοί
1110 5524 1298 5580 αὐτοῦ
1314 5526 1422 5581 τὸν
1434 5516 1775 5597 νόὼνμου,

195 5623 291 5676 καὶ
343 5620 466 5687 τοῖς
518 5620 771 5690 κρίμασι
827 5637 950 5687 μου
1003 5617 1094 5689 μὴ
1128 5618 1545 5686 πορευθῶσινο
1571 5620 1683 5674 ἐὰν
1707 5620 1783 5674 τὰ

1955 5526 2125 5582 Vsus.
2183 5526 2374 5581 31-53.
2438 5521 2501 5577 Si
2551 5512 2922 5586 dereliquerint
2972 5508 3076 5578 ﬁlii
3125 5506 3241 5575 ejus
3295 5505 3458 5576 legem

1882 5635 2079 5683 meam,
2117 5626 2168 5672 et
2216 5617 2271 5670 in
2320 5611 2546 5683 iudiciis
2606 5608 2736 5662 meis
2775 5620 2880 5660 non
2932 5597 3321 5657 ambulaverint
3361 5611 3382 5649 :
3413 5596 3461 5649 si

197 5687 564 5781 δικαιώματά
598 5687 720 5782 ρου
763 5687 1194 5780 βεϐηλώσωσι,
1234 5713 1335 5765 καί
1389 5711 1496 5778 τὰς
1523 5711 1766 5778 ἐντολάς

1881 5708 2291 5778 iustiﬁcationes
2339 5718 2479 5757 meas
2510 5695 2929 5770 profanaverint,
2965 5699 3015 5745 et
3052 5687 3311 5743 mandata
3344 5700 3463 5740 mea

191 5823 311 5871 μου
335 5804 422 5873 μὴ
446 5803 808 5873 φυλάξωσιν
828 5820 842 5834 ·
878 5802 1286 5873 ἐπισκέψομαι
1332 5803 1402 5856 ἐν
1440 5802 1645 5871 ῥάϐδῳ
1672 5803 1781 5869 τὰς

120 5955 127 5961 _
198 5895 445 5966 ἀνομίας
479 5895 706 5962 αὐτῶν,
734 5894 834 5950 καὶ
864 5895 935 5949 ἐν
952 5894 1201 5965 μάστιξι
1228 5895 1337 5961 τὰς
1373 5893 1612 5962 ἀδικίας
1676 5895 1783 5949 αὑ-

199 5989 337 6044 τῶν.
371 5989 435 6044 Oi
470 5987 578 6043 υίοὶ
624 5989 720 6046 τοῦ
778 5989 1020 6060 Χριστοῦ
1052 5988 1138 6045 διὰ
1163 5987 1260 6063 τοῦ
1300 5987 1638 6058 Εὐαγγελίου
1674 5987 1771 6044 καὶ

1884 5818 1985 5855 non
2015 5797 2386 5859 eustodierint,
2406 5791 2631 5847 uisitabo
2662 5790 2719 5843 in
2745 5789 2890 5857 virga
2920 5782 3230 5850 iniquitates
3255 5791 3461 5841 eorum,

1880 5904 1932 5948 et
1952 5894 2009 5947 in
2029 5888 2321 5945 verberibus
2351 5882 2647 5953 injustitias
2669 5894 2873 5935 eorum.
2903 5875 3114 5932 Christi
3146 5870 3247 5925 lilii
3276 5870 3315 5923 ii
3338 5871 3471 5920 sunt

1887 5986 1978 6057 qui
2011 5997 2108 6054 per
2159 5975 2537 6049 Evangelium,
2574 5983 2631 6028 et
2662 5984 2761 6042 per
2791 5964 3141 6039 baptismatis
3177 5961 3470 6017 lavacrum
