3862 6542
425 502 541 567 923

1653 506 1861 566 EUTH
1872 507 2043 569 YMII
2091 504 2453 567 ZIGABENI
3564 512 3649 574 92$

502 615 665 671 Vens.
694 615 783 670 ltO.
828 614 1154 670 Destruxisti
1187 624 1553 673 testamentum
1582 600 1715 673 servi
1745 618 1841 672 tui.
1869 618 1998 673 Irri-

2174 616 2744 685 Karéarpsdugrhr
2789 615 3085 686 διαθήκην
3122 617 3233 672 τοῦ
3273 619 3496 674 δούλου
3536 639 3650 678 σου.

427 708 577 769 tasti,
604 707 800 774 inquit,
842 706 1288 773 promissionem,
1311 722 1473 778 quam
1507 707 1555 762 ei
1584 707 1787 763 fecisti.

498 797 814 866 Profanasti
858 799 912 851 in
946 808 1142 852 terram
1188 799 1555 854 sanctuarium
1585 799 1720 867 ejus.
1751 796 2002 853 Vidimus

425 891 480 943 in
511 890 720 959 psalmo
761 906 932 945 Lxxut
970 909 985 945 :
1034 889 1460 957 Profanaverunt
1492 893 1544 945 in
1587 902 1783 945 terram
1827 890 2005 944 taber-

427 986 679 1035 naculum
711 983 939 1036 nominis
972 985 1070 1037 tui.
1099 982 1204 1036 Per
1234 984 1611 1039 sanctuarium
1639 992 1819 1036 autem
1860 982 2000 1051 ejus,

426 1074 575 1141 ejus.
622 1072 748 1126 dico
780 1072 973 1139 David,
1014 1073 1428 1129 celeberrimum
1459 1073 1591 1127 illud
1627 1072 1885 1143 templum
1917 1073 2003 1125 in-

335 1217 341 1224 _
388 1190 393 1194 ο
428 1162 646 1232 telligit,
678 1162 822 1231 quod
854 1161 958 1216 fuit
991 1165 1043 1217 in
1075 1163 1377 1218 Jerusalem
1408 1180 1422 1216 :
1458 1163 1612 1231 quasi
1641 1164 1708 1216 ab
1738 1163 1857 1232 ipso
1899 1162 2005 1216 Da-

423 1254 512 1308 vid
536 1262 915 1309 constructum
944 1252 1160 1319 fuisset,
1191 1270 1283 1308 seu
1317 1253 1491 1323 ipsius
1514 1253 1803 1308 dicendum
1830 1260 2000 1318 esset,

2107 708 2425 773 Κατέλυσας
2450 710 2549 780 τὴν
2577 710 2933 777 ἐπαγγελίαν,
2981 709 3081 779 τὴν
3109 711 3249 780 πρὸς
3282 712 3467 767 αὐτόν.

2188 800 2603 867 Ἐϐεϐήλωσας
2627 803 2714 865 εις
2750 800 2866 867 τὴν
2891 799 3007 869 τῆν
3049 800 3116 854 td
3149 802 3417 870 ἀγίασμα
3466 804 3649 859 αὑτοῦ.

2104 895 2217 950 Καὶ
2243 897 2301 948 ὲν
2322 894 2401 966 τῷ
2438 892 2516 963 ογ¹
2560 892 2763 963 ψαλμῷ
2795 895 3020 963 εἴρηκεν
3044 910 3059 926 ·
3094 895 3220 958 Ἐἰς
3244 893 3360 962 τὴν
3379 895 3495 964 γῆν
3546 896 3652 951 ἔδε-

2108 983 2392 1052 ϐήλωσας
2414 983 2481 1036 τὸ
2508 980 2798 1050 σκήνωμα
2829 981 2934 1036 τοῦ
2960 981 3256 1050 ὀνόματός
3275 995 3416 1034 σου.
3451 980 3561 1033 Νῦν
3605 982 3653 1035 δὲ

2106 1075 2361 1145 άγίασμα
2387 1074 2483 1127 τοῦ
2508 1073 2671 1126 Δαὸὶδ
2697 1073 2789 1125 τὸν
2832 1074 2891 1126 ὲν
2927 1070 3201 1141 Ἰεροσολύ
3211 1089 3333 1138 μοις
3353 1070 3653 1141 περιϐόητον

2106 1165 2231 1220 εἷπε
2264 1165 2413 1230 ναὸν,
2445 1164 2521 1227 ὡς
2552 1162 2721 1218 αὑτοῦ
2754 1164 2851 1217 τοῦ
2881 1163 3051 1217 Δαδὶδ
3100 1162 3444 1233 προθεμένου
3493 1162 3654 1215 τοῦτον

2105 1257 2480 1326 οἰκοδομῆσαι,
2518 1258 2614 1310 καὶ
2640 1258 2741 1326 τὴν
2778 1256 2914 1323 ὓλην
2975 1256 3077 1324 τῆς
3105 1255 3397 1323 οἰκοδομῆς
3424 1253 3504 1322 τῷ
3527 1254 3654 1306 παιδὶ

425 1361 490 1399 eo
519 1347 669 1417 quod
702 1347 770 1400 ab
801 1361 867 1402 eo
898 1348 1135 1414 primum
1181 1346 1465 1401 decretum
1494 1358 1596 1409 est,
1637 1354 1694 1400 ut
1742 1345 2001 1400 aediﬁcari

2129 1351 2416 1420 Ξολομῶντι
2440 1350 2858 1414 καταλιπόντος,
2894 1347 3063 1402 διὰτὸ
3103 1345 3358 1400 κελεῦσαι
3412 1345 3502 1396 τὸν
3543 1344 3653 1399 Θεὸν

423 1439 778 1495 deberet:et
828 1440 956 1510 quia
1016 1438 1304 1493 materiam
1344 1437 1625 1493 Salomoni
1687 1439 1798 1493 lilio
1849 1447 2002 1492 tanto

424 1532 576 1600 operi
618 1538 982 1602 opportunam
1035 1532 1273 1600 reliquit.
1327 1531 1468 1597 Quin
1516 1532 1628 1585 imo
1675 1530 1787 1599 jam
1844 1542 2001 1585 antea

425 1621 544 1688 ipse
573 1622 708 1676 illud
744 1622 1033 1689 erexisset,
1059 1622 1113 1675 ni
1138 1622 1354 1692 jussum
1385 1621 1433 1674 ei
1464 1620 1662 1676 fuisset
1688 1635 1717 1674 a
1747 1620 1997 1685 Domino,

423 1727 494 1765 ne
533 1713 670 1781 ipse,
706 1712 800 1788 sed
838 1713 1095 1768 Salomon
1128 1713 1387 1782 templum
1417 1711 1733 1766 aediﬁcaret.
1767 1711 1822 1765 In
1859 1727 2001 1781 pra:-

425 1801 572 1857 dicto
605 1803 772 1859 etiam
804 1803 1031 1872 psalmo.
1060 1809 1254 1866 Lx‘xm,
1294 1812 1401 1857 tam
1455 1801 1631 1856 sancti
1679 1818 1840 1872 quam
1879 1819 2005 1856 san-

425 1895 625 1950 ctuarii
662 1896 883 1951 nomine
930 1896 1183 1951 similiter
1233 1895 1497 1965 templum
1547 1896 1802 1965 appellat.
1863 1894 1999 1948 Illud

2110 1441 2188 1512 μὴ
2216 1433 2372 1511 παρᾶ
2424 1439 2609 1505 Δαὸὶδ,
2633 1439 2771 1493 ἀλλά
2804 1438 2960 1508 παρὰ
2986 1436 3081 1492 τοῦ
3119 1436 3313 1499 παιδὸς
3333 1434 3500 1490 αὐτοῦ
3558 1436 3657 1488 τοῦ-

2106 1549 2204 1585 τον
2226 1531 2675 1601 οἰκοδομηθῆναι.
2713 1531 2909 1600 Ἀγιον
2958 1528 3016 1583 δὲ
3055 1529 3149 1583 καὶ
3191 1527 3548 1598 ἀγιαστήριον
3580 1526 3657 1578 τδν

2105 1623 2232 1677 ναὸν
2272 1621 2500 1677 ἐκάλεσε
2556 1623 2648 1676 καὶ
2679 1624 2737 1677 ὲν
2784 1620 2863 1691 τῷ
2893 1620 3114 1691 ῥηθέντι
3143 1618 3221 1690 τῷ
3240 1616 3320 1688 ογ¹
3341 1615 3560 1688 ψαλμῷ.
3584 1616 3656 1685 Τῷ

2107 1713 2270 1768 Δαόὶδ
2286 1713 2419 1768 δὲτὸ
2444 1713 2615 1776 πάθος
2639 1714 2760 1767 ὅλον
2775 1715 2802 1767 ὁ
2823 1713 2952 1775 λαὸς
2968 1729 3035 1764 πε
3045 1710 3289 1783 ριάπτει.
3341 1709 3657 1779 πειρώμενος

2107 1807 2321 1877 κάμψαι
2353 1807 2442 1859 τὸν
2470 1806 2602 1859 Θεὸν
2628 1807 2709 1869 είς
2743 1803 2926 1859 οἶκτον
2982 1804 3073 1859 διά
3102 1805 3201 1872 τὴν
3258 1802 3482 1857 ἐκείνων
3538 1817 3657 1878 συμ-

2107 1896 2361 1949 πάθειαν.

423 1986 593 2041 ctiam
652 1988 1197 2042 animadvertendum
1251 1991 1492 2052 videtur,
1568 1989 1708 2057 quod
1766 1989 2037 2057 Propheta
2100 1989 2195 2059 qui
2232 2006 2294 2045 ex
2333 1990 2540 2060 populi,
2580 1997 2636 2041 ut
2661 1987 2924 2052 diximus,
2959 1985 3203 2056 loquitur
3247 1998 3501 2053 persona,
3542 1982 3657 2037 uni-

424 2090 636 2129 versam
682 2076 824 2130 hanc
852 2078 1222 2132 calamitatem
1269 2077 1325 2131 in
1359 2079 1536 2146 ipsum
1571 2077 1749 2147 rejicit
1782 2078 1997 2130 beatum
2041 2077 2232 2144 David,
2270 2079 2504 2133 studens
2545 2079 2650 2132 boc
2688 2087 2847 2145 pacto
2880 2077 3049 2133 Deum
3087 2077 3259 2146 magis
3324 2076 3392 2131 ad
3466 2075 3655 2132 miseri-

425 2164 665 2223 cordiam
697 2168 936 2233 ﬂectere,
973 2170 1101 2224 dum
1146 2173 1401 2239 papulum
1460 2171 1635 2224 cernit
1670 2180 1818 2223 tanta
1865 2185 1992 2237 erga
2032 2170 2247 2225 beatum
2285 2172 2451 2223 David
2480 2172 2866 2235 conipassioue
2897 2170 3222 2241 permoveri.

402 2246 416 2260 ’
497 2259 657 2314 Vens.
689 2260 779 2313 Al.
806 2259 1131 2315 Destruxisti
1155 2279 1330 2317 omnes
1354 2279 1498 2332 sepes
1526 2264 1661 2331 ejus.
1689 2261 1793 2315 Per
1823 2276 2000 2331 sepes,

2185 2261 2470 2329 Καθεῖλες
2500 2262 2735 2328 πάντας
2767 2262 2906 2327 τοὺς
2945 2257 3257 2331 φραγμοὺς
3300 2258 3508 2313 αὐτοῦ.
3541 2258 3655 2328 Φρα-

427 2350 618 2421 templi
674 2367 862 2409 muros
908 2352 1189 2424 intelligit,
1240 2370 1339 2411 seu
1383 2354 1547 2410 etiam
1604 2354 1753 2424 ipsas
1804 2352 2006 2424 Moysis

424 2442 591 2511 lrch.

495 2532 725 2588 Posuisti
759 2536 1070 2592 munitiones
1121 2536 1236 2606 ejus
1269 2536 1633 2605 formidinem.
1685 2538 1761 2591 De
1803 2535 2006 2591 Jecbo-

424 2624 516 2678 nia
567 2626 822 2695 loquens,
878 2637 972 2682 aut
1028 2631 1096 2684 de
1152 2629 1402 2693 Sedecia,
1461 2644 1774 2684 sermonem
1825 2637 2007 2683 tamen

425 2729 586 2767 suum
642 2714 843 2769 format
891 2717 1154 2786 propheta
1190 2718 1347 2786 quasi
1383 2718 1451 2772 de
1502 2719 1685 2788 seipso
1744 2720 2004 2788 loquatur

430 2805 602 2860 David
649 2826 663 2861 :
698 2809 828 2876 quia
868 2809 1256 2876 calamitatem,
1290 2825 1396 2879 qua
1428 2811 1633 2880 posteri
1667 2811 1848 2865 obruti
1881 2810 2002 2865 lue-

427 2905 581 2961 runt,
631 2896 839 2951 illatam
881 2906 1098 2968 reputat
1141 2898 1499 2969 progenitori.
1544 2896 1876 2953 Munitiones
1906 2912 2003 2952 au-

424 2996 533 3043 tem
583 2996 692 3044 tam
738 2988 1016 3046 Jecltonite
1066 3006 1228 3061 quam
1278 2991 1518 3047 Sedecia:
1607 2992 1663 3046 in
1717 3006 2000 3047 murorum

424 3081 631 3136 ambitu
685 3090 884 3151 erant;
913 3098 1101 3138 verum
1135 3094 1366 3155 uterque
1396 3099 1585 3139 eorum
1619 3084 1686 3139 in.
1708 3085 1999 3155 captivita-

427 3181 534 3225 tem
567 3181 726 3229 actus
751 3181 859 3239 est,
883 3183 938 3229 et
965 3182 1237 3229 tantarum
1278 3176 1643 3231 munitionum
1677 3176 1822 3239 loco,
1854 3184 2004 3230 uter-

2103 2358 2234 2426 γμοὶ
2256 2356 2324 2409 τὰ
2346 2358 2498 2427 τείχη
2532 2357 2625 2410 καὶ
2653 2358 2702 2410 oi
2750 2358 2933 2427 νόμοι.

2190 2538 2368 2590 Ἔθου
2402 2536 2473 2590 τὰ
2513 2538 2869 2605 ὀχυρώματα
2913 2534 3103 2590 αὐτοῦ
3162 2532 3420 2586 δειλίαν.
3473 2528 3558 2583 Ἐν
3593 2527 3656 2597 τῷ

2120 2629 2350 2700 Ἰεχονίᾳ
2389 2629 2507 2693 νῦν,
2538 2629 2571 2699 ἢ
2607 2628 2684 2700 τῷ
2715 2628 2943 2699 Σεδεκία
2963 2629 3052 2681 τὸν
3088 2625 3253 2681 Δασὶδ
3280 2622 3557 2694 ὀνομάζει,
3592 2621 3655 2683 ὡς

2109 2722 2417 2789 ἀπογόνους
2451 2721 2643 2787 αὐτοῦ,
2673 2715 2747 2775 ὧν
2774 2721 3009 2774 ἑκάστου
3052 2717 3391 2791 ὀχυρώματα
3442 2710 3573 2786 ἦσαν
3612 2712 3653 2764 οί

2111 2812 2391 2883 περίϐολοι
2413 2814 2524 2866 τῶν
2555 2815 2772 2884 τειχῶν.
2829 2811 3115 2874 Ἐαλωκὼς
3144 2811 3189 2864 δ’
3222 2809 3503 2877 ἑκάτερος,
3553 2804 3655 2858 ἀντὶ

2109 2906 2219 2959 τῶν
2265 2908 2638 2978 ὀχυρωμάτων
2674 2906 2879 2960 τούτων
2906 2904 3111 2960 δειλίαν
3134 2902 3467 2973 περιέκειτο.
3497 2897 3655 2952 Ἐποί-

2108 3014 2252 3068 ησσις
2285 2997 2403 3065 νῦν,
2430 2999 2588 3069 φησὶ,
2614 3001 2743 3062 τοὺς
2802 2997 3127 3068 περιῦόλους
3182 2993 3379 3055 αὑτοῦ,
3427 2991 3542 3044 ἀντὶ
3578 2985 3655 3039 τοῦ

2109 3090 2262 3159 πρὶν,
2293 3091 2518 3146 δειλίαν.
2540 3091 2761 3162 Ταύτην
2813 3092 2922 3161 γὰρ
2971 3088 3047 3152 ὡς
3098 3085 3389 3155 περίόολον
3437 3079 3655 3151 περίκει-

2109 3198 2223 3237 ται.

423 3278 529 3332 que
549 3266 710 3320 etiam
737 3264 1032 3322 formidine
1060 3267 1165 3322 fuit
1188 3268 1588 3324 circumdatus.
1616 3268 1819 3325 Fecisti
1848 3284 1997 3336 eum,
2039 3271 2239 3343 inquit,
2276 3276 2605 3332 circumdari
2650 3274 2967 3340 formidine,
3024 3282 3189 3344 atque
3226 3287 3289 3326 ea
3362 3267 3521 3324 veluti
3586 3277 3656 3319 se-

421 3356 531 3426 ptis
565 3358 893 3427 quibusdam
932 3360 1148 3417 vallari.

493 3451 657 3508 Vens.
691 3452 783 3507 42.
817 3453 1159 3521 Diripuerunt
1184 3472 1301 3509 eum
1330 3472 1506 3511 omnes
1549 3463 1881 3510 transeuntes
1907 3472 2000 3525 per

422 3546 582 3599 uiam.
616 3546 775 3611 Eum,
819 3563 918 3615 pro
969 3546 1104 3616 Ejus
1155 3548 1395 3605 divitias.
1447 3548 1823 3604 Transeuntes
1869 3565 2001 3604 vero

2177 3453 2508 3524 Διήρπαζον
2532 3453 2720 3507 αὐτὸν
2752 3456 2805 3507 oi
2863 3451 3241 3516 διοδεύοντες
3271 3449 3433 3503 ὀδόν.
3465 3446 3651 3507 Αὐτὸν,

2107 3549 2225 3619 ἦτοι
2294 3548 2397 3599 Τὸν
2472 3545 2708 3598 πλοῦτον
2768 3544 2964 3597 Αὐτοῦ.
3030 3541 3375 3603 Διοδεύοντας
3429 3540 3482 3592 δὲ
3531 3538 3656 3603 λέγει

422 3654 520 3707 per
562 3639 700 3691 viam
749 3639 960 3693 vicinas
999 3640 1236 3708 appellat
1287 3649 1501 3710 gentes,
1536 3657 1657 3710 quae
1709 3641 1998 3695 transitum

2129 3640 2175 3693 πά
2211 3640 2428 3707 γείτονα
2457 3636 2607 3706 ἔθνη,
2646 3636 2714 3689 τὰ
2747 3635 2976 3706 πλησίον
3006 3633 3171 3687 αὑτοῦ
3208 3631 3545 3701 πεποιημένα
3571 3628 3654 3696 τὴν

423 3746 598 3802 prope
626 3747 750 3785 eum
790 3731 1087 3793 faciebant.
1110 3743 1164 3786 et
1189 3748 1327 3801 quas
1359 3732 1413 3785 in
1464 3734 1673 3802 psalmo
1701 3749 1869 3787 usis
1903 3749 2001 3804 ap-

420 3823 668 3893 pellavit,
703 3823 1200 3894 Prwtergredientes
1227 3826 1389 3879 uiam.

496 3911 702 3966 Factus
733 3923 808 3967 est
835 3914 1174 3982 opprobrium
1201 3914 1381 3967 uicinis
1410 3916 1541 3970 suis.
1573 3913 1670 3968 llic
1699 3914 2004 3969 versiculus

420 4006 583 4060 etiam
616 4005 845 4060 habetur
879 4009 945 4058 in.
967 4006 1180 4075 psalmo
1220 4022 1453 4071 Lxxvm,
1482 4023 1548 4061 eo
1598 4017 1827 4076 excepto
1853 4009 2001 4077 quod

428 4097 543 4151 illic
569 4097 806 4165 papulas
836 4096 1034 4165 plurali
1066 4098 1240 4152 utitur
1267 4113 1544 4154 sermone.

493 4186 659 4242 Vens.
694 4189 783 4242 4⁷5.
818 4186 1087 4241 Exultain
1138 4192 1404 4243 dexteram
1442 4193 1819 4244 contereutium
1859 4207 2005 4244 eum.

421 4276 538 4332 lloc
565 4285 671 4341 est,
706 4279 1024 4347 superiores
1072 4280 1121 4335 ei
1177 4280 1358 4334 fecisti
1411 4282 1758 4353 Babylonios.
1810 4282 2001 4336 Solent

421 4369 568 4424 enim
612 4371 705 4439 qui
765 4372 1002 4427 victores
1040 4381 1168 4427 sunt
1211 4373 1264 4428 in
1316 4373 1481 4440 bello,
1516 4375 1781 4429 extollere
1809 4389 2004 4429 manus

420 4477 591 4533 supra
615 4464 814 4529 victos,
850 4473 1018 4537 atque
1044 4467 1152 4520 hoc
1193 4476 1355 4534 pacto
1386 4481 1480 4521 eos
1508 4467 1735 4522 caedere.

498 4638 818 4709 Lwtiﬁcasti
852 4656 1028 4696 omnes
1057 4642 1297 4697 inimicos
1327 4646 1463 4712 ejus.
1513 4641 1735 4698 Vlcinas
1793 4642 2006 4699 scilicet

415 4740 624 4801 gentes,
661 4744 719 4786 ut
756 4736 809 4786 in
842 4748 984 4802 saepe
1009 4734 1156 4788 dicto
1183 4735 1398 4803 psalmo
1434 4750 1641 4788 Lxxvm
1673 4734 1938 4789 diximus.

486 4841 655 4896 Vens.
692 4842 783 4897 44.
814 4845 1063 4897 Avertisti
1094 4843 1422 4913 adjutorium
1454 4846 1623 4915 gladii
1671 4846 1810 4917 ejus.
1844 4846 2002 4913 Quod

413 4935 470 4990 in
504 4951 683 5007 pugna
713 4937 761 4991 ei
794 4944 1056 5005 praestare
1083 4937 1330 4993 solebas.

487 5049 553 5103 Et
593 5068 696 5105 non
724 5068 777 5106 es
811 5051 1106 5105 auxiliatur
1136 5054 1183 5104 ei
1238 5053 1291 5105 in
1348 5053 1507 5108 bello.
1567 5055 1726 5120 Quod
1785 5056 2006 5110 scilicet

414 5138 680 5196 adversus
709 5141 1036 5211 Babylonios
1064 5150 1276 5212 gestum
1302 5156 1407 5198 est.

488 5254 650 5310 Vens.
673 5254 762 5311 45.
794 5255 1045 5311 Desivisti
1077 5258 1140 5311 ab
1170 5258 1550 5313 emundatione
1590 5259 1729 5328 ejus.
1773 5259 2009 5316 Cessare

414 5362 540 5400 eum
574 5347 749 5402 fecisti
796 5362 824 5401 a
859 5360 1122 5405 consueta
1178 5352 1519 5422 purgatione.
1576 5352 2007 5422 Aspersionibus

415 5437 561 5493 enim
628 5437 924 5494 utebantur
993 5449 1047 5495 et
1097 5441 1486 5511 puriﬁcatoriis
1529 5441 1740 5511 Judaei,
1790 5444 2008 5514 quando

415 5528 787 5584 celebritatem
854 5540 949 5585 aut
977 5530 1328 5588 festivitatem
1362 5534 1602 5604 aliquam
1652 5534 2005 5605 peragebant.

415 5618 462 5672 A
501 5618 833 5687 praecedenti
877 5620 1046 5690 igitur
1084 5621 1323 5690 signavit
1357 5623 1411 5678 id
1436 5621 1587 5693 quod
1620 5623 2004 5692 consequitur,

418 5724 482 5763 ac
535 5711 578 5762 si
621 5710 873 5766 diceret:
927 5711 1131 5769 Omnes
1181 5713 1328 5769 illius
1388 5715 1718 5771 festivitates
1778 5730 2007 5786 prorsus

434 5800 651 5854 delcsli.

493 5912 557 5966 Et
587 5915 831 5970 thronum
884 5916 999 5970 eius
1057 5916 1112 5970 in
1172 5924 1316 5972 terra
1368 5920 1697 5992 confregisti.
1749 5919 1995 5991 Regnum

2109 3735 2303 3799 δίοδον,
2331 3733 2367 3788 θ.
2412 3734 2502 3788 καὶ
2565 3735 2623 3785 ὲν
2666 3732 2744 3801 τῷ
2787 3729 2861 3784 00'
2897 3728 3101 3801 ψαλμῷ
3126 3726 3657 3799 παραπορευομέειους

2105 3827 2417 3896 ὠνόμασεν.

2186 3917 2469 3987 Ἐγενήθη
2518 3914 2750 3980 ὄνειδος
2797 3914 2922 3980 τοῖς
2954 3914 3226 3983 γείτοσιν
3265 3910 3469 3965 αὐτοῦ.
3503 3900 3654 3966 Οὗτος

2104 4014 2133 4065 ὁ
2162 4013 2345 4081 στίχος
2374 4009 2470 4063 καὶ
2505 4010 2563 4060 ὲν
2590 4008 2668 4079 τῷ
2693 4015 2772 4078 οη¹
2797 4006 3001 4077 ψαλμῷ
3074 4007 3257 4060 κεῖται
3279 4020 3294 4035 ·
3339 3994 3657 4072 πληθυντικῷ

2104 4106 2162 4158 δὲ
2200 4108 2382 4157 ἐκεῖσε
2408 4101 2725 4173 χαρακτῆρι
2754 4099 3148 4168 ὲκπεφώνηται
3180 4139 3195 4154 .

2177 4198 2466 4264 ’Υψωσας
2520 4193 2637 4261 τὴν
2686 4191 2895 4256 δεξιὰν
2942 4190 3059 4245 τῶν
3108 4189 3435 4244 θλιϐόντων
3476 4184 3656 4238 αὐτόν.

2122 4288 2270 4341 Ἀντὶ
2318 4284 2435 4351 τοῦ,
2498 4283 2870 4353 ’Υπερτέρους
2913 4282 3042 4345 τοὺς
3097 4279 3472 4340 Βαϐυλωνίους
3529 4272 3658 4327 ἐποί-

2105 4397 2265 4451 ησας.
2294 4380 2356 4431 Οἱ
2401 4377 2509 4447 γὰρ
2531 4375 2793 4437 νικῶντες
2848 4375 2907 4426 ἐν
2966 4371 3211 4441 πολέμῳ,
3271 4368 3524 4440 ὑπεράνω
3563 4362 3658 4414 τῶν

2105 4472 2424 4540 νικωμένων
2458 4467 2557 4532 τάς
2598 4464 2812 4520 ἑαυτῶν
2838 4465 3031 4535 χεῖρας
3050 4461 3455 4525 ἀνατείνοντες,
3491 4454 3659 4508 παίου-

2108 4579 2216 4617 σιν.

2178 4654 2499 4720 Εὕφρανας
2538 4648 2770 4716 πάντας
2811 4646 2957 4714 τοὺς
3016 4645 3277 4715 ἐχθροὺς
3330 4640 3528 4697 αὑτοῦ.
3589 4637 3662 4689 τὰ

2105 4746 2325 4816 γείτονα
2356 4745 2505 4816 ἔθνη,
2536 4743 2610 4808 ὡς
2636 4744 2694 4797 ὲν
2720 4741 2799 4814 τῷ
2825 4738 2904 4811 οη¹
2926 4738 3129 4811 ψαλμῷ
3156 4740 3501 4809 προείρηται.

2190 4857 2605 4926 Ἀπέστρεψας
2665 4853 2782 4922 τὴν
2848 4851 3147 4920 ,ϐοήθειαν
3197 4847 3312 4917 τῆς
3378 4844 3660 4916 ῥομφαίας

2106 4950 2317 5006 αὑτοῦ.
2354 4951 2457 5003 Ἦν
2494 4947 2742 5014 συνήθως
2760 4947 2818 4997 ὲν
2852 4946 3055 5016 μάχαις
3103 4939 3254 5011 αὐτῷ
3291 4942 3564 5010 παρεῖχες.

2180 5065 2289 5121 Καὶ
2313 5066 2424 5118 οὐκ
2453 5060 2791 5117 ἀντελάϐου
2826 5060 3016 5114 αὐτὸν
3044 5057 3114 5111 ἐν
3136 5054 3217 5121 τῷ
3274 5055 3525 5124 πολέμῳ.
3581 5046 3663 5118 Τῷ

2109 5157 2246 5230 πρὸς
2272 5154 2683 5220 Βαϐυλωνίους.

2182 5266 2536 5331 Κατέλυσας
2564 5262 2684 5318 ἀπὸ
2715 5260 3094 5333 καθαρισμοῦ
3133 5260 3351 5315 αὐτοῦ.
3386 5255 3662 5312 Κατέπαυ-

2113 5375 2211 5421 σας
2260 5357 2425 5410 αὐτὸν
2468 5356 2575 5409 ἀπὸ
2616 5355 2710 5408 τοῦ
2740 5355 3010 5425 συνήθους
3057 5352 3427 5424 καθαρισμοῦ.
3480 5347 3661 5417 Περιρο

2114 5448 2430 5522 ραντηρίοις
2471 5447 2581 5518 γάρ
2649 5446 2890 5517 ἐχρῶντο
2947 5446 3043 5499 καὶ
3103 5444 3424 5515 καθαρσίοις
3466 5443 3517 5493 ὲν
3551 5436 3661 5496 ταῖς

2111 5544 2350 5613 ἑορταῖς.
2385 5541 2485 5594 Διὰ
2510 5540 2567 5594 δὲ
2594 5538 2691 5592 τοῦ
2738 5539 3106 5609 προκειμένου
3150 5537 3213 5590 τὸ
3246 5536 3501 5606 ἑπόμενον
3527 5528 3659 5598 ἐδή-

2111 5636 2287 5690 λωσεν
2311 5650 2326 5666 ·
2359 5634 2443 5688 ὅτι
2479 5632 2715 5696 Ἀνεῖλες
2766 5631 2866 5696 τὰς
2909 5632 3103 5701 ἑορτάς
3148 5628 3338 5683 αὐτοῦ.

2182 5920 2290 5973 Τὸν
2326 5920 2543 5987 θρόνον
2584 5917 2771 5973 αὐτοῦ
2818 5920 2900 5984 εις
2955 5916 3069 5986 τὴν
3125 5916 3244 5986 γῆν
3292 5906 3656 5981 κατέῤῥαξας·
