3862 6538
189 570 296 634 925

1357 550 1747 641 connsnr.
1793 551 1874 609 IN
1908 548 2266 609 ussuros.

3337 534 3448 597 926

189 686 299 753 Τἓχν
330 676 609 751 βασιλείαν
644 674 813 729 αὑτοῦ
848 670 1223 745 ἀναστρέψας.
1260 665 1651 738 Μεταφορικὸς
1701 663 1756 716 δὲ

1890 664 1981 733 jus
2025 661 2189 714 etiam
2242 654 2511 712 evertisti.
2571 653 2669 709 Est
2723 651 2868 708 enim
2916 664 3101 709 sermo
3155 648 3449 719 metapho-

193 781 218 831 ὀ
248 779 427 842 λόγος.

268 865 672 936 Ἐσμίκρυνας
695 860 798 926 τὰς
853 857 1083 928 ἡμέρας
1127 854 1235 910 τοῦ
1277 853 1496 923 θρόνου
1548 848 1755 904 αὑτοῦ.

185 963 385 1031 Χρόνον
420 958 570 1024 λέγει
597 954 689 1007 τὸν
732 949 1146 1020 ὲπαγγελθέντα
1208 947 1288 1019 τῷ
1338 943 1616 1015 σπέρματι
1662 938 1756 993 τοῦ

186 1053 366 1117 Δαδίδ,
396 1049 490 1103 τὸν
518 1050 599 1110 εἰς
631 1046 723 1099 τὸν
751 1044 924 1098 αἰῶνα
960 1042 1159 1104 αἰῶνος
1178 1078 1194 1094 .
1234 1039 1642 1108 Ἐσμίκρυνας
1675 1032 1754 1097 δὲ,

186 1145 305 1198 ἀντὶ
332 1140 449 1210 τθῦ,
488 1140 816 1207 Συνέτεμες,
867 1135 1080 1207 μακρὸν
1126 1131 1519 1203 ὑποσχεθέντα.

250 1318 554 1387 Κατέχεας
608 1313 771 1381 αὺτῷ
820 1313 1149 1383 αἰσχύνην.
1218 1312 1284 1364 Ai
1344 1312 1455 1378 γὰρ
1500 1303 1756 1377 αἱσχύναι

181 1414 288 1466 τῶν
322 1412 608 1478 ἀπογόνων
668 1407 928 1479 αἰσχύναν.
987 1405 1082 1459 τοῦ
1151 1403 1425 1475 προγόνου
1478 1399 1755 1454 δοκοῦσιν.

193 1504 577 1576 ᾘσχὺνθησαν
602 1502 713 1573 γὰρ
748 1495 1334 1570 ἐξανδραποδισθέντες
1369 1493 1465 1549 καὶ
1493 1492 1758 1552 παθόντες

182 1599 246 1649 τὰ
272 1597 601 1667 ἀτιμότατα.

247 1780 407 1847 Ἕως
425 1780 594 1846 πότε,
611 1779 806 1848 Κύριε,
824 1778 1177 1846 ἀποστρέφῃ
1205 1778 1292 1841 είς
1313 1775 1487 1840 τέλος
1502 1790 1520 1838 ;
1538 1775 1757 1827 ἐκκαυ-

180 1874 426 1943 θήσεται
445 1873 525 1938 ὠς
542 1872 664 1940 πῦρ
686 1872 725 1940 ἠ
752 1870 897 1940 ὀργή
926 1887 1079 1935 σου;
1109 1868 1294 1949 Ταῦτα
1322 1868 1535 1922 ἐοίκασι
1556 1869 1670 1929 τοῖς
1700 1867 1756 1918 ἐν

180 1964 252 2036 τῷ
267 1962 347 2036 οη¹
368 1964 589 2035 ψαλμῷ.
613 1962 845 2034 Εἴρηται
864 1962 974 2033 γὰρ
994 1962 1175 2015 κάκεῖ
1199 1959 1352 2025 Ἕως
1371 1961 1455 2013 πό
1461 1976 1543 2021 τε,
1558 1958 1753 2026 Κύριε,

1871 772 2042 810 ιἰουε.

1940 846 2107 902 Vens.
2134 845 2224 902 46.
2258 843 2311 896 Μ
2321 841 2548 897 inorasti
2581 839 2690 893 dies
2741 837 2988 907 temporis
3032 836 3168 902 ejus.
3204 833 3444 902 Tempus

1868 939 2123 1009 intelligit
2154 936 2482 1008 promissum
2518 929 2714 988 semini
2769 926 2939 983 David
2965 968 2979 993 ,
3038 926 3183 996 quod
3231 925 3446 981 scilicet

1867 1034 2112 1088 futurum
2139 1046 2262 1086 esse
2290 1029 2504 1083 dixerat
2534 1025 2590 1079 in
2644 1021 2910 1078 suculam
2957 1019 3163 1075 surculi.
3199 1016 3442 1072 Minuisti

1866 1135 2047 1180 autem
2079 1123 2236 1188 illud,
2272 1122 2378 1176 hoc
2413 1127 2497 1175 est
2528 1116 2843 1181 concidisti,
2888 1113 3106 1169 tametsi
3129 1111 3444 1166 diuturnius

1868 1219 1920 1273 id
1959 1217 2077 1271 fore
2114 1214 2475 1286 promiseras.

1939 1308 2235 1379 Perfudisti
2268 1324 2386 1361 eum
2422 1303 2750 1375 confusione.
2783 1299 2858 1355 Ea
2891 1311 3129 1365 namque
3174 1310 3296 1366 quae
3347 1310 3444 1364 po-

1866 1402 2030 1459 steris
2060 1401 2263 1470 probro
2312 1406 2480 1462 sunt,
2529 1395 2664 1466 ipsis
2721 1407 2943 1463 quoque
3001 1384 3441 1459 progenitoribus

1868 1499 2124 1552 videntur
2192 1491 2548 1563 ignominiam
2598 1486 2882 1557 inﬂigere;
2916 1482 3214 1556 ignominia
3256 1488 3440 1533 autem

1866 1593 2048 1648 ali'ecti
2083 1598 2214 1647 sunt
2241 1588 2311 1643 ob
2352 1584 2746 1654 captivitatem,
2781 1589 2835 1635 et
2862 1580 2933 1635 ob
2967 1578 3135 1633 multa
3193 1575 3298 1629 alia
3348 1573 3443 1627 dc-

1867 1687 2067 1740 decora
2094 1697 2216 1755 quae
2247 1679 2393 1753 passi
2425 1686 2580 1734 sunt.

1938 1776 2105 1832 Vens.
2137 1778 2227 1831 4⁸1.
2263 1773 2558 1843 Usquequo,
2591 1767 2837 1830 Domine,
2873 1764 3123 1818 averteris
3150 1761 3204 1813 in
3226 1760 3385 1830 ﬁnem
3421 1760 3446 1813 ?

1866 1872 2171 1927 exardescet
2204 1871 2339 1922 sicut
2370 1867 2502 1937 ignis
2529 1866 2616 1918 ira
2649 1872 2739 1915 tua
2764 1858 2930 1933 ΞΗωο
2948 1858 3107 1913 verba
3142 1855 3211 1911 iis
3242 1852 3444 1909 similia

1870 1970 2020 2027 sunt,
2051 1976 2175 2030 qua:
2202 1959 2475 2014 habentur
2511 1956 2565 2008 in
2596 1955 2804 2023 psalmo
2822 1964 3054 2014 Lxxvtn,
3085 1948 3157 2002 ibi
3194 1965 3207 2000 :
3247 1944 3447 2015 Usque-

181 2023 512 2126 ὀργισάήσξ]
534 2023 621 2123 ὲις
649 2023 828 2122 τέλος
846 2023 1340 2119 ίένὶκιιυθήσεταί
1359 2052 1438 2118 ὡς
1461 2050 1580 2119 πῦρ
1607 2023 1654 2103 όν
1671 2047 1762 2118 ζῆ-

1889 2072 1965 2109 ιιιο
1991 2093 2005 2117 ,
2039 2052 2262 2106 Domine
2290 2090 2304 2113 ,
2336 2047 2584 2103 irasceris
2630 2046 2684 2098 in
2711 2042 2913 2114 ﬁnem?
2951 2039 3262 2095 exardescet
3309 2034 3447 2090 velut

180 2150 289 2215 Jdc
320 2156 442 2203 σου
465 2164 484 2211 ,'

244 2241 565 2308 Μνήσθητι
593 2241 687 2307 τίς
706 2258 827 2310 μου
846 2239 883 2306 ἠ
910 2239 1275 2307 ὑπόστασις.
1299 2234 1587 2307 Μνήσθητι
1617 2234 1761 2288 διατι

181 2335 443 2405 ὑπέστην,
476 2334 655 2387 εἰτουν
684 2332 966 2401 ὲπλάσθην
987 2349 1002 2363 ·
1035 2334 1251 2395 πάντως
1284 2331 1373 2387 ἵνα
1403 2330 1512 2397 ζῶν
1547 2328 1760 2397 δοξάζω

180 2430 243 2481 τὰ
295 2428 564 2495 μεγαλεῖα
634 2445 748 2482 σου.
771 2426 870 2480 Διὰ
896 2425 1056 2481 τοῦτο
1086 2423 1255 2499 ῥῦσαί
1285 2441 1354 2496 με
1374 2423 1471 2477 τοῦ
1504 2421 1759 2477 θανάτου’

181 2522 239 2573 οὐ
270 2521 387 2590 γὰρ
415 2523 468 2575 οἱ
492 2520 678 2590 νεκροὶ
708 2518 990 2573 αἰνέσουσί
1026 2535 1110 2587 σε,
1143 2517 1343 2588 Κύριε.

246 2791 345 2856 Μὴ
373 2790 485 2857 γὰρ
504 2789 769 2857 ματαίως
813 2787 1065 2852 ἔκτισας
1103 2786 1339 2851 πάντας
1401 2786 1549 2851 τοὺς
1595 2784 1768 2849 υιοὺς

180 2879 296 2935 τῶν
340 2881 691 2949 ἀνθρώπων.
717 2880 834 2932 Οὐκ
868 2879 990 2947 εἰκῇ
1019 2878 1120 2930 καὶ
1150 2877 1332 2949 μάτην
1387 2877 1629 2939 ἔπλασας
1674 2876 1769 2928 τὸν

184 2974 499 3044 ἄνθρωπον,
536 2972 627 3024 ἴνα
658 2971 815 3040 δίκην
842 2970 1119 3039 ἀχρήστου
1161 2970 1253 3023 καὶ
1286 2967 1545 3039 περιττοῦ
1597 2984 1767 3033 τινος,

181 3068 251 3132 ὡς
280 3068 470 3137 ἔτυχε,
501 3064 926 3134 παραπολεῖται,
960 3063 1078 3118 ἀλλ’
1104 3061 1273 3116 εἰκόνι
1298 3078 1392 3114 σου
1430 3060 1620 3113 τοῦτον
1661 3058 1771 3110 ἐτί-

186 3176 396 3229 μησας,
428 3159 527 3211 καὶ
550 3160 726 3226 μέγαν
755 3159 855 3211 καὶ
896 3157 1079 3233 τίμιον
1100 3154 1390 3226 ἐποίησας.
1424 3153 1519 3206 Διὸ
1552 3151 1630 3222 μὴ
1662 3166 1771 3203 πα-

184 3252 335 3323 ρίδῃς
364 3252 515 3320 ἡμᾶς
546 3249 748 3312 ἀθλίως
794 3247 1239 3318 ἀπολλυμένους..
1282 3314 1289 3317 _

252 3321 359 3408 Τίς
386 3342 561 3396 ἐστιν
578 3341 912 3408 ἄνθρωπος,
933 3340 1000 3407 ὃς
1020 3338 1259 3407 ζήσεται
1286 3321 1401 3393 πάϊ
1427 3340 1539 3392 οὐκ
1563 3337 1769 3406 ὄψεται
1802 3360 1849 3418 c

183 3432 496 3496 mirator;
536 3432 793 3497 ῥύσεται
814 3430 929 3498 τὴν
961 3429 1175 3499 ψυχὴν
1213 3427 1401 3483 αὑτοῦ
1447 3428 1515 3480 ἐκ
1574 3426 1787 3495 χειρὸς

184 3526 334 3593 ᾅδου
361 3542 380 3589 ;
412 3525 486 3577 Τὸ
514 3524 609 3590 Τίς
647 3522 773 3578 ἀντὶ
803 3523 897 3576 τοῦ
926 3521 1103 3583 οὐδείς
1130 3539 1144 3553 ο
1191 3519 1514 3586 ἐξακούεται
1577 3518 1635 3571 δὲ
1678 3517 1775 3570 καὶ

185 3616 274 3668 ἐπὶ
303 3613 571 3683 δευτέρου
625 3611 833 3683 στίχου,
880 3611 975 3666 τοῦ
1006 3613 1281 3675 ὁτισεται.
1335 3611 1511 3681 Χεῖρα
1560 3609 1617 3662 δὲ
1646 3607 1774 3680 ᾅδου

184 3708 335 3776 λέγει
390 3706 488 3776 τὴν
556 3705 910 3776 κατάσχεσιν,
967 3703 1069 3775 τὴν
1104 3704 1417 3775 τυραννίδα.
1466 3704 1626 3776 ζΕπεὶ
1678 3702 1777 3755 καὶ

188 3768 537 3865 ἀναγκαίως,
598 3768 788 3866 φησιν,
829 3768 1130 3850 ἀποθανεῖν
1175 3768 1486 3867 ⁷μεέλὶομενξ
1533 3795 1610 3859 ὡς
1643 3795 1775 3866 θνη-

190 3890 288 3959 τὴν
319 3889 593 3959 λαχόντες
625 3888 812 3958 φύσιν,
841 3888 1011 3953 ζῶσιν
1040 3890 1173 3959 ἡμῖν
1207 3888 1435 3950 μετάδος
1465 3886 1779 3958 φιλανθρω-

193 4001 353 4049 πιας.

259 4253 393 4311 Ποῦ
427 4256 547 4309 εἱσι
593 4252 664 4307 τὰ
707 4251 849 4321 ὲλέη
903 4267 1022 4306 σου
1061 4252 1133 4306 τὰ
1182 4251 1425 4321 ἀρχαῖα,
1471 4252 1670 4320 Κύριε,
1744 4255 1784 4308 ἀ

192 4348 442 4417 ὤμοσας
464 4345 546 4412 τῷ
578 4345 758 4400 Δαϐὶδ
784 4346 855 4400 ἐν
878 4345 955 4415 τῇ
983 4346 1234 4413 ἀληθείᾳ
1265 4362 1406 4412 σου;
1449 4347 1605 4416 Ἐλέη
1630 4347 1787 4401 καλεί

191 4442 293 4505 τὰς
334 4438 678 4507 ἐπαγγελίας
716 4438 817 4500 τὰς
871 4438 1003 4509 περὶ
1046 4437 1141 4490 τοῦ
1175 4438 1491 4508 σπέρματος
1535 4439 1630 4492 καὶ
1685 4439 1784 4510 τῆς

197 4530 492 4601 βασιλείας
525 4529 693 4582 Δαϐίδ
713 4545 727 4562 ·
765 4528 998 4601 ἐλεήσας
1028 4527 1138 4598 γὰρ
1163 4530 1191 4580 ὁ
1220 4528 1355 4591 Θεὸς
1390 4530 1519 4592 τοὺς
1574 4528 1788 4600 ἀνθρώ-

194 4640 358 4686 πους,
420 4619 624 4683 ταύτας
658 4620 948 4690 ὑπέσχετο.
1001 4618 1237 4691 Ἀρχαῖα
1283 4618 1342 4670 δὲ
1380 4618 1518 4688 πρὸς
1554 4619 1644 4673 τὸν
1672 4620 1787 4672 ἱκε-

1864 2149 2001 2221 ignis
2032 2147 2174 2200 zelus
2208 2144 2376 2198 tuus?

1940 2237 2104 2290 Vens.
2130 2234 2219 2290 48.
2245 2234 2446 2288 Memor
2475 2238 2583 2285 esto
2608 2270 2623 2293 ,
2656 2242 2773 2299 qua:
2795 2240 2911 2279 mea
2937 2219 3303 2279 subsistentia.
3339 2215 3449 2270 Mc-

1867 2341 2049 2386 mento
2077 2342 2249 2397 quarc
2293 2339 2393 2394 ego
2435 2319 2782 2379 substiterim
2813 2359 2828 2383 ,
2867 2318 2972 2370 hoc
3010 2323 3095 2369 est
3119 2352 3132 2377 ,
3191 2327 3292 2366 cur
3333 2310 3446 2379 pla-

1867 2428 2077 2475 smatus
2104 2417 2321 2473 fuerim.
2346 2415 2420 2469 Ea
2449 2423 2629 2468 autem
2652 2425 2899 2482 prorsus,
2918 2407 3074 2470 dicit,
3101 2419 3268 2460 causa
3291 2417 3448 2456 crea-

1868 2520 1958 2566 tus
1984 2525 2102 2566 sum
2135 2518 2193 2563 nt
2225 2509 2410 2563 vivens
2442 2505 2717 2576 magnalia
2746 2513 2842 2559 tua
2868 2500 3256 2573 glorilicarem.
3284 2494 3448 2562 Eripe

1868 2602 2058 2674 igitur,
2088 2615 2277 2670 quaaso
2306 2644 2319 2663 ,
2355 2613 2497 2653 mea
2540 2609 2760 2663 morte;
2815 2608 2991 2665 neque
3041 2593 3190 2646 enim
3232 2585 3445 2642 ‘mortui

1868 2694 2173 2749 laudabunt
2212 2700 2288 2757 te,
2325 2691 2573 2746 Domine.
3002 2686 3017 2699 ‘

1944 2781 2066 2837 Non
2100 2782 2239 2837 enim
2265 2797 2393 2835 uarie
2415 2778 2612 2833 creasti
2642 2792 2818 2832 omnes
2844 2774 2983 2844 ﬁlios
3015 2771 3307 2827 hominum.
3329 2767 3449 2823 Non

1871 2877 2077 2932 frustra
2128 2889 2230 2930 nec
2276 2873 2397 2929 sine
2444 2885 2615 2927 causa
2667 2870 2946 2925 hominem
2996 2861 3327 2936 plasmasti,
3391 2866 3453 2913 ut

1873 2970 2086 3024 inutilis
2132 2981 2197 3021 ac
2231 2964 2520 3035 superﬂuae
2570 2961 2881 3031 cuiuspiam
2911 2958 3011 3014 -rei
3057 2957 3235 3013 instar
3275 2953 3452 3024 perire

1873 3061 2110 3125 debeat;
2168 3058 2420 3128 quinimo
2473 3054 2712 3118 imagine
2762 3051 2914 3106 illum
2969 3058 3063 3104 tua
3127 3044 3453 3108 honorasti,

1876 3165 2245 3221 magnumque
2285 3158 2341 3202 et
2398 3144 2779 3200 bonorabilem
2833 3140 3030 3196 fecisti.
3077 3137 3156 3195 Ne
3184 3137 3457 3207 despicias

1877 3245 2047 3315 igitur
2077 3258 2180 3298 nos
2210 3243 2411 3296 misere
2445 3246 2763 3309 pereuntes.

1948 3336 2115 3391 Vens.
2143 3331 2232 3387 49.
2261 3331 2387 3396 Quis
2409 3338 2486 3384 est
2522 3326 2699 3390 homo,
2736 3324 2828 3395 qui
2855 3324 2987 3377 vivet
3013 3364 3030 3388 ,
3056 3329 3107 3375 et
3137 3335 3244 3375 non
3265 3316 3457 3372 videbit

1877 3431 2140 3486 mortem?
2172 3435 2316 3481 erue:
2359 3438 2575 3499 manum
2608 3434 2759 3475 suout
2792 3419 2856 3471 de
2897 3430 3059 3469 manu
3103 3409 3344 3481 inferni?
3390 3439 3461 3453 —-

1879 3523 2009 3592 Quis
2042 3522 2226 3591 posuit
2258 3532 2361 3587 pro
2388 3516 2593 3578 nullus,
2627 3520 2682 3568 et
2710 3506 3095 3566 subandiemla
3132 3510 3221 3559 est
3266 3499 3459 3555 eadem

1878 3588 2069 3674 dictio.
2103 3611 2159 3664 in
2198 3604 2443 3664 secundo
2508 3601 2804 3667 versiculo,
2864 3613 2927 3651 ac
2996 3596 3041 3652 si
3087 3595 3338 3650 diceret:
3393 3588 3462 3643 Et

1878 3708 2003 3778 quis
2037 3713 2143 3768 est,
2172 3701 2263 3771 qui
2294 3706 2469 3763 eruet,
2502 3705 2607 3751 etc.
2637 3696 2739 3750 Per
2775 3690 2975 3747 inferni
3030 3703 3161 3742 vero
3214 3696 3464 3745 manum,

1881 3776 2292 3871 possessionem
2349 3800 2402 3846 et
2438 3787 2781 3861 tyrannidem
2822 3784 3017 3837 mortis
3072 3776 3367 3846 intelligit;
3409 3781 3465 3828 et

1881 3891 2139 3963 quoniam
2171 3884 2483 3941 necessario
2518 3881 2759 3935 futurum
2787 3888 2910 3941 est,
2938 3883 2996 3930 ut
3023 3872 3328 3929 moriamur
3351 3910 3366 3934 ,
3396 3882 3465 3921 eo

1885 3979 2344 4053 qund'mortalcm
2378 3977 2646 4029 habemus
2681 3978 2966 4031 naturam,
3007 3973 3312 4035 opportune
3339 3973 3465 4030 par-

1885 4073 2100 4144 ticipari
2136 4072 2240 4125 sibi
2279 4078 2433 4138 optat
2459 4065 2553 4119 Dei
2606 4060 3042 4118 misericordiam
3100 4057 3156 4111 in
3211 4048 3465 4124 prasenti

1885 4170 2015 4231 vita,
2044 4166 2233 4240 dicens
2265 4181 2277 4215 :

1959 4259 2126 4312 Vens.
2167 4258 2258 4311 50.
2310 4253 2410 4308 Ubi
2453 4259 2577 4304 sunt
2620 4244 3000 4302 misericordia
3037 4251 3143 4295 ture
3184 4239 3422 4309 antiqua:
3451 4275 3469 4301 ,

1887 4350 2132 4410 Domine,
2162 4362 2294 4417 quas
2332 4341 2527 4412 iurasti
2562 4336 2732 4391 David
2778 4338 2835 4389 in
2886 4334 3110 4387 veritate
3174 4330 3304 4383 tua?
3369 4327 3473 4381 Per

1850 4442 1855 4446 ’
1893 4440 2328 4501 misericordias,
2361 4435 2757 4505 promissiones
2783 4426 3035 4496 intelligit
3089 4439 3118 4477 a
3151 4423 3261 4477 Deo
3299 4420 3475 4475 factas

1894 4534 1961 4588 de
1986 4531 2197 4586 semine
2227 4526 2382 4581 etde
2424 4539 2590 4593 regno
2633 4517 2828 4573 David.
2876 4517 3103 4572 Summa
3148 4512 3294 4567 enim
3345 4524 3476 4579 erga

1893 4625 2151 4680 homines
2180 4614 2559 4675 misericordia
2594 4623 2774 4667 motus
2814 4610 2994 4665 fuerat
3026 4606 3169 4662 Deus
3194 4643 3210 4670 ,
3262 4610 3322 4657 ut
3377 4601 3479 4654 hu-

197 4716 457 4775 τεὺοντα,
510 4712 672 4766 λαόν·
703 4704 766 4764 οὖ
828 4710 1046 4773 πολλοῖς
1109 4710 1256 4764 ἔτεσι
1292 4710 1770 4782 προγενέστερος(

1896 4714 2142 4789 jusmodi
2171 4711 2572 4784 promissiones
2602 4706 2828 4761 faceret.
2859 4704 3128 4773 Antiqnas
3166 4705 3348 4754 autem
3379 4696 3481 4749 has

197 4806 371 4859 Δαὸίδ
393 4823 409 4837 ο
450 4805 523 4856 Ἥ
546 4805 791 4894 ⁸ἀρχαία,
809 4804 943 4857 διότι
965 4803 1070 4875 πρὸ
1084 4804 1195 4857 τῶν
1222 4802 1436 4857 αἰώνων
1463 4801 1770 4875 ὡρίσθησαι

1900 4788 2297 4881 promissiones
2325 4805 2599 4858 ideo‘esse
2622 4799 2779 4864 dicit,
2811 4796 2954 4868 quod
2986 4789 3322 4864 supplicanti
3348 4788 3480 4841 olim

200 4899 279 4970 τῷ
310 4897 435 4969 Θεῷ
457 4915 471 4931 ’
502 4887 636 4969 (prio!
661 4898 771 4969 γὰρ
805 4896 1051 4960 Παῦλοςο
1089 4896 1161 4951 Τὸ
1184 4894 1526 4964 μυστήριον
1555 4897 1621 4949 τὸ
1639 4896 1770 4951 ἀπο·

1899 4880 2101 4974 populo
2122 4900 2280 4956 facta;
2296 4897 2514 4953 {iterant
2539 4917 2550 4950 :
2583 4908 2693 4967 quo
2715 4892 2919 4964 populo
2943 4890 3136 4946 beatus
3159 4884 3321 4939 David
3345 4880 3484 4974 tnui-

202 4968 630 5061 κεκρυμμένον
667 4968 782 5058 πρὸ
815 4988 937 5043 τῶν
962 4989 1214 5043 αἱώγων.
1261 4989 1492 5050 Ἠσαίας
1516 4989 1573 5042 δὲ
1600 4988 1770 5061 βουλὴ

1903 4997 1973 5049 tis
1999 4992 2162 5046 annis
2192 4996 2312 5045 erat
2331 4987 2519 5058 iunior
2543 5003 2557 5039 :
2584 4984 2687 5049 vel,
2718 4983 2845 5052 quia
2879 4989 3005 5036 ante
3036 4975 3296 5031 saeculum
3321 4986 3349 5023 a
3373 4968 3483 5022 Deo

199 5057 451 5152 ἀρχαίαν
502 5057 766 5151 ἀληθινῆν
829 5081 1056 5135 ἐκάλεσε
1124 5081 1327 5137 ταῦτα.
1391 5057 1659 5149 Ὠμοσας
1713 5057 1769 5135 δὲ

1902 5086 1978 5139 ita
2006 5057 2431 5138 determinatnm
2464 5080 2666 5142 inierat,
2698 5083 2757 5129 ut
2782 5075 2859 5127 ait
2888 5071 3092 5124 Paulus
3144 5066 3214 5118 de
3268 5057 3479 5114 Cbristi

203 5149 334 5226 (ius!
384 5149 631 5234 ,Βεὸαίως
652 5149 990 5240 ἐπηγγείλω.
1020 5172 1127 5225 Ἔν
1161 5170 1235 5240 τῇ
1265 5172 1518 5239 ἀληθείᾳ
1542 5188 1659 5226 σου
1701 5171 1769 5225 δὲ

1907 5176 2171 5244 mysterio
2201 5174 2268 5237 ⁸⁸,
2295 5169 2682 5226 absconditum
2737 5162 2995 5232 inquiens
3039 5154 3211 5212 fuisse
3259 5149 3314 5206 id
3362 5164 3523 5264 my-f

206 5264 338 5319 ἀντὶ
364 5263 486 5329 τιῦ,
519 5265 610 5319 Ἐν
635 5262 714 5333 τῷ
747 5262 956 5334 ἀληθὴς
995 5261 1157 5318 εἶναι.

1907 5267 2138 5320 sterium
2177 5274 2303 5319 ante
2335 5263 2557 5318 saecula.
2584 5258 2757 5316 Isaias
2790 5256 2955 5310 etiam
2988 5251 3086 5304 has
3116 5248 3206 5302 Dei
3265 5242 3484 5299 miseri-

208 5352 739 5423 cordiasantiquum
785 5363 1042 5409 etverum
1077 5355 1368 5409 consilium
1391 5355 1687 5426 appellavit
1708 5356 1776 5410 7°.
1817 5354 2032 5411 Iurasti
2067 5367 2277 5422 autem,
2312 5356 2417 5410 hoc
2482 5361 2605 5412 est.
2675 5349 3005 5403 Constanter
3056 5339 3330 5413 pollicitus
3376 5348 3435 5389 es
3462 5373 3480 5391 .

210 5447 282 5502 In
323 5449 548 5505 veritate
574 5456 686 5511 tua,
716 5447 819 5502 hoc
848 5456 952 5510 est,
985 5445 1123 5512 Quia
1157 5462 1321 5501 verax
1365 5464 1448 5503 es.
2216 5452 2223 5458 ’

286 5540 627 5607 Μνήσθητι.
657 5540 855 5608 Κύριε,
875 5540 983 5593 τοῦ
1029 5540 1378 5609 ὀνειδισμοῦ
1409 5539 1528 5593 τῶν
1558 5540 1770 5595 δούλω]

1905 5547 1927 5567 '
1982 5542 2140 5594 Vens.
2160 5539 2250 5593 51.
2270 5533 2476 5589 Memor
2502 5538 2634 5593 esto,
2658 5525 2895 5587 Domine,
2917 5518 3187 5589 opprobrii
3214 5530 3481 5572 servarunt
3536 5556 3566 5590 κ

211 5651 359 5700 σου,
425 5627 497 5688 οὗ
556 5632 841 5701 ὑπέσχον
897 5631 1065 5697 ἐντῷ
1115 5634 1324 5693 κόλπῳ
1370 5649 1492 5701 μου
1545 5631 1770 5686 πολλῶπ

1906 5644 2120 5687 tuorum
2144 5672 2159 5694 ,
2187 5634 2322 5699 quod
2360 5621 2593 5679 continui
2625 5622 2678 5672 in
2707 5618 2830 5672 sinu
2862 5632 2974 5669 meo
3028 5615 3317 5667 multarum
3353 5623 3481 5680 gen-

212 5722 642 5781 ἐθνῶν.-Τῶν
658 5723 897 5778 δούλων
912 5740 1051 5788 σου,
1082 5723 1190 5777 τῶν
1218 5725 1507 5792 Ἐὕραίων,
1524 5725 1619 5778 τοῦ
1649 5741 1770 5793 παρα

1904 5728 2059 5778 tium.
2093 5753 2160 5763 —
2187 5722 2466 5775 Serrorum
2513 5725 2723 5766 tuorum
2749 5752 2765 5777 ,
2829 5707 3182 5763 Hebraeorum
3240 5702 3478 5763 scilicet,

214 5817 439 5872 πολλῶν
458 5815 630 5869 ἐθνῶν
644 5816 798 5885 παρά
818 5815 995 5869 τετῶν
1014 5815 1566 5886 αἰχμαλωτισθέντων
1581 5816 1676 5870 καὶ
1691 5815 1769 5870 τῶ

1904 5815 2054 5888 quod
2083 5813 2443 5883 opprobrium
2476 5825 2507 5864 a
2532 5807 2721 5863 multis
2753 5800 3009 5877 gentibus
3043 5794 3281 5856 sustinui
3309 5834 3325 5862 ,
3354 5806 3479 5863 qua:

302 5997 345 6029 ⁸⁹
380 5996 602 6052 Coioss.
632 6013 670 6063 r,
702 5996 793 6050 9.6.
872 5995 917 6028 ⁷⁸
952 5992 1057 6049 lsa.
1097 6008 1245 6059 τινι,
1279 5992 1365 6047 10.
