3796 6616
147 402 257 463 92’)

1304 403 1695 465 COMMENT.
1742 405 1820 466 IN
1862 403 2232 466 PSALMOS.

3279 411 3387 477 930

210 520 313 586 Μὴ
364 519 757 590 ἀποστρέψῃς
810 521 1125 590 ἄνθρωπον
1174 525 1261 588 εις
1320 524 1708 578 ταπείνωσιν.

1888 523 2053 581 Vens.
2088 526 2142 579 3.
2197 522 2277 579 Ne
2326 535 2534 581 avertas
2578 528 2842 585 hominem
2897 532 2949 585 in
3008 533 3384 593 humilitatem.

138 611 389 683 Διάφορα
418 612 535 683 εῐδη
563 613 949 678 ταπεινώσεως
1016 615 1169 684 παρὰ
1225 617 1290 687 τῇ
1327 615 1448 687 θείᾳ
1498 617 1713 688 Γραφῇ.

137 702 380 771 Λέγεται
408 706 516 775 γὰρ
538 704 870 768 ταπείνωσις
895 705 928 775 ἡ
963 700 1399 778 μετριοφροσύνη
1439 721 1455 737 ⁸
1486 706 1714 762 Μὰθετε

134 794 269 863 γὰρ,
313 794 502 864 φησὶν,
532 796 635 849 ἀπ’
661 796 830 865 ἐμοῦ,
859 796 949 851 ὅτι
976 795 1162 865 πρᾶός
1213 800 1329 867 ειμι
1378 799 1474 853 καὶ
1513 816 1715 853 rane:-

134 883 250 949 νὸς
278 884 359 952 τῇ
380 884 593 952 καρδίᾳ
618 903 630 916 ·
672 887 767 940 καὶ
794 887 824 937 ὁ
844 887 952 940 ἀπὸ
975 888 1279 958 πειρασμοῦ
1309 890 1711 959 σωφρονισμὸς,

133 974 212 1037 ὡς
239 977 324 1028 τό·
377 977 626 1045 Ἀταθόν
652 975 774 1047 μοι,
826 979 915 1032 ὅτι
957 979 1366 1047 ἐταπείνωσάς
1386 997 1464 1050 με
1500 998 1515 1013 ·
1551 984 1645 1035 καὶ
1682 984 1715 1053 ἡ

134 1065 491 1136 καθαίρεσις,
527 1068 602 1131 ab;
629 1068 693 1121 τό
723 1086 739 1102 ·
759 1070 842 1123 Σὺ
881 1070 1310 1137 ἐταπείνωσας,
1342 1072 1423 1138 ὡς
1460 1088 1716 1141 τραυμα-

133 1159 301 1222 τίαν,
332 1161 761 1230 ὑπερήφανον·
793 1164 888 1218 καὶ
915 1163 978 1217 τὺ
1021 1164 1358 1233 ὑποταγῆναι
1388 1163 1466 1235 τῷ
1511 1166 1709 1237 ἐχθρῷ,

130 1250 214 1313 ὡς
242 1251 305 1304 τὸ
337 1253 703 1323 προκείμενον
731 1255 896 1325 ῥητόν
915 1271 930 1287 ο
955 1254 1045 1327 Μὴ
1076 1257 1505 1327 παραχωρήσῃς,
1525 1259 1713 1327 φησὶν,

129 1343 573 1415 ἀποστραφῆναι
623 1345 704 1411 είς
752 1347 951 1402 ταυτὸν
996 1347 1282 1418 ἄνθρωπον
1324 1351 1712 1419 καταφυγόντα

128 1436 219 1499 εἰς
256 1437 342 1490 σι.

208 1716 324 1770 Καὶ
351 1715 543 1786 εἴπας-ο
590 1720 1044 1793 Ἐπιστρέψατε,
1076 1727 1192 1782 υίοὶ
1218 1726 1336 1783 τῶν
1363 1731 1708 1800 ἀνθρώπων.

131 1806 254 1859 Καὶ
284 1811 398 1880 γὰρ
427 1814 491 1866 σὺ
530 1809 691 1877 εἶπας
715 1831 729 1847 ο
750 1809 820 1867 Ὦ
840 1817 943 1869 υἱοὶ
971 1818 1080 1870 τῶν
1110 1819 1431 1889 ἀνθρώπων,
1451 1825 1710 1895 ἐπιστρέ-

127 1898 304 1966 ψατε.
341 1898 475 1954 Eiet:
501 1903 557 1956 δὲ
586 1906 744 1958 τοῦτο
775 1908 802 1959 ὁ
840 1908 971 1971 Θεὸς
1000 1911 1056 1962 ὲν
1083 1911 1362 1983 διαφόροις
1389 1914 1572 1978 τόποις
1614 1917 1711 1987 τῆς

126 1992 447 2065 Μωσαῖκῆς
482 1996 876 2068 Πεντατεύχου.
911 2000 1074 2067 Δέξαι
1107 2000 1201 2056 οὖν
1236 2003 1402 2073 ἡμᾶς,
1453 2007 1706 2079 ἐπιστρὲ-

126 2100 367 2152 φοντας.

202 2177 341 2230 ὀτι
387 2179 553 2247 χίλια
589 2179 694 2248 ἔτη
743 2183 814 2236 ὲν
843 2185 1167 2253 ὀφθαλμοῖς
1215 2204 1353 2254 σου,
1391 2191 1601 2259 Κύριε,
1631 2193 1712 2259 ὠς

125 2265 333 2335 ἡμέρα
376 2269 415 2337 ἡ
467 2270 606 2338 χθὲς
662 2272 793 2340 ἣτις
869 2273 1102 2344 διῆλθε,
1167 2279 1267 2332 καὶ
1334 2282 1580 2349 φυλακὴ
1643 2284 1714 2338 ἐν

122 2360 345 2414 νυκτί.
377 2362 483 2413 Καὶ
514 2362 674 2416 τοῦτο
707 2366 839 2435 πρὸς
868 2366 1140 2433 ἀπόδειξιν
1161 2352 1260 2439 τ⁷ἦς
1291 2371 1586 2443 ἀῖδιότητος
1615 2375 1708 2429 τοῦ

124 2449 277 2503 Θεοῦ
325 2453 625 2522 παρέλαϐε.
672 2454 836 2523 Λέγει
864 2457 994 2529 γὰρ,
1050 2459 1130 2512 ὅτι
1168 2461 1248 2513 Τὰ
1274 2460 1419 2530 χίλια
1459 2463 1553 2535 ἔτη
1581 2465 1712 2519 ἐνώ-

122 2541 263 2593 πιόν
295 2558 392 2594 σου
431 2544 572 2596 οὕτω
617 2545 920 2614 λογίζονται
955 2550 1146 2619 χρόνος
1191 2567 1273 2615 τις
1316 2552 1457 2620 ἄγαν
1501 2553 1709 2627 βραχύ-

122 2645 321 2695 τατος,
354 2632 430 2694 ὡς
474 2636 566 2687 καὶ
606 2635 738 2708 παρ’
768 2637 926 2706 ἡμῶν
974 2638 1003 2707 ἡ
1052 2638 1152 2705 μία
1190 2640 1395 2711 ἡμέρα,
1433 2644 1526 2695 καὶ
1569 2643 1710 2713 αὕτη

122 2722 493 2791 παρελθοῦσα
521 2740 535 2755 ’
566 2726 723 2779 τοῦτο
752 2724 859 2799 γὰρ
896 2727 1046 2798 δηλοῖ
1067 2728 1128 2782 τὸ
1148 2730 1319 2798 Χθές.
1346 2732 1417 2785 Τὸ
1438 2733 1518 2801 δὲ,
1542 2734 1713 2801 "litt;-

120 2804 357 2874 διῆλθε
393 2813 855 2882 ὲφερμηνευτικὺν
871 2815 965 2869 τοῦ
991 2816 1138 2887 χθές.
1166 2817 1230 2871 Ἤ
1247 2819 1353 2891 γὰρ
1372 2823 1712 2891 παρελθοῦσα

122 2898 638 2973 βραχυτέραοδοκεῖ
651 2909 750 2977 τῆς
778 2908 1103 2980 ἐνεστώσης.
1133 2911 1244 2965 Καὶ
1267 2908 1445 2980 αὖῡις,
1480 2915 1552 2979 ὡς
1574 2916 1713 2984 λογί-

121 2993 297 3055 ζεται
329 2997 463 3065 παρ’
491 2998 620 3066 ἡμῖν
641 2999 701 3052 τὸ
715 3001 1150 3072 τεταρτημόριον
1174 3002 1277 3072 τῆς
1300 3005 1490 3069 νυκτός
1514 3023 1528 3039 ο
1556 3007 1714 3065 τοῦτο

118 3084 254 3154 γὰρ
302 3084 557 3156 φυλακὴν
598 3090 659 3142 ὲν
702 3090 859 3145 νυκτὶ
904 3092 1128 3146 ἐκάλεσε
1154 3108 1170 3124 ⁸
1210 3092 1309 3162 τῆς
1356 3094 1465 3165 γὰρ
1519 3097 1711 3161 νυκτὸς

1819 616 2002 674 Variis
2031 618 2209 672 modis
2233 619 2515 674 humilitas
2543 621 2814 691 accipitur
2842 627 2983 692 apud
3018 626 3383 699 Scripturam.

1816 709 2128 779 Aliquando
2155 709 2299 764 enim
2332 713 2555 779 ponitur
2581 729 2678 782 pro
2711 715 3002 780 modestia,
3037 719 3189 786 juxta
3211 708 3344 776 illud
3368 738 3386 775 :

1814 801 2014 857 Discite
2045 820 2076 856 a
2103 820 2183 857 me
2210 844 2225 868 ,
2257 805 2380 875 quia
2419 806 2564 859 mitis
2594 824 2711 861 sum
2758 818 2808 863 et
2856 811 3076 866 humilis
3131 814 3291 867 corde
3315 815 3383 869 τί.

1816 890 2123 961 Aliquando
2155 907 2253 962 pro
2285 893 2378 948 illa
2411 897 2795 966 castigatione,
2831 916 2954 969 qua:
2986 903 3051 956 de
3073 904 3385 959 aﬂlictioni-

1815 981 1917 1037 bus
1945 983 2214 1049 provenit,
2245 982 2402 1050 juxta
2440 985 2571 1039 illul
2602 1004 2615 1040 :
2648 984 2854 1040 Bonum
2890 989 3043 1057 mihi,
3069 992 3190 1057 quia
3214 995 3388 1047 Immi-

1815 1072 1962 1126 liasti
1992 1076 2150 1128 me".
2181 1073 2491 1145 Aliquando
2512 1077 2676 1131 etiam
2697 1095 2795 1148 pro
2815 1080 3211 1147 destructione,
3229 1086 3386 1155 juxta

1814 1164 1945 1219 illud
1980 1183 1992 1218 :
2026 1163 2102 1219 Tu
2134 1166 2449 1227 humiliasti.
2475 1171 2625 1230 quasi
2647 1170 2999 1237 vulneratum,
3024 1176 3383 1244 superbum".

1820 1255 1887 1309 Et
1947 1256 2242 1326 aliquando
2294 1274 2393 1328 pro
2440 1259 2821 1329 subjectione,
2873 1265 3041 1320 veluti
3093 1282 3217 1321 eum
3261 1268 3387 1338 quis

1815 1348 2067 1404 hostibus
2096 1350 2209 1403 suis
2242 1350 2567 1419 subjicitur;
2610 1361 2666 1407 et
2705 1353 2810 1408 hoc
2858 1364 3020 1425 pacto
3063 1359 3288 1427 ponitur
3329 1361 3386 1416 iu

1815 1443 2070 1511 praesenti
2128 1442 2336 1512 psalmo
2373 1462 2386 1497 :
2420 1442 2496 1500 Ne
2554 1447 2842 1514 permittas
2884 1464 3006 1516 me,
3055 1451 3276 1521 inquit,
3326 1452 3382 1506 in

1817 1533 1959 1586 hanc
1994 1531 2357 1588 humilitatem
2392 1535 2678 1601 converti,
2708 1546 3000 1607 postquam
3033 1541 3099 1597 ad
3152 1549 3204 1596 te
3254 1556 3391 1597 con-

1814 1619 1948 1690 fugi.

1891 1713 1958 1768 Et
1987 1715 2197 1780 dixisti,
2225 1716 2603 1772 Conrertimini
2625 1718 2727 1789 ﬁlii
2747 1721 3036 1777 hominum.
3057 1724 3162 1788 Tu,
3184 1724 3386 1794 inquit,

1815 1805 2022 1871 dixisti,
2051 1800 2199 1861 Olilii
2231 1808 2539 1876 hominum,
2569 1813 2972 1868 convertimini.
2999 1814 3180 1870 Multis
3202 1824 3384 1870 autem

1819 1899 1871 1951 in
1912 1897 2049 1953 locis
2086 1899 2135 1954 id
2165 1901 2373 1955 dictum
2410 1900 2642 1972 legimus
2671 1903 2843 1961 fuisse
2877 1919 2909 1959 a
2945 1904 3079 1971 Deo,
3112 1908 3385 1976 praecipue

1813 1988 1954 2059 apud
1984 1988 2219 2061 iloysem
2256 2010 2270 2047 :
2314 1992 2546 2064 Suscipe
2577 1995 2743 2066 igitur
2793 2011 2916 2064 nos,
2958 1999 3051 2070 qui
3106 2000 3382 2054 converti-

1813 2072 1940 2135 mur
1980 2083 2045 2136 ad
2082 2072 2152 2137 te.

1887 2172 2048 2225 Vens.
2090 2173 2146 2226 4.
2180 2172 2445 2238 Quoniam
2470 2177 2615 2232 mille
2641 2178 2772 2232 anni
2807 2178 2863 2232 in
2901 2180 3071 2236 oculis
3105 2183 3211 2236 tuis
3236 2222 3249 2248 ,
3278 2183 3388 2237 Do-

1816 2270 1952 2324 mine
1978 2312 1993 2337 ,
2020 2272 2154 2326 sicut
2177 2273 2289 2326 dies
2322 2273 2565 2328 hesterna
2593 2291 2709 2344 qua:
2742 2278 3005 2343 praeteriit
3026 2316 3040 2341 ,
3071 2288 3122 2333 et
3141 2283 3386 2335 custodia

1813 2364 1864 2417 in
1895 2374 2065 2419 nocte.
2103 2362 2220 2418 Hoc
2252 2363 2415 2418 etiam
2451 2363 2655 2419 dictum
2685 2373 2768 2421 est
2793 2367 2860 2422 ad
2896 2367 3380 2426 demonstrandam

1814 2453 1908 2508 Dei
1936 2457 2316 2509 aeternitatem.
2375 2455 2536 2517 Mille,
2570 2455 2771 2527 inquit,
2809 2459 2935 2512 anni
2961 2474 3145 2515 coram
3182 2470 3234 2517 te
3273 2471 3383 2516 tam

1814 2544 1976 2599 breve
2016 2553 2227 2615 tempus
2254 2554 2619 2614 repetantur,
2680 2563 2845 2617 quam
2897 2551 3045 2618 apud
3105 2566 3207 2609 nos
3266 2553 3387 2609 dies

1816 2649 1922 2689 una
1952 2635 2037 2689 vel
2064 2650 2184 2704 qum
2210 2634 2323 2703 jam
2354 2635 2521 2690 etiam
2556 2640 2904 2705 praterierit.
2954 2641 3183 2695 Brevior
3231 2658 3388 2697 nam-

1814 2743 1920 2797 que
1952 2727 2167 2782 viJetur
2195 2742 2258 2781 ea
2287 2728 2429 2793 dies,
2460 2744 2583 2798 qum
2613 2733 2895 2798 praeteriit,
2936 2747 3102 2802 quam
3139 2749 3204 2789 ea
3262 2752 3389 2806 quae

1815 2818 1994 2873 adhuc
2019 2833 2260 2888 praesens
2289 2827 2374 2873 est
2404 2836 2419 2876 :
2448 2827 2503 2873 et
2539 2834 2733 2877 rursus
2755 2859 2773 2885 ,
2809 2830 2919 2876 tam
2970 2820 3133 2880 breve
3170 2830 3387 2897 tempus

1816 2921 2096 2981 reputatur
2162 2911 2308 2964 mille
2349 2910 2478 2965 anni
2513 2926 2696 2966 coram
2753 2922 2805 2967 te
2832 2951 2847 2977 ,
2895 2929 3058 2984 quam
3112 2913 3255 2984 apud
3282 2930 3384 2970 nos

1815 3012 2099 3072 reputatur
2149 3010 2343 3074 quarta
2383 3017 2511 3073 pars
2564 3003 2745 3058 noctis
2777 3018 2983 3073 :quam
3019 3015 3225 3073 partem
3287 3019 3387 3061 no-

1815 3096 1920 3150 ctis
1951 3095 2256 3149 custodiam
2291 3095 2608 3164 appellavit.
2663 3094 2853 3151 Solent
2889 3097 3037 3151 enim
3092 3098 3129 3152 ii
3183 3098 3291 3167 qui
3328 3100 3384 3155 in

117 3176 221 3238 εἰς
267 3176 517 3248 τέσσαρα
561 3181 701 3251 μέρη
733 3184 847 3245 τοῖς
874 3183 1167 3252 ἀμοιϐαδὸν
1208 3184 1710 3255 νυκτοφυλακοῦσιν

1822 3188 2063 3241 exercitu
2094 3202 2190 3255 per
2233 3186 2382 3241 vices
2435 3185 2718 3242 custodias
2776 3186 3029 3253 iaciunt,
3087 3192 3390 3260 quamiibet

120 3271 195 3322 ἐν
256 3273 645 3342 στρατοπέδοις
694 3274 1059 3346 διῃρημένης,
1110 3276 1391 3346 ἐπήγαγεν
1422 3277 1501 3330 ἔτι
1535 3278 1715 3350 πο).λῷ

122 3362 489 3435 βραχύτερον
511 3364 573 3419 τὸ
600 3369 1034 3439 τεταρτημόριον
1059 3366 1161 3438 τῆς
1200 3370 1390 3432 νυκτός
1414 3387 1428 3401 ο
1462 3370 1593 3424 διότι
1619 3372 1714 3449 καὶ

121 3453 162 3520 ἡ
214 3452 323 3518 νὺξ
350 3453 439 3507 ἀεὶ
481 3456 669 3527 τάχιον
701 3458 960 3529 ὑπορρεῖν
989 3458 1138 3512 δοκεῖ
1167 3460 1317 3531 παρὰ
1357 3460 1455 3533 τὴν
1496 3462 1715 3532 ἡμέραν

120 3544 236 3597 διὰ
276 3543 379 3616 τὴν
417 3548 775 3618 ἀναισθησίαν
798 3549 909 3603 τῶν
948 3548 1337 3616 καθευδόντων,
1388 3553 1480 3605 καὶ
1527 3554 1614 3607 δ;ὰ
1657 3554 1717 3606 τὸ

121 3635 367 3701 σκότος,
403 3638 499 3691 καὶ
526 3638 613 3693 διὰ
633 3641 732 3711 τὴν
758 3641 865 3694 ἀπὸ
892 3641 1000 3695 τῶν
1031 3643 1209 3695 πόνων
1241 3643 1446 3696 ἄνεσιν.
1474 3644 1631 3697 υῢτω
1661 3647 1717 3700 δὲ

114 3726 217 3796 τῷ
249 3726 430 3800 Θεῷὴ
466 3730 896 3802 χιλιονταετηρὶς
929 3732 1223 3800 λογίζεται,
1254 3734 1387 3787 διότι
1432 3734 1572 3801 αὕτη
1618 3736 1731 3804 μὲν

118 3820 455 3890 παραρρεῖ,
485 3823 515 3874 6
549 3820 606 3875 δὲ
639 3822 895 3893 ἀκίνητός
921 3824 1039 3877 ἔστι
1065 3824 1156 3877 καὶ
1178 3825 1365 3888 ἀΐδιος.
1395 3826 1466 3879 Τὸ
1491 3826 1566 3893 δὲ,
1597 3827 1717 3881 Ὅτι

116 3909 514 3978 βεϐαιωτικὸν
542 3914 663 3967 ἀντὶ
692 3914 809 3982 τοῦ,
853 3917 1077 3980 Ὄντως.

1822 3285 2038 3331 noctem
2080 3278 2397 3348 iugulatuor
2430 3276 2672 3332 dividere
2699 3287 2903 3348 partes,
2935 3288 2987 3335 et
3028 3290 3393 3351 unamquamo

1821 3382 1929 3437 que
1987 3378 2196 3437 partem
2265 3366 2573 3421 custodiam
2629 3367 2906 3438 appellare
2953 3386 2969 3424 :
3015 3370 3168 3424 verbi
3216 3372 3393 3441 gratia

1824 3458 2055 3528 primam
2087 3500 2102 3521 ,
2159 3467 2251 3511 aut
2300 3459 2596 3513 secundam
2653 3460 2981 3515 custodiam.
3034 3462 3169 3515 Cum
3220 3463 3391 3531 igitur

1825 3552 2002 3621 primo
2030 3548 2177 3603 mille
2209 3564 2476 3602 annorum
2514 3550 2751 3619 spatium
2809 3552 3039 3617 tempori
3084 3551 3250 3607 unius
3283 3552 3392 3608 diei

1827 3638 2244 3709 comparaverit,
2271 3646 2435 3706 atque
2470 3638 2589 3706 ejus
2620 3637 2837 3705 quidem
2885 3642 3208 3707 prietcritze,
3239 3642 3396 3696 addi-

1830 3733 1908 3785 dit
1942 3742 1995 3785 ct
2024 3728 2296 3800 quoddam
2340 3738 2552 3797 tempus
2600 3728 2775 3781 multo
2834 3728 3089 3795 brevius,
3141 3738 3393 3800 quartam

1828 3823 2037 3878 scilicet
2068 3820 2244 3875 ﬂOt'liS
2272 3832 2502 3889 partem.
2558 3818 2779 3873 Brevior
2831 3821 2977 3873 enim
3027 3822 3241 3877 videtur
3285 3838 3403 3878 nox

1826 3931 1989 3989 quam
2021 3913 2139 3967 dies
2166 3953 2181 3978 ,
2213 3926 2342 3993 cunt
2381 3926 2488 3963 nox
2525 3909 2694 3962 multo
2720 3908 2884 3964 citius
2912 3911 3283 3980 praeterﬂuere
3321 3916 3402 3967 vi-

107 4005 361 4067 deatur,
391 4011 445 4058 et
473 4005 599 4075 quia
635 4007 726 4075 qui
758 4006 1039 4063 dormiunt
1066 4012 1324 4080 temporis
1352 4010 1561 4080 lapsum
1589 4022 1701 4067 non
1743 4017 2079 4081 agnoscunt,
2120 4014 2175 4060 et
2223 4002 2351 4073 quia
2433 4001 2505 4055 ob
2558 4002 2811 4056 tenebras
2857 4003 2909 4057 id
2993 4005 3158 4058 etiam
3212 4007 3399 4061 minus

106 4093 471 4162 percipitur,
503 4105 557 4150 et
586 4098 711 4166 quia
747 4098 1123 4155 laborantibus
1146 4100 1460 4155 hominibus
1493 4101 1708 4170 longius
1747 4118 1869 4158 esse
1896 4102 2110 4154 videtur
2134 4104 2373 4165 tempus.
2442 4110 2604 4163 ψιειιη
2661 4095 3006 4153 cessantibus
3057 4097 3128 4151 ab
3211 4113 3398 4169 (ιρθνεο
3490 4108 3529 4165 γ’

112 4185 269 4237 Non
302 4199 465 4242 secus
498 4187 663 4257 igitur
692 4190 835 4259 apud
900 4189 1067 4243 Deum
1135 4191 1279 4247 mille
1354 4206 1622 4247 annorum
1693 4193 2037 4248 intervallum
2068 4197 2356 4258 reputatur
2382 4228 2397 4253 ,
2433 4202 2596 4258 quam
2638 4190 2784 4261 apud
2834 4207 2936 4247 nos
2980 4200 3076 4247 aut
3124 4193 3398 4262 praeterita

102 4276 150 4328 ιι
189 4291 290 4339 es,
314 4284 412 4330 aut
440 4287 636 4346 quarta
666 4280 843 4335 noctis
869 4295 1017 4350 pars,
1049 4294 1173 4337 cum
1196 4282 1326 4336 anni
1357 4282 1462 4351 ipsi
1490 4297 1706 4351 semper
1745 4278 1999 4337 labantur
2029 4288 2083 4335 et
2115 4276 2305 4345 ﬂuant,
2338 4277 2481 4332 Deus
2512 4292 2642 4332 vero
2668 4279 2963 4335 immobilis
2987 4281 3061 4336 sit
3124 4291 3174 4335 et
3239 4290 3402 4336 arter-

102 4386 277 4425 xms.
321 4368 494 4424 Dictio
543 4379 721 4427 autem
750 4410 768 4437 ,
820 4372 1084 4439 Quoniam
1110 4415 1125 4439 ,
1172 4374 1240 4429 ad
1280 4372 1715 4431 conﬁrmandum
1740 4372 1929 4448 'posita
1963 4383 2069 4439 est,
2098 4381 2152 4427 et
2184 4372 2326 4427 idem
2362 4371 2637 4441 signitiCat
2669 4372 2818 4442 quod
2846 4371 3009 4429 Vere.

212 4465 303 4519 Τὰ
326 4466 781 4536 ἐξουδενὼματα
801 4468 1002 4525 αὐτῶν
1014 4469 1103 4523 ἔτι
1126 4470 1389 4525 ἔσονται.
1427 4471 1710 4534 Εὐτελίσας

1902 4468 2244 4535 Contemptus
2287 4480 2469 4518 eorum
2518 4463 2691 4518 adhuc
2739 4473 2916 4520 erant.
2966 4464 3102 4519 Cum
3151 4465 3405 4520 humana!

94 4564 139 4613 ὀ
190 4560 368 4627 λόγος
392 4561 459 4614 τὰ
486 4561 543 4612 ἐν
575 4562 765 4623 αὐτοῖς
791 4560 935 4631 χίλια
965 4561 1083 4631 ἐτη,
1114 4563 1278 4631 φησὶν
1299 4602 1315 4630 ,
1342 4562 1425 4615 ὄτι
1454 4562 1605 4615 Λύτὰ
1641 4561 1710 4615 ἔτι

1831 4560 1954 4629 vita;
1978 4572 2151 4612 annos
2188 4555 2417 4626 exiguos
2446 4570 2570 4611 esse
2598 4555 2865 4624 Propheta
2884 4554 3158 4622 docuerit,
3181 4560 3401 4612 tametsi

91 4652 518 4717 ὲξουδενώσω,
546 4654 621 4717 ὡς
650 4654 805 4708 οὐδὲν
853 4655 981 4708 ὄντα
1023 4654 1160 4725 πρὸς
1187 4654 1597 4725 τὴν-ἀῖδιότητα
1626 4653 1710 4708 τοῖ

1830 4653 1896 4707 ad
1934 4649 2080 4705 mille
2127 4663 2396 4703 annorum
2442 4646 2680 4718 spatium
2741 4657 2931 4701 nostra
2977 4646 3405 4717 protenderetur

100 4744 293 4797 Θεοῦ
322 4760 341 4776 ·
372 4744 441 4798 τὰ
491 4744 909 4817 ἑξουδενώματα
940 4747 1120 4800 αὐτῶν
1147 4745 1351 4817 δηλαδὴ
1397 4745 1506 4798 τῶν
1533 4745 1710 4816 χιλίων

1831 4744 1963 4808 vita,
2001 4741 2185 4796 adhuc
2215 4746 2397 4793 tamen
2429 4738 2725 4809 ampliﬁcat
2754 4737 3022 4808 prolatam
3044 4752 3073 4792 a
3098 4753 3160 4795 se
3178 4746 3401 4796 senten-

93 4837 289 4891 ὲτῷν
332 4836 430 4890 ἐπὶ
484 4837 670 4890 πλεῖον
716 4837 960 4901 ἔσονται,
1010 4836 1191 4891 είτουν
1233 4835 1557 4907 γενήσονταί
1604 4853 1710 4907 μοι.

1829 4835 1986 4891 tiam.
2014 4834 2203 4889 dicens
2241 4847 2301 4888 se
2334 4831 2507 4903 magis
2563 4832 2726 4905 etiam
2769 4844 2833 4885 ac
2881 4832 3055 4899 magis
3092 4830 3401 4902 huju’smodi

88 4923 287 4979 Εἶτα
325 4925 524 4994 ἐπάγει
556 4928 750 4998 ἑτέραν
779 4927 1127 4992 ὲξουδένωσιν
1157 4925 1515 4996 φαυλοτέραν.

1834 4940 2102 4980 annorum
2138 4922 2497 4995 spatianihili
2539 4921 2849 4988 facturum,
2880 4922 3017 4992 quin
3044 4922 3154 4976 imo
3203 4930 3408 4975 et'con.

80 5026 484 5086 (empturum
500 5030 624 5075 esse
647 5033 805 5085 ,cum
836 5018 902 5073 ad
933 5017 1171 5073 divinam
1210 5017 1566 5072 aeternitatem
1598 5028 1823 5085 prorsus
1851 5015 1987 5069 nihil
2022 5013 2148 5069 sint.
2205 5012 2590 5081 Contemptus,
2620 5011 2823 5083 inquit,
2848 5026 3035 5111 eqrum
3062 5010 3206 5111 mille
3227 5018 3405 5111 anno:

84 5123 276 5166 rum
308 5109 490 5163 adhuc
519 5117 681 5163 erunt
709 5109 849 5179 apud
870 5123 977 5173 me,
997 5109 1099 5163 hoc
1125 5116 1235 5175 est,
1258 5108 1420 5161 etiam
1439 5112 1600 5174 atque
1649 5103 1813 5157 etiam
1839 5117 1868 5155 a
1903 5119 1987 5157 me
2020 5103 2191 5173 magis
2216 5110 2652 5156 contemneutur.
2678 5098 2858 5153 Alium
2875 5097 3071 5152 deinde
3092 5097 3405 5165 hujusmodi

76 5216 425 5262 annorum
456 5212 824 5274 contemptum
851 5217 915 5257 ac
937 5204 1183 5258 viliorem
1223 5202 1385 5258 at'l‘ert
1409 5242 1424 5267 ,
1456 5201 1645 5257 dicens
1674 5216 1689 5253 :
2370 5268 2371 5273 η

212 5298 301 5350 Τὸ
331 5296 484 5364 πρωῒ
507 5295 587 5362 ὡς
614 5300 772 5365 χλόη
804 5298 1259 5366 ﬂammeam—To
1292 5294 1443 5364 πρωῒ
1461 5293 1574 5358 νῦν,
1602 5292 1710 5346 ἀντῖ

1904 5287 2071 5345 Vens.
2131 5286 2184 5342 6.
2233 5285 2390 5341 Mane
2445 5286 2601 5361 quasi
2633 5283 2795 5338 herba
2826 5290 3119 5336 transeant.
3160 5279 3405 5337 -Μαιιο

70 5392 405 5462 Ταχέως,
443 5390 520 5453 ὡς
577 5392 674 5443 καὶ
729 5392 789 5443 ὲν
837 5388 1022 5452 ἄλλοις
1074 5390 1399 5460 εἰρήκαμεν.
1472 5384 1710 5454 Ταχέως,

1834 5372 1938 5436 hoc
1976 5380 2177 5434 inloco
2205 5393 2304 5449 pro
2341 5379 2462 5433 Cito
2493 5376 2653 5439 dixit,
2690 5372 3150 5443 quemadmodum
3196 5370 3399 5424 etaiiht

65 5460 309 5561 φησι,
371 5482 773 5555 παρελεύσεται
835 5485 905 5537 τὰ
967 5484 1115 5554 χίλια
1165 5484 1261 5552 ἔτη
1334 5480 1489 5549 δίκην
1560 5474 1710 5548 χλόης

1832 5474 2093 5529 vidimus.
2130 5460 2250 5525 Cito
2275 5510 2292 5535 ,
2326 5460 2536 5538 inquit,
2582 5462 2995 5536 pertransibunt
3041 5460 3186 5516 mille
3234 5460 3404 5530 anni,

57 5552 143 5636 (Ξ)
154 5552 262 5633 λυ
272 5552 473 5646 μόρου.
970 5552 999 5554 ἡ

1834 5552 2006 5622 instar
2040 5562 2221 5619 herbae
2249 5560 2506 5629 alicujus,
2535 5573 2657 5628 qua:
2690 5556 2800 5613 cito
2834 5560 3021 5626 perit.~

205 5642 299 5723 To
351 5642 503 5735 πρωῒ
533 5665 816 5735 ἀνθῆσαι,
851 5664 951 5719 καί
999 5662 1284 5732 παρέλθοι
1304 5679 1318 5692 ·
1346 5660 1412 5715 τὸ
1462 5658 1710 5727 ἑσπέρας

1906 5654 2063 5710 Mane
2114 5654 2324 5723 ﬂoreat,
2361 5659 2410 5705 et
2445 5657 2701 5716 transeat,
2744 5663 2949 5717 vespere
2993 5644 3223 5713 decidat,
3249 5642 3406 5699 indu.

249 5847 268 5881 ³
307 5846 500 5903 Matth.
538 5861 611 5912 ιι,
648 5846 739 5901 29.
818 5846 861 5877 ⁷²
888 5842 1033 5898 l’sal.
1068 5856 1253 5905 cxvm,
1284 5839 1370 5893 Ἠ.
1435 5838 1479 5869 ⁷³
1516 5834 1660 5892 Psal.
1696 5850 1710 5887 ι

1822 5845 1965 5898 tvm,
2004 5831 2093 5884 11.
