3862 6538
459 328 559 393 931

1669 328 2019 389 EUTHYM]
2030 328 2056 386 Ι
2096 330 2459 390 ZIGABENI
3595 329 3678 391 93?

462 448 561 502 ret,
603 446 652 491 et
683 445 911 492 arescat.
942 435 1066 491 Haec
1099 436 1280 491 omnia
1322 436 1388 490 ad
1438 436 1669 491 celerem
1723 437 1905 492 herba:
1956 437 2019 490 in.

2140 440 2461 515 dzorzécm,
2492 437 2901 504 σκληρυνθείη
2927 478 2940 500 ,
2983 435 3081 490 καὶ
3127 436 3469 505 ξηραιλθεὶη.
3524 438 3681 491 Ταῦτα

460 532 687 585 teritum
726 529 1058 594 referuntur,
1082 544 1203 599 qua:
1224 543 1383 583 mane
1413 529 1628 599 quidem
1662 528 1767 583 diei
1792 528 2030 591 ﬂorcbit,

460 631 516 677 et
548 623 901 693 pertransibit
931 636 960 674 a
1000 619 1154 687 ﬂore,
1185 630 1238 677 et
1261 636 1488 690 vespere
1513 622 1723 676 decidet
1750 662 1765 685 ,
1800 621 1902 676 hoc
1929 631 2031 683 est,

464 715 623 769 cadet
652 713 705 767 in
737 722 935 767 terram
980 729 993 766 :
1029 718 1194 782 atque
1224 712 1297 765 ita
1323 720 1653 781 consumpto
1684 726 1750 766 eo
1778 711 2030 774 humore,

460 810 621 874 quem
653 812 811 859 antea
832 804 1083 867 habebat,
1106 803 1433 857 obdurescet
1451 811 1612 872 atque
1640 800 2028 858 exsiccabitur.

458 894 652 949 Omnia
681 895 825 948 enim
866 894 979 947 haec
1008 895 1172 947 verba
1200 894 1322 948 licet
1345 893 1583 961 optantis
1631 892 1850 945 modum
1903 892 2029 945 reli-

458 994 647 1051 neant,
683 988 736 1039 in
769 987 938 1039 futuri
977 996 1156 1039 tamen
1212 985 1610 1055 signiﬁcatione
1660 983 2030 1053 accipiuntur.

457 1080 632 1148 Atque
691 1088 750 1132 ut
807 1081 1121 1133 ostenderet
1172 1077 1439 1146 Propheta
1486 1092 1649 1146 quam
1702 1076 1814 1129 cito
1859 1075 2031 1128 herba

456 1179 664 1241 pereat,
697 1187 809 1225 uno
838 1181 1001 1239 atque
1018 1171 1207 1224 eodem
1240 1170 1329 1223 die
1356 1168 1548 1221 ﬂorere
1574 1182 1690 1222 eam
1714 1165 2028 1233 descripsit,

457 1270 622 1332 atque
647 1278 915 1317 arescere.
956 1261 1046 1315 Vel
1086 1262 1223 1316 forte
1248 1260 1367 1314 ideo
1397 1261 1469 1313 ita
1502 1259 1657 1321 dixit,
1678 1258 1807 1328 quia
1831 1258 2029 1326 aliqua:

456 1353 793 1416 siutherhm,
835 1368 953 1421 qum
988 1367 1097 1405 uno
1144 1362 1305 1420 atque
1356 1351 1544 1405 eodem
1600 1349 1689 1401 die
1734 1346 2031 1401 ﬂorescant

455 1453 509 1497 et
550 1453 794 1511 pereant.
853 1443 1084 1509 Quidam
1145 1443 1259 1497 hmc
1310 1442 1453 1495 dicta
1501 1456 1624 1494 esse
1668 1447 1921 1493 asserunt
1962 1437 2031 1491 de

456 1535 680 1597 Judaeis.
715 1550 947 1603 quorum
1001 1534 1317 1603 religionem
1369 1547 1431 1586 ac
1474 1532 1677 1585 cultum
1742 1531 1795 1583 in
1831 1530 2031 1597 templo

451 1618 605 1680 ‘mille
631 1639 840 1680 tantum
863 1626 1022 1678 annis
1045 1624 1235 1677 dicunt
1257 1636 1658 1692 perseverasse,
1681 1636 1710 1674 a
1740 1619 2031 1673 Salomone

460 1718 711 1772 videlicet
753 1732 925 1785 usque
958 1717 1022 1770 ad
1069 1716 1272 1769 Christi
1320 1717 1654 1784 paSsionem,
1711 1713 1787 1766 ita
1820 1720 1877 1766 ut
1906 1728 2031 1767 scn-

2144 529 2281 597 πρὸς
2329 529 2392 580 τὸ
2432 529 2534 598 τῆς
2578 529 2741 597 χλόης
2787 528 3074 595 ὠκύμορον
3121 528 3490 588 ἀποτείνεται,
3537 530 3609 581 ὅτι
3652 534 3678 601 ἡ

2141 620 2271 690 χλόη
2304 620 2364 675 τδ
2396 620 2497 684 μὲν
2540 618 2684 688 πρωῒ
2719 619 2819 688 τῆς
2872 618 3085 688 ἡμέρας
3113 618 3363 688 ἀνθήσει,
3395 615 3511 671 εἶτα
3539 637 3679 688 παρε-

2141 710 2394 763 λεύσεται
2421 710 2528 764 ἀπὸ
2564 711 2658 764 τοῦ
2685 709 2869 764 ἀνθεῖν
2897 725 2910 738 ⁸
2948 710 3007 762 τὸ
3041 711 3098 763 δὲ
3136 712 3377 781 ἑσπέρας
3416 712 3677 779 ἀποπεσεῑ,

2141 802 2320 854 εῐτουν
2349 801 2665 872 κλιθήσεται
2696 803 2778 865 εἰς
2816 803 2919 871 γῆν
2946 818 2959 832 ο
2997 802 3308 871 περιττεύει
3338 804 3396 855 δὲ
3430 805 3463 872 ἡ
3514 786 3679 874 1:960:-

2144 910 2225 957 σις
2255 910 2267 923 ’
2306 892 2425 947 εἶτα
2450 895 2947 965 σκληρυνϐήσεται,
2980 894 3382 960 δαπανωμένης
3407 895 3508 964 τῆς
3531 898 3585 949 ὲν
3598 899 3678 950 αὑ-

2140 988 2207 1055 τῇ
2263 986 2511 1055 ἰκμάδος,
2558 987 2653 1040 καὶ
2698 985 2841 1040 οὕτω
2885 985 3311 1056 ξηρανθήσεται.
3343 988 3425 1040 Τὰ
3453 989 3555 1057 γὰρ
3603 993 3678 1042 εὐ-

2140 1078 2305 1129 κτικὰ
2347 1077 2442 1130 νῦν
2479 1079 2602 1132 ἀντὶ
2651 1078 2954 1146 μελλόντων
3005 1078 3397 1146 λαμϐάνονται.
3449 1079 3519 1132 Τδ
3553 1083 3678 1147 πρωΐ

2138 1169 2196 1221 δὲ
2236 1171 2329 1221 καὶ
2368 1169 2428 1221 τὸ
2475 1170 2735 1237 ἑσπέρας
2793 1171 2913 1222 ἀντὶ
2977 1169 3070 1221 τοῦ
3117 1170 3205 1222 Ἐν
3255 1169 3474 1240 πρωΐᾳ,
3504 1172 3590 1223 καὶ
3630 1171 3677 1222 ἐν

2139 1262 2374 1331 ἑσπέρα.
2420 1262 2507 1314 Ἑν
2548 1263 2650 1331 μιᾷ
2673 1262 2730 1315 δὲ
2756 1262 2937 1332 ἡμέρᾳ
2972 1262 3101 1327 πρὶν
3132 1263 3320 1313 εἰκόνα
3353 1264 3448 1330 τῆς
3485 1262 3677 1332 ὠκυμοο

2143 1351 2262 1422 ρίας
2306 1352 2405 1421 τῆς
2448 1351 2614 1423 χλόης
2654 1352 2931 1423 ἱστόρησε,
2986 1352 3253 1405 δεικνύων
3301 1353 3362 1405 τὸ
3408 1354 3562 1423 τάχος
3594 1356 3676 1425 τῆς

2140 1445 2501 1514 παραδρομῆς
2532 1445 2724 1515 αὐτῆς.
2763 1444 2971 1512 ’ᾼλλως
3000 1463 3057 1496 τε
3087 1445 3144 1497 δὲ
3184 1445 3279 1498 καὶ
3320 1445 3403 1497 ὅτι
3430 1446 3532 1496 eiei
3556 1463 3677 1508 τινες

2139 1536 2294 1606 χλόαι
2328 1539 2386 1590 ὲν
2418 1539 2517 1609 μιᾷ
2550 1538 2736 1609 ἡμέρᾳ
2775 1537 3039 1591 ἀνθοῦσαι
3081 1537 3176 1591 καὶ
3206 1537 3564 1602 ἀπανθοῦσαι,
3600 1541 3678 1591 καὶ

2145 1626 2351 1679 ἀπολλυ
2364 1644 2523 1699 μεναι
2556 1643 2572 1658 ’
2602 1626 2780 1679 ταῦτα
2825 1627 2925 1697 μὲν
2948 1626 3145 1689 οὕτως.
3182 1627 3342 1687 Τινὲς
3365 1626 3421 1680 δὲ
3453 1626 3677 1698 περὶτῶν

2150 1715 2423 1768 Ἰουδαίων
2466 1715 2847 1786 προρῤηθῆναι
2886 1714 3063 1768 ταῦτα
3102 1732 3239 1786 φησι
3263 1732 3276 1747 ·
3329 1717 3571 1794 λέγοντες
3600 1718 3677 1770 ἐπὶ

459 1824 556 1865 sus
594 1810 665 1862 sit
695 1826 709 1862 :
745 1809 885 1878 quod
920 1809 971 1861 hi
1001 1808 1147 1863 mille
1179 1810 1329 1873 anni,
1380 1807 1468 1860 ob’
1501 1806 1716 1859 illorum
1780 1805 1986 1859 scelera
2015 1846 2019 1868 ,

2138 1806 2284 1876 χίλια
2311 1807 2403 1877 ἔτη
2433 1807 2718 1876 διαρκέσαι
2754 1808 2853 1878 τὴν
2887 1810 2945 1859 ἐν
2973 1807 3049 1878 τῷ
3078 1807 3190 1877 ναῷ
3207 1807 3462 1875 λατρείαν
3492 1791 3675 1861 αὐτῶνθ

460 1916 570 1955 non
605 1915 769 1954 secus
798 1916 824 1950 ιι
859 1899 963 1951 Deo
987 1898 1219 1967 reputari
1248 1905 1397 1961 sunt,
1417 1912 1579 1967 quam
1607 1896 1725 1950 dies
1751 1896 2028 1957 hesterna,

459 1997 624 2058 atque
660 1989 781 2042 ideo
810 1989 953 2058 quod
988 1994 1338 2056 contemptus
1364 2002 1556 2040 eorum
1584 1986 1898 2041 Judaeornm
1934 1985 2030 2039 ad-

457 2081 563 2134 huc
592 2088 772 2141 erunt,
806 2088 859 2133 et
888 2095 1101 2148 semper
1133 2080 1306 2149 magis
1337 2088 1652 2148 augescent.
1688 2080 1752 2132 Et
1784 2077 2032 2132 videmus

455 2188 588 2227 sane
618 2187 715 2226 eos
749 2188 1029 2240 nunquam
1063 2187 1316 2226 cessasse
1351 2213 1365 2234 ,
1400 2173 1528 2237 quin
1586 2186 1804 2239 semper
1855 2171 2032 2239 magis

455 2263 790 2331 contemptui
838 2263 949 2315 sint
988 2272 1043 2316 et
1078 2261 1337 2317 ludibrio.
1371 2262 1434 2314 Et
1480 2262 1581 2314 alia
1628 2262 1789 2315 etiam
1840 2276 2034 2315 conse-

455 2364 685 2423 quenter
716 2354 780 2407 ad
814 2353 1430 2423 przedictaintelligunt:
1460 2353 1610 2422 quod
1636 2354 1845 2409 scilicet
1870 2370 2031 2409 mane

453 2462 666 2510 eorum,
701 2446 802 2500 hoc
843 2456 928 2499 est
971 2445 1203 2499 felicitas
1234 2460 1449 2507 eorum,
1477 2447 1839 2513 pcrtransibit
1884 2448 2030 2501 velut

456 2536 645 2591 herba.
670 2537 870 2590 Eorum
910 2544 1088 2591 autem
1119 2536 1353 2590 felicitas
1386 2545 1598 2590 tantum
1637 2535 1856 2590 duravit
1886 2578 1901 2602 ,
1942 2554 2029 2592 rc-

456 2632 657 2693 gnante
688 2624 1004 2679 Salomone.
1059 2623 1193 2678 Nam
1237 2627 1587 2694 postmodum
1638 2642 1854 2696 semper
1896 2643 2029 2681 con-

459 2716 609 2770 cnssi
652 2725 803 2770 sunt.
836 2716 954 2769 Alia
982 2724 1162 2769 autem
1212 2732 1334 2785 qua:
1373 2724 1682 2787 sequuntur
1721 2718 1905 2782 verba,
1961 2718 2027 2773 ad

458 2806 681 2861 herbam
708 2805 936 2871 referes,
968 2821 1032 2859 eo
1064 2808 1224 2861 modo
1253 2823 1362 2877 quo
1385 2807 1496 2877 jam
1532 2809 1913 2878 przediximus.

524 3073 693 3128 Vsus.
734 3073 788 3127 7.
830 3072 969 3137 Quia
998 3073 1278 3144 deferimus
1306 3076 1359 3128 in
1402 3077 1482 3129 ira
1517 3087 1640 3141 tua,
1675 3088 1724 3131 et
1755 3080 1809 3131 in
1841 3080 2023 3147 furore

455 3172 545 3217 tuo
569 3163 771 3216 turbati
808 3179 1011 3217 sumus.
1052 3164 1379 3231 Defecimus,
1444 3166 1548 3220 hoc
1605 3176 1709 3232 est,
1759 3168 2021 3225 diminuti

453 3269 646 3309 sumus
689 3261 743 3309 et
775 3254 1098 3324 perivimus,
1136 3255 1267 3309 dum
1305 3266 1359 3311 tu
1395 3259 1641 3327 peccatis
1671 3261 1883 3316 nostris
1916 3264 2027 3317 ira-

454 3353 541 3400 tus
569 3361 650 3400 es.
697 3345 770 3400 De
806 3346 884 3399 ira
918 3354 1100 3401 autem
1151 3356 1206 3401 et
1240 3348 1424 3403 furore
1479 3349 1598 3419 (seu
1630 3352 1837 3420 potius,
1867 3354 2024 3422 juxta

453 3436 724 3492 veriorem
776 3437 980 3494 Grmcaz
1025 3439 1283 3495 dictionis
1318 3442 1487 3512 θυμὸς
1540 3444 2022 3512 signiﬁcationem,

450 3528 520 3585 de
550 3532 1049 3603 excandescentia)
1100 3552 1341 3607 perszepe
1375 3539 1503 3591 alilii
1546 3538 1753 3594 dictum
1809 3550 1915 3605 est,
1970 3551 2023 3597 et

446 3625 723 3694 praecipue
753 3625 809 3680 in
842 3627 1055 3695 psalmo
1086 3644 1162 3683 νι.

524 3714 688 3771 Vens.
726 3716 781 3772 8.
823 3716 1056 3771 Posuisti
1089 3718 1395 3787 iniquitales
1423 3731 1630 3775 nostras
1661 3724 1714 3775 in
1745 3735 2021 3793 conspectu

449 3816 562 3861 tuo.
591 3806 915 3862 Manifestas
964 3809 1223 3861 nimirum
1276 3824 1339 3863 ac
1370 3813 1698 3878 conspicuas
1728 3829 1913 3869 coram
1945 3827 2017 3871 te.

445 3895 667 3951 Etcum
701 3898 869 3952 latere
888 3915 999 3953 non
1032 3901 1285 3967 possint,
1322 3902 1414 3955 sed
1443 3904 1619 3957 riculis
1654 3907 1877 3962 assidue
1912 3909 2020 3965 tuis

448 3994 695 4055 pateant,
741 3996 797 4043 te
838 3989 1049 4044 idcirco
1091 4004 1311 4060 semper
1346 3993 1519 4063 magis
1556 3994 1776 4051 irritant
1818 4000 2020 4055 adver-

365 4115 368 4118 ~
445 4091 569 4131 sum
600 4093 722 4134 nos.

520 4168 790 4225 Surculum
852 4185 1093 4232 nostrum
1142 4182 1196 4234 in
1241 4183 1635 4239 illummaltone
1683 4184 1865 4240 uultus
1916 4187 2016 4239 tui.

445 4257 714 4315 Saeculum
742 4273 1012 4334 nostrum,
1050 4267 1155 4324 hoc
1204 4280 1290 4326 est
1350 4273 1516 4327 vitam
1551 4282 1606 4328 et
1644 4274 2018 4329 conversatio-

442 4367 568 4407 nem
604 4364 872 4411 nostram.
907 4356 1121 4425 Omnis,
1172 4361 1374 4431 inquit,
1430 4366 1537 4419 vita
1584 4373 1637 4419 et
1668 4365 2016 4420 conversatio

442 4452 630 4499 nostra
677 4446 969 4547 manifesta
1020 4456 1105 4505 est
1160 4452 1213 4505 in
1246 4463 1547 4523 conspectu
1593 4462 1721 4509 tuo:
1759 4463 1815 4510 et
1870 4454 2012 4510 idem
2050 4479 2091 4533 ο
2123 4446 2221 4547 ἧς

438 4540 524 4587 est
555 4547 777 4598 sensus,
806 4537 899 4605 qui
932 4536 986 4591 in
1017 4541 1348 4606 praecedenti
1374 4545 1670 4599 versiculo.

508 4621 677 4678 Vens.
715 4625 771 4680 9.
810 4625 1074 4691 Quoniam
1112 4645 1288 4685 omnes
1333 4634 1443 4688 dies
1487 4636 1658 4689 nostri
1689 4635 2009 4707 defecerunt.

438 4707 643 4766 Omnes
664 4714 791 4768 vita:
818 4726 1017 4772 nostra:
1043 4718 1164 4775 dies
1187 4724 1654 4790 pertransierunt.
1678 4724 1799 4780 Jam
1836 4737 2011 4781 morte

437 4804 673 4870 proximi
705 4821 933 4875 sumus;
968 4811 1040 4866 ita
1069 4813 1239 4877 enim,
1276 4814 1476 4886 inquit,
1510 4834 1598 4874 me
1643 4819 1847 4874 sentire
1890 4833 2011 4888 per-

439 4895 634 4951 suadet
683 4898 1062 4957 calamitatum
1113 4905 1482 4963 vehementia.
1543 4912 1638 4967 Est
1672 4921 1856 4966 autem
1888 4926 2008 4966 mos

438 4986 508 5042 iis
542 4990 634 5056 qui
666 4991 720 5045 in
764 4997 1039 5064 angustiis
1082 5008 1229 5067 sunt,
1262 5011 1324 5055 ut
1355 5001 1545 5057 dicant
1578 5019 1637 5058 se
1664 5004 1734 5058 ab
1780 5005 1864 5059 eis
1911 5019 2009 5074 op-

437 5092 658 5145 pressos
716 5096 860 5149 esse,
922 5100 987 5141 ac
1021 5087 1133 5155 jam
1194 5090 1447 5158 periisse,
1500 5091 1665 5147 veluti
1721 5094 2006 5164 desperata

434 5184 665 5238 prorsus
692 5175 892 5231 salute;
927 5178 1145 5234 Dictum
1190 5182 1357 5236 etiam
1389 5190 1476 5238 est
1509 5199 1772 5254 persaepe,
1820 5195 1876 5242 et
1907 5188 2007 5243 de-

432 5276 545 5316 nuo
581 5275 911 5334 repetemus,
960 5271 1104 5340 quud
1135 5270 1324 5338 dictio,
1373 5273 1662 5340 Quoniam,
1711 5291 1807 5331 seu
1843 5268 2003 5344 Quia,

432 5349 677 5422 alioquin
713 5359 934 5425 ponitur
962 5368 1021 5414 ut
1071 5362 1390 5429 confirmet,
1443 5379 1542 5434 pro
1571 5366 1730 5432 Vere,
1763 5369 2004 5439 alioquin

431 5442 700 5499 rationem
758 5448 954 5515 reddit,
1014 5460 1071 5506 et
1124 5453 1372 5523 alioquin
1434 5464 1647 5510 tantum
1710 5467 1918 5523 narrat,
1950 5469 2005 5515 et

429 5533 711 5592 abundare
742 5542 1142 5608 quodammodo
1169 5547 1408 5610 videtur,
1430 5558 1490 5601 ut
1527 5549 1613 5602 hic
1636 5565 1650 5615 ;
1677 5563 1732 5605 et
1758 5553 1833 5605 ita
1862 5566 2007 5621 saepe

433 5627 670 5693 positam
704 5644 825 5687 eam
861 5635 1181 5694 invenimus
1226 5641 1369 5710 apud
1405 5643 1622 5697 beatum
1676 5644 1865 5698 David.
1922 5646 2006 5701 Sit

431 5711 595 5779 igitur
644 5713 760 5772 haec
794 5720 890 5775 tibi
928 5722 982 5777 in
1014 5724 1258 5781 futurum
1298 5745 1489 5783 norma
1523 5731 1856 5790 certissima.
1899 5735 2003 5792 Su-

439 5801 703 5874 perﬂuum
744 5813 889 5868 enim
918 5826 1004 5871 est
1036 5818 1225 5874 eadem
1271 5836 1486 5892 semper
1518 5834 1783 5895 repetere.

2136 1899 2372 1951 τοσαῦτα
2410 1901 2520 1966 γὰρ
2550 1898 2658 1951 ἀπὸ
2684 1898 3029 1968 Σολομῶντος
3052 1899 3181 1968 ἄχρι
3206 1899 3307 1967 τῆς
3343 1899 3437 1951 τοῦ
3467 1899 3676 1968 Χριστοῦ

2138 1988 2504 2057 σταυρώσεως
2559 1990 2652 2060 ἔτη
2699 1989 3118 2059 συναριθμεῖται
3160 1992 3331 2043 Φασὶν
3359 1986 3677 2059 οὖνπροαγο·

2139 2081 2322 2150 ρεύειν
2352 2081 2649 2149 τὸνλόγον,
2682 2082 2761 2133 ὅτι
2796 2081 2953 2134 ταυτὶ
2982 2082 3048 2133 τὰ
3080 2082 3227 2150 χὲλια
3272 2082 3370 2152 ἐτη
3410 2083 3483 2144 ὡς
3514 2085 3543 2151 ή
3569 2081 3677 2151 χθὲς

2138 2173 2319 2243 ἡμέρα
2344 2172 2780 2239 συλλελόγισται,
2838 2173 2925 2225 διὰ
2971 2176 3069 2242 τὴν
3106 2174 3456 2243 παρανομίαν
3502 2174 3672 2226 αὐτῶν.

2134 2265 2227 2317 Διὸ
2271 2265 2337 2317 τὰ
2391 2264 2807 2333 ὲξουδενώματα
2864 2266 3046 2319 αὐτῶν
3103 2267 3211 2320 τῶν
3284 2266 3552 2319 Ἰουδαίων
3599 2268 3673 2318 ἐπὶ

2136 2353 2322 2406 πλεῖον
2345 2354 2583 2418 ἔσονται,
2603 2356 2691 2407 ἀεὶ
2721 2357 3224 2427 προσεπιγινόμενα
3244 2374 3260 2387 ’
3291 2359 3389 2410 καὶ
3412 2359 3474 2429 δὴ
3506 2358 3673 2427 βλέποι

2137 2463 2238 2515 μεν
2291 2446 2491 2507 αὐτοὺς
2544 2446 2800 2499 οὐδέποτε
2871 2448 3087 2502 παῦλαν
3147 2450 3246 2519 τῆς
3301 2450 3672 2516 ἐξουδενὼσεως

2131 2537 2527 2606 λαμϐάνοντας.
2562 2539 2671 2591 Καὶ
2702 2538 2870 2593 τᾶλλα
2924 2540 2981 2592 δὲ
3020 2541 3333 2604 exclamo);
3374 2541 3591 2606 νοοῦσιν,
3606 2544 3669 2594 ὅτι

2129 2629 2190 2681 τὸ
2238 2628 2383 2699 πρωῒ
2422 2630 2813 2701 αὑτῶν,ἦγουν
2844 2632 2876 2703 ἡ
2916 2632 3189 2703 εὐημερια
3214 2633 3425 2698 αὐτῶν,
3460 2632 3528 2695 ὼς
3559 2633 3666 2702 χλόη

2130 2721 2525 2790 παρεὶεὺσεται
2552 2738 2565 2750 ⁸
2591 2723 2862 2793 εὐημερία
2885 2723 2941 2776 δὲ
2975 2723 3157 2777 αὐτῶν
3185 2724 3329 2795 ήὲπὶ
3358 2725 3667 2793 Σολομῶντος

2131 2814 2293 2882 μόνον
2350 2814 2599 2884 βασιλεία
2630 2832 2643 2844 ·
2691 2819 2750 2868 τὸ
2794 2816 2904 2887 γὰρ
2932 2817 3062 2888 ἑξῆς
3109 2819 3489 2888 ὲκυμαίνοντο.
3533 2816 3668 2869 Teii

2128 2904 2330 2974 ἐφεξῆς
2380 2906 2519 2977 ρηεά
2563 2905 2638 2971 ὡς
2686 2909 2784 2975 τὴν
2826 2908 2991 2980 χλόην
3034 2909 3362 2975 ἀποδώσεις,
3411 2912 3484 2973 ὡς
3517 2910 3669 2979 προεὶ-

2131 3013 2313 3065 ρηται.

2203 3091 2323 3144 ’Ότι
2343 3092 2701 3158 ἑξελίυτομεν
2718 3096 2789 3147 ἐν
2808 3093 2882 3163 τῇ
2898 3094 3047 3164 ὀργῆ
3064 3112 3203 3159 σου,
3228 3098 3325 3151 και
3345 3098 3417 3151 ἐν
3437 3096 3511 3161 τῷ
3528 3093 3665 3163 ουμῷ

2129 3198 2247 3237 σου
2290 3183 2721 3253 ἐταράχθημεν.
2754 3214 2821 3226 --
2857 3188 3272 3256 Ἐξελιπομεν,
3297 3190 3417 3241 ἀντὶ
3437 3187 3665 3249 705,61:-

2129 3276 2408 3344 γώθημεν,
2468 3277 2824 3347 ἀπωλόμεθα.
2868 3281 2926 3331 ὲν
2969 3280 3047 3349 τῷ
3096 3280 3416 3351 ὀργισθῆναί
3456 3296 3508 3332 σε
3553 3281 3665 3347 ἡμῖν

2131 3367 2525 3437 ἁμαρτάνουσι.
2583 3371 2715 3437 Περὶ
2754 3370 2808 3424 δὲ
2838 3372 2936 3438 τῆς
2963 3373 3133 3441 ὀργῆς
3162 3390 3254 3425 σου
3285 3374 3378 3425 καὶ
3398 3373 3485 3425 τοῦ
3514 3370 3660 3438 ϐυμοῦ

2128 3456 2400 3527 διαφόρως
2426 3458 2643 3529 εἴρηται
2680 3477 2692 3491 ·
2732 3463 2827 3513 καὶ
2869 3464 3072 3528 μᾶλλον
3114 3464 3170 3514 ἐν
3197 3463 3273 3532 τῷ
3305 3468 3357 3527 ς’
3383 3460 3580 3530 ψαλμῷ.

2201 3743 2384 3801 Ἔθου
2423 3743 2529 3810 τὰς
2551 3745 2808 3816 ἀνομίας
2835 3748 3006 3815 ἡμῶν
3031 3750 3314 3804 ἐναντίον
3352 3769 3480 3806 σου.
3517 3752 3661 3803 Ἕθου

2124 3836 2296 3899 αὐτὰς
2334 3837 2551 3907 γυμνὰς
2593 3838 2830 3891 ἐνώπιόν
2889 3858 3005 3901 σου,
3038 3841 3133 3896 καὶ
3168 3841 3435 3911 ὁρώμεναι
3472 3843 3527 3895 οὐ
3554 3842 3662 3893 δια-

2123 3927 2503 3994 λανθάνουσιν,
2530 3929 2666 3984 ἁλλὰ
2695 3930 2793 3985 καὶ
2822 3932 3060 4001 μάλιστα
3090 3933 3449 4004 παροξύνουσε
3471 3952 3523 3988 σε
3551 3934 3658 3987 καθ’

2122 4020 2303 4091 ήμῶν.

2207 4200 2273 4255 Ὀ
2319 4202 2467 4258 αἰὼν
2503 4205 2674 4275 ἡμῶν
2707 4210 2796 4273 εἱς
2853 4208 3167 4278 φωτισμὸν
3217 4211 3324 4264 τοῦ
3373 4210 3659 4278 προσώπου

2119 4306 2261 4348 σου.
2291 4295 2472 4350 Αἰῶνα
2498 4297 2592 4351 νῦν
2622 4301 2716 4352 τὸν
2741 4299 2856 4368 βίον
2888 4300 3036 4369 λέγει
3069 4302 3166 4354 καὶ
3189 4302 3288 4373 τὴν
3321 4303 3477 4372 ζωήν.
3500 4303 3611 4354 Ὄλο
3641 4342 3655 4363 ,

2119 4386 2310 4454 φησὶν,
2346 4390 2374 4439 ὀ
2409 4387 2524 4456 βίος
2553 4390 2732 4459 ἡμῶν,
2765 4393 2862 4464 ὅλη
2898 4396 2929 4464 ἡ
2977 4396 3091 4463 ζωὴ
3120 4398 3202 4459 εἰς
3230 4397 3295 4449 τὸ
3323 4398 3547 4467 ἐμφανὲς
3572 4397 3653 4463 τῆς

2265 4479 2579 4550 ἐπισκοπῆς,
2611 4485 2809 4551 κεῖται,
2872 4489 3119 4541 τουτέστι
3158 4491 3529 4560 πεφανέρωταί
3564 4499 3682 4541 σοι.”

2130 4569 2190 4622 Ὀ
2220 4570 2278 4624 δὲ
2309 4590 2435 4636 νους
2460 4592 2644 4644 epoto;
2672 4578 2765 4630 τοῦ
2805 4578 3172 4647 προλαϐόντος
3208 4583 3418 4652 στίχου.

2192 4661 2313 4715 Ὀτι
2341 4663 2532 4720 πᾶσαι
2564 4669 2626 4720 αἱ
2659 4666 2874 4735 ἡμέραι
2904 4670 3075 4737 ἡμῶν
3101 4671 3410 4733 ἐξέλιπον.
3440 4673 3500 4724 Ai
3536 4669 3655 4740 ἡμέ-

2116 4768 2210 4821 ραι
2242 4752 2344 4821 τῆς
2375 4754 2522 4823 ζωῆς
2554 4757 2713 4827 ἡμῶν
2758 4758 3058 4829 παρῆλθον.
3095 4761 3173 4832 Τῇ
3207 4762 3428 4833 τελευτῇ
3468 4762 3654 4826 πεπλη-

2116 4844 2390 4913 σιάκαμεν
2422 4858 2436 4872 ’
2494 4846 2637 4899 οὓτω
2670 4847 2779 4918 γὰρ
2816 4865 2885 4917 με
2922 4848 3097 4902 πείθει
3132 4853 3275 4904 νοεῖν
3304 4854 3337 4923 ἡ
3383 4851 3659 4922 σιροδρότης

2110 4939 2222 4993 τῶν
2251 4942 2568 5013 συμφορῶν.
2610 4943 2771 5008 Ἔθος
2802 4945 2860 4998 δὲ
2896 4946 2991 5000 καὶ
3031 4947 3207 5011 ἄλλως
3232 4952 3347 5013 τοῖς
3375 4952 3431 5002 ἐν
3467 4947 3652 5015 θλίψεσι

2112 5030 2316 5100 λέγειν,
2340 5035 2418 5086 ὅτι
2445 5036 2809 5106 τεθνήκαμεν,
2857 5039 3254 5106 ἀποπνιγέντες
3293 5043 3416 5105 ταῖς
3446 5040 3653 5106 Gliciam,

2112 5123 2208 5176 mi.
2230 5124 2613 5193 ἀπεγνωκότες
2631 5128 2733 5197 τὴν
2758 5130 3052 5198 σωτηρίαν.
3083 5131 3315 5202 Εἴρηται
3337 5133 3393 5186 δὲ
3423 5132 3656 5190 πολλάκις

2111 5214 2382 5285 περὶτοῦ,
2421 5218 2571 5280 Ὅτι,
2598 5219 2695 5273 καὶ
2728 5218 2823 5272 νῦν
2863 5219 2922 5273 δὲ
2947 5220 3179 5275 καθόλου
3209 5223 3426 5292 ῥητέον,
3449 5224 3520 5275 ὅτι
3538 5220 3653 5272 ἔνθα

2111 5307 2451 5383 εὑρίσκεται,
2480 5311 2513 5382 ἢ
2547 5312 2892 5382 ἀντιλογικδν
2916 5319 3140 5382 νοεῖται,
3171 5316 3205 5387 ἢ
3236 5316 3589 5386 βεϐαιωτικὸν,
3622 5313 3650 5379 ἦ

2109 5398 2514 5470 διηγηματικὸν
2548 5405 2643 5456 καὶ
2677 5406 2974 5477 παρέλκον,
3011 5407 3088 5470 ὡς
3119 5408 3215 5461 καὶ
3257 5408 3376 5463 νῦν.
3417 5406 3570 5461 Τοῦτο
3600 5405 3651 5456 δὲ

2110 5490 2205 5544 καὶ
2241 5488 2444 5559 μᾶλλον
2475 5493 2765 5558 πλεονάζει
2791 5497 2943 5567 παρά
2981 5497 3061 5568 τῷ
3115 5499 3301 5555 Δασίδ.
3337 5501 3441 5552 Καὶ
3482 5495 3650 5547 λοιπὸν

2109 5581 2251 5636 ἔστω
2277 5602 2361 5637 σοι
2388 5584 2569 5651 τοῦτο,
2607 5589 2689 5650 εις
2734 5588 2795 5642 τὸ
2842 5590 2987 5660 ἑξῆς,
3027 5591 3212 5644 κανὼν
3259 5592 3645 5663 ἀκριϐέστατος-

2108 5675 2369 5744 Περιττὸν
2395 5677 2503 5749 γὰρ
2546 5678 2807 5746 πολλάκις
2859 5682 2988 5754 περὶ
3031 5684 3142 5741 τῶν
3172 5684 3349 5739 αὐτῶν
3386 5681 3548 5750 λέγειν
3582 5674 3648 5727 τὰ

2108 5767 2266 5821 αὑτά.
