3796 6530
199 330 309 393 933

1366 332 1755 393 COMMENT.
1794 332 1876 392 IN
1920 332 2055 391 PSA
2065 330 2283 390 LMOS.

3345 337 3449 401 934

272 445 380 499 Καὶ
427 444 497 497 ἐν
543 442 618 512 τῇ
670 442 823 512 ὁρτῇ
867 457 985 497 σου
1036 443 1419 513 ἐξελίπομεν.
1475 446 1647 499 Τοῦτο
1682 463 1748 499 κα

1955 443 2022 497 Et
2080 445 2132 496 in
2165 444 2249 496 ira
2282 451 2375 495 tua
2428 442 2739 511 defecimus.
2778 442 2923 498 Idem
2983 445 3145 500 etiam
3201 453 3457 518 superius

191 539 455 606 ἀνωτέρω
486 536 701 608 εἴρηκε.
751 536 1059 606 Διττολογεῖ
1108 537 1167 591 δὲ
1223 537 1371 611 νόμῳ
1412 538 1522 594 τῶν
1549 540 1772 593 ἐλεεινο⁹

190 631 428 699 λογουμέ
436 648 565 683 νων.

271 725 347 776 Τὰ
371 722 475 789 ἐτη
514 720 682 791 ἡμῶν
728 721 872 775 ὡσεί
906 722 1139 792 ἀράχνη
1178 720 1493 789 ἐμελέτων.
1532 722 1769 792 Ἀράχνη

189 817 292 869 νῦν
328 820 356 869 ὀ
388 818 487 887 τῆς
539 818 790 887 ἀράχνης
816 817 961 880 ἱστός
994 833 1007 845 ·
1058 816 1385 887 Ἐμελέτων
1408 817 1484 879 δὲ,
1522 817 1646 870 ἀντὶ
1675 815 1771 868 τοῦ

199 907 585 978 Ἐμελετῶντο
608 946 624 970 ,
677 907 880 972 εῑτουν,
914 906 1224 974 ἐλογίζοντο
1250 922 1263 935 ·
1298 905 1448 972 λέγει
1480 904 1659 959 τοίνυν
1686 904 1770 957 ὅτι

186 1002 262 1054 τὰ
296 1001 389 1071 ἔτη
430 999 590 1069 ἡμῶν
618 999 951 1068 ἐλογίζοντο,
1004 998 1253 1051 τουτέστι
1280 996 1587 1065 λογίζονται
1616 997 1769 1067 ἡμῖν,

184 1094 330 1147 ὡσεὶ
366 1095 613 1163 ἀράχνης
650 1092 817 1156 ίστὸς,
849 1090 1123 1161 ὲπίμοχθα
1160 1092 1255 1144 καὶ
1303 1090 1663 1160 ὀλιγοχρόνια.
1712 1087 1771 1142 Ὀ

182 1188 305 1258 γὰρ
336 1185 574 1248 τοιοῦτος
609 1185 754 1248 ἱστὸς
780 1183 961 1252 πολλῷ
991 1183 1091 1253 μὲν
1124 1184 1410 1251 ὑφαίνεται
1456 1181 1641 1252 μόχθῳ
1682 1178 1771 1233 διὰ

179 1283 291 1351 τὴν
316 1281 457 1347 ἄγαν
478 1276 809 1348 λεπτότητα,
861 1274 1058 1329 θᾶττον
1110 1274 1176 1327 δὲ
1216 1273 1498 1344 φθείρεται
1545 1271 1635 1325 διὰ
1671 1270 1772 1340 τὴν

178 1369 500 1422 ἀσθένειαν.

250 1633 323 1685 Al
348 1630 560 1700 ἡμέραι
581 1629 700 1684 τῶν
714 1630 864 1685 ἐτῶν
886 1631 1056 1701 ἡμῶν
1077 1631 1146 1685 ἐν
1179 1631 1384 1697 αὐτοῖς
1409 1631 1773 1701 ἐϐδομήκον-

176 1740 262 1777 τα
281 1724 418 1790 Ern“
441 1723 550 1777 ἐὰν
587 1722 654 1776 δὲ
676 1723 746 1777 ἐν
773 1722 1186 1790 δυναστείαις,
1234 1723 1611 1794 ὀγδοήκοντα
1639 1724 1766 1791 ἐτη.

1872 536 2033 599 dixit,
2063 536 2157 590 sed
2211 550 2520 590 sermonem
2555 539 2769 606 repetit,
2802 551 2991 592 eorum
3028 554 3197 607 more,
3229 544 3321 609 qui
3351 544 3459 595 mi-

1871 626 2231 682 sericordiam
2268 625 2589 695 implorant.

1943 716 2111 773 Vsus.
2153 717 2237 774 l0.
2276 718 2417 771 Anni
2441 721 2610 773 nostri
2632 720 2784 790 quasi
2808 737 3007 775 aranea
3040 723 3451 782 meditabantur.

1870 809 2144 865 Araneam
2194 810 2354 879 ponit
2387 826 2487 880 pro
2543 826 2758 867 araneae
2810 813 2944 878 tela.
2983 812 3225 869 Verbum
3271 827 3452 872 autem

1873 903 2281 958 Meditabantur
2310 904 2364 957 in
2393 905 2610 974 passiva
2643 906 2734 961 hic
2762 907 3163 976 signiﬁcatione
3213 911 3449 978 positum

1870 1006 1979 1051 est.
2049 1011 2150 1067 pro
2200 996 2694 1060 Existimabantur,
2750 1013 2847 1052 seu
2894 997 3330 1068 Reputabantnr.
3388 1001 3455 1054 Et

1872 1100 2073 1141 sensus
2104 1094 2212 1150 est,
2244 1086 2390 1155 quod
2418 1087 2546 1140 anni
2580 1088 2753 1142 nostri
2798 1103 2827 1141 a
2868 1090 3031 1145 nobis
3061 1092 3455 1145 existimaban-

1870 1183 1984 1242 tur,
2037 1192 2138 1247 pro
2191 1175 2608 1244 Existimantur,
2670 1179 2828 1248 quasi
2883 1193 3096 1234 aranea:
3148 1181 3274 1241 tela,
3334 1197 3456 1250 qua:

1871 1280 2088 1321 summo
2134 1267 2194 1321 iit
2247 1269 2614 1336 cnmlabore,
2649 1277 2702 1324 ct
2735 1270 2954 1325 modico
2989 1272 3152 1326 durat
3185 1278 3452 1341 trmpore.

1870 1357 1954 1413 Ob
2004 1359 2303 1413 maximam
2340 1361 2487 1414 enim
2536 1376 2724 1415 earum
2780 1364 3104 1418 tenuitatem
3157 1380 3268 1419 non
3341 1380 3454 1419 me-

1872 1448 2051 1504 diocri
2111 1457 2379 1505 texuntur
2409 1466 2535 1507 cum
2590 1452 2800 1518 labore,
2858 1463 2915 1510 et
2968 1455 3039 1510 ob
3075 1456 3450 1512 inﬁrmitatem

1873 1538 2126 1595 celeriter
2150 1547 2403 1610 pereunt.

1944 1628 2070 1685 Dies
2092 1647 2354 1685 annorum
2376 1641 2678 1687 nostrorum
2702 1636 2755 1689 in
2777 1636 2906 1702 ipsis
2928 1640 3258 1708 septuaginta
3280 1640 3409 1692 anni
3433 1656 3453 1692 :

1873 1721 1921 1776 si
1957 1732 2132 1776 autem
2159 1724 2214 1776 in
2239 1714 2622 1791 potentatibus,
2657 1728 2929 1797 octoginta
2961 1730 3109 1781 anni.
3144 1729 3450 1785 Numerum

188 1814 470 1868 Ἐνταῦθα
497 1815 591 1868 τὸν
624 1812 859 1885 ἀριθμὸν
890 1814 1136 1879 ὁρίζεται
1166 1815 1277 1868 τῶν
1304 1814 1464 1877 ἐτῶν,
1493 1815 1631 1868 πόσα
1667 1813 1748 1884 μέπ

1893 1827 2148 1867 Innorum
2184 1814 2536 1880 determinat,
2567 1826 2702 1885 quot
2745 1818 2858 1872 sint
2886 1818 3145 1873 nimirum
3178 1822 3306 1874 anni
3343 1836 3451 1891 po-

175 1908 297 1960 εἰσι
324 1906 430 1976 τῆς
459 1906 767 1973 δυνάμεως,
798 1907 939 1961 πόσα
989 1906 1048 1959 δὲ
1083 1907 1150 1961 τὰ
1188 1907 1286 1976 τῆς
1317 1906 1459 1976 βίας.
1488 1908 1629 1978 Φησὶ
1656 1906 1766 1976 γὰρ

173 1999 268 2051 ὅτι
299 2000 357 2051 αἱ
396 1998 602 2069 ἡμέραι
632 1998 739 2050 τῶν
767 1996 908 2051 ἐτῶν
937 1997 1115 2068 ὴμῶν,
1152 1997 1320 2067 ἤγουν
1350 1996 1418 2050 τὰ
1453 1996 1547 2065 ἐτη
1583 1995 1764 2065 ἡμῶν,

174 2090 245 2143 ἐν
275 2091 466 2153 αὐτοῖς
502 2070 622 2158 μὲν,
666 2090 834 2160 ἤγουν
863 2090 920 2142 ὲν
961 2089 1198 2151 ἑαυτοῖς,
1232 2088 1609 2160 ἑόδομήκοντα
1668 2088 1765 2158 ἔτη

175 2182 357 2237 εἰσίν.
398 2183 523 2235 Ἐπὶ
560 2181 814 2235 τοσοῦτον
844 2180 954 2251 γὰρ
987 2182 1201 2234 ἑαυτῶν
1241 2183 1431 2250 ἐσμεν,
1460 2183 1764 2247 τουτέστιν,

174 2274 403 2329 ἑαυτῶν
434 2274 779 2345 κυριεύοντες
840 2273 1151 2343 ὲνδυνάμως
1185 2273 1505 2343 κινούμεθα.
1554 2274 1680 2327 Ἐὰν
1707 2274 1766 2327 δὲ

172 2369 243 2421 ὲν
284 2346 635 2430 δυναστείαις
659 2383 746 2430 τις
770 2366 938 2437 μέλλῃ
975 2368 1097 2439 ζῇν,
1125 2366 1154 2419 ὅ
1178 2367 1326 2420 ἐστιν
1357 2368 1415 2420 ὲν
1439 2366 1551 2438 βίᾳ,
1580 2365 1667 2419 διὰ
1705 2366 1767 2418 τὸ

174 2462 352 2531 μόγις
379 2461 442 2514 τὸ
468 2457 754 2526 δύνασθαι,
783 2459 1117 2530 ὀγδοήκοντα
1148 2457 1243 2529 ἔτη
1279 2458 1399 2510 τότε
1445 2457 1623 2527 ζήσει.

162 2796 167 2799 _
253 2732 338 2788 Τὸ
372 2731 444 2787 δὲ
493 2728 709 2785 πλεῖον
742 2726 945 2786 αὐτῶν
999 2728 1191 2795 κόπος
1220 2726 1322 2782 καὶ
1350 2728 1560 2791 στόνος.
1602 2726 1675 2779 Τὸ
1707 2726 1765 2780 δὲ

174 2825 449 2879 ὶπέκεινα
489 2823 718 2888 τούτων,
764 2822 890 2876 ὅσον
919 2819 1078 2890 ζήσει
1117 2837 1223 2885 τις,
1258 2819 1428 2882 κόπος
1460 2817 1556 2871 καὶ
1600 2817 1764 2880 πόνος

173 2918 346 2971 ἔσται
406 2916 496 2970 διὰ
562 2916 662 2987 τὴν
712 2915 856 2985 ἄγαν
900 2915 1208 2968 ἀσθένειαν.
1240 2912 1424 2974 Κόπος
1461 2910 1561 2980 μὲν
1602 2908 1761 2979 οὒνή

170 3008 560 3079 ταλαιπωρία,
618 3008 781 3070 πόνος
807 3005 866 3060 δὲ
897 3007 959 3059 τὸ
1002 3006 1186 3073 ἄλγος.
1219 3005 1375 3067 Τινὲς
1398 3003 1456 3058 δὲ
1489 3003 1550 3056 τὸ
1581 3002 1764 3055 πλεῖον

170 3103 293 3156 τῶν
330 3101 713 3173 ὲὸδομήκοντα
746 3101 780 3172 ἢ
825 3100 1157 3170 ὀγδοήκοντα
1198 3098 1337 3150 ἐτῶν
1387 3096 1713 3167 νενοήκασιν
1742 3106 1761 3124 ⁶

169 3196 259 3250 ὅτι
288 3193 453 3265 ὀλίγη
472 3194 571 3264 μὲν
592 3195 651 3248 ὲν
666 3194 881 3257 ἑαυτοῖς
903 3194 936 3260 ἡ
969 3190 1182 3262 τέρψις,
1221 3190 1400 3244 πλεῖον
1416 3188 1473 3242 δὲ
1519 3189 1553 3257 ή
1584 3186 1763 3256 θλίψις

170 3290 269 3343 διὰ
302 3289 378 3341 τὰ
410 3289 611 3358 συνεχῆ
644 3285 1060 3357 συμπτώματα.

250 3466 390 3519 Ὅτι
410 3461 637 3531 ἐπῆλθε
662 3464 929 3533 πραότης
961 3458 1054 3530 ἐφ’
1082 3458 1263 3528 ἡμᾶς.
1300 3460 1396 3512 καὶ
1442 3455 1765 3521 παιδευθη-

170 3563 438 3630 σόμεθα.
469 3557 760 3628 Πραότητα
811 3555 908 3611 νῦν
944 3556 1045 3626 τὴν
1092 3553 1322 3624 μετρίαν
1366 3553 1432 3605 ὲκ
1470 3549 1608 3603 Θεοῦ
1645 3565 1765 3600 παι-

167 3655 337 3708 δείαν
373 3651 649 3721 ὠνόμασε.
675 3650 967 3721 Πραότητα
999 3648 1056 3701 δὲ
1081 3647 1255 3716 αὐτὴν
1288 3640 1433 3708 εἷπε,
1462 3642 1601 3711 πρὸς
1627 3640 1761 3707 σύγ-

167 3761 373 3815 κρισιν
426 3738 495 3815 ἧς
550 3744 716 3812 ὲσμεν
745 3739 886 3807 ἄξιοι
913 3738 1208 3811 τιμωρίας,
1239 3736 1329 3789 διὰ
1356 3735 1456 3795 τὰς
1487 3733 1763 3805 ἁμαρτίας

168 3834 366 3907 ἡμῶν.

253 4122 357 4186 Τίς
377 4116 659 4188 γινώσκει
687 4115 755 4170 τὸ
783 4115 1001 4183 κράτος
1039 4112 1152 4182 τῆς
1194 4109 1378 4179 ὀργῆς
1416 4125 1534 4163 σου
1563 4125 1582 4172 ;
1634 4107 1761 4160 Ἐὰν

166 4218 204 4283 ή
244 4212 432 4285 μικρὰ
468 4228 563 4265 σου
613 4207 835 4262 παιδεία
867 4204 1141 4274 τοσαύτην
1165 4206 1300 4275 ἡμῖν
1339 4200 1598 4269 αἴσθησιν
1645 4201 1761 4252 ὲνε-

164 4307 404 4376 ποίησε,
449 4306 529 4367 τίς
569 4303 680 4372 ἄρα
727 4300 989 4369 γινώσκει
1019 4298 1183 4365 πόση,
1224 4294 1319 4350 xei.
1360 4294 1513 4360 ποία,
1549 4293 1644 4346 καὶ
1676 4291 1761 4353 τίς

166 4402 336 4452 ἐστιν
364 4397 400 4466 ἠ
433 4396 588 4465 ἰσχὺς
622 4393 722 4463 τῆς
751 4392 922 4463 ὀργῆς
953 4405 1084 4455 σούς
1124 4388 1250 4441 Ἐπὶ
1282 4389 1396 4449 τοῖς
1426 4382 1758 4454 ἁνεπιστρό-

164 4505 301 4559 φως
336 4486 551 4557 ἔχουσιν
587 4483 758 4546 ὅντως
782 4480 948 4550 πολλὴ
980 4478 1218 4531 ἐστικαὶ
1255 4478 1554 4547 ἀφόρητος.

244 4665 365 4721 Kal
396 4663 516 4718 ἀπὸ
533 4663 640 4718 τοῦ
671 4663 863 4732 φόϐου
888 4676 1007 4715 σου
1036 4661 1142 4714 τὸν
1168 4660 1361 4729 θυμόν
1383 4673 1503 4713 σου
1528 4658 1760 4728 ἐξαριθ-

157 4762 498 4832 μήσασθαι
521 4773 542 4822 ;
567 4756 680 4809 Καὶ
712 4754 797 4818 τίς
848 4754 1011 4809 πάλιν
1044 4752 1303 4822 γινώσκει
1354 4752 1628 4823 μετρῆσαι
1667 4755 1759 4806 τὸν

165 4853 361 4924 θυμόν
398 4868 495 4905 σου
526 4866 549 4916 ;
580 4849 831 4903 τουτέστι
884 4846 1181 4917 διαγνῶναι
1212 4845 1377 4908 πόσος
1415 4846 1583 4898 ἐστιν.
1636 4846 1763 4898 ὐν-

164 4959 292 5006 τως
320 4941 496 5003 οὐδεὶς
520 4939 680 4992 τοῦτο
703 4937 1019 5003 δυνήσεται,
1051 4936 1141 4990 διὰ
1178 4937 1239 4989 τὸ
1267 4932 1408 4989 εἷναί
1434 4951 1493 4987 σε
1527 4932 1760 5005 φοϐερὸν

164 5037 350 5104 ἄγαν.

253 5128 383 5192 Τὴν
430 5124 640 5190 δεξιάν
695 5140 813 5180 σου
862 5124 1016 5179 οὕτω
1064 5119 1363 5192 γνώρισόν
1397 5137 1520 5190 μοι.
1551 5120 1760 5189 Οὕτως,

162 5224 355 5293 ἤγουν
376 5219 435 5273 ὲν
462 5220 731 5290 πραότητι
764 5219 860 5271 καὶ
890 5218 1090 5288 μετρίᾳ
1116 5216 1333 5287 παιδείᾳ
1361 5214 1639 5287 ῥυθμίζων
1664 5232 1758 5284 με,

165 5311 458 5382 γνώρισόν
483 5327 575 5381 μοι
612 5307 712 5377 τὴν
754 5308 936 5372 δεξιάν
980 5324 1073 5359 σου
1115 5309 1174 5360 ὲν
1210 5310 1277 5378 τῇ
1313 5306 1499 5377 ἡμέρᾳ
1523 5307 1621 5374 τῆς
1642 5304 1761 5376 κρίο

169 5402 662 5473 σεως.ῐ’νωρίσεις
679 5417 768 5469 μοι
791 5399 850 5453 δὲ
869 5400 1060 5470 αὐτὴν,
1088 5403 1291 5471 στήσας
1321 5401 1379 5452 ἐν
1406 5401 1469 5469 τῇ
1494 5397 1643 5468 δεξιᾷ
1665 5413 1757 5449 σου

175 5486 335 5558 μετὰ
362 5486 471 5541 τῶν
501 5487 815 5559 προϐάτων.

256 5659 375 5714 Kal
411 5661 554 5727 τοὺς
590 5662 1041 5732 πεπεδτυιένους
1078 5663 1151 5732 τῇ
1199 5663 1413 5731 καρδίᾳ
1444 5664 1512 5716 ἐν
1550 5663 1756 5732 σοφίᾳ.

169 5752 300 5805 Καὶ
328 5750 412 5806 ἔτι
441 5753 707 5825 γνώρισόν
741 5772 831 5825 μοι
878 5757 999 5811 τότε
1028 5755 1156 5820 τοὺς
1189 5755 1455 5823 δικαίους,
1491 5754 1759 5821 συντάξας

1870 1906 2072 1971 lentiae,
2117 1906 2221 1960 hoc
2248 1914 2334 1962 est
2363 1906 2600 1971 roboris,
2650 1923 2746 1963 seu
2781 1910 2978 1964 virium
3012 1927 3027 1965 :
3064 1920 3118 1965 et
3164 1921 3297 1980 quot
3342 1912 3452 1965 sint

1870 1997 1997 2051 anni
2031 1995 2325 2052 violentiae.
2357 1998 2449 2052 Ait
2474 1997 2663 2068 igitur,
2698 2000 2846 2070 quod
2874 2000 2994 2056 dies
3044 2018 3318 2057 annorum
3347 2018 3450 2057 uo-

1871 2096 2137 2152 strorum,
2166 2089 2270 2143 hoc
2295 2098 2401 2153 est,
2437 2089 2588 2159 quod
2622 2090 2751 2143 anni
2788 2092 2992 2156 nostri,
3031 2094 3085 2145 in
3133 2093 3287 2161 ipsis,
3323 2109 3445 2162 pro,

1870 2179 1926 2233 in
1993 2178 2155 2235 nobis
2215 2179 2371 2248 ipsis,
2432 2187 2561 2234 sunt
2596 2181 2945 2251 septuaginta
2980 2183 3131 2237 anui.
3188 2184 3448 2254 ansque

1868 2270 2014 2326 enim
2066 2283 2170 2325 nos
2215 2271 2398 2325 nostri
2433 2284 2652 2335 sumus,
2692 2272 2798 2328 hoc
2829 2281 2940 2337 est,
2974 2275 3150 2328 nostri
3191 2276 3449 2330 domina-

1870 2377 2017 2425 mur,
2050 2362 2358 2432 roboreque
2406 2378 2471 2417 ac
2512 2364 2726 2420 viribus
2762 2367 2973 2422 nostris
3019 2382 3343 2434 movemur;
3398 2369 3445 2423 si

1871 2463 2055 2507 autem
2091 2454 2146 2508 in
2185 2454 2561 2524 potentatibus
2587 2455 2717 2525 quis
2748 2457 3002 2515 victurus
3052 2460 3145 2524 sit,
3197 2461 3301 2515 hoc
3334 2468 3443 2524 est,

1870 2543 1928 2599 in
1965 2545 2248 2612 violentia,
2277 2562 2345 2602 eo
2372 2549 2519 2618 quod
2567 2556 2702 2604 tunc
2738 2550 2825 2605 vix
2858 2551 3063 2621 aliquid
3100 2551 3215 2607 ﬁeri
3245 2563 3445 2623 pctest,

1868 2638 2150 2707 octoginta
2185 2639 2349 2694 annis
2381 2641 2508 2709 quis
2536 2641 2705 2695 vivet.
3023 2660 3029 2665 '

1940 2727 2011 2780 Et
2042 2729 2181 2798 quod
2243 2730 2473 2799 amplius
2522 2746 2706 2784 eorum
2773 2731 2926 2784 labor
2976 2740 3025 2785 et
3063 2731 3237 2787 dolor.
3288 2732 3445 2787 Ultra

1870 2820 1971 2876 hos
1999 2834 2179 2875 annos
2227 2822 2275 2876 si
2323 2823 2452 2890 quis
2484 2823 2708 2887 vixerit,
2743 2823 2901 2878 labor
2932 2824 2984 2879 ei
3019 2825 3124 2879 erit
3170 2833 3224 2881 et
3263 2826 3444 2893 dolor,

1868 2912 1939 2966 ob
1967 2926 2242 2967 summam
2298 2911 2558 2966 nimirum
2593 2912 2774 2968 atatis
2814 2913 3213 2970 inﬁrmitatem.
3269 2912 3448 2970 Labo-

1866 3015 1982 3057 rem
2010 3010 2195 3057 autem
2224 3001 2313 3055 hic
2345 3004 2538 3071 posuit
2557 3017 2658 3073 pro
2675 3004 2917 3060 miseria.
2935 3005 3119 3075 Aliqui
3152 3022 3214 3062 ea
3240 3009 3440 3063 verba:

1868 3091 1941 3147 Et
1971 3093 2113 3162 quod
2143 3094 2374 3157 amplius
2421 3110 2630 3160 eorum,
2666 3096 2744 3150 ita
2789 3097 3179 3152 intellexerunt
3214 3102 3357 3169 quod
3388 3101 3443 3153 iu

1867 3184 1938 3240 iis
1972 3186 2157 3251 annis,
2214 3187 2307 3255 qui
2368 3194 2500 3241 sunt
2549 3188 2692 3242 ultra
2746 3188 2921 3244 dictos
2960 3193 3305 3258 septuaginta
3358 3193 3443 3246 vel

1867 3278 2141 3346 octoginta
2172 3292 2373 3344 annos,
2413 3278 2630 3333 modica
2661 3287 2746 3334 est
2791 3280 2845 3334 in
2879 3282 2960 3336 eis
2991 3268 3305 3347 delectatio,
3344 3284 3440 3338 sed

1867 3369 2044 3437 major
2071 3378 2156 3423 est
2180 3369 2429 3430 alliictio,
2466 3380 2690 3441 propter
2725 3370 3046 3442 frequentes
3077 3388 3266 3429 casus.

1936 3461 2198 3526 Quoniam
2228 3466 2527 3529 supervenit
2551 3467 2896 3519 mansuetudo
2926 3468 2980 3520 in
3008 3483 3123 3531 nos,
3155 3477 3205 3521 et
3232 3468 3444 3523 erudie.

1866 3568 2005 3607 mur.
2041 3552 2147 3608 Per
2185 3556 2678 3610 mansuetudinem
2733 3559 3003 3613 modicam
3048 3559 3145 3614 Dei
3196 3562 3441 3629 castiga-

1868 3643 2072 3697 tionem
2131 3644 2410 3715 inlelligit.
2475 3649 2551 3700 Ita
2605 3647 2749 3701 enim
2807 3649 3012 3703 mitiori
3048 3649 3270 3705 nomine
3320 3666 3440 3705 eam

1865 3736 2198 3804 appellavit:
2228 3742 2354 3807 quia
2400 3740 2446 3793 si
2498 3740 2844 3811 castigationi
2896 3748 2951 3793 et
2979 3742 3309 3796 correctioni
3364 3742 3443 3797 illi

1864 3840 2233 3899 comparetur,
2272 3849 2378 3902 qua
2432 3836 2501 3887 ob
2534 3851 2748 3890 summa
2796 3836 2995 3891 delicta
3046 3846 3236 3892 nostra
3292 3838 3443 3910 digni

1865 3939 2146 3985 essemus,
2197 3940 2305 3977 non
2339 3927 2649 3993 castigatio,
2699 3928 2793 3984 sed
2848 3930 3215 3986 mansuetudo
3256 3932 3442 4001 potius

1865 4014 2034 4068 videri
2069 4016 2289 4084 poterit.

1934 4106 2099 4161 Vens.
2143 4108 2232 4164 Η.
2276 4109 2408 4173 Quis
2442 4112 2584 4165 novit
2626 4112 2786 4166 robur
2817 4113 2913 4170 ira’
2945 4122 3049 4170 tua:
3073 4115 3100 4169 7
3138 4113 3194 4168 Si
3227 4115 3440 4171 modica

1864 4200 2155 4269 castigatio
2209 4209 2425 4255 tantum
2487 4204 2646 4257 nobis
2703 4221 2927 4260 sensum
2986 4208 3265 4276 praestitit,
3313 4208 3440 4277 quis

1865 4308 2030 4347 nosse
2079 4296 2282 4363 poterit
2329 4304 2548 4364 quanta:
2592 4305 2645 4348 et
2703 4296 2895 4364 quales
2931 4297 3043 4351 sint
3094 4298 3188 4352 ira:
3220 4308 3327 4352 tua:
3356 4298 3439 4353 vi-

1865 4399 1975 4450 res,
2003 4387 2208 4455 quibus
2233 4388 2406 4440 uteris
2429 4386 2694 4440 adversus
2719 4382 2835 4453 eos,
2862 4389 2952 4458 qui
2981 4403 3103 4443 cum
3138 4389 3305 4443 multa
3321 4405 3437 4456 per-

1784 4480 1838 4540 D
1866 4493 2021 4533 verse
2052 4489 2308 4548 egerunt,
2338 4478 2584 4533 converti
2614 4479 2850 4534 nolunt?
2881 4480 3088 4552 Magnae
3118 4496 3252 4538 sane
3293 4483 3440 4540 vires

1867 4570 1975 4625 illae
2010 4584 2133 4625 esse
2165 4570 2389 4633 debent,
2423 4581 2586 4638 atque
2619 4572 3018 4627 intolerabiles.

1934 4663 2005 4717 Et
2043 4680 2153 4733 pro:
2201 4665 2392 4717 timore
2418 4675 2508 4716 tuo
2550 4664 2965 4732 indignationem
3009 4676 3154 4721 tuam
3186 4669 3442 4727 dinume-

1864 4771 1986 4809 rare
2007 4758 2032 4808 ?
2072 4754 2137 4809 Et
2166 4756 2294 4825 quis
2316 4770 2513 4811 rursus
2546 4756 2685 4811 iram
2720 4767 2868 4811 tuam
2904 4760 3055 4815 novit
3093 4762 3313 4818 metiri?
3340 4766 3441 4819 hoc

1863 4858 1965 4907 est,
2000 4861 2360 4916 cognoscere,
2410 4860 2619 4919 quanta
2658 4848 2748 4904 sit.
2798 4848 2936 4905 Vere
2969 4852 3155 4907 nullus
3186 4854 3436 4922 poterit;

1818 5012 1823 5016 δ
1866 4938 2127 5007 quoniam
2161 4947 2217 4991 tu
2250 4940 2405 4995 valtle
2432 4942 2695 4998 terribilis
2726 4956 2790 4997 ac
2818 4943 3097 5000 timendus
3127 4960 3209 5001 es.

1934 5115 2103 5172 Vens.
2145 5116 2232 5170 l2.
2275 5116 2561 5173 Dexteram
2596 5127 2742 5173 tuam
2786 5119 2863 5174 sic
2916 5130 3097 5174 notam
3143 5119 3230 5189 [ac
3283 5121 3435 5177 mihi.

1865 5206 1970 5273 Tn,
2000 5208 2201 5283 inquit,
2236 5210 2318 5264 sic
2348 5212 2594 5283 dirigens
2629 5226 2737 5275 me,
2793 5211 2848 5265 in
2882 5212 3312 5270 mansuetudine
3352 5216 3438 5269 ni-

1866 5302 2064 5355 mirum
2113 5310 2280 5372 atque
2334 5302 2389 5355 in
2437 5302 2655 5357 modica
2700 5303 3070 5370 correctione,
3121 5313 3306 5359 notam
3354 5305 3440 5360 iac

1863 5392 1998 5447 mihi
2047 5392 2326 5451 dexteram
2370 5401 2518 5447 tuam
2575 5394 2629 5447 in
2679 5394 2767 5450 die
2796 5394 3012 5464 judicii.
3062 5394 3258 5451 Notam
3308 5412 3438 5453 vero

1863 5501 1984 5541 eam
2012 5486 2144 5540 mihi
2179 5486 2370 5549 iacies,
2401 5488 2447 5540 si
2479 5487 2533 5540 in
2564 5486 2791 5542 dextera
2816 5488 3002 5543 ovium
3031 5498 3250 5544 tuarum
3283 5496 3436 5561 parte

1863 5593 1950 5632 me
1982 5578 2264 5631 statueris.

1934 5667 2005 5721 Et
2044 5670 2240 5723 vinctos
2271 5670 2427 5723 corde
2477 5671 2530 5724 in
2580 5672 2863 5741 sapientia.
2913 5672 2980 5728 Et
3021 5690 3220 5730 rursus
3253 5674 3436 5730 indica

1864 5759 1999 5814 mihi
2025 5759 2209 5830 justos
2238 5762 2512 5832 homines,
2540 5762 2648 5820 illis
2671 5764 2923 5823 videlicet
2951 5782 3039 5825 me
3067 5768 3433 5841 coniungens,
