3862 6576
394 436 502 500 935

1630 431 2013 492 ICUTIIYMII
2047 433 2413 491 ZlGABENl
3519 443 3611 502 936

394 559 628 616 quorum
664 543 830 600 corda
866 551 990 597 aute
1026 548 1256 596 mortem
1313 539 1496 594 vincta
1542 549 1706 610 atque
1739 542 1958 612 alligata

2082 561 2137 595 ιε
2188 543 2397 607 αὐτοῖς,
2454 539 2528 597 ὧν
2581 545 2635 595 αἱ
2669 545 2887 613 καρδίαι
2928 545 3032 616 πρὸ
3083 544 3314 598 θανάτου
3361 550 3425 617 τῇ
3476 554 3615 618 σοφίᾳ

396 647 700 693 erantcum
737 633 1033 703 sapientia.
1073 631 1413 702 Principium
1451 641 1634 687 autem
1675 634 1963 702 sapientia:

397 738 480 782 est
503 729 664 780 timor
691 725 904 779 Domini
933 725 1032 778 η’.
1062 724 1156 778 Vel
1190 725 1461 794 sapientia
1484 735 1567 780 est
1592 726 1855 780 discretio
1889 727 1963 779 in-

397 826 483 872 ter
515 818 769 870 virtutem
827 824 880 869 et
907 816 1062 876 vitia.
1100 825 1154 871 et
1177 800 1428 884 Operatio
1465 831 1560 886 per
1590 818 1867 873 virtutem.
1897 818 1965 873 Et

399 912 512 964 haec
546 912 765 979 quidem
796 911 869 963 ita
899 908 1232 979 praecedunt,
1267 908 1624 978 intelligendo
1656 910 1769 965 haec
1799 910 1961 964 verba

394 999 463 1056 de
503 1000 689 1055 futuro
732 999 964 1068 judicio.
1020 998 1324 1054 Possumus
1364 1000 1530 1053 etiam
1567 1000 1874 1070 intelligere
1902 1009 1961 1055 ut

395 1093 467 1148 sit
497 1108 733 1148 sensus:
781 1091 974 1147 Notam
1014 1091 1098 1146 fac
1141 1092 1273 1145 mihi
1322 1093 1607 1146 dexteram
1641 1101 1812 1159 tuam,
1858 1093 1962 1148 hoc

392 1195 477 1238 est
517 1186 666 1239 illam
701 1186 1022 1255 potentiam,
1054 1185 1248 1253 [quam
1303 1185 1357 1238 in
1387 1183 1734 1239 defendendo
1766 1185 1960 1250 habes,

2070 636 2424 705 ὲπεπέδηντο.
2475 637 2646 704 Ἀρχὴ
2724 636 2831 705 γὰρ
2880 639 3101 704 σοφίας
3161 639 3346 706 φόϐος
3384 642 3612 706 Κυρίου·

2067 731 2163 783 καὶ
2196 729 2371 792 ἄλλως
2404 729 2461 782 δὲ
2497 728 2660 796 σοφία
2728 728 2864 782 Θεοῦ
2904 731 2936 798 ὴ
2987 731 3262 799 διάκρισις
3305 732 3401 800 τῆς
3437 733 3615 801 operi;

2071 823 2164 875 καὶ
2199 821 2422 885 κακίας.
2473 821 2615 874 Ἀλλ’
2655 820 2799 875 οὕτω
2842 821 2940 892 μὲν
2991 823 3133 895 ὑπὲρ
3177 823 3276 891 τῆς
3341 824 3614 896 μελλοὺσης

2069 915 2322 983 κρίσεως.
2358 915 2582 967 Νοείται
2613 915 2670 966 δὲ
2689 918 2783 968 καὶ
2815 914 2932 979 νῦν,
2963 915 3043 968 ὅτι
3067 916 3376 983 Γνώρισόν
3396 934 3488 982 μοι
3519 917 3616 985 τὴν

2069 1007 2276 1071 δεξιάν
2307 1022 2445 1074 σου,
2469 1007 2674 1076 δηλαδὴ
2709 1008 2809 1078 τὴν
2841 1007 3234 1079 ἀντιληπτικὴν
3255 1008 3482 1077 δύναμίν
3515 1029 3615 1069 σου.

2072 1099 2164 1152 καὶ
2193 1098 2569 1169 εὖεργετικὴν,
2597 1098 2694 1152 καλ⁵
2723 1098 3066 1168 φυλακτικήν
3088 1113 3103 1127 θ
3125 1100 3212 1150 ναὶ
3251 1097 3357 1167 μὴν
3394 1101 3484 1152 καὶ
3509 1102 3616 1162 τοὺς

2075 1187 2274 1255 σοφοὺς
2301 1190 2369 1242 τὰ
2401 1189 2538 1252 θεῖα,
2576 1189 2666 1243 ἵνα
2711 1189 3007 1241 συνετισθῶ
3033 1189 3102 1241 δι’
3135 1188 3335 1242 αὐτῶν.

391 1289 556 1350 atque
593 1283 644 1334 in
674 1281 1090 1336 conservando:
1149 1289 1201 1334 et
1232 1294 1326 1333 eos
1373 1279 1536 1346 etiam
1573 1279 1822 1333 homines
1873 1278 1960 1335 fac
1998 1282 2131 1337 milii
2162 1293 2343 1348 notos,
2397 1285 2490 1353 qui
2542 1285 2596 1338 in
2653 1284 2719 1340 iis
2750 1284 2914 1340 rebus
2949 1285 3232 1354 sapientes
3301 1293 3448 1349 sunt,
3513 1302 3618 1356 qua:

392 1375 666 1443 pertinent
699 1373 764 1426 ad
800 1373 1006 1426 divina.
1037 1372 1213 1440 Cupio
1246 1370 1392 1425 enim
1442 1371 1656 1426 illorum
1707 1373 2116 1430 consuetudine
2147 1375 2470 1445 prudentior
2502 1378 2639 1431 ﬁeri.

464 1466 630 1521 Vens.
671 1466 756 1519 l5.
797 1464 1069 1526 Converte,
1119 1462 1360 1515 Domine.
1423 1462 1518 1516 Vel
1569 1470 1620 1516 te
1668 1462 1736 1517 ad
1773 1477 1894 1529 nos,
1936 1478 1966 1517 a

395 1559 592 1629 quibus
626 1570 848 1610 aversus
884 1569 968 1618 es,
1002 1553 1071 1607 ob
1109 1553 1343 1606 maxima
1379 1552 1580 1606 delicta
1629 1559 1843 1618 nostra,
1879 1553 1962 1607 vel

395 1663 496 1702 nos
527 1646 590 1698 ad
627 1654 697 1709 te,
734 1644 825 1713 qui
863 1642 1066 1711 passim
1095 1641 1418 1695 aberramus
1451 1643 1558 1695 via.

473 1735 789 1806 Usquequo?
825 1734 938 1787 Non
985 1731 1285 1797 convertis,
1320 1733 1528 1788 scilicet
1564 1751 1578 1787 :
1611 1742 1664 1788 et
1699 1748 1824 1788 cum
1885 1733 1966 1788 in-

397 1831 767 1898 terregatione
806 1826 1094 1898 legendum
1119 1835 1225 1882 est.

471 1920 538 1973 Et
575 1918 862 1974 exorabilis
893 1927 1003 1972 esto
1054 1919 1105 1972 in
1138 1919 1300 1972 servis
1335 1919 1457 1974 tuis.
1492 1920 1594 1984 Qui
1629 1918 1808 1976 aﬂlicti
1840 1932 1967 1978 sunt

2163 1469 2582 1538 Ἐπίστρεψογ,
2605 1469 2804 1536 Κύριε.
2830 1470 2896 1521 Ἢ
2928 1468 2992 1521 σὺ
3025 1468 3159 1537 πρὸς
3187 1470 3354 1537 ἡμᾶς.
3388 1469 3478 1531 οὓς
3499 1475 3620 1525 amr

2076 1561 2319 1629 στράφης
2349 1560 2434 1613 διὰ
2473 1561 2573 1622 τὰς
2614 1561 2892 1630 ήμαρτὶας
2918 1558 3096 1628 ἡμῶν,
3141 1561 3172 1630 ἢ
3211 1562 3359 1630 ἡμᾶς
3409 1562 3538 1632 πρὸς
3571 1565 3620 1616 σὲ

2070 1655 2197 1716 τοὺς
2225 1647 2613 1722 πλανωμένους
2643 1654 2768 1722 τῇδε
2804 1653 3051 1706 κάκεῖσε.

2141 1744 2294 1810 Ἕως
2318 1745 2505 1807 ardre;
2543 1743 2822 1812 Δηλονότι,
2854 1743 2951 1795 οὐκ
2983 1743 3371 1811 ὲπιστρέφεις;

2140 1921 2245 1974 Kal
2297 1921 2714 1987 παρακλήθητι
2765 1919 2863 1972 ἐπὶ
2904 1917 3031 1984 τοῖς
3070 1918 3318 1985 δούλοις
3350 1934 3487 1975 σου.
3529 1921 3619 1972 Τα-

2069 2013 2537 2084 λαιπωρουμένοις
2564 2013 2658 2064 καὶ
2688 2007 3140 2080 ἐπικαλουμένοις
3177 2029 3259 2066 σε.

2141 2104 2640 2172 Ἐνεπλήσθημεν
2669 2104 2734 2157 τὸ
2767 2103 2920 2171 πρωῒ
2969 2103 3035 2156 τὸ
3061 2104 3236 2170 ἔλεός
3272 2119 3409 2170 σου,
3443 2107 3614 2172 Κύμε,

2069 2199 2165 2251 καὶ
2215 2197 2736 2264 ὴγιιλλιασάμεθα,
2779 2197 2877 2248 καὶ
2923 2194 3363 2263 εὐρράνθημεν.
3423 2195 3479 2248 '0
3534 2197 3615 2265 μὲν

2071 2285 2262 2354 παρὼν
2318 2284 2430 2353 βίος
2465 2286 2549 2353 εἴη
2578 2285 2643 2336 ἂν
2679 2283 2888 2353 ἑσπέρα
2925 2283 3018 2337 καὶ
3072 2281 3168 2346 νὺξ
3213 2281 3301 2335 διὰ
3345 2285 3443 2351 τὴν
3475 2302 3612 2353 κεχυ-

2076 2380 2246 2447 μένην
2290 2378 2456 2430 αὐτοῦ
2491 2378 2722 2446 πλάνην,
2760 2377 2857 2429 καὶ
2905 2374 2995 2428 διὰ
3041 2376 3104 2429 τὸ
3151 2375 3436 2428 καθεύδειν
3469 2377 3612 2446 ἡμᾶς,

2071 2470 2130 2520 ὲν
2159 2467 2334 2538 τούτῳ
2365 2467 2702 2536 Θνήσκοντας
2740 2481 2755 2498 ο
2797 2467 2825 2517 ὁ
2865 2466 2921 2519 δὲ
2973 2465 3184 2534 μέλλων
3239 2465 3327 2534 εἴη
3378 2465 3442 2518 ἃν
3493 2467 3613 2535 ττραῖ

2071 2560 2166 2613 καὶ
2212 2560 2392 2630 ἡμέρα
2420 2559 2508 2611 διὰ
2543 2559 2641 2628 τὴν
2675 2559 3060 2628 λαμπρότητα,
3089 2558 3184 2611 καὶ
3218 2557 3309 2610 διὰ
3335 2557 3397 2609 τὸ
3422 2559 3616 2612 ἀνίπτα-

2071 2651 2194 2704 σθαι
2236 2652 2382 2720 ἡμᾶς
2425 2654 2489 2704 ἐκ
2537 2650 2770 2720 νεκρῶν.
2803 2650 2969 2717 Λέγει
3019 2651 3219 2714 τοίνυν,
3266 2651 3349 2703 ὅτι
3388 2651 3523 2703 κατὰ
3565 2653 3615 2702 τὸ

398 2026 560 2082 atque
586 2013 841 2067 invocant
877 2021 944 2066 te.

471 2104 635 2160 Vsus.
665 2105 749 2157 Η.
783 2103 984 2170 Repleti
1034 2119 1216 2156 sumus
1273 2121 1424 2156 mane
1465 2106 1823 2161 misericordia
1855 2118 1965 2173 tua,

396 2209 445 2250 et
480 2198 884 2260 exsultavimus,
916 2206 964 2250 et
995 2198 1163 2250 (attuli
1199 2211 1400 2249 sumus.
1447 2198 1694 2252 Prarsens
1750 2199 1967 2266 quidem

396 2288 506 2341 vita
540 2303 778 2356 vespera:
825 2302 889 2340 ac
950 2288 1100 2341 nocti
1149 2287 1455 2355 comparari
1488 2295 1687 2356 potest,
1751 2298 1969 2358 propter

395 2392 635 2432 errorem
670 2379 720 2433 ei
769 2376 1091 2440 immistum,
1135 2385 1188 2432 et
1219 2379 1346 2446 quia
1399 2380 1615 2432 tandem
1670 2379 1724 2432 in
1749 2395 1810 2431 ea
1844 2380 1972 2433 dor-

396 2469 534 2522 mire
576 2469 828 2531 dicimur,
867 2483 990 2522 cum
1033 2469 1318 2524 morimur.
1375 2469 1602 2532 Contra,
1646 2470 1830 2524 futura
1857 2471 1967 2525 vita

397 2576 555 2616 mane
599 2562 855 2630 appellari
892 2570 1070 2629 potest
1108 2570 1163 2615 et
1221 2559 1356 2624 dies,
1410 2570 1632 2630 propter
1659 2562 1966 2617 claritatem

395 2660 450 2706 et
485 2661 708 2721 propter
771 2655 1228 2709 resurrectionem
1285 2670 1313 2706 a
1366 2655 1620 2708 mortuis.
1671 2654 1763 2707 Ait
1804 2654 1970 2723 igitur

394 2744 540 2814 quod
581 2759 760 2807 mane,
794 2744 897 2798 hoc
940 2753 1026 2800 est
1066 2747 1117 2799 in
1163 2745 1344 2800 futura
1403 2746 1534 2805 vita,
1571 2759 1669 2799 nos
1711 2745 1802 2814 qui
1833 2761 1960 2800 eon-

2082 2741 2238 2812 πρωῒ,
2289 2745 2537 2797 τουτέστι
2583 2741 2674 2794 τὸν
2705 2735 2970 2809 μέλλοντα
3003 2739 3133 2809 βίον,
3171 2742 3220 2794 οἱ
3251 2739 3352 2810 τῆς
3387 2742 3615 2810 ἐπιστρο-

398 2837 706 2912 versionem
747 2845 894 2890 tuam
935 2852 1358 2906 consequemur,
1406 2847 1464 2890 ut
1497 2838 1700 2891 dictum
1738 2836 1960 2900 est,ltoc

2082 2833 2202 2902 φῆς,
2248 2833 2324 2894 ὡς
2374 2834 2612 2903 εἴρηται,
2664 2831 2940 2900 τυχόντες,
2995 2831 3492 2900 ἑμπλησθησόμεθα
3537 2830 3609 2882 τοῦ

397 2936 501 2990 est,
553 2925 647 2995 qui
699 2936 1100 2990 convertemur,
1135 2942 1164 2981 a
1218 2935 1270 2981 te
1299 2927 1628 2996 replebimur
1659 2928 1960 2983 misericor-

2082 2925 2251 2988 ἐλέους
2276 2940 2392 2987 σου,
2413 2925 2504 2977 καὶ
2525 2921 2987 2992 ἀγαλλιασόμεθα,
3009 2923 3104 2975 καὶ
3124 2921 3607 2993 εὐφρανθησὸμεϐα.

394 3018 482 3071 dia
526 3027 640 3084 tua.
677 3026 730 3072 et
772 3019 1190 3082 exsultabimus,
1243 3029 1296 3074 et
1346 3020 1666 3075 lanabimur.
1707 3020 1801 3076 Est
1822 3022 1960 3076 enim

2082 3017 2451 3087 ’Δντιχρονίαν
2496 3017 2604 3086 γὰρ
2637 3015 2871 3068 ἐνταῦθα
2907 3016 3266 3086 νενοήκαμεν,
3302 3017 3378 3075 ὡς
3417 3015 3610 3076 Ἀκύλας

395 3107 484 3161 hic
516 3119 728 3177 tempus
779 3125 874 3177 pro
910 3118 1171 3178 tempore,
1205 3113 1661 3179 quemadmodum
1687 3112 1880 3182 Aquila
1912 3122 1966 3168 et

393 3201 572 3254 caeteri
605 3202 895 3269 intepretes
923 3203 1321 3271 significaram.
1357 3204 1431 3259 De
1471 3206 1832 3261 exsultatione
1866 3221 1964 3261 au-

393 3299 499 3345 tem
548 3301 601 3346 et
649 3293 831 3346 laetitia
865 3293 1032 3347 variis
1069 3294 1120 3346 in
1178 3295 1315 3350 locis
1344 3295 1693 3354 tradidimus.

461 3379 627 3436 Vens.
657 3382 742 3436 l5.
770 3381 837 3435 In
873 3384 1114 3438 omnibus
1141 3386 1320 3439 diebus
1342 3388 1535 3442 nostris
1567 3389 1734 3442 (tetuli
1759 3405 1960 3445 sumus.

391 3469 504 3525 Hoc
536 3473 588 3525 in
639 3473 759 3527 loco
809 3474 993 3539 etiam,
1033 3475 1221 3530 Ltrtati
1259 3494 1442 3530 sumus
1491 3479 1692 3533 dictum
1729 3489 1836 3545 est,
1865 3497 1963 3551 pro

390 3564 739 3619 Lretabimur.
794 3564 1048 3621 Omnibus
1118 3580 1288 3624 autem
1341 3571 1525 3626 diebus
1587 3575 1797 3639 nostris,
1859 3574 1963 3628 hoc

2070 3113 2163 3164 καὶ
2195 3112 2245 3164 oi
2283 3110 2459 3164 λοιπολ⁵
2497 3108 2910 3179 ἐσημειώσαντο
2934 3125 2947 3138 ·
2985 3103 3116 3177 napi.
3159 3109 3214 3160 δὲ
3246 3108 3348 3176 τῆς
3376 3109 3608 3176 ἅγαλλιά·

2073 3220 2207 3266 σεως
2241 3199 2457 3271 καὶτῆς
2485 3200 2832 3272 εὐφροσύνης
2859 3200 3132 3271 διαφόρως
3161 3195 3400 3270 εἴρηται.

2137 3387 2243 3439 Ἐν
2281 3384 2503 3449 πάσαις
2543 3383 2673 3449 ταῖς
2713 3383 2962 3451 ἡμέραις
2993 3382 3162 3452 ἡμῶν
3195 3385 3610 3452 εὑρράνθημεν.

2069 3475 2363 3528 Κάνταῦθα
2415 3475 2618 3545 ὁμοίως
2665 3469 2786 3528 ἀντὶ
2828 3473 2920 3526 τοῦ
2962 3473 3486 3543 Εὐφρανοησόμεθα.
3524 3472 3613 3526 'Er

2066 3567 2293 3632 πάσαις
2312 3567 2380 3620 δὲ
2405 3568 2535 3634 ταῖς
2560 3568 2825 3636 ἡμέραις,
2848 3570 2970 3623 ἀντὶ
2993 3567 3087 3620 τοῦ
3109 3567 3409 3638 Διηνεκῶςο
3429 3568 3462 3636 ἡ
3486 3567 3612 3635 χαρὶ

388 3665 492 3718 est,
554 3666 838 3727 perpetuo.
875 3660 1067 3714 Futuri
1105 3664 1248 3716 enim
1307 3663 1488 3718 saeculi
1542 3666 1736 3733 gaudia
1775 3681 1960 3737 perpe-

2082 3659 2172 3727 τὰρ
2211 3662 2305 3711 τοῦ
2364 3659 2651 3727 μέλλοντος
2703 3660 2898 3724 αἰῶνος
2963 3659 3375 3730 άμεσολὰὁητός
3426 3675 3477 3711 τε
3528 3659 3613 3710 καὶ

392 3755 481 3798 tua
523 3759 671 3814 sunt,
705 3763 805 3803 nec
842 3750 1134 3820 aliquando
1196 3762 1290 3807 aut
1345 3755 1599 3811 desinunt
1641 3767 1734 3811 aut
1796 3758 1963 3813 inter-

392 3847 740 3908 rumpuntur.

460 3925 568 3982 Pro
617 3931 800 3986 diebus
859 3933 1045 4002 quibus
1093 3935 1386 3990 humiliastt
1432 3954 1548 4006 nos,
1586 3943 1737 3994 annis
1772 3943 1956 4012 quibus

388 4018 612 4073 vidimus
663 4023 830 4076 mala.
890 4023 1202 4079 Humiliasti
1261 4042 1362 4081 nos
1402 4030 1549 4083 omni
1596 4045 1781 4085 earum
1828 4032 1960 4087 ami-

390 4110 630 4164 ctionum
678 4127 896 4180 genere,
938 4114 992 4167 in
1039 4116 1239 4184 quibus
1266 4118 1398 4184 justi
1473 4131 1784 4176 versantur.
1853 4122 1958 4176 Per

390 4200 534 4251 mala
589 4213 769 4256 autem
843 4205 1172 4262 tentationes
1262 4217 1424 4278 atque
1505 4211 1808 4268 aﬂictiones
1875 4214 1958 4267 in-

391 4290 602 4360 telligit.

2065 3751 2422 3813 ἀκατάλυτος.

2133 3927 2288 3983 ’Δγ-θ’
2315 3925 2402 3984 ὧν
2431 3930 2666 3999 ἡμερῶν
2699 3930 3109 3993 ἐταπείνωσας
3145 3926 3326 3998 ἡμᾶς,
3371 3927 3510 3981 ἐτῶν
3533 3923 3612 3980 ὧν

2062 4021 2302 4090 εῖδομεν
2339 4022 2515 4076 κακά.
2561 4023 2964 4084 Ἐταπείνωσας
3003 4022 3152 4091 ἡμᾶς
3183 4022 3242 4072 ἐν
3274 4021 3423 4092 πάσῃ
3459 4036 3610 4070 κακο-

2063 4112 2282 4183 παθείᾳ,
2367 4113 2792 4183 προσομιλοῦσιν
2844 4115 2895 4166 οἱ
2931 4112 3150 4165 δίκαιοι.
3187 4111 3359 4165 Κακὰ
3392 4111 3445 4164 δὲ
3477 4110 3608 4178 λέγει

2062 4204 2160 4267 τὰς
2189 4203 2396 4272 θλίψεις
2431 4205 2668 4268 καὶτοὺς
2694 4205 3060 4275 πειρασμούς.

461 4346 626 4438 νέκς.
659 4385 745 4440 16.
795 4385 864 4439 Et
913 4391 1105 4457 respice
1131 4405 1285 4457 super
1335 4392 1469 4460 ﬁlios
1513 4401 1654 4457 tuos,
1688 4405 1740 4449 et
1797 4410 1952 4463 super

2126 4379 2238 4434 Kal
2271 4380 2361 4433 ἴδε
2393 4380 2489 4434 ἐπὶ
2526 4382 2668 4448 τοὺς
2694 4383 2957 4449 δούλους
2987 4401 3105 4438 σου
3136 4385 3232 4438 καὶ
3259 4384 3358 4438 ἐπὶ
3388 4385 3458 4450 τὰ
3481 4385 3608 4452 ἔργα

388 4489 544 4542 opera
576 4483 688 4541 tua,
722 4486 771 4531 et
819 4480 987 4550 dirige
1021 4482 1162 4550 ﬁlios
1193 4499 1393 4539 eorum.
1443 4484 1694 4555 Respice,
1752 4487 1952 4558 inquit,

388 4567 452 4620 ad
487 4578 666 4634 patres
703 4576 756 4622 et
791 4570 856 4623 ad
914 4571 1169 4628 doctores
1227 4583 1473 4641 nostros,
1519 4579 1611 4646 qui
1648 4579 1956 4634 servierunt

386 4659 506 4722 tibi,
541 4666 593 4710 et
641 4669 861 4729 propter
920 4678 1013 4718 eos
1067 4666 1241 4736 dirige
1293 4683 1396 4721 nos
1435 4682 1626 4724 eorum
1683 4669 1823 4725 ﬁlios
1884 4671 1951 4724 ad

387 4747 636 4801 virtutem
668 4767 684 4816 ;
753 4760 806 4804 et
857 4754 1065 4822 respice
1110 4755 1163 4809 in
1215 4770 1313 4811 nos
1345 4772 1534 4814 servos
1565 4769 1711 4825 tuos,
1733 4774 1827 4816 seu
1862 4775 1952 4814 se-

385 4839 624 4890 cundum
694 4855 911 4896 carnem
983 4844 1139 4901 nobis
1187 4847 1296 4903 sint
1344 4849 1462 4915 lilii,
1495 4866 1592 4907 seu
1648 4851 1950 4907 secundum

384 4929 658 4996 spiritum.

461 5021 625 5077 Vens.
659 5025 744 5079 17.
778 5026 845 5093 Et
873 5029 939 5080 sit
970 5028 1214 5096 splendor
1239 5032 1450 5089 Domini
1485 5035 1582 5090 Dei
1608 5037 1776 5089 nostri
1797 5051 1954 5103 super

385 5126 501 5165 nos.
550 5111 818 5182 Splendor
864 5117 981 5192 Dei,
1019 5130 1102 5176 est
1143 5123 1328 5178 divina
1373 5125 1569 5194 gratia,
1603 5139 1724 5193 quae
1757 5139 1952 5180 omnes

384 5203 468 5256 sui
530 5203 821 5277 participes
903 5211 1192 5267 illuminat.
1253 5213 1612 5284 Splendorem
1673 5230 1803 5271 vero
1855 5216 1949 5271 Dei

383 5293 540 5358 dixit,
585 5312 682 5380 pro
709 5303 996 5368 spendore,
1042 5306 1187 5374 quia
1220 5306 1330 5361 Deo
1354 5316 1457 5361 est.

453 5387 520 5438 Et
551 5407 706 5458 opera
758 5387 1005 5471 manuum
1044 5407 1256 5452 tuarum
1282 5399 1452 5471 dirige
1484 5418 1639 5469 super
1673 5418 1790 5456 nos.
1849 5402 1952 5457 Su-

383 5492 472 5545 per
499 5496 626 5550 vnos,
665 5499 764 5552 pro
791 5469 851 5539 'ln
881 5489 1063 5544 nobis.

453 5563 523 5619 Et
559 5585 688 5636 Opus
729 5590 980 5630 manuum
1022 5589 1232 5635 tuarum
1283 5583 1471 5654 dirige.
1525 5582 1598 5636 Ea
1638 5597 1758 5653 qua
1788 5596 1952 5653 supe-

384 5657 496 5714 rius
526 5674 689 5730 opera
721 5681 980 5723 manuum
1021 5674 1157 5728 dixit
1204 5675 1260 5730 in
1299 5676 1497 5746 plurali
1548 5691 1799 5744 numero,
1826 5676 1952 5732 uni-

487 5835 553 5868 ⁷³⁸
591 5835 760 5895 Eccli.
798 5855 835 5906 ι,
874 5841 961 5898 16.

2061 4485 2201 4534 σου,
2235 4471 2336 4523 καί
2361 4470 2676 4540 ὀδήγησον
2717 4472 2860 4538 τοὺς
2906 4473 3075 4538 υἱοὺς
3123 4473 3344 4528 αὐτῶν.
3392 4474 3490 4526 Ἰδε
3529 4473 3608 4524 ἐπὶ

2059 4560 2187 4624 τοὺς
2246 4561 2644 4624 δουλεύσαντας
2699 4580 2782 4616 σοι
2831 4565 3080 4636 Πατέρας
3127 4566 3222 4616 καὶ
3274 4563 3606 4622 διδασκάλους

2057 4651 2249 4723 ἡμῶν,
2291 4654 2384 4706 καὶ
2430 4653 2498 4707 δι’
2537 4655 2738 4718 αὐτοὺς
2794 4655 3060 4725 ὁδήγησον
3107 4657 3186 4718 εἰς
3231 4655 3436 4724 ἀρετὴν
3475 4656 3606 4723 ἡμᾶς

2055 4746 2181 4809 τοὺς
2212 4747 2363 4808 υἱοὺς
2385 4746 2564 4800 αὐτῶν
2591 4763 2606 4780 ·
2633 4745 2666 4815 ἢ
2702 4747 2779 4799 ῐδε
2811 4747 2896 4814 ἐφ’
2925 4748 3071 4816 ἡμᾶς
3089 4747 3215 4809 τοὺς
3243 4746 3461 4809 δούλους
3489 4760 3601 4798 σου·

2057 4841 2152 4893 καὶ
2187 4839 2261 4911 μὴ
2315 4839 2476 4910 μόνον
2521 4841 2691 4911 ἡμᾶς,
2736 4839 2874 4893 ἀλλὰ
2913 4841 3005 4892 καὶ
3055 4838 3184 4902 τοὺς
3219 4838 3514 4908 σαρκικοῦς
3553 4853 3605 4889 τε

2056 4931 2150 4984 καλ⁵
2187 4935 2592 4999 πνευματικῶς
2622 4931 2769 4994 υἱοὺς
2801 4931 2959 5001 ήμῶν
2981 4931 3269 5002 δδήγησον.

2127 5023 2234 5076 Kal
2258 5024 2412 5077 ἔστω
2431 5024 2468 5090 ἡ
2490 5026 2838 5092 λαμπρότης
2868 5025 3090 5091 Κυρίου
3120 5021 3227 5075 τοῦ
3257 5022 3407 5076 Θεοῦ
3457 5019 3606 5088 ἡμῶν

2054 5114 2148 5182 ἐφ’
2173 5115 2350 5185 ἡμᾶς.
2375 5117 2712 5188 Λαμπρότης
2749 5117 2884 5172 Θεοῦ
2931 5119 2964 5188 ἡ
2994 5117 3154 5188 χάρις
3180 5115 3349 5168 αὐτοῦ
3373 5111 3605 5184 λαμπρὺη

2054 5223 2223 5260 νουσα
2249 5209 2342 5260 τὸν
2391 5211 2897 5280 μεταλαμϐάνοντα.
2938 5209 3278 5280 Λαμπρότης
3302 5208 3359 5261 δὲ
3408 5205 3535 5260 Θεοῦ
3575 5204 3602 5270 ἡ

2055 5298 2163 5350 ἀπὸ
2193 5298 2350 5352 Θεοῦ.
2387 5302 2584 5356 Ἔστω
2605 5303 2660 5356 δὲ
2689 5303 2812 5355 ἀντὶ
2835 5303 2951 5368 τοῦ,
2985 5302 3093 5372 εἴη.
3374 5360 3376 5362 τ

2125 5389 2235 5443 Kal
2261 5391 2331 5443 τὰ
2353 5391 2496 5460 ἔργα
2527 5391 2644 5446 τῶν
2665 5392 2884 5462 χειρῶν
2916 5394 3087 5462 ἡμῶν
3126 5394 3499 5447 κατεύθυνον
3522 5390 3585 5457 es;

2053 5479 2229 5549 ἡμᾶς.
2259 5481 2387 5551 Ἐφ’
2423 5484 2575 5554 ἡμᾶς
2614 5486 2734 5539 ἀντὶ
2762 5485 2853 5538 τοῦ
2886 5487 2977 5539 Ἑν
3009 5489 3163 5555 ἡμῖν.

2125 5580 2232 5632 Kal
2268 5581 2334 5634 τὸ
2365 5581 2538 5650 ἔργον
2583 5582 2702 5635 τῶν
2751 5582 2962 5651 χειρῶν
3011 5582 3172 5652 ἡμῶν
3225 5582 3593 5658 «antidotum

2059 5675 2238 5747 Ἔργα
2269 5674 2465 5746 χειρῶν
2491 5674 2871 5746 πληθυντικῶς
2898 5676 2954 5728 αἱ
2983 5663 3210 5746 πράξεις
3234 5673 3422 5738 ἁπλῶς
3449 5672 3500 5726 αξ
3524 5665 3595 5722 διὰ
