3862 6554
260 458 364 526 949

1431 463 1824 527 (ῖΟΜΜΕΝΤ.
1851 466 1930 528 ΙΝ
1976 469 2336 531 PS.\LMOS.

3389 475 3494 533 9.50

253 598 336 633 I-ot
370 579 485 647 τὴν
515 579 790 650 ἀνομίαν.
836 580 1434 654 Διασκορπισϐήσονται
1460 588 1540 650 εἰς
1573 586 1672 650 τὰς
1708 585 1809 640 δια·

1932 589 2011 641 Ad
2065 593 2242 645 varTas
2305 589 2562 644 nimirum
2613 603 2802 659 pennas
2849 597 3016 659 atque
3063 589 3128 644 ad
3193 591 3337 644 varia
3371 607 3502 659 sup-

251 670 442 739 ςεόρους
487 671 760 734 κολάσεις.

315 763 420 814 Καὶ
455 762 838 832 ὑψωθήσεται
871 766 942 830 ὡς
959 767 1368 835 μονοκέρωτος
1392 768 1456 821 τό
1488 767 1663 836 κέρας
1677 785 1817 837 μου.

249 854 425 921 Κέρας
450 854 647 907 ἑαυτοῦ
681 855 770 910 τὸν
791 859 1024 928 Χριστὸν
1053 862 1079 912 ὁ
1107 862 1270 914 Δαϐὶδ
1293 861 1574 925 ἐκάλεσεν,
1631 862 1706 924 ὡς
1764 860 1822 925 ἐξ

249 946 406 998 αὐτοῦ
436 947 500 999 τὸ
539 951 680 1001 κατὰ
712 953 888 1020 σάρκα
919 953 1324 1024 βλαστήσαντα,
1366 955 1495 1026 περὶ
1530 947 1591 1008 οὗ
1616 951 1822 1007 πλατύο

242 1055 398 1110 ¹τερον
434 1041 492 1092 ἐν
519 1043 594 1111 τῷ
618 1051 707 1111 πη¹
733 1046 931 1115 ψαλμῷ
961 1064 974 1078 ·
1019 1047 1167 1114 ἔνθα,
1218 1049 1324 1102 Καὶ
1348 1049 1417 1103 ἐν
1467 1048 1545 1115 τῷ
1575 1049 1824 1118 ὀνόματί

243 1151 355 1200 μου
393 1137 784 1202 ὑψωθήσεται
821 1141 886 1193 τὸ
921 1140 1100 1210 κόρας
1149 1142 1354 1197 αὐτοῦ.
1417 1143 1822 1211 Ὺψωθήσεται

246 1222 319 1280 δὲ.
349 1225 472 1277 ἀντὶ
500 1228 594 1280 τοῦ
627 1230 1123 1301 μεγαλυνθήσεται,
1161 1235 1219 1286 ἑν
1259 1233 1338 1303 τῷ
1387 1234 1564 1305 καιρῷ
1621 1233 1820 1304 δηλαδὴ

244 1317 338 1382 τῆς
383 1316 687 1390 μελλούσης
738 1323 994 1391 κρίσεως,
1036 1326 1254 1378 πάντων
1279 1326 1385 1379 τῶν
1410 1326 1618 1396 ἐχθρῶν
1654 1326 1819 1379 αὑτοῦ

243 1409 710 1466 ταπε·νωοἐντων.
759 1415 1136 1486 ’Υψωθήσεται
1180 1419 1258 1486 δὲ,
1320 1419 1395 1483 ὡς
1451 1419 1823 1490 μονοκέρωτος

244 1502 433 1572 κέρας,
475 1506 756 1561 τουτέστιν
793 1509 1046 1566 ὲπιπολύ.

309 1775 417 1827 Καὶ
480 1776 547 1828 τὸ
613 1771 799 1846 γῆράς
850 1796 970 1847 μου
1023 1780 1094 1832 ἐν
1144 1781 1325 1845 ἐλαίῳ
1365 1782 1546 1836 πίονι.
1598 1782 1698 1835 Διὰ
1723 1781 1817 1834 τοῦ

241 1865 416 1918 ἐλαίου
487 1867 585 1939 τὴν
649 1868 938 1940 ἱλαρότητα
995 1873 1297 1942 ἐνέφηνεν·
1362 1875 1472 1929 Τοῦ
1537 1875 1813 1942 ιλτιρῦναι

238 1958 362 2024 γὰρ,
411 1962 563 2030 φησι,
625 1963 952 2030 πρόσωπον
1013 1966 1084 2018 ἐν
1129 1967 1345 2034 ἐλαίῳ·
1415 1968 1561 2037 λέγει
1599 1968 1679 2033 δὲ,
1731 1970 1813 2022 ὅτι

239 2047 387 2103 Ἐπεὶ
415 2053 588 2122 ἔγνων
621 2055 1036 2128 ὑψωθησόμενον
1060 2061 1120 2112 τὸ
1153 2061 1320 2130 κέρας
1352 2079 1473 2131 μου,
1515 2061 1700 2114 λοιπον
1751 2061 1812 2114 τὸ

238 2145 410 2213 γῆράς
443 2163 546 2215 μου
581 2150 637 2202 ὲν
664 2149 940 2220 ἱλαρότητι
977 2153 1145 2215 πίονι,
1177 2155 1351 2206 εἵτουν
1378 2153 1571 2224 πολλῇ,
1612 2153 1764 2206 ἔσται
1795 2172 1810 2186 ο

235 2238 507 2305 τουτέστι,
539 2241 788 2313 σφοδρῶς
814 2244 906 2296 καὶ
940 2243 1162 2307 ἀλύπως
1180 2246 1311 2298 αὑτό
1335 2244 1550 2314 διέλθω,
1573 2250 1691 2310 ταῖς
1719 2245 1812 2299 τοῦ

239 2329 522 2398 μέλλοντος
567 2334 748 2388 ἐλπίσι
775 2337 1092 2408 παρηγορού
1102 2355 1286 2409 μενος.

303 2510 412 2564 Καὶ
441 2513 679 2568 ἐπεῖδεν
707 2519 741 2570 ό
777 2518 1082 2586 ὀφθαλμός
1128 2536 1247 2587 μου
1301 2520 1371 2573 ἐν
1413 2520 1538 2586 τοῖς
1580 2521 1813 2591 ἐχθροῖς

233 2618 370 2666 μου.
411 2605 557 2656 Ἀντὶ
637 2607 730 2658 τοῦ
811 2608 1070 2675 ἐπεῖδεν,
1127 2611 1391 2680 ἐπόψεται
1476 2612 1810 2666 ἐκδεδώκασι

235 2693 532 2764 Σύμμαχος
594 2698 688 2750 καὶ
730 2697 1130 2756 Θεοδοτίων.ί)ἱ
1170 2701 1224 2754 δὲ
1282 2702 1685 2772 Ἐὗδομήκοντα
1737 2703 1810 2767 ὡς

233 2789 578 2855 γεγενημένα
615 2789 679 2841 τὰ
703 2793 937 2861 ἐσόμενα
990 2795 1364 2865 ἡρμήνευσαν.
1432 2796 1691 2866 Ἑχθροὺς
1753 2796 1810 2850 δέ

235 2893 362 2942 φησι
415 2880 541 2942 τοὺς
601 2884 882 2953 δαίμονας,
923 2888 1017 2938 καὶ
1065 2888 1195 2951 τοὺς
1255 2889 1540 2952 ἀπίστους,
1611 2890 1668 2942 ἐν
1729 2885 1810 2954 οἷς

233 2971 500 3038 ἐπόψεται
549 2976 670 3028 τότε
715 2977 812 3049 τὴν
853 2979 1154 3043 ἐκδίκησιν.
1190 2982 1360 3035 Τοῦτο
1402 2983 1510 3053 γὰρ
1545 2981 1807 3038 ἐλλείπει.

298 3153 405 3205 Καὶ
433 3154 503 3207 ἐν
530 3156 651 3222 τοῖς
679 3158 1180 3228 ἐπανιοστιιμένοις
1217 3162 1310 3214 ἐπ’
1357 3162 1462 3230 ἐμὲ
1517 3176 1809 3232 πονηρευ-

1928 681 2110 750 ι›1Ξ(·ἰ;1.

2000 773 2165 830 Vens.
2202 777 2287 829 11.
2349 775 2411 830 Et
2438 775 2764 829 ea‘oltabitur
2811 776 2947 829 sicut
3002 774 3268 828 unicornis
3339 790 3538 828 cornu-

1928 885 2122 923 meum.
2164 868 2347 924 Cornu
2411 885 2571 923 suum
2627 869 2823 923 beatus
2869 867 3035 921 llavid
3093 867 3369 920 Christum
3407 883 3500 935 ap-

1927 959 2150 1029 pellavit
2184 999 2198 1020 ,
2247 961 2402 1029 quasi
2471 975 2535 1013 ex
2593 974 2653 1013 se
2699 957 3142 1028 germinandum,
3194 958 3496 1010 secundum

1928 1064 2175 1112 carnem,
2244 1051 2310 1104 de
2369 1065 2479 1118 quo
2547 1049 2713 1104 latius
2785 1047 2992 1103 dictum
3055 1055 3138 1102 est
3223 1049 3275 1100 in
3351 1048 3497 1115 psal-

1925 1155 2016 1194 mo
2057 1156 2324 1202 LXXXVIII,
2382 1141 2451 1194 ibi
2491 1139 2604 1193 :Et
2658 1142 2712 1194 in
2762 1142 2973 1194 nomine
3013 1157 3123 1194 meo
3170 1138 3499 1193 exaltabitnr

1926 1248 2086 1285 cornu
2115 1232 2251 1300 ejus.
2293 1231 2636 1285 Exaltabitur
2672 1239 2877 1292 autem,
2912 1231 3014 1284 hoc
3041 1239 3146 1293 est,
3176 1229 3496 1298 magniﬁca-

1928 1323 2094 1386 bitur,
2123 1325 2175 1376 in
2207 1332 2451 1391 tempore
2483 1325 2744 1377 nimirum
2789 1322 2958 1376 futuri
2991 1320 3211 1391 jndicii,
3245 1318 3498 1389 profliga-

1924 1415 1996 1469 tis
2061 1424 2224 1483 atque
2293 1415 2590 1467 ltnmilintis
2679 1415 2938 1468 omnibus
3015 1413 3138 1480 ejus
3221 1409 3492 1471 inimicis;

1925 1505 2276 1565 evaltahitur,
2313 1506 2553 1573 inquam,
2581 1505 2744 1559 veluti
2771 1521 2940 1559 cornu
2969 1502 3243 1574 quoddam
3275 1502 3496 1554 unicor-

1925 1596 2033 1658 nis,
2090 1597 2194 1650 hoc
2251 1606 2357 1656 est,
2416 1595 2572 1650 valde
2627 1596 2984 1651 exaltabitur.
3057 1594 3260 1663 (Dictio
3311 1601 3493 1644 autem

1922 1692 2191 1743 unicornis
2223 1701 2303 1743 est
2331 1691 2558 1744 secundi
2597 1706 2782 1751 casus,
2817 1699 2873 1742 ut
2901 1689 3032 1743 alibi
3061 1684 3346 1754 diximus.)

1988 1782 2064 1836 ριζι
2095 1793 2332 1838 senectus
2363 1800 2476 1836 mea
2525 1785 2578 1838 in
2615 1783 2728 1837 oleo
2759 1782 2959 1851 pingui.
2992 1779 3098 1833 Per
3146 1779 3324 1832 oleum
3356 1775 3496 1828 hila-

1925 1873 2138 1925 ritatem
2171 1873 2470 1935 denotarit,
2503 1874 2648 1927 unde
2695 1872 2824 1926 alibi
2851 1871 3089 1925 dicitur:
3137 1865 3202 1921 Ut
3239 1865 3498 1920 exhilurct

1920 1965 2107 2034 faciem
2171 1969 2222 2020 in
2272 1968 2385 2021 oleo
2413 1969 2482 2018 ⁸ο.
2553 1965 3042 2036 Cognovi,inquit.
3067 1976 3238 2016 cornu
3314 1974 3493 2014 meum

1917 2061 2268 2114 exaltaudnat
2329 2076 2472 2123 esse,
2510 2070 2674 2128 atque
2729 2059 2854 2111 ideo
2917 2058 3162 2111 futurum
3217 2067 3400 2122 spero,
3436 2058 3496 2104 ιιι

1918 2161 2172 2208 senectus
2200 2169 2314 2206 utea
2351 2153 2402 2206 in
2440 2152 2648 2222 pingui,
2674 2151 2775 2204 hoc
2814 2157 2920 2210 est,
2953 2148 3006 2202 in
3037 2147 3202 2201 multa
3223 2144 3498 2198 hilaritate

1915 2253 2185 2304 versetur.
2215 2253 2383 2313 utque
2410 2243 2652 2313 jucunde
2679 2257 2743 2298 ac
2773 2242 2894 2299 sine
2919 2255 3158 2296 mmrore
3184 2247 3495 2294 extremum

1917 2329 2051 2384 illud
2119 2331 2241 2386 vita:
2287 2347 2420 2389 mea:
2503 2343 2722 2404 tempus
2793 2346 2987 2404 agam,
3035 2331 3343 2386 futurorum
3401 2344 3496 2398 spe

1914 2424 2253 2480 consolatus.

1985 2517 2139 2572 Vcrs.
2163 2519 2250 2576 12.
2288 2519 2352 2574 Et
2377 2522 2603 2590 dispexit
2625 2521 2807 2576 oculus
2835 2537 2978 2577 meus
3003 2519 3055 2574 in
3087 2516 3313 2574 inimicis
3339 2516 3493 2570 meis.

1914 2611 2278 2681 Symmachus
2313 2622 2366 2667 et
2408 2612 2748 2669 Theodotion
2803 2629 2902 2685 pro
2949 2612 3197 2681 dispexit,
3240 2608 3494 2665 reddide-

1915 2712 2043 2760 runt
2099 2707 2323 2773 videbit;
2376 2706 2516 2760 LXX
2572 2723 2708 2763 vero
2761 2707 3096 2776 interpretes
3119 2718 3241 2774 qua:
3305 2701 3492 2756 futura

1914 2804 2072 2851 erant
2117 2807 2489 2866 exposuerunt
2541 2806 2598 2852 ut
2656 2799 2767 2870 iam
2830 2798 2996 2852 facta.
3062 2798 3168 2849 Per
3235 2793 3492 2848 inimicos

1917 2900 2124 2956 autem,
2190 2901 2245 2946 et
2303 2893 2585 2948 dannones
2644 2899 2698 2946 et
2765 2891 3016 2946 infideles
3068 2887 3358 2958 intelligit,
3435 2885 3491 2938 in

1914 2983 2116 3051 quibus
2145 2983 2393 3039 visurum
2420 2998 2479 3038 se
2511 2990 2693 3053 sperat
2714 2983 3032 3041 vindictam.
3067 2995 3161 3036 seu
3200 2978 3488 3034 ultionem.

1913 3073 2384 3143 Subintelligenda
2444 3079 2589 3129 enim
2621 3083 2705 3131 est
2734 3075 2916 3145 aliqua
2952 3071 3270 3143 bujusmodi
3298 3069 3490 3125 dictio.

1988 3170 2054 3225 Et
2087 3172 2138 3225 in
2179 3170 2574 3241 insurgentibus
2622 3172 2677 3225 in
2718 3187 2798 3224 me
2845 3167 3261 3238 malignautibm
3311 3165 3491 3219 audiet

227 3246 465 3312 ομένοις
512 3249 835 3305 ἀκούσεται
893 3253 954 3305 τὸ
1009 3249 1117 3319 οὖς
1171 3273 1310 3322 μου.
1364 3255 1473 3308 Καὶ
1525 3255 1684 3309 τοῦτο
1725 3256 1809 3308 ἑλ-

1923 3265 2066 3318 auris
2099 3281 2236 3318 mea.
2269 3263 2392 3318 llaec
2418 3263 2584 3317 verba
2613 3263 2777 3317 etiam
2808 3260 3071 3316 defectiva
3099 3267 3228 3314 sunt
3247 3295 3263 3311 .
3287 3255 3491 3310 Audiet.

229 3336 527 3394 λειπτικόν.
569 3341 885 3396 ’Λκούσεται
923 3344 1030 3412 γὰρ
1055 3344 1152 3415 τὴν
1183 3345 1502 3398 κατ”αὐτῶν
1529 3347 1808 3415 ἀπόφασιν

228 3432 319 3483 τοῦ
349 3434 642 3486 Δεσπότου.
692 3435 831 3498 Τοὺς
894 3438 1094 3502 αὐτοὺς
1147 3439 1202 3490 δὲ
1236 3438 1383 3508 λέγει
1433 3441 1808 3513 ἐπανισταμέ-

229 3538 348 3584 νους
380 3526 474 3576 καὶ
521 3528 1008 3595 πονηρευομένους,
1037 3529 1359 3594 ἀσυνδέτως.

297 3619 537 3683 Δίκαιος
588 3619 668 3684 ὡς
733 3619 939 3688 φοίνιξ
1006 3621 1281 3688 ἀνθήσει,
1334 3621 1516 3676 Εἰπὼν
1550 3623 1808 3694 ἀνωτέρω

228 3712 354 3776 περὶ
387 3711 497 3763 τῶν
521 3712 886 3781 ἁμαρτωλῶν,
930 3713 1063 3766 ὡσεὶ
1104 3714 1294 3785 χόρτος
1325 3715 1571 3786 ἀνθήσει,
1595 3715 1690 3769 νῦν
1722 3716 1810 3770 λέ-

225 3820 312 3872 γει
338 3806 570 3872 περὶτοῦ
605 3809 836 3870 δικαίου,
891 3812 972 3862 ὅτι
1031 3808 1107 3871 ὡς
1165 3808 1340 3876 φοίνιξ
1395 3809 1662 3881 ἀνθήσειο
1712 3808 1807 3864 τοῦ

228 3899 471 3965 εροῐνικος
507 3899 563 3952 δὲ
590 3900 712 3953 οὔτε
744 3902 804 3953 τὸ
835 3903 993 3964 ἄνθος
1020 3902 1341 3969 ἀποπίπτει,
1377 3904 1492 3956 ἀλλ’
1533 3913 1614 3969 εις
1668 3921 1807 3976 καρ·

230 3991 327 4042 πον
352 3994 654 4061 προκόπτει
699 3995 1064 4062 γλυκύτατον,
1095 3997 1218 4052 οὗτε
1265 4000 1294 4050 ὁ
1326 3998 1489 4063 Θάλος
1542 4000 1807 4071 μαραίνε-

227 4103 339 4150 ται,
377 4087 636 4158 ἁειθαλὴς
671 4090 778 4160 γάρ
805 4091 972 4142 ἐστιν.

309 4279 465 4332 Ὠσεὶ
504 4279 713 4347 κέδρος
741 4283 776 4348 ἡ
816 4281 885 4333 ἐν
910 4281 986 4345 τῷ
1017 4283 1246 4348 Λιϐάνῳ
1292 4285 1804 4353 πληθυνθήσεται.

231 4373 670 4442 Πεπληουσμὲνη
730 4373 836 4444 γὰρ
910 4376 1057 4428 ἐστιν
1100 4379 1130 4445 ἡ
1192 4378 1384 4447 κέδρος
1425 4384 1540 4442 ταῖς
1583 4382 1802 4450 κόμαις.

229 4459 382 4530 νεχει
405 4461 461 4513 δὲ
496 4461 585 4513 καὶ
608 4461 770 4524 ἄλλας
799 4465 1122 4534 ὁμοιότητας
1155 4469 1181 4518 ὁ
1229 4467 1433 4532 δίκαιος
1463 4486 1477 4501 .
1527 4472 1663 4538 πρὸς
1705 4473 1804 4540 μὲν

223 4554 316 4604 τὸν
349 4553 570 4620 φοίνικα
619 4554 680 4606 τὸ
711 4557 907 4624 μικρὸν
931 4557 1030 4625 μὲν
1055 4559 1214 4610 αὐτοῦ
1245 4563 1408 4630 μέρος
1445 4565 1797 4634 ἐμπεπῆχθαι

223 4650 288 4716 τῇ
331 4650 427 4716 γῇ,
482 4648 540 4698 τὸ
572 4651 676 4700 πᾶν
707 4649 761 4701 δὲ
798 4650 937 4720 ὑπὲρ
964 4651 1062 4718 τὴν
1091 4655 1193 4721 γῆν
1220 4655 1452 4721 ἀνέχειν,
1482 4658 1574 4709 καὶ
1619 4662 1678 4711 τὸ
1701 4660 1797 4731 τὴν

224 4736 453 4805 καρδίαν
477 4737 641 4789 αὐτοῦ
681 4740 943 4792 τετᾶσοαι
977 4742 1111 4810 πρὸς
1135 4744 1384 4812 οὐρανὸν,
1460 4749 1555 4801 καὶ
1611 4750 1671 4801 τὸ
1713 4753 1803 4803 τὸν

223 4828 436 4898 καρπὸν
463 4827 630 4882 αὑτοῦ
660 4831 934 4884 ἀνάλωτον
963 4828 1102 4886 εἶναι
1129 4835 1341 4904 eripiat;
1384 4837 1470 4889 διὰ
1503 4839 1564 4892 τὸ
1599 4841 1802 4911 ὑψηλὸν

224 4923 316 4974 καὶ
345 4921 637 4985 δύσϐατον,
671 4923 764 4975 καί
817 4922 876 4975 τδ
913 4925 1110 4977 πολλοῦ
1158 4927 1352 4995 χρόνου
1407 4929 1613 4984 δεῖσθαι
1665 4934 1797 5002 πρὸς

221 5015 317 5082 τὴν
345 5014 663 5066 τελείωσιν*
707 5014 844 5084 πρὸς
870 5016 925 5067 δὲ
958 5016 1057 5086 τὴν
1089 5017 1282 5084 κέδρον
1315 5021 1375 5073 τὸ
1425 5023 1642 5086 εὐῶδες,
1705 5027 1798 5078 καὶ

219 5104 490 5174 ἄσηπτον,
526 5107 957 5176 καὶπολὺερνον,
1015 5109 1109 5161 καὶ
1177 5112 1498 5169 κατάσκιον.
1557 5117 1798 5182 Εὑωδέας

221 5199 328 5265 γὰρ
357 5198 459 5267 τῆς
489 5198 596 5250 ἀπὸ
624 5199 729 5250 τῶν
757 5200 968 5265 ἀρετῶν
997 5201 1401 5271 ἐμπέπλησται,
1444 5208 1538 5258 καὶ
1589 5208 1799 5279 ἄφθαρο

218 5290 306 5350 τός
338 5291 477 5351 ἐστι,
510 5289 870 5358 καθαρισθεὶς
897 5292 960 5343 ἐκ
994 5293 1174 5362 πάσης
1211 5295 1431 5364 κηλῖδος
1467 5315 1479 5327 ’
1529 5300 1622 5352 καὶ
1671 5303 1800 5355 πολ-

219 5377 340 5444 λοὺς
373 5383 536 5451 γεννᾷ
554 5382 630 5452 τῷ
661 5383 953 5452 πνεύματι,
988 5385 1079 5437 καὶ
1108 5386 1319 5452 πολλοῖς
1350 5390 1525 5461 σκέπη
1585 5410 1798 5464 χρημα-

217 5471 376 5535 τξζει.

1914 3357 2056 3409 enim
2092 3357 2243 3410 auris
2274 3371 2390 3409 mea
2428 3355 2758 3411 sententiam
2802 3353 3040 3416 Domini,
3085 3350 3357 3404 adversus
3391 3363 3488 3402 eos

1913 3461 2054 3516 quos
2107 3446 2459 3517 insurgentes
2505 3460 2569 3499 ae
2627 3445 2992 3515 malignantes
3045 3440 3358 3512 promiscue
3396 3453 3492 3505 ap-

1916 3541 2110 3610 pellat;
2147 3540 2351 3594 omissa
2387 3539 2782 3609 conjunctione
2809 3548 2876 3592 et.

1985 3633 2152 3689 Vens.
2181 3634 2266 3688 15.
2293 3631 2481 3686 Justus
2512 3642 2568 3685 ut
2595 3631 2774 3702 palma
2799 3628 3025 3699 ﬂorebit.
3063 3626 3198 3681 Cum
3231 3621 3489 3691 superius

1912 3728 1980 3784 de
2013 3729 2400 3800 peccatoribus
2446 3741 2756 3781 sermonem
2826 3722 3102 3784 habuerit,
3150 3714 3486 3783 dixeritque,

1911 3823 2056 3892 quod
2116 3820 2393 3876 florebunt
2425 3828 2484 3874 ut
2524 3819 2714 3881 herba,
2757 3833 2878 3888 quae
2913 3817 3022 3870 cito
3067 3811 3226 3883 perit,
3254 3822 3400 3862 nunc
3425 3805 3490 3858 de

1906 3917 2059 3986 justo
2107 3914 2258 3978 dicit,
2318 3913 2460 3981 quod
2523 3911 2740 3964 florebit
2770 3917 2826 3962 ut
2870 3908 3214 3977 palma,qua2
3243 3897 3489 3955 vivacior

1911 4017 2016 4075 est,
2083 4017 2136 4062 et
2214 4008 2370 4075 cujus
2431 4005 2531 4060 flos
2608 4018 2886 4074 nunquam
2957 3999 3196 4062 decidit,
3250 3995 3344 4050 sed
3433 3993 3486 4044 in

1912 4101 2296 4155 dulcissimum
2336 4102 2574 4155 fructum
2621 4093 2896 4166 provenit,
2930 4095 3201 4164 cujusque
3263 4103 3488 4160 germen

1911 4205 2021 4245 non
2058 4190 2315 4255 tabescit,
2346 4189 2440 4243 sed
2476 4203 2692 4256 semper
2719 4188 2883 4256 viget.
2927 4245 2935 4255 η

1983 4281 2132 4335 Sicut
2158 4281 2345 4334 cedrus
2375 4295 2492 4350 qua:
2540 4281 2594 4332 in
2636 4276 2838 4330 Libano
2868 4283 2964 4338 est,
3016 4269 3485 4340 multiplicabitur.

1912 4371 2007 4426 Est
2046 4382 2223 4425 autem
2260 4373 2424 4423 cedro
2458 4386 2612 4424 coma
2645 4369 2861 4436 copiosa
2896 4380 2960 4420 ac
2995 4362 3296 4430 multiplex.
3335 4359 3485 4410 Alias

1910 4469 2071 4518 etiam
2112 4462 2501 4516 similitudines
2536 4460 2696 4512 habet
2736 4458 2917 4525 justus
2950 4455 3014 4508 ad
3050 4453 3304 4519 palmam.
3347 4446 3482 4501 Nam

1911 4555 2371 4623 quemadmmlum
2424 4553 2637 4606 modica
2694 4550 2838 4604 illius
2887 4547 3101 4601 arboris
3162 4558 3290 4614 pars
3325 4555 3483 4597 terra:

1907 4650 2172 4719 inﬁgitur,
2208 4660 2258 4702 et
2293 4656 2404 4700 tota
2436 4662 2569 4716 pene
2613 4661 2641 4698 a
2676 4656 2820 4699 terra
2872 4645 2924 4697 in
2977 4642 3175 4698 ccelum
3213 4640 3478 4700 elevatur,

1906 4745 1977 4797 ita
2013 4753 2065 4798 et
2098 4745 2282 4812 justus
2310 4757 2405 4796 cor
2428 4757 2583 4796 Suum
2615 4756 2642 4794 a
2666 4741 2901 4796 terrenis
2928 4738 3193 4794 iucmlum
3225 4735 3423 4790 attollit
3459 4752 3472 4787 ε

1901 4845 1953 4889 et
2008 4835 2469 4905 quemadmodum
2531 4835 2722 4903 palmze
2778 4833 2991 4887 fructus
3031 4847 3061 4885 a
3118 4830 3250 4884 feris
3317 4826 3475 4892 diripi

1903 4945 2007 4980 non
2045 4937 2296 4994 possunt,
2335 4928 2415 4981 sic
2449 4926 2610 4980 etiam
2640 4926 2773 4995 justi
2817 4925 2916 4979 viri
2951 4937 3113 4992 opera
3152 4936 3180 4974 a
3211 4919 3476 4974 daemoni-

1900 5023 2001 5075 bus
2033 5021 2182 5090 perdi
2215 5029 2518 5090 neqnennt,
2549 5020 2871 5074 adversante
2894 5019 3149 5072 nimirum
3171 5015 3222 5068 in
3245 5024 3476 5079 utroque

1903 5131 2084 5168 rerum
2113 5113 2469 5168 sublimitate.
2505 5111 2672 5164 Multo
2708 5121 2965 5179 praeterea
2992 5119 3232 5176 tempore
3257 5103 3476 5170 utrique

1901 5222 2037 5274 opus
2075 5217 2159 5259 est
2188 5205 2251 5258 ad
2296 5204 2708 5273 perfectionem.
2738 5200 2874 5255 Cum
2910 5200 3073 5253 cedro
3103 5197 3264 5251 etiam
3292 5195 3474 5259 justus

1899 5299 2314 5354 similitudinem
2351 5297 2544 5349 retinet
2591 5309 2604 5346 :
2646 5293 2772 5361 quia
2820 5291 2964 5344 sicut
3009 5289 3208 5342 cedrus
3268 5287 3470 5339 bonum

1898 5407 1960 5443 ex
2004 5407 2058 5443 se
2088 5389 2312 5442 odorem
2344 5388 2563 5448 emittit,
2594 5393 2640 5435 et
2679 5381 3146 5450 incorruptibiletn
3187 5377 3471 5431 materiam

1913 5485 2093 5546 habet,
2121 5491 2171 5534 et
2199 5495 2472 5534 tantorum
2507 5477 2660 5544 eopia
2692 5474 2951 5539 abundat,
2983 5483 3035 5528 et
3069 5473 3316 5527 umbram
3341 5485 3471 5523 con-

218 5581 516 5638 sequenter
552 5571 776 5625 multam
825 5575 972 5639 facit,
1009 5572 1083 5626 ita
1125 5582 1178 5627 et
1219 5575 1399 5643 justus
1477 5577 1620 5631 bono
1685 5579 1948 5633 virtutum
2015 5579 2184 5632 odore
2250 5576 2441 5641 plenus
2489 5585 2618 5626 est:
2688 5579 2739 5625 et
2783 5587 2905 5624 eum
2993 5568 3154 5622 semel
3210 5577 3470 5636 purgatus

217 5663 384 5718 fuerit
414 5665 482 5716 ab
524 5665 670 5716 omni
722 5665 859 5731 labe,
909 5667 1342 5736 ineorruptibilis
1389 5683 1693 5739 permanet,
1741 5685 1792 5727 et
1828 5675 1968 5727 ﬁlios
2003 5689 2164 5741 quam
2207 5669 2473 5740 plurimos
2524 5683 2585 5721 ex
2659 5683 2717 5720 se.
2757 5666 3086 5737 Spititnales,
3160 5679 3265 5716 non
3311 5679 3469 5720 secus

215 5772 277 5811 ae
323 5771 508 5811 ramos
551 5757 821 5826 quosdam
877 5769 1118 5829 generat,
1178 5772 1223 5814 et
1283 5764 1574 5817 Iunltorum
1625 5766 1788 5819 etiam
1832 5765 2185 5834 indigentium
2229 5760 2458 5814 etlieitur
2499 5765 2794 5827 protector.
3327 5785 3336 5812 ι

283 5935 328 5965 ⁸⁸
358 5933 504 5987 [‘sal.
549 5950 661 5998 ent,
704 5937 781 5989 15.
