3862 6532
132 447 230 507 953

1271 451 1659 515 COMMENT.
1694 453 1779 511 IN
1816 451 2179 512 PSALMOS.

3252 438 3362 504 954

130 558 402 629 σημαίνει,
467 550 648 626 οἶμαι,
719 554 781 607 τὸ
839 555 1211 612 ἐνεδύσατο·
1264 560 1298 629 ἢ
1352 563 1447 615 καὶ
1493 561 1687 622 ἄλλως·

1799 563 1866 616 illi
1901 573 2038 626 erat,
2069 562 2233 617 etiam
2268 568 2327 612 ut
2358 556 2488 611 Deo.
2519 554 2617 610 Vel
2657 553 2814 609 aliter
2847 569 2862 607 :
2903 551 3165 607 l‘ominus
3193 566 3362 605 carne

127 649 432 718 Νεκρωοεὶς
464 647 560 716 μὲν
588 649 653 716 τῇ
676 650 864 718 σαρκὶ,
901 649 1003 700 οὐκ
1028 647 1175 720 εἶχεν
1202 647 1366 714 εἶδος,
1394 653 1517 705 οὐδὲ
1556 652 1691 704 κάλ-

128 742 211 803 λος
240 740 379 792 κατᾶ
416 739 511 792 τὸν
558 741 849 810 προφήτην
875 756 888 770 ·
948 742 1188 805 ἀναστὰς
1228 742 1307 805 δὲ,
1357 743 1693 813 εὐπρέπειαν

130 832 423 886 ἐνεδύσατο.

200 1010 561 1063 Ἐι-εδύσατο
582 1011 797 1079 Κύριος
824 1011 1105 1081 δύναμιν,
1131 1015 1230 1067 καὶ
1276 1011 1687 1080 περιεζώσατο.

137 1101 363 1168 Ὁμοίως
404 1100 686 1154 κάνταῦθα
741 1102 961 1170 νοητέον
1019 1103 1116 1164 τὸ,
1160 1103 1509 1157 ἐνεδύσατο.
1564 1100 1689 1171 Εἶχε

131 1190 221 1259 μὲν
258 1192 371 1258 γὰρ
397 1190 477 1253 ὡς
506 1190 638 1253 Θεὸς
686 1192 786 1260 τὴν
838 1192 988 1245 Θείαν
1038 1193 1374 1264 εὐπρέπειαν
1424 1194 1535 1255 ἀεὶ,
1595 1193 1692 1245 καὶ

126 1283 214 1349 τὴν
252 1282 406 1333 θείαν
445 1281 674 1353 δύναμιν
726 1284 1109 1352 κρυπτομένας
1138 1300 1155 1316 ·
1215 1284 1440 1355 ὕστερον
1472 1283 1528 1336 δὲ
1560 1286 1693 1351 ἑφα-

126 1377 316 1443 νέρωσε
347 1374 571 1438 ταύτας,
610 1377 997 1439 ἀποκαταστὰς
1030 1378 1111 1439 εἰς
1141 1375 1405 1445 οὐρανούς
1440 1389 1455 1402 ·
1489 1377 1550 1427 οὐ
1580 1373 1687 1444 μὴν

125 1463 315 1527 ἔξωθεν
372 1465 543 1528 αὐτὰς
598 1467 952 1537 περιεὸἀὶετο
982 1482 997 1497 ’
1052 1467 1145 1520 καὶ
1176 1467 1252 1519 ’τὸ
1298 1465 1691 1535 περιεᾷὐσατο

123 1558 171 1610 δὲ
209 1557 448 1621 εὐσεϐῶς
474 1560 714 1627 νοητὲον,
750 1559 875 1613 ἀντὶ
907 1559 1024 1621 τοῦ,
1052 1560 1393 1629 ηὑτρεπίσοη
1415 1574 1431 1590 ο
1487 1557 1691 1629 σύμϐο-

122 1651 201 1703 λον
231 1651 339 1719 γὰρ
370 1651 741 1721 εὖτρεπισμοῦ
772 1651 891 1704 ἐστι
912 1651 973 1703 τι
998 1649 1355 1716 ζωννύεσοαι.

1793 655 2010 724 quidem
2045 661 2318 713 mortuus,
2353 650 2606 704 decorem
2661 661 2768 700 non
2812 645 3048 699 habebat
3089 638 3187 698 iter.
3235 658 3359 712 spe-

1793 749 1952 807 ciem.
1996 746 2152 813 juxta
2205 742 2485 812 prophetae
2531 738 2903 794 testimonium
2928 737 2995 797 ⁸³,
3033 751 3221 790 verum
3274 750 3360 789 re-

1791 852 2022 905 surgens
2053 835 2329 898 decorem,
2381 847 2544 902 quem
2595 839 2759 884 antea
2811 844 2918 882 non
2969 827 3224 892 habebat,
3277 826 3361 880 in-

1792 930 1958 983 dutus
1987 936 2093 983 est.

1865 1021 2093 1077 Indum:
2153 1027 2230 1074 est
2277 1016 2587 1086 potentiam,
2634 1023 2683 1068 et
2734 1013 2964 1068 accinxit
3014 1028 3089 1067 se.
3150 1010 3356 1064 Eodem

1792 1115 1957 1170 modo
1989 1112 2258 1179 intelliges
2282 1111 2431 1164 hunc
2459 1107 2812 1163 versiculum.
2845 1105 3047 1159 Habuit
3095 1112 3356 1171 praeterea

1791 1207 2049 1261 Christus
2080 1218 2295 1270 semper
2317 1209 2371 1255 et
2400 1200 2679 1259 decorem,
2725 1206 2781 1250 et
2819 1195 3141 1265 potentiam,
3169 1207 3355 1247 verum

1792 1299 1923 1351 nlim
1957 1296 2007 1350 id
2036 1296 2290 1350 homines
2319 1292 2561 1355 latebat;
2599 1287 2954 1343 manifestum
3012 1296 3193 1341 autem
3242 1284 3356 1337 ﬁeri

1792 1391 1959 1456 coepit
2002 1396 2291 1457 postquam
2335 1385 2387 1438 in
2429 1383 2630 1437 coelum
2677 1381 2945 1441 ascendit.
2993 1377 3205 1433 tametsi
3252 1377 3357 1430 bu-

1788 1482 2098 1551 juscemodi
2130 1479 2513 1534 indumentum
2563 1474 2807 1529 exterius
2843 1473 3052 1526 nullum
3094 1469 3355 1524 induerit.

1790 1575 1888 1631 Pie
1940 1572 2143 1627 etenim
2195 1571 2299 1639 boe
2353 1565 2768 1637 intelligendum
2815 1573 2919 1626 est,
2979 1572 3036 1615 ut
3096 1561 3359 1627 diximus,

1791 1660 2248 1733 quemadmodum
2288 1666 2342 1714 et
2407 1657 2656 1720 verbum,
2701 1654 2977 1717 accinxit;
3019 1653 3161 1706 idem
3213 1653 3359 1706 enim

1792 1756 2084 1825 signiﬁcat,
2132 1749 2281 1821 quod
2337 1748 2563 1816 aptavit,
2614 1762 2710 1802 seu
2791 1746 3032 1809 ornavit,
3081 1744 3359 1813 cingulum

1791 1849 2010 1917 quippe,
2042 1842 2352 1899 ornamenti
2393 1840 2678 1911 cujusdam
2708 1841 2927 1908 signum
2973 1847 3074 1893 est.

181 1937 285 1993 Kal
334 1937 448 2004 γὰρ
468 1936 801 2005 ἐστερέωσε
847 1935 961 2003 τὴν
999 1936 1387 2004 οἰκουμένην,
1426 1936 1561 2004 ἣτις
1614 1939 1686 1991 οὐ

1865 1936 2078 1989 Etenim
2114 1932 2371 1987 stabilivit
2416 1931 2591 1985 orbem
2643 1939 2820 1988 (errat.
2853 1928 2944 1997 qui
2985 1944 3086 1980 non
3129 1942 3364 1980 commo-

56 2076 65 2083 .
123 2028 582 2093 σαλευθήσεται.
617 2029 993 2099 Σαλευομὲνην
1015 2032 1080 2100 τῇ
1118 2029 1302 2100 ἀπάτῃ
1354 2028 1687 2098 ἐστερέωσεν

121 2120 277 2190 αὐτὴν
310 2121 414 2191 ἥδη
456 2122 522 2190 τῇ
559 2120 805 2192 ἀληθείᾳ,
842 2120 983 2175 ὥστε
1018 2122 1093 2189 μὴ
1121 2119 1448 2189 σαλευθῆναι
1504 2119 1686 2173 λοιπὸν

124 2212 217 2264 ὑπὸ
242 2211 350 2280 τῆς
380 2211 615 2280 πλάνης,
655 2210 750 2264 ἐπὶ
776 2211 986 2280 πέτραν
1006 2211 1105 2280 τῆς
1160 2210 1399 2273 πίστεως
1424 2226 1686 2278 στερεω-

121 2302 313 2354 θείσαν.
337 2301 564 2356 Νοεῖται
594 2303 651 2357 δὲ
680 2304 774 2359 καὶ
825 2303 1008 2366 ἱδικῶς
1041 2304 1331 2373 οἰκουμένη
1454 2301 1685 2370 Ἐκκληο

123 2398 220 2456 σία.
253 2396 323 2466 ἢν
362 2396 605 2450 οἰκοῦσιν
655 2399 704 2451 οἱ
740 2392 1031 2469 πιστοὶ,ἦς
1058 2399 1116 2451 οὐ
1154 2396 1543 2468 κατισχύσουσι
1584 2393 1688 2448 πύ-

121 2488 201 2540 λαι
227 2489 385 2560 ᾅδου,
407 2490 550 2544 κατὰ
572 2490 669 2561 τὴν
699 2491 1038 2560 Δεσποτικὴν
1072 2491 1367 2558 ἀπόφασιν.

123 2580 494 2648 appellaverit)
554 2581 852 2638 Ecclesiam
917 2582 1141 2650 intelligi
1201 2581 1415 2645 dicunt,
1470 2580 1526 2635 in
1578 2595 1687 2650 qua

121 2674 439 2728 st-utentiam
458 2673 529 2736 “.
555 2674 755 2729 inferni
790 2685 958 2742 portae
986 2690 1093 2730 non
1133 2676 1525 2744 praevalebunt.

188 2765 460 2829 Ἕτοιμος
490 2766 526 2818 ὁ
553 2767 768 2830 θρόνος
789 2778 907 2818 σου
933 2766 1050 2820 ἀπὸ
1080 2766 1230 2821 τότε.
1287 2794 1360 2805 -
1412 2744 1689 2834 Ἕτοιμος

121 2855 230 2907 ἀντὶ
258 2853 382 2922 τοῦ,
415 2856 654 2925 ἑδραῖος,
715 2855 791 2920 ὡς
833 2859 891 2910 ὲν
907 2857 985 2927 τῷ
1020 2856 1103 2911 πε’
1146 2857 1349 2927 ψαλμῷ
1373 2875 1692 2926 παρασεση-

124 2946 372 3014 μεῖωται·
400 2948 520 3003 ἀπὸ
551 2949 683 3003 τότε
718 2949 797 3012 δὲ,
830 2950 951 3004 ἀντὶ
983 2949 1101 3011 τοῦ,
1130 2950 1231 3005 ἀπ’
1269 2950 1463 3019 ἀρχῆς
1487 2967 1504 2983 ⁸
1542 2950 1601 3002 τὸ
1633 2951 1690 3003 δὲ

120 3041 211 3092 ἀπ’
232 3037 429 3109 ἀρχῆς
450 3042 543 3094 ἐπὶ
566 3043 666 3111 τῆς
686 3042 835 3106 Θείας
865 3042 1079 3113 φύσεως
1116 3044 1216 3096 οὐκ
1246 3044 1325 3105 εἰς
1353 3044 1530 3113 ἀρχὴν
1563 3041 1689 3096 (avai-

121 3144 266 3198 τεται
297 3134 727 3204 χρονικὴνρλλὰ
776 3135 873 3203 τῆς
904 3136 1123 3190 αἰωνίου
1155 3135 1305 3188 ἐστὶν
1360 3136 1693 3204 ἐμφαντικὸν

1784 2027 2008 2082 vehitur.
2034 2024 2256 2087 Orbem,
2283 2021 2596 2076 daemonum
2633 2019 2823 2073 fraude
2865 2017 3242 2083 ﬂuctuantem,
3297 2033 3360 2072 ac

1787 2135 1923 2189 pene
1953 2131 2312 2178 concussum,
2351 2116 2586 2168 veritate
2627 2126 2726 2166 sua
2773 2111 3025 2164 Christus
3081 2110 3151 2163 ita
3189 2109 3363 2163 stabi-

1782 2212 1922 2274 livit,
1955 2218 2015 2267 ut
2042 2209 2327 2264 erroribus
2358 2207 2556 2262 amodo
2608 2207 2715 2260 huc
2748 2214 2911 2273 atque
2955 2204 3082 2258 illuc
3126 2218 3233 2256 non
3269 2202 3365 2256 ab-

1785 2304 2021 2357 dueatur
2051 2320 2063 2354 :
2098 2301 2224 2369 quia
2260 2300 2311 2352 in
2347 2298 2470 2352 ﬁdei
2506 2306 2657 2365 petra
2689 2296 2949 2351 fundatus
2985 2311 3046 2350 ac
3083 2295 3363 2351 stabilitus

1794 2405 1899 2451 est.
1924 2393 2027 2448 Per
2056 2393 2243 2447 orbem
2273 2402 2456 2445 autem
2495 2398 2652 2445 terra:
2686 2389 2869 2457 (quem
2911 2387 3067 2455 juxta
3095 2387 3362 2440 veriorem

1794 2487 1995 2543 Graeca:
2028 2485 2286 2540 dictionis
2354 2482 2829 2551 signiﬁcationem,
2873 2480 3207 2534 habitabilem
3241 2478 3364 2546 quis

1761 2579 1948 2636 ﬁdeles
2001 2578 2268 2644 habitant,
2333 2577 2598 2631 adversus
2674 2589 2858 2644 quam,
2928 2574 3075 2626 iuxta
3147 2571 3359 2629 Domini

1855 2761 2022 2816 Vens.
2045 2760 2101 2814 2.
2142 2758 2375 2813 Paratus
2409 2758 2627 2811 thronus
2663 2764 2782 2808 Inus
2813 2769 2877 2808 ex
2900 2764 3040 2806 tunc.
3075 2783 3145 2791 —
3186 2750 3365 2806 Para-

1793 2869 1905 2920 tus.
1947 2855 2049 2909 hoc
2083 2861 2189 2919 est,
2233 2852 2424 2907 ﬁrmus
2484 2859 2538 2906 et
2605 2850 2840 2909 stabilis.
2900 2854 2958 2900 ut
3009 2846 3253 2901 diximus
3308 2845 3362 2897 in

1788 2947 2001 3016 psalmo
2052 2961 2253 3000 Luxv.
2297 2942 2363 2997 Et
2405 2944 2548 3013 quod
2573 2943 2686 2996 ait:
2732 2958 2796 2995 ea:
2829 2950 2970 3001 tunc,
3004 2953 3236 3007 expone,
3270 2950 3366 3006 pro

1787 3055 1816 3094 a
1852 3038 2140 3108 principio.
2165 3036 2301 3092 Illud
2329 3044 2508 3091 tamen
2560 3049 2776 3103 semper
2802 3029 3362 3091 animadvertendum,

1792 3129 1934 3199 quod
1974 3127 2282 3197 bujusmodi
2327 3140 2544 3181 sermo:
2591 3124 2658 3178 ab
2708 3123 2864 3176 initio
2897 3122 3151 3175 nimirum
3187 3136 3304 3183 seu,
3335 3098 3380 3172 α’

124 3221 498 3290 παλαιότητος.
521 3222 775 3277 Τοιοῦτον
795 3225 852 3278 δέ
874 3227 1023 3278 ἐστιν
1052 3228 1144 3279 ἐπὶ
1164 3224 1298 3279 Θεοῦ
1327 3226 1422 3278 καὶ
1467 3226 1548 3286 τὸ,
1589 3224 1690 3279 ἀπ’

1799 3221 2095 3292 principio,
2129 3218 2338 3272 nullum
2369 3226 2583 3286 tempus
2607 3215 2816 3272 inducit
2848 3216 2899 3269 in
2931 3214 3114 3269 divina
3149 3227 3364 3277 natura,
3426 3220 3441 3227 '

122 3308 350 3377 αἰῶνος.
374 3312 542 3380 Λέγει
557 3312 615 3365 δὲ
633 3313 726 3366 νῦν
752 3316 781 3367 ὁ
800 3314 964 3367 Δαϐὶδ
983 3316 1066 3369 ὅτι
1085 3315 1144 3368 Et
1160 3316 1254 3369 καὶ
1270 3314 1456 3368 δούλου
1477 3314 1692 3386 μορφὴν

121 3401 447 3464 ἐνδύει,ἀλλ⁹
471 3405 565 3459 οὖν
594 3407 785 3477 ἐδραία
817 3425 900 3461 σοι
931 3409 964 3478 ἠ
987 3407 1235 3477 βασιλεία
1254 3424 1349 3461 σου
1367 3409 1461 3461 ἀπ’
1488 3408 1684 3479 ἀρχῆς,

121 3495 206 3548 καὶ
232 3497 492 3550 οὐδέποτε
515 3498 720 3569 ταύτης
737 3500 1023 3564 ἐξέπεσας.

1798 3317 1889 3372 sed
1925 3328 2185 3373 aeternam
2217 3313 2515 3383 quamdam
2539 3313 2920 3382 antiquitatem
2948 3317 3157 3363 tantum
3193 3306 3366 3373 signi-

1798 3411 1941 3466 ﬁcat.
1990 3408 2122 3464 Tale
2170 3408 2432 3479 quiddam
2468 3416 2575 3472 est,
2627 3405 2771 3476 quod
2801 3406 2964 3475 paulo
2996 3411 3117 3474 post
3153 3402 3360 3462 subdit,

1791 3498 2023 3556 dicens:
2063 3500 2106 3554 Α
2131 3498 2327 3554 sarculo
2358 3507 2412 3552 tu
2442 3513 2518 3551 es.
2563 3493 2824 3559 Tametsi,
2870 3495 3068 3565 inquit,
3110 3503 3168 3549 tu
3221 3494 3363 3548 servi

121 3604 405 3658 personam
438 3594 707 3652 iudueris.
768 3597 965 3651 stabile
1001 3604 1185 3653 tamen
1216 3611 1282 3654 ac
1324 3597 1542 3652 ﬁrmum
1590 3597 1691 3654 tibi
1730 3606 1816 3654 est
1840 3597 1908 3651 ab
1935 3596 2092 3650 initio
2121 3608 2346 3658 regnum
2371 3584 2545 3647 tuum.
2574 3590 2759 3661 Neque
2786 3590 2933 3646 enim
2996 3601 3239 3657 unquam
3298 3584 3367 3638 ab

119 3697 177 3737 eo
200 3685 479 3748 decidisti,
511 3697 601 3741 aut
634 3688 782 3744 illinc
810 3690 1000 3758 pulsus
1026 3707 1109 3746 es.

189 3775 326 3830 Ἀπὸ
349 3777 455 3832 τοῦ
474 3778 691 3846 αἰῶνος
714 3781 797 3836 σὺ
826 3778 902 3838 εἷ.
933 3783 1154 3854 Ἐδραία
1181 3785 1238 3838 δέ
1270 3802 1356 3838 σοι
1383 3784 1477 3839 ἀπ’
1514 3786 1694 3857 ἀρχῆς

119 3868 146 3934 ἡ
181 3867 450 3937 βασιλεία,
490 3870 627 3924 διότι
664 3873 760 3925 καὶ
791 3876 855 3928 σὺ
891 3875 986 3928 ἀπ’
1028 3875 1225 3940 αἰῶνος
1271 3875 1342 3943 εἴ,
1414 3879 1696 3932 τουτέστιν

117 3958 311 4026 ὁμοίως
344 3960 443 4014 ἀπ’
466 3962 664 4032 ἀρχῆς,
697 3963 773 4028 ὡς
807 3964 1052 4035 εἴρηται.

192 4050 291 4101 Έπ
303 4049 460 4117 ἦραν
482 4056 536 4107 οι
558 4056 833 4125 ποταμοὶ,
857 4058 1057 4127 Κύριε,
1089 4059 1327 4129 ἐπῆραν
1355 4064 1410 4116 οἱ
1440 4063 1691 4132 ποταμοὶ

116 4143 314 4209 φωνὰς
346 4143 563 4200 αὐτῶν.
616 4148 904 4217 Ποταμοὺς
959 4152 1116 4204 καλεί
1163 4153 1292 4216 τοὺς
1335 4154 1691 4217 ἀποστόλους,

116 4232 186 4296 ὡς
220 4233 551 4304 ἁρδεὺοντας
577 4238 678 4302 τὰς
708 4240 888 4311 ψυχὰς
916 4243 1024 4296 τῶν
1059 4244 1367 4314 ἀνθρώπων
1387 4248 1500 4308 τοῖς
1530 4262 1694 4299 πνευ-

119 4330 371 4395 ματικοῖς
441 4329 647 4399 νάμασι
716 4334 813 4386 τοῦ
861 4335 1197 4403 Εὐαγγελιου
1225 4352 1240 4368 ο
1293 4337 1443 4404 λέγει
1491 4338 1570 4399 δὲ,
1614 4340 1695 4392 ὅτι

118 4416 338 4486 ὕψωσαν
380 4419 480 4483 τὰς
552 4423 735 4490 φωνὰς
792 4426 992 4489 αὐτῶν,
1053 4428 1340 4494 τουτέστι,
1400 4428 1697 4501 διαρρήδην

118 4511 209 4563 καὶ
240 4513 503 4583 φανερῶς
542 4515 639 4567 καὶ
683 4517 1132 4587 ἀνεπαισχύντως
1175 4520 1475 4589 ἐκήρυξαν.
1528 4522 1695 4590 Εἰρη-

115 4618 199 4656 tot
226 4604 284 4657 δὲ
304 4605 441 4672 ἡμῖν
466 4604 748 4670 πολλάκις,
792 4607 967 4671 ὃτιὼς
1001 4609 1104 4679 ἤδη
1156 4611 1503 4681 γεγενημένα
1563 4629 1694 4682 προσ

116 4695 370 4766 αγορεύει
418 4697 487 4750 τὰ
540 4698 826 4767 μέλλοντα.
895 4698 955 4752 '0
1016 4701 1419 4772 διπλασιασμὸς
1475 4704 1532 4757 δὲ
1598 4703 1692 4757 τοῦ

114 4782 345 4853 ἐπῆραν
374 4787 425 4839 οἱ
455 4788 687 4857 notandi
714 4790 1044 4858 ἐμφαντικός
1074 4792 1188 4845 ἐστι
1217 4794 1411 4862 χαρᾶς.

181 5054 470 5122 Ἀροῦσιν
506 5059 561 5110 οἱ
589 5056 842 5127 ποταμοὶ
868 5058 1202 5128 ἐπιτρίψας
1230 5060 1447 5115 αὐτῶν.
1478 5062 1540 5113 Οἱ
1574 5061 1691 5130 μετ’

111 5146 310 5210 αὐτοὺς
375 5148 613 5216 ποταμοὶ
675 5147 938 5231 λήψονται
1016 5152 1117 5214 τὰς
1185 5152 1550 5223 χαρα-χοείσας
1596 5154 1694 5208 καὶ

109 5238 412 5308 τμηθείσας
457 5241 549 5293 ὑπ’
581 5241 762 5295 αὐτῶν
788 5242 939 5305 ὁδούς
962 5258 977 5274 ⁸
1038 5245 1347 5314 ἐπιτρίψας
1410 5247 1519 5319 γάρ
1552 5248 1690 5301 εἰσιν

110 5331 167 5381 αἱ
191 5331 381 5398 τομαὶ,
406 5329 473 5394 ἃς
503 5333 868 5402 χαράττουσιν
914 5336 963 5387 οἱ
1020 5338 1257 5405 ποταμοὶ
1315 5339 1689 5410 ἐπιτρίϐοντες

108 5418 207 5487 τὴν
232 5420 337 5489 γῆν
372 5421 433 5472 ἐν
470 5420 547 5491 τῷ
579 5422 867 5492 φέρεσθαι.
917 5425 1059 5493 Φησὶ
1080 5425 1141 5478 ’δὲ
1163 5427 1246 5478 ὅτι
1274 5426 1325 5479 οἱ
1345 5428 1465 5495 μετ’
1488 5430 1687 5493 αὐτοὺς

108 5509 424 5567 διδάσκαλοι
470 5517 591 5578 ταῖς
629 5515 768 5579 ὁδοῖς
800 5516 896 5586 τῆς
928 5516 1278 5582 διδασκαλίας
1317 5519 1499 5574 αὐτῶν
1546 5523 1678 5576 ἁκο-

106 5598 315 5666 λοᾷθως
340 5605 659 5674 χρήσονται.
1047 5594 1053 5604 ’
1470 5600 1477 5605 ’

1725 4653 1771 4708 D

1871 3782 1915 3834 Α
1941 3776 2135 3834 stucqu
2181 3784 2235 3831 tu
2263 3792 2339 3831 es.
2372 3774 2602 3837 Stabile,
2635 3770 2833 3842 inquit,
2866 3770 2962 3825 tibi
3003 3769 3127 3824 ideo
3166 3776 3250 3824 est
3279 3781 3367 3822 re-

1795 3889 1962 3944 gnum
1991 3880 2143 3925 tttum
2177 3868 2244 3923 ab
2272 3868 2451 3931 initio,
2485 3868 2613 3934 quia
2642 3873 2694 3917 tu
2721 3878 2782 3920 es
2801 3877 2831 3917 a
2868 3861 3089 3925 saeculo,
3126 3858 3228 3913 boc
3257 3865 3365 3923 est,

1796 3981 1825 4019 a
1868 3965 2158 4034 principio,
2188 3971 2246 4015 ιιι
2278 3961 2543 4015 diximus.
3027 3966 3031 3971 ”

1866 4055 2032 4111 Vens.
2067 4054 2120 4111 '5.
2168 4052 2513 4107 Eleraverunt
2554 4051 2797 4120 flumina,
2849 4045 3093 4110 Domine,
3137 4044 3367 4099 elevare-

1797 4159 1920 4202 runt
1970 4146 2196 4216 ﬂumina
2248 4161 2392 4198 voces
2439 4159 2590 4197 snas.
2621 4144 2723 4197 Per
2779 4139 3027 4204 ﬂumina,
3088 4137 3366 4205 apostolos

1792 4240 2071 4309 intelligit,
2103 4237 2266 4291 veluti
2292 4237 2385 4304 qui
2413 4233 2792 4303 spiritualibus
2825 4230 3102 4298 Evangelii
3150 4229 3367 4283 ﬂuentis

1793 4332 2066 4386 humanas
2098 4330 2331 4397 irrigant
2362 4329 2614 4389 animas;
2653 4333 2708 4380 et
2738 4323 2869 4377 dicit
2909 4322 3055 4391 quod
3088 4320 3338 4375 exaltave

1792 4429 1923 4478 runt
1959 4435 2125 4474 voces
2173 4435 2321 4479 suae,
2365 4417 2470 4470 hoc
2498 4423 2606 4478 est,
2637 4415 2786 4467 clare
2826 4422 2881 4468 et
2923 4420 3129 4480 aperte.
3158 4410 3363 4478 palam-

1793 4528 1921 4585 que,
1951 4526 2017 4565 ac
2049 4510 2171 4566 sine
2211 4509 2320 4561 ulla
2356 4505 2710 4566 verecundia,
2748 4501 3118 4572 evangelicam
3166 4497 3355 4552 doctri-

1799 4622 1922 4661 nam
1944 4604 2397 4675 praedicaverunt.
2426 4600 2559 4655 Illud
2591 4608 2771 4653 tamen
2801 4596 3194 4655 animadverte,
3222 4593 3366 4661 quod

1795 4700 1922 4755 alibi
1968 4712 2213 4769 persaepe
2243 4695 2510 4757 diximus,
2562 4691 2888 4759 Prophetam
2928 4687 3368 4757 frequentissime

1792 4792 2070 4862 prmterito
2146 4796 2392 4857 tempore
2443 4786 2522 4840 uti
2597 4799 2694 4855 pro
2751 4783 2968 4847 futuro,
3024 4781 3108 4835 vel
3190 4778 3369 4833 futura

1793 4896 2038 4942 narrare,
2076 4880 2235 4947 quasi
2283 4879 2395 4949 jam
2431 4877 2739 4948 praeterita.
2776 4875 2869 4929 llla
2914 4873 3079 4929 etiam
3120 4871 3371 4940 repetitio

1792 4974 1968 5037 verbi,
2010 4970 2362 5034 elevavernnl,
2410 4969 2599 5039 gaudii
2655 4969 3020 5023 intensionem
3077 4964 3369 5033 signiﬁcat.

1865 5061 2032 5118 Vsus.
2066 5063 2120 5118 4.
2165 5061 2369 5117 Tollent
2419 5061 2651 5130 ﬂumina
2697 5060 2999 5113 attritione:
3037 5071 3240 5109 eorum.
3274 5052 3370 5107 Illa

1793 5155 2043 5220 ﬁumina,
2076 5171 2197 5226 qua:
2247 5166 2369 5226 post
2425 5155 2649 5209 ﬂumina
2680 5152 2845 5221 paulo
2897 5160 3022 5203 ante
3065 5148 3234 5211 dicta,
3266 5144 3372 5197 hoc

1791 5258 1896 5311 est,
1929 5258 2054 5319 post
2104 5247 2386 5317 apostolos
2423 5256 2650 5300 ventura
2686 5251 2836 5306 sunt,
2881 5239 3091 5301 tollent,
3125 5237 3226 5290 hoc
3261 5241 3371 5299 est,

1789 5344 2036 5411 capient,
2078 5356 2173 5396 seu
2206 5345 2510 5409 sequentur
2535 5351 2630 5392 eas
2663 5336 2799 5396 vias,
2839 5344 2961 5400 quae
2987 5331 3055 5382 ab
3092 5328 3200 5381 illis
3227 5327 3369 5382 trita:

1789 5432 1994 5488 fuerint
2023 5441 2077 5488 et
2103 5432 2368 5487 formatae.
2415 5427 2517 5483 Per
2544 5426 2861 5480 attritiones
2887 5419 3113 5482 etenim,
3137 5417 3370 5473 semitas
3394 5488 3399 5494 _

1789 5527 1914 5581 illas
1956 5541 2018 5581 ac
2052 5523 2347 5587 sectiones,
2380 5520 2518 5575 alvei
2546 5518 2833 5585 cujusdam
2871 5517 3046 5569 instar
3078 5513 3362 5572 formatas,

1719 5626 1724 5639 ‘
1789 5618 2064 5688 intelligit,
2101 5632 2238 5686 quas
2262 5614 2518 5677 ﬁumina,
2549 5626 2673 5666 cum
2708 5624 2806 5680 per
2844 5616 3049 5663 terram
3086 5604 3365 5665 feruntur,

108 5697 406 5754 lambendo
446 5716 513 5755 ac
551 5702 782 5758 terendo
807 5703 1050 5761 incidere
1075 5706 1275 5771 solent,
1322 5723 1386 5764 ac
1425 5708 1690 5767 formare.
1732 5712 1793 5767 Et
1832 5729 2032 5770 sensus
2066 5721 2173 5777 est,
2217 5710 2364 5781 quod
2433 5708 2708 5768 doctores,
2752 5702 2845 5771 qui
2923 5709 3048 5770 post
3089 5696 3375 5765 θροεῑθίθδ

109 5793 326 5847 venturi
379 5803 530 5859 sunt,
582 5808 680 5852 eas
725 5798 842 5850 vias
888 5806 1052 5865 atque
1111 5801 1330 5854 easdem
1384 5813 1684 5874 sequentur
1722 5805 2065 5876 disriplinas,
2103 5805 2302 5874 quibus
2340 5801 2442 5871 ipsi
2477 5799 2637 5857 etiam
2681 5793 2913 5868 apostoli
2949 5792 3030 5848 usi
3065 5792 3291 5846 fuerint.

176 5907 230 5941 ⁸³
252 5908 355 5965 Ιεα.
386 5911 572 5973 ιιιι,2.
685 5913 731 5947 ³⁷⁵
766 5914 959 5969 Matth.
996 5929 1106 5971 xvi.
1151 5915 1236 5970 18.
