3862 6532
535 435 650 496 955

607 554 644 598 Α
667 545 877 600 roribus
900 560 1156 613 aquarum
1177 544 1493 608 multarum,
1511 543 1779 597 mirabiles
1802 545 2115 597 elevationes
2145 545 2190 601 Α

539 643 725 694 moris.
755 637 855 691 Per
880 653 1055 707 aquas
1080 639 1306 699 multas,
1331 639 1586 707 baptismi
1611 640 1825 692 lavacra
1849 639 2109 705 intelligo,

532 748 652 799 quae
681 731 881 799 ubique
917 730 971 783 in
1006 729 1274 783 Ecclrsiis
1318 729 1701 799 perﬁciuntur.
1730 729 1903 784 Voces
1929 738 2109 782 autem

531 824 848 892 huiusmodi
916 836 1208 892 aquarum,
1281 823 1657 877 invocationes
1719 833 1846 875 sunt
1905 832 2112 875 sancta:

534 914 845 972 Trinitatis.
875 924 928 970 et
973 931 1227 983 supernae
1258 915 1470 981 gratia',
1507 930 1629 982 quae
1673 916 1726 967 in
1762 913 2112 984 baptismatis

530 1015 880 1060 sacramento
923 1005 1037 1061 ﬁeri
1077 1007 1280 1061 solent.
1321 1007 1424 1059 Per
1464 1023 1614 1060 mare
1643 1007 1809 1060 etiam
1843 1007 2109 1076 singulari

527 1115 801 1162 Sermone,
831 1101 1006 1168 ipsum
1038 1100 1306 1168 baptisma
1333 1099 1683 1169 signiﬁcavit,
1717 1100 1862 1168 qttod
1909 1101 2112 1169 ubique

529 1203 800 1245 terrarum
843 1193 1172 1256 relelratur,
1203 1193 1666 1262 quemadmodum
1700 1193 1907 1245 dictum
1941 1203 2025 1246 est
2056 1192 2108 1246 in

529 1285 739 1352 psalmo
771 1299 965 1337 Lxxtu.
1010 1285 1174 1339 Certo
1220 1287 1420 1338 ctenim
1467 1285 1666 1338 merito
1711 1284 1993 1354 multiplex
2029 1285 2111 1339 vi-

527 1377 715 1438 detur,
766 1377 892 1443 quia
953 1377 1120 1431 variis
1177 1377 1229 1430 itt
1289 1377 1424 1431 locis
1495 1386 1548 1430 ct
1614 1377 2108 1433 innumerabilibus

529 1485 666 1532 pene
702 1469 953 1538 personis
1017 1470 1326 1524 celebratur
1378 1487 1391 1523 :
1443 1471 1647 1524 virtqu
1707 1481 1884 1526 tamen
1939 1487 2104 1525 unum

525 1571 690 1630 atque
741 1563 881 1616 idem
919 1570 1002 1616 est
1045 1572 1476 1618 sacramentum.
1520 1562 1868 1620 Elevationes
1922 1577 2106 1620 autem

529 1653 908 1718 hujuscemodi
955 1653 1143 1718 maris,
1186 1653 1384 1710 ﬂuctus
1429 1655 1503 1709 illi
1551 1663 1702 1720 sunt,
1751 1657 1841 1725 qui
1879 1673 1945 1710 ex
2000 1659 2108 1710 im-

525 1746 807 1800 mersione
835 1755 999 1816 atque
1033 1749 1337 1802 emersione
1368 1763 1555 1802 eorum
1597 1747 1754 1812 fiunt,
1803 1749 1894 1818 qui
1929 1749 2106 1816 bapti-

528 1847 748 1892 zautur.
813 1839 921 1892 llas
984 1839 1146 1907 igitur
1177 1841 1482 1910 spititualis
1537 1856 1602 1896 ac
1655 1842 1872 1913 mystici
1935 1842 2104 1897 maris

523 1930 863 1986 elevationes
925 1933 1276 1986 admirandas
1350 1932 1644 1987 admodum
1697 1949 1821 1989 esse
1872 1933 2026 1999 dicit,
2063 1933 2108 1988 si

524 2023 871 2079 olente-atatis
968 2026 1135 2080 maris
1199 2025 1598 2079 elevationibus
1696 2035 2107 2094 comparentur.

527 2110 699 2177 llujus
739 2115 883 2169 enim
936 2117 1106 2170 maris
1159 2116 1358 2171 tinctus
1396 2115 1712 2170 hominibus
1766 2114 1986 2184 quidem
2037 2114 2109 2168 ti-

524 2208 708 2261 mendi
747 2215 904 2275 sunt,
964 2224 1151 2264 verum
1207 2208 1551 2264 dsemonibus
1608 2206 1872 2278 iucundi:
1914 2215 2111 2262 contra

1707 429 2096 494 EUTIIYMII
2155 431 2519 492 ZIGABENI

3670 441 3753 502 956

2303 544 2438 596 Ἀπὸ
2496 541 2710 611 φωνῶν
2758 542 2990 598 ὑδάτων
3052 541 3303 597 πολλῶν
3363 545 3672 610 θαυμαστοί
3719 553 3760 603 οἱ

2213 636 2606 704 μετεωρισμοί
2647 635 2757 702 τῆς
2786 637 3124 700 θαλάσσης.
3158 637 3370 689 Ὕδατα
3405 635 3578 688 πολλὰ
3612 640 3757 691 vos-3v-

2217 745 2308 778 ται
2367 728 2434 779 τὰ
2479 730 2620 780 κατὰ
2672 730 2853 780 πᾶσαν
2919 728 3248 797 Ἐκκλησίαν
3310 727 3651 797 βαπτίσματα
3675 732 3756 783 τῶν

2217 821 2450 878 πιστῶν.
2500 823 2679 874 Φωναὶ
2727 821 2786 875 δὲ
2818 823 3023 874 τούτων
3063 821 3172 872 τῶν
3218 821 3429 874 ὑδάτων
3477 822 3530 873 αἱ
3580 823 3756 892 γινόμε-

2217 930 2304 967 ναι
2335 915 2422 966 ἐπ’
2449 913 2632 976 αὐτοῖς
2676 912 2997 984 ἐπικλήσεις
3028 913 3129 982 τῆς
3192 912 3355 980 ἁγίας
3421 913 3641 981 Τριὰδος
3685 921 3753 968 καὶ

2213 1004 2316 1074 τῆς
2377 1005 2585 1060 ἄνωθεν
2631 1005 2874 1076 χάριτος.
2940 1005 3232 1058 Θάλασσαν
3277 1004 3335 1058 δὲ
3389 1005 3551 1057 πάλιν
3600 1006 3753 1069 ἑνικῶς

2214 1100 2346 1154 αὐτὸ
2375 1101 2436 1153 τὸ
2476 1100 2757 1170 πανταχοῦ
2798 1100 2901 1170 τῆς
2926 1100 3033 1168 γῆς
3056 1099 3366 1169 βάπτισμα,
3391 1099 3468 1162 ὡς
3495 1101 3550 1150 ἐν
3588 1100 3656 1168 τῷ
3695 1101 3752 1168 οῖ’

2211 1193 2415 1263 ψαλμῷ
2438 1194 2789 1264 προείρηταιο
2809 1193 3146 1263 πληθύνεται
3169 1192 3267 1262 μὲν
3286 1191 3398 1262 γὰρ
3419 1194 3539 1255 ταῖς
3566 1193 3752 1262 χρείαις,

2212 1282 2448 1347 ἐνέξεται
2470 1283 2526 1338 δὲ
2572 1286 2639 1356 τῇ
2664 1284 2917 1354 δυνάμει.
2951 1285 3340 1353 Μετεωρισμοὶ
3402 1283 3458 1336 δὲ
3517 1283 3671 1352 αὐτῆς
3705 1290 3753 1336 ti

2211 1375 2622 1446 ἁποτελούμενα
2706 1377 2932 1447 κύματα
3003 1378 3070 1429 ὲκ
3128 1377 3230 1446 τῆς
3283 1376 3632 1439 καταδύσεως
3685 1380 3753 1428 καὶ

2212 1468 2525 1532 ἀναδύσεως
2549 1469 2658 1522 τῶν
2708 1470 3146 1540 βαπτιζομένων.
3187 1470 3428 1535 Τούτους
3460 1471 3634 1523 τοίνυν
3656 1474 3751 1534 τοὺς

2217 1563 2627 1632 μετεωρισμοὺς
2668 1562 3016 1633 Θαυμστοῦς
3061 1559 3202 1616 εἷναί
3234 1579 3370 1632 φησι
3400 1561 3534 1632 πρὸς
3567 1563 3751 1629 σύγκρι-

2215 1667 2300 1704 σιν
2349 1651 2459 1704 τῶν
2529 1653 2926 1723 μετεωρισμῶν
2983 1653 3083 1724 τῆς
3141 1654 3409 1724 αίσθητῆς
3477 1653 3748 1720 θαλάσσης·

2207 1743 2392 1796 ἐκεῖνα
2446 1744 2545 1809 μὲν
2591 1745 2699 1814 γὰρ
2753 1746 2822 1799 τὰ
2875 1745 3097 1816 κύματα
3143 1745 3353 1816 φοϐερὰ
3409 1749 3521 1807 τοῖς
3579 1745 3751 1815 ἀνθρώ.

2209 1851 2354 1898 ποις,
2389 1836 2580 1906 ἥδιστα
2606 1837 2662 1891 δὲ
2685 1841 2798 1902 τοῖς
2836 1839 3056 1908 δαίμοσι
3083 1855 3096 1870 ’
3121 1839 3296 1893 ταῦτα
3343 1840 3402 1892 ἃ
3459 1839 3747 1898 τούναντίον,

2215 1926 2424 1998 φοϐερὰ
2481 1929 2581 1998 μὲν
2633 1933 2747 1993 τοῖς
2810 1930 3082 2000 δαίμοσιν,
3129 1932 3323 2002 ἥδιστα
3354 1931 3411 1984 δὲ
3443 1933 3551 1992 τοῖς
3581 1931 3750 1997 ἀνθρὼ-

2223 2035 2366 2082 ποις.
2389 2021 2500 2074 Καὶ
2530 2023 2715 2074 ἐκεῖνα
2766 2021 2867 2092 μὲν
2915 2024 3186 2077 ἀπόλλυσι
3231 2025 3360 2086 τοὺς
3403 2023 3746 2093 ἐμπλέοντας·

2213 2111 2388 2164 ταῦτα
2433 2112 2490 2166 δὲ
2531 2112 2714 2179 σώζει.
2763 2115 3025 2184 Γεγόνασι
3073 2115 3129 2169 δὲ
3193 2114 3488 2184 Θαυμαστᾶ
3535 2115 3633 2166 ἀπὸ
3673 2115 3748 2182 τῆς

2221 2204 2558 2273 δηλωθείσης
2585 2206 2925 2276 ἐπικλήσεως
2948 2211 3044 2261 καὶ
3070 2208 3172 2277 τῆς
3203 2207 3419 2261 ἐκεῖθεν
3450 2205 3671 2275 τελετῆς.

522 2314 708 2357 autem
779 2304 853 2357 illi
904 2303 1253 2372 baptismatis
1305 2301 1525 2362 (luctus,
1582 2302 1813 2356 timendi
1875 2299 2097 2369 quidem
2139 2308 2265 2354 sunt
2312 2296 2675 2366 d.emonibus,
2731 2300 2961 2370 iucundi
3029 2307 3211 2355 autem
3265 2315 3329 2354 ac
3383 2316 3574 2356 suaves
3651 2307 3745 2352 sunt

520 2396 862 2451 hominibus.
929 2395 992 2448 Et
1059 2395 1135 2448 illi
1171 2395 1391 2463 quidem
1441 2397 1494 2448 in
1547 2395 1780 2464 patriam
1859 2392 2182 2462 navigantes
2220 2392 2480 2460 perdunt,
2547 2391 2639 2446 isti
2703 2407 2832 2448 vero
2889 2393 3208 2450 submersos
3264 2404 3507 2449 servant.
3573 2392 3743 2447 Efferte

522 2501 706 2544 autem
726 2498 850 2543 sunt
879 2489 962 2542 lue
987 2489 1319 2543 elevationes
1339 2489 1638 2552 mirabiles,
1664 2488 1732 2542 ab
1757 2485 2108 2541 invocatione
2145 2482 2235 2536 illa
2266 2483 2476 2548 divina,
2504 2492 2563 2538 ut
2584 2483 2791 2540 dictum
2817 2494 2922 2548 est.
2946 2488 3092 2543 etab
3115 2487 3232 2554 illo,
3261 2488 3408 2559 quod
3479 2489 3578 2544 illic
3633 2489 3742 2544 inest

521 2594 802 2638 mvstorto.

596 2673 862 2727 .llirabilis
923 2675 979 2728 in
1029 2677 1154 2728 altis
1217 2675 1496 2728 Dominus.
1556 2673 1910 2728 Admirabilis
1963 2685 2097 2726 vero

525 2763 668 2818 Deus
700 2765 1049 2834 pctissimnm
1083 2776 1166 2820 est
1218 2763 1593 2834 hujuscemodi
1642 2763 1767 2818 altis
1820 2777 1883 2817 ac
1921 2761 2098 2818 subli-

521 2855 702 2911 mibus
736 2857 921 2910 rebus.
960 2853 1058 2910 Vel
1091 2857 1225 2911 ordo
1255 2857 1326 2911 sit
1354 2874 1367 2909 :
1403 2855 1669 2911 Mirabilis
1692 2863 1776 2910 est
1807 2854 2094 2920 Dominus,

520 2947 615 3016 qui
669 2951 722 3002 in
757 2948 882 3002 altis
925 2957 1028 3003 est.
1064 2946 1216 3003 Unde
1257 2949 1384 3003 alibi
1429 2950 1549 3002 ait:
1589 2949 1694 3015 Qui
1737 2948 1789 3001 in
1839 2949 1962 3001 altis
1998 2948 2098 3002 Ita-

522 3038 678 3102 bitat,
707 3047 756 3091 et
794 3037 1017 3092 humilia
1045 3037 1252 3106 respicit
1289 3038 1344 3091 in
1372 3038 1498 3092 caelo
1529 3047 1577 3092 et
1611 3040 1664 3092 in
1697 3046 1842 3092 terra
1866 3039 1935 3093 ⁸⁸.

593 3217 762 3272 Vens.
820 3219 874 3273 5.
919 3218 1243 3274 Testimonia
1302 3228 1393 3273 tua
1445 3220 1718 3274 credibilia
1772 3221 1919 3289 facta
1972 3231 2096 3275 sunt

522 3313 696 3366 ralde.
725 3310 1063 3366 Testitnonia
1097 3313 1163 3367 de
1196 3320 1249 3368 te
1289 3314 1446 3368 valde
1477 3325 1605 3369 sunt
1641 3314 1844 3378 ﬁdelia,
1874 3315 1978 3370 hoc
2014 3325 2102 3370 est

522 3418 676 3460 vera.
723 3406 795 3458 Ea
833 3414 1013 3460 autem
1047 3407 1322 3478 intelligit,
1355 3423 1476 3477 qua:
1504 3407 1572 3462 de
1599 3407 1804 3462 Christi
1842 3409 2101 3462 incarna-

520 3499 693 3560 tione,
732 3498 800 3552 de
827 3499 1238 3568 dispensatione
1289 3499 1342 3554 in
1391 3515 1586 3564 carne,
1630 3515 1692 3554 ac
1719 3499 1787 3555 de
1813 3501 1932 3570 ejus
1965 3516 2100 3557 con-

522 3591 856 3654 versatione,
891 3604 919 3642 a
956 3591 1234 3660 prophetis
1266 3592 1415 3645 varie
1447 3592 1705 3661 prmdicta
1737 3601 1886 3648 sunt.

601 3767 824 3820 Domum
886 3779 1030 3821 tuam
1111 3769 1256 3821 decet
1329 3769 1674 3835 sanctitudo,
1749 3767 1986 3834 Domine,
2047 3774 2101 3825 in

521 3861 850 3929 longitudine
927 3861 1155 3913 dierum.
1213 3860 1417 3915 Domus
1483 3861 1575 3915 Dei
1633 3869 1719 3917 est
1775 3864 2100 3920 universalis

526 3951 773 4004 Ecclesia
818 3950 1090 4014 ﬁdelium,
1145 3959 1204 4005 ιιι
1251 3951 1449 4020 εωρίυε
1490 3953 1697 4007 dictum
1755 3963 1860 4009 est.
1927 3953 2098 4020 Itane,

523 4041 725 4109 inquit,
772 4041 994 4096 domum
1050 4043 1207 4098 decet
1255 4045 1588 4108 sanctitudo,
1637 4044 1740 4100 hoc
1790 4055 1898 4110 est,
1946 4056 2001 4101 ut
2033 4049 2102 4102 sit

523 4142 739 4195 sancta.
771 4149 833 4188 ea
867 4134 1123 4190 nimirum
1151 4137 1385 4203 ratione,
1411 4138 1539 4207 quia
1567 4137 1660 4194 Dei
1681 4141 1856 4195 sancti
1892 4143 2091 4195 domus

520 4230 606 4277 est
640 4239 653 4277 :
698 4240 888 4279 verum
928 4225 1032 4280 hoc
1069 4228 1141 4282 ita
1167 4227 1386 4282 denuun
1424 4230 1538 4294 tlet,
1574 4231 1618 4285 si
1654 4230 1706 4284 in
1743 4231 1811 4287 iis
1839 4232 1930 4302 qui
1966 4232 2099 4286 illud

520 4315 791 4383 templum
842 4316 1108 4378 habitant.
1164 4319 1430 4374 munditia
1490 4323 1766 4376 exstiterit
1825 4324 1894 4377 ah
1949 4325 2098 4378 omni

525 4421 754 4474 prorsus
811 4407 1211 4478 inquinatione.
1271 4409 1594 4479 llujusmodi
1645 4428 1776 4467 vero
1829 4413 2098 4468 munditia

2267 2666 2624 2736 Θαυμαστὸς
2651 2667 2722 2721 ἐν
2755 2667 3023 2736 ὑψηλοῖς
3039 2671 3073 2723 ό
3095 2672 3336 2737 Κυριος.
3387 2671 3679 2739 Θαυμαστὸς
3697 2671 3741 2729 δι

2198 2761 2398 2830 μᾶλλον
2427 2762 2482 2814 ἐν
2505 2763 2617 2826 τοῖς
2653 2761 2877 2832 ὑψηλοῖς
2899 2762 3110 2826 τούτοις
3129 2763 3224 2816 καὶ
3249 2763 3511 2833 μεγάλοις
3533 2761 3740 2835 πράγμα-

2197 2869 2280 2906 σιν
2307 2851 2338 2902 ὁ
2383 2851 2538 2916 Θεὸς,
2566 2853 2594 2905 ὁ
2623 2852 2846 2906 τοιαῦτα
2886 2853 3055 2907 ποιῶν
3119 2853 3424 2924 θαυμάσια.
3477 2856 3545 2908 'H
3568 2857 3645 2908 καὶ
3666 2854 3737 2908 ἄλο

2196 2943 2304 3008 λως
2336 2946 2368 3014 ή
2406 2943 2656 3008 σύνταξις
2677 2960 2690 2973 ·
2717 2945 2798 2997 ὅτι
2841 2944 3158 3015 θαυμαστὸς
3179 2947 3383 3017 μᾶλλον
3411 2949 3439 3000 ὁ
3470 2949 3524 3000 ὲν
3550 2949 3731 3016 ύξηλιῖς

2198 3033 2273 3087 ὣν
2291 3035 2490 3105 Κύριος
2517 3034 2636 3087 κατ’
2663 3035 3042 3106 ἀντιστροφὴν.
3069 3038 3176 3092 Καὶ
3196 3037 3433 3109 ἀλλαχοῦ
3457 3039 3559 3109 γάρ
3575 3053 3732 3108 φησιν·

2123 3170 2166 3230 C
2213 3131 2269 3182 '0
2299 3129 2366 3182 ἐν
2388 3127 2655 3196 ὑψηλοῖς
2684 3129 2998 3196 κατοικῶν,
3025 3131 3123 3185 καί
3155 3131 3227 3186 τὰ
3261 3135 3514 3186 ταπεινὰ
3533 3132 3733 3201 ἐφορῶν.

2283 3219 2359 3274 Τὰ
2404 3219 2699 3289 μαρτύριὰ
2748 3237 2867 3277 σου
2928 3223 3360 3292 ἐπιστώθησαν
3414 3227 3643 3296 σφόδρα.
3684 3224 3733 3275 At

2207 3315 2337 3384 περὶ
2364 3313 2459 3366 σοῦ
2495 3317 2795 3384 μαρτυρίαι
2842 3317 3049 3388 σφόδρα
3086 3319 3194 3371 εἰσὶ
3217 3320 3408 3372 πισταί
3438 3337 3450 3349 ο
3505 3321 3730 3370 τουτέστιν

2216 3406 2460 3474 ἀληθεῖς.
2489 3405 2651 3472 Λέγει
2682 3405 2738 3459 δὲ
2782 3405 2880 3470 τὰς
2913 3408 3102 3479 ῥήσεις
3130 3409 3241 3462 τῶν
3281 3409 3587 3480 προφητῶν,
3631 3409 3729 3468 ὅσας

2204 3498 2474 3568 περὶτῆς
2531 3497 3002 3569 ὲνανθρωπήσεως
3063 3500 3158 3554 τοῦ
3213 3502 3475 3570 Χριστοῦ,
3529 3501 3610 3554 καὶ
3655 3500 3730 3565 τῆς

2203 3591 2474 3660 ὲνσάρκου
2527 3590 2845 3661 οἰκονομίας
2894 3593 2988 3646 καὶ
3022 3593 3303 3657 πολιτείας
3351 3593 3535 3658 αὑτοῦ,
3588 3591 3732 3660 διαφό-

2209 3702 2315 3754 ρως
2352 3681 2729 3753 ἐξεφώνησαν.

2281 3775 2369 3840 Τῷ
2389 3777 2533 3840 οἴκῳ
2561 3793 2676 3830 σου
2705 3773 2915 3844 πρέπει
2959 3774 3247 3847 ἁγίου-μα,
3291 3777 3483 3845 Κύριε,
3530 3781 3605 3843 εις
3644 3793 3727 3844 μα-

2203 3869 2464 3936 κρότητα
2515 3865 2774 3934 ἡμερῶν.
2805 3864 2967 3929 Οἶκος
3021 3866 3155 3921 Θεοῦ
3208 3869 3241 3939 ἡ
3291 3853 3516 3922 καθόλου
3545 3869 3729 3935 Ἐκκλη-

2207 3959 2296 4012 σία
2353 3958 2462 4010 τῶν
2527 3956 2774 4022 πιστῶν,
2833 3957 2910 4020 ὡς
2938 3957 3199 4021 πολλάκις
3258 3959 3494 4028 εἴρηται.
3565 3958 3727 4025 Τούτῳ,

2206 4051 2360 4119 φησὶ,
2393 4047 2471 4118 τῷ
2507 4048 2641 4118 οἴκῳ
2688 4048 2889 4119 πρέπει
2935 4049 3208 4117 ἁγιασμὸς
3240 4066 3252 4078 ·
3309 4051 3474 4120 ῆγουν
3525 4051 3578 4102 τὸ
3622 4045 3730 4100 εἶναι

2207 4141 2384 4208 ἅγιον,
2416 4139 2492 4202 ὡς
2529 4133 2681 4192 οἷκον
2725 4138 2901 4207 ἁγίου.
2964 4139 3158 4191 Ἔσται
3211 4139 3268 4192 δὲ
3323 4140 3499 4205 τοῦτο,
3551 4141 3730 4207 ἁγνείας

2206 4233 2711 4304 ὲμπολιτευομένης
2767 4235 2882 4295 τοῖς
2944 4233 3005 4285 ὲν
3061 4232 3210 4302 αὐτῷ
3265 4235 3359 4286 καὶ
3410 4234 3728 4302 καθαρότητος

2203 4326 2312 4378 ἀπὸ
2335 4324 2540 4388 παντὸς
2590 4321 2900 4394 μολυσμοῦ.
2940 4323 3150 4394 Πρέπει
3175 4323 3231 4376 δὲ
3261 4324 3415 4394 αὐτῷ
3448 4325 3504 4377 τὸ
3532 4322 3727 4375 τοιοῦτον

2205 4418 2453 4486 ἁγίασμα
2481 4417 2586 4470 ἀεί.
2618 4418 2858 4484 Λέγεται
2891 4416 2948 4470 δὲ
2977 4415 3126 4478 οἶκος
3155 4416 3289 4469 Θεοῦ
3327 4419 3422 4470 καὶ
3461 4417 3573 4478 ναὸς
3602 4413 3724 4475 Θεοῦ,

515 4507 572 4551 ct
618 4501 883 4554 sanctitas
917 4516 1133 4570 semper
1171 4500 1327 4556 decet
1349 4502 1572 4557 donmm
1611 4503 1845 4558 Domini.
1895 4506 2096 4561 Domus

2213 4509 2347 4564 κατὰ
2376 4509 2469 4561 τὸν
2503 4509 2854 4570 Ἀπόστολον,
2897 4509 3008 4571 πᾶς
3049 4507 3260 4573 πιστὸς,
3299 4503 3344 4578 ᾧ
3370 4508 3560 4578 πρέπει
3604 4506 3727 4572 dri:-

515 4593 682 4644 rtiam
727 4589 940 4644 Domini
993 4601 1077 4646 est
1111 4594 1372 4662 templum
1424 4593 1537 4658 Dei,
1592 4597 2092 4665 quod,secundnm

521 4681 864 4749 Apostolum,
899 4683 1072 4738 ﬁdelis
1097 4685 1327 4752 quilibet
1359 4694 1753 4755 repraesentat;
1783 4697 1949 4757 atque
1977 4689 2100 4744 ideo

519 4786 617 4824 eos
652 4787 843 4826 omnes
865 4773 1020 4828 decet
1051 4777 1366 4830 sanctitudo
1406 4779 1459 4832 iu
1491 4780 1837 4849 longitudine
1863 4783 2094 4835 dierum.

518 4859 765 4916 I’snlmus
799 4865 901 4931 ipsi
930 4867 1096 4919 David
1125 4880 1316 4935 quarta
1343 4869 1589 4936 Snbbati,
1618 4875 1729 4926 sine
1758 4873 2097 4941 inscriptione

1081 4963 1218 5026 apud
1254 4962 1523 5018 IIebrmos.

1039 5052 1362 5110 PSAIMUS
1404 5056 1588 5110 thlll.

588 5140 687 5196 Est
738 5151 792 5198 et
828 5159 1069 5214 praesens
1109 5149 1349 5216 psalmus
1381 5150 1502 5204 sine
1553 5151 1911 5218 inscriptione
1952 5155 2094 5222 apud

516 5230 793 5291 llebrzeos.
852 5238 926 5291 Ea
988 5247 1169 5292 autem
1224 5243 1389 5295 verba
1424 5261 1438 5297 :
1473 5254 1670 5310 quarta
1745 5242 2004 5307 Sabbuti,
2065 5261 2092 5299 a

513 5327 771 5396 quopiam
820 5329 970 5382 fuere
999 5332 1270 5400 apposita,
1309 5347 1432 5385 cum
1477 5343 1673 5403 quarta
1738 5335 2093 5392 hebdomade

511 5418 602 5471 die
636 5419 904 5486 psalmum
943 5419 1088 5474 hunc
1126 5423 1405 5477 decantari
1444 5424 1769 5480 invenisset.
1820 5425 1922 5480 Per
1953 5429 2092 5482 Sab-

515 5508 701 5560 hatum
730 5511 873 5561 enim
907 5511 1008 5564 huc
1058 5513 1111 5565 in
1151 5515 1291 5576 loco,
1343 5517 1808 5583 quemadmodum
1860 5527 1915 5574 et
1951 5535 2096 5590 saepe

510 5597 670 5661 oitbi,
720 5599 838 5668 ipsa
891 5601 1232 5656 hebdomada
1269 5606 1628 5674 signiﬁcatur.
1689 5605 1869 5661 Voluit
1911 5618 2093 5664 autem

2205 4617 2338 4672 σμα,
2370 4604 2450 4664 εἰς
2476 4602 2800 4672 μακρότητα
2857 4602 3103 4673 ἡμερῶν.

2202 4871 2446 4938 Ψαλμῶς
2475 4869 2553 4935 τῷ
2580 4871 2777 4936 Διισίδ,
2808 4873 3041 4940 τετράδι
3083 4873 3408 4939 σαϐϐάτου,
3459 4873 3722 4938 dra-tippu-

2671 4983 2786 5034 ερος
2813 4967 2950 5031 ,παρ’
2991 4965 3306 5031 Ἑϐραίοις.

2748 5058 3043 5111 ΨΑΑΜΟΣ
3085 5057 3197 5124 tu".

2277 5152 2674 5219 Ἀνεπὶγραφος
2735 5151 2827 5203 καὶ
2881 5144 3038 5213 οὗτος
3098 5150 3231 5220 παρ’
3283 5152 3570 5221 Ἑϐραίοις.
3601 5144 3723 5201 THE

2195 5245 2426 5312 τετράδι
2459 5243 2789 5306 Σαϐϐάτου,
2822 5241 3252 5312 προστεθείκασι
3296 5260 3439 5306 τινες
3492 5243 3723 5313 εὑρόντες,

2191 5340 2273 5391 ὅτι
2301 5341 2355 5389 ἐν
2381 5337 2604 5406 τετράδι
2646 5336 2837 5406 ἡμέρᾳ
2897 5336 2997 5404 τῆς
3055 5335 3351 5405 ἑϐδομάδος
3405 5333 3724 5406 ἑμελῳδήθη’

2202 5431 2478 5484 Σαϐϐαῖον
2539 5429 2646 5499 γὰρ
2699 5428 2935 5482 ἐνταῦθα
2991 5428 3090 5498 τὴν
3163 5429 3434 5498 ἑϐδομάδα
3488 5427 3722 5481 ἐκάλεσεν.

2203 5524 2430 5591 Εἰσάγει
2459 5524 2516 5576 δὲ
2547 5523 2636 5577 διὰ
2662 5521 2758 5575 τοῦ
2799 5522 3072 5594 παρόντος
3118 5521 3337 5592 ψαλμοῦ
3364 5513 3724 5592 παραμυθίανό

2205 5613 2366 5665 Δαϐὶδ
2395 5616 2504 5676 τοῖς
2541 5613 3165 5683 καταδυναστευομένοις
3205 5614 3312 5666 om.
3347 5615 3452 5666 τῶν
3473 5613 3670 5667 ἀδίκων.

517 5693 620 5745 hoc
651 5695 860 5761 psalmo
888 5695 1080 5750 beatus
1107 5698 1271 5753 David
1307 5702 1562 5756 omnibus
1594 5704 1906 5760 hominibus
1937 5707 2180 5762 solamen
2217 5717 2499 5778 prmstare,
2527 5709 2620 5779 qui
2689 5711 2758 5766 ab
2799 5708 3043 5780 injustts,
3093 5718 3256 5780 atque
3325 5726 3354 5764 τι
3419 5710 3586 5780 pravis
3646 5716 3722 5766 ttl"

519 5788 828 5853 primuutur
860 5789 1192 5847 hominibus.

603 5900 646 5933 ⁸³
700 5901 844 5958 l’sal.
891 5918 1024 5969 CXII,
1076 5905 1129 5960 6.
