3862 6550
167 371 243 434 Μ

219 484 358 543 Ἕως
385 472 451 531 οὗ
476 473 833 538 duca-ooan
867 467 1305 538 ἐπιστρέψηῖαι
1334 474 1421 536 εἷς
1473 472 1695 538 κρίσιν.
1729 481 1774 536 Α

1288 314 1679 421 COMMEN'l‘.
1725 359 1803 417 IN
1839 359 2198 418 mannos.

3267 356 3375 419 962

1877 470 2042 526 Vens.
2103 471 2192 526 15.
2261 470 2617 541 Quaadusqne
2659 472 2876 541 justitia
2936 481 3272 529 convertatur
3318 482 3374 534 tu

166 575 284 635 Ἐως
312 570 373 622 ἂν
398 568 426 619 6
468 564 730 635 Χριστὸς,
770 563 803 631 ἡ
858 560 1336 631 αὑτοδικαιοσύνη,
1384 561 1701 615 καταλιπὼν

1831 562 2090 617 udicium.
2139 561 2324 617 Donec
2377 561 2657 627 Christus,
2706 562 2796 631 qui
2850 562 2967 630 ipsa
3011 571 3097 617 est
3137 565 3374 633 justitia,

168 663 210 714 ὠ
265 655 648 726 μακροθυμεῖν,
690 652 783 704 ἐπὶ
833 650 912 719 τῷ
938 649 1146 718 κρίνειν
1190 653 1395 720 τραπῇ.
1435 651 1556 704 "Ott
1585 652 1640 702 δὲ
1674 653 1701 704 ὀ

166 747 366 819 Χριστὸς
389 743 710 811 δικαιοσύνη
734 741 1004 799 καλεῖται,
1036 739 1202 807 φησὶν
1251 740 1280 791 6
1345 740 1663 803 Ἀπόστολος
1685 756 1698 770 ο

167 844 253 903 Ὃς
277 836 443 900 ἐδόθη
487 834 633 902 ἡμῖν
666 831 862 900 σοφία
893 826 1013 884 ἀπὸ
1044 827 1216 893 Θεοῦ,
1249 827 1606 896 δικαιοσύνη
1642 846 1706 883 τε

166 932 242 985 καὶ
264 929 690 995 ἀπολύτρωσις.

221 1108 315 1162 Kal
345 1108 619 1175 ἐχόμενοι
655 1109 847 1175 αὐτης
873 1106 1097 1173 πάντες
1125 1110 1179 1161 ol
1207 1107 1403 1174 εὐοεῖς
1444 1107 1519 1176 τῇ
1571 1124 1708 1175 καρ-

164 1199 260 1265 δίᾳ.
288 1199 411 1250 -Καὶ
443 1197 631 1250 λοιπὸν
661 1199 785 1251 τότε
819 1200 986 1266 ἐγγὺς
1018 1198 1185 1252 αὐτοῦ
1222 1199 1422 1259 πάντες
1443 1200 1492 1250 οἱ
1526 1199 1705 1251 δίκαι-

163 1309 240 1354 οι,
295 1291 778 1360 παραστησάμενοι
833 1291 984 1361 αὺτῷ
1051 1292 1292 1361 κρίνοντι
1355 1291 1536 1344 πᾶσαν
1607 1291 1707 1363 τὴν

163 1384 267 1452 γῆν.

228 1477 310 1542 Τίς
362 1474 781 1542 ἀναστήσεται
840 1493 941 1545 μοι
994 1476 1094 1529 ἐπὶ
1147 1478 1708 1547 πονηρευομένοιςς

165 1569 243 1631 Τίς
267 1568 517 1639 βοηθήσει
551 1585 643 1638 μοι
673 1568 817 1622 κατὰ
845 1568 952 1621 τῶν
979 1571 1437 1639 πονηρευομένων
1477 1568 1708 1639 ἐχθρῶν;

227 1749 286 1802 Ἦ
309 1746 399 1812 τίς
453 1746 1035 1815 συμπαραστήσεταί
1055 1764 1158 1815 μοι
1184 1745 1283 1799 ἐπὶ
1314 1747 1448 1814 τοὺς
1478 1747 1712 1817 ἐργαζο-

1807 657 1997 709 relicta
2030 670 2129 710 sua
2181 654 2614 723 longanimitate,
2653 655 2718 707 ad
2749 654 3105 724 judicantlum
3142 672 3203 711 se
3240 673 3373 712 eon-

1805 758 2003 804 vertat.
2058 749 2214 815 Quod
2249 759 2430 802 autem
2476 746 2732 803 Christus
2781 746 2997 814 justitia
3046 749 3375 817 appelletur.

1808 850 2041 897 testatur
2089 842 2285 897 beatus
2335 839 2540 894 Paulus
2584 840 2650 893 de
2703 853 2766 893 eo
2798 840 3031 894 dicens:
3068 840 3174 905 Qui
3216 841 3374 895 datus

1808 944 1884 988 est
1916 934 2068 988 nobis
2112 950 2145 987 a
2174 934 2304 999 Deo,
2335 933 2622 1001 sapientia,
2655 931 2894 1002 justitia,
2927 934 3302 1001 sanctiﬁcatio,
3328 945 3374 989 et

1808 1028 2094 1095 redemptio
2115 1028 2184 1081 ⁸⁸.

1882 1117 1949 1170 Et
1970 1119 2203 1186 proximi
2230 1118 2344 1188 ejus
2370 1133 2546 1171 omnes
2567 1117 2694 1170 recti
2717 1118 2889 1171 corde.
2911 1116 3179 1172 Caeterum
3207 1132 3375 1185 prope

1810 1224 1933 1262 eum
1969 1219 2097 1263 tunc
2127 1225 2319 1263 omnes
2348 1210 2481 1279 justi
2518 1208 2789 1272 aderunt,
2825 1207 2897 1262 illi
2943 1210 3205 1262 nimirum
3238 1210 3368 1264 assi-

1810 1309 2037 1366 stcntes,
2067 1301 2161 1371 qui
2195 1302 2505 1355 universam
2541 1301 2645 1354 erit
2670 1309 2872 1354 terram
2897 1300 3273 1371 iudicaturus.

1884 1477 2052 1534 Vsus.
2078 1480 2162 1535 16.
2196 1479 2325 1545 Quis
2355 1490 2627 1550 consurget
2658 1481 2786 1535 mihi
2806 1480 3059 1534 adversus
3086 1479 3377 1550 malignan-

1815 1571 2080 1636 tes?Quis
2113 1574 2268 1637 mihi,
2304 1572 2507 1642 inquit,
2538 1574 2804 1628 adversus
2843 1574 3109 1641 malignos
3162 1572 3376 1638 atljutot

1815 1664 1992 1718 aderit
2019 1664 2317 1719 inimicos?
3085 1673 3093 1682 '

1883 1753 1988 1807 Aut
2018 1756 2134 1822 quis
2161 1754 2407 1807 consistet
2437 1768 2635 1806 mecum
2667 1751 2915 1806 adversus
2965 1760 3241 1820 operante:
3284 1752 3378 1805 ini-

162 1840 353 1907 μένους
386 1838 500 1906 τὴν
524 1840 827 1908 ἀνομίαν;
875 1839 987 1908 Τὴν
1021 1839 1195 1909 αὐτὴν
1238 1835 1361 1892 εἷπε
1405 1839 1569 1893 πάλιν
1620 1842 1706 1894 εν-

1829 1845 2392 1914 ῖιιῑισιεηιῖΕιιιιιᾶοιιι
2435 1847 2630 1916 repetit
2661 1847 2988 1900 sententiam
3017 1888 3031 1909 ,
3071 1863 3227 1916 Opem
3279 1848 3380 1901 sibi

165 1948 308 1993 vom,
343 1930 552 1999 σφόδρα
586 1930 686 2000 τῆς
747 1929 1001 2001 βοηθείας
1069 1931 1404 2000 ὀρεγόμενος
1468 1932 1558 1985 διὰ
1607 1932 1707 2003 τὴν

164 2021 480 2092 σφοδρότητα
509 2021 610 2091 τῆς
644 2023 912 2092 πονηρίας
946 2020 1053 2073 τῶν
1072 2021 1364 2092 δαιμόνων.
1397 2023 1516 2088 Τίς,
1549 2025 1704 2093 φησὶ,

165 2115 673 2186 ουμπαραστήσεταί
721 2132 812 2185 μοι
877 2117 1346 2187 παραταττομένῳ
1397 2117 1539 2170 κατὰ
1598 2116 1707 2168 τῶν

161 2206 418 2277 δυσμενῶν
437 2202 543 2271 ;'H
562 2207 781 2269 πάντως
805 2207 833 2260 6
858 2205 1012 2273 Θεὸς,
1042 2208 1070 2260 ὀ
1099 2206 1369 2277 διαφόρως
1407 2208 1707 2279 ἐπικοορή-

163 2312 243 2359 σας
266 2315 376 2367 μοι.

216 2413 276 2464 Ei
293 2410 379 2479 μὴ
429 2411 517 2466 ὅτι
555 2413 772 2481 Κύριος
808 2414 1106 2481 ἐϐοήθησέ
1141 2432 1262 2485 μοι,
1295 2415 1454 2484 παρὰ
1506 2417 1710 2486 ,ϐραχὺ

160 2503 457 2571 παρῴκησεν
494 2504 573 2571 τῷ
615 2507 728 2574 ᾄδῃ
761 2509 797 2576 ἠ
840 2508 1013 2576 ψυχή
1042 2526 1183 2576 μου.
1235 2508 1347 2562 Καὶ
1375 2509 1485 2581 γάρ
1523 2512 1571 2562 ει
1634 2509 1711 2580 μὴ

160 2594 301 2658 ὅντως
328 2598 544 2668 Κύριος
572 2599 836 2670 ἐϐοήθησέ
865 2617 956 2670 μοι
1015 2601 1381 2655 κινδυνεύοντι
1423 2602 1707 2669 πολλάκις,

164 2689 334 2758 μικροῦ
363 2690 432 2744 ἂν
467 2692 763 2757 ἀπέθανον,
805 2695 919 2746 εἴτε
949 2694 1041 2746 τὸν
1095 2695 1408 2763 σωματικὸν
1456 2695 1706 2761 θάνατον,

160 2780 252 2832 εἴτε
286 2782 376 2833 τὸν
410 2781 662 2853 ψυχικόν.
710 2784 1035 2854 Πσρῴκησε
1067 2786 1124 2840 δὲ
1150 2786 1267 2850 νῦν,
1309 2788 1371 2840 τὸ
1401 2789 1706 2860 ἐνῴκησεν.

161 2866 302 2939 ᾍδης
323 2872 381 2925 δὲ
413 2872 614 2940 λέγοιτ’
634 2874 700 2927 ἂν
733 2875 827 2928 καὶ
858 2879 885 2929 ό
915 2876 1108 2947 βόθρος
1133 2880 1231 2948 τῆς
1263 2880 1561 2950 dunaria;-

221 2985 282 3036 Εἰ
300 2986 538 3054 ἔλεγον,
573 2987 943 3043 Σεσάλευται
968 2993 1000 3044 ό
1030 2990 1186 3058 ποῦς
1238 3008 1380 3060 μου,
1434 2992 1500 3046 τὸ
1536 2993 1711 3060 ἔλεός

158 3092 293 3142 σου,
339 3080 516 3146 Κύριε
543 3119 559 3145 ,
595 3079 827 3146 ἐϐοήθει
867 3100 991 3151 μοι.
1071 3084 1133 3135 Εἰ
1172 3084 1359 3150 ἔλεγον
1429 3086 1563 3155 πρὸς
1617 3089 1710 3139 τὸν

1819 1936 1947 1991 ferri
1998 1938 2234 1992 maxime
2285 1947 2587 2005 expetens.
2648 1937 2721 1991 ob
2764 1937 3381 1993 immensamnimirum

1816 2027 2124 2083 dmmonum
2158 2029 2571 2098 malignitatem.
2593 2027 2752 2093 Quis,
2770 2028 2963 2098 inquit.
2984 2031 3145 2084 simul
3174 2044 3380 2083 mecum

1818 2119 1872 2172 in
1904 2122 2022 2174 acie
2048 2122 2314 2175 adversus
2338 2120 2589 2175 inimicos
2619 2120 2924 2174 consistet?
2952 2120 3091 2173 Deus
3115 2118 3381 2191 proiecto,

1818 2212 1911 2282 qui
1946 2223 1999 2267 et
2024 2213 2153 2267 olim
2184 2228 2426 2282 perszepe
2454 2213 2559 2268 mei
2588 2228 2771 2267 curam
2805 2213 3070 2283 suscepit.

1890 2413 2057 2469 Vens.
2093 2415 2179 2468 17.
2212 2413 2333 2467 Nisi
2362 2414 2487 2484 quia
2521 2413 2775 2467 Dominus
2800 2413 3004 2482 adjuvit
3036 2430 3148 2477 me,
3195 2414 3380 2483 paulo-

1818 2507 1992 2560 minus
2021 2506 2313 2561 habitasset
2352 2507 2406 2560 in
2436 2507 2643 2575 inferno
2677 2506 2858 2560 anima
2895 2522 3033 2560 mea.
3074 2506 3252 2573 Pone,
3302 2506 3382 2558 iu-

1818 2600 1957 2667 qnit,
1990 2599 2310 2668 periissem,
2342 2597 2540 2653 anima:
2573 2607 2664 2650 aut
2704 2596 2877 2666 ipsius
2925 2597 3088 2652 etiam
3136 2596 3385 2666 corporis

1822 2703 2021 2756 morte,
2057 2691 2103 2745 si
2136 2689 2474 2760 periclitanti
2507 2689 2639 2742 milii
2668 2689 2929 2743 Dominus
2963 2702 3122 2759 opem
3149 2703 3259 2743 non
3298 2698 3382 2744 tu-

1820 2783 1997 2838 lisset.
2025 2781 2129 2835 Per
2161 2781 2435 2839 infernum
2468 2789 2648 2835 autem
2700 2794 2993 2850 possumus
3042 2781 3254 2851 peccati
3301 2781 3383 2837 lo-

1818 2890 1972 2930 ream
2000 2874 2322 2944 intelligere.

1888 2983 2057 3039 Vens.
2092 2983 2178 3038 18.
2214 2983 2272 3039 Si
2303 2984 2539 3039 dicebam
2562 3002 2581 3038 :
2605 2984 2777 3039 Metus
2797 2992 2876 3039 est
2910 3001 2997 3052 pes
3032 3001 3199 3050 meus,
3234 2984 3383 3039 mise-

1819 3081 2053 3133 ricordia
2086 3089 2177 3133 tua
2208 3122 2223 3147 ,
2260 3080 2511 3141 Domine,
2544 3081 2828 3149 adjurabat
2861 3097 2961 3134 me.
3014 3080 3074 3133 Si
3097 3081 3161 3134 ad
3218 3080 3387 3135 Deum

158 3165 289 3229 Θεὸν,
331 3169 654 3222 Σεσάλευται
681 3173 712 3241 ἡ
750 3173 1037 3242 ἑδραὶωσές
1063 3191 1185 3242 μου,
1214 3176 1306 3227 καὶ
1341 3176 1711 3247 ὑποσύρομαι·

1829 3173 2112 3239 dicebam,
2167 3172 2519 3225 stabilitatem
2580 3185 2740 3240 atque
2788 3173 3151 3227 constantiam
3210 3188 3385 3228 meam

88 3302 94 3307 .
158 3261 201 3310 εἰ
226 3260 686 3336 ἐξωμολογούμην
707 3267 806 3335 τὴν
839 3267 1117 3336 ἡμετέραν
1146 3265 1453 3329 ἀσθένειαν.
1482 3268 1718 3339 ἐτύγχαο

157 3368 234 3405 νον
265 3352 541 3423 βοηθείας.
585 3358 837 3412 Διδάσκει
871 3358 925 3411 δὲ
955 3359 1036 3412 ὅτι
1074 3360 1224 3423 ὅστις
1282 3360 1349 3414 ἂν
1399 3359 1718 3413 ὀλισθαενων

160 3444 375 3515 ἐπιγνῷ,
413 3452 508 3502 καὶ
545 3452 619 3521 μὴ
649 3450 893 3521 ἀπογνῷ,
939 3451 1074 3522 μηδὲ
1106 3451 1423 3523 ρᾳθυμήσῃ,
1452 3451 1566 3503 ἀλλ’
1598 3450 1717 3515 ἑξο-

161 3537 541 3610 μολογήσηται,
558 3544 782 3612 ταχεῖαν
800 3543 1046 3611 εὑρίσκει
1064 3546 1163 3614 τὴν
1181 3541 1492 3612 ἀντίληψιν.
1529 3542 1717 3612 Ἐλεή-

161 3643 264 3693 μων
284 3631 395 3702 γὰρ
438 3637 532 3686 καὶ
573 3634 870 3705 συμπαθὴς
901 3637 926 3689 6
959 3635 1114 3697 Θεόςε

1813 3262 2131 3327 ﬂuctuasse,
2166 3263 2211 3316 si
2245 3278 2330 3316 me
2361 3264 2467 3316 huc
2504 3274 2667 3332 atque
2698 3264 2824 3317 illuc
2881 3263 2951 3317 ob
2997 3264 3271 3332 prepriam
3298 3264 3384 3316 in-

1816 3356 2126 3410 ﬁrmitatem
2159 3355 2389 3409 distrahi
2444 3356 2620 3422 palam
2654 3355 2873 3409 fuissem
2901 3340 3186 3410 conﬂssus
3209 3392 3226 3413 .
3255 3370 3390 3408 con-

1815 3447 1996 3503 festim
2030 3456 2087 3501 tu
2129 3447 2263 3501 mihi
2297 3448 2489 3501 aderas
2517 3446 2757 3514 atljutor.
2778 3448 2892 3500 Hoc
2923 3453 3104 3499 autem
3122 3460 3381 3500 sermone

1818 3540 2083 3595 docemur
2110 3554 2139 3593 a
2167 3538 2459 3609 Propheta,
2515 3538 2660 3608 quod
2688 3538 3000 3608 quicunque
3035 3539 3219 3607 lapsus
3248 3538 3389 3591 deli-

1817 3641 1963 3687 ctum
2005 3647 2163 3687 suum
2192 3631 2512 3704 agnoverit,
2567 3640 2621 3686 et
2666 3647 2775 3686 non
2822 3630 3242 3700 desperaverit,
3292 3636 3388 3683 aut

157 3718 348 3790 alioqui
373 3723 710 3793 negligenter
736 3724 940 3794 aliquid
977 3740 1084 3779 non
1119 3729 1313 3795 egerit.
1350 3724 1444 3780 sed
1476 3726 1712 3795 ingenue
1751 3739 1937 3780 eorum
1994 3722 2105 3779 Deo
2155 3723 2210 3778 id
2276 3722 2568 3778 conlessus
2621 3722 2781 3776 fuerit
2810 3762 2827 3788 ,
2883 3722 3068 3778 statim
3120 3722 3385 3777 auxilium

159 3823 537 3881 consequetur.
574 3813 884 3869 Misericors
920 3816 1118 3869 etenim
1147 3825 1229 3870 est
1271 3815 1432 3878 Deus,
1483 3827 1537 3870 et
1569 3814 1987 3869 inﬁrmitatibus
2026 3813 2228 3868 nostris
2258 3813 2416 3867 facile
2464 3811 2817 3880 compatitur.

219 3906 376 3957 Κατὰ
402 3905 470 3957 τὸ
510 3904 745 3973 πλῆθος
776 3905 895 3960 τῶν
933 3905 1167 3960 ὀδυνῶν
1187 3925 1306 3977 μου
1375 3907 1444 3960 ἐν
1479 3906 1554 3975 τῇ
1586 3922 1721 3974 καρ-

158 3994 244 4063 δίᾳ
259 4012 379 4064 μου
423 3998 486 4049 al
509 3995 924 4064 παρακλήσεις
949 4014 1063 4053 σου
1102 3999 1410 4069 comma-ar
1442 3998 1558 4066 τὴν
1599 4001 1718 4067 ψυ-

160 4086 269 4154 χήν
309 4106 447 4158 μου.
501 4089 805 4159 Ἀναλόγως
844 4090 906 4143 τὸ
961 4091 1164 4162 πλῆθος
1213 4091 1323 4145 τῶν
1362 4091 1565 4166 ὀδυνῶν
1616 4108 1716 4159 μου

159 4179 258 4234 τῶν
292 4184 349 4234 ὲν
375 4185 443 4253 τῇ
480 4181 679 4253 καρδίᾳ
720 4198 823 4252 μου
865 4181 1228 4254 ἐχορηγοῦντό
1257 4200 1347 4254 μοι
1378 4183 1474 4236 καὶ
1520 4181 1578 4235 αἱ
1613 4199 1719 4236 πα-

160 4272 445 4342 ρακλήσεις
475 4290 594 4326 σου.
626 4273 838 4343 Ὥσπερ
899 4273 955 4326 δὲ
1004 4274 1190 4327 ὀδύναι
1239 4274 1519 4345 διάφοροι,
1575 4273 1720 4326 οὕτω

159 4362 244 4412 καὶ
272 4364 329 4415 αἱ
361 4363 512 4434 παρὰ
560 4363 697 4416 Θεοῦ
748 4365 1132 4434 ψυχαγωγίαν
1166 4367 1261 4418 καὶ
1300 4366 1435 4436 πρὸς
1473 4364 1535 4420 τὸ
1580 4362 1718 4429 εἶδος

158 4452 244 4505 τοῦ
282 4455 595 4524 τραύματος
635 4455 900 4522 ἐπάγεται
949 4457 1044 4510 καὶ
1076 4459 1110 4527 ἡ
1152 4456 1439 4528 Θεραπεία.

1890 3902 2057 3958 Vens.
2093 3904 2180 3957 l9.
2224 3902 2523 3958 Secundum
2553 3901 2944 3955 multitudinem
2976 3900 3216 3954 dolorum
3243 3918 3388 3956 meo-

1816 4014 1933 4051 rum
1964 3997 2020 4050 in
2059 3996 2214 4051 corde
2238 4012 2371 4061 meo,
2406 3995 2791 4049 consolationes
2833 4006 2936 4049 tuae
2984 3994 3389 4064 laetiﬁcauerunt

1817 4092 2047 4144 animam
2075 4105 2267 4144 meam.
2300 4087 2464 4143 Juxta
2503 4088 2909 4159 proportionem
2941 4087 3214 4153 dolorum,
3250 4103 3390 4156 quos

1816 4182 1872 4237 in
1916 4181 2083 4236 corde
2115 4182 2370 4251 gerebam
2400 4219 2415 4244 ,
2453 4181 2692 4248 praestita
2725 4187 2854 4233 sunt
2891 4193 2920 4231 a
2971 4187 3024 4232 te
3068 4179 3204 4232 mihi
3241 4179 3389 4233 sola-

1819 4277 1991 4330 mina.
2035 4275 2207 4329 Sicuti
2238 4275 2383 4329 enim
2416 4275 2669 4327 dolorum
2712 4272 2863 4325 varia
2898 4280 3026 4325 sunt
3060 4287 3280 4341 genera,
3313 4273 3387 4325 ita

1817 4369 1984 4422 etiam
2021 4365 2343 4433 multiplicia
2379 4371 2506 4417 sunt
2545 4363 2828 4431 refrigeria
2856 4401 2872 4425 ,
2910 4358 3031 4430 quat
3076 4362 3229 4415 nobis
3284 4363 3388 4416 tri-

1819 4457 1936 4511 buit
1967 4456 2130 4510 Deus.
2164 4453 2297 4509 Nam
2329 4455 2484 4522 juxta
2530 4452 2814 4506 vulnerum
2854 4450 3173 4521 qualitatem
3196 4490 3211 4516 ,
3252 4466 3388 4507 con-

1818 4548 2123 4604 venientem
2155 4545 2391 4615 applicat
2419 4542 2768 4598 medicinam.

220 4653 313 4720 Μὴ
347 4655 756 4724 συμπαρέστω
789 4672 890 4711 σοι
931 4658 1145 4724 θρόνος
1190 4657 1466 4726 ἀνομίας.
1514 4657 1714 4727 Θρόνος

1887 4663 2058 4717 Vens.
2088 4661 2178 4715 20.
2214 4658 2337 4713 Non
2378 4657 2646 4713 adltwreat
2676 4656 2770 4709 tibi
2801 4655 3019 4710 thronus
3062 4652 3384 4736 iniquitatis.

157 4744 375 4815 ἀνομίας
405 4748 434 4798 6
458 4746 727 4811 διάϐολος,
768 4746 843 4809 ὡς
893 4748 950 4800 ἐν
996 4747 1144 4816 αὐτῷ
1194 4749 1289 4801 καὶ
1322 4748 1714 4818 βασιλευούσης

157 4834 248 4887 καὶ
280 4836 727 4907 άναπαυομὲνης.
753 4837 850 4905 Μὴ
876 4838 1278 4907 συμπορέστω
1322 4838 1383 4891 δὲ
1403 4879 1418 4905 ,
1442 4839 1565 4892 ἀντὶ
1597 4840 1716 4904 τοῦ,

155 4927 231 4995 μὴ
266 4929 583 5000 συμπαρειη
622 4946 736 4997 σοι,
801 4931 1079 5002 κρίνοντν
1140 4932 1544 5003 προστακτικὸν
1601 4932 1721 4984 ἀντὶ

157 5018 421 5084 εὐκτικοῦ,
462 5019 539 5082 ὡς
596 5019 657 5073 τὸ
714 5020 955 5090 ἐλέησον.
1004 5020 1139 5074 Τινὰ
1188 5021 1244 5074 δὲ
1279 5020 1606 5091 ἀντίγραφα,
1632 5039 1720 5090 μη

156 5111 627 5178 συμπροσέσται,
647 5112 969 5183 γράφουσιν,
989 5113 1176 5182 ἧγουν,
1191 5123 1251 5165 οὐ
1289 5130 1352 5165 συ
1361 5113 1721 5183 μπροσέσταισ

158 5200 190 5269 ἦ
216 5204 305 5255 καὶ
329 5203 505 5267 οὕτως
542 5204 753 5273 μέλλων
778 5204 899 5258 ἀντὶ
951 5203 1229 5258 εὐκτικοῦ.

237 5315 286 5368 Ὀ
316 5318 620 5372 πλὰσσων
663 5321 857 5373 νόστον
893 5319 992 5373 ἐπὶ
1046 5322 1417 5390 πρόσταγμα.
1476 5320 1534 5372 '0
1591 5320 1723 5372 ὐπο-

155 5405 374 5476 Ύράφων
404 5412 540 5481 ἡμῖν
565 5410 735 5463 κόπον
771 5411 850 5473 εἰς
872 5411 1206 5481 ἐμποδισμδν
1231 5411 1326 5465 τοῦ
1363 5413 1722 5482 προστάγμα-

155 5498 245 5560 τός
276 5517 401 5554 σου·
433 5504 462 5554 ὀ
496 5502 603 5572 πρὸ
659 5503 755 5555 τοῦ
806 5502 1226 5574 προστάγματός
1279 5520 1371 5557 σου
1417 5503 1585 5567 τιθεὶς
1630 5502 1724 5554 κό-

157 5602 258 5641 πον
305 5590 388 5644 ἵνα
435 5593 513 5657 ὡς
560 5595 817 5649 ἐπίπονον
866 5596 1000 5650 αὐτὸ
1050 5595 1517 5667 παραδράμωμεν.
1587 5593 1718 5650 Εἶτα

230 5767 272 5801 ⁸⁸
304 5770 320 5823 l
349 5771 475 5825 Cor.
508 5786 546 5835 l,
589 5772 678 5825 '50.

1817 4756 2077 4811 Thronus
2113 4751 2424 4823 iniquitatis
2454 4759 2540 4806 est
2576 4749 2828 4804 diabolus
2872 4749 2927 4803 in
2960 4764 3068 4819 quo
3124 4750 3386 4819 iniquitas

1817 4858 1875 4903 et
1904 4846 2185 4909 considet,
2220 4854 2274 4899 et
2319 4851 2530 4915 regnat.
2578 4841 2697 4898 Non
2739 4843 3016 4898 adhaereat
3071 4841 3239 4913 igitur
3264 4843 3384 4908 tibi,

1823 4940 1923 4994 hoc
1952 4949 2058 5001 est,
2090 4953 2199 4992 non
2236 4937 2379 4991 adsit
2414 4935 2508 4990 tibi
2536 4935 2830 5006 iudicanti.
2875 4934 2972 4989 Est
3008 4945 3189 4988 autem
3241 4934 3383 5003 apud

1822 5030 2044 5085 Graecos
2074 5027 2401 5098 imperantis
2430 5027 2624 5082 modus
2666 5041 2764 5095 pro
2815 5016 3078 5094 aptativo.
3125 5023 3382 5089 Qua'dam

1824 5136 1954 5175 vero
1976 5120 2306 5189 exemplaria
2341 5118 2563 5185 ,habent
2601 5133 2614 5171 :
2648 5132 2748 5169 non
2813 5114 3119 5179 adhwrebit,
3162 5120 3216 5167 et
3258 5120 3387 5165 tunc

1820 5211 2065 5266 futurum
2099 5220 2313 5280 tempus
2342 5209 2583 5279 intelligo
2617 5210 2852 5277 positum
2889 5204 3049 5258 modo
3086 5203 3349 5272 optativo.

1895 5327 1998 5392 Qui
2025 5327 2175 5396 ﬁngit
2208 5325 2436 5378 laborem
2458 5325 2509 5375 in
2538 5330 2816 5390 pra’cepto.
2845 5317 2948 5385 Qui
2991 5317 3234 5371 laborem
3285 5329 3387 5368 no-

1820 5420 1907 5477 bis
1940 5419 2219 5481 describit,
2253 5424 2312 5469 ut
2345 5413 2790 5484 impedimentum
2852 5409 3105 5463 omnibus
3161 5411 3384 5476 prwstet

1821 5507 2113 5563 observare
2148 5504 2457 5559 volentibus
2490 5502 2743 5555 mandata
2782 5512 2870 5553 tua
2904 5517 2917 5553 :
2975 5499 3075 5562 vel,
3114 5497 3205 5567 qui
3257 5504 3385 5550 aute

1826 5598 2140 5653 mandatum
2191 5602 2346 5648 tuum
2376 5591 2558 5663 posuit
2594 5590 2833 5645 laborem
2868 5597 3032 5659 atque
3061 5601 3336 5643 aerumnas
3365 5624 3382 5651 ,
