3832 6564
141 459 248 522 973

1327 455 1691 521 COMMENT
1734 455 1815 515 IN
1846 455 1982 518 PSA
1992 457 2208 518 LMOS.
3286 455 3394 518 974

140 590 284 637 ται,
341 573 399 626 αἱ
447 569 687 643 ἀρεταίο
747 568 910 624 αὐλαὶ
971 570 1026 623 δὲ
1075 568 1241 623 αὑτοῦ
1292 571 1407 634 νῦν,
1462 572 1517 622 αί
1575 570 1701 624 κατὲ

1828 571 1995 634 modi,
2035 571 2270 625 virtutes
2307 577 2473 637 sunt;
2514 569 2651 625 aultc
2709 583 2839 624 vero
2885 570 3028 639 ejus,
3077 567 3242 624 varize
3296 585 3394 641 per

138 663 340 726 τόπους
375 663 689 731 ἐκκλησίαι.

212 754 687 823 Προσκυνήσατε
714 752 795 820 τῷ
833 754 1029 822 Κυρίῳ
1061 753 1129 806 ἐν
1155 751 1314 822 αὐλῇ
1346 752 1481 822 ἁγίᾳ
1505 750 1716 806 αὐτοῦ.

150 845 504 916 Ἦρμηνεΰθη
554 846 649 898 καὶ
700 837 860 908 οὗτος
939 845 968 896 ό
1042 844 1227 913 στίχος
1281 845 1344 896 ἑν
1388 842 1582 912 ἐκείνῳ
1639 840 1718 909 τῷ

136 936 369 1006 ψαλμῷ.
404 938 651 1008 Πρόσχες
689 937 768 1001 δὲ,
820 935 938 998 πῶς
977 934 1147 988 εἰπὼν
1182 935 1374 1000 αὐλὰς,
1401 929 1523 988 εἷπε
1554 931 1720 987 πάλιν

137 1028 328 1096 αὐλὴν,
375 1027 667 1090 διδάσκων,
718 1025 801 1080 ὅτι
845 1025 1038 1079 πολλαὶ
1089 1025 1191 1095 μέν
1223 1026 1333 1078 είσι
1361 1023 1440 1093 τῷ
1470 1022 1712 1094 ἀριθμῷ,

139 1119 244 1186 μία
297 1119 357 1171 δὲ
390 1122 454 1190 τῇ
491 1119 698 1173 πίστει.
735 1118 1033 1189 Διῄρηνται
1083 1117 1180 1188 μὲν
1209 1115 1320 1187 γὰρ
1345 1117 1458 1178 τοῖς
1486 1116 1673 1178 τόποις
1695 1133 1712 1148 υ

132 1209 374 1279 ἥνωνται
405 1211 463 1264 δὲ
523 1214 590 1280 τῇ
615 1210 892 1282 ὁμοδοξία.

1817 663 2005 716 orbem
2041 662 2309 718 ecclesiae.

1888 753 2124 807 Aderate
2155 753 2440 808 hominum
2491 755 2544 807 in
2583 754 2711 809 aula
2737 766 2923 808 sancta
2955 754 3091 824 ejus.
3139 753 3237 810 llic
3274 769 3394 812 ver—

1817 845 2026 901 siculus
2091 845 2374 917 expositus
2423 847 2587 901 etiam
2628 861 2657 900 a
2700 848 2857 902 nobis
2928 847 3032 902 fuit
3085 847 3138 902 in
3199 847 3391 902 eodem

1820 936 2028 1005 psalmo
2064 952 2253 993 nvm.
2285 936 2422 992 illud
2455 948 2637 992 autem
2666 937 3210 992 animadvertendum
3238 938 3396 993 duci-

1823 1043 1966 1095 mus,
2020 1030 2164 1098 quod
2222 1045 2348 1084 eum
2399 1029 2657 1100 superius
2703 1030 2903 1101 plurali
2955 1045 3187 1084 numero
3236 1030 3392 1084 aulas

1821 1120 2039 1188 dixerit,
2075 1137 2222 1177 nunc
2265 1123 2529 1195 singulari
2565 1137 2823 1178 sermone
2851 1137 3045 1178 rursus
3084 1123 3264 1177 aulam
3292 1137 3394 1177 no-

1822 1212 2088 1270 minavit:
2123 1213 2326 1270 docens
2361 1215 2800 1285 nimirum.quod
2838 1216 3023 1269 multa:
3052 1215 3270 1285 quidem
3291 1230 3397 1268 nu-

135 1317 290 1356 mero
340 1302 588 1357 ecclesiae
625 1311 772 1368 sunt,
822 1302 926 1357 title
973 1316 1100 1356 vero
1140 1315 1245 1355 una
1289 1307 1375 1356 est
1429 1299 1678 1355 omnium
1721 1312 1896 1359 mater
1925 1307 2191 1362 Ecclesia.
2236 1307 2432 1364 Divisze
2502 1306 2774 1378 siquidem
2836 1316 2965 1362 sunt
3048 1305 3206 1372 locis,
3276 1320 3398 1376 quae

131 1396 446 1464 conjunctae
473 1403 602 1452 sunt
627 1398 840 1451 unitate
876 1395 1170 1464 opinionis.

202 1486 572 1554 Σαλευθήτω
608 1485 729 1540 ἀπὸ
773 1484 1102 1555 προσώπου
1138 1485 1326 1540 αὐτοῦ
1355 1484 1524 1540 πᾶσα
1552 1485 1590 1554 ἡ
1617 1485 1716 1555 τῆ.

129 1576 212 1646 Τῇ
236 1579 531 1649 ἐπιφανείᾳ
555 1578 745 1644 αὑτοῦ,
774 1578 1194 1649 μετακινηθήτω
1221 1579 1332 1630 duo
1377 1581 1479 1650 τῆς
1507 1577 1718 1648 πλάνης

128 1669 227 1722 ἐπὶ
256 1671 355 1740 τὴν
380 1669 642 1741 ἀλήθειαν
663 1685 678 1700 '
707 1671 931 1738 σεισμὸν
961 1673 1070 1739 γάρ
1100 1670 1259 1723 τοῦτο
1302 1671 1398 1723 καὶ
1429 1671 1717 1740 προφήτης

127 1759 320 1828 ἔτερος
343 1760 624 1813 ἐκάλεσεν.
657 1761 814 1814 Εἴποι
845 1760 892 1813 δ’
918 1760 986 1816 ἄν
1004 1778 1112 1824 τις.
1143 1761 1240 1815 καὶ
1268 1761 1360 1814 τὸν
1381 1761 1572 1814 κλόνον
1611 1760 1715 1827 τῆς

1897 1484 2056 1541 Vens.
2089 1487 2142 1542 9.
2160 1484 2566 1540 Commoveatur
2592 1502 2624 1539 ο
2645 1486 2786 1555 [acie
2815 1485 2931 1557 ejus
2957 1486 3200 1540 universa
3225 1494 3393 1540 terra-

1818 1577 1990 1641 Illius,
2025 1578 2227 1648 inquit,
2257 1577 2520 1640 adventu,
2552 1578 2846 1632 universus
2901 1577 3054 1632 Orbis
3099 1577 3167 1632 ab
3195 1592 3388 1632 errore

1817 1669 1888 1725 ad
1915 1670 2200 1724 veritatem
2250 1679 2676 1726 commoveatur.
2734 1666 2892 1723 Unde
2943 1668 3085 1722 alius
3128 1669 3391 1739 propheta

1817 1760 2026 1815 Christi
2068 1759 2395 1825 adventum,
2447 1767 2820 1815 terrmmotum
2882 1759 3196 1829 appellavit.
3240 1759 3391 1813 Illam

128 1848 257 1918 γῆς,
307 1851 400 1902 τὸν
442 1850 500 1902 ὲν
535 1849 612 1920 τῷ
664 1850 844 1922 καιρῷ
896 1851 992 1904 τοῦ
1035 1850 1307 1920 σταυροῦο
1352 1852 1447 1904 καὶ
1493 1851 1576 1903 ὃτι
1617 1849 1701 1904 τοῦ

1828 1852 1979 1908 etiam
2010 1862 2170 1908 terra:
2217 1853 2640 1908 commotionem
2673 1851 2929 1907 fortassis
2985 1851 3268 1922 Propheta
3303 1850 3394 1904 hic

126 1941 338 2011 Κυρίου
374 1942 637 2010 φανέντος
669 1942 758 1996 διὰ
786 1943 886 2011 τῆς
925 1941 1421 2014 ὲνανθρωπήσεως,
1459 1940 1710 2012 ἐσείσθη-

127 2048 232 2085 σαν
257 2033 382 2087 λαοί
407 2049 421 2064 ·
463 2035 850 2105 ἐταράχθησαν
873 2035 1026 2105 ἔθνη,
1066 2035 1156 2088 διὰ
1189 2036 1248 2088 τὸ
1279 2035 1565 2105 κήρυγμα.

1817 1944 2095 2016 intelligit,
2147 1959 2268 2013 qua:
2317 1943 2596 2015 passionis
2646 1952 2892 2013 tempore
2948 1943 3090 1999 laeta
3122 1952 3237 1998 "est.
3293 1941 3392 1997 Vel

1814 2034 2268 2094 commovendam
2292 2049 2411 2090 esse
2431 2041 2633 2090 terram
2665 2033 2935 2106 praedicit,
2965 2036 3094 2104 quia
3131 2035 3196 2089 ad
3217 2036 3394 2089 Evan-

124 2124 254 2194 gelii
292 2126 732 2194 prsedicationem
760 2143 873 2198 quo
900 2127 1171 2182 adventus
1197 2135 1364 2194 atque
1388 2126 1699 2182 iucarnatio
1743 2125 1833 2179 Dei
1864 2126 2247 2190 annuntiatur,
2275 2124 2516 2182 universi
2548 2124 2732 2196 populi
2763 2121 2838 2180 ac
2907 2133 3098 2196 gentes
3161 2133 3392 2179 cuntur-

124 2219 270 2272 haue
294 2227 447 2274 sunt.

196 2310 510 2366 Είπατεὲν
524 2313 647 2381 τοῖς
664 2316 929 2381 ἔθνεσιν,
953 2315 1042 2370 ὅτι
1059 2316 1270 2384 Κύριος
1287 2313 1712 2369 ἐϐασίλευσεν.

135 2401 494 2474 Ἠρμηνεύθη
520 2405 618 2456 καὶ
647 2404 806 2458 τοῦτο
845 2407 904 2460 ὲν
945 2409 1012 2475 τῇ
1053 2407 1195 2475 ἀρχῇ
1225 2404 1320 2457 τοῦ
1352 2402 1439 2471 ιβ’
1460 2403 1712 2472 ψαλμοῦ.

137 2493 215 2545 ’Ἡ
246 2494 339 2546 καὶ
368 2493 540 2558 ἄλλως
559 2511 574 2526 ο
603 2495 687 2548 ὅτι
728 2500 890 2567 μέχρι
920 2500 1041 2552 τότε
1069 2498 1099 2548 ό
1122 2495 1369 2558 διάὸολος
1406 2495 1712 2557 ἐϐασίλευε,

125 2583 227 2636 καὶ
265 2585 300 2653 ή
333 2583 600 2655 ἁμαρτία.
637 2587 736 2657 Ετη
767 2588 811 2640 δ’
835 2587 902 2640 ἂν
928 2588 1022 2644 καὶ
1059 2587 1263 2656 ἑτέρως
1305 2585 1558 2656 βασιλεία
1617 2584 1713 2638 τοῦ

126 2675 402 2745 Χριστοῦ,
432 2677 464 2746 ἡ
499 2679 636 2731 κατὰ
662 2679 845 2732 πίστιν
876 2679 1122 2747 ὑποταγὴ
1149 2679 1260 2732 τῶν
1277 2677 1606 2749 ἀνθρώπων.

1883 2307 2060 2366 Dicite
2093 2308 2145 2362 in
2177 2308 2420 2378 gentibus
2450 2305 2578 2377 quia
2610 2303 2864 2358 Dominus
2898 2305 3151 2375 regnavit.
3181 2303 3390 2376 Hujus-

1815 2403 1958 2456 modi
1987 2402 2152 2458 etiam
2178 2402 2344 2455 Verba
2368 2399 2617 2468 exposita
2648 2399 2872 2452 fuerunt
2923 2398 2976 2452 in
3009 2398 3219 2468 psalmo
3239 2413 3342 2452 xcu
3370 2417 3386 2465 ;

1813 2497 1899 2551 vel
1950 2513 1964 2550 :
2007 2494 2180 2550 Dicite
2241 2492 2387 2564 quod
2441 2492 2707 2549 Dominus
2784 2493 3066 2563 regnavit,
3123 2493 3389 2548 hactenus

1815 2599 2051 2656 namque
2095 2584 2350 2639 diabolus
2401 2591 2456 2637 et
2506 2593 2789 2654 peccatum
2838 2593 3216 2653 regnaverant.
3288 2585 3386 2638 Vel

1814 2677 1998 2740 aliter,
2032 2691 2263 2746 regnare
2295 2675 2384 2730 hic
2411 2676 2665 2731 Christus
2687 2675 2911 2738 dicitur,
2938 2683 3160 2747 propter
3186 2676 3387 2730 volun-

123 2768 330 2820 tariam
357 2766 518 2820 illam-
537 2766 878 2835 credentium
907 2769 1330 2840 subjectimtem.
1363 2784 1528 2838 quan.
1565 2769 1699 2823 tidcs
1740 2774 1992 2838 prtestat.
2020 2765 2154 2822 Nam
2194 2766 2396 2836 alioqui
2433 2766 2504 2820 ab
2548 2775 2754 2821 veterno
2819 2767 2984 2820 etiam
3055 2751 3233 2836 super.
3285 2767 3390 2821 im-

125 2863 254 2932 pios
283 2873 446 2932 atque
474 2861 678 2918 invitos
709 2849 918 2932 regnat.

204 2953 318 3008 Kal
341 2953 449 3024 γὰρ
479 2955 834 3024 κατώρθωσε
865 2957 983 3024 τὴν
1019 2958 1399 3027 οίκουμένην.
1447 2956 1708 3028 Ὀροοπο-

126 3047 250 3100 δεῖν
306 3049 388 3110 εἰς
447 3048 730 3102 εὐσέϐειαν
785 3051 1244 3120 παρεσκεύασεν·
1294 3051 1329 3121 ἢ
1365 3050 1600 3122 ἧδρασεν
1628 3052 1710 3112 εἰς

124 3138 492 3210 θεογνωσίαν.
532 3141 910 3209 Οἰκουμένην
953 3140 1010 3194 at
1058 3141 1228 3209 λέγει,
1270 3141 1368 3210 τὴν
1397 3138 1708 3208 ἁπανταχοῦ

119 3230 230 3300 τῆς
255 3232 586 3302 οἰκουμένης
625 3231 952 3304 Ἐκκλησίαν
973 3273 990 3288 .
1029 3236 1134 3300 Εἰς
1161 3232 1370 3289 πᾶσαν
1392 3233 1521 3303 γὰρ,
1551 3234 1706 3303 φησι,

1881 2951 2047 3006 Vens.
2080 2950 2169 3004 10.
2221 2947 2430 3004 Etenim
2469 2949 2664 3003 direxit
2709 2948 2891 3002 orbem
2924 2957 3103 3001 (errat.
3141 2944 3383 3006 Modum.

1807 3046 2009 3115 inquit,
2039 3043 2369 3113 prmparavit
2419 3040 2694 3106 Christus,
2727 3054 2838 3110 quo
2879 3040 3180 3094 humanum
3205 3055 3385 3111 genus

1809 3137 2130 3192 universum
2177 3143 2326 3190 recta
2376 3133 2444 3187 ad
2496 3134 2754 3202 pietatem
2801 3143 2966 3200 atque
3015 3130 3083 3185 ad
3152 3131 3387 3187 virtutes

1811 3236 1997 3299 posset
2030 3225 2316 3292 incedere;
2351 3226 2436 3279 vel
2479 3224 2746 3280 stabilivit
2784 3240 2879 3280 cos
2911 3223 3167 3280 Christus
3197 3226 3251 3278 in
3289 3240 3385 3280 co-

121 3321 247 3388 τὴν
269 3321 389 3392 γῆν
431 3323 695 3393 ἐξῆλθεν
726 3328 760 3379 ὀ
785 3328 1048 3396 φθόγγος
1081 3324 1282 3380 αὐτῶν
1306 3341 1320 3361 ε
1357 3326 1456 3380 καὶ
1490 3327 1578 3390 εις
1631 3325 1701 3378 τὰ

1828 3322 2054 3392 ςιιὶιίοηο
2088 3320 2216 3386 Dei;
2245 3329 2300 3375 et
2343 3335 2441 3390 per
2473 3318 2660 3375 orbem
2691 3328 2872 3386 terrae,
2915 3319 3232 3375 universam
3273 3319 3380 3375 Ec-

119 3412 357 3481 πέρατα
381 3413 489 3482 τῆς
516 3417 874 3486 οἰκουμένης
894 3419 963 3470 τὰ
985 3419 1224 3486 ῥήματα
1239 3416 1440 3470 αὐτῶν
1460 3433 1473 3447 ⁶
1516 3433 1704 3486 περιτ-

118 3507 223 3559 τὸν
257 3507 316 3561 δὲ
344 3509 404 3560 τὸ
443 3507 574 3580 γάρ.

203 3777 368 3842 Ἦτις
398 3777 468 3834 οὐ
502 3777 978 3846 σαλευθήσεται.
1019 3779 1138 3832 Τῶν
1169 3779 1510 3834 σαλευόντων
1532 3780 1706 3850 αὐτὴν

115 3867 406 3938 δαιμόνων
461 3868 860 3936 ἀπαλλαγεῖσα,
963 3869 1058 3920 καὶ
1117 3869 1209 3922 ἐπὶ
1273 3870 1371 3938 τῆς
1429 3870 1707 3941 ἁρραγοῦς

116 3961 344 4030 πέτρας
376 3961 474 4029 τῆς
503 3961 743 4024 πίστεως
773 3959 1191 4030 θεμελιωθείσα.
1254 3961 1484 4032 Εἴρηται
1527 3963 1584 4016 δὲ
1613 3963 1708 4016 καὶ

116 4055 185 4106 ἑν
231 4049 312 4120 τῷ
338 4044 633 4120 ιιόσψαλμῷ
661 4066 676 4082 ·
699 4049 808 4104 Καὶ
843 4052 951 4120 γὰρ
981 4051 1312 4120 ἐστερέωσε
1351 4053 1466 4119 τὴν
1510 4053 1708 4106 οικοιυ-

112 4143 348 4214 μένην,
376 4143 508 4210 ἣτις
552 4146 625 4198 οὐ
653 4142 1123 4210 σαλευθήσετοι,
1165 4147 1259 4198 καὶ
1292 4143 1565 4213 ἀνάγνωθι
1609 4145 1708 4214 τὴν

115 4235 254 4288 ἐκεῖ
288 4232 568 4303 ἐξήγησιν.

194 4326 400 4392 It'ptrsi
431 4323 624 4390 λαοὺς
651 4324 723 4378 ἐν
743 4325 1046 4392 εὐθύτητι.
1070 4323 1227 4378 Κατὰ
1251 4325 1350 4393 τὴν
1368 4323 1578 4394 ἡμέραν
1610 4323 1707 4396 δη-

114 4416 267 4486 λαδὴ
315 4416 414 4486 τῆς
452 4417 712 4487 κρίσεως.
778 4411 915 4470 Eius
967 4415 1024 4468 δὲ
1056 4415 1212 4469 τοῦτο
1248 4416 1338 4470 ἵνα
1373 4415 1589 4486 γνῶμεν
1627 4416 1708 4468 ὅτι

113 4501 288 4569 οὗτος
307 4509 486 4577 κρινεῖ
504 4507 733 4570 πάντας.

197 4599 756 4666 Εὐφραινέσθωσαν
793 4602 849 4654 at
879 4599 1148 4666 oitparoi,
1180 4599 1277 4653 καί
1323 4597 1710 4668 ἀγαλλιάσθω

1808 3412 2032 3467 clesiam
2065 3411 2120 3464 in
2154 3419 2270 3464 toto
2295 3411 2428 3464 orbe
2457 3407 2815 3466 exsistentem
2851 3406 3128 3478 intelligit.
3163 3406 3230 3461 In
3260 3424 3383 3462 om-

1807 3521 1924 3559 nem
1955 3485 2100 3559 enim
2130 3510 2350 3565 terram,
2391 3499 2592 3570 inquit,
2629 3499 2788 3553 exivit
2819 3515 2980 3553 sonus
3001 3511 3204 3562 eorum,
3241 3509 3290 3552 et
3322 3499 3380 3552 in

1807 3599 1941 3667 ﬁnes
1968 3596 2108 3652 orbis
2128 3603 2282 3650 (ενι-ω
2310 3591 2465 3648 verba
2497 3592 2757 3647 eorum".
2782 3589 3070 3662 Superﬂua
3100 3597 3182 3645 est
3201 3599 3381 3646 autem

1809 3689 1980 3744 dictio
2035 3689 2194 3744 enim.

1881 3782 1987 3848 Qui
2013 3798 2116 3834 non
2136 3779 2565 3837 commovebitur.
2592 3779 2667 3835 Ex
2692 3791 2800 3848 quo
2830 3777 2974 3834 enim
3009 3776 3270 3832 liberatus
3298 3784 3385 3831 est

1809 3894 1840 3933 a
1871 3877 2180 3931 dit-menum
2221 3873 2504 3938 servitute,
2536 3872 2629 3942 qui
2672 3881 2833 3925 antea
2871 3870 3023 3923 illum
3053 3883 3383 3924 commove-

1811 3971 1962 4031 bant.
1993 3974 2401 4037 consequenter
2435 3963 2698 4019 fundatus
2753 3961 2854 4016 fuit
2882 3976 3048 4032 super
3079 3961 3384 4015 inconcus-

1809 4077 1926 4118 sam
1958 4059 2084 4113 ﬁdei
2125 4065 2357 4128 petram.
2401 4056 2650 4111 Similem
2694 4069 2835 4124 pene
2878 4052 3207 4108 sententiam
3238 4051 3386 4106 vidi-

1811 4166 1936 4205 mus
1975 4151 2030 4204 in
2080 4148 2293 4218 psalmo
2339 4163 2469 4211 xcu,
2507 4147 2582 4200 ibi
2617 4163 2632 4201 :
2678 4146 2889 4199 Etenim
2935 4145 3170 4214 ﬁrmavit
3207 4142 3386 4198 orbem

1811 4252 1984 4304 terra',
2011 4241 2099 4309 qui
2132 4255 2233 4292 non
2254 4237 2684 4301 commovebitur,
2716 4235 2807 4288 ubi
2826 4234 3205 4304 exposuimus.

1878 4328 2152 4384 Judicabit
2185 4329 2406 4399 populos
2443 4329 2496 4380 in
2547 4325 2883 4381 rectitudine.
2936 4325 2994 4378 In
3038 4325 3126 4378 die
3170 4322 3384 4378 scilicet

1807 4421 2024 4491 iudicii.
2059 4420 2173 4476 lloc
2205 4431 2386 4474 autem
2421 4418 2575 4484 dicit,
2599 4427 2658 4472 ut
2685 4416 2927 4473 sciamus
2957 4415 3105 4486 quod
3128 4415 3383 4472 Christus

1807 4528 2004 4568 omnes
2025 4513 2372 4583 judicaturus
2402 4518 2507 4565 est.

1886 4603 2052 4660 Vens.
2106 4603 2192 4658 il.
2241 4602 2510 4656 Lwtentur
2557 4600 2694 4661 creti,
2743 4611 2792 4654 et
2835 4597 3062 4654 exsultet
3103 4607 3266 4655 terra.
3299 4599 3382 4655 0b

112 4690 165 4758 ἠ
325 4692 424 4741 Διὰ
447 4690 541 4744 τὸν
565 4692 838 4761 οὐράνιον,
875 4689 997 4744 εἶτα
1034 4690 1300 4754 ιπίγειον.
1323 4691 1430 4743 Τοῦ
1464 4687 1701 4760 Χριστοῦ

1828 4701 2087 4757 :mlestcm
2121 4696 2380 4751 nimirum
2408 4707 2460 4749 et
2488 4695 2686 4750 deinde
2723 4703 3039 4750 terrestrem
3072 4696 3377 4751 Christum.

110 4780 265 4850 γὰρ,
310 4783 375 4834 τὸ
418 4781 520 4850 μὲν
564 4782 774 4836 ἄνωθεν
820 4783 1056 4853 κατῆλθε
1083 4799 1098 4813 ⁸
1137 4785 1199 4835 τὸ
1243 4783 1302 4834 εἱ
1341 4783 1585 4836 κάτωθεν
1636 4783 1702 4836 ὰ-

109 4871 318 4942 νῆλθε.

196 4965 561 5031 Σαλευθὴτω
593 4968 630 5035 ἡ
671 4965 978 5030 θάλασσα,
1031 4967 1129 5020 καὶ
1171 4966 1236 5020 τὸ
1270 4965 1564 5036 ..πλήρωμα
1594 4967 1705 5020 αὐ-

105 5055 263 5124 τῆς.
329 5055 592 5126 Σάλευσιν
626 5056 860 5110 ἐνταῦθα
883 5057 983 5126 τὴν
1020 5057 1304 5126 σκίρτησιν
1341 5056 1508 5123 λέγει.
1560 5055 1706 5125 Πλή-

112 5165 300 5222 ρωμα
326 5148 383 5200 δὲ
417 5149 516 5219 τῆς
560 5149 836 5220 θαλάσσης
880 5151 948 5202 τά
981 5149 1194 5219 πέρατα
1223 5149 1470 5218 αὐτῆς,ἢ
1519 5149 1570 5201 οἱ
1609 5164 1705 5199 πο-

105 5243 322 5310 ταμοὶ,
351 5244 407 5293 at
450 5241 668 5312 λίμναι,
688 5243 746 5295 αἱ
779 5241 952 5310 πηγαί
979 5258 992 5272 ·
1025 5244 1119 5296 καὶ
1149 5242 1336 5305 ἁπλῶς
1364 5242 1513 5294 πᾶσα
1543 5240 1704 5309 φύσις

107 5333 342 5386 ὑδάτων
378 5350 393 5365 ο
427 5335 777 5405 σκιρτησάτω
823 5334 881 5386 δὲ
908 5334 1072 5405 αὕτη,
1092 5334 1182 5389 διὰ
1208 5335 1269 5388 τὸ
1292 5334 1579 5405 βάπτισμα
1606 5331 1703 5385 τοῦ

105 5424 406 5494 Σωτῆρος.

190 5515 539 5582 Χαρήσεται
571 5517 642 5572 τὰ
668 5518 867 5585 πεδία,
908 5517 1006 5581 καὶ
1040 5518 1238 5574 πάντα
1260 5518 1331 5573 τὰ
1359 5519 1428 5573 ἐν
1473 5515 1699 5584 αὐτοῖς.

108 5609 254 5661 Ὀτι
283 5607 471 5676 μέλλει
541 5609 607 5662 δι’
663 5609 842 5663 αὐτῶν
879 5609 1082 5664 ὁδεύειν
1112 5613 1140 5664 ό
1166 5611 1409 5679 ἁγιάζων
1441 5611 1693 5683 Χριστός.

103 5700 320 5754 Πάντα
339 5699 398 5752 δὲ
425 5699 492 5754 τὰ
521 5703 580 5754 ὲν
600 5703 975 5772 αὐτοῖς,·φυτὰ
996 5703 1259 5776 δηλονότι.

192 5907 243 5942 ’δ
283 5903 433 5960 Psal.
462 5921 618 5973 xvm,
642 5907 696 5960 5.

1803 4793 1986 4846 Altera
2031 4787 2238 4858 quippe
2268 4787 2389 4855 ejus
2426 4795 2620 4842 natura
2657 4803 2893 4856 superne
2945 4785 3252 4851 descendit,
3302 4790 3385 4841 al-

1807 4890 1922 4935 tera
1947 4893 2076 4932 vero
2110 4875 2336 4930 inferius
2363 4890 2392 4929 ο
2423 4885 2567 4930 terra
2594 4885 2775 4928 ortum
2809 4876 3025 4930 habuit.

1879 4972 2464 5033 Comntoueaturmare,
2485 4979 2532 5022 et
2562 4968 2832 5036 plenitudo
2865 4967 3000 5036 ejus.
3033 4967 3376 5021 Commoveri

1809 5065 1911 5118 huc
1953 5067 2004 5117 in
2041 5065 2162 5115 loco
2186 5062 2390 5129 posuit,
2429 5077 2528 5130 pro
2577 5057 3176 5114 exsultare.Plenitudo
3197 5063 3382 5112 autem

1809 5155 1995 5220 maris,
2026 5162 2153 5209 sunt
2185 5155 2330 5208 illius
2352 5152 2511 5217 lines,
2537 5152 2620 5205 vel
2650 5151 2898 5212 ﬂumina,
2925 5157 3139 5218 stagna.
3172 5147 3375 5210 fontes,

1805 5263 1870 5300 ac
1906 5257 2016 5300 tota
2045 5246 2280 5316 denique
2313 5259 2577 5314 aquarum
2613 5242 2861 5295 materia.
2909 5240 3157 5294 Exsultet
3191 5249 3374 5293 autem

1809 5335 2183 5406 hujuscemodi
2212 5349 2478 5404 aquarum
2505 5330 2808 5402 plenitudo,
2829 5331 2898 5384 ob
2921 5345 3137 5385 sacrum
3167 5329 3375 5384 Christi

1809 5429 2102 5498 baptisma,
2129 5427 2274 5497 quod
2304 5425 2357 5477 in
2392 5423 2472 5478 eis
2502 5423 2831 5477 celebratum
2869 5430 2976 5476 est.

1878 5518 2187 5574 Gaudebant
2232 5515 2404 5583 campi
2444 5524 2493 5568 et
2530 5515 2709 5569 omnia
2737 5529 2852 5584 quae
2887 5514 2939 5566 in
2971 5513 3044 5568 eis
3076 5512 3379 5579 sunt.Quia

1751 5646 1754 5650 -
1809 5613 2022 5670 scilicet
2057 5611 2211 5662 illiue
2264 5606 2600 5661 transiturus
2639 5613 2720 5659 est
2751 5605 3031 5670 Christus,
3075 5614 3241 5674 atque
3273 5603 3380 5657 hoc

1813 5713 1972 5776 pacto
2003 5719 2066 5757 ea
2094 5701 2276 5755 omnia
2303 5699 2691 5756 sanctiﬁcabit.
2726 5699 2827 5754 Per
2861 5698 3045 5755 omnia
3081 5713 3229 5764 vero,
3255 5713 3380 5771 qua:

1813 5799 1867 5850 in
1893 5796 1973 5851 eis
2002 5800 2150 5856 sunt,
2182 5794 2325 5863 ipsas
2355 5793 2565 5863 plantas
2598 5791 2874 5861 intelligit.
