3898 6548
217 369 333 438 985

1381 377 1768 442 COMMENT.
1803 382 1890 444 IN
1918 384 2282 453 PSALMOS.

3361 395 3466 460 925

279 484 554 541 Εἰδοσαν
583 485 784 542 πάντα
813 486 885 542 τὰ
931 487 1157 557 πέρατα
1191 487 1299 559 τῆς
1327 489 1440 560 γῆς
1494 492 1562 545 τὸ
1599 491 1764 560 σωτή

1977 501 2138 558 Vens.
2173 504 2230 560 4.
2286 501 2539 560 Viderunt
2569 520 2746 561 omnes
2779 506 2995 562 termini
3041 514 3196 563 terra:
3225 508 3465 563 salutare

200 591 353 649 ptOY
377 579 484 633 τοῦ
522 581 692 635 Θεοῦ.
743 580 1006 636 Ἐνώπιον
1035 582 1216 636 αὐτῶν
1263 584 1653 655 ἀποκαλυφθὲν
1699 585 1764 641 διε

1890 593 1989 648 Dei
2040 596 2231 650 nostri.
2285 595 2448 663 illud,
2492 596 2741 668 inquam,
2785 599 3048 666 salutare,
3088 600 3236 671 quod
3275 614 3459 655 coram
3530 585 3534 591 ’

204 669 317 723 τῶν
343 671 686 736 ἀποστόλων,
720 671 796 736 ὡς
824 673 1080 744 ἀνωτέρω
1105 674 1427 744 δεδήλωται.

278 869 648 936 Ἇλολάξατε
671 870 752 937 τῷ
782 870 926 936 Θεῷ,
967 871 1138 928 πᾶσα
1191 875 1230 942 ἡ
1265 873 1359 943 τῆ.
1387 857 1619 946 Εἴρηται
1649 876 1783 948 περὶ

194 961 288 1016 τοῦ
323 962 644 1033 ἀλαλαγμοῦ
677 965 734 1018 ὲν
759 963 836 1034 τῷ
865 963 911 1036 β’
942 966 1110 1036 στίχῳ
1152 967 1246 1020 τοῦ
1279 967 1362 1035 ιιδθ
1385 967 1626 1040 ψαλμοῦ.
1665 1006 1676 1032 ι

265 1167 506 1237 ’ᾼσατε,
561 1153 660 1221 καὶ
703 1167 1098 1238 ἀγαλλιᾶσθε,
1147 1169 1244 1223 καί
1275 1171 1532 1239 quidam.
1575 1173 1778 1245 ’ᾼσατε

197 1256 348 1330 ᾆσμα
384 1259 597 1323 καινὸν,
625 1259 700 1324 ὡς
730 1259 946 1332 εἴρηται
969 1277 983 1291 ·
1011 1262 1340 1330 ἀγαλλιᾶσθε
1373 1264 1429 1317 δὲ
1453 1265 1527 1327 ὠς
1554 1265 1654 1334 τῆς
1677 1268 1769 1320 al-

191 1351 516 1421 χμαλωσίας
560 1351 1052 1424 ἐλευθερωθέντεςο
1086 1352 1292 1422 ψάλατε
1323 1354 1379 1407 δὲ
1428 1357 1508 1421 είς
1551 1355 1777 1424 ἔνδειξιν

192 1444 287 1513 τῆς
314 1443 726 1511 ἀγαλλιάσεως.

259 1557 506 1612 irritata
540 1558 621 1624 τῷ
655 1559 849 1628 Κυρίῳ
892 1559 965 1614 ἐν
998 1560 1230 1630 κιθάρᾳ,
1279 1561 1351 1616 ἐν
1415 1561 1626 1628 κιθάρᾳ
1675 1560 1774 1615 καὶ

190 1650 364 1720 φωνῇ
404 1651 674 1720 ψαλμοῦ.
701 1652 952 1724 Κιθάραν
983 1651 1108 1724 μὲν,
1145 1655 1244 1724 τὴν
1296 1653 1610 1725 πρακτικὴν
1641 1654 1775 1707 ἀναο

1887 683 1971 739 eis
1997 699 2094 754 per
2122 687 2400 758 apostolos
2428 687 2732 745 revelatum
2765 699 2874 757 est,
2901 698 2959 746 ut
2990 707 3158 762 supra
3217 691 3464 747 declara-

1889 792 2090 834 vnnus.

1956 887 2122 948 Vens.
2168 893 2220 947 5.
2256 893 2500 952 Jabilale
2530 896 2662 961 Deo,
2723 898 2897 954 omnis
2939 907 3102 954 terra.
3145 895 3222 954 De
3255 896 3461 968 iubila-

1883 983 2035 1042 tione
2063 986 2268 1041 dictum
2303 995 2390 1046 est
2420 989 2473 1045 in
2523 991 2742 1062 psalmo
2774 1006 2918 1061 xciv,
2959 992 3016 1048 in
3053 991 3303 1049 secundo
3328 1005 3457 1048 ver-

1883 1076 2084 1136 siculo.

1953 1191 2200 1259 Caritate,
2227 1202 2277 1250 et
2307 1195 2590 1261 exsultate,
2624 1206 2672 1251 et
2693 1197 2929 1267 psallite.
2987 1195 3220 1254 Cantate
3269 1199 3453 1254 canti-

1881 1298 2006 1338 cum
2039 1300 2264 1352 novum,
2297 1295 2356 1340 ut
2383 1287 2592 1343 dictum
2625 1301 2732 1352 est,
2762 1299 2815 1343 et
2861 1290 3136 1345 exsultate
3185 1297 3450 1360 tanquam

1882 1376 2158 1432 liberalia
2187 1379 2528 1449 captivitate,
2578 1389 2633 1435 et
2687 1380 2905 1451 psallite
2951 1381 3016 1436 ad
3063 1383 3452 1438 demonstran-

1879 1469 2002 1523 dam
2029 1469 2269 1524 leetitiam
2297 1482 2352 1525 et
2381 1472 2641 1541 gaudium
2675 1481 2942 1528 vestrum.

1955 1583 2122 1641 Vens.
2149 1586 2203 1642 6.
2238 1587 2470 1644 Psallile
2513 1588 2738 1644 Domino
2782 1591 2836 1643 in
2873 1589 3104 1656 cit/cara,
3154 1591 3208 1644 in
3243 1590 3455 1645 c'itltara

1877 1685 1927 1731 et
1958 1693 2078 1731 voce
2115 1679 2331 1746 psalmi.
2371 1679 2475 1735 Per
2504 1679 2772 1734 citharam
2803 1678 2962 1748 juxta
3023 1694 3303 1750 anagogen
3361 1682 3450 1734 la-
3517 1743 3530 1756 ,

187 1744 449 1812 γωγικῶς
496 1745 839 1815 ὑποληπτέον
863 1763 878 1776 ο
909 1746 1096 1816 φωνὴν
1143 1746 1200 1800 δὲ
1238 1747 1456 1816 ψαλμοῦ
1485 1747 1584 1818 τὴν
1642 1747 1764 1800 θεω-

1884 1771 2051 1824 ctivas
2076 1771 2308 1827 virtutes
2357 1773 2634 1843 intellige;
2681 1789 2779 1845 per
2826 1788 3014 1828 vocem
3047 1788 3180 1828 vero
3228 1773 3450 1842 psalmi,

189 1833 446 1903 ρητικήν.
477 1833 745 1899 Δοξάσατε
766 1834 858 1889 τὸν
886 1835 1090 1909 Κύριον
1109 1835 1197 1891 διὰ
1227 1835 1482 1908 πράξεως
1525 1837 1621 1892 καὶ
1643 1836 1764 1890 Osw-

1884 1861 2050 1932 ipsam
2102 1864 2648 1935 contemplationem.

189 1925 334 1996 ρίας.

264 2157 370 2210 Ἔν
400 2155 737 2227 σάλπιγξιν
765 2157 1014 2225 “aruit;
1061 2157 1164 2213 καὶ
1213 2157 1388 2227 φωνῇ
1429 2156 1770 2228 σάλπιγγος

186 2251 529 2319 κερατίνης.
575 2253 664 2304 Ἐν
691 2251 810 2313 ταῖς
858 2249 1244 2320 εὐαγγελικαΐς
1268 2250 1533 2315 ἐντολαῖς,
1563 2235 1769 2312 αἵτινες

187 2342 492 2412 σάλπιγγες
503 2341 756 2411 λέγονται
773 2342 1157 2414 πληθυντικῶς
1173 2342 1259 2396 διὰ
1279 2342 1340 2395 τὸ
1357 2336 1498 2395 εἶναι
1523 2340 1768 2411 τέσσαρα

185 2434 506 2503 Εὖαγγὲλια
530 2449 547 2466 ο
608 2434 702 2487 καὶ
733 2433 970 2502 σάλπιγξ
995 2433 1220 2512 ἑνικῶς,
1248 2433 1386 2487 διότι
1419 2434 1468 2487 εἰ
1493 2432 1592 2487 καὶ
1644 2431 1768 2486 τέσ-

186 2542 329 2596 σαρα
358 2525 638 2594 λέγονται,
668 2525 758 2579 διὰ
801 2525 927 2588 τοὺς
952 2511 1285 2594 ἐκθεμένδυς
1323 2523 1482 2588 αὐτὰ,
1517 2522 1632 2576 ἀλλ’
1671 2517 1766 2576 οὖν

183 2619 240 2674 ἓν
258 2622 372 2674 εἰσι
405 2623 476 2692 τῇ
509 2618 803 2689 συμφωνίᾳ
834 2618 930 2671 καὶ
967 2617 1218 2687 δυνάμει.
1256 2617 1369 2670 Kal.
1413 2615 1612 2679 ὲλατὰς
1667 2614 1766 2685 μὲν

183 2711 281 2776 τὰς
315 2711 632 2780 σάλπιγγας
654 2711 862 2774 ταύτας
893 2709 1175 2775 ἐκάλεσεν,
1204 2709 1279 2772 ὡς
1313 2707 1766 2779 κεχαλκευμένας

185 2803 288 2858 ὑπὸ
312 2803 416 2858 τοῦ
459 2805 617 2873 ἁγίου
649 2805 969 2873 ιῙνεύματος
997 2817 1012 2834 ο
1046 2800 1343 2873 κερατίνην
1372 2801 1429 2854 δὲ
1458 2801 1763 2871 σάλπιγγα,

185 2895 257 2960 ὡς
279 2895 534 2967 ζωηράν.
588 2896 687 2951 Ἐκ
742 2895 883 2960 ζώου
917 2895 1025 2966 γὰρ
1055 2895 1089 2966 ἡ
1115 2893 1379 2965 κερατίνη
1427 2893 1768 2948 κατεσκευὰ-

185 2990 332 3054 ζετο.

281 3106 647 3172 Αλαλὰξατε
703 3103 963 3160 ἐνώπιον
999 3103 1109 3159 τοῦ
1138 3101 1451 3170 ,ϐασιλέως
1514 3101 1759 3171 Kvplov.

187 3199 326 3272 Περὶ
357 3195 458 3253 τοῦ
493 3198 818 3268 ἀλαλαγμοῦ
844 3199 1196 3272 προείρηται.

249 3311 618 3380 Σαλευοήτω
637 3312 674 3380 ή
694 3312 976 3366 θάλασσα
1002 3313 1099 3368 καὶ
1131 3312 1198 3366 τὸ
1217 3311 1511 3380 πλήρωμα
1540 3308 1758 3378 αὐτῆς,

186 3407 222 3474 ἡ
240 3403 570 3475 οἰκουμένη
587 3405 684 3459 καὶ
716 3403 942 3471 πάντες
965 3405 1020 3458 ol
1041 3403 1467 3469 κατοικοῦντες
1494 3403 1565 3455 ὲν
1581 3399 1737 3470 αὑτῇ
1745 3442 1758 3457 .

186 3496 450 3553 Σάλευσιν
499 3497 783 3551 κάνταῦθα
818 3498 916 3569 τὴν
941 3497 1262 3566 ἀγαλλίασιν
1318 3497 1411 3551 καὶ
1476 3497 1764 3566 σκίρτησιν

185 3590 363 3658 λέγει,
421 3587 610 3653 καθὼς
631 3589 725 3642 καὶ
780 3590 838 3642 ὲν
871 3589 950 3658 τῷ
988 3588 1068 3656 ιιε⁹
1092 3587 1293 3659 ψαλμῷ
1329 3589 1761 3660 προειρήκαμεν,

184 3679 343 3736 ἔνθα·
384 3681 938 3750 Εὐφρίιινέσθωσαν
967 3683 1021 3734 οι
1053 3678 1321 3747 οὐρανοὶ,
1354 3679 1450 3734 καί
1473 3677 1766 3750 (inuuid-

185 3776 313 3828 σθω
354 3775 392 3843 ἠ
431 3773 530 3840 τῆ,
557 3773 914 3839 σαλευθήτω
934 3774 972 3841 ἠ
1005 3771 1313 3838 θάλασσα,
1350 3771 1449 3827 καὶ
1482 3773 1550 3828 τὸ
1605 3772 1765 3841 πλή-

181 3882 352 3937 ρωμα
377 3865 572 3932 αὐτῆς
593 3882 608 3896 ·
667 3864 946 3934 ἀνάγνωθι
975 3861 1068 3918 οὖν
1098 3864 1192 3919 καὶ
1211 3864 1311 3933 τὴν
1349 3865 1468 3917 ἐκεῖ
1504 3865 1765 3936 ῥηθεῖσαν

187 3958 474 4030 ἐξήγησιν.
533 3958 816 4028 Πλήρωμα
880 3955 939 4008 δὲ
993 3956 1096 4024 τῆς
1150 3954 1429 4026 θαλάσσης
1473 3955 1764 4026 ὲνενόησάν

186 4067 335 4113 τινες
352 4049 480 4113 τοὺς
509 4047 854 4119 πληροῦντας
887 4045 1057 4118 αὐτὴν
1089 4046 1302 4118 ἰχθύας,
1337 4045 1420 4112 ὡς
1456 4046 1551 4100 καὶ
1581 4046 1765 4102 αὐτῶν

188 4141 339 4212 χαρᾷ
367 4139 771 4210 σαλευομένων.

256 4249 521 4322 Ποταιὶοῑ
548 4253 922 4323 κροτήσουσι
942 4253 1094 4325 χειρὶ
1125 4253 1224 4309 ἐπὶ
1263 4254 1330 4308 τὸ
1357 4254 1527 4310 αὐτό.
1591 4250 1764 4323 Ὁμοῦ

186 4350 244 4402 ἓν
269 4351 420 4420 χειρὶ
444 4352 802 4418 κροτὴσουσι,
831 4346 989 4418 δίκην
1014 4347 1322 4417 ἀνθρώπων
1349 4345 1764 4416 συγχαιρόντων

187 4441 747 4512 ἀλλήλοις,τουτέστι,
781 4441 876 4494 καὶ
896 4440 1068 4510 autat]
1089 4439 1374 4510 μονονουχὶ
1435 4439 1766 4509 σκιρτήσου-

2742 1865 3064 1921 Gloriﬂcate
3131 1865 3451 1928 Dominum,

1873 1954 2075 2024 inquit,
2108 1954 2248 2012 bene
2276 1955 2578 2027 operando,
2604 1963 2659 2011 et
2701 1955 2885 2013 divina
2917 1955 3173 2030 mysteria
3206 1967 3454 2012 contem-

1870 2045 2095 2115 plaudo.

1940 2179 2004 2235 In
2037 2180 2172 2234 tubis
2196 2180 2508 2247 ductilibus,
2534 2187 2585 2234 et
2613 2196 2738 2236 voce
2767 2179 2906 2236 tuba:
2933 2195 3159 2234 cornere.
3188 2179 3246 2234 ln
3272 2196 3448 2236 evan-

1868 2271 2062 2342 gelicis
2111 2271 2368 2325 nimirum
2433 2271 2770 2342 praeceptis,
2829 2285 2952 2341 quae
3015 2270 3159 2326 tuba:
3219 2271 3445 2339 quidem

1869 2360 2068 2428 plurali
2123 2374 2357 2414 numero
2406 2357 2691 2424 dicuntur,
2729 2359 2853 2426 quia
2883 2366 3084 2429 quator
3109 2367 3238 2414 sunt
3268 2359 3450 2415 Evan-

1867 2451 2006 2520 gelia
2065 2461 2172 2506 :et
2210 2449 2338 2504 tuba
2372 2449 2662 2519 singulari,
2727 2449 2878 2519 quia,
2937 2449 3158 2504 tametsi
3211 2455 3448 2520 quatuor

1866 2540 2132 2596 dicuntur
2151 2542 2465 2613 Evangelia.
2487 2559 2582 2599 seu
2602 2545 2785 2614 potius
2812 2553 3048 2613 quatuor
3067 2544 3440 2613 evangelista,

1867 2635 2168 2691 concordia
2196 2647 2380 2692 tamen
2411 2652 2473 2692 ac
2514 2638 2718 2692 virtute
2751 2654 2922 2692 unum
2977 2646 3140 2706 atquc
3187 2637 3331 2694 idem
3363 2647 3449 2695 est

1867 2729 2248 2798 Evnngclium.
2304 2731 2370 2784 Et
2420 2732 2656 2787 ductiles
2690 2732 2911 2801 quidem
2959 2731 3061 2787 has
3096 2731 3260 2787 tubas
3283 2730 3446 2796 dixit,

1865 2821 2030 2878 veluti
2063 2837 2091 2875 a
2139 2833 2330 2878 sancto
2380 2822 2587 2893 Spiritu
2652 2823 2950 2880 fabricatas
3037 2832 3202 2893 atque
3269 2832 3447 2889 actas,

1866 2929 2129 2969 corneam
2180 2931 2312 2970 vero
2375 2917 2531 2986 quasi
2581 2917 2900 2972 animatam.
2955 2916 3188 2972 Cornea:
3241 2915 3446 2972 etenim

1866 3007 2012 3061 tuba:
2039 3022 2104 3061 ex
2136 3007 2453 3062 animalium
2491 3009 2754 3064 cornibus
2795 3009 3127 3065 cﬂiciuntur.

1933 3115 2099 3171 Vens.
2133 3118 2184 3172 7.
2220 3117 2462 3172 Jubilate
2493 3119 2546 3172 in
2577 3127 2856 3186 conspectu
2899 3119 3036 3188 regis
3073 3118 3309 3173 Domini.
3345 3117 3423 3172 De

1787 3181 1832 3242 θ
1861 3209 2193 3280 jttbilatione
2226 3210 2426 3279 saepius
2460 3211 2667 3265 dictum
2701 3220 2810 3267 est.

1934 3320 2332 3376 Commoveatur
2388 3337 2530 3376 mare
2619 3333 2665 3377 et
2745 3323 3238 3392 plenitudo'ejus,
3301 3319 3445 3375 orbis

1865 3422 2128 3469 terrarum
2189 3425 2238 3469 et
2271 3416 2500 3469 universi
2524 3415 2616 3485 qui
2651 3414 2895 3469 habitant
2941 3416 2994 3468 in
3020 3431 3103 3470 eo.
3155 3414 3258 3468 Per
3287 3428 3445 3468 com-

1865 3500 2165 3556 motionem
2202 3502 2364 3556 etiam
2394 3504 2496 3558 hoc
2535 3503 2658 3559 loco
2697 3504 3126 3558 exsultationem
3159 3503 3440 3572 intelligit,

1866 3601 1925 3647 ut
1953 3591 2188 3649 diximus
2222 3595 2276 3648 in
2311 3595 2520 3666 psalmo
2551 3611 2671 3660 xcv,
2721 3596 2794 3651 ibi
2832 3614 2844 3651 :
2882 3597 3154 3651 Lwlenlur
3188 3596 3329 3660 caeli,
3390 3604 3443 3651 et

1864 3683 2090 3739 exsultet
2157 3695 2340 3751 terra,
2409 3699 2799 3742 commoveatur
2850 3704 2995 3742 mare
3053 3696 3102 3742 et
3175 3689 3444 3756 plenitudo

1865 3773 2005 3842 ejus.
2063 3773 2222 3839 Vide,
2286 3791 2407 3846 quae
2471 3777 2585 3832 illic
2614 3778 2936 3848 exponendo
2997 3777 3260 3833 diximus.
3337 3778 3444 3832 Per

1867 3867 2258 3938 plenitudinem
2315 3884 2450 3924 vero
2511 3870 2707 3937 maris,
2765 3869 2990 3940 quidam
3054 3869 3236 3939 pisces
3279 3869 3444 3924 intel-

1866 3960 2145 4025 lexerunt,
2203 3959 2296 4031 qui
2354 3960 2486 4016 illud
2540 3961 2755 4032 replent
2819 3979 2834 4017 :
2894 3961 3053 4031 quasi
3117 3961 3222 4032 ipsi
3278 3961 3442 4015 etiam

1868 4054 2044 4124 pisces
2075 4051 2143 4108 ad
2187 4052 2433 4108 laetitiam
2513 4064 2680 4125 atque
2741 4053 2808 4109 ad
2859 4053 3122 4126 gaudium
3171 4054 3447 4109 advocen-

1869 4154 1978 4200 tur.

1935 4255 2104 4314 VEBS.
2135 4254 2189 4309 8.
2250 4255 2510 4310 Flumina
2563 4256 2821 4324 plaudent
2878 4236 3040 4309 manu
3084 4254 3266 4308 simul.
3313 4254 3446 4308 Flu-

1870 4347 2042 4410 mina,
2087 4348 2290 4418 inquit,
2338 4363 2443 4402 una
2493 4348 2776 4401 hominum
2830 4346 3028 4409 instar,
3077 4346 3170 4414 qui
3212 4346 3444 4398 invicem

1871 4438 2275 4509 eongaudeant,
2317 4437 2474 4506 quasi
2522 4438 2776 4493 manibus
2825 4435 3159 4506 quibusdam
3217 4437 3449 4506 applau-

192 4551 278 4585 σιν
308 4534 359 4586 oi
388 4532 664 4601 ποταμοὶ,
713 4533 815 4601 τῆς
869 4531 1214 4602 παγκοσμίου
1239 4531 1414 4602 χαρᾶς
1437 4529 1764 4602 ἐρχομένης.

1884 4529 2028 4586 dent.
2064 4532 2142 4584 Ac
2171 4531 2216 4586 si
2250 4532 2459 4586 diceret
2489 4549 2503 4585 :
2552 4529 2672 4601 ipsa
2709 4531 2873 4584 etiam
2925 4528 3151 4581 ﬂumina
3202 4528 3446 4582 exsulta-

200 4623 599 4692 Ἀναγωγικῶς
645 4622 703 4675 δὲ
761 4624 1022 4692 ποταμοὶ,
1071 4625 1121 4676 al
1179 4623 1394 4694 ῥέοντες
1427 4622 1489 4674 τὺ
1536 4621 1767 4688 πότιμον

190 4719 343 4786 νᾶμα
368 4715 458 4770 διὰ
491 4715 592 4784 τῆς
621 4715 998 4781 διδασκαλίας,
1033 4716 1164 4784 περὶ
1193 4706 1268 4769 ὧν
1326 4712 1552 4785 εἴρηκεν
1585 4715 1613 4766 ὁ
1637 4713 1770 4784 Χρι-

193 4810 320 4873 στός
343 4824 358 4840 ο
430 4807 493 4860 '0
523 4808 824 4861 πιστεύων
850 4811 938 4874 είς
965 4807 1093 4876 ἐμὲ,
1124 4805 1374 4876 ποταμοὶ
1412 4806 1482 4861 ἐκ
1512 4805 1623 4873 τῆς
1643 4823 1768 4859 κοι-

189 4903 333 4966 λῖας
363 4899 554 4955 αὑτοῦ
603 4900 946 4968 ῥεύσουσιν
993 4899 1214 4964 ὕδατος
1240 4897 1458 4965 ζῶντος
1485 4913 1496 4928 ο
1527 4897 1560 4968 ἢ
1593 4913 1772 4949 ποτα-

195 4993 365 5064 μηδδν
390 4993 692 5066 συρρέοντα
708 4992 889 5064 πλήθη
920 4991 1030 5048 τῶν
1063 4990 1292 5055 πιστῶν,
1323 4991 1381 5043 ὲν
1403 4986 1524 5054 ταῖς
1564 4988 1767 5059 ἐκκλη-

194 5084 364 5150 σίαις.

267 5372 346 5426 Τὰ
370 5371 478 5440 ὅρη
507 5371 984 5445 ἀγαλλιᾶσονται
1016 5373 1138 5428 ἀπὸ
1168 5373 1494 5443 προσώπου
1523 5373 1768 5442 Κυρίου,

195 5460 289 5515 ὅτι
318 5462 577 5531 ἔρχεται.
629 5465 738 5518 Καὶ
769 5462 1016 5538 αὐτὰῖτᾶ
1065 5465 1170 5537 δρη
1223 5467 1415 5532 ῶσπερ
1459 5467 1518 5519 ἐν
1565 5465 1641 5536 τῷ
1674 5469 1758 5532 ιιεθ

193 5553 418 5625 ψαλμῷ,
451 5556 520 5609 τὰ
560 5555 692 5620 ξύλα
744 5555 836 5610 τοῦ
890 5556 1120 5630 δρυμοῦ.
1177 5560 1333 5611 Κατὰ
1383 5557 1442 5607 δὲ
1475 5558 1772 5628 ἀναγωγὴν

201 5644 329 5716 ιρη,
355 5647 404 5700 οἱ
431 5649 730 5720 προφῆται,
773 5649 862 5705 διὰ
892 5655 952 5703 τὸ
981 5651 1117 5719 ὕψος
1151 5651 1252 5722 τῆς
1283 5649 1518 5721 θεωρίας
1549 5649 1730 5705 αὐτῶν
1757 5665 1771 5681 '

283 5823 477 5886 ’Joau.
506 5845 602 5896 vn,
640 5830 726 5886 58.

1875 4623 2031 4687 bunt,
2083 4631 2238 4678 tanto
2285 4621 2583 4677 universali
2632 4620 2833 4692 gaudio
2886 4616 3235 4675 adveniente.
3279 4616 3443 4672 Juxta

1875 4728 2176 4784 anagogen,
2223 4728 2318 4784 per
2364 4711 2615 4778 ﬂumina,
2675 4726 2772 4766 eos
2817 4709 3075 4765 homines
3134 4709 3444 4780 intelligere

1875 4803 2160 4868 debemus,
2198 4803 2292 4874 qui
2327 4803 2599 4873 potabiles
2653 4818 2922 4872 aquarum
2963 4802 3183 4865 latices,
3226 4810 3279 4856 et
3323 4817 3450 4872 per-

1875 4904 2073 4968 petuos
2102 4895 2371 4950 doctrina:
2393 4895 2573 4950 ﬂuxus
2601 4895 2832 4961 habent,
2887 4895 2955 4950 de
3006 4895 3210 4964 quibus
3261 4909 3293 4947 a
3341 4893 3446 4948 Do-

1876 4989 2026 5042 mino
2070 4986 2274 5043 dictum
2319 4996 2454 5043 est:
2509 4988 2706 5059 Siquis
2737 4985 3020 5041 crediderit
3069 4987 3124 5040 in
3156 4991 3237 5038 me
3268 5026 3285 5050 ,
3336 4985 3446 5052 ﬂu-

1869 5081 2015 5134 mina
2047 5081 2112 5136 de
2143 5091 2317 5135 uentre
2351 5079 2468 5148 ejus
2495 5079 2664 5148 ﬂuent
2704 5096 2858 5150 aqua:
2885 5078 3105 5133 viventis
3130 5077 3150 5108 ⁸
3178 5093 3192 5140 ;
3245 5074 3328 5128 vel
3360 5075 3445 5144 ip-

1866 5186 1961 5228 sas
1990 5171 2229 5227 ﬂdelium
2266 5171 2672 5236 multitudines,
2724 5187 2848 5241 qua:
2877 5168 3123 5223 ﬂuminis
3165 5166 3344 5222 instar
3373 5165 3443 5220 ad

1869 5263 2174 5322 Ecclesiam
2202 5264 2509 5321 conﬂuunt.

1939 5377 2150 5434 Montes
2194 5378 2540 5433 exsultabant
2596 5394 2630 5432 α
2673 5377 2812 5446 facie
2881 5375 3126 5439 Domini,
3186 5357 3442 5444 quoniam

1872 5471 2032 5526 venit.
2088 5470 2198 5541 Ipsi
2229 5469 2393 5524 etiam
2427 5478 2642 5524 montes
2666 5467 3048 5534 chtiltabunt,
3081 5466 3444 5537 quemadmo-

1872 5563 2003 5618 dum
2032 5563 2087 5618 in
2119 5562 2329 5633 psalmo
2357 5575 2456 5615 xcv
2485 5561 2794 5617 exsultasse
2825 5561 2990 5615 etiam
3028 5559 3262 5632 legimus
3298 5558 3444 5613 liena

1873 5652 2158 5710 silvarum.
2208 5647 2373 5705 Juxta
2432 5663 2711 5722 anagogen
2749 5690 2766 5720 ,
2859 5658 3074 5708 montes
3161 5647 3441 5721 propheta:
