  <div class='ocr_page' id='page_1' title='image "/cluster/home/n/w/nwhite01/storage/ocr_20150623/128/hvd.32044019208230/502.png"; bbox 0 0 3898 6754; ppageno 0'>
   <div class='ocr_carea' id='block_1_1' title="bbox 305 602 3605 680">
    <p class='ocr_par' dir='ltr' id='par_1_1' title="bbox 305 602 3605 680">
     <span class='ocr_line' id='line_1_1' title="bbox 305 602 3605 680; baseline 0.005 -16"><span class='ocrx_word' id='word_1_1' title='bbox 305 602 472 666; x_wconf 72' lang='lat'><strong>989</strong></span> <span class='ocrx_word' id='word_1_2' title='bbox 1519 612 1916 675; x_wconf 55' lang='lat' dir='ltr'><strong>COMMERT.</strong></span> <span class='ocrx_word' id='word_1_3' title='bbox 1955 611 2043 672; x_wconf 85' lang='lat' dir='ltr'><strong>IN</strong></span> <span class='ocrx_word' id='word_1_4' title='bbox 2080 613 2441 680; x_wconf 75' lang='lat' dir='ltr'><strong>PSALMOS.</strong></span> <span class='ocrx_word' id='word_1_5' title='bbox 3497 616 3605 679; x_wconf 78' lang='lat'><strong>990</strong></span> 
     </span>
    </p>
   </div>
   <div class='ocr_carea' id='block_1_2' title="bbox 434 717 1901 836">
    <p class='ocr_par' dir='ltr' id='par_1_2' title="bbox 434 725 1900 802">
     <span class='ocr_line' id='line_1_2' title="bbox 434 725 1900 802; baseline 0.007 -25"><span class='ocrx_word' id='word_1_6' title='bbox 434 725 1152 794; x_wconf 69' lang='grc' dir='ltr'>Ἔξομολογησάσθωσαν</span> <span class='ocrx_word' id='word_1_7' title='bbox 1172 728 1251 793; x_wconf 84' lang='grc' dir='ltr'>τῷ</span> <span class='ocrx_word' id='word_1_8' title='bbox 1280 730 1527 798; x_wconf 77' lang='grc' dir='ltr'>ὀνόματί</span> <span class='ocrx_word' id='word_1_9' title='bbox 1553 746 1671 786; x_wconf 83' lang='grc' dir='ltr'><strong>σου</strong></span> <span class='ocrx_word' id='word_1_10' title='bbox 1719 730 1795 796; x_wconf 80' lang='grc' dir='ltr'>τῷ</span> <span class='ocrx_word' id='word_1_11' title='bbox 1822 750 1900 802; x_wconf 79' lang='grc' dir='ltr'><strong>με</strong></span> 
     </span>
    </p>
   </div>
   <div class='ocr_carea' id='block_1_3' title="bbox 2031 717 3599 836">
    <p class='ocr_par' dir='ltr' id='par_1_3' title="bbox 2111 717 3599 805">
     <span class='ocr_line' id='line_1_3' title="bbox 2111 717 3599 805; baseline 0.001 -18"><span class='ocrx_word' id='word_1_12' title='bbox 2111 717 2274 789; x_wconf 70' lang='lat' dir='ltr'><strong>Vsus.</strong></span> <span class='ocrx_word' id='word_1_13' title='bbox 2303 736 2357 789; x_wconf 80' lang='grc'><strong>5.</strong></span> <span class='ocrx_word' id='word_1_14' title='bbox 2389 732 2757 803; x_wconf 72' lang='lat' dir='ltr'><strong>Conﬁteanlur</strong></span> <span class='ocrx_word' id='word_1_15' title='bbox 2780 733 2985 788; x_wconf 86' lang='lat' dir='ltr'><strong>nomini</strong></span> <span class='ocrx_word' id='word_1_16' title='bbox 3013 743 3103 786; x_wconf 87' lang='lat' dir='ltr'><strong>tuo</strong></span> <span class='ocrx_word' id='word_1_17' title='bbox 3134 748 3348 805; x_wconf 84' lang='lat' dir='ltr'><strong>magno.</strong></span> <span class='ocrx_word' id='word_1_18' title='bbox 3378 733 3599 791; x_wconf 74' lang='lat' dir='ltr'><strong>Gratias</strong></span> 
     </span>
    </p>
   </div>
   <div class='ocr_carea' id='block_1_4' title="bbox 310 820 1901 898">
    <p class='ocr_par' dir='ltr' id='par_1_4' title="bbox 310 820 1901 896">
     <span class='ocr_line' id='line_1_4' title="bbox 310 820 1901 896; baseline 0.006 -25"><span class='ocrx_word' id='word_1_19' title='bbox 310 820 539 883; x_wconf 57' lang='lat' dir='ltr'><strong>religa.</strong></span> <span class='ocrx_word' id='word_1_20' title='bbox 591 821 1110 889; x_wconf 75' lang='grc' dir='ltr'>Εὐχαριστήτωσαν.</span> <span class='ocrx_word' id='word_1_21' title='bbox 1153 823 1363 893; x_wconf 83' lang='grc' dir='ltr'>Ὀνομα</span> <span class='ocrx_word' id='word_1_22' title='bbox 1412 824 1467 878; x_wconf 81' lang='grc' dir='ltr'><strong>δὲ</strong></span> <span class='ocrx_word' id='word_1_23' title='bbox 1522 823 1692 893; x_wconf 81' lang='grc' dir='ltr'><strong>λέγει,</strong></span> <span class='ocrx_word' id='word_1_24' title='bbox 1732 826 1794 879; x_wconf 81' lang='grc' dir='ltr'><strong>τὸ</strong></span> <span class='ocrx_word' id='word_1_25' title='bbox 1826 827 1901 896; x_wconf 63' lang='grc' dir='ltr'><strong>τῆι</strong></span> 
     </span>
    </p>
   </div>
   <div class='ocr_carea' id='block_1_5' title="bbox 2031 820 3599 898">
    <p class='ocr_par' dir='ltr' id='par_1_5' title="bbox 2036 828 3599 898">
     <span class='ocr_line' id='line_1_5' title="bbox 2036 828 3599 898; baseline -0.001 -16"><span class='ocrx_word' id='word_1_26' title='bbox 2036 837 2220 897; x_wconf 82' lang='lat' dir='ltr'><strong>agant,</strong></span> <span class='ocrx_word' id='word_1_27' title='bbox 2260 828 2459 898; x_wconf 86' lang='lat' dir='ltr'><strong>inquit,</strong></span> <span class='ocrx_word' id='word_1_28' title='bbox 2510 829 2722 884; x_wconf 91' lang='lat' dir='ltr'><strong>nomini</strong></span> <span class='ocrx_word' id='word_1_29' title='bbox 2759 836 2876 894; x_wconf 87' lang='lat' dir='ltr'><strong>luo,</strong></span> <span class='ocrx_word' id='word_1_30' title='bbox 2912 828 3016 882; x_wconf 88' lang='lat' dir='ltr'><strong>hoc</strong></span> <span class='ocrx_word' id='word_1_31' title='bbox 3058 832 3162 890; x_wconf 84' lang='lat' dir='ltr'><strong>est,</strong></span> <span class='ocrx_word' id='word_1_32' title='bbox 3207 828 3414 882; x_wconf 83' lang='lat' dir='ltr'><strong>nomini</strong></span> <span class='ocrx_word' id='word_1_33' title='bbox 3458 828 3599 883; x_wconf 73' lang='lat' dir='ltr'><strong>divi~</strong></span> 
     </span>
    </p>
   </div>
   <div class='ocr_carea' id='block_1_6' title="bbox 312 908 1901 991">
    <p class='ocr_par' dir='ltr' id='par_1_6' title="bbox 312 908 1901 987">
     <span class='ocr_line' id='line_1_6' title="bbox 312 908 1901 987; baseline 0.006 -27"><span class='ocrx_word' id='word_1_34' title='bbox 312 908 613 979; x_wconf 70' lang='grc' dir='ltr'>θεότητος</span> <span class='ocrx_word' id='word_1_35' title='bbox 636 926 654 941; x_wconf 71' lang='grc'><strong>⁸</strong></span> <span class='ocrx_word' id='word_1_36' title='bbox 707 910 1003 982; x_wconf 66' lang='grc' dir='ltr'>ὲχαρίσαψ</span> <span class='ocrx_word' id='word_1_37' title='bbox 1038 911 1169 982; x_wconf 84' lang='grc' dir='ltr'>γὰρ,</span> <span class='ocrx_word' id='word_1_38' title='bbox 1203 914 1389 983; x_wconf 76' lang='grc' dir='ltr'>φησὶν,</span> <span class='ocrx_word' id='word_1_39' title='bbox 1421 914 1590 985; x_wconf 80' lang='grc' dir='ltr'>αὐτῷ,</span> <span class='ocrx_word' id='word_1_40' title='bbox 1620 916 1820 987; x_wconf 81' lang='grc' dir='ltr'>δηλαδὴ</span> <span class='ocrx_word' id='word_1_41' title='bbox 1850 918 1901 987; x_wconf 61' lang='grc' dir='ltr'>τᾷ</span> 
     </span>
    </p>
   </div>
   <div class='ocr_carea' id='block_1_7' title="bbox 2031 908 3602 991">
    <p class='ocr_par' dir='ltr' id='par_1_7' title="bbox 2037 920 3602 991">
     <span class='ocr_line' id='line_1_7' title="bbox 2037 920 3602 991; baseline -0.002 -15"><span class='ocrx_word' id='word_1_42' title='bbox 2037 920 2229 977; x_wconf 85' lang='lat' dir='ltr'><strong>uitatis</strong></span> <span class='ocrx_word' id='word_1_43' title='bbox 2257 928 2386 976; x_wconf 66' lang='lat' dir='ltr'><strong>tum.</strong></span> <span class='ocrx_word' id='word_1_44' title='bbox 2432 920 2663 975; x_wconf 90' lang='lat' dir='ltr'><strong>Donavit</strong></span> <span class='ocrx_word' id='word_1_45' title='bbox 2700 921 2845 975; x_wconf 87' lang='lat' dir='ltr'><strong>enim</strong></span> <span class='ocrx_word' id='word_1_46' title='bbox 2890 920 3036 977; x_wconf 86' lang='lat' dir='ltr'><strong>Deus</strong></span> <span class='ocrx_word' id='word_1_47' title='bbox 3061 930 3362 991; x_wconf 64' lang='lat' dir='ltr'><strong>assumpta:</strong></span> <span class='ocrx_word' id='word_1_48' title='bbox 3406 920 3602 974; x_wconf 76' lang='lat' dir='ltr'><strong>huma-</strong></span> 
     </span>
    </p>
   </div>
   <div class='ocr_carea' id='block_1_8' title="bbox 312 1000 1901 1108">
    <p class='ocr_par' dir='ltr' id='par_1_8' title="bbox 312 1000 1901 1108">
     <span class='ocr_line' id='line_1_8' title="bbox 312 1000 1901 1108; baseline 0.008 -57"><span class='ocrx_word' id='word_1_49' title='bbox 312 1000 767 1108; x_wconf 58' lang='lat' dir='ltr'><strong>npoqlﬁupan,</strong></span> <span class='ocrx_word' id='word_1_50' title='bbox 809 1003 980 1072; x_wconf 76' lang='grc' dir='ltr'>ὄνομα</span> <span class='ocrx_word' id='word_1_51' title='bbox 1011 1003 1072 1057; x_wconf 81' lang='grc' dir='ltr'>τὸ</span> <span class='ocrx_word' id='word_1_52' title='bbox 1109 1004 1249 1075; x_wconf 78' lang='grc' dir='ltr'>ὑπὲρ</span> <span class='ocrx_word' id='word_1_53' title='bbox 1283 1006 1392 1059; x_wconf 80' lang='grc' dir='ltr'>πᾶν</span> <span class='ocrx_word' id='word_1_54' title='bbox 1416 1005 1609 1076; x_wconf 75' lang='grc' dir='ltr'>ὄνομα.</span> <span class='ocrx_word' id='word_1_55' title='bbox 1641 1008 1901 1078; x_wconf 82' lang='grc' dir='ltr'>Ἐξομολο</span> 
     </span>
    </p>
   </div>
   <div class='ocr_carea' id='block_1_9' title="bbox 2031 1000 3603 1108">
    <p class='ocr_par' dir='ltr' id='par_1_9' title="bbox 2036 1011 3603 1083">
     <span class='ocr_line' id='line_1_9' title="bbox 2036 1011 3603 1083; baseline -0.004 -14"><span class='ocrx_word' id='word_1_56' title='bbox 2036 1014 2192 1069; x_wconf 86' lang='lat' dir='ltr'><strong>nitati</strong></span> <span class='ocrx_word' id='word_1_57' title='bbox 2223 1028 2445 1078; x_wconf 87' lang='lat' dir='ltr'><strong>nomen,</strong></span> <span class='ocrx_word' id='word_1_58' title='bbox 2474 1012 2619 1083; x_wconf 87' lang='lat' dir='ltr'><strong>quod</strong></span> <span class='ocrx_word' id='word_1_59' title='bbox 2667 1022 2769 1068; x_wconf 91' lang='lat' dir='ltr'><strong>.est</strong></span> <span class='ocrx_word' id='word_1_60' title='bbox 2827 1027 2991 1082; x_wconf 87' lang='lat' dir='ltr'><strong>super</strong></span> <span class='ocrx_word' id='word_1_61' title='bbox 3033 1011 3208 1067; x_wconf 81' lang='lat' dir='ltr'><strong>omne&#39;</strong></span> <span class='ocrx_word' id='word_1_62' title='bbox 3242 1026 3467 1065; x_wconf 89' lang='lat' dir='ltr'><strong>nomen.</strong></span> <span class='ocrx_word' id='word_1_63' title='bbox 3504 1011 3603 1064; x_wconf 81' lang='lat' dir='ltr'><strong>Vel</strong></span> 
     </span>
    </p>
   </div>
   <div class='ocr_carea' id='block_1_10' title="bbox 313 1095 1901 1204">
    <p class='ocr_par' dir='ltr' id='par_1_10' title="bbox 313 1095 1901 1174">
     <span class='ocr_line' id='line_1_10' title="bbox 313 1095 1901 1174; baseline 0.006 -28"><span class='ocrx_word' id='word_1_64' title='bbox 313 1095 722 1163; x_wconf 77' lang='grc' dir='ltr'>γησάσϐωσαν</span> <span class='ocrx_word' id='word_1_65' title='bbox 751 1095 808 1148; x_wconf 75' lang='grc' dir='ltr'>δὲ</span> <span class='ocrx_word' id='word_1_66' title='bbox 837 1098 913 1165; x_wconf 83' lang='grc' dir='ltr'><strong>τῷ</strong></span> <span class='ocrx_word' id='word_1_67' title='bbox 943 1098 1168 1167; x_wconf 77' lang='grc' dir='ltr'>ὀνόματί</span> <span class='ocrx_word' id='word_1_68' title='bbox 1208 1115 1325 1161; x_wconf 88' lang='grc' dir='ltr'>σου,</span> <span class='ocrx_word' id='word_1_69' title='bbox 1378 1099 1452 1171; x_wconf 81' lang='grc' dir='ltr'><strong>μὴ</strong></span> <span class='ocrx_word' id='word_1_70' title='bbox 1486 1102 1901 1174; x_wconf 78' lang='grc' dir='ltr'>περιεργαζόμε</span> 
     </span>
    </p>
   </div>
   <div class='ocr_carea' id='block_1_11' title="bbox 2031 1095 3604 1204">
    <p class='ocr_par' dir='ltr' id='par_1_11' title="bbox 2035 1102 3604 1172">
     <span class='ocr_line' id='line_1_11' title="bbox 2035 1102 3604 1172; baseline -0.005 -9"><span class='ocrx_word' id='word_1_71' title='bbox 2035 1109 2402 1163; x_wconf 81' lang='lat' dir='ltr'><strong>conﬁteantur</strong></span> <span class='ocrx_word' id='word_1_72' title='bbox 2435 1106 2643 1161; x_wconf 90' lang='lat' dir='ltr'><strong>nomini</strong></span> <span class='ocrx_word' id='word_1_73' title='bbox 2693 1114 2809 1168; x_wconf 88' lang='lat' dir='ltr'><strong>tuo,</strong></span> <span class='ocrx_word' id='word_1_74' title='bbox 2846 1120 2956 1159; x_wconf 90' lang='lat' dir='ltr'><strong>non</strong></span> <span class='ocrx_word' id='word_1_75' title='bbox 3008 1104 3227 1159; x_wconf 81' lang='lat' dir='ltr'><strong>curiose</strong></span> <span class='ocrx_word' id='word_1_76' title='bbox 3261 1102 3604 1172; x_wconf 87' lang='lat' dir='ltr'><strong>inquirentes</strong></span> 
     </span>
    </p>
   </div>
   <div class='ocr_carea' id='block_1_12' title="bbox 314 1189 1901 1268">
    <p class='ocr_par' dir='ltr' id='par_1_12' title="bbox 314 1189 1854 1268">
     <span class='ocr_line' id='line_1_12' title="bbox 314 1189 1854 1268; baseline 0.008 -29"><span class='ocrx_word' id='word_1_77' title='bbox 314 1203 435 1241; x_wconf 77' lang='lat' dir='ltr'><strong>vos</strong></span> <span class='ocrx_word' id='word_1_78' title='bbox 460 1189 563 1256; x_wconf 72' lang='grc' dir='ltr'><strong>τὴν</strong></span> <span class='ocrx_word' id='word_1_79' title='bbox 593 1190 778 1259; x_wconf 76' lang='grc' dir='ltr'>φύσιν,</span> <span class='ocrx_word' id='word_1_80' title='bbox 806 1190 838 1262; x_wconf 70' lang='grc' dir='ltr'>ἢ</span> <span class='ocrx_word' id='word_1_81' title='bbox 870 1191 960 1243; x_wconf 82' lang='grc' dir='ltr'><strong>τὸν</strong></span> <span class='ocrx_word' id='word_1_82' title='bbox 992 1193 1193 1260; x_wconf 82' lang='grc' dir='ltr'><strong>τρόπον</strong></span> <span class='ocrx_word' id='word_1_83' title='bbox 1234 1192 1333 1263; x_wconf 79' lang='grc' dir='ltr'><strong>τῆς</strong></span> <span class='ocrx_word' id='word_1_84' title='bbox 1362 1196 1854 1268; x_wconf 78' lang='grc' dir='ltr'>ὲνανθρωπήσεως.</span> 
     </span>
    </p>
   </div>
   <div class='ocr_carea' id='block_1_13' title="bbox 2031 1189 3456 1268">
    <p class='ocr_par' dir='ltr' id='par_1_13' title="bbox 2034 1196 3456 1265">
     <span class='ocr_line' id='line_1_13' title="bbox 2034 1196 3456 1265; baseline -0.006 -10"><span class='ocrx_word' id='word_1_85' title='bbox 2034 1211 2285 1256; x_wconf 87' lang='lat' dir='ltr'><strong>naturam</strong></span> <span class='ocrx_word' id='word_1_86' title='bbox 2320 1209 2489 1265; x_wconf 90' lang='lat' dir='ltr'><strong>tuam,</strong></span> <span class='ocrx_word' id='word_1_87' title='bbox 2519 1213 2622 1253; x_wconf 88' lang='lat' dir='ltr'><strong>nec</strong></span> <span class='ocrx_word' id='word_1_88' title='bbox 2653 1196 2871 1252; x_wconf 89' lang='lat' dir='ltr'><strong>modum</strong></span> <span class='ocrx_word' id='word_1_89' title='bbox 2904 1196 3297 1251; x_wconf 83' lang='lat' dir='ltr'><strong>incarnationis</strong></span> <span class='ocrx_word' id='word_1_90' title='bbox 3325 1204 3456 1248; x_wconf 66' lang='lat' dir='ltr'><strong>tuae.</strong></span> 
     </span>
    </p>
   </div>
   <div class='ocr_carea' id='block_1_14' title="bbox 2106 1284 3599 1361">
    <p class='ocr_par' dir='ltr' id='par_1_14' title="bbox 2106 1284 3599 1361">
     <span class='ocr_line' id='line_1_14' title="bbox 2106 1284 3599 1361; baseline -0.007 -13"><span class='ocrx_word' id='word_1_91' title='bbox 2106 1295 2371 1361; x_wconf 84' lang='lat' dir='ltr'><strong>Quoniam</strong></span> <span class='ocrx_word' id='word_1_92' title='bbox 2410 1290 2700 1345; x_wconf 74' lang='lat' dir='ltr'><strong>timendum</strong></span> <span class='ocrx_word' id='word_1_93' title='bbox 2770 1299 2818 1343; x_wconf 82' lang='lat' dir='ltr'><strong>et</strong></span> <span class='ocrx_word' id='word_1_94' title='bbox 2842 1297 3086 1342; x_wconf 79' lang='lat' dir='ltr'><strong>sanctum</strong></span> <span class='ocrx_word' id='word_1_95' title='bbox 3124 1296 3224 1341; x_wconf 86' lang='lat' dir='ltr'><strong>est.</strong></span> <span class='ocrx_word' id='word_1_96' title='bbox 3272 1284 3599 1340; x_wconf 84' lang='lat' dir='ltr'><strong>Timendum</strong></span> 
     </span>
    </p>
   </div>
   <div class='ocr_carea' id='block_1_15' title="bbox 2034 1376 3599 1458">
    <p class='ocr_par' dir='ltr' id='par_1_15' title="bbox 2034 1376 3599 1458">
     <span class='ocr_line' id='line_1_15' title="bbox 2034 1376 3599 1458; baseline -0.008 -18"><span class='ocrx_word' id='word_1_97' title='bbox 2034 1387 2253 1458; x_wconf 88' lang='lat' dir='ltr'><strong>quidem</strong></span> <span class='ocrx_word' id='word_1_98' title='bbox 2294 1384 2555 1449; x_wconf 88' lang='lat' dir='ltr'><strong>inimicis,</strong></span> <span class='ocrx_word' id='word_1_99' title='bbox 2591 1383 2718 1436; x_wconf 90' lang='lat' dir='ltr'><strong>dum</strong></span> <span class='ocrx_word' id='word_1_100' title='bbox 2750 1396 2845 1435; x_wconf 91' lang='lat' dir='ltr'><strong>eos</strong></span> <span class='ocrx_word' id='word_1_101' title='bbox 2878 1380 3029 1448; x_wconf 88' lang='lat' dir='ltr'><strong>ejicit</strong></span> <span class='ocrx_word' id='word_1_102' title='bbox 3080 1386 3134 1432; x_wconf 85' lang='lat' dir='ltr'><strong>et</strong></span> <span class='ocrx_word' id='word_1_103' title='bbox 3164 1376 3431 1446; x_wconf 79' lang='lat' dir='ltr'><strong>ﬂagellat;</strong></span> <span class='ocrx_word' id='word_1_104' title='bbox 3468 1390 3599 1429; x_wconf 83' lang='lat' dir='ltr'><strong>san-</strong></span> 
     </span>
    </p>
   </div>
   <div class='ocr_carea' id='block_1_16' title="bbox 2034 1464 3601 1537">
    <p class='ocr_par' dir='ltr' id='par_1_16' title="bbox 2034 1464 3601 1537">
     <span class='ocr_line' id='line_1_16' title="bbox 2034 1464 3601 1537; baseline -0.013 -2"><span class='ocrx_word' id='word_1_105' title='bbox 2034 1488 2182 1536; x_wconf 88' lang='lat' dir='ltr'><strong>ctum</strong></span> <span class='ocrx_word' id='word_1_106' title='bbox 2212 1492 2341 1532; x_wconf 87' lang='lat' dir='ltr'><strong>vero</strong></span> <span class='ocrx_word' id='word_1_107' title='bbox 2370 1473 2688 1531; x_wconf 85' lang='lat' dir='ltr'><strong>domesticis</strong></span> <span class='ocrx_word' id='word_1_108' title='bbox 2722 1487 2786 1526; x_wconf 87' lang='lat' dir='ltr'><strong>ac</strong></span> <span class='ocrx_word' id='word_1_109' title='bbox 2824 1470 3129 1535; x_wconf 87' lang='lat' dir='ltr'><strong>benevolis,</strong></span> <span class='ocrx_word' id='word_1_110' title='bbox 3165 1482 3306 1537; x_wconf 87' lang='lat' dir='ltr'><strong>quos</strong></span> <span class='ocrx_word' id='word_1_111' title='bbox 3350 1464 3601 1521; x_wconf 84' lang='lat' dir='ltr'><strong>sanctili-</strong></span> 
     </span>
    </p>
   </div>
   <div class='ocr_carea' id='block_1_17' title="bbox 2033 1554 3600 1633">
    <p class='ocr_par' dir='ltr' id='par_1_17' title="bbox 2033 1554 3600 1633">
     <span class='ocr_line' id='line_1_17' title="bbox 2033 1554 3600 1633; baseline -0.013 -5"><span class='ocrx_word' id='word_1_112' title='bbox 2033 1584 2123 1629; x_wconf 78' lang='lat' dir='ltr'><strong>cat</strong></span> <span class='ocrx_word' id='word_1_113' title='bbox 2191 1579 2247 1625; x_wconf 89' lang='lat' dir='ltr'><strong>et</strong></span> <span class='ocrx_word' id='word_1_114' title='bbox 2282 1569 2528 1624; x_wconf 87' lang='lat' dir='ltr'><strong>mundat.</strong></span> <span class='ocrx_word' id='word_1_115' title='bbox 2583 1563 2673 1619; x_wconf 79' lang='lat' dir='ltr'><strong>Vel</strong></span> <span class='ocrx_word' id='word_1_116' title='bbox 2716 1565 2783 1619; x_wconf 92' lang='lat' dir='ltr'><strong>de</strong></span> <span class='ocrx_word' id='word_1_117' title='bbox 2825 1564 2945 1633; x_wconf 87' lang='lat' dir='ltr'><strong>ipso</strong></span> <span class='ocrx_word' id='word_1_118' title='bbox 2988 1562 3152 1616; x_wconf 89' lang='lat' dir='ltr'><strong>etiam</strong></span> <span class='ocrx_word' id='word_1_119' title='bbox 3204 1559 3425 1613; x_wconf 87' lang='lat' dir='ltr'><strong>nomine</strong></span> <span class='ocrx_word' id='word_1_120' title='bbox 3469 1554 3600 1611; x_wconf 84' lang='lat' dir='ltr'><strong>Jesu</strong></span> 
     </span>
    </p>
   </div>
   <div class='ocr_carea' id='block_1_18' title="bbox 421 1304 1929 1382">
    <p class='ocr_par' dir='ltr' id='par_1_18' title="bbox 421 1304 1929 1382">
     <span class='ocr_line' id='line_1_18' title="bbox 421 1304 1929 1382; baseline 0.007 -25"><span class='ocrx_word' id='word_1_121' title='bbox 421 1307 545 1358; x_wconf 86' lang='grc' dir='ltr'><strong>Ὅτι</strong></span> <span class='ocrx_word' id='word_1_122' title='bbox 573 1304 830 1373; x_wconf 69' lang='grc' dir='ltr'>φοϐερὸν</span> <span class='ocrx_word' id='word_1_123' title='bbox 888 1305 985 1359; x_wconf 74' lang='grc' dir='ltr'><strong>καὶ</strong></span> <span class='ocrx_word' id='word_1_124' title='bbox 1020 1306 1193 1373; x_wconf 78' lang='grc' dir='ltr'>ἅγιόν</span> <span class='ocrx_word' id='word_1_125' title='bbox 1218 1308 1370 1362; x_wconf 83' lang='grc' dir='ltr'>ἐστι.</span> <span class='ocrx_word' id='word_1_126' title='bbox 1404 1310 1637 1380; x_wconf 72' lang='grc' dir='ltr'>Φοεερδν</span> <span class='ocrx_word' id='word_1_127' title='bbox 1684 1311 1785 1382; x_wconf 85' lang='grc' dir='ltr'><strong>μὲν</strong></span> <span class='ocrx_word' id='word_1_128' title='bbox 1814 1315 1929 1376; x_wconf 86' lang='grc' dir='ltr'>τοῖς</span> 
     </span>
    </p>
   </div>
   <div class='ocr_carea' id='block_1_19' title="bbox 318 1394 1927 1473">
    <p class='ocr_par' dir='ltr' id='par_1_19' title="bbox 318 1394 1927 1473">
     <span class='ocr_line' id='line_1_19' title="bbox 318 1394 1927 1473; baseline 0.009 -26"><span class='ocrx_word' id='word_1_129' title='bbox 318 1397 590 1466; x_wconf 74' lang='grc' dir='ltr'>ἐχθροῖς,</span> <span class='ocrx_word' id='word_1_130' title='bbox 609 1394 833 1448; x_wconf 59' lang='lat' dir='ltr'><strong>sla?va</strong></span> <span class='ocrx_word' id='word_1_131' title='bbox 863 1398 957 1450; x_wconf 73' lang='grc' dir='ltr'>καὶ</span> <span class='ocrx_word' id='word_1_132' title='bbox 982 1399 1240 1465; x_wconf 79' lang='grc' dir='ltr'>μαστεζον</span> <span class='ocrx_word' id='word_1_133' title='bbox 1278 1402 1478 1466; x_wconf 83' lang='grc' dir='ltr'>αὐτούς</span> <span class='ocrx_word' id='word_1_134' title='bbox 1501 1420 1515 1435; x_wconf 76' lang='lat'>&#39;</span> <span class='ocrx_word' id='word_1_135' title='bbox 1549 1404 1706 1471; x_wconf 81' lang='grc' dir='ltr'>ἅγιον</span> <span class='ocrx_word' id='word_1_136' title='bbox 1738 1405 1793 1459; x_wconf 83' lang='grc' dir='ltr'>δὲ</span> <span class='ocrx_word' id='word_1_137' title='bbox 1815 1411 1927 1473; x_wconf 82' lang='grc' dir='ltr'>τοῖς</span> 
     </span>
    </p>
   </div>
   <div class='ocr_carea' id='block_1_20' title="bbox 666 1489 1927 1571">
    <p class='ocr_par' dir='ltr' id='par_1_20' title="bbox 666 1489 1927 1571">
     <span class='ocr_line' id='line_1_20' title="bbox 666 1489 1927 1571; baseline 0.013 -31"><span class='ocrx_word' id='word_1_138' title='bbox 666 1489 892 1557; x_wconf 75' lang='grc' dir='ltr'><strong>ἁγιάζον</strong></span> <span class='ocrx_word' id='word_1_139' title='bbox 924 1489 1019 1542; x_wconf 68' lang='grc' dir='ltr'>καὶ</span> <span class='ocrx_word' id='word_1_140' title='bbox 1070 1492 1334 1561; x_wconf 78' lang='grc' dir='ltr'>καθαῖρον</span> <span class='ocrx_word' id='word_1_141' title='bbox 1372 1495 1617 1561; x_wconf 80' lang='grc' dir='ltr'>τούτους.</span> <span class='ocrx_word' id='word_1_142' title='bbox 1652 1498 1726 1553; x_wconf 79' lang='grc' dir='ltr'>’Ἦ</span> <span class='ocrx_word' id='word_1_143' title='bbox 1752 1500 1927 1571; x_wconf 75' lang='grc' dir='ltr'>ὄνομα</span> 
     </span>
    </p>
   </div>
   <div class='ocr_carea' id='block_1_21' title="bbox 318 1578 1926 1663">
    <p class='ocr_par' dir='ltr' id='par_1_21' title="bbox 318 1578 1926 1663">
     <span class='ocr_line' id='line_1_21' title="bbox 318 1578 1926 1663; baseline 0.011 -34"><span class='ocrx_word' id='word_1_144' title='bbox 318 1578 520 1647; x_wconf 74' lang='grc' dir='ltr'>λέγει,</span> <span class='ocrx_word' id='word_1_145' title='bbox 555 1581 619 1634; x_wconf 75' lang='grc' dir='ltr'>τὸ</span> <span class='ocrx_word' id='word_1_146' title='bbox 650 1582 859 1650; x_wconf 75' lang='grc' dir='ltr'>Ἰησοῦς</span> <span class='ocrx_word' id='word_1_147' title='bbox 885 1597 898 1611; x_wconf 89' lang='grc'><strong>·</strong></span> <span class='ocrx_word' id='word_1_148' title='bbox 940 1582 1082 1651; x_wconf 83' lang='grc' dir='ltr'>μέγα</span> <span class='ocrx_word' id='word_1_149' title='bbox 1137 1585 1193 1638; x_wconf 84' lang='grc' dir='ltr'>δὲ</span> <span class='ocrx_word' id='word_1_150' title='bbox 1239 1585 1415 1654; x_wconf 81' lang='grc' dir='ltr'>τοῦτο,</span> <span class='ocrx_word' id='word_1_151' title='bbox 1456 1588 1531 1651; x_wconf 83' lang='grc' dir='ltr'><strong>ὡς</strong></span> <span class='ocrx_word' id='word_1_152' title='bbox 1565 1590 1795 1663; x_wconf 72' lang='grc' dir='ltr'>φοϐερὸν</span> <span class='ocrx_word' id='word_1_153' title='bbox 1830 1594 1926 1647; x_wconf 72' lang='grc' dir='ltr'>καὶ</span> 
     </span>
    </p>
   </div>
   <div class='ocr_carea' id='block_1_22' title="bbox 318 1490 609 1553">
    <p class='ocr_par' dir='ltr' id='par_1_22' title="bbox 318 1490 609 1553">
     <span class='ocr_line' id='line_1_22' title="bbox 318 1490 609 1553; baseline 0.003 -13"><span class='ocrx_word' id='word_1_154' title='bbox 318 1490 572 1553; x_wconf 62' lang='grc' dir='ltr'>οἰκείοις</span> <span class='ocrx_word' id='word_1_155' title='bbox 596 1507 609 1520; x_wconf 78' lang='grc'>⁸</span> 
     </span>
    </p>
   </div>
   <div class='ocr_carea' id='block_1_23' title="bbox 326 1675 1008 1747">
    <p class='ocr_par' dir='ltr' id='par_1_23' title="bbox 326 1675 1008 1747">
     <span class='ocr_line' id='line_1_23' title="bbox 326 1675 1008 1747; baseline 0.007 -21"><span class='ocrx_word' id='word_1_156' title='bbox 326 1675 529 1742; x_wconf 69' lang='grc' dir='ltr'>ἅγιον,</span> <span class='ocrx_word' id='word_1_157' title='bbox 566 1675 746 1738; x_wconf 80' lang='grc' dir='ltr'>καθὼς</span> <span class='ocrx_word' id='word_1_158' title='bbox 773 1675 1008 1747; x_wconf 70' lang='grc' dir='ltr'>εἴρηται.</span> 
     </span>
    </p>
   </div>
   <div class='ocr_carea' id='block_1_24' title="bbox 412 1876 1924 1978">
    <p class='ocr_par' dir='ltr' id='par_1_24' title="bbox 412 1876 1924 1978">
     <span class='ocr_line' id='line_1_24' title="bbox 412 1876 1924 1978; baseline 0.01 -49"><span class='ocrx_word' id='word_1_159' title='bbox 412 1878 528 1978; x_wconf 52' lang='lat' dir='ltr'><strong>fini</strong></span> <span class='ocrx_word' id='word_1_160' title='bbox 558 1876 695 1978; x_wconf 57' lang='lat' dir='ltr'><strong>riui]</strong></span> <span class='ocrx_word' id='word_1_161' title='bbox 725 1878 1034 1978; x_wconf 70' lang='grc' dir='ltr'>,ϐασιλέως</span> <span class='ocrx_word' id='word_1_162' title='bbox 1085 1881 1292 1947; x_wconf 79' lang='grc' dir='ltr'><strong>κρίσιν</strong></span> <span class='ocrx_word' id='word_1_163' title='bbox 1333 1883 1554 1953; x_wconf 75' lang='grc' dir='ltr'><strong>ἀγαπᾷ.</strong></span> <span class='ocrx_word' id='word_1_164' title='bbox 1598 1886 1671 1940; x_wconf 78' lang='grc' dir='ltr'><strong>Τὸ</strong></span> <span class='ocrx_word' id='word_1_165' title='bbox 1704 1888 1924 1960; x_wconf 78' lang='grc' dir='ltr'>ἀξίωμα</span> 
     </span>
    </p>
   </div>
   <div class='ocr_carea' id='block_1_25' title="bbox 326 1967 1919 2052">
    <p class='ocr_par' dir='ltr' id='par_1_25' title="bbox 326 1967 1919 2052">
     <span class='ocr_line' id='line_1_25' title="bbox 326 1967 1919 2052; baseline 0.011 -33"><span class='ocrx_word' id='word_1_166' title='bbox 326 1967 440 2019; x_wconf 78' lang='grc' dir='ltr'>τοῦ</span> <span class='ocrx_word' id='word_1_167' title='bbox 468 1967 754 2037; x_wconf 69' lang='grc' dir='ltr'>βασιλέως.</span> <span class='ocrx_word' id='word_1_168' title='bbox 787 1969 1137 2043; x_wconf 71' lang='grc' dir='ltr'>δικαιοσύνην</span> <span class='ocrx_word' id='word_1_169' title='bbox 1165 1974 1377 2045; x_wconf 73' lang='grc' dir='ltr'>ἀγαπᾷ.</span> <span class='ocrx_word' id='word_1_170' title='bbox 1412 1977 1503 2029; x_wconf 78' lang='grc' dir='ltr'>Διὸ</span> <span class='ocrx_word' id='word_1_171' title='bbox 1534 1977 1791 2052; x_wconf 81' lang='grc' dir='ltr'><strong>βοηθήσει</strong></span> <span class='ocrx_word' id='word_1_172' title='bbox 1820 1983 1919 2052; x_wconf 81' lang='grc' dir='ltr'>μὲν</span> 
     </span>
    </p>
   </div>
   <div class='ocr_carea' id='block_1_26' title="bbox 2032 1654 3601 1734">
    <p class='ocr_par' dir='ltr' id='par_1_26' title="bbox 2032 1654 3601 1734">
     <span class='ocr_line' id='line_1_26' title="bbox 2032 1654 3601 1734; baseline -0.012 -15"><span class='ocrx_word' id='word_1_173' title='bbox 2032 1662 2301 1734; x_wconf 83' lang='lat' dir='ltr'><strong>loquitur,</strong></span> <span class='ocrx_word' id='word_1_174' title='bbox 2332 1660 2479 1731; x_wconf 86' lang='lat' dir='ltr'><strong>quod</strong></span> <span class='ocrx_word' id='word_1_175' title='bbox 2519 1656 2819 1713; x_wconf 85' lang='lat' dir='ltr'><strong>timendum</strong></span> <span class='ocrx_word' id='word_1_176' title='bbox 2856 1654 3021 1710; x_wconf 80' lang='lat' dir='ltr'><strong>etiam</strong></span> <span class='ocrx_word' id='word_1_177' title='bbox 3053 1663 3106 1708; x_wconf 91' lang='lat' dir='ltr'><strong>et</strong></span> <span class='ocrx_word' id='word_1_178' title='bbox 3128 1660 3380 1708; x_wconf 89' lang='lat' dir='ltr'><strong>sanctum</strong></span> <span class='ocrx_word' id='word_1_179' title='bbox 3404 1657 3510 1713; x_wconf 89' lang='lat' dir='ltr'><strong>est,</strong></span> <span class='ocrx_word' id='word_1_180' title='bbox 3540 1655 3601 1700; x_wconf 87' lang='lat' dir='ltr'><strong>ut</strong></span> 
     </span>
    </p>
   </div>
   <div class='ocr_carea' id='block_1_27' title="bbox 2026 1756 2440 1827">
    <p class='ocr_par' dir='ltr' id='par_1_27' title="bbox 2026 1756 2440 1827">
     <span class='ocr_line' id='line_1_27' title="bbox 2026 1756 2440 1827; baseline -0.01 -16"><span class='ocrx_word' id='word_1_181' title='bbox 2026 1757 2136 1827; x_wconf 88' lang='lat' dir='ltr'><strong>jam</strong></span> <span class='ocrx_word' id='word_1_182' title='bbox 2176 1756 2440 1810; x_wconf 79' lang='lat' dir='ltr'><strong>diximus.</strong></span> 
     </span>
    </p>
   </div>
   <div class='ocr_carea' id='block_1_28' title="bbox 2106 1856 3601 1936">
    <p class='ocr_par' dir='ltr' id='par_1_28' title="bbox 2106 1856 3601 1936">
     <span class='ocr_line' id='line_1_28' title="bbox 2106 1856 3601 1936; baseline -0.015 -12"><span class='ocrx_word' id='word_1_183' title='bbox 2106 1870 2172 1924; x_wconf 87' lang='lat' dir='ltr'><strong>Et</strong></span> <span class='ocrx_word' id='word_1_184' title='bbox 2205 1870 2372 1923; x_wconf 84' lang='lat' dir='ltr'><strong>honor</strong></span> <span class='ocrx_word' id='word_1_185' title='bbox 2414 1867 2551 1936; x_wconf 87' lang='lat' dir='ltr'><strong>regis</strong></span> <span class='ocrx_word' id='word_1_186' title='bbox 2587 1863 2849 1932; x_wconf 85' lang='lat' dir='ltr'><strong>iudicium</strong></span> <span class='ocrx_word' id='word_1_187' title='bbox 2895 1858 3092 1930; x_wconf 81' lang='lat' dir='ltr'><strong>diligit.</strong></span> <span class='ocrx_word' id='word_1_188' title='bbox 3140 1856 3388 1926; x_wconf 79' lang='lat' dir='ltr'><strong>Dignitas</strong></span> <span class='ocrx_word' id='word_1_189' title='bbox 3435 1864 3601 1921; x_wconf 88' lang='lat' dir='ltr'><strong>atque</strong></span> 
     </span>
    </p>
   </div>
   <div class='ocr_carea' id='block_1_29' title="bbox 2031 1945 3600 2027">
    <p class='ocr_par' dir='ltr' id='par_1_29' title="bbox 2031 1945 3600 2027">
     <span class='ocr_line' id='line_1_29' title="bbox 2031 1945 3600 2027; baseline -0.015 -8"><span class='ocrx_word' id='word_1_190' title='bbox 2031 1964 2335 2019; x_wconf 79' lang='lat' dir='ltr'><strong>auctoritas</strong></span> <span class='ocrx_word' id='word_1_191' title='bbox 2385 1959 2532 2027; x_wconf 80' lang='lat' dir='ltr'><strong>regis</strong></span> <span class='ocrx_word' id='word_1_192' title='bbox 2586 1957 2762 2022; x_wconf 78' lang='lat' dir='ltr'><strong>diligit</strong></span> <span class='ocrx_word' id='word_1_193' title='bbox 2806 1951 3102 2023; x_wconf 86' lang='lat' dir='ltr'><strong>justitiam.</strong></span> <span class='ocrx_word' id='word_1_194' title='bbox 3161 1949 3339 2016; x_wconf 82' lang='lat' dir='ltr'><strong>Atque</strong></span> <span class='ocrx_word' id='word_1_195' title='bbox 3380 1945 3501 1999; x_wconf 91' lang='lat' dir='ltr'><strong>ideo</strong></span> <span class='ocrx_word' id='word_1_196' title='bbox 3542 1953 3600 1996; x_wconf 86' lang='lat' dir='ltr'><strong>et</strong></span> 
     </span>
    </p>
   </div>
   <div class='ocr_carea' id='block_1_30' title="bbox 330 2042 1901 2142">
    <p class='ocr_par' dir='ltr' id='par_1_30' title="bbox 330 2042 1901 2142">
     <span class='ocr_line' id='line_1_30' title="bbox 330 2042 1901 2142; baseline 0.013 -32"><span class='ocrx_word' id='word_1_197' title='bbox 330 2062 459 2121; x_wconf 78' lang='grc' dir='ltr'>τοῖς</span> <span class='ocrx_word' id='word_1_198' title='bbox 501 2060 989 2131; x_wconf 76' lang='grc' dir='ltr'>τυραννουμένοιςο</span> <span class='ocrx_word' id='word_1_199' title='bbox 1028 2042 1340 2120; x_wconf 23' lang='grc' dir='ltr'>καταϐαλεῖν</span> <span class='ocrx_word' id='word_1_200' title='bbox 1356 2068 1410 2121; x_wconf 85' lang='grc' dir='ltr'>δὲ</span> <span class='ocrx_word' id='word_1_201' title='bbox 1434 2042 1901 2142; x_wconf 33' lang='grc' dir='ltr'>τὸν-τυραννοῦντι</span> 
     </span>
    </p>
   </div>
   <div class='ocr_carea' id='block_1_31' title="bbox 2031 2042 3598 2142">
    <p class='ocr_par' dir='ltr' id='par_1_31' title="bbox 2031 2042 3598 2129">
     <span class='ocr_line' id='line_1_31' title="bbox 2031 2042 3598 2129; baseline -0.015 -16"><span class='ocrx_word' id='word_1_202' title='bbox 2031 2067 2229 2129; x_wconf 77' lang='lat' dir='ltr'><strong>praesto</strong></span> <span class='ocrx_word' id='word_1_203' title='bbox 2281 2057 2348 2110; x_wconf 90' lang='lat' dir='ltr'><strong>iis</strong></span> <span class='ocrx_word' id='word_1_204' title='bbox 2400 2052 2597 2117; x_wconf 89' lang='lat' dir='ltr'><strong>aderit,</strong></span> <span class='ocrx_word' id='word_1_205' title='bbox 2649 2050 2744 2121; x_wconf 86' lang='lat' dir='ltr'><strong>qui</strong></span> <span class='ocrx_word' id='word_1_206' title='bbox 2781 2046 3070 2118; x_wconf 76' lang='lat' dir='ltr'><strong>tyrannide</strong></span> <span class='ocrx_word' id='word_1_207' title='bbox 3102 2042 3514 2113; x_wconf 86' lang='lat' dir='ltr'><strong>opprimuntur,</strong></span> <span class='ocrx_word' id='word_1_208' title='bbox 3543 2042 3598 2090; x_wconf 87' lang='lat' dir='ltr'><strong>et</strong></span> 
     </span>
    </p>
   </div>
   <div class='ocr_carea' id='block_1_32' title="bbox 333 2151 616 2206">
    <p class='ocr_par' dir='ltr' id='par_1_32' title="bbox 333 2151 616 2206">
     <span class='ocr_line' id='line_1_32' title="bbox 333 2151 616 2206; baseline 0.007 -2"><span class='ocrx_word' id='word_1_209' title='bbox 333 2151 616 2206; x_wconf 69' lang='grc' dir='ltr'>διάϐολον.</span> 
     </span>
    </p>
   </div>
   <div class='ocr_carea' id='block_1_33' title="bbox 417 2261 1924 2346">
    <p class='ocr_par' dir='ltr' id='par_1_33' title="bbox 417 2261 1924 2346">
     <span class='ocr_line' id='line_1_33' title="bbox 417 2261 1924 2346; baseline 0.012 -32"><span class='ocrx_word' id='word_1_210' title='bbox 417 2261 501 2314; x_wconf 86' lang='grc' dir='ltr'><strong>Σὺ</strong></span> <span class='ocrx_word' id='word_1_211' title='bbox 519 2262 855 2330; x_wconf 74' lang='grc' dir='ltr'>ἡτοίμασας</span> <span class='ocrx_word' id='word_1_212' title='bbox 889 2267 1240 2338; x_wconf 77' lang='grc' dir='ltr'>εὐθύτητος.</span> <span class='ocrx_word' id='word_1_213' title='bbox 1275 2272 1348 2327; x_wconf 79' lang='grc' dir='ltr'>Σὺ</span> <span class='ocrx_word' id='word_1_214' title='bbox 1377 2272 1621 2337; x_wconf 80' lang='grc' dir='ltr'>δέδωκας</span> <span class='ocrx_word' id='word_1_215' title='bbox 1639 2275 1730 2328; x_wconf 69' lang='grc' dir='ltr'><strong>τδν</strong></span> <span class='ocrx_word' id='word_1_216' title='bbox 1756 2275 1924 2346; x_wconf 81' lang='grc' dir='ltr'>νόμον</span> 
     </span>
    </p>
   </div>
   <div class='ocr_carea' id='block_1_34' title="bbox 344 2348 1813 2428">
    <p class='ocr_par' dir='ltr' id='par_1_34' title="bbox 344 2348 1813 2428">
     <span class='ocr_line' id='line_1_34' title="bbox 344 2348 1813 2428; baseline 0.001 -22"><span class='ocrx_word' id='word_1_217' title='bbox 344 2370 446 2406; x_wconf 83' lang='grc' dir='ltr'><strong>σου</strong></span> <span class='ocrx_word' id='word_1_218' title='bbox 474 2354 534 2407; x_wconf 77' lang='grc' dir='ltr'>ἐν</span> <span class='ocrx_word' id='word_1_219' title='bbox 562 2348 606 2422; x_wconf 81' lang='grc' dir='ltr'>ᾧ</span> <span class='ocrx_word' id='word_1_220' title='bbox 644 2357 702 2409; x_wconf 76' lang='grc' dir='ltr'>αἱ</span> <span class='ocrx_word' id='word_1_221' title='bbox 735 2357 1052 2428; x_wconf 78' lang='grc' dir='ltr'>εὐθύτητες.</span> <span class='ocrx_word' id='word_1_222' title='bbox 1338 2382 1341 2387; x_wconf 83' lang='grc'><strong>·</strong></span> <span class='ocrx_word' id='word_1_223' title='bbox 1580 2388 1583 2389; x_wconf 53' lang='grc' dir='ltr'><strong>ν</strong></span> <span class='ocrx_word' id='word_1_224' title='bbox 1808 2392 1813 2395; x_wconf 58' lang='grc' dir='ltr'><strong>τ</strong></span> 
     </span>
    </p>
   </div>
   <div class='ocr_carea' id='block_1_35' title="bbox 414 2470 1924 2553">
    <p class='ocr_par' dir='ltr' id='par_1_35' title="bbox 414 2470 1924 2553">
     <span class='ocr_line' id='line_1_35' title="bbox 414 2470 1924 2553; baseline 0.01 -31"><span class='ocrx_word' id='word_1_225' title='bbox 414 2470 631 2538; x_wconf 80' lang='grc' dir='ltr'>Κρίσιν</span> <span class='ocrx_word' id='word_1_226' title='bbox 668 2471 766 2525; x_wconf 74' lang='grc' dir='ltr'><strong>καὶ</strong></span> <span class='ocrx_word' id='word_1_227' title='bbox 802 2473 1197 2542; x_wconf 80' lang='grc' dir='ltr'>δικαιοσύνην</span> <span class='ocrx_word' id='word_1_228' title='bbox 1216 2478 1286 2530; x_wconf 79' lang='grc' dir='ltr'><strong>ἐν</strong></span> <span class='ocrx_word' id='word_1_229' title='bbox 1326 2479 1535 2535; x_wconf 78' lang='grc' dir='ltr'><strong>Ἰακὼό</strong></span> <span class='ocrx_word' id='word_1_230' title='bbox 1609 2482 1692 2537; x_wconf 86' lang='grc' dir='ltr'><strong>σὺ</strong></span> <span class='ocrx_word' id='word_1_231' title='bbox 1720 2484 1924 2553; x_wconf 75' lang='grc' dir='ltr'><strong>ἐποίη-</strong></span> 
     </span>
    </p>
   </div>
   <div class='ocr_carea' id='block_1_36' title="bbox 342 2564 1923 2645">
    <p class='ocr_par' dir='ltr' id='par_1_36' title="bbox 342 2564 1923 2645">
     <span class='ocr_line' id='line_1_36' title="bbox 342 2564 1923 2645; baseline 0.01 -30"><span class='ocrx_word' id='word_1_232' title='bbox 342 2576 483 2628; x_wconf 82' lang='grc' dir='ltr'><strong>σας.</strong></span> <span class='ocrx_word' id='word_1_233' title='bbox 517 2564 591 2615; x_wconf 75' lang='grc' dir='ltr'>Τδ</span> <span class='ocrx_word' id='word_1_234' title='bbox 620 2564 751 2617; x_wconf 71' lang='grc' dir='ltr'>αὐτὸ</span> <span class='ocrx_word' id='word_1_235' title='bbox 777 2565 925 2633; x_wconf 73' lang='grc' dir='ltr'>λέγει</span> <span class='ocrx_word' id='word_1_236' title='bbox 981 2571 1338 2640; x_wconf 82' lang='grc' dir='ltr'>σαφέστερον.</span> <span class='ocrx_word' id='word_1_237' title='bbox 1371 2573 1445 2626; x_wconf 82' lang='grc' dir='ltr'>Σὺ</span> <span class='ocrx_word' id='word_1_238' title='bbox 1480 2576 1747 2645; x_wconf 76' lang='grc' dir='ltr'>ἐποίησας</span> <span class='ocrx_word' id='word_1_239' title='bbox 1777 2577 1923 2630; x_wconf 84' lang='grc' dir='ltr'>κατὰ</span> 
     </span>
    </p>
   </div>
   <div class='ocr_carea' id='block_1_37' title="bbox 345 2654 1921 2730">
    <p class='ocr_par' dir='ltr' id='par_1_37' title="bbox 345 2654 1921 2730">
     <span class='ocr_line' id='line_1_37' title="bbox 345 2654 1921 2730; baseline 0.011 -25"><span class='ocrx_word' id='word_1_240' title='bbox 345 2654 529 2725; x_wconf 71' lang='grc' dir='ltr'>κρίσιν</span> <span class='ocrx_word' id='word_1_241' title='bbox 555 2657 648 2707; x_wconf 66' lang='grc' dir='ltr'>καὶ</span> <span class='ocrx_word' id='word_1_242' title='bbox 674 2657 1046 2729; x_wconf 78' lang='grc' dir='ltr'>δικαιοσύνην,</span> <span class='ocrx_word' id='word_1_243' title='bbox 1082 2663 1139 2713; x_wconf 78' lang='grc' dir='ltr'>ὲν</span> <span class='ocrx_word' id='word_1_244' title='bbox 1167 2662 1246 2729; x_wconf 83' lang='grc' dir='ltr'>τῷ</span> <span class='ocrx_word' id='word_1_245' title='bbox 1284 2664 1432 2730; x_wconf 76' lang='grc' dir='ltr'>γένει</span> <span class='ocrx_word' id='word_1_246' title='bbox 1463 2667 1557 2720; x_wconf 77' lang='grc' dir='ltr'>τοῦ</span> <span class='ocrx_word' id='word_1_247' title='bbox 1602 2667 1798 2722; x_wconf 81' lang='grc' dir='ltr'><strong>Ἰακώϐ</strong></span> <span class='ocrx_word' id='word_1_248' title='bbox 1821 2687 1835 2700; x_wconf 76' lang='grc' dir='ltr'><strong>ο</strong></span> <span class='ocrx_word' id='word_1_249' title='bbox 1863 2670 1921 2723; x_wconf 81' lang='grc' dir='ltr'>ὲν</span> 
     </span>
    </p>
   </div>
   <div class='ocr_carea' id='block_1_38' title="bbox 341 2745 1635 2829">
    <p class='ocr_par' dir='ltr' id='par_1_38' title="bbox 341 2745 1635 2829">
     <span class='ocr_line' id='line_1_38' title="bbox 341 2745 1635 2829; baseline 0.012 -31"><span class='ocrx_word' id='word_1_250' title='bbox 341 2747 455 2809; x_wconf 80' lang='grc' dir='ltr'>τοῖς</span> <span class='ocrx_word' id='word_1_251' title='bbox 481 2745 849 2817; x_wconf 75' lang='grc' dir='ltr'><strong>Ἰσραηλίταις</strong></span> <span class='ocrx_word' id='word_1_252' title='bbox 875 2766 890 2782; x_wconf 87' lang='grc'><strong>·</strong></span> <span class='ocrx_word' id='word_1_253' title='bbox 922 2752 1012 2805; x_wconf 74' lang='grc' dir='ltr'>διὰ</span> <span class='ocrx_word' id='word_1_254' title='bbox 1039 2753 1133 2807; x_wconf 82' lang='grc' dir='ltr'>τοῦ</span> <span class='ocrx_word' id='word_1_255' title='bbox 1166 2754 1412 2823; x_wconf 79' lang='grc' dir='ltr'>δοθέντος</span> <span class='ocrx_word' id='word_1_256' title='bbox 1447 2759 1635 2829; x_wconf 85' lang='grc' dir='ltr'>νόμου.</span> 
     </span>
    </p>
   </div>
   <div class='ocr_carea' id='block_1_39' title="bbox 422 2950 1920 3040">
    <p class='ocr_par' dir='ltr' id='par_1_39' title="bbox 422 2950 1920 3040">
     <span class='ocr_line' id='line_1_39' title="bbox 422 2950 1920 3040; baseline 0.012 -36"><span class='ocrx_word' id='word_1_257' title='bbox 422 2950 672 3020; x_wconf 72' lang='grc' dir='ltr'>Ὑψοῦτε</span> <span class='ocrx_word' id='word_1_258' title='bbox 710 2955 934 3021; x_wconf 70' lang='grc' dir='ltr'>Κύριον</span> <span class='ocrx_word' id='word_1_259' title='bbox 982 2956 1090 3010; x_wconf 76' lang='grc' dir='ltr'><strong>τὸν</strong></span> <span class='ocrx_word' id='word_1_260' title='bbox 1125 2957 1274 3011; x_wconf 80' lang='grc' dir='ltr'>Θεὸν</span> <span class='ocrx_word' id='word_1_261' title='bbox 1303 2960 1491 3029; x_wconf 77' lang='grc' dir='ltr'><strong>ἡμῶν.</strong></span> <span class='ocrx_word' id='word_1_262' title='bbox 1534 2964 1744 3035; x_wconf 75' lang='grc' dir='ltr'>’Υψηλὰ</span> <span class='ocrx_word' id='word_1_263' title='bbox 1793 2969 1920 3040; x_wconf 77' lang='grc' dir='ltr'>περὶ</span> 
     </span>
    </p>
   </div>
   <div class='ocr_carea' id='block_1_40' title="bbox 342 3045 1920 3146">
    <p class='ocr_par' dir='ltr' id='par_1_40' title="bbox 342 3045 1920 3128">
     <span class='ocr_line' id='line_1_40' title="bbox 342 3045 1920 3128; baseline 0.009 -30"><span class='ocrx_word' id='word_1_264' title='bbox 342 3045 509 3098; x_wconf 78' lang='grc' dir='ltr'>αὐτοῦ</span> <span class='ocrx_word' id='word_1_265' title='bbox 537 3048 731 3101; x_wconf 78' lang='grc' dir='ltr'>νοεῖτε.</span> <span class='ocrx_word' id='word_1_266' title='bbox 785 3046 1014 3116; x_wconf 73' lang='grc' dir='ltr'>’Υψοῦτε</span> <span class='ocrx_word' id='word_1_267' title='bbox 1055 3051 1168 3113; x_wconf 81' lang='grc' dir='ltr'>τοῖς</span> <span class='ocrx_word' id='word_1_268' title='bbox 1211 3050 1402 3121; x_wconf 78' lang='grc' dir='ltr'>ὕμνοις</span> <span class='ocrx_word' id='word_1_269' title='bbox 1430 3070 1443 3084; x_wconf 83' lang='lat'><strong><em>°</em></strong></span> <span class='ocrx_word' id='word_1_270' title='bbox 1480 3053 1680 3121; x_wconf 72' lang='grc' dir='ltr'>ὑψοῦτε</span> <span class='ocrx_word' id='word_1_271' title='bbox 1722 3061 1786 3128; x_wconf 79' lang='grc' dir='ltr'>τῇ</span> <span class='ocrx_word' id='word_1_272' title='bbox 1819 3077 1920 3127; x_wconf 81' lang='grc' dir='ltr'><strong>φυ-</strong></span> 
     </span>
    </p>
   </div>
   <div class='ocr_carea' id='block_1_41' title="bbox 344 3137 1920 3213">
    <p class='ocr_par' dir='ltr' id='par_1_41' title="bbox 344 3137 1920 3213">
     <span class='ocr_line' id='line_1_41' title="bbox 344 3137 1920 3213; baseline 0.012 -28"><span class='ocrx_word' id='word_1_273' title='bbox 344 3137 479 3205; x_wconf 81' lang='grc' dir='ltr'><strong>λακῇ</strong></span> <span class='ocrx_word' id='word_1_274' title='bbox 524 3137 633 3189; x_wconf 84' lang='grc' dir='ltr'><strong>τῶν</strong></span> <span class='ocrx_word' id='word_1_275' title='bbox 676 3139 908 3190; x_wconf 76' lang='grc' dir='ltr'>ἐντολῶν</span> <span class='ocrx_word' id='word_1_276' title='bbox 938 3139 1126 3195; x_wconf 80' lang='grc' dir='ltr'>αὐτοῦ.</span> <span class='ocrx_word' id='word_1_277' title='bbox 1157 3143 1217 3195; x_wconf 78' lang='grc' dir='ltr'><strong>ΕΞ</strong></span> <span class='ocrx_word' id='word_1_278' title='bbox 1252 3145 1359 3213; x_wconf 81' lang='grc' dir='ltr'>γὰρ</span> <span class='ocrx_word' id='word_1_279' title='bbox 1390 3146 1476 3198; x_wconf 83' lang='grc' dir='ltr'>διὰ</span> <span class='ocrx_word' id='word_1_280' title='bbox 1504 3148 1631 3211; x_wconf 78' lang='grc' dir='ltr'>τοὺς</span> <span class='ocrx_word' id='word_1_281' title='bbox 1663 3149 1920 3204; x_wconf 79' lang='grc' dir='ltr'>ἀθετοῦν-</span> 
     </span>
    </p>
   </div>
   <div class='ocr_carea' id='block_1_42' title="bbox 341 3226 1915 3306">
    <p class='ocr_par' dir='ltr' id='par_1_42' title="bbox 341 3226 1915 3306">
     <span class='ocr_line' id='line_1_42' title="bbox 341 3226 1915 3306; baseline 0.01 -29"><span class='ocrx_word' id='word_1_282' title='bbox 341 3243 441 3287; x_wconf 76' lang='grc' dir='ltr'><strong>τας</strong></span> <span class='ocrx_word' id='word_1_283' title='bbox 496 3226 896 3298; x_wconf 71' lang='grc' dir='ltr'><strong>βλασφημεῖται</strong></span> <span class='ocrx_word' id='word_1_284' title='bbox 932 3230 991 3283; x_wconf 77' lang='grc' dir='ltr'>τὸ</span> <span class='ocrx_word' id='word_1_285' title='bbox 1046 3230 1220 3303; x_wconf 72' lang='grc' dir='ltr'>ὄνομα</span> <span class='ocrx_word' id='word_1_286' title='bbox 1247 3234 1415 3287; x_wconf 78' lang='grc' dir='ltr'>αὑτοῦ</span> <span class='ocrx_word' id='word_1_287' title='bbox 1453 3238 1508 3288; x_wconf 81' lang='grc' dir='ltr'>ὲν</span> <span class='ocrx_word' id='word_1_288' title='bbox 1560 3240 1671 3302; x_wconf 78' lang='grc' dir='ltr'>τοῖς</span> <span class='ocrx_word' id='word_1_289' title='bbox 1707 3240 1915 3306; x_wconf 76' lang='grc' dir='ltr'>ἔθνεσι,</span> 
     </span>
    </p>
   </div>
   <div class='ocr_carea' id='block_1_43' title="bbox 344 3315 1605 3395">
    <p class='ocr_par' dir='ltr' id='par_1_43' title="bbox 344 3315 1605 3395">
     <span class='ocr_line' id='line_1_43' title="bbox 344 3315 1605 3395; baseline 0.01 -25"><span class='ocrx_word' id='word_1_290' title='bbox 344 3315 569 3386; x_wconf 74' lang='grc' dir='ltr'>εὔδηλον</span> <span class='ocrx_word' id='word_1_291' title='bbox 592 3320 672 3373; x_wconf 80' lang='grc' dir='ltr'>ὅτι</span> <span class='ocrx_word' id='word_1_292' title='bbox 701 3320 787 3374; x_wconf 76' lang='grc' dir='ltr'>διὰ</span> <span class='ocrx_word' id='word_1_293' title='bbox 822 3322 1196 3392; x_wconf 80' lang='grc' dir='ltr'>φυλάσσοντας</span> <span class='ocrx_word' id='word_1_294' title='bbox 1223 3326 1605 3395; x_wconf 83' lang='grc' dir='ltr'>μεγαλύνεται.</span> 
     </span>
    </p>
   </div>
   <div class='ocr_carea' id='block_1_44' title="bbox 408 3611 1918 3685">
    <p class='ocr_par' dir='ltr' id='par_1_44' title="bbox 408 3611 1918 3685">
     <span class='ocr_line' id='line_1_44' title="bbox 408 3611 1918 3685; baseline 0.007 -17"><span class='ocrx_word' id='word_1_295' title='bbox 408 3611 516 3668; x_wconf 72' lang='grc' dir='ltr'><strong>Καὶ</strong></span> <span class='ocrx_word' id='word_1_296' title='bbox 550 3612 948 3680; x_wconf 79' lang='grc' dir='ltr'><strong>προσκυνεῖτε</strong></span> <span class='ocrx_word' id='word_1_297' title='bbox 976 3614 1057 3680; x_wconf 76' lang='grc' dir='ltr'>τῷ</span> <span class='ocrx_word' id='word_1_298' title='bbox 1082 3616 1393 3685; x_wconf 78' lang='grc' dir='ltr'><strong>ὑποποδίῳ</strong></span> <span class='ocrx_word' id='word_1_299' title='bbox 1429 3619 1549 3675; x_wconf 77' lang='grc' dir='ltr'><strong>τῶν</strong></span> <span class='ocrx_word' id='word_1_300' title='bbox 1580 3623 1783 3677; x_wconf 77' lang='grc' dir='ltr'>ποδῶν</span> <span class='ocrx_word' id='word_1_301' title='bbox 1814 3628 1918 3680; x_wconf 87' lang='grc' dir='ltr'><strong>αὐ-</strong></span> 
     </span>
    </p>
   </div>
   <div class='ocr_carea' id='block_1_45' title="bbox 336 3705 1913 3777">
    <p class='ocr_par' dir='ltr' id='par_1_45' title="bbox 336 3705 1913 3777">
     <span class='ocr_line' id='line_1_45' title="bbox 336 3705 1913 3777; baseline 0.001 -16"><span class='ocrx_word' id='word_1_302' title='bbox 336 3706 467 3761; x_wconf 80' lang='grc' dir='ltr'>τοῦ.</span> <span class='ocrx_word' id='word_1_303' title='bbox 504 3705 662 3759; x_wconf 78' lang='grc' dir='ltr'>Κατὰ</span> <span class='ocrx_word' id='word_1_304' title='bbox 696 3705 793 3775; x_wconf 85' lang='grc' dir='ltr'>μὲν</span> <span class='ocrx_word' id='word_1_305' title='bbox 839 3707 941 3776; x_wconf 82' lang='grc' dir='ltr'><strong>τὴν</strong></span> <span class='ocrx_word' id='word_1_306' title='bbox 975 3707 1206 3777; x_wconf 82' lang='grc' dir='ltr'>Θεότητα</span> <span class='ocrx_word' id='word_1_307' title='bbox 1246 3711 1541 3766; x_wconf 75' lang='grc' dir='ltr'>ὑποπόδιον</span> <span class='ocrx_word' id='word_1_308' title='bbox 1574 3715 1681 3767; x_wconf 83' lang='grc' dir='ltr'><strong>τῶν</strong></span> <span class='ocrx_word' id='word_1_309' title='bbox 1736 3719 1913 3772; x_wconf 76' lang='grc' dir='ltr'>ποδῶν</span> 
     </span>
    </p>
   </div>
   <div class='ocr_carea' id='block_1_46' title="bbox 335 3797 1910 3881">
    <p class='ocr_par' dir='ltr' id='par_1_46' title="bbox 335 3797 1910 3881">
     <span class='ocr_line' id='line_1_46' title="bbox 335 3797 1910 3881; baseline 0.007 -29"><span class='ocrx_word' id='word_1_310' title='bbox 335 3797 522 3861; x_wconf 77' lang='grc' dir='ltr'>αὑτοῦ,</span> <span class='ocrx_word' id='word_1_311' title='bbox 555 3800 587 3868; x_wconf 79' lang='grc' dir='ltr'>ἠ</span> <span class='ocrx_word' id='word_1_312' title='bbox 622 3799 725 3868; x_wconf 80' lang='grc' dir='ltr'><strong>γῆ·</strong></span> <span class='ocrx_word' id='word_1_313' title='bbox 769 3800 1038 3866; x_wconf 76' lang='grc' dir='ltr'><strong>Οὐρανός</strong></span> <span class='ocrx_word' id='word_1_314' title='bbox 1078 3819 1180 3870; x_wconf 85' lang='grc' dir='ltr'><strong>μοι</strong></span> <span class='ocrx_word' id='word_1_315' title='bbox 1213 3802 1341 3871; x_wconf 85' lang='grc' dir='ltr'>γὰρ,</span> <span class='ocrx_word' id='word_1_316' title='bbox 1377 3804 1536 3875; x_wconf 71' lang='grc' dir='ltr'>φησὶ,</span> <span class='ocrx_word' id='word_1_317' title='bbox 1588 3808 1820 3875; x_wconf 82' lang='grc' dir='ltr'><strong>θρόνος,</strong></span> <span class='ocrx_word' id='word_1_318' title='bbox 1872 3812 1910 3881; x_wconf 81' lang='grc' dir='ltr'>ἠ</span> 
     </span>
    </p>
   </div>
   <div class='ocr_carea' id='block_1_47' title="bbox 333 3891 1911 3974">
    <p class='ocr_par' dir='ltr' id='par_1_47' title="bbox 333 3891 1911 3974">
     <span class='ocr_line' id='line_1_47' title="bbox 333 3891 1911 3974; baseline 0.006 -29"><span class='ocrx_word' id='word_1_319' title='bbox 333 3891 401 3945; x_wconf 82' lang='grc' dir='ltr'>δὲ</span> <span class='ocrx_word' id='word_1_320' title='bbox 431 3891 530 3960; x_wconf 70' lang='grc' dir='ltr'>γῆ,</span> <span class='ocrx_word' id='word_1_321' title='bbox 559 3891 895 3945; x_wconf 73' lang='grc' dir='ltr'>ὑποπόδιον</span> <span class='ocrx_word' id='word_1_322' title='bbox 948 3891 1067 3944; x_wconf 77' lang='grc' dir='ltr'><strong>τῶν</strong></span> <span class='ocrx_word' id='word_1_323' title='bbox 1115 3893 1318 3947; x_wconf 79' lang='grc' dir='ltr'>ποδῶν</span> <span class='ocrx_word' id='word_1_324' title='bbox 1342 3913 1487 3964; x_wconf 83' lang='grc' dir='ltr'>μου.</span> <span class='ocrx_word' id='word_1_325' title='bbox 1528 3899 1684 3951; x_wconf 81' lang='grc' dir='ltr'>Κατὰ</span> <span class='ocrx_word' id='word_1_326' title='bbox 1712 3900 1769 3953; x_wconf 80' lang='grc' dir='ltr'>δὲ</span> <span class='ocrx_word' id='word_1_327' title='bbox 1814 3901 1911 3974; x_wconf 80' lang='grc' dir='ltr'>τὴν</span> 
     </span>
    </p>
   </div>
   <div class='ocr_carea' id='block_1_48' title="bbox 332 3983 1911 4061">
    <p class='ocr_par' dir='ltr' id='par_1_48' title="bbox 332 3983 1911 4061">
     <span class='ocr_line' id='line_1_48' title="bbox 332 3983 1911 4061; baseline 0.009 -25"><span class='ocrx_word' id='word_1_328' title='bbox 332 3983 728 4053; x_wconf 79' lang='grc' dir='ltr'>ἀνθρωπότητα</span> <span class='ocrx_word' id='word_1_329' title='bbox 761 3984 1053 4037; x_wconf 75' lang='grc' dir='ltr'>ὑποπόδιον</span> <span class='ocrx_word' id='word_1_330' title='bbox 1082 3985 1190 4038; x_wconf 77' lang='grc' dir='ltr'>τῶν</span> <span class='ocrx_word' id='word_1_331' title='bbox 1218 3988 1393 4041; x_wconf 81' lang='grc' dir='ltr'>ποδῶν</span> <span class='ocrx_word' id='word_1_332' title='bbox 1433 3990 1597 4044; x_wconf 77' lang='grc' dir='ltr'>αὐτοῦ</span> <span class='ocrx_word' id='word_1_333' title='bbox 1623 3992 1769 4061; x_wconf 84' lang='grc' dir='ltr'>λέγει</span> <span class='ocrx_word' id='word_1_334' title='bbox 1816 3994 1911 4050; x_wconf 82' lang='grc' dir='ltr'>νῦν</span> 
     </span>
    </p>
   </div>
   <div class='ocr_carea' id='block_1_49' title="bbox 330 4070 1908 4157">
    <p class='ocr_par' dir='ltr' id='par_1_49' title="bbox 330 4070 1908 4157">
     <span class='ocr_line' id='line_1_49' title="bbox 330 4070 1908 4157; baseline 0.008 -28"><span class='ocrx_word' id='word_1_335' title='bbox 330 4076 420 4131; x_wconf 75' lang='grc' dir='ltr'>τὸν</span> <span class='ocrx_word' id='word_1_336' title='bbox 444 4076 743 4145; x_wconf 77' lang='grc' dir='ltr'>Γολγοθᾶν,</span> <span class='ocrx_word' id='word_1_337' title='bbox 774 4077 833 4129; x_wconf 78' lang='grc' dir='ltr'>ἐν</span> <span class='ocrx_word' id='word_1_338' title='bbox 870 4070 913 4145; x_wconf 83' lang='grc' dir='ltr'>ᾧ</span> <span class='ocrx_word' id='word_1_339' title='bbox 941 4079 1262 4149; x_wconf 79' lang='grc' dir='ltr'>ἐσταυρώθη</span> <span class='ocrx_word' id='word_1_340' title='bbox 1286 4095 1300 4111; x_wconf 88' lang='grc'><strong>·</strong></span> <span class='ocrx_word' id='word_1_341' title='bbox 1337 4081 1368 4150; x_wconf 79' lang='grc' dir='ltr'>ἦ</span> <span class='ocrx_word' id='word_1_342' title='bbox 1404 4082 1499 4136; x_wconf 74' lang='grc' dir='ltr'>καὶ</span> <span class='ocrx_word' id='word_1_343' title='bbox 1527 4084 1617 4136; x_wconf 77' lang='grc' dir='ltr'><strong>τὸν</strong></span> <span class='ocrx_word' id='word_1_344' title='bbox 1652 4089 1908 4157; x_wconf 74' lang='grc' dir='ltr'>σταυρὸν,</span> 
     </span>
    </p>
   </div>
   <div class='ocr_carea' id='block_1_50' title="bbox 331 4163 1808 4245">
    <p class='ocr_par' dir='ltr' id='par_1_50' title="bbox 331 4163 1808 4245">
     <span class='ocr_line' id='line_1_50' title="bbox 331 4163 1808 4245; baseline 0.007 -24"><span class='ocrx_word' id='word_1_345' title='bbox 331 4168 416 4240; x_wconf 78' lang='grc' dir='ltr'><strong>ἐφ’</strong></span> <span class='ocrx_word' id='word_1_346' title='bbox 440 4163 503 4223; x_wconf 75' lang='grc' dir='ltr'>οὗ</span> <span class='ocrx_word' id='word_1_347' title='bbox 539 4169 776 4239; x_wconf 79' lang='grc' dir='ltr'>ἔστησαν</span> <span class='ocrx_word' id='word_1_348' title='bbox 796 4170 921 4232; x_wconf 72' lang='grc' dir='ltr'>τοὺς</span> <span class='ocrx_word' id='word_1_349' title='bbox 945 4169 1113 4233; x_wconf 75' lang='grc' dir='ltr'>πόδας</span> <span class='ocrx_word' id='word_1_350' title='bbox 1146 4169 1310 4224; x_wconf 79' lang='grc' dir='ltr'>αὐτοῦ</span> <span class='ocrx_word' id='word_1_351' title='bbox 1343 4174 1808 4245; x_wconf 79' lang='grc' dir='ltr'>προσηλωοέντος.</span> 
     </span>
    </p>
   </div>
   <div class='ocr_carea' id='block_1_51' title="bbox 398 4280 1907 4359">
    <p class='ocr_par' dir='ltr' id='par_1_51' title="bbox 398 4280 1907 4359">
     <span class='ocr_line' id='line_1_51' title="bbox 398 4280 1907 4359; baseline 0.008 -26"><span class='ocrx_word' id='word_1_352' title='bbox 398 4281 519 4333; x_wconf 84' lang='grc' dir='ltr'>Ὅτι</span> <span class='ocrx_word' id='word_1_353' title='bbox 554 4280 722 4351; x_wconf 78' lang='grc' dir='ltr'>ἅγιός</span> <span class='ocrx_word' id='word_1_354' title='bbox 775 4281 928 4336; x_wconf 82' lang='grc' dir='ltr'>ἐστι.</span> <span class='ocrx_word' id='word_1_355' title='bbox 978 4280 1077 4335; x_wconf 79' lang='grc' dir='ltr'><strong>Διὰ</strong></span> <span class='ocrx_word' id='word_1_356' title='bbox 1126 4281 1222 4352; x_wconf 83' lang='grc' dir='ltr'>τὴν</span> <span class='ocrx_word' id='word_1_357' title='bbox 1255 4283 1592 4351; x_wconf 82' lang='grc' dir='ltr'>ἁγιάζουσαν</span> <span class='ocrx_word' id='word_1_358' title='bbox 1655 4288 1907 4359; x_wconf 78' lang='grc' dir='ltr'>Θεότητα.</span> 
     </span>
    </p>
   </div>
   <div class='ocr_carea' id='block_1_52' title="bbox 332 4368 1908 4440">
    <p class='ocr_par' dir='ltr' id='par_1_52' title="bbox 332 4368 1908 4440">
     <span class='ocr_line' id='line_1_52' title="bbox 332 4368 1908 4440; baseline 0.008 -19"><span class='ocrx_word' id='word_1_359' title='bbox 332 4368 517 4438; x_wconf 69' lang='grc' dir='ltr'>Ἄγιος</span> <span class='ocrx_word' id='word_1_360' title='bbox 546 4371 602 4424; x_wconf 84' lang='grc' dir='ltr'>δὲ</span> <span class='ocrx_word' id='word_1_361' title='bbox 622 4370 697 4424; x_wconf 84' lang='grc' dir='ltr'><strong>ὢν</strong></span> <span class='ocrx_word' id='word_1_362' title='bbox 725 4371 923 4440; x_wconf 78' lang='grc' dir='ltr'>ήγίασε</span> <span class='ocrx_word' id='word_1_363' title='bbox 949 4372 1042 4424; x_wconf 74' lang='grc' dir='ltr'>καὶ</span> <span class='ocrx_word' id='word_1_364' title='bbox 1062 4371 1121 4424; x_wconf 73' lang='grc' dir='ltr'>τὸ</span> <span class='ocrx_word' id='word_1_365' title='bbox 1143 4372 1385 4426; x_wconf 84' lang='grc' dir='ltr'>τοιοῦτον</span> <span class='ocrx_word' id='word_1_366' title='bbox 1409 4374 1722 4436; x_wconf 79' lang='grc' dir='ltr'>ὑποπόδιον.</span> <span class='ocrx_word' id='word_1_367' title='bbox 1752 4381 1908 4437; x_wconf 80' lang='grc' dir='ltr'>Ἐπεὶ</span> 
     </span>
    </p>
   </div>
   <div class='ocr_carea' id='block_1_53' title="bbox 326 4461 1900 4531">
    <p class='ocr_par' dir='ltr' id='par_1_53' title="bbox 326 4461 1900 4531">
     <span class='ocr_line' id='line_1_53' title="bbox 326 4461 1900 4531; baseline 0.01 -16"><span class='ocrx_word' id='word_1_368' title='bbox 326 4463 378 4515; x_wconf 78' lang='grc' dir='ltr'>δὲ</span> <span class='ocrx_word' id='word_1_369' title='bbox 406 4462 554 4531; x_wconf 74' lang='grc' dir='ltr'>ἅγιοι</span> <span class='ocrx_word' id='word_1_370' title='bbox 606 4461 854 4530; x_wconf 77' lang='grc' dir='ltr'>λέγονται</span> <span class='ocrx_word' id='word_1_371' title='bbox 892 4464 986 4515; x_wconf 68' lang='grc' dir='ltr'>καὶ</span> <span class='ocrx_word' id='word_1_372' title='bbox 1015 4464 1064 4516; x_wconf 78' lang='grc' dir='ltr'><strong>οἱ</strong></span> <span class='ocrx_word' id='word_1_373' title='bbox 1094 4463 1318 4529; x_wconf 75' lang='grc' dir='ltr'>δίκαιοι,</span> <span class='ocrx_word' id='word_1_374' title='bbox 1358 4466 1633 4524; x_wconf 82' lang='grc' dir='ltr'>δείκνυσιν</span> <span class='ocrx_word' id='word_1_375' title='bbox 1681 4475 1807 4529; x_wconf 87' lang='grc' dir='ltr'>ὅσον</span> <span class='ocrx_word' id='word_1_376' title='bbox 1838 4477 1900 4530; x_wconf 81' lang='grc' dir='ltr'><strong>τὸ</strong></span> 
     </span>
    </p>
   </div>
   <div class='ocr_carea' id='block_1_54' title="bbox 324 4552 1817 4625">
    <p class='ocr_par' dir='ltr' id='par_1_54' title="bbox 324 4552 1817 4625">
     <span class='ocr_line' id='line_1_54' title="bbox 324 4552 1817 4625; baseline 0.005 -18"><span class='ocrx_word' id='word_1_377' title='bbox 324 4554 417 4607; x_wconf 77' lang='grc' dir='ltr'>τοῦ</span> <span class='ocrx_word' id='word_1_378' title='bbox 439 4554 679 4624; x_wconf 79' lang='grc' dir='ltr'>Χριστοῦ</span> <span class='ocrx_word' id='word_1_379' title='bbox 722 4555 856 4625; x_wconf 59' lang='grc' dir='ltr'>πρὶς</span> <span class='ocrx_word' id='word_1_380' title='bbox 879 4554 1076 4617; x_wconf 69' lang='grc' dir='ltr'>αὐτοὺς</span> <span class='ocrx_word' id='word_1_381' title='bbox 1106 4554 1384 4625; x_wconf 77' lang='grc' dir='ltr'>διάφορον.</span> <span class='ocrx_word' id='word_1_382' title='bbox 1812 4552 1817 4557; x_wconf 49' lang='grc'><em>’</em></span> 
     </span>
    </p>
   </div>
   <div class='ocr_carea' id='block_1_55' title="bbox 2029 2135 3359 2222">
    <p class='ocr_par' dir='ltr' id='par_1_55' title="bbox 2029 2135 3359 2222">
     <span class='ocr_line' id='line_1_55' title="bbox 2029 2135 3359 2222; baseline -0.018 -14"><span class='ocrx_word' id='word_1_383' title='bbox 2029 2153 2209 2222; x_wconf 89' lang='lat' dir='ltr'><strong>ipsum</strong></span> <span class='ocrx_word' id='word_1_384' title='bbox 2244 2149 2407 2203; x_wconf 89' lang='lat' dir='ltr'><strong>etiam</strong></span> <span class='ocrx_word' id='word_1_385' title='bbox 2434 2154 2727 2218; x_wconf 87' lang='lat' dir='ltr'><strong>tyrannum</strong></span> <span class='ocrx_word' id='word_1_386' title='bbox 2754 2139 3054 2195; x_wconf 60' lang='lat' dir='ltr'><strong>damonem</strong></span> <span class='ocrx_word' id='word_1_387' title='bbox 3090 2135 3359 2189; x_wconf 85' lang='lat' dir='ltr'><strong>destruet.</strong></span> 
     </span>
    </p>
   </div>
   <div class='ocr_carea' id='block_1_56' title="bbox 2104 2242 3598 2330">
    <p class='ocr_par' dir='ltr' id='par_1_56' title="bbox 2104 2242 3598 2330">
     <span class='ocr_line' id='line_1_56' title="bbox 2104 2242 3598 2330; baseline -0.017 -10"><span class='ocrx_word' id='word_1_388' title='bbox 2104 2266 2268 2320; x_wconf 76' lang='lat' dir='ltr'><strong>Vsus.</strong></span> <span class='ocrx_word' id='word_1_389' title='bbox 2312 2263 2368 2319; x_wconf 72' lang='grc'><strong>4.</strong></span> <span class='ocrx_word' id='word_1_390' title='bbox 2400 2261 2477 2315; x_wconf 88' lang='lat' dir='ltr'><strong>Tu</strong></span> <span class='ocrx_word' id='word_1_391' title='bbox 2508 2257 2712 2330; x_wconf 83' lang='lat' dir='ltr'><strong>parasti</strong></span> <span class='ocrx_word' id='word_1_392' title='bbox 2744 2254 3077 2308; x_wconf 77' lang='lat' dir='ltr'><strong>directiones.</strong></span> <span class='ocrx_word' id='word_1_393' title='bbox 3138 2246 3218 2301; x_wconf 88' lang='lat' dir='ltr'><strong>Tu</strong></span> <span class='ocrx_word' id='word_1_394' title='bbox 3268 2246 3442 2315; x_wconf 70' lang='lat' dir='ltr'><strong>legem</strong></span> <span class='ocrx_word' id='word_1_395' title='bbox 3505 2242 3598 2297; x_wconf 86' lang='lat' dir='ltr'><strong>de-</strong></span> 
     </span>
    </p>
   </div>
   <div class='ocr_carea' id='block_1_57' title="bbox 2026 2340 3452 2428">
    <p class='ocr_par' dir='ltr' id='par_1_57' title="bbox 2026 2340 3452 2428">
     <span class='ocr_line' id='line_1_57' title="bbox 2026 2340 3452 2428; baseline -0.018 -11"><span class='ocrx_word' id='word_1_396' title='bbox 2026 2362 2176 2425; x_wconf 90' lang='lat' dir='ltr'><strong>disti,</strong></span> <span class='ocrx_word' id='word_1_397' title='bbox 2210 2361 2263 2414; x_wconf 89' lang='lat' dir='ltr'><strong>in</strong></span> <span class='ocrx_word' id='word_1_398' title='bbox 2295 2370 2398 2428; x_wconf 87' lang='lat' dir='ltr'><strong>qua</strong></span> <span class='ocrx_word' id='word_1_399' title='bbox 2429 2352 2764 2409; x_wconf 82' lang='lat' dir='ltr'><strong>directiones</strong></span> <span class='ocrx_word' id='word_1_400' title='bbox 2791 2355 2923 2403; x_wconf 83' lang='lat' dir='ltr'><strong>sunt</strong></span> <span class='ocrx_word' id='word_1_401' title='bbox 2979 2352 3034 2401; x_wconf 90' lang='lat' dir='ltr'><strong>et</strong></span> <span class='ocrx_word' id='word_1_402' title='bbox 3068 2340 3452 2411; x_wconf 75' lang='lat' dir='ltr'><strong>rectitudincs.</strong></span> 
     </span>
    </p>
   </div>
   <div class='ocr_carea' id='block_1_58' title="bbox 2096 2448 3595 2536">
    <p class='ocr_par' dir='ltr' id='par_1_58' title="bbox 2096 2448 3595 2536">
     <span class='ocr_line' id='line_1_58' title="bbox 2096 2448 3595 2536; baseline -0.019 -8"><span class='ocrx_word' id='word_1_403' title='bbox 2096 2472 2372 2528; x_wconf 71' lang='lat' dir='ltr'><strong>Iudicium</strong></span> <span class='ocrx_word' id='word_1_404' title='bbox 2419 2475 2468 2523; x_wconf 83' lang='lat' dir='ltr'><strong>et</strong></span> <span class='ocrx_word' id='word_1_405' title='bbox 2504 2464 2783 2536; x_wconf 76' lang='lat' dir='ltr'><strong>justitiam</strong></span> <span class='ocrx_word' id='word_1_406' title='bbox 2814 2463 2869 2514; x_wconf 90' lang='lat' dir='ltr'><strong>in</strong></span> <span class='ocrx_word' id='word_1_407' title='bbox 2902 2456 3071 2513; x_wconf 83' lang='lat' dir='ltr'><strong>Jaeob</strong></span> <span class='ocrx_word' id='word_1_408' title='bbox 3114 2465 3171 2510; x_wconf 90' lang='lat' dir='ltr'><strong>tu</strong></span> <span class='ocrx_word' id='word_1_409' title='bbox 3198 2451 3392 2523; x_wconf 80' lang='lat' dir='ltr'><strong>fecisti.</strong></span> <span class='ocrx_word' id='word_1_410' title='bbox 3449 2448 3595 2503; x_wconf 80' lang='lat' dir='ltr'><strong>Idem</strong></span> 
     </span>
    </p>
   </div>
   <div class='ocr_carea' id='block_1_59' title="bbox 2026 2540 3592 2623">
    <p class='ocr_par' dir='ltr' id='par_1_59' title="bbox 2026 2540 3592 2623">
     <span class='ocr_line' id='line_1_59' title="bbox 2026 2540 3592 2623; baseline -0.02 -1"><span class='ocrx_word' id='word_1_411' title='bbox 2026 2582 2171 2622; x_wconf 87' lang='lat' dir='ltr'><strong>nunc</strong></span> <span class='ocrx_word' id='word_1_412' title='bbox 2209 2574 2262 2619; x_wconf 90' lang='lat' dir='ltr'><strong>et</strong></span> <span class='ocrx_word' id='word_1_413' title='bbox 2295 2549 2646 2616; x_wconf 72' lang='lat' dir='ltr'><strong>manifestius</strong></span> <span class='ocrx_word' id='word_1_414' title='bbox 2678 2551 2900 2623; x_wconf 84' lang='lat' dir='ltr'><strong>repetit.</strong></span> <span class='ocrx_word' id='word_1_415' title='bbox 2937 2549 3047 2614; x_wconf 82' lang='lat' dir='ltr'><strong>Tu,</strong></span> <span class='ocrx_word' id='word_1_416' title='bbox 3080 2546 3286 2616; x_wconf 88' lang='lat' dir='ltr'><strong>inquit,</strong></span> <span class='ocrx_word' id='word_1_417' title='bbox 3323 2540 3592 2612; x_wconf 82' lang='lat' dir='ltr'><strong>judicium</strong></span> 
     </span>
    </p>
   </div>
   <div class='ocr_carea' id='block_1_60' title="bbox 2027 2632 3595 2723">
    <p class='ocr_par' dir='ltr' id='par_1_60' title="bbox 2027 2632 3595 2723">
     <span class='ocr_line' id='line_1_60' title="bbox 2027 2632 3595 2723; baseline -0.019 -10"><span class='ocrx_word' id='word_1_418' title='bbox 2027 2651 2577 2723; x_wconf 82' lang='lat' dir='ltr'><strong>fecistietjustitiam</strong></span> <span class='ocrx_word' id='word_1_419' title='bbox 2606 2647 2660 2702; x_wconf 90' lang='lat' dir='ltr'><strong>in</strong></span> <span class='ocrx_word' id='word_1_420' title='bbox 2715 2642 3073 2716; x_wconf 72' lang='lat' dir='ltr'><strong>generatione</strong></span> <span class='ocrx_word' id='word_1_421' title='bbox 3122 2636 3318 2699; x_wconf 81' lang='lat' dir='ltr'><strong>Jacob,</strong></span> <span class='ocrx_word' id='word_1_422' title='bbox 3368 2635 3423 2688; x_wconf 90' lang='lat' dir='ltr'><strong>in</strong></span> <span class='ocrx_word' id='word_1_423' title='bbox 3458 2632 3595 2701; x_wconf 89' lang='lat' dir='ltr'><strong>ipso</strong></span> 
     </span>
    </p>
   </div>
   <div class='ocr_carea' id='block_1_61' title="bbox 2025 2725 3591 2810">
    <p class='ocr_par' dir='ltr' id='par_1_61' title="bbox 2025 2725 3591 2810">
     <span class='ocr_line' id='line_1_61' title="bbox 2025 2725 3591 2810; baseline -0.02 -3"><span class='ocrx_word' id='word_1_424' title='bbox 2025 2749 2237 2807; x_wconf 89' lang='lat' dir='ltr'><strong>scilicet</strong></span> <span class='ocrx_word' id='word_1_425' title='bbox 2282 2742 2582 2802; x_wconf 87' lang='lat' dir='ltr'><strong>Israelitico</strong></span> <span class='ocrx_word' id='word_1_426' title='bbox 2630 2739 2867 2810; x_wconf 89' lang='lat' dir='ltr'><strong>populo,</strong></span> <span class='ocrx_word' id='word_1_427' title='bbox 2910 2742 3080 2804; x_wconf 84' lang='lat' dir='ltr'><strong>atque</strong></span> <span class='ocrx_word' id='word_1_428' title='bbox 3122 2731 3226 2785; x_wconf 90' lang='lat' dir='ltr'><strong>hoc</strong></span> <span class='ocrx_word' id='word_1_429' title='bbox 3272 2742 3367 2799; x_wconf 87' lang='lat' dir='ltr'><strong>per</strong></span> <span class='ocrx_word' id='word_1_430' title='bbox 3416 2725 3591 2796; x_wconf 76' lang='lat' dir='ltr'><strong>legem</strong></span> 
     </span>
    </p>
   </div>
   <div class='ocr_carea' id='block_1_62' title="bbox 2024 2842 2235 2899">
    <p class='ocr_par' dir='ltr' id='par_1_62' title="bbox 2024 2842 2235 2899">
     <span class='ocr_line' id='line_1_62' title="bbox 2024 2842 2235 2899; baseline -0.024 0"><span class='ocrx_word' id='word_1_431' title='bbox 2024 2842 2235 2899; x_wconf 87' lang='lat' dir='ltr'><strong>datam.</strong></span> 
     </span>
    </p>
   </div>
   <div class='ocr_carea' id='block_1_63' title="bbox 2101 2938 3591 3010">
    <p class='ocr_par' dir='ltr' id='par_1_63' title="bbox 2101 2938 3591 3010">
     <span class='ocr_line' id='line_1_63' title="bbox 2101 2938 3591 3010; baseline -0.017 0"><span class='ocrx_word' id='word_1_432' title='bbox 2101 2954 2262 3010; x_wconf 72' lang='lat' dir='ltr'><strong>Vsus.</strong></span> <span class='ocrx_word' id='word_1_433' title='bbox 2322 2952 2376 3006; x_wconf 75' lang='lat'><strong>5.</strong></span> <span class='ocrx_word' id='word_1_434' title='bbox 2436 2949 2697 3002; x_wconf 73' lang='lat' dir='ltr'><strong>Exaltate</strong></span> <span class='ocrx_word' id='word_1_435' title='bbox 2756 2942 3041 2998; x_wconf 86' lang='lat' dir='ltr'><strong>Dominum</strong></span> <span class='ocrx_word' id='word_1_436' title='bbox 3106 2938 3273 2991; x_wconf 83' lang='lat' dir='ltr'><strong>Deum</strong></span> <span class='ocrx_word' id='word_1_437' title='bbox 3324 2941 3591 2987; x_wconf 87' lang='lat' dir='ltr'><strong>nostrum.</strong></span> 
     </span>
    </p>
   </div>
   <div class='ocr_carea' id='block_1_64' title="bbox 2024 3024 3591 3106">
    <p class='ocr_par' dir='ltr' id='par_1_64' title="bbox 2024 3024 3591 3106">
     <span class='ocr_line' id='line_1_64' title="bbox 2024 3024 3591 3106; baseline -0.018 -3"><span class='ocrx_word' id='word_1_438' title='bbox 2024 3047 2148 3103; x_wconf 85' lang='lat' dir='ltr'><strong>Alta</strong></span> <span class='ocrx_word' id='word_1_439' title='bbox 2195 3060 2259 3099; x_wconf 91' lang='lat' dir='ltr'><strong>ac</strong></span> <span class='ocrx_word' id='word_1_440' title='bbox 2297 3042 2552 3099; x_wconf 82' lang='lat' dir='ltr'><strong>sublimia</strong></span> <span class='ocrx_word' id='word_1_441' title='bbox 2600 3041 2668 3093; x_wconf 91' lang='lat' dir='ltr'><strong>de</strong></span> <span class='ocrx_word' id='word_1_442' title='bbox 2705 3038 2801 3092; x_wconf 92' lang='lat' dir='ltr'><strong>illo</strong></span> <span class='ocrx_word' id='word_1_443' title='bbox 2838 3034 3096 3106; x_wconf 77' lang='lat' dir='ltr'><strong>cOgitate.</strong></span> <span class='ocrx_word' id='word_1_444' title='bbox 3136 3029 3379 3083; x_wconf 83' lang='lat' dir='ltr'><strong>Exaltate</strong></span> <span class='ocrx_word' id='word_1_445' title='bbox 3425 3024 3591 3079; x_wconf 87' lang='lat' dir='ltr'><strong>etiam</strong></span> 
     </span>
    </p>
   </div>
   <div class='ocr_carea' id='block_1_65' title="bbox 2022 3117 3594 3209">
    <p class='ocr_par' dir='ltr' id='par_1_65' title="bbox 2022 3117 3594 3209">
     <span class='ocr_line' id='line_1_65' title="bbox 2022 3117 3594 3209; baseline -0.015 -18"><span class='ocrx_word' id='word_1_446' title='bbox 2022 3136 2241 3209; x_wconf 83' lang='lat' dir='ltr'><strong>hymnis</strong></span> <span class='ocrx_word' id='word_1_447' title='bbox 2268 3149 2329 3189; x_wconf 89' lang='lat' dir='ltr'><strong>ac</strong></span> <span class='ocrx_word' id='word_1_448' title='bbox 2360 3131 2635 3195; x_wconf 84' lang='lat' dir='ltr'><strong>laudibus,</strong></span> <span class='ocrx_word' id='word_1_449' title='bbox 2676 3127 2916 3183; x_wconf 81' lang='lat' dir='ltr'><strong>exaltate</strong></span> <span class='ocrx_word' id='word_1_450' title='bbox 2982 3120 3362 3177; x_wconf 84' lang='lat' dir='ltr'><strong>mandatorum</strong></span> <span class='ocrx_word' id='word_1_451' title='bbox 3403 3117 3594 3170; x_wconf 87' lang='lat' dir='ltr'><strong>obser-</strong></span> 
     </span>
    </p>
   </div>
   <div class='ocr_carea' id='block_1_66' title="bbox 2020 3208 3592 3288">
    <p class='ocr_par' dir='ltr' id='par_1_66' title="bbox 2020 3208 3592 3288">
     <span class='ocr_line' id='line_1_66' title="bbox 2020 3208 3592 3288; baseline -0.015 -6"><span class='ocrx_word' id='word_1_452' title='bbox 2020 3208 2262 3282; x_wconf 77' lang='lat' dir='ltr'><strong>vatione.</strong></span> <span class='ocrx_word' id='word_1_453' title='bbox 2293 3225 2349 3279; x_wconf 89' lang='lat' dir='ltr'><strong>Si</strong></span> <span class='ocrx_word' id='word_1_454' title='bbox 2385 3226 2530 3278; x_wconf 86' lang='lat' dir='ltr'><strong>enim</strong></span> <span class='ocrx_word' id='word_1_455' title='bbox 2575 3217 2948 3288; x_wconf 85' lang='lat' dir='ltr'><strong>blasphemari</strong></span> <span class='ocrx_word' id='word_1_456' title='bbox 2981 3214 3181 3270; x_wconf 90' lang='lat' dir='ltr'><strong>dicitur</strong></span> <span class='ocrx_word' id='word_1_457' title='bbox 3232 3212 3286 3264; x_wconf 90' lang='lat' dir='ltr'><strong>in</strong></span> <span class='ocrx_word' id='word_1_458' title='bbox 3333 3208 3592 3280; x_wconf 74' lang='lat' dir='ltr'><strong>gentibus</strong></span> 
     </span>
    </p>
   </div>
   <div class='ocr_carea' id='block_1_67' title="bbox 2023 3300 3592 3388">
    <p class='ocr_par' dir='ltr' id='par_1_67' title="bbox 2023 3300 3592 3388">
     <span class='ocr_line' id='line_1_67' title="bbox 2023 3300 3592 3388; baseline -0.014 -16"><span class='ocrx_word' id='word_1_459' title='bbox 2023 3320 2165 3374; x_wconf 90' lang='lat' dir='ltr'><strong>Deus</strong></span> <span class='ocrx_word' id='word_1_460' title='bbox 2211 3326 2435 3388; x_wconf 85' lang='lat' dir='ltr'><strong>propter</strong></span> <span class='ocrx_word' id='word_1_461' title='bbox 2483 3328 2578 3369; x_wconf 85' lang='lat' dir='ltr'><strong>eos</strong></span> <span class='ocrx_word' id='word_1_462' title='bbox 2618 3312 2710 3381; x_wconf 85' lang='lat' dir='ltr'><strong>qui</strong></span> <span class='ocrx_word' id='word_1_463' title='bbox 2758 3310 2941 3363; x_wconf 88' lang='lat' dir='ltr'><strong>divina</strong></span> <span class='ocrx_word' id='word_1_464' title='bbox 2992 3310 3266 3375; x_wconf 88' lang='lat' dir='ltr'><strong>spernunt</strong></span> <span class='ocrx_word' id='word_1_465' title='bbox 3312 3300 3592 3363; x_wconf 86' lang='lat' dir='ltr'><strong>mandata,</strong></span> 
     </span>
    </p>
   </div>
   <div class='ocr_carea' id='block_1_68' title="bbox 1942 3391 3592 3482">
    <p class='ocr_par' dir='ltr' id='par_1_68' title="bbox 1942 3391 3592 3482">
     <span class='ocr_line' id='line_1_68' title="bbox 1942 3391 3592 3482; baseline -0.015 -14"><span class='ocrx_word' id='word_1_466' title='bbox 1942 3416 1984 3473; x_wconf 90' lang='lat' dir='ltr'><strong>C</strong></span> <span class='ocrx_word' id='word_1_467' title='bbox 2020 3411 2368 3482; x_wconf 84' lang='lat' dir='ltr'><strong>perspicuum</strong></span> <span class='ocrx_word' id='word_1_468' title='bbox 2421 3407 2499 3468; x_wconf 79' lang='lat' dir='ltr'><strong>ﬁt,</strong></span> <span class='ocrx_word' id='word_1_469' title='bbox 2527 3404 2671 3475; x_wconf 90' lang='lat' dir='ltr'><strong>quod</strong></span> <span class='ocrx_word' id='word_1_470' title='bbox 2731 3410 2923 3454; x_wconf 88' lang='lat' dir='ltr'><strong>contra</strong></span> <span class='ocrx_word' id='word_1_471' title='bbox 3016 3393 3358 3466; x_wconf 76' lang='lat' dir='ltr'><strong>ntagnitlcari</strong></span> <span class='ocrx_word' id='word_1_472' title='bbox 3387 3391 3592 3447; x_wconf 90' lang='lat' dir='ltr'><strong>dicitur</strong></span> 
     </span>
    </p>
   </div>
   <div class='ocr_carea' id='block_1_69' title="bbox 2016 3491 3125 3576">
    <p class='ocr_par' dir='ltr' id='par_1_69' title="bbox 2016 3491 3125 3576">
     <span class='ocr_line' id='line_1_69' title="bbox 2016 3491 3125 3576; baseline -0.013 -16"><span class='ocrx_word' id='word_1_473' title='bbox 2016 3515 2242 3576; x_wconf 88' lang='lat' dir='ltr'><strong>propter</strong></span> <span class='ocrx_word' id='word_1_474' title='bbox 2275 3517 2391 3567; x_wconf 90' lang='lat' dir='ltr'><strong>eos,</strong></span> <span class='ocrx_word' id='word_1_475' title='bbox 2432 3500 2525 3570; x_wconf 89' lang='lat' dir='ltr'><strong>qui</strong></span> <span class='ocrx_word' id='word_1_476' title='bbox 2566 3498 2656 3551; x_wconf 89' lang='lat' dir='ltr'><strong>illa</strong></span> <span class='ocrx_word' id='word_1_477' title='bbox 2690 3491 3125 3551; x_wconf 84' lang='lat' dir='ltr'><strong>observaverint.</strong></span> 
     </span>
    </p>
   </div>
   <div class='ocr_carea' id='block_1_70' title="bbox 2086 3601 3589 3680">
    <p class='ocr_par' dir='ltr' id='par_1_70' title="bbox 2086 3601 3589 3680">
     <span class='ocr_line' id='line_1_70' title="bbox 2086 3601 3589 3680; baseline -0.014 -6"><span class='ocrx_word' id='word_1_478' title='bbox 2086 3620 2155 3674; x_wconf 87' lang='lat' dir='ltr'><strong>Et</strong></span> <span class='ocrx_word' id='word_1_479' title='bbox 2213 3618 2436 3672; x_wconf 85' lang='lat' dir='ltr'><strong>adorate</strong></span> <span class='ocrx_word' id='word_1_480' title='bbox 2477 3613 2765 3670; x_wconf 84' lang='lat' dir='ltr'><strong>scabellum</strong></span> <span class='ocrx_word' id='word_1_481' title='bbox 2818 3610 3013 3680; x_wconf 86' lang='lat' dir='ltr'><strong>pedum</strong></span> <span class='ocrx_word' id='word_1_482' title='bbox 3073 3606 3210 3676; x_wconf 89' lang='lat' dir='ltr'><strong>ejus.</strong></span> <span class='ocrx_word' id='word_1_483' title='bbox 3279 3601 3589 3659; x_wconf 83' lang='lat' dir='ltr'><strong>Scabellum</strong></span> 
     </span>
    </p>
   </div>
   <div class='ocr_carea' id='block_1_71' title="bbox 2011 3693 3587 3784">
    <p class='ocr_par' dir='ltr' id='par_1_71' title="bbox 2011 3693 3587 3784">
     <span class='ocr_line' id='line_1_71' title="bbox 2011 3693 3587 3784; baseline -0.015 -17"><span class='ocrx_word' id='word_1_484' title='bbox 2011 3713 2210 3784; x_wconf 88' lang='lat' dir='ltr'><strong>pedum</strong></span> <span class='ocrx_word' id='word_1_485' title='bbox 2279 3708 2511 3768; x_wconf 88' lang='lat' dir='ltr'><strong>Christi,</strong></span> <span class='ocrx_word' id='word_1_486' title='bbox 2576 3713 2636 3759; x_wconf 93' lang='lat' dir='ltr'><strong>ut</strong></span> <span class='ocrx_word' id='word_1_487' title='bbox 2689 3703 2805 3765; x_wconf 78' lang='grc' dir='ltr'>ῡιιί,</span> <span class='ocrx_word' id='word_1_488' title='bbox 2867 3712 3070 3756; x_wconf 82' lang='lat' dir='ltr'><strong>terram</strong></span> <span class='ocrx_word' id='word_1_489' title='bbox 3124 3712 3245 3751; x_wconf 90' lang='lat' dir='ltr'><strong>esse</strong></span> <span class='ocrx_word' id='word_1_490' title='bbox 3305 3693 3587 3765; x_wconf 78' lang='lat' dir='ltr'><strong>legimus:</strong></span> 
     </span>
    </p>
   </div>
   <div class='ocr_carea' id='block_1_72' title="bbox 2010 3786 3589 3873">
    <p class='ocr_par' dir='ltr' id='par_1_72' title="bbox 2010 3786 3589 3873">
     <span class='ocr_line' id='line_1_72' title="bbox 2010 3786 3589 3873; baseline -0.016 -11"><span class='ocrx_word' id='word_1_491' title='bbox 2010 3807 2232 3869; x_wconf 70' lang='lat' dir='ltr'><strong>Cretum,</strong></span> <span class='ocrx_word' id='word_1_492' title='bbox 2261 3802 2460 3873; x_wconf 90' lang='lat' dir='ltr'><strong>inquit,</strong></span> <span class='ocrx_word' id='word_1_493' title='bbox 2496 3801 2713 3854; x_wconf 81' lang='lat' dir='ltr'><strong>thronus</strong></span> <span class='ocrx_word' id='word_1_494' title='bbox 2756 3797 2884 3851; x_wconf 88' lang='lat' dir='ltr'><strong>mihi</strong></span> <span class='ocrx_word' id='word_1_495' title='bbox 2919 3804 3017 3858; x_wconf 89' lang='lat' dir='ltr'><strong>est,</strong></span> <span class='ocrx_word' id='word_1_496' title='bbox 3058 3800 3105 3848; x_wconf 85' lang='lat' dir='ltr'><strong>et</strong></span> <span class='ocrx_word' id='word_1_497' title='bbox 3134 3802 3273 3845; x_wconf 87' lang='lat' dir='ltr'><strong>terra</strong></span> <span class='ocrx_word' id='word_1_498' title='bbox 3296 3786 3589 3841; x_wconf 85' lang='lat' dir='ltr'><strong>scabellum</strong></span> 
     </span>
    </p>
   </div>
   <div class='ocr_carea' id='block_1_73' title="bbox 2010 3876 3587 3967">
    <p class='ocr_par' dir='ltr' id='par_1_73' title="bbox 2010 3876 3587 3967">
     <span class='ocr_line' id='line_1_73' title="bbox 2010 3876 3587 3967; baseline -0.016 -15"><span class='ocrx_word' id='word_1_499' title='bbox 2010 3897 2199 3967; x_wconf 83' lang='lat' dir='ltr'><strong>pedum</strong></span> <span class='ocrx_word' id='word_1_500' title='bbox 2240 3910 2470 3948; x_wconf 84' lang='lat' dir='ltr'><strong>meorum</strong></span> <span class='ocrx_word' id='word_1_501' title='bbox 2505 3894 2568 3945; x_wconf 85' lang='grc'><strong>¹⁰.</strong></span> <span class='ocrx_word' id='word_1_502' title='bbox 2602 3888 2909 3945; x_wconf 78' lang='lat' dir='ltr'><strong>Seabellum</strong></span> <span class='ocrx_word' id='word_1_503' title='bbox 2941 3899 3068 3939; x_wconf 89' lang='lat' dir='ltr'><strong>vero</strong></span> <span class='ocrx_word' id='word_1_504' title='bbox 3111 3882 3306 3952; x_wconf 90' lang='lat' dir='ltr'><strong>pedum</strong></span> <span class='ocrx_word' id='word_1_505' title='bbox 3360 3876 3587 3941; x_wconf 85' lang='lat' dir='ltr'><strong>Christi,</strong></span> 
     </span>
    </p>
   </div>
   <div class='ocr_carea' id='block_1_74' title="bbox 2013 3968 3589 4048">
    <p class='ocr_par' dir='ltr' id='par_1_74' title="bbox 2013 3968 3589 4048">
     <span class='ocr_line' id='line_1_74' title="bbox 2013 3968 3589 4048; baseline -0.016 -5"><span class='ocrx_word' id='word_1_506' title='bbox 2013 3998 2071 4043; x_wconf 88' lang='lat' dir='ltr'><strong>ut</strong></span> <span class='ocrx_word' id='word_1_507' title='bbox 2099 3986 2359 4048; x_wconf 88' lang='lat' dir='ltr'><strong>hominis,</strong></span> <span class='ocrx_word' id='word_1_508' title='bbox 2394 3991 2631 4037; x_wconf 84' lang='lat' dir='ltr'><strong>montem</strong></span> <span class='ocrx_word' id='word_1_509' title='bbox 2660 3977 2925 4048; x_wconf 68' lang='lat' dir='ltr'><strong>Golgotha</strong></span> <span class='ocrx_word' id='word_1_510' title='bbox 2953 3989 3075 4028; x_wconf 85' lang='lat' dir='ltr'><strong>esse</strong></span> <span class='ocrx_word' id='word_1_511' title='bbox 3105 3970 3365 4033; x_wconf 90' lang='lat' dir='ltr'><strong>dicimus,</strong></span> <span class='ocrx_word' id='word_1_512' title='bbox 3395 3968 3449 4020; x_wconf 92' lang='lat' dir='ltr'><strong>in</strong></span> <span class='ocrx_word' id='word_1_513' title='bbox 3478 3981 3589 4036; x_wconf 87' lang='lat' dir='ltr'><strong>quo</strong></span> 
     </span>
    </p>
   </div>
   <div class='ocr_carea' id='block_1_75' title="bbox 2012 4062 3588 4141">
    <p class='ocr_par' dir='ltr' id='par_1_75' title="bbox 2012 4062 3588 4141">
     <span class='ocr_line' id='line_1_75' title="bbox 2012 4062 3588 4141; baseline -0.013 -5"><span class='ocrx_word' id='word_1_514' title='bbox 2012 4081 2113 4136; x_wconf 78' lang='lat' dir='ltr'><strong>fuit</strong></span> <span class='ocrx_word' id='word_1_515' title='bbox 2153 4078 2451 4135; x_wconf 78' lang='lat' dir='ltr'><strong>cruciﬁxus</strong></span> <span class='ocrx_word' id='word_1_516' title='bbox 2491 4093 2505 4130; x_wconf 92' lang='lat'><strong>:</strong></span> <span class='ocrx_word' id='word_1_517' title='bbox 2549 4074 2633 4128; x_wconf 75' lang='lat' dir='ltr'><strong>vel</strong></span> <span class='ocrx_word' id='word_1_518' title='bbox 2676 4074 2850 4141; x_wconf 87' lang='lat' dir='ltr'><strong>ipsam</strong></span> <span class='ocrx_word' id='word_1_519' title='bbox 2885 4071 3051 4125; x_wconf 87' lang='lat' dir='ltr'><strong>etiam</strong></span> <span class='ocrx_word' id='word_1_520' title='bbox 3098 4078 3344 4127; x_wconf 85' lang='lat' dir='ltr'><strong>crucem,</strong></span> <span class='ocrx_word' id='word_1_521' title='bbox 3392 4062 3449 4115; x_wconf 90' lang='lat' dir='ltr'><strong>in</strong></span> <span class='ocrx_word' id='word_1_522' title='bbox 3480 4075 3588 4130; x_wconf 86' lang='lat' dir='ltr'><strong>qua</strong></span> 
     </span>
    </p>
   </div>
   <div class='ocr_carea' id='block_1_76' title="bbox 2011 4166 2970 4244">
    <p class='ocr_par' dir='ltr' id='par_1_76' title="bbox 2011 4166 2970 4244">
     <span class='ocr_line' id='line_1_76' title="bbox 2011 4166 2970 4244; baseline -0.011 -15"><span class='ocrx_word' id='word_1_523' title='bbox 2011 4175 2159 4229; x_wconf 88' lang='lat' dir='ltr'><strong>illius</strong></span> <span class='ocrx_word' id='word_1_524' title='bbox 2190 4172 2356 4244; x_wconf 88' lang='lat' dir='ltr'><strong>pedes</strong></span> <span class='ocrx_word' id='word_1_525' title='bbox 2390 4171 2562 4225; x_wconf 84' lang='lat' dir='ltr'><strong>clavis</strong></span> <span class='ocrx_word' id='word_1_526' title='bbox 2589 4166 2789 4222; x_wconf 79' lang='lat' dir='ltr'><strong>confixi</strong></span> <span class='ocrx_word' id='word_1_527' title='bbox 2820 4170 2970 4219; x_wconf 87' lang='lat' dir='ltr'><strong>sunt.</strong></span> 
     </span>
    </p>
   </div>
   <div class='ocr_carea' id='block_1_77' title="bbox 2091 4269 3591 4358">
    <p class='ocr_par' dir='ltr' id='par_1_77' title="bbox 2091 4269 3591 4358">
     <span class='ocr_line' id='line_1_77' title="bbox 2091 4269 3591 4358; baseline -0.015 -13"><span class='ocrx_word' id='word_1_528' title='bbox 2091 4292 2357 4358; x_wconf 84' lang='lat' dir='ltr'><strong>Quoniam</strong></span> <span class='ocrx_word' id='word_1_529' title='bbox 2386 4294 2606 4341; x_wconf 75' lang='lat' dir='ltr'><strong>sanctus</strong></span> <span class='ocrx_word' id='word_1_530' title='bbox 2649 4290 2747 4337; x_wconf 81' lang='lat' dir='ltr'><strong>est.</strong></span> <span class='ocrx_word' id='word_1_531' title='bbox 2790 4281 3018 4350; x_wconf 86' lang='lat' dir='ltr'><strong>Propter</strong></span> <span class='ocrx_word' id='word_1_532' title='bbox 3054 4275 3393 4332; x_wconf 74' lang='lat' dir='ltr'><strong>divinitatem</strong></span> <span class='ocrx_word' id='word_1_533' title='bbox 3428 4269 3591 4326; x_wconf 88' lang='lat' dir='ltr'><strong>nimi-</strong></span> 
     </span>
    </p>
   </div>
   <div class='ocr_carea' id='block_1_78' title="bbox 2018 4363 3586 4452">
    <p class='ocr_par' dir='ltr' id='par_1_78' title="bbox 2018 4363 3586 4452">
     <span class='ocr_line' id='line_1_78' title="bbox 2018 4363 3586 4452; baseline -0.015 -13"><span class='ocrx_word' id='word_1_534' title='bbox 2018 4400 2162 4449; x_wconf 89' lang='lat' dir='ltr'><strong>rum,</strong></span> <span class='ocrx_word' id='word_1_535' title='bbox 2197 4396 2318 4452; x_wconf 67' lang='lat' dir='ltr'><strong>quaa</strong></span> <span class='ocrx_word' id='word_1_536' title='bbox 2347 4378 2678 4435; x_wconf 85' lang='lat' dir='ltr'><strong>sanctilicat.</strong></span> <span class='ocrx_word' id='word_1_537' title='bbox 2719 4374 2960 4427; x_wconf 89' lang='lat' dir='ltr'><strong>Sanctus</strong></span> <span class='ocrx_word' id='word_1_538' title='bbox 2995 4385 3126 4426; x_wconf 89' lang='lat' dir='ltr'><strong>vero</strong></span> <span class='ocrx_word' id='word_1_539' title='bbox 3174 4369 3289 4437; x_wconf 90' lang='lat' dir='ltr'><strong>ipse</strong></span> <span class='ocrx_word' id='word_1_540' title='bbox 3334 4380 3458 4420; x_wconf 91' lang='lat' dir='ltr'><strong>cum</strong></span> <span class='ocrx_word' id='word_1_541' title='bbox 3491 4363 3586 4426; x_wconf 89' lang='lat' dir='ltr'><strong>sit,</strong></span> 
     </span>
    </p>
   </div>
   <div class='ocr_carea' id='block_1_79' title="bbox 2014 4458 3587 4544">
    <p class='ocr_par' dir='ltr' id='par_1_79' title="bbox 2014 4458 3587 4544">
     <span class='ocr_line' id='line_1_79' title="bbox 2014 4458 3587 4544; baseline -0.014 -12"><span class='ocrx_word' id='word_1_542' title='bbox 2014 4473 2329 4544; x_wconf 88' lang='lat' dir='ltr'><strong>hujusmodi</strong></span> <span class='ocrx_word' id='word_1_543' title='bbox 2361 4471 2527 4526; x_wconf 87' lang='lat' dir='ltr'><strong>etiam</strong></span> <span class='ocrx_word' id='word_1_544' title='bbox 2574 4466 2875 4524; x_wconf 77' lang='lat' dir='ltr'><strong>scabellum</strong></span> <span class='ocrx_word' id='word_1_545' title='bbox 2923 4461 3309 4519; x_wconf 81' lang='lat' dir='ltr'><strong>sanctiﬁcavit.</strong></span> <span class='ocrx_word' id='word_1_546' title='bbox 3359 4458 3423 4512; x_wconf 87' lang='lat' dir='ltr'><strong>Et</strong></span> <span class='ocrx_word' id='word_1_547' title='bbox 3446 4471 3587 4527; x_wconf 90' lang='lat' dir='ltr'><strong>quo-</strong></span> 
     </span>
    </p>
   </div>
   <div class='ocr_carea' id='block_1_80' title="bbox 2011 4551 3584 4636">
    <p class='ocr_par' dir='ltr' id='par_1_80' title="bbox 2011 4551 3584 4636">
     <span class='ocr_line' id='line_1_80' title="bbox 2011 4551 3584 4636; baseline -0.017 -10"><span class='ocrx_word' id='word_1_548' title='bbox 2011 4571 2160 4626; x_wconf 88' lang='lat' dir='ltr'><strong>niam</strong></span> <span class='ocrx_word' id='word_1_549' title='bbox 2187 4568 2368 4636; x_wconf 84' lang='lat' dir='ltr'><strong>justos</strong></span> <span class='ocrx_word' id='word_1_550' title='bbox 2399 4575 2590 4618; x_wconf 89' lang='lat' dir='ltr'><strong>omnes</strong></span> <span class='ocrx_word' id='word_1_551' title='bbox 2637 4566 2858 4613; x_wconf 85' lang='lat' dir='ltr'><strong>sanctos</strong></span> <span class='ocrx_word' id='word_1_552' title='bbox 2891 4568 3112 4625; x_wconf 86' lang='lat' dir='ltr'><strong>quoque</strong></span> <span class='ocrx_word' id='word_1_553' title='bbox 3157 4551 3433 4619; x_wconf 88' lang='lat' dir='ltr'><strong>appellare</strong></span> <span class='ocrx_word' id='word_1_554' title='bbox 3490 4563 3584 4617; x_wconf 85' lang='lat' dir='ltr'><strong>so_</strong></span> 
     </span>
    </p>
   </div>
   <div class='ocr_carea' id='block_1_81' title="bbox 324 4640 1901 4724">
    <p class='ocr_par' dir='ltr' id='par_1_81' title="bbox 324 4643 1869 4716">
     <span class='ocr_line' id='line_1_81' title="bbox 324 4643 1869 4716; baseline 0.01 -18"><span class='ocrx_word' id='word_1_555' title='bbox 324 4644 520 4707; x_wconf 76' lang='lat' dir='ltr'><strong>lenius,</strong></span> <span class='ocrx_word' id='word_1_556' title='bbox 569 4644 809 4700; x_wconf 88' lang='lat' dir='ltr'><strong>ostendit</strong></span> <span class='ocrx_word' id='word_1_557' title='bbox 856 4643 1114 4714; x_wconf 89' lang='lat' dir='ltr'><strong>deinceps</strong></span> <span class='ocrx_word' id='word_1_558' title='bbox 1165 4654 1369 4716; x_wconf 85' lang='lat' dir='ltr'><strong>quanta</strong></span> <span class='ocrx_word' id='word_1_559' title='bbox 1435 4648 1509 4704; x_wconf 86' lang='lat' dir='ltr'><strong>sit</strong></span> <span class='ocrx_word' id='word_1_560' title='bbox 1562 4651 1869 4716; x_wconf 87' lang='lat' dir='ltr'><strong>dill&#39;erentia</strong></span> 
     </span>
    </p>
   </div>
   <div class='ocr_carea' id='block_1_82' title="bbox 2031 4640 3588 4724">
    <p class='ocr_par' dir='ltr' id='par_1_82' title="bbox 2031 4640 3588 4724">
     <span class='ocr_line' id='line_1_82' title="bbox 2031 4640 3588 4724; baseline -0.017 -7"><span class='ocrx_word' id='word_1_561' title='bbox 2031 4676 2089 4717; x_wconf 85' lang='lat' dir='ltr'><strong>er</strong></span> <span class='ocrx_word' id='word_1_562' title='bbox 2137 4657 2345 4715; x_wconf 86' lang='lat' dir='ltr'><strong>Christi</strong></span> <span class='ocrx_word' id='word_1_563' title='bbox 2378 4662 2544 4724; x_wconf 88' lang='lat' dir='ltr'><strong>atque</strong></span> <span class='ocrx_word' id='word_1_564' title='bbox 2575 4651 2717 4704; x_wconf 89' lang='lat' dir='ltr'><strong>inter</strong></span> <span class='ocrx_word' id='word_1_565' title='bbox 2784 4648 3002 4701; x_wconf 87' lang='lat' dir='ltr'><strong>illorum</strong></span> <span class='ocrx_word' id='word_1_566' title='bbox 3054 4642 3424 4707; x_wconf 88' lang='lat' dir='ltr'><strong>sanctitatem,</strong></span> <span class='ocrx_word' id='word_1_567' title='bbox 3504 4640 3588 4695; x_wconf 85' lang='lat' dir='ltr'><strong>di.</strong></span> 
     </span>
    </p>
   </div>
   <div class='ocr_carea' id='block_1_83' title="bbox 324 4752 502 4792">
    <p class='ocr_par' dir='ltr' id='par_1_83' title="bbox 324 4752 502 4792">
     <span class='ocr_line' id='line_1_83' title="bbox 324 4752 502 4792; baseline -0.011 -1"><span class='ocrx_word' id='word_1_568' title='bbox 324 4752 453 4792; x_wconf 85' lang='lat' dir='ltr'><strong>cens</strong></span> <span class='ocrx_word' id='word_1_569' title='bbox 487 4753 502 4789; x_wconf 74' lang='lat'><strong><em>2</em></strong></span> 
     </span>
    </p>
   </div>
   <div class='ocr_carea' id='block_1_84' title="bbox 391 4852 1901 4975">
    <p class='ocr_par' dir='ltr' id='par_1_84' title="bbox 391 4852 1897 4975">
     <span class='ocr_line' id='line_1_84' title="bbox 391 4852 1897 4975; baseline 0.019 -72"><span class='ocrx_word' id='word_1_570' title='bbox 391 4852 785 4975; x_wconf 48' lang='lat' dir='ltr'><strong>I‘Ht‘ovaﬁc‘xal</strong></span> <span class='ocrx_word' id='word_1_571' title='bbox 841 4854 1068 4921; x_wconf 82' lang='grc' dir='ltr'>Ἀαρὼν</span> <span class='ocrx_word' id='word_1_572' title='bbox 1099 4858 1168 4912; x_wconf 78' lang='grc' dir='ltr'>ἐν</span> <span class='ocrx_word' id='word_1_573' title='bbox 1212 4861 1339 4929; x_wconf 83' lang='grc' dir='ltr'>τοῖς</span> <span class='ocrx_word' id='word_1_574' title='bbox 1382 4866 1647 4933; x_wconf 77' lang='grc' dir='ltr'>ἱερεῦσιν</span> <span class='ocrx_word' id='word_1_575' title='bbox 1686 4875 1897 4942; x_wconf 84' lang='grc' dir='ltr'>αὐτοῦ,</span> 
     </span>
     <span class='ocr_line' id='line_1_85' title="bbox 391 4946 1741 4975; baseline 0 0"><span class='ocrx_word' id='word_1_576' title='bbox 391 4967 396 4974; x_wconf 84' lang='grc'>.</span> <span class='ocrx_word' id='word_1_577' title='bbox 497 4948 729 4975; x_wconf 64' lang='lat' dir='ltr'><strong>n..M.n‘l</strong></span> <span class='ocrx_word' id='word_1_578' title='bbox 779 4946 845 4975; x_wconf 61' lang='grc' dir='ltr'><strong>λιι.</strong></span> <span class='ocrx_word' id='word_1_579' title='bbox 877 4948 998 4975; x_wconf 70' lang='grc'><strong>-..7-</strong></span> <span class='ocrx_word' id='word_1_580' title='bbox 1054 4950 1169 4975; x_wconf 62' lang='lat'><strong>1..--</strong></span> <span class='ocrx_word' id='word_1_581' title='bbox 1196 4957 1338 4975; x_wconf 64' lang='lat'><strong>..¢__,</strong></span> <span class='ocrx_word' id='word_1_582' title='bbox 1376 4956 1417 4975; x_wconf 62' lang='lat' dir='ltr'><strong>,I</strong></span> <span class='ocrx_word' id='word_1_583' title='bbox 1633 4963 1645 4975; x_wconf 75' lang='grc' dir='ltr'>ι</span> <span class='ocrx_word' id='word_1_584' title='bbox 1718 4966 1741 4975; x_wconf 90' lang='grc'><strong>...</strong></span> 
     </span>
    </p>
   </div>
   <div class='ocr_carea' id='block_1_85' title="bbox 2031 4852 3585 4975">
    <p class='ocr_par' dir='ltr' id='par_1_85' title="bbox 2080 4852 3585 4938">
     <span class='ocr_line' id='line_1_86' title="bbox 2080 4852 3585 4938; baseline -0.016 -9"><span class='ocrx_word' id='word_1_585' title='bbox 2080 4874 2249 4929; x_wconf 74' lang='lat' dir='ltr'><strong>Vens.</strong></span> <span class='ocrx_word' id='word_1_586' title='bbox 2287 4870 2342 4927; x_wconf 85' lang='lat'><strong>6.</strong></span> <span class='ocrx_word' id='word_1_587' title='bbox 2374 4867 2577 4938; x_wconf 79' lang='lat' dir='ltr'><strong>Moyses</strong></span> <span class='ocrx_word' id='word_1_588' title='bbox 2614 4871 2664 4919; x_wconf 85' lang='lat' dir='ltr'><strong>et</strong></span> <span class='ocrx_word' id='word_1_589' title='bbox 2687 4862 2862 4916; x_wconf 81' lang='lat' dir='ltr'><strong>Aaron</strong></span> <span class='ocrx_word' id='word_1_590' title='bbox 2886 4858 2939 4913; x_wconf 90' lang='lat' dir='ltr'><strong>in</strong></span> <span class='ocrx_word' id='word_1_591' title='bbox 2974 4853 3333 4912; x_wconf 82' lang='lat' dir='ltr'><strong>sacerdotibus</strong></span> <span class='ocrx_word' id='word_1_592' title='bbox 3374 4852 3511 4923; x_wconf 83' lang='lat' dir='ltr'><strong>ejus,</strong></span> <span class='ocrx_word' id='word_1_593' title='bbox 3533 4861 3585 4905; x_wconf 86' lang='lat' dir='ltr'><strong>et</strong></span> 
     </span>
    </p>
   </div>
   <div class='ocr_carea' id='block_1_86' title="bbox 323 4944 1901 5036">
    <p class='ocr_par' dir='ltr' id='par_1_86' title="bbox 323 4944 1897 5036">
     <span class='ocr_line' id='line_1_87' title="bbox 323 4944 1897 5036; baseline 0.017 -39"><span class='ocrx_word' id='word_1_594' title='bbox 323 4944 419 4998; x_wconf 75' lang='grc' dir='ltr'><strong>καὶ</strong></span> <span class='ocrx_word' id='word_1_595' title='bbox 446 4944 731 5013; x_wconf 75' lang='grc' dir='ltr'>Σαμουὴλ</span> <span class='ocrx_word' id='word_1_596' title='bbox 775 4946 845 4999; x_wconf 81' lang='grc' dir='ltr'>ἐν</span> <span class='ocrx_word' id='word_1_597' title='bbox 877 4948 999 5014; x_wconf 84' lang='grc' dir='ltr'>τοῖς</span> <span class='ocrx_word' id='word_1_598' title='bbox 1049 4950 1550 5026; x_wconf 70' lang='grc' dir='ltr'><strong>ἐπικαλουμένοις</strong></span> <span class='ocrx_word' id='word_1_599' title='bbox 1586 4963 1652 5017; x_wconf 80' lang='grc' dir='ltr'>τὸ</span> <span class='ocrx_word' id='word_1_600' title='bbox 1708 4966 1897 5036; x_wconf 80' lang='grc' dir='ltr'>ὄνομα</span> 
     </span>
    </p>
   </div>
   <div class='ocr_carea' id='block_1_87' title="bbox 2031 4944 3583 5036">
    <p class='ocr_par' dir='ltr' id='par_1_87' title="bbox 2031 4946 3583 5027">
     <span class='ocr_line' id='line_1_88' title="bbox 2031 4946 3583 5027; baseline -0.014 -7"><span class='ocrx_word' id='word_1_601' title='bbox 2031 4964 2216 5022; x_wconf 78' lang='lat' dir='ltr'><strong>iamuel</strong></span> <span class='ocrx_word' id='word_1_602' title='bbox 2248 4964 2391 5018; x_wconf 84' lang='lat' dir='ltr'><strong>inter</strong></span> <span class='ocrx_word' id='word_1_603' title='bbox 2410 4975 2522 5023; x_wconf 83' lang='lat' dir='ltr'><strong>eos,</strong></span> <span class='ocrx_word' id='word_1_604' title='bbox 2568 4956 2658 5027; x_wconf 88' lang='lat' dir='ltr'><strong>qui</strong></span> <span class='ocrx_word' id='word_1_605' title='bbox 2690 4956 2935 5009; x_wconf 82' lang='lat' dir='ltr'><strong>invocant</strong></span> <span class='ocrx_word' id='word_1_606' title='bbox 2964 4966 3146 5005; x_wconf 89' lang='lat' dir='ltr'><strong>nomen</strong></span> <span class='ocrx_word' id='word_1_607' title='bbox 3183 4964 3297 5013; x_wconf 70' lang='lat' dir='ltr'><strong>elus</strong></span> <span class='ocrx_word' id='word_1_608' title='bbox 3330 4946 3583 5001; x_wconf 85' lang='lat' dir='ltr'><strong>:invoca-</strong></span> 
     </span>
    </p>
   </div>
   <div class='ocr_carea' id='block_1_88' title="bbox 320 5037 1895 5128">
    <p class='ocr_par' dir='ltr' id='par_1_88' title="bbox 320 5037 1895 5128">
     <span class='ocr_line' id='line_1_89' title="bbox 320 5037 1895 5128; baseline 0.017 -39"><span class='ocrx_word' id='word_1_609' title='bbox 320 5037 528 5102; x_wconf 75' lang='grc' dir='ltr'>αὐτοῦ,</span> <span class='ocrx_word' id='word_1_610' title='bbox 558 5037 972 5094; x_wconf 73' lang='grc' dir='ltr'>ἐπεκαλοῦντο</span> <span class='ocrx_word' id='word_1_611' title='bbox 1006 5043 1113 5095; x_wconf 74' lang='grc' dir='ltr'><strong>τδν</strong></span> <span class='ocrx_word' id='word_1_612' title='bbox 1146 5045 1381 5115; x_wconf 78' lang='grc' dir='ltr'>Κύριον,</span> <span class='ocrx_word' id='word_1_613' title='bbox 1410 5052 1509 5105; x_wconf 76' lang='grc' dir='ltr'><strong>καὶ</strong></span> <span class='ocrx_word' id='word_1_614' title='bbox 1533 5056 1716 5122; x_wconf 81' lang='grc' dir='ltr'>αὐτὸς</span> <span class='ocrx_word' id='word_1_615' title='bbox 1731 5062 1895 5128; x_wconf 78' lang='grc' dir='ltr'>εισή-</span> 
     </span>
    </p>
   </div>
   <div class='ocr_carea' id='block_1_89' title="bbox 319 5127 1894 5218">
    <p class='ocr_par' dir='ltr' id='par_1_89' title="bbox 319 5127 1894 5218">
     <span class='ocr_line' id='line_1_90' title="bbox 319 5127 1894 5218; baseline 0.017 -37"><span class='ocrx_word' id='word_1_616' title='bbox 319 5143 551 5183; x_wconf 71' lang='grc' dir='ltr'>κουσεν</span> <span class='ocrx_word' id='word_1_617' title='bbox 576 5128 792 5183; x_wconf 81' lang='grc' dir='ltr'><strong>αὐτῶν.</strong></span> <span class='ocrx_word' id='word_1_618' title='bbox 826 5127 983 5187; x_wconf 79' lang='grc' dir='ltr'>Οὗτοι</span> <span class='ocrx_word' id='word_1_619' title='bbox 1016 5133 1346 5204; x_wconf 76' lang='grc' dir='ltr'>ξύμπαντες,</span> <span class='ocrx_word' id='word_1_620' title='bbox 1384 5144 1569 5211; x_wconf 83' lang='grc' dir='ltr'>φησὶν,</span> <span class='ocrx_word' id='word_1_621' title='bbox 1620 5127 1894 5218; x_wconf 78' lang='grc' dir='ltr'>ὑπηρέται</span> 
     </span>
    </p>
   </div>
   <div class='ocr_carea' id='block_1_90' title="bbox 318 5203 1898 5305">
    <p class='ocr_par' dir='ltr' id='par_1_90' title="bbox 318 5203 1898 5305">
     <span class='ocr_line' id='line_1_91' title="bbox 318 5203 1898 5305; baseline 0.008 -33"><span class='ocrx_word' id='word_1_622' title='bbox 318 5223 416 5273; x_wconf 74' lang='grc' dir='ltr'><strong>καὶ</strong></span> <span class='ocrx_word' id='word_1_623' title='bbox 449 5218 629 5273; x_wconf 81' lang='grc' dir='ltr'>δοῦλοι</span> <span class='ocrx_word' id='word_1_624' title='bbox 656 5220 840 5275; x_wconf 75' lang='grc' dir='ltr'>αὐτοῦ.</span> <span class='ocrx_word' id='word_1_625' title='bbox 886 5225 1167 5299; x_wconf 78' lang='grc' dir='ltr'>Παρέλαϐε</span> <span class='ocrx_word' id='word_1_626' title='bbox 1200 5230 1257 5282; x_wconf 85' lang='grc' dir='ltr'>δὲ</span> <span class='ocrx_word' id='word_1_627' title='bbox 1295 5231 1373 5301; x_wconf 83' lang='grc' dir='ltr'>τῷ</span> <span class='ocrx_word' id='word_1_628' title='bbox 1395 5203 1574 5305; x_wconf 61' lang='grc' dir='ltr'>λογῳ,</span> <span class='ocrx_word' id='word_1_629' title='bbox 1608 5239 1699 5291; x_wconf 79' lang='grc' dir='ltr'><strong>τὸν</strong></span> 
     </span>
    </p>
   </div>
   <div class='ocr_carea' id='block_1_91' title="bbox 318 5310 1897 5402">
    <p class='ocr_par' dir='ltr' id='par_1_91' title="bbox 318 5310 1897 5402">
     <span class='ocr_line' id='line_1_92' title="bbox 318 5310 1897 5402; baseline 0.018 -42"><span class='ocrx_word' id='word_1_630' title='bbox 318 5311 418 5381; x_wconf 80' lang='grc' dir='ltr'>σῆν</span> <span class='ocrx_word' id='word_1_631' title='bbox 454 5310 575 5380; x_wconf 83' lang='grc' dir='ltr'>μὲν,</span> <span class='ocrx_word' id='word_1_632' title='bbox 602 5311 678 5374; x_wconf 79' lang='grc' dir='ltr'><strong>ὡς</strong></span> <span class='ocrx_word' id='word_1_633' title='bbox 707 5315 1004 5385; x_wconf 75' lang='grc' dir='ltr'>νομοθέτην</span> <span class='ocrx_word' id='word_1_634' title='bbox 1029 5360 1043 5380; x_wconf 87' lang='grc'><strong>,</strong></span> <span class='ocrx_word' id='word_1_635' title='bbox 1099 5319 1191 5372; x_wconf 78' lang='grc' dir='ltr'>τὸν</span> <span class='ocrx_word' id='word_1_636' title='bbox 1234 5321 1443 5390; x_wconf 86' lang='grc' dir='ltr'>Ἀαρὼν</span> <span class='ocrx_word' id='word_1_637' title='bbox 1476 5327 1533 5379; x_wconf 80' lang='grc' dir='ltr'>δὲ</span> <span class='ocrx_word' id='word_1_638' title='bbox 1573 5329 1650 5393; x_wconf 78' lang='grc' dir='ltr'>ὡς</span> <span class='ocrx_word' id='word_1_639' title='bbox 1677 5334 1897 5402; x_wconf 81' lang='grc' dir='ltr'>πρῶτον</span> 
     </span>
    </p>
   </div>
   <div class='ocr_carea' id='block_1_92' title="bbox 315 5405 1896 5494">
    <p class='ocr_par' dir='ltr' id='par_1_92' title="bbox 315 5405 1896 5494">
     <span class='ocr_line' id='line_1_93' title="bbox 315 5405 1896 5494; baseline 0.012 -37"><span class='ocrx_word' id='word_1_640' title='bbox 315 5405 377 5457; x_wconf 71' lang='grc' dir='ltr'>ἒν</span> <span class='ocrx_word' id='word_1_641' title='bbox 405 5406 521 5466; x_wconf 77' lang='grc' dir='ltr'>τοῖς</span> <span class='ocrx_word' id='word_1_642' title='bbox 556 5405 805 5476; x_wconf 75' lang='grc' dir='ltr'>ἱερεῦσι,</span> <span class='ocrx_word' id='word_1_643' title='bbox 860 5409 952 5464; x_wconf 66' lang='grc' dir='ltr'>τὸν</span> <span class='ocrx_word' id='word_1_644' title='bbox 989 5412 1241 5485; x_wconf 76' lang='grc' dir='ltr'>Σαμουὴλ</span> <span class='ocrx_word' id='word_1_645' title='bbox 1283 5416 1340 5470; x_wconf 77' lang='grc' dir='ltr'>δὲ</span> <span class='ocrx_word' id='word_1_646' title='bbox 1397 5419 1473 5482; x_wconf 81' lang='grc' dir='ltr'><strong>ὡς</strong></span> <span class='ocrx_word' id='word_1_647' title='bbox 1539 5423 1771 5494; x_wconf 79' lang='grc' dir='ltr'>ἔξαρχον</span> <span class='ocrx_word' id='word_1_648' title='bbox 1838 5428 1896 5481; x_wconf 78' lang='grc' dir='ltr'><strong>ὲν</strong></span> 
     </span>
    </p>
   </div>
   <div class='ocr_carea' id='block_1_93' title="bbox 318 5473 1894 5584">
    <p class='ocr_par' dir='ltr' id='par_1_93' title="bbox 318 5473 1894 5584">
     <span class='ocr_line' id='line_1_94' title="bbox 318 5473 1894 5584; baseline 0.015 -34"><span class='ocrx_word' id='word_1_649' title='bbox 318 5473 649 5567; x_wconf 62' lang='grc' dir='ltr'>προφήταιξ.</span> <span class='ocrx_word' id='word_1_650' title='bbox 691 5500 762 5551; x_wconf 83' lang='grc' dir='ltr'>’Ἡ</span> <span class='ocrx_word' id='word_1_651' title='bbox 801 5504 894 5553; x_wconf 75' lang='grc' dir='ltr'><strong>καὶ</strong></span> <span class='ocrx_word' id='word_1_652' title='bbox 942 5473 1207 5574; x_wconf 53' lang='grc' dir='ltr'>Μωυσῆν,</span> <span class='ocrx_word' id='word_1_653' title='bbox 1242 5511 1338 5561; x_wconf 70' lang='grc' dir='ltr'><strong>καὶ</strong></span> <span class='ocrx_word' id='word_1_654' title='bbox 1367 5473 1894 5584; x_wconf 28' lang='lat' dir='ltr'><strong>“domitis-2;;</strong></span> 
     </span>
    </p>
   </div>
   <div class='ocr_carea' id='block_1_94' title="bbox 320 5586 1893 5689">
    <p class='ocr_par' dir='ltr' id='par_1_94' title="bbox 320 5586 1893 5689">
     <span class='ocr_line' id='line_1_95' title="bbox 320 5586 1893 5689; baseline 0.017 -51"><span class='ocrx_word' id='word_1_655' title='bbox 320 5587 493 5689; x_wconf 73' lang='grc' dir='ltr'>μουὴλ</span> <span class='ocrx_word' id='word_1_656' title='bbox 515 5587 770 5656; x_wconf 69' lang='grc' dir='ltr'>ὠνόμασε</span> <span class='ocrx_word' id='word_1_657' title='bbox 799 5592 1008 5656; x_wconf 82' lang='grc' dir='ltr'>πάντας</span> <span class='ocrx_word' id='word_1_658' title='bbox 1030 5595 1217 5659; x_wconf 80' lang='grc' dir='ltr'>ἁπλῶς</span> <span class='ocrx_word' id='word_1_659' title='bbox 1233 5600 1359 5663; x_wconf 76' lang='grc' dir='ltr'>τοὺς</span> <span class='ocrx_word' id='word_1_660' title='bbox 1391 5606 1764 5677; x_wconf 75' lang='grc' dir='ltr'>μιμουμένους</span> <span class='ocrx_word' id='word_1_661' title='bbox 1795 5586 1893 5673; x_wconf 57' lang='grc' dir='ltr'>τας</span> 
     </span>
    </p>
   </div>
   <div class='ocr_carea' id='block_1_95' title="bbox 314 5678 1897 5764">
    <p class='ocr_par' dir='ltr' id='par_1_95' title="bbox 314 5678 1897 5764">
     <span class='ocr_line' id='line_1_96' title="bbox 314 5678 1897 5764; baseline 0.016 -37"><span class='ocrx_word' id='word_1_662' title='bbox 314 5678 519 5745; x_wconf 79' lang='grc' dir='ltr'>ἀρετὰς</span> <span class='ocrx_word' id='word_1_663' title='bbox 555 5678 757 5733; x_wconf 85' lang='grc' dir='ltr'>αὐτῶν.</span> <span class='ocrx_word' id='word_1_664' title='bbox 782 5682 895 5733; x_wconf 76' lang='grc' dir='ltr'><strong>Καὶ</strong></span> <span class='ocrx_word' id='word_1_665' title='bbox 926 5683 1034 5753; x_wconf 73' lang='grc' dir='ltr'>γὰρ</span> <span class='ocrx_word' id='word_1_666' title='bbox 1072 5686 1165 5738; x_wconf 73' lang='grc' dir='ltr'><strong>καὶ</strong></span> <span class='ocrx_word' id='word_1_667' title='bbox 1195 5689 1251 5740; x_wconf 82' lang='grc' dir='ltr'>ὲν</span> <span class='ocrx_word' id='word_1_668' title='bbox 1287 5692 1553 5764; x_wconf 72' lang='grc' dir='ltr'>ἰεξεκιὴλ</span> <span class='ocrx_word' id='word_1_669' title='bbox 1585 5698 1615 5750; x_wconf 84' lang='grc' dir='ltr'><strong>ὁ</strong></span> <span class='ocrx_word' id='word_1_670' title='bbox 1654 5698 1787 5761; x_wconf 76' lang='grc' dir='ltr'><strong>Θεὸς</strong></span> <span class='ocrx_word' id='word_1_671' title='bbox 1819 5700 1897 5751; x_wconf 78' lang='grc' dir='ltr'><strong>εἱ-</strong></span> 
     </span>
    </p>
   </div>
   <div class='ocr_carea' id='block_1_96' title="bbox 2002 5036 3580 5113">
    <p class='ocr_par' dir='ltr' id='par_1_96' title="bbox 2002 5036 3580 5113">
     <span class='ocr_line' id='line_1_97' title="bbox 2002 5036 3580 5113; baseline -0.014 -3"><span class='ocrx_word' id='word_1_672' title='bbox 2002 5056 2127 5110; x_wconf 87' lang='lat' dir='ltr'><strong>bant</strong></span> <span class='ocrx_word' id='word_1_673' title='bbox 2167 5052 2473 5113; x_wconf 89' lang='lat' dir='ltr'><strong>Dominum,</strong></span> <span class='ocrx_word' id='word_1_674' title='bbox 2506 5055 2556 5102; x_wconf 89' lang='lat' dir='ltr'><strong>et</strong></span> <span class='ocrx_word' id='word_1_675' title='bbox 2606 5046 2718 5112; x_wconf 89' lang='lat' dir='ltr'><strong>ipse</strong></span> <span class='ocrx_word' id='word_1_676' title='bbox 2762 5041 3079 5096; x_wconf 76' lang='lat' dir='ltr'><strong>exaudiebat</strong></span> <span class='ocrx_word' id='word_1_677' title='bbox 3122 5055 3232 5093; x_wconf 89' lang='lat' dir='ltr'><strong>eos.</strong></span> <span class='ocrx_word' id='word_1_678' title='bbox 3275 5036 3341 5091; x_wconf 81' lang='lat' dir='ltr'><strong>Hi</strong></span> <span class='ocrx_word' id='word_1_679' title='bbox 3369 5051 3580 5101; x_wconf 88' lang='lat' dir='ltr'><strong>omnes,</strong></span> 
     </span>
    </p>
   </div>
   <div class='ocr_carea' id='block_1_97' title="bbox 1968 5132 3585 5219">
    <p class='ocr_par' dir='ltr' id='par_1_97' title="bbox 1968 5132 3585 5219">
     <span class='ocr_line' id='line_1_98' title="bbox 1968 5132 3585 5219; baseline -0.015 -13"><span class='ocrx_word' id='word_1_680' title='bbox 1968 5190 1971 5191; x_wconf 49' lang='grc' dir='ltr'><strong>ν</strong></span> <span class='ocrx_word' id='word_1_681' title='bbox 1999 5149 2201 5219; x_wconf 85' lang='lat' dir='ltr'><strong>inquit,</strong></span> <span class='ocrx_word' id='word_1_682' title='bbox 2235 5142 2475 5199; x_wconf 89' lang='lat' dir='ltr'><strong>ministri</strong></span> <span class='ocrx_word' id='word_1_683' title='bbox 2511 5141 2661 5198; x_wconf 89' lang='lat' dir='ltr'><strong>illius</strong></span> <span class='ocrx_word' id='word_1_684' title='bbox 2685 5146 2843 5194; x_wconf 89' lang='lat' dir='ltr'><strong>erant</strong></span> <span class='ocrx_word' id='word_1_685' title='bbox 2905 5144 2960 5192; x_wconf 90' lang='lat' dir='ltr'><strong>et</strong></span> <span class='ocrx_word' id='word_1_686' title='bbox 2990 5134 3156 5190; x_wconf 89' lang='lat' dir='ltr'><strong>servi.</strong></span> <span class='ocrx_word' id='word_1_687' title='bbox 3186 5132 3425 5202; x_wconf 83' lang='lat' dir='ltr'><strong>Moysem</strong></span> <span class='ocrx_word' id='word_1_688' title='bbox 3454 5144 3585 5182; x_wconf 87' lang='lat' dir='ltr'><strong>vero</strong></span> 
     </span>
    </p>
   </div>
   <div class='ocr_carea' id='block_1_98' title="bbox 1996 5221 3584 5308">
    <p class='ocr_par' dir='ltr' id='par_1_98' title="bbox 1996 5221 3584 5308">
     <span class='ocr_line' id='line_1_99' title="bbox 1996 5221 3584 5308; baseline -0.016 -10"><span class='ocrx_word' id='word_1_689' title='bbox 1996 5243 2153 5306; x_wconf 85' lang='lat' dir='ltr'><strong>dicit,</strong></span> <span class='ocrx_word' id='word_1_690' title='bbox 2192 5249 2251 5295; x_wconf 89' lang='lat' dir='ltr'><strong>ut</strong></span> <span class='ocrx_word' id='word_1_691' title='bbox 2277 5237 2682 5308; x_wconf 80' lang='lat' dir='ltr'><strong>legislatorem;</strong></span> <span class='ocrx_word' id='word_1_692' title='bbox 2714 5232 2897 5287; x_wconf 85' lang='lat' dir='ltr'><strong>Aaron</strong></span> <span class='ocrx_word' id='word_1_693' title='bbox 2930 5243 3061 5282; x_wconf 81' lang='lat' dir='ltr'><strong>vero</strong></span> <span class='ocrx_word' id='word_1_694' title='bbox 3082 5234 3141 5280; x_wconf 89' lang='lat' dir='ltr'><strong>ut</strong></span> <span class='ocrx_word' id='word_1_695' title='bbox 3173 5225 3406 5294; x_wconf 90' lang='lat' dir='ltr'><strong>primum</strong></span> <span class='ocrx_word' id='word_1_696' title='bbox 3440 5221 3584 5275; x_wconf 86' lang='lat' dir='ltr'><strong>inter</strong></span> 
     </span>
    </p>
   </div>
   <div class='ocr_carea' id='block_1_99' title="bbox 1996 5313 3584 5391">
    <p class='ocr_par' dir='ltr' id='par_1_99' title="bbox 1996 5313 3584 5391">
     <span class='ocr_line' id='line_1_100' title="bbox 1996 5313 3584 5391; baseline -0.015 -2"><span class='ocrx_word' id='word_1_697' title='bbox 1996 5331 2346 5391; x_wconf 84' lang='lat' dir='ltr'><strong>sacerdotes;</strong></span> <span class='ocrx_word' id='word_1_698' title='bbox 2381 5337 2435 5383; x_wconf 91' lang='lat' dir='ltr'><strong>et</strong></span> <span class='ocrx_word' id='word_1_699' title='bbox 2462 5325 2773 5381; x_wconf 80' lang='lat' dir='ltr'><strong>Samuelem</strong></span> <span class='ocrx_word' id='word_1_700' title='bbox 2810 5332 3070 5386; x_wconf 84' lang='lat' dir='ltr'><strong>tanquam</strong></span> <span class='ocrx_word' id='word_1_701' title='bbox 3104 5315 3406 5387; x_wconf 86' lang='lat' dir='ltr'><strong>principem</strong></span> <span class='ocrx_word' id='word_1_702' title='bbox 3439 5313 3584 5367; x_wconf 88' lang='lat' dir='ltr'><strong>inter</strong></span> 
     </span>
    </p>
   </div>
   <div class='ocr_carea' id='block_1_100' title="bbox 1998 5405 3581 5495">
    <p class='ocr_par' dir='ltr' id='par_1_100' title="bbox 1998 5405 3581 5495">
     <span class='ocr_line' id='line_1_101' title="bbox 1998 5405 3581 5495; baseline -0.014 -18"><span class='ocrx_word' id='word_1_703' title='bbox 1998 5424 2312 5495; x_wconf 85' lang='lat' dir='ltr'><strong>prophetas.</strong></span> <span class='ocrx_word' id='word_1_704' title='bbox 2346 5419 2441 5474; x_wconf 87' lang='lat' dir='ltr'><strong>Vel</strong></span> <span class='ocrx_word' id='word_1_705' title='bbox 2478 5434 2577 5488; x_wconf 88' lang='lat' dir='ltr'><strong>per</strong></span> <span class='ocrx_word' id='word_1_706' title='bbox 2617 5416 2883 5485; x_wconf 73' lang='lat' dir='ltr'><strong>Moysem,</strong></span> <span class='ocrx_word' id='word_1_707' title='bbox 2905 5413 3109 5474; x_wconf 78' lang='lat' dir='ltr'><strong>Aaron,</strong></span> <span class='ocrx_word' id='word_1_708' title='bbox 3161 5416 3216 5463; x_wconf 88' lang='lat' dir='ltr'><strong>et</strong></span> <span class='ocrx_word' id='word_1_709' title='bbox 3245 5405 3581 5465; x_wconf 86' lang='lat' dir='ltr'><strong>Samuelem.</strong></span> 
     </span>
    </p>
   </div>
   <div class='ocr_carea' id='block_1_101' title="bbox 1995 5504 3579 5580">
    <p class='ocr_par' dir='ltr' id='par_1_101' title="bbox 1995 5504 3579 5580">
     <span class='ocr_line' id='line_1_102' title="bbox 1995 5504 3579 5580; baseline -0.011 -7"><span class='ocrx_word' id='word_1_710' title='bbox 1995 5534 2092 5574; x_wconf 91' lang='lat' dir='ltr'><strong>eos</strong></span> <span class='ocrx_word' id='word_1_711' title='bbox 2121 5533 2312 5571; x_wconf 87' lang='lat' dir='ltr'><strong>omnes</strong></span> <span class='ocrx_word' id='word_1_712' title='bbox 2335 5512 2615 5578; x_wconf 72' lang='lat' dir='ltr'><strong>intelligit.</strong></span> <span class='ocrx_word' id='word_1_713' title='bbox 2647 5510 2739 5580; x_wconf 90' lang='lat' dir='ltr'><strong>qui</strong></span> <span class='ocrx_word' id='word_1_714' title='bbox 2771 5508 2988 5564; x_wconf 88' lang='lat' dir='ltr'><strong>illorum</strong></span> <span class='ocrx_word' id='word_1_715' title='bbox 3014 5505 3301 5560; x_wconf 90' lang='lat' dir='ltr'><strong>imitantur</strong></span> <span class='ocrx_word' id='word_1_716' title='bbox 3324 5504 3579 5558; x_wconf 87' lang='lat' dir='ltr'><strong>virtutes.</strong></span> 
     </span>
    </p>
   </div>
   <div class='ocr_carea' id='block_1_102' title="bbox 2001 5596 3580 5668">
    <p class='ocr_par' dir='ltr' id='par_1_102' title="bbox 2001 5596 3580 5668">
     <span class='ocr_line' id='line_1_103' title="bbox 2001 5596 3580 5668; baseline -0.008 -5"><span class='ocrx_word' id='word_1_717' title='bbox 2001 5610 2134 5663; x_wconf 85' lang='lat' dir='ltr'><strong>Nam</strong></span> <span class='ocrx_word' id='word_1_718' title='bbox 2158 5621 2214 5665; x_wconf 90' lang='lat' dir='ltr'><strong>et</strong></span> <span class='ocrx_word' id='word_1_719' title='bbox 2243 5610 2295 5664; x_wconf 85' lang='lat' dir='ltr'><strong>in</strong></span> <span class='ocrx_word' id='word_1_720' title='bbox 2327 5606 2613 5662; x_wconf 87' lang='lat' dir='ltr'><strong>Ezechiele</strong></span> <span class='ocrx_word' id='word_1_721' title='bbox 2644 5604 2834 5659; x_wconf 88' lang='lat' dir='ltr'><strong>dicens</strong></span> <span class='ocrx_word' id='word_1_722' title='bbox 2884 5600 3145 5656; x_wconf 77' lang='lat' dir='ltr'><strong>Dominus</strong></span> <span class='ocrx_word' id='word_1_723' title='bbox 3191 5616 3204 5653; x_wconf 89' lang='lat'><strong>:</strong></span> <span class='ocrx_word' id='word_1_724' title='bbox 3253 5596 3313 5651; x_wconf 89' lang='lat' dir='ltr'><strong>Si</strong></span> <span class='ocrx_word' id='word_1_725' title='bbox 3339 5596 3580 5668; x_wconf 84' lang='lat' dir='ltr'><strong>gladium</strong></span> 
     </span>
    </p>
   </div>
   <div class='ocr_carea' id='block_1_103' title="bbox 1997 5689 3577 5769">
    <p class='ocr_par' dir='ltr' id='par_1_103' title="bbox 1997 5689 3577 5769">
     <span class='ocr_line' id='line_1_104' title="bbox 1997 5689 3577 5769; baseline -0.007 -14"><span class='ocrx_word' id='word_1_726' title='bbox 1997 5704 2254 5756; x_wconf 74' lang='lat' dir='ltr'><strong>induxero</strong></span> <span class='ocrx_word' id='word_1_727' title='bbox 2290 5716 2448 5769; x_wconf 80' lang='lat' dir='ltr'><strong>super</strong></span> <span class='ocrx_word' id='word_1_728' title='bbox 2475 5708 2694 5761; x_wconf 87' lang='lat' dir='ltr'><strong>terram,</strong></span> <span class='ocrx_word' id='word_1_729' title='bbox 2728 5705 2777 5750; x_wconf 88' lang='lat' dir='ltr'><strong>et</strong></span> <span class='ocrx_word' id='word_1_730' title='bbox 2804 5696 2998 5749; x_wconf 81' lang='lat' dir='ltr'><strong>inventi</strong></span> <span class='ocrx_word' id='word_1_731' title='bbox 3025 5694 3225 5757; x_wconf 80' lang='lat' dir='ltr'><strong>fuerint</strong></span> <span class='ocrx_word' id='word_1_732' title='bbox 3257 5694 3311 5745; x_wconf 86' lang='lat' dir='ltr'><strong>in</strong></span> <span class='ocrx_word' id='word_1_733' title='bbox 3344 5709 3408 5745; x_wconf 83' lang='lat' dir='ltr'><strong>ea</strong></span> <span class='ocrx_word' id='word_1_734' title='bbox 3440 5689 3577 5757; x_wconf 86' lang='lat' dir='ltr'><strong>Noe,</strong></span> 
     </span>
    </p>
   </div>
   <div class='ocr_carea' id='block_1_104' title="bbox 314 5767 1901 5858">
    <p class='ocr_par' dir='ltr' id='par_1_104' title="bbox 314 5767 1894 5858">
     <span class='ocr_line' id='line_1_105' title="bbox 314 5767 1894 5858; baseline 0.016 -39"><span class='ocrx_word' id='word_1_735' title='bbox 314 5767 453 5832; x_wconf 81' lang='grc' dir='ltr'>πὼν,</span> <span class='ocrx_word' id='word_1_736' title='bbox 498 5770 642 5824; x_wconf 79' lang='grc' dir='ltr'><em>Ἐὰν</em></span> <span class='ocrx_word' id='word_1_737' title='bbox 690 5773 997 5841; x_wconf 72' lang='grc' dir='ltr'>ῥομφαίαν</span> <span class='ocrx_word' id='word_1_738' title='bbox 1039 5776 1242 5844; x_wconf 81' lang='grc' dir='ltr'><em>ἐπάξω</em></span> <span class='ocrx_word' id='word_1_739' title='bbox 1290 5782 1387 5836; x_wconf 78' lang='grc' dir='ltr'><strong>ἐπὶ</strong></span> <span class='ocrx_word' id='word_1_740' title='bbox 1450 5786 1567 5853; x_wconf 79' lang='grc' dir='ltr'><strong>τὴν</strong></span> <span class='ocrx_word' id='word_1_741' title='bbox 1610 5788 1746 5858; x_wconf 82' lang='grc' dir='ltr'>γῆν,</span> <span class='ocrx_word' id='word_1_742' title='bbox 1794 5791 1894 5845; x_wconf 73' lang='grc' dir='ltr'><strong>καὶ</strong></span> 
     </span>
    </p>
   </div>
   <div class='ocr_carea' id='block_1_105' title="bbox 2031 5767 3580 5858">
    <p class='ocr_par' dir='ltr' id='par_1_105' title="bbox 2034 5767 3580 5855">
     <span class='ocr_line' id='line_1_106' title="bbox 2034 5767 3580 5855; baseline -0.009 -11"><span class='ocrx_word' id='word_1_743' title='bbox 2034 5791 2119 5855; x_wconf 84' lang='lat' dir='ltr'><strong>ob,</strong></span> <span class='ocrx_word' id='word_1_744' title='bbox 2147 5801 2195 5845; x_wconf 91' lang='lat' dir='ltr'><strong>et</strong></span> <span class='ocrx_word' id='word_1_745' title='bbox 2235 5767 2443 5852; x_wconf 78' lang='lat' dir='ltr'><strong>Daniel,</strong></span> <span class='ocrx_word' id='word_1_746' title='bbox 2476 5789 2530 5842; x_wconf 87' lang='lat' dir='ltr'><strong>in</strong></span> <span class='ocrx_word' id='word_1_747' title='bbox 2560 5787 2641 5841; x_wconf 85' lang='lat' dir='ltr'><strong>his</strong></span> <span class='ocrx_word' id='word_1_748' title='bbox 2669 5802 2771 5839; x_wconf 83' lang='lat' dir='ltr'><strong>non</strong></span> <span class='ocrx_word' id='word_1_749' title='bbox 2796 5784 2962 5838; x_wconf 85' lang='lat' dir='ltr'><strong>veniet</strong></span> <span class='ocrx_word' id='word_1_750' title='bbox 2994 5781 3204 5852; x_wconf 83' lang='lat' dir='ltr'><strong>gladius</strong></span> <span class='ocrx_word' id='word_1_751' title='bbox 3234 5781 3312 5845; x_wconf 86' lang='lat'><strong>”;</strong></span> <span class='ocrx_word' id='word_1_752' title='bbox 3357 5793 3463 5833; x_wconf 88' lang='lat' dir='ltr'><strong>non</strong></span> <span class='ocrx_word' id='word_1_753' title='bbox 3516 5779 3580 5832; x_wconf 80' lang='lat' dir='ltr'><strong>il-</strong></span> 
     </span>
    </p>
   </div>
   <div class='ocr_carea' id='block_1_106' title="bbox 312 5858 1884 5951">
    <p class='ocr_par' dir='ltr' id='par_1_106' title="bbox 312 5858 1884 5951">
     <span class='ocr_line' id='line_1_107' title="bbox 312 5858 1884 5951; baseline 0.015 -41"><span class='ocrx_word' id='word_1_754' title='bbox 312 5858 646 5929; x_wconf 78' lang='grc' dir='ltr'>εὑρεθῶσιν</span> <span class='ocrx_word' id='word_1_755' title='bbox 700 5863 793 5915; x_wconf 81' lang='grc' dir='ltr'><strong>ἐπ’</strong></span> <span class='ocrx_word' id='word_1_756' title='bbox 823 5865 981 5936; x_wconf 78' lang='grc' dir='ltr'>αὐτῇ</span> <span class='ocrx_word' id='word_1_757' title='bbox 1003 5867 1156 5935; x_wconf 75' lang='grc' dir='ltr'>Νῶε,</span> <span class='ocrx_word' id='word_1_758' title='bbox 1197 5874 1295 5926; x_wconf 78' lang='grc' dir='ltr'><strong>καὶ</strong></span> <span class='ocrx_word' id='word_1_759' title='bbox 1341 5875 1472 5931; x_wconf 83' lang='grc' dir='ltr'><strong>Ἰὼϐ</strong></span> <span class='ocrx_word' id='word_1_760' title='bbox 1499 5880 1599 5933; x_wconf 78' lang='grc' dir='ltr'><strong>καὶ</strong></span> <span class='ocrx_word' id='word_1_761' title='bbox 1633 5881 1884 5951; x_wconf 71' lang='grc' dir='ltr'>Δανιὴλ,</span> 
     </span>
    </p>
   </div>
   <div class='ocr_carea' id='block_1_107' title="bbox 388 6032 1564 6109">
    <p class='ocr_par' dir='ltr' id='par_1_107' title="bbox 388 6032 1564 6109">
     <span class='ocr_line' id='line_1_108' title="bbox 388 6032 1564 6109; baseline 0.016 -23"><span class='ocrx_word' id='word_1_762' title='bbox 388 6032 434 6064; x_wconf 78' lang='grc'><strong>³⁸⁵</strong></span> <span class='ocrx_word' id='word_1_763' title='bbox 465 6034 575 6089; x_wconf 86' lang='lat' dir='ltr'><strong>lsa.</strong></span> <span class='ocrx_word' id='word_1_764' title='bbox 632 6051 778 6105; x_wconf 76' lang='lat' dir='ltr'><strong>vat,</strong></span> <span class='ocrx_word' id='word_1_765' title='bbox 838 6039 887 6095; x_wconf 84' lang='lat' dir='ltr'><strong>i.</strong></span> <span class='ocrx_word' id='word_1_766' title='bbox 968 6040 1235 6098; x_wconf 80' lang='lat' dir='ltr'><strong>“Ezech.</strong></span> <span class='ocrx_word' id='word_1_767' title='bbox 1298 6061 1407 6109; x_wconf 72' lang='lat' dir='ltr'><strong>xxv,</strong></span> <span class='ocrx_word' id='word_1_768' title='bbox 1474 6048 1564 6105; x_wconf 84' lang='lat' dir='ltr'><strong>li.</strong></span> 
     </span>
    </p>
   </div>
   <div class='ocr_carea' id='block_1_108' title="bbox 564 6286 579 6321">
    <p class='ocr_par' dir='ltr' id='par_1_108' title="bbox 564 6286 579 6321">
     <span class='ocr_line' id='line_1_109' title="bbox 564 6286 579 6321; baseline 0 0"><span class='ocrx_word' id='word_1_769' title='bbox 564 6286 579 6321; x_wconf 93' lang='lat'><strong><em>\</em></strong></span> 
     </span>
    </p>
   </div>
   <div class='ocr_carea' id='block_1_109' title="bbox 1993 5871 3573 5953">
    <p class='ocr_par' dir='ltr' id='par_1_109' title="bbox 1993 5871 3573 5953">
     <span class='ocr_line' id='line_1_110' title="bbox 1993 5871 3573 5953; baseline -0.008 -17"><span class='ocrx_word' id='word_1_770' title='bbox 1993 5882 2081 5939; x_wconf 86' lang='lat' dir='ltr'><strong>los</strong></span> <span class='ocrx_word' id='word_1_771' title='bbox 2110 5880 2421 5953; x_wconf 78' lang='lat' dir='ltr'><strong>signiﬁcare</strong></span> <span class='ocrx_word' id='word_1_772' title='bbox 2443 5879 2647 5948; x_wconf 60' lang='lat' dir='ltr'><strong>voluit,</strong></span> <span class='ocrx_word' id='word_1_773' title='bbox 2685 5877 2781 5950; x_wconf 83' lang='lat' dir='ltr'><strong>qui</strong></span> <span class='ocrx_word' id='word_1_774' title='bbox 2818 5875 3003 5932; x_wconf 87' lang='lat' dir='ltr'><strong>multis</strong></span> <span class='ocrx_word' id='word_1_775' title='bbox 3038 5872 3147 5946; x_wconf 82' lang='lat' dir='ltr'><strong>jam</strong></span> <span class='ocrx_word' id='word_1_776' title='bbox 3181 5871 3341 5929; x_wconf 88' lang='lat' dir='ltr'><strong>annis</strong></span> <span class='ocrx_word' id='word_1_777' title='bbox 3372 5871 3573 5929; x_wconf 88' lang='lat' dir='ltr'><strong>mortui</strong></span> 
     </span>
    </p>
   </div>
  </div>
