3898 6542
522 384 632 448 995

596 496 761 550 Vens.
797 494 848 548 Ι.
886 493 1309 550 Misericordiam
1354 504 1402 549 et
1429 493 1694 564 judicium
1723 495 1948 548 cantabo
1977 492 2092 560 tibi,
2127 499 2188 564 Α,

524 583 766 637 Domine.
813 583 872 636 In
916 592 1163 647 cantum,
1200 583 1396 655 inquit,
1438 585 1536 640 tilii
1589 585 1814 640 oderam
1876 584 2096 640 miseri-

521 675 762 730 eordiam
790 673 1127 744 etjudicium
1151 684 1330 742 tuum,
1363 691 1567 733 canens
1596 677 1878 744 nimirum,
1906 690 2095 746 quem-

522 765 820 820 admodum
854 768 907 820 in
942 769 1196 838 praesenti
1230 769 1339 823 vita
1375 769 1678 834 misereris,
1707 777 1761 824 et
1786 769 2002 840 iudicas
2037 768 2093 823 in

518 855 706 910 futura
746 856 870 913 :vel
894 872 1118 919 canens.
1148 861 1292 927 quod
1345 860 1721 917 misericordia
1750 871 1840 914 tua
1881 859 2094 930 judicio

518 961 629 1001 non
661 957 831 1014 caret,
866 964 969 1004 nec
1003 950 1277 1019 judicium
1319 960 1472 1006 tuum
1530 953 1929 1008 misericordia.
1963 952 2094 1007 lmi-

519 1038 676 1093 tabor
706 1048 970 1109 praeterea
1011 1056 1074 1097 ea
1106 1057 1226 1112 quae
1254 1051 1419 1098 cantu
1448 1059 1567 1099 meo
1614 1043 1703 1098 lau
1727 1044 1928 1105 lavero,
1960 1042 2095 1098 alio-

516 1141 639 1182 rum
672 1129 882 1184 scilicet
918 1132 1229 1186 miserendo
1265 1141 1318 1187 et
1349 1143 1502 1188 recte
1530 1134 1666 1188 alios
1693 1132 2021 1202 judicando.

591 1216 758 1273 Vens.
798 1220 854 1274 ‘2.
902 1217 1166 1289 Psallam,
1197 1232 1248 1276 et
1282 1224 1575 1294 intelligam
1608 1223 1661 1276 in
1715 1224 1797 1278 via
1831 1223 2092 1276 immacu-

518 1309 653 1364 lata.
683 1308 1190 1382 lrreprehensibilis
1223 1314 1482 1370 incedens
1515 1314 1762 1387 psallam,
1798 1325 1853 1370 et
1887 1316 2094 1370 intelli-

517 1415 662 1470 gam.
715 1399 942 1471 Oportet
993 1401 1139 1457 enim
1196 1405 1520 1474 psallentem
1576 1406 1904 1477 intelligere,
1957 1409 2091 1478 quid

519 1492 735 1558 psallat,
771 1500 865 1546 aut
900 1500 1104 1548 cantet.
1135 1493 1238 1549 Per
1270 1496 1676 1552 immaculatam
1708 1507 1891 1555 autem
1921 1500 2090 1568 viam,

521 1581 829 1652 intelligere
855 1598 1149 1652 possumus
1171 1586 1404 1644 virtutes
1431 1590 1553 1646 illas
1581 1605 1700 1660 qua:
1729 1591 1948 1646 actione
1972 1608 2094 1662 per-

521 1673 810 1740 ficiuntur;
844 1675 1078 1744 psallere
1109 1693 1238 1733 vero
1267 1695 1364 1748 pro
1393 1682 1746 1750 contemplari
1781 1699 1796 1735 :
1831 1682 1913 1738 vel
1944 1683 2093 1753 psal-

518 1763 654 1829 lcre,
691 1779 791 1833 pro
844 1768 1056 1832 operari
1093 1783 1189 1837 per
1243 1771 1522 1835 virtutem,
1557 1773 1861 1844 intelligere
1907 1784 2087 1828 autem

519 1867 619 1922 pro
656 1855 1012 1924 contemplari
1045 1873 1061 1914 :
1112 1873 1345 1928 quorum
1385 1871 1676 1934 utrumque
1714 1863 1769 1917 in
1823 1861 2092 1918 immacu-

521 1945 630 1999 lata
671 1954 835 2015 atque
867 1945 1333 2015 irreprehensibili
1371 1951 1482 2007 vita
1519 1955 1826 2024 perﬁcitur.

593 2039 820 2107 Quando
883 2046 1050 2099 venies
1085 2045 1155 2100 ad
1185 2049 1305 2102 me?
1332 2047 1412 2100 Ad
1445 2064 1552 2112 me,
1581 2050 1823 2119 inquam,
1849 2051 1941 2122 qui
1972 2051 2094 2108 ideo

521 2131 909 2192 immaculatus
992 2143 1157 2206 atque
1231 2141 1730 2209 irreprehensihilis
1826 2146 2089 2212 ambulo,

521 2223 716 2292 psallo,
757 2237 809 2279 et
837 2227 1104 2297 intelligo,
1143 2237 1196 2283 ut
1228 2241 1278 2285 te
1309 2234 1476 2287 l'ruar.
1507 2231 1626 2296 Vel,
1661 2237 1881 2304 quando
1908 2239 2092 2294 venies

521 2315 588 2370 ad
631 2333 736 2382 me,
772 2317 863 2387 qui
921 2321 1212 2376 adventum
1242 2333 1292 2376 ct
1334 2328 1677 2392 praesentiam
1712 2339 1858 2383 tuam
1891 2330 2094 2386 arden-

520 2406 733 2462 tissime
761 2411 1118 2478 concupisco,
1153 2413 1306 2483 juxta
1337 2416 1468 2471 illud
1500 2435 1514 2472 :
1555 2417 1614 2472 Si
1644 2421 1761 2487 quis
1784 2421 1956 2493 diligit
1989 2439 2090 2489 me,

517 2506 566 2550 et
589 2497 741 2552 verba
761 2516 872 2553 mea
893 2503 1139 2566 servabit,
1160 2513 1209 2558 et
1236 2504 1396 2558 Pater
1418 2524 1561 2561 meus
1583 2509 1764 2580 diliget
1786 2528 1928 2577 eum,
1954 2525 2000 2568 et
2023 2514 2093 2568 ad

521 2603 644 2643 eum
672 2594 957 2658 reniemus,
986 2604 1033 2648 et
1072 2598 1391 2651 mansionem
1421 2601 1562 2668 apud
1590 2618 1709 2656 eum
1742 2605 2000 2673 faciemus
2025 2608 2088 2663 “’.

588 2681 1036 2736 Perambulabam
1063 2685 1116 2737 in
1153 2686 1449 2741 innocentia
1473 2691 1644 2744 cordis
1674 2695 1796 2757 mei,
1826 2696 1880 2748 in
1923 2699 2092 2753 medio

518 2771 703 2824 domus
732 2788 878 2826 mete.
944 2771 1236 2843 Versabar,
1271 2779 1468 2847 inquit,
1505 2780 1558 2836 in
1587 2785 1852 2840 munditia
1882 2789 2088 2844 cordis.

590 2946 756 3004 Vsus.
790 2949 844 3004 3.
890 2948 1014 3006 Non
1047 2955 1398 3024 proponebnm
1430 2969 1551 3014 ante
1592 2961 1775 3016 oculos
1819 2980 1957 3021 meos
1984 2983 2090 3022 rem

517 3039 776 3110 iniquam.
809 3039 995 3113 Neque
1033 3055 1161 3102 ante
1198 3062 1512 3119 corporeus,
1549 3069 1724 3125 neque
1763 3065 1891 3113 ante
1918 3059 2090 3116 animi

520 3130 732 3198 oculos,
778 3134 880 3188 hoc
906 3144 1008 3202 est,
1041 3153 1148 3192 non
1199 3142 1539 3198 sustinebam
1581 3147 1761 3203 videre
1793 3158 1888 3204 aut
1937 3150 2089 3224 cogi-

519 3231 635 3280 tare
662 3225 907 3299 iniquum
935 3232 1161 3301 aliquid.

588 3313 866 3374 Facientes
918 3327 1390 3396 transgressionem
1451 3331 1612 3386 odivi.
1663 3331 1771 3391 Eos
1827 3336 2086 3394 nimirum

517 3405 788 3475 homines,
840 3417 933 3483 qui
986 3417 1132 3484 quod
1178 3419 1384 3488 justum
1444 3435 1530 3479 est
1583 3427 2087 3496 transgrediuntur,

517 3499 637 3555 sive
671 3502 722 3556 id
750 3503 816 3558 ad
847 3504 1099 3564 homines
1132 3513 1422 3580 pertineat,
1456 3517 1572 3572 sive
1600 3518 1665 3572 ad
1701 3520 1890 3576 Deum.
1977 3583 1980 3586 ,

585 3587 752 3649 Vens.
791 3595 844 3649 4.
881 3595 1005 3652 Νοη
1029 3601 1253 3658 adluesit
1291 3607 1418 3659 milii
1448 3623 1542 3662 eor
1561 3624 1884 3678 perversum.
1915 3611 2088 3671 Recto

514 3684 658 3737 enim
697 3702 1011 3755 perversum
1039 3708 1148 3747 non
1187 3698 1466 3766 congruit.

588 3773 954 3832 Deelinantem
999 3797 1030 3833 a
1085 3799 1164 3836 me
1199 3787 1486 3857 malignum
1535 3807 1638 3845 non
1690 3796 2086 3864 cognoscebam.

517 3862 705 3936 Neque
732 3870 878 3923 enim
923 3872 1284 3943 malignorum
1335 3879 1620 3936 hominum
1653 3885 1927 3944 amicitias
1954 3893 2089 3945 reti-

516 3971 647 4011 nere
685 3967 925 4028 oportet,
959 3961 1054 4015 sed
1085 3979 1301 4032 curare,
1341 3977 1398 4023 ut
1442 3985 1634 4028 omnes
1665 3977 1988 4035 accedentes
2021 3981 2086 4037 ad

517 4060 641 4105 nos.
687 4049 948 4104 meliores
985 4051 1314 4124 eﬂiciantur,
1347 4068 1401 4114 et
1431 4065 1749 4123 recedentes
1781 4069 2086 4140 despicere.

517 4136 844 4208 lntclligitur
890 4142 1053 4197 etiam
1113 4146 1203 4204 hic
1262 4152 1566 4210 versiculus
1623 4155 1690 4213 de
1734 4136 1974 4226 diabolo,
2029 4173 2089 4219 ut

517 4243 715 4286 sensus
741 4231 813 4287 sit
843 4249 857 4287 :
887 4231 1126 4291 Daemoni
1151 4239 1218 4294 ad
1245 4257 1331 4298 me
1357 4259 1643 4302 accessum
1670 4251 1885 4307 nullum
1916 4253 2038 4310 dedi
2069 4273 2086 4312 :

514 4328 679 4392 atque
711 4324 918 4380 ideirco
956 4343 1064 4384 non
1105 4333 1354 4403 contigit,
1395 4347 1454 4392 ut
1484 4339 1778 4410 aliquando
1809 4359 1840 4398 a
1875 4361 1962 4401 me
1990 4347 2088 4404 dc-

514 4414 741 4479 clinare,
775 4417 878 4472 hoc
915 4427 1022 4485 est,
1051 4423 1307 4480 recedere
1329 4443 1452 4482 eum
1483 4445 1894 4503 cognoscerem.

1753 382 2068 444 EUTHYM
2081 381 2139 442 ιι
2177 380 2541 442 ZIGABENI
3644 384 3728 446 996

2274 494 2495 548 Ἔλεον
2527 492 2624 547 καί
2650 493 2856 560 κρίσιν
2905 493 3131 564 ᾄσομαι
3165 509 3284 560 σοι,
3329 496 3521 562 Κύριε.
3575 494 3728 569 ’ᾼσμα

2199 587 2478 656 προσοίσω
2512 584 2603 640 τὸν
2629 585 2778 638 ἔλεον
2836 589 2928 640 καὶ
2953 587 3050 658 τὴν
3114 589 3320 659 κρίσιν,
3384 590 3522 659 ᾅδων
3547 591 3609 643 τὰ
3630 597 3732 662 περὶ

2196 679 2289 733 τοῦ
2319 678 2506 741 ἐλέους
2567 695 2663 730 σου
2731 678 2829 731 καὶ
2887 679 2989 747 τῆς
3039 679 3302 748 κρίσεως,
3332 681 3419 734 ὅτι
3462 679 3618 744 ἐλεεῖς
3650 684 3729 752 μὲν

2196 771 2340 824 κατά
2361 770 2462 842 τὴν
2489 769 2776 841 παροῦσαν
2805 771 2982 842 ζωήνο
3017 772 3225 841 κρίνεις
3258 773 3311 826 δὲ
3343 771 3488 825 κατὰ
3520 773 3609 840 τὴν
3631 775 3732 843 μέλ-

2195 864 2416 919 λουσαν.
2457 867 2526 918 Ἥ
2557 867 2641 918 ὅτι
2703 863 2827 918 οὗτε
2859 867 2885 917 ὁ
2923 865 3070 928 ἔλεός
3105 881 3202 918 σου
3257 864 3505 935 ἄκριτος.
3557 864 3663 918 οὔτε
3705 869 3731 937 ἠ

2196 957 2378 1028 κρίσις
2433 956 2663 1026 ἀνήλεος
2692 972 2706 985 ο
2739 956 2861 1009 ἐπεὶ
2886 955 2942 1008 δὲ
2973 954 3151 1008 ταῦτα
3211 954 3441 1025 ᾄσομαι,
3487 953 3730 1010 ταῦτακαὶ

2199 1046 2537 1120 μιμήσομαι,
2589 1045 2759 1098 ἐλεῶν
2794 1045 2890 1098 καὶ
2925 1043 3131 1116 κρίνων
3153 1045 3355 1115 ὀρθῶς.

2271 1226 2453 1280 Ψαλῶ
2525 1227 2622 1281 καὶ
2683 1226 2939 1296 συνήσω
2965 1225 3036 1280 ἐν
3093 1225 3211 1292 ὁδῷ
3263 1227 3502 1296 ἀμώμῳ.
3544 1226 3731 1282 Ὀδεὺων

2194 1318 2462 1390 ἀμώμως,
2497 1317 2655 1388 ψαλῶ
2720 1320 2813 1372 καὶ
2860 1319 3081 1388 συνήσω
3112 1335 3127 1349 ·
3164 1319 3274 1389 χρὴ
3319 1320 3428 1388 γὰρ
3486 1316 3571 1370 τὸν
3624 1319 3731 1388 ea.

2194 1413 2356 1466 λοντα
2388 1413 2483 1468 καὶ
2516 1412 2760 1465 συνιέναι
2793 1413 2862 1464 τὰ
2885 1409 3202 1480 ψαλλόμενα
3225 1428 3239 1442 ⁸
3275 1410 3364 1478 εἴη
3397 1411 3444 1462 δ’
3489 1410 3553 1462 ἄν
3587 1411 3731 1480 τὸμὲν

2193 1505 2402 1559 ὁδεύειν
2432 1502 2704 1575 ἀμώμως,
2726 1504 2827 1573 τῆς
2850 1503 3172 1573 πρακτικῆς
3193 1519 3208 1533 ⁸
3249 1503 3312 1556 τὸ
3339 1503 3398 1556 δὲ
3421 1502 3633 1572 ψάλλειν
3659 1505 3731 1556 καὶ

2196 1600 2458 1662 συνιέναι,
2489 1596 2592 1668 τῆς
2621 1595 2991 1667 θεωρητικῆς.
3014 1597 3084 1649 Ἣ
3109 1595 3197 1648 διὰ
3231 1595 3331 1663 μὲν
3384 1595 3482 1648 τοῦ
3529 1595 3728 1664 ψάλλειν,

2191 1689 2292 1761 τὴν
2347 1688 2664 1758 πρακτικὴν
2713 1687 2978 1757 ἐνέφηνεν
3001 1703 3017 1717 σ
3072 1686 3160 1740 διὰ
3191 1685 3249 1738 δὲ
3274 1684 3371 1738 τοῦ
3400 1685 3631 1736 συνιέναι
3655 1683 3729 1753 τὴν

2195 1781 2566 1854 θεωρητικὴν,
2628 1778 2775 1850 ἅπερ
2820 1779 2989 1850 ἄμφω
3031 1777 3292 1850 κατορθοῖ
3332 1795 3414 1840 τις
3444 1777 3618 1830 ἕνεκεν
3637 1775 3730 1829 6δοῦ

2195 1876 2456 1947 ἀμώμου.

2263 2038 2415 2092 Πότε
2480 2036 2647 2105 ἥξεις
2694 2035 2844 2102 πρός
2897 2047 3016 2102 ps;
3067 2031 3173 2084 Τὸν
3203 2029 3291 2084 διὰ
3340 2028 3499 2082 τοῦτο
3524 2027 3729 2082 ὀδεῦοντα

2194 2131 2465 2200 ἀμώμως,
2503 2129 2599 2182 καὶ
2647 2127 2945 2196 ψάλλοντα,
2981 2125 3076 2178 καὶ
3111 2123 3389 2176 συνιέντα.
3419 2123 3511 2186 Ἢ,
3540 2120 3731 2174 sorita-

2195 2224 2383 2294 πύρως
2439 2221 2814 2290 ἐπιθυμοῦντα
2871 2220 2972 2289 τῆς
3022 2220 3329 2290 παρουσίας
3400 2234 3522 2270 σου.
3564 2217 3726 2284 Εἰρηκε

2193 2316 2302 2386 γὰρ
2325 2317 2352 2369 ὁ
2382 2314 2616 2385 Χριστός
2640 2327 2655 2342 ⁸
2703 2310 2847 2376 Ἐάν
2875 2329 2965 2376 τις
2999 2311 3073 2376 μὲ
3123 2305 3346 2380 ἀγαπᾷ,
3380 2309 3477 2361 καὶ
3528 2305 3620 2360 τὸν
3654 2308 3731 2360 ,ιὸο

2192 2426 2305 2479 τον
2352 2425 2474 2477 μου
2533 2404 2806 2473 τηρήσει,
2879 2402 2977 2456 και
3012 2403 3045 2455 ό
3099 2403 3302 2467 Πατήρ
3326 2416 3447 2468 μου
3477 2397 3727 2467 ἀγαπήσει

2206 2502 2419 2567 αὐτὸν,
2447 2499 2546 2554 καί
2594 2500 2745 2567 πρὸς
2807 2495 2997 2551 αὑτὸν
3029 2493 3426 2562 ἐλευσόμεθα,
3456 2494 3549 2546 καὶ
3567 2493 3727 2562 μονὴν

2195 2597 2332 2665 παρ’
2359 2593 2522 2659 αὐτῷ
2550 2592 2908 2660 ποιήσομεν.

2264 2682 2707 2755 Διεπορευόμην
2722 2682 2792 2736 ἐν
2823 2677 3043 2748 ἀκακία
3069 2676 3317 2746 καρδίας
3338 2693 3481 2746 μου,
3502 2675 3568 2728 ἐν
3593 2673 3728 2744 μέσῳ

2193 2778 2303 2834 τοῦ
2359 2777 2531 2832 οἴκου
2582 2792 2727 2844 μου.
2789 2770 3231 2844 Ἀνεστρεφόμην
3307 2771 3366 2821 ἐν
3439 2766 3728 2837 καθαρῦτητι

2194 2869 2444 2941 καρδίας.
2938 2956 2945 2958 A
3036 2957 3043 2958 ί
3116 2957 3119 2958 ν
3193 2955 3203 2958 A
3267 2952 3293 2958 _
3613 2948 3635 2958 η

2258 2963 2341 3015 Οὺ
2391 2960 2786 3029 προετιθέμην
2839 2956 2956 3027 πρὸ
3014 2952 3338 3025 ὀφθαλμῶν
3374 2970 3495 3021 μου
3533 2952 3726 3018 πρᾶγμα

2193 3050 2562 3122 παράνομον.
2597 3051 2734 3105 Οῦτε
2760 3049 2865 3121 πρὸ
2900 3048 3011 3102 τῶν
3049 3046 3352 3116 αἰσθητῶν,
3388 3044 3511 3097 οὔτε
3533 3043 3624 3113 πρὸ
3644 3042 3725 3094 τῶν

2195 3143 2404 3213 νοητῶν
2431 3159 2446 3175 ο
2475 3144 2777 3210 τουτέστιν,
2811 3142 2911 3196 οὒκ
2936 3140 3233 3213 ἠνειχόμην
3262 3137 3387 3192 οὔτε
3449 3137 3594 3208 ὁρᾷν,
3629 3131 3726 3186 οὕτε

2192 3233 2549 3307 ἐνθυμεῖσθαι
2580 3235 2954 3305 παρανομίαν.

2261 3327 2593 3394 Ποιοῦντας
2633 3325 3002 3395 παραϐάσεις
3053 3325 3342 3396 ἐμίσησα.
3406 3321 3543 3385 Τοὺς
3579 3336 3726 3388 παρα-

2191 3420 2476 3485 ϐαίνοντας
2504 3421 2566 3474 τὸ
2593 3419 2825 3485 δίκαιον,
2858 3419 2971 3471 εἴτε
3003 3417 3140 3488 πρὸς
3167 3415 3324 3481 Θεὸν,
3359 3415 3470 3468 εἴτε
3512 3412 3632 3483 πρὸς
3653 3412 3726 3464 ἁν-

2191 3514 2218 3568 θ
2225 3514 2465 3586 ρώπους.

2254 3609 2378 3663 Οὐκ
2423 3604 2726 3674 ἐκολλήθη
2770 3622 2875 3675 μοι
2923 3603 3136 3673 καρδία
3175 3601 3445 3672 σκαμϐή.
3504 3600 3586 3672 Τῷ
3639 3596 3725 3670 γὰρ

2189 3701 2338 3755 εὐθεῖ
2360 3700 2420 3754 τὸ
2443 3699 2700 3769 στρεϐλὸν
2731 3699 3097 3770 ἀνάρμοστον.
3313 3692 3321 3698 ’

2273 3794 2698 3859 Ἐκκλίνοντος
2719 3792 2820 3846 ἀπ’
2851 3789 3000 3861 ἐμοῦ
3043 3789 3150 3844 τοῦ
3206 3787 3478 3857 πονηροῦ
3507 3789 3606 3843 οὐκ
3627 3783 3724 3853 iri.

2188 3899 2449 3942 νωσκον.
2475 3885 2549 3936 Οὐ
2583 3883 2689 3954 χρὴ
2715 3881 2823 3952 γὰρ
2851 3883 2953 3951 τῆς
2984 3879 3079 3934 τοῦ
3113 3879 3351 3951 πονηροῦ
3395 3878 3568 3948 φιλίας
3602 3874 3727 3930 ἀντέ-

2189 3976 2408 4049 χεσθαι,
2471 3974 2609 4028 ἀλλά
2669 3971 3108 4046 προσεδρεύοντα
3160 3971 3283 4038 μὲν,
3325 3971 3606 4042 πειρᾶσθαι
3628 3965 3727 4037 βελ-

2188 4069 2363 4133 τιοῦν,
2427 4066 2851 4137 ἀναχωροῦντος
2884 4064 2964 4129 δὲ,
3013 4067 3404 4135 καταφρονεῖν.
3454 4058 3729 4115 Νοεῑταιδὲ

2190 4163 2285 4216 καὶ
2316 4158 2560 4231 περὶτοῦ
2586 4158 2859 4222 διαϐόλου,
2909 4158 2991 4211 ὅτι
3023 4156 3100 4228 μὴ
3126 4156 3304 4221 διδοὺς
3329 4155 3478 4226 αὖτῷ
3510 4152 3727 4224 παροδον.

2189 4253 2300 4308 οὐδ’
2323 4251 2739 4323 ἀναχωροῦντος
2767 4250 3088 4320 ὲγίνωσκον.

585 4502 756 4560 Vens.
789 4506 843 4561 5.
876 4509 1242 4568 Detrahean
1273 4529 1470 4574 secreto
1505 4502 1750 4591 proximo
1785 4542 1903 4593 suo,
1943 4529 2082 4584 [mne

2267 4537 2379 4590 Τὸν
2407 4535 2874 4593 καταλαλοῦντα
2895 4536 3089 4606 λάθρα
3117 4538 3223 4591 τὸν
3253 4540 3518 4606 πλησίον
3541 4535 3728 4595 αὐτοῦ.

516 4602 888 4666 uersequebar.
942 4599 1225 4673 Tanquam
1282 4608 1442 4664 malis
1495 4613 1784 4680 praeditum
1841 4617 2090 4674 moribus

514 4698 679 4759 atque
715 4690 1056 4762 illiberalem,
1105 4713 1169 4753 ac
1205 4700 1371 4756 veluti
1427 4716 1618 4758 canem
1657 4706 1891 4764 latenter
1937 4726 2089 4767 mor-

514 4780 753 4837 dentem.
788 4782 994 4838 Secreto
1027 4795 1228 4855 autem,
1283 4791 1386 4847 hoc
1421 4802 1531 4861 est,
1559 4796 1722 4864 clam,
1759 4801 1879 4854 ideo
1918 4816 2087 4873 appo-

517 4871 649 4938 suit,
709 4874 838 4942 qula
875 4878 921 4932 is
953 4878 1044 4946 qui
1072 4881 1330 4948 praesenti
1359 4881 1620 4948 detrahit,
1653 4889 1833 4945 minus
1873 4871 2084 4960 peccat,

511 4974 636 5014 cum
683 4961 729 5016 is
758 4965 849 5032 qui
893 4983 1134 5036 pra-scus
1167 4979 1275 5036 est,
1333 4971 1404 5026 ab
1453 4974 1691 5044 irregata
1740 4979 1965 5036 infamia
2017 4999 2078 5041 se

509 5055 649 5109 tueri
688 5059 883 5127 possit.

579 5145 816 5214 Superbo
847 5150 999 5203 oculo
1047 5160 1096 5205 et
1145 5153 1435 5209 insatiabili
1469 5158 1645 5222 corde,
1683 5176 1802 5214 cum
1847 5161 1944 5217 hoc
1973 5181 2077 5219 non

506 5237 742 5296 edebam.
771 5241 886 5297 Hoc
908 5251 1009 5308 est,
1038 5260 1144 5297 non
1171 5244 1431 5316 degebam
1454 5264 1578 5304 cum
1602 5267 1686 5306 eo.
1723 5251 1825 5308 Per
1856 5256 2074 5311 oculum

509 5339 690 5384 autem
721 5333 1042 5401 superbum,
1072 5349 1456 5408 quemcunque
1479 5341 1772 5410 superbum
1805 5343 2078 5398 hominem

507 5418 781 5489 intelligit,
812 5421 979 5474 veluti
1009 5437 1037 5474 a
1075 5432 1229 5492 parte
1253 5434 1426 5482 totum
1455 5450 1470 5484 :
1496 5438 1550 5485 et
1573 5431 1740 5486 simili
1765 5432 1949 5501 modo,
1982 5449 2081 5504 per

508 5511 816 5566 insatiabile
849 5527 964 5577 cor,
1000 5529 1222 5571 avarum
1275 5517 1574 5578 hominem.
1611 5521 1917 5596 Utrumque
1950 5543 2078 5582 vero

485 5603 762 5656 sermone
795 5606 1230 5680 comprehendit,
1264 5613 1452 5670 dicens
1486 5633 1501 5670 :
1536 5613 1668 5670 Cum
1699 5617 1794 5672 hoc
1827 5635 1928 5673 non
1957 5618 2079 5677 ede-

509 5695 645 5748 bam.

579 5809 621 5841 "
654 5807 814 5866 Joan.
869 5827 979 5879 xiv,
1019 5813 1109 5868 23.

2186 4629 2407 4684 τοῦτον
2451 4627 2791 4691 ἑξεὸἰωκον.
2840 4627 2928 4691 Ὠς
2969 4628 3221 4698 κακοήθη
3267 4629 3361 4681 καὶ
3387 4627 3730 4697 ἀνελεύθερον,

2169 4724 2283 4794 ,καὶ
2332 4723 2470 4773 κύνα
2526 4717 2916 4789 λαθρόδηκτον.
2955 4719 3028 4770 Τὸ
3081 4719 3277 4786 λάθρα
3302 4718 3360 4772 δὲ
3400 4719 3728 4789 προσέθηκεν,

2185 4813 2269 4866 ὅτι
2298 4813 2324 4865 ὁ
2348 4809 2442 4864 τοῦ
2472 4809 2738 4879 παρόντος
2761 4808 3107 4874 καταλαλῶν,
3142 4811 3204 4862 οὺ
3230 4810 3480 4865 τοσοῦτον
3505 4809 3731 4880 ἁμαρτά-

2187 4919 2298 4958 νειο
2334 4902 2527 4975 παρὼν
2557 4903 2668 4972 γὰρ
2691 4903 2902 4966 ἐκεῖνος
2926 4901 3350 4973 ἀπολογήσεται.

2272 5171 2664 5240 ’Υπερηεράνῳ
2693 5172 2980 5242 ὀφθαλμῷ
3036 5177 3133 5229 καὶ
3195 5177 3488 5246 ἀπλήστῳ
3516 5178 3727 5247 καρδία.

2185 5267 2375 5332 τούτῳ
2403 5267 2475 5318 οὺ
2524 5263 2888 5329 συνήσθιον.
2924 5267 3000 5319 Οὐ
3057 5269 3459 5340 συνδιῃτώμην,
3509 5270 3729 5340 ’Υπερή.

2188 5376 2353 5428 φανον
2381 5357 2438 5412 δὲ
2451 5355 2728 5427 ὀφθαλμὸν
2757 5357 2928 5426 λέγει,
2959 5357 3048 5411 τὸν
3077 5359 3428 5432 ὑπερήφανον
3443 5364 3745 5434 ἄνθρωπον.

2186 5450 2529 5519 ἁπὸ’μέρους
2558 5449 2618 5502 τὸ
2645 5447 2767 5503 ὅλον
2789 5464 2803 5478 ⁶
2837 5450 2932 5503 καὶ
2967 5446 3130 5515 αὖθις
3168 5453 3445 5526 ἄπληστον
3496 5455 3727 5526 καρδίαν,

2184 5543 2276 5594 τὸν
2317 5540 2641 5610 ἀκόρεστον,
2673 5538 2764 5593 τὸν
2798 5539 3154 5614 πλεονέκτην.
3201 5544 3294 5598 Διὸ
3324 5546 3415 5598 καὶ
3443 5545 3499 5599 τὸ
3554 5546 3732 5607 τούτῳ

2186 5633 2466 5706 προσθεὶς,
2492 5632 2753 5702 ἑκάτερον
2781 5631 3064 5702 ἐνέφηνεν.
