3832 6548
135 431 187 494 9¹ζ
199 428 226 490 7

1277 414 1668 478 COMMENT.
1707 413 1790 476 IN
1829 414 2192 477 PSALMOS.

3243 408 3353 472 918

185 539 242 593 at
260 532 547 606 ὀφθαλμοί
582 548 700 600 μου
751 529 851 585 ἐπὶ
891 527 1036 597 τοὺς
1097 531 1354 597 πιστοὺς
1388 531 1501 600 τῆς
1535 529 1667 602 γῆς,

1849 530 2018 586 Vens.
2048 530 2102 585 6.
2142 529 2298 585 Oculi
2327 529 2431 582 mei
2478 528 2548 582 ad
2599 528 2776 598 ﬁdeles
2808 536 2985 590 terrm,
3041 533 3097 578 ut
3139 524 3357 579 sedeant

129 629 221 683 τοῦ
239 623 643 695 συγκαθῆσθαι
671 622 895 690 αὐτοὺς
934 623 1064 691 μετ’
1160 624 1329 694 ἐμοῦ.
1387 623 1527 686 Τοὺς
1574 642 1666 677 πιο

131 717 384 774 σεύεσθαι
419 714 600 781 ἀξίους
627 713 718 766 διὰ
740 714 839 784 τὴν
868 713 970 783 τῆς
1002 715 1277 778 πολιτείας
1302 715 1481 769 αὐτῶν
1507 715 1669 767 εὐθύς

129 825 249 880 τητα
271 825 282 837 ·
309 806 578 875 ἢπιστοὺς
605 803 756 871 λέγει
784 804 898 868 νῦν,
937 807 1065 869 τοὺς
1099 806 1363 874 ἀγαθούς·
1397 807 1531 875 φησὶ
1561 806 1669 875 γὰρ

130 905 207 956 καὶ
235 897 472 968 Σολομῶν
492 914 506 927 ο
546 895 767 964 ’Ἄνδρα
796 894 864 948 δὲ
908 897 1148 964 πιστὸν,
1204 897 1386 967 ἔργον
1425 896 1624 967 εὑρεῖν
1652 913 1666 928 ⁸

129 995 180 1046 τὸ
213 991 310 1060 γὰρ
335 988 534 1057 ἀγαθὸν
560 988 816 1040 σπάνιον·
858 989 1093 1053 τούτοις,
1137 991 1294 1060 φησὶ,
1352 992 1669 1062 προσεῖχον,

131 1089 206 1140 καὶ
233 1082 494 1166 συνέδροις
525 1080 813 1151 ἐχρώμην.

189 1257 578 1329 Πορει·όμενος
604 1259 674 1312 ἐν
703 1257 819 1327 ὀδῷ
871 1260 1109 1330 ἀμώμῳ,
1144 1257 1324 1329 οὗτός
1372 1282 1474 1334 μοι
1520 1265 1674 1319 ust-

131 1357 352 1422 τούργει,
389 1353 444 1404 Ὀ
473 1352 841 1421 πορευόμενος
873 1356 930 1406 ἐν
964 1354 1069 1424 ὁδῷ
1099 1354 1317 1425 ἀμώμῳ
1371 1357 1670 1421 πολιτείας.

131 1441 265 1508 οὗτός
297 1460 381 1514 μοι
410 1443 675 1512 διηκόνει.
715 1445 990 1516 [ιροσήκει
1029 1448 1141 1516 γὰρ
1176 1447 1250 1518 μὴ
1283 1449 1446 1518 μόνον
1475 1449 1671 1518 φίλοις,

131 1536 244 1590 ἀλλά
269 1533 354 1586 καὶ
378 1532 680 1602 ὑπηρέταις
707 1534 928 1603 ἀγαθοῖς
961 1537 1286 1608 κεχρῆσθαι.

189 1631 259 1680 Οὐ
296 1623 538 1688 κατῴκει
599 1626 672 1678 ἐν
696 1625 868 1696 μέσῳ
901 1626 1006 1696 τῆς
1054 1632 1253 1697 οἰκίας
1300 1650 1444 1701 μου,
1486 1634 1676 1688 ποιῶν

131 1718 538 1787 ὑπερηφανίαν.
574 1719 724 1772 Ἀνω
783 1720 884 1791 μὲν
948 1722 1078 1790 περὶ
1115 1724 1273 1792 φίλου
1317 1725 1675 1796 ὑπερηφάνου

133 1810 326 1878 εἴρηκεν
346 1824 359 1836 °
387 1807 626 1861 ἐνταῦθα
659 1809 735 1875 δὲ,
768 1813 896 1882 περὶ
927 1813 1204 1884 ὑπηρέτου
1226 1815 1601 1886 ὑπερηφάνου.

1779 639 2004 677 mecum.
2035 621 2116 675 Ad
2177 637 2273 676 eos
2326 620 2585 676 nimirum
2633 620 2726 689 qui
2767 619 2841 688 ob
2897 627 3102 673 rectam
3160 632 3352 672 eorum

1779 716 2250 772 conversationem
2283 712 2465 776 eiTecti
2514 720 2644 768 sunt
2691 711 2861 781 digni,
2903 719 2964 764 ut
2991 717 3180 765 essent
3219 708 3355 761 tide-

1782 807 1886 863 les.
1923 805 2015 862 Vel
2065 805 2253 861 ﬁdeles
2294 821 2440 860 nunc
2470 805 2646 860 bonos
2680 817 2871 858 omnes
2908 802 3169 870 appellat,
3197 800 3356 870 juxta

1780 898 1926 970 quod
1955 913 1984 951 a
2017 897 2314 952 Salomone
2362 897 2568 950 dictum
2616 895 2896 964 legimus:
2951 891 3133 947 Virum
3180 907 3355 946 autem

1781 991 1986 1060 ﬁdelem
2023 988 2425 1044 invenirelabor
2447 997 2526 1043 est
2563 989 2629 1041 “.
2677 984 2812 1040 Nam
2851 985 2996 1056 quod
3031 986 3234 1040 bonum
3276 995 3360 1039 est
3444 1001 3446 1003 '

1781 1097 1966 1137 rarum
2014 1093 2146 1137 est:
2198 1080 2606 1150 huiuscemodi,
2665 1078 2868 1148 inquit,
2911 1077 3228 1133 [nominibus
3260 1091 3360 1146 ego

1782 1173 2151 1238 adhaerebam,
2182 1182 2235 1228 et
2261 1188 2386 1228 cum
2418 1171 2498 1227 eis
2527 1171 2902 1226 considebam.

1855 1266 2147 1319 Ambulans
2172 1266 2226 1318 in
2252 1267 2333 1318 via
2351 1264 2716 1328 immaculata,
2735 1263 2818 1315 hic
2841 1263 2972 1316 mihi
2992 1257 3352 1315 ministrabat.

1783 1358 2071 1423 Ministris,
2107 1359 2310 1427 inquit,
2346 1372 2481 1412 usus
2508 1374 2653 1424 sum,
2695 1370 2932 1427 quorum
2968 1355 3073 1409 vita
3102 1364 3252 1410 esset
3288 1355 3364 1407 ir-

1781 1448 2262 1520 reprehensibilis.
2294 1446 2458 1502 Decet
2481 1463 2739 1519 namque,
2763 1462 2871 1502 non
2911 1447 3104 1502 amicis
3128 1455 3362 1514 tantum,

1785 1543 1879 1597 sed
1913 1551 1966 1597 et
1997 1541 2268 1596 ministris
2305 1541 2383 1594 uti
2416 1540 2596 1595 bonis.

1859 1633 2028 1690 Vua.
2059 1636 2112 1689 7.
2140 1633 2264 1688 Non
2294 1633 2566 1687 habitabat
2593 1635 2645 1686 in
2680 1634 2850 1688 medio
2889 1633 3076 1686 domus
3104 1649 3250 1692 meat.
3281 1631 3367 1700 [a-

1785 1728 1927 1782 ciens
1957 1728 2280 1796 superbiam.
2313 1727 2582 1797 Superius
2621 1726 2690 1782 de
2725 1727 2966 1797 superbo
2998 1727 3178 1780 amico
3210 1727 3366 1779 locu-

1787 1829 1876 1874 tus
1906 1826 2010 1878 est.
2047 1833 2190 1872 nunc
2221 1832 2403 1874 autem
2432 1820 2496 1873 de
2520 1819 2791 1873 ministro.
3341 1821 3345 1824 “

189 1899 387 1954 Λαλῶν
443 1900 646 1968 ἄδικα,
704 1905 776 1956 οὐ
831 1907 1202 1962 κατεύθυνεν
1253 1909 1512 1964 ἐνώπιον
1563 1911 1684 1963 τὼν

1860 1909 1967 1978 Qui
2020 1910 2255 1980 loquitur
2310 1911 2513 1980 injusta
2575 1927 2678 1963 non
2729 1909 2925 1964 direxit
2988 1909 3043 1962 in
3088 1918 3368 1976 conspectu

136 1981 427 2061 ὀφθαλμῶν
448 2011 596 2061 μου.
628 1994 701 2048 Ού
731 1995 1040 2067 κατώρθου,
1067 1997 1104 2052 ἃ.
1124 2000 1458 2066 ἐσπούδαζεν
1501 2019 1517 2033 ’

135 2083 367 2139 εὖωδοῦτο
386 2084 625 2140 ἐνώπιόν
649 2103 775 2158 μου.

1578 2003 1681 2056 οὐκ

187 2267 277 2333 Ε’ὶς
302 2265 402 2334 τὰς
431 2269 661 2334 aptatae
692 2267 1048 2324 ἀπέκτεινον
1077 2257 1310 2340 πάντας
1330 2274 1472 2343 τοὺς
1493 2277 1684 2346 ἁμαρ·

135 2359 334 2442 τωλοὺς
366 2359 475 2427 τῆς
517 2359 649 2431 γῆς.
686 2363 780 2425 Εἰς
833 2364 930 2427 τὰς
983 2366 1210 2434 πρωῖας.
1273 2367 1412 2438 μήτε
1468 2370 1573 2438 τῆς
1625 2370 1684 2436 ἐξ

137 2451 259 2505 οἴνου
283 2450 470 2521 μέθης,
515 2456 653 2523 μήτε
688 2457 787 2524 τῆς
819 2458 883 2508 ἐκ
907 2455 1078 2525 θυμοῦ
1111 2458 1457 2531 σφαλλούσης
1479 2462 1572 2516 τὸν
1596 2462 1686 2515 λο-

137 2546 327 2616 γισμόν.
363 2545 510 2607 Τοὺς
542 2547 907 2617 ἁμαρτωλοὺς
937 2549 1015 2613 δὲ,
1049 2551 1168 2621 οὐχὶ
1199 2554 1383 2624 πάσης
1408 2555 1508 2625 τῆς
1555 2555 1684 2624 γῆς,

137 2637 250 2692 ἀλλὰ
277 2636 462 2706 μόνους
512 2638 637 2701 τοὺς
668 2637 756 2691 ἐπ’
779 2639 879 2708 ἐμέ
903 2658 916 2672 ’
948 2641 1042 2693 καὶ
1071 2644 1279 2708 πάντας
1305 2647 1380 2710 δὲ,
1422 2646 1522 2717 οὐχ
1547 2645 1687 2718 ἅμα,

140 2729 254 2784 ἀλλὰ
293 2728 384 2781 νῦν
418 2728 526 2802 μὲν
560 2730 774 2797 τοῦτον,
800 2734 896 2787 νῦν
927 2734 982 2786 δὲ
1014 2735 1245 2791 ἐκεῖνον.

201 2908 300 2964 Τοῦ
318 2911 752 2980 ἑξολοθρεῦσαι
789 2913 861 2967 ἐκ
909 2916 1144 2982 πόλεως
1179 2918 1402 2987 Κυρίου
1447 2921 1684 2988 πάντας

140 3000 260 3069 τοὺς
281 3003 711 3074 ἐργαζομένους
759 3005 875 3075 τὴν
915 3008 1192 3078 ἀνομίαν.
1238 3011 1592 3068 Ἀπέκτεινον
1630 3014 1692 3067 δὲ

143 3096 334 3159 αὐτοὺς,
366 3097 532 3166 χάριν
559 3097 1070 3170 τοῦὲξολοθρεῦσαι
1103 3102 1228 3166 τοὺς
1289 3105 1642 3176 παρανόμους
1675 3122 1688 3136 ·

1785 2003 2064 2058 oculorum
2094 2019 2351 2060 meorum.
2382 2001 2502 2058 Non
2552 2001 2775 2066 direxit,
2815 2001 2920 2056 hoc
2951 2009 3058 2067 est,
3103 2002 3370 2072 perﬁcere

1785 2111 1896 2152 non
1931 2096 2132 2166 potuit,
2161 2097 2302 2167 quod
2335 2096 2582 2166 optabat,
2617 2111 2718 2152 nec
2763 2108 2948 2151 coram
2982 2108 3070 2148 me
3109 2109 3369 2166 prospere

1786 2191 2076 2259 processit.

1865 2282 2030 2339 Vens.
2061 2282 2116 2337 8.
2152 2281 2217 2337 In
2263 2283 2542 2336 matutinis
2567 2280 2944 2350 interﬁciebant
2971 2297 3151 2336 omnes
3182 2296 3369 2347 pecca-

1790 2385 1930 2430 tores
1964 2385 2138 2430 terrae.
2171 2373 2440 2430 Matutino
2466 2386 2736 2445 tempore,
2769 2389 2893 2428 cum
2930 2375 3077 2430 nulla
3107 2375 3239 2438 vini,
3273 2379 3370 2426 aut

1793 2468 1888 2522 irae
1919 2469 2188 2523 ebrietate
2222 2466 2521 2525 detinerer.
2551 2465 2771 2536 quando
2805 2467 3070 2536 cogitatio
3103 2483 3222 2522 mea
3268 2467 3370 2521 de-

1789 2559 1897 2628 cipi
1947 2573 2054 2613 non
2106 2565 2338 2627 poterat.
2373 2556 2558 2612 Terrae
2609 2569 2791 2613 autem
2841 2567 3164 2628 peccatores
3206 2558 3369 2621 dixit,

1791 2667 1901 2706 non
1934 2660 1993 2705 ut
2027 2651 2200 2706 t0tius
2232 2649 2385 2705 orbis
2433 2649 2816 2718 delinquentes
2858 2648 3217 2719 signiﬁcaret,
3271 2650 3372 2704 sed

1790 2757 1890 2797 eos
1915 2749 2153 2806 tantum,
2182 2740 2275 2809 qui
2325 2739 2428 2795 sibi
2483 2740 2769 2794 suberant.
2801 2737 3006 2795 Omnes
3038 2741 3226 2804 etiam,
3263 2755 3371 2794 non

1795 2847 1901 2887 una
1935 2848 2129 2888 omnes
2168 2832 2447 2900 intelligit,
2477 2831 2574 2886 sed
2602 2833 2764 2886 modo
2796 2831 2963 2896 hunc,
2994 2831 3161 2886 modo
3197 2832 3372 2887 illum.

1872 2923 1939 2978 Ut
1970 2927 2380 2979 exterminarem
2413 2923 2479 2977 de
2531 2924 2742 2978 civitate
2781 2923 2998 2978 Domini
3044 2941 3222 2979 omnes
3254 2941 3374 2994 ope-

1793 3025 1971 3069 rantes
2002 3015 2358 3084 iniquitatem.
2389 3011 2785 3067 lntertieiebam
2819 3021 3004 3068 autem
3039 3029 3158 3080 eos,
3193 3023 3251 3068 ut
3280 3029 3376 3067 ex-

1795 3112 2151 3163 terminarem
2187 3109 2407 3178 iniquos
2454 3122 2672 3172 omnes,
2727 3121 2786 3161 ea
2825 3106 3086 3161 nimirutn
3136 3105 3372 3171 ratione,

145 3185 217 3238 ῖνα
262 3187 354 3257 τὴν
381 3190 696 3260 ἀποτομίαν
726 3192 825 3263 τῆς
845 3193 1179 3266 κολάσεωςή
1221 3202 1540 3269 παρανομία
1572 3199 1686 3269 pu-

1806 3210 1858 3255 ιιι
1889 3202 2006 3271 ipsa
2036 3201 2324 3271 iniquitas,
2363 3215 2652 3270 poenarum
2700 3199 3077 3253 austeritatem
3114 3212 3374 3261 cernens,

146 3295 318 3342 πουσα,
336 3282 576 3353 συσταλῇ
612 3285 706 3337 καὶ⁵
733 3285 1029 3356 ἀφανισθῇ.
1063 3289 1221 3342 Κατά
1259 3290 1317 3344 δὲ
1375 3293 1691 3364 ἀναγωγὴν,

144 3373 202 3442 γῆ
244 3372 334 3444 μὲν
369 3375 430 3428 τὸ
475 3376 660 3446 σῶμα,
727 3380 822 3430 καὶ
876 3380 944 3432 τὰ
978 3384 1304 3452 ’σωματικά,
1344 3385 1420 3449 ὡς
1478 3387 1689 3457 γεώδηο

145 3466 432 3537 ἁμαρτωλοὶ
489 3468 546 3522 δὲ
581 3473 682 3542 τῆς
720 3473 981 3543 τοιαύτης
1035 3476 1156 3545 γῆς,
1181 3479 1231 3530 οἱ
1275 3479 1376 3549 τῆς
1419 3481 1696 3553 ἁμαρτίας

146 3566 390 3633 λογισμοί.
447 3565 618 3634 Λέγει
671 3561 766 3620 οὖν
795 3568 878 3643 ὅτε
906 3569 1033 3622 Ὅτε
1072 3571 1346 3626 ἀνέτειλεν
1371 3575 1398 3626 ὁ
1419 3568 1574 3643 ἣλιος
1599 3574 1694 3628 τοῦ

143 3657 282 3726 ἁγίου
312 3657 629 3729 Πνεύματος
664 3661 722 3714 ὲν
749 3663 816 3732 τῇ
844 3663 990 3732 ψυχῇ
1017 3679 1142 3733 μου,
1177 3664 1336 3718 τοῦτο
1373 3668 1482 3739 γὰρ
1513 3670 1695 3738 πρωῖα

145 3751 308 3823 νοητὴ,
355 3753 481 3806 τότε
531 3753 855 3808 ἀπέκτεινον
905 3757 1113 3820 πάντας
1143 3757 1262 3821 τοὺς
1297 3760 1566 3830 ἐμπαθεῖς
1607 3762 1668 3816 λο

146 3847 352 3916 γισμοὺς
411 3847 542 3911 τοὺς
576 3848 641 3900 ὲκ
671 3848 765 3902 τοῦ
833 3850 1071 3924 γεώδους
1123 3852 1394 3923 σώματος,
1452 3858 1546 3911 καὶ
1590 3859 1700 3911 τῶν

147 3938 331 4006 γηΐνων
355 3939 546 4003 ἁπλῶς
573 3941 880 4010 φυομένων.
916 3941 1076 3996 Πόλιν
1103 3942 1157 3996 δὲ
1191 3945 1421 4013 Κυρίου,
1476 3947 1576 4019 τὴν
1601 3948 1702 4019 ψυο

145 4029 232 4100 χὴν
251 4030 373 4098 νόει,
405 4031 486 4095 ὡς
519 4027 666 4087 οἷκον
691 4031 785 4085 τοῦ
823 4033 977 4101 ἁγίου
1011 4033 1348 4104 ιΙνεύματος.

147 4303 449 4374 Προσευχὴ
482 4303 560 4370 τῷ
592 4306 804 4376 πτωχῷ
834 4307 1328 4378 ὄτανάκηὸιάσῃ,
1374 4311 1475 4364 καὶ
1526 4312 1704 4367 ἐναν-

307 4397 438 4450 τίον
475 4397 693 4488 Κυρίου
726 4398 905 4467 ἐγχέῃ
935 4398 1048 4466 τὴν
1078 4393 1294 4470 δέησιν
1318 4403 1529 4458 αὐτοῦ.

697 4489 990 4543 ΨΑΛΜΟΣ
1025 4493 1144 4548 PA'.

1796 3299 2147 3347 coerceretur
2166 3305 2232 3345 ac
2263 3290 2561 3345 deleretur.
2609 3287 2772 3343 Juxta
2811 3301 3110 3358 anagogen,
3141 3301 3237 3358 per
3263 3295 3373 3340 ter-

1798 3399 1939 3449 ram,
1972 3398 2172 3451 corpus
2201 3383 2377 3452 ipsum
2413 3381 2791 3450 intelligimus.
2825 3388 2880 3434 et
2915 3378 3220 3450 corporalia
3251 3394 3374 3432 om-

1798 3477 1914 3543 nia,
1945 3485 2204 3545 tanquam
2239 3485 2480 3530 terrena.
2513 3473 2692 3541 Hujus
2740 3481 2924 3526 autem
2989 3480 3146 3526 terra:
3181 3484 3374 3540 pecca-

1801 3577 1972 3633 tores,
2004 3568 2368 3639 cogitationes
2415 3575 2546 3621 sunt
2575 3565 2644 3620 de
2689 3563 2954 3636 peccatis.
2988 3562 3047 3616 In
3080 3564 3370 3627 matutino,

1801 3661 2002 3731 inquit,
2040 3667 2308 3730 tempore,
2356 3660 2580 3730 quando
2622 3657 2677 3712 iu
2714 3657 2894 3712 anima
2950 3671 3070 3712 mea
3096 3657 3377 3712 oriebatur

1801 3755 1886 3810 sul
1919 3753 2097 3810 sancti
2127 3752 2366 3823 Spiritus
2396 3751 2566 3822 (hunc
2597 3753 2742 3805 enim
2785 3747 3060 3819 appellare
3083 3765 3378 3819 possumus

1803 3845 2174 3904 intellectuale
2219 3845 2596 3910 matutinum),
2633 3841 3025 3898 interﬁciebam
3069 3856 3263 3898 omnes
3293 3841 3380 3896 af-

1807 3941 2050 3994 fectuum
2084 3952 2332 3993 meorum
2360 3936 2744 4006 cogitationes,
2769 3949 2890 4004 quae
2916 3949 2979 3988 ex
3008 3941 3224 3989 terreno
3253 3949 3382 3990 cor-

1809 4046 1938 4101 pore
1970 4038 2135 4100 atque
2171 4045 2232 4084 ex
2272 4028 2651 4082 ntatcrialibus
2680 4027 2805 4082 aliis
2849 4025 3017 4083 rebus
3053 4035 3380 4083 nascuntur.

1805 4119 1912 4176 Per
1947 4119 2157 4176 Domiui
2192 4133 2321 4172 vero
2349 4119 2650 4182 civitatem,
2685 4119 2922 4172 animam
2961 4116 3226 4189 intellige,
3265 4127 3385 4172 tan-

1806 4228 1970 4284 quam
1999 4213 2174 4268 sancti
2210 4209 2449 4282 Spiritus
2475 4209 2718 4264 domum.

1811 4305 2001 4359 Oratio
2037 4304 2137 4373 ipsi
2162 4304 2404 4371 pauperi,
2433 4317 2551 4354 cum
2593 4301 2784 4354 anxius
2813 4299 2997 4368 fuerit,
3041 4310 3090 4355 et
3130 4301 3384 4371 e/fnderit

2182 4408 2355 4460 preces
2383 4407 2510 4444 suas
2543 4404 2722 4442 coram
2763 4387 3012 4442 Domino.

2382 4479 2706 4536 PSALMUS
2738 4477 2822 4533 Cl.

210 4582 428 4653 Πτωχδν
486 4580 722 4635 ἐνταῦθα
769 4581 940 4650 λέγει,
997 4583 1090 4635 τὸν
1135 4583 1390 4656 δεόμενον
1420 4588 1518 4660 τῆς
1556 4589 1689 4644 θεία.

1887 4584 2189 4652 Pauperem
2227 4577 2331 4632 hoc
2361 4576 2417 4630 in
2454 4575 2574 4629 loco
2598 4589 2722 4628 eum
2753 4575 3014 4644 appellat,
3054 4575 3148 4646 qui
3199 4576 3385 4632 divino

151 4673 481 4744 ἒπικουρίας.
517 4671 728 4742 Τούτῳ,
761 4673 950 4742 φησὶν,
988 4674 1219 4744 ἁρμόζει
1245 4678 1277 4746 ἡ
1309 4679 1592 4749 προσευχὴ
1617 4682 1711 4734 τοῦ

150 4765 406 4831 παρόντος
454 4762 710 4832 ψαλμοῦ,
757 4763 888 4817 ὅταν
955 4766 1251 4835 ἀκηδιάσει
1298 4767 1711 4838 πολεμούμενος

147 4851 248 4903 ὑπὸ
273 4853 378 4904 τῶν
431 4852 666 4922 ἐχθρῶν,
722 4851 834 4905 εἴτε
885 4853 1116 4923 ὁρατῶν,
1149 4855 1259 4908 εἴτε
1288 4858 1559 4928 ἀοράτων,
1616 4864 1714 4915 καὶ

149 4942 442 5012 προσφέρει
496 4944 594 5011 τὴν
648 4945 834 5013 δέησιν
891 4945 1083 5010 αὐτοῦ,
1138 4947 1370 5001 ἐνώπιον
1410 4949 1506 5002 τοῦ
1549 4951 1711 5007 Θεοῦ.

161 5034 376 5104 Ἑκχεῶ
413 5035 544 5106 γὰρ,
580 5035 766 5106 φησιν,
822 5035 1078 5092 ἐνώπιον
1135 5040 1322 5094 αὑτοῦ
1352 5040 1466 5109 τὴν
1497 5041 1718 5111 δέησίν

145 5143 276 5192 μου.
341 5128 519 5197 Ὅπερ
570 5126 963 5197 ὲφερμηνεύων
1012 5130 1261 5198 ἐπήγαγε
1295 5147 1309 5162 '
1354 5133 1474 5201 Τὴν
1505 5136 1718 5204 θλίψιν

149 5234 260 5283 μου
283 5215 744 5271 ἐνώπιοναὺτοῦ
803 5219 1226 5288 ἀπαραγγελῶο
1287 5226 1715 5296 προηγουμένως

152 5310 224 5372 δὲ,
270 5311 349 5374 εἰς
379 5310 565 5362 ἐαυτῦν
625 5310 832 5380 ἔγραψε
863 5313 952 5366 τὸν
996 5313 1211 5382 ψαλμὸν
1251 5315 1582 5386 διωκόμενον
1621 5320 1717 5372 κτὶ

155 5401 480 5470 ἀκηδιῶντα,
532 5404 624 5455 καὶ
643 5404 896 5473 δεόμενον
925 5404 1020 5458 τοῦ
1049 5407 1208 5459 Θεοῦ·
1241 5407 1355 5476 ἔχει
1377 5409 1434 5462 δὲ
1464 5412 1558 5465 καὶ
1592 5413 1719 5484 περὶ

155 5491 243 5543 τοῦ
271 5493 508 5561 Χριστοῦ
535 5497 872 5566 προφητείας
896 5497 1326 5569 διεσπαρμένας.

225 5673 420 5740 Κύριε,
462 5675 827 5763 είσάκουσον
869 5677 980 5747 τῆς
1000 5681 1349 5756 προσευχῆς
1383 5703 1523 5757 μου,
1553 5689 1647 5743 καὶ
1683 5690 1721 5756 ἠ

232 5853 274 5886 ⁸⁸
302 5853 460 5912 Prov.
506 5875 594 5923 xx,
633 5859 686 5912 6.

1813 4677 2017 4748 indiget
2047 4673 2274 4727 auxilio.
2311 4668 2448 4723 Huic
2489 4669 2634 4720 enim
2702 4667 2878 4720 oratio
2934 4667 3388 4722 accommodatur

1815 4768 2103 4842 praesentis
2139 4762 2361 4836 psalmi,
2395 4760 2616 4831 quOtics
2649 4759 2724 4815 ob
2759 4759 3084 4824 visibilium,
3142 4774 3237 4814 seu
3296 4761 3384 4818 iu-

1816 4861 2116 4918 visibilium
2176 4855 2412 4910 hostium
2463 4866 2725 4923 pugnam,
2784 4852 2838 4904 in
2899 4852 3176 4906 anxietate
3224 4851 3390 4906 fuerit

1815 4953 2176 5014 constitutus,
2201 4959 2253 5004 et
2296 4947 2599 5002 orationem
2661 4959 2817 5001 suam
2879 4943 3141 4999 obtulerit
3201 4959 3385 4997 coram

1817 5051 1947 5106 Deo.
1983 5044 2273 5116 Effundam
2309 5044 2478 5105 enim,
2504 5041 2709 5111 ittqttit,
2744 5039 2798 5092 in
2828 5047 3104 5105 conspectu
3146 5045 3234 5089 tuo
3270 5050 3385 5103 pre-

1814 5160 1897 5198 ces
1930 5155 2098 5194 meas.
2133 5135 2290 5204 Quod
2322 5135 2498 5204 magis
2543 5133 2709 5188 etiam
2753 5131 3040 5185 declarans
3081 5128 3330 5194 adiunxit
3369 5143 3384 5179 :

1815 5234 2164 5307 Aﬁlictionem
2189 5244 2358 5284 meam
2406 5241 2586 5280 coram
2625 5240 2684 5277 eo
2742 5221 3116 5284 annuntiabo;
3169 5219 3383 5272 tametsi

1816 5343 1883 5380 ex
1927 5323 2106 5395 primo
2163 5316 2447 5389 proposito
2495 5327 2596 5383 pro
2664 5310 2848 5380 seipso
2909 5309 3180 5378 Pmpheta
3239 5308 3387 5362 hunc

1821 5416 2090 5488 psalmum
2119 5405 2535 5476 conscripserit,
2571 5415 2638 5456 eo
2667 5401 2929 5455 nimirum
2973 5409 3238 5469 tempore,
3273 5406 3390 5468 ‘quo

1822 5507 2260 5578 persecutionem
2287 5511 2482 5568 passus
2508 5504 2612 5550 est.
2664 5494 2819 5548 Tunc
2857 5495 3060 5549 etenim
3113 5505 3169 5549 et
3219 5493 3392 5548 tristis

1822 5601 1950 5661 fuit,
1980 5605 2034 5652 et
2058 5595 2226 5649 Deum
2260 5588 2547 5644 honoravit
2573 5586 2764 5641 dicens
2793 5601 2808 5639 :

1897 5689 2058 5744 Vsus.
2107 5685 2164 5739 2.
2209 5681 2445 5748 Domine,
2505 5677 2699 5732 exaudi
2759 5679 3050 5735 orationem
3088 5693 3281 5747 meum,
3341 5686 3394 5732 et
