3898 6536
127 309 259 375 1001

1295 313 1690 384 COMMENT,
1732 314 1814 374 IN
1851 314 1984 374 PSA
1994 315 2214 379 LMOS.

3238 323 3376 400 1002

123 423 260 487 ζειν.
294 420 484 488 Οὕτως
509 422 626 489 οὖν,
675 423 830 493 φησὶ,
879 422 1036 493 κάγὼ
1060 423 1119 479 ὲν
1145 427 1303 480 νυκτὶ
1331 427 1524 497 κρὰζω
1568 425 1688 498 πρὸς

1811 427 2133 497 appellatur,
2165 427 2308 496 quod
2334 440 2491 484 nocte
2533 429 2748 486 c'amet.
2817 430 2933 486 Non
2997 447 3157 490 secus
3207 435 3375 506 igitur

123 515 179 566 σὲ
205 515 298 568 τὸν
325 516 481 577 θεὸν,
504 516 604 587 τὴν
634 515 886 569 ἐπίθεσιν
914 516 1128 569 δειλιῶν
1149 517 1258 570 τῶν
1285 518 1586 588 πολεμίων,

197 695 612 765 Ἠγρὺπνησα,
643 695 741 750 καὶ
788 696 1085 766 ἐγενόμην
1113 697 1193 764 ὡς
1219 699 1544 766 στρουθίον
1586 718 1698 768 μο-

115 785 295 846 γάζον
348 787 449 839 ἐπὶ
501 787 793 856 δώματος.
861 789 971 840 Καὶ
1013 788 1173 842 τοῦτο
1207 791 1317 859 γὰρ
1365 791 1568 860 ὁμοξως
1592 791 1698 853 ὑπὸ

117 875 323 938 δειλὲας
353 876 647 946 ἀγρυπνεῖ,
683 876 778 930 καὶ
814 876 1037 945 μονάζει
1077 877 1169 930 ἐπὶ
1210 877 1463 948 δώματος
1501 895 1648 943 τινος
1679 894 1695 909 ·

117 970 293 1020 εἶτουν
321 967 486 1037 μόνον
521 969 696 1039 μένει.
738 970 907 1036 Δῶμα
936 971 992 1024 δὲ
1038 971 1138 1039 τὴν
1166 971 1364 1041 στέγην
1387 972 1623 1041 νοήσεις.

184 1062 383 1128 Ὅλην
406 1061 521 1130 τὴν
551 1061 783 1131 ἡμέραν
834 1061 1136 1123 ὠνείδιζόν
1156 1080 1230 1132 με
1252 1066 1305 1118 οἱ
1334 1063 1538 1132 ἐχθροί
1553 1080 1696 1132 μου.

131 1149 430 1216 Ὦνεέδιζόν
464 1170 559 1223 μοι
593 1153 798 1206 δειλίαν
825 1155 918 1212 καὶ
949 1154 1328 1226 ταλαιπωρίαν
1383 1156 1432 1208 οι
1477 1155 1700 1211 διώκονε-

120 1246 208 1306 τές
240 1261 332 1313 με.

183 1337 292 1392 Kai
325 1341 379 1392 οἱ
414 1338 811 1406 ἐπαινοῦντές
838 1357 914 1410 με
939 1340 1066 1396 κατ’
1094 1340 1240 1409 ἐμοῦ
1265 1339 1528 1408 ὤμνυον.
1570 1343 1700 1412 Ὅρα

118 1446 241 1490 κους
274 1429 571 1498 ἐπιϐουλῆς
605 1447 618 1461 ·
659 1430 693 1500 ἢ
727 1431 890 1500 ὅρκον
942 1430 1040 1493 τὰς
1077 1429 1216 1499 ἐμὰς
1241 1429 1524 1484 ἐποιοῦντο
1555 1447 1698 1500 συμ-

122 1521 264 1588 ςσρὰ
279 1539 330 1586 ς,
361 1516 474 1574 οἷον
504 1521 597 1594 Μὴ
624 1523 894 1592 πάθοιμεν
916 1522 990 1586 ὡς
1020 1525 1048 1576 ὁ
1078 1525 1248 1588 δεῖνα,
1287 1523 1360 1593 μὴ
1403 1523 1699 1592 γενοίμεθα

116 1613 186 1675 ὡς
217 1615 454 1676 ἐκεῖνος.
492 1615 564 1668 Ἦ
598 1616 692 1668 καὶ
720 1615 922 1683 ἄλλως,
978 1615 1136 1670 τοῦτο
1165 1616 1222 1669 τὸ
1251 1617 1415 1686 ῥητόν
1445 1633 1587 1679 τινες
1623 1618 1698 1684 ὡς

116 1705 220 1757 ἀπὸ
259 1706 359 1760 τοῦ
406 1706 644 1776 Χριστοῦ
682 1709 812 1777 περὶ
844 1708 1053 1776 Πέτρου
1093 1707 1478 1780 προρρηθῆναι
1509 1711 1692 1779 νενοήν

1805 520 1874 572 de
1912 529 2072 575 nocte
2103 519 2170 574 ad
2201 519 2368 577 Deum
2399 535 2459 576 se
2485 523 2726 578 clamare
2755 523 2910 588 dicit,
2950 525 3080 580 dum
3133 527 3378 586 hostium

1806 610 2086 666 incursum
2129 611 2478 673 reformidat.

1879 701 2048 767 Vsus.
2081 704 2134 760 8.
2176 704 2402 776 Vigilavi
2430 715 2480 760 et
2521 707 2693 776 {uetus
2715 724 2831 763 sum
2860 709 2994 764 sicut
3025 726 3214 779 passer
3254 715 3383 768 soli-

1804 796 1975 854 turius
2023 797 2253 863 intecto.
2295 796 2492 868 Vigilat
2528 815 2766 871 namque
2817 813 2870 857 et
2905 803 3023 870 ipse
3051 818 3243 874 passer
3267 820 3380 876 pra:

1804 889 2121 953 formidine,
2153 899 2206 946 et
2246 892 2397 947 solus
2426 892 2480 946 in
2520 900 2664 959 tecto
2693 893 2874 968 degit;
2926 897 3010 951 vel
3065 907 3276 951 tantmn
3321 899 3376 955 in

1805 978 1966 1033 tectis
2000 990 2206 1038 manet.

1879 1070 2043 1128 Vsus.
2091 1072 2145 1130 9.
2208 1073 2341 1128 Tota
2379 1076 2465 1130 die
2520 1077 2922 1146 exprobrabant
2968 1081 3099 1134 mihi
3166 1083 3378 1142 inimici

1804 1160 1926 1216 mei.
1963 1159 2388 1231 Exprobrabant
2431 1167 2560 1222 tnihi
2579 1183 2595 1201 ο
2621 1167 2971 1226 formidinem
2995 1179 3051 1225 et
3075 1172 3373 1235 miseriam,

1802 1265 1996 1306 omnes
2026 1253 2060 1308 ii
2089 1255 2180 1323 qui
2209 1259 2678 1328 persequebantur
2717 1275 2824 1316 me.

1873 1344 1944 1400 Et
1974 1347 2065 1415 qui
2091 1347 2388 1404 laudabant
2420 1369 2520 1415 me,
2549 1353 2826 1414 adversum
2860 1371 2940 1408 me
2954 1355 3239 1425 jurabant.
3272 1359 3376 1424 Qui

1803 1437 1958 1507 prius
1987 1454 2074 1494 me
2100 1439 2539 1509 admirabantur,
2577 1453 2671 1499 aut
2719 1448 3014 1506 laudabunt
3061 1465 3169 1516 me,
3223 1461 3376 1520 pust-

1806 1529 2024 1584 modum
2051 1531 2308 1600 jurarunt
2337 1537 2629 1591 adversum
2657 1553 2764 1602 me,
2804 1537 3120 1606 juramento
3162 1543 3378 1600 Scilicet

1803 1621 2195 1678 conlirmantes
2228 1625 2673 1698 conspirationes
2743 1637 2907 1698 atque
2961 1630 3195 1686 insidias
3254 1631 3376 1688 illas

1805 1730 1941 1785 quas
1970 1716 2025 1774 in
2063 1732 2149 1774 me
2180 1719 2578 1787 moliebantur;
2605 1720 2712 1788 vel,
2749 1721 3094 1776 calamitates
3130 1737 3278 1778 meas
3321 1724 3373 1788 in

116 1813 296 1862 κασιν,
360 1800 663 1870 ὀμόσαντος
720 1801 968 1880 ὕστερον,
1033 1801 1116 1853 ὅτι
1145 1800 1260 1854 Οὐκ
1307 1795 1423 1864 οἶδα
1469 1802 1562 1858 τὸν
1600 1801 1688 1864 ἄν·

1811 1815 2168 1872 ιυτσιιιοηιιιηι
2199 1810 2541 1878 redigebant,
2573 1811 2722 1866 verbi
2749 1812 2922 1883 gratia
2958 1830 2971 1867 :
3009 1811 3100 1874 Sic
3131 1828 3230 1867 nos
3263 1829 3370 1866 non

117 1889 356 1961 θρωπον.

1801 1899 2078 1970 patiamur
2098 1916 2163 1960 ea
2197 1917 2318 1972 qua:
2344 1903 2434 1958 ille
2459 1904 2686 1974 patitur,
2739 1921 2918 1974 neque
2970 1904 3272 1960 efﬁciamur
3317 1918 3375 1964 ut

117 1978 228 2049 ipse
262 1989 370 2037 est.
402 1979 640 2048 Quidam
677 1997 811 2038 vero
843 1982 958 2040 hac
987 1983 1152 2044 verba
1182 1983 1329 2039 dicta
1355 1999 1481 2040 esse
1535 1985 1846 2057 intelligunt
1892 2005 1958 2045 ex
1999 2006 2230 2061 persona
2257 1992 2486 2060 Christi,
2521 1995 2595 2050 ita
2670 2005 2727 2049 ut
2795 1997 2866 2056 sit
2930 1997 3217 2068 prephetia
3309 1995 3376 2048 tlu

113 2071 293 2136 Petro.
331 2073 427 2145 qui
453 2075 662 2144 juravit
693 2092 753 2132 se
782 2093 891 2131 non
919 2076 1142 2132 novisse
1185 2077 1488 2132 hominem.
1550 2121 1560 2131 .

183 2168 312 2221 Ὅτι
338 2169 596 2234 σποδὸν,
627 2169 772 2224 ὡσεὶ
811 2171 995 2239 ἄρτον
1018 2169 1268 2240 ἔφαγον,
1301 2171 1401 2224 καὶ
1431 2171 1497 2223 τὸ
1533 2176 1697 2240 πόμα

113 2276 220 2327 μου
295 2260 460 2328 μετὰ
514 2263 832 2331 κλαυθμοῦ
887 2263 1162 2336 ἐκίρνων.
1235 2263 1434 2322 Εἴποτε
1489 2265 1697 2333 τροφῆς

120 2352 425 2422 ἐμνήσθην,
454 2354 650 2406 σποδὶν
675 2354 909 2414 ἔπαττον
941 2356 1032 2410 ἐπὶ
1060 2356 1151 2410 τὸν
1177 2357 1342 2426 ἄρτον
1366 2373 1491 2426 μου,
1519 2358 1611 2410 καὶ
1639 2359 1698 2411 τδ

119 2445 267 2515 πόμα
325 2463 428 2516 μου
501 2447 642 2518 μετὰ
704 2449 986 2519 κλαυθμοῦ
1051 2448 1283 2521 ἐκίρνων
1319 2465 1336 2490 ο
1388 2449 1531 2504 οὕτω
1588 2451 1698 2522 γὰρ

119 2538 338 2591 ἐποίουν
368 2539 419 2590 ot
448 2543 506 2592 ὲν
540 2540 815 2612 ὑπερϐολῇ
843 2542 1167 2613 συμφορῶν,
1221 2541 1345 2612 μηδ’
1367 2542 1535 2614 αὐτὴν
1565 2545 1698 2598 ἄλυ-

117 2648 212 2684 πον
238 2631 338 2708 τὴν
370 2632 580 2704 τροφὴν
609 2635 1021 2707 προσφέρεσθαι
1045 2635 1474 2706 ἀνεχόμενοι.Ἦ
1501 2636 1697 2690 σποδὸν

119 2726 210 2792 μὲν
253 2727 380 2779 ἀντὶ
420 2726 512 2779 τοῦ
555 2729 726 2799 ἄρτου
757 2729 964 2798 ἔφαγον
1000 2744 1014 2759 ⁸
1055 2732 1220 2784 ποτὸν
1254 2729 1311 2784 δὲ
1343 2731 1402 2783 ὲν
1428 2728 1695 2800 κλαυθμῷ

117 2819 344 2895 ἐκίρνων
372 2840 384 2851 ·
416 2819 606 2892 ἤγουν,
637 2821 850 2890 δάκρυα
881 2821 1133 2893 ἐκίρνων,
1158 2821 1283 2875 ἀντὶ
1313 2819 1500 2874 ποτοῦ.
1549 2819 1699 2887 Ἐγί-

119 2927 229 2963 νετο
256 2911 314 2964 δὲ
344 2911 530 2974 τοῦτο,
559 2912 649 2966 ὅτε
684 2911 887 2977 πάντες
923 2912 1133 2984 τροφῆς
1171 2912 1692 2984 μεταλαμϐάνοντες

119 3001 202 3054 καὶ
253 3001 622 3074 ἱλαρύνοντες.
681 3003 818 3056 Τότε
868 3002 974 3074 γὰρ
1033 3002 1197 3068 αὐτὸς
1245 3004 1334 3056 ἐπὶ
1391 3003 1686 3073 πρόσωπον

123 3093 366 3161 κείμενος
394 3096 490 3148 καὶ
524 3095 736 3148 πενθῶν
768 3094 974 3148 ἔπασσε
1007 3095 1108 3166 μὲν
1142 3095 1316 3162 κόνιν,
1343 3097 1412 3168 τῇ
1435 3094 1568 3166 ὀλκῇ
1597 3094 1691 3149 τοῦ

119 3185 430 3255 πνεύματος
464 3189 986 3253 συνεισπίπτουσαν,
1075 3187 1312 3260 ἐφύρετο
1339 3187 1398 3241 δὲ
1429 3189 1542 3251 τοῖς
1601 3186 1699 3240 δά·-

119 3293 294 3340 ιρυσι.
327 3279 428 3332 Διά
451 3279 550 3348 μέν
575 3297 656 3340 τοι
682 3280 791 3336 τῶν
826 3280 1092 3350 ῥημάτων
1124 3280 1332 3334 τούτων
1375 3279 1476 3350 τὴν
1499 3279 1695 3352 660w;—

121 3369 211 3436 ρὰγ
231 3369 376 3448 ζωὴν
403 3371 663 3452 ἐνέφηνεν
683 3387 698 3403 ·
723 3373 940 3450 εἴρηται
967 3372 1021 3426 δὲ
1045 3371 1306 3439 πολλάκις
1360 3373 1444 3426 ὅτι
1487 3371 1550 3426 τὺ
1599 3373 1689 3426 ὅτι

121 3462 243 3515 ποτὶ
292 3462 394 3531 μὲν
432 3466 796 3534 αἰτιολογικόν
839 3465 982 3530 ἐστι,
1020 3463 1152 3526 ποτὲ
1188 3465 1244 3519 δὲ
1292 3462 1690 3534 βεϐαιωτικὸν,

122 3556 245 3610 ποτὲ
275 3555 334 3609 δὲ
362 3557 659 3628 παρέλκον,
693 3557 1174 3630 ἢδιηγηματικδν,
1203 3557 1280 3621 ὡς
1315 3557 1411 3611 καὶ
1437 3555 1556 3614 νῦν.

1871 2170 2040 2230 Vsus.
2073 2173 2160 2228 10.
2224 2174 2364 2238 Quia
2396 2174 2618 2230 cinerem
2675 2182 2927 2241 tanquam
2972 2185 3159 2239 panem
3227 2189 3376 2225 man-

1798 2267 2079 2331 ducabam,
2104 2278 2153 2321 et
2182 2278 2362 2334 potum
2392 2283 2562 2320 meum
2595 2281 2713 2318 cum
2764 2265 2894 2338 ﬂetu
2945 2264 3250 2318 miscebant.
3309 2263 3366 2315 Si

1801 2361 2096 2430 aliquando
2140 2361 2245 2416 cibi
2311 2361 2686 2421 memineram,
2715 2365 2769 2411 et
2819 2359 3029 2425 panem'
3067 2355 3255 2409 cinere
3317 2371 3375 2407 a-

1802 2452 2148 2522 spergebant,
2181 2462 2232 2507 et
2277 2460 2462 2520 potum
2489 2465 2667 2504 meum
2696 2449 2991 2507 miscebant
3026 2449 3175 2514 ﬂetu,
3205 2455 3262 2502 ut
3290 2447 3370 2501 fa-

1799 2558 1922 2600 cere
1950 2546 2128 2600 solent
2157 2545 2192 2600 ii
2219 2546 2312 2616 qui
2335 2545 2390 2599 in
2411 2542 2646 2601 summis
2677 2541 2963 2598 constituti
2983 2549 3112 2596 sunt
3150 2537 3375 2594 calami-

1793 2637 2018 2701 tatibus,
2064 2645 2118 2692 et
2141 2652 2250 2695 non
2284 2633 2669 2694 sustinent'vel
2697 2634 2878 2689 cibum
2906 2634 3085 2703 ipsum
3110 2631 3214 2687 sibi
3243 2631 3374 2686 abs-

1751 2741 1764 2753 ·’
1791 2744 1898 2798 que
1938 2730 2163 2784 tristitia
2189 2729 2395 2786 afferri.
2424 2728 2544 2792 Vel,
2581 2729 2821 2783 cinerem
2850 2727 3074 2798 quidem
3101 2740 3201 2795 pro
3233 2740 3374 2795 pane

1755 2845 1758 2854 ι
1796 2819 2216 2885 manducabam,
2241 2831 2430 2892 potum
2463 2835 2593 2876 vero
2625 2821 2680 2874 in
2715 2819 2841 2873 ﬂetu
2890 2817 3215 2885 tniscebam,
3265 2819 3370 2870 hoc

1789 2923 1898 2977 est,
1929 2912 2200 2984 lacrymas
2227 2914 2522 2970 misreham
2559 2928 2657 2984 pro
2689 2919 2819 2981 potu
2859 2926 2874 2964 :
2915 2912 3017 2964 hoc
3067 2919 3249 2963 autem
3286 2907 3370 2962 fa-

1797 3003 2183 3070 cieham,cum
2209 3006 2299 3063 alii
2354 3021 2550 3062 omnes
2603 3005 2789 3060 cibum
2852 3010 3158 3060 sumerent.
3205 3008 3374 3071 atque

1798 3095 2002 3150 hilares
2034 3109 2244 3152 essent.
2279 3097 2436 3152 Tune
2469 3097 2671 3154 etenim
2716 3111 2817 3166 ego
2875 3097 2930 3150 in
2985 3094 3180 3148 faciem
3242 3107 3372 3164 pro-

1792 3186 2082 3253 cumbens,
2109 3197 2163 3241 et
2195 3188 2410 3258 lugens,
2462 3201 2562 3241 ore
2610 3186 2730 3255 ipso
2775 3183 3058 3254 pulverem
3123 3182 3371 3236 attrahe-

1795 3279 1947 3345 bam,
2009 3281 2104 3350 qui
2137 3290 2322 3347 vento,
2366 3288 2461 3334 aut
2505 3279 2697 3348 spiritu
2756 3277 3144 3340 attolYebatur;
3203 3283 3370 3344 atque

1792 3371 1901 3430 hoc
1935 3380 2098 3442 pacto
2131 3372 2433 3427 miscebant
2461 3387 2586 3426 eum
2635 3369 2917 3439 lacrymis.
2973 3366 3115 3436 lluju
3147 3369 3371 3422 scemod

1791 3474 1973 3524 autem
2002 3464 2212 3531 verbis,
2247 3465 2426 3527 vitam
2453 3479 2608 3522 suam
2680 3460 2936 3519 maestitia
2991 3461 3205 3532 plenam
3249 3473 3374 3518 esse

1802 3557 2089 3616 indicavit.
2125 3559 2339 3615 Dictum
2374 3569 2457 3614 est
2484 3568 2666 3613 autem
2713 3559 2936 3624 saepius,
2971 3557 3117 3627 quod
3174 3553 3373 3609 dictio-t

120 3667 228 3717 nes,
255 3656 382 3725 quia
408 3663 464 3712 et
491 3657 766 3726 quoniam,
794 3655 1094 3726 aliquando
1145 3670 1369 3720 causam
1425 3653 1685 3717 reddunt,
1727 3651 2027 3728 aliquando
2065 3655 2412 3723 confirmant,
2461 3664 2516 3712 et
2544 3655 2844 3725 aliquando
2899 3666 3129 3725 prorsus
3196 3650 3372 3706 abun-

119 3744 258 3807 dant.
288 3762 386 3802 seu
416 3763 513 3818 per
539 3750 762 3804 modum
801 3749 1094 3821 quemdam
1137 3756 1421 3820 ponuntur
1472 3747 1835 3814 narrationis,
1862 3759 1920 3802 ut
1945 3750 2055 3806 hic.

191 3837 324 3892 Ἀπὸ
351 3841 681 3908 προσώπου
710 3843 822 3923 τῆς
859 3841 1044 3912 ὀργῆς
1077 3857 1195 3896 σου
1227 3843 1326 3903 καὶ
1359 3841 1466 3898 τοῦ
1494 3839 1688 3910 θυμοῦ

122 3942 248 3984 σου.
281 3931 468 3997 Ταῦτᾴ
500 3951 590 4004 μοι
621 3935 927 4005 συνέϐησαν
959 3935 1066 3988 ἀπὺ
1107 3933 1208 4005 τῆς
1247 3934 1416 4004 ὀργῆς
1454 3951 1575 3998 σου,
1605 3934 1688 3988 ὅτι

128 4021 393 4094 ὣργίσθης
420 4039 536 4094 μοι’
569 4026 850 4098 ὠργισοης
882 4044 972 4098 μοι
1001 4027 1175 4095 δὲ,ϐτι
1203 4027 1595 4096 παρεπῖκρανά
1629 4043 1688 4078 σε

134 4114 478 4187 ἁμαρτήσας,
513 4117 818 4189 Πρόσωπον
853 4119 910 4173 δὲ
939 4118 1112 4191 ὀργῆς
1174 4119 1208 4191 ἡ
1248 4118 1385 4190 ὀργὴ
1419 4134 1690 4188 περιφρα·

120 4214 334 4275 στικῶς.

186 4304 311 4357 Ὀτι
346 4305 576 4372 ἐπάρας
601 4305 970 4382 κατέρῤαξάς
1003 4323 1094 4374 με.
1152 4306 1414 4375 Ὓψωσάς
1447 4322 1514 4375 με
1549 4305 1686 4376 πρό-

125 4413 289 4466 τερον,
317 4398 408 4452 ὅτε
434 4399 614 4464 καλῶς
646 4396 814 4470 εἰχον,
858 4399 1086 4471 ὕστερον
1117 4399 1173 4462 δὲ
1215 4397 1558 4471 κατέῤῥαξάς
1593 4415 1684 4467 με.

125 4491 521 4564 παραχωρήσας
545 4495 880 4547 καταπεσεῖν
912 4508 1000 4562 με.
1031 4491 1258 4563 Ὅμοιον
1282 4493 1342 4550 δέ
1383 4495 1500 4546 ἐστι
1531 4491 1690 4545 τοῦτο

127 4579 218 4648 τῷ,
263 4580 554 4650 Ὑψωθεὶς
583 4583 652 4636 δὲ
677 4585 1102 4652 ἑταπεινώθην.

180 4763 246 4813 At
279 4761 493 4828 ήμέίαι
526 4779 646 4828 μου
705 4761 850 4816 ὡσεὶ
881 4761 1025 4815 σκιὰ
1069 4762 1423 4828 ἑκλίθησαν.
1469 4762 1692 4832 Ταχέως

124 4852 391 4920 παρῆλθον
413 4871 426 4883 ο
458 4853 554 4905 καὶ
595 4853 832 4923 ἀλλαχοῦ
860 4854 917 4906 δέ
949 4871 1114 4923 φησιν
1145 4869 1160 4882 ⁸
1203 4855 1540 4926 Ἀναρωπος
1578 4871 1692 4922 μα-

123 4949 366 5010 ταιότητι
397 4945 704 5015 ὡμοιώθη·
759 4947 819 5001 at
874 4945 1084 5015 ἡμέραι
1128 4945 1316 5000 αὐτοῦ
1359 4946 1500 4998 ὡσεὶ
1547 4945 1692 4999 σκιὰ

124 5039 513 5106 παράγουσιν.
545 5037 768 5108 Ταχέως
797 5039 904 5106 γὰρ
937 5041 968 5108 ἡ
999 5037 1128 5091 σκιὰ
1165 5037 1512 5106 ἀφανίζεται.

187 5130 356 5197 Κάγὼ
373 5129 519 5193 ὡσεὶ
541 5131 758 5200 χόρτος
779 5129 1146 5198 ἐξηράνθην.
1167 5130 1370 5198 Εἴρηκε
1399 5128 1572 5182 ταῦτα
1593 5130 1688 5182 καὶ

121 5220 391 5290 ἀνωτέρω.
435 5222 576 5274 ’Λλλ’
607 5223 728 5277 ἐκεῖ
759 5222 861 5290 μὲν
885 5223 984 5290 τὴν
1017 5220 1245 5289 καρδίαν
1275 5221 1470 5284 ἑαυτοῦ
1489 5220 1685 5290 ξηραν.

121 5310 282 5380 θῆναι
312 5310 462 5366 εἶπεν
486 5331 500 5345 ο
532 5313 772 5370 ἐνταῦθα
795 5314 850 5366 δὲ
875 5314 994 5366 ὅλον
1019 5313 1212 5366 ἑαυτὸν
1268 5312 1372 5365 ὑπὸ
1402 5312 1688 5383 τηκεδὸνος

121 5405 480 5479 μαρανθῆναι.

189 5495 276 5551 Σὺ
303 5496 391 5565 δὲ,
431 5501 634 5567 Κύριε,
690 5501 778 5564 εις
828 5498 935 5552 τὸν
985 5494 1170 5554 αἰῶνα
1202 5496 1428 5563 μένεις.
1465 5497 1544 5550 Τὰ
1589 5497 1688 5566 μὲν

120 5589 242 5642 κατ’
281 5591 399 5655 ἐμὲ,
433 5592 552 5661 ἦτοι
607 5593 673 5643 τὰ
702 5591 1044 5667 evomam,
1085 5587 1314 5641 τοιαῦτα
1349 5589 1691 5659 εὐμετάϐολα

196 5771 243 5802 ’⁸
272 5771 412 5828 Psal.
441 5759 687 5832 uuvtt,
719 5769 802 5822 ιϐ.
886 5767 926 5798 ¹⁹
976 5765 1126 5819 Psal.
1163 5779 1361 5830 chttt,
1403 5764 1455 5823 -ί,

485 5871 756 5930 Ριιτιιυι..
788 5869 902 5926 Gn.
948 5861 1284 5925 CXXVIII.

1865 3841 2030 3908 Vens.
2061 3843 2151 3898 ll.
2177 3843 2220 3907 Α
2255 3843 2392 3911 faeie
2419 3841 2518 3895 ira:
2576 3848 2682 3894 tua:
2715 3847 2764 3894 et
2811 3835 3196 3907 indignationis
3237 3846 3362 3903 tum.

1789 3936 1916 3997 "me
1947 3937 2079 4001 mihi
2105 3937 2454 4006 contigerunt
2486 3933 2555 3988 ab
2606 3931 2688 3987 ira
2728 3941 2844 3996 tua,
2902 3929 3164 4000 quoniam
3222 3927 3354 3998 mihi

1790 4031 1964 4086 iratus
2019 4029 2206 4095 fuisti;
2251 4043 2312 4083 es
2371 4034 2555 4082 autem
2584 4025 2780 4087 iratus,
2847 4023 2974 4092 quia
3034 4021 3354 4092 peccatiste

1792 4124 1928 4177 meis
1984 4121 2213 4175 irritavi.
2277 4119 2380 4174 Per
2432 4117 2624 4173 faciem
2676 4131 2804 4171 vero
2858 4115 2952 4170 iraa
3014 4117 3188 4180 ipsam
3220 4116 3355 4179 iram

1793 4210 2281 4280 circmuloquentlo
2306 4209 2462 4264 dixit.

1864 4302 2126 4368 Quoniam
2155 4301 2365 4363 elevans
2400 4297 2703 4366 confregisti
2733 4312 2832 4349 tne.
2878 4293 3020 4350 Olim
3053 4308 3138 4348 mc
3193 4295 3244 4351 in
3287 4296 3366 4347 al-

1796 4403 1910 4450 tum
1934 4395 2182 4455 elevasti,
2218 4409 2343 4448 cum
2384 4407 2504 4446 mea
2533 4391 2717 4443 omnia
2756 4388 2894 4442 bene
2951 4401 3012 4441 se
3075 4385 3364 4449 haberent,

1794 4487 1890 4543 sed
1920 4497 2110 4556 postea
2135 4483 2457 4553 confregisti
2491 4497 2598 4543 me,
2638 4495 2667 4534 a
2694 4477 2928 4548 pristino
2950 4492 3034 4532 me
3058 4487 3203 4540 statu
3266 4480 3363 4532 de—

1793 4580 1978 4634 cidere
2049 4576 2395 4648 permittens.
2450 4573 2639 4627 Simile
2699 4571 2832 4628 illud
2884 4578 3016 4625 est:
3069 4566 3362 4632 Exultatus

1791 4681 1969 4726 autem
2003 4669 2316 4722 humiliatus
2352 4683 2470 4720 sum
2505 4664 2570 4718 ⁸⁸.

1863 4765 1989 4818 Dies
2015 4765 2115 4825 mei
2168 4763 2306 4815 sicut
2351 4760 2542 4814 umbra
2597 4757 3014 4820 declinaverunt.
3061 4755 3185 4810 Cito
3241 4770 3366 4822 pet--

1794 4857 2153 4911 transierunt.
2189 4853 2330 4907 Alibi
2373 4854 2537 4906 etiam
2575 4851 2648 4903 ait
2683 4867 2698 4905 :
2740 4849 2908 4903 Homo
2938 4847 3165 4903 vanitati
3211 4848 3366 4900 siuti-

1793 4953 1857 5007 lis
1897 4952 2072 5020 factus
2104 4948 2334 5014 est,dies
2372 4945 2485 5008 eius
2528 4945 2666 5000 sicut
2698 4942 2889 5001 umbra
2927 4947 3243 5011 praetereunt
3298 4941 3362 4995 ‘9.

1795 5043 1998 5099 Umbra
2033 5041 2235 5096 etenim
2267 5039 2418 5094 brevi
2447 5037 2842 5105 exstinguitur.

1864 5137 1930 5191 Et
1993 5150 2087 5206 ego
2137 5135 2290 5204 quasi
2343 5133 2505 5188 Iterba
2561 5129 2770 5186 exarui.
2818 5121 3146 5192 Huiusmodi
3199 5121 3362 5174 verba

1797 5229 1960 5283 etiam
1987 5227 2242 5293 superius
2273 5223 2535 5284 vidimus,
2568 5233 2755 5277 verum
2816 5215 2929 5269 illic
2977 5210 3200 5282 quidem
3269 5223 3359 5263 cm

1797 5335 1978 5378 suum.
2016 5317 2101 5369 hic
2129 5329 2259 5368 vero
2292 5323 2462 5367 totum
2496 5326 2554 5364 se
2586 5309 2662 5363 ait
2694 5305 2999 5363 exaruisse.

1863 5497 2027 5550 Vens.
2067 5496 2149 5549 l5.
2188 5491 2264 5546 Tu
2293 5501 2491 5548 autent.
2529 5488 2770 5552 Domine,
2806 5487 2860 5540 in
2887 5484 3139 5540 sarculum
3157 5496 3367 5549 perma-

1797 5607 1904 5644 ηαδ.
1939 5587 2012 5646 Ea
2033 5587 2250 5656 quidem
2279 5599 2400 5654 qua:
2427 5584 2491 5634 ad
2525 5595 2610 5634 tne
2638 5579 2934 5650 pertinent,
2971 5577 3077 5630 hoc
3119 5584 3224 5638 est,
3259 5572 3363 5633 hue

2927 5848 2999 5908 3:2
