3898 6538
238 567 369 629 1009

1418 560 1801 625 COMMENT.
1846 559 1926 623 IN
1967 558 2329 623 PSALMOS.

3341 550 3483 615 10l0

229 679 616 750 .tarrlaortat.
666 682 944 748 Ἐλίξεις,
979 682 1283 746 συστελεῖς·
1328 682 1503 746 οὕτως
1535 683 1795 754 εὐχερῶς,

1913 679 2496 737 taburnum—Involuta»
2516 678 2673 741 dixit,
2710 675 3149 747 pro,eoercebis,
3180 682 3239 732 ct‘
3269 680 3485 731 eunt-ra.

228 776 299 834 ὠς
325 774 531 827 ἑλίσσει
560 792 646 837 τις
673 775 1046 845 περιϐόλαιον.
1074 775 1173 828 Διά
1202 774 1393 828 τούτου
1424 775 1481 829 δὲ
1533 775 1595 827 τὸ
1630 792 1804 845 μεγα-

228 866 523 938 λοδύναμον
578 866 675 921 καὶ
722 867 1022 932 πανσοενὲς
1074 868 1168 922 τοῦ
1220 867 1462 939 Χριστοῦ
1524 870 1802 939 ἐμφαίνει.

232 963 407 1030 Ὅπερ
450 960 509 1013 δὲ
553 955 712 1014 εἶπεν
760 961 1034 1032 ἀνωτέρω,
1082 961 1455 1017 ἀπολοῦνται
1510 961 1668 1014 τοῦτο
1707 961 1804 1013 νῦν

225 1053 681 1122 ἀλλαγήσονται
739 1071 930 1124 φησιν,
1027 1054 1421 1124 ἐφερμηνεύων
1508 1053 1640 1108 αὐτὸ
1711 1055 1806 1107 καὶ

224 1145 420 1214 δηλῶν.
451 1147 535 1199 ὅτι
568 1145 666 1200 καὶ
696 1144 854 1200 αὐτοὶ
880 1148 1020 1217 πρὸς
1047 1145 1360 1216 ἀφθαρσίαν
1381 1145 1802 1216 ἀλλαγήσονται,

223 1237 718 1308 ἀνακαινιζόμενοι.
742 1238 882 1309 Φησὶ
908 1240 1018 1311 γὰρ
1039 1241 1067 1293 ὁ
1102 1238 1445 1303 Ἀπόστολος,
1479 1242 1562 1294 ὅτι
1603 1241 1798 1310 Παρά-

223 1348 306 1398 τει
328 1328 394 1383 τὸ
418 1329 630 1400 σχῆμα
654 1331 762 1385 τοῦ
792 1335 1027 1401 κόσμου
1053 1333 1300 1386 τούτου·
1335 1332 1430 1384 καὶ
1458 1335 1486 1385 ὁ
1548 1332 1798 1395 Ἡσαΐας.

1905 776 2002 830 hes
2031 792 2045 837 ;
2082 773 2224 843 quod
2260 771 2434 836 tanta,
2468 769 2665 840 inquit,
2699 769 2963 825 facilitate
2995 768 3222 835 ellicics,
3269 775 3477 838 quanta

1904 868 2031 937 quis
2060 867 2401 938 opertorium
2435 873 2532 920 aut
2569 864 2795 933 pallium
2835 862 3055 933 aliquod
3096 862 3347 918 involvit.
3385 861 3481 917 llis

1905 973 2086 1015 autem
2114 960 2300 1016 verbis
2347 973 2620 1015 summam
2644 956 2851 1012 Christi
2886 959 3130 1026 potentia
3156 973 3185 1009 n
3220 971 3286 1011 ae
3310 956 3485 1010 robur

1904 1052 2215 1107 constituit.
2241 1050 2399 1117 Quod
2458 1058 2640 1105 autem
2694 1048 2953 1119 superius
2991 1047 3151 1110 dixit,
3211 1047 3481 1117 peribunt,

1905 1160 2052 1199 nunc
2076 1145 2149 1201 ait
2176 1146 2546 1206 mutabuntur,
2581 1158 2864 1214 exponens
2890 1141 3153 1198 nimirum
3203 1152 3257 1198 et
3286 1143 3440 1199 deela
3458 1172 3486 1181 -

1904 1252 2032 1294 rans
2089 1253 2270 1305 priora
2328 1238 2419 1294 illa
2473 1238 2663 1304 verba,
2714 1245 2770 1292 et
2825 1235 3172 1306 signiﬁcans,
3206 1237 3349 1305 quod
3386 1236 3486 1306 ipsi

1901 1329 2066 1384 etiam
2117 1331 2241 1386 eueli
2324 1330 2765 1385 imnmtabuntur
2840 1344 2906 1385 ac
2960 1329 3375 1383 renovabuntur
3426 1328 3480 1381 in

218 1423 299 1476 ὅτι
343 1422 729 1493 Ἐλιτήσεται
755 1425 788 1479 ὁ
812 1424 1073 1492 οὐρανὸς
1105 1426 1187 1491 ὡς
1204 1424 1470 1489 βιϐλίον.
1506 1423 1691 1477 Ἀλλοι
1741 1424 1795 1476 δὲ

1913 1422 2390 1492 incorruptionem.
2421 1423 2599 1491 Atque
2658 1421 2779 1478 ideo
2811 1422 2864 1476 in
2908 1420 3222 1492 hujusnzodi
3264 1429 3489 1477 scnten~

218 1514 640 1584 ἑρμηνεύουσιν,
670 1515 753 1569 ὅτι
785 1514 979 1588 ὥσπερ
1008 1515 1072 1570 τὸ
1103 1516 1455 1588 περιϐόλαιον
1494 1515 1795 1586 πληρῶσαν

1913 1514 2029 1568 iam
2092 1513 2292 1570 Paulus
2338 1516 2580 1581 dicebat,
2625 1515 2769 1584 quod
2804 1508 3053 1570 Praeterit
3089 1515 3264 1585 ﬁgura
3323 1514 3485 1584 hujus

216 1603 315 1674 τὴν
357 1607 823 1679 ἀποτεταγμένην
860 1607 1054 1679 χρείαν
1102 1606 1395 1673 ἑλίσσεται,
1432 1605 1577 1660 οὕτω
1614 1606 1711 1660 καὶ
1759 1606 1790 1660 ὁ

1913 1608 2086 1662 mundi
2101 1608 2170 1675 ¹⁸;
2191 1617 2247 1664 et
2267 1608 2462 1673 lsaias,
2485 1609 2634 1681 quod
2651 1608 2856 1666 Caelum
2880 1609 3185 1673 revolvitur,
3202 1608 3403 1663 utliber
3419 1609 3486 1662 ".
3572 1626 3581 1634 ’

215 1701 468 1771 οὐρανὸς,
513 1703 827 1773 κρείττονος
862 1702 1054 1773 χρείας
1077 1702 1399 1775 γενομένης,
1428 1702 1508 1766 εἰς
1531 1701 1592 1755 τὸ
1611 1702 1794 1770 κρεῖτ-

1913 1699 2044 1756 Sunt
2072 1702 2164 1772 qui
2192 1701 2404 1767 dicant,
2437 1702 2511 1757 ita
2543 1702 2927 1774 exponendum
2984 1714 3106 1757 esse
3168 1701 3313 1755 hunc
3363 1716 3459 1754 ver

211 1810 305 1847 τον
332 1794 703 1865 ἀλλαγήσεται
726 1798 821 1848 καὶ
847 1796 1031 1860 αὑτός.

1913 1795 2156 1860 ιίοιιιιιιη,
2230 1798 2373 1867 quod
2446 1797 2591 1852 sicut
2638 1798 3016 1867 opertorium,
3068 1811 3164 1852 seu
3242 1794 3482 1863 amictus

212 1887 483 1957 completo
545 1905 647 1944 usu
700 1889 999 1954 destinato,
1041 1889 1360 1955 involvitur,
1395 1903 1479 1945 src
1536 1887 1707 1944 etiam
1747 1895 1801 1943 et
1828 1888 2294 1953 cmlum,mcliori
2342 1906 2448 1946 usu
2480 1891 2830 1955 adveniente,
2862 1889 2916 1943 in
2950 1889 3147 1945 melius
3179 1896 3235 1943 et.
3309 1889 3494 1959 ipsum

214 1980 542 2036 mutabitur.

278 2069 362 2122 Σὺ
391 2068 462 2122 δὲ
487 2070 671 2138 αὐτὸς
699 2067 771 2125 εἷ.
814 2071 1274 2141 Ἀμετάτρεπτος,
1320 2070 1719 2145 ἀμετάϐλητος.

279 2160 388 2214 Καὶ
416 2159 489 2215 τὰ
518 2161 623 2230 ἐτη
656 2178 776 2217 σου
811 2164 921 2216 οὐκ
946 2163 1367 2232 ἐκλείψουσιν.
1418 2163 1635 2234 Ὥσπερ
1687 2163 1796 2235 γὰρ

209 2249 258 2305 εἷ
279 2253 514 2324 ἄναρχος
540 2254 684 2308 κατά
701 2254 802 2324 τὴν
832 2254 1087 2323 θεότητα,
1113 2254 1259 2310 οὕτω
1289 2257 1385 2309 καὶ
1412 2255 1793 2326 ἀτελεύτητος.

215 2347 347 2419 Ἐτη
376 2348 435 2402 δὲ
468 2348 564 2403 ὲπὶ
581 2347 717 2402 Θεοῦ
771 2348 870 2419 τὴν
906 2351 1218 2421 παράτασιν
1246 2349 1341 2403 τοῦ
1370 2344 1512 2403 εἶναι
1549 2350 1792 2421 νοητέον.

272 2526 340 2579 Ol
377 2526 493 2581 υἱοί
520 2525 640 2580 τῶν
670 2527 907 2583 δούλων
935 2544 1054 2585 σου
1072 2529 1640 2600 κατασκηνώσουσι.
1672 2530 1795 2585 Τῶν

210 2617 413 2671 δούλων
436 2635 554 2683 σου,
588 2619 718 2689 περὶ
743 2613 819 2674 ὧν
849 2620 1109 2693 ἀνωτέρω
1139 2622 1489 2691 εῐρηκεν,ὄτι
1523 2620 1796 2690 Εὐδόκη-

207 2726 331 2763 σαν
383 2713 439 2765 οι
495 2711 709 2768 δοῦλοι
760 2729 879 2768 σου
925 2713 1070 2780 τοὺς
1107 2714 1319 2781 λίθους
1346 2714 1537 2784 αὐτῆς
1558 2731 1573 2747 ο
1608 2715 1712 2769 υἱοὶ
1736 2714 1794 2768 δὲ

212 2800 321 2852 τῶν
374 2802 711 2865 ἀποστόλων,
763 2802 859 2868 οὓς
908 2805 1108 2858 ἐκεῖνοι
1165 2805 1255 2858 διὰ
1296 2804 1395 2860 τοῦ
1456 2805 1792 2876 Εὐαγγελίου

210 2892 511 2963 ἐγέννησαν
532 2912 547 2928 ο
581 2894 691 2948 υἱοὶ
715 2896 857 2950 κατά
890 2895 1174 2950 παίδευσιν
1192 2898 1288 2950 καὶ
1309 2899 1574 2968 ὁμοίωσιν
1590 2899 1793 2972 δογμά-

208 3003 320 3039 των
345 2987 442 3040 xui.
473 2987 769 3052 πολιτείας.
793 2984 954 3044 Οὗτοι
996 2986 1111 3056 οὖν,
1150 2991 1309 3060 φησὶ,
1335 2996 1794 3062 κατασκηνώσουο

211 3094 296 3129 σιν
319 3079 378 3131 ὲν
400 3080 465 3149 τῇ
498 3080 1027 3154 οἱκτειρηθησομένῃ
1082 3083 1235 3154 παρά
1266 3084 1360 3137 σοῦ
1415 3083 1576 3151 Σιὼν,
1613 3086 1795 3140 show

209 3169 266 3220 ὲν
295 3172 363 3241 τῇ
410 3170 729 3242 Ἐκκλησίᾳ.

277 3262 390 3317 Kal
416 3265 481 3317 τὸ
502 3265 743 3335 σπέρμα
780 3266 979 3322 αὐτῶν
1001 3269 1089 3334 εις
1112 3268 1220 3323 τὸν
1245 3268 1439 3325 αιῶνα
1467 3273 1792 3326 κατευθυν-

205 3354 484 3421 θήσεται.
509 3356 701 3409 Δύτῶν
725 3357 836 3411 τῶν
862 3357 1063 3413 δούλων
1087 3374 1182 3413 σου
1219 3378 1234 3394 ο
1265 3359 1298 3431 ἢ
1350 3361 1462 3415 τῶν
1521 3361 1654 3415 υἱῶν
1681 3363 1792 3416 τῶν

1825 2069 1868 2128 Β
1969 2063 2048 2120 Tu
2075 2073 2253 2119 autem
2285 2063 2424 2119 idem
2457 2064 2568 2134 ipse
2591 2081 2664 2120 es.
2698 2065 3069 2121 laturutabi‘lls
3104 2067 3343 2122 scilicet.

1978 2155 2046 2211 Et
2086 2157 2219 2211 anni
2277 2158 2353 2211 tui
2410 2173 2515 2213 non
2546 2157 2812 2226 deﬁcient.
2860 2157 2995 2213 Nam
3023 2158 3487 2226 quemadmodum

1897 2248 2206 2303 secundum
2262 2248 2610 2304 divinitatem
2663 2263 2820 2304 cares
2874 2250 3168 2318 principio,
3198 2250 3271 2303 ita
3320 2252 3487 2305 etiam
3559 2281 3567 2291 -

1899 2339 2024 2397 (ine.
2064 2339 2168 2397 Per
2210 2356 2387 2396 annos
2448 2347 2634 2397 autem
2694 2340 2814 2406 Dei,
2866 2341 3170 2412 intelligere
3223 2341 3488 2399 debemus

1897 2434 2315 2504 perpetuitatem
2351 2432 2555 2491 divina:
2591 2433 2871 2491 essentiaz.

1966 2525 2136 2583 Vsus.
2157 2526 2249 2582 29.
2281 2525 2412 2580 Filii
2431 2541 2698 2581 servorum
2726 2536 2936 2581 tuorum
2977 2528 3316 2584 habitabant.
3359 2529 3488 2585 Ser-

1898 2633 2097 2676 rorum
2161 2628 2407 2682 tuorum,
2457 2621 2524 2673 de
2567 2619 2771 2690 quibus
2818 2625 3076 2691 superius
3119 2621 3324 2677 dictum
3381 2632 3487 2684 est,

1895 2711 2041 2777 quod
2072 2709 2437 2765 Probaverunl
2461 2712 2598 2766 servi
2631 2712 2710 2764 tui
2733 2711 2937 2781 lapides
2958 2714 3093 2777 eius,
3114 2713 3488 2784 apostolorum

1898 2801 2180 2856 nimirum.
2222 2800 2345 2856 Filii
2375 2810 2555 2856 autem
2610 2803 2991 2871 apostolorum
3049 2805 3085 2859 ii
3141 2815 3295 2871 sunt,
3346 2823 3489 2875 quos

1892 2910 1990 2965 per
2046 2895 2403 2966 Evangelium
2442 2904 2752 2966 genuerunt
2790 2915 2805 2953 :
2846 2899 2938 2967 qui
2999 2914 3190 2953 eorum
3233 2900 3328 2953 lilii
3359 2901 3487 2955 ideo

1895 2986 2180 3053 dicuntur,
2218 2988 2346 3057 quia
2372 2987 2539 3043 simili
2569 3003 2781 3044 morum
2820 3005 2886 3045 ac
2938 2995 3251 3061 dogmatnm
3301 2993 3488 3048 erudi-

1895 3081 2046 3138 tione
2069 3082 2180 3139 illis
2209 3082 2649 3153 coniunguntur.
2700 3082 2763 3137 Hi
2817 3084 2982 3154 igitur
3041 3083 3374 3138 Itabilabnnt
3432 3086 3488 3138 in

1891 3171 2049 3238 Sion,
2079 3171 2188 3230 hoc
2210 3183 2313 3240 est,
2352 3175 2405 3229 in
2446 3174 2716 3238 Ecclesia,
2755 3175 2916 3243 cujus
2948 3184 3004 3231 tu
3037 3174 3297 3231 misertus
3324 3190 3405 3230 es.

1966 3267 2034 3322 Et
2087 3285 2260 3325 semen
2312 3286 2493 3325 eorum
2542 3271 2599 3325 in
2658 3269 2911 3325 saxulum
2953 3268 3229 3340 dirigetur.
3284 3270 3483 3325 Eorum

1894 3376 2176 3418 servorum
2238 3369 2483 3427 tuorum,
2526 3362 2614 3417 vel
2656 3377 2849 3419 semen
2908 3360 3145 3417 ﬁliorum
3195 3376 3481 3417 servorum

209 3445 415 3498 δούλων
450 3463 566 3502 σου.
599 3449 830 3520 Σπέρμα
864 3451 923 3504 δὲ
963 3451 1148 3517 πάλιν,
1193 3453 1256 3506 οὐ
1282 3453 1344 3506 τὸ
1389 3454 1531 3508 κατὰ
1592 3454 1793 3526 σάρκα,

1913 3459 2144 3509 tuorum.
2179 3452 2375 3509 Semen
2407 3468 2535 3508 vero
2589 3469 2701 3508 non
2728 3453 3033 3509 secundum
3079 3469 3299 3511 carnem
3323 3454 3485 3519 dixit,

207 3537 345 3593 ἀλλά
371 3540 434 3593 τὸ
460 3542 605 3595 κατὰ
634 3542 888 3617 διαδοχὴν
926 3546 1021 3599 καὶ
1056 3546 1421 3618 κληρονομίαν
1475 3547 1571 3602 καὶ
1639 3546 1794 3601 εὐσε-

206 3631 362 3695 6είας
414 3633 508 3688 καὶ
571 3634 801 3706 ἀρετῆς.
852 3637 1024 3691 Τοῦτο
1082 3638 1192 3710 γὰρ
1218 3636 1315 3693 οὖν
1342 3639 1579 3703 αίωνίως
1601 3657 1796 3695 κατευ-

207 3722 537 3794 ουνθήσεται
563 3724 954 3795 εὐοδούμενον.
991 3729 1187 3785 Πύλαι
1222 3729 1350 3801 γὰρ,
1411 3730 1602 3802 φησὶν,
1645 3730 1793 3799 ᾅδου

202 3818 278 3871 οὐ
305 3819 809 3888 κατισχύσουσιν
836 3819 1050 3888 αὐτῆς.

712 3918 959 3987 Ψαυιμὸς
984 3916 1066 3985 τῷ
1100 3920 1298 3976 Δαὸἰδ.

775 4010 1078 4066 ΨΔΛΜΟΣ
1102 4013 1225 4067 PB'.

279 4100 716 4173 Εὕχαριστήριος
740 4103 834 4159 καὶ
860 4096 1038 4170 οὗτος,
1070 4105 1179 4159 ἀπδ
1198 4105 1291 4159 τοῦ
1327 4108 1614 4178 προοιμίου
1651 4108 1794 4178 γνὼ-

213 4211 397 4265 ριμος.

278 4288 562 4358 Εὐλόγει,
594 4289 633 4357 ἡ
655 4290 819 4360 ψυχή
852 4308 972 4359 μου
1012 4292 1120 4345 τὸν
1147 4292 1385 4361 Κύριον.
1446 4293 1793 4363 Εὐχαρίστει,

211 4380 397 4450 ὕμνει,
446 4381 717 4451 δοξολόγει
764 4382 857 4435 τὸν
911 4382 1150 4437 τοσαῦτα
1204 4386 1300 4438 καὶ
1341 4385 1646 4455 τηλικαῦτα
1698 4387 1796 4458 μὲν

210 4474 678 4547 εὐεργετήσαντα.

128 4556 137 4563 “
280 4565 400 4620 Kal
449 4566 648 4621 πάντα
695 4567 766 4621 τὰ
814 4568 991 4634 ἐντός
1018 4588 1137 4640 μου
1190 4570 1257 4625 τὸ
1304 4571 1493 4637 ὄνομα
1524 4574 1589 4627 τὸ
1627 4572 1797 4642 ἅγιον

207 4658 422 4713 αὐτοῦ.
467 4660 650 4725 Ἐντὸς
680 4660 833 4731 λέγει
894 4664 994 4727 τὰς
1014 4665 1112 4730 τῆς
1138 4664 1318 4735 ψυχῆς
1355 4665 1635 4737 δυνάμεις,
1699 4671 1797 4730 τὰς

210 4744 567 4823 ἐνθυμήσεις,
613 4752 740 4816 τοὺς
797 4752 1092 4822 λογισμούς
1123 4772 1138 4785 ⁸
1194 4756 1228 4826 ἢ
1273 4757 1413 4828 μετά
1450 4759 1653 4812 τούτων
1704 4763 1796 4813 καὶ

211 4843 396 4897 πάντα
423 4842 491 4898 τά
519 4846 579 4898 ὲν
608 4844 785 4915 ἑαυτῷ
810 4844 952 4916 μέρη
982 4849 1077 4900 καὶ
1114 4849 1273 4917 μέλη.
1313 4849 1501 4904 Πάντα
1533 4850 1640 4922 γὰρ
1660 4852 1789 4904 ἐαυ-

1897 3546 1992 3602 sed
2040 3544 2343 3602 secundum
2406 3545 2627 3601 virtutis
2660 3561 2725 3601 ac
2772 3546 2999 3616 pietatis
3046 3544 3482 3600 successionem.

1899 3638 2014 3694 lloc
2039 3639 2201 3709 igitur
2224 3653 2412 3695 semen
2448 3639 2502 3693 in
2529 3647 2799 3694 :eternum
2858 3638 3124 3709 dirigetur
3180 3645 3236 3691 ct
3276 3650 3486 3705 pracpa-

1898 3733 2130 3789 rabitur.
2171 3728 2349 3785 Portw
2394 3731 2561 3795 enim,
2603 3731 3044 3802 iuquit,in[erni.
3095 3745 3198 3785 non
3227 3726 3485 3797 praeele-

1899 3823 2023 3877 bunt
2056 3822 2307 3879 adt-eruis
2335 3839 2453 3877 eam
2483 3821 2552 3876 ".

2390 3921 2635 3976 Psalmns
2668 3920 2767 3988 ipsi
2807 3919 2995 3973 Dat-id.

2462 4011 2784 4068 PSALMUS
2810 4011 2922 4067 Cll.

1971 4107 2072 4162 llic
2112 4108 2361 4178 psalntus
2392 4107 2694 4172 gratiarum
2748 4104 2996 4159 actiones
3039 4103 3306 4169 continet,
3341 4101 3483 4173 quod

1897 4203 1967 4257 ab
2004 4201 2124 4265 eius
2157 4200 2434 4271 principio
2465 4198 2627 4253 facile
2656 4197 3028 4268 dignoscitur.

1968 4292 2137 4348 Vens.
2163 4293 2214 4347 l.
2245 4291 2488 4355 Benedic,
2549 4291 2730 4343 anima
2787 4305 2923 4353 mea,
2965 4288 3212 4343 Domino.
3242 4288 3484 4344 Gratias.

1899 4383 2163 4455 inquit,ei
2189 4398 2312 4452 age,
2333 4398 2458 4437 eum
2495 4381 2653 4435 lauda
2710 4390 2759 4434 et
2781 4379 3048 4447 gloriﬁea,
3086 4379 3180 4448 qui
3205 4393 3292 4434 me
3321 4379 3486 4433 tantis

1898 4491 1963 4530 ae
2004 4473 2208 4529 talibus
2251 4471 2432 4527 all‘ecit
2474 4469 2777 4525 beneﬁciis.

1970 4571 2039 4621 Et
2070 4566 2272 4626 omnia,
2304 4579 2420 4632 qua:
2440 4564 2585 4617 intra
2613 4577 2694 4615 me
2722 4570 2868 4628 sunt,
2891 4560 3101 4616 nomini
3122 4569 3305 4613 saneto
3343 4548 3510 4627 ejus.‘

1904 4662 2037 4714 ltum
2080 4658 2157 4714 ait
2191 4676 2205 4713 ι
2237 4658 2430 4713 Omnia
2448 4671 2565 4728 qua:
2586 4656 2731 4711 intra
2759 4670 2843 4708 me
2864 4663 3009 4717 sunt,
3039 4654 3236 4707 animae
3255 4654 3486 4706 virtutes

1902 4751 2189 4821 iutelligitf,
2216 4748 2691 4804 considerationes
2723 4744 2984 4801 nimirum
3045 4743 3486 4814 crcogitationes

1898 4862 2091 4900 oumes
2122 4844 2246 4900 :vcl
2272 4843 2437 4899 simul
2484 4856 2607 4897 cum
2639 4840 2729 4896 bis
2777 4840 2964 4896 omnia
3012 4853 3078 4895 ac
3121 4840 3338 4909 singula
3396 4840 3484 4894 sui

208 4938 300 4991 τὸν
323 4936 733 5010 καθολὸκληρον
759 4938 1131 5011 προτρέπεται
1160 4941 1405 5010 εὐλογεῖν
1443 4943 1534 4996 τὸν
1587 4943 1793 5013 Κύριον

1913 4934 2143 5004 :orporis
2170 4933 2437 4993 membra,
2472 4931 2579 4986 hoc
2612 4938 2718 4993 est,
2753 4931 3000 4998 seipsum
3030 4944 3098 4983 ex
3131 4928 3277 4983 omni
3321 4941 3485 4998 pror-

209 5030 303 5082 καὶ
355 5027 418 5082 τὸ
464 5029 636 5099 ὄνομα
687 5028 881 5094 αὑτοῦ,
923 5030 987 5084 τὸ
1018 5032 1244 5101 ἁγιάζον
1292 5034 1422 5099 τοὺς
1452 5035 1617 5102 ἀξίως
1646 5035 1795 5087 εὐλο-

213 5122 446 5187 γοῦντας
480 5121 633 5176 αὐτό.

282 5304 559 5370 Ε’ὺλόγει.
591 5304 629 5371 ἡ
654 5302 824 5372 ψυχή
841 5320 963 5372 μου
1000 5301 1104 5357 τὸν
1121 5304 1649 5373 Κύριον.Ἑπίτασις
1668 5323 1799 5378 προ-

212 5394 424 5464 τροπῆς
449 5396 481 5464 ἡ
509 5394 850 5462 παλιλλογία.

287 5571 398 5625 Καί
418 5571 505 5642 μὴ
539 5571 948 5629 ἐπιλανθάνου
976 5573 1181 5640 πάσας
1217 5575 1324 5642 τὰς
1360 5575 1798 5643 ἀνταποδόσεις

208 5661 420 5716 αὐτοῦ.
454 5691 525 5704 --
554 5662 1026 5731 Ἀντιιποδόσεις
1084 5665 1185 5728 τὰς
1215 5664 1538 5735 εὐεργεσίας
1571 5666 1790 5736 ὠνόμαι

215 5769 313 5805 σεν
337 5770 351 5782 ⁸
381 5753 529 5808 οὕτω
550 5756 659 5825 γὰρ
684 5758 712 5810 ὁ
734 5756 1031 5829 Σύμμαχος
1055 5758 1306 5824 δξέδωκε.
1360 5759 1630 5824 Λαϐόντες
1689 5761 1796 5830 γὰρ

216 5845 380 5910 καλὰ,
423 5848 847 5918 ἀποδεδώκαμεν
892 5850 1102 5920 πονηρὰ
1152 5851 1238 5903 διὰ
1293 5852 1392 5920 τῆς
1459 5855 1791 5924 παρακοῆς·

294 6024 341 6055 ’⁵
380 6024 398 6079 ι
430 6024 556 6080 Cor.
595 6042 690 6089 vn,
742 6025 837 6082 51.

1895 5041 1989 5082 sus
2012 5037 2192 5094 parte,
2218 5024 2377 5094 jubet
2411 5022 2520 5077 Deo
2541 5012 2893 5085 benedicere,
2921 5020 3145 5088 insuper
3188 5028 3241 5072 et
3274 5018 3483 5072 nomini

1897 5127 2092 5174 saneto
2120 5118 2266 5189 ejus,
2294 5133 2423 5172 eum
2458 5121 2563 5171 hoe
2593 5132 2791 5171 nomen
2813 5128 3007 5169 omnes
3024 5128 3121 5169 eos
3148 5111 3482 5177 sanetilicet,

1904 5212 1996 5281 qui
2031 5212 2192 5280 digno
2215 5211 2291 5264 illi
2325 5210 2727 5265 benedixerint.

1975 5297 2140 5354 Vens.
2161 5299 2214 5353 2.
2251 5295 2495 5363 Benedic,
2519 5297 2700 5351 anima
2727 5310 2840 5351 mea
2873 5294 3115 5346 Domino.
3137 5289 3370 5359 lutentio
3400 5299 3481 5345 est

1900 5390 2325 5456 exhortationis,
2360 5389 2444 5445 vel
2506 5389 2669 5444 etiam
2731 5387 2964 5455 simplex
3010 5384 3289 5441 sermonis
3327 5399 3482 5454 repe-

1902 5485 2043 5537 titio.

1973 5578 2044 5629 Et
2089 5574 2199 5630 noli
2247 5574 2487 5630 obliuisci
2543 5591 2719 5629 omnes
2779 5572 3155 5627 retributiones
3211 5572 3350 5639 ejus.
3412 5601 3481 5612 -

1913 5667 2299 5721 Retributiones
2346 5666 2487 5722 dixit
2535 5683 2634 5737 pro
2679 5667 2967 5736 beneﬁcia,-
3012 5674 3178 5734 atque
3213 5665 3290 5720 ita
3323 5663 3482 5738 Sym-

1914 5758 2145 5813 machus
2198 5758 2457 5813 reddidit.
2522 5759 2654 5815 Nam
2684 5774 2809 5822 cum
2856 5774 2886 5814 a
2929 5759 3038 5812 Deo
3066 5759 3235 5813 inulta
3263 5772 3484 5827 accepe-

1905 5851 2077 5905 rimus
2106 5850 2268 5915 bona,
2306 5860 2360 5905 et
2390 5851 2762 5909 inobedieutia
2785 5866 2971 5910 nostra
3004 5853 3053 5909 ei
3083 5851 3483 5909 reddidetimus

920 6031 962 6062 ³⁷
1009 6026 1113 6081 lsa.
1169 6044 1357 6087 xxxn'.
1418 6030 1473 6090 4.
1534 6031 1578 6061 ³⁸
1621 6030 1817 6086 Matth.
1873 6048 1983 6085 rm.
2026 6032 2108 6087 l8.
