3898 6612
188 310 346 372 10:25

1375 314 1770 375 CUMM‘ENT.
1816 316 1892 375 ΙΝ
1939 314 2303 379 PSALMOS.

3336 326 3475 393 1026

183 420 294 471 καὶ
319 421 427 483 τοῖς
488 417 781 482 τοιούτοις,
821 418 969 489 ἅπερ
992 419 1131 490 ὁμοῦ
1188 420 1365 473 πάντα
1394 421 1639 478 δουλείαν
1677 423 1762 476 τῶ·

1893 425 2178 491 nascitur;
2219 443 2313 496 per
2341 426 2507 500 χλόην
2540 443 2670 484 vero
2720 428 2863 484 illam
2896 447 3060 503 quam
3101 450 3226 501 nos,
3253 441 3475 495 tametsi

180 510 528 581 ἀνθρώπων,
554 510 635 573 ὡς
658 510 973 582 ἀνθρώποις
1027 511 1354 567 δουλεύοντα
1408 531 1788 587 προσαγορευ-

183 601 381 673 θῆναι.
413 602 569 665 Τινὲς
600 601 656 655 δὲ
677 603 843 658 πάλιν
898 603 1108 677 ἑτέρως
1161 605 1541 676 ἡρμήνευσαν,
1593 606 1788 678 χόρτον

187 698 303 765 μὲν
360 697 656 765 νοήσαντες
685 696 777 748 τὸν
820 697 896 765 μὴ
935 696 1172 767 φέροντα
1233 700 1449 769 καρπὸν
1505 700 1786 772 χρήσιμον

183 789 273 849 εἰς
315 787 522 857 βρῶσιν
549 787 736 859 ἀνθρώ
749 808 859 842 πων
881 829 897 852 ,
960 788 1124 861 χλόην
1152 789 1208 843 δὲ
1267 792 1367 863 τὴν
1397 793 1787 864 καρποφοροῦ-

184 898 299 935 dav
355 881 702 952 εὕλρηστοψ
752 883 1006 936 κάκεῖνον
1047 883 1149 954 μὲν
1199 884 1788 952 ἐξανατέλλεσθαιτοῖς

179 974 442 1044 κτήνεσι,
472 979 681 1046 ταύτην
720 976 777 1030 δὲ
802 979 918 1041 τοῖς
957 976 1270 1048 ἀνθρώποις
1299 992 1314 1007 °
1340 980 1407 1049 τῇ
1434 977 1652 1049 δουλείᾳ
1673 978 1783 1034 τῶν

178 1068 519 1136 ἀνθρώπων,
539 1070 616 1135 ὡς
654 1070 753 1143 τῆς
778 1071 881 1140 γῆς
908 1072 1280 1145 δουλευούσης
1304 1075 1418 1138 τοῖς
1446 1073 1782 1145 ἀνθρώποις,

180 1159 255 1212 δι’
280 1161 380 1225 οὓς
410 1164 509 1217 καὶ
526 1164 740 1232 γέγονε.

1891 517 2077 571 minus
2115 519 2362 588 prapric,
2395 520 2654 575 vocabuli
2703 520 2889 592 inopia
2939 525 3058 579 olus
3106 526 3371 595 diximus,
3418 538 3476 593 et

1886 624 1952 665 ex
1985 610 2153 667 cultis
2186 615 2492 682 percipitur
2523 614 2661 669 locis
2689 630 2705 670 :
2740 631 2976 686 quorutn
3015 619 3245 673 alteram
3281 623 3467 676 datam

1888 719 2011 760 esse
2041 703 2235 759 dicunt
2283 704 2473 761 liberis
2526 707 2819 777 pecoribus
2856 724 2979 780 quae
3006 710 3195 767 herbis
3231 706 3475 769 vescun—

1888 802 2003 861 tur.
2055 792 2292 849 alterum
2320 793 2386 849 iis
2430 810 2556 864 qua:
2588 796 2831 851 humano
2883 784 3069 868 generi
3121 798 3473 867 deserviunt,

1884 885 2056 940 veluti
2090 887 2288 952 bobus,
2318 887 2498 960 equis,
2530 888 2751 955 ovibus,
2787 897 2842 944 et
2867 890 3161 958 similibus,
3196 909 3317 963 qum
3347 895 3473 949 ani-

1884 979 2052 1034 malia
2097 977 2373 1050 Propheta
2457 979 2779 1037 servitutem
2833 983 3117 1037 hominum
3156 985 3474 1056 appellavit,

1882 1069 2028 1137 quod
2064 1069 2387 1125 hominibus
2422 1072 2698 1126 serviunt.
2734 1070 2843 1126 Alii
2873 1088 3003 1128 vero
3030 1088 3126 1143 per
3156 1075 3323 1146 χλόην
3347 1090 3470 1130 0m-

1894 1177 2017 1217 nem
2051 1163 2276 1218 herbam
2309 1165 2729 1231 intellexerunt,
2779 1182 2903 1237 qum
2960 1166 3204 1221 humano
3257 1168 3379 1222 usui
3418 1168 3474 1220 in

178 1252 374 1307 cibum
417 1255 682 1322 deservit,
732 1270 848 1326 qua
889 1255 1112 1310 ratione
1145 1255 1270 1310 olus
1317 1272 1437 1311 eam
1486 1256 1922 1327 appellavimus:
1960 1263 2016 1309 ct
2050 1268 2148 1324 per
2177 1253 2432 1319 herbam,
2498 1255 2772 1326 quidquid
2852 1256 3168 1313 hominibus
3232 1260 3282 1312 in
3354 1256 3473 1314 cibi

179 1361 350 1401 usum
387 1362 496 1401 non
545 1348 719 1403 venit.
762 1346 919 1401 lianc
957 1348 1131 1418 igitur
1180 1349 1475 1418 pecoribus
1528 1348 1860 1419 productam
1943 1345 2078 1400 dicit
2116 1343 2441 1419 'Propheta,
2516 1348 2654 1403 illud
2714 1363 2843 1404 vero
2886 1349 3226 1406 hominibus.
3306 1352 3476 1412 Sarri-

178 1443 289 1496 tuti
350 1443 517 1497 etiam
578 1442 851 1500 hominum
907 1442 1071 1507 dixit,
1123 1443 1248 1513 quia
1301 1452 1446 1497 terra
1494 1443 1781 1499 hominum
1819 1441 2015 1498 usibus
2047 1439 2301 1509 inservit,
2337 1442 2410 1498 ob
2439 1459 2580 1514 quos
2607 1460 2637 1500 a
2679 1446 2788 1501 Deo
2822 1444 2924 1500 fuit
2967 1455 3174 1503 creata.

254 1536 375 1591 Τοῦ
402 1536 722 1606 ἐξαγαγεῖν
759 1537 945 1605 ἄρτον
982 1536 1053 1593 ἐκ
1078 1535 1189 1606 τῆς
1216 1535 1350 1607 γῆς.
1386 1537 1775 1609 Χορτασθὴσε-

171 1651 293 1698 ται,
336 1635 529 1706 φησὶν,
586 1635 621 1705 ἡ
672 1634 770 1704 γῆ,
813 1633 983 1688 ἕνεκα
1025 1633 1123 1688 τοῦ
1197 1632 1491 1704 ἐξαγαγεῖν
1515 1632 1682 1704 ἄρτον
1716 1634 1775 1700 ἐξ

169 1728 377 1798 αὐτῆς,
409 1726 520 1779 ἀπὸ
551 1725 705 1780 σίτου
739 1725 1314 1796 κατασκευαζόμενον.

243 1815 359 1869 Kal
385 1810 549 1881 οἶνος
568 1814 876 1885 εὐφραίνει
900 1813 1155 1885 καρδίαν
1208 1813 1550 1884 ἀνθρώπου.
1608 1816 1716 1869 Καὶ
1748 1817 1776 1868 ὁ

1950 1533 2121 1589 Vsus.
2165 1535 2252 1591 l5.
2294 1535 2376 1591 Διί
2405 1536 2737 1591 educendum
2766 1554 2955 1605 panem
2991 1538 3054 1592 de
3086 1548 3250 1594 terra.
3285 1538 3472 1596 Salia-

1875 1623 2047 1692 bitur,
2078 1625 2280 1696 iuqttit,
2332 1624 2479 1683 terra
2515 1640 2570 1682 ut
2600 1627 2873 1683 educatur
2904 1644 2969 1682 ex
3015 1644 3079 1683 ea
3135 1631 3316 1700 panis,
3372 1634 3468 1702 qui

1875 1717 1944 1772 de
1971 1717 2250 1772 frumento
2282 1719 2336 1772 in
2377 1728 2524 1774 terra
2559 1732 2687 1774 nato
2721 1720 3038 1775 coniicitur.

1952 1808 2017 1866 Et
2048 1812 2225 1866 vinum
2272 1813 2515 1883 (tati/ica:
2548 1829 2641 1868 cor
2681 1815 2931 1869 hominis.
2965 1814 3146 1886 Ipsun
3187 1815 3351 1869 etiam
3382 1817 3468 1869 via

170 1901 319 1970 οἶνος
352 1907 566 1979 καρπὸς
593 1910 691 1979 τῆς
722 1908 828 1979 γῆς
857 1906 954 1971 ὢν,
985 1908 1080 1962 καὶ
1131 1907 1193 1974 ἐξ
1231 1907 1403 1980 αὐτῆς
1440 1910 1762 1979 ἀναδιδόμε-

1890 1918 2012 1957 aum
2046 1913 2209 1959 terra:
2258 1903 2473 1961 fructus
2500 1916 2607 1972 est,
2647 1916 2701 1962 et
2754 1907 3000 1963 laetiﬁcat
3051 1925 3150 1962 cor
3187 1910 3469 1966 hominis:

171 2017 284 2063 νος,
317 2001 608 2071 εὐφραίνει
640 2001 870 2071 καρδίαν
904 2001 1238 2073 ἀνθρώπων,
1273 2002 1628 2075 θεραπεύων,
1673 2006 1772 2059 καὶ

170 2091 348 2155 ἀνιεὶς
375 2094 570 2163 αὐτήν.

244 2183 370 2241 Τοῦ
428 2187 708 2255 ίλαρῦναι
773 2189 1102 2259 πρόσωπον
1138 2187 1209 2242 ἐν
1233 2189 1439 2255 ἐλαίῳ.
1474 2188 1581 2243 Καὶ
1610 2189 1774 2245 ἕνεκα

170 2278 342 2333 πάλιν
364 2278 462 2333 τοῦ
516 2281 818 2349 ἁπαλῦναι,
844 2280 942 2336 καὶ
968 2279 1265 2353 φαιδρῦναι
1290 2282 1350 2335 ὲν
1382 2283 1550 2354 ἐλαίῳ
1593 2300 1769 2356 γεωρο

170 2371 437 2445 γουμένῳ
462 2373 576 2427 ἀπὸ
609 2374 785 2444 φυτοῦ
827 2374 1000 2446 αὐτῆς
1044 2377 1340 2445 πρόσωπον
1371 2376 1765 2449 σκληραγωγη

171 2464 265 2516 υὲν
297 2465 626 2537 ἀνθρώπου.

246 2560 358 2613 Καὶ
392 2560 577 2629 ἄρτος
601 2562 856 2632 καρδίαν
887 2562 1211 2632 ἀνθρώπου
1248 2561 1532 2632 στηρίξει.
1586 2562 1646 2617 '0
1668 2566 1771 2635 μὲν

170 2648 316 2716 οἶνος
386 2654 673 2725 εὐφραίνει
742 2656 934 2729 αὐτήν.
999 2649 1168 2722 Οὗτος
1202 2655 1258 2710 δὲ
1290 2656 1522 2726 δυναμοῖ
1558 2674 1769 2727 κεκμηο

172 2748 362 2809 κυῖαν,
397 2749 612 2817 καρπὸς
643 2748 722 2802 ὣν
779 2750 875 2804 καὶ
906 2749 1069 2813 αὐτὸς
1101 2750 1201 2821 τῆς
1225 2750 1354 2821 γῆς’
1386 2751 1608 2806 πάντων
1635 2751 1744 2823 γὰρ

171 2838 331 2892 ἔθετο
384 2841 651 2911 πρᾶνοιαν
700 2844 729 2895 ὸ
786 2843 1139 2913 Δημιουργδς
1167 2882 1184 2909 ,
1239 2844 1336 2897 καὶ
1403 2842 1640 2912 ἀλόγων,
1672 2844 1768 2898 καὶ

170 2931 433 2998 λογικῶν,
476 2932 757 3003 χορτάζων
788 2931 888 3003 τὴν
910 2933 1034 3005 γῆν,
1066 2933 1153 2988 ίνα
1201 2932 1516 3003 πιανθείοα,
1546 2935 1761 3001 τούτοις

170 3025 371 3093 ἀνήσει
392 3024 464 3076 τὰ
494 3024 802 3095 ἐπιτήδεια.

236 3203 735 3273 Χορτασθήσεται
759 3205 830 3260 τὰ
859 3207 1021 3273 ξύλα
1053 3209 1159 3265 τοῦ
1186 3210 1424 3266 πεδίου.
1460 3210 1760 3285 Ἀρδευθή-

1880 1995 2087 2066 quippe
2121 2012 2247 2052 cum
2276 2008 2331 2053 et
2367 1998 2537 2054 robur
2562 2007 2810 2070 praestet,
2852 2008 2907 2054 ct
2935 2001 3347 2057 sollicitudines
3385 2019 3472 2056 rc-

1881 2089 2079 2144 mittat.

1950 2181 2035 2235 Ad
2080 2181 2496 2239 cxhilarandum
2551 2183 2740 2253 faciem
2782 2185 2835 2239 in
2876 2186 3011 2239 oleo.
3057 2185 3120 2241 Et
3156 2203 3349 2242 rursus
3401 2204 3466 2242 ca

1880 2273 2117 2341 ratione,
2173 2286 2230 2329 ut
2261 2275 2472 2329 aridam
2504 2284 2668 2331 antea
2706 2285 2872 2344 atque
2915 2293 3167 2348 asperam
3227 2280 3468 2338 hominis

1879 2361 2075 2420 faciem
2163 2365 2394 2422 hilarem
2466 2367 2681 2434 reddat,
2739 2368 2902 2438 idque
2951 2372 3152 2427 elliciat
3198 2372 3251 2428 in
3319 2376 3463 2440 oleo,

1876 2456 2031 2526 quod
2064 2471 2096 2511 a
2128 2466 2288 2513 terra:
2321 2459 2504 2529 planta
2534 2460 2884 2530 producitur.

1947 2548 2016 2604 Et
2049 2552 2204 2622 panis
2237 2568 2332 2606 cor
2359 2552 2589 2610 hominis
2645 2555 2950 2626 conﬁrmat.
2994 2555 3195 2634 Vinum
3239 2556 3460 2629 quidem

1876 2642 2119 2698 ltetiticat
2151 2660 2270 2709 eor,
2307 2647 2464 2715 panis
2495 2655 2680 2701 autem
2732 2648 2880 2703 vires
2928 2647 3177 2719 fatigatis
3208 2659 3458 2721 praestat,

1871 2747 1925 2792 ct
1961 2736 2135 2806 ipsius
2183 2738 2348 2793 etiam
2398 2750 2558 2794 terra:
2607 2739 2823 2797 fructus
2856 2749 2960 2801 est.
2996 2740 3256 2797 Omnium
3290 2742 3461 2814 igitur

1871 2839 2255 2886 creaturarum
2292 2832 2698 2902 providentiam
2734 2834 2928 2890 habuit
2979 2834 3147 2903 Deus,
3175 2843 3286 2890 tam
3321 2835 3464 2891 irrac

1871 2921 2188 2986 tionalium,
2225 2938 2388 2993 quam
2442 2923 2656 2979 ratione
2692 2925 3054 2995 praeditarum
3085 2944 3099 2981 :
3137 2934 3460 2997 terramque

1871 3013 2047 3083 ipsam
2102 3015 2349 3079 satiavit,
2385 3026 2445 3070 ut
2479 3017 3227 3090 piuguefacta,-opportuna
3275 3019 3462 3075 omni-

1867 3103 1972 3161 lius
2004 3105 2262 3163 alimenta
2297 3108 2565 3164 tribueret
2629 3119 2685 3165 et
2724 3115 3058 3168 necessaria.

1940 3196 2106 3254 Vens.
2151 3198 2238 3253 16.
2280 3200 2683 3255 Saturabuntur
2725 3201 2872 3272 ligna
2902 3207 3098 3273 campi.
3146 3207 3464 3278 lrrigabun-

169 3312 353 3361 σεται,
414 3298 778 3369 πιανθήσεται
833 3299 904 3359 τὰ
954 3301 1101 3372 φυτά
1139 3303 1244 3376 τῆς
1272 3307 1398 3376 γῆς,
1431 3304 1503 3361 τὰ
1534 3309 1762 3361 παντοῖα

1897 3307 1960 3345 ur
1984 3301 2041 3347 et
2090 3292 2452 3361 pinguescent
2507 3294 2707 3364 planta:
2757 3310 2956 3352 omnes
3000 3307 3180 3362 terrai,
3218 3306 3275 3354 et
3325 3303 3457 3356 uni-

168 3388 391 3444 δένδρα.

226 3407 290 3443 νο
333 3408 391 3444 α.

225 3407 331 3541 At?
377 3487 578 3555 κέδροι
637 3489 746 3544 τοῦ
811 3489 1097 3554 Λιϐάνου.
1143 3489 1218 3558 ἇς
1266 3489 1632 3562 ἐφύτευσας.
1664 3472 1767 3549 Δία

166 3580 383 3633 τούτων
409 3581 488 3646 ὡς
530 3583 952 3656 ἐπισημοτέρων
1017 3584 1202 3651 πάσας
1251 3584 1542 3655 ύποδηλοίσ
1588 3586 1766 3656 Ἐς,σύ-

166 3689 401 3741 τευσας
423 3674 480 3728 δὲ
513 3675 638 3733 ἀντὶ
659 3677 780 3742 τοῦ,
836 3676 1184 3743 ἑξανέτειλας
1245 3679 1656 3751 προστάγματι.

232 3856 412 3911 Ἐκεῖ
436 3858 726 3931 στρουθία
778 3857 1337 3916 ἐννοσσεύσουσιν.
1384 3861 1476 3915 Ἐν
1505 3862 1621 3927 τοῖς
1658 3880 1763 3933 φυ-

167 3952 308 4015 τοῖς,
343 3952 405 4003 ἐν
437 3952 553 4016 τοῖς
582 3951 845 4023 δένδροις,
877 3953 937 4007 ὲν
970 3953 1095 4019 ταῖς
1113 3952 1366 4025 κέδροις.
1423 3955 1524 4011 Διά
1572 3956 1631 4010 δὲ
1653 3956 1763 4010 τῶν

168 4042 479 4114 στρουθίων
526 4043 623 4098 καὶ
649 4044 821 4099 τᾶλλα
851 4044 1047 4117 νόησον
1094 4044 1283 4117 ὄρνεα.
1343 4048 1421 4102 Οὐ
1457 4048 1621 4118 μόνον
1654 4049 1764 4119 γὰρ

165 4136 511 4208 ἀνθρώποις,
533 4136 671 4191 ἀλλὰ
715 4137 811 4191 καὶ
861 4140 975 4203 τοῖς
1025 4137 1239 4212 ὀρνέοις
1267 4139 1595 4212 χρήσιμοςή
1631 4141 1762 4198 ἀνά-

166 4228 321 4293 δοσις
342 4228 456 4282 τῶν
475 4229 733 4301 δένδρων.

242 4344 360 4399 Τοῦ
377 4343 623 4412 ἐρωδιοῦ
649 4344 688 4413 ἡ
723 4345 996 4401 κατοικία
1022 4347 1252 4416 ἡγεῖται
1293 4347 1474 4404 αὐτά.
1524 4348 1583 4402 '0
1623 4349 1763 4420 ὲρωυ

164 4436 281 4495 διὸς
328 4431 473 4499 εἶδος
504 4436 695 4508 ὀρνέου
734 4434 956 4509 πρώτου
984 4437 1295 4509 πηγνύντος
1315 4440 1416 4509 τὴν
1441 4439 1663 4494 καλιάν.

1871 3400 2047 3441 versas
2077 3386 2336 3442 arbores.

1942 3476 2309 3533 CedriLibani
2327 3496 2460 3549 quas
2483 3479 2766 3549 plantasti.
2796 3479 2898 3536 Per
2922 3481 3147 3552 cedros,
3174 3484 3341 3539 veluti
3371 3485 3461 3541 in.

1869 3570 2142 3642 signiores
2171 3575 2420 3638 artiores,
2446 3580 2676 3629 caeteras
2702 3573 2868 3629 etiam
2895 3575 3251 3645 signiﬁcavit.
3285 3576 3455 3633 Plano

1869 3665 1999 3721 tasti
2041 3672 2252 3731 autem,
2320 3666 2425 3720 hoc
2475 3673 2580 3729 est,
2637 3680 2669 3720 e
2728 3673 2878 3721 terra
2923 3666 3166 3724 eduxisti
3199 3669 3459 3725 mandato

1868 3766 1984 3813 tuo.

1939 3847 2029 3904 lbi
2046 3864 2293 3919 passeres
2330 3847 2708 3916 nidi/icabunt.
2754 3851 2938 3918 Ibi,iu
2985 3853 3188 3923 plantis
3219 3854 3456 3914 scilicet.

1864 3950 1920 3996 et
1958 3941 2279 4005 arboribus,
2327 3941 2382 3996 in
2418 3939 2623 3997 ccdris.
2657 3941 2761 3996 Per
2795 3957 3049 4012 passeres
3083 3944 3251 4000 simili
3286 3944 3453 4001 modo

1865 4049 2028 4090 omne
2067 4032 2219 4089 aliud
2250 4033 2747 4113 volucrumgenus
2781 4035 3048 4108 intelligo,
3087 4035 3277 4107 Neque
3305 4038 3452 4096 enim

1867 4124 2186 4181 hominibus
2214 4134 2451 4189 tantum,
2486 4127 2584 4182 sed
2636 4126 2771 4197 ipsis
2807 4128 2973 4183 etiam
3006 4128 3203 4187 avibus
3273 4130 3454 4188 utilis-

1867 4217 2007 4273 sima
2041 4214 2142 4271 fuit
2168 4215 2431 4272 arborum
2467 4217 2704 4273 creatio.

1941 4331 2107 4388 Vatis.
2150 4329 2239 4385 18.
2283 4328 2475 4385 Erodii
2513 4329 2705 4385 domus
2762 4333 3014 4393 prwcedit
3057 4348 3171 4388 eos.
3215 4335 3451 4390 Erodius

1867 4438 2041 4492 genus
2072 4418 2163 4477 est
2196 4421 2337 4484 avis,
2369 4436 2490 4493 qua:
2517 4421 2693 4492 prima
2724 4422 2909 4479 avium
2957 4425 3203 4478 omnium
3252 4427 3446 4490 nidum

1870 4515 2005 4585 ﬁgit.

239 4637 388 4701 Ὄρη
416 4634 490 4688 τὰ
517 4636 730 4704 ὑψηλὰ
759 4635 889 4703 ταῖς
914 4634 1189 4706 ἐλάφοις-⁸
1223 4634 1409 4704 πέτρα
1441 4636 1755 4706 καταφυγὴ

1935 4626 2144 4681 Montes
2173 4626 2368 4685 excelsi
2413 4627 2599 4690 cervis,
2643 4635 2796 4696 petra
2846 4627 3112 4698 refugiunt
3158 4629 3446 4696 leporibus.

167 4727 299 4792 τοῖς
329 4726 611 4794 λαγωοῖς.
651 4728 795 4798 Ὅρα
859 4729 955 4783 καὶ
990 4728 1100 4781 τῶν
1127 4726 1348 4797 (id/t3).th
1397 4727 1594 4797 ὁρέων,
1655 4728 1764 4780 τῶν

166 4817 398 4888 πετρῶν
440 4816 500 4870 τὺ
552 4818 869 4889 χρήσιμον·
927 4818 1149 4875 πάντων
1199 4816 1333 4888 γὰρ,
1399 4816 1475 4880 ὡς
1522 4818 1763 4888 εἴρηται,

168 4910 514 4977 προνοεῖται,
567 4908 730 4980 μέχρι
778 4908 873 4964 καὶ
929 4908 1037 4962 τῶν
1103 4908 1491 4980 σμικροτάτων
1533 4909 1712 4976 ζώων,
1737 4913 1766 4965 ὀ

169 5000 441 5070 Κτίστης.
485 4999 676 5071 Είγὰρ
709 5001 787 5074 μὴ
831 5000 901 5054 τὰ
932 4999 1036 5071 ὅρη
1093 4999 1219 5079 μηδ’
1248 5001 1306 5053 αί
1356 5000 1555 5072 πέτραι
1600 5003 1762 5071 γεγό-

166 5110 352 5157 νασιν,
388 5093 685 5163 ὲπέλειψαν
712 5096 779 5149 ἃν
836 5094 1006 5151 πάλαι
1053 5094 1123 5147 τὰ
1171 5093 1408 5164 ρηθέντα
1457 5094 1592 5167 γένη
1652 5096 1762 5154 τῶν

170 5186 357 5253 ζώων,
387 5186 495 5239 ὑπὸ
513 5186 624 5241 τῶν
654 5187 1026 5256 σαρκοφάγων
1055 5185 1531 5257 ἐκδαπανηυέντα.

257 5298 540 5365 Ἐποίησε
565 5298 843 5367 σελήνην
870 5301 959 5365 είς
988 5298 1253 5369 καιρούς.
1290 5299 1432 5363 Τοῦς
1489 5297 1593 5367 τῆς
1660 5315 1754 5352 νυ-

166 5393 302 5454 κτδς
331 5391 599 5462 δηλονότι.
632 5390 744 5463 Τὴν
773 5390 1009 5463 σελήνην
1033 5391 1142 5461 γὰρ
1174 5391 1269 5444 καὶ
1296 5391 1425 5454 τοὺς
1489 5389 1755 5459 ἀστέρας,

164 5486 252 5550 τίς
290 5482 548 5550 ἐξουσίαν
601 5484 701 5552 τῆς
733 5482 955 5549 νυκτὸς,
997 5481 1093 5540 ἐπὶ
1133 5481 1215 5553 τῷ
1248 5482 1509 5554 φωτίζειν
1557 5481 1753 5552 αὑτήν.

252 5598 310 5652 ’0
340 5597 517 5667 ἣλιος
538 5599 692 5668 ἔγνω
714 5596 831 5665 τὴν
854 5596 1036 5652 δύσιν
1068 5597 1278 5652 αὐτοῦ.
1312 5597 1496 5665 Ἔγνω
1524 5597 1752 5667 ταύτην,

165 5695 271 5765 οὐχ
299 5693 376 5757 ὡς
402 5692 667 5764 ἔμψυχος,
702 5691 842 5746 ἀλλὰ
868 5691 1011 5745 κατὰ
1032 5692 1126 5745 τὸν
1175 5690 1319 5744 θεῖον
1354 5691 1501 5761 ὅρον,
1528 5690 1587 5743 ὃν
1623 5676 1626 5683 ’
1652 5692 1753 5761 οὐχ

167 5785 519 5860 ὑπερϐαίνει,
547 5784 803 5859 καθάπερ
827 5803 911 5849 τις
948 5785 1190 5847 λονικὺς,
1239 5782 1395 5848 εἰδὼς
1427 5784 1487 5837 τὸ
1520 5799 1751 5848 προστε-

1868 4721 2004 4776 Vide
2036 4723 2278 4790 ipsorum
2307 4721 2474 4775 etiam
2510 4724 2779 4776 montium
2813 4737 2877 4776 ac
2915 4729 3194 4792 petrarum
3226 4724 3447 4780 utilita-

1866 4824 1994 4872 tem.
2032 4822 2087 4867 et
2115 4814 2396 4881 quomodo
2452 4814 2538 4868 vel
2588 4813 2936 4870 inﬁrmorum
2987 4822 3153 4871 etiam
3201 4816 3451 4873 animan-

1864 4906 2002 4961 tium
2062 4897 2315 4961 sutnmus
2342 4904 2538 4974 Opilex
2569 4919 2760 4959 curam
2783 4905 3003 4972 habeat,
3032 4906 3170 4962 Nam
3205 4908 3251 4962 si
3286 4923 3448 4963 mon-

1861 5007 1946 5050 tes
1982 4998 2115 5051 nulli
2156 5007 2366 5059 essent,
2423 5012 2526 5052 nec
2555 4998 2681 5053 ulla:
2724 5009 2915 5067 petra).
2949 5000 3287 5056 defecissent
3319 5016 3449 5056 sane

1861 5088 1991 5142 olim
2010 5088 2215 5149 omnia.
2240 5102 2365 5158 quae
2390 5090 2629 5146 diximus
2662 5091 2992 5159 animantia,
3019 5094 3166 5149 etab
3190 5092 3448 5149 immitiu-

1860 5179 2015 5235 ribus
2046 5181 2181 5235 feris
2210 5181 2449 5236 fuissent
2480 5190 2837 5250 consumpta.

1930 5291 2098 5350 Vsus.
2140 5293 2233 5352 l9.
2276 5293 2430 5349 Fecit
2459 5298 2646 5352 lunam
2692 5298 2747 5350 in
2792 5306 3060 5364 tempora.
3109 5294 3167 5349 in
3195 5303 3442 5368 tempora

1857 5388 2075 5444 scilicet
2104 5389 2305 5444 noctis.
2336 5388 2549 5442 Lunam
2584 5388 2730 5444 enim
2764 5399 2816 5444 et
2846 5389 3036 5444 stellas
3065 5387 3119 5443 in
3152 5388 3446 5460 praefectu-

1852 5496 1945 5537 ras
1969 5481 2152 5538 noctis
2183 5481 2414 5546 creavit,
2447 5492 2508 5535 ιιι
2534 5496 2654 5536 eam
2684 5481 3084 5547 illuminarent,

1936 5595 2297 5665 Sulcognovit
2347 5611 2600 5649 occasum
2634 5612 2810 5651 suum.
2864 5596 3137 5668 Cognovit
3183 5614 3442 5664 occasum

1865 5704 2026 5744 suum
2064 5688 2169 5754 sol,
2210 5702 2318 5742 non
2344 5687 2513 5743 veluti
2546 5689 2592 5743 is
2636 5689 2731 5760 qui
2785 5690 3024 5745 animam
3074 5701 3170 5747 aut
3215 5708 3440 5750 sensum

1866 5782 2086 5848 habeat,
2118 5780 2214 5839 sed
2243 5780 2410 5837 veluti
2440 5781 2489 5839 is
2515 5782 2609 5852 qui
2637 5782 2879 5839 divinam
2911 5784 3428 5845 determinationem
