3832 6542
225 379 367 445 1033

1422 384 1808 446 COMMENT.
1854 386 1933 444 IN
1975 388 2338 452 PSALMOS.

3344 397 3477 463 1034

216 494 301 564 τῷ
348 495 847 566 προερμηνευθέντι
871 499 951 562 l‘e'
982 495 1184 567 ψαλμῷ
1201 498 1426 570 εἴρηκεν
1455 517 1467 531 ·
1508 502 1611 556 Ἐν
1643 502 1772 559 mia

1899 505 2112 574 psalmo
2141 522 2240 562 xcv
2269 507 2546 579 legimus:
2591 510 2657 566 In
2707 513 2949 569 omnibus
3000 514 3244 585 gentibus
3303 520 3470 575 mira-

215 585 343 651 τοῖς
373 586 546 652 λαοῖς
575 587 648 640 τὰ
676 587 974 656 θαυμάσια
1013 589 1223 647 αὐτοῦ.

305 675 682 732 Ἐπαινεῖσθε
735 679 805 730 ἐν
858 676 940 743 τῷ
973 677 1214 747 ὀνόματι
1269 679 1348 746 τῷ
1395 680 1544 750 ἁγίῳ
1584 683 1794 739 αὑτοῦ.

216 765 384 834 Μέγα
421 769 671 838 φρονεῖτε
726 770 822 823 καὶ
867 771 1146 841 καυχᾶσθε
1179 773 1238 825 ὲν
1288 773 1368 844 τῷ
1425 774 1795 846 ὀνομάζεσθαι

215 857 558 930 Χριστιανοί.
589 861 730 932 Πρὸς
755 862 862 933 γὰρ
895 864 1020 927 τοὺς
1048 864 1381 930 ἀποστόλους
1416 867 1445 920 ὀ
1474 866 1652 936 λόγος,
1700 870 1797 922 καὶ

215 951 346 1014 τοὺς
379 951 660 1021 διαδόχους
693 953 894 1008 αὐτῶν.

290 1041 698 1110 Εὑρρανθήτω
749 1045 964 1113 καρδία
1016 1046 1346 1114 ζητούντων
1398 1050 1507 1104 τὸν
1551 1051 1792 1120 Κύριον.

213 1134 342 1186 Τῶν
365 1135 811 1206 ἐπικαλουμένων
843 1139 1006 1192 αὐτὸν
1058 1140 1136 1201 εἰς
1169 1140 1423 1212 βοήθειαν
1443 1159 1458 1174 ο
1494 1141 1792 1214 βοηθήσον-

210 1240 308 1279 ται
337 1228 466 1297 γάρ.

288 1507 599 1577 Ζητήσατε
633 1512 737 1565 τὸν
771 1512 1009 1580 Κύριον,
1047 1513 1142 1568 καὶ
1175 1517 1587 1588 κραταιώθητε.
1643 1521 1794 1590 Κρα-

205 1601 486 1671 ταιώοητε
517 1602 597 1666 εἰς
626 1602 687 1656 τὸ
712 1601 948 1674 ζητῆσαι
981 1606 1167 1670 αὑτὸν,
1193 1609 1287 1662 καὶ
1317 1610 1392 1680 μὴ
1416 1612 1740 1681 χοιυνοῦσθε.

1905 593 2033 649 biiia
2055 596 2192 663 ejus.

1972 687 2140 743 Vsus.
2211 690 2266 745 3.
2314 689 2638 750 Laudamini
2698 696 2752 750 in
2813 699 3024 754 nomine
3091 713 3278 758 saneto
3333 705 3472 776 ejus.

1903 775 2212 846 Exsultatc,
2279 781 2483 854 inquit,
2547 800 2610 842 ac
2657 788 2818 845 valde
2859 789 3174 860 gloriamini
3249 796 3301 852 in
3364 775 3472 856 hoc

1901 867 2217 930 Christiano
2242 876 2483 934 nomine.
2536 878 2616 934 Ad
2659 882 2944 952 apostolos
2975 885 3121 942 enim
3152 900 3234 944 est
3265 905 3472 959 sermo,

1900 974 1954 1020 et
1987 966 2052 1021 ad
2089 982 2278 1023 eorum
2311 986 2693 1030 successores.

1969 1056 2206 1114 La'tetur
2235 1078 2327 1116 cor
2347 1065 2695 1133 quwrentium
2736 1067 3048 1124 Dominum.
3092 1072 3208 1129 Hoc
3237 1085 3350 1139 est,
3387 1079 3473 1134 in-

1897 1151 2208 1206 vocantium
2253 1167 2377 1208 eum
2424 1155 2478 1210 in
2540 1157 2803 1213 auxilium
2839 1177 2854 1214 :
2894 1174 3092 1232 prtesto
3145 1167 3345 1238 quippe
3390 1176 3472 1227 eis

1897 1241 2096 1297 aderit.
2128 1244 2246 1310 Vel,
2278 1246 2491 1303 laetetur
2518 1263 2616 1304 cor
2668 1250 2950 1308 hominum
2987 1259 3366 1318 accedentium
3400 1265 3466 1320 ad

1899 1331 2067 1390 Deum
2121 1351 2219 1405 per
2257 1339 2644 1397 mandatorum
2680 1345 2962 1412 semitam,
2995 1363 3116 1419 qua:
3164 1353 3294 1410 illuc
3343 1375 3468 1428 per-

1897 1423 2047 1480 ducit
2079 1443 2094 1482 :
2134 1428 2412 1485 invenient
2437 1432 2583 1487 enim
2619 1449 2765 1490 eum.
2978 1449 2980 1451 '

1970 1515 2138 1573 Vens.
2173 1519 2225 1572 4.
2262 1520 2494 1585 Ωιιωνὶιε
2532 1525 2818 1582 Dominum
2852 1541 2901 1584 et
2933 1533 3278 1595 roboramini.
3319 1541 3467 1598 Con-

1895 1615 2108 1665 stantes
2167 1618 2344 1668 estote
2423 1622 2478 1670 et
2545 1615 2718 1672 fortes
2780 1620 2834 1674 in
2891 1625 3261 1692 perquirendo
3315 1649 3463 1701 eunt,

1895 1713 2226 1771 omnemque
2269 1705 2434 1761 animi
2469 1707 2749 1765 mollitiem
2803 1726 2871 1768 ac
2922 1711 3237 1786 languorem
3279 1723 3467 1794 depel-

1896 1790 2011 1846 lite.

286 1869 598 1941 Ζητήσατε
625 1872 691 1926 τὸ
740 1873 1065 1941 πρόσωπον
1093 1875 1283 1930 αὐτοῦ
1312 1877 1411 1931 διὰ
1437 1880 1686 1946 παντός.
1718 1883 1772 1935 Ti

1968 1883 2204 1951 Quaerite
2273 1889 2463 1958 facient
2512 1908 2651 1962 ejus.
2713 1894 2817 1951 Per
2881 1900 3076 1958 faciem
3124 1907 3238 1974 Dei,
3293 1909 3460 1970 Deum

203 1964 510 2035 πρόσωπον
551 1964 738 2028 αὐτοῦ,
775 1965 1058 2019 τουτέστιν
1099 1967 1263 2020 αὐτὸν
1303 1973 1788 2041 περιφραστικῶς·

203 2057 243 2125 ἢ
281 2056 384 2126 τὴν
407 2055 710 2128 ἐπισκοπὴν
737 2055 902 2110 αὐτοῦ
921 2073 936 2089 ·
968 2057 1002 2126 ἢ
1037 2057 1127 2112 τὸν
1157 2058 1286 2111 Υεὸν
1321 2061 1509 2129 αὑτοῦ,
1538 2064 1629 2116 τὸν
1653 2065 1788 2137 Χριο

1894 1975 2071 2047 ipsum
2105 1982 2587 2053 circumloquitur,
2627 1987 2709 2042 vel
2743 1990 2982 2049 divinam
3038 1996 3246 2054 indicat
3269 2013 3463 2060 custo-

1892 2068 2036 2122 diam
2094 2086 2156 2125 ac
2191 2076 2586 2140 protectionem
2632 2094 2761 2150 erga
2803 2081 3054 2144 homines
3091 2105 3104 2141 :
3153 2099 3248 2147 aut
3278 2094 3459 2165 ipsum

204 2147 367 2211 στὸν,
394 2148 453 2212 ὃς
481 2148 630 2201 ἐστιν
652 2147 1077 2218 ἀπαράλλακτος
1119 2149 1286 2204 εἰκὼν
1307 2153 1401 2205 τοῦ
1434 2155 1666 2225 Πατρδς,
1695 2158 1772 2210 κα¹

1898 2159 2144 2217 fortassis
2187 2164 2527 2236 unigenitum
2577 2168 2672 2224 Dei
2702 2147 2945 2242 iFilium,
2987 2178 3266 2239 Christum
3299 2147 3463 2244 intel-

200 2239 498 2312 χαρακτὴρ
521 2239 622 2311 τῆς
652 2239 1006 2305 ὑποστάσεως
1036 2242 1203 2296 αὐτοῦ
1226 2259 1240 2274 ο
1287 2245 1340 2298 '0
1358 2245 1630 2315 ἑωρακὼς
1654 2249 1786 2320 γὰρ,

199 2333 368 2402 φησὶ,
395 2331 474 2401 μὲ
503 2331 725 2400 ἑώρακε
762 2332 864 2387 καὶ
893 2334 1000 2388 τὸν
1031 2335 1286 2404 Πατέρα.

276 2511 600 2580 Μνήσθητε
627 2509 747 2565 τῶν
774 2513 1122 2581 θαυμασίων
1149 2517 1358 2581 αὐτοῦ,
1389 2511 1477 2573 ὧν
1511 2520 1781 2590 ἐποίησε.

195 2601 500 2672 meum;
527 2601 756 2668 τούτων,
810 2602 1151 2671 διδάσκοντες
1194 2608 1262 2661 τὰ
1313 2607 1464 2680 ἔθνη,
1496 2611 1588 2665 καὶ
1616 2613 1786 2683 ἀναγ-

195 2707 266 2762 γε
276 2693 425 2746 ίλατε
459 2694 618 2750 αὐτὰ.

275 2867 358 2922 Τὰ
382 2869 596 2937 τέρατα
621 2872 809 2927 αὑτοῦ
859 2875 978 2956 ’καὶ
1013 2875 1086 2928 τὰ
1130 2877 1384 2948 κρίματα
1422 2880 1527 2937 τοῦ
1561 2884 1781 2956 στόμα-

190 2973 305 3025 τος
342 2961 548 3014 αὐτοῦ.
567 2963 858 3034 Μνήσοητε
878 2964 1142 3036 δηλονότι.
1176 2969 1492 3044 ’Ᾱδιάφορος
1518 2975 1626 3045 δὲή
1655 2977 1780 3030 οὑν-

189 3053 376 3120 ταξις.
405 3057 622 3130 Τέρατα
651 3059 749 3130 μὲν
801 3060 899 3114 οὖν
984 3063 1042 3118 αἱ
1090 3063 1389 3132 ὑπερφυεῖς
1435 3069 1774 3139 θεοσημεῖαι,

188 3148 448 3220 κρίματα
487 3149 544 3204 δὲ
573 3152 631 3204 ai
678 3154 982 3223 ἀποφάσεις
1016 3154 1185 3209 αὐτοῦ
1259 3157 1318 3208 αἱ
1348 3158 1439 3212 διὰ
1483 3159 1576 3212 τοῦ
1609 3161 1774 3232 νόμου
1802 3186 1846 3244 C
1879 3148 2068 3235 bra-3c,

185 3238 388 3294 αὐτοῦ.

264 3526 506 3597 Σπέρμα
579 3530 834 3602 Ἀϐραὰμ
862 3574 877 3596 ,
949 3533 1158 3588 δοῦλοι
1181 3537 1387 3592 αὐτου.
1439 3531 1509 3592 Ὦ
1548 3540 1768 3612 σπέρμα

198 3617 480 3689 Ἀϐραάμ.
508 3620 681 3676 Καλεῖ
709 3621 767 3675 δὲ
797 3625 921 3686 τοὺς
949 3625 1298 3692 ἀποστόλους.

259 3791 383 3845 Υἱοὶ
426 3793 635 3849 Ἰακὼϐ
657 3797 927 3852 ἐκλεκτοὶ
981 3803 1189 3857 αὐτοῦ.
1234 3799 1310 3858 Οὗ
1359 3807 1585 3862 τοιαῦτα
1630 3811 1764 3866 πάν-

176 3898 254 3933 τα
281 3881 416 3953 (13),
442 3885 551 3938 Καὶ
577 3884 752 3939 δοῦλοι
786 3888 884 3956 μὲν
931 3893 1072 3944 κατὰ
1109 3892 1188 3958 τὸ,
1215 3895 1286 3948 Ei
1308 3890 1421 3950 οὖν
1445 3897 1562 3966 ἐγὼ
1588 3902 1620 3952 ό
1649 3901 1763 3954 Κύ-

172 3991 318 4041 ριος
353 3977 449 4029 καὶ
479 3979 513 4031 ὁ
542 3977 909 4046 διδάσκαλος
943 3982 1123 4051 ἔνιψα
1149 3985 1314 4053 ὑμῶν
1355 3989 1498 4055 τοὺς
1529 3992 1718 4057 πόδας
1745 4009 1758 4022 ’

177 4065 436 4119 ἐκλεκτοὶ
465 4067 523 4120 δὲ
582 4070 723 4122 κατὰ
751 4070 832 4136 τὸ,
866 4075 987 4141 Οὐχ
1035 4075 1202 4144 ὑμεῖς
1230 4078 1346 4146 μὲν
1372 4080 1758 4147 ἐξελέξασθε,

175 4157 328 4210 ἀλλ’
351 4159 464 4227 ἐγὼ
484 4159 854 4232 ἐξελεξάμην
881 4165 1054 4234 ὑμᾶς.

252 4355 450 4421 Αὐτὸς
471 4357 686 4426 Κύριος
715 4362 747 4413 ό
777 4361 923 4427 Θεὸς
954 4362 1141 4432 ήμῶν.
1168 4366 1339 4431 Αὐτὸς
1366 4371 1394 4422 ὁ
1425 4371 1684 4442 Χριστός.

1888 2251 2031 2320 ligit,
2081 2256 2174 2324 qui
2230 2258 2706 2320 incommutabilis
2775 2275 2862 2320 est
2916 2269 3098 2342 imago
3147 2274 3350 2347 Patris,
3408 2293 3461 2338 et

1889 2344 2179 2402 character
2204 2349 2528 2408 substantia
2555 2354 2675 2425 ejus
2712 2372 2728 2410 :
2765 2358 2873 2424 Qui
2893 2362 3063 2431 enim,
3101 2366 3299 2439 inquit,
3329 2344 3460 2428 cidit

1887 2448 1988 2500 me,
2017 2433 2146 2488 vidit
2176 2447 2226 2491 et
2251 2438 2474 2497 Patrem
2497 2459 2671 2500 meum
2702 2446 2769 2504 ³⁸.

1958 2527 2125 2586 Vens.
2159 2531 2214 2588 5.
2260 2533 2578 2594 Mementote
2612 2543 2942 2602 mirabilium
2992 2552 3110 2620 ejus
3166 2571 3285 2624 qua:
3308 2559 3454 2629 fecit.

1884 2619 2117 2686 Quando
2156 2625 2457 2684 salutarem
2507 2633 2627 2702 ejus
2681 2635 2984 2694 doctrinam
3035 2619 3453 2721 annuntiabitis,

1885 2722 2018 2771 tunc
2053 2717 2402 2777 admirabilia
2443 2724 2606 2778 etiam
2639 2739 2837 2784 cuncta
2873 2748 2996 2802 qua:
3019 2735 3236 2806 fecerit,
3259 2717 3456 2812 prandi;

1883 2818 2028 2864 cate.

1949 2900 2210 2974 Prodigia
2249 2907 2362 2975 ejus
2411 2917 2460 2962 et
2476 2909 2691 2978 judicia
2730 2915 2839 2970 oris
2897 2918 3038 2987 ejus.
3084 2919 3291 2994 Repete
3330 2944 3454 2985 ver-

1876 2993 2031 3061 bum,
2071 2995 2406 3056 Mementote.
2441 3003 2707 3061 Abutitur
2737 3019 2920 3066 autem
2961 3013 3052 3068 hic
3077 2993 3274 3084 quarto
3297 3035 3446 3092 casu,

1878 3100 1981 3154 pro
2013 3091 2294 3157 secundo;
2329 3109 2490 3163 quem
2517 3096 2774 3167 loquendi
2799 3104 3020 3160 modum
3066 3109 3236 3165 dictio
3280 3117 3443 3172 etiam

2122 3187 2381 3240 servavit.
2447 3187 2698 3260 Prodigia
2763 3203 2967 3265 autem,
3009 3217 3072 3254 ea
3118 3213 3240 3260 sunt
3267 3224 3442 3277 qmea

1882 3268 1992 3325 Deo
2025 3280 2224 3341 praeter
2264 3289 2484 3332 omnem
2527 3291 2741 3336 natura:
2795 3283 2966 3355 legem
3016 3289 3192 3358 ηιιιιις
3233 3268 3444 3363 judicia

1880 3375 2010 3416 vero
2041 3377 2104 3418 ea
2136 3378 2258 3434 qua:
2287 3364 2454 3434 Deus,
2495 3369 2619 3424 data
2665 3389 2762 3442 per
2795 3375 3038 3449 Moysem
3065 3381 3203 3454 iege,
3251 3389 3442 3447 decre-

1949 3540 2116 3604 Vsns.
2151 3546 2204 3602 6.
2240 3547 2428 3606 Semen
2456 3553 2687 3611 Abrahae
2724 3573 2856 3615 serat
2901 3566 3035 3633 ejus.
3072 3569 3207 3640 Vos,
3242 3574 3440 3647 inquit,

1877 3649 1910 3687 ο
1940 3650 2128 3692 semen
2157 3639 2410 3708 Abrahae,
2435 3647 2528 3714 qui
2563 3649 2706 3703 servi
2738 3651 2857 3721 ejus
2884 3659 3042 3714 estis.
3091 3662 3173 3718 Ad
3208 3639 3440 3736 aposto;

1876 3723 1958 3780 los
1983 3737 2164 3784 autem
2205 3748 2387 3788 sermo
2412 3746 2520 3794 est.

1947 3817 2082 3872 Filii
2121 3820 2286 3876 Iacob
2341 3828 2492 3881 electi
2527 3832 2665 3900 ejus.
2715 3836 2960 3905 Apostoli
3009 3843 3289 3914 nimirum,
3340 3855 3436 3920 qui

1874 3909 2086 3968 duobus
2113 3913 2198 3969 his
2225 3932 2256 3970 a
2280 3918 2391 3974 Deo
2425 3923 2672 3995 insigniti
2698 3939 2828 3984 sunt
2856 3937 3190 3995 nominibus.
3220 3909 3403 3999 Nam't

1872 4005 2015 4057 servi
2045 4021 2108 4060 es
2137 4022 2203 4063 eo
2242 4010 2414 4066 videri
2444 4029 2702 4087 possunt,
2732 4025 2878 4090 quod
2904 4027 3041 4083 dixit
3064 4032 3130 4086 ad
3155 4049 3248 4091 eos
3273 4036 3434 4094 Chri-

1871 4102 1993 4148 stus
2028 4111 2042 4150 :
2079 4095 2139 4150 Si
2166 4114 2258 4168 ego
2295 4102 2555 4160 Dominus
2592 4119 2641 4162 et
2691 4117 2945 4183 magister
2991 4121 3097 4176 lavi
3144 4127 3300 4193 pedes
3355 4149 3437 4185 ve-

1867 4193 2006 4237 stros
2048 4187 2129 4252 ³⁹;
2178 4199 2231 4242 et
2271 4194 2454 4261 electi,
2497 4198 2624 4265 quia
2673 4202 2814 4258 idem
2865 4209 2994 4264 alibi
3025 4213 3097 4266 ait
3134 4187 3153 4267 τ’
3195 4215 3318 4273 Non
3346 4239 3434 4276 vos

1866 4277 2095 4347 elegistis
2122 4298 2224 4347 me,
2257 4286 2348 4339 sed
2379 4304 2472 4356 ego
2507 4290 2640 4361 elegi
2671 4311 2756 4348 vos
2784 4297 2848 4351 “.

1938 4370 2107 4430 Vens.
2135 4377 2187 4430 7.
2224 4377 2346 4445 Ipse
2383 4381 2639 4439 Dominus
2671 4387 2810 4444 Deus
2862 4405 3042 4450 vester.
3074 4399 3192 4468 Ipse
3221 4406 3431 4466 scilicet

1865 4460 2144 4520 Christus.

261 4527 370 4582 Ἐν
395 4529 560 4602 πάσῃ
586 4531 663 4603 τῇ
685 4534 762 4603 τῇ
792 4535 863 4591 τὰ
890 4537 1142 4608 κρίματα
1161 4542 1369 4598 αὐτοῦ.
1395 4543 1513 4600 Οὐκ
1543 4547 1600 4604 ὲν
1620 4546 1751 4603 ’1ου-

261 4620 351 4657 ὀ»..-
383 4621 539 4657 "at..."
585 4626 861 4657 ......--..-.~:
894 4629 1001 4657 ..ιη
1031 4629 1233 4657 ρηειο,
1249 4651 1343 4657 ___.

1928 4553 1995 4606 In
2032 4559 2178 4610 omni
2197 4568 2339 4614 terra
2355 4563 2565 4630 judicia
2587 4569 2723 4636 ejus.
2753 4570 2870 4629 Non
2897 4576 2950 4631 in
2975 4577 3158 4638 Judtea
3185 4594 3424 4657 tantum,

163 4619 351 4683 δαξοις
381 4621 539 4691 μόνον
585 4626 862 4697 πανταχοῦ
894 4629 1003 4700 γὰρ
1031 4629 1364 4704 διεδόθησαν.

260 4799 566 4870 Ἐμνήσθη
596 4806 681 4868 εἰς
710 4806 817 4859 τὸν
861 4810 1045 4864 αἰῶνα
1077 4812 1372 4883 διαθήκης
1399 4821 1604 4876 αὑτοῦ.
1637 4825 1752 4891 Τῆς

163 4890 257 4951 εἰς
288 4890 382 4945 τὸν
407 4894 578 4947 αἰῶνα
603 4896 867 4970 διαθήκης
882 4903 1068 4969 αὐτοῦ,
1100 4906 1200 4976 τῆς
1221 4910 1461 4976 αἰωνίου,
1507 4913 1623 4984 ἦτοι
1651 4917 1748 4985 τῆς

162 4981 580 5055 ἀμετακινήτου
641 4990 734 5042 καὶ
787 4992 1168 5056 ἀναλλοιώτου,
1207 5002 1516 5072 Καταλέγει
1549 5006 1603 5057 δὲ
1632 5007 1742 5060 λοι-

160 5071 276 5123 πὸν
327 5074 571 5128 ὲντεῦθον
600 5077 628 5130 ὁ
659 5083 943 5153 προφήτης
1002 5086 1100 5150 τὰς
1135 5091 1216 5152 εἰς
1269 5071 1555 5163 Ἐϐραίους
1592 5097 1744 5167 εὐερ.

158 5163 386 5233 γεσίας,
416 5166 618 5222 ἄνωθεν
657 5171 764 5226 ἀπὸ
805 5175 1058 5249 Ἀϐραὰμ
1095 5180 1421 5254 ἀρξάμενος.

1857 4643 1951 4697 sed
1984 4645 2185 4716 ubique
2216 4650 2459 4707 locorum
2509 4657 2785 4730 divulgata
2835 4679 2960 4722 sunt
3014 4672 3133 4742 ejus
3188 4643 3420 4746 judicia:

1858 4737 2130 4797 Universo
2157 4745 2358 4816 quippe
2390 4750 2510 4804 orbi
2553 4765 2687 4809 sunt
2716 4760 2935 4818 tradita.

1928 4829 2092 4890 Vens.
2127 4833 2180 4888 8.
2212 4835 2414 4892 Memor
2451 4842 2550 4910 fuit
2587 4846 2641 4899 in
2685 4852 2939 4908 smcnlum
2980 4867 3282 4918 testamenti
3310 4871 3420 4925 sui.

1857 4920 2192 4980 Testamenti
2243 4930 2352 4997 sui,
2410 4933 2553 5002 quod
2610 4939 2661 4993 in
2717 4946 2975 5001 saeculum
3013 4961 3118 5017 est,
3184 4956 3285 5012 hoc.
3311 4974 3417 5016 esu.

1855 5017 2044 5070 aeterni
2099 5025 2266 5090 atque
2308 5024 2790 5089 incommutabilis.
2840 5039 3032 5110 Incipit
3072 5055 3251 5099 autem
3285 5048 3420 5102 Pro-

1855 5105 2018 5173 pheta
2051 5121 2115 5163 ex
2166 5111 2270 5167 hoc
2329 5115 2450 5172 loco
2505 5134 2904 5183 connumerare
2929 5131 3183 5188 beneficia
3215 5137 3268 5190 in
3311 5139 3419 5196 ile-

1856 5195 2125 5252 brmorum
2181 5205 2442 5274 populum
2500 5213 2800 5280 eollata,et
2851 5219 2918 5272 ab
2973 5219 3092 5290 ipso
3131 5227 3418 5283 exOrditnr

1849 5283 2142 5342 Abraham.

1548 5673 1740 5734 Variae
1788 5674 2109 5741 iectiones.

236 5748 352 5818 (ιδ)
390 5749 575 5831 (ἷΐκθθ
615 5757 769 5824 cuius
813 5772 936 5814 δαηε
986 5764 1095 5818 Ιιωε
1131 5771 1310 5822 omnia
1340 5791 1356 5829 :
1390 5790 1509 5843 quae
1535 5778 1747 5846 porro?
1788 5795 1879 5846 an,
1910 5783 2153 5855 prodigia
2180 5797 2226 5840 et
2253 5789 2461 5856 judicia
2495 5793 2520 5848 2
2584 5779 2772 5851 Latina
2839 5801 3218 5871 interpretatio
3292 5807 3404 5863 τοι-

236 5834 314 5871 ίςρ
354 5835 537 5871 minus
566 5836 772 5871 exat-tn-
815 5841 962 5871 porta
992 5839 1332 5871 nnmmnAh-u.

157 5830 314 5874 tassc
354 5823 537 5876 minus
566 5823 773 5889 exacta,
815 5841 962 5886 certe
992 5839 1332 5894 cmnmodior

488 5916 759 5984 PATROL.
797 5924 892 5984 CX
912 5930 1051 5990 XVI
1066 5933 1139 5993 ΙΙ.

3007 5961 3084 6024 33
