3898 6602
497 459 634 525 1035

1667 445 2042 533 EU'f‘llYMlI
2081 476 2439 537 ZIGABENI

3590 484 3700 548 1036

491 579 711 649 repetit.
778 579 881 634 Per
938 586 1325 634 testamentum
1379 581 1525 636 enim
1577 593 1632 637 et
1677 598 1772 653 per
1810 587 2033 642 verbum

2168 588 2521 656 λέγειπὰ>.ιν,
2563 590 2891 662 διαθήκηνῆ
2929 593 3086 662 λόγον
3137 594 3235 668 τὴν
3280 596 3569 669 ὑπόσχεσιν
3621 604 3702 670 τῆς

391 684 394 686 ⁷
492 673 913 742 promissionem
983 688 1014 728 a
1072 673 1182 727 Deo
1235 673 1471 730 Abraba:
1517 673 1716 730 lactant
1773 677 2056 748 intelligit.

487 767 702 822 Memor
737 765 928 831 etiam,
968 765 1168 836 inquit,
1212 766 1318 822 fuit
1361 766 1526 835 Deus,
1570 771 1846 828 sermonis
1892 787 2055 841 Quem

489 857 768 912 mandavit
800 858 862 914 in.
891 857 1037 912 mille
1074 860 1482 927 generationes,
1531 859 1635 916 hoc
1681 872 1786 927 est,
1837 863 1930 932 qui
1987 862 2053 928 ad

486 952 686 1006 multas
717 951 972 1006 nationes
1023 952 1295 1030 pervenit.
1342 951 1492 1007 Mille
1537 955 1684 1009 enim
1719 953 1902 1025 posuit
1957 969 2055 1024 pro

484 1043 699 1111 Multis,
728 1051 782 1099 et
818 1041 1097 1097 Mandavit
1136 1058 1235 1113 pro
1264 1044 1552 1100 Pollicitus
1585 1053 1692 1100 est.

553 1134 722 1190 Vens.
750 1134 804 1188 9.
834 1131 985 1198 Quod
1013 1133 1275 1203 disposuit
1305 1133 1374 1188 ad
1410 1134 1705 1190 Abraham.
1738 1133 1895 1202 Quod
1927 1151 2052 1191 ver-

483 1230 610 1283 bum
641 1227 876 1284 scilicet.

549 1319 619 1382 Et
641 1320 940 1389 juramenti
970 1319 1055 1373 sui
1088 1318 1158 1373 ad
1189 1317 1369 1373 Isaac.
1420 1318 1624 1373 Memor
1647 1319 1775 1374 item
1808 1318 1909 1372 fuit
1954 1319 2046 1388 ju-

481 1414 711 1468 ramenti
735 1412 846 1479 sui,
865 1412 1012 1483 quod
1027 1413 1234 1483 juravit
1253 1411 1360 1468 lilio
1389 1411 1625 1467 Abrahae
1643 1412 1813 1468 Isaac.
1842 1411 2044 1467 Eadem

477 1507 682 1564 etenim
707 1505 1012 1576 promissio
1049 1503 1183 1569 lilio,
1229 1519 1348 1574 quae
1408 1503 1553 1574 patri
1602 1504 1746 1558 facta
1776 1513 1882 1568 est,
1936 1513 2044 1557 tam

477 1600 541 1656 de
573 1600 817 1670 regione,
849 1613 1016 1670 quam
1056 1599 1126 1652 de
1176 1597 1531 1652 multitudine
1598 1596 1844 1652 seminis.
1902 1595 2044 1661 Quid

476 1703 661 1746 autem
715 1691 789 1746 sit
843 1689 1218 1760 juramentum
1267 1687 1385 1752 Dei,
1443 1688 1684 1743 diximus
1733 1686 1790 1740 in
1829 1688 2042 1756 psalmo

477 1799 736 1840 cxxxvut.
770 1782 846 1838 ibi
879 1799 893 1838 :
920 1781 1112 1835 Juravi
1152 1779 1320 1833 David
1348 1795 1496 1833 servo
1531 1794 1666 1832 meo.

543 1874 710 1932 Vens.
739 1874 826 1930 10.
869 1873 944 1930 Et
986 1873 1174 1928 statuit
1228 1872 1364 1926 illud
1401 1870 1567 1926 Jocob
1600 1872 1654 1924 in
1696 1880 2038 1940 pra’ceptum.

472 1971 625 2024 Adeo
655 1977 714 2023 ut
766 1968 888 2038 ipse
916 1964 1089 2021 Jacob
1127 1975 1312 2020 certus
1348 1965 1462 2034 jam
1513 1974 1682 2032 esset,
1726 1963 2040 2020 mandatum

471 2061 604 2116 illud
643 2058 740 2114 Dei
775 2057 969 2113 violari
1009 2073 1116 2111 non
1159 2056 1385 2112 debere.

538 2153 612 2210 Et
641 2150 818 2206 Israel
845 2151 900 2204 in
931 2157 1308 2204 testamentum
1337 2158 1617 2204 a'ternum.
1653 2146 1720 2203 Ut
1752 2156 1902 2205 esset
1937 2145 2040 2218 ipsi

471 2245 635 2301 Israel
668 2240 1120 2298 incommutabile
1151 2254 1307 2310 aeque
1335 2253 1400 2294 ac
1431 2239 1834 2310 sempiternum
1868 2247 2040 2294 testa-

469 2354 732 2393 mentum.

521 2347 732 2394 culum.

541 2431 709 2488 Vens.
734 2431 820 2486 11.
886 2429 1072 2484 Dicens
1102 2444 1120 2483 :
1154 2426 1269 2482 Tibi
1319 2427 1460 2482 dabo
1494 2435 1696 2482 terram
1753 2425 2034 2482 Chanaan.

466 2531 812 2586 Palmstinam
852 2525 1088 2592 scilicet,
1125 2539 1289 2596 quam
1319 2523 1614 2580 Cbananmi
1655 2523 1847 2595 populi
1881 2522 2039 2578 habi-

462 2626 679 2683 tabent.

539 2714 866 2774 Funiculum
896 2711 1227 2768 hereditatis
1260 2718 1466 2765 restria.
1520 2709 1634 2766 lloc
1681 2717 1769 2765 est
1815 2723 2036 2764 mensu-

469 2826 587 2867 ram
624 2823 687 2862 ac
719 2805 1030 2878 portionem
1071 2810 1330 2858 vestram.

539 2897 705 2957 Vsus.
739 2899 828 2953 12.
861 2896 995 2954 Cum
1024 2904 1200 2952 essent
1247 2911 1464 2950 numero
1497 2896 1696 2950 breves.
1743 2891 1890 2960 llaec,
1951 2893 2038 2948 in-

396 3063 400 3068 ,
469 3009 656 3068 quam,
694 2994 767 3047 ita
823 2988 1097 3061 disposuit
1138 2995 1194 3045 et
1239 2988 1519 3058 pollicitus
1568 2996 1654 3042 est
1694 2987 1857 3050 Deus,
1905 2998 2032 3040 cum

468 3087 647 3144 adhuc
670 3083 834 3155 pauci
865 3088 1073 3144 essent,
1103 3079 1382 3135 Abraham
1441 3079 1730 3142 nimirum,
1783 3078 1941 3134 lsaac
1979 3083 2034 3133 et

467 3179 634 3236 Iacob
696 3185 863 3245 atque
891 3189 1082 3230 eorum
1115 3173 1297 3229 liberi.

533 3268 855 3327 Paucissinti
900 3275 950 3322 α
983 3266 1239 3338 peregrini
1262 3267 1317 3319 ia
1345 3281 1432 3321 ea.
1471 3263 1614 3330 Quin
1649 3264 1762 3318 imo
1809 3261 2033 3333 paucis-
2061 3291 2104 3352 ο

465 3364 592 3422 simi
646 3377 773 3418 cum
825 3366 1015 3416 essent
1066 3367 1123 3417 et
1179 3358 1448 3413 derelicto
1490 3360 1653 3427 paulo
1684 3363 1814 3411 ante
1854 3354 2036 3425 patrio

468 3457 606 3521 solo,
653 3455 708 3510 in
728 3453 1181 3508 'Cllananaeorum
1215 3459 1378 3515 terra,
1405 3447 1573 3503 veluti
1599 3447 1845 3516 hospites
1869 3453 2036 3515 atque

461 3548 714 3608 extranei
747 3553 1143 3602 morarentur:
1178 3543 1449 3597 Abraham
1511 3540 1682 3605 enim,
1739 3550 1795 3596 ut
1859 3537 2036 3609 inquit

466 3646 774 3714 Scriptura.
815 3638 1184 3710 peregrinatus
1212 3647 1288 3691 est
1328 3637 1384 3690 in
1412 3647 1555 3690 terra
1585 3633 1840 3689 Gitanaan
1874 3634 1942 3687 “.

537 3733 702 3788 Vens.
743 3731 832 3787 15.
882 3729 952 3784 Et
977 3728 1404 3802 pertransierunt
1444 3726 1508 3779 de
1539 3734 1689 3794 gente
1719 3724 1773 3776 in
1797 3732 2030 3792 gentem.

465 3826 566 3880 Per
597 3822 798 3877 multas
822 3820 1078 3874 nationes
1114 3817 1292 3886 vagati
1339 3823 1486 3879 sunt,
1539 3824 1594 3869 et
1631 3814 1895 3884 plurimas
1944 3827 2026 3866 sc-

463 3917 561 3971 des
590 3918 1022 3972 commutarunt,
1067 3923 1190 3978 qum
1236 3907 1420 3961 omnia
1469 3907 1524 3960 in
1575 3905 1715 3959 libro
1756 3902 2031 3960 Geneseos

463 4023 526 4062 cx
537 4012 834 4074 ponuntur.

535 4097 602 4151 Et
635 4096 699 4149 de
726 4110 884 4164 regno
911 4093 966 4146 in
989 4091 1241 4160 populum
1271 4089 1523 4144 alterum.
1557 4088 1692 4144 Alia:
1742 4087 1889 4143 enim
1940 4100 2030 4140 re-

461 4191 654 4261 giones
693 4184 761 4240 ad
795 4184 938 4254 regis
971 4181 1260 4252 imperium
1302 4179 1856 4246 administrabantur,
1906 4177 2030 4232 aliae

468 4301 596 4343 vero
647 4278 926 4338 communi
979 4275 1306 4345 populorum
1365 4271 1621 4335 concilio,
1660 4285 1810 4325 more
1847 4271 2031 4340 reipuo

461 4381 639 4438 ωερε.

535 4473 696 4525 Vens.
729 4467 817 4522 M.
850 4462 973 4518 Non
1002 4462 1239 4531 permisit
1269 4459 1527 4514 hominem
1561 4475 1744 4514 nocere
1790 4459 1885 4514 eis.
1929 4456 2032 4512 Ne-

458 4566 687 4628 minem,
744 4557 964 4629 inquit,
1039 4552 1289 4624 permisit
1349 4551 1550 4622 injuria
1632 4566 1729 4607 eos
1794 4550 2028 4606 allicere.

2161 680 2456 750 εἰρημένης
2485 681 2588 750 γῆς
2629 681 2933 750 ὀνομάζων.
2979 683 3258 756 Ἐμνήσθη
3289 688 3418 757 γὰρ,
3456 692 3597 757 φησί,
3627 695 3701 744 τοῦ

2159 772 2340 838 λόγου,
2360 765 2419 824 οὗ
2439 773 2758 840 ἐνετείλατο,
2778 774 2870 826 τοῦ
2899 776 2976 838 εἰς
3006 777 3181 846 χιλῖας
3207 779 3420 844 γενεὰς,
3448 780 3538 833 τοῦ
3567 784 3700 852 μέχρι

2160 861 2369 914 πολλῶν
2396 862 2594 930 γενεῶν
2623 864 3001 936 ἐξικνουμένου
3023 883 3038 898 °
3073 869 3247 938 χιλίας
3271 870 3381 940 γὰρ
3407 873 3497 924 νῦν
3545 875 3701 938 ἁπλῶς

2158 953 2253 1017 τὰς
2285 956 2485 1018 πολλὰς
2527 957 2683 1009 καλεῖ
2704 997 2718 1020 ,
2752 959 2846 1012 καὶ
2911 959 2970 1012 τὸ
3003 961 3347 1017 ἐνετείλατο
3375 965 3430 1017 δὲ
3486 966 3600 1018 ἀντὶ
3624 967 3700 1017 τοῦ

2157 1046 2529 1114 ἐπηγγείλατο
2561 1048 2834 1103 τέθεικεν.

2232 1138 2339 1191 Ὃν
2367 1137 2592 1194 διέθετο
2627 1139 2706 1206 τῷ
2753 1142 3020 1219 Ἁϐραάμ.
3065 1146 3158 1198 Ὃν
3187 1145 3342 1216 λόγον
3364 1148 3614 1218 δηλονότι.

2223 1318 2329 1371 Kal
2356 1318 2463 1373 τοῦ
2490 1319 2670 1387 ὅρκου
2709 1321 2897 1374 αὐτοῦ
2956 1321 3035 1386 τῷ
3075 1323 3300 1376 Ἰσαάκ.
3335 1326 3446 1379 Καὶ
3478 1328 3692 1398 ὲμνὴσῡη

2153 1409 2314 1464 πάλιν
2345 1409 2436 1463 τοῦ
2487 1412 2649 1481 ὅρκου
2681 1412 2848 1464 αὐτου
2879 1411 2972 1464 τοῦ
3011 1412 3338 1482 ὀμοσθέντος
3379 1415 3455 1485 τῷ
3512 1417 3689 1471 Ἰσαάκ.

2152 1504 2224 1556 Τὸ
2264 1503 2394 1557 αὐτὸ
2437 1504 2541 1575 γὰρ
2588 1505 2680 1558 καὶ
2709 1505 2787 1575 τῷ
2837 1503 3022 1559 Ἰσαὰκ
3059 1507 3433 1576 ἐπηγγείλατο
3498 1511 3614 1577 περί
3641 1526 3688 1560 τε

2149 1593 2246 1663 τῆς
2291 1593 2393 1662 γῆς
2450 1594 2542 1646 καὶ
2573 1593 2666 1647 τοῦ
2714 1595 3038 1665 πληθυσμοῦ
3072 1595 3165 1649 τοῦ
3203 1597 3535 1666 σπέρματος.
3568 1599 3690 1652 Tibi

2149 1686 2295 1739 ἐστιν
2345 1687 2508 1758 ὅρκος
2557 1687 2714 1753 Θεοῦ,
2749 1683 2962 1758 εἴρηται
3012 1689 3068 1741 ὲν
3098 1689 3175 1761 τῷ
3205 1689 3296 1761 πη¹
3323 1691 3520 1762 ψαλμῴ
3542 1708 3553 1720 '
3586 1693 3691 1745 ἔνθα

2146 1779 2226 1846 τδ,
2260 1780 2486 1849 Ὠμοσα
2523 1781 2700 1835 Δαϐὶδ
2728 1782 2807 1846 τῷ
2834 1782 3032 1846 δούλῳ
3053 1801 3193 1852 μου.

2218 1871 2326 1925 Kal
2356 1873 2621 1942 ἔστησεν
2640 1876 2827 1930 αὐτὸν
2861 1875 2940 1941 τῷ
2974 1876 3185 1930 Ἰακὼϐ
3233 1879 3320 1943 εἰς
3348 1881 3689 1948 πρόσταγμα.

2073 1929 2119 1987 Β
2148 1963 2221 2018 Τὸ
2251 1961 2391 2018 εἶναι
2423 1929 2752 2037 πρόσταγμα
2782 1929 3158 2038 ἀπαράϐατον.

2223 2145 2328 2200 Kal
2364 2146 2442 2211 τῷ
2471 2146 2724 2215 Ἰσραὴλ
2755 2149 2844 2212 εἰς
2897 2145 3196 2215 διαθήκην
3241 2146 3497 2202 αἰώνιον.
3522 2147 3604 2210 Ei;
3637 2149 3685 2199 τὸ

2143 2231 2288 2290 εἶναι
2314 2237 2580 2309 διαθήκην
2615 2238 3040 2310 ἀμετακίνητον,
3097 2237 3475 2305 ἀναλλοίωτον,
3509 2241 3576 2304 ὡς
3618 2243 3680 2293 εἴ·

2147 2347 2330 2402 ρηται.

2213 2423 2418 2493 Λέγων
2441 2440 2454 2455 ο
2479 2423 2580 2477 Σοὶ
2613 2421 2786 2477 δώσω
2819 2422 2933 2492 τὴν
2963 2421 3080 2493 γῆν
3107 2423 3484 2494 Χαναιὶν.Τὴν
3511 2424 3682 2478 Παλαι-

2147 2519 2352 2590 στίνην,
2390 2520 2456 2590 ἢν
2491 2518 2774 2590 κατῴκουν
2805 2521 2852 2572 οἱ
2880 2520 3198 2574 Χαναναῖοι.

2214 2609 2546 2677 Σχοίνισμα
2593 2611 2996 2679 uincor-aula;-
3048 2609 3230 2680 ὑμῶν.
3279 2611 3559 2684 Μέτρημα.
3591 2611 3679 2682 μὲ-

2146 2719 2340 2773 ρισμα.

2221 2901 2326 2958 Ἐν
2355 2901 2434 2968 τῷ
2484 2899 2638 2958 εἶναι
2670 2903 2894 2970 αὐτοὺς
2943 2903 3166 2974 ἀριθμῷ
3208 2905 3478 2973 βραχεῖς.
3516 2905 3677 2971 Λέγων

2138 2997 2316 3052 ταῦτα
2369 2998 2464 3050 καὶ
2503 2996 2913 3067 διατιθέμενος,
2966 3000 3060 3052 καὶ
3117 3000 3556 3068 ὑπισχνούμενος,
3598 3001 3675 3052 ὅτε

2137 3085 2281 3161 ἦσαν
2337 3087 2557 3160 ἀριθμῷ
2589 3089 2811 3158 βραχεῖς
2882 3091 2929 3143 οἱ
2975 3092 3104 3160 περὶ
3145 3091 3239 3145 τὸν
3284 3091 3558 3162 ’Δϐραάμ,
3597 3092 3678 3143 καὶ

2151 3182 2354 3247 Ἰσαὰκ,
2381 3185 2474 3237 καὶ
2505 3183 2724 3238 Ἰακώϐ.

2207 3275 2596 3340 Ὀλιγοστοὺς
2625 3273 2722 3328 καὶ
2756 3274 3084 3343 παροίκους
3131 3275 3204 3327 ἐν
3229 3273 3406 3341 αὐτῇ.
3463 3272 3677 3327 Μετανά-

2141 3389 2264 3446 αται
2306 3370 2414 3440 γὰρ
2443 3368 2784 3438 παρῴκησαν
2816 3369 2896 3430 εἰς
2929 3367 3028 3438 τὴν
3075 3368 3180 3436 γῆν
3217 3368 3328 3420 τῶν
3389 3367 3676 3420 Χαναναίων

2137 3462 2340 3532 οἱπερὶ
2380 3461 2471 3513 τὸν
2531 3459 2811 3530 Ἀϐραάμ·
2847 3460 2939 3513 καὶ
2997 3459 3058 3512 '0
3086 3460 3345 3528 Ἀᾣέαὰμ
3379 3459 3496 3528 γὰρ,
3537 3457 3672 3526 ensi,

2137 3547 2500 3620 παρῴκησεν
2519 3548 2589 3602 ἐν
2615 3547 2693 3617 τῇ
2716 3548 2976 3603 Χαναὰν.

2206 3741 2315 3796 Kal
2343 3739 2598 3809 διῆλθον
2623 3738 2692 3804 ἐξ
2722 3739 2938 3805 ἔθνους
2967 3743 3054 3804 εις
3097 3740 3294 3806 ἔθνος.
3344 3740 3512 3794 Πολλὰ
3561 3738 3673 3804 ἔθνη

2133 3832 2494 3902 διερχόμενοι,
2543 3831 2639 3885 καὶ
2673 3832 2870 3894 τόπους
2906 3831 2971 3884 ὲκ
3009 3832 3190 3885 τόπων
3215 3833 3542 3902 ἀμείϐοντες,
3563 3830 3674 3898 περὶ

2134 3919 2209 3979 ὧν
2237 3924 2496 3979 ἁπάντων
2525 3925 2558 3994 ἠ
2595 3923 2780 3993 βίϐλος
2807 3923 2905 3993 τῆς
2929 3924 3200 3987 Γενέσεως
3243 3925 3462 3995 ἱστορεῖ.

2205 4098 2318 4153 Kal
2369 4099 2438 4151 ἐκ
2474 4096 2799 4161 βασιλείας
2835 4097 2923 4161 εις
2968 4097 3123 4149 λαὸν
3159 4098 3386 4165 ἕτερον.
3418 4096 3555 4157 Τινὲς
3583 4094 3682 4162 μὲν

2133 4191 2243 4263 γὰρ
2275 4191 2450 4263 χῶραι
2503 4189 2911 4253 ἐϐασιλεύοντο,
2958 4189 3101 4253 τινὲς
3129 4190 3184 4242 δὲ
3214 4185 3682 4261 ἐδημοκρατοῦντο.

2206 4463 2327 4515 Οὐκ
2361 4457 2598 4528 ἀφῆκεν
2622 4458 2937 4526 ἄνθρωπον
2961 4454 3248 4525 ἀδικῆσαι
3298 4455 3522 4519 αὐτούς.
3552 4452 3691 4503 Ἀν-

2135 4554 2377 4624 θρωπον,
2418 4553 2534 4622 ἤτοι
2581 4551 2734 4606 τινά·
2799 4551 2892 4604 τὸν
2949 4550 3048 4620 μὲν
3097 4549 3206 4618 γὰρ
3250 4548 3450 4618 Φαραῶ
3493 4547 3694 4616 ἦτασεν

393 4631 398 4638 ’
461 4656 802 4710 Pharaonem
872 4647 1072 4717 quippe
1120 4643 1193 4699 ob
1260 4643 1480 4697 Sarram
1541 4656 1766 4696 uxorem
1815 4640 2028 4710 magnis

2165 4648 2396 4716 τασμοίς
2425 4645 2683 4716 μεγάλοις
2731 4643 2827 4698 καὶ
2855 4643 3133 4712 πονηροῖς,
3188 4643 3283 4697 καὶ
3307 4641 3398 4694 τὸν
3426 4635 3563 4694 οἷκον
3596 4637 3695 4690 αὖ·

459 4742 800 4804 cruciatibus
830 4740 1028 4802 torsit;
1069 4734 1176 4805 ipsi
1209 4749 1430 4804 quoque
1473 4731 1816 4798 Abimelecb,
1857 4729 2027 4784 Palae-

459 4839 737 4894 sti‘uornm
765 4829 905 4900 regi,
942 4825 1220 4882 consimili
1248 4824 1317 4879 de
1340 4837 1510 4879 causa
1550 4824 1744 4886 iratus,
1773 4830 1827 4876 et
1859 4827 2024 4875 noctu

391 4997 396 5002 ε
460 4931 778 4989 imminens,
807 4920 1082 4978 horrenda
1106 4917 1356 4990 quaedam
1381 4917 1746 4974 comminatus
1780 4923 1864 4969 est
1890 4930 2026 4984 sup-

455 5022 641 5095 plicia,
673 5014 1020 5074 nisbSarram
1045 5012 1356 5068 restitueret
1384 5030 1396 5065 :
1422 5010 1552 5065 illud
1578 5009 1742 5062 etiam
1770 5007 1976 5060 addens
2004 5022 2017 5058 :

457 5113 724 5183 Quoniam
775 5105 1029 5178 propheta
1056 5111 1134 5159 est
1180 5102 1474 5166 Abraham,
1513 5110 1562 5155 et
1587 5101 1634 5154 si
1668 5116 1762 5169 pro
1801 5108 1850 5152 te
1895 5114 2020 5150 ora-

457 5210 608 5272 verit,
641 5205 784 5262 vives
808 5202 877 5254 δ’.
925 5199 1008 5252 Ab
1058 5196 1218 5251 iratis
1281 5202 1544 5264 praetcrea
1594 5199 1756 5260 atque
1798 5188 2027 5242 infensis

460 5296 660 5353 animis
711 5293 899 5354 Esau,
955 5299 1009 5342 et
1061 5285 1245 5340 Laban
1305 5285 1566 5339 dilectum
1618 5280 1723 5335 sibi
1791 5279 2026 5348 protexit

459 5383 653 5450 Iacob,
683 5379 998 5448 multosque
1028 5376 1168 5430 alios
1198 5374 1364 5428 simili
1409 5371 1568 5426 modo
1615 5369 1916 5440 prohibuit,
1956 5385 2024 5423 ne

462 5471 792 5547 patriarchis
821 5468 1076 5538 injuriam
1109 5467 1401 5520 inferrent.

531 5565 598 5620 Et
632 5562 904 5632 redarguit
942 5575 1038 5627 pro
1074 5559 1148 5612 eis
1199 5573 1361 5626 reges.
1417 5554 1718 5625 Redarguit
1748 5572 1865 5620 eos,
1892 5570 2023 5609 con-

465 5659 719 5726 luditquo
769 5669 834 5709 ac
897 5651 1194 5723 perterruit
1251 5663 1374 5702 cum
1441 5647 1632 5718 injusti
1682 5658 1888 5712 essent,
1941 5663 2024 5702 ve.

461 5749 560 5801 luti
592 5747 929 5800 Pharaonem
960 5740 1203 5814 Egypti,
1252 5749 1306 5795 et
1358 5739 1670 5794 Abimelech
1717 5741 2023 5794 Palu-stium

459 5855 637 5909 rcges.

565 5955 608 5986 “
640 5953 778 6010 Gen.
807 5967 970 6018 xxxv,
992 5949 1083 6008 27.
1159 5951 1203 5981 “
1230 5947 1363 6003 Gen.
1399 5965 1486 6016 xx,
1515 5949 1543 5996 7

2136 4739 2228 4792 τοῦ
2256 4739 2343 4792 διὰ
2366 4739 2582 4809 Σάρραν
2609 4737 2842 4805 γυναῖκα
2880 4734 3131 4805 ’Δϐραάμ
3152 4750 3165 4766 ·
3200 4733 3282 4804 τῷ
3324 4734 3380 4787 δὲ
3412 4730 3697 4800 Ἀϐιμέλεχ

2135 4831 2361 4893 ἐπιστὰς
2378 4827 2593 4892 νυκτὸς,
2615 4821 2767 4879 εἶπεν
2789 4823 2924 4879 ἄλλα
2953 4840 3011 4876 τε
3041 4823 3266 4894 φοϐερὰ,
3303 4822 3400 4876 καὶ
3424 4823 3496 4875 ὃτι
3533 4819 3699 4871 ’Λπόο

2131 4925 2218 4988 δος
2242 4923 2340 4994 τὴν
2377 4923 2608 4990 γυναῖκα
2647 4917 2725 4988 τῷ
2774 4915 3066 4986 ἀνθρώπῳ.
3100 4911 3234 4970 Εἶτα
3291 4918 3565 4986 ἐπήγαγεν
3617 4914 3700 4965 ὅτι

2132 5015 2450 5084 Προφήτης
2485 5013 2638 5076 ἐστὶ,
2667 5010 2762 5065 καὶ
2806 5009 3042 5072 εὔξεται
3069 5010 3199 5076 περὶ
3226 5009 3368 5075 σοῦ,
3397 5007 3482 5062 καὶ
3517 5005 3697 5071 ζήσῃ.

2135 5108 2240 5160 Τὸν
2269 5106 2434 5161 Ἠσαῦ
2466 5106 2522 5158 δὲ
2555 5105 2650 5156 καὶ
2696 5101 2789 5155 τὸν
2817 5101 3002 5156 Λάϐαν
3047 5102 3146 5154 οὐκ
3201 5102 3414 5172 ἀφῆκεν
3441 5098 3702 5163 ἀδικῆσαι

2133 5202 2225 5255 τὸν
2243 5198 2459 5261 Ἰακὼϐ,
2482 5200 2577 5250 καὶ
2599 5197 2790 5259 ἄλλους
2806 5195 3034 5255 πολλοὺς
3057 5195 3118 5247 οὑ
3145 5195 3477 5266 συνεχώρησε
3492 5189 3704 5260 βλάψαι

2133 5293 2258 5358 τοὺς
2286 5291 2610 5364 εἰρημένους
2633 5293 2781 5361 τρεῖς
2816 5287 3185 5359 πατριάρχας.

2201 5561 2306 5615 Kal
2330 5560 2592 5629 ἤλεγξεν
2647 5556 2794 5626 ὑπὲρ
2842 5555 3040 5610 αὐτῶν
3085 5555 3384 5620 βασιλεῖς.
3423 5552 3704 5621 ’Ἡλεγξεν

2127 5655 2324 5714 αὐτοὺς
2359 5654 2482 5714 τοὺς
2532 5652 2767 5714 ἀδίκους,
2823 5650 3082 5720 ᾔσχυνεν,
3139 5647 3431 5717 ἐφόϐησεν·
3487 5645 3574 5708 ὡς
3609 5647 3703 5700 τὸν

2125 5745 2326 5814 Φαραῶ
2356 5743 2578 5813 βασιλέα
2611 5742 2906 5809 Αἰγύπτου,
2944 5743 3036 5795 καὶ
3081 5741 3171 5792 τὸν
3217 5736 3510 5806 Ἀϐιμέλεχ
3542 5737 3705 5807 βασι-

2124 5839 2218 5892 λέι
2259 5839 2321 5888 re
2333 5839 2530 5905 ρᾱιοιυν.
