3898 6546
538 459 676 522 1039
1737 461 2049 524 EUTIIYM

2165 467 2521 528 ZlGAllENl
3607 492 3722 558 ιοω

509 569 675 623 insita
722 565 948 621 rationis
989 563 1288 626 llaitminla,
1333 580 1457 620 eum
1511 567 1563 620 in
1597 568 1975 632 alllictionnm,
2015 581 2068 625 et
2108 573 2485 629 calamitatum
2525 574 2750 634 fornace
2815 592 3106 653 tentatum,
3180 601 3518 651 constantem
3586 613 3725 674 atque

513 660 777 715 invictum
808 657 1067 721 reddidit,
1101 672 1164 711 ac
1211 659 1382 712 veluti
1452 658 1577 730 igne
1642 664 2016 717 examinatum
2087 667 2463 736 purgatissimi
2526 670 2643 724 auri
2703 672 2875 728 instar
2949 691 3161 734 summa
3215 696 3338 735 eum
3393 657 3724 749 munditiatei

511 749 751 820 puritate
797 749 1156 818 conspicuum
1199 749 1622 817 demonstravit,
1685 761 1848 824 atque
1895 754 2076 810 elleeit
2115 768 2172 812 ut
2218 760 2496 816 castitatis
2537 764 2654 819 zelo
2726 782 3066 836 succensus,
3107 789 3217 827 non
3291 778 3449 833 modo
3515 786 3718 840 alienam

511 858 736 900 uxorem
802 858 912 896 non
1005 853 1318 911 appeteret,
1380 845 1474 898 sed
1534 854 1590 898 ut
1620 845 1853 900 dominae
1941 863 2066 902 eum
2107 850 2268 905 etiam
2305 857 2648 923 appetentis,
2704 857 2932 930 laqueos
2982 865 3180 920 relicta
3257 880 3406 926 veste
3469 879 3722 943 praeterlu-

508 946 682 1010 geret.

580 1028 747 1085 Vens.
774 1027 865 1084 ΞΟ.
903 1026 1053 1082 Misit
1094 1042 1203 1090 rex,
1243 1035 1293 1081 et
1333 1027 1486 1081 soluit
1514 1043 1654 1081 eum.
1699 1029 1915 1084 Pharao
1938 1031 2049 1085 scili

2238 1022 2658 1089 ”Δπέστειλεν
2688 1037 2992 1106 ,βασιλεὺς
3039 1041 3137 1095 καὶ
3177 1043 3404 1101 ἔλυσεν
3446 1052 3634 1108 αὐτόν.
3673 1056 3722 1110 '0

506 1131 614 1188 cet,
686 1120 1150 1192 quemadmodum
1225 1121 1280 1175 in
1345 1121 1487 1176 libro
1548 1119 1828 1178 Geneseos
1888 1124 2076 1178 omnia

504 1229 690 1290 aperte
719 1227 845 1273 sunt
882 1217 1107 1272 tradita.

583 1311 834 1381 Princeps
863 1311 1048 1379 populi
1087 1321 1136 1363 et
1170 1310 1373 1364 dimisit
1405 1327 1546 1366 eum.
1593 1311 1739 1365 Idem
1770 1313 1987 1381 repetit,
2021 1324 2080 1368 ut

505 1405 634 1460 facit
663 1418 1068 1474 saepenumero.

579 1495 740 1550 Vens.
764 1495 855 1549 2i.
887 1495 1174 1550 Constituit
1202 1510 1320 1548 eum
1351 1495 1625 1550 dominum
1656 1497 1844 1552 domus
1887 1516 1995 1553 sum
2026 1507 2076 1554 et

497 1591 787 1659 principem
811 1590 980 1642 omnis
1010 1589 1358 1655 possessionis
1385 1605 1518 1654 sum,
1551 1599 1606 1642 ut
1651 1591 1883 1645 erudit-ct
1921 1595 2073 1660 prin-

497 1683 638 1748 cipes
691 1681 810 1749 ejus
871 1679 1007 1732 sicut
1051 1681 1308 1746 seipsum,
1347 1689 1396 1734 et
1439 1682 1670 1736 seniores
1707 1682 1824 1750 ejus
1866 1684 2073 1752 sapien-

2181 1125 2400 1196 Φαραώ.
2429 1125 2520 1180 Ἐν
2555 1130 2620 1200 τῇ
2674 1128 2976 1204 δηλωθείσῃ
3013 1133 3068 1186 δὲ
3108 1135 3276 1206 βίϐλῳ
3330 1140 3429 1210 τῆς
3481 1143 3718 1213 Γενέσεως

2182 1219 2356 1272 πάντα
2391 1220 2575 1288 σαφῶς
2604 1220 2902 1290 ἱστόρηται.

2255 1313 2486 1380 Ἄρχων
2518 1314 2672 1366 λαοῦ
2718 1315 2814 1366 καί
2834 1315 3070 1386 ἀφῆκεν
3095 1322 3306 1377 αὐτόν.
3340 1325 3414 1377 Τὸ
3446 1329 3568 1381 αὐτὸ
3589 1330 3714 1400 λέγει

2183 1407 2369 1463 πάλΝ,
2432 1406 2506 1468 ὡς
2540 1406 2994 1474 εῐωΘεὶπολλάκις
3030 1417 3228 1468 ποιεῖν.

2249 1498 2641 1566 Κατέστησεν
2701 1504 2892 1556 αὑτὸν
2937 1507 3146 1575 κιτρίον
3197 1509 3304 1564 τοῦ
3352 1515 3710 1588 οἵκουαὺτοῦ,

2176 1591 2274 1644 καὶ
2327 1591 2590 1658 ἄρχοντα
2646 1594 2849 1663 πάσης
2899 1596 3007 1664 τῆς
3066 1601 3342 1670 κτήσεως
3389 1608 3590 1673 αὑτοῦ,
3622 1615 3710 1668 τοῦ

2174 1685 2497 1738 παιδεῦσαι
2527 1686 2668 1752 τοὺς
2694 1687 2992 1756 ἄρχοντας
3033 1695 3239 1758 αὐτοῦ,
3273 1697 3355 1764 ὡς
3379 1699 3600 1767 ἑαυτὸν,
3628 1708 3709 1759 χιιι

501 1775 632 1827 tiam
657 1774 889 1826 doceret.
945 1773 1054 1826 Deo
1081 1773 1299 1826 scilicet
1342 1775 1525 1828 omnia
1569 1774 1683 1828 haec
1726 1775 1801 1828 ita
1847 1775 2049 1846 dispen

2174 1777 2316 1844 τοὺς
2363 1781 2803 1848 πρεσϐυτέρους
2869 1784 3056 1838 αὐτοῦ
3109 1791 3388 1857 σοφίσαι.
3443 1793 3543 1848 Τοῦ
3597 1798 3706 1850 Θεοῦ

501 1877 683 1921 53MB.

573 1957 735 2012 Vens.
774 1956 864 2012 εδ.
924 1954 992 2009 Et
1042 1957 1301 2027 ingressus
1342 1965 1422 2010 est
1466 1955 1636 2010 Israel
1665 1957 1719 2010 in
1751 1956 2066 2028 zEggptum.

2172 1869 2345 1923 ταῦτα
2373 1872 2810 1942 οἰκονομοῦντος.

2239 1962 2350 2015 Καὶ
2385 1962 2673 2032 εἰσῆλθεν
2707 1967 2955 2035 Ἰσραὴλ
2988 1970 3423 2039 είςΛίτ-υπτον.
3456 1977 3581 2031 Κατ’
3608 1979 3704 2034 lm-

495 2050 600 2106 Per
654 2050 875 2105 inodum
935 2057 1117 2104 autem
1174 2049 1512 2120 compendii,
1563 2049 1823 2128 brevibus
1882 2051 2049 2106 verbis

2168 2052 2342 2124 τομὴν
2364 2053 2464 2123 τὴν
2501 2055 2745 2127 ἱστορίαν
2777 2057 3026 2123 διέξεισι.

495 2142 780 2198 historiam
814 2147 1025 2194 narrat.

564 2233 628 2286 Et
657 2232 824 2287 Jacob
870 2233 1236 2303 peregrinatus
1273 2242 1349 2286 est
1399 2233 1456 2285 in
1509 2211 1654 2286 terra
1694 2232 1882 2287 Citam.
1916 2231 2060 2288 Idem

2239 2231 2346 2285 Kal
2407 2233 2607 2287 Ἰακὼϐ
2657 2234 3023 2302 παρῴκησεν
3084 2239 3154 2292 ἐν
3199 2239 3276 2310 γῇ
3329 2243 3477 2312 Χὰμ.
3507 2245 3698 2298 Τὸαύιὺ

493 2341 686 2382 rursus
713 2331 928 2395 repetit.
967 2325 1070 2381 Per
1119 2333 1327 2382 terram
1362 2331 1492 2380 vero
1535 2323 1732 2390 Cham,
1762 2323 2049 2396 Egyptun

2167 2321 2315 2421 λέγει
2352 2324 2515 2378 πάλιν
2544 2341 2556 2354 ·
2619 2328 2690 2396 γῆ
2719 2327 2858 2421 ᾷγὰρ
2919 2329 3051 2400 Χὰμ
3107 2333 3480 2402 ήΑῖγυπτος⁶
3520 2337 3626 2390 ἐπεὶ
3676 2342 3697 2393 ὁ

492 2420 784 2489 intelligit:
819 2416 1091 2490 Egyptus
1125 2419 1272 2473 enim
1325 2417 1429 2471 l‘nit
1471 2417 1617 2473 illius
1667 2417 1880 2472 Citam:
1919 2419 2062 2473 unde

489 2514 559 2567 ab
593 2520 832 2582 utroque
857 2526 1050 2566 eorum
1096 2525 1298 2566 nomen
1331 2509 1662 2581 desumpsit.

557 2604 724 2660 Vns.
757 2604 849 2658 9.4.
885 2602 954 2656 Et
1001 2603 1159 2657 auxit
1205 2603 1459 2672 populum
1509 2619 1663 2657 suum
1708 2603 2057 2658 vehementer.

491 2697 635 2752 Deus
665 2698 942 2762 nimirum,
978 2697 1073 2767 qui
1097 2699 1253 2751 ausit
1282 2695 1546 2766 populum
1577 2695 1766 2750 lsrael.
1787 2695 2056 2765 Populum

487 2805 616 2844 vero
654 2789 746 2843 Dei
789 2788 910 2843 ideo
943 2803 1040 2844 eos
1082 2787 1396 2858 appellavit,
1429 2788 1558 2857 quia
1591 2786 1697 2842 soli
1726 2786 1900 2842 Judasi
1950 2787 2057 2843 rite

487 2887 654 2941 Deum
685 2885 871 2940 colere
897 2882 1246 2938 videbantur.

559 2977 626 3028 Et
689 2974 955 3028 roborarit
1011 2987 1129 3026 eum
1177 2987 1334 3040 super
1387 2972 1629 3027 inimicos
1680 2973 1816 3043 ejus.
1873 2974 2053 3044 Supra

488 3067 774 3139 Egyptios
806 3064 1044 3126 scilicet,
1072 3063 1166 3132 qui
1196 3061 1477 3121 lsraelitas
1503 3069 1732 3135 pariter,
1756 3077 1811 3124 et
1864 3068 2046 3138 ipsum

486 3165 651 3216 lienm
687 3161 940 3215 oderant.

548 3252 714 3309 Vens.
741 3255 830 3309 25.
857 3252 1127 3310 Convertit
1159 3269 1250 3308 cor
1273 3252 1414 3322 ejus,
1457 3261 1516 3306 ut
1547 3251 1669 3306 odio
1695 3251 1906 3306 haberet
1955 3267 2050 3318 po.

479 3347 658 3415 pulum
685 3347 822 3415 ejus.
853 3347 964 3401 Cor
999 3348 1211 3402 scilicet
1241 3346 1573 3412 Pharaonis,
1611 3359 1719 3400 non
1754 3346 1905 3402 illius
1926 3347 2049 3403 dico

480 3425 590 3509 qni'
613 3441 831 3494 attrahat
861 3438 1089 3510 Ioseph,
1133 3440 1229 3495 sed
1263 3440 1496 3494 alterius
1525 3439 1618 3510 qui
1654 3454 1781 3493 eum
1810 3454 1921 3494 non
1952 3454 2050 3493 no-

479 3540 650 3586 verat.
704 3528 983 3583 lndurarit
1035 3529 1179 3584 enim
1231 3529 1444 3600 inquit,
1484 3529 1622 3584 Deus
1669 3547 1761 3583 cor
1806 3529 2048 3584 Pharao-

477 3625 556 3676 nis
587 3624 650 3685 ⁸⁵,
684 3623 783 3676 hoc
813 3631 917 3688 est,
953 3621 1213 3677 obdurari
1251 3623 1502 3692 permisit
1531 3633 1586 3676 ut
1613 3622 1798 3677 amicti
1832 3622 2044 3678 scilicet

2166 2415 2437 2483 Αἴγυπτος
2465 2417 2685 2487 ἔκγονος
2715 2415 2784 2492 ἦν
2819 2423 2912 2475 τοῦ
2941 2425 3096 2494 Χὰμ,
3126 2419 3202 2480 ὧν
3261 2429 3365 2482 καὶ
3420 2431 3572 2500 ἄμφω
3617 2434 3695 2494 τὰς

2164 2507 2392 2577 κλήσεις
2415 2509 2555 2580 αὕτη
2591 2511 2749 2581 ἔσχεν
2776 2514 2807 2583 ἡ
2841 2518 2934 2584 γῆ.

2232 2599 2345 2650 Kal.
2398 2600 2634 2666 ηὔξησε
2718 2603 2825 2657 τὸν
2885 2607 3041 2660 λαὸν
3087 2610 3275 2665 αὐτοῦ
3329 2612 3572 2681 σφόδρα.
3606 2611 3691 2665 Τοῦ

2173 2690 2390 2760 Ἰσραὴλ
2447 2695 2476 2746 ὁ
2503 2693 2658 2757 Θεὸς,
2690 2694 2744 2764 ἢ,
2765 2695 2854 2750 τὸν
2877 2697 3068 2752 ἑαυτοῦ
3093 2701 3206 2772 (l5)
3233 2716 3246 2730 '
3270 2704 3426 2773 μόνοι
3456 2704 3553 2775 γὰρ
3572 2699 3689 2759 οὗτοι

2157 2783 2250 2836 τὸν
2281 2783 2416 2837 Θεὸν
2461 2785 2740 2841 ἐσέὸοντο.

2225 2964 2331 3018 Kal
2372 2963 2781 3031 ἐκραταίωσεν
2824 2969 3011 3022 αὐτὸν
3062 2971 3216 3040 ὑπὲρ
3278 2973 3424 3041 τοὺς
3476 2975 3688 3044 ἐχθροὺς

2154 3054 2368 3110 αὐτοῦ.
2409 3055 2582 3128 ’Υπὲρ
2607 3059 2734 3122 τοὺς
2750 3061 3106 3130 Αἰγυπτίους,
3155 3065 3358 3130 οἵτινες
3387 3067 3593 3137 ἑμίσουν
3613 3066 3688 3119 καὶ

2153 3148 2280 3212 τοὺς
2331 3149 2676 3220 Ἰσραηλίτας
2733 3154 2830 3206 καὶ
2857 3153 2949 3206 τὸν
2981 3155 3136 3211 Θεὸν.

2221 3229 2752 3310 Μετέστρεψε’τὴν
2795 3244 3048 3313 καρδίαν
3077 3248 3286 3314 αὑτοῦ,
3326 3250 3432 3304 τοῦ
3461 3249 3682 3321 μισῆσαι

2150 3327 2258 3382 τὸν
2288 3328 2443 3381 λαὸν
2470 3329 2679 3384 αὑτοῦ.
2711 3332 2820 3404 Τὴν
2855 3335 3084 3405 καρδίαν
3110 3336 3205 3390 τοῦ
3238 3339 3462 3412 Φαραὼ,
3495 3343 3551 3395 οὐ
3599 3339 3677 3394 τοῦ

2151 3419 2428 3489 φιλοῦντος
2458 3421 2545 3474 τὸν
2576 3424 2792 3494 Ἰωσὴφ,
2829 3427 2945 3480 ἀλλ’
2971 3429 3162 3498 ἐτέρου
3185 3432 3261 3501 μὴ
3288 3433 3498 3498 εἰδότος
3527 3434 3677 3488 αὐτόν·

2163 3513 2538 3582 Ἔσκλιξρυνε
2595 3517 2726 3586 γὰρ,
2799 3521 2984 3588 φησὶν,
3040 3524 3074 3574 ό
3117 3525 3262 3590 Θεὸς
3313 3525 3428 3593 τὴν
3475 3527 3681 3594 καρδίαν

2149 3607 2358 3673 Φαραώ
2380 3623 2393 3637 ο
2476 3609 2720 3662 τουτέστι
2749 3611 3148 3682 σκληρυνθῆναι
3175 3619 3578 3689 παρεχώρησεν,
3598 3619 3680 3680 ἵνα,

477 3710 732 3764 Israelita:
784 3725 907 3762 cum
973 3712 1171 3764 ardore
1227 3711 1393 3764 animi
1448 3711 1516 3765 ad
1563 3711 1784 3780 {Egypti
1835 3712 2041 3766 exitum

2165 3699 2480 3769 ιακούμενοι
2528 3703 2576 3752 oi
2607 3701 2964 3772 Ἰσραηλῖται,
3027 3704 3245 3774 Θερμῶ;
3291 3710 3680 3778 ἐπιθυμήσουσιν

475 3803 894 3860 contenderent,
911 3811 962 3854 et
981 3802 1394 3857 acerbissimam
1415 3801 1792 3873 Egyptiorum
1820 3819 2044 3872 pressu-

475 3910 588 3946 ram
621 3893 939 3946 evaderent.

551 3983 612 4034 Et
645 3983 1036 4050 dolnmfaceret
1063 3984 1117 4034 in
1149 3987 1313 4038 servis
1345 3985 1478 4052 ejus.
1516 3984 1583 4039 Ut
1611 3987 1827 4042 scilicet
1854 3997 2040 4042 struc-

473 4085 554 4129 ret
608 4075 858 4129 insidias.
896 4073 1041 4127 Dixit
1094 4074 1238 4128 enim
1291 4073 1509 4129 Pharao
1537 4076 1810 4148 Egyptiis
1852 4099 1863 4134 ;
1909 4080 2040 4134 Ecce

473 4182 610 4219 nunc
629 4183 750 4236 gens
781 4167 885 4219 ista
918 4165 1070 4220 valde
1101 4165 1517 4234 multiplicatur,
1547 4179 1596 4222 et
1645 4170 1917 4224 invalescit
1949 4189 2040 4225 su-

469 4275 560 4326 per
592 4275 685 4312 nos
716 4259 782 4311 ⁸⁸.
825 4257 1176 4328 Quapropter
1225 4259 1539 4325 universos,
1587 4262 1679 4330 qui
1723 4278 1786 4316 cx
1836 4261 2039 4317 Jntlaeis

470 4366 648 4406 mares
677 4359 1056 4414 nascerentur,
1081 4350 1263 4405 occidi
1292 4352 1476 4422 jussit,
1509 4362 1606 4408 aut
1629 4357 1838 4412 necari.

545 4442 703 4496 Vens.
728 4443 819 4496 26.
853 4441 997 4496 Misit
1037 4441 1272 4513 Hoysem
1302 4460 1509 4498 seruum
1537 4462 1714 4501 suum.
1750 4447 1894 4501 Deus
1927 4450 2034 4501 sci-

468 4536 594 4590 licet
628 4535 798 4591 misit.

541 4626 734 4687 :iaron,
770 4641 920 4691 quem
941 4625 1094 4694 elegit
1125 4627 1245 4679 sibi.
1280 4625 1527 4680 Fratrem
1569 4626 1762 4697 Moysi.

539 4799 698 4854 Vens.
740 4799 830 4853 27.
862 4799 1048 4854 Posuit
1087 4801 1142 4854 in
1188 4802 1261 4854 eis
1292 4801 1446 4854 uerba
1479 4805 1756 4872 signorum
1788 4819 2025 4856 suorum.

465 4893 716 4947 Mandata
747 4892 958 4948 scilicet
990 4893 1190 4958 divina,
1216 4893 1419 4962 quibus
1446 4893 2026 4949 ellicerentmiracula.

463 4983 586 5046 Vel,
621 4984 809 5038 docuit
861 4999 956 5038 eos
1008 4997 1209 5038 causas
1251 4983 1533 5054 signorum
1576 4999 1825 5048 suorum,
1862 4994 2025 5052 atque

2153 3791 2390 3856 ἐξελθεῖν
2425 3794 2489 3845 ὲκ
2521 3794 2617 3856 τῆς
2651 3793 2952 3862 Αἰγύπτου,
3007 3796 3102 3849 καὶ
3140 3802 3336 3866 φυγεῖν
3396 3803 3492 3867 τὴν
3533 3800 3678 3867 λύμην

2153 3901 2354 3938 αυτων.

2230 3975 2337 4028 Τοῦ
2365 3974 2718 4030 δολιοῦσθαι
2775 3979 2845 4030 ἐν
2875 3980 2995 4045 τοῖς
3045 3980 3292 4048 δούλοις
3353 3981 3546 4036 αὐτοῦ.
3592 3979 3676 4032 Τοῦ

2150 4065 2549 4118 ἐπιϐουλεύειν.
2589 4068 2789 4138 Elpqu
2819 4070 2926 4137 γὰρ
2955 4072 2982 4122 ὁ
3013 4071 3214 4139 Φαραὼ
3245 4073 3385 4141 πρὸς
3448 4073 3562 4134 τοὺς
3598 4071 3676 4122 Al-

2147 4159 2446 4223 γυπτίους·
2496 4159 2639 4212 Ἰδοὺ
2685 4161 2800 4214 νῦν
2825 4163 3211 4229 πο.ῑυπ.λη()εῐ
3267 4165 3335 4217 τὸ
3387 4165 3564 4229 ἔθνος,
3595 4163 3674 4214 καὶ

2146 4250 2342 4318 ἰσχύει
2368 4249 2521 4317 ὑπὲρ
2566 4249 2753 4319 ἡμᾶς’
2794 4253 2887 4304 καὶ
2943 4253 3129 4305 λοιπὸν
3179 4255 3510 4323 προσέταξεν
3548 4255 3676 4306 ἀναι-

2147 4340 2358 4409 ρεῖσθαι
2385 4341 2452 4393 τὰ
2479 4342 2683 4412 ἄρρενα
2711 4342 2820 4395 τῶν
2861 4346 3200 4414 τικτομένων
3225 4345 3460 4416 βρεφῶν.

2227 4431 2656 4496 Ἑξαπέστειλε
2692 4433 2959 4500 Μωῠσῆν
2980 4437 3087 4488 τὸν
3117 4435 3348 4490 δοῦλον
3376 4437 3573 4490 αὑτοῦ.
3625 4434 3674 4486 '0

2143 4524 2293 4585 Θεὸς.

2225 4617 2435 4684 Ἀαρὼν
2456 4618 2527 4670 ὃν
2546 4617 2865 4682 ἐξελέξατο
2887 4618 3094 4684 ἐαυτῷ.
3132 4619 3236 4672 Τὸν
3265 4620 3487 4690 ἀδελφὺν
3532 4621 3674 4675 Maiia-

2141 4725 2298 4769 σεως.

2214 4800 2414 4852 Ἕθετο
2449 4800 2520 4852 ἐν
2550 4801 2756 4864 αὐτοῖς
2814 4802 2952 4867 τοὺς
3018 4804 3244 4871 λόγους
3287 4803 3407 4856 τῶν
3434 4801 3669 4870 σημείων

2135 4890 2342 4944 αὑτοῦ.
2381 4890 2460 4943 Τὰ
2493 4892 2894 4960 προστάγματα
2917 4895 2986 4945 τὰ
3018 4895 3282 4963 περὶτῶν
3317 4893 3555 4962 σημείων
3584 4889 3666 4942 αὑ-

2139 4983 2255 5046 τοῦ,
2289 4983 2429 5036 ὥστε
2461 4985 2546 5036 διὰ
2588 4985 2766 5037 αὐτῶν
2827 4986 3168 5054 ἐνεργεῖσθαι
3200 4986 3402 5039 ταῦτα·
3437 4984 3470 5055 ἦ
3524 4985 3666 5051 ἐγνῶο

461 5091 648 5132 eorum
684 5075 894 5130 modos.
929 5074 1141 5144 (Graeca
1168 5049 1326 5130 enim
1345 5077 1514 5130 dictio
1545 5076 1762 5142 λόγους,
1798 5084 1858 5129 ιιι
1881 5049 2027 5129 dixi-

2171 5093 2285 5128 ισεν
2307 5077 2490 5138 αὐτοῖς
2550 5077 2647 5139 τὰς
2715 5078 2893 5138 αἰτίας
2953 5078 3061 5130 τῶν
3103 5080 3347 5148 σημείων
3381 5076 3560 5140 αὑτοῦ,
3589 5074 3664 5125 καὶ

462 5188 605 5234 mus,
647 5185 755 5223 non
795 5169 972 5224 solum
1003 5169 1166 5222 verba
1195 5168 1292 5222 sed
1335 5169 1577 5223 rationes
1607 5169 1773 5222 etiam
1806 5176 1860 5222 et
1893 5182 2028 5220 cau-

460 5278 552 5316 sas
586 5260 902 5331 signiﬁcat.)

531 5350 594 5401 Et
619 5349 977 5416 prodigiorum
1001 5365 1219 5402 suorum
1250 5352 1304 5401 in
1339 5359 1484 5402 terra
1516 5347 1704 5401 Citam.
1744 5347 1819 5403 De
1851 5348 2028 5419 signis

458 5448 510 5494 et
554 5441 814 5509 prodigiis
843 5439 1048 5493 dictum
1082 5448 1166 5495 est
1197 5441 1406 5508 psalmo
1438 5453 1622 5502 Luvn
1673 5439 1745 5495 ibi
1774 5455 1787 5490 :
1839 5438 2030 5505 Quem-

524 5617 568 5648 “
600 5617 771 5672 Exod.
802 5632 880 5680 IX,
915 5619 982 5670 12
1006 5630 1058 5674 et
1081 5634 1307 5688 passum.
1384 5621 1426 5655 “
1455 5619 1626 5676 Exod.
1657 5636 1694 5684 ι,
1723 5617 1808 5674 10.

2131 5169 2259 5230 τοὺς
2287 5167 2522 5233 τρόπους
2550 5168 2752 5220 αὐτῶν.

2199 5351 2308 5403 Kal
2333 5351 2451 5403 τῶν
2472 5351 2728 5416 τεράτων
2770 5351 2958 5405 αὐτοῦ
3004 5351 3074 5405 ἐν
3104 5351 3181 5420 τῇ
3229 5352 3374 5422 Χάμ.
3426 5349 3554 5420 Περὶ
3583 5361 3662 5411 ση-

2133 5443 2302 5510 μείων
2327 5442 2422 5496 καὶ
2447 5443 2692 5513 τεράτων
2722 5443 2935 5515 εἴρηται
2985 5445 3043 5496 ὲν
3065 5444 3143 5513 τῷ
3165 5443 3240 5507 οζ¹
3283 5443 3510 5513 ψαλμᾷν
3555 5435 3662 5490 ἔνθα

1803 5730 1999 5792 Varia:
2050 5729 2378 5792 lectiones.

525 5831 634 5900 (15)
666 5830 904 5909 Fidelius
937 5837 1088 5890 auxit
1124 5836 1262 5891 Deus
1298 5838 1550 5908 populum
1604 5839 1742 5905 ejus,
1799 5837 1895 5890 hoc
1934 5845 2010 5890 est
2037 5838 2284 5904 populum
2317 5855 2466 5892 suum
2497 5837 2686 5909 (αὐτοῦ
2717 5853 2819 5908 pro
2890 5838 3108 5895 ἑαυτοῦ)
3134 5837 3236 5895 soli
3287 5839 3425 5894 enim
3501 5832 3658 5892 Judtti

451 5901 614 5956 Deum
639 5901 895 5958 colebant.

3809 4673 3811 4711 l

3807 4753 3809 4795 l

3801 5003 3803 5045 l

3799 5083 3801 5127 l

3797 5149 3799 5211 1

3795 5233 3797 5295 1

3793 5307 3795 5377 1

3789 5393 3793 5545 ‘l

3783 5731 3785 5795 1

3779 5807 3783 5877 1

3777 5885 3781 5961 1

3777 5971 3779 6045 1

3773 6065 3777 6127 1

3773 6129 3775 6203 1

3809 4673 3811 4711 ι

3807 4753 3809 4795 l

3801 5003 3803 5045 l

3799 5083 3801 5127 l

3797 5149 3799 5211 1

3795 5233 3797 5295 1

3793 5307 3795 5377 1

3789 5393 3793 5545 ‘l

3783 5731 3785 5795 1

3779 5807 3783 5877 1

3777 5885 3781 5961 1

3777 5971 3779 6045 1

3771 6065 3777 6127 1

3769 6129 3775 6363 1
