3832 6554
389 362 526 428 1047

1614 385 2001 448 EUTHYMII
2031 393 2390 458 ZlGABENI

3487 412 3602 477 1048

388 503 526 541 ram.
572 486 641 543 Ut
671 489 950 546 videamus
980 499 1033 546 ct
1065 507 1165 547 nos
1197 494 1248 548 in
1287 496 1572 557 beneficiis
1617 507 1800 574 populi
1839 507 1916 561 tui

2061 529 2198 570 σου.
2237 517 2343 570 Τοῦ
2379 518 2504 571 ἰδεῖν
2545 520 2638 573 καὶ
2670 521 2818 589 ἡμᾶς
2849 523 2906 575 ἐν
2938 526 3000 594 τῇ
3046 526 3344 598 εὐεργεσίᾳ
3368 526 3462 581 τοῦ
3489 529 3604 585 λαοῦ

383 600 446 640 ea
477 586 711 658 scilicet,
740 601 862 656 quae
890 586 964 642 illi
1019 588 1225 646 vident.
1293 587 1489 647 Verum
1531 596 1596 650 ad
1648 598 1927 668 discipulo:

2059 621 2177 672 σου,
2204 605 2242 660 ἃ.
2279 609 2542 664 κάκεῖνοι.
2569 612 2661 664 Διὸ
2691 586 2788 666 παὶ
2813 615 2840 666 ὁ
2867 586 3103 678 Χριστὸς
3132 586 3287 686 έλτγε
3317 586 3473 688 ’πρὸς
3518 621 3603 674 ad-

385 693 516 735 suos
539 678 792 736 Christus
817 681 1034 738 dicebat
1064 701 1081 740 :
1117 683 1276 740 Multi
1324 689 1591 757 propheta:
1615 701 1664 745 et
1691 691 1831 760 justi
1860 709 1951 763 op-

383 779 622 825 taverunt
653 771 843 838 videre,
869 789 986 842 qua:
1008 792 1096 830 vos
1134 779 1320 833 videtis
1347 779 1416 836 '°.

454 861 521 918 Ut
552 863 795 919 laetentur
821 865 874 919 in
900 866 1090 922 lwtitia
1131 872 1300 940 gentis
1331 881 1453 927 tum.
1472 873 1660 928 Gentis
1678 873 1949 931 Christia-

2052 698 2178 760 τοὺς
2211 699 2336 762 τοὺς
2369 701 2617 770 μαθητὰς
2661 705 2828 759 αὐτοῦ
2853 724 2867 738 ⁸
2908 707 2989 760 ὅτι
3042 709 3270 783 Πολλοὶ
3319 711 3603 778 ,προφῆται

2051 790 2149 844 καὶ
2163 791 2380 847 δίκαιοι
2402 794 2789 865 ἐπεθύμησαν
2805 799 2973 866 ἰδεῖν,
2995 799 3032 853 d
3057 801 3266 856 εἴδετε.

2126 883 2237 936 Τοῦ
2259 883 2669 954 εὐφρανθῆναι
2690 888 2760 940 ἐν
2780 888 2854 956 τῇ
2885 890 3232 959 εὐφροσύνῃ
3266 891 3377 945 τοῦ
3405 891 3605 958 ἔθνους

381 970 576 1012 norum
605 957 834 1024 scilicet,
861 959 930 1015 de
960 977 1068 1032 qua
1093 979 1314 1019 rursum
1349 966 1576 1035 angelus
1601 966 1734 1022 dixit
1765 985 1780 1024 :
1813 966 1927 1023 Ειο

2048 987 2185 1026 σου.
2219 973 2326 1026 Τοῦ
2353 974 2465 1028 τῶν
2492 977 2857 1045 Χριστιανῶν.
2892 957 3026 1050 Περὶ
3053 974 3121 1052 ἧς
3167 957 3509 1052 εῦφροσύνης
3536 957 3605 1036 ei;

375 1046 671 1118 evangeliso
694 1048 837 1104 vobis
859 1052 1111 1122 gaudium
1148 1071 1396 1125 magnum
1419 1057 1489 1111 ⁸⁸.

450 1228 519 1286 Ut
551 1231 833 1289 laudemur
863 1250 980 1289 cum
1001 1234 1311 1292 hereditate
1339 1246 1456 1293 tua.
1492 1237 1596 1296 Per
1623 1240 1736 1297 haec
1757 1240 1941 1296 omnia

374 1322 643 1395 supplicat
671 1327 1112 1386 communionem
1143 1339 1194 1386 et
1225 1331 1711 1402 participationem
1743 1348 1939 1404 quam-

2049 1079 2151 1117 rm
2199 1065 2360 1120 πάλιν
2405 1067 2436 1120 ὁ
2479 1068 2736 1138 ἄγγελος,
2810 1073 2893 1127 ὅτι
2966 1073 3122 1128 Ἰδοὺ
3170 1073 3604 1145 εὐαγγελίζομαι

2047 1155 2192 1225 ἡμῖν
2224 1158 2418 1228 χαρὰν
2433 1161 2730 1231 μεγάλην.

2119 1251 2231 1304 Τοῦ
2271 1252 2640 1310 ἐπαινεῖσθαι
2679 1256 2831 1323 μετὰ
2888 1255 2994 1326 τῆς
3040 1258 3446 1329 κληρονομίας
3476 1277 3597 1315 σου.

2043 1343 2144 1398 Διὰ
2172 1345 2282 1398 τῶν
2311 1348 2624 1418 εἰρημένων
2641 1350 2861 1404 πάντων
2885 1349 3122 1405 ἱκετεύει
3150 1351 3444 1407 κοινωνίαν
3471 1353 3598 1423 ἔχειν

371 1415 496 1472 dam
531 1417 730 1474 habere
754 1418 810 1474 in
836 1429 985 1496 sorte
1019 1431 1187 1493 atque
1212 1421 1265 1477 in
1314 1423 1630 1482 haereditate
1677 1425 1804 1480 novi
1844 1441 1927 1496 po-

2048 1436 2140 1490 καὶ
2190 1415 2379 1490 αὐτὸν
2424 1415 2488 1492 ’ἐν
2540 1438 2621 1510 τῷ
2677 1440 2866 1513 κλήρῳ
2903 1441 2998 1495 τοῦ
3039 1443 3162 1498 νέου
3203 1441 3359 1509 λαοῦ,
3395 1443 3470 1508 ὠς
3498 1415 3596 1514 ’ἠδη

370 1506 484 1576 puli
516 1522 532 1562 :
562 1509 717 1577 quasi
750 1517 805 1566 et
837 1510 956 1580 ipse
988 1511 1180 1569 beatus
1211 1514 1379 1570 David
1421 1514 1530 1582 jam
1585 1517 1771 1572 omnia
1819 1532 1927 1572 cre-

2048 1527 2430 1584 πιστεύσαντα.

369 1598 544 1664 deret,
573 1614 694 1670 qua:
717 1601 785 1656 de
817 1600 1040 1658 Christo
1065 1603 1336 1662 credenda
1362 1614 1539 1673 erant,
1573 1615 1628 1664 et
1659 1609 1932 1678 magnitu~

371 1689 498 1746 dine
528 1688 646 1744 fidei
670 1689 782 1760 jam
813 1699 960 1749 esset
980 1693 1234 1764 insignis.

443 1783 606 1841 Vens.
642 1785 696 1841 6.
722 1784 1067 1844 Peccavimus
1092 1806 1209 1844 cum
1239 1790 1482 1858 patribus
1511 1794 1729 1860 nostris,
1760 1794 1933 1864 inique

2117 1788 2488 1858 Ἠμάρτομεν
2506 1791 2659 1861 μετὰ
2697 1793 2818 1846 τῶν
2844 1793 3116 1861 πατέρων
3153 1795 3349 1863 ἡμῶν,
3387 1798 3591 1866 viromi-

364 1879 584 1946 egimus,
618 1879 939 1948 injustitiam
971 1881 1215 1950 fecimus.
1252 1881 1482 1955 lntelligi
1508 1895 1736 1954 possunt
1765 1886 1927 1941 verba

2048 1890 2246 1945 γαμεν,
2290 1878 2684 1951 ἠδικήσαμεν.
2711 1883 2974 1952 Νοηθεῖεν
3020 1882 3092 1937 ἂν
3139 1885 3208 1938 τά
3241 1903 3304 1938 τε
3351 1887 3588 1958 ῥηθέντα,

367 1969 504 2036 haec,
537 1976 590 2024 et
615 1984 735 2040 qua:
767 1981 1092 2040 sequuntur,
1129 1975 1340 2044 prolata
1374 1989 1496 2030 esse
1516 1977 1685 2030 voluti
1721 1977 1773 2030 in
1805 1992 1931 2046 per-

365 2075 499 2115 sona
533 2075 718 2116 corum
752 2065 849 2132 qui
880 2079 944 2118 ex
991 2065 1415 2122 circumcisione
1461 2067 1722 2123 credituri
1772 2077 1931 2124 erant

366 2151 418 2204 in
447 2150 750 2219 Christum,
781 2155 853 2210 ita
883 2164 942 2209 ut
974 2156 1167 2212 beatus
1194 2157 1361 2212 David
1401 2159 1729 2214 revelatione
1751 2161 1927 2215 sancti

363 2242 598 2312 Spiritus
633 2245 815 2300 futura
842 2263 1222 2316 pramoscens,
1252 2250 1491 2316 illorum,
1551 2263 1606 2306 ut
1637 2251 1878 2306 diximus
1910 2294 1926 2319 ,

363 2349 650 2402 personam
685 2336 972 2405 inducens,
1009 2341 1339 2395 confiteatur
1369 2350 1616 2412 peccata,
1644 2358 1765 2413 quae
1800 2351 1930 2397 ante

365 2424 676 2494 lmjusmodi
704 2427 865 2484 fidem
906 2431 1318 2486 commiserant.

430 2515 594 2577 Vens.
642 2519 694 2576 7.
725 2520 907 2576 Patres
933 2523 1102 2577 nostri
1141 2523 1194 2576 in
1224 2523 1450 2594 Egypto
1508 2541 1612 2578 non
1658 2524 1930 2580 intellexe-

361 2619 483 2665 rant
514 2611 786 2666 mirabilia
813 2625 922 2668 tua.
946 2612 1067 2671 Non
1086 2615 1480 2674 intellexerunt
1499 2617 1786 2685 miracula,
1805 2634 1929 2689 qua:

359 2703 470 2757 illic
500 2703 640 2759 facta
674 2713 824 2760 sunt.

432 2794 498 2849 Et
530 2813 630 2850 non
663 2797 876 2867 {uerunt
927 2815 1180 2856 memores
1229 2802 1585 2856 multitudinis
1633 2802 1929 2858 misericor-

358 2888 461 2942 dia:
492 2899 616 2942 tuw.
647 2886 780 2954 Qua:
809 2889 862 2944 in
902 2905 998 2947 eos
1029 2900 1158 2946 tunc
1190 2893 1328 2947 facta
1373 2903 1478 2950 est.
1528 2893 1648 2950 Non
1714 2896 1928 2950 intelle-

359 2986 557 3032 xerunt
586 2992 768 3034 autem
793 3019 807 3045 ,
839 2991 892 3036 et
926 2998 1197 3040 memores
1222 2999 1331 3040 non
1368 2985 1627 3051 fuerunt,
1682 2986 1787 3041 hoc
1818 2994 1921 3053 est,

358 3071 601 3124 omnium
643 3071 792 3126 obliti
822 3082 973 3128 sunt.
1007 3072 1064 3127 Id
1097 3091 1227 3132 vero
1263 3076 1504 3143 accidit,
1555 3078 1776 3148 quando
1829 3095 1930 3150 ap-

2032 1968 2101 2024 τά
2124 1986 2184 2022 τε
2218 1971 2580 2041 προκείμενα,
2617 1975 2708 2029 καὶ
2731 1975 3012 2046 προσώπῳ
3051 1976 3162 2030 τῶν
3205 1979 3273 2031 ὲκ
3307 1981 3588 2048 περιτομῆς

2035 2059 2340 2127 μελλόντων
2387 2064 2677 2118 πιστεῦσαι
2713 2068 2792 2128 είς
2822 2068 3082 2139 Χριστὸν,
3149 2071 3228 2132 ὡς
3257 2069 3368 2122 ἀπὸ
3399 2069 3587 2122 τούτων

2032 2151 2129 2204 τοῦ
2183 2153 2350 2206 Δασὶδ
2398 2155 2571 2207 ταῦτα
2604 2156 2978 2227 φθεγγομένου
3021 2160 3166 2214 κατὰ
3205 2161 3308 2230 τὴν
3337 2160 3587 2229 ὑφήγησιν

2032 2241 2128 2294 τοῦ
2183 2243 2339 2306 ἁγίου
2391 2244 2730 2312 Πνεύματος,
2786 2248 2878 2300 καὶ
2917 2247 3017 2310 τὰς
3047 2250 3155 2319 πρὸ
3186 2249 3286 2302 τοῦ
3318 2249 3588 2302 πιστεῦσαι

2031 2332 2198 2386 αὑτοῦ
2225 2334 2501 2404 ἁμαρτίας
2537 2337 3059 2409 ἐξομολογουμένου.

2104 2513 2170 2565 Ol
2223 2514 2476 2580 πατέρες
2522 2514 2691 2584 ἡμῶν
2735 2519 2808 2572 οὐ
2863 2518 3145 2587 συνῆκαν
3196 2520 3272 2573 τὰ
3302 2519 3586 2590 θαυμὰσιά

2030 2618 2167 2658 σου.
2211 2603 2287 2656 Οὐ
2318 2606 2559 2676 συνῆκαν
2589 2606 2656 2660 τὰ
2686 2608 2805 2661 ὲκΞῖ
2827 2611 3359 2682 τερατουργηθέντα.

2104 2789 2226 2840 Οὐκ
2286 2786 2685 2856 ἐμνήσθησαν
2748 2788 2855 2842 τοῦ
2922 2788 3196 2852 πλήθους
3237 2787 3348 2842 τοῦ
3388 2787 3583 2850 ἐλέους

2028 2891 2168 2931 σου.
2197 2876 2304 2930 Τοῦ
2326 2878 2405 2941 εἰς
2435 2877 2632 2940 αὐτοὺς
2661 2878 2952 2946 γενομένου
2983 2877 3128 2931 τότε.
3164 2877 3241 2930 Οὐ
3278 2877 3512 2945 συνῆκαν
3535 2875 3583 2927 δι

2029 2965 2127 3020 καὶ
2160 2967 2262 3020 οὐκ
2290 2967 2657 3039 ἐμνήσθησαν,
2690 2967 2986 3034 τουτέστιν,
3017 2967 3347 3022 ἐπελάθοντο
3384 2967 3582 3019 πάντων

2027 3058 2149 3112 τότε
2183 3075 2197 3090 ⁸
2229 3059 2311 3112 ὅτι
2339 3059 2561 3130 δηλαδὴ,
2599 3058 2997 3129 πλησιάσαντες
3027 3063 3092 3130 τῇ
3127 3058 3374 3129 Ἐρυθρᾷ
3401 3057 3582 3110 θαλάσ-

359 3162 790 3232 pr0pinquantes
825 3165 963 3220 mari
995 3165 1200 3234 Rubro,
1235 3169 1490 3226 viderunt
1519 3147 1642 3240 post
1671 3189 1732 3230 se
1755 3147 1924 3245 Αἰαν-

2048 3168 2123 3226 πῃ,
2154 3147 2294 3206 εἶδον
2318 3151 2446 3215 τοὺς
2471 3151 2803 3220 Αἰγυπτίους
2833 3151 3404 3222 στρατοπεδεύσαντας
3425 3150 3582 3203 ὀπίσω

355 3256 594 3324 ptiorum
622 3257 924 3316 exercitum
960 3277 975 3314 :
1011 3259 1158 3314 Tunc
1211 3262 1380 3329 enim,
1411 3265 1608 3336 inquit,
1652 3269 1924 3336 perterriti

355 3344 528 3412 valde,
581 3347 831 3402 dixerunt
871 3350 940 3404 ad
982 3349 1222 3422 Moysem
1252 3366 1271 3405 :
1329 3354 1467 3420 Quia
1530 3358 1773 3426 sepulcra
1817 3377 1922 3416 non

355 3446 503 3489 erant
544 3438 598 3490 in
650 3437 922 3508 /Egypto,
970 3441 1201 3496 eduxisti
1251 3460 1342 3498 nos
1389 3455 1444 3499 ut
1485 3449 1843 3504 occiderentur
1868 3451 1924 3504 in

354 3530 558 3584 deserto
579 3531 762 3620 Poitem
804 3549 817 3584 :
858 3535 1074 3589 Dimitte
1123 3552 1218 3591 nos
1255 3577 1268 3602 ,
1319 3549 1372 3592 ut
1411 3542 1698 3597 serviamus
1751 3542 1924 3615 Egy-

352 3623 500 3688 ptiis,
534 3624 703 3678 satius
733 3625 871 3679 enim
912 3635 989 3682 est
1025 3627 1100 3682 eis
1137 3633 1333 3684 servire
1356 3670 1373 3697 ,
1414 3648 1576 3702 quam
1618 3635 1674 3689 in
1718 3636 1923 3690 deserto

356 3713 656 3768 occumbere
679 3715 746 3778 “ﬂ

427 3890 496 3944 Et
547 3893 988 3952 exacerbaverunt
1041 3900 1378 3956 ascendentes
1428 3904 1484 3956 in
1541 3905 1679 3959 mari
1725 3904 1919 3963 Rubro.

357 3982 679 4053 llujusmodi
720 3987 888 4042 verba
917 3989 1183 4056 dicentes,
1212 3993 1570 4050 irritaverunt
1591 4012 1739 4064 eum,
1762 4014 1923 4056 secus

358 4091 504 4131 mare
544 4075 793 4132 Rubrum
824 4118 840 4144 ,
889 4080 979 4134 cui
1027 4082 1264 4140 vicinum
1317 4093 1402 4142 est
1447 4085 1773 4147 desertum:
1829 4092 1923 4148 ubi

357 4172 722 4226 castramotati
744 4173 1180 4240 murmurabant,
1201 4177 1281 4230 vel
1305 4179 1662 4236 ascendentes
1683 4182 1749 4235 ad
1775 4199 1924 4240 mare

358 4259 628 4315 Rubrum.
660 4261 1034 4318 Ascendcntes
1065 4274 1244 4320 autem
1290 4265 1466 4332 dixit,
1524 4268 1652 4338 quia
1695 4267 1917 4342 Egypti

359 4353 506 4423 regio
536 4353 680 4411 unde
711 4353 1082 4411 ascendebant
1131 4357 1188 4412 in
1220 4357 1563 4415 Palaestinam
1593 4401 1608 4427 ,
1661 4361 1926 4419 humilior

355 4451 459 4500 est.

2027 3244 2228 3299 αὐτῶν.
2295 3243 2437 3297 Τότε
2466 3243 2595 3313 γὰρ,
2653 3244 2858 3313 φησὶν,
2925 3245 3293 3312 φοϐηθέντες
3338 3241 3576 3311 σφόδρα,

2027 3334 2200 3393 εἵπον
2216 3337 2362 3406 πρὸς
2393 3335 2657 3406 Μωῦσῆν
2679 3354 2693 3368 ⁸
2730 3335 2893 3404 Παρὰ
2923 3335 2989 3389 τὸ
3011 3335 3096 3406 μὴ
3119 3336 3418 3406 ὑπάρχειν
3441 3336 3575 3404 μνή-

2021 3449 2182 3502 ματα
2214 3431 2597 3499 ἐνΑἰγύπτῳ,
2629 3429 2923 3498 ἐξήγαγες
2953 3429 3110 3497 ἡμᾶς
3153 3427 3498 3482 ἀποκτεῖναι
3521 3427 3576 3478 ἐν

2023 3521 2099 3591 τῆ
2130 3521 2363 3591 ἐρήμφ;
2384 3521 2493 3574 Καὶ
2519 3520 2600 3572 ἔτι
2621 3536 2635 3550 ⁸
2667 3519 2857 3588 Πάρες
2881 3517 3036 3588 ἡμᾶς
3069 3519 3228 3585 ὅπως
3254 3518 3576 3572 δουλεύσω-

2019 3632 2138 3684 per
2179 3613 2302 3680 τοῖς
2349 3614 2743 3684 Αἰγυπτίοις-λ
2796 3613 3084 3681 κρεῖσσον
3138 3612 3248 3680 γὰρ
3310 3609 3389 3680 ἦν
3439 3611 3574 3680 ἡμᾶς

2025 3708 2342 3764 δουλεύειν
2391 3706 2515 3771 τοῖς
2553 3705 2894 3772 Αἰγυπτίοις
2953 3705 2992 3772 ἡ
3032 3703 3367 3760 ἀποθανεῖν
3397 3704 3467 3756 ἐν
3514 3702 3572 3771 τῇ

2024 3801 2221 3870 ἐρήμῳ
2251 3800 2458 3867 ταύτῃ.

2096 3895 2205 3950 Kal
2256 3893 2708 3963 παρεπίκραναν
2743 3891 3168 3957 ἀναϐαίνοντες
3207 3891 3280 3944 ἐν
3314 3891 3389 3959 τῇ
3429 3891 3566 3958 Ἐρυ-

2027 3986 2138 4058 θρᾷ
2165 3986 2474 4052 θαλάσσῃ.
2510 3985 2619 4036 Καὶ
2649 3984 2878 4038 τοιαῦτα
2929 3983 3201 4052 λέγοντες,
3232 3981 3569 4053 παρὼργισαν

2024 4081 2186 4136 αὑτὸν
2245 4079 2394 4150 παρὰ
2420 4079 2518 4148 τὴν
2561 4074 2830 4148 Ἐρυθρὰν
2875 4077 3149 4130 θάλασσαν
3173 4089 3188 4108 ⁸
3225 4077 3449 4146 πλησίον
3477 4077 3564 4145 γὰρ

2025 4174 2201 4245 αὐτῆς
2231 4174 2264 4244 ή
2298 4172 2504 4243 ἔρημος
2531 4187 2544 4201 ⁸
2575 4171 2711 4223 ὅπου
2764 4170 3327 4240 στρατοπεδεύσαντες
3367 4170 3568 4223 τοιαῦτα

2023 4265 2342 4336 ἐγόγγυζον,
2373 4263 2406 4333 ἢ
2479 4259 2868 4322 ἀναϐαίνοντες
2899 4260 3035 4331 πρὸς
3068 4260 3166 4329 τὴν
3200 4261 3463 4330 Ἐρυθρὰν
3489 4259 3566 4312 θά-

2025 4358 2254 4411 λασσαν.
2301 4352 2714 4415 Ἀνασαίνοντες
2744 4350 2802 4404 δὲ
2827 4347 2970 4416 εἷπε,
2999 4350 3136 4404 διότι
3158 4351 3412 4422 χθαμαλή
3442 4352 3561 4404 iam

2027 4451 2059 4521 ἡ
2091 4449 2386 4516 Αἴγυπτος,
2414 4445 2537 4499 ὅθεν
2563 4444 2864 4498 ἀνέϐαινον.

427 4533 596 4590 Vens.
649 4535 700 4591 8.
736 4535 804 4589 Et
850 4539 1075 4594 saluauit
1124 4555 1211 4595 eos
1265 4552 1480 4610 propter
1523 4560 1710 4599 nomen
1743 4563 1919 4602 suum.

2098 4539 2205 4596 Kal
2234 4539 2469 4592 ἔσωσεν
2515 4534 2738 4600 αὐτοὺς
2786 4534 2996 4588 ἕνεκεν
3025 4534 3130 4588 τοῦ
3167 4534 3456 4602 ὀνόματος
3477 4536 3569 4587 αὑ⁴

357 4628 475 4682 Νοιι
513 4628 786 4683 conclusit
825 4644 921 4684 eos
945 4631 1000 4685 in
1056 4647 1250 4687 manus
1299 4635 1678 4705 Aﬂgyptiorum
1738 4654 1924 4708 perse-

356 4722 659 4790 quentium,
691 4737 758 4775 ne
786 4722 1257 4793 blasphemaretur
1288 4725 1452 4788 Deus,
1485 4730 1640 4798 quasi
1672 4730 1921 4786 infirmus

355 4823 522 4880 esset,
557 4822 651 4869 aut
685 4813 870 4870 fallax.
907 4815 1039 4871 Nam
1071 4818 1178 4872 alio
1213 4819 1306 4888 qui
1337 4821 1408 4874 ob
1436 4821 1710 4890 propriam
1745 4824 1922 4895 ingra-

358 4907 646 4962 titudincm
675 4908 881 4978 indigni
911 4919 1070 4964 erant
1111 4910 1311 4966 salute.
1566 4971 1571 4975 ,

430 4997 497 5052 Ut
520 5008 701 5054 nolam
725 5001 920 5069 faceret
942 5003 1232 5070 potentiam
1265 5019 1442 5058 suam.
1507 5003 1574 5058 Ut
1631 5021 1876 5062 summas
1906 5045 1923 5074 ,

303 5097 318 5112 '
356 5091 554 5161 inquit,
579 5091 722 5148 vires
752 5107 881 5148 suas
903 5133 920 5158 ,
954 5109 1064 5148 non
1107 5093 1355 5150 Hebreis
1403 5103 1610 5150 tantum
1643 5135 1658 5162 ,
1689 5107 1783 5152 aut
1823 5097 1925 5154 1E-

354 5183 579 5255 gyptiis,
612 5184 707 5240 sed
732 5185 1182 5242 omnibus-etiam
1224 5188 1544 5245 nationibus
1585 5200 1748 5246 notas
1802 5190 1925 5248 red-

353 5273 528 5328 deret.

427 5366 592 5422 V'ms.
618 5366 673 5424 9.
706 5365 772 5420 Et
797 5367 1080 5436 increpavit
1110 5384 1252 5422 mare
1296 5366 1532 5434 Rubrum
1559 5411 1575 5437 ,
1601 5379 1650 5426 et
1682 5385 1921 5425 exsicca-

355 5467 466 5510 tum
513 5467 612 5514 est.
669 5457 864 5513 Statim
917 5470 974 5513 ut
1034 5461 1326 5531 praecepit,
1387 5463 1649 5520 continuo
1686 5464 1739 5518 in
1784 5463 1918 5518 mar'

354 5550 593 5606 medium
628 5551 903 5622 quoddam
935 5551 1037 5607 iter
1066 5555 1303 5611 exaruit.

424 5640 494 5693 Et
516 5641 732 5696 deduxit
754 5660 839 5697 eos
852 5645 908 5698 in
933 5644 1145 5714 abysso,
1160 5654 1410 5716 tauquam
1429 5647 1484 5700 in
1498 5649 1724 5703 deserto.
1747 5646 1916 5715 Quasi

2027 4635 2155 4690 τοῦ.
2229 4633 2302 4686 Οὐ
2353 4629 2695 4684 συνέκλεισεν
2737 4627 2936 4691 αὐτοὺς
2994 4627 3072 4691 εἰς
3118 4627 3218 4690 τὰς
3263 4629 3448 4698 χεῖρας
3476 4627 3574 4678 τῶν

2029 4723 2475 4782 καταδιωκόντων
2503 4720 2838 4789 Αἰγυπτίων,
2885 4719 2973 4772 ἵνα
2999 4719 3076 4789 μὴ
3106 4719 3573 4789 βλασφημηθῇ,ὼς

2027 4820 2260 4892 ἀσθενὴς
2314 4818 2348 4888 ἢ
2377 4816 2633 4871 ἀπατεὼν
2656 4829 2673 4846 ⁸
2704 4814 2858 4868 αὐτοὶ
2882 4812 2992 4882 γὰρ
3021 4811 3229 4879 ἀνάξιοι
3251 4808 3393 4883 ἦσαν
3421 4829 3579 4882 σωτη-

2028 4916 2170 4986 ρίας.
2199 4913 2273 4975 ὡς
2301 4909 2642 4980 ἀγνώμονες.

2101 5002 2212 5058 Τοῦ
2269 5001 2557 5071 γνωρΙσαι
2621 4999 2736 5065 τὴν
2787 4996 3158 5050 δυναστείαν
3207 4995 3418 5050 αὐτοῦ.
3480 4994 3576 5048 Τοῦ

2020 5095 2329 5165 γνωσθῆναι
2395 5091 2456 5145 τὸ
2520 5087 2968 5160 μεγαλοδύναμον
3021 5083 3188 5140 αὑτοῦ
3275 5087 3339 5139 οὐ
3432 5086 3574 5156 μόνον

2035 5186 2306 5257 Ἑϐραίοις
2393 5183 2488 5238 καὶ
2549 5177 2895 5250 Αἰγυπτίοις,
2943 5177 3081 5232 ἀλλὰ
3134 5179 3232 5231 καὶ
3299 5179 3433 5232 πᾶσι
3477 5180 3577 5240 τοῖς

2019 5277 2256 5332 ἔθνεσιν.

2091 5368 2202 5424 Καὶ
2225 5367 2553 5434 ἐπετίμησε
2577 5363 2652 5433 τῇ
2701 5361 2948 5432 Ἐρυθρᾷ
2980 5362 3292 5430 θαλάσσῃ,
3314 5363 3414 5417 και
3446 5361 3574 5428 ἐξη-

2018 5461 2234 5532 ράνθη.
2288 5457 2588 5523 Ἐπάταξεν
2639 5457 2800 5528 αὐτῇ,
2847 5454 2943 5509 καὶ
2988 5454 3266 5527 ἐξηράνθη
3337 5453 3472 5509 κατὰ
3518 5454 3573 5506 τὸ

2028 5554 2214 5624 μέσον.

2091 5646 2200 5700 Kal
2233 5645 2552 5714 ὡδήγησεν
2568 5641 2789 5709 αὐτοὺς
2815 5643 2884 5696 ἐν
2907 5642 3157 5708 ἀϐύσσῳ
3182 5642 3263 5707 ὡς
3284 5641 3352 5695 ἐν
3369 5637 3566 5710 ἐρήμῳ.

428 5814 473 5846 ⁵³
509 5815 698 5874 Matth.
735 5835 856 5887 xui,
895 5824 979 5877 li.
1058 5826 1101 5861 ⁵³
1133 5825 1263 5881 Luc.
1300 5843 1359 5893 ιι,
1387 5830 1470 5885 10.
1548 5830 1592 5860 ⁵³
1628 5830 1930 5894 Εχοιιλιν,
1960 5826 2152 5888 11,12.
