3832 6552
124 425 268 490 10ῧῖ

1271 421 1661 484 COMMENT.
1719 423 1801 484 IN
1840 425 2204 486 PSALMOS.

3245 429 3387 493 1058

194 544 308 598 Kal
343 541 839 608 ἐταπεινώθησαν
864 539 934 592 ἑν
969 537 1096 604 ταῖς
1158 538 1413 608 ἀνομίας
1485 536 1703 592 αὐτῶν.

1888 537 1956 591 Et
1980 538 2253 592 humiliari
2275 549 2398 593 sunt
2422 541 2476 595 in
2499 542 2868 612 iniquitatibus
2893 543 3029 598 suis.
3064 542 3395 598 Deciderunt

123 634 601 706 Κατεπτὼθησαν,
627 634 962 704 ὴσθὲνησαν.

194 819 311 877 Kal
336 815 459 874 εἶδε
480 819 695 887 Κύριος
730 817 800 871 ἐν
824 816 904 882 τῷ
919 816 1233 871 θλίϐεσθαι
1257 814 1507 880 αὐτοὺς,
1540 814 1611 868 ἐν
1628 812 1708 884 τῷ

121 913 490 969 εἰσακοῦσαι
511 909 619 980 τῆς
642 904 912 977 δεήσέως
934 907 1154 970 αὐτῶν,
1177 909 1274 964 xal
1303 906 1578 976 ἐμνήσθη
1597 905 1708 974 τῆς

123 1006 426 1072 διαθήκης
454 1003 660 1058 αὑτοῦ.
693 1004 808 1072 Τῆς
837 1003 974 1074 πρδς
1015 1002 1288 1072 Ἀδραὰμ,
1341 1001 1438 1055 καὶ
1495 999 1707 1064 Ἰσαὰκ,

123 1103 227 1154 καὶ
293 1097 517 1152 Ἰακώϐ.

197 1193 315 1248 Kal
368 1189 698 1260 ἐμελετήθη
748 1191 898 1244 κατὰ
947 1190 1015 1242 τὸ
1065 1186 1303 1256 πλῆθος
1329 1189 1436 1242 τοῦ
1493 1184 1712 1250 ἐλέους

121 1283 344 1338 αὑτοῦ.
387 1281 668 1337 Μετὲδαλε
701 1282 800 1349 τὴν
826 1279 999 1352 ὀργὴν
1061 1281 1144 1344 εις
1190 1277 1392 1342 οἶκτον,
1427 1280 1502 1342 ὡς
1548 1278 1712 1330 πολυ-

125 1376 310 1439 ἔλεος.

202 1469 318 1522 Kal
349 1467 576 1523 ἔδωκεν
623 1466 848 1534 αὐτοὺς
869 1470 958 1532 εις
1011 1465 1372 1535 οικτιριιούς.
1423 1466 1712 1537 ’ῼκτειρεν

125 1559 360 1622 αὐτούς.

213 1651 529 1705 Ἐναντίων
597 1649 846 1702 πάντων
903 1647 1023 1702 τῶν
1088 1647 1712 1716 αὶχμαλωτευσάντων

122 1743 380 1807 αὐτούς.
434 1738 920 1812 Περιφραστικῶς,
951 1737 1092 1790 ὥστε
1133 1739 1349 1800 πάντας
1392 1736 1553 1790 τοῦτο
1611 1753 1714 1801 μα-

1815 632 1962 685 enim
1994 632 2062 685 ab
2095 632 2310 702 adeptis
2332 633 2569 702 viribus,
2603 636 2917 706 inﬁrmique
2970 651 3034 690 ac
3069 635 3282 692 debiles
3310 636 3393 692 ei-

1821 723 1950 777 feeti
1981 734 2131 778 sunt.

1889 807 2059 866 Vitas.
2091 811 2182 878 Η,
2214 811 2306 870 ιδ.
2337 812 2408 867 Ει
2430 815 2559 871 vidit
2609 817 2867 874 Dontinus
2900 836 3019 875 cum
3071 822 3398 876 tribularen-

1819 913 1926 967 tur,
1955 904 2081 959 dum
2105 908 2378 964 exaudivit
2409 912 2702 968 oralionem
2734 930 2936 982 eorum,
2961 925 3011 971 et
3035 933 3236 972 memor
3289 917 3395 986 fuit

1819 998 2125 1051 testamenti
2155 998 2262 1052 sui.
2303 1000 2671 1068 Testamenti,
2704 1003 3043 1076 inquam,ad
3093 1007 3394 1075 Abraham,

1824 1088 1978 1143 Isaac
2003 1097 2057 1143 et
2076 1088 2270 1145 Jacob.

1893 1179 1960 1233 Et
1991 1183 2235 1248 paenituit
2263 1201 2381 1239 eum
2419 1188 2705 1242 secundum
2745 1190 3136 1246 multitudinem
3193 1193 3398 1247 miseri-

1819 1271 2018 1324 corditc
2048 1273 2573 1332 sure.Commutavit
2597 1279 2743 1334 enim
2776 1280 2914 1333 iram
2966 1281 3019 1334 in
3077 1282 3398 1337 inisericor‘

1823 1361 1993 1414 diam.
2025 1361 2121 1417 Est
2150 1366 2354 1419 etenim
2389 1369 2546 1422 valde
2585 1371 2928 1427 misericors.

1899 1451 2061 1509 Vsus.
2095 1457 2186 1510 46.
2227 1457 2292 1510 Et
2333 1459 2477 1513 dedit
2502 1477 2590 1516 eos
2631 1464 2684 1516 in
2720 1466 3146 1522 misericordias.
3194 1469 3396 1524 Eorum

1822 1545 2085 1601 misertus
2113 1557 2216 1602 est.

1894 1637 1962 1692 In
2005 1649 2288 1710 conspectu
2313 1643 2570 1707 omnium,
2629 1645 2720 1713 qui
2777 1657 3022 1714 ceperant
3085 1665 3194 1702 eos.
3250 1650 3400 1704 Adeo

1822 1732 1998 1800 palam
2035 1743 2198 1803 atque
2231 1734 2371 1788 adeo
2395 1735 2686 1791 manifeste
2717 1752 2910 1791 eorum
2957 1741 3228 1796 misertus
3287 1751 3396 1805 est,

123 1833 250 1886 Οεῖν
279 1834 411 1894 τοὺς
441 1829 1007 1902 αξχμαλωτεύσαντας
1032 1829 1254 1891 αὐτούς.
1297 1828 1544 1896 Διάφορα
1603 1827 1711 1894 γὰρ

1848 1831 1881 1875 tt
1907 1837 2126 1884 omnes,
2159 1825 2252 1894 qui
2303 1825 2560 1881 fecerant
2585 1842 2679 1883 eos
2701 1831 2976 1898 captivos,
3025 1834 3313 1902 perspicue
3346 1835 3398 1888 id

123 1926 263 1995 ἔθνη
332 1925 475 1978 κατὰ
498 1924 794 1994 διαφόρους
829 1924 1059 1992 καιροῦς
1119 1920 1556 1992 ᾑχμαλώτευσαν
1619 1920 1712 1971 αὑ-

1848 1917 2201 1986 ιοειιονοτίηι.
2237 1917 2412 1972 Variae
2439 1919 2584 1973 enim
2637 1931 2853 1990 gentes,
2916 1925 3083 1980 variis
3136 1929 3402 1996 tempori-

124 2017 286 2080 τοὺς,
315 2016 392 2079 ὡς
435 2016 468 2087 ἡ
515 2015 820 2084 δηλωθείσα
867 2015 1052 2084 βίϐλος
1120 2015 1350 2084 ἱστορεῖ.
1403 2012 1600 2080 Γέγονε
1659 2011 1718 2063 δὲ

130 2109 306 2162 τοῦτο
367 2109 463 2161 ἐπὶ
517 2107 728 2176 Κύρου,
783 2107 876 2158 καὶ
921 2107 1174 2175 Δαρείου,
1210 2107 1305 2158 καὶ
1348 2103 1718 2174 Ἀρταξέρξου

129 2202 251 2254 τῶν
281 2200 574 2270 βασιλέων,
607 2199 683 2263 ὡς
714 2197 954 2268 Ἔσδρας
983 2197 1219 2268 ἔγραψε.

210 2382 427 2436 Σῶσον
449 2381 629 2451 ἡμᾶς.
656 2380 852 2448 Κύριε,
891 2381 924 2432 ό
959 2378 1106 2445 Θεὸς
1121 2376 1310 2448 ἡμῶν.
1334 2379 1430 2441 Εἰς
1455 2393 1553 2448 την
1589 2391 1721 2443 προ-

129 2476 310 2542 τέραν
341 2473 498 2536 αὖθις
527 2473 804 2543 ἀνέδραμε
832 2471 1068 2525 ἱκεσίαν.

211 2567 321 2621 Kal
368 2565 780 2635 ὲπισυνάγαγε
813 2563 973 2633 ἡμᾶς
1011 2565 1082 2618 ἐκ
1111 2563 1231 2617 τῶν
1277 2561 1493 2618 ἐθνῶν.
1546 2557 1721 2631 Οἶμαι

136 2658 428 2728 προσώπῳ
452 2658 549 2726 τῆς
574 2658 633 2723 ἐξ
661 2657 831 2710 ἐθνῶν
862 2656 1198 2727 Ἐκκλησιας
1267 2657 1301 2726 ἠ
1348 2655 1718 2726 παράκλησις·

136 2753 278 2815 ἴσως
308 2751 366 2805 δὲ
390 2751 609 2804 καὶτῶν
631 2751 1051 2822 διασπαρέντων
1071 2749 1213 2819 μετὰ
1234 2748 1336 2819 τὴν
1367 2747 1521 2816 παρὰ
1543 2745 1722 2800 Βαϐυ-

136 2844 359 2897 λωνίων
393 2843 800 2914 αἰχμαλωσίαν.

220 3023 334 3078 Τοῦ
389 3019 951 3090 ἐξομολογήσασθαι
1024 3034 1094 3072 εν
1151 3018 1232 3082 τῷ
1284 3017 1536 3087 ὀνόματί
1601 3030 1720 3070 σου

135 3114 226 3180 τῷ
247 3116 411 3184 ἁγίῳ.
440 3113 548 3167 Τοῦ
589 3111 1010 3183 εὐχαριστῆσαι,
1037 3110 1113 3170 ὡς
1168 3108 1388 3180 Σωτῆρι
1437 3107 1535 3161 καὶ
1569 3107 1721 3160 ἐλευ-

137 3207 388 3278 Θερωτῇ.

1826 2009 1930 2062 bus
1955 2023 2052 2063 eos
2080 2010 2134 2063 in
2162 2011 2488 2066 servitutem
2532 2012 2886 2084 redegerunt,
2925 2019 3397 2084 quemadmodum

1823 2100 1878 2156 in
1909 2103 2171 2172 praedicto
2216 2103 2472 2160 Iudicum
2526 2106 2668 2160 libro
2729 2107 2988 2163 traditur.
3035 2109 3265 2165 Factum
3319 2125 3401 2167 est

1823 2203 2006 2250 autem
2078 2197 2202 2260 hoc,
2232 2205 2480 2266 tempore
2525 2198 2674 2269 Cyri,
2742 2200 2896 2254 Darii
2947 2211 3002 2257 et
3051 2205 3400 2271 Artaxerxis,

1827 2295 1886 2340 ut
1928 2286 2032 2342 Esd
2043 2303 2133 2344 ras
2165 2289 2378 2345 scribit.

1901 2379 2062 2436 Vens.
2098 2381 2188 2434 Π.
2229 2381 2420 2438 Salvos
2453 2383 2540 2451 [ac
2569 2401 2685 2451 nos,
2741 2384 2966 2441 Domine
3009 2388 3150 2444 Deus
3201 2397 3398 2444 noster.

1823 2469 2021 2524 lterum
2056 2471 2123 2525 ad
2161 2487 2354 2541 preces
2386 2477 2641 2531 recurrit.

1903 2562 1970 2615 Et
1998 2579 2258 2634 eougrega
2290 2583 2384 2621 nos
2415 2569 2479 2621 de
2508 2571 2836 2626 nationibus.
2880 2574 3020 2628 Puto
3077 2573 3398 2642 petitionem

1826 2649 1970 2702 hanc
1994 2650 2228 2719 proferri
2265 2669 2333 2708 ex
2373 2671 2606 2723 persona
2643 2659 2923 2727 Ecclesiae,
2947 2677 3070 2729 quae
3110 2663 3179 2718 de
3227 2664 3402 2732 genti-

1823 2737 1929 2795 bus
1964 2752 2297 2812 congregata
2332 2755 2416 2801 est
2451 2763 2466 2802 :
2498 2749 2577 2804 vel
2622 2749 2764 2807 forte
2789 2768 2856 2808 ex
2897 2769 3133 2821 persona
3188 2754 3404 2810 Judaeu-

1821 2845 1968 2898 rum,
2001 2833 2093 2902 qui
2150 2844 2275 2905 post
2318 2837 2702 2911 Babylonicum
2741 2845 3118 2915 captivitatem
3164 2847 3399 2918 dispersi

1823 2934 1982 2980 sunt.

1899 3017 1968 3070 Ut
1993 3021 2348 3089 conﬁteantur
2378 3026 2578 3080 nomini
2605 3036 2693 3082 tuo
2719 3040 2924 3084 sancto.
2955 3030 3024 3086 Ut
3064 3032 3274 3102 gratias
3300 3033 3399 3087 tibi

1823 3117 2672 3182 agamus,tanquamSalvatori
2721 3135 2785 3174 ac
2842 3123 3128 3178 liberatori
3184 3133 3400 3180 nostro.

223 3258 777 3365 Ὶζοῦϋέτκαυχᾶσθαι
800 3291 964 3361 ὲνῖῇ
993 3291 1222 3347 αἰνέσει
1239 3308 1379 3346 σου.
1417 3290 1578 3358 Μέγα
1607 3289 1712 3360 γὰρ

1896 3286 1966 3338 Et
1991 3288 2280 3357 gloriemur
2303 3291 2357 3344 in
2391 3291 2549 3347 laude
2581 3302 2691 3348 tua.
2724 3295 2976 3366 Magnum
3014 3301 3216 3355 etenim
3267 3303 3398 3370 quid

138 3394 396 3446 τδαίνεῖν
454 3406 552 3444 σε·
615 3393 710 3444 καὶ
761 3389 1035 3460 καύχησις
1093 3390 1210 3450 τοῖς
1249 3387 1498 3440 αἰνοῦσιν
1525 3385 1721 3448 ὅντως,

144 3486 234 3540 ὅτι
265 3483 543 3550 ἀξιοῦνται
574 3482 865 3552 ὑμνολόγοι
891 3481 1149 3550 γενέσθαι
1173 3477 1418 3533 τοιούτου
1457 3477 1618 3532 Θεοῦ.

217 3660 566 3733 Εὐλογητὸς
619 3661 829 3728 Κύριος
876 3663 908 3712 o'
961 3658 1105 3725 Θεός
1171 3654 1422 3724 Ἰσραὴλ
1463 3654 1582 3709 ἀπὸ
1617 3640 1723 3707 τοῦ

141 3756 366 3824 αιῶνος
397 3756 492 3810 καὶ
515 3755 629 3820 ἕως
664 3753 773 3808 τοῦ
815 3753 1052 3818 αἰῶνος.
1091 3749 1452 3820 Εὑφημητὺς,
1508 3748 1723 3810 αἰνετὸς

147 3852 332 3992 “iiut
361 3937 482 4006 ἐρεῖ
508 3937 624 4002 πᾶς
653 3938 686 3990 ό
715 3935 894 4000 ,λαόςο
913 3932 1175 3994 Γένοιτο,
1192 3933 1440 4002 γένοιτο.
1468 3931 1620 4001 Ἐρεῖ
1641 3931 1720 3995 τὸ,

159 4029 488 4099 Ἐὐλογητὸς
517 4030 546 4081 6
583 4027 788 4097 Κύριος
810 4043 823 4056 ⁸
851 4028 884 4097 ἢ
927 4026 1012 4091 τὸ,
1078 4025 1300 4079 Γένοιτο
1329 4025 1647 4092 εὐλογητός.

715 4204 1081 4269 Ἀλληλούιὶι
1091 4242 1102 4254 .

679 4292 974 4346 ΨΑΑΜΟΣ
1013 4291 1152 4357 Ρςῖκ

218 4386 333 4440 Καὶ
355 4381 508 4450 οὗτος
535 4385 564 4437 6
584 4384 822 4454 ψαλμδς,
857 4382 1068 4448 διεξιὼν
1099 4385 1418 4455 εὐεργεσίας
1447 4385 1538 4437 τοῦ
1561 4383 1721 4446 Θεοῦ,

143 4480 250 4550 τὴν
280 4478 450 4550 αὐτὴν
480 4478 558 4550 τῷ
593 4476 928 4550 προλαὸόντι
973 4476 1203 4538 δικαίως
1249 4477 1442 4544 ἔλαχεν
1485 4477 1721 4546 ἑπιγραυ

144 4566 280 4636 φήν.

232 4745 726 4814 Ἔξομολοτεῖσθε
754 4744 833 4808 τῷ
862 4744 1054 4812 Κυρίῳ
1075 4743 1163 4796 ὅτι
1201 4742 1487 4811 χρηστὸς,
1521 4741 1610 4794 ὅτι
1637 4741 1724 4802 εὶς

140 4841 259 4894 τὸν
275 4838 459 4892 αιῶνα
480 4838 547 4890 τὸ
579 4837 748 4900 ἕλεος
781 4835 989 4890 αὑτοῦ.
1017 4833 1270 4888 Τοιοῦτον
1299 4833 1413 4902 ἔχει
1437 4833 1722 4903 προοίμιον

143 4927 250 4979 καὶ
284 4926 313 4977 6
342 4926 448 4994 πρὸ
472 4923 662 4978 τούτου
683 4923 921 4994 ψαλμός.

215 5107 580 5164 Εὶπάτωσαν
611 5113 664 5162 ol
687 5105 1121 5174 λελυτρωμένοι
1149 5107 1263 5160 ὑπὸ
1291 5107 1527 5172 Κυρίου.
1557 5105 1726 5158 Εἰπὰ-

140 5219 330 5258 τωσαν
367 5202 449 5255 ὃτι
475 5200 710 5269 χρηστὸς
744 5199 838 5251 καὶ
865 5201 930 5252 τὸ
961 5198 1110 5268 ἑξῆς.

213 5294 334 5358 Οὓς
349 5291 730 5358 ὲλυτρώσατο
757 5291 826 5344 ἐκ
852 5290 1047 5358 χειρὸς
1063 5291 1299 5360 ἐχθροῦ.
1323 5291 1430 5344 Τοῦ
1448 5292 1718 5349 διαϐόλου.

138 5382 284 5452 Περὶ
332 5383 440 5452 γὰρ
472 5382 579 5435 τῶν
607 5382 1021 5436 πιστευσάντων
1077 5383 1158 5444 εις
1195 5383 1429 5452 Χριστὸν
1482 5386 1510 5437 ὁ
1544 5386 1722 5453 λόγος,

141 5479 194 5529 εἰ
238 5477 338 5528 καὶ
381 5474 627 5528 Ἰουδαῖοι
666 5474 1038 5542 φιλονεικοῦσι
1094 5474 1336 5528 νοεῖσθαι
1386 5477 1477 5528 ’τὸν
1512 5476 1726 5546 ψαλμὸν

136 5571 275 5640 περὶ
304 5568 413 5622 τῶν
453 5568 589 5636 μετὰ
624 5571 723 5637 τὴν
757 5566 908 5638 παρὰ
937 5566 1296 5620 Βαϐυλωνίων
1338 5567 1721 5638 αἰχμαλωσίαν

132 5660 590 5729 ἀνακληθὲντων.
615 5659 748 5712 Τινὰ
776 5660 831 5712 δὲ
861 5659 969 5711 τῶν
1019 5660 1396 5730 ἀντιγράφων,
1427 5661 1497 5715 ἐκ
1521 5663 1723 5731 χειρὸς

136 5747 400 5822 ἐχθρῶν,
432 5753 763 5822 γράφουσιν,
797 5752 916 5821 ἦτοι
937 5752 1045 5804 τῶν
1075 5752 1366 5820 δαιμόνων.

1824 3384 1932 3440 est,
1955 3375 2125 3432 Deum
2154 3379 2402 3436 laudare.
2449 3381 2590 3438 Vera
2642 3387 2806 3438 etiam
2840 3404 2904 3442 ac
2950 3405 3162 3444 summa
3195 3393 3402 3462 gloria-

1823 3470 1905 3525 tio
1935 3481 2020 3526 est
2048 3473 2330 3538 omnibus,
2385 3478 2479 3546 qui
2549 3493 2674 3532 cum
2728 3481 2998 3534 laudant:
3055 3498 3117 3536 ea
3187 3485 3400 3541 ratione

1825 3561 2100 3628 videlicet,
2130 3567 2276 3630 quod
2306 3568 2454 3634 digni
2486 3567 2664 3623 elTecti
2697 3582 2829 3624 sunt
2859 3581 3017 3627 tanto
3068 3577 3397 3631 ministerio.

1900 3652 2068 3708 Vens.
2108 3657 2196 3710 ιε.
2248 3657 2562 3712 Benedictus
2608 3659 2863 3717 Dominus
2920 3664 3059 3719 Deus
3118 3664 3310 3731 Israel,
3365 3687 3400 3724 a

1825 3747 2022 3801 seculo
2061 3757 2108 3800 et
2142 3765 2304 3818 usque
2348 3751 2402 3802 in
2437 3751 2712 3808 saeculum.
2775 3754 3184 3813 Benedieendus
3249 3761 3396 3815 enim

1828 3851 2047 3907 semper
2076 3853 2181 3902 est,
2209 3852 2262 3896 et
2295 3843 2626 3898 laudandus.

1902 3928 1973 3982 Et
1998 3931 2137 3985 dicet
2175 3935 2348 3989 omnis
2378 3940 2646 4003 populus:
2679 3937 2827 4004 Fiat,
2862 3942 2980 4009 fiat.
3014 3942 3167 3998 Dicet
3219 3950 3399 4002 omnis

1827 4021 2064 4088 populus
2109 4039 2124 4076 :
2166 4023 2500 4081 Benedictus
2534 4028 2844 4092 Dominus:
2883 4035 2965 4087 vel
3012 4035 3158 4088 dicet
3219 4041 3398 4091 omnis

1830 4112 2068 4179 pepulus
2104 4131 2118 4166 :
2155 4114 2294 4181 Fiat,
2330 4120 2576 4186 inquam,
2610 4124 2701 4175 liat
2739 4125 3056 4182 benedictus
3117 4125 3398 4185 Dominus.

2491 4211 2750 4269 Alleluia.

2371 4299 2691 4357 I‘SALMUS
2721 4303 2855 4359 CVI.

1896 4385 2031 4441 Cum
2087 4389 2176 4444 hic
2228 4391 2473 4459 psalmus
2542 4393 2707 4447 simili
2765 4397 2928 4451 modo
2985 4398 3250 4455 beneﬁcia
3301 4402 3397 4458 Dei

1826 4487 2012 4531 narret
2047 4479 2098 4532 iri
2132 4480 2426 4534 humanum
2463 4499 2643 4551 genus
2710 4487 2928 4552 collata,
2974 4491 3222 4546 eamdem
3287 4510 3400 4550 me-

1755 4569 1940 4657 l)rito
1992 4586 2116 4623 cum
2174 4574 2616 4639 praecedentibus
2686 4579 2913 4646 psalmis
2974 4581 3395 4652 inscriptionem

1832 4662 2060 4716 sortitus
2083 4672 2187 4717 cst.
2845 4671 2874 4691 ‘

1901 4751 2068 4807 Vens.
2126 4754 2174 4806 Ι.
2227 4754 2564 4824 Conﬁtemini
2618 4761 2863 4827 Domino,
2905 4768 3155 4834 quoniam
3212 4768 3398 4838 bonus,

1829 4843 2082 4913 quoniam
2143 4842 2196 4896 in
2253 4846 2505 4900 stcculum
2576 4851 2944 4909 misericordia
3003 4858 3139 4926 ejus.
3181 4859 3398 4916 Eisdem

1827 4935 2009 4990 verbis
2064 4935 2338 5007 Propheta
2406 4940 2462 4993 in
2523 4944 2850 5011 praecedenti
2898 4951 3108 5017 psalmo
3164 4965 3400 5008 exorsus

1826 5041 1931 5083 est.

1900 5121 2064 5178 Vens.
2099 5125 2151 5177 2.
2194 5124 2378 5180 Dicunt
2403 5128 2494 5197 qui
2522 5129 2774 5196 redempti
2815 5140 2941 5184 sunt
2970 5149 3002 5184 a
3035 5132 3269 5190 Domino.
3310 5135 3402 5192 lli-

1828 5226 1980 5282 cant,
2009 5219 2254 5286 inquam.
2296 5221 2438 5286 quod
2481 5221 2657 5276 bonus
2686 5232 2790 5287 est,
2819 5233 2873 5276 et
2905 5241 3026 5292 qua:
3064 5239 3393 5296 sequuntur.

1903 5309 2049 5375 Quos
2085 5311 2301 5365 redemit
2321 5311 2384 5364 de
2420 5329 2579 5366 manu
2613 5313 2834 5368 inimici.
2883 5315 3098 5373 Diaboli
3152 5322 3394 5376 scilicet.

1829 5398 1926 5454 Est
1955 5402 2102 5456 enim
2140 5417 2326 5456 sermo
2352 5403 2419 5456 de
2478 5402 2731 5459 ﬁdelibus
2797 5407 3163 5475 Christianis;
3218 5428 3397 5478 quan-

1828 5510 1995 5563 quam
2030 5495 2201 5549 Judaei
2236 5497 2572 5550 contendant
2634 5499 2905 5567 psalmum
2956 5504 3102 5558 hunc
3162 5505 3394 5574 intelligi

1829 5585 2032 5640 debere
2065 5585 2133 5640 de
2159 5587 2227 5640 iis
2255 5587 2348 5655 qui
2376 5601 2441 5640 ex
2491 5587 2817 5658 Babylonica
2881 5595 3196 5662 captivitate
3239 5611 3397 5651 revo-

1829 5679 1938 5732 cati
1979 5687 2108 5730 sunt
2142 5675 2197 5731 in
2269 5679 2524 5746 patriam.
2568 5679 2824 5746 Quaedam
2881 5700 3008 5739 vero
3066 5690 3396 5758 exemplaria

1829 5771 2029 5822 habent
2064 5787 2076 5821 :
2127 5769 2201 5822 De
2235 5785 2395 5822 manu
2423 5772 2779 5842 mimicorum,
2814 5777 2916 5830 hoc
2963 5787 3069 5844 cst,
3115 5777 3190 5834 De
3240 5788 3393 5849 pote-

1827 5867 1966 5915 state
1983 5861 2312 5917 daemonum.
