3898 6546
274 396 396 460 1061

1399 410 1607 470 COMM
1621 409 1790 471 Et‘tT.
1834 408 1916 470 IN
1952 412 2081 475 PSA
2092 417 2189 476 LM
2200 417 2308 480 OS.

3372 430 3508 497 1062

264 524 349 576 τὸν
385 519 616 588 λέγοντα
670 523 795 593 περὶ
830 526 927 595 τῆς
984 527 1259 600 σωτηρίας
1283 528 1467 582 αὐτῶν
1525 528 1665 581 Θεόν
1701 546 1715 558 ·
1743 526 1819 581 λέ·

1941 540 2049 594 est,
2079 532 2246 590 Deum
2282 536 2459 608 ipsum
2496 539 2810 610 loquentem
2839 544 2906 599 de
2935 558 3120 600 eorum
3166 545 3364 615 salute,
3429 555 3510 605 Ir-

265 631 425 683 γοντα
475 613 530 666 δὲ
553 614 643 667 διὰ
711 615 806 668 τοῦ
861 618 1107 686 ἐμφύτου
1170 620 1328 688 λόγου
1399 623 1562 676 πᾶσιν
1624 620 1819 690 ἀνθρώ-

1941 634 2218 690 qnetttem,
2253 627 2497 696 inquam,
2529 646 2629 701 per
2652 618 2774 690 eam
2799 636 3090 701 rationem,
3151 653 3275 708 quae
3329 644 3509 695 omni-

264 720 408 766 ποις,
476 704 575 757 καὶ
604 703 773 775 νόμου
825 708 921 760 τοῦ
948 701 1194 773 δοθέντος
1239 711 1536 775 Ἰουδαίοις,
1572 713 1667 764 καὶ
1697 729 1833 782 προ·
1878 752 1881 753 ν

263 794 466 862 φητῶν,
523 798 617 851 καὶ
668 797 1022 869 εὐεργεσιῶν.
1086 802 1180 855 καὶ
1234 803 1500 867 ἀπειλῶν,
1540 804 1636 858 καὶ
1691 805 1833 875 πληο

261 885 394 955 γῶν,
434 888 535 941 καὶ
563 887 796 957 λοιπῶν,
849 889 941 959 ὑφ’
990 885 1067 945 ὧν
1119 895 1443 966 ὲκτριϐῆναι
1479 896 1580 966 τὴν
1634 898 1834 951 κακίαν

260 978 319 1031 τὺ
364 979 812 1051 σπουδαζόμενον
869 976 960 1053 ἦν,
1020 983 1095 1048 ὡς
1134 986 1163 1038 ό
1207 985 1469 1055 Θεολόγος
1506 988 1643 1059 φησὶ
1688 989 1832 1059 Γρη-

294 1071 466 1134 όριος.

294 1086 321 1123 ο
363 1088 466 1134 ιος.
1720 1112 1728 1118 -

259 1086 292 1139 γ
325 1088 439 1217 εἰσί
498 1166 615 1234 τὴν
662 1165 911 1235 ,βουλὴν
936 1167 1044 1223 τοῦ
1104 1169 1400 1237 Ὑψίστου
1440 1171 1827 1238 παρώξυναν.

261 1257 468 1326 Ἧγουν
525 1257 618 1311 τὸν
650 1259 974 1331 βουλόμενον
998 1259 1097 1330 τὴν
1126 1252 1406 1333 σωτηρίαν
1437 1264 1620 1317 αὐτῶν
1668 1264 1831 1333 Ὕψι-

258 1364 424 1402 στοψ
466 1348 626 1418 λόγια
669 1350 779 1421 γὰρ
842 1350 980 1405 Θεοῦ
1013 1351 1105 1406 τὸν
1134 1353 1287 1419 Θεὸν,
1351 1356 1493 1410 κατὰ
1553 1357 1830 1427 περίφρα-

256 1455 363 1503 σιν,
397 1440 495 1493 καὶ
519 1439 715 1513 βουλὴν
738 1439 997 1512 Ὑψίστου
1044 1444 1139 1497 τδν
1165 1444 1431 1514 Ὕψιστον
1453 1446 1691 1502 ἐνταῦθα
1720 1447 1828 1520 χρὴ

370 1550 421 1585 ν.

370 1550 421 1585 ν.

253 1534 434 1678 νοειῖνιιί
486 1622 851 1693 ἐταπεινώθη
906 1625 976 1679 ἐν
1017 1627 1230 1694 κόποις
1273 1629 1312 1696 ἡ
1347 1629 1560 1697 καρδιά
1604 1630 1823 1688 αὐτῶν.

262 1715 795 1790 Ἐταλαιπώρησενή
816 1717 964 1790 ψυχὴ
999 1719 1184 1774 αὐτῶν
1226 1724 1284 1776 ὲν
1303 1724 1492 1788 κόποις
1524 1726 1620 1796 τῆς
1638 1726 1825 1797 ἀμαρ-

247 1825 394 1872 τιας.

334 1866 738 1968 ’ᾖσθένησαη
764 1902 862 1955 καί
898 1902 1010 1956 οὐκ
1047 1897 1127 1972 ἦν
1144 1905 1178 1958 ὁ
1193 1904 1458 1971 βοηθῶν.
1476 1905 1535 1958 ’0
1558 1905 1824 1977 ῥυόμενος
1854 1866 1898 1922 Β

240 1991 449 2055 αὐτοὺς
490 1993 590 2057 τῆς
616 1992 928 2062 τυραννίδος
964 1993 1061 2047 τοῦ
1087 1994 1359 2051 διαϐόλου.
1787 2026 1797 2037 ι

319 2080 433 2135 Καὶ
461 2079 791 2152 ἐκέκραξαν
811 2084 965 2153 πρὸς
991 2085 1233 2154 Κύριον,
1260 2085 1334 2140 ὲν
1382 2085 1463 2153 τῷ
1515 2089 1822 2144 θλίϐεσθαι

240 2172 494 2239 αὐτοὺς,
556 2174 655 2227 καί
693 2173 765 2229 ἐκ
816 2173 940 2230 τῶν
1000 2176 1285 2246 ἀναγκῶν
1327 2177 1528 2232 αὐτῶν
1585 2179 1825 2234 ἔσωσεν

239 2264 494 2329 αὐτούς.
527 2264 759 2335 Εἴρηται
787 2266 919 2338 περὶ
971 2268 1179 2323 τούτων
1216 2269 1494 2341 ἀνωτέρω.
1550 2271 1823 2341 Τετράκις

241 2355 358 2426 γὰρ
390 2356 450 2410 ὲν
464 2354 572 2427 ὅλῳ
593 2356 670 2429 τῷ
701 2355 902 2427 ψαλμῷ
938 2356 1113 2412 ταῦτα
1143 2357 1407 2427 τέθεικεν,
1447 2360 1728 2432 ἐμφαίνων
1759 2358 1822 2414 τὸ

244 2444 484 2516 μέγεθος
503 2445 605 2518 τῆς
630 2447 975 2520 εὐεργεσίας.

313 2628 430 2684 Kal
462 2630 763 2701 ἐξήγαγεν
803 2633 1026 2700 αὐτοὺς
1065 2635 1141 2690 ἐκ
1187 2638 1447 2704 σκότους
1500 2638 1599 2691 καί
1642 2653 1821 2706 extat:

238 2722 532 2782 θανάτου.
564 2724 793 2798 Εἴρηται
824 2727 955 2799 περ)⁵
990 2726 1087 2783 τοῦ
1119 2728 1346 2793 σκότους
1384 2729 1482 2784 καὶ
1510 2730 1612 2802 τῆς
1661 2734 1821 2795 σκιᾶς

237 2813 338 2868 τοῦ
370 2813 625 2873 θανάτου.

310 2907 431 2962 Kal
461 2907 603 2976 τοὺς
630 2908 896 2980 δεσμοὺς
944 2909 1145 2966 αὐτῶν
1169 2912 1502 2983 ὃιέρῤηξεν.
1569 2916 1710 2981 Τοὺς
1735 2918 1821 2972 δε-

241 3003 423 3072 σμοὺς
442 3002 542 3073 τῆς
565 3003 862 3075 ἁμαρτίας,
883 3002 976 3070 οὓς
1005 3005 1272 3063 ἐπέϐαλεν
1297 3009 1479 3073 αὐτοῖς
1497 3010 1525 3062 ό
1547 3010 1816 3079 διάϐολος,

236 3096 371 3158 τοὺς
412 3095 648 3165 δεσμοὺς
668 3096 768 3169 τῆς
785 3096 1032 3161 δουλείας
1063 3098 1174 3154 τῶν
1200 3099 1495 3170 δαιμόνων.

1939 715 2042 771 bus
2075 717 2385 776 hominibus
2422 722 2588 778 insita
2610 736 2692 780 est
2727 744 2741 781 :
2781 729 2864 783 Vel
2919 741 3015 798 per
3062 729 3237 799 legem
3297 734 3504 800 datam,

1937 824 2030 875 per
2069 811 2394 881 prophetas,
2429 830 2525 882 per
2560 817 2840 882 beneﬁcia,
2873 836 2971 889 per
3000 823 3203 888 minas,
3236 841 3333 894 per
3393 831 3457 895 pl.
3479 856 3508 869 -

1933 914 2051 968 gas,
2080 909 2135 955 et
2164 917 2260 969 per
2286 912 2480 959 caetera
2514 907 2721 970 omnia,
2752 910 2970 975 quibus,
3034 923 3095 965 ut
3146 914 3327 985 inquit
3371 915 3509 971 Gr:-

1932 992 2117 1058 gorins
2140 989 2476 1063 Tbeologus,
2508 997 2720 1053 studuit
2752 1000 2894 1056 Deus
2908 1002 3033 1056 vitia
3058 1003 3336 1062 hominum
3364 1023 3501 1064 con-

1933 1092 2132 1140 terere.
2780 1140 2781 1143 η

2004 1173 2070 1229 Et
2102 1178 2381 1232 consilium
2409 1178 2672 1236 Altissimi
2702 1185 3061 1242 irritaverant.
3082 1188 3265 1260 Ipsum
3290 1194 3502 1247 scilicet

1938 1264 2315 1334 Altissimum,
2349 1286 2541 1324 eorum
2578 1274 2740 1330 saluti
2787 1280 3190 1346 consulentem,
3223 1298 3318 1351 per
3383 1286 3501 1339 elo-

1928 1354 2060 1424 quia
2090 1357 2235 1410 enim
2270 1359 2388 1425 Dei,
2432 1362 2616 1432 et’per
2657 1369 2944 1424 consilium
2988 1370 3278 1441 Altissimi,
3328 1376 3497 1431 Deum

1928 1443 2110 1514 ipsum
2139 1447 2622 1521 circumloqnitur.

1999 1628 2164 1684 Vsus.
2195 1629 2281 1684 12.
2317 1627 2382 1681 Et
2414 1629 2753 1685 Itumiliatum
2776 1644 2854 1688 est
2884 1638 2935 1690 in
2958 1638 3229 1696 laboribus
3251 1658 3342 1696 cor
3406 1661 3499 1698 eo-

1929 1737 2065 1776 rum.
2100 1719 2318 1779 Aiﬂicta
2355 1725 2702 1781 cstmiscriis
2769 1728 2952 1782 anima
3005 1746 3195 1787 eorum
3247 1736 3301 1788 itt
3346 1737 3501 1791 malis

1926 1820 1980 1864 et
2015 1812 2276 1880 peccatis.

1999 1899 2272 1970 Inﬁrmati
2323 1913 2470 1966 sunt,
2505 1915 2556 1959 et
2591 1922 2691 1960 non
2726 1918 2865 1971 erat,
2922 1912 3015 1979 qui
3060 1914 3361 1982 adjuvaret.
3391 1916 3493 1984 Qui

1924 1994 2162 2060 eriperet
2194 2010 2290 2048 eos
2316 2010 2346 2049 a
2379 1997 2662 2067 tyrannide
2684 1990 2905 2056 diaboli.

2005 2083 2165 2141 Vsus.
2206 2086 2294 2140 l3.
2341 2086 2407 2140 Et
2437 2089 2802 2144 clamauerunt
2831 2096 2902 2146 ad
2932 2094 3213 2151 Dominam
3247 2116 3361 2153 cum
3393 2101 3494 2153 tri-

1927 2176 2238 2231 bularentur
2268 2190 2318 2231 et
2347 2181 2409 2233 de
2446 2184 2847 2238 necessitatibus
2883 2203 3067 2242 eorum
3113 2190 3337 2244 salvarit
3380 2210 3491 2248 eos.

1926 2265 2049 2321 llaac
2065 2267 2251 2333 verba,
2268 2269 2463 2339 quibus
2487 2272 2753 2343 Propheta
2776 2275 3083 2331 divinorum
3106 2280 3491 2338 bvneﬁciornm

1923 2360 2358 2430 magnitudinem
2426 2367 2736 2435 exprimere
2796 2379 3077 2442 satagens,
3131 2374 3187 2427 in
3239 2377 3493 2443 praesenti

1922 2454 2138 2523 psalmo
2167 2458 2393 2526 saepius,
2427 2458 2530 2515 hoc
2554 2469 2659 2527 est,
2695 2472 2890 2533 quater
2922 2468 3138 2534 repetit,
3171 2468 3282 2538 jam
3316 2484 3346 2523 a
3389 2486 3492 2526 no-

1922 2546 2007 2602 bis
2038 2551 2293 2619 superius
2319 2555 2564 2622 ettposita
2598 2563 2749 2611 sunt.

1997 2637 2162 2695 Vsus.
2206 2641 2294 2696 14.
2337 2642 2408 2698 Ει
2441 2645 2627 2700 eduxit
2659 2663 2747 2702 eos
2800 2665 2866 2703 ae
2914 2652 3165 2717 tenebris,
3218 2663 3267 2709 et
3303 2655 3490 2711 umbra

1922 2731 2133 2785 mortis.
2189 2732 2367 2804 Atque
2416 2735 2540 2791 haec
2575 2738 2738 2794 verba
2791 2740 2958 2796 etiam
3014 2745 3273 2814 superius
3321 2762 3493 2818 expo-

1924 2822 2161 2880 suhnus.
3272 2886 3273 2889 η

1993 2912 2064 2968 Ει
2094 2914 2308 2970 vincula
2334 2933 2518 2973 eorum
2559 2920 2780 2990 dirupit.
2809 2921 3039 2981 Vincula
3067 2929 3323 2986 videlicet
3359 2949 3489 3003 pec-

1919 3003 2055 3070 cati,
2099 3005 2304 3074 quibus
2351 3008 2566 3065 daatnon
2618 3027 2714 3068 eos
2777 3013 3101 3085 involverat,
3153 3022 3235 3077 vel
3276 3024 3491 3080 vincula

1921 3095 2207 3153 servitutis
2230 3099 2565 3159 daemonum.

325 3185 1030 3257 Ἐξομολινγησάσθωσαν
1059 3189 1140 3256 τῷ
1166 3191 1363 3262 Κυρίῳ
1397 3192 1470 3247 τὰ
1515 3194 1658 3264 enen
1707 3199 1809 3251 αῠο

1993 3185 2161 3244 Vens.
2220 3189 2309 3246 15.
2369 3189 2734 3261 Con/iteantur
2815 3198 3046 3255 Domino
3112 3207 3492 3264 misericordia:

234 3278 370 3343 τοῦ,
397 3279 500 3333 καί
533 3280 602 3334 τὰ
624 3280 941 3350 θαυμάσια
968 3283 1156 3338 αὐτοῦ
1203 3284 1330 3351 τοῖς
1360 3285 1515 3353 υίοῖς
1546 3286 1664 3341 τῶν
1712 3290 1819 3345 ἁν-

1941 3278 2061 3347 rjus,
2085 3288 2134 3333 et
2161 3280 2433 3337 mirabilia
2461 3285 2576 3352 ejus
2609 3285 2738 3352 ﬁliis
2786 3287 3076 3346 hominum.
3132 3295 3258 3351 llme
3300 3301 3489 3367 verba,

234 3369 514 3439 θρώπων.
593 3372 829 3445 Ἐρρήοη
871 3374 967 3429 καὶ
1007 3377 1137 3448 περὶ
1175 3377 1382 3433 τούτων
1411 3397 1424 3410 ·
1470 3380 1675 3451 ὁμοίως
1711 3382 1820 3455 γὰρ

232 3462 498 3533 τετράκις
529 3464 591 3518 ιν
651 3464 758 3537 ὅλῳ
801 3466 882 3537 τῷ
923 3467 1127 3540 ψαλμῷ
1175 3469 1270 3525 καὶ
1317 3470 1490 3527 ταῦτα
1545 3473 1818 3542 τέθεικεν,

170 3584 173 3585 ν
232 3553 537 3609 ἐπιτείνων
567 3556 669 3628 τὴν
698 3558 1075 3631 εὐχαριστίαν.
1474 3586 1479 3591 ·

307 3739 446 3793 Ὀτι
509 3739 832 3810 συνέτριψε
886 3742 1086 3810 πύλας
1139 3747 1395 3817 χαλκᾶς.
1452 3747 1633 3813 Πύλας
1668 3751 1816 3820 ίσχυ-

232 3834 338 3905 ρὰς
366 3873 383 3897 ,
440 3831 617 3897 πύλας
667 3834 999 3905 ἀρρήκτους,
1063 3836 1166 3902 τὰς
1234 3839 1329 3893 τοῦ
1362 3839 1525 3911 ᾇδου’
1552 3842 1814 3897 κατέλυσε

232 3926 347 3998 γὰρ
372 3925 547 3991 αὑτὰς
602 3926 721 3981 ἐκεῖ
768 3928 1067 3993 κατελθὼν,
1152 3932 1245 3984 καὶ
1301 3932 1400 3996 τὰς
1440 3933 1816 4003 κατεχομένας

228 4018 417 4090 ψυχάς
446 4019 704 4090 ἑξήγτιιγιο

302 4114 422 4169 Καὶ
456 4116 727 4184 μοχλοὺς
772 4117 939 4182 metu
956 4117 1065 4183 οῦς
1092 4116 1501 4174 συνέθλασεν.
1537 4119 1679 4184 Τοὺς
1706 4118 1814 4174 τῶν

227 4204 503 4260 τοιούτων
527 4207 710 4261 πυλῶν
730 4225 744 4238 ο
770 4204 882 4265 εἷεν
902 4207 950 4263 δ’
976 4211 1045 4265 ὃν
1095 4210 1264 4265 πύλαι
1294 4211 1426 4283 ᾅδου
1461 4213 1557 4266 καὶ
1613 4212 1750 4285 μοχλ
1760 4213 1813 4269 οὶ

226 4297 290 4352 τὸ
330 4296 581 4368 ἄφυκτον
601 4299 766 4355 αὐτοῦ
828 4302 924 4355 καὶ
945 4301 1338 4368 ἀδιεξέλευτον.

310 4501 695 4558 Ἆντελὰϐετο
754 4503 954 4560 αὐτῶν
989 4504 1059 4571 ἐξ
1100 4503 1244 4560 ὁδοῦ
1286 4505 1542 4576 ἀνομίας
1588 4504 1809 4562 αὐτῶν.

228 4596 362 4649 Ἔτι
390 4593 684 4650 ὁδευόντων
706 4596 767 4650 ιν
786 4596 1008 4669 ἀνομίᾳ.

295 4797 410 4853 Διὰ
436 4800 549 4870 γὰρ
574 4799 683 4866 τὰς
728 4801 981 4872 ἀνομίας
1042 4803 1243 4859 αὐτῶν
1297 4803 1806 4876 ἐταπεινώθησαν.

222 4892 752 4976 Ἐταλαιταῦρησαν,
777 4896 872 4951 καὶ
905 4895 1184 4969 ιφάνησαν
1234 4898 1418 4963 ἐλέους
1451 4901 1547 4955 καὶ
1579 4900 1807 4972 ἀντιλή-

220 4987 380 5056 ψεως
414 4984 576 5052 ἄξιοι.

296 5098 439 5155 Ῑιᾶν
476 5098 688 5169 ,ϐρῶμα
734 5101 1096 5168 ἐϐδελύξατο
1149 5105 1187 5173 ἡ
1217 5106 1399 5175 ψυχὴ
1435 5108 1653 5164 αὐτῶν.
1689 5111 1803 5163 Πᾶν

224 5193 435 5264 βρῶμα
490 5194 742 5266 ψυχικὸν,
787 5195 1029 5267 λογικὸν,
1065 5199 1451 5256 διδασκαλικόν
1476 5218 1491 5234 ·
1523 5201 1593 5256 δι’
1630 5203 1803 5274 ὑπερ-

221 5285 397 5355 ϐολὴν
430 5285 712 5355 καχεξίας.
771 5287 882 5341 Καὶ
922 5289 1111 5353 αὐτοῖς
1162 5291 1273 5361 γὰρ
1310 5293 1424 5356 τοῖς
1465 5290 1818 5359 Ἑλληνικοῖς·

1786 5416 1794 5423 -
1907 5394 2063 5440 erant
2091 5383 2311 5448 animis,
2345 5392 2401 5437 ut
2430 5383 2548 5453 ipsa
2579 5382 2740 5437 etiam
2787 5380 3074 5441 gentilium
3107 5383 3290 5440 studia
3321 5384 3478 5443 fasti-

220 5378 503 5448 δόγμασιν
559 5378 1019 5450 δυσηρεστοῢντο.

301 5580 414 5635 Καί
477 5579 740 5652 ἥγνισαν
785 5584 896 5652 ἕως
944 5586 1074 5666 τῶν.
1127 5590 1338 5645 πυλῶν
1370 5593 1478 5647 τοῦ
1516 5593 1799 5650 θανάτου.

221 5672 339 5728 Τοῦ
359 5673 621 5744 ψυχικοῦ,
657 5677 754 5732 τοῦ
792 5680 1178 5751 παραδιδόντος
1202 5686 1323 5746 ταῖς
1366 5686 1604 5750 αἰωνίοις
1637 5688 1801 5743 κολά-

222 5781 372 5817 σεσι.
426 5765 610 5830 Πύλας
673 5768 732 5821 δὲ
783 5769 1016 5825 Θανάτου
1071 5772 1218 5842 λέγει
1261 5775 1360 5838 τὰς
1425 5778 1673 5846 μεγάλας
1706 5780 1803 5832 καὶ

220 5855 477 5926 χαλεπὰς
502 5859 780 5933 ἁμαρτίας
837 5864 937 5928 τὰς
1004 5866 1334 5936 εἶσαγούσας
1389 5871 1469 5933 είς
1511 5871 1717 5925 αὐτόν·
1763 5874 1798 5939 ἦ

1918 3389 2040 3444 qua:
2068 3382 2129 3428 ut
2171 3390 2487 3432 sermonem
2532 3379 2599 3435 de
2626 3382 2928 3451 gratiarum
2965 3389 3276 3445 actionibus
3305 3392 3489 3448 inten-

1917 3467 2134 3523 sionem
2172 3468 2449 3535 redderet,
2482 3472 2650 3528 simili
2705 3476 2867 3532 modo
2909 3493 2938 3532 a
2986 3479 3258 3550 PrOpbeta
3295 3497 3487 3554 quater

1915 3559 1971 3614 iu
2012 3560 2118 3614 hoc
2144 3562 2361 3631 psalmo
2386 3560 2455 3617 de
2486 3564 2757 3620 industria
2799 3579 3149 3638 repetuntur,
3192 3574 3353 3643 paulo
3387 3593 3488 3631 su-

1915 3654 2102 3723 perius
2128 3669 2160 3708 ε
2191 3655 2350 3709 nobis
2383 3656 2518 3711 satis
2542 3656 2818 3713 declarata
2849 3667 3000 3716 sunt.

1985 3744 2154 3801 Vsus.
2196 3746 2286 3802 16.
2328 3746 2470 3814 Quia
2503 3750 2749 3804 contrivit
2781 3762 2963 3820 portas
2994 3770 3182 3809 cereas.
3221 3755 3487 3814 Occlusas

1915 3838 2010 3894 diu
2046 3838 2205 3903 olim.
2233 3848 2290 3895 et
2316 3840 2497 3896 valide
2537 3841 2860 3900 obllrntatas
2912 3845 3111 3901 inferni
3147 3852 3346 3917 januas
3401 3852 3487 3905 in-

1915 3928 2079 4002 fregit
2108 3930 2393 3998 Dominus,
2428 3935 2691 4004 quoniam
2740 3935 2876 3991 illuc
2908 3939 3249 3997 descendens
3277 3943 3486 3999 carceri

1915 4024 2297 4094 emancipatos
2328 4032 2517 4095 patres
2541 4004 2779 4096 eripuit:

1988 4113 2056 4168 Et
2089 4125 2253 4171 vectes
2286 4115 2487 4185 ferreos
2524 4117 2810 4190 confregit.
2842 4118 3062 4187 Vectes,
3095 4123 3346 4193 inquam,
3384 4125 3489 4179 ltu-

1910 4209 2152 4281 jusmodi
2182 4219 2488 4282 portarum.
2519 4212 2626 4269 Per
2652 4224 2841 4284 portas
2876 4218 3042 4272 etiam
3070 4235 3266 4284 :creas,
3305 4231 3358 4275 et
3389 4238 3487 4291 per

1915 4317 2097 4361 vectes
2154 4305 2366 4361 ferreos
2424 4307 2730 4377 intelligere
2789 4324 3094 4379 possumus,
3160 4312 3486 4383 signiﬁcari,

1913 4413 2078 4469 quam
2138 4397 2361 4452 dili‘tcile
2392 4406 2539 4453 esset
2567 4397 2802 4454 evadere
2838 4401 2957 4455 loca
2990 4402 3106 4456 illa.

1984 4510 2152 4568 Vens.
2196 4512 2283 4567 l7.
2341 4512 2559 4582 Adjuvit
2592 4529 2679 4567 eos
2717 4514 2775 4567 in
2807 4515 2892 4568 eia
2931 4517 3235 4585 iniquitatis
3274 4534 3480 4576 eorum.

1910 4602 2026 4659 Hoc
2059 4609 2165 4668 est,
2204 4618 2327 4658 cum
2366 4605 2544 4658 adhuc
2590 4603 2647 4658 in
2702 4604 2909 4674 iniquis
2963 4621 3027 4661 ac
3067 4609 3247 4678 pravis
3290 4625 3481 4666 eorum

1909 4694 2172 4767 operibus
2202 4697 2605 4766 perseverando
2632 4696 3013 4767 procederent.

1985 4811 2212 4882 Propter
2256 4811 2570 4882 iniquitates
2626 4812 2765 4865 enim
2819 4829 2943 4867 suas
2995 4813 3266 4869 Itumiliati
3320 4826 3471 4873 sunt.

1909 4901 2077 4958 Valde
2111 4901 2259 4957 enim
2294 4900 2479 4955 aﬁlicti
2526 4910 2680 4966 sunt,
2714 4901 2785 4957 ob
2811 4903 2959 4972 quod
3018 4906 3393 4963 misericordia
3425 4917 3481 4963 et

1912 4992 2120 5051 auxilio
2146 4990 2335 5048 divino
2361 4990 2560 5062 dignos
2595 5006 2656 5048 se
2686 4994 3072 5050 ostenderunt.

1974 5109 2145 5166 "V388.
2189 5108 2274 5165 18.
2318 5106 2539 5163 Omnem
2596 5107 2771 5161 cibum
2820 5109 3130 5162 abominata
3181 5118 3259 5164 est
3294 5112 3480 5167 anima

1906 5219 2111 5258 eorum.
2143 5198 2400 5263 Omnem.
2434 5199 2683 5269 inquam,
2733 5198 2917 5254 cibum
2952 5200 3149 5254 animae
3178 5203 3477 5257 rationabi-

1907 5295 2011 5349 lem
2051 5300 2106 5347 et
2134 5307 2350 5347 omnem
2394 5289 2726 5345 doctrinam.
2762 5288 2914 5344 Adeo
2959 5288 3108 5344 enim
3162 5290 3474 5360 depravatis

1906 5479 2104 5533 dircnt.

1979 5592 2046 5645 Et
2072 5589 2563 5662 appropinquarunt
2592 5604 2755 5660 usque
2787 5590 2856 5644 ad
2885 5599 3067 5656 portas
3091 5594 3305 5652 mortis.
3329 5596 3480 5651 Mor-

1905 5695 2013 5741 tem
2043 5683 2240 5738 animae
2270 5678 2545 5750 intelligit,
2590 5695 2713 5750 quae
2740 5681 3016 5753 perpetuis
3045 5686 3332 5759 suppliciis
3373 5689 3476 5744 ho-

1907 5778 2105 5833 minem
2136 5772 2433 5830 obuoxium
2467 5771 2669 5829 reddit.
2709 5772 2809 5829 Per
2841 5787 3027 5845 portas
3051 5795 3230 5835 autem
3261 5783 3475 5847 mortis,

1909 5884 2104 5942 magna
2160 5883 2223 5924 ac
2273 5866 2458 5939 gravia
2528 5878 2808 5938 nuncupat
2862 5869 3061 5927 delicta
3141 5888 3257 5941 ιξιιϊ
3315 5868 3474 5928 morti
