3898 6560
260 580 395 647 1073

1384 574 1534 637 COM
1544 573 1778 634 MENT.
1818 572 1898 631 ΙΝ
1951 570 2307 632 PSALMOS.

3364 563 3505 632 1074

323 689 488 746 Ἀντί
544 689 650 743 τοῦ
704 686 947 757 ἀγαπᾷν
995 704 1091 759 με,
1148 685 1540 741 ἐνδιέόαλλόν
1576 700 1669 753 με.
1706 683 1834 735 Δέον

2010 679 2177 735 Vens.
2213 681 2266 735 ἆ.
2302 678 2406 734 Pro
2446 696 2528 742 eo,
2562 688 2621 759 ιιι
2678 696 2758 733 me
2811 678 3108 750 diligerent,
3160 677 3505 733 detrahebant

257 782 477 855 ἀγαπᾷν
530 799 621 852 με,
678 780 1026 848 καθεκάστην
1071 778 1268 842 αὐτοὺς
1292 774 1689 848 εὐεργετοῦντα
1737 773 1832 826 καὶ

255 876 398 944 λόγῳ
432 874 530 927 καὶ
567 872 716 943 ἔργῳ
742 889 758 903 ·
796 872 846 925 oi
880 870 935 924 δὲ
961 867 1273 923 τούναντίον
1305 864 1692 936 διεκωμῴδούν
1739 878 1832 933 με,

257 967 482 1031 πλάνον,
537 964 634 1019 καὶ
683 962 1020 1034 παράνομον,
1070 959 1166 1015 καὶ
1204 958 1453 1014 ἀντίθεον
1489 953 1832 1010 ἀποκαλοῦνο

260 1056 353 1118 τές
392 1071 484 1123 με.

337 1145 490 1214 Ἐγὼ
533 1144 603 1198 δὲ
639 1144 1103 1216 προσηυχόμην.
1135 1140 1536 1214 Προσηυχόμην
1569 1138 1710 1209 ὑπὲρ
1735 1138 1834 1192 αύ-

255 1239 384 1292 τῶν·
419 1239 514 1292 καὶ
565 1238 675 1310 γὰρ
736 1240 796 1290 ὲν
852 1240 965 1300 τοῖς
1025 1234 1382 1304 Εύαγγελίοις
1438 1229 1835 1304 προσεύχεσθαι

256 1328 401 1398 ὑπὲρ
428 1328 535 1380 τῶν
555 1325 972 1396 ἐπηρεαζόντων
990 1325 1402 1394 ἐνομοθέτησεν.
1435 1323 1507 1376 Ἤ
1524 1319 1834 1391 προσηυχό-

261 1438 370 1491 μην
428 1418 863 1488 ἐπικαλούμενος
895 1417 993 1488 τὴν
1023 1417 1175 1488 παρὰ
1210 1414 1305 1469 σοῦ
1342 1412 1615 1487 βοήθειαν
1648 1410 1837 1480 διαφόο

267 1529 376 1582 ρως
429 1512 539 1581 γὰρ
593 1514 733 1583 πρὸς
785 1511 879 1564 τὸν
927 1509 1150 1582 Πατέρα
1201 1506 1644 1579 προσευχόμενον
1673 1505 1835 1559 αὐτὸν

260 1602 520 1672 δηλοῦσιν
552 1602 603 1655 οἱ
638 1600 1047 1671 εὐαγγελισταί.

329 1695 438 1749 Kal
461 1695 669 1749 ἔθεντο
687 1696 815 1749 κατ’
842 1692 990 1763 ἐμοῦ
1013 1690 1167 1747 κακὰ
1188 1692 1319 1746 ἀντὶ
1351 1690 1610 1761 ἀγαθῶν.
1629 1688 1805 1758 Εἰργά
1819 1716 1834 1727 ο

258 1801 424 1838 σαντο
452 1784 576 1838 κατ’
604 1785 739 1855 ἐμοῦ
766 1784 937 1851 κακὰ,
977 1784 1096 1837 ἀνθ’
1117 1777 1191 1837 ὧν
1215 1781 1692 1853 εὐηργετήϐησαν.

333 1961 438 2015 Kal
474 1961 658 2031 μῖσος
677 1961 812 2016 ἀντὶ
843 1963 953 2031 τῆς
983 1962 1345 2034 ἀγαπήσεώς
1367 1980 1508 2032 μου.
1551 1962 1695 2014 Ἀντὶ
1740 1959 1836 2028 τῆς

260 2056 512 2125 ἀγάπης,
539 2054 609 2126 ἢν
639 2054 873 2126 ἠγάπων
899 2055 1120 2118 αὐτούς.

328 2144 729 2211 Κατὰστησον
741 2144 833 2198 ἐπ’
847 2144 1041 2199 αὐτὸν
1065 2145 1436 2214 ἁμαρτωλόν.
1451 2144 1524 2198 Τὸ
1546 2143 1838 2210 κατάστη-

259 2252 380 2290 σον
434 2237 531 2290 καὶ
582 2236 651 2307 τᾲ
690 2237 843 2308 ἑξῆς,
893 2238 1274 2310 προστακτικά
1321 2255 1383 2291 τε
1431 2239 1527 2292 καὶ
1588 2237 1837 2298 εὐκτικὰ,

257 2330 447 2398 ἔχουσι
482 2328 583 2399 μὲν
616 2328 803 2400 σχῆμα
830 2330 1094 2395 τοιοῦτον,
1133 2328 1411 2399 σημασίαν
1437 2328 1494 2381 δὲ
1526 2328 1834 2397 μέλλοντος.

258 2420 382 2473 ἀντὶ
408 2420 503 2473 τοῦ
522 2421 996 2487 Καταστήσεται,
1026 2423 1117 2475 καὶ
1148 2421 1462 2488 στήσεται,
1484 2420 1579 2473 καὶ
1598 2419 1839 2485 ἐξελεύ-

258 2529 455 2574 σεται,
492 2513 587 2565 καὶ
615 2513 683 2565 τὰ
732 2513 980 2567 τοιαῦτα.
1015 2514 1210 2578 Τάξον,
1236 2514 1405 2585 φησὶν
1446 2514 1540 2566 ἐπὶ
1564 2512 1663 2584 τὴν
1708 2513 1839 2565 Ἰου-

257 2602 418 2656 δαίαν
436 2603 530 2656 τὸν
550 2603 819 2657 διάϐολον.
838 2602 1107 2672 Εῐσῆλθε
1119 2605 1249 2676 γὰρ,
1278 2605 1464 2675 φησὶν,
1489 2607 1578 2668 εὶς
1596 2602 1784 2658 αὐτὸν
1807 2605 1839 2657 ὀ

258 2690 558 2759 Σατανᾶς.
606 2693 681 2747 Τὸ
719 2693 775 2747 δὲ
806 2696 1224 2759 Κατάστησον,
1262 2695 1384 2747 ἀντὶ
1411 2693 1506 2747 τοῦ
1557 2693 1838 2762 Παραχώ-

253 2803 457 2853 ρησον
510 2786 899 2855 καταστῆναι,
949 2787 1173 2840 κατὰτὸ
1217 2786 1316 2856 τῆς
1354 2787 1578 2856 Γραφῆς
1618 2784 1833 2855 ἰδίωμα,

262 2877 397 2948 περὶ
423 2871 486 2932 οὗ
520 2876 784 2941 πολλάκις
823 2875 1151 2949 εἰρήκαμεν.

329 3051 449 3107 Kal
481 3052 764 3120 διάϐολος
796 3052 997 3121 στήτω
1033 3054 1103 3106 ἐκ
1140 3050 1357 3117 δεξιῶν
1387 3050 1597 3106 αὐτοῦ.
1639 3050 1840 3121 Στήσε-

258 3163 349 3198 ται
377 3147 445 3198 ἐκ
475 3145 666 3210 δεξιῶν
692 3144 879 3211 αὐτοῦ,
910 3140 1211 3210 τουτέστιν,
1243 3143 1658 3214 οίκειωθήσεται
1685 3144 1712 3197 ὁ
1735 3143 1840 3196 Σα-

257 3237 440 3300 τανᾶς
470 3236 640 3306 αὐτῷ.
673 3234 800 3291 Τῶν
850 3236 1069 3290 οἰκείων
1102 3232 1210 3305 γὰρ
1243 3237 1275 3306 ἡ
1312 3234 1465 3299 δεξιὰ
1509 3228 1840 3296 στάσις.Δώ

1936 771 2084 826 mihi.
2143 770 2277 827 Cum
2333 753 2577 843 diligere-
2611 785 2699 828 me
2747 772 3087 836 debuissent,
3137 772 3232 841 qui
3285 771 3507 827 assidue

1934 864 2102 917 verbo
2131 871 2185 919 et
2221 878 2384 933 opere
2416 864 2681 919 beneﬁcia“
2701 864 2756 919 in
2779 880 2876 921 eos
2908 864 3266 929 contuleram,
3295 863 3351 918 hi
3378 877 3508 918 cono

1935 962 2020 1009 tra
2047 954 2369 1011 deridebant
2400 970 2510 1019 me,
2544 955 2914 1021 seductorem,
2965 956 3238 1026 iniquum,
3289 962 3345 1009 et
3399 955 3508 1012 Deo

1935 1046 2310 1103 adversarium
2345 1048 2685 1118 appellantes
2705 1047 2775 1103 τί.

2000 1142 2112 1211 Ego
2141 1151 2317 1196 autem
2341 1140 2580 1195 orabam.
2610 1141 2845 1195 Orabam
2871 1155 2968 1209 pro
2989 1140 3091 1199 eis.
3116 1139 3172 1195 In
3202 1138 3508 1208 Evangeliis

1937 1236 2136 1304 quippe
2175 1222 2321 1289 orari
2375 1233 2545 1303 jussit
2593 1233 2844 1289 Christus
2873 1248 2973 1302 pro
3020 1234 3506 1289 calumniantibus.

1943 1325 2035 1381 Vel
2062 1343 2075 1379 :
2096 1325 2329 1381 Orabam
2351 1326 2614 1381 invocans
2638 1325 2900 1380 auxilium
2919 1334 3097 1380 tuum.
3118 1324 3508 1394 Smpenumero

1910 1419 2080 1489 ,enim
2112 1432 2300 1473 orasse
2328 1431 2453 1472 eum
2480 1417 2544 1471 ad
2573 1416 2814 1485 Patrem,
2848 1417 3047 1474 ibidem
3079 1416 3330 1489 legimus.

2010 1686 2174 1740 Vens.
2206 1687 2258 1743 5.
2297 1686 2369 1741 Et
2396 1698 2683 1758 posuerunt
2712 1689 2989 1745 adversum
3018 1708 3097 1747 me
3125 1692 3269 1747 mala
3297 1708 3392 1762 pro
3419 1690 3513 1747 bo-

1940 1780 2041 1832 nis.
2077 1777 2201 1847 Ipsi,
2243 1780 2441 1849 inquit,
2472 1791 2669 1838 contra
2731 1784 2941 1853 operati
2972 1793 3101 1841 sunt
3130 1786 3182 1839 in
3215 1799 3298 1840 me
3348 1784 3514 1844 mala,

1942 1888 2037 1941 pro
2076 1872 2346 1926 benliciiis
2370 1886 2398 1926 a
2432 1888 2518 1928 me
2559 1874 2610 1929 in
2639 1889 2736 1930 eos
2767 1876 3005 1933 collatis.

2018 1960 2079 2015 Et
2117 1962 2294 2017 odium
2315 1980 2413 2033 pro
2442 1965 2721 2020 dilectione
2752 1983 2886 2022 mea.
2922 1967 3027 2023 Pro
3062 1968 3376 2032 dilectione,
3411 1983 3515 2036 qua

1871 2034 1911 2087 Β
1941 2071 2037 2111 eos
2068 2071 2263 2125 proseq
2274 2058 2464 2112 uehar.

2014 2146 2181 2203 Vens.
2215 2148 2268 2203 6.
2289 2146 2561 2205 Constitue
2581 2165 2736 2218 super
2760 2167 2875 2205 eum
2897 2159 3245 2219 peccatorem.
3273 2151 3513 2206 Verbum

1941 2237 2306 2300 Constitue,et
2326 2238 2429 2293 alia
2458 2240 2623 2294 verba
2654 2240 2986 2310 impetrativi
3017 2249 3071 2294 et
3095 2238 3321 2309 optativi
3342 2240 3513 2301 modi,

1942 2344 2062 2398 quae
2086 2339 2411 2399 sequuntur.
2443 2343 2758 2400 quanquam
2783 2330 2887 2385 sub
2916 2330 3189 2401 ejusmodi
3230 2329 3397 2398 ﬁgura
3432 2335 3512 2381 Io-

1941 2421 2142 2491 quendi
2192 2421 2301 2475 sint
2352 2421 2548 2490 posita,
2601 2420 2802 2477 habent
2842 2430 3024 2475 tamen
3060 2421 3515 2492 signiﬁcationem

1945 2510 2119 2565 futuri
2153 2512 2442 2582 temporis,
2474 2526 2545 2569 ac
2585 2513 2631 2568 si
2669 2512 2901 2568 dixisset
2933 2530 2946 2567 :
2979 2512 3298 2574 Constituet.
3331 2512 3515 2574 stabit,

1941 2603 2127 2665 exibit,
2175 2610 2230 2658 et
2269 2608 2350 2657 sic
2409 2605 2476 2657 de
2508 2603 2742 2673 singulis
2787 2621 2799 2656 :
2836 2602 3142 2672 Constitue,
3176 2605 3372 2675 inquit,
3404 2604 3521 2658 dia-

1942 2693 2124 2749 bolum
2161 2708 2327 2762 super
2367 2690 2561 2747 Judam
2597 2712 2610 2747 :
2639 2694 2858 2747 intravit
2887 2694 3054 2762 enim,
3085 2703 3146 2748 ut
3175 2694 3404 2765 legimus
3464 2696 3517 2747 in

1942 2785 2260 2855 Evangelia,
2280 2785 2335 2837 in
2358 2800 2475 2838 eum
2493 2782 2727 2839 Satanas
2758 2786 2822 2840 τί.
2855 2784 3127 2840 Constitue
3155 2799 3288 2841 vero
3315 2785 3517 2854 posuit,

1944 2893 2041 2946 pro
2063 2876 2320 2931 Permitte
2352 2876 2636 2940 constitui,
2674 2876 2831 2943 juxta
2883 2877 3163 2948 peculiare
3201 2876 3336 2932 illud
3368 2875 3520 2930 Seri-

1945 2982 2116 3040 pturae
2148 2969 2373 3036 idioma,
2405 2969 2472 3022 de
2503 2982 2612 3037 quo
2640 2984 2783 3038 saepe
2813 2968 3073 3023 diximus.

2018 3062 2084 3115 Et
2121 3061 2366 3115 diabolus
2398 3070 2505 3128 stet
2550 3078 2584 3115 a
2624 3061 2856 3115 dexteris
2884 3061 3019 3130 ejus.
3058 3060 3172 3116 lloc
3210 3068 3318 3125 est,
3349 3060 3442 3114 ﬁet
3469 3059 3516 3114 ei

1945 3155 2178 3209 Satanas
2216 3152 2539 3223 familiaris:
2574 3152 2752 3207 solent
2777 3153 2921 3207 enim
2958 3151 3262 3207 familiares
3302 3164 3366 3205 ac
3418 3151 3519 3204 do-

1942 3245 2157 3301 mestici
2190 3245 2422 3315 alicujus
2455 3254 2602 3300 stare
2628 3244 2726 3298 eia
2753 3244 2979 3298 dextris.
3008 3246 3184 3312 Atque
3216 3242 3520 3311 ideojustis

257 3329 361 3381 καὶ
428 3328 481 3381 οἱ
535 3328 737 3383 δίκαιοι
785 3327 939 3399 παρά
965 3327 1041 3397 τῷ
1075 3328 1194 3399 Θεῷ
1223 3327 1326 3397 τῆς
1354 3326 1534 3395 δεξιᾶς
1561 3324 1839 3392 ἀξιοῦνται

1960 3339 2094 3394 Deus
2133 3339 2381 3392 dextram
2409 3337 2688 3408 regionem
2723 3336 2779 3390 in
2817 3335 3001 3390 futuro
3028 3335 3240 3404 judicio
3271 3335 3521 3405 assigna-

260 3420 518 3482 στάσεως
537 3437 550 3451 ·
583 3420 675 3473 καὶ
709 3420 916 3491 ἑτέρως
945 3419 1021 3483 δὲ,
1057 3415 1325 3490 Στήσεται
1357 3419 1419 3471 ὲκ
1443 3416 1632 3481 δεξιῶν
1654 3415 1841 3479 αὑτοῦ,

1960 3432 2046 3486 vit.
2076 3431 2141 3483 Et
2168 3428 2325 3484 aliter
2352 3445 2368 3484 :
2405 3428 2665 3484 Diabolus
2721 3427 2890 3483 stabit
2912 3442 2943 3481 a
2974 3426 3183 3482 dextris
3213 3424 3352 3493 ejus,
3388 3422 3524 3478 dex-

260 3509 529 3562 τουτέστι
564 3507 744 3574 δεξιὰς
783 3509 1010 3579 πράξεις
1060 3508 1361 3563 ἀποτελῶν.
1389 3508 1453 3561 El
1493 3507 1549 3561 δὲ
1582 3507 1677 3561 καὶ
1717 3506 1849 3576 περὶ

272 3599 464 3668 Ἰησοῦ
488 3599 581 3652 τοῦ
615 3596 858 3671 μεγάλου
893 3599 1199 3670 ἀρχιερέως
1246 3599 1585 3670 γέγραπται,
1634 3599 1715 3652 ὅτι
1756 3599 1849 3651 καὶ

260 3696 295 3749 ὁ
323 3690 612 3760 διάϐολος
657 3690 922 3761 εἱστήκει
974 3691 1044 3748 ἐκ
1075 3692 1290 3755 δεξιῶν
1314 3691 1502 3748 αὐτοῦ
1524 3706 1536 3718 ·
1567 3688 1682 3745 ἀλλ’
1732 3690 1852 3744 ἐκεῖ

264 3786 570 3855 πρόκειται
620 3786 703 3840 ὅτι
754 3787 847 3839 τοῦ
884 3786 1203 3856 ἀντιστῆναι
1250 3784 1398 3857 αῦτῷ
1432 3805 1446 3819 ο
1475 3785 1605 3859 ἔστη
1651 3783 1758 3858 γὰρ
1783 3786 1848 3839 ἐκ

260 3877 385 3928 τῶν
436 3873 631 3939 δεξιῶν
700 3875 866 3930 αὑτοῦ
929 3879 1240 3950 μαχόμενος
1289 3878 1409 3943 ταῖς
1450 3871 1649 3944 δεξιαῖς
1682 3876 1847 3931 αὐτοῦ

262 3966 565 4038 πράξεσιν.

341 4148 456 4203 Ἐν
484 4148 563 4215 τῷ
599 4150 909 4218 κρίνεσθαι
961 4151 1169 4219 αὐτὸν,
1196 4153 1432 4217 ἐξέλθοι
1458 4151 1848 4208 καταδεδικα-

259 4242 522 4311 σμένος.
605 4242 693 4296 Ἐν
740 4243 819 4314 τῷ
870 4245 1156 4315 κρίνεσθαι
1211 4246 1373 4299 αὐτὸν
1430 4243 1536 4298 ὑπὸ
1567 4245 1661 4299 τοῦ
1717 4245 1846 4300 ίδίου

265 4336 606 4400 συνειδότος,
650 4336 997 4401 ἐξελεύσεται
1049 4339 1157 4392 ἀπὸ
1213 4338 1305 4392 τοῦ
1364 4338 1639 4410 συνεδρίου
1679 4356 1848 4393 κατα-

263 4426 648 4496 κεκριμένοςὀ
689 4428 785 4482 καὶ
819 4430 1262 4501 Μεταμεληθείς
1302 4432 1432 4503 γὰρ,
1469 4435 1653 4501 φησιν,
1704 4432 1850 4488 ἀπέ-

256 4521 508 4587 στρεψε
556 4520 627 4575 τὰ
684 4522 1000 4589 τριάκοντα
1065 4525 1313 4592 ἀργύρια
1351 4524 1476 4588 τοῖς
1507 4524 1850 4595 ἀρχιερεῦσι

1953 3534 2065 3578 tras
2092 3522 2240 3576 illius
2272 3520 2621 3592 operationes
2672 3520 2917 3590 rapiens.
2971 3518 3126 3587 Quod
3160 3517 3207 3574 si
3255 3516 3397 3587 apud
3423 3516 3525 3569 Za-

1950 3615 2193 3669 chariam
2277 3614 2600 3684 prophetam
2647 3614 2912 3683 scriptum
2981 3612 3214 3682 legimus
3266 3611 3335 3666 de
3394 3608 3522 3665 Jesn

1950 3689 2145 3777 Magno
2206 3704 2488 3774 pontiﬁce,
2545 3704 2691 3774 quod
2754 3703 2997 3757 diabolus
3051 3702 3257 3756 steterit
3311 3717 3343 3752 a
3390 3698 3524 3752 dea:-

1950 3794 2048 3849 tris
2080 3792 2192 3864 ejus
2225 3792 2293 3861 ",
2325 3790 2878 3849 animadvertendum
2925 3799 3030 3854 est,
3066 3790 3178 3846 illic
3227 3788 3353 3844 addi
3389 3803 3525 3839 cau-

1950 3903 2089 3951 sam,
2141 3895 2200 3942 ut
2255 3886 2641 3943 adversaretur
2697 3887 2775 3941 ei.
2834 3885 2995 3940 Stetit
3053 3885 3196 3938 enim
3244 3899 3273 3937 a
3320 3883 3526 3937 dextris

1949 3978 2115 4048 ejus,
2160 3987 2219 4032 ut
2256 3978 2422 4044 bona,
2457 3993 2520 4033 ac
2568 3977 2790 4033 dextera
2845 3976 2991 4031 illius
3040 3990 3205 4045 opera
3240 3974 3527 4044 impugna-

1951 4079 2057 4124 ret.

2022 4160 2189 4217 Vens.
2220 4162 2274 4215 7.
2311 4161 2443 4216 Cum
2461 4159 2753 4229 judicetur,
2782 4166 2934 4213 exeat
2961 4156 3358 4212 eandemnatus.
3390 4146 3525 4210 cum

1956 4270 1987 4310 a
2014 4270 2199 4310 morsu
2252 4253 2490 4322 promite
2525 4251 2877 4307 conscientia:
2910 4248 3310 4303 condemnatus
3343 4246 3527 4303 fuerit.

1949 4346 2123 4402 exibit
2158 4347 2225 4400 de
2253 4342 2561 4399 Iudaeorum
2597 4339 2833 4395 concilio
2862 4339 3251 4393 condemnatus
3295 4355 3309 4390 :
3354 4335 3530 4389 Paeni-

1955 4441 2117 4494 tentia
2150 4438 2294 4494 enim
2318 4436 2505 4489 ductus
2571 4432 2750 4487 retulit
2804 4431 3020 4500 triginta
3063 4440 3336 4499 argenteos
3383 4431 3531 4498 prin-

1951 4533 2149 4599 cipibus
2169 4529 2525 4591 sacerdotum,
2564 4534 2618 4580 et
2645 4523 2979 4585 senioribus,
3016 4521 3208 4577 dicens
3251 4538 3265 4575 :
3309 4520 3529 4574 Peccavi

260 4611 368 4664 καὶ
396 4611 512 4670 τοῖς
545 4602 957 4682 πρεσϐυτέροις,
991 4614 1191 4681 λέγων·
1226 4615 1522 4685 ’Ἥμαρτον
1543 4615 1841 4683 παραδοὺς

1960 4622 2166 4676 tradens
2200 4620 2511 4689 sanguinem
2545 4618 2897 4680 innocentem.
2929 4613 3020 4666 Illi
3048 4625 3222 4667 autem
3254 4612 3528 4673 dixerunt,

260 4700 423 4771 αἷμα
469 4701 684 4757 ἀθῶον.
742 4707 807 4757 οι
854 4704 922 4781 δὲ
975 4701 1148 4759 εἷπον
1177 4722 1190 4738 ·
1227 4707 1288 4760 Τί
1319 4707 1470 4775 πρὸς
1518 4704 1719 4776 nmio;
1766 4707 1841 4762 σὺ

1960 4711 2099 4778 Quid
2120 4709 2188 4764 ad
2210 4707 2340 4763 nos?
2374 4717 2429 4760 tu
2448 4704 2641 4760 videbis
2661 4703 2730 4759 ⁷⁸.
2760 4705 2802 4758 Δ
2831 4703 3015 4773 seipso
3056 4690 3239 4771 itaque
3273 4709 3435 4770 atque
3467 4701 3536 4753 ab

262 4796 418 4863 ὄψει
441 4809 456 4823 ·
482 4794 573 4864 ὑφ’
602 4796 798 4849 ἑαυτοῦ
845 4796 955 4867 γὰρ
987 4785 1311 4869 κατεκρίθη,
1346 4800 1440 4853 καὶ
1460 4799 1553 4852 ὑπ’
1581 4798 1809 4853 ἐκείνων
1833 4816 1841 4830 ·

1960 4803 2069 4858 illis
2098 4801 2300 4872 pariter
2321 4788 2717 4855 condemnatus
2743 4808 2857 4853 eat:
2886 4793 3371 4851 contlemnantiutn
3389 4793 3531 4848 enim

262 4884 679 4953 καταγνώσεως
698 4886 807 4959 γὰρ
832 4889 914 4953 τὸ,
943 4888 1027 4942 Σὺ
1057 4888 1215 4963 ὄψει.

1963 4894 2123 4949 verba
2149 4899 2314 4948 sunt:
2356 4886 2434 4944 Tu
2474 4889 2695 4945 videbis.

341 4978 461 5032 Kal
492 4980 529 5047 ἠ
552 4980 867 5051 προσευχὴ
897 4980 1083 5035 αὐτοῦ
1114 4983 1378 5050 γενέσθω
1418 4983 1508 5051 εἰς
1536 4978 1841 5053 ἁμαρτίαν

2036 4983 2105 5037 Et
2138 4983 2311 5037 oratio
2356 4981 2472 5051 ejus
2498 4981 2597 5051 ﬁat
2646 4981 2702 5034 in
2735 4995 2987 5036 errorem.
3031 4980 3283 5043 Aberret,
3335 4975 3532 5045 inquit.

266 5062 376 5129 Εἰς
391 5070 718 5141 ἀποτυχίαν.
743 5071 873 5125 ’Ὀτε
898 5074 1004 5144 γὰρ
1027 5073 1291 5127 ἀπέκλινε
1322 5073 1455 5144 πρὸς
1480 5074 1607 5137 τοὺς
1633 5073 1841 5144 ἐχθροὺς

1967 5077 2089 5148 ejus
2123 5076 2303 5133 oratio
2362 5085 2416 5131 et
2472 5091 2582 5130 non
2650 5083 3039 5145 consequatur,
3088 5070 3230 5142 quod
3274 5067 3531 5141 postulat.

261 5162 372 5217 τοῦ
409 5163 667 5240 Χριστοῦ,
695 5164 1033 5235 προσηύχετο
1059 5167 1173 5236 μετ’
1203 5166 1382 5220 αὐτῶν
1412 5160 1839 5236 ὲξολοθρευθῆνα

1968 5167 2205 5239 Optabat
2236 5167 2380 5224 enim
2407 5164 2603 5233 Iudas,
2636 5169 2889 5236 votisque
2923 5180 2986 5219 ac
3010 5152 3265 5234 precibus
3299 5162 3415 5231 ipse
3441 5173 3534 5230 pa-

263 5258 370 5310 καὶ
395 5254 490 5308 τὸν
511 5255 765 5325 Χριστὸν,
791 5257 888 5310 καὶ
913 5257 974 5311 τδ
999 5246 1347 5329 μνημόσυνον
1374 5259 1543 5313 αὐτοῦ
1569 5275 1583 5290 ·
1607 5259 1641 5329 ἢ
1672 5258 1841 5320 ἅπλῶς

1969 5260 2122 5323 riter,
2154 5274 2218 5314 ac
2240 5259 2445 5313 Christi
2483 5254 2716 5323 inimici,
2744 5255 2947 5325 quibus
2977 5269 3036 5309 se
3063 5255 3446 5323 conjunxerat,
3480 5248 3531 5302 id

264 5347 647 5414 ἀποτεύξεται
692 5343 768 5403 ὧν
806 5350 967 5413 αἰτεῖ,
997 5350 1087 5403 διὰ
1129 5350 1230 5421 τὴν
1267 5351 1602 5423 δυστροπίαν
1654 5349 1836 5404 αὐτῶν

1968 5366 2138 5405 unum
2192 5345 2469 5420 petebant,
2532 5357 2593 5400 ut
2648 5345 3108 5401 exterminaretur
3168 5342 3444 5403 Christus,
3481 5347 3534 5393 et

258 5450 405 5520 ejus
428 5447 687 5504 memoria
703 5436 1201 5507 delereturJnanis
1222 5450 1390 5521 igitur
1422 5448 1855 5520 fuithujusmodi
1894 5466 2083 5506 eorum
2116 5453 2315 5513 oratio,
2348 5455 2403 5506 et
2445 5457 2650 5504 votum.
2681 5441 2799 5506 Vel,
2829 5439 3169 5511 generaliter
3221 5438 3388 5492 etiam
3451 5436 3538 5492 di-

266 5547 383 5608 cit,
418 5534 571 5613 qno'd
605 5543 785 5598 omnis
812 5538 934 5613 ejus
963 5544 1144 5599 oratio
1197 5543 1492 5608 aberrabit,
1526 5542 1674 5614 quod
1726 5558 1835 5598 non
1868 5540 2085 5600 fruetur
2125 5544 2328 5616 aptatis
2352 5541 2540 5606 rebus,
2573 5538 2644 5594 ob
2689 5546 2888 5606 pravos
2937 5545 3002 5586 ac
3067 5543 3359 5602 perversos
3431 5527 3539 5586 sci-

266 5639 418 5695 licet
448 5640 566 5707 cjus
604 5651 805 5692 mores.

350 5733 806 5802 Γενηθήτωσαν
817 5736 877 5789 al
899 5733 1107 5805 ἡμέραι
1130 5735 1317 5790 αὑτοῦ
1338 5734 1556 5804 ὀλίγαι.
1585 5735 1859 5806 Τελευτή-

269 5845 370 5883 σει
400 5812 632 5896 τακέὼς.
655 5826 809 5881 Μετά
834 5825 942 5898 γὰρ
960 5826 1059 5899 τὴν
1085 5825 1378 5897 προδοσίαν
1392 5825 1574 5896 ὀλίγον
1594 5812 1857 5898 ἐπέζησε,

270 5925 389 5981 καὶ
421 5920 584 5985 εὐθὺς
614 5921 921 5993 ἀπήγξατο.

364 6037 414 6069 ⁷³
462 6033 655 6091 Matth.
690 6053 741 6105 ν,
775 6036 866 6093 ﬂ.
940 6034 988 6068 "
1040 6032 1201 6092 Joan.
1249 6050 1368 6090 xm.
1422 6033 1513 6092 Ἦ.
1591 6033 1643 6107 ⁷⁸,
1675 6029 1841 6087 Zaclt:

1970 6043 2049 6094 ιιι,
2091 6028 2142 6081 ι.
2218 6028 2264 6059 ⁷⁵
2287 6025 2482 6081 Matth.
2536 6036 2706 6088 χχιιι,
2746 6018 2802 6088 3,
2840 6019 2893 6073 6.

2036 5729 2203 5785 Vens.
2225 5729 2290 5787 -8.
2323 5724 2621 5801 Fiantdies
2642 5723 2760 5793 ejus
2782 5720 2959 5799 pauci.
2993 5710 3111 5774 Cito
3129 5700 3252 5789 post
3271 5712 3538 5786 proditio-

1967 5837 2092 5878 nem
2128 5821 2417 5876 morietur.
2456 5816 2672 5891 Modico
2699 5805 2847 5870 enim
2900 5819 3154 5881 tempore
3203 5805 3531 5879 supervixit.

1968 5928 2093 5967 cum
2130 5911 2291 5983 paulo
2317 5917 2442 5981 post
2478 5904 2781 5965 suffocatus
2804 5903 2893 5961 sit.
