3898 6546
156 505 283 568 1035

1292 501 1557 565 COMME
1567 504 1684 565 NT.
1718 504 1803 564 IN
1843 502 2201 565 PSALMOS.

3253 498 3390 565 1086

150 611 401 684 ρανοῖς,ῆ
439 609 505 664 ἐκ
544 610 705 675 Σιὼν,
749 609 849 681 τῆς
878 612 936 664 ὲν
989 611 1409 684 Ἰεροσολύμοις.
1458 615 1695 669 Ἐκεῖθεν

1807 630 1868 669 ex
1898 614 2113 669 cmlesti
2150 612 2282 668 Sion
2304 651 2318 675 ,
2350 611 2432 666 vel
2464 625 2529 667 ex
2564 609 2720 673 Sion,
2769 623 2888 679 qua:
2916 618 3036 666 erat
3067 609 3390 682 llierosoly-

147 707 244 777 γὰρ
282 703 484 775 ἤρξατο
511 705 606 758 καὶ
631 705 798 776 ἡτῶν
829 708 1273 778 κατορθωμάτων
1325 708 1579 780 δύναμις,
1612 711 1706 765 καὶ

147 800 175 868 ἡ
198 799 286 853 τοῦ
315 798 677 869 κηρύγματος
704 816 718 831 ·
757 801 981 875 νοηθείη
1008 801 1052 853 δ’
1083 803 1148 855 ἂν
1175 802 1369 873 ῥάϐδος
1393 803 1703 872 δυνάμεως,

147 894 230 945 καὶ
284 894 311 945 ό
344 893 599 962 σταυρός.
655 891 722 944 Τί
767 892 876 964 γάρ
907 893 1304 964 δυνατώτερον,
1337 894 1512 958 οὕτως
1549 894 1705 964 εὐχε-

146 983 246 1054 ρῶς
266 985 636 1055 τρυπωμένου
657 985 786 1048 τοὺς
820 984 1055 1054 ἐχθρούς
1082 1003 1097 1050 ;

203 1244 305 1297 Kal
369 1245 767 1312 κατακυρίευε
814 1243 886 1298 ὲν
921 1244 1092 1311 μέσῳ
1140 1244 1259 1299 τῶν
1284 1244 1513 1315 ἐχθρῶν
1561 1261 1702 1303 σου.

150 1334 492 1387 Ὕποτάττων
537 1335 761 1400 αὐτοὺς,
826 1336 926 1388 καὶ
980 1337 1450 1404 κατεξουσιάζων,
1500 1339 1595 1393 καὶ
1634 1344 1700 1411 τῇ

139 1423 324 1492 ζεύγλῃ
353 1424 465 1478 τῶν
498 1424 880 1493 εὐαγγελικῶν
920 1443 1013 1479 σου
1038 1428 1219 1499 νόμων
1243 1429 1492 1497 ὑπάγων.
1530 1431 1702 1485 Τοῦτο

138 1512 233 1581 γὰρ
263 1509 328 1582 ἦν
353 1514 417 1565 τὸ
440 1515 767 1584 παράδοξον,
828 1517 911 1570 δτι
939 1518 1102 1589 μέσον
1149 1520 1262 1573 τῶν
1291 1521 1503 1592 ἐχθρῶν
1578 1525 1700 1575 ἐνα-

136 1605 491 1677 πειλήμμενοι
518 1609 867 1679 πανταχόθεν
887 1612 936 1665 οἱ
967 1612 1259 1666 ἀπόστολοι
1291 1616 1697 1684 περιεγένοντο,

136 1699 220 1749 καὶ
261 1698 361 1769 οὐχ
410 1699 601 1765 ἁπλῶς
660 1701 930 1772 ἐκράτουν
964 1744 981 1769 ,
1039 1704 1156 1757 ἀλλ’
1220 1706 1699 1777 ὲπιτατικωτέρως

138 1792 392 1863 ἰκράτουν
417 1793 556 1865 (24).

194 1976 353 2032 Μετὰ
374 1977 492 2033 σοῦ
510 1978 567 2047 ἡ.
584 1979 766 2048 ἀρχὴ,
789 1979 1056 2050 ἐνήμέρᾳ
1082 1982 1194 2051 τῆς
1218 1982 1530 2053 δυνάμεώς
1555 1968 1690 2039 σού.
1731 1946 1773 2002 θ

145 2068 221 2120 Ἐν
250 2071 437 2141 ἡμέρᾳ
454 2071 543 2124 ὅτε
571 2074 603 2141 ἡ
633 2073 866 2142 δύναμίς
920 2091 1015 2127 σου
1058 2075 1358 2141 δείκνυται,
1402 2078 1524 2129 τότε
1559 2080 1698 2147 μετὰ

137 2159 218 2212 σοῦ
250 2161 345 2212 καὶ
374 2163 406 2223 ἡ
440 2161 584 2231 ἀρχή
612 2178 627 2192 ·
659 2150 962 2227 τουτέστιν,
994 2165 1056 2227 ἐν
1086 2166 1225 2234 σοὶή
1261 2165 1534 2235 βασιλεία,
1595 2168 1697 2220 οὐκ

135 2248 316 2312 ἔξωθεν
338 2253 724 2322 ὲπιγινομένη,
749 2254 865 2307 ἀλλ’
916 2254 1121 2309 ἐνοῦσα
1149 2259 1216 2328 τῇ
1245 2257 1406 2324 φύσει
1437 2259 1537 2328 τῆς
1581 2258 1698 2311 θεό-

133 2340 274 2411 τητός
305 2358 404 2394 σου
424 2360 442 2377 ι
482 2345 568 2415 εἴη
599 2344 645 2397 δ’
681 2346 745 2398 ἂν
769 2346 952 2415 ἀρχὴ,
973 2347 1070 2399 καὶ
1092 2350 1120 2400 ὁ
1150 2348 1278 2412 Υἱὸς
1306 2348 1400 2401 τοῦ
1435 2348 1594 2413 Θεοῦ,
1621 2351 1694 2413 ὡς

132 2434 284 2497 αἴτιος
336 2435 592 2500 πάντων,
654 2438 774 2507 ἤτοι
835 2440 1203 2511 Δημιουργδς,
1271 2442 1329 2505 ὃς
1382 2444 1497 2496 ἐστι
1559 2443 1698 2510 μετά

131 2525 213 2579 τοῦ
244 2527 493 2600 Πατρόςο
562 2529 755 2601 ἡμέρα
783 2530 841 2583 δὲ
877 2530 1210 2600 δυνάμεως,
1258 2534 1293 2603 ἡ
1318 2534 1417 2603 τῆς
1470 2534 1698 2603 πρώτης

132 2620 277 2673 αὐτοῦ
312 2625 646 2692 παρουσίας,
676 2627 771 2678 καὶ
800 2624 910 2677 τῶν
947 2624 1195 2697 ἀπείρων
1222 2623 1522 2694 θαυμάτων
1548 2640 1562 2655 ο
1592 2626 1625 2695 ἢ
1662 2627 1695 2697 ἡ

130 2709 214 2778 τῆς
236 2710 499 2783 δευτέρας
529 2716 624 2767 καὶ
649 2716 749 2785 τῆς
776 2716 1016 2788 ἐσχάτης
1056 2717 1383 2786 σάλπιγγος,
1420 2716 1518 2785 τῆς
1575 2718 1697 2771 ἀνι-

134 2801 334 2872 στώεης
363 2805 490 2867 τοὺς
523 2806 777 2877 νεκρούς.

197 3080 298 3133 Ἐν
351 3077 481 3144 ταῖς
535 3077 919 3148 λαμπρότησι
968 3075 1088 3130 τῶν
1137 3076 1324 3145 ἁγίων
1370 3089 1509 3135 σου.
1564 3074 1696 3131 Ὀτε

128 3170 407 3241 λάμψωσιν
456 3169 508 3223 οἱ
560 3168 709 3238 ἆγιοί
754 3186 871 3224 σου.
914 3168 979 3222 Τί
1025 3168 1135 3237 γὰρ
1177 3168 1560 3239 λαμπρότερον
1587 3169 1714 3228 τῶν,

128 3262 430 3315 ἀποστόλων
452 3277 469 3326 ;
506 3260 556 3314 οἳ
588 3261 945 3329 περιέτρεχον
966 3257 1065 3327 τὴν
1087 3257 1422 3328 οἰκουμένην
1445 3258 1696 3328 λάμπονο
1723 3288 1769 3349 c

128 3371 226 3418 τες,
247 3356 324 3418 ὡς
355 3356 385 3408 ό
414 3354 567 3424 ἣλιος
597 3355 720 3416 ταῖς
766 3352 877 3406 τῶν
916 3350 1134 3419 ἀρετῶν
1157 3351 1375 3404 ἀκτῖσιν
1402 3367 1418 3381 ⁸
1455 3351 1504 3404 εἰ
1523 3350 1581 3404 δὲ
1604 3352 1694 3404 ὲν-

127 3447 287 3500 ταῦθα
316 3445 578 3509 τοιοῦτοι,
611 3444 849 3499 ποταποὶ
887 3445 946 3497 ὲν
967 3446 1033 3515 τῇ
1071 3442 1373 3497 ἀναστάσει
1428 3443 1648 3497 ἔσονται
1674 3482 1691 3504 ,

128 3542 206 3594 ὅτε
241 3544 304 3595 Οἱ
355 3540 574 3594 δίκαιοι
599 3540 680 3604 ὡς
702 3540 735 3593 ό
765 3538 941 3606 ἥλιος
1004 3537 1341 3605 mimi-ovat,
1400 3538 1545 3590 κατὰ
1592 3535 1694 3607 τὴν

129 3634 297 3703 φωνὴν
358 3630 602 3701 κυρίους
633 3631 699 3685 Εἰ
737 3646 795 3682 τε
846 3628 953 3699 γὰρ
1011 3628 1105 3682 ἐπὶ
1163 3629 1265 3698 τῆς
1309 3627 1693 3700 παρελθούσης

126 3725 351 3794 ἡμέρας,
397 3722 510 3775 εἴτε
552 3722 649 3775 επὶ
670 3725 770 3792 τῆς
802 3720 1132 3791 μελλούσης,
1161 3720 1238 3783 ὡς
1273 3720 1493 3791 εἴρηται
1532 3719 1694 3773 τοῦτο

127 3818 345 3885 νοήσεις,
379 3817 476 3884 οὐχ
506 3812 872 3883 ἀμαρτήσεις.

197 3994 288 4048 Ἐκ
359 3990 619 4059 γαστρὸς
668 3989 783 4058 τιρό
822 3988 1135 4057 ἑωσφόρον
1166 3986 1472 4057 ἐγέννησά
1497 4004 1594 4042 σε.
1618 3991 1692 4043 Τὸ

130 4082 239 4148 μὲν,
272 4080 476 4136 Κάθου
510 4080 581 4133 ἐκ
620 4078 838 4143 δεξιῶν
868 4096 1010 4147 μου,
1042 4080 1138 4132 κα)⁴
1167 4078 1248 4142 τὸ,
1288 4080 1391 4132 Ἐκ
1431 4080 1693 4147 γαστρὸς

127 4176 224 4244 πρὸ
246 4173 564 4242 ἑωσφόρον
585 4171 888 4239 ἐγέννησά
915 4186 1009 4235 σε,
1036 4168 1318 4239 προσώπῳ
1347 4171 1439 4223 τοῦ
1481 4172 1691 4242 Πατρὸς

126 4267 327 4337 εἴρηται
348 4264 484 4336 πρὸς
509 4264 601 4316 τὸν
621 4263 751 4317 Υἰόν
766 4280 784 4298 υ
803 4263 863 4317 τὸ
886 4264 964 4326 δὲ,
979 4264 1224 4317 Ῥάϐδον
1240 4263 1575 4335 δυνάμεως,
1596 4265 1692 4318 καὶ

126 4358 178 4407 τὸ
205 4356 366 4410 Μετὰ
398 4353 516 4410 σοῦ
542 4354 580 4421 ἡ
610 4354 788 4422 ἀρχὴ,
827 4353 1104 4425 προσώπῳ
1130 4353 1225 4407 τοῦ
1252 4356 1555 4423 προφήτου.
1583 4357 1691 4409 Καὶ

128 4442 179 4494 τὸ
203 4443 298 4512 μὲν
324 4445 430 4496 Ἐκ
465 4442 823 4511 ταστρὸς,’,τὸ
837 4445 1057 4512 γνήσιον
1077 4443 1228 4510 δηλοί
1244 4444 1687 4514 τῆςγεννήσεως,

124 4535 208 4586 καὶ
227 4535 287 4587 τὸ
312 4534 516 4586 ταύτὸν
543 4534 643 4601 τῆς
663 4533 873 4596 οὐσίας.
905 4534 984 4587 Ta
1008 4536 1208 4604 γνήσια
1232 4535 1341 4605 γὰρ
1370 4539 1691 4606 γεννήματα

1809 705 1936 759 mis.
1984 703 2142 758 Illinc
2183 706 2330 758 enim
2368 700 2606 771 polentia
2642 700 3050 769 operationum,
3086 710 3140 755 et
3184 704 3383 771 praedi-

1806 797 2046 869 cationis
2087 796 2316 861 Christi,
2375 796 2709 867 principium
2764 796 3018 864 sumpsit.
3068 795 3383 862 Intelligere

1806 888 1970 943 etiam
2026 904 2345 958 possumus,
2403 903 2499 958 per
2554 887 2764 956 virgam
2820 886 3067 948 virtutis,
3127 893 3378 940 sanctam

1807 995 2025 1034 crucem
2067 980 2296 1034 Christi.
2333 978 2473 1044 Quid
2536 977 2682 1033 enim
2714 991 2779 1032 ea
2811 977 3089 1046 potentius
3122 986 3225 1033 est.
3284 984 3381 1028 aut

1804 1071 2100 1130 efﬁcacius.
2128 1086 2253 1125 cum
2288 1080 2395 1124 tam
2422 1069 2579 1124 facile
2607 1068 2869 1122 inimicos
2896 1082 3086 1121 omnes
3113 1067 3165 1120 in
3196 1067 3377 1137 fugam

1805 1172 2090 1218 convertat
2111 1163 2135 1214 ?

1876 1254 1946 1308 Et
1981 1255 2257 1310 dominare
2286 1256 2339 1309 in
2374 1254 2544 1308 medio
2570 1254 2907 1310 inimicorum
2937 1260 3167 1306 tuorum.
3204 1252 3259 1304 In
3290 1251 3379 1304 di-

1803 1346 2005 1401 tionem
2037 1353 2199 1415 atque
2243 1346 2296 1400 in
2329 1344 2635 1399 dominium
2680 1351 2807 1397 tuos
2859 1343 3113 1397 inimicos
3141 1342 3383 1410 compel~

1803 1438 1945 1498 lens,
1998 1444 2051 1489 et
2093 1436 2225 1506 jugo
2272 1434 2589 1504 evangeliro
2639 1433 2992 1487 submittens.
3037 1430 3152 1486 Hoc
3193 1439 3372 1484 autem

1805 1542 2019 1583 summa
2049 1526 2414 1581 admiratione
2446 1525 2669 1594 dignum
2703 1523 2827 1588 fuit,
2874 1523 3022 1594 quod
3055 1523 3288 1593 apostoli
3322 1524 3375 1576 in

1803 1619 1982 1673 medio
2016 1617 2364 1671 inimicorum
2413 1614 2728 1677 constituti,
2771 1615 3048 1684 minisque
3091 1628 3153 1668 ac
3182 1630 3377 1684 persc—

1803 1709 2121 1765 cutiouihus
2154 1717 2509 1778 tyrannorum
2554 1705 2794 1773 undique
2835 1704 3090 1775 impetiti,
3122 1719 3226 1758 non
3259 1714 3376 1757 tan—

1806 1813 1917 1856 tum
1962 1801 2179 1855 illorum
2232 1813 2428 1853 manus
2480 1802 2784 1863 evaserint,
2848 1797 2943 1852 sed
3001 1795 3379 1865 potentissime

1803 1894 1967 1947 etiam
2004 1907 2099 1945 eos
2136 1890 2540 1960 superaverint.

1878 1985 2036 2037 Vens.
2073 1984 2126 2038 3.
2160 1981 2349 2036 Tecum
2376 1982 2702 2050 principatus
2724 1980 2780 2034 in
2810 1979 2894 2033 die
2918 1981 3128 2034 virtutis
3158 1989 3282 2034 tmc.
3318 1979 3375 2033 In

1804 2076 1916 2136 illa,
1956 2075 2155 2143 inquit,
2192 2074 2281 2128 die
2314 2071 2539 2143 quando
2570 2074 2742 2125 virtus
2776 2082 2834 2125 et
2897 2071 3138 2140 potentia
3176 2078 3268 2124 tua
3306 2072 3373 2125 il-

1801 2166 2151 2227 lustraliitnr,
2201 2176 2381 2219 tecum
2417 2164 2523 2219 erit
2576 2163 2939 2233 principatus,
2992 2161 3096 2217 hoc
3143 2170 3248 2227 est,
3285 2177 3374 2215 re-

1801 2274 1969 2328 gnum
2002 2269 2168 2334 tuum
2223 2264 2355 2311 tunc
2395 2256 2502 2310 erit
2564 2255 2619 2308 in
2658 2264 2732 2317 te,
2766 2268 2874 2307 non
2916 2252 3135 2307 aliunde
3168 2252 3379 2307 scilicet

1803 2350 2124 2414 adveniens,
2157 2350 2252 2403 sed
2297 2347 2599 2403 divinitatis
2640 2357 2744 2400 tuae
2774 2355 2984 2399 natura:
3023 2346 3373 2413 conjunctm.

1781 2441 1890 2513 ~(Et
1912 2443 2038 2511 quia
2067 2441 2240 2496 dictio
2273 2440 2441 2509 ἀρχή,
2470 2439 2794 2505 principium
2818 2438 3114 2507 signiﬁcat,
3144 2446 3196 2489 et
3230 2438 3378 2504 prin-

1799 2536 2054 2603 cipatum)
2111 2533 2417 2602 intelligere
2472 2546 2791 2603 possumus,
2833 2530 2975 2599 quod
3033 2528 3369 2599 principium

1798 2628 1904 2682 hoc
1955 2627 2007 2679 in
2063 2626 2184 2680 loco
2240 2627 2546 2695 accipiatur
2597 2637 2696 2693 pro
2749 2623 2888 2677 Filio
2942 2620 3061 2686 Dei,
3113 2630 3372 2690 tanquam

1799 2729 1966 2771 causa
1998 2717 2266 2779 omnium,
2295 2715 2424 2784 quia
2453 2713 2617 2769 simul
2650 2721 2736 2766 est
2768 2727 2892 2767 cum
2923 2710 3119 2776 Patre;
3154 2719 3207 2764 et
3231 2709 3376 2778 quod

1799 2808 1918 2862 dies
1967 2806 2189 2861 virtutis
2235 2805 2305 2860 sit
2340 2806 2554 2874 primus
2588 2804 2706 2873 ejus
2736 2803 3028 2864 adventus,
3066 2816 3174 2870 quo
3205 2803 3376 2853 multa

1803 2899 1932 2954 fecit
1970 2899 2234 2952 miracula
2264 2914 2277 2951 ι
2312 2898 2393 2951 vel
2420 2898 2583 2981 etiam
2610 2895 2908 2958 secundus,
2932 2893 3148 2964 quando
3182 2892 3377 2946 ultima

1800 2990 1935 3045 tuba
1971 3001 2219 3043 mortuos
2248 3004 2443 3042 omnes
2479 2988 2788 3041 snsr-itabit.

1870 3081 1936 3134 In
1962 3081 2328 3150 splendoribus
2355 3089 2658 3133 sanctorum
2683 3090 2914 3131 tuorum.
2941 3075 3169 3142 Quando
3192 3074 3377 3145 Splen-

1799 3171 2013 3227 debunt
2048 3172 2227 3227 sancti
2260 3172 2360 3224 tui.
2395 3169 2536 3235 Quid
2572 3168 2719 3223 enim
2764 3168 3030 3237 apostolis
3055 3166 3159 3219 fuit
3196 3166 3380 3234 splen—

1805 3265 2011 3328 didius,
2061 3267 2152 3335 qul
2190 3262 2325 3319 solis
2361 3263 2557 3326 instar,
2592 3268 2763 3315 totum
2796 3259 2980 3313 orbem
3033 3259 3380 3312 circumeun-

1803 3365 1907 3422 tes,
1933 3355 2194 3413 virtutmn
2220 3370 2445 3410 suarum
2472 3352 2643 3407 radiis
2665 3367 2791 3406 eum
2821 3350 3204 3404 illustrarunt?
3224 3347 3375 3415 Quod

1803 3452 1853 3505 si
1882 3450 1937 3503 in
1971 3448 2230 3520 praesenti
2261 3448 2370 3502 vita
2410 3447 2547 3501 adeo
2579 3445 2711 3498 clari
2760 3454 2923 3512 atque
2963 3442 3205 3497 illustres
3257 3441 3379 3496 fue-

1800 3550 1948 3603 rant,
1981 3539 2171 3611 quales
2203 3539 2421 3594 futuros
2478 3553 2574 3593 eos
2604 3551 2726 3592 esse
2773 3533 3108 3589 credendum
3148 3539 3252 3595 est,
3290 3547 3380 3586 re-

1802 3631 2161 3688 surrectionis
2216 3628 2758 3702 temporc,quando,
2823 3626 2978 3695 juxta
3032 3622 3247 3678 Domini
3281 3637 3380 3677 vo-

1801 3740 1942 3790 cem,
2014 3722 2319 3794 Fulgebunt
2352 3722 2482 3789 iusti
2536 3721 2672 3774 sicut
2703 3717 2782 3771 sol
2820 3714 2917 3768 “9?
2957 3713 3081 3768 Sive
3114 3714 3278 3783 igitur
3312 3714 3378 3767 de

1801 3817 1983 3886 primo
2032 3815 2149 3869 sive
2184 3814 2252 3869 de
2308 3811 2550 3868 secundo
2587 3810 2824 3865 adventu
2868 3808 2972 3863 hoc
3010 3807 3374 3870 intellexeris,

1801 3922 1909 3962 non
1945 3906 2181 3961 errabis.

1873 3998 1959 4051 Ea:
1992 4009 2144 4052 utero
2188 4006 2311 4050 ante
2357 3996 2640 4064 luciferum
2688 3997 2843 4066 genui
2890 4006 2959 4047 te.
3003 3991 3173 4046 Verba
3234 3992 3322 4045 illa
3361 4010 3376 4047 :

1802 4089 1935 4145 Sede
1961 4108 1991 4142 a
2018 4090 2223 4145 dextris
2250 4090 2400 4152 meis,
2439 4090 2566 4155 item
2602 4089 2703 4143 ista
2742 4107 2755 4143 :
2795 4087 2875 4142 Ea:
2900 4096 3050 4142 utero
3080 4098 3201 4140 ante
3245 4086 3375 4139 luci—

1800 4183 1968 4251 ferum
2002 4185 2159 4252 genui
2191 4192 2259 4246 te,
2292 4183 2433 4235 dicta
2472 4181 2603 4234 mihi
2648 4195 2773 4235 esse
2808 4182 3081 4240 videntur,
3114 4180 3277 4233 vclnli
3311 4195 3375 4234 ex

1800 4288 2035 4342 persona
2074 4275 2249 4326 Patris
2293 4269 2359 4326 a'd
2392 4272 2616 4325 Filium.
2645 4272 2735 4325 Illa
2773 4286 2900 4325 vero
2929 4289 2941 4323 :
2984 4272 3134 4337 Virga
3164 4272 3375 4324 virtutis

1801 4375 1928 4424 tum,
1952 4365 2078 4417 item
2107 4364 2197 4416 illa
2222 4379 2234 4414 :
2265 4362 2457 4415 Tecum
2477 4362 2800 4429 principatus
2825 4361 2880 4412 in
2908 4361 2992 4412 die
3014 4361 3221 4413 virtutis
3245 4370 3371 4422 tua‘,

1798 4457 1863 4509 ad
1891 4457 2088 4510 Filium
2126 4454 2366 4523 quidem,
2408 4456 2501 4508 sed
2541 4469 2606 4508 ex
2648 4454 2929 4521 Propheta:
2962 4465 3218 4520 persona,
3250 4465 3377 4518 pro-

1799 4548 1949 4601 ferri.
1986 4548 2047 4599 Et
2092 4549 2203 4600 lucc
2238 4548 2455 4614 quidem
2495 4544 2658 4598 verba
2715 4560 2729 4595 :
2759 4543 2844 4596 Ea:
2874 4551 3045 4606 utero,
3091 4556 3273 4594 veram
3310 4556 3373 4594 ac

122 4630 179 4679 ἐκ
210 4627 449 4698 γαστρδς
482 4627 593 4680 τῶν
624 4629 828 4695 γονέων
855 4628 1289 4695 ἀπογεννῶνται.
1340 4631 1412 4682 Τὸ
1445 4630 1523 4693 δὲ,
1565 4633 1687 4700 Πρὸ

1807 4654 2107 4709 germanum
2144 4639 2290 4690 illam
2321 4638 2558 4689 divinam
2587 4634 2996 4703 generationem
3035 4633 3372 4701 significant,

122 4718 447 4789 ἑωσφόρον,
477 4721 539 4772 τὸ
569 4720 677 4788 πρὸ
726 4721 823 4773 τοῦ
860 4720 1115 4788 γενέσθαι
1146 4724 1239 4774 τὸν
1261 4723 1415 4794 ἥλιον
1439 4740 1453 4753 '
1494 4724 1589 4777 καὶ
1633 4727 1693 4775 ὲν

121 4810 191 4881 τῷ
212 4810 290 4863 οα⁹
342 4812 546 4882 ψαλμῷ
573 4829 740 4881 φησιν
766 4830 780 4844 ·
840 4814 962 4881 Πρὸ
986 4813 1093 4868 τοῦ
1122 4815 1304 4880 ἡλίου
1332 4815 1595 4886 διαμένει
1620 4817 1687 4869 τὸ

120 4904 298 4973 ὄνομα
329 4905 397 4956 ai
412 4903 537 4956 τοῦ
560 4905 613 4955 τι
640 4903 768 4968 οὖν;
798 4904 902 4973 πρὸ
922 4905 1013 4957 τοῦ
1034 4904 1186 4974 ἡλίου
1214 4906 1375 4973 μόνον
1395 4907 1686 4974 ἐγέννησεν

121 4994 307 5060 αὐτόν;
342 4993 628 5062 Οὐδαμῶς,
653 4994 777 5047 ἐπεὶ
809 4995 905 5049 καὶ
930 4995 1167 5065 ἀλλαχοῦ
1207 5013 1395 5064 φησιν.
1430 4998 1536 5050 Καὶ
1567 4997 1686 5051 ἀπὸ

118 5084 219 5137 τοῦ
246 5082 465 5150 αἰῶνος
493 5084 606 5150 ἕως
626 5084 733 5139 τοῦ
749 5086 967 5152 αἰῶνος
999 5087 1080 5141 σὺ
1104 5084 1164 5141 εἷ
1189 5108 1197 5118 -
1234 5090 1410 5140 καίτοι
1443 5091 1544 5141 οὐκ
1579 5091 1687 5143 ἀπὸ

120 5175 208 5228 τοῦ
228 5176 431 5238 αἰῶνος
463 5177 648 5247 μόνον,
673 5177 810 5231 ἀλλά
845 5179 940 5231 καὶ
961 5180 1066 5250 πρὸ
1090 5180 1185 5233 τοῦ
1217 5181 1432 5244 αἰῶνος
1463 5182 1558 5234 καὶ
1586 5183 1686 5252 οὐχ

120 5267 217 5325 ἕως
231 5268 327 5321 τοῦ
345 5269 541 5325 αἰῶνος
564 5269 745 5338 μόνον,
767 5270 882 5323 ἀλλ’
905 5272 1229 5341 ἀπέραντος.
1247 5272 1578 5343 Θεοπρεπῶς
1595 5269 1687 5327 οὖν

121 5357 435 5412 τὰτοιαῦτα
488 5358 594 5430 χρὴ
612 5360 885 5431 δέχεσθαι,
939 5362 1035 5415 καὶ
1060 5363 1121 5417 τὸ
1155 5364 1261 5434 πρὸ
1290 5365 1510 5419 πάντων
1543 5369 1685 5418 νοεῖν

120 5450 180 5500 ἐκ
206 5453 412 5502 τούτων
464 5453 562 5505 καὶ
594 5452 655 5505 τὸ
706 5455 1057 5523 πρωιώνιον.
1086 5456 1151 5507 Oi.
1185 5455 1242 5508 δὲ
1271 5456 1520 5517 νοοῦντες
1561 5458 1680 5526 Πρὸ

119 5539 425 5611 ἑωσφόρον
482 5545 583 5614 τὴν
623 5545 796 5599 νύκτα
849 5546 963 5617 (εδ)
1008 5547 1133 5601 καθ’
1185 5549 1254 5621 ἢν
1310 5550 1402 5603 τὸν
1450 5552 1685 5621 Χριστὸν

202 5657 249 5690 ⁸⁸
272 5656 467 5714 Matth.
519 5674 637 5727 xui,
677 5661 770 5716 45.

1793 4741 1956 4799 atquc
1990 4730 2329 4783 identitatem
2369 4729 2715 4783 substantiae.
2752 4726 2888 4781 Vera
2936 4726 3139 4780 ctenim
3191 4726 3374 4794 proles

1793 4827 1859 4879 de
1893 4839 2086 4879 ventre
2108 4833 2393 4892 parentum
2422 4831 2743 4891 generatur.
2777 4820 2869 4874 Illa
2907 4835 3036 4873 vero
3075 4836 3088 4872 :
3124 4819 3259 4871 Ante
3288 4818 3375 4870 lu-

1794 4918 2038 4986 ciferum,
2092 4916 2451 4970 :eternitatem
2509 4913 2710 4967 divina:
2766 4912 2931 4981 hujus
2984 4910 3374 4981 generationis,

1794 5011 1924 5063 dum
1976 5019 2103 5061 ante
2135 5007 2426 5061 luciferum
2480 5020 2601 5060 eam
2661 5005 2832 5059 [uisse
2880 5011 3234 5065 attestantur,
3267 5001 3371 5053 hoc

1795 5109 1899 5163 est,
1948 5108 2243 5168 antequam
2309 5099 2429 5168 ipse
2468 5097 2554 5153 sol
2603 5105 2822 5152 creatus
2877 5102 3024 5148 esset
3074 5109 3088 5146 :
3146 5106 3256 5161 quo
3297 5092 3373 5144 lo-

1792 5191 1996 5260 quendi
2062 5191 2225 5245 modo
2263 5190 2395 5245 alihi
2455 5188 2622 5244 etiam
2662 5186 2933 5254 Propheta
2970 5198 3104 5237 usus
3163 5191 3266 5245 cst,
3316 5183 3369 5235 in

1795 5283 2006 5351 psalmo
2044 5298 2169 5335 LXXI
2203 5280 2393 5334 dicens
2426 5295 2441 5332 :
2477 5278 2611 5333 Ante
2640 5276 2805 5330 solem
2858 5283 3128 5343 permanet
3181 5289 3370 5327 nomen

1795 5373 1948 5442 eius;
1978 5374 2070 5429 sed
2099 5372 2347 5441 nunquid
2386 5370 2525 5423 forte
2555 5368 2661 5421 hoc
2710 5367 2783 5419 ita
2815 5364 3225 5433 intelligendum
3260 5374 3366 5427 est,

1798 5476 1859 5520 ut
1912 5465 2291 5521 tantummodo
2318 5477 2437 5516 enm
2466 5459 2627 5514 Pater
2654 5466 2783 5512 ante
2813 5458 2982 5510 solent
3018 5456 3287 5526 genuerit,
3313 5466 3367 5511 et

1794 5573 1902 5614 non
1937 5558 2135 5613 antea?
2164 5556 2402 5610 Minime.
2436 5550 2571 5605 Nam
2606 5561 2657 5605 et
2698 5548 2826 5603 alihi
2859 5550 2933 5602 ait
2965 5568 2977 5603 :
3011 5550 3049 5601 Α
3094 5549 3286 5603 sa’culo
3315 5560 3364 5604 rt

1445 5755 1650 5819 Varie:
1703 5761 2037 5825 lectiones.

188 5852 314 5934 {9.5).
340 5852 583 5920 Corrige,
621 5857 1084 5934 é_7:tra.tt:ttbtapov
1115 5858 1492 5934 natsupdrouv
1524 5877 1540 5894 ·
1584 5876 1682 5916 ur-

121 5928 204 5988 get
227 5927 372 5977 enim
408 5927 774 5997 compositum
807 5927 1192 6000 κατακρατεῖν.
1228 5927 1516 5988 Munna-1|.

1867 5866 1981 5935 (25)
2011 5867 2088 5919 ita
2122 5865 2276 5922 locus
2307 5863 2399 5918 hic
2421 5862 2733 5935 explicatur
2777 5861 2832 5935 in
2891 5861 3116 5935 scltolio
3151 5862 3360 5935 codicis

1794 5928 2137 6003 Musquensis
2164 5937 2215 5989 iu
2257 5939 2310 5997 8,
2340 5951 2394 5988 ιι.
2425 5928 2566 5990 588:
2601 5933 2726 5986 Ὅτι
2757 5933 2854 6002 μὲν)
2882 5935 2939 5986 ὲν
2972 5933 3131 5986 νυκτὶ
3182 5928 3359 6002 (οὗτος
