3898 6606
466 534 610 613 tos"!
1734 547 2119 610 summu
2164 549 2524 611 ZIGABENI
3593 558 3717 628 1033

463 673 627 729 usque
670 659 739 714 ad
768 657 1018 713 mentum
1075 663 1131 712 tu
1157 671 1212 713 es
1242 656 1311 725 ",
1373 656 1590 715 tametsi
1629 673 1729 714 nec
1761 674 1788 712 a
1845 661 2002 714 szecul

2167 661 2446 732 ἐγέννησεν
2479 663 2511 732 ἡ
2536 659 2833 734 Παρθένος,
2861 664 3079 736 εὐδοκίᾳ
3109 667 3347 737 Πατρὸς,
3409 670 3502 722 καὶ
3533 687 3706 744 συνερ-

465 757 701 816 tantum,
731 753 823 808 sed
857 760 910 806 et
942 761 1068 806 ante
1096 752 1352 806 saeculum
1386 767 1402 806 :
1446 766 1627 821 neque
1654 767 1830 821 usque
1862 752 1918 807 in
1950 768 2004 808 sa

2166 753 2284 823 γεὶᾳ
2314 753 2636 823 Πνεύματος
2661 755 2838 824 ἁγίου,
2867 758 3056 822 κακῶς
3089 757 3196 830 ἄρα
3218 761 3448 815 νοοῦσιν’
3484 763 3585 818 ἔδει
3612 771 3705 837 γὰρ

466 849 649 903 culum
681 853 918 908 tantum,
951 844 1046 897 sed
1099 843 1265 897 etiam
1299 843 1419 898 sine
1467 843 1572 898 ﬁne
1624 855 1748 898 eum
1783 857 1931 908 esse,
1969 843 2003 897 d

2173 845 2433 916 εἰρῆσθαι,
2480 848 2600 916 Πρὸ
2625 849 2946 903 ἀνατολῶν
2980 852 3334 922 ἑωσφόρον,
3377 858 3471 909 καὶ
3504 856 3576 928 μὴ
3613 863 3712 928 Πρὸ

466 940 591 992 vina
646 936 870 990 tradant
931 931 1182 1002 Eloquia.
1240 932 1469 1003 Oportet
1507 935 1676 1004 igitur
1734 936 1900 991 verba
1943 937 2005 990 ha

2170 936 2469 1006 ξωσφόρου
2513 941 2707 1009 μόνον
2739 957 2752 971 ·
2803 941 2890 994 ἀεὶ
2915 943 3024 1014 γὰρ
3063 945 3124 998 τὸ
3157 947 3269 1016 Πρὸ
3317 947 3492 1019 ἡλίου,
3525 949 3709 1014 ἁπλῶς.

464 1033 627 1099 digne
661 1027 771 1082 Deo
799 1026 1128 1094 intelligere,
1160 1035 1326 1095 atque
1358 1026 1490 1080 illud
1516 1027 1871 1092 concludere,
1907 1042 2003 1098 quc

2164 1029 2219 1081 τὸ
2256 1030 2362 1100 πρὸ
2403 1032 2501 1103 τῆς
2564 1033 2852 1102 ὑπάρξεως
2917 1036 3084 1090 αὐτοῦ
3145 1037 3397 1106 βούλεται
3422 1042 3703 1109 σημαίνειν,

467 1135 596 1180 ante
637 1122 844 1184 omnia,
883 1118 1046 1173 etiam
1088 1127 1216 1174 ante
1251 1119 1369 1188 ipsa
1403 1120 1624 1185 stecnla,
1649 1135 1865 1188 semper
1890 1119 2006 1173 fner

2171 1121 2341 1190 ὒσπερ
2373 1124 2468 1175 καὶ
2500 1125 2580 1186 τὸ,
2613 1125 2727 1195 Πρὸ
2748 1126 3011 1197 ἀνατολῆς
3042 1129 3230 1194 αὐτοῦ,
3253 1130 3345 1183 τὸν
3384 1131 3573 1202 ὄρθρον
3597 1133 3710 1202 (26).

467 1219 582 1272 lucc
636 1219 820 1272 divina
854 1216 1157 1288 generatio.
1215 1215 1256 1268 li
1309 1215 1498 1283 itaque
1550 1210 1644 1280 qui
1686 1211 1851 1265 verba
1913 1210 2049 1264 illa:
2092 1212 2226 1266 Ante
2254 1213 2560 1284 luciferum,
2627 1216 2875 1273 referunt
2926 1220 2993 1274 ad
3029 1231 3244 1276 noctem
3299 1239 3406 1294 qua
3489 1224 3713 1278 Christus

464 1310 773 1364 secundum
835 1319 1060 1365 carnem
1095 1317 1286 1362 ratus
1349 1315 1455 1371 est,
1519 1303 1698 1358 Patris
1728 1302 1983 1358 nimirum
2015 1306 2380 1373 beueplacito,
2419 1318 2475 1362 et
2511 1312 2901 1379 cooperatione
2933 1315 3110 1368 sancti
3143 1316 3411 1387 Spiritus,
3446 1331 3553 1371 non
3586 1326 3714 1372 recte

466 1402 750 1473 PrOphette
788 1415 1100 1458 sermonem
1138 1399 1473 1470 intelligunt.
1529 1396 1882 1466 Oportnissct
1919 1398 2064 1450 enim
2101 1398 2284 1454 dicere
2328 1419 2342 1453 :
2392 1403 2534 1457 Ante
2565 1412 2746 1458 ortum
2783 1406 3041 1472 luciferi,
3093 1419 3147 1463 et
3181 1424 3289 1463 non
3351 1409 3488 1464 Ante
3549 1413 3715 1480 lucife-

466 1516 608 1553 rum.
644 1495 774 1550 Nam
831 1497 973 1567 quod
1035 1496 1362 1565 simpliciter
1410 1494 1645 1554 dicitur,
1678 1492 1821 1546 Ante
1857 1493 2050 1556 solem,
2094 1502 2313 1562 tempus
2351 1495 2654 1565 signiﬁcat,
2691 1500 2840 1568 quod
2883 1501 2986 1556 fuit
3025 1513 3155 1558 ante
3204 1505 3379 1573 ipsius
3446 1505 3577 1560 solis
3639 1521 3717 1559 na-

470 1605 673 1657 turam,
708 1590 1172 1662 quemadmodum
1207 1595 1420 1653 contra,
1454 1587 1524 1652 si,
1559 1586 1701 1642 Ante
1732 1587 1865 1642 solis
1894 1598 2102 1651 ortum,
2129 1587 2356 1655 dixeris,
2391 1599 2608 1659 tempus
2643 1591 2873 1648 diluculi
2907 1596 3266 1666 signiﬁcabis.
3313 1597 3560 1666 (Magnus
3632 1599 3718 1652 Ba-

468 1685 629 1740 silius
661 1685 717 1736 iu
759 1696 1016 1738 sermone
1064 1681 1128 1736 de
1153 1680 1361 1750 Spiritu
1395 1687 1602 1744 sancto,
1641 1679 1738 1746 ait,
1768 1677 1938 1748 quod,
1978 1677 2182 1733 dicitur
2210 1677 2341 1748 quid
2377 1694 2445 1733 ex
2501 1681 2688 1750 aliquo
2736 1697 2881 1746 esse,
2952 1684 3039 1739 vel
3121 1686 3340 1739 ratione
3420 1686 3713 1750 creationis,

470 1779 627 1846 juxta
663 1778 796 1833 illud
829 1796 844 1834 :
885 1775 1028 1832 Unus
1062 1787 1137 1832 est
1175 1777 1313 1832 Deus
1352 1775 1516 1831 Pater
1567 1791 1631 1829 ea:
1663 1791 1762 1844 quo
1797 1775 1974 1829 omnia
1997 1777 2040 1809 ⁸³
2071 1793 2084 1840 ;
2125 1776 2212 1831 vel
2271 1776 2484 1832 ratione
2517 1788 2747 1844 natura},
2815 1779 2972 1848 juxta
3051 1781 3182 1836 illud
3215 1801 3228 1836 :
3265 1781 3514 1851 Operatio
3567 1793 3722 1838 nostra

475 1889 542 1931 ex
573 1873 732 1929 nobis
781 1883 881 1937 est,
918 1884 973 1928 et
1011 1872 1471 1944 quemadmodum
1563 1869 1820 1938 splendor
1867 1869 2004 1924 solis
2067 1883 2135 1923 ex
2175 1869 2322 1934 sole;
2368 1869 2448 1922 vel
2503 1869 2717 1924 ratione
2772 1871 3170 1939 generationis,
3225 1876 3382 1941 juxta
3416 1875 3543 1930 illud
3577 1895 3590 1931 :
3621 1874 3713 1945 Ego

464 1968 608 2021 exivi
635 1983 699 2021 ex
735 1965 895 2022 Patre
922 1969 991 2022 θ’.
1022 1967 1152 2021 Item
1189 1967 1333 2034 quod
1371 1966 1462 2019 hic
1488 1964 1722 2034 legimus
1749 1979 1762 2014 :
1798 1962 1880 2016 Ex
1911 1972 2059 2017 utero
2098 1972 2221 2017 ante
2253 1963 2532 2033 luciferum
2556 1966 2712 2034 genui
2743 1975 2812 2030 Ie,
2840 1980 2947 2020 non
2979 1969 3125 2036 quod
3161 1967 3306 2024 Deus
3373 1980 3581 2024 uterum
3642 1973 3722 2026 ha-

473 2068 621 2130 beat,
660 2064 754 2122 sed
782 2067 908 2136 quia
944 2067 1058 2120 veri
1094 2074 1259 2134 atque
1316 2064 1540 2132 ingenui
1608 2061 1791 2125 liberi,
1862 2077 1928 2116 ex
1979 2071 2140 2115 utero
2175 2071 2461 2129 parentum
2503 2064 2657 2117 nasci
2711 2065 2911 2118 solent.
2948 2064 3062 2118 ηδε
3095 2065 3260 2136 igitur
3292 2067 3523 2130 ratione,
3561 2068 3654 2122 hoc
3677 2069 3722 2122 in

472 2161 593 2212 loco
626 2159 772 2213 Deus
804 2167 1052 2213 ventrem
1093 2159 1241 2212 sein
1297 2159 1654 2226 generatione
1686 2156 1813 2210 Filii
1848 2155 2054 2210 habere
2096 2153 2257 2222 dixit,
2313 2155 2380 2209 ad
2457 2157 2838 2213 confusionem
2917 2159 3210 2228 impiorum
3255 2176 3270 2212 :
3325 2170 3381 2212 ut
3433 2161 3487 2213 in
3537 2161 3710 2229 seipsis

473 2257 754 2328 propriam
789 2255 866 2311 illi
921 2255 1342 2309 considerantes
1402 2263 1677 2319 naturam,
1732 2253 1950 2310 discant
1983 2251 2206 2319 Filium,
2236 2268 2426 2308 verum
2477 2253 2722 2309 fructum
2753 2268 2875 2309 esse
2909 2269 2978 2308 ex
3035 2255 3218 2318 Patre,
3278 2254 3452 2308 veluti
3523 2255 3609 2324 qui
3665 2271 3716 2310 ex

474 2349 620 2404 illius
651 2355 844 2402 ventre
876 2345 1082 2399 dicitur
1119 2359 1241 2400 esse
1279 2344 1615 2413 generatus.)

545 2446 710 2500 Vens.
744 2443 797 2497 4.
825 2441 1039 2495 Juravit
1089 2440 1370 2496 Dominus.
1415 2439 1485 2495 Ut
1524 2440 1832 2511 indignatio
1866 2438 1918 2494 in
1954 2437 2065 2493 Deo

2247 2435 2471 2501 Ὠμοσε
2499 2433 2740 2500 Κύριος.
2775 2432 2988 2502 Ὠσπερ
3011 2432 3038 2484 ὁ
3063 2431 3231 2502 θυμὸς
3259 2434 3354 2485 ἐπὶ
3408 2432 3542 2486 Θεοῦ
3596 2433 3720 2500 iero"

477 2534 950 2605 perturbationem
988 2549 1095 2586 non
1125 2531 1426 2599 signiﬁcat,
1477 2531 1572 2586 sed
1606 2539 1818 2585 motum
1870 2530 2016 2584 divin

2183 2543 2363 2596 μενος,
2397 2527 2457 2578 οὐ
2486 2525 2745 2595 σημαίνει
2816 2523 3011 2588 πάθος,
3063 2524 3202 2578 ἀλλὰ
3251 2525 3352 2594 τὴν
3422 2526 3625 2596 κίνησιν
3645 2528 3722 2590 τῆς

477 2628 765 2698 potestatis
813 2626 880 2679 ad
917 2625 1238 2689 vindictam,
1276 2624 1349 2678 ita
1396 2625 1770 2692 juramentum
1825 2625 1917 2678 Dei
1963 2640 2016 2676 nt

2180 2619 2557 2688 τιμωρητικῆς
2611 2616 2920 2683 δυνάμεως,
2998 2615 3144 2670 οὕτω
3171 2618 3266 2670 καὶ
3292 2620 3320 2670 ὁ
3357 2618 3520 2687 ὅρκος
3563 2617 3719 2681 αὑτοῦ,

478 2719 750 2773 hutuanos
777 2716 997 2786 jurandi
1061 2717 1220 2780 ritus,
1265 2714 1362 2769 sed
1410 2713 1882 2768 conﬁrmationem
1914 2724 2017 2784 atqt

2183 2712 2276 2781 τὴν
2309 2710 2605 2781 βεϐαίωσιν
2627 2709 2798 2780 δηλοῖ,
2826 2711 2920 2762 καὶ
2942 2709 3006 2763 οὐ
3028 2711 3119 2763 τὸν
3157 2713 3288 2781 παρ’
3323 2713 3458 2780 ἡμῖν
3479 2712 3722 2780 γινόμενον

478 2807 938 2864 asseverationem
970 2807 1245 2873 signiﬁcat
1278 2805 1480 2859 divinae
1512 2805 1821 2860 sententiae.
2175 2803 2358 2872 ὅρκον.
2505 2874 2508 2875 ν

555 2896 622 2950 Et
652 2913 754 2951 non
784 2896 1055 2964 paenitebit
1086 2911 1224 2948 eum.
1277 2892 1389 2947 Hoc
1423 2901 1529 2955 est,
1569 2911 1677 2948 non
1711 2897 1948 2951 mutabit
1978 2897 2074 2952 de-

2248 2895 2359 2949 Kal
2407 2896 2478 2950 οὐ
2539 2894 3126 2965 μεταμεληθήσεται.
3203 2896 3280 2948 Ou
3356 2894 3637 2963 μεταϐαλεῖ
3677 2893 3723 2944 τὸ

481 2992 718 3049 cretum,
777 2982 1240 3052 quemadmodum
1307 2996 1686 3049 smpenumero
1739 2982 1883 3037 Deus
1944 2998 2020 3037 cor

2183 2988 2520 3059 δεδογμένον,
2549 2990 2652 3042 οὐκ
2681 2987 2990 3052 ἀλλοιώσει,
3038 2987 3292 3055 καθάπερ
3329 2989 3472 3040 ποιεῖ
3501 2986 3722 3045 πολλάκις

484 3076 634 3130 sulto
667 3074 855 3128 multis
888 3073 941 3128 in
983 3074 1147 3128 rebus
1183 3074 1334 3127 facit.
1373 3073 1514 3138 Quid
1572 3084 1751 3129 autem
1779 3075 2023 3145 jnraveri

2181 3079 2491 3142 ἐπ’ἄλλων,
2547 3080 2614 3133 δι’
2645 3079 2982 3149 οἰκονομίας.
3049 3081 3114 3131 Τί
3148 3079 3205 3132 δὲ
3252 3077 3462 3149 ὤμοσε,
3512 3076 3720 3131 τουτέστι

485 3170 587 3220 hoc
611 3176 718 3231 est,
745 3167 876 3236 quid
906 3175 1291 3221 asscveranter
1318 3167 1651 3232 decreverit,
1692 3167 1817 3222 audi
1844 3185 1859 3221 :

1556 3167 1651 3232 rit,
1692 3167 1859 3222 audi:
2179 3171 2413 3242 βεδαὶως
2446 3173 2790 3242 ἀπεφήνατο,
2832 3173 3089 3227 ἄκουσον.

558 3260 635 3314 Tu
687 3277 739 3313 es
797 3260 1048 3312 sacerdos
1089 3261 1141 3312 in
1172 3267 1448 3322 wternum,
1509 3259 1796 3312 secundum
1837 3261 2074 3316 ordinem

2251 3265 2336 3321 Σὺ
2363 3261 2421 3318 εἷ
2457 3265 2646 3333 ἱερεὺς
2695 3268 2788 3330 εἷς
2843 3266 2952 3319 τὸν
2991 3265 3200 3331 αἰῶνα,
3245 3266 3398 3321 κατὰ
3441 3266 3551 3332 τὴν
3583 3265 3723 3328 τάξιν

483 3351 886 3406 Melchisedech.
932 3350 1204 3404 Sacerdos
1246 3351 1467 3420 quidem
1523 3351 1693 3406 veluti
1745 3351 1836 3422 qui
1884 3365 2022 3425 myst

2184 3357 2578 3427 Μελχισεδέκ.
2626 3357 2831 3427 Ἱερευς
2863 3359 2982 3427 μὲν,
3016 3357 3093 3422 ὡς
3123 3358 3295 3428 ἄρτου
3346 3359 3441 3411 καὶ
3488 3359 3617 3411 οἴνου
3649 3374 3723 3427 με·

484 3460 610 3497 rum
649 3460 839 3511 panem
888 3451 944 3498 et
983 3444 1170 3496 vinum
1207 3443 1261 3496 in
1295 3442 1466 3498 Coena
1502 3445 1773 3512 apostolis
1823 3446 2023 3501 tradidi

2179 3452 2374 3515 ταδοὺς
2419 3455 2533 3516 τοῖς
2578 3452 2925 3516 ἀποστόλοις,
2981 3452 3038 3504 ὲν
3096 3452 3175 3522 τῷ
3231 3452 3484 3521 μυστικῷ
3536 3453 3718 3525 δεξπνῳ,

483 3535 940 3604 quemadmodum
1005 3533 1409 3590 Melchisedech
1486 3534 1720 3590 Abrahae
1775 3544 1831 3591 et
1907 3535 2022 3591 soci

2179 3543 2435 3616 καθάπερ
2467 3547 2494 3597 ὁ
2544 3543 2882 3614 Μελχισεδὲκ
2932 3547 3046 3606 τοῖς
3127 3546 3255 3616 περὶ
3334 3547 3596 3617 Ἀϐραὰμ,
3649 3549 3717 3600 Et:

482 3631 634 3684 dedit
668 3629 1025 3684 redeuntibus
1055 3645 1085 3682 e
1119 3629 1280 3684 bello.
1314 3628 1604 3684 Eternum
1645 3637 1829 3684 autem
1863 3638 1947 3683 est
1973 3628 2021 3682 hi

2179 3635 2534 3706 ὑπέστρεψαν
2597 3637 2706 3688 ἀπὸ
2763 3637 2861 3689 τοῦ
2915 3637 3183 3706 πολέμου.
3227 3637 3320 3701 Ei;
3380 3641 3548 3697 αἰῶνα
3573 3639 3718 3700 δὲ,ὠ;

490 3723 884 3788 sacerdotium,
940 3722 1067 3788 quia
1103 3737 1200 3777 nec
1246 3721 1585 3791 principium
1627 3721 1865 3785 dierum,
1900 3737 2024 3791 neqt

2185 3727 2322 3794 μήτε
2361 3725 2542 3797 ἀρχὴν
2577 3726 2830 3798 ἡμερῶν.
2865 3729 3003 3799 μήτε
3046 3727 3193 3795 ζωῆς
3233 3731 3386 3792 τέλος
3410 3732 3566 3800 ἔχων,
3612 3730 3720 3783 κειτά

486 3818 612 3869 vita:
670 3815 830 3874 ﬁnem
899 3815 1065 3868 habet
1116 3816 1385 3870 :ratione
1449 3815 1706 3870 nimirum
1768 3814 2022 3868 divinitat

2182 3782 2278 3886 τὴν
2303 3782 2563 3889 Bedente,
2595 3782 2787 3889 ὧσπερ
2818 3782 3250 3891 ,ὀὶῐὶίελχίσεέέη
3314 3782 3471 3878 κᾷτδῖ
3615 3782 3721 3874 lato-

483 3909 717 3974 Christi,
755 3907 1222 3974 quemadmodum
1279 3921 1378 3960 nec
1411 3906 1580 3959 ullum
1617 3907 1876 3960 habuisse
1907 3907 2022 3975 prin

2185 3909 2330 3979 ρίαν.
2371 3910 2533 3964 Ἀλλὰ
2559 3912 2898 3982 Μελχισεδὲκ
2939 3914 3058 3978 μὲν,
3083 3915 3183 3968 οὐκ
3217 3915 3328 3986 ἔχει
3368 3915 3557 3979 ταῦτα,
3583 3914 3656 3968 διὰ
3678 3913 3723 3963 τὸ

486 4003 712 4068 cipiunt,
759 4009 853 4052 aut
915 3999 1076 4052 ﬁnem
1138 4000 1316 4066 ipsum
1373 3998 1608 4068 legimus
1653 3998 2025 4053 Melchisedecl

2185 4005 2694 4076 παρισιωπηϐἦναι
2749 4010 2814 4077 τῇ
2866 4009 3082 4079 ἱστορίᾳ
3144 4010 3244 4080 τῆς
3297 4009 3560 4081 Γραφῆς’
3608 4011 3631 4060 ὁ
3681 4006 3723 4057 δὲ

488 4092 690 4146 Verum
750 4091 897 4146 hunc
939 4091 1338 4145 Melchisedech
1389 4091 1723 4161 principium
1765 4099 1858 4145 aut
1913 4091 2027 4144 ﬁne]

1457 4091 1723 4160 incipinm
1765 4099 1858 4145 aut
1913 4091 2074 4145 ﬁnem
2184 4095 2438 4164 Χριστος,
2468 4097 2558 4150 διὰ
2587 4099 2685 4169 τὴν
2717 4100 2996 4171 ἀλήθειαν.

487 4203 595 4240 non
661 4186 861 4241 habere
912 4186 1171 4251 dicimus,
1213 4186 1342 4255 quia
1405 4185 1633 4241 historia
1677 4185 1728 4238 id
1769 4186 1962 4239 tacuit.
2039 4188 2112 4242 At
2174 4187 2431 4245 Chrisms
2502 4190 2810 4249 divinitatis
2890 4205 3004 4249 sum
3066 4195 3277 4249 nullum
3337 4211 3464 4251 vere
3525 4209 3725 4265 unquam

489 4279 816 4349 pt'lltttipittttl
848 4279 1059 4338 habuit.
1092 4293 1194 4334 nee
1223 4277 1384 4332 ﬁnem
1418 4279 1592 4332 ullum
1643 4276 1937 4330 habiturus
1966 4286 2076 4332 est.

558 4376 722 4432 Vens.
763 4375 815 4433 5.
875 4375 1130 4430 Dominus
1173 4393 1205 4428 a
1246 4374 1444 4446 dextris
1501 4375 1626 4428 tuis.
1684 4374 1965 4428 Auxilium
2021 4375 2072 4428 ei

2242 4377 2458 4443 Κύριος
2483 4375 2552 4429 ἐκ
2580 4375 2797 4440 δεξιῶν
2816 4392 2951 4431 σου.
2984 4375 3205 4444 Βοηοῶν
3225 4377 3301 4440 ὡς
3331 4377 3616 4449 ἀνθρώπῳ.
3643 4379 3722 4430 Kal.

489 4471 656 4526 veluti
712 4469 919 4524 homini
977 4467 1210 4522 laturus.
1251 4469 1387 4524 Nam
1427 4475 1482 4523 et
1536 4467 1588 4521 in
1630 4467 1844 4536 psalmo
1887 4483 1954 4520 xv
2008 4485 2028 4519 ε

2186 4471 2234 4521 ὲν
2265 4469 2344 4539 τῷ
2384 4467 2446 4520 ιε’
2473 4469 2674 4538 ψαλμῷ
2698 4469 3011 4539 γέγραπται
3046 4487 3060 4502 ο
3091 4469 3460 4538 Προωρώμην
3501 4472 3600 4523 τὸν
3639 4471 3725 4523 lit}-

489 4578 722 4633 persona
783 4562 994 4617 Christi
1056 4561 1322 4629 scriptum
1373 4560 1660 4626 legimus:
1721 4559 2028 4613 Provideba:

2185 4575 2307 4622 βίον
2333 4557 2590 4611 ἐνώπιόν
2614 4577 2733 4625 μου
2771 4559 2868 4612 διὰ
2899 4559 3148 4624 παντὸς,
3181 4558 3270 4611 ὅτι
3313 4560 3383 4613 ἐκ
3417 4560 3624 4624 δεξιῶν
3637 4576 3724 4628 μου

487 4656 774 4710 Dominum
817 4654 871 4708 in
898 4665 1178 4723 conspectu
1211 4669 1323 4707 meo
1351 4668 1574 4724 semper,
1604 4652 1856 4721 quoniam
1885 4669 1916 4704 a
1944 4651 2026 4706 dea

1409 4668 1574 4724 mper,
1604 4652 1856 4721 quoniam
1885 4669 1916 4704 a
1944 4651 2076 4706 ἀίω·
2179 4650 2371 4714 ἐστὶν,
2406 4652 2503 4706 ἵνα
2529 4649 2615 4720 μὴ
2645 4650 2946 4705 σαλευθῶ.

491 4751 585 4801 tris
618 4757 694 4800 est
724 4748 876 4812 mihi,
902 4764 964 4800 ne
987 4760 1335 4801 commoveor.

562 4838 834 4907 Confregit
869 4838 1042 4891 indie
1095 4840 1189 4891 ira:
1241 4853 1352 4891 sua:
1384 4853 1550 4906 reges.
1611 4834 1687 4891 De
1745 4835 1836 4891 die
1885 4835 2079 4905 iudicii

2249 4831 2639 4886 Συνέθλασεν
2669 4830 2742 4885 ἐν
2767 4828 2955 4898 ἡμέρᾳ
2979 4829 3162 4898 ὁρτῆς
3210 4828 3401 4883 αὑτοῦ
3453 4825 3722 4893 βασιλεῖς.

489 4947 675 4984 sermo
714 4939 822 4994 est,
871 4931 1094 4999 quando
1138 4930 1337 5000 impios
1397 4945 1552 5000 reges
1604 4938 1857 4984 conteret
1908 4928 2019 4984 Den

2184 4924 2320 4996 napi.
2351 4925 2450 4993 τῆς
2504 4924 2719 4994 ἡμέρας
2744 4924 2844 4993 τῆς
2875 4923 3112 4992 κρίσεως
3153 4924 3181 4975 ό
3220 4922 3404 4990 λόγος,
3434 4923 3520 4975 ὅτι
3547 4918 3723 4988 συντρῖ-

491 5023 717 5075 statutis
751 5021 1010 5076 nimirum
1049 5024 1118 5076 ab
1141 5035 1209 5076 eo
1246 5021 1445 5090 poenis.
1475 5021 1631 5088 Quod
1664 5021 1709 5076 si
1735 5035 1891 5090 reges
1926 5020 2030 5089 ipst

2182 5018 2266 5087 ψει
2293 5017 2421 5079 τοὺς
2450 5015 2666 5076 ἀσεϐεῖς
2701 5015 2965 5084 βασιλεῖς,
3014 5015 3073 5066 ὲν
3119 5015 3238 5075 ταῖς
3286 5011 3721 5080 ἀποτεταγμέναις

491 5113 834 5178 contriverit,
881 5113 1234 5182 perspicuum
1285 5125 1381 5168 est‘
1418 5114 1562 5181 quod
1622 5113 1798 5166 multo
1850 5110 2030 5164 facilia

2180 5110 2487 5163 κολάσεσιν.
2525 5107 2585 5160 Εἰ
2612 5106 2669 5161 δὲ
2696 5107 2823 5171 τοὺς
2850 5105 3112 5176 βασιλεῖς,
3156 5104 3317 5173 δῆλον
3353 5105 3447 5157 καὶ
3489 5105 3607 5166 τοὺς
3646 5100 3719 5154 ἆλ-

492 5218 718 5260 cmteros
758 5219 950 5260 omnes
981 5207 1192 5275 puniet,
1216 5207 1308 5274 qui
1341 5206 1608 5262 adversus
1641 5219 1768 5260 eum
1810 5203 2031 5272 deliquc

1019 5207 1192 5270 uuiet,
1216 5207 1308 5274 qui
1341 5206 1608 5262 adversus
1641 5219 1768 5260 eum
1810 5203 2063 5272 deliquc-
2095 5201 2140 5257 Β
2171 5205 2293 5270 λους
2328 5203 2558 5265 πάντας.

494 5307 627 5350 rint.

565 5533 612 5567 '°
647 5531 795 5588 Psal.
843 5549 1062 5601 Luxu,
1091 5534 1147 5589 Ξ.
1221 5533 1264 5568 ’ί
1307 5536 1325 5591 1
1357 5533 1484 5591 Cor.
1518 5550 1637 5600 vnt,
1670 5534 1722 5588 ii.
1799 5534 1845 5566 "
1892 5530 2053 5587 Joan.
2109 5543 2220 5596 xvr,
2248 5525 2341 5581 38.

1817 5649 2022 5713 Varia)
2051 5645 2383 5711 lectiones.

499 5749 613 5822 γάρ
656 5750 806 5824 ἐστιν
834 5753 862 5804 ὁ
884 5751 1002 5824 *πρὸ
1046 5751 1358 5824 Ἐωσφᾷρου
1391 5750 1603 5822 καιρός)
1639 5752 1675 5824 ὁΔ
1709 5749 2038 5824 Χριστὸς-ἐτι

2211 5819 2223 5824 _
2257 5744 2382 5824 (26)_
2403 5740 2807 5824 Locuspasilii
2839 5739 3017 5824 Magni
3051 5729 3715 5824 que'_m.habet_versio‘bg-

662 5821 720 5900 τξι
771 5821 910 5900 κατὰ
939 5807 1864 5900 ’Λου-κξίν’ξξῦαγγέλξοκί’δι-ῑιιινῶσι.ἶ
1926 5807 2037 5900 ἓξηι

2187 5807 2321 5900 una,
2350 5807 2506 5900 ἐίεεει
2559 5813 2815 5900 uisui".
2865 5807 3038 5893 ηιέίε.
3068 5807 3384 5900 sedetis:
3416 5807 3712 5900 ἔρξευξξιξίς

502 5868 644 5959 iani,
675 5868 910 5946 arras;
921 5868 1197 5961 “ansa;
1223 5868 1899 5964 ῑ-ξεῖσὶὠῖόίἇ-ἓέωἶῖξὶζ’ἐξλ
1934 5868 2041 5945 iiii

2190 5868 2321 5964 bus;
2351 5885 2424 5964 In.
2463 5915 2528 5964 -τ
2566 5884 2699 5938 Cod.
2727 5881 3073 5964 Mo’sguensis
3190 5878 3342 5961 addit
3372 5895 3396 5964 ε.
3416 5868 3572 5962 Τοῦτο
3665 5868 3712 5948 τὸ

499 5951 661 6024 ἐπι.
1020 5951 1034 5961 ’
1271 5951 1283 5962 ⁷
1303 5951 1314 5964 ’
1651 5951 1660 5958 ’

2191 5957 2357 6029 ῥητὸν
2382 5957 2688 6027 ἡρμήνευσε
2722 5951 2899 6022 σοφῶς
2924 5952 3030 6022 ἄρα
3055 5951 3150 6010 καὶ
3175 5951 3398 6019 ηαςςιτκςξ
3477 5951 3504 5976 ’-
3604 5951 3635 5954 "
3695 5967 3707 5984 ε
