3898 6542
495 359 632 423 1095

1733 353 2119 424 EUTllYMlll
2156 366 2516 426 ZlGABENl

3599 368 3712 433 1096

488 492 614 550 qua:
662 489 756 548 per
785 475 953 546 legem
1016 473 1184 545 Moysi
1237 473 1462 543 scriptis
1509 474 1708 529 tradita
1764 484 1916 531 sunt.
1969 477 2067 531 Po-

2187 476 2420 544 re).tx&;,
2445 479 2502 530 αϊ
2537 479 2726 540 πᾶσαι,
2773 481 2928 550 φησὶ,
2963 479 3173 546 πισταὶ,
3233 479 3482 532 τουτέστι
3511 479 3713 549 βέϐαιοι,

494 578 702 624 stremo
735 581 862 621 vero
894 565 1011 635 ipsa
1065 576 1338 634 praecepta
1369 555 1704 636 evangelica,
1747 581 1871 635 quas
1910 581 2068 621 man-

2172 567 2589 640 ἁμετακίνητοι.
2622 571 2682 623 Et
2716 570 2826 642 7&p
2848 571 2941 624 καί
2980 589 3102 624 τινα
3123 571 3218 624 τοῦ
3248 571 3546 624 Μωσαῖκοῦ
3573 574 3716 643 νόμον

491 662 618 714 data
675 659 860 714 omnia
912 656 1093 710 ﬁdelia
1141 665 1292 718 sunt,
1351 655 1451 710 hoc
1490 665 1596 717 est,
1669 657 1848 721 lirma,
1901 664 2067 726 atque

2187 660 2607 730 ιατεϐλήθησαν,
2644 661 2759 716 ἀλλ’
2793 662 2888 716 ἐπὶ
2912 663 2972 715 τὸ
3009 663 3240 733 βέλτιον,
3271 664 3362 716 ἐπὶ
3390 663 3452 718 τὸ
3487 664 3715 735 ὑψηλότε-

490 751 835 804 inconcussa.
862 745 1019 809 Nam,
1041 747 1144 801 etsi
1179 745 1426 815 quaedam
1453 744 1701 800 Mosaicae
1739 747 1876 815 legis
1908 762 2066 800 man.

2172 768 2284 821 ρον.
2323 753 2512 817 Οὐδεὶς
2541 753 2634 808 οὖν
2666 753 2893 808 δύναται
2925 756 3128 817 ταύτας
3154 755 3488 824 ἁναφανίσαι
3508 772 3523 787 ·
3560 758 3617 809 Ὀ
3634 760 3714 810 ou-

490 842 616 896 data
666 844 847 895 soluta
885 840 1016 902 sint,
1076 853 1262 892 verum
1324 852 1433 891 non
1485 846 1594 891 tam
1627 837 1830 902 soluta,
1897 852 2062 908 quam

2187 844 2348 910 κενὸς
2380 844 2509 916 γὰρ,
2537 846 2690 916 φησι,
2725 847 2822 901 καὶ
2862 848 2898 914 ἡ
2937 846 3010 915 γῆ
3043 848 3551 914 παρε.ιεύσονται’
3586 852 3632 902 oi
3660 849 3715 902 δὲ

493 934 546 988 in
580 935 774 988 melius
811 933 1101 1002 disposita,
1159 939 1324 1000 atque
1365 929 1640 986 intellecta
1676 931 1779 985 dici
1811 939 2064 1000 possunt.

2163 937 2334 1006 λόγοι
2370 956 2490 1006 μου
2525 941 2595 992 οὺ
2614 938 2699 1006 μὴ
2732 939 3128 1008 παρέλθωσιν.

490 1027 664 1083 Nemo
712 1025 881 1097 igitur
914 1040 979 1080 ca
1037 1026 1240 1095 poterit
1299 1024 1531 1079 delere:
1568 1021 1769 1078 Caelum
1807 1024 1985 1089 enim,
2021 1025 2219 1096 inquit,
2260 1041 2309 1083 et
2356 1041 2500 1085 terra
2573 1034 2906 1096 transibunt,
2942 1035 3096 1087 reiba
3175 1047 3353 1092 autem
3447 1052 3556 1089 mea
3630 1055 3711 1093 non

491 1123 797 1177 transibunt
830 1123 898 1175 9'.

561 1221 887 1284 Conﬁrmata
915 1220 968 1270 in
999 1217 1250 1272 saeculum
1295 1217 1498 1272 surculi.
1527 1215 1776 1282 Stabilia,
1811 1216 2060 1286 inquam,

491 1321 547 1364 ct
587 1321 856 1379 perpetuo
910 1325 1167 1363 mansura
1184 1341 1195 1350 ο

568 1399 738 1452 Facta
790 1400 842 1452 in
891 1402 1128 1458 veritate,
1184 1408 1232 1452 et
1294 1397 1631 1451 rectitudine.
1689 1397 1834 1452 Nihil
1898 1397 2066 1460 enim,

2258 1218 2700 1287 Ἐστηριῃιένιιι
2764 1223 2852 1284 εις
2912 1220 3018 1272 τὸν
3090 1219 3276 1274 αἰῶνα
3341 1219 3448 1276 τοῦ
3507 1221 3707 1289 αιὼνος.

2184 1308 2444 1380 Ἐδραίαι,
2475 1311 2765 1378 διηνεκεῖς,
2800 1311 3038 1379 μόνιμοι.

2241 1404 2638 1471 Πεποιημέναι
2670 1405 2738 1456 ἐν
2770 1404 3041 1470 ἀληθείᾳ,
3076 1403 3172 1457 καὶ
3200 1404 3497 1474 εὐθύτητι.
3551 1406 3707 1469 οὐδὲν,

494 1492 693 1559 inquit,
738 1492 795 1545 in
865 1491 946 1546 eis
999 1492 1195 1544 falsum
1254 1502 1358 1552 est,
1404 1490 1538 1543 uibil
1607 1489 1914 1557 obliquum.
1971 1486 2067 1541 Vel

2187 1499 2358 1566 ρησὶν,
2389 1500 2446 1550 ἐν
2469 1500 2656 1561 αὐτοῖς
2680 1498 2896 1567 ψευδὲς,
2923 1499 3043 1551 οὐδὲ
3073 1499 3287 1550 σκολιόν
3315 1514 3328 1528 ·
3370 1499 3402 1568 ἦ
3426 1501 3516 1551 καὶ
3543 1501 3708 1567 ἄλλως,

494 1586 674 1645 aliter,
716 1598 810 1651 per
846 1583 1159 1644 veritatem,
1206 1582 1510 1635 elaritalem
1561 1580 1824 1649 intellige,
1857 1595 1955 1650 per
1983 1597 2067 1633 rt:-

2187 1589 2427 1660 ιλήθειαν
2464 1591 2562 1660 μὲν
2601 1591 2818 1660 νόησον,
2847 1591 2945 1660 τὴν
2981 1593 3282 1659 σαφήνειαν
3316 1607 3331 1623 ·
3363 1591 3622 1662 εὐθύτητα
3647 1595 3708 1656 δὲ,

494 1675 818 1728 clizudinem
859 1688 1008 1736 vero,
1051 1681 1260 1726 rectum
1316 1672 1612 1740 judicium.
1671 1671 1865 1724 Omnia
1919 1671 2064 1724 enim

2187 1681 2264 1749 τὴν
2293 1680 2641 1750 ὁρθοτομίαν,
2681 1682 2766 1734 ὅτι
2805 1683 2976 1736 πᾶσαι
3002 1681 3244 1753 ἀληθεῖς,
3285 1685 3381 1737 mi.
3412 1685 3610 1752 σαφεῖς,
3637 1686 3712 1738 καὶ

491 1781 613 1832 ejus
657 1765 910 1818 mandata
954 1780 1080 1818 vera
1139 1773 1291 1825 stitit,
1337 1775 1387 1818 et
1422 1765 1592 1828 clara,
1631 1777 1692 1818 ac
1731 1772 1880 1817 recte
1911 1763 2064 1818 incc-

2187 1771 2302 1842 ιρθὰ
2361 1773 2568 1842 βαίνειν
2597 1772 2967 1828 διδάσκουσαι.

492 1859 621 1911 dere
655 1872 752 1910 nos
793 1855 1011 1910 docent.
2104 1871 2146 1928 Β

561 1972 727 2024 Vens.
762 1971 815 2024 9.
859 1970 1282 2039 Redemptionem
1344 1970 1487 2022 misit
1536 1969 1727 2038 populo
1761 1986 1876 2023 suo.
1905 1967 2068 2024 Pater

496 2065 641 2118 misit
677 2062 871 2116 Filium
919 2078 1104 2125 suum,
1154 2061 1304 2114 Misit
1334 2063 1477 2114 enim
1508 2078 1604 2124 me,
1641 2063 1836 2130 inquit,
1871 2063 2066 2128 prtuli-

491 2173 612 2210 care
637 2157 849 2224 captivis
896 2156 1254 2208 remissionem
1292 2153 1359 2208 ".
1399 2153 1462 2206 Et
1501 2168 1696 2208 rursus
1725 2155 1790 2206 de
1839 2170 1903 2205 eo
1929 2154 2068 2207 seri-

493 2261 641 2317 ptum
676 2259 757 2302 est
795 2267 808 2301 :
842 2246 964 2314 lpse
1022 2246 1225 2299 salvum
1293 2245 1450 2312 faciet
1506 2246 1756 2314 populum
1812 2263 1966 2298 suum
1999 2247 2065 2300 ”.

493 2343 624 2396 Item
667 2342 759 2410 qui
804 2340 966 2392 datus
1012 2346 1098 2392 est
1133 2337 1294 2393 nobis
1324 2351 1353 2391 a
1395 2337 1506 2391 Deo
1543 2337 1846 2406 redemptio
1872 2337 1940 2401 ⁸³,
1979 2351 2067 2390 se-

490 2435 731 2491 cundum
761 2432 1106 2504 Apostolum.

561 2527 832 2582 Mandavit
863 2527 913 2579 in
961 2526 1214 2579 stt-culum
1265 2531 1632 2576 testamentum
1663 2539 1838 2577 suum.
1876 2523 1932 2576 In
1966 2539 2067 2576 ste-

494 2621 704 2684 culnm,
739 2620 980 2688 inquam,
1013 2617 1370 2679 conveniens,
1409 2631 1470 2670 ac
1500 2617 1544 2669 si
1602 2615 1843 2670 diceret:
1872 2613 2067 2670 Testa-

499 2723 745 2766 mentum
779 2726 939 2765 suunt
969 2708 1111 2762 Deus
1143 2710 1197 2761 iu
1235 2717 1365 2776 apto
1403 2717 1461 2762 et
1518 2706 1868 2761 convenienti
1927 2715 2069 2760 tem-

497 2821 629 2872 pore
675 2801 992 2856 ItOminibus
1028 2799 1274 2853 tradidit.
1313 2798 1405 2853 Vel
1450 2800 1504 2853 in
1547 2798 1824 2862 sarculum,
1883 2796 2066 2866 proin

2187 2794 2402 2864 γελικὴν
2423 2810 2439 2826 ’
2464 2793 2642 2848 Δώσω
2663 2795 2792 2862 γὰρ,
2806 2800 2992 2864 φησιν,
3011 2799 3153 2864 ὑμίν
3170 2796 3466 2866 διαθήκην
3488 2798 3709 2850 αἰώνιον.

495 2905 782 2957 αξιοι-ηοω,
822 2893 1000 2962 ipsum
1050 2893 1431 2958 Evangelium,
1486 2901 1751 2945 aeternum
1783 2889 2067 2959 appellans

2187 2885 2248 2938 'H
2317 2887 2425 2956 γὰρ
2472 2885 2742 2955 Μωσαῖκὴ
2801 2890 3133 2958 πρόσκαιρος
3170 2884 3240 2957 ἦν
3281 2889 3340 2942 τό
3389 2906 3448 2941 τε
3493 2889 3712 2957 φαινόμεο

495 2987 928 3048 Testamentum,
1015 2984 1080 3037 de
1105 2999 1216 3052 quo
1251 2984 1379 3037 alibi
1453 2982 1719 3053 scriptum
1786 2981 2065 3052 legimus:

2187 2995 2266 3031 νον
2311 2977 2448 3047 (29),
2480 2978 2671 3046 αὐτῆς,
2705 2979 2799 3032 καὶ
2822 2981 2947 3033 ὅσον
2977 2981 3205 3035 τυπικδν
3225 2983 3319 3035 καὶ
3351 2981 3587 3044 σκιῶδες.

500 3082 646 3135 Dabo
691 3081 831 3134 vobis
867 3089 1238 3134 testamentum
1271 3089 1527 3133 retentum
1561 3080 1630 3131 ".
1656 3075 2071 3132 Testamentum
2101 3074 2251 3132 enim
2294 3071 2593 3130 Mosaicum
2655 3075 3048 3142 temporarium
3114 3075 3237 3140 luit,
3316 3077 3364 3132 si
3417 3076 3709 3132 exteriorem

495 3176 614 3244 ejus
660 3190 905 3236 sensum.
941 3175 985 3228 si
1022 3175 1245 3243 ﬁguras,
1298 3183 1352 3228 et
1390 3174 1613 3228 umbras
1643 3174 1697 3227 in
1724 3188 1790 3228 eo
1848 3179 2148 3228 contentas
2191 3169 2531 3240 aspiciamus
2561 3179 2615 3223 et
2665 3171 3010 3229 occidentem
3065 3170 3353 3225 litteram:
3398 3186 3553 3227 secus
3604 3186 3710 3228 vero

496 3269 540 3322 si
573 3269 890 3322 interiorem
950 3275 1263 3334 spectemus
1311 3281 1536 3322 sensum
1572 3281 1635 3319 ac
1672 3280 1762 3320 res
1811 3267 1915 3324 sub
1971 3263 2294 3338 huiusmodi
2333 3262 2570 3329 umbris,
2619 3277 2684 3318 ac
2713 3262 2906 3332 llguris
2940 3263 3280 3334 designatas.

566 3358 821 3414 Sanctum
864 3366 911 3412 et
949 3358 1181 3411 terribile
1229 3374 1416 3412 nomen
1465 3358 1599 3426 ejus.
1629 3354 1840 3412 Christi
1877 3372 2067 3412 nomen

2257 3355 2458 3423 ’Δτιον
2476 3354 2578 3408 καὶ
2601 3355 2861 3423 φοϐερὸν
2893 3356 2960 3409 τὸ
2996 3355 3185 3423 ὄνομα
3232 3355 3450 3409 αὐτοῦ.
3499 3354 3567 3407 Τὸ
3599 3357 3704 3420 Χρι-

494 3463 745 3507 sanctuut
804 3453 1023 3522 quidem
1079 3460 1189 3515 est,
1251 3452 1413 3506 veluti
1465 3468 1571 3521 quo
1647 3451 2067 3506 innumerabilia

2190 3447 2340 3514 στός
2372 3463 2388 3479 ·
2421 3448 2577 3516 ἅγιον
2609 3447 2731 3517 μὲν,
2761 3447 2836 3510 ὡς
2867 3448 3038 3516 μυρία
3076 3446 3704 3517 θαύματα-ἐργαζόμενον·

493 3546 681 3600 ell'ecla
718 3555 844 3600 sunt
873 3544 1160 3605 miracula,
1197 3544 1443 3597 terribile
1476 3557 1606 3596 vero
1663 3545 1803 3612 (seu,
1857 3553 1911 3595 ut
1945 3557 2067 3611 pro-

2187 3538 2414 3609 φοϐερδν
2451 3539 2530 3604 δὲ,
2556 3539 2632 3602 ὡς
2658 3539 2885 3594 ἑλαῦνον
2912 3541 3198 3609 δαίμονας,
3235 3540 3332 3593 καὶ
3365 3541 3563 3604 νόσους.
3597 3539 3706 3592 Elii

496 3637 650 3702 prius
693 3632 1092 3705 signatGrteca
1157 3634 1347 3697 dictio,
1403 3631 1653 3702 φοϐερὸν,
1728 3632 2064 3700 timendum),

2187 3634 2347 3700 ἁγίων
2382 3632 2492 3701 ἄρα
2512 3632 2684 3685 δεῖται
2715 3633 2997 3700 στομάτων
3026 3634 3106 3694 εἰς
3137 3633 3484 3702 ὑμνολογίαν.

495 3729 621 3799 quia
665 3727 940 3781 dtemones
981 3726 1227 3795 expellit,
1275 3736 1331 3780 et
1375 3724 1752 3793 aegritudines.
1801 3722 1959 3790 Quod
2023 3723 2071 3778 si
2106 3723 2311 3778 Christi
2344 3738 2546 3778 nomen
2573 3732 2825 3780 sanctum
2855 3733 2962 3789 est,
2996 3733 3213 3794 oportet
3273 3725 3392 3794 ipsa
3423 3725 3574 3779 etiam
3616 3738 3706 3783 ora.

496 3837 559 3877 ac
628 3823 864 3891 linguas,
927 3835 1048 3888 qute
1117 3819 1249 3872 illud
1313 3818 1601 3872 laudatura
1664 3826 1819 3880 sunt,
1881 3825 2075 3871 sancta
2108 3832 2266 3873 esse.

566 3916 732 3969 Vens.
772 3914 857 3967 10.
898 3911 1124 3964 Initium
1174 3910 1449 3978 sapientia:
1477 3910 1637 3963 timor
1695 3908 1927 3963 Domini.
1973 3908 2067 3962 Est

2260 3904 2430 3974 Ἀρχὴ
2456 3905 2678 3975 σοφίας
2756 3906 2941 3973 φόϐος
3011 3907 3252 3973 Κυρίου.
3327 3907 3484 3979 Πηγὴ
3521 3908 3710 3978 σοφίας.

495 4008 640 4062 enim
675 4003 988 4073 hujusmodi
1029 4003 1194 4055 timor
1237 4001 1358 4055 fons
1421 4015 1486 4055 ac
1541 4002 1696 4055 radix
1762 4000 2066 4070 sapientiae.

2187 3999 2328 4071 ῥίζα,
2357 3999 2630 4062 ὑπόθεσις.
2664 3993 2742 4054 Οὗ
2773 3998 2885 4068 γὰρ
2914 3998 3081 4067 φόόος
3124 3999 3362 4053 ἐντολῶν
3397 4003 3628 4072 τήρησις,
3666 3995 3712 4052 οὗ

497 4099 603 4154 Ubi
635 4099 778 4152 enim
817 4107 902 4150 est
934 4097 1119 4158 timor,
1155 4093 1267 4147 illic
1302 4103 1357 4148 et
1387 4093 1773 4148 mandatorum
1806 4093 2067 4149 observa-

2187 4091 2237 4145 δὲ
2269 4091 2431 4161 αὕτη,
2471 4090 2761 4161 κάθαρσις.
2791 4085 2866 4145 Οὖ
2886 4091 2946 4144 δὲ
2970 4093 3258 4163 κάθαρσις,
3299 4095 3574 4164 ἓλλαμψις.

500 4197 621 4259 tio;
669 4191 761 4245 ubi
822 4199 1002 4244 autem
1060 4187 1368 4242 observatio
1427 4187 1838 4252 mandatorum,
1889 4186 2004 4241 illic
2053 4191 2110 4240 et
2181 4185 2453 4238 munditia
2513 4202 2528 4249 ;
2607 4184 2699 4238 ubi
2769 4199 2898 4239 vero
2974 4186 3262 4251 munditia,
3318 4186 3390 4240 ibi
3475 4189 3618 4241 etiam
3671 4195 3716 4239 et

499 4281 779 4354 splendor.

569 4373 863 4427 Prudentia
905 4381 1082 4424 autem
1125 4370 1262 4424 bona
1303 4371 1544 4425 omnibus
1573 4369 1894 4438 facientibus
1928 4383 2067 4422 eam.

2252 4363 2510 4428 Σύνεσις
2536 4363 2605 4416 δὲ
2631 4364 2846 4433 ἀγαθὴ,
2875 4363 3028 4419 πᾶσι
3077 4365 3202 4432 τοῖς
3230 4367 3511 4422 ποιοῦσιν
3535 4368 3715 4435 αὐτὴν.

501 4468 614 4522 lloc
667 4475 749 4520 est
775 4463 1137 4534 cperantibus
1180 4461 1486 4516 secundum
1527 4445 1900 4530 prudentiam,
1928 4459 2067 4513 bona

2187 4455 2308 4518 Τοῖς
2331 4455 2548 4509 ποιοῦσι
2575 4455 2674 4526 τὴν
2701 4457 2915 4525 σοφίαν,
2955 4460 3069 4520 τοῖς
3099 4458 3494 4528 ἐργαζομένοις
3526 4462 3715 4530 ταύτην,

496 4557 763 4611 accrescit
795 4553 1108 4624 prudentia.
1164 4550 1258 4604 Est
1308 4551 1454 4606 enim
1497 4550 1746 4620 quaedam
1783 4550 2067 4620 prudentia

2187 4549 2295 4610 τοῖς
2331 4547 2661 4616 εὐποροῦσιν
2685 4548 2880 4617 αὐτῆς,
2912 4549 3130 4613 σύνεσις
3158 4550 3342 4621 ἀγαθὴ
3377 4554 3714 4622 προσγίνεται.

501 4649 662 4710 mala,
694 4647 759 4700 de
792 4660 897 4714 qua
927 4643 1197 4712 scriptum
1243 4650 1326 4696 est
1360 4659 1374 4696 :
1406 4642 1702 4697 Prudentes
1736 4652 1790 4696 ut
1843 4642 2067 4712 malefa-

2187 4641 2342 4693 Ἐστι
2373 4641 2504 4710 γὰρ,
2547 4641 2640 4694 καὶ
2664 4641 2881 4704 σύνεσις
2907 4643 3149 4712 πονηρά’
3198 4645 3388 4714 Σοφοὶ
3431 4648 3558 4716 γὰρ,
3591 4647 3716 4715 φησὶ,

497 4739 663 4790 eiant.
731 4735 826 4788 Vel
876 4733 1403 4788 aliterzPrudentia
1462 4734 1604 4787 bona
1629 4741 1734 4798 est,
1814 4739 1869 4786 et
1924 4731 2067 4787 utilis

2187 4733 2294 4787 τοῦ
2323 4733 2746 4799 κακοποιῆσαι.
2784 4736 2856 4787 Ἦ
2889 4737 2984 4789 καὶ
3012 4737 3214 4808 ἑτέρως
3239 4753 3256 4769 ο
3288 4739 3322 4807 ή
3370 4739 3582 4801 σύνεσις
3610 4742 3719 4801 ἁγαο

500 4845 607 4882 non
662 4827 729 4881 iis
769 4827 1092 4896 simpliciter
1129 4830 1222 4897 qui
1269 4841 1388 4883 eam
1439 4827 1662 4890 habent,
1725 4825 1823 4882 sed
1863 4825 1934 4882 iis
1980 4825 2067 4895 qui

2187 4823 2252 4896 θή
2284 4826 2454 4886 ἑστιν,
2495 4826 2694 4890 εῑτουν,
2713 4825 3011 4896 ὠφέλιμος,
3042 4827 3104 4880 οὐ
3142 4830 3254 4892 τοίς
3305 4827 3493 4890 ἁπλῶς
3538 4829 3718 4897 ἔχουσιν

2185 4916 2537 4988 αὑτὴν,ἀλλὰ
2572 4917 2670 4971 καὶ
2693 4921 2806 4980 τοῖς
2855 4919 3160 4990 χρωμένοις
3207 4919 3371 4990 αὐτῇ,
3424 4916 3558 4990 πρὸς
3609 4919 3718 4988 ἔργα

2186 5007 2282 5062 καὶ
2311 5007 2502 5075 λάγους

2271 5095 2343 5154 Ἦ
2411 5100 2646 5167 utre-mc
2698 5101 2885 5156 αὐτοῦ
2942 5102 3112 5170 μένει
3161 5103 3250 5168 εις
3301 5103 3411 5156 τὸν
3441 5100 3613 5156 alim
3636 5095 3718 5152 τοῦ

2185 5189 2422 5257 αἰῶνος.
2469 5193 2758 5257 Ἦατνεσις
2806 5192 2906 5247 τοῦ
2955 5192 3196 5265 Χριστοῦ
3256 5195 3410 5265 μένει
3462 5191 3717 5258 ἀτελεύτη-

2243 1976 2555 2044 Δύτρωσιν
2585 1976 2905 2030 ἀπέστειλε
2944 1978 3025 2042 τῷ
3065 1978 3196 2043 λαῷ
3218 1978 3426 2034 αὐτοῦ.
3476 1977 3532 2031 '0
3556 1979 3715 2048 Πατὲερ

2173 2068 2266 2120 τὸν
2299 2068 2447 2131 Υῐὸν,
2478 2068 2596 2138 ἦτοι
2648 2069 2739 2121 τὸν
2773 2070 3009 2139 Χριστόν
3041 2087 3054 2100 ·
3109 2070 3450 2126 Ἀπέστειλε
3490 2072 3592 2140 γάρ
3635 2089 3712 2140 με,

2177 2161 2331 2228 φησὶ,
2364 2161 2618 2227 κηρύξαι
2665 2161 3058 2229 αἰχμαλώτοις
3112 2162 3339 2230 ἄφεσιν
3371 2179 3386 2193 ο
3421 2164 3513 2216 καὶ
3549 2165 3714 2216 πάλιν·

2173 2251 2366 2316 Αὐτὸς
2395 2253 2504 2322 γὰρ
2528 2253 2713 2304 σώσει
2735 2252 2841 2305 τὸν
2869 2254 3025 2306 λαὸν
3064 2253 3272 2307 αὐτοῦ.
3320 2256 3432 2308 Καὶ
3480 2256 3537 2317 ὃς
3585 2256 3714 2324 ἐδόθη

2173 2344 2308 2412 ἡμῖν
2339 2342 2407 2399 τά
2434 2361 2493 2398 τε
2522 2344 2657 2400 ἄλλα
2701 2345 2810 2400 ἀπὸ
2857 2346 2993 2400 Θεοῦ
3031 2347 3126 2400 καὶ
3163 2348 3557 2419 ἀπολύτρωσις,
3600 2352 3717 2402 κατὰ

2173 2433 2266 2486 τὸν
2293 2433 2633 2488 ’Δπόστολον.

2257 2524 2630 2581 Ἑνετείλατό
2692 2528 2780 2593 εις
2843 2527 2952 2580 τὸν
3035 2529 3218 2581 αἰῶνα
3284 2529 3571 2597 διαθήκην
3626 2533 3714 2585 at?»

2178 2613 2284 2667 τοῦ
2311 2615 2546 2683 (27-28).
2589 2615 2920 2669 Ἑνετεὶλατο
2947 2617 3029 2679 εἰς
3057 2617 3147 2669 τὸν
3174 2617 3346 2670 αἰῶνα
3379 2619 3627 2688 διαθήκην
3643 2617 3716 2669 αὐ-

2176 2705 2291 2769 τοῦ,
2315 2708 2412 2776 τὴν
2440 2707 2584 2769 νέαν,
2619 2706 2652 2776 ἢ
2690 2705 2906 2760 αἰώνιον
2927 2707 3191 2775 διαθήκην
3229 2707 3418 2771 αὑτοῦ,
3451 2709 3543 2778 τὴν
3570 2708 3711 2774 sitm:-

496 4936 562 4976 ea
592 4928 823 4976 utuntur
851 4920 906 4972 in
970 4934 1251 4986 sermone,
1285 4929 1448 4992 atque
1477 4920 1532 4976 in
1572 4918 1858 4991 operibus.

574 5099 838 5154 Laudatio
876 5098 990 5168 eius
1040 5109 1217 5157 manet
1249 5102 1304 5154 in
1347 5102 1598 5157 saeuiunt
1629 5101 1835 5158 steculi.
1867 5099 2075 5158 Christi

501 5197 624 5249 laus
672 5197 792 5250 sine
830 5195 934 5249 line
981 5193 1125 5265 apud
1186 5195 1410 5263 angelos
1461 5203 1672 5261 manet,
1714 5202 1769 5250 et
1798 5191 1942 5263 apud
1970 5191 2075 5246 lto-

568 5380 619 5412 ⁸⁸
653 5377 840 5432 Matth.
873 5391 1024 5443 xxtv,
1064 5376 1163 5437 55.
1236 5376 1286 5411 ’⁸
1326 5376 1687 5442 l.uc.tv,19.
1765 5379 1811 5411 ⁸⁷
1853 5379 2049 5436 Matth.

2187 5376 2241 5432 4.
2317 5374 2408 5428 ⁸⁸1
2438 5375 2568 5432 Cor.
2592 5388 2654 5440 lt,
2692 5373 2784 5432 30.
2873 5373 2922 5408 ”
2951 5372 3166 5430 Barueh
3227 5387 3288 5440 ιι,
3338 5371 3430 5427 35.

1856 5533 2057 5596 Varia)
2078 5533 2416 5600 lectiones.

575 5684 787 5754 (Ξῖ-28)
811 5685 998 5740 Graece
1020 5685 1088 5738 ad
1113 5687 1336 5740 verbum
1377 5703 1390 5740 :
1427 5684 1700 5739 Mandavit
1727 5685 1780 5738 in
1813 5685 2072 5740 uetulum
2259 5683 2374 5751 (29)
2411 5683 2475 5738 Et
2501 5683 2706 5748 laxius,
2763 5692 2817 5738 et
2852 5684 3035 5738 minus
3073 5681 3328 5738 fideliter.
3363 5679 3538 5754 Graece
3564 5673 3712 5754 :‘Tll

506 5748 876 5812 Ies'tamentum
914 5772 1092 5810 suum.
1126 5756 1317 5809 Latina
1374 5757 1688 5824 explanatio
1724 5763 1836 5808 tota
1885 5763 1969 5809 est
2006 5755 2073 5809 ab
2181 5748 2366 5824 quoad
2415 5755 2728 5824 exteriorem
2764 5754 2901 5824 eius
2957 5770 3206 5819 sensum;
3246 5763 3356 5806 tum
3395 5750 3526 5823 quod
3567 5748 3713 5817 ﬁgura

512 5828 811 5897 interprete
845 5828 973 5897 (nisi
994 5827 1135 5882 forte
1171 5827 1326 5884 deest
1357 5823 1585 5896 aliquid)
1615 5839 1787 5894 eaque
1817 5837 1962 5894 apta.
2185 5835 2298 5877 erat
2319 5835 2368 5879 et
2400 5823 2586 5878 umbra
2616 5823 2857 5878 alterius.
3519 5828 3536 5835 '
