3898 6570
236 487 367 541 ιυδἹ

1423 472 1812 537 CUMMEN'L
1849 483 1926 536 1N
1966 476 2308 537 PSALMUS

3383 479 3523 545 10538

235 604 324 654 τος
360 587 514 659 ποιρά
568 605 628 639 τε
659 588 913 657 ἀγγέλοις
951 591 1042 641 καὶ
1093 587 1447 658 ἀνθρώποις*
1477 588 1557 640 δεῖ
1618 584 1711 641 οὖν
1747 587 1803 639 αἱ

1941 589 2140 643 mines.
2177 587 2528 657 Decetigitur
2557 596 2613 643 ut
2652 604 2752 644 nos
2775 590 2924 646 illum
2960 606 3180 659 semper
3211 593 3520 661 laudemus,

236 689 346 739 νεῖν
382 682 546 737 αὐτὸν
576 683 670 737 καὶ
700 684 1068 754 εὐχαριστεῖν,
1105 682 1193 736 διὰ
1227 683 1452 746 παντός.

839 779 1232 845 Ἀλληλούϊα.

784 872 1077 925 ΨΑΛΜΟΣ
1108 872 1255 926 PIA'.

302 958 523 1033 Σφόδρα
558 978 647 1032 μοι
673 962 822 1016 δοκεῖ
851 962 927 1032 τῷ
974 964 1118 1016 τέλει
1157 964 1252 1017 τοῦ
1304 964 1411 1035 πρὸ
1448 965 1640 1019 τούτου
1684 964 1824 1035 ψαλ-

239 1056 341 1127 μοῦ
378 1056 611 1118 ἕπεσθαι
643 1056 703 1108 τὸ
751 1055 847 1108 τοῦ
902 1056 1174 1123 παρόντος
1218 1059 1507 1128 προοίμιον
1533 1075 1548 1090 ο
1602 1059 1684 1111 διὸ
1720 1059 1821 1130 τὴν

233 1148 403 1220 αὐτὴν
432 1148 527 1200 καὶ
552 1141 712 1210 οὗτος
743 1146 887 1219 εἶχεν
933 1148 1266 1219 ἐπιγραφὴν,
1307 1150 1383 1213 ὡς
1448 1149 1658 1205 ἐκείνου
1722 1152 1821 1220 μὲ-

231 1257 346 1310 ρος.
388 1241 541 1292 Ἐκεῖ
579 1240 677 1306 μὲν
708 1240 818 1310 γάρ
854 1257 1040 1310 φησιν,
1104 1241 1280 1309 Ἀρχὴ
1343 1244 1584 1312 σοφίας,
1636 1245 1823 1312 φόϐος

230 1334 473 1399 Κυρίουο
518 1332 748 1384 ἐνταῦθα
773 1332 851 1397 δὲ,
884 1329 1189 1402 Μακάριος
1211 1333 1369 1402 ἀνὴρ
1389 1339 1419 1389 ό
1451 1336 1823 1405 φοϐούμενος

229 1421 337 1475 τὸν
369 1422 620 1488 Κύριον.
674 1422 813 1474 Φασὶ
836 1422 893 1474 δέ
942 1439 1088 1486 τινες
1132 1427 1224 1479 τὸν
1267 1426 1627 1496 προκείμενον
1688 1426 1825 1496 ψαλ-

231 1513 351 1580 μὸν,
398 1511 493 1564 δύο
550 1529 612 1565 τε
673 1513 769 1566 καὶ⁸
823 1514 1001 1567 εἴκοσι
1059 1515 1278 1586 στίχους
1326 1517 1469 1587 ἔχειν
1536 1519 1680 1572 κατὰ
1727 1518 1820 1572 τὸν

226 1603 466 1674 ἀριθμὸν
515 1604 625 1657 τῶν
657 1603 965 1676 Ἑϐραϊκῶν
1014 1608 1382 1679 γραμμάτων,
1445 1609 1536 1664 καὶ
1584 1611 1683 1673 τὰς
1719 1612 1819 1681 ἀρ-

228 1694 330 1773 χὴς
367 1694 480 1748 τῶν
518 1695 717 1767 στίχων
745 1698 802 1749 ὲν
850 1697 929 1768 τῷ
979 1699 1277 1773 Ἐὗραῖκῷ,
1329 1704 1429 1767 τὰς
1487 1702 1664 1773 ἀρχὰς
1712 1703 1822 1756 τῶν

255 1786 570 1858 Ἑϐραϊκῶν
637 1790 826 1860 φέρειν
860 1793 1233 1863 γραμμάτων.

292 1969 601 2038 Μακάριος
628 1971 784 2040 ἀνὴρ
814 1977 847 2027 ό
878 1977 1255 2046 φοϐούμενος
1295 1978 1403 2033 τὸν
1439 1981 1679 2049 Κύριον.
1723 1980 1811 2035 Ἐν

221 2063 297 2132 τῷ
327 2063 662 2133 προλαὸὁντι
692 2064 893 2137 ψαλμῷ
909 2069 1001 2122 τὸν
1023 2069 1191 2139 φόϐον
1214 2071 1310 2126 τοῦ
1365 2074 1594 2144 Κυρίου,
1649 2077 1813 2146 σοφὸν

222 2152 350 2208 εἷπε
382 2158 596 2210 ποιεῖν’
649 2160 709 2212 ὲν
754 2160 930 2232 τούτῳ
977 2162 1055 2232 δὲ,
1098 2164 1396 2237 μακάριον.
1440 2168 1728 2240 Μακάριος
1786 2173 1814 2224 ὁ

220 2249 565 2319 φοϐούμενος
619 2253 708 2306 τὸν
760 2254 988 2326 Κύριον,
1038 2259 1137 2328 οὐχ
1191 2259 1400 2323 ἁπλῶς,
1451 2262 1706 2333 καθάπερ
1765 2265 1814 2317 οἱ

219 2340 497 2410 δαίμονες,
540 2344 657 2397 ἀλλ’
686 2344 829 2399 ὥστε
882 2348 1174 2417 φυλάττειν
1215 2352 1317 2415 τὰς
1364 2353 1812 2417 ἐντολὰςαύτοῦ.

232 2430 447 2484 Ἐκεῖνο
490 2432 592 2503 μὲν
636 2435 766 2506 γὰρ,
821 2440 988 2506 φόϐος
1037 2440 1196 2511 ψιλός
1228 2459 1243 2474 ο
1302 2442 1461 2497 τοῦτο
1519 2446 1596 2513 δὲ,
1649 2447 1814 2515 φόϐος

218 2523 471 2595 ἐνεργός.

292 2702 403 2758 Ἐν
433 2705 567 2771 ταῖς
592 2707 870 2773 ἐντολαῖς
906 2712 1101 2767 αὐτοῦ
1131 2713 1377 2781 θελήσει
1425 2718 1683 2786 σφόδρα.
1753 2721 1814 2775 Ὁ

218 2792 469 2860 τοιοῦτος
506 2798 566 2850 ἐν
596 2801 721 2863 ταῖς
755 2802 1000 2868 ἐντολαῖς
1050 2805 1143 2859 τοῦ
1180 2809 1390 2879 Κυρίου
1449 2809 1618 2864 αὑτοῦ
1686 2829 1811 2883 χαι-

225 2887 407 2956 ρήσει,
469 2892 964 2964 εὐφρανθήσεται·
1023 2903 1371 2973 τοῠτσγὰρ,
1435 2903 1497 2956 τὸ
1557 2906 1816 2972 Θελήσει

216 2975 462 3068 σφόδρα
487 2995 502 3010 ·
540 2979 638 3033 καὶ
686 2982 926 3054 ἀλλαχοῦ
955 2985 1067 3057 γὰρ
1100 2988 1312 3053 δεικνὺς
1340 2992 1439 3062 τὴν
1475 2993 1689 3064 ἡδονὴν.
1747 2998 1814 3068 ἣν

216 3067 332 3137 ἔχει
387 3071 520 3141 περὶ
577 3073 646 3127 τὰ
700 3078 1103 3150 προστάγματα
1152 3082 1245 3136 τοῦ
1301 3085 1460 3150 Θεοῦ,
1482 3089 1679 3156 φησίν·
1717 3067 1817 3156 Ὧς

216 3162 452 3230 γλυκέα
473 3162 556 3230 τῷ
573 3165 830 3240 λάρυγγί
846 3187 963 3241 μου
992 3174 1064 3230 τὰ
1086 3176 1266 3247 λόγιὰ
1306 3192 1425 3234 σου
1447 3180 1471 3234 Ι
1499 3180 1655 3248 ὑπὲρ
1669 3181 1812 3249 μέλι

211 3251 296 3318 τῷ
322 3256 578 3325 στόματί
592 3277 756 3328 μου..
1643 3258 1654 3266 ’

284 3349 561 3405 Δυνατόν
608 3352 679 3407 ἐν
740 3354 816 3425 τῇ
878 3356 959 3427 τῇ
986 3360 1159 3414 ἔσται
1214 3362 1280 3416 τὸ
1327 3365 1567 3435 σπέρμα
1588 3370 1798 3425 αὐτοῦ.

212 3439 652 3511 Δυναμούμενον
688 3448 792 3501 ὑπὸ
826 3450 920 3504 τοῦ
952 3452 1088 3506 Θεοῦ
1138 3456 1278 3507 κατὰ
1302 3457 1409 3510 τῶν
1463 3461 1805 3531 ἐπηρεαζόν-

212 3546 347 3624 των.
409 3533 643 3621 Σπέρμα
695 3540 752 3592 δὲ
797 3543 965 3596 αὑτοῦ
1022 3546 1070 3597 οί
1134 3549 1379 3618 μαθηταὶ
1415 3553 1510 3605 καὶ
1543 3555 1803 3624 μιμηταὶ,

213 3622 312 3676 καὶ
371 3625 474 3696 τὴν
525 3629 823 3702 ὁμοιότητα
856 3634 952 3687 καὶ
980 3635 1040 3688 τὸ
1074 3640 1317 3708 γνήσιον,
1365 3642 1471 3693 ἀπὸ
1501 3644 1611 3697 τῶν
1637 3622 1808 3716 χαρα-

213 3718 442 3786 κτήρων
479 3724 579 3789 τῆς
616 3723 897 3789 πολιτείας
932 3726 1220 3797 σώζοντες,
1248 3733 1342 3785 καὶ
1389 3735 1644 3808 καθάπερ
1682 3739 1804 3794 τινὰ

213 3808 426 3879 κλῆρον
458 3812 559 3877 τὰς
578 3814 780 3885 ἀρετᾶς
805 3818 899 3872 τοῦ
921 3818 1245 3876 διδασκάλου
1275 3824 1583 3897 δεξάμενοι.

287 4073 483 4168 rev-sd
513 4077 745 4166 εὐθέων
774 4087 1271 4157 εὐλογηθήσεται.
1318 4094 1456 4149 Ὑπὸ
1476 4097 1575 4168 τῆς
1612 4103 1807 4168 γενεᾶς

211 4161 329 4256 τῶν
355 4165 432 4256 μὴ
458 4162 932 4244 διεστραμμένων,
991 4178 1106 4232 ἀλλ’
1135 4182 1272 4254 ὀρθὰ
1323 4161 1672 4256 φρονούντων
1711 4161 1805 4246 sit;

210 4251 600 4327 λογηθήσεται.
1030 4296 1033 4299 ν

286 4350 452 4414 Δόξα
504 4355 605 4408 καὶ
664 4358 929 4427 πλοῦτος
989 4362 1061 4416 ἐν
1103 4364 1184 4430 τῷ
1249 4367 1393 4435 οἴκῳ
1426 4373 1636 4426 αὐτοῦ.
1668 4375 1807 4440 Δόξα

210 4441 373 4511 παρὰ
403 4442 566 4510 Θεοῦ,
602 4448 696 4500 καὶ
730 4449 961 4514 πλοῦτος
995 4452 1052 4506 ὲν
1077 4455 1303 4523 ἀγαθοῖς
1356 4460 1571 4530 ἔργοις·
1626 4463 1658 4536 ἢ
1710 4467 1807 4521 καὶ

206 4533 342 4629 δόξα
374 4537 528 4629 παρα
567 4539 875 4609 ἀνθρώπων
913 4546 1197 4616 τιμώντων
1230 4549 1394 4604 αὐτὸν
1428 4552 1517 4606 διὰ
1549 4533 1656 4619 τὰς*
1678 4558 1807 4629 ἀρε-

1938 690 1994 736 et
2025 695 2273 761 summas
2302 681 2376 735 illi
2414 697 2633 754 semper
2662 686 2867 754 gratias
2915 700 3162 757 agamus.

2595 776 2854 831 Alleluia.

2475 869 2796 925 PSALMUS
2823 870 2957 926 CXI.

2000 954 2336 1026 Principium
2370 959 2537 1029 hujus
2571 961 2763 1031 psalmi
2802 963 3095 1015 maximam
3128 965 3259 1017 mihi
3292 966 3510 1022 videtur

1926 1050 2384 1119 consequentiam
2447 1051 2650 1107 habere
2721 1053 2787 1107 ad
2833 1055 2993 1107 ﬁnem
3036 1060 3506 1130 superioris:qun

1926 1142 2141 1196 ratione
2171 1143 2420 1197 eamdem
2476 1159 2600 1197 cum
2652 1145 2745 1199 illo
2798 1145 3217 1216 inscriptionem
3252 1153 3505 1205 sortitum

1929 1244 2081 1303 puto.
2120 1234 2217 1289 Est
2248 1239 2454 1290 etenim
2530 1236 2699 1290 veluti
2755 1238 3005 1307 quiedam
3043 1241 3191 1296 illius
3247 1260 3395 1311 pars.
3432 1245 3509 1300 lbi

1925 1323 2070 1377 enim
2123 1323 2407 1394 legimus:
2445 1324 2670 1379 Initium
2731 1327 3010 1395 sapientia:
3063 1339 3142 1381 est
3173 1330 3333 1382 timor
3403 1333 3510 1385 Do-

1930 1417 2096 1482 mini,
2146 1416 2237 1471 hic
2296 1426 2527 1472 autem:
2573 1418 2770 1473 Beatus
2822 1421 2924 1482 vir,
2971 1420 3060 1490 qui
3117 1422 3264 1475 timet
3325 1423 3511 1477 Domi-

1927 1525 2091 1576 num,-
2128 1508 2308 1563 l'crunt
2371 1519 2557 1564 autem
2610 1511 2759 1565 hunc
2809 1512 3082 1581 psalmum
3132 1525 3388 1569 constare
3439 1533 3509 1573 ex

1925 1600 2142 1656 duobus
2180 1610 2235 1655 et
2302 1601 2495 1672 viginti
2550 1603 2842 1658 versiculis
2868 1644 2884 1669 ,
2917 1605 3073 1674 juxta
3109 1604 3507 1662 Hebraicarum

1927 1691 2232 1746 litterarum
2268 1708 2581 1747 numerum.
2615 1691 2843 1761 Ipsaque
2882 1695 3279 1750 versiculorum
3311 1699 3511 1766 print-i-

1926 1784 2036 1854 pia,
2095 1785 2239 1853 apud
2278 1784 2533 1838 Hebraeos
2605 1785 2788 1838 omnia
2841 1785 3162 1856 hnjusmudi
3197 1789 3505 1844 litterarum

1925 1879 2145 1944 signare
2194 1880 2487 1931 elcntcnta.

1990 1972 2237 2026 VsusJ.
2291 1970 2486 2025 Beatus
2545 1973 2627 2024 vir
2690 1972 2782 2042 qui
2858 1974 3003 2026 timet
3072 1974 3378 2032 Dominum.
3450 1976 3507 2034 In

1922 2060 2257 2131 praecedenti
2316 2063 2528 2132 psalmo
2561 2062 2768 2117 dictum
2823 2064 3082 2133 estquod
3134 2067 3301 2121 timor
3325 2069 3511 2124 Domi-

1915 2153 1970 2207 ni
2037 2154 2339 2223 sapientem
2376 2154 2653 2209 hominem
2711 2154 2912 2222 reddit,
2958 2157 3012 2211 in
3050 2161 3153 2213 hoc
3186 2176 3338 2226 vero,
3359 2164 3507 2232 quod

1914 2246 2080 2301 etiam
2118 2245 2337 2300 beatum
2375 2263 2388 2299 :
2427 2246 2627 2301 Beatus
2664 2249 2768 2312 vir,
2822 2249 3025 2318 inquit,
3062 2253 3154 2320 qui
3186 2255 3340 2307 timet
3396 2255 3505 2310 Du~

1917 2340 2149 2401 minum,
2201 2352 2309 2391 non
2341 2347 2522 2394 tamen
2569 2342 2662 2410 qui
2725 2342 3049 2410 simpliciter
3094 2343 3250 2398 timet
3278 2345 3423 2413 (nam
3449 2358 3508 2402 ct

1916 2428 2192 2485 daemones
2237 2433 2401 2486 etiam
2478 2430 2646 2486 Deum
2699 2431 2937 2503 timent),
2971 2434 3064 2487 sed
3100 2435 3193 2502 qui
3231 2436 3406 2502 timet,
3441 2449 3501 2492 ut

1916 2529 2096 2575 servet
2138 2522 2421 2575 mandata.
2472 2522 2566 2575 Ille
2624 2521 2769 2575 enim
2822 2523 2899 2576 tiu
2921 2537 2986 2577 or
3019 2523 3156 2580 levis
3190 2529 3503 2596 atqueinao

1920 2613 2007 2668 nis
2045 2620 2131 2667 est
2168 2631 2182 2666 :
2236 2614 2342 2669 iste
2371 2625 2550 2668 autem
2588 2612 2775 2667 eliicax
2826 2623 2879 2669 et
2901 2626 3119 2684 potens.

1990 2704 2057 2760 In
2091 2706 2362 2761 mandatis
2389 2707 2500 2776 ejus
2536 2706 2671 2761 volet
2722 2707 2893 2762 valde.
2942 2706 3269 2777 “ejusmodi
3303 2712 3415 2773 vir,
3446 2713 3501 2766 in

1919 2800 2194 2855 mandatis
2244 2798 2461 2854 Domini
2495 2799 2581 2855 sui
2630 2800 2891 2870 gaudebit
2950 2809 3008 2855 et
3062 2801 3358 2858 lambitur.
3422 2805 3505 2859 Ita

1920 2894 2069 2949 enim
2119 2892 2435 2962 signiﬁcant
2493 2893 2586 2947 illa
2638 2893 2857 2947 verba:
2924 2891 3070 2947 Volet
3125 2896 3298 2950 valde.
3352 2895 3506 2953 Hanc

1921 2992 2107 3041 autem
2157 2986 2605 3050 delectationem,
2653 3001 2817 3055 quam
2873 3001 2937 3040 ex
2976 2986 3181 3041 divinis
3228 2989 3507 3046 mandatis

1916 3077 2193 3149 Propheta
2244 3080 2712 3148 consequebatur,
2763 3078 2894 3132 alibi
2933 3079 3099 3133 etiam
3151 3080 3502 3136 manifestius

1920 3170 2235 3240 exprimens
2261 3169 2337 3225 ait
2374 3186 2388 3223 :
2423 3170 2598 3234 Quam
2639 3169 2816 3223 dulcia
2855 3169 3102 3238 faucibus
3134 3171 3262 3224 meis
3292 3171 3502 3243 eloquio

1835 3270 1878 3328 (ζ
1915 3272 2028 3326 tua,
2062 3277 2222 3331 super
2262 3261 2367 3316 me!
2389 3261 2472 3315 ori
2508 3276 2621 3315 meo
2652 3261 2690 3314 '.

1980 3355 2144 3411 Vens.
2173 3355 2228 3408 ‘2.
2285 3353 2485 3409 Potens
2519 3354 2574 3408 in
2631 3364 2774 3407 terra
2822 3355 2924 3408 erit
2976 3370 3150 3409 semen
3187 3356 3321 3426 ejus.
3351 3357 3498 3413 Bed-

1907 3447 2068 3503 detur
2101 3449 2248 3502 enim
2310 3456 2511 3517 potens
2540 3461 2605 3502 ac
2663 3445 2930 3509 validum,
2984 3446 3250 3504 adversus
3281 3464 3495 3515 etnnes,

1909 3542 2003 3608 qui
2053 3537 2249 3595 laedere
2312 3553 2408 3595 eos
2454 3538 2754 3594 voluerint.
2813 3537 3011 3594 Semen
3090 3554 3220 3596 vero
3274 3542 3496 3597 Domini

1908 3632 2169 3703 discipuli
2211 3640 2361 3697 sunt,
2411 3639 2466 3703 et
2521 3632 2828 3687 imitatores
2881 3632 3110 3687 Christi.
3154 3634 3257 3700 Qui
3302 3636 3499 3690 simili-

1910 3725 2154 3780 tudinem
2194 3740 2258 3780 ac
2307 3725 2729 3796 germanitatem
2774 3726 2901 3779 vita:
2943 3740 3008 3778 ac
3051 3727 3495 3781 conversationis

1907 3817 2112 3873 Christi
2150 3824 2457 3882 servantes,
2496 3831 2727 3887 eamque
2767 3815 2934 3870 veluti
2969 3827 3253 3884 paternam
3298 3832 3494 3886 quam-

1910 3913 2033 3965 dam
2085 3911 2461 3966 haereditatem
2512 3910 2900 3981 suscipientes,
2974 3912 3177 3966 robore
3234 3925 3299 3966 ac
3356 3914 3493 3966 viri-

1908 4003 2014 4058 bus
2039 4017 2258 4072 semper
2288 4011 2584 4073 augentur.

1986 4094 2273 4150 Generatio
2306 4104 2571 4149 rectorum
2625 4096 2981 4150 benedicetur.
3045 4094 3089 4148 A
3145 4095 3497 4163 generatione

1909 4187 2126 4242 scilicet
2170 4186 2542 4241 consimilium
2602 4187 2911 4255 hominum,
2946 4187 3037 4256 qui
3083 4202 3190 4240 non
3240 4201 3496 4257 perversa

1913 4279 2185 4345 sentiunt,
2217 4279 2323 4347 sed,
2339 4289 2509 4333 recta.

1979 4368 2147 4426 Vens.
2181 4372 2236 4424 5.
2264 4369 2449 4423 Gloria
2498 4378 2547 4423 et
2583 4370 2781 4424 divitia:
2818 4371 2873 4422 in
2928 4369 3084 4422 domo
3110 4370 3248 4437 ejus.
3283 4371 3491 4437 Gioria,

1909 4464 2109 4533 inquit,
2157 4477 2186 4516 a
2233 4460 2342 4516 Deo
2397 4461 2501 4515 erit
2580 4462 2698 4515 viro
2767 4462 2980 4515 timenti
3041 4475 3187 4525 eum,
3250 4469 3304 4516 et
3364 4476 3492 4515 cunt

1909 4555 2085 4627 gloria
2131 4554 2296 4608 etiam
2346 4552 2596 4618 divitiae;
2640 4552 2865 4615 divitiae,
2917 4553 3163 4621 inquam,
3214 4551 3487 4608 bonorum

206 4625 312 4689 τὰς
345 4627 539 4693 αὑτοῦ,
588 4631 681 4685 καὶ
708 4633 938 4698 πλοῦτος
973 4637 1050 4708 τῷ
1086 4639 1342 4712 εὐπορεῖν
1399 4638 1473 4697 ὧν
1528 4645 1793 4718 βούλοιτο,

1927 4661 2162 4718 ψετιιιιι.
2212 4643 2309 4698 Vel
2371 4645 2545 4715 gloria
2600 4646 2649 4699 ei
2697 4647 2800 4700 erit
2833 4646 2902 4700 ab
2959 4645 3297 4714 hominibus,
3358 4649 3491 4716 quia

203 4720 300 4770 ὅτε
331 4720 428 4773 καὶ
460 4720 675 4794 θελήσει
708 4724 795 4779 διὰ
821 4728 920 4800 τὴν
942 4730 1023 4793 εἰς
1066 4731 1200 4786 Θεὸν
1249 4734 1458 4801 πίστιν,
1494 4738 1588 4792 καὶ
1643 4745 1792 4815 παῤ-

203 4811 415 4878 ρησίαν
442 4814 634 4869 αὐτοῦ.

1900 4740 1972 4794 ob
2026 4736 2341 4805 huiusmodi
2383 4736 2642 4790 virtutem
2695 4752 2819 4791 eum
2880 4737 3253 4795 honorabuut.
3315 4741 3490 4795 Simili

1899 4830 2064 4886 modo
2105 4829 2269 4882 etiam
2319 4827 2368 4881 ei
2418 4827 2653 4883 aderunt
2699 4828 2939 4894 divitire,
2983 4832 3113 4900 quia
3161 4833 3325 4887 rebus
3375 4849 3494 4886 οιιι-

201 4904 377 4957 nibus
433 4903 640 4972 attinet,
681 4924 821 4979 quas
875 4913 1131 4980 optabit;
1167 4915 1325 4984 juxta
1379 4934 1541 4989 quem
1569 4936 1793 4978 sensum
1824 4922 2091 4991 intellige,
2133 4917 2278 4988 quod
2339 4918 2486 4972 volet
2550 4920 2709 4973 valde
2757 4920 2812 4972 in
2881 4921 3161 4977 mandalis
3228 4923 3359 4987 Dei,
3419 4924 3491 4975 οι)

199 5012 368 5052 suam
429 4999 680 5058 videlicet
726 5019 998 5062 summam
1052 5008 1106 5063 in
1158 5009 1328 5065 Deum
1390 5012 1669 5080 ﬁduciam,
1718 5031 1784 5071 ac
1826 5018 2010 5072 tidem.

281 5088 395 5142 Καὶ
428 5089 462 5156 ὴ
491 5089 852 5162 δικαιοσύνη
875 5098 1087 5162 αὐτοῦ,
1117 5097 1286 5167 μένει
1317 5103 1401 5166 είς
1429 5104 1537 5177 τὸν
1589 5103 1797 5160 αἰῶνα.

210 5181 286 5235 Ἡ
311 5182 483 5251 ἀρετὴ
512 5187 545 5253 ή
583 5183 871 5239 δικαιοῦσα
912 5189 1098 5252 αὑτὸν,
1145 5190 1297 5260 μένει
1353 5193 1663 5265 ἀνώλεθρος
1721 5199 1801 5260 είς

201 5273 304 5326 τὶν
336 5272 514 5325 αἰῶνα
545 5276 639 5329 τὸν
669 5277 955 5347 μέλλοντα,
987 5283 1446 5354 συναποδημοῦσα
1479 5285 1674 5357 τούτῳ.

271 5450 689 5515 Ἐξανέτεαζεν
754 5459 829 5515 ἐν
881 5462 1087 5515 σκότει
1141 5462 1268 5531 φῶς
1327 5446 1454 5530 τοῖς
1518 5468 1782 5524 εὐθέσιν.

207 5542 594 5607 Ἐξανέτειλεν
627 5550 656 5600 ὁ
681 5547 814 5611 Θεὸς
844 5554 956 5613 τοῖς
992 5555 1050 5605 ἐν
1087 5555 1271 5608 σκότει
1317 5559 1646 5629 πειρασμῶν
1695 5563 1791 5615 καὶ

192 5632 442 5704 θλίψεων
469 5634 586 5704 φῶς
619 5637 976 5711 ἀπαλλαγῆς,
1019 5645 1111 5696 καὶ
1163 5640 1545 5715 ψυχαγωγίας.
1619 5651 1686 5704 Ἢ
1729 5654 1792 5704 ἐκ

189 5729 308 5797 γῆς
332 5726 611 5781 ἀνέτειλεν
641 5730 699 5782 ὲν
732 5731 917 5786 σκότει
936 5732 1036 5802 τῆς
1065 5734 1271 5809 πλάνης
1313 5737 1430 5807 φῶς
1477 5740 1735 5812 ἀληθείας
1765 5744 1792 5796 ὁ

311 5908 328 5940 ⁸
367 5906 523 5963 Psal.
552 5926 721 5977 cxvn,
752 5913 807 5968 5.

460 6009 737 6074 ΡΑΤιιοι..
768 6018 883 6077 Gn.
919 6015 1015 6075 CX
1030 6010 1247 6076 XVIII.

1984 5103 2049 5154 Et
2077 5102 2299 5170 justilia
2345 5102 2463 5172 ejus
2496 5109 2673 5154 manet
2720 5102 2776 5155 in
2839 5102 3092 5159 saeuiunt
3134 5102 3336 5157 sa’culi.
3368 5105 3491 5159 Vir-

1908 5204 2017 5256 tus,
2065 5207 2189 5261 qua:
2234 5210 2358 5247 eum
2419 5193 2747 5263 justiﬁcavit
2783 5196 3097 5264 incorrupta
3143 5201 3489 5265 permanebit

1903 5286 1960 5340 in
2013 5286 2258 5339 futurum
2294 5288 2577 5339 saeculum.
2633 5285 2848 5355 Quippe
2890 5302 3010 5356 qum
3049 5297 3171 5357 post
3221 5289 3364 5345 hanc
3408 5293 3480 5344 vi-

1901 5391 2036 5447 tam,
2074 5381 2230 5434 illum
2288 5392 2507 5449 semper
2538 5380 2913 5435 comitabitur.
3200 5394 3203 5403 '

1967 5471 2149 5527 Vens:
2176 5472 2228 5525 4.
2264 5471 2524 5524 Exortum
2568 5479 2645 5523 est
2702 5472 2757 5523 in
2797 5472 3240 5527 tenebrislmncn
3299 5477 3483 5545 rectis,

1907 5561 2145 5616 Exortus
2176 5571 2281 5623 est,
2326 5562 2524 5630 inquit,
2572 5560 2718 5619 Deus
2762 5562 3098 5631 hominibus,
3147 5566 3243 5634 qui
3279 5565 3333 5619 in
3356 5574 3485 5621 ten-

1905 5655 2201 5719 tationum,
2252 5663 2417 5725 atque
2486 5652 2842 5710 aﬂ'lictionum
2909 5658 3153 5712 tenebris
3200 5658 3482 5729 jztcebant.

1907 5746 2022 5813 ille,
2073 5746 2324 5817 inquam,
2382 5748 2550 5815 Deus,
2584 5749 2679 5820 qui
2733 5750 2940 5820 lumen,
2980 5766 3076 5807 seu
3115 5755 3205 5809 lux
3235 5762 3318 5810 cst
3342 5768 3486 5811 rem

2965 6027 3065 6115 35,
