3898 6586
230 494 362 559 1ἷο5

1423 489 1810 552 COMMENT.
1850 490 1931 552 IN
1972 488 2325 551 PSALMOS.

3339 483 3485 549 1106

226 603 491 656 ἀνιστων
543 601 794 671 πένητα.
824 599 936 671 Γῆν
970 600 1066 655 καὶ
1098 596 1335 672 κοπρίαν
1387 598 1486 670 τὴν
1525 600 1801 655 εὐτέλειαν

1915 616 2211 669 pauperem.
2270 600 2372 655 Per
2406 607 2606 655 terram
2654 607 2705 655 et
2753 604 2992 663 stercus,
3058 595 3386 653 tenuitatem
3422 612 3487 651 ac

223 695 482 765 ὀκομὰζει
503 714 517 729 ·
549 699 643 752 καὶ
672 697 839 767 ὑμνεῖ
863 695 963 767 τὴν
997 693 1230 768 δύναμιν
1260 693 1354 748 τοῦ
1410 693 1804 767 Θεοῦ,’ραδίως

226 788 669 859 μεταϐάλλουσαν
701 789 738 844 ἃ
766 788 1040 860 βούλεται.

289 960 409 1015 Τοῦ
439 966 688 1017 καθίσαι
716 962 905 1016 αὐτὸν
931 960 1082 1031 μετὰ
1112 962 1451 1032 ἀρχόντων,
1506 963 1660 1031 μετὰ
1697 963 1804 1030 dp-

222 1053 459 1121 χόντων
517 1054 671 1109 λαοῦ
725 1054 938 1110 αὑτοῦ.
1004 1055 1078 1108 Οὐ
1114 1054 1274 1126 μόνον
1302 1054 1609 1120 πλουτίζων
1640 1054 1804 1108 αὑτὸν

222 1146 308 1198 καὶ
337 1145 612 1214 δοξάζων,
653 1148 790 1202 ἀλλὰ
823 1149 918 1203 καὶ
948 1150 1062 1213 τοῖς
1093 1148 1325 1221 ἄρχουσι
1348 1149 1444 1202 τοῦ
1475 1147 1609 1201 λαοῦ
1636 1148 1802 1202 αὑτοῦ

224 1237 593 1306 συγκαθίζων,
623 1239 717 1294 καὶ
736 1243 816 1304 εἰς
839 1242 1017 1313 ἀρχὴν
1040 1244 1136 1295 καὶ
1165 1241 1355 1295 τοῦτον
1383 1241 1553 1311 ἄγων.
1580 1241 1804 1294 Νοεῖται

218 1330 269 1381 δὲ
301 1330 394 1382 καὶ
441 1333 472 1384 ὁ
517 1332 576 1397 ἐξ
603 1334 775 1386 ἐθνῶν
827 1333 980 1399 λαὸς,
1046 1334 1262 1404 πτωχὸς
1302 1334 1402 1388 καὶ
1458 1334 1652 1404 πένης,
1691 1334 1749 1387 ὃν
1774 1336 1803 1388 ὁ

220 1422 458 1490 Χριστὸς
488 1426 597 1479 ἀπὸ
628 1427 729 1496 τῆς
763 1427 993 1497 ἀτιμίας
1024 1428 1134 1481 τῶν
1183 1427 1379 1481 παθῶν
1432 1429 1673 1498 ἐγείρας,
1707 1425 1803 1480 κα)⁸

219 1515 445 1584 Erl/lianc;
489 1517 578 1571 διὰ
606 1519 700 1572 τοῦ
740 1520 1098 1589 Εὑαγγελίου,
1130 1522 1373 1592 ἰσότιμον
1411 1523 1637 1592 ἐποίησε
1690 1523 1802 1585 τοῖς

219 1610 570 1676 ἀποστόλοις,
604 1613 699 1674 οὓς
730 1614 824 1667 καὶ
843 1615 1182 1685 κατέστησεν
1205 1616 1476 1686 ἄρχοντας
1507 1617 1600 1668 ἐπὶ
1621 1618 1802 1669 πᾶσαν

215 1703 309 1770 τὴν
360 1704 515 1772 γῆν,
557 1704 632 1768 ὼς
700 1708 757 1758 ἐν
823 1706 997 1777 ἑτέρῳ
1055 1707 1255 1778 ψαλμῷ
1312 1708 1629 1780 δεδήλωται.
1667 1706 1801 1763 Εἶτα

215 1794 374 1862 ὑμνεί
425 1798 525 1851 καὶ
567 1797 793 1868 μείζονα
838 1799 1069 1870 δύναμιν
1125 1800 1316 1863 αὐτοῦ,
1373 1801 1803 1873 μεταϐάλλοντος

212 1890 269 1940 οὐ
302 1893 616 1961 πράγματα
647 1893 807 1961 μόνον
837 1893 1047 1959 ἁπλῶς,
1076 1893 1213 1947 ἀλλὰ
1265 1895 1360 1947 καὶ
1404 1895 1615 1964 φύσεις.

1910 703 2286 766 paupertatem
2314 695 2583 763 intelligit.
2626 693 2836 747 Laudat
2869 700 3073 757 autem,
3116 699 3280 760 atque
3308 691 3487 745 admi-

1910 798 2063 843 ratur
2110 787 2381 858 Pmplteta
2421 788 2513 843 Dei
2557 786 2878 857 potentiam,
2931 784 3021 855 qui
3073 783 3141 838 de
3176 783 3324 837 facili
3385 784 3488 837 int-

1909 888 2085 935 mutat
2113 895 2454 951 quaecltnque
2484 879 2619 933 vult.

1985 970 2148 1025 Vens.
2180 970 2233 1026 8.
2272 967 2339 1024 Ut
2390 968 2607 1023 col/aret
2659 982 2774 1033 eum
2815 981 2930 1019 cum
2981 963 3329 1034 principibus,
3364 978 3485 1015 cum

1906 1060 2225 1132 principibus
2249 1060 2428 1131 populi
2461 1061 2564 1114 sui.
2599 1057 2718 1114 Non
2767 1057 2942 1112 solum
2997 1054 3220 1109 divitem
3276 1063 3328 1107 et
3363 1053 3486 1123 glo-

1906 1158 2116 1211 riosum
2155 1156 2309 1218 facit,
2341 1155 2434 1209 sed
2477 1168 2600 1208 cum
2638 1151 2822 1223 populi
2859 1151 2941 1206 sui
2980 1147 3330 1220 principibus
3360 1162 3485 1200 eum

1905 1250 2071 1303 etiam
2098 1248 2354 1308 collocat.
2411 1247 2515 1302 lloc
2547 1255 2652 1311 est,
2689 1245 2754 1299 ad
2793 1241 3158 1314 principatum
3212 1250 3376 1309 atque
3418 1237 3486 1293 ad

1908 1341 2196 1411 imperium
2238 1357 2363 1397 cum
2395 1341 2565 1397 etiam
2619 1338 2893 1410 provehit.
2944 1335 3050 1391 Per
3101 1338 3319 1404 inopem
3360 1349 3488 1391 vero

1905 1442 1960 1490 et
1987 1450 2303 1505 pauperem,
2333 1433 2547 1490 ﬁdelem
2583 1433 2843 1504 populum
2879 1447 2945 1485 ex
2978 1429 3235 1500 gentibus
3256 1442 3489 1495 congre-

1906 1534 2095 1594 gatum
2135 1525 2581 1595 intelligejquem
2617 1541 2646 1577 a
2676 1524 2950 1592 turpibus,
2982 1531 3150 1590 atque
3180 1517 3486 1573 inhonestis

1906 1619 2446 1690 aflbctibuserigens
2469 1617 2729 1673 Christus
2754 1660 2759 1665 .
2783 1631 2878 1686 per
2910 1614 3264 1683 Evangelium
3303 1612 3357 1665 in
3408 1610 3489 1663 al-

1906 1718 2022 1765 tum
2072 1712 2275 1776 evexit,
2334 1710 2587 1765 eumdem
2641 1709 2687 1763 ei
2746 1723 2905 1778 quem
2952 1706 3170 1777 populis
3225 1705 3488 1756 honorem

1905 1803 2220 1869 impcrtitus
2278 1819 2292 1856 :
2355 1802 2674 1872 Apostolis,
2737 1800 2989 1869 inquam,
3046 1811 3185 1867 quos
3227 1795 3490 1863 principes

1906 1913 2063 1966 super
2113 1913 2319 1951 omnem
2375 1905 2572 1950 terrant
2628 1896 3004 1958 constituerat,
3049 1900 3104 1945 ut
3136 1890 3370 1946 vidimus
3436 1888 3488 1939 in

213 1982 427 2048 psalmo
464 1999 611 2037 xuv.
684 1984 972 2039 Postremo
1042 1987 1305 2055 majorem
1382 1987 1672 2056 quamdam
1720 2000 1785 2040 ac
1852 1988 2117 2054 potiorem
2170 1986 2468 2058 potentiam
2525 1985 2617 2040 Dei
2669 1983 2976 2040 admiratur
3023 1980 3117 2051 qui
3179 1992 3285 2033 non
3341 1977 3492 2047 ipsas

209 2081 422 2128 tantum
452 2090 542 2129 tes
571 2074 866 2131 immutare
899 2077 1088 2145 possit,
1137 2078 1232 2133 sed
1272 2078 1445 2148 ipsam
1492 2077 1657 2132 etiam
1701 2093 1903 2132 eorum
1920 2088 2197 2134 naturam.
2221 2078 2375 2136 Unde
2405 2078 2480 2133 ait
2520 2096 2534 2133 :

287 2168 352 2221 '0
388 2167 741 2231 κατοικίζων
768 2171 1018 2240 στείραν
1061 2172 1133 2225 ἐν
1187 2173 1352 2240 οἴκῳ,
1406 2173 1637 2242 μητέρα
1692 2172 1793 2227 ἐπὶ

1971 2173 2142 2230 Vens.
2177 2175 2234 2230 9.
2298 2173 2403 2240 Qui
2450 2172 2696 2226 habitare
2745 2170 2876 2241 facit
2926 2166 3160 2223 sterilem
3211 2166 3268 2220 in
3330 2165 3488 2219 domo

208 2260 447 2327 τέκνοις
476 2264 982 2334 εὐφραινομέγην.
1016 2266 1128 2333 Τὴν
1162 2266 1388 2337 στείραν
1420 2267 1594 2320 ποιῶν
1626 2269 1800 2320 οἰκεῖν

205 2353 259 2404 ὲν
277 2355 421 2424 οἴκῳ
469 2357 685 2428 μητέρα
717 2359 810 2412 ἐπὶ
837 2358 1052 2419 τέκνοις
1088 2360 1561 2431 εὐφραινομένην·
1592 2359 1666 2424 ὡς
1705 2358 1801 2414 καὶ

204 2446 293 2495 ἐπὶ
321 2447 546 2499 πολλῶν
591 2449 806 2518 γέγονε.
844 2452 999 2515 Τινὲς
1033 2450 1087 2505 δὲ
1117 2447 1378 2523 οἶκοντὴν
1408 2453 1672 2527 φαμιλίαν
1693 2454 1800 2508 τῶν

205 2536 415 2592 παίδων
442 2541 691 2611 ἐνόησαν.

814 2725 1204 2797 Ἀλληλούτα.

737 2859 886 2913 ΨΔΛ
904 2861 1046 2915 MOE
1076 2862 1223 2917 PII".

273 3012 729 3084 Εὐχαριστήριος
761 3018 855 3070 καὶ
888 3010 1067 3083 οὗτος,
1119 3019 1220 3084 τὰς
1296 3020 1572 3084 Ἰουδαίοις
1644 3024 1800 3092 παρὰ

196 3105 351 3158 Θεοῧ-
379 3105 552 3160 πάλαι
580 3109 1023 3178 παρασχεθεισας
1082 3112 1404 3184 εὐεργεσίας
1433 3114 1672 3183 διεξιὼν,
1705 3118 1801 3171 καὶ

198 3194 303 3262 τὴν
324 3194 492 3249 θεεαν
516 3194 745 3268 δύναμιν
779 3199 1056 3270 ἀνυμνῶν,
1090 3204 1185 3256 καὶ
1219 3204 1329 3258 τῶν
1365 3206 1602 3262 εἰδώλων
1625 3225 1799 3263 κατα-

200 3287 504 3356 κωμῳδῶν
535 3287 632 3359 τὴν
665 3290 978 3348 ἀσθένειαν.

287 3381 400 3433 Ἐν
420 3380 884 3454 ἐξόδῳ,’1σραὴλ
910 3386 981 3451 ἐξ
1010 3389 1338 3457 Αἰγύπτου,
1393 3390 1565 3446 οἴκου
1600 3393 1804 3449 Ἰακὼϐ

197 3471 267 3523 ἐκ
322 3472 493 3525 λαοῦ
528 3474 863 3543 βαρϐάρου,
910 3478 1168 3548 ἐγενήθη
1238 3483 1502 3537 Ἰουδαία
1537 3485 1800 3556 ἀγίασμα

195 3564 426 3629 αὑτοῦ,
470 3565 725 3637 Ἰσραὴλ
753 3570 1008 3635 ἐξουσία
1044 3575 1253 3629 αὐτοῦ.
1292 3576 1513 3649 Ἰσραὴλ
1567 3579 1665 3649 μὲν
1702 3581 1797 3634 καὶ

198 3653 358 3711 οἷκον
407 3659 628 3731 Ἰακὼβ,
657 3664 720 3715 τὸ
778 3665 936 3731 γένος
1003 3666 1154 3737 λέγει
1202 3669 1319 3724 τῶν
1398 3672 1796 3745 Ἰσραηλιτῶν*

201 3749 503 3819 Αἴγυπτον
533 3754 589 3807 δὲ
621 3757 718 3809 καὶ
746 3758 875 3812 λαὸν
896 3760 1198 3832 βάρϐαρον,
1236 3764 1296 3818 τὸ
1327 3765 1435 3821 τῶν
1457 3770 1797 3836 Αἰγυπτίων·

194 3845 490 3898 τουτέστι.
523 3846 676 3901 Μετὰ
698 3851 758 3903 τὸ
798 3850 1036 3915 ἐξελθεῖν
1067 3856 1196 3919 τοὺς
1228 3856 1516 3927 Ἐϐραίους
1542 3860 1601 3927 ἐξ
1624 3865 1797 3931 Αἰγύ-

197 3952 373 4002 πτου,
408 3938 686 4012 ἐγένετοή
729 3944 823 3996 νῦν
856 3944 1086 4000 Ἰουδαία
1137 3948 1291 4019 χώρα
1335 3951 1582 4024 ἁγίασμα
1614 3956 1800 4019 αὐτοῦ,

196 4029 608 4099 ἀφωρισμένον
637 4032 917 4105 ἀνάθημα,
947 4039 1041 4091 καὶ
1065 4039 1092 4091 ὁ
1127 4039 1471 4114 Ἰσραηλίτης
1512 4045 1640 4109 λαὸς
1673 4048 1806 4117 κλῆ-

198 4138 297 4191 ρος
339 4123 539 4185 αὑτοῦ,
606 4126 1079 4199 ὲξουσιαζόμενος,
1145 4135 1239 4187 καὶ
1299 4140 1801 4209 στρατηγούμενος,

193 4215 296 4265 καὶ
337 4219 820 4288 προσταττόμενος
875 4222 966 4274 ὑπ’
1002 4223 1189 4276 αὐτοῦ’
1255 4226 1302 4277 οἱ
1359 4226 1464 4295 μὲν
1504 4229 1614 4298 γὰρ
1651 4229 1803 4284 ἄλλοι

193 4310 441 4374 πάντες,
502 4313 645 4367 κατὰ
690 4314 848 4382 φύσιν
888 4310 1029 4387 ἦσαν
1053 4318 1276 4382 ὲξουτὲα
1308 4319 1509 4373 αὐτοῦ’
1544 4316 1693 4377 οὗτοι
1747 4325 1803 4378 δὲ

196 4403 390 4470 privat.
430 4403 553 4460 κατ’
570 4408 866 4476 οἰκείωσιν,
897 4410 973 4474 ὡς
1002 4410 1347 4481 περιώνυμος
1375 4410 1524 4473 λαός.

1905 2277 2128 2329 mairem
2169 2268 2233 2321 lle
2265 2267 2396 2336 ﬁliis
2430 2268 2720 2321 la'tautem.
2763 2261 3018 2318 Etlicieus
3053 2267 3111 2315 ut
3148 2258 3344 2313 mulier
3379 2268 3491 2312 Ste-

1904 2360 2044 2425 rilis,
2084 2360 2225 2414 facta
2255 2369 2454 2425 mater,
2487 2359 2752 2412 inltabitet
2804 2356 2859 2409 in
2896 2353 3081 2416 domo,
3139 2365 3302 2422 Super
3362 2350 3487 2404 filiis

1903 2454 2107 2517 lietata,
2134 2450 2592 2522 quemadmodum
2616 2460 2998 2519 saepenumero
3013 2444 3215 2499 effecit.
3251 2442 3485 2509 Quidam

1903 2546 2127 2601 domum
2171 2546 2259 2602 llic
2291 2560 2393 2618 pro
2419 2558 2714 2616 puerorum
2750 2541 2953 2597 familia
2986 2538 3392 2596 intellexerunt.

2566 2717 2824 2788 Alleluia.

2396 2869 2737 2942 IPSALMUS
2791 2867 2977 2926 cxut.

1976 3034 2034 3087 Et
2075 3033 2163 3089 llic
2198 3032 2443 3102 psalmus
2473 3032 2527 3085 in
2556 3030 2877 3102 'gratiarum
2915 3028 3188 3085 actionem
3236 3023 3489 3082 conscri-

1905 3135 2030 3197 ptus
2058 3135 2164 3189 est,
2200 3123 2462 3179 beneﬁcia
2503 3137 2533 3177 a
2574 3123 2684 3177 Deo
2713 3121 2918 3178 Judaeis
2951 3122 3080 3176 olim
3110 3119 3310 3175 co!lata
3346 3131 3481 3171 con-

1905 3230 2181 3284 numerat,
2214 3217 2458 3274 divinam
2492 3217 2700 3287 pariter
2731 3216 3033 3287 potentiam
3073 3211 3280 3271 laudat.
3313 3216 3365 3265 et
3392 3207 3481 3263 in-

1905 3311 2221 3366 firmitatem
2257 3309 2528 3365 idolorum
2552 3311 2748 3378 carpit.

1978 3403 2143 3459 Vens.
2187 3404 2235 3466 ι,
2264 3403 2319 3457 2.
2377 3401 2443 3457 In
2485 3404 2628 3457 exitu
2668 3400 2846 3457 Israel
2894 3400 2958 3455 de
3002 3399 3260 3470 Egypto,
3297 3397 3487 3454 domus

1825 3522 1872 3580 ε
1901 3496 2063 3552 Iacob
2098 3499 2161 3551 de
2188 3494 2382 3566 populo
2412 3493 2664 3559 barbaro,
2713 3494 2857 3563 facta
2902 3499 2980 3547 est
3011 3490 3207 3546 Juda'a
3248 3492 3491 3561 sanctifi-

1903 3587 2043 3641 catio
2077 3587 2215 3656 ejus,
2270 3583 2449 3640 Israel
2499 3592 2732 3653 potestas
2786 3582 2921 3651 eius.
2978 3580 3081 3637 Per
3112 3580 3391 3647 lsraelem,
3424 3589 3482 3637 et

1898 3696 1996 3750 per
2025 3681 2245 3735 domum
2280 3678 2474 3743 Iacob,
2524 3676 2901 3735 lsraelitarum
2936 3690 3112 3745 genus
3169 3674 3480 3747 signiﬁcat;

1902 3788 1999 3843 per
2034 3772 2333 3843 Aﬂgyptum
2368 3781 2575 3835 autem,
2616 3778 2671 3825 et
2701 3769 2962 3841 populum
2993 3768 3311 3832 barbarum,
3335 3767 3485 3837 ipsos

1902 3863 2212 3935 Egyptios.
2248 3864 2308 3918 ln
2333 3863 2510 3928 exitu,
2538 3863 2741 3933 inquit,
2762 3862 2951 3933 populi
2983 3860 3299 3928 lsraelitici,
3324 3865 3489 3930 atque

1909 3956 1963 4010 in
1998 3971 2217 4011 recessu
2249 3956 2471 4019 domus,
2501 3970 2597 4010 seu
2626 3954 2846 4009 familiae
2889 3952 3061 4027 Jacob
3106 3953 3175 4008 ab
3204 3950 3491 4024 Egyptia-

1909 4063 2027 4100 rum
2058 4047 2332 4117 gentibus,
2366 4047 2471 4103 hoc
2498 4056 2602 4113 est,
2633 4048 2726 4102 ubi
2759 4046 3140 4103 discesserunt
3173 4043 3388 4100 Hebraei
3422 4060 3489 4101 ex

1911 4139 2171 4210 Egyptt),
2199 4148 2331 4194 tunc
2360 4139 2507 4209 regio
2539 4139 2652 4203 illa,
2700 4154 2866 4209 quam
2904 4137 3068 4193 modo
3104 4136 3349 4193 Judaeum
3398 4152 3495 4209 ap-

1909 4234 2202 4303 pellamus,
2233 4232 2371 4287 faeta
2419 4243 2499 4287 est
2537 4232 2902 4286 sanctificatio
2934 4229 3029 4287 Dei
3067 4249 3082 4285 :
3110 4245 3176 4286 eo
3220 4230 3366 4302 quod
3397 4245 3494 4287 ve-

1914 4325 2012 4379 luti
2060 4340 2149 4380 res
2180 4325 2428 4396 quaedam
2490 4325 2598 4380 Deo
2634 4324 2838 4386 oblata,
2896 4338 2962 4377 ac
3015 4324 3196 4377 dicata
3247 4323 3493 4378 sanctior

1917 4417 2324 4487 quodatmnodo
2359 4416 2550 4471 effecta
2575 4424 2680 4472 est.
2719 4413 2877 4468 Tunc
2906 4414 3069 4469 etiam
3118 4413 3489 4491 lsraelitarum

192 4499 452 4569 pripulus
492 4501 718 4559 effectus
751 4514 835 4559 est
896 4505 1187 4560 luereditas
1230 4504 1344 4571 Dei,
1401 4515 1459 4561 et
1508 4508 1607 4563 Sllb
1664 4509 1783 4578 ejus
1816 4520 2087 4581 potestate
2124 4510 2473 4567 manifestius
2502 4510 2669 4581 erepit
2701 4511 2991 4576 constitui,
3041 4517 3207 4579 atque
3250 4508 3349 4563 ‘ab
3424 4522 3490 4562 eo

188 4599 400 4667 dirigi.
430 4596 568 4651 Nam
609 4602 710 4655 etsi
748 4616 943 4657 omnes
972 4602 1065 4655 alii
1145 4601 1330 4672 populi
1381 4612 1574 4656 natura
1624 4603 1762 4674 ipsa,
1831 4617 1883 4661 et
1910 4608 2354 4679 ereationisjure
2382 4608 2484 4663 sub
2505 4608 2687 4662 divina
2719 4622 2936 4678 semper
2964 4607 3168 4662 fuerint
3194 4611 3489 4677 potestate,

194 4691 405 4745 uultus
435 4699 642 4745 tantam
684 4693 1093 4756 necessitatem,
1135 4701 1228 4746 aut
1264 4693 1695 4749 familiaritatem
1727 4696 1990 4754 habuisse
2028 4699 2262 4772 videtur;
2306 4710 2569 4772 quantam
2638 4699 2978 4757 Israeliticus
3047 4701 3328 4772 populus:
3396 4698 3491 4768 qui

192 4793 536 4857 propterea,
589 4788 885 4856 peculiaris
932 4787 1025 4843 Dei
1082 4789 1318 4859 populus
1365 4792 1670 4859 appellatus
1733 4809 1801 4849 es:

1915 4797 1979 4850 Ex
2044 4797 2112 4852 iis
2165 4806 2371 4864 autem,
2424 4813 2544 4868 quae
2592 4797 2853 4865 diximus;
2932 4804 3101 4869 patet,
3169 4796 3487 4861 dictionem,

186 4883 349 4952 ejus,
390 4880 683 4950 utrobique
714 4881 782 4936 ad
814 4882 982 4936 Deum
1026 4897 1148 4937 esse
1200 4883 1591 4953 referendam.)

290 4996 363 5051 Ἠ
408 4994 697 5049 θάλασσα
724 4992 849 5050 εἶδε
882 4995 978 5049 καὶ
1011 4996 1262 5066 ἔφυγεν.
1295 4998 1478 5066 Ἔγνω
1522 5000 1620 5068 τὴν
1641 5000 1801 5055 δύνα-

1979 5002 2146 5057 Veas.
2177 5001 2393 5056 3.31am
2410 5000 2541 5056 vidit
2572 5011 2621 5056 et
2640 5001 2799 5073 fugit.
2829 5002 3012 5072 Ipsum
3044 5000 3207 5055 etiam
3236 5012 3386 5052 mare
3403 4995 3489 5051 di-

193 5108 307 5161 μιν
343 5087 517 5152 αὐτῆς
544 5105 560 5118 ·
588 5087 794 5158 ᾔσθητο
818 5089 1073 5159 καθάπερ
1127 5107 1217 5153 τις
1250 5089 1444 5161 λογικὴ
1473 5092 1801 5163 ἀπορρήτως

1915 5095 2091 5148 vittam
2125 5092 2278 5147 novit
2305 5091 2634 5163 potentiam,
2659 5101 2713 5146 et
2753 5090 3011 5145 ineffabili
3039 5087 3276 5159 quodam
3325 5085 3487 5141 modo

194 5181 311 5235 τοῦ
358 5179 508 5233 θείου
562 5178 892 5250 θελήματος,
940 5183 1035 5234 καὶ
1087 5181 1452 5253 διαιρεθεῖσα,
1502 5185 1699 5253 ἔφυγεν
1747 5188 1801 5241 ἐκ

1915 5187 2150 5241 divinam
2180 5185 2348 5240 etiam
2400 5184 2627 5253 agnovit
2680 5184 3040 5247 voluntatem,
3076 5196 3181 5233 non
3216 5194 3379 5234 secus
3424 5194 3488 5233 ac

190 5275 302 5328 τοῦ
347 5274 544 5343 μέσον,
578 5273 674 5327 καὶ
709 5276 951 5346 παρέσχε
1012 5275 1184 5329 δίοδον
1227 5276 1399 5347 ξηρὰν
1441 5280 1553 5340 τοῖς
1594 5279 1801 5349 Ἰσραη-

1918 5278 1963 5331 si
1992 5277 2276 5331 rationalis
2301 5275 2495 5333 fuisset
2527 5283 2780 5330 creatura
2811 5289 2825 5326 :
2861 5270 3007 5327 unde
3059 5270 3296 5326 divisum
3327 5284 3356 5324 e
3383 5285 3491 5324 mc-

189 5366 396 5426 ὒίττις
418 5380 431 5392 ·
467 5364 618 5432 λέγει
659 5365 716 5418 δὲ
753 5367 882 5436 περὶ
907 5366 1004 5436 τῆς
1048 5368 1341 5437 Ἐρυθρᾶς,
1371 5370 1529 5421 ὁπότε
1562 5370 1801 5440 Μωῦσῆς

1915 5370 1997 5425 dio
2028 5369 2229 5441 refugit
2256 5370 2431 5431 alveo,
2463 5368 2812 5436 liberumque
2839 5378 2905 5419 ac
2936 5371 3117 5418 tutum
3172 5361 3483 5416 transeunti

191 5458 388 5525 ἐξῆγε
427 5456 521 5510 τὸν
566 5457 718 5513 λαόν.
754 5460 964 5528 Ἐφυγε
995 5460 1050 5512 δὲ
1083 5459 1274 5520 εἰπὼν.
1304 5461 1395 5512 τὸν
1421 5462 1584 5531 φόϐον
1615 5463 1710 5517 καὶ
1742 5466 1801 5519 τὸ

1915 5463 2104 5534 populo
2138 5462 2243 5518 iter
2269 5459 2522 5532 praebuit.
2567 5457 2715 5513 Mare
2756 5464 2939 5512 autem
2974 5454 3223 5509 Rubrum
3279 5453 3484 5507 intelli-

190 5549 381 5617 τάχος
406 5551 506 5618 τῆς
544 5548 863 5620 διαιρέσεως
895 5551 1066 5619 αὐτῆς
1094 5550 1373 5619 ἐνέφηνεν.

1915 5556 1994 5626 git,
2023 5570 2146 5610 cum
2173 5553 2387 5625 Moyses
2416 5551 2700 5607 Hebraeum
2731 5549 2991 5621 populum
3027 5547 3215 5603 eduxit
3240 5561 3254 5612 ;
3284 5544 3488 5615 fugisse

198 5655 352 5694 vero
385 5640 519 5695 dicit
546 5641 723 5711 ipsum
756 5659 924 5707 mare,
970 5651 1025 5694 ut
1068 5659 1174 5696 non
1215 5653 1430 5700 tantum
1468 5648 1793 5705 formidasse
1833 5649 1965 5705 illttd
1995 5665 2025 5704 a
2062 5657 2362 5718 conspectu
2388 5645 2485 5702 Dei
2512 5645 2845 5711 ostenderet,
2875 5642 2971 5702 sed
3039 5651 3096 5698 ut
3152 5642 3487 5698 celeritatem

191 5738 385 5793 etiam
426 5738 576 5792 illius
607 5738 894 5793 divisionis
928 5738 1359 5795 demonstraret.

1982 5856 2240 5910 Jordaais
2298 5869 2580 5908 conversus
2618 5862 2697 5908 est
2738 5862 3053 5909 retrorsum.
3113 5848 3227 5906 Hoc
3285 5850 3487 5905 acelclit

1911 5961 2154 6004 tempore
2180 5946 2308 6003 Jesu
2340 5942 2512 6011 Nave,
2552 5944 2774 6015 quando
2810 5943 3070 6003 Jordanis
3114 5942 3317 6001 ﬂuvius
3365 5954 3486 5996 cur-

301 5853 358 5903 Ὅ
406 5853 705 5921 Ἰορδάνης
730 5854 998 5924 ἐστράφη
1030 5858 1108 5921 εἷς
1149 5855 1218 5908 τὰ
1250 5856 1593 5913 ὀπίσω.¹Επὶ
1631 5857 1802 5928 Ἰησοῦ

193 5940 317 5997 τοῦ
356 5941 540 6008 Ναυῆ,
580 5944 669 5998 ὅτε
716 5946 1027 6011 ἀνεχαίτισε
1080 5946 1140 5999 τὸ
1184 5948 1358 6010 lis-Sua
1384 5947 1597 6010 ἑαυτοῦ,
1637 5952 1803 6003 παοέ·
