3832 6546
79 378 197 445 1121

1251 375 1645 439 COMMENT.
1691 380 1773 439 IN
1821 381 2179 447 PSALMOS.

3193 397 3339 467 1122

76 493 187 565 ρίας
214 490 270 542 ἐν
300 488 365 556 τῇ
390 483 664 555 μεταϐολῇ
692 483 791 554 τῆς
835 483 1143 555 εὐημερίας
1176 484 1287 537 τῶν
1346 486 1615 540 Ἰουδαίων

1747 490 1866 546 sine
1897 510 2089 563 sensu,
2151 515 2217 556 eo
2251 502 2399 571 quod
2440 505 2734 560 maximam
2766 505 3023 565 humana:
3051 509 3334 573 felicitatis

73 583 216 639 εἷπον
247 581 413 642 ὅντως
444 579 526 632 ὅτι
580 580 691 631 πᾶν
737 576 1081 648 ἀνθρώπινον
1144 577 1370 645 ἀγαθὸν,
1426 578 1641 647 ψευδὲς,

76 677 144 749 μὴ
172 674 411 743 πεφυκὸς
440 671 808 742 παραμένειν,
834 669 950 724 ἀλλ’
976 671 1101 723 ἐπεὶ
1152 672 1315 725 πάλιν
1343 672 1643 741 ἀνάκλησιν

72 767 266 831 ἐλπίζω
308 765 512 833 εὑρεῖν,
540 763 881 833 ὑπερχαίρω,
907 762 988 815 διὸ
1022 764 1114 816 καὶ
1149 763 1327 831 λέγω*
1372 765 1434 817 Τί
1459 761 1640 817 ἀφέτα-

71 859 308 916 ποδώσω
336 857 414 922 τῷ
441 857 634 925 Κυρίῳ
664 856 799 925 περὶ
824 857 1087 921 πάντων,
1129 849 1216 909 ὧν
1257 854 1642 911 ἀνταπέδωκέ

65 949 439 1024 μοι;οἰκείαν
493 949 818 1021 εὐεργεσίαν
887 949 1046 1001 τοῦτο
1098 948 1397 1016 λογίζεται,
1434 948 1522 1002 διὰ
1579 950 1639 1001 τὸ

72 1047 211 1114 γένος
234 1063 247 1076 ·
280 1043 457 1097 Πολλὰ
490 1042 614 1112 μὲν,
649 1042 836 1114 φησὶν,
865 1041 1237 1112 εὐηργέτησεν
1272 1042 1300 1094 ὁ
1334 1040 1559 1112 Κύριος,
1586 1043 1637 1095 τί

72 1135 155 1193 οὖν
183 1138 302 1191 ἀντὶ
335 1137 555 1189 πάντων
580 1133 955 1189 ἀνταποδώσω
982 1134 1163 1204 αὐτῷς
1228 1132 1436 1205 Πολλῆς
1484 1152 1637 1203 περι-

65 1230 296 1303 χαρείας,
325 1228 419 1282 καὶ
448 1225 872 1299 εὐγνωμοσύνης
898 1226 925 1277 ὀ
954 1226 1112 1295 λόγος
1136 1268 1151 1283 ,
1198 1226 1497 1293 Ποτήριον
1514 1244 1634 1280 σω.

66 1323 254 1391 τηρίου
283 1321 580 1390 λήψομαι,
610 1321 898 1374 σπονδεῖον
934 1318 1215 1390 λήψομωιυ
1281 1319 1491 1372 σπείσω
1556 1320 1636 1391 τῷ

62 1417 166 1486 Θεῷ
214 1415 354 1486 ὑπὲρ
383 1415 658 1485 σωτηρίας
683 1413 777 1467 τοῦ
802 1409 1142 1468 λαοῦ.Ἦσαν
1169 1413 1276 1485 γὰρ
1315 1413 1467 1486 παρὰ
1496 1414 1633 1466 Ἰου-

62 1510 215 1571 δαίοις
234 1507 433 1579 τρῦποι
466 1505 724 1577 διάφοροι
772 1505 1000 1572 θυσιῶν,
1034 1498 1110 1559 ὧν
1139 1501 1220 1567 εἷς
1254 1501 1345 1576 ἦν,
1391 1504 1632 1572 σπονδὴ

60 1596 366 1661 σωτηρίου,
402 1595 683 1648 σπονδεῖον
723 1594 779 1647 δὲ
808 1594 868 1648 τὸ
903 1595 1187 1665 ποτήριον,
1215 1595 1284 1649 δι’
1309 1588 1370 1649 οὗ
1432 1595 1633 1649 Esi-rev.

58 1686 149 1739 δον.
181 1682 289 1737 Kal
324 1684 390 1739 τὸ
421 1684 611 1755 ὄνομα
630 1685 859 1755 Κυρίου
897 1686 1361 1756 ἐπικαλέσομιιν
1392 1689 1472 1747 είς
1530 1704 1635 1740 σω-

56 1776 234 1847 τηρίαν
263 1777 360 1830 τοῦ
400 1776 561 1833 λαοῦ.
611 1776 727 1844 Τὰς
751 1778 941 1847 εὐχάς
961 1796 1083 1848 μου
1115 1778 1200 1844 τῷ
1226 1778 1426 1848 Κυρίῳ
1479 1781 1631 1833 ἀπο-

57 1871 211 1925 δώσω
263 1872 553 1928 ἐναντιόν
604 1874 835 1939 παντὸς
885 1864 995 1928 τοῦ
1034 1875 1192 1930 λαοῦ
1242 1876 1480 1932 αὐτοῦ.·
1516 1878 1625 1941 Τὰς

59 1962 367 2034 ὑποσχέσεις
400 1965 467 2029 ἃς
491 1967 550 2019 ὲν
593 1965 986 2037 περιστάσεσιν
1041 1965 1139 2031 ὢν,
1174 1966 1315 2039 ὑπὲρ
1348 1969 1626 2038 σωτηρίας

56 2055 476 2129 ἐπηγγειλάμηνο
510 2060 707 2125 Τίμιος
729 2057 1011 2112 ἐναντίον
1046 2056 1275 2128 Κυρίου
1306 2062 1338 2113 ό
1368 2059 1627 2126 θάνατος

56 2147 158 2203 τῶν
170 2149 357 2203 ὁσίων
381 2149 593 2205 αὑτοῦ.
618 2149 792 2203 Τοῦτο
821 2151 1238 2224 καθοδηγητικη
1267 2152 1621 2218 διδασκαλία,

54 2240 168 2312 περὶ
193 2239 287 2294 τοῦ
315 2242 586 2311 τιμᾶσθαι
622 2242 775 2314 παρὰ
802 2242 963 2310 Θεοῦ,
996 2245 1097 2298 καὶ
1129 2244 1223 2298 τὸν
1254 2244 1488 2300 θάνατον
1512 2246 1622 2299 τῶν

53 2333 237 2388 δούλων
270 2333 464 2401 αὑτοῦ,
499 2334 588 2388 διὰ
650 2334 965 2405 παρουσίας
1022 2336 1278 2405 ἀγγέλων
1340 2337 1621 2403 πολλάκις,

54 2426 135 2481 καὶ
162 2425 378 2480 πολλῶν
412 2425 606 2496 ἁγίων,
649 2429 729 2491 είς
753 2427 961 2499 πολλὴν
989 2427 1157 2500 τιμὴν
1211 2430 1322 2484 τῶν
1381 2431 1624 2501 ἀποθνη-

51 2516 294 2572 σκόντων.
325 2509 426 2570 Ὧν
443 2516 501 2571 δὲ
522 2519 551 2571 ὁ
573 2516 806 2581 θάνατος
831 2517 1036 2589 τίμιος,
1056 2519 1265 2573 τούτων
1310 2522 1406 2574 καὶ
1450 2523 1482 2591 ή
1508 2521 1623 2593 ζωὴ

54 2608 386 2679 τιμιωτέρα·
417 2610 477 2662 ὲν
580 2610 681 2674 τὰς
716 2610 919 2682 ἀρετάς
946 2611 1334 2682 ἐργαζόμενοι,
1365 2613 1457 2666 τὸν
1503 2613 1624 2666 ἑαυ·

50 2700 147 2755 τῶν
200 2700 540 2772 ἐθεράπευον
565 2701 856 2771 δεσπότην.
886 2697 963 2756 Ὠ
990 2701 1194 2771 Κύριε,
1223 2705 1339 2774 ἐγὼ
1401 2704 1623 2772 δοῦλος

47 2794 164 2860 σὸς,
189 2794 288 2848 καὶ
318 2793 452 2861 υίὸς
475 2792 585 2862 τῆς
612 2794 945 2863 παιδίσκης
977 2811 1096 2850 σου
1128 2812 1144 2829 ο
1182 2798 1243 2850 οὐ
1282 2798 1381 2868 τὴν
1435 2800 1621 2871 κοινὴν

46 2886 204 2954 λέγων
253 2887 527 2957 δουλείαν,
556 2888 678 2942 καθ’
708 2890 776 2958 ἢν
832 2889 1036 2953 πάντες
1099 2890 1275 2944 δοῦλοί
1329 2893 1434 2945 εἰσι
1483 2893 1620 2948 Θεοῦ

43 2976 135 3046 (Τὰ
166 2979 499 3049 σύμπαντα
553 2980 686 3053 γὰρ,
723 2982 912 3053 φησὶν,
948 2981 1142 3037 δοῦλα
1178 2983 1304 3054 σὰ),
1334 2984 1477 3039 ἀλλὰ
1518 2985 1618 3058 τὴν

42 3068 97 3121 ἐκ
132 3070 513 3140 προαιρέσεως
538 3072 635 3126 καὶ
666 3070 861 3137 πόθου,
902 3072 997 3125 καὶ
1025 3074 1261 3143 στοργῆς
1286 3089 1301 3104 ·
1340 3074 1529 3146 τίθησι
1560 3077 1615 3130 δὲ

1749 585 2182 646 inconstantiam
2225 610 2528 661 cernerem,
2572 609 2736 669 atque
2768 602 2820 657 in
2856 603 3035 673 specie
3065 608 3338 663 mutatio-

1748 694 1869 733 nem
1909 690 2084 737 status
2118 684 2432 744 Judmorum
2466 694 2846 761 prmvidercm,
2874 697 2988 752 dixi
3016 715 3032 751 :
3056 697 3196 754 Vere
3225 702 3335 755 bu-

1749 787 1971 828 manmn
2003 792 2165 833 omne
2196 780 2399 836 bonum
2434 783 2597 838 fallax
2642 797 2747 851 est,
2786 789 2913 856 quia
2961 792 3198 862 propriae
3229 806 3331 846 nae

1746 872 1880 920 tura:
1911 869 2121 924 ratione
2150 887 2479 941 permanens
2509 893 2617 931 non
2659 886 2760 935 65L
2799 878 2997 935 Verum
3028 884 3156 952 quia
3192 886 3322 943 illos

1744 973 1939 1014 rursus
1990 966 2044 1016 in
2104 966 2338 1034 patriam
2395 973 2740 1026 revocandos
2788 977 3067 1043 perspexi,
3116 988 3170 1032 et
3216 993 3333 1034 non

1743 1053 2002 1108 mediocri
2036 1068 2321 1126 propterea
2351 1062 2550 1131 gaudio
2579 1061 2808 1118 allectus
2835 1080 2978 1131 sum,
3003 1068 3158 1123 dico:
3184 1068 3327 1134 Quid

1741 1142 2030 1198 retribuam
2058 1145 2307 1217 Domino,
2338 1168 2432 1221 pro
2461 1154 2702 1207 omnibus
2731 1172 2849 1225 qua:
2882 1158 3126 1211 retribuit
3159 1161 3334 1214 ini/ri?

1741 1227 1859 1288 Sibi
1892 1238 2035 1291 enim
2064 1239 2338 1311 Propheta
2369 1254 2534 1315 atque
2576 1247 2628 1301 in
2667 1249 2935 1304 rationem
2968 1267 3126 1306 suam
3173 1269 3333 1311 acce-

1740 1334 1892 1395 ptum
1933 1330 2099 1384 refert
2132 1349 2294 1399 omne
2332 1337 2679 1401 beneﬁcnnn.
2712 1343 2858 1411 quod
2892 1344 2944 1397 in
2970 1343 3192 1402 Iudaeos
3228 1362 3331 1402 eo-

1736 1427 1933 1488 gnatos
1977 1437 2107 1479 suos
2155 1424 2322 1481 fuerit
2359 1429 2642 1487 collatum.
2682 1432 2852 1487 Multa
2888 1437 3061 1502 mibi,
3100 1437 3324 1509 inquit,

1739 1511 2003 1567 beneficia
2038 1518 2268 1571 contulit
2300 1518 2587 1579 Dominus.
2624 1523 2767 1589 Quid
2802 1526 2970 1597 igitur
3002 1545 3100 1599 pro
3134 1534 3320 1586 omni-

1738 1605 1838 1659 bus
1880 1607 1963 1664 bis
2016 1608 2092 1662 illi
2141 1613 2482 1668 retribuam?
2533 1617 2715 1671 Animi
2766 1620 2922 1676 valde
2971 1626 3109 1691 grati
3161 1635 3328 1697 atque

1735 1696 1926 1754 hilaris
1949 1710 2079 1754 sunt
2106 1704 2275 1757 verba
2308 1720 2323 1758 :
2349 1705 2586 1761 Calicem
2620 1711 2882 1767 salutaris
2914 1718 3195 1783 occipiam,
3221 1696 3328 1773 ltoc

1736 1799 1817 1844 cst
1842 1829 1858 1853 ,
1896 1808 1991 1847 vas
2029 1793 2377 1853 libaminum.
2419 1798 2653 1867 Libabo,
2701 1803 2922 1874 inquit,
2960 1806 3069 1863 Deo
3101 1824 3202 1879 pro
3241 1826 3333 1865 εει..

1732 1883 1848 1936 lute
1883 1886 2090 1954 populi.
2114 1885 2282 1943 Erant
2312 1892 2457 1946 enim
2494 1894 2638 1963 apud
2671 1894 2891 1953 Judieos
2924 1901 3059 1954 varii
3097 1904 3323 1957 saeuiti-

1731 1975 1943 2029 ciorum
1988 1978 2133 2031 modi
2164 1996 2176 2030 :
2213 1997 2447 2049 quorum
2478 2000 2621 2039 unus
2676 1988 2911 2043 libamen
2945 1991 3208 2048 salutaris
3239 1996 3331 2049 di-

1730 2068 1977 2123 cebatur.
2014 2069 2122 2127 Vas
2183 2083 2366 2129 autem
2435 2077 2588 2140 illud,
2648 2096 2759 2149 quo
2821 2083 3086 2152 libabant,
3132 2089 3323 2143 calicis

1730 2158 1959 2229 figuram
2010 2162 2367 2225 habebat.Et
2406 2182 2593 2222 nomen
2628 2169 2841 2225 Domini
2889 2175 3143 2231 invocabo
3188 2193 3205 2232 :
3244 2180 3313 2233 ad

1728 2254 1959 2307 salutent
1993 2256 2202 2323 populi.
2251 2255 2382 2313 Vota
2415 2277 2531 2313 mea
2565 2261 2790 2317 Domino
2821 2267 3065 2335 reddam,
3103 2272 3158 2323 in
3186 2287 3317 2324 conv

1727 2355 1908 2412 specta
1959 2348 2131 2401 onntis
2167 2350 2352 2417 populi
2400 2351 2547 2420 ejus,
2604 2356 2709 2409 hoc
2767 2369 2869 2423 est,
2927 2361 3323 2429 promissione!

1727 2438 1853 2493 illas
1908 2442 2239 2509 persolvant,
2272 2459 2410 2513 quas
2447 2445 2551 2501 feci
2584 2450 2684 2516 pro
2714 2450 2894 2505 salute
2930 2469 3048 2508 mea
3075 2470 3197 2510 cum
3233 2472 3323 2510 es-

1726 2544 1840 2585 sem
1876 2532 1929 2586 in
1960 2534 2241 2602 periculis.
2280 2535 2524 2593 Pretiosa
2558 2540 2612 2593 in
2636 2557 2916 2611 conspectu
2938 2544 3150 2601 Domini
3174 2564 3321 2603 mors

1725 2636 2035 2678 sanctorum
2059 2627 2195 2695 ejus.
2225 2627 2495 2685 Docemur
2524 2648 2588 2687 ex
2619 2637 2720 2689 hoc
2752 2636 2896 2700 loro,
2932 2653 3161 2695 mortem
3194 2656 3317 2696 aer-

1726 2732 1922 2771 verum
1978 2720 2092 2784 Dei,
2142 2724 2459 2791 angelorum
2499 2740 2562 2780 ac
2617 2739 2941 2784 cmterorum
2992 2742 3314 2788 sanctorum

1724 2812 2019 2880 praesentia
2052 2828 2298 2882 persaepe
2326 2817 2609 2872 honorari.
2647 2820 2896 2884 Quorum
2943 2832 3122 2880 auten
3163 2842 3315 2881 mors

1725 2904 1996 2959 honorata
2027 2917 2149 2969 est,
2194 2907 2413 2961 illorum
2454 2912 2560 2964 vita
2599 2913 2766 2967 etiam
2800 2923 2884 2970 est
2933 2916 3254 2972 honoratior
3295 2936 3310 2971 :

1723 2997 1776 3051 in
1811 3012 1939 3066 qua,
1973 3007 2253 3055 sectantes
2290 3003 2551 3058 virtutum
2589 3022 2773 3074 opera.
2824 3010 3113 3064 ltotninum
3147 3027 3311 3067 suum

1723 3090 2000 3146 colebant.
2045 3091 2089 3148 Ο
2129 3093 2374 3162 Domine,
2422 3114 2516 3167 ego
2547 3116 2725 3154 servus
2762 3111 2905 3163 tuus,
2955 3112 3002 3154 et
3034 3104 3180 3170 ﬁlius
3213 3121 3316 3156 an-

42 3161 203 3229 τοῦτο,
234 3164 364 3217 ἀντὶ
401 3165 607 3229 παντὸς
663 3165 1004 3237 ἀξιώματος,
1056 3167 1615 3255 ὲγκαλλωπιζὸμενος

1733 3182 1861 3236 :illa:
1895 3193 2020 3239 tute.
2055 3184 2172 3240 Non
2223 3203 2572 3243 communem
2623 3190 2767 3246 lianc
2815 3193 3138 3246 servitutem
3174 3194 3311 3248 Pro-

40 3258 96 3324 τῇ
149 3254 375 3328 τοιαύτῃ
434 3257 654 3330 δουλείᾳ
710 3258 974 3343 panqu
1006 3262 1073 3331 τῇ
1120 3249 1392 3333 βασιλείᾳ.
1416 3263 1489 3316 Τὸ
1521 3264 1607 3331 δὲ,

48 3347 167 3414 Υἱὸς
195 3347 310 3417 τῆς
342 3349 681 3417 παιδίσκης
714 3366 855 3414 σου,
880 3352 1025 3405 κατὰ
1050 3353 1151 3421 τὴν
1210 3356 1613 3424 παραδοθεῖσαν

41 3440 309 3510 ἐξήγησιν.
338 3442 671 3511 Διέρῤηξας
693 3443 835 3509 τοὺς
870 3442 1137 3513 δεσμούς
1157 3464 1301 3514 μου,
1329 3450 1459 3512 τοὺς
1513 3452 1612 3520 τῆς

39 3531 216 3602 λύπης,
267 3534 400 3598 τοὺς
453 3534 564 3586 ἀπὸ
606 3534 717 3589 τῶν
770 3536 1125 3607 πειρασμῶν,
1172 3538 1236 3591 toi
1275 3540 1484 3611 σφόδρα
1544 3559 1611 3611 με

41 3629 289 3694 συνεῖχον,
328 3626 422 3678 καὶ
457 3626 864 3696 συσφίγγοντες
890 3629 1133 3693 ὲπίεζον.
1176 3631 1251 3681 "li
1307 3633 1402 3684 καὶ
1471 3636 1615 3686 κατὰ

38 3718 125 3788 τὴν
174 3718 436 3790 ἀνωτέρω
488 3718 753 3790 ῥηθεῖσαν
825 3712 1163 3793 ἑρμηνείαν·
1216 3722 1317 3776 Σοὶ
1388 3725 1613 3778 θυσίαν

38 3813 187 3868 θύσω
225 3811 542 3877 αἰνέσεως,
587 3812 734 3885 ὑπὲρ
753 3812 853 3883 τῆς
879 3814 1221 3886 διαρῤήξεως
1260 3817 1466 3884 αὐτῶν,
1517 3817 1612 3881 οὓς

36 3906 317 3980 διέρρηξας
353 3908 431 3978 τῷ
472 3908 621 3977 ξίφει
646 3908 744 3975 τῆς
787 3909 1232 3980 φιλανθρωπίας.
1273 3911 1483 3965 Θυσίαν
1555 3913 1612 3966 δὲ

35 4000 282 4065 αἰνέσεως
321 3999 472 4068 λέγει
517 4000 613 4071 τὴν
658 4001 989 4071 ὐμνολογίαν
1040 4006 1133 4059 καὶ
1193 4005 1584 4075 εὐχαριστίαν.

36 4089 79 4143 Κ
83 4091 133 4145 at
146 4094 213 4145 ἐν
233 4094 485 4163 ὀνόματι
504 4094 729 4161 Κυρίου
763 4095 1228 4165 ἐπικαλέσομαι,
1251 4099 1613 4167 ἁντὶ,“’ονομι

39 4185 231 4256 Κυρίου
261 4186 671 4257 ὲπικαλέσομαι
704 4227 718 4252 ,
763 4191 858 4241 καὶ
924 4190 1006 4251 εἰς
1056 4190 1185 4253 τοὺς
1235 4190 1361 4261 ἑξῆς
1419 4209 1613 4263 πειρα-

37 4282 195 4345 suae;
222 4282 425 4349 πεῖραν
456 4279 640 4333 λαϐὼν
680 4281 784 4350 τῆς
854 4281 1142 4351 δυνάμεως
1203 4284 1300 4335 τοῦ
1362 4284 1609 4337 τοιούτου

34 4372 417 4439 δνὸματος.Τὰ
473 4373 531 4426 δὲ
571 4373 735 4427 λοιπὰ
798 4376 943 4427 κατὰ
988 4374 1087 4446 τὴν
1137 4376 1612 4448 προεξηγηθείσαν

32 4460 284 4515 διάνοιαν.
321 4461 591 4517 Ἐνὼπιον
641 4465 699 4517 δὲ
725 4465 925 4529 παντὸς
953 4465 1047 4518 τοῦ
1078 4467 1209 4519 λαοῦ
1236 4468 1489 4522 ἀπεδίδου
1513 4470 1611 4532 τὰς

1718 3277 1877 3346 pheta
1916 3279 2190 3349 intelligit,
2220 3280 2377 3348 juxta
2430 3298 2597 3353 quam
2629 3297 2823 3338 Omnes
2874 3286 3182 3340 sunt-servi
3214 3287 3307 3340 Dei

1719 3368 1937 3441 (Omnia
1973 3372 2143 3433 enim,
2195 3374 2410 3442 inquit.
2461 3378 2697 3429 serviant
2732 3377 2826 3429 tibi
2864 3379 2953 3446 ιτ),
2998 3379 3091 3433 sed
3141 3383 3310 3434 aliam

1718 3463 2037 3517 servitutem
2073 3465 2365 3533 electione,
2396 3468 2692 3533 desiderio,
2717 3478 2880 3534 atque
2906 3484 3094 3526 amore
3124 3488 3312 3528 susce-

1716 3563 1863 3624 ptatn
1899 3571 1913 3609 :
1954 3572 2116 3624 quam
2157 3559 2372 3613 caeteris
2424 3561 2684 3617 omnibus
2716 3564 2989 3631 praeponit
3023 3564 3310 3635 dignitati-

1718 3645 1842 3708 bus,
1886 3649 2172 3704 exsultans
2214 3660 2269 3721 et
2305 3665 2366 3705 se
2402 3652 2576 3723 magis
2604 3652 2828 3722 iactans
2880 3655 2934 3707 in
2984 3654 3305 3723 hujusmotli

1720 3741 2012 3803 servitute,
2049 3759 2214 3811 quam
2264 3745 2317 3797 in
2369 3744 2514 3813 regia
2563 3760 2663 3800 sua
2708 3760 2933 3800 corona.
2978 3747 3133 3812 Quod
3175 3763 3307 3802 vero

1716 3832 1791 3886 ait
1836 3850 1849 3887 :
1889 3832 1955 3886 Et
1987 3834 2133 3901 ﬁlius
2173 3834 2390 3890 ancilla:
2421 3849 2562 3904 tute,
2606 3839 2883 3895 consimili
2934 3843 3095 3896 modo
3144 3842 3309 3898 intel-

1716 3921 1840 3993 lige.
1872 3922 2162 3992 Diripuisti
2188 3926 2401 3980 vincula
2446 3942 2605 3981 mea:
2638 3929 2884 3993 vincula.
2912 3931 3162 4001 inquam,
3206 3937 3308 3988 tri-

1717 4016 1902 4077 stitize,
1938 4016 2144 4085 quibus
2194 4018 2264 4072 ob
2297 4019 2555 4074 assiduas
2582 4021 2926 4078 calamitates
2964 4025 3311 4096 constringe-

1714 4108 1835 4162 bar.
1871 4106 1985 4161 ‘Vel
2028 4108 2183 4178 juxta
2215 4111 2613 4181 expositionem
2658 4115 2971 4183 praedictam
3009 4132 3027 4169 :
3061 4115 3177 4169 Tibi
3212 4133 3305 4170 sa-

1715 4200 1965 4268 criﬁcabo
2025 4202 2255 4255 hostiam
2308 4204 2505 4265 laudis,
2574 4220 2673 4276 pro
2724 4207 3044 4276 diruptione
3092 4210 3306 4264 scilicet

1714 4297 2026 4366 lmjusmodi
2077 4299 2466 4365 vinculorum;
2518 4301 2775 4370 dirupisti
2826 4304 2971 4356 enim
3017 4320 3079 4357 ea
3124 4306 3305 4373 gladio

1714 4393 2124 4448 misericordim.
2160 4392 2265 4448 Per
2304 4395 2639 4450 sacrificium
2683 4407 2865 4450 autem
2903 4397 3103 4460 laudis,
3147 4399 3306 4468 hym-

1714 4498 1816 4538 nos
1856 4492 1910 4537 et
1941 4484 2241 4553 gratiarum
2287 4486 2534 4538 actiones
2581 4485 2858 4554 intelligit.
2904 4483 2968 4538 lit
3004 4487 3055 4539 in
3089 4487 3305 4540 nomine

33 4553 339 4622 εὐχάς,οὒκ
367 4556 843 4627 ἐπιδεικνύμενος,
918 4558 1057 4614 ἀλλὰ
1118 4561 1330 4624 πάντας
1385 4564 1466 4625 είς
1516 4563 1608 4614 τὸν

1733 4574 1941 4629 Domini
1994 4576 2271 4639 invocabo,
2321 4592 2443 4645 pro,
2487 4575 2692 4630 Nomen
2745 4577 2958 4631 Domini
3009 4578 3301 4631 invocabo.

30 4645 219 4699 ἑαυτοῦ
258 4648 425 4717 ζῆλον
450 4648 796 4717 άνάγων,καὶ
837 4650 1136 4715 κοινωνοὺς
1160 4653 1460 4723 λαμϐάνων
1509 4656 1605 4708 τοῦ

29 4740 374 4809 πράγματος.
420 4742 609 4811 Πὰσης
654 4743 713 4795 δὲ
737 4743 930 4807 θυσίας
961 4744 1435 4817 εὐαποδεκτοτέρα
1484 4747 1606 4818 Θεῷ

27 4834 55 4899 ἡ
90 4834 438 4903 εὐχαριστία,
473 4836 566 4887 καὶ
600 4837 839 4906 πρᾶγμά
870 4839 1022 4890 ἐστιν
1099 4840 1451 4910 εὐπόριστον,
1509 4843 1607 4895 καὶ

25 4918 186 4995 οὗπερ
206 4927 433 4996 εὐπορεῖ
454 4928 595 4981 κατὰ
611 4928 785 4982 πάντα
819 4930 1010 5001 καιρὸν
1028 4934 1121 4983 καὶ
1138 4934 1166 4984 ὁ
1206 4933 1427 4988 πάντων
1463 4936 1603 4989 ἀπο-

28 5033 286 5085 ριυτιιτος.

1721 4663 1948 4718 Summa
1989 4666 2133 4719 enim
2173 4666 2310 4719 mihi
2352 4676 2431 4721 est
2472 4666 2668 4722 ﬁducia
2701 4668 2756 4721 in
2792 4667 2958 4735 hujus
2993 4668 3165 4721 divini
3207 4684 3306 4722 no-

1715 4756 1881 4813 minis
1911 4759 2283 4821 invocatione,
2317 4768 2606 4829 postquam
2638 4760 2785 4815 illius
2826 4764 2973 4816 vires
3004 4776 3068 4815 ac
3109 4771 3305 4831 poten-

1721 4848 1854 4900 tiam
1912 4847 2030 4918 ipse
2088 4848 2252 4902 etiam
2295 4853 2674 4919 experimento
2716 4853 2970 4923 cognovi.
3027 4851 3159 4919 Qua:
3213 4868 3304 4908 se-

1716 4946 1983 5010 quuntur,
2019 4942 2284 5012 intellige,
2311 4942 2467 5012 juxta
2488 4958 2551 4997 ea
2587 4959 2707 5014 qum
2731 4944 2987 5013 superius
3020 4944 3300 4997 declarata

1713 5043 1862 5088 sunt.
1900 5032 2162 5088 Reddidit
2193 5038 2360 5089 etiam
2396 5049 2517 5090 vota
2548 5053 2668 5098 sua,
2696 5038 2888 5090 beatus
2915 5036 3080 5088 David
3107 5048 3296 5088 coram

24 5116 164 5166 omni
195 5116 417 5185 populo,
448 5133 557 5171 non
595 5127 652 5172 ut
684 5120 839 5189 quasi
875 5122 1274 5191 gloriabundus
1307 5124 1509 5194 aliquis
1536 5141 1594 5181 se
1635 5135 1968 5193 ostentaret,
2009 5127 2105 5182 sed
2147 5122 2211 5183 ut'
2235 5141 2461 5184 caeteros
2498 5130 2563 5184 ad
2633 5130 2717 5184 sui
2767 5130 3126 5183 imitationem
3197 5131 3303 5179 atl-

24 5204 265 5269 duceret.
287 5218 341 5265 et
372 5211 554 5279 operis
588 5212 672 5266 sui
702 5210 904 5268 faceret
934 5218 1249 5286 participes.
1273 5216 1390 5287 Ipsa
1417 5227 1598 5274 autem
1640 5223 1944 5292 gratiarum
1989 5223 2132 5276 actio
2160 5223 2438 5291 acceptior
2505 5230 2589 5276 est
2655 5221 2805 5275 omni
2848 5220 3143 5274 sacriﬁcio.
3194 5217 3300 5272 Fa-

22 5298 218 5352 eitlima
251 5310 512 5370 praeterea
554 5319 641 5358 res
671 5314 779 5370 est,
813 5314 867 5359 et
932 5322 1038 5375 qua
1086 5308 1131 5363 is
1180 5310 1344 5365 etiam
1413 5310 1509 5381 qui
1560 5313 1807 5367 omnium
1862 5313 2342 5383 indigentissimus
2412 5311 2600 5377 fuerit,
2674 5322 3008 5381 quocunque
3056 5316 3302 5381 tempore

22 5403 193 5464 potest
226 5398 526 5452 abundare.

623 5492 1014 5561 Ἀλληλούῖα.

548 5585 847 5640 “mox
871 5589 1036 5656 qu'.

89 5675 527 5750 Εὐχαριστὴριος
578 5680 675 5732 καὶ
702 5675 855 5744 οὗτος
899 5682 927 5734 ὸ
978 5680 1228 5754 ψαλμόςο
1283 5684 1440 5739 καλεῖ
1492 5686 1602 5760 γάρ

90 5859 130 5888 ¹⁷
179 5857 330 5914 Psal.
368 5864 677 5928 C.\\l|lt,91.

2400 5495 2650 5550 Alleluia.

2227 5586 2550 5644 PSALMUS
2603 5586 2789 5642 CXVI.

1786 5683 1885 5740 Hic
1934 5685 2180 5755 psalmus
2215 5683 2514 5754 gratiarum
2548 5682 2711 5738 etiam
2750 5683 2997 5738 actiones
3030 5678 3295 5738 continet.
