3898 6562
494 390 628 457 1127

1650 378 2031 442 ΕΙΠἩΥΝΙΙΙ
2075 372 2435 437 ZIGABENI

3611 372 3724 447 ius

492 507 640 562 ultus
680 520 797 559 sum
837 518 944 557 eos.
981 497 1355 555 Periculorum
1399 492 1830 566 magnitudinem
1872 489 2081 545 descri-

2207 486 2413 554 K’ivplov
2469 484 2795 554 ἠμυνάμην
2836 485 3078 552 αὐτούς.
3104 485 3412 555 Διαγράφει
3448 486 3506 540 τὸ
3532 488 3724 557 μέγεθός

498 601 597 655 bit.
634 599 696 652 Et
728 613 823 667 per
853 609 1015 662 apum
1047 590 1270 661 quidem
1312 588 1753 649 similitudinem,
1786 585 2077 639 vehemen-

498 691 628 742 tiam
661 696 714 740 et
745 681 1233 754 promptitudincm
1282 678 1629 732 inimicorum
1660 676 1953 745 signiﬁcat,
1986 687 2081 741 per

500 783 677 852 ignem
715 794 842 834 vero
890 777 1210 832 effrenatam
1258 774 1418 826 iram.
1460 770 1603 837 Apes
1638 766 1908 835 siquidem
1957 763 2081 816 favo

503 873 683 926 mellis
713 871 959 931 invento,
988 879 1201 920 summa
1226 861 1676 933 promptitudine,
1707 874 1771 911 ac
1788 856 2083 910 vehemen-

501 963 577 1014 tia
609 962 759 1014 illum
794 958 1162 1020 circumdant,
1188 971 1251 1009 ac
1279 954 1457 1007 mellis
1487 965 1712 1005 succum
1764 956 2035 1015 exsurgunt
2067 961 2080 997 :

504 1053 650 1123 ignis
682 1052 847 1106 etiam
894 1051 981 1104 tibi
1020 1049 1216 1102 rubum
1250 1046 1487 1114 aliquem
1538 1054 1630 1097 aut
1668 1042 1941 1110 spinetnm
1988 1053 2084 1106 ap-

504 1146 882 1217 prelienderit,
917 1142 1140 1197 retineri
1176 1155 1282 1195 non
1317 1146 1517 1209 potest.

573 1238 740 1293 Vens.
776 1237 861 1290 i5.
903 1234 1191 1302 liiipulsus,
1234 1248 1439 1285 eversus
1480 1245 1616 1292 sum,
1649 1238 1705 1282 ut
1741 1226 2001 1287 caderem.
2038 1234 2087 1278 et

506 1322 761 1375 Dominus
792 1319 998 1387 adjuvit
1024 1335 1125 1374 me.
1164 1316 1464 1384 lmpnlsus,
1492 1313 1690 1382 inquit,
1721 1312 1789 1366 ab
1814 1311 2086 1373 hosilms,

502 1411 670 1467 veluti
700 1410 926 1481 jamjam
977 1424 1210 1463 casurus
1257 1404 1548 1469 tleclinaxi,
1593 1404 1697 1457 hoc
1747 1411 1853 1463 est,
1898 1417 2087 1471 parum

507 1504 704 1567 abfuit,
749 1503 882 1573 quin
920 1504 1197 1565 caderem,
1238 1509 1293 1553 et
1328 1499 1592 1553 Dominus
1634 1497 1848 1565 adjuvit
1883 1513 1987 1558 me,
2031 1505 2092 1551 ut

504 1599 654 1652 vires
694 1612 846 1658 suas,
880 1603 933 1648 et
977 1593 1218 1648 studium
1249 1608 1410 1647 suum
1441 1594 1492 1644 in
1528 1606 1614 1645 me
1648 1592 1821 1659 magis
1862 1590 2092 1644 demou-

509 1698 734 1744 straret.
789 1686 1042 1756 Eripiens
1090 1701 1157 1740 ex
1208 1699 1305 1738 ore
1359 1683 1552 1737 mortis
1610 1682 1887 1737 hominem
1940 1679 2090 1735 omni

511 1777 756 1830 humana
792 1791 896 1845 ope
931 1775 1282 1830 destitutum.

581 1865 749 1922 Vsus.
782 1868 870 1921 14.
910 1866 1197 1919 Fortitudo
1230 1882 1344 1920 mea
1372 1875 1419 1921 et
1444 1864 1562 1919 laus
1589 1880 1703 1918 mea
1732 1864 2012 1930 Dominus,
2043 1875 2095 1918 et
2126 1850 2168 1904 Β

512 1961 686 2021 factus
718 1969 793 2013 est
833 1960 963 2012 mihi
1006 1960 1060 2011 in
1096 1959 1347 2013 salutem.
1384 1956 1676 2012 Fortitudo
1717 1973 1858 2021 mea,
1896 1958 2097 2027 inquit,

512 2062 568 2105 et
597 2053 718 2108 laus
751 2067 870 2105 mea
909 2051 1173 2105 Dominus
1200 2058 1308 2108 est.
1351 2049 1409 2103 ln
1442 2065 1507 2105 eo
1537 2050 1741 2104 etenim
1779 2051 1925 2105 vires
1949 2065 2098 2106 meas

511 2162 705 2201 onmes
760 2145 935 2200 habeo
982 2161 996 2199 :
1052 2154 1277 2215 propter
1322 2158 1445 2197 eum
1504 2143 1672 2197 etiam
1723 2142 1792 2207 ab
1840 2143 2100 2197 omnibus

515 2238 727 2301 lamlor,
763 2243 815 2290 et
842 2235 1144 2305 gloriﬁcor,
1167 2234 1310 2304 quod
1344 2227 1835 2305 talem'adjutorem
1871 2235 2099 2290 sortitus

514 2345 658 2383 sum.
696 2327 815 2389 Vel.
861 2328 1036 2398 ipsum
1081 2327 1254 2381 Deum
1298 2341 1515 2397 semper
1561 2326 1747 2391 laudo,
1789 2327 1882 2397 qui
1928 2327 2101 2382 factus

513 2428 598 2477 est
639 2418 893 2474 Salvator
931 2435 1107 2475 meus.
1272 2412 1276 2416 “

590 2509 753 2565 Vens.
799 2510 887 2565 15.
933 2508 1047 2564 Vox
1088 2510 1486 2573 exsultationis,
1518 2519 1568 2564 et
1601 2509 1793 2565 salutis
1834 2510 1886 2563 in
1926 2507 2103 2563 taber-

516 2604 721 2656 naculis
749 2602 1043 2671 justorum.
1078 2600 1141 2653 Et
1173 2618 1396 2656 rursum
1432 2601 1608 2657 factus
1637 2610 1719 2657 est
1747 2601 1881 2657 mihi
1914 2600 2101 2656 Domi-

518 2708 644 2757 nus,
686 2707 787 2745 vox
817 2692 1230 2757 exsultatiouis,
1266 2703 1321 2746 et
1361 2692 1599 2746 salutis:
1641 2693 1744 2746 hoc
1777 2700 1882 2753 est,
1923 2691 2103 2746 factus

518 2791 605 2837 est
637 2798 809 2837 causa
842 2784 998 2838 vocis
1030 2784 1436 2849 exsultationis,
1469 2790 1525 2835 et
1553 2784 1707 2838 vocis
1729 2784 1947 2848 salutis,
1982 2798 2103 2854 quae

453 2924 474 2942 _
518 2872 738 2925 canitur
777 2874 830 2926 in
860 2873 1235 2928 tabernaculis
1262 2873 1561 2942 justorum,
1590 2889 1710 2928 cum
1746 2874 1817 2929 ob
1862 2873 2111 2929 admira-~

521 2963 703 3018 biliter
751 2961 886 3017 mihi
937 2963 1236 3034 praestitam
1285 2966 1541 3030 salutem,
1593 2965 1862 3035 impulsus
1902 2968 2002 3021 sim
2046 2975 2106 3020 ut

522 3055 982 3121 exsultationem,
1032 3066 1081 3110 et
1128 3056 1359 3110 salutem
1397 3057 1544 3111 illam
1595 3055 1899 3121 laudarem,
1938 3072 2101 3128 quam

520 3148 656 3202 mihi
693 3150 903 3203 tribuit.
947 3146 1039 3203 Vel
1065 3148 1337 3217 impulsus
1368 3165 1488 3204 sum
1522 3149 1586 3203 ad
1616 3149 1944 3205 laudandum
1974 3165 2098 3205 cum

521 3242 575 3294 in
600 3243 996 3307 exsultatione,
1040 3251 1095 3296 et
1140 3242 1339 3297 salute.
1385 3241 1489 3297 Per
1533 3242 1879 3298 tabernacula
1917 3251 2099 3297 autem

516 3332 795 3401 juStorum
850 3334 1066 3404 tuguria
1124 3335 1449 3403 praedicere,
1498 3334 1554 3388 in
1601 3336 1803 3405 quibus
1858 3334 2107 3389 Davidici

521 3425 717 3493 psalmi
747 3428 1022 3496 praecipue
1055 3426 1424 3481 decantantur
1459 3445 1471 3479 :
1510 3427 1591 3481 vel
1622 3429 1824 3495 varias,
1870 3442 1934 3482 ac
1976 3443 2107 3497 par-

523 3517 805 3583 tieulares,
833 3534 955 3589 quae
992 3534 1090 3589 per
1123 3521 1312 3577 orbem
1349 3530 1499 3588 sunt,
1531 3519 1828 3576 Ecclesias.

593 3626 760 3685 Υιιιε.
799 3629 887 3684 16.
918 3630 1150 3686 Dextera
1180 3632 1399 3687 Domini
1425 3634 1549 3702 fecit
1572 3635 1843 3689 virtutem.
1867 3633 2107 3698 Dextera

521 3719 764 3784 Domini,
794 3720 847 3775 id
892 3733 998 3789 est,
1051 3723 1299 3778 divinum
1362 3724 1649 3791 auxilium,
1722 3727 1867 3796 quod
1915 3726 2107 3780 tribuit

525 3811 685 3866 nobis
715 3813 1030 3879 victoriam,
1064 3822 1119 3869 et
1151 3822 1416 3883 tropaeum
1448 3816 1647 3870 erexit.

594 3920 828 3975 Dextera
853 3921 1074 3977 Domini
1095 3923 1354 3977 exultavit
1386 3941 1489 3979 me.
1532 3922 1721 3979 Erexit
1748 3940 1832 3980 me
1868 3926 1982 3996 jam
2015 3943 2108 3998 pec

528 4013 678 4069 nitus
708 4014 1060 4070 inclinatum.
1105 4015 1227 4081 Vel,
1274 4016 1615 4072 Gloriﬁcavit
1657 4034 1765 4083 me,
1814 4028 2109 4092 postquam

527 4102 786 4157 inimicos
816 4119 968 4159 meos
994 4104 1049 4158 in
1082 4105 1264 4176 fugam
1286 4108 1579 4171 convertit,

594 4215 824 4270 Dextera
854 4218 1070 4273 Domini
1111 4221 1237 4291 fecit
1290 4223 1555 4277 virtutem.
1606 4222 1866 4278 Eamdem
1915 4241 2110 4283 rursus

526 4307 856 4360 sententiam
911 4309 1135 4377 repetit,
1191 4319 1245 4365 et
1296 4326 1409 4381 pra:
1462 4312 1651 4367 laetitia
1710 4313 1765 4369 in
1806 4318 2108 4383 gratiarum

525 4395 743 4452 actione
774 4403 1109 4457 extenditur.
1134 4400 1231 4457 Vel
1259 4414 1341 4459 ter
1365 4405 1655 4462 nominans
1686 4406 1781 4463 Dei
1805 4410 2108 4473 dexteram,

2183 577 2290 630 τῶν
2323 577 2514 629 δεινῶν
2541 593 2555 607 ·
2589 579 2682 629 καὶ
2713 577 2803 629 διὰ
2836 576 2934 645 μὲν
2965 578 3062 646 τῆς
3094 578 3304 641 εἰκόνος
3332 576 3441 630 τῶν
3489 578 3723 648 μελισσῶν

2183 669 2245 721 τὸ
2275 671 2510 739 σφοδρὶν
2549 673 2649 736 τῆς
2682 670 2993 739 προθυμίας
3018 669 3199 722 αὐτῶν
3226 670 3542 732 αἰνίττεται,
3585 671 3658 722 διὰ
3682 671 3725 723 δὲ

2182 761 2277 814 τοῦ
2331 762 2502 832 πυρὸς
2552 762 2611 814 τὸ
2636 762 2942 815 ἀκάθεκτον
3003 760 3106 830 τῆς
3147 761 3341 831 ὀργῆς.
3401 760 3468 813 Δί
3511 762 3726 830 μέλισσαι

2189 855 2289 922 μὲν
2340 855 2448 923 γὰρ
2508 853 2775 924 εὑροῦσαι
2832 853 3029 923 κηρίον
3068 851 3310 921 μέλιτος,
3359 854 3495 922 μετὰ
3527 853 3727 925 σφοδρᾶς

2187 943 2499 1014 προθυμίας
2566 943 2860 996 κυκλοῦσιν
2885 942 3156 1008 αὑτὸ,τὴν
3187 942 3393 1012 ἰκμάδα
3434 941 3524 995 τοῦ
3548 944 3728 1013 μέλιτος

2188 1036 2511 1105 ὲκμυξὼσαι
2534 1051 2548 1067 ’
2605 1036 2699 1088 καὶ
2729 1035 2786 1089 τὸ
2832 1033 2944 1106 πῦρ
2979 1034 3229 1089 ἀκανθῶν
3266 1034 3592 1104 δραξάμενον
3618 1037 3720 1088 axi-

2190 1128 2381 1191 Oeneu
2406 1127 2641 1196 γίνεται.

2260 1219 2512 1282 Ὠσθεὶς,
2551 1219 2898 1288 ἀνετράπην
2938 1218 3042 1273 τοῦ
3072 1218 3304 1281 πεσεῖν,
3357 1218 3452 1271 καὶ
3486 1221 3516 1271 ό
3550 1216 3730 1286 Κύριος

2191 1310 2555 1364 ἀντελάϐετό
2578 1329 2722 1379 μου.
2754 1312 2969 1371 Ὠσθεὶς
3026 1312 3156 1382 παρ’
3217 1310 3423 1375 αὑτῶν,
3455 1310 3620 1363 Exim
3644 1313 3722 1363 τοῦ

2196 1402 2406 1465 πεσεῖν,
2438 1402 2737 1459 τουτέστιν.
2767 1400 2933 1469 ἐγγὺς
2970 1403 3239 1470 ἐγενόμην
3301 1399 3396 1452 τοῦ
3431 1403 3621 1465 πεσεῖν,
3658 1404 3732 1454 iul

2193 1492 2221 1544 ό
2248 1492 2450 1563 Κύριος
2480 1492 2809 1546 ἀντελάϐετό
2848 1510 2974 1563 μου,
3010 1494 3096 1545 ἵνα
3122 1495 3218 1547 καὶ
3252 1493 3455 1562 μᾶλλον
3484 1493 3618 1564 δείξῃ
3652 1497 3732 1564 τὴν

2195 1585 2359 1637 αὑτοῦ
2413 1585 2566 1655 ἰσχὺν
2611 1586 2707 1638 καὶ
2730 1584 3083 1655 κηδεμονίαν,
3116 1585 3455 1655 ἀφαρπάσας
3486 1585 3544 1637 ἐκ
3567 1585 3736 1653 στόμα·

2204 1694 2295 1742 τος
2325 1678 2420 1731 τοῦ
2449 1677 2686 1733 θανάτου
2724 1679 2815 1733 τὸν
2838 1668 3265 1749 ἀπεγνωσμένον
3296 1677 3617 1747 πανταχόθεν
3643 1679 3736 1729 ὲτὲ·

2203 1770 2398 1843 ρωθεν.

2279 1864 2487 1932 Ἰσχύς
2507 1881 2625 1934 μου
2638 1863 2735 1918 καὶ
2782 1864 3044 1931 ὕμνησίς
3066 1882 3185 1933 μου
3216 1866 3249 1917 ό
3271 1864 3501 1933 Κύριος,
3523 1860 3735 1931 καὶέγέι

2198 1957 2337 2009 γετό
2356 1972 2454 2024 μοι
2474 1956 2561 2020 εὶς
2584 1956 2911 2024 σωτηρίαν.
2951 1954 3061 2007 Καὶ
3088 1953 3242 2023 ἰσχύς
3262 1954 3365 2023 μού
3393 1956 3561 2006 ἐστιν⁸
3589 1955 3640 2005 ἐν
3655 1954 3735 2005 αξι-

2198 2047 2277 2116 τῷ
2334 2047 2439 2118 γὰρ
2482 2048 2654 2118 ίσχὺω
2680 2062 2695 2078 '
2740 2049 2836 2101 mi.
2890 2045 3124 2117 ὑμνησίς
3192 2062 3321 2115 μου·
3358 2044 3427 2098 δι’
3458 2044 3610 2097 αὑτοῦ
3644 2060 3673 2112 γ
3710 2061 3734 2114 ρ

2202 2139 2503 2209 ὑμνοῦμαι,
2543 2142 2639 2192 καὶ
2681 2140 2979 2208 δοξάζομαι
3030 2139 3182 2209 παρὰ
3212 2139 3450 2199 πάντων,
3491 2138 3559 2200 ὡς
3588 2135 3737 2189 τοιοῦ-

2200 2249 2293 2285 τον
2362 2232 2557 2303 βοηθὸν
2618 2232 3041 2303 πεπλουτηκὼς,
3094 2233 3126 2302 ἣ
3170 2233 3264 2285 καὶ
3314 2232 3474 2286 αὑτὸν
3508 2231 3642 2303 ὑμνὼ
3665 2229 3737 2282 διὰ

2203 2324 2429 2390 παντὸς,
2462 2326 2557 2378 καὶ
2582 2325 2802 2393 ἐγένετό
2836 2342 2928 2395 μοι
2950 2326 3170 2395 Σωτήρ.

2272 2499 2445 2566 Φωνὴ
2472 2499 2891 2570 ἀγαλλιάσεως
2952 2502 3050 2556 καί
3081 2504 3383 2572 σωτηρίας
3420 2504 3488 2557 ἐν
3513 2500 3736 2570 σκηναῖς

2202 2592 2467 2648 suum”
2523 2596 2636 2649 Καὶ
2680 2595 2902 2663 έτένετά
2942 2613 3034 2665 μοι
3097 2596 3260 2650 πάλιν
3307 2597 3460 2667 φωνὴ
3515 2594 3737 2663 aratu-

2206 2704 2345 2749 σεως
2389 2688 2483 2740 καὶ
2508 2689 2805 2759 σωτηρίας,
2835 2688 3105 2759 ᾁδομένης
3151 2691 3209 2742 ὲν
3249 2693 3476 2758 σκηναῖς
3521 2687 3731 2745 δικαίων.

2209 2779 2529 2850 παραδόξως
2559 2780 2669 2849 γὰρ
2698 2780 2788 2832 ὑπ’
2823 2781 2992 2834 αὑτοῦ
3043 2780 3258 2845 σωθεὶς,
3285 2779 3538 2850 ἐκινήθην
3588 2780 3655 2840 είς
3686 2777 3735 2828 τὸ

2208 2872 2400 2942 ὑμνεῖν
2451 2875 2551 2943 τὴν
2600 2872 2927 2942 ἁγαλλίασιν
2980 2876 3074 2927 καὶ
3130 2875 3229 2944 τὴν
3260 2873 3545 2944 σωτηρίαν,
3582 2873 3638 2941 ἥν
3659 2887 3731 2940 μοι

2205 2965 2507 3037 δεδώρηται
2537 2982 2550 2995 ’
2597 2964 2629 3036 ἢ
2671 2966 2748 3028 εἰς
2798 2966 2858 3018 τὸ
2920 2967 3109 3037 ὑμνεῖν
3152 2967 3316 3020 αὑτὸν
3363 2968 3422 3018 ὲν
3457 2964 3731 3034 ἀγαλλιάσει

2209 3058 2306 3111 καὶ
2361 3059 2633 3129 σωτηρίᾳ.
2681 3059 2897 3126 Σκηνὰς
2927 3060 2982 3112 δὲ
3002 3060 3230 3113 δικαίων
3249 3056 3404 3128 οἶμαι
3428 3055 3729 3129 προφητικῶς

2212 3153 2392 3222 λέγειν
2445 3155 2631 3221 αὑτὸν,
2680 3155 2780 3219 τὰς
2830 3154 3070 3216 καλύϐας
3117 3154 3226 3207 τῶν
3274 3153 3524 3222 ἀσκητῶν
3572 3153 3624 3204 ὲν
3656 3144 3727 3210 ai;

2215 3247 2420 3316 μᾶλλον
2481 3246 2700 3319 ᾅδονται
2763 3247 2832 3302 τὰ
2877 3247 3141 3302 Δαὸιδικά
3165 3262 3179 3277 ·
3216 3247 3250 3318 ἢ
3300 3248 3398 3309 τὰς
3438 3243 3565 3299 κατά
3596 3243 3723 3296 τόπον

2223 3339 2565 3412 Ἐκκλησίας.

2281 3631 2458 3695 delita
2516 3632 2738 3698 Kvplov
2775 3631 3026 3697 ἐποίησε
3051 3628 3330 3699 δύναμιν.
3377 3629 3446 3684 Ἦ
3495 3626 3626 3693 δεξιὰ
3655 3623 3725 3678 τοῦ

2213 3723 2448 3794 Κυρίου,
2491 3725 2664 3794 ἧτοιὴ
2708 3724 3015 3795 συμμαχία,
3049 3726 3349 3795 εἰργάσατο
3386 3722 3481 3792 τὴν
3508 3722 3642 3790 νίκην
3659 3720 3729 3772 καὶ

2211 3815 2409 3885 ἔστησε
2439 3815 2499 3867 τὸ
2532 3812 2818 3884 τρόπαιον.

2283 3929 2457 3995 Δεξιὰ
2480 3933 2700 3997 Κυρίου
2734 3930 2946 4000 ὕψωσέ
2967 3949 3063 4001 με.
3108 3932 3404 4003 Ἀνέστησε
3438 3924 3725 3996 κλιθέντα,ἣ

2213 4024 2434 4092 ὲδόξασε
2464 4025 2889 4095 τροπωσόιμενον
2924 4027 3051 4089 τοὺς
3074 4024 3321 4097 ὲχθροὺς.

2285 4221 2459 4285 Δεξιὰ
2497 4222 2718 4288 Κυρίου
2748 4221 3001 4288 ἐποίησε
3019 4222 3298 4290 δύναμιν.
3361 4222 3433 4275 Τὸ
3456 4220 3574 4277 αὐτὸ
3617 4186 3729 4287 λέγει

2215 4313 2398 4379 πάλιν,
2431 4312 2521 4383 ὑφ’
2561 4313 2752 4384 ἡδονῆς
2777 4314 3062 4367 ἐπιτείνων
3093 4315 3190 4385 τὴν
3212 4316 3583 4387 εὐχαριστίαν⁸
3607 4313 3634 4382 ἧ
3655 4310 3726 4364 καὶ

2216 4410 2366 4478 τρεῖς
2388 4406 2567 4473 δεξιὰς
2602 4406 2774 4459 εἰπὼν
2805 4408 3034 4480 Κυρίου,
3068 4409 3167 4479 τὴν
3194 4410 3433 4479 τριπλῆν
3467 4404 3727 4478 συμμαχίαν

526 4487 723 4555 triplex
760 4489 925 4544 trium
980 4506 1343 4561 personarum
1396 4498 1661 4550 auxilium
1712 4499 1767 4552 in
1816 4498 2101 4555 Divinitate

545 4577 556 4596 .
613 4595 622 4596 ,
675 4592 684 4596 _
766 4584 800 4596 ._

2219 4500 2317 4568 τῆς
2342 4503 2775 4571 τρισυποστάτου
2792 4500 3043 4570 θεότητο;
3074 4501 3366 4571 ἐνέφηνεν.

525 4577 829 4639 denotavit.

607 4694 769 4752 Vens.
821 4700 908 4753 17.
946 4690 1342 4770 Νωι⁹ηιονὶαν,
1394 4706 1485 4760 sed
1544 4707 1738 4772 tivam,
1781 4719 1831 4761 et
1878 4710 2109 4764 narrabo

528 4805 690 4856 opera
720 4788 959 4843 Domini.
996 4792 1116 4846 Non
1172 4801 1380 4850 moriar
1424 4799 1707 4868 deinceps,
1759 4817 1858 4855 nec
1911 4803 2111 4871 perdar

529 4888 599 4934 ab
629 4881 694 4934 iis
719 4882 813 4950 qui
839 4882 1330 4940 circumdederunt
1371 4904 1480 4953 me,
1509 4893 1976 4959 quemadmodum
2007 4896 2109 4964 ipsi

530 4974 847 5042 sperabant,
889 4989 1013 5027 cum
1064 4976 1140 5028 illi
1196 4988 1389 5031 contra
1433 4984 1615 5049 potius
1667 4985 1929 5051 perierint
1965 5003 1978 5039 :
2013 4987 2109 5041 sed

532 5067 729 5129 \ivam,
765 5072 819 5118 et
858 5066 1097 5120 laudabo
1134 5067 1408 5123 mirabilia
1455 5069 1573 5125 Dei.
1615 5071 1726 5136 Vel,
1753 5071 1871 5129 Non
1907 5078 2111 5131 moriar

531 5157 733 5212 animat
766 5167 959 5225 morte,
990 5158 1086 5214 sed
1113 5162 1292 5215 vivam
1320 5177 1384 5218 ea
1410 5164 1516 5217 vita
1546 5148 1671 5233 qua:
1699 5176 1785 5220 est
1808 5171 2110 5225 secundum

535 5250 723 5303 Deum.
758 5244 877 5312 Vel,
912 5248 1028 5302 Non
1074 5253 1301 5317 moriar,
1347 5255 1442 5307 sed
1481 5257 1679 5323 vivam,
1719 5257 1820 5313 hoc
1866 5270 1971 5326 est,
2014 5260 2112 5314 lm-

533 5342 783 5396 mortalis
813 5358 931 5407 ero,
963 5344 1089 5412 quia
1133 5362 1252 5400 mea
1285 5347 1503 5402 cantica
1526 5360 1796 5403 canentur
1822 5363 2108 5421 perpetuo,

530 5440 585 5487 et
605 5432 824 5488 illorum
858 5444 1054 5491 cantus
1108 5437 1263 5491 nullo
1305 5455 1547 5509 unquam
1590 5448 1836 5511 tempore
1868 5445 2107 5500 deﬁciet.

536 5523 836 5582 Possumus
876 5528 1038 5582 etiam
1079 5531 1225 5585 hunc
1275 5532 1609 5587 versiculum
1667 5535 2000 5605 intelligere,
2053 5549 2110 5591 ut

536 5631 720 5672 sermo
751 5621 822 5674 sit
854 5620 921 5675 de
954 5625 1385 5688 resurrectione,
1414 5637 1467 5679 et
1504 5637 1718 5682 asserat
1752 5626 2020 5696 Propheta
2054 5646 2111 5684 se

536 5722 646 5760 non
696 5711 1019 5763 moriturum
1055 5727 1117 5765 ea
1149 5713 1489 5779 conditione,
1528 5724 1584 5768 ut
1619 5718 1767 5769 nulla
1800 5717 1846 5769 ei
1878 5717 2112 5785 amplius

536 5801 958 5859 resurrectionis
982 5804 1054 5857 sit
1083 5818 1226 5874 spes.
1258 5804 1518 5869 Quinimo
1572 5811 1617 5862 si
1645 5810 1870 5875 moriar,
1908 5809 2107 5880 inquit,

2280 4702 2401 4753 Οὺιι
2431 4699 2867 4769 ἀποθανοῦμαι,
2918 4699 3084 4753 ἀλλὰ
3117 4697 3393 4767 ζήσομαι,
3425 4697 3521 4750 καὶ
3563 4690 3732 4762 διηγή-

2214 4808 2399 4861 σομαι
2432 4791 2504 4844 τὰ
2556 4793 2700 4860 ἔργα
2741 4791 2982 4858 Kvpt'ov.
3018 4790 3129 4842 υὺκ
3169 4789 3541 4858 ἀποθανοῦμαι
3589 4783 3736 4837 λοιπὸν

2213 4887 2321 4939 ἀπὸ
2350 4886 2457 4936 τῶν
2496 4884 2892 4938 κυκλωσάντων
2923 4901 3015 4953 με,
3052 4882 3235 4946 καθὼς
3291 4882 3519 4943 ἐκείνοις
3575 4877 3734 4934 ἐδόκει,

2213 4978 2529 5031 τούναντίον
2568 4976 2771 5047 μᾶλλον
2799 4977 2981 5030 αὑτῶν
3031 4974 3390 5029 ἀπολωλότων
3410 4989 3424 5003 ·
3456 4971 3583 5026 ἀλλά
3619 4971 3744 5038 ζήσαι

2218 5088 2338 5141 μαι,
2366 5074 2461 5124 καί
2502 5070 2730 5140 ὑμνήσω
2777 5069 2843 5122 τὰ
2898 5069 3177 5138 θαυμάσια
3219 5068 3313 5121 τοῦ
3370 5065 3527 5119 Θεοῦ.
3565 5066 3627 5117 ἸΙ
3666 5063 3742 5114 οὐκ

2212 5166 2590 5233 ἀποθανοῦμαι
2631 5163 2974 5233 τὺνψυχικον
3030 5161 3283 5226 θάνατον,
3343 5161 3478 5215 ἀλλὰ
3539 5159 3738 5228 ζήσομαι

2213 5261 2313 5325 τὴν
2360 5257 2501 5308 κατά
2544 5255 2676 5308 Θεὸν
2718 5256 2887 5324 ζωήν.
2930 5254 2998 5308 Ἦ
3034 5255 3136 5309 οὐκ
3182 5253 3583 5322 ἀποθανοῦμαι,
3634 5246 3741 5300 ἀλλᾶ

2215 5351 2480 5420 ζήσομαι,
2503 5349 2803 5413 τουτέστιν,
2828 5348 3094 5411 ἀθάνατος
3116 5348 3335 5417 ἔσομαι,
3389 5348 3475 5399 διὰ
3499 5346 3554 5398 τὸ
3593 5344 3738 5412 διηνε-

2216 5442 2327 5504 κῶς
2358 5442 2505 5512 ᾅδειν
2538 5441 2692 5510 παρὰ
2724 5441 2836 5501 τοῖς
2864 5440 3131 5510 ψάλλουσι
3163 5440 3259 5500 τὰς
3294 5439 3437 5508 ἐμὰς
3467 5437 3619 5510 ᾠδᾶις,
3668 5433 3740 5484 καὶ

2218 5532 2353 5599 μηδὲ
2389 5547 2517 5582 ποτε
2558 5530 2849 5595 παύεσθαι,
2879 5530 3043 5602 μέχρι
3070 5530 3273 5591 παντὸς
3327 5530 3543 5592 αἰῶνος.
3574 5528 3634 5578 Ἢ
3668 5523 3738 5575 καὶ

2215 5624 2342 5693 περὶ
2359 5623 2457 5691 τῆς
2476 5623 2829 5685 ἀναστάσεως
2851 5624 3292 5693 προφητεύοντος
3313 5625 3340 5676 ό
3377 5623 3551 5690 λόγος,
3572 5622 3643 5672 ὅτι
3664 5617 3738 5668 οὐκ

2216 5713 2600 5783 ἀποθανοῦμαι
2630 5717 2708 5777 εἰς
2739 5716 2800 5766 τὸ
2830 5716 3373 5786 μηκέτιάναστῆναι,
3392 5715 3523 5768 ἀλλά
3546 5712 3736 5781 ζήσομαι

2217 5808 2379 5861 πάλιν
2412 5808 2553 5878 μετὰ
2586 5808 2808 5867 πάντων
2837 5809 3169 5879 ἀνθρώπων·
3198 5808 3279 5862 διδ
3310 5809 3405 5863 καὶ
3453 5808 3733 5876 διηγήσομαι
