3898 6584
456 450 595 520 1131

1708 437 2093 503 ΕυΤΗΥΜῐῐ
2124 436 2496 501 ZIGABENI

3578 442 3688 508 ii?!

464 577 594 638 iste,
626 569 721 642 qui
771 567 839 622 ab
889 564 998 621 illis
1034 562 1362 634 rcprobatus
1397 568 1502 627 cst,
1551 560 1624 615 ita
1684 562 2033 632 postmodum

2149 558 2203 625 ἑξ
2232 557 2394 614 ἑκατέ
2403 573 2501 631 ρας
2521 553 2685 612 αὐτοῦ
2704 554 2942 626 πλευρᾶς
2956 555 3216 627 συνδῆσαι
3231 557 3356 622 τοὺς
3393 555 3487 612 δύο
3504 559 3687 632 τοίχους

461 667 792 740 approbatus
823 659 949 727 fuit,
982 668 1043 714 ut
1078 657 1262 712 factus
1290 657 1363 711 sit
1399 655 1454 711 in
1487 662 1654 724 caput
1704 653 1914 724 anguli,
1947 651 2037 708 ei-

462 762 641 815 fectus
662 754 929 811 nimirum
968 749 1254 822 angularis
1273 748 1433 817 lapis.
1468 745 1655 818 Neque
1680 746 1826 801 enim
1858 746 2040 802 omnis

463 851 603 921 lapis
633 860 757 902 esse
785 851 967 916 potest
1014 839 1299 912 angularis
1335 836 1493 907 lapis,
1527 837 1620 893 sed
1674 836 1765 891 ille
1800 843 2040 900 tantum,

461 944 552 1013 qui
587 940 711 996 aliis
742 933 1086 1009 probabilior
1117 940 1221 997 est,
1253 942 1308 986 et
1339 944 1405 984 ex
1440 939 1678 1000 utroque
1728 928 1903 985 latere
1939 943 2038 999 po-

461 1042 567 1091 test
621 1034 677 1086 in
723 1043 895 1085 unum
947 1026 1211 1098 angulum
1260 1023 1406 1080 duos
1457 1021 1699 1093 parietes
1758 1021 2038 1092 colligare.

459 1127 714 1183 Christus
747 1137 878 1179 vero
906 1119 1136 1177 eﬂ‘ectus
1170 1126 1258 1175 est
1299 1116 1440 1188 lapis
1480 1115 1786 1186 angularis,
1819 1114 1949 1185 quia
1985 1115 2039 1170 in

460 1222 647 1290 seipso
679 1219 820 1272 duos
852 1214 1091 1287 populos
1142 1212 1198 1267 in
1259 1223 1427 1266 unam
1478 1207 1641 1263 [idem
1696 1205 2036 1278 conjunxit:

462 1312 670 1367 ﬁdelem
723 1308 983 1363 nimirum
1035 1303 1297 1377 pepulum
1346 1316 1414 1356 ex
1469 1298 1917 1362 circumcisione,
1987 1305 2043 1354 et

463 1405 614 1460 illum
645 1402 738 1473 qui
772 1417 834 1456 ex
866 1397 1143 1469 gentibus.
1179 1395 1449 1461 Quocirca
1514 1391 1793 1462 apostolus
1838 1390 2041 1446 Paulus

461 1497 529 1552 de
551 1511 616 1551 eo
641 1495 779 1549 dixit
813 1510 826 1547 :
859 1490 1007 1562 quod
1040 1487 1282 1544 Christus
1322 1494 1400 1540 est
1432 1497 1540 1552 pax
1573 1491 1770 1546 vestra,
1803 1483 1894 1551 qui
1918 1482 2040 1551 fecit

460 1604 526 1644 ea:
559 1599 776 1657 utroque
800 1598 965 1637 unum
986 1583 1056 1636 ".
1090 1579 1362 1634 Praeterea
1404 1579 1524 1647 ipse
1556 1577 1723 1630 etiam
1777 1575 2040 1630 Dominus

461 1679 528 1736 ad
562 1678 786 1734 Judazos
826 1673 1069 1738 dicebat,
1098 1686 1159 1728 se
1201 1671 1341 1724 alias
1372 1684 1489 1724 oves
1538 1668 1731 1722 habere
1774 1681 1893 1737 qua
1937 1682 2040 1721 non

461 1778 611 1825 erant
641 1746 720 1823 ex.
749 1767 843 1820 illo
877 1764 1023 1827 ovili,
1050 1772 1101 1818 et
1132 1777 1264 1832 quas
1298 1759 1495 1815 adauei
1533 1759 1694 1814 etiam
1737 1756 2040 1828 oportebat,

462 1874 515 1915 nt
545 1865 693 1930 [teret
726 1874 890 1913 unum
939 1856 1090 1921 ovile,
1134 1862 1293 1923 atque
1334 1866 1469 1906 unus
1506 1859 1689 1920 pastor
1706 1850 1775 1906 ".
1803 1848 1902 1906 Vel
1944 1864 2043 1921 per

460 1943 719 2026 angulum
746 1949 1006 2017 intelligit
1031 1945 1331 2000 Ecclesiam
1358 1943 1600 1998 ﬁdelium
1634 1961 1649 1998 :
1682 1943 1809 2013 quia
1842 1954 2038 2011 quem-

461 2042 755 2099 admodum
799 2036 1035 2108 angulus
1070 2033 1203 2088 facit
1250 2031 1395 2087 duos
1438 2029 1683 2101 parietes
1729 2029 1786 2084 in
1818 2042 1880 2084 se
1913 2041 2041 2084 con-

2145 652 2225 712 είς
2257 648 2387 719 μίαν
2408 645 2610 717 γωνίαν
2647 645 2970 716 δυνάμενος.
3004 646 3131 709 Πῶς
3156 646 3214 701 δὲ
3251 648 3279 700 6
3306 649 3539 719 Χριστὸς
3584 653 3687 718 ἐγέ-

2144 758 2266 798 νετο
2293 740 2738 813 ἀκρογωνιαίος;
2762 736 2837 802 ὡς
2862 737 2950 806 irp‘
2973 736 3170 791 ἑαυτοῦ
3203 738 3446 810 συνάψας
3471 741 3589 803 τοὺς
3614 741 3688 795 δίο

2144 834 2307 897 λαοὺς
2341 833 2420 897 είς
2447 830 2577 903 μίαν
2607 830 2791 884 πίστιν
2820 845 2835 860 ·
2866 829 2959 883 τόν
2987 845 3049 883 τε
3072 831 3138 883 ὲκ
3164 834 3470 903 περιτομῆς
3493 834 3689 887 πιστεύ-

2146 943 2319 981 σαντα
2337 964 2354 989 ,
2389 925 2484 978 καὶ
2505 924 2595 978 τδν
2619 921 2678 988 ἑξ
2700 920 2895 977 ἐθνῶν.
2923 921 3097 990 Φησὶν
3149 924 3178 974 6
3224 923 3461 988 Παῦλος,
3484 925 3562 978 ὅτι
3586 925 3623 978 Α
3639 928 3690 978 ῠ-

2142 1019 2245 1086 τός
2270 1017 2492 1085 ἐστινὴ
2514 1013 2722 1085 εἰρήνη
2751 1013 2943 1085 ἡμῶν,
2962 1017 2996 1070 ὁ
3022 1015 3287 1085 ποιήσας
3312 1016 3386 1070 τὰ
3413 1018 3687 1087 ἀμφότερα

2141 1112 2232 1166 ἓν.
2299 1110 2415 1164 Καὶ
2464 1107 2629 1171 αὐτὸς
2682 1106 3057 1177 δὶόΧριστδς
3122 1107 3351 1178 εἴρηκεο
3383 1110 3492 1162 Καὶ
3545 1108 3683 1163 ἀλλα

2141 1204 2415 1271 πρόϐατα
2441 1200 2582 1269 ἔχω,
2607 1197 2647 1254 d
2672 1201 2785 1255 οὐκ
2810 1199 2988 1255 ἔστιν
3019 1200 3089 1254 ἐκ
3120 1199 3232 1268 τῆς
3261 1200 3456 1268 αὐλῆς
3470 1202 3684 1267 ταύτης·

2143 1291 2372 1346 κάκεῖνά
2397 1308 2488 1361 μοι
2521 1290 2605 1344 δεῖ
2636 1292 2888 1360 ἀγαγεῖν,
2925 1291 3034 1345 Καὶ
3075 1289 3395 1360 γενήσεται
3420 1293 3527 1361 μία
3569 1294 3683 1346 ποί-

2137 1402 2287 1453 μνη,
2326 1377 2414 1449 εἷς
2430 1380 2692 1451 ποιμήν
2723 1381 2758 1453 ἢ
2787 1383 2996 1451 γωνίαν
3037 1382 3186 1451 λέγει
3232 1383 3334 1453 τὴν
3388 1384 3687 1455 Ἐκκλησίαν

2144 1477 2251 1531 τῶν
2278 1472 2506 1533 πιστῶν.
2532 1478 2746 1550 Ὠσπερ
2759 1477 2869 1549 γὰρ
2899 1479 2934 1548 ἡ
2957 1479 3131 1546 γωνία
3147 1478 3244 1532 δύο
3267 1480 3462 1549 τοίχων
3490 1480 3556 1533 δι’
3580 1481 3685 1534 ἐαυ-

2143 1572 2243 1639 τῆς
2273 1570 2514 1623 ποιεῖται
2544 1572 2627 1634 είς
2675 1571 2806 1640 μίαν
2870 1570 3194 1638 συνάφειαν,
3223 1570 3367 1624 οὕτω
3415 1575 3506 1625 καὶ
3549 1574 3581 1641 ἡ
3612 1573 3685 1626 τοῦ

2142 1658 2279 1714 Θεοῦ
2322 1658 2624 1731 Ἐκκλησία
2653 1660 2751 1715 δύο
2774 1660 2944 1729 λαῶν,
2980 1661 3135 1716 τοῦτε
3161 1664 3220 1730 ἐξ
3271 1662 3559 1730 Ἰουδαίων,
3611 1665 3685 1719 καὶ

2139 1749 2237 1804 τοῦ
2268 1751 2329 1817 ἐξ
2348 1751 2520 1806 ἐθνῶν
2543 1752 2742 1808 ῑνωσιν
2785 1752 3202 1825 ἀπεργάζεταιι
3269 1754 3475 1827 ταύτης
3521 1757 3577 1809 δὲ
3609 1775 3684 1810 κε·

2144 1844 2290 1917 φαλὴ
2327 1846 2357 1898 6
2387 1846 2646 1918 Χριστὸς,
2669 1847 2746 1910 ὡς
2776 1847 2897 1911 ἑνὸς
2943 1847 3132 1902 λοιπὸν
3164 1848 3421 1921 σώματος
3445 1863 3460 1881 ·
3518 1849 3604 1903 καὶ
3635 1851 3683 1902 οὐ

2073 1921 2115 1977 Β
2143 1936 2360 2009 κεφαλὴ
2404 1936 2463 1991 δὲ
2507 1937 2693 2009 μόνον,
2734 1939 2874 1995 ἀλλὰ
2916 1942 3013 1996 καὶ
3060 1940 3361 2013 σύνδεσμος
3410 1943 3505 1997 καὶ
3552 1941 3686 2012 θεμέ-

2144 2029 2285 2095 λιος.

461 2138 630 2212 iungi,
680 2138 757 2193 ita
821 2134 986 2190 etiam
1046 2130 1289 2186 Ecclesia
1334 2127 1572 2182 duorum
1607 2124 1958 2196 populorum,
2009 2134 2070 2180 ut
2108 2125 2376 2192 diximus,
2404 2127 3067 2201 conjunctionem,atque
3108 2131 3377 2187 unitatem
3425 2141 3681 2202 .operatur.

465 2232 640 2303 llujus
667 2241 847 2286 autem
877 2224 1158 2289 Ecclesiae,
1190 2237 1355 2294 quam
1398 2220 1561 2290 lapidi
1593 2219 1843 2292 angulari
1876 2221 2181 2291 comparari
2218 2222 2485 2289 diximus,
2525 2225 2785 2282 Christus
2821 2233 2987 2297 caput
3024 2239 3134 2293 est,
3202 2236 3464 2298 tanquam
3549 2228 3685 2282 unius

462 2323 711 2396 corporis
731 2319 1070 2392 praecipuum
1102 2328 1167 2371 ac
1196 2312 1500 2386 principale
1547 2313 1880 2378 membrum,
1931 2324 2033 2367 nec
2109 2320 2320 2370 tantum
2377 2325 2564 2389 caput,
2612 2318 2708 2375 sed
2770 2319 3114 2389 coniunctio,
3174 2329 3228 2377 et
3281 2321 3577 2385 vinculum,
3643 2330 3685 2374 et

463 2421 899 2479 fundamentum.

533 2516 697 2572 Vnus.
743 2513 836 2569 25.
878 2511 921 2564 Α
948 2508 1175 2567 Domino
1208 2508 1382 2580 factus
1418 2518 1494 2564 est
1535 2510 1655 2575 iste,
1684 2515 1733 2563 et
1762 2516 1841 2562 est
1872 2505 2040 2560 mira-

2211 2507 2375 2576 Παρὰ
2395 2509 2621 2579 Κυρίου
2660 2511 2901 2581 ἐγένετο
2930 2512 3107 2579 αὕτη,
3151 2512 3251 2568 καὶ
3276 2512 3426 2583 ἔστη
3486 2517 3682 2585 θαυμα-

465 2607 587 2663 bilis
624 2607 681 2661 in
702 2604 873 2660 oculis
897 2603 1115 2658 nostris.
1159 2603 1266 2659 iste
1306 2601 1539 2673 angulus
1597 2600 1885 2665 nimirum,
1937 2597 2040 2652 hoc

2149 2599 2260 2668 σ’τὴ
2300 2600 2372 2653 ἐν
2428 2602 2761 2675 ὀφθαλμοῖς
2780 2602 2971 2673 ἡμῶν.
3014 2604 3164 2677 Αὕτη
3197 2607 3229 2677 ἡ
3258 2605 3452 2672 γωνία,
3499 2606 3623 2675 αὕτη
3658 2611 3682 2677 ἡ

463 2706 568 2762 est,
601 2699 675 2753 ita
701 2696 937 2753 duorum
965 2694 1257 2766 parietum,
1296 2709 1394 2750 seu
1453 2693 1636 2762 potius
1670 2693 1903 2748 duorum
1934 2705 2036 2761 po-

465 2788 719 2860 pulorum
752 2784 1075 2856 coniunctio
1133 2798 1163 2837 a
1204 2782 1313 2838 Deo
1354 2784 1495 2853 ipso,
1535 2791 1713 2838 etnon
1748 2796 1777 2835 a
1804 2780 2041 2850 simplici

466 2876 727 2949 quopiam
790 2871 1195 2941 homine,facta
1252 2880 1375 2938 est;
1424 2878 1479 2927 et
1536 2880 1623 2928 est
1668 2870 1935 2928 mirabilis
1988 2871 2045 2925 in

467 2967 644 3022 oculis
681 2963 911 3028 nostris,
936 2977 1003 3018 eo
1033 2961 1180 3033 quod
1209 2961 1357 3032 digni
1379 2960 1554 3017 effecti
1584 2976 1799 3031 sumus,
1831 2969 1891 3017 ut
1913 2975 2047 3016 con-

462 3058 807 3126 iunctionem
838 3056 983 3111 hanc
1034 3054 1211 3111 oculis
1272 3054 1476 3110 nostris
1516 3053 1823 3109 videamus.
1891 3051 2045 3120 Quo-

467 3151 630 3206 mado
653 3149 817 3218 igitur
845 3160 985 3217 opus
1011 3147 1116 3203 hoc
1150 3160 1259 3201 non
1292 3152 1377 3202 est
1404 3144 1773 3201 admirabile?

538 3239 819 3297 “35.26.
896 3237 1024 3292 Ila'c
1087 3235 1197 3291 dies
1241 3253 1400 3308 quam
1450 3237 1573 3310 fecit
1620 3234 1899 3293 Dominus.
1943 3236 2045 3293 Per

468 3333 635 3397 diem,
684 3328 872 3383 mundi
908 3326 1230 3383 felicitatem
1279 3325 1558 3397 intelligit.
1615 3326 1748 3381 Nam
1779 3325 2044 3401 quemad-

469 3424 690 3478 modum
730 3421 1018 3490 Scriptura
1049 3434 1194 3489 saepe
1256 3418 1402 3479 diem
1454 3420 1655 3477 malum
1713 3422 1868 3489 dicit,
1933 3437 2041 3479 non

470 3523 530 3573 ut
561 3516 798 3573 solarem
839 3513 946 3570 diei
979 3526 1205 3571 cursum
1235 3514 1477 3584 aliquem
1523 3514 1729 3568 malum
1775 3514 2044 3587 designet,

468 3608 563 3663 sed
598 3608 737 3661 taala
771 3605 862 3660 illa
925 3619 1049 3676 qua:
1092 3603 1149 3659 in
1198 3617 1265 3660 eo
1305 3603 1394 3660 die
1438 3612 1590 3668 sunt,
1622 3604 1699 3659 ita
1755 3604 1920 3659 etiam
1947 3618 2046 3675 per

471 3702 675 3754 bonum
720 3697 885 3762 diem,
940 3696 1083 3751 bona
1123 3695 1216 3750 illa
1259 3695 1536 3766 intelligit,
1573 3712 1695 3765 qua:
1725 3695 1780 3750 in
1825 3711 1892 3752 eo
1956 3696 2044 3752 die

468 3790 657 3861 perﬁci
691 3787 984 3857 contingit.
1045 3784 1354 3841 Praedicare
1385 3786 1504 3840 vult
1555 3786 1719 3858 igitur
1773 3783 2043 3856 Propheta

467 3885 573 3936 hoc
607 3881 663 3936 in
702 3880 864 3946 libro,
907 3893 1123 3934 summa
1154 3876 1246 3931 illa
1286 3878 1449 3941 bona,
1483 3892 1605 3948 qua:
1638 3878 1694 3933 in
1727 3877 1816 3934 die
1857 3892 2040 3933 resurd-

469 3972 732 4027 rectionis
778 3968 994 4025 Domini
1050 3967 1232 4022 iutura
1283 3976 1463 4034 erant,
1494 3976 1550 4024 et
1596 3982 1720 4039 qua:
1785 3967 2043 4026 Christus

468 4071 587 4134 ipse
616 4069 870 4132 operatus
898 4069 1003 4115 est.
1028 4057 1164 4113 Nam
1188 4068 1243 4115 et
1272 4058 1474 4114 iratum
1521 4059 1839 4117 hominibus
1871 4062 2038 4118 Deum

467 4150 782 4209 conciliavit
831 4158 887 4208 et
930 4151 1195 4208 daemonis
1252 4151 1596 4223 tyrannidem
1667 4151 1940 4218 dissolvit,
1986 4162 2041 4209 et

468 4247 664 4301 mortis
693 4244 995 4315 potentiam
1049 4242 1373 4307 exiuanivit,
1439 4257 1537 4300 eos
1561 4243 1656 4315 qui
1725 4243 1812 4301 vel
1864 4244 2040 4316 ipsius

466 4347 631 4391 terrm.
690 4336 1028 4391 habitatione
1078 4333 1287 4407 indigni
1320 4343 1501 4401 erant,
1532 4334 1659 4392 fecit
1686 4351 1815 4394 esse
1843 4337 2038 4409 dignos

465 4430 631 4494 enato,
671 4427 877 4484 erroris
908 4427 1165 4483 tenebras
1214 4427 1490 4493 dissolvit,
1548 4426 2038 4503 fugavitpeccata,

469 4521 735 4591 plantavit
813 4522 1068 4585 virtutes,
1122 4530 1177 4576 et
1239 4519 1734 4577 innumerabilibus
1803 4521 2040 4594 denique

465 4612 623 4666 bonis
650 4612 913 4667 mundum
942 4612 1190 4682 replevit.

535 4701 906 4766 Exsultemus,
936 4712 985 4757 et
1014 4703 1254 4757 lwtemur
1280 4703 1338 4757 in
1388 4718 1471 4757 ea.
1509 4701 1795 4774 Spirituali
1825 4704 2039 4760 scilicet

464 4797 686 4865 gaudio.
725 4793 1061 4849 Exltortatur
1108 4804 1289 4850 autem
1354 4794 1544 4851 ﬁdeles
1588 4811 1781 4852 omnes
1808 4797 1875 4850 ad
1901 4797 2041 4852 hanc

466 4886 732 4950 laetitiam,
774 4886 1032 4957 tanquam
1095 4888 1291 4958 dignos
1337 4889 1506 4945 tantis
1575 4888 1737 4945 bonis
1797 4888 2040 4945 eﬂectos.

534 4976 699 5034 Vsus.
724 4978 815 5035 25.
851 4979 895 5035 υ
939 4978 1185 5047 Domine,
1218 4980 1366 5037 salva
1393 4997 1541 5036 sane.
1587 4981 1851 5052 Popuiutn
1885 4988 2040 5036 tuum

460 5070 691 5124 scilicet.

532 5160 577 5214 Ο
606 5158 1004 5222 οοηιίηεγὺοηε
1027 5173 1303 5230 prospera.
1350 5156 1617 5230 Pupulum
1675 5170 1829 5213 tuum
1872 5158 2040 5214 nimi-

462 5266 606 5313 rum,
671 5258 766 5303 aut
824 5251 1154 5319 evangelica:
1205 5250 1613 5321 prardicationis
1651 5249 1835 5304 tidem.

530 5341 696 5395 Vens.
727 5338 819 5395 26.
871 5339 1185 5394 Benedictus
1227 5342 1318 5410 qui
1362 5340 1497 5394 venit
1527 5341 1580 5393 in
1612 5341 1817 5394 nomine
1858 5339 2041 5395 Domi-

460 5438 538 5488 ni.
574 5433 687 5490 lioc
725 5433 891 5490 etiam
938 5432 1007 5488 ad
1040 5432 1318 5489 Christum
1384 5434 1641 5504 pertinet,
1706 5436 1798 5503 qui
1852 5438 2039 5490 venire

2147 2692 2369 2757 σύνοδος
2423 2694 2532 2750 τῶν
2588 2695 2681 2750 δύο
2739 2697 2906 2750 λαῶν.
2959 2690 3507 2763 Οὗτοςὸσύνδεσμος
3559 2701 3683 2771 παρὰ

2144 2782 2282 2838 Θεοῦ
2312 2786 2552 2855 ἐγένετο,
2588 2787 2685 2841 καὶ
2718 2788 2780 2842 ού
2814 2788 2967 2860 παρὰ
3034 2789 3330 2861 ἀνθρώπου
3378 2790 3551 2862 ψιλοῦ.
3598 2793 3686 2845 K21

2144 2873 2263 2930 ἔστι
2288 2875 2582 2949 θαυμαστὴ
2608 2881 2666 2932 έν
2692 2878 2995 2951 ὀφθαλμοῖς
3018 2881 3195 2952 ἡμῶν,
3230 2883 3344 2938 τῶν
3374 2883 3499 2938 ἰδεῖν
3536 2883 3678 2955 αὐτὴν

2145 2966 2509 3033 ἀξιωθέντων⁸
2569 2970 2667 3025 καὶ
2718 2969 2837 3035 πῶς
2890 2971 3002 3044 γὰρ
3040 2973 3102 3026 οὐ
3138 2974 3452 3044 θαυμαστὸν
3478 2974 3686 3028 τοιοῦτον

2144 3059 2339 3130 ἔργονς

2206 3239 2366 3308 Αὕτη
2400 3241 2440 3311 ἠ
2462 3241 2653 3313 ἡμέρα
2699 3240 2778 3310 ἦν
2804 3243 3097 3314 ἐποίησεν
3128 3248 3163 3300 d
3190 3246 3427 3314 Κύριος.
3468 3245 3684 3317 Ἥμέραν

2148 3333 2298 3403 λέγει
2358 3336 2457 3406 τὴν
2482 3335 2786 3409 εὐημερίαν
2846 3338 2947 3410 της
2970 3336 3322 3409 οἰκουμένης.
3363 3339 3567 3410 Ὠσπερ
3593 3339 3684 3409 γὰρ

2149 3427 2364 3498 ἡμέραν
2393 3427 2647 3497 λέγοντες
2678 3432 2949 3502 πονηρὰν,
3002 3431 3064 3485 ού
3094 3432 3186 3487 τὸν
3229 3433 3454 3503 ἡλιακὸν
3482 3434 3684 3504 λέγομεν

2144 3519 2366 3590 δρόμον,
2401 3519 2539 3574 ἀλλά
2571 3521 2643 3575 τὰ
2664 3522 2723 3575 ὲν
2754 3524 2940 3596 ἐκείνῃ
2973 3526 3038 3596 τῇ
3092 3525 3279 3598 ἡμέρᾳ
3345 3528 3511 3593 κακὰ,
3539 3528 3685 3589 οὕτως

2146 3614 2240 3667 καὶ
2263 3614 2477 3685 ἡμέραν
2505 3615 2867 3685 ὀνομάζοντες
2891 3618 3125 3697 ἀγαθὴν,
3153 3621 3222 3675 τὰ
3247 3623 3307 3676 ἐν
3346 3624 3483 3695 αὐτῇ
3518 3620 3684 3699 διπλοῦς

2149 3720 2248 3773 μεν
2269 3703 2694 3776 κατορθώματα.
2721 3707 2831 3759 Καὶ
2846 3708 2942 3762 νῦν
2965 3707 3058 3763 οὖν
3094 3711 3165 3763 τὰ
3197 3712 3256 3765 ὲν
3284 3714 3354 3782 τῇ
3396 3712 3575 3783 ἡμέρᾳ
3601 3710 3686 3779 τῆς

2143 3793 2494 3858 ἀναστάσεως
2566 3795 2661 3849 τοῦ
2723 3797 2962 3870 Χριστοῦ
3017 3800 3426 3874 κατορθώματα
3476 3819 3688 3874 προαγοο

2148 3885 2321 3955 ρεύει,
2370 3886 2407 3940 ἃ
2441 3888 2701 3961 ἐποίησεν
2731 3893 2759 3944 6
2789 3890 2995 3963 Κύριος
3020 3893 3181 3963 ἡμῶν
3222 3894 3435 3965 Ἰησοῦς
3451 3894 3685 3967 Χριστός.

2144 3977 2462 4050 Κατὴλλαξε
2497 3980 2606 4051 γὰρ
2626 3981 2716 4034 τὸν
2739 3981 2873 4036 Θεὸν
2903 3984 3039 4054 πρὸς
3067 3984 3413 4056 ἀνθρώπους,
3447 3984 3686 4039 κατέλυσε

2143 4068 2240 4143 τὴν
2266 4072 2553 4143 τυραννίδα
2580 4073 2675 4128 τοῦ
2713 4073 2986 4150 ᾐαόόλου,
3011 4078 3331 4150 κατὴργησε
3356 4079 3453 4150 τὴν
3479 4077 3687 4145 δύναμιν

2142 4162 2238 4216 τοῦ
2265 4161 2517 4228 θανάτου,
2544 4164 2670 4227 τοὺς
2693 4148 2953 4232 ἀναξίους
2984 4165 3082 4236 τῆς
3102 4148 3206 4237 γῆς
3251 4148 3506 4239 ἐποίησεν
3527 4165 3689 4231 ἀξίους

2141 4250 2237 4307 τοῦ
2259 4253 2515 4323 ούρανοῦ,
2547 4254 2705 4308 ἔλυσε
2734 4255 2797 4309 τὸ
2829 4256 3018 4319 σκότος
3051 4258 3149 4330 τῆς
3197 4256 3432 4330 πλάνης,
3464 4255 3687 4328 ἀπήλασε

2141 4346 2241 4417 τὴν
2303 4346 2600 4417 ἁμαρτίαν,
2652 4346 2919 4415 ἐφύτευσε
2970 4346 3071 4418 τὴν
3118 4348 3346 4421 ἀρετὴν,
3385 4349 3478 4402 καὶ
3534 4345 3688 4401 duo”

2145 4438 2357 4507 μυρίων
2386 4439 2610 4505 ἀγαθῶν
2644 4437 2908 4508 ἐνέπλησε
2944 4437 3043 4510 τὴν
3073 4440 3423 4511 οἰκουμένην.

2222 4700 2738 4775 Ἀγαλλιασώμεθα
2779 4703 2879 4757 καὶ
2933 4702 3364 4775 εὐφρανθῶμεν
3404 4704 3472 4758 ἐν
3538 4695 3689 4764 αὐτῇ.

2143 4798 2561 4870 Πνευματικῶς-
2626 4795 3005 4869 Προτρέπεται
3043 4796 3102 4849 δὲ
3141 4797 3222 4857 είς
3268 4796 3425 4849 τοῦτο
3461 4790 3585 4854 τοὺς
3615 4805 3689 4840 πι-

2141 4891 2324 4955 στοὺς,
2357 4890 2435 4953 ὡς
2462 4886 2727 4943 τοιούτων
2757 4885 3113 4951 ἀξιωθέντας.

2213 4982 2289 5041 Ὠ
2311 4985 2506 5052 Κύριε,
2542 4981 2752 5036 σῶσον
2775 4978 2876 5044 δή.
2901 4979 3003 5029 Τὸν
3033 4974 3163 5027 λαόν
3205 4990 3323 5030 σου.

2209 5160 2286 5221 Ὦ
2325 5164 2522 5235 Κύριε,
2556 5161 2864 5216 εὐόδωσον
2882 5157 2978 5225 δή.
3021 5157 3128 5211 Τὸν
3157 5155 3323 5210 αὐτὸν
3360 5156 3452 5209 καὶ
3487 5156 3581 5227 την
3611 5155 3692 5207 πί-

2143 5274 2260 5311 στιν
2286 5255 2381 5313 τοῦ
2407 5274 2473 5327 κη
2485 5253 2781 5323 ρύγματος.

2209 5346 2626 5419 Εὐλογημένος
2658 5347 2693 5400 ό
2727 5344 3053 5414 ἐρχόμενος
3089 5340 3159 5395 ἐν
3193 5341 3436 5411 ὀνόματι
3468 5338 3693 5406 Kvplov.

2140 5442 2253 5499 Καὶ
2288 5441 2449 5495 τοῦτο
2500 5438 2631 5508 περὶ
2679 5436 2775 5491 τοῦ
2802 5436 3039 5507 Χριστοῦ
3064 5452 3078 5466 ·
3104 5429 3262 5498 οὗτος
3286 5434 3394 5507 γὰρ
3439 5428 3605 5504 ἦλθεν
3652 5434 3696 5480 ἐξ

459 5528 662 5582 dicitur
720 5525 775 5580 in
829 5525 1050 5581 nomine
1098 5526 1332 5589 Domini,
1392 5526 1496 5581 hoc
1562 5538 1668 5593 est,
1703 5542 1734 5580 a
1807 5526 2036 5584 Domino

2149 5534 2368 5606 ὀνόματι
2393 5532 2622 5604 Κυρίου,
2655 5529 2934 5583 τουτέστιν
2952 5526 3059 5581 ἀπὸ
3088 5527 3300 5599 Κυρίου
3351 5525 3445 5579 καὶ
3477 5522 3584 5577 ἀπὸ
3610 5519 3695 5586 τῆς

458 5619 639 5684 Patre,
713 5626 879 5688 atque
934 5618 1005 5672 ab
1062 5619 1183 5687 ejus
1238 5620 1571 5674 substantia.
1645 5619 1914 5685 Quocirca
1965 5620 2032 5675 ad

2149 5622 2332 5685 οὐσίας
2359 5620 2455 5675 τοῦ
2489 5620 2717 5692 Κυρίου.
2752 5618 2844 5672 Διὸ
2867 5619 2963 5671 καὶ
2998 5616 3137 5689 πρὸς
3174 5617 3461 5680 Ἰουδαίους
3498 5613 3691 5683 ἔλεγεν·

459 5708 671 5764 intimos
717 5709 981 5766 dicebat:
1015 5707 1128 5780 Ego
1177 5711 1291 5764 veni
1341 5710 1396 5763 in
1456 5711 1664 5766 nomine
1730 5708 1933 5777 Patris,
1983 5721 2032 5766 et

2153 5713 2295 5782 Ἐγὼ
2323 5710 2592 5780 ἐλήλυθα
2626 5712 2695 5765 ἐν
2735 5709 2815 5777 τῷ
2858 5708 3104 5779 ὀνόματι
3157 5707 3264 5762 τοῦ
3297 5706 3528 5775 Πατρός
3567 5716 3691 5772 μονι

533 5882 801 5948 “milies.
836 5898 895 5949 tt,
926 5883 1009 5955 iri.
1084 5882 1127 5912 ’⁷
1156 5880 1314 5938 Joau.
1364 5898 1418 5948 χ,
1471 5882 1560 5937 16.
