3898 6610
247 511 391 578 1233
484 472 504 491 ’

1405 512 1793 575 ΕΟΜΜΕΝΤ.
1838 511 1921 573 ΙΝ
1950 512 2311 576 PSALMOS.

3370 510 3501 576 113$

244 627 338 682 nol
363 628 437 680 οὐ
461 624 798 696 λαμϐάνετέ
812 640 910 696 με.
962 663 977 690 ,
1006 626 1099 693 Ἦ,
1167 625 1270 679 Ἐν
1314 626 1557 705 ὀνόματι
1593 626 1833 695 Κυρίου,

1954 644 2043 682 ton
2087 629 2331 698 accipitis
2369 644 2448 683 me
2483 627 2548 683 ⁸⁸.
2615 626 2732 693 Vel,
2790 625 2852 681 In
2886 628 3094 681 nomine
3137 625 3373 695 Domini,
3412 644 3499 700 prc

182 722 189 731 '
248 721 368 791 ἦτοι
394 718 454 772 ὲν
487 717 713 789 ὀνόματι
747 716 906 784 Θεοῦ,
939 718 1241 785 τουτέστιν,
1300 718 1473 789 ὄνομα
1501 716 1636 772 Θεοῦ
1672 717 1828 789 ἔχων.

310 898 750 968 Εὐλογήκαμεν
777 896 932 968 ὑμᾶς
960 898 1030 964 ἐξ
1053 900 1228 953 οἴκου
1265 899 1511 967 Κυρίου.
1549 899 1744 969 Ἡμεῖς
1783 901 1830 952 οἱ

246 995 445 1059 εἰδότες
469 993 643 1048 ταῦτα
663 994 1045 1064 εὐλογήκαμεν
1078 994 1246 1065 ὑμᾶς,
1272 988 1319 1048 ὧ
1344 994 1404 1058 ἐξ
1433 992 1586 1048 οἴκου
1620 995 1827 1065 Κυρίου

247 1077 617 1155 ἂνθρωποι,ιῖ›
663 1084 762 1154 τῆς
803 1083 1133 1154 Ἐκκλησίας
1182 1084 1497 1154 θρέμματα,
1527 1084 1604 1148 ὡς
1648 1086 1829 1138 τοιού-

246 1193 355 1229 των
395 1176 820 1248 ἀξιωθέντας-ἢ
866 1176 1012 1245 ὑμᾶς
1068 1176 1127 1242 ἐξ
1179 1177 1333 1230 οτκου
1389 1177 1599 1247 Κυρίου
1646 1178 1828 1240 ὄντας.

254 1262 420 1330 Οἶκος
450 1268 508 1320 δὲ
534 1268 763 1336 Κυρίου,
791 1270 823 1339 ἡ
859 1268 1161 1339 Ἐκκλησία
1180 1267 1289 1321 τῶν
1319 1269 1549 1323 πιστῶν.

318 1358 468 1426 Θεὸς
501 1360 742 1427 Κύριος,
777 1360 875 1414 καὶ
922 1360 1230 1429 ἐπέφανεν
1258 1359 1425 1430 ἡμῖν.
1469 1359 1603 1425 θεός
1630 1360 1778 1415 ἐστιν
1803 1360 1833 1413 δ

246 1450 511 1518 Χριστος,
544 1452 752 1521 Κύριός
781 1452 930 1504 ἐστιν
959 1452 987 1505 ὁ
1018 1451 1273 1521 Χριστός.
1310 1451 1420 1505 Καὶ
1455 1450 1694 1520 ἑπέιρανε
1719 1454 1834 1515 τοῖς

250 1540 564 1612 ἀνθρώποις
615 1542 706 1597 διὰ
757 1542 861 1612 τῆς
914 1543 1408 1614 ὲνανθρωπήσεως.
1449 1542 1539 1605 Ὠς
1569 1542 1833 1610 γεγονότα

245 1633 302 1689 δὲ
334 1634 487 1703 λέγει
517 1634 585 1688 τὰ
624 1634 909 1704 μέλλοντα,
934 1634 1089 1706 νόμῳ
1124 1635 1498 1705 προφητείας.

244 1735 249 1741 ’
314 1726 723 1794 Συστήσασθε
744 1725 967 1796 lapsine
1003 1728 1075 1782 ἐν
1106 1728 1235 1794 τοῖς
1290 1725 1687 1793 πυκάζουσιν,
1722 1728 1835 1794 ἕως

253 1813 380 1867 τῶν
411 1815 680 1883 κεράτων
736 1816 843 1870 τοῦ
900 1818 1358 1887 θυσιαστηρίου.
1407 1813 1502 1882 Εἷς
1533 1820 1631 1889 μὲν
1665 1820 1836 1890 ἑρμη-

246 1909 446 1978 νευτής
478 1925 645 1977 φησιν
681 1924 698 1940 ⁸
754 1908 1116 1978 Ἐορτάσατε
1135 1911 1204 1964 ἐν
1233 1911 1358 1976 τοῖς
1378 1913 1825 1977 καλύπτουσιν,

1934 723 1993 778 In
2052 724 2269 777 nomine
2305 721 2419 787 Dei,
2456 737 2523 776 eo
2554 719 2699 791 quod
2756 717 3007 774 Christus
3053 717 3148 773 Dei
3173 732 3374 775 nomen
3411 720 3501 774 ha-

1935 816 2048 880 bet,
2079 821 2297 885 estque,
2346 822 2401 866 et
2434 813 2738 884 appellatur
2773 811 2939 865 Deus.

2006 907 2376 963 Benediximus
2407 906 2546 960 vobis
2584 908 2649 957 de
2691 904 2847 958 domo
2924 902 3161 958 Domini.
3212 901 3323 958 Nos
3374 917 3502 972 pro-

1938 999 2132 1070 phetae,
2164 1000 2364 1069 inquit,
2417 997 2509 1068 qui
2549 996 2678 1050 olim
2737 1001 2886 1049 tanta
2941 994 3299 1064 prmviditnus
3334 994 3517 1056 bona,

1936 1091 2313 1161 benediximus
2367 1088 2523 1143 vobis
2567 1086 2909 1152 hominibus,
2960 1086 3053 1158 qui
3085 1084 3218 1142 estis
3248 1099 3313 1141 ex
3338 1086 3505 1139 domo

1936 1184 2172 1250 Domini,
2222 1181 2311 1253 qui
2345 1183 2484 1238 estis
2543 1179 2805 1236 Ecclesiae
2864 1193 3019 1251 grex,
3067 1176 3297 1250 etdigni
3327 1176 3507 1233 eli‘ecti

1935 1278 2093 1345 estis,
2129 1276 2332 1347 quibus
2384 1272 2805 1331 benedicamus.

2008 1367 2167 1424 Vens.
2195 1367 2285 1422 27.
2317 1366 2459 1422 Deus
2490 1364 2771 1420 Dominus.
2803 1371 2851 1418 st
2873 1363 3125 1434 apparuit
3155 1361 3329 1417 nobis.
3352 1359 3517 1416 Chri-

1935 1472 2076 1529 stus,
2133 1460 2225 1532 qui
2254 1476 2350 1531 per
2386 1459 2843 1514 incarnationem
2892 1470 3050 1510 suatn
3085 1452 3398 1509 hominibus
3420 1467 3518 1522 ap-

1935 1556 2135 1627 paruit,
2184 1553 2328 1609 Deus
2374 1564 2438 1606 ac
2474 1548 2739 1604 Dominus
2780 1555 2888 1603 cst.
2942 1545 3276 1616 Prophetico
3327 1547 3511 1596 autem

1935 1662 2087 1702 more
2117 1646 2301 1701 futura
2332 1652 2521 1699 narrat
2567 1650 2826 1706 tanquam
2859 1638 3157 1707 praeterita.

2006 1736 2327 1795 Constituite
2358 1735 2744 1790 solemnitatem
2798 1734 2854 1785 in
2900 1727 3202 1794 condensis,
3250 1741 3414 1797 usque
3446 1725 3513 1778 ad

1935 1846 2135 1887 cornua
2171 1830 2383 1885 altaris.
2416 1829 2568 1886 Unus
2599 1828 2819 1898 quidem
2855 1826 3221 1897 interpretum
3240 1819 3515 1889 exposuit:

1934 1926 2088 1997 Agite
2114 1922 2466 1979 celebritatem
2504 1922 2557 1975 in
2588 1918 2968 1991 operientibus,
3035 1916 3142 1971 hoc
3170 1921 3278 1979 est,
3334 1911 3393 1965 in
3426 1925 3516 1965 sa-

245 1976 417 2067 ῆγουν
441 1976 499 2051 ὲν
546 1976 791 2066 θυσίαις,
850 1976 1268 2064 ⁷καλυπτοιῦσαις
1321 2001 1384 2054 τὸ
1441 2002 1829 2076 θυσιαστήριον

1954 1976 2198 2085 ετῖασίἱες
2258 2030 2354 2085 per
2400 2028 2521 2085 qua:
2574 1976 2748 2067 altare
2798 2009 3004 2080 operiri
3062 2020 3127 2061 ac
3186 2004 3295 2074 tegi
3352 2000 3516 2064 solet,

245 2088 376 2159 ἄχρι
401 2089 509 2142 τῶν
540 2092 792 2162 κεράτων
822 2091 991 2145 αὑτοῦ
1016 2108 1032 2124 ⁸
1077 2092 1292 2164 κέρατα
1325 2092 1404 2160 δὲ,
1435 2093 1504 2147 τὰ
1530 2094 1827 2166 ἀκρότατα.

249 2180 490 2248 Ἕτερος
520 2180 621 2235 δέ’
682 2181 1045 2252 Ἕορτὰσατε
1098 2184 1169 2237 ὲν
1212 2183 1337 2251 τοῖς
1374 2186 1828 2255 βλαστάνουσι,

246 2273 550 2339 τουτέστιν,
580 2276 639 2328 ἐν
671 2280 958 2346 στεφάνοις
993 2277 1223 2343 ἀνθέων,
1248 2280 1344 2331 καὶ
1370 2279 1610 2342 κλάδοις.
1645 2280 1831 2335 Πυκά-

1936 2120 2110 2176 usque
2152 2104 2220 2159 ad
2277 2103 2399 2174 ejus
2447 2115 2677 2166 cornua,
2737 2098 2843 2152 hoc
2902 2103 3012 2160 est,
3064 2108 3241 2162 usque
3279 2089 3349 2144 ad
3395 2089 3515 2159 ejus

1936 2195 2330 2254 extremitates.
2402 2193 2559 2248 Alius
2626 2204 2753 2246 vero
2809 2204 2823 2243 :
2883 2186 3268 2248 Festiuitatem,
3316 2181 3513 2251 inquit.

1937 2293 2093 2363 agite.
2124 2292 2179 2345 in
2236 2284 2680 2361 germinantibus,
2734 2282 2840 2339 hoc
2904 2289 3012 2346 est,
3066 2277 3125 2334 ιη
3193 2273 3515 2330 ﬂorentibus

247 2361 366 2426 ζειν
395 2364 507 2436 γὰρ
532 2367 673 2422 κατὰ
727 2370 831 2439 μέν
880 2386 1057 2438 τινας,
1093 2374 1154 2425 τὸ
1203 2372 1570 2427 καλύπτειν·
1611 2373 1754 2428 κατὰ
1770 2373 1828 2427 δέ

1954 2361 2182 2447 toronis,
2242 2391 2406 2451 atque
2485 2378 2541 2433 in
2611 2374 2916 2431 virentibus
2973 2371 3234 2427 arborum
3306 2368 3516 2424 ramis:

247 2470 424 2518 τινας,
484 2455 548 2510 τδ
592 2458 996 2522 βλαστάνειν.
1051 2463 1427 2533 Προτρέπεται
1487 2463 1546 2518 δὲ
1591 2467 1620 2519 ὁ
1671 2465 1831 2531 λόγος

247 2543 534 2614 ἑορτάζειν
594 2547 863 2621 λαμπρῶς
889 2567 904 2585 ·
940 2552 1064 2607 καθ’
1104 2552 1388 2625 Ἐϐραίους
1425 2555 1546 2622 μὲν.
1571 2554 1647 2620 ὡς
1677 2555 1831 2628 εἴρη-

248 2652 340 2688 ται
360 2652 375 2665 ·
414 2639 537 2690 καθ’
562 2641 714 2711 ἡμᾶς
741 2641 800 2697 δὲ
843 2643 1061 2709 θυσίαις
1094 2649 1493 2717 πνευματικαῖς
1523 2646 1834 2703 καλυπτού·

252 2744 377 2791 σαις
410 2728 491 2799 τῷ
520 2730 717 2804 πλήθει
769 2733 832 2788 τὸ
869 2733 1257 2807 θυσιαστήριον
1317 2735 1415 2806 τῆς
1479 2736 1680 2809 ψυχῆς,
1738 2741 1835 2793 καὶ

252 2823 546 2888 στεφάνοις
570 2824 806 2895 ἀρετῶν,
842 2828 934 2881 καὶ
963 2830 1184 2892 κλάδοις
1210 2829 1600 2898 ἁγαθοεργίας.

1929 2472 2174 2528 Grecam
2225 2470 2374 2527 enim
2404 2468 2701 2523 dictionem
2737 2462 3026 2529 πυκάζειν,
3080 2475 3204 2531 qua:
3233 2459 3323 2515 hic
3349 2457 3518 2513 habe-

1934 2571 2023 2616 tur
2061 2561 2155 2616 alii
2198 2558 2343 2615 idem
2397 2556 2712 2629 signiﬁcare
2761 2552 3169 2616 intellexerunt,
3208 2549 3356 2622 quod
3388 2564 3515 2618 ope.

1936 2648 2064 2712 rirs,
2098 2647 2191 2701 alii
2251 2660 2383 2701 vero
2434 2645 2602 2709 idem,
2649 2642 2795 2715 quod
2839 2641 3153 2714 germinare.
3188 2637 3305 2695 Hoc
3334 2647 3516 2694 autem

1935 2753 2191 2795 sermone
2219 2737 2448 2793 omnino
2479 2736 2612 2792 illud
2640 2735 2958 2799 suademur,
2996 2739 3058 2787 ut
3102 2731 3375 2788 celebrem
3404 2730 3520 2786 Deo

1936 2848 2000 2888 ac
2038 2830 2381 2901 splendidam
2427 2829 2833 2886 solemnitatem
2859 2843 3111 2898 agamus,
3136 2838 3187 2884 et
3215 2842 3337 2899 quae
3361 2827 3517 2897 juxta

253 2915 515 2975 Hebraeos
542 2920 789 2992 quidem,
834 2937 902 2979 eo
925 2924 1088 2980 modo
1132 2925 1341 2996 agenda
1380 2935 1485 2993 est,
1538 2934 1596 2979 ut
1639 2926 1753 2996 jam
1806 2927 2088 2997 diximus;
2122 2929 2276 2998 juxta
2330 2924 2520 2981 ﬁdeles
2587 2938 2719 2980 vero
2750 2921 3134 2995 spiritualibus
3195 2924 3518 2979 celebranda

251 3021 339 3066 est
366 3010 675 3077 sacriﬁciis,
742 3021 798 3069 et
855 3015 1117 3070 virtutum
1170 3016 1413 3083 coronis,
1451 3017 1834 3088 bonorumque
1866 3035 2098 3090 operum
2155 3020 2372 3075 ramis:
2419 3030 2652 3088 quorum
2710 3017 2985 3075 densitate
3052 3034 3117 3074 ac
3159 3018 3317 3090 copia
3377 3020 3521 3075 invi-

253 3104 417 3161 sibile
441 3106 639 3161 animae
668 3115 869 3162 nostra:
898 3108 1194 3178 obtegatur
1218 3110 1413 3166 altare.

326 3196 475 3262 Θεός
494 3213 610 3266 μου
632 3193 691 3252 ετ
707 3196 815 3264 σὺ,
840 3198 941 3253 καί
964 3196 1491 3271 ἐξομολογήσομαί
1511 3216 1636 3256 σοι·
1680 3203 1826 3269 ϐοός

2001 3200 2166 3255 Vt-zns.
2209 3198 2299 3252 28.
2362 3196 2498 3251 Deus
2545 3213 2688 3250 meus
2719 3213 2773 3251 es
2828 3206 2906 3260 tu,
2962 3208 3009 3251 et
3061 3198 3347 3265 conﬁtebor
3375 3199 3520 3254 (ibi:

254 3305 373 3356 μου
410 3284 472 3343 εἷ
490 3291 595 3355 σὺ,
633 3290 733 3345 καὶ
779 3292 1006 3361 ὑψώσω
1057 3308 1134 3348 σε
1162 3310 1176 3325 ·
1210 3294 1345 3358 Θεός
1381 3310 1484 3366 μου
1522 3290 1573 3349 εί
1622 3293 1708 3351 c5.
1738 3295 1829 3348 Διὸ

1954 3290 2081 3345 Deus
2104 3305 2246 3343 meus
2269 3303 2321 3340 es
2349 3297 2424 3349 ιιι,
2463 3297 2514 3340 et
2541 3286 2790 3340 excitabo
2826 3293 2890 3339 te.
2938 3285 3032 3350 Ea,
3062 3285 3260 3356 inquit,
3282 3288 3517 3352 ratione,

255 3381 430 3451 χωρὶς
462 3374 538 3434 ὢν
552 3382 957 3455 εὐηργετήθην,
980 3384 1481 3456 εὐχαριστήσωσοι,
1510 3389 1605 3441 καὶ
1620 3386 1833 3450 δοξάσω

1954 3383 2068 3452 quia
2098 3381 2240 3434 Deus
2296 3392 2451 3432 meus
2503 3390 2584 3437 es,
2632 3392 2659 3429 a
2693 3391 2780 3429 me
2813 3376 2912 3429 tibi
2987 3376 3522 3448 maximm‘agenda:

253 3487 336 3526 σε.
374 3471 501 3545 Χρὴ
551 3473 662 3546 γὰρ
702 3474 1051 3546 εὐχαριστεῖν
1075 3475 1154 3547 τῷ
1185 3476 1470 3543 Κτίσαντι,
1536 3478 1629 3531 καὶ
1649 3474 1738 3531 διὰ
1773 3476 1834 3530 τό

1954 3479 2076 3529 sunt
2126 3469 2338 3541 gratim,
2385 3468 2602 3520 tametsi
2656 3468 2809 3519 nulla
2862 3466 2917 3521 iu
2970 3482 3056 3521 me
3092 3465 3361 3523 hactenus
3388 3481 3525 3523 con-

254 3563 443 3618 κτίσαι
473 3566 657 3636 μόνον,
682 3571 776 3623 καὶ
802 3567 1173 3639 προνοεῖσθαι.

1947 3563 2169 3617 tulisses
2197 3558 2482 3614 beneﬁcia.
2528 3557 2755 3626 Oportet
2806 3558 2953 3610 enim
2998 3571 3097 3612 nos
3137 3557 3246 3612 Deo
3284 3564 3521 3621 creatori

255 3658 468 3729 gratias
497 3675 681 3732 agere,
710 3670 768 3718 et
804 3664 958 3719 illum
1015 3664 1347 3734 gloriﬁcare.
1387 3672 1443 3719 et
1512 3666 1640 3737 quia
1676 3661 1885 3719 creavit
1957 3672 2077 3721 nos,
2149 3662 2206 3708 et
2269 3652 2399 3722 quia
2494 3657 2806 3719 perpetuam
2882 3645 3054 3701 nostri
3125 3649 3522 3719 providentiam

255 3753 445 3811 habet.

339 3849 902 3922 Ἔξοιιολογῆσομαι
947 3868 1068 3919 σοι,
1134 3853 1226 3908 ὅτι
1280 3855 1630 3921 ἐπήκουσά(
1689 3872 1831 3924 μου,

258 3942 363 3995 καὶ
399 3941 615 4012 ἐγένου
660 3961 766 4013 μοι
810 3947 898 4010 εις
953 3955 1282 4016 σωτηρίαν.
1318 3949 1716 4021 Εὑχαριστήσω
1756 3964 1838 4002 σοι

257 4031 349 4085 διὰ
369 4033 595 4097 παντὸς,
627 4034 705 4098 ὡς
736 4035 1027 4110 εὐεργέτῃ.

341 4124 846 4197 Ἔξομολογεῖσθε
888 4128 968 4195 τῷ
995 4130 1191 4198 Κυρίῳ
1213 4131 1305 4185 ὅτι
1340 4131 1585 4202 ἀγαθὸς,
1633 4133 1723 4185 ὅτι
1751 4134 1841 4197 εις

258 4220 364 4270 τίν
384 4214 572 4273 αἰῶνα
592 4220 660 4272 τὸ
680 4220 855 4286 ἕλεος
901 4222 1112 4277 αὑτοῦ.
1150 4223 1246 4286 El;
1270 4224 1365 4277 τὸν
1400 4225 1459 4276 ὲν
1487 4225 1628 4295 ἀρχῇ
1656 4224 1841 4295 στίχον

260 4307 670 4379 ἀποπερασθεὶς
700 4313 729 4364 ὁ
760 4310 998 4381 ψαλμὸς,
1036 4312 1236 4367 κύκλον
1273 4317 1551 4384 μιμεῖται,
1599 4330 1839 4386 προτρε-

259 4399 498 4469 πόμενος
550 4395 707 4463 αὖθις
728 4401 822 4454 τὸν
852 4401 1004 4467 λαὸν,
1033 4403 1114 4466 είς
1135 4401 1164 4455 δ
1188 4405 1317 4456 κατ’
1357 4403 1557 4474 ἀρχάς.

861 4668 1248 4737 Ἀλληλούῖα.

831 4758 1126 4813 ΨΑΛΜΟΣ
1160 4757 1314 4813 Ρ1Η’.

350 4842 564 4906 Πολλὰς
620 4849 966 4919 πραγμάτων
1020 4850 1324 4920 μεταῦολάς
1352 4850 1381 4901 ὁ
1413 4849 1555 4912 θεῖος
1587 4849 1716 4921 ἔσχε
1744 4852 1849 4904 Δα-

260 4935 372 5000 ὕὶδ,
398 4935 476 4999 ὡς
533 4936 628 4989 καὶ
663 4939 719 4991 ὲν
748 4941 825 5009 τῷ
862 4944 1138 5013 προοιμίῳ
1167 4944 1266 5012 τῆς
1312 4941 1594 5013 παρούσης
1660 4940 1844 5012 βίϐλου

258 5025 670 5097 διηγησάμεθα·
731 5030 827 5082 καὶ
889 5030 997 5101 γάρ
1046 5049 1177 5089 ποτε
1284 5032 1385 5102 μὲν
1452 5032 1624 5103 ἔφυγε
1677 5032 1843 5085 πολε-

262 5119 468 5188 μίους,
528 5117 666 5172 ποτὲ
716 5119 798 5185 δὲ,
858 5125 1183 5191 περιέπιπτε
1239 5126 1568 5194 συμφοραῖς,
1608 5123 1739 5177 ποτὲ
1790 5122 1848 5177 δὲ

270 5213 701 5284 θυμαρεστέραν
754 5210 865 5284 εἶχε
936 5216 1115 5286 ζωήν·
1189 5217 1284 5270 καὶ
1357 5216 1453 5269 νῦν
1519 5216 1687 5270 ὥδευε
1747 5219 1845 5286 τὴν

259 5305 422 5357 θείαν
492 5304 634 5368 ὁδὸν,
703 5306 798 5360 νῦν
852 5306 909 5360 δὲ
977 5306 1153 5379 ταύτῃ
1212 5309 1613 5378 προσέπταιεν·
1668 5309 1844 5378 "Amp

256 5395 485 5448 ἅπαντα
569 5397 807 5450 συνελὼν
836 5435 853 5462 ,
931 5397 1187 5469 ἤθροισεν
1254 5401 1336 5462 εἰς
1434 5400 1528 5452 τὸν
1600 5399 1844 5469 παρόντα

255 5487 504 5559 ψαλμὸν,
532 5489 765 5555 ὲντάξας
801 5490 1019 5553 καὶτὰς
1047 5491 1331 5561 ἀγράφους
1358 5492 1623 5546 ἑκάστοτε
1677 5506 1846 5560 προσ-

256 5580 586 5655 ενεχθείσας
613 5581 764 5650 αὐτῷ
782 5580 865 5652 τῷ
882 5580 1001 5651 Θεῷ
1024 5581 1257 5652 δεήσεις,
1281 5582 1418 5652 πρὸς
1450 5581 1850 5651 παιδαγωγίαν,

256 5671 358 5726 καὶ
379 5670 654 5739 ὠφέλειαν
678 5671 789 5726 τῶν
834 5674 1297 5743 ἐντυγχανόντων.
1350 5674 1575 5743 Ἀρτιος
1594 5673 1652 5726 δὲ
1690 5668 1847 5735 οὗτος

256 5765 283 5816 ὅ
318 5761 565 5832 ψαλμὺς,
628 5762 759 5826 τοὺς
815 5763 915 5833 μὲν
964 5763 1168 5835 ἀρετὴν
1215 5765 1522 5835 μετιόντας,
1570 5763 1837 5832 τελειοῦν,

330 5942 378 5975 ³⁸
415 5941 580 5997 loan.
622 5956 675 6005 v,
706 5942 798 5997 45.

2003 3835 2306 3908 Conﬁtebor
2336 3831 2432 3887 tibi
2458 3834 2587 3904 quia
2646 3832 2918 3886 exaudiin
2974 3848 3073 3899 me,
3143 3843 3192 3887 et
3246 3832 3419 3902 {actus
3469 3852 3524 3891 es

1942 3932 2071 3988 mihi
2111 3931 2166 3984 in
2200 3927 2452 3981 salutem.
2477 3922 2715 3989 Gratias,
2752 3922 2953 3993 inquit.
2987 3936 3207 3994 semper
3234 3923 3333 3979 tibi
3365 3940 3524 3995 agam

1947 4036 2007 4078 ut
2042 4017 2410 4076 benefactori.

2015 4112 2184 4170 Vens.
2242 4109 2334 4165 29.
2370 4107 2712 4177 Couﬁtemiui
2772 4105 3017 4169 Domino,
3059 4108 3310 4177 quoniam
3340 4106 3524 4171 bonus,

1944 4207 2197 4280 quoniam
2230 4209 2284 4259 in
2319 4206 2572 4258 saxulum
2604 4200 2972 4254 misericordia
2998 4199 3136 4269 ejus.
3165 4199 3260 4253 llic
3284 4202 3531 4272 psalmus

1945 4301 2140 4356 eodem
2170 4295 2440 4353 versiculo
2493 4294 2656 4348 tinem
2688 4290 2917 4358 faciens,
2948 4306 3059 4361 quo
3109 4291 3327 4346 initium
3379 4307 3528 4347 sum-

1947 4393 2080 4462 psit,
2119 4388 2391 4445 circulum
2428 4396 2592 4459 atque
2639 4383 2830 4437 orbem
2880 4384 3174 4457 quemdam
3206 4384 3454 4439 imitatur
3473 4394 3529 4439 et

1948 4484 2014 4538 ad
2044 4481 2234 4538 eadem
2286 4477 2495 4549 agenda
2543 4492 2741 4534 rursus
2774 4472 3031 4547 populum
3067 4472 3284 4542 suadet,
3317 4473 3387 4529 ad
3407 4489 3530 4547 quae

1873 4567 1919 4623 D
1949 4574 2107 4629 initio
2135 4575 2301 4628 etiam
2353 4578 2625 4626 suaserat.

2600 4662 2853 4717 Alleluia.

2444 4750 2765 4809 PSALMUS
2796 4751 3025 4808 CXVI".

2028 4846 2220 4901 Varias
2248 4853 2426 4901 status
2497 4846 2583 4901 sui
2643 4848 2981 4903 mutationes
3032 4848 3295 4904 sustinuit
3337 4848 3531 4905 beatus

1952 4939 2147 5005 David,
2183 4937 2648 5009 quemadmodum
2667 4938 2910 4995 diximus
2945 4940 3001 4995 in
3019 4939 3296 4997 Protemio
3325 4942 3529 5012 aperis.

1956 5031 2090 5107 Nam
2117 5039 2173 5086 et
2205 5029 2502 5101 aliquando
2558 5029 2687 5086 belli
2736 5032 2979 5101 pericula
3031 5034 3266 5087 evadere
3322 5034 3534 5088 cicon-

1956 5124 2098 5193 tigit.
2136 5122 2431 5193 aliquando
2490 5128 2672 5177 autem
2723 5123 2778 5178 in
2808 5124 3148 5179 calamitates
3179 5120 3445 5190 incidere,
3479 5132 3535 5179 et

1954 5214 2251 5285 aliquando
2287 5212 2644 5284 placidiorem
2667 5226 2732 5268 ac
2771 5215 2945 5283 magis
2994 5213 3343 5282 tranquillam
3366 5214 3529 5269 vitam

1958 5306 2165 5362 habere
2202 5324 2217 5361 :
2258 5312 2314 5361 et
2362 5304 2526 5358 modo
2578 5302 2796 5372 quidem
2851 5318 2949 5373 per
2991 5303 3376 5358 mandatorum
3435 5303 3530 5359 Dei

1950 5400 2093 5455 viam
2147 5399 2399 5461 incessit,
2437 5398 2599 5451 modo
2629 5410 2757 5450 vero
2780 5396 2849 5450 ab
2891 5394 2983 5450 illa
3009 5390 3231 5453 decidit.
3257 5394 3390 5462 Quae
3410 5410 3529 5451 om-

1956 5492 2046 5545 nia
2102 5492 2252 5547 brevi
2284 5492 2338 5544 in
2390 5492 2535 5544 hunc
2581 5488 2853 5559 psalmum
2903 5492 3202 5559 congessit.
3236 5490 3317 5561 Ad
3354 5490 3528 5545 lecto-

1959 5583 2038 5638 ris
2071 5591 2332 5652 prazterea
2400 5578 2825 5647 institutionem,
2892 5579 3096 5637 multas
3148 5594 3339 5650 preces
3400 5595 3528 5636 suas

1958 5673 2236 5744 apposuit,
2266 5685 2406 5741 quas
2443 5671 2556 5727 Deo
2597 5671 2798 5740 sapius
2822 5671 3005 5729 verbis
3053 5681 3289 5737 tantum.
3334 5681 3390 5727 et
3418 5684 3528 5727 non

1952 5763 2172 5833 scriptis
2224 5763 2521 5819 obtulerat.
2580 5762 2769 5820 Potest
2818 5771 3003 5820 autem
3059 5762 3151 5821 hic
3174 5764 3418 5836 psalmus
3455 5764 3522 5817 li-
