3898 6570
247 408 371 468 1141

1418 399 1805 462 COMMENT.
1848 398 1930 458 IN
1961 397 2318 460 PSALMOS.

3371 398 3514 469 lli?

244 513 358 567 λῶν
395 529 532 569 σου.
594 513 921 581 Γέγραπται
967 512 1111 584 γάρ’
1169 510 1649 580 Ἐπικατάρατος
1686 506 1827 575 πᾶς.

1968 517 2019 563 st
2044 511 2189 565 enim
2218 508 2570 567 :Matedietus
2593 513 2789 577 omnis,
2823 513 2912 583 qui
2943 530 3046 570 non
3073 516 3424 584 permanserit
3458 518 3513 569 iu

242 607 302 672 ὃς
327 608 437 659 οὐκ
461 603 704 673 ἐμμένει
741 605 810 657 ἐν
847 602 998 662 πᾶσι
1030 603 1156 671 τοῖς
1186 604 1615 676 τετραμμένοις
1640 602 1710 657 ἐν
1748 598 1829 668 τῷ

242 698 449 763 βιϐλίῳ
471 696 579 750 τοῦ
613 697 826 765 νόμου,
859 696 968 751 τοῦ
1000 696 1257 767 ποιῆσαι
1285 697 1461 751 αὑτά.

196 816 214 855 ,ι
306 787 554 854 Raptus
605 788 710 842 ἀπ’
762 787 911 857 ἐμοῦ
959 788 1212 857 ὄνειδος,
1261 789 1360 845 καὶ
1401 788 1829 855 ἐξουδένωσιν,

241 879 329 932 ὅτι
373 878 447 933 τὰ
490 879 792 949 μαρτύριὰ
854 895 974 935 σου
1026 879 1383 952 ἐξεζιξτησα.
1437 881 1685 944 Ὀνειδος
1736 881 1832 934 καὶ

243 968 618 1035 ὲξουδὲνωσιν,
650 970 799 1039 ἅπερ
835 972 869 1040 ἡ
902 971 1256 1043 προλαϐοῦσα
1282 972 1527 1044 ῥᾳθυμία
1550 989 1641 1042 μοι
1664 987 1833 1042 προσ·

243 1058 545 1129 ετρέψατο,
591 1059 967 1124 ὀνειδιζόντων
995 1062 1089 1113 καὶ
1132 1060 1563 1128 εξουδενούντων
1601 1076 1667 1129 με
1720 1057 1833 1111 τῶν

244 1153 449 1223 νοητῶν
492 1154 732 1225 ἐχθρῶν.
769 1155 867 1222 Ἤ,
913 1154 1179 1222 Περίελε,
1212 1153 1334 1209 ἀντὶ
1358 1152 1477 1218 τοῦ,
1502 1152 1830 1217 Ἀπέλασον,

245 1246 321 1315 μὴ
389 1247 784 1319 συγχωρήσῃς,
846 1247 985 1310 ὅλως
1043 1247 1447 1319 προστριὸἧναὶ
1510 1264 1577 1318 με
1631 1246 1833 1311 ταῦτα,

244 1340 693 1409 περιγενομένων
723 1340 834 1393 τῶν
866 1341 1359 1398 ἐπιϐουλευόντων.

312 1431 429 1484 Καὶ
493 1430 607 1501 γὰρ
655 1430 954 1486 ἐκάθισαν
1005 1433 1334 1503 ἄρχοντες,
1379 1435 1478 1489 καὶ
1517 1436 1646 1489 κατ’
1686 1434 1834 1505 ἐμοῦ

244 1519 649 1587 κατελάλουν,
691 1525 725 1576 ὁ
753 1521 821 1575 δέ
842 1523 1064 1592 δοῦλός
1089 1539 1207 1580 σου
1233 1524 1559 1595 ἡδολέσχει
1582 1527 1654 1581 ἐν
1707 1527 1834 1592 τοῖς

242 1613 602 1682 δικαιώμασι
629 1630 769 1669 σου.
816 1615 1048 1671 Ἐκεῖνοι
1082 1618 1181 1689 μὲν
1211 1617 1554 1673 ὲνδιέδαλλόν
1602 1636 1693 1690 με,
1725 1621 1829 1690 τὴν

243 1706 303 1757 ἐν
337 1706 417 1777 τῷ
448 1709 604 1779 νόμῳ
653 1726 751 1763 σου
811 1710 1045 1783 μελέτην
1079 1729 1183 1783 μου
1218 1711 1601 1782 χλευάζοντες
1632 1711 1747 1781 ἐγὼ
1776 1713 1836 1767 δὲ

243 1796 530 1852 ἐπέτεινον
574 1800 806 1871 ταύτην,
855 1803 1013 1867 εἰδὼς
1078 1803 1332 1859 ἐντεῦθεν
1359 1804 1498 1875 (30).
1538 1800 1662 1858 Εἶεν
1687 1805 1732 1858 δ’
1765 1803 1836 1859 ἂν

1930 604 2195 672 omnibus,
2246 620 2363 675 qua:
2394 605 2589 677 scripta
2622 614 2746 663 sunt
2779 608 2835 663 in
2873 607 3008 664 libro
3051 608 3202 679 tegis,
3242 615 3299 662 ut
3344 608 3513 678 faciat

1929 710 1992 748 ea
2026 694 2116 748 ¹⁹“.

2002 782 2170 841 Vens.
2205 784 2297 839 22.
2329 783 2493 854 Aufer
2523 802 2556 841 a
2582 803 2660 842 me
2687 787 3020 857 opprobrium
3042 796 3092 843 et
3116 797 3468 858 contemptum
3494 802 3513 841 :

1931 877 2060 947 quia
2094 878 2397 933 testimonia
2449 887 2541 932 tua
2601 880 2879 949 exquisivi.
2950 870 3084 937 ιιιυά
3141 878 3268 935 dico
3306 894 3509 950 oppro-

1932 968 2138 1032 brium,
2164 968 2307 1038 quod
2334 969 2486 1039 prior
2523 970 2852 1041 negligentia
2894 987 3012 1026 mea
3053 971 3191 1026 mihi
3230 972 3511 1042 praestitit,

1933 1061 2123 1117 multis
2157 1061 2414 1118 nimirum
2446 1061 2517 1118 ob
2545 1076 2665 1117 eam
2694 1063 3155 1133 exprobrantibus
3175 1073 3231 1119 et
3261 1071 3513 1118 contem-

1933 1154 2193 1210 nentibus
2214 1170 2321 1210 me.
2352 1154 2472 1219 Vel,
2505 1154 2691 1224 Aufer,
2736 1172 2835 1228 pro
2871 1154 3115 1226 Repello,
3151 1164 3205 1212 et
3236 1156 3347 1211 noli
3385 1170 3510 1210 om-

1935 1245 2068 1300 nino
2093 1246 2412 1316 permittere
2444 1246 2586 1302 vinci
2633 1263 2720 1303 me
2767 1257 2859 1304 aut
2907 1246 3071 1321 adligi
3111 1249 3181 1306 ab
3233 1249 3512 1314 ltostiltus,

1934 1350 2112 1405 neque
2139 1336 2206 1391 ab
2231 1337 2648 1392 insidiatoribus
2682 1338 2839 1393 meis.

2006 1426 2175 1484 Vens.
2207 1427 2302 1483 23.
2340 1426 2548 1483 Etenim
2584 1430 2829 1485 sederunt
2884 1431 3169 1503 principes,
3211 1440 3263 1487 et
3318 1431 3509 1488 adsero

1935 1535 2052 1573 sum
2076 1535 2157 1573 me
2185 1518 2624 1591 obloquebantur,
2646 1537 2824 1577 servus
2855 1533 3032 1577 autem
3059 1533 3180 1578 tuus
3222 1523 3516 1579 meditaba-

1937 1617 2026 1664 tur
2062 1611 2116 1663 in
2147 1610 2621 1680 iustiﬁcationibus
2654 1616 2780 1667 tuis.
2824 1613 2906 1669 Illi
2951 1614 3172 1684 quidem
3213 1615 3516 1671 calumnia-

1938 1702 2139 1758 bantur
2162 1718 2270 1765 me,
2304 1703 2598 1759 irridentes
2634 1705 2777 1775 quod
2804 1705 2976 1776 legent
3007 1714 3157 1760 tuam
3190 1707 3511 1772 meditarer,

1937 1809 2040 1866 ego
2073 1808 2202 1849 vero
2236 1795 2287 1850 in
2311 1794 2460 1850 illius
2503 1796 2857 1852 meditatione
2886 1812 3103 1868 semper
3126 1797 3298 1868 magis
3335 1797 3518 1853 inlen-

245 1890 538 1960 ἄρχοντες,
568 1894 665 1946 καὶ
686 1862 879 1965 ἀρχαὶ,
909 1862 1292 1961 καίὲξουσίαι,
1312 1862 1408 1951 udi.
1441 1862 1490 1952 οἱ
1520 1899 1832 1969 κοσμοκρά-

1966 1887 2160 1952 ιειιιιιη,
2197 1886 2491 1942 utilitatem
2541 1888 2802 1942 nimirum
2834 1904 3203 1959 cognoscens,
3235 1904 3358 1961 quae
3383 1888 3518 1943 mihi

246 2001 412 2054 τορες
435 1983 535 2037 τοῦ
572 1987 799 2052 σκότους
821 1988 916 2044 τοῦ
947 1988 1145 2052 αἰῶνος
1174 1990 1386 2045 τούτου.

320 2254 434 2310 Καὶ
465 2257 578 2327 γὰρ
608 2256 680 2311 τὰ
720 2258 1021 2330 μάρτυριά
1073 2278 1190 2317 σου
1239 2263 1465 2333 μελέτη
1508 2281 1626 2335 μου
1681 2263 1837 2333 ἐστὶ,

251 2345 349 2398 καὶ
381 2349 477 2402 -αι
535 2349 904 2417 συμϐουλίαι
957 2369 1081 2419 μου
1137 2353 1209 2408 τὰ
1270 2352 1638 2424 δικαιώματά
1695 2370 1836 2412 σου.

264 2435 532 2501 Ἐκείνοις
562 2439 662 2510 μὲν
687 2440 825 2495 ἄλλα
855 2442 1224 2516 μελέτη,ὲμοὶ
1250 2444 1306 2498 δὲ
1339 2446 1673 2519 μελέτη,καὶ
1705 2448 1841 2521 σύμ-

252 2525 449 2591 ϐουλος
477 2529 509 2582 ὁ
534 2530 698 2601 νόμος
729 2549 849 2588 σου.

331 2702 681 2773 Ἐκυλλιὶθη
718 2706 797 2772 τῷ
817 2707 1025 2780 ἐδαφει
1076 2710 1115 2779 ἠ
1148 2715 1319 2781 ψυχη
1350 2705 1492 2783 μου,
1539 2713 1729 2784 ζῆσόν
1770 2733 1848 2785 με

252 2795 410 2851 κατὰ
462 2796 573 2850 τὸν
618 2801 809 2871 λόγον
840 2818 982 2862 σου.
1022 2805 1221 2875 Σχεδὸν
1256 2807 1560 2878 ὲκολλὴοην
1600 2808 1680 2879 τῷ
1726 2808 1850 2865 ἐδά-

253 2906 370 2958 φει,
423 2891 729 2957 τουτέστιν,
787 2895 1163 2969 ὲταπεινώθην
1215 2899 1454 2971 σφόδρα·
1488 2898 1569 2954 διδ
1614 2898 1717 2972 ζῇν
1781 2919 1849 2971 με

253 2984 491 3055 ποίησον
523 2987 669 3042 κατὰ
690 2987 783 3042 τὸν
810 2987 978 3059 νόμον
1002 3006 1098 3043 σου
1142 3006 1156 3019 ·
1184 2991 1217 3063 ἢ
1243 2991 1547 3066 ὲκολλήῦην
1576 2994 1692 3055 τοῖς
1722 2996 1850 3065 γηϊο

260 3092 410 3143 νοις,
435 3078 805 3152 προσηλώθην
834 3081 1041 3147 αὐτοῖς.

332 3256 454 3326 Τὰς
507 3258 688 3327 ὁδούς
712 3278 834 3332 μου
885 3261 1231 3334 ἐξήγγειλα.
1279 3266 1392 3330 Τας
1422 3266 1713 3337 ⁴αμαρτιας
1742 3283 1845 3338 μου

251 3348 564 3420 ἐξήγγειλά
595 3369 701 3407 σοι.

329 3442 448 3498 Καὶ
509 3443 867 3514 ἐπήκουσάς
905 3466 1046 3518 μου.
1088 3450 1435 3521 Ζητήσαντος
1492 3448 1691 3519 ἄφεσιν
1738 3452 1847 3505 τῶν

252 3538 714 3608 ἁμαρτημάτων.
746 3539 899 3610 Λέγε
946 3541 1081 3611 γὰρ,
1114 3542 1273 3612 φησὶ,
1297 3542 1407 3610 τὰς
1431 3542 1688 3614 ἀνομίας
1730 3560 1846 3601 σου

251 3631 338 3685 σὺ
373 3629 644 3699 πρῶτος,
667 3631 769 3685 Ira
798 3632 1141 3702 δικαιωθῇς.

323 3717 594 3784 Δίδαξόν
619 3737 699 3791 με
720 3722 794 3776 τὰ
827 3721 1195 3795 δικαιώματά
1221 3738 1362 3780 σου.
1402 3725 1848 3800 ’Δκριϐέστεροιη

255 3810 601 3884 βαθύτερον.

339 3905 525 3959 Ὁδὸν
572 3907 985 3980 δικαιωμάτων
1038 3927 1155 3966 σου
1212 3912 1544 3968 συνέτισόν
1594 3930 1695 3983 με.
1753 3913 1854 3969 καὶ

252 3997 679 4069 ἀδολεσχήσω
719 4001 790 4056 ἐν
836 4000 964 4070 τοῖς
1010 4005 1373 4072 θαυμασίοις
1403 4022 1543 4061 σου.
1592 4006 1706 4077 Τὴν
1732 4008 1854 4062 ὁδὸν

250 4090 355 4144 «τοῦ
374 4092 553 4161 νόμου
590 4110 686 4147 σου
715 4094 960 4149 συνιέναι
998 4112 1067 4166 με
1098 4097 1329 4167 ποίησον
1357 4096 1584 4152 θέλοντα
1616 4098 1854 4168 βαδίζειν

253 4185 316 4238 ὲν
358 4184 530 4258 αὐτῇ,
579 4188 675 4241 καὶ
723 4187 913 4242 λοιπον
955 4189 1320 4261 ὲμμελετήσω
1377 4192 1471 4244 καὶ
1516 4190 1854 4263 ὲνδιατρίῴω

251 4276 375 4337 τοῖς
415 4274 957 4351 Θαυματουργηθεϊσι
1004 4281 1156 4353 παρὰ
1219 4281 1339 4350 σοῦ,
1391 4280 1626 4354 μελέτην
1676 4282 1854 4337 ταῦτα

254 4365 621 4438 ποιούμενος.

1941 1978 2090 2034 illinc
2130 1979 2508 2049 proveniebat.
2540 1979 2647 2036 Per
2669 1979 2945 2051 principes
2970 1992 3178 2044 autem,
3218 1980 3521 2050 intelligere

1939 2083 2236 2140 possumus
2269 2068 2605 2140 principatus
2625 2079 2678 2124 et
2704 2077 3007 2140 potestates
3042 2071 3389 2126 tenebrarum
3417 2069 3516 2124 bu-

1935 2161 2029 2232 jus
2068 2160 2274 2215 saeculi.

2020 2251 2181 2309 Vens.
2212 2251 2301 2305 24.
2340 2249 2481 2305 Nam
2527 2260 2574 2306 et
2622 2251 2924 2306 testimonia
2952 2260 3046 2305 tua
3079 2250 3353 2305 meditatio
3401 2267 3519 2307 mea

1940 2352 2040 2407 est,
2071 2352 2120 2397 et
2153 2341 2379 2396 consilia
2414 2358 2528 2396 mea
2551 2341 2964 2411 justi/icationes
2991 2350 3116 2397 tute.
3153 2341 3266 2398 illis
3297 2343 3518 2414 quidem

1945 2434 2049 2490 alia
2080 2434 2263 2489 omnia
2289 2434 2440 2489 cordi
2473 2442 2623 2499 sunt,
2644 2434 2749 2489 alia
2776 2433 2958 2489 omnia
2983 2448 3215 2505 prorsus
3244 2432 3522 2490 meditan-

1946 2537 2081 2582 tur:
2115 2526 2246 2581 milti
2286 2538 2471 2583 autem
2509 2528 2596 2583 lex
2631 2536 2723 2582 tua
2770 2527 3056 2584 meditatio
3109 2535 3220 2595 est,
3269 2537 3324 2584 et
3370 2534 3524 2583 certa

1949 2632 2167 2683 norma,
2197 2618 2357 2685 cujus
2393 2617 2624 2673 consilio
2653 2600 2884 2689 dirigar.
3410 2634 3415 2641 '

2017 2709 2183 2765 Vens.
2220 2706 2310 2764 25.
2339 2707 2574 2764 Adlta'sit
2602 2711 2901 2778 pavimento
2933 2710 3116 2765 animo
3149 2726 3287 2776 mea,
3318 2709 3528 2782 vivifica

1953 2818 2033 2855 me
2069 2799 2357 2856 secundum
2412 2802 2625 2856 verbum
2676 2811 2847 2857 tuum.
2904 2799 3064 2869 Fere,
3125 2802 3328 2873 inquit,
3377 2801 3531 2873 pavi-

1954 2901 2141 2948 mento
2172 2907 2235 2947 ac
2266 2892 2385 2948 solo
2418 2893 2522 2964 ipsi
2552 2891 2782 2960 adhtesi,
2811 2894 2917 2951 hoc
2940 2901 3048 2958 est,
3076 2893 3237 2950 valde
3268 2894 3530 2950 humilia-

1954 2992 2046 3040 tus
2090 3000 2237 3040 sum.
2276 2986 2455 3055 Atque
2485 2985 2610 3042 ideo
2661 2985 2749 3042 {ac
2806 3001 2916 3058 me,
2962 3001 3172 3057 quteso,
3226 2985 3532 3042 secundum

1956 3075 2129 3147 legent
2169 3085 2322 3131 tuam
2362 3077 2565 3133 vivere.
2603 3077 2698 3132 Vel
2730 3079 2963 3135 adltmsit
2989 3079 3175 3135 anima
3205 3092 3328 3133 mea
3361 3086 3535 3134 terre-

1879 3193 1926 3254 ρ
1957 3165 2043 3222 nis
2079 3168 2266 3229 rebus.
2296 3166 2501 3239 quibus
2529 3167 2722 3225 aﬂlxus
2749 3185 2897 3227 sum.

2026 3258 2192 3317 Vens.
2225 3256 2316 3315 26.
2361 3257 2486 3316 για.
2512 3276 2655 3316 meas
2686 3261 3021 3317 annuntiavi.
3041 3260 3271 3318 Peccata
3292 3273 3411 3316 mea
3437 3258 3538 3315 tibi

1955 3359 2085 3405 nota
2121 3348 2247 3405 feci.

2045 3446 2115 3498 Et
2140 3442 2409 3498 exaudiin
2429 3459 2529 3498 me.
2563 3442 2910 3510 Quarentem
2939 3441 3322 3500 remissionem
3348 3457 3540 3514 pecca-

1957 3544 2157 3591 torum.
2185 3534 2285 3589 Dic
2310 3533 2479 3601 enim,
2506 3535 2703 3606 inquit,
2732 3544 2788 3590 tu
2806 3537 3011 3607 primus
3046 3536 3360 3608 iniquitates
3390 3546 3537 3601 tuas,

1957 3635 2015 3680 ut
2026 3625 2348 3696 justi/iceris
2382 3625 2450 3680 ”.

2049 3716 2185 3770 Doce
2214 3732 2295 3771 me
2310 3716 2725 3786 justiﬁcationes
2754 3725 2895 3772 tuas.
2932 3714 3261 3788 Diligentius
3291 3712 3532 3779 scilicet,

1961 3817 2017 3864 et
2045 3808 2395 3879 profundius.

2037 3903 2202 3959 Vens.
2233 3904 2324 3959 27.
2359 3903 2509 3959 Viam
2555 3904 3017 3975 justi/icationum
3072 3912 3291 3957 tuarum
3343 3902 3544 3955 instrue

1964 4013 2064 4062 me,
2094 4005 2145 4052 et
2174 3996 2467 4052 meditabor
2517 3997 2573 4052 in
2621 3997 2959 4053 mirabilibus
2998 3996 3124 4052 tuis.
3167 3995 3297 4059 Fac,
3340 3993 3543 4063 inquit,

1965 4095 2026 4142 ut
2080 4088 2215 4157 legis
2270 4097 2376 4143 tute
2426 4087 2572 4143 viam
2628 4101 2979 4158 cognoscant.
3022 4086 3194 4154 Cupio
3248 4085 3389 4140 enim
3453 4098 3548 4151 per

1963 4194 2082 4235 eam
2118 4180 2400 4245 incedere,
2463 4190 2517 4235 et
2574 4179 2643 4235 de
2693 4188 2894 4235 eastern
2945 4178 3275 4237 meditabor.
3322 4185 3375 4229 et
3426 4190 3547 4228 ver-

1963 4274 2131 4329 sabor
2167 4272 2222 4326 in
2258 4270 2677 4325 admirabilibus
2719 4270 3008 4339 operibus.
3063 4284 3185 4338 quae
3219 4284 3247 4321 a
3290 4280 3340 4321 te
3399 4265 3542 4319 tat-ta

1966 4372 2144 4430 sunt,
2204 4363 2416 4419 faciens
2456 4377 2521 4417 ea
2561 4377 2687 4417 esse
2721 4376 3109 4433 argumentum
3165 4359 3543 4415 meditationis

1968 4470 2125 4511 meae.

339 4548 793 4621 Ἐνύσταεενὴ
849 4552 1020 4622 ψυχή
1065 4571 1185 4623 μου
1239 4552 1359 4610 ἀπὸ
1405 4556 1686 4623 ἀκηδίας,
1746 4559 1846 4622 ,ϐε-

2040 4546 2209 4601 Vzns.
2248 4545 2339 4601 ‘28.
2364 4545 2681 4601 Dormitueit
2704 4548 2887 4600 animo
2920 4561 3037 4599 mea
3065 4559 3176 4612 pra:
3202 4540 3387 4608 ttedio,
3422 4560 3548 4597 con-

251 4643 631 4712 ϐαίωσόνμε
658 4644 728 4699 ἐν
764 4645 891 4712 τοῖς
928 4646 1136 4713 ,λόγοις
1173 4662 1312 4703 σου.
1370 4648 1720 4720 Ἐχαυνώθην
1752 4651 1860 4705 ἀπὸ

251 4736 530 4807 ἀκηδίας,
559 4735 628 4807 ἢν
690 4738 947 4808 ἐμποιεῖν
980 4738 1176 4794 εἴωθεν
1198 4740 1232 4809 ἡ
1262 4739 1507 4810 μέριμνα
1537 4744 1644 4795 τῶν
1672 4742 1861 4808 βιωτι-

252 4827 380 4881 κῶν
432 4826 802 4897 πραγμάτων,
857 4827 891 4899 ἢ
944 4829 1038 4882 καὶ
1087 4829 1116 4881 ὁ
1154 4828 1391 4899 συνεχὴς
1458 4830 1699 4901 πόλεμος
1753 4833 1862 4886 τῶν

249 4918 570 4990 δαιμόνων.
588 4918 849 4991 Στήριξόν
875 4937 942 4991 με
977 4921 1035 4973 ὲν
1066 4923 1179 4984 τοῖς
1210 4921 1389 4989 λόγοις
1419 4938 1533 4987 σου,
1560 4924 1859 4985 τουτέστιν,

253 5013 343 5075 εἰς
374 5010 486 5079 τὴν
520 5010 752 5081 μελέτην
793 5010 903 5065 τῶν
966 5012 1201 5066 ὲντολῶν
1242 5029 1336 5065 σου
1359 5053 1374 5079 ,
1400 5011 1491 5066 ἵνα
1520 5014 1595 5085 μὴ
1637 5015 1863 5069 ἀποστῶ

250 5103 504 5173 ταύτης,
540 5100 608 5154 δι’
636 5097 704 5173 ἦς
747 5090 1067 5175 ἀπορρίψαι
1105 5104 1412 5176 δυνήσομαι
1441 5104 1532 5159 τὸν
1549 5107 1864 5177 νυσταγμὸν

253 5200 367 5268 τῆς
403 5194 668 5264 ἀκηδίας.

344 5368 538 5425 Ὀδὸν
591 5369 828 5438 ἀδικίας
886 5372 1247 5440 dudm-mror
1304 5374 1408 5429 ἀπ’
1446 5373 1615 5444 ἐμοῦ,
1644 5375 1737 5427 καὶ
1778 5375 1859 5440 τῷ

254 5464 436 5530 ,ρδμφ
476 5468 596 5517 σου
633 5461 898 5532 ἐλέησόν
932 5481 1031 5535 με.
1079 5463 1230 5529 ὀδδς
1269 5465 1485 5530 ἀδικίας
1531 5468 1564 5536 ἡ
1598 5466 1797 5536 πρᾶξις
1831 5469 1865 5538 ὴ

339 5642 417 5676 ’θ’
448 5641 614 5698 Deut.
659 5657 828 5710 mm,
861 5643 953 5698 27.
1031 5643 1076 5676 “
1101 5644 1205 5699 lsa.
1238 5645 1482 5710 ιιιιι,26
1508 5660 1624 5700 sec.
1656 5643 1800 5699 LXX

1961 4640 2120 4708 firma
2149 4654 2231 4693 me
2262 4639 2316 4693 in
2348 4638 2517 4693 verbis
2550 4639 2678 4692 tuis.
2722 4636 2949 4703 Lassus,
3000 4636 3205 4706 inquit,
3241 4650 3304 4690 ac
3344 4636 3548 4690 remis-

1964 4749 2061 4788 sus
2088 4731 2316 4788 eﬂeclus
2352 4747 2497 4799 sum,
2528 4746 2641 4803 prae
2671 4730 2919 4797 tristitia,
2978 4748 3147 4803 quant
3177 4739 3275 4784 aut
3314 4731 3550 4786 smcula-

1964 4826 2109 4878 rium
2170 4839 2358 4879 rerum
2418 4823 2739 4890 sollicitudo
2797 4821 2996 4879 aﬂerre
3044 4820 3178 4877 mihi
3238 4820 3403 4885 solet,
3459 4831 3555 4873 aut

1964 4924 2312 4987 perpetuum,
2336 4914 2484 4987 quod
2513 4914 2647 4971 mihi
2672 4925 2757 4971 est
2779 4930 2906 4971 cum
2941 4912 3212 4975 daemone,
3243 4921 3551 4966 certamen.

1965 5005 2210 5061 Firmum
2268 5024 2353 5064 me
2386 5007 2573 5078 igitur,
2611 5023 2675 5063 ac
2706 5007 2959 5064 stabilem
3015 5004 3206 5069 redde,
3243 5001 3300 5056 in
3365 5000 3553 5055 verbis

1966 5097 2100 5163 tuis,
2128 5099 2231 5154 ltoe
2256 5107 2362 5164 est,
2393 5098 2448 5152 in
2491 5098 2852 5153 meditatione
2884 5094 3265 5149 mandatorum
3296 5099 3546 5145 tuorum.

1967 5205 2038 5244 ne
2066 5190 2133 5245 ab
2161 5206 2225 5245 ea
2260 5190 2612 5246 meditatione
2643 5189 2945 5251 discedam,
2982 5201 3105 5256 qua:
3133 5182 3374 5254 abjicere
3404 5196 3436 5236 a
3466 5195 3535 5235 nt.

1970 5291 2152 5351 potest
2179 5298 2395 5336 omnem
2436 5281 2881 5337 dormitationcm
2928 5276 3189 5331 tristitiae.

2046 5374 2209 5428 Vens.
2242 5374 2334 5430 99.
2370 5374 2515 5427 Viam
2538 5371 2819 5440 iniustitia:
2853 5385 3031 5423 amove
3052 5385 3083 5419 a
3112 5383 3216 5433 me,
3243 5376 3291 5421 et
3319 5364 3433 5437 lege
3457 5374 3550 5420 tua

1978 5469 2219 5523 miserere
2242 5468 2361 5523 mei.
2387 5465 2481 5522 Via
2512 5465 2801 5537 iniustitia:
2823 5473 2906 5521 est
2927 5461 3111 5520 omnis
3139 5458 3284 5517 actio
3315 5458 3554 5530 iniusta.

1667 5738 1872 5800 Varia:
1909 5730 2242 5801 tec'ttones.

343 5841 471 5914 (30)
510 5839 745 5914 Apparet
768 5841 964 5901 deesse
998 5840 1208 5913 aliquid
1241 5858 1255 5898 :
1297 5847 1431 5912 pata
1459 5838 1752 5911 ὠφέλειαν.
