3898 6536
168 395 295 459 1145

1337 381 1728 444 COMMENT.
1767 381 1846 440 IN
1888 383 2249 446 PSALMOS.

3279 376 3418 439 1146

169 515 288 572 ῐσως
319 506 427 561 τῶν
469 502 760 576 βιωτικῶν.
801 501 894 555 Ἐκ
914 497 1052 552 Θεοῦ
1084 497 1139 551 δὲ
1172 496 1351 550 πάντα
1395 495 1561 558 αἰτεῖ,
1583 494 1729 548 διδᾱι-
1759 539 1765 551 ,

1888 496 2016 549 tiam
2045 502 2358 556 convertar,
2390 500 2444 548 et
2472 507 2499 546 a
2532 489 2716 547 saeculi
2742 488 2906 559 hujus
2939 485 3176 559 negotiis
3199 487 3413 541 vincar.

173 619 306 656 σκων
333 600 417 652 ὅτι
445 596 506 650 τὸ
533 596 645 649 πᾶν
683 591 846 655 αὐτὸς
877 589 1138 662 κατορθοῖ
1165 603 1179 616 ⁸
1238 587 1422 656 Χωρὶς
1457 585 1589 654 γὰρ,
1630 602 1738 655 φη-

171 689 446 762 σὶν,ὲμοῦ,
484 688 546 741 οὐ
581 685 812 741 δύνασθε
849 685 1023 736 ποιεῖν
1070 680 1242 735 οὐδέν.
1308 678 1480 733 Τοῦτο
1516 676 1739 729 καθολι-

170 785 260 846 ab;
273 783 410 834 ἔστω
439 797 525 832 σοι
549 777 732 832 κανὼν
765 775 857 829 ἐπὶ⁸
885 773 993 829 τῶν
1025 773 1224 842 ἐφεξῆς
1257 771 1482 841 ὁμοίων.
1545 767 1742 834 Βοηθεῖ

171 874 226 928 δὲ
277 874 333 926 οὐ
392 873 586 935 πᾶσιν,
633 870 770 923 ἀλλὰ
822 871 934 931 τοῖς
969 865 1162 934 ἀξίοις,
1201 864 1297 918 καὶ
1327 863 1388 915 τὸ
1434 861 1519 915 ἐπ’
1554 861 1775 924 αὐτοῖς

177 967 311 1019 ᾶπαν
342 963 778 1032 εἰσενεγκοῦσιν.

249 1149 655 1217 Ἀπόστρεψον
707 1143 848 1210 τοὺς
907 1139 1255 1211 ὀφθαιμούς
1306 1155 1448 1207 μου,
1505 1134 1612 1188 τοῦ
1655 1131 1742 1204 μὴ

179 1245 315 1300 ιδεῒν
329 1245 721 1314 ματαιότητα.
749 1238 1119 1309 Ἀπόστρεψον
1143 1235 1336 1296 αὐτοὺς
1355 1232 1462 1285 ἀπὸ
1484 1231 1592 1284 τῶν
1612 1229 1743 1298 βλα-

178 1337 344 1407 ϐερῶν
380 1334 694 1404 θεαμάτων,
720 1331 863 1385 ὥστε
922 1329 996 1400 μὴ
1030 1327 1156 1379 ἰδεῖν
1217 1325 1456 1395 ματαίαν
1487 1320 1742 1390 Θεωρίαν.

185 1427 520 1500 Ὀφθαλμοὺς
546 1427 602 1479 δὲ
625 1426 758 1490 νόει,
793 1423 888 1477 καὶ
914 1422 1042 1483 τοὺς
1077 1415 1456 1488 σωματικοὺς,
1491 1414 1587 1468 καὶ
1615 1413 1746 1474 τοὺς

173 1519 454 1591 ψυχικούς.

247 1617 350 1668 Ἐν
379 1613 457 1681 τῇ
495 1609 614 1676 ὀδῷ
652 1626 768 1664 σου
807 1607 996 1675 ζῆσόν
1027 1621 1121 1673 με.
1179 1603 1268 1654 Ἐν
1325 1599 1402 1670 τῷ
1442 1598 1591 1669 νόμῳ
1650 1613 1746 1648 σου

175 1704 504 1774 ζωοποίησόν
538 1719 607 1772 με
636 1718 650 1732 ’
693 1694 847 1759 οὗτος
881 1701 975 1767 μὲν
999 1698 1108 1765 γὰρ
1143 1693 1286 1764 ζωὴν
1337 1692 1510 1762 ἁληθῆ
1557 1687 1751 1758 προξε-

176 1801 250 1852 νεῖ
279 1800 393 1860 τοῖς
453 1791 1005 1865 ἐμπολιτευομένας·
1047 1789 1076 1842 ὁ
1136 1787 1194 1840 δὲ
1237 1786 1430 1857 παρὼν
1481 1784 1596 1855 βίος
1655 1782 1752 1836 θὰσ
1783 1789 1844 1887 B‘

177 1909 350 1954 νατος.

239 1979 482 2047 Στῆσον
521 1978 602 2043 τῷ
631 1977 828 2044 δούλῳ
877 1993 994 2030 σου
1022 1974 1089 2028 τὸ
1126 1973 1337 2042 λόγιόν
1363 1983 1500 2033 σου,
1531 1967 1620 2032 εις
1647 1965 1753 2018 τόν

176 2075 358 2142 φόϐον
385 2088 526 2125 σου.
555 2068 815 2139 Στήριξον
837 2069 895 2120 ἐν
926 2067 1049 2136 ἐμοὶ
1080 2065 1158 2136 τῷ
1175 2063 1346 2131 δούλῳ
1369 2077 1465 2114 σου
1495 2058 1555 2111 τὸ
1585 2057 1753 2127 πρόσ-

177 2163 358 2233 ταγμά
393 2181 513 2227 σου,
568 2163 631 2216 τὸ
664 2159 1018 2226 Δεσποτικὸν,
1053 2161 1134 2221 εἰς
1163 2158 1254 2210 τὸν
1289 2155 1455 2225 φόὸον
1491 2169 1584 2205 σου
1614 2166 1628 2180 ο
1665 2149 1753 2200 λό-

179 2274 297 2326 γιον
332 2256 512 2325 λέγων
543 2255 636 2307 τὸν
692 2255 876 2324 νόμον,
933 2252 1235 2315 τουτέστιν,
1311 2246 1638 2314 Ἐδραὶωσον
1696 2244 1753 2294 ἐν

176 2345 301 2415 ἐμοὶ
329 2343 596 2412 τὸλόγιόν
630 2360 724 2396 σου
769 2345 850 2404 εἰς
887 2341 978 2394 τὸν
1012 2340 1180 2410 φόϐον
1217 2354 1334 2404 σου,
1392 2336 1480 2388 ἵνα
1526 2330 1754 2403 γένηταί

181 2455 275 2509 μσς
304 2437 459 2491 τοῦτο
486 2437 670 2505 λόγιον
699 2435 963 2504 ἔμφοόον.

252 2529 493 2598 [lapis-2J3
531 2529 640 2582 τὸν
682 2525 1030 2594 ὀνειδισμόν
1064 2541 1206 2593 μου,
1269 2521 1342 2574 ὃν
1371 2519 1752 2574 ὑπώπτευσα.

177 2625 282 2676 Τὸν
308 2622 709 2693 προστρισὲντα
744 2636 832 2689 μοι
869 2618 980 2671 ἀπὸ
1011 2618 1110 2686 τῆς
1152 2612 1451 2685 ἁμαρτίας,
1517 2611 1576 2663 ὃν
1630 2611 1756 2676 ipo-

179 2713 374 2782 ϐἡθην,
404 2713 823 2784 προσαγόμενον
861 2727 953 2779 μοι
984 2709 1136 2779 παρὰ
1178 2706 1288 2759 τῶν
1339 2703 1616 2772 δαιμόνων
1647 2715 1660 2728 ·
1721 2698 1755 2767 ἢ

180 2807 271 2858 τὸν
297 2807 408 2858 ἀπὸ
438 2805 550 2858 τῶν
580 2803 1041 2856 ἐπιϐουλευόντων
1074 2816 1185 2868 μοι,
1213 2796 1274 2850 ὃν
1302 2794 1640 2848 ὑπώπτευσα
1676 2790 1762 2842 αἰ-

184 2899 513 2968 σθανόμενος
545 2894 784 2966 ἐμαυτοῦ
809 2891 1304 2960 ταλαιπωροῦντος.

251 3083 386 3135 Ὀτι
419 3081 490 3133 τὰ
521 3074 774 3148 κρίματά
803 3089 921 3129 σου
968 3070 1224 3141 χρηστά.
1259 3066 1385 3121 ’Ότι
1418 3064 1630 3133 κρίνεις
1683 3061 1762 3114 δίο

1842 589 1986 644 Petit
2039 595 2223 642 autem
2287 585 2470 640 omnia
2505 599 2532 637 a
2577 583 2706 648 Deo,
2759 582 2964 638 docens
3016 579 3170 634 illum
3231 579 3418 633 omnia

1841 685 2054 740 ellicere
2079 699 2092 734 :
2124 681 2252 734 Sine
2271 694 2380 742 me,
2406 677 2603 747 inquit.
2632 675 2768 730 nihil
2796 673 3025 744 potestis
3054 671 3252 726 facere.
3290 669 3416 726 llaec

1842 777 2011 847 igitur
2067 774 2326 842 deinceps
2388 774 2458 827 sit
2519 771 2618 825 tibi
2686 783 2876 823 norma
2926 767 2983 822 in
3035 765 3421 834 sequentibus,

1843 868 1934 923 ubi
1986 866 2186 920 similia
2242 865 2511 919 invenias.
2569 863 2808 931 Adiuvat
2865 866 3047 913 autem
3095 858 3261 918 Deus,
3312 871 3421 910 non

1844 977 2041 1018 Omnes
2076 959 2413 1030 promiscue,
2451 956 2544 1010 sed
2577 955 2776 1025 dignos
2814 967 2873 1008 se
2901 960 2955 1007 et
2981 950 3075 1021 qui
3113 957 3291 1003 totum
3333 947 3424 1001 in-

1847 1054 2089 1117 tulerint,
2121 1052 2263 1121 quod
2294 1051 2345 1104 in
2381 1065 2439 1104 se
2475 1048 2656 1102 fuerit.

1921 1149 2089 1206 Vens.
2125 1151 2215 1205 37.
2244 1155 2430 1203 Averte
2462 1144 2644 1200 oculos
2674 1158 2837 1205 meos,
2873 1157 2936 1194 ne
2967 1139 3178 1193 videant
3211 1136 3425 1190 vanita-

1849 1254 1972 1298 tem.
2012 1243 2210 1296 Averte
2247 1255 2344 1294 eos
2379 1254 2406 1292 a
2443 1236 2621 1292 noxiis
2651 1231 2998 1304 spectaculis,
3031 1231 3105 1284 ita
3143 1236 3202 1281 ut
3239 1227 3422 1281 inania

1851 1349 1961 1389 non
1993 1332 2235 1388 videant.
2267 1329 2468 1384 Oculos
2499 1337 2684 1382 autem
2719 1339 2828 1379 non
2876 1320 3128 1392 corporis
3177 1325 3424 1379 tantum,

1849 1425 1944 1484 sed
1971 1425 2166 1479 animm
2198 1422 2362 1476 etiam
2396 1419 2677 1490 intelligit.

1923 1603 1987 1657 In
2020 1601 2103 1658 via
2129 1612 2223 1654 tua
2261 1597 2470 1666 viviﬁca
2503 1611 2602 1649 me.
2630 1593 2758 1647 Haec
2789 1591 2988 1647 etenim
3028 1589 3116 1643 via
3147 1600 3328 1640 veram
3359 1584 3428 1639 iis

1851 1696 2022 1748 vitam
2055 1699 2300 1763 praestat,
2345 1689 2438 1759 qui
2473 1687 2526 1740 in
2562 1701 2624 1740 ea
2659 1684 2859 1740 versati
2896 1681 3120 1736 fuerint.
3177 1677 3427 1731 Praesens

1853 1786 2053 1841 etenim
2085 1784 2193 1837 vita
2245 1793 2370 1836 vera
2399 1782 2506 1835 vita
2537 1793 2646 1832 non
2677 1785 2784 1840 est,
2833 1789 2956 1828 cum
2987 1777 3216 1827 mortem
3247 1780 3429 1822 secum

1855 1879 2011 1934 ferat.

1924 1969 2090 2022 Vsus.
2119 1965 2208 2021 58.
2245 1963 2434 2019 Statue
2457 1976 2604 2015 seruo
2637 1970 2726 2012 tuo
2767 1957 3034 2026 eloquium
3067 1962 3238 2018 tuum,
3271 1950 3327 2003 in
3367 1949 3435 2000 ti-

1855 2077 2002 2116 more
2053 2069 2164 2113 tuo.
2199 2058 2254 2111 In
2289 2071 2400 2121 me,
2440 2053 2640 2122 inquit,
2706 2063 2864 2104 servo
2925 2054 3024 2100 tuo
3085 2041 3429 2098 Dominicum

1857 2154 2175 2208 mandatum
2234 2159 2412 2211 tuum,
2471 2143 2616 2218 quod
2681 2143 2769 2196 hic
2827 2138 3108 2208 eloquium
3175 2131 3433 2203 appellat,

1858 2246 2073 2300 ﬁrmum
2110 2255 2174 2294 ac
2200 2237 2396 2294 stabile
2420 2234 2620 2290 eiiicito
2651 2234 2704 2286 in
2753 2231 2971 2292 timore,
3030 2227 3105 2280 ita
3139 2231 3200 2278 ut
3246 2220 3432 2276 divina

1857 2337 2073 2407 eloquia
2103 2343 2194 2388 tua
2220 2328 2456 2386 verenda
2483 2325 2615 2407 mihi
2643 2325 2772 2388 sint,
2806 2335 2869 2375 ac
2904 2317 3166 2372 timenda.

1933 2519 2104 2575 Vsus.
2139 2517 2230 2573 59.
2268 2493 2437 2576 Aufer
2485 2505 2824 2577 opprobrium
2855 2515 3050 2564 meum,
3101 2494 3242 2566 quod
3268 2490 3440 2559 suspi-

1862 2624 2010 2670 catus
2076 2626 2214 2664 sum.
2274 2604 2426 2677 Quod
2479 2601 2744 2656 inﬂictum
2784 2594 2917 2648 mihi
2955 2600 3039 2647 est
3100 2605 3129 2642 a
3187 2592 3437 2655 peccato,

1863 2705 2118 2778 quodque
2139 2713 2240 2768 ego
2259 2695 2466 2766 jamdiu
2493 2690 2661 2758 infligi
2687 2685 2816 2741 milii
2841 2683 3096 2738 timebam
3123 2693 3151 2730 a
3173 2677 3438 2736 daemone,

1865 2769 1958 2854 seu
1993 2769 2060 2850 ab
2091 2788 2515 2848 insidiatoribus
2554 2781 2716 2837 meis.
2771 2776 2868 2832 Vel
2921 2773 3068 2844 quod
3127 2769 3442 2838 suspicatus

1867 2907 2014 2955 sum,
2050 2902 2175 2944 cum
2210 2886 2263 2938 in
2291 2877 2581 2943 arumnis,
2613 2884 2778 2944 atque
2809 2870 2864 2924 in
2895 2865 3136 2922 miseriis
3187 2877 3273 2918 me
3306 2875 3444 2916 con-

1867 2985 2123 3039 stitutum
2161 2989 2469 3032 cernerem.

1947 3075 2088 3141 Quia
2135 3070 2348 3140 judicia
2405 3077 2494 3118 tua
2539 3061 2785 3130 benigna.
2837 3053 3107 3120 Quoniam
3165 3048 3315 3117 juste
3353 3043 3446 3112 ju-

183 3193 334 3240 καια,
377 3173 668 3242 γινώσκων
708 3171 858 3229 ὅπως
909 3166 1216 3235 μετενόησα
1238 3162 1329 3214 καὶ
1363 3161 1512 3221 ὅπως
1539 3158 1631 3209 ἐπὶ
1657 3156 1762 3220 σοὶ,

1886 3136 2048 3238 licas,
2089 3136 2452 3230 cognoscens,
2494 3152 2642 3223 quod
2675 3147 3000 3220 poenitentia
3036 3143 3232 3199 ducor,
3267 3136 3448 3206 qtiod-

184 3266 378 3337 Κύριε,
408 3264 634 3334 ἧλπισα,
667 3262 748 3315 eo".
774 3259 893 3312 ὅλον
919 3256 1154 3327 ἐμαυτὸν
1188 3251 1426 3314 ἀναθείς.

263 3437 424 3493 Ἰδοὺ
458 3437 812 3505 ἐπεθύμησα
836 3433 941 3500 τὰς
973 3430 1228 3496 ἐντολάς
1263 3444 1401 3496 σου,
1436 3428 1505 3482 ἐν
1537 3427 1613 3496 τῇ
1675 3427 1766 3482 δι-

184 3531 485 3597 καιοσύνῃ
517 3545 633 3584 σου
663 3526 851 3595 ζῆσόν
870 3543 966 3594 με.
1021 3525 1198 3576 Πεινῶ
1229 3523 1324 3574 καὶ
1367 3520 1506 3590 διψῶ
1543 3519 1642 3582 τὰς
1681 3521 1769 3572 ἐν-

184 3625 350 3687 τολάς
384 3640 499 3676 σου.
554 3622 642 3674 Ἐν
672 3624 740 3690 τῇ
778 3619 1099 3690 δικαιοσύνῃ
1131 3634 1223 3668 σου
1269 3615 1433 3685 ζῆσόν
1480 3630 1568 3685 με.
1622 3609 1768 3666 Ἶσον

187 3717 244 3767 δὲ
270 3714 436 3767 τοῦτο
491 3712 590 3782 τῷ,
642 3712 745 3766 Ἐν
793 3709 873 3776 τῷ
902 3713 1064 3779 νόμῳ
1084 3723 1200 3762 σου
1230 3707 1419 3777 ζῆσόν
1470 3723 1567 3776 με,
1629 3706 1768 3777 ὅπερ

185 3809 416 3877 εἴρηκεν
443 3805 728 3876 ἀνωτέρω.

254 3900 373 3955 Καὶ
401 3900 566 3954 ἔλθοι
585 3899 678 3953 ἐπ’
701 3897 808 3968 ἐμὲ
828 3897 891 3950 τὸ
921 3896 1095 3960 ἔλεός
1123 3911 1263 3960 σου,
1292 3895 1489 3962 Κύριε,
1536 3893 1603 3946 τὸ
1649 3907 1770 3946 σω-

191 3991 406 4060 τήριόν
420 4005 536 4046 σου
562 3991 712 4044 κατὰ
740 3989 846 4043 τὸν
873 3990 1062 4057 λόγον
1103 4004 1242 4040 σου.
1276 3987 1394 4038 Ἵνα
1422 3983 1631 4046 ἐλεηθῶ
1675 3981 1772 4034 καὶ

194 4085 377 4139 σωθῶ.
434 4083 599 4145 Τέλος
641 4083 751 4153 γὰρ
803 4080 898 4134 τοῦ
953 4081 1160 4144 ἐλέους,
1213 4081 1246 4149 ἡ
1285 4079 1571 4147 σωτηρία·
1627 4074 1774 4126 ἐλθοι

189 4179 268 4244 δέ,
297 4175 446 4230 κατὰ
476 4175 574 4244 τὴν
602 4173 902 4245 ὑπόσχεσιν
945 4189 1061 4226 σου.
1087 4169 1437 4242 Ἔπηγγειλω
1465 4169 1572 4236 γὰρ
1609 4170 1666 4220 ἐν
1696 4167 1773 4237 τῷ

190 4271 346 4340 νόμῳ
375 4269 572 4334 ἐλθεῖν,
609 4269 704 4321 καὶ
727 4267 924 4331 σώζειν
951 4267 1079 4328 τοὺς
1105 4265 1478 4334 φυλάσσοντας
1505 4261 1573 4316 τὰ
1603 4276 1778 4331 προσ-

197 4364 304 4429 τάγ
314 4359 467 4431 ματά
493 4377 610 4413 σου.

272 4536 384 4590 Καὶ
407 4533 888 4602 ἀποκριθήσομαι
910 4532 1031 4598 τοῖς
1057 4531 1419 4593 ὀνειδίζουσι
1443 4547 1545 4599 μοι
1567 4530 1774 4597 λόγον.

202 4632 331 4693 Τοῖς
354 4626 678 4690 ὀνειδίζουσί
702 4642 790 4695 μοι
823 4625 922 4695 τὴν
969 4624 1109 4696 ὑπὲρ
1144 4625 1349 4695 ἀρετῆς
1384 4621 1781 4686 κακοπάθειαν,

197 4719 657 4792 ἁποκριθήσομαι
688 4718 877 4771 τοῦτον
904 4717 996 4771 τὸν
1024 4718 1208 4785 λόγον.

280 4937 416 4988 Ὀτι
441 4934 680 5002 ἤλπισα
701 4929 800 4984 ἐπὶ
830 4927 955 4994 τοῖς
983 4925 1188 4994 λόγοις
1212 4937 1350 4977 σου.
1394 4920 1567 4974 Τοῦτο
1601 4920 1785 4982 αὐτοῖς

201 5025 658 5096 ἀποκριθήσομαι
688 5062 702 5085 ,
771 5021 854 5073 ὅτι
899 5018 1107 5088 ἤλπισα
1152 5013 1247 5066 ἐπὶ
1291 5012 1405 5074 τοῖς
1459 5009 1639 5076 λόγοις
1686 5007 1783 5059 τοῦ

201 5119 366 5181 Θεοῦ,
396 5118 772 5187 ὑποσχομένου
833 5113 1004 5166 πολλὰ
1047 5109 1231 5180 ἀγαθὰ
1283 5109 1398 5170 τοῖς
1455 5103 1788 5174 φυλάττουσι

202 5219 303 5280 τὰς
338 5212 562 5274 ἐντολὰς
594 5208 760 5262 αὐτοῦ
794 5226 807 5240 ο
836 5208 932 5260 καὶ
972 5205 1060 5258 διὰ
1087 5203 1246 5257 τοῦτο
1285 5198 1606 5262 κακοπαθῶ,
1658 5213 1782 5268 τρες

207 5309 448 5378 (ρόμενος
480 5304 716 5372 ἀγαθαῖς
751 5301 957 5354 ἐλπέσι.

283 5487 392 5542 Καὶ
417 5482 504 5553 μὴ
544 5481 826 5550 περιέλῃς
853 5481 920 5534 ἐκ
955 5478 1062 5532 τοῦ
1083 5478 1384 5546 στόματός
1432 5491 1552 5543 μου
1605 5472 1793 5540 λόγον

207 5579 506 5647 ἀληθείας
539 5575 650 5642 ἕως
676 5573 932 5644 σφόδρα.
963 5572 1054 5644 Μὴ
1085 5569 1342 5642 περιέλῃς
1396 5568 1491 5620 ἀπ’
1547 5565 1680 5636 ἐμοῦ
1731 5565 1794 5616 τὸ

212 5667 561 5739 προφητικὸν
594 5667 840 5737 χάρισμα
873 5664 965 5717 ἐπὶ
1002 5661 1136 5715 πολύ
1157 5678 1171 5692 ο
1203 5660 1319 5712 ἀλλ’
1350 5658 1400 5710 εἰ
1432 5659 1528 5710 καὶ
1554 5657 1678 5710 κατ’
1717 5658 1795 5708 οῖ-

214 5761 483 5830 κονομίαν
527 5758 813 5830 ἐπισχεθῇ,
885 5755 1050 5810 πάλιν
1096 5752 1538 5820 ἁποκαταστήτω
1575 5767 1688 5819 μοι.
1723 5747 1796 5800 Ἥ

225 5855 305 5926 μὴ
338 5852 758 5926 περιαιρεθῆναι
809 5849 1215 5923 παραχωρήσῃς
1252 5846 1344 5902 ἐπὶ
1381 5843 1515 5898 πολὺ
1574 5845 1636 5896 ἐκ
1699 5839 1796 5896 τοῦ

413 5905 426 5926 ο

1043 6061 1072 6074 ο

1873 3233 1982 3330 que
2016 3257 2068 3310 in
2108 3225 2430 3323 te-speravi,
2476 3260 2536 3299 ac
2569 3258 2655 3298 me
2691 3241 2790 3295 tibi
2832 3245 3004 3292 totum
3063 3245 3292 3304 prorsus
3345 3225 3448 3282 ob-

1871 3351 1993 3404 tuli.

1943 3440 2113 3496 Vens.
2146 3438 2234 3492 40.
2261 3434 2397 3488 Ecce
2426 3427 2694 3494 concupiui
2721 3420 2974 3478 mandata
3013 3428 3127 3478 tua,
3151 3415 3207 3468 in
3231 3408 3448 3480 justitia

1875 3548 1968 3592 tua
2002 3533 2207 3594 vivi/ica
2237 3544 2335 3582 me.
2365 3523 2582 3586 Esurio,
2641 3515 2842 3586 inquit,
2895 3525 2949 3566 et
2997 3509 3125 3564 sitio
3189 3502 3448 3558 mandata

1873 3593 2219 3687 tua.Vi\'iﬁca
2245 3620 2514 3689 meigitnr
2537 3617 2590 3669 in
2611 3608 2927 3680 tuajustilia
2961 3623 2973 3658 :
3004 3599 3147 3672 quod
3179 3593 3447 3652 fereidem

1874 3734 1958 3781 est
1995 3736 2120 3776 cum
2155 3718 2220 3773 iis
2248 3714 2451 3777 verbis,
2477 3722 2598 3780 quas
2631 3702 2885 3774 superius
2919 3695 3058 3751 dixit
3088 3711 3102 3749 :
3136 3690 3204 3746 In
3229 3689 3336 3756 lege
3359 3695 3453 3740 tua

1873 3815 2076 3872 vivifica
2108 3825 2210 3864 me.

1945 3908 2112 3962 Vens.
2141 3903 2231 3957 4|.
2268 3899 2336 3954 Et
2363 3897 2539 3952 veniat
2593 3904 2750 3960 super
2802 3901 2882 3940 me
2917 3877 3284 3938 misericordia
3337 3881 3452 3934 tua,

1883 4001 2124 4062 Domine,
2161 3995 2396 4049 salutare
2454 3995 2601 4041 tuum
2640 3978 2929 4037 secundum
2963 3973 3226 4042 eloquium
3283 3975 3454 4018 tuum.

1882 4095 1956 4150 Ut
1991 4091 2202 4147 scilicet
2234 4080 2678 4140 misericordiam
2727 4081 3064 4139 consequar,
3103 4073 3159 4120 et
3197 4060 3453 4116 salutem.

1880 4180 2273 4243 Misericordiae
2301 4178 2444 4232 enim
2477 4172 2600 4227 linis
2631 4178 2734 4229 est,
2780 4173 2842 4220 ut
2883 4161 3110 4218 salutem
3145 4163 3458 4219 consequa-

1884 4292 2029 4334 mur.
2066 4273 2258 4328 Veniat
2281 4275 2459 4322 antem
2500 4264 2616 4317 hac
2647 4253 2999 4325 salus,juxta
3033 4245 3453 4318 promissionem

1885 4378 2058 4422 tuam.
2100 4360 2384 4416 Pollicitus
2414 4354 2558 4409 enim
2592 4366 2653 4406 es
2676 4351 2730 4402 in
2756 4347 2874 4414 lege
2910 4351 3021 4405 tua,
3047 4348 3097 4393 te
3126 4348 3319 4390 omnes
3350 4330 3462 4386 sal-

1885 4466 2165 4519 vaturum,
2198 4449 2291 4520 qui
2323 4443 2640 4500 custodiunt
2676 4436 2933 4492 mandata
2971 4444 3084 4484 tua.

1955 4554 2124 4608 Vsus.
2280 4542 2351 4597 Et
2380 4533 2693 4604 respondebo
2723 4519 3166 4596 exprobrantibus
3191 4513 3321 4570 mihi
3341 4527 3459 4566 ver-

1886 4647 2029 4701 bum.
2067 4641 2140 4694 iis
2182 4637 2274 4706 qui
2338 4628 2684 4687 aﬂlictionem
2749 4629 2802 4675 et
2853 4612 3222 4671 calamitatem
3275 4619 3451 4660 meam

1887 4696 2029 4794 mihi
2061 4696 2417 4801 exprobrant,
2465 4715 2808 4790 respondebo
2865 4708 3093 4765 verbum
3159 4703 3265 4757 hoc
3314 4696 3460 4768 quod

1887 4829 2158 4898 sequitur.
2710 4897 2715 4898 γ
2895 4893 2907 4898 _
2993 4888 3035 4898 __
3222 4892 3233 4898 Δ

1959 4877 2112 4984 bread
2144 4909 2348 4983 speravi
2378 4907 2432 4959 in
2467 4897 2795 4957 sermonibus
2829 4893 2956 4948 tuis.
2993 4888 3109 4944 Hoc
3153 4892 3260 4950 est,
3307 4877 3453 4950 quod

1887 5025 1988 5081 ego
2029 5007 2136 5061 illis
2165 4997 2530 5073 respondebo,
2569 5004 2824 5063 sperasse
2880 5000 2962 5039 me
2997 4983 3050 5034 in
3113 4977 3209 5032 Dei
3259 4971 3465 5032 verbis,

1885 5062 1983 5173 {fin
2019 5098 2187 5154 multa
2239 5062 2385 5149 bona
2438 5062 2695 5143 omnibus
2744 5077 3022 5151 pollicitus
3055 5078 3160 5131 est,
3315 5062 3466 5167 illius

1901 5382 2098 5436 mirum
2135 5376 2187 5429 in
2213 5387 2308 5442 spe
2333 5369 2618 5423 educatus.

1967 5473 2133 5527 Vnus.
2165 5434 2259 5518 45.
2295 5461 2363 5514 Et
2393 5474 2454 5511 ne
2489 5453 2704 5520 auferas
2729 5448 2790 5502 de
2821 5463 2908 5501 ore
2931 5460 3046 5498 meo
3074 5443 3280 5495 verbum
3331 5434 3468 5488 veri-

1901 5565 2026 5619 tatis
2075 5573 2236 5628 usque
2291 5551 2462 5608 valde.
2495 5546 2574 5600 Nc
2610 5544 2831 5597 auferas
2868 5555 2894 5592 a
2939 5552 3024 5592 me
3058 5536 3113 5589 in
3145 5537 3470 5603 perpetuum

1902 5619 2276 5728 prOpheticam
2324 5642 2596 5715 gratiam;
2627 5635 2743 5704 sed,
2773 5634 2820 5689 si
2850 5649 2913 5688 es
2949 5623 3360 5700 dispensatione
3403 5619 3471 5674 ad

1899 5717 2119 5814 iem-pus
2174 5738 2322 5794 illam
2359 5732 2682 5796 abstuleris,
2710 5739 2907 5783 rursus
2934 5735 3128 5796 precor
3159 5717 3294 5774 mihi
3350 5729 3470 5772 eam

1901 5807 2165 5904 restitue;
2193 5831 2300 5902 vel,
2323 5827 2404 5887 Nc
2433 5824 2725 5901 permittas
2749 5818 2844 5878 diu
2873 5830 2941 5875 ex
2992 5829 3086 5874 ore
3115 5825 3239 5869 meo
3269 5807 3472 5866 verita-
