3898 6612
236 391 379 457 1149

1402 398 1797 466 COMMENT.
1842 404 1927 464 IN
1964 407 2328 469 PSALMOS.

3353 421 3488 486 1150

222 503 483 575 ἀνωτέρω
536 504 693 574 λόγος
745 523 890 578 μου,
950 499 1103 571 οὗτος
1171 509 1533 583 ὲζωοποῐησε.
1607 515 1770 586 Σχεδδ

1909 521 2051 590 quit,
2089 521 2220 576 illud
2265 531 2420 577 tuum
2453 524 2521 578 de
2555 538 2664 594 quo
2695 525 2856 596 paulo
2896 533 3021 584 ante
3053 529 3291 589 diximus
3317 574 3332 596 ,
3361 551 3485 590 cum

219 598 679 669 ἀπονεκρωθέντα
708 601 776 670 τῇ
809 599 1016 671 ἀγχόνῃ
1040 600 1148 655 τῶν
1181 601 1439 673 ολίψεων.

183 854 186 857 _
308 783 710 853 ’Υπερήφανοι
762 786 1158 854 παρηνόμουν
1208 785 1319 852 ἕως
1373 787 1631 857 σφόδρα,
1681 790 1801 845 ἀπὸ

214 875 292 929 δὲ
347 876 454 931 τοῦ
519 878 708 947 νόμου
768 892 887 932 σου
944 879 1054 932 οὐκ
1083 878 1387 944 ἐξέκλινα.
1441 880 1670 935 Ἐκεῖνοι
1701 883 1800 952 μὲν

214 970 550 1042 παρέϐαινον
587 972 677 1026 τὸν
725 972 888 1042 νόμον
951 989 1046 1024 σου
1096 973 1190 1024 ἐπὶ
1247 971 1382 1027 πολύ
1417 988 1432 1004 ⁸
1479 971 1589 1040 ἐγὼ
1625 972 1681 1027 δὲ
1736 974 1798 1027 οὐ

217 1064 580 1135 συναπήχθην
637 1066 841 1128 αὐτοῖς.
901 1065 974 1119 Ἦ
1027 1063 1388 1136 παρηνόμουν
1437 1066 1800 1136 διαγελῶντές

218 1174 313 1227 με,
356 1157 434 1228 τῷ
464 1158 617 1229 νόμῳ
658 1158 892 1213 πάντοτε
938 1158 1371 1229 προσκείμενον⁸
1421 1159 1533 1230 ἐγὼ
1593 1160 1650 1213 δὲ
1696 1163 1798 1215 οὐκ

211 1249 460 1319 ἀπέστην
487 1250 590 1320 τῆς
614 1249 848 1321 μελέτης
875 1250 1062 1305 αὐτοῦ.
1094 1250 1515 1321 Ὑπερηφάνους
1564 1249 1622 1304 δὲ
1645 1251 1794 1321 λέγει

208 1340 338 1402 τοὺς
381 1341 704 1412 ὑπερόπτας
736 1341 832 1397 τοῦ
872 1343 1064 1414 νόμον.
1115 1341 1362 1396 Τοιοῦτοι
1406 1341 1463 1395 δὲ
1515 1341 1713 1408 πάντες
1745 1345 1794 1397 oi

209 1433 546 1502 ἐπηρμένοι.

295 1523 647 1594 Ἐμνήσθην
671 1526 792 1580 τῶν
824 1526 1122 1597 χριμάτων
1150 1524 1392 1590 σου;ἁπ’
1408 1525 1648 1593 αἰῶνος,
1673 1513 1793 1582 Κύ-

197 1633 316 1684 ριε,
361 1619 468 1672 καὶ
502 1620 918 1691 παρεκλήθην.
953 1619 1076 1673 Τῶν
1099 1619 1388 1690 κριμάτων
1420 1635 1512 1671 σου
1541 1623 1651 1672 τῶν
1693 1617 1792 1672 ἀπ’

201 1706 430 1773 αἰῶνος,
461 1709 573 1764 τῶν
599 1711 694 1764 ἀπ’
721 1711 917 1782 ἀρχῆς,
954 1710 1051 1763 καὶ
1076 1709 1156 1771 εἰς
1191 1709 1254 1763 τὸ
1277 1708 1424 1780 ἑξῆς.
1448 1708 1636 1770 Ὅπως
1661 1707 1790 1770 τοὺς

206 1801 307 1869 μὲν
342 1804 518 1873 ἀρετῇ
571 1801 1019 1866 κακοπαθοῦντας
1053 1801 1291 1870 δοξάζει,
1349 1801 1476 1864 τοὺς
1525 1799 1585 1854 δὲ
1619 1799 1790 1870 κακίᾳ

201 1891 302 1962 cur;
312 1911 380 1963 με
389 1895 622 1965 ροῢντας
655 1895 932 1966 ἀτιμάζει.

1914 627 2024 681 pra:
2054 613 2222 669 tantis
2253 613 2639 670 afﬂictionibus
2673 629 2921 684 angerer,
2958 633 3021 673 ac
3057 636 3194 690 pene
3240 634 3488 683 mortuus

1910 715 2109 766 essem,
2143 702 2343 758 iterum
2374 718 2460 757 me
2489 704 2554 759 ad
2591 705 2757 759 vitam
2791 710 3087 764 revocavit.

1983 793 2149 850 Vens.
2189 795 2277 850 51.
2307 794 2525 862 Superbi
2558 796 2738 867 inique
2768 799 2989 870 agebant
3033 818 3196 872 usque
3225 805 3408 872 ualde,
3453 825 3486 862 a

1907 885 2016 955 lege
2043 894 2219 939 autem
2265 894 2359 940 tua
2388 902 2493 940 non
2519 886 2796 942 declinavi.
2822 887 2906 943 Illi
2939 888 3156 957 quidem
3193 892 3247 945 in
3293 895 3485 948 multis

1907 977 2081 1046 legem
2116 983 2264 1030 tuam
2297 977 2866 1046 transgrediebantur,
2912 992 3014 1048 ego
3061 993 3192 1034 vero
3224 980 3332 1036 illis
3375 997 3482 1038 non

1904 1082 1993 1122 me
2031 1067 2277 1137 adiunxi.
2309 1067 2404 1123 Vel
2443 1086 2457 1122 :
2492 1067 2682 1139 Inique
2725 1067 2980 1138 agebant,
3017 1068 3328 1128 deridentes
3373 1088 3482 1139 me,

1904 1159 2047 1230 quod
2075 1159 2178 1229 legi
2233 1168 2337 1215 tum
2386 1173 2603 1230 semper
2649 1159 3046 1228 incumberent,
3098 1173 3151 1216 et
3205 1162 3275 1218 ab
3337 1163 3483 1218 illius

1904 1250 2262 1307 meditatione
2288 1265 2571 1322 nunquam
2613 1252 2948 1308 recederem.
2983 1250 3261 1324 Superbos
3297 1262 3478 1309 auten.

1902 1344 2162 1414 appellat,
2196 1344 2330 1414 legis
2360 1352 2785 1414 contemptores.
2819 1342 2978 1399 Tales
3020 1345 3163 1398 enim
3213 1359 3333 1400 esse
3387 1361 3481 1400 so-

1901 1432 2012 1490 lent
2047 1435 2174 1490 elati
2199 1451 2389 1492 omnes
2415 1450 2479 1490 ac
2508 1436 2754 1508 superbi.

1968 1523 2137 1581 Vnus.
2163 1526 2251 1580 52.
2285 1525 2491 1582 Memor
2513 1527 2947 1598 fui,judiciorum
2973 1535 3181 1581 tuorum
3215 1529 3478 1590 aswculo,

1899 1614 2143 1679 Domine,
2173 1627 2220 1670 et
2253 1617 2556 1672 consolatus
2590 1633 2730 1672 sum.
2761 1616 2892 1683 Quae
2925 1632 2956 1670 a
2988 1619 3212 1683 saeculo,
3245 1618 3348 1672 hoc
3371 1628 3478 1682 est,

1899 1722 2021 1777 quae
2059 1707 2129 1762 ab
2168 1708 2331 1764 initio
2383 1717 2548 1773 sunt,
2596 1717 2651 1764 et
2696 1710 2752 1763 iu
2786 1708 3028 1763 futurum
3075 1718 3257 1764 erunt.
3296 1709 3354 1763 In
3391 1711 3480 1763 his

1897 1809 2078 1854 autem
2127 1799 2354 1870 judiciis
2403 1803 2738 1864 continetur,
2787 1801 2932 1870 quod
2978 1803 3179 1856 virtute
3225 1799 3480 1868 praeditos

1819 1885 1863 1942 Β
1891 1890 2163 1957 homines,
2203 1892 2421 1948 tametsi
2462 1893 2530 1947 ad
2587 1900 2804 1964 tempus
2863 1892 3024 1963 affligi
3061 1893 3365 1978 permittas,
3401 1900 3482 1947 ta-

200 2007 330 2048 men
381 1987 742 2062 glorilicabis.
789 1987 1060 2058 Quodque
1109 2000 1206 2042 eos
1246 1984 1631 2050 inhonorabis,
1689 1981 1784 2054 qui
1827 1982 2012 2054 pravis
2069 1983 2268 2040 imbuti
2350 1989 2482 2046 sunt
2538 1982 2808 2050 moribus,
2883 1999 3198 2054 quanquam
3265 1985 3470 2054 interea

198 2089 580 2162 tranquillam,
609 2101 674 2143 ac
699 2085 916 2143 felicem
950 2085 1117 2140 vitam
1155 2083 1358 2156 degere
1387 2082 1702 2139 videantur.

217 2194 224 2198 '
281 2182 525 2252 Ἇθυμία
555 2181 814 2249 κατέσχε
834 2194 932 2248 με,
979 2178 1098 2233 ἀπὸ
1129 2175 1493 2246 ἁμαρτωλῶν
1535 2173 1655 2230 τῶν
1681 2173 1779 2243 ἐγ·-

194 2274 778 2345 καταλιμπανόντων
815 2273 923 2328 τὸν
972 2272 1162 2341 νόμον
1209 2286 1348 2325 σου.
1378 2269 1671 2340 Ἧθύμησα
1709 2266 1780 2323 δι’

195 2368 435 2433 αὐτούς·
481 2367 642 2421 τοῦτο
686 2366 786 2437 μὶν
831 2365 1207 2437 ὀργιζόμενος,
1257 2364 1342 2418 ὅτι
1389 2363 1645 2418 ἀθετοῦσι
1685 2362 1784 2418 τὸν

189 2438 484 2533 νόμονᾏ-ον
510 2477 527 2494 ο
556 2459 718 2514 τοῦτο
741 2459 799 2513 δὲ
822 2458 1184 2530 λυπούμενος,
1213 2457 1297 2512 ὅτι
1315 2456 1670 2513 ἀπόλλυνται.

267 2639 484 2695 Ψαλτὰ
511 2637 675 2711 ἦσάν
692 2657 795 2709 μοι
836 2639 907 2694 τὰ
951 2638 1315 2708 δικαιώματά
1351 2652 1468 2694 σου
1508 2639 1578 2693 ἐν
1613 2641 1777 2702 τόπῳ

187 2735 513 2803 παροικίας
528 2750 670 2802 μου.
709 2731 1060 2800 Ψαλλόμενα,
1105 2730 1356 2783 τουτέστι
1423 2729 1777 2802 μελετώμενά

192 2843 308 2893 μοι,
340 2824 474 2887 ἔνθα
501 2824 820 2895 παρῴκουν,
844 2825 902 2876 ὲν
929 2823 1026 2894 οἴῳ
1046 2822 1113 2877 ἂν
1133 2824 1291 2893 τόπῳ
1313 2823 1526 2892 διῆγον.
1560 2824 1633 2876 ’Ἠ
1679 2823 1776 2876 καὶ

185 2919 400 2980 άλλωςο
437 2918 527 2970 Ἐν
547 2917 787 2987 ψαλμοῖς
827 2912 968 2986 ἦσάν
999 2933 1090 2986 μοι
1112 2932 1127 2946 ·
1160 2915 1413 2985 ψαλμοὺς
1437 2914 1578 2969 αὺτά
1618 2917 1774 2969 ὲποι-
1844 2958 1852 2964 .

182 3011 248 3063 οὐ
256 3027 395 3082 μην,
415 3011 513 3065 καὶ
532 3010 751 3080 ψάλλων
775 3008 916 3064 αὐτά
938 3008 1338 3080 εὐφραινόμην.

267 3189 621 3259 Ἐμνήσθην
651 3188 723 3243 ἐν
746 3188 920 3243 νυκτὶ
963 3189 1071 3242 τοῦ
1136 3187 1428 3257 ὀνόματός
1467 3201 1606 3254 σου,
1655 3189 1772 3244 K15-

179 3280 421 3348 ριε,καὶ
449 3280 728 3356 ἐφύλαξα
756 3277 867 3333 τὸν
884 3279 1074 3348 νόμον
1129 3294 1270 3334 σου.
1325 3280 1413 3333 Ἐν
1464 3279 1642 3346 νυκτὶ,
1683 3281 1772 3334 ὅτε

186 3372 402 3443 μᾶλλον
421 3372 473 3424 οι
505 3371 760 3442 δαίμονες
784 3371 886 3441 τῆς
927 3369 1272 3435 ἀκαθαρσίας
1334 3371 1636 3442 ἐνοχλοῦσι,
1681 3371 1772 3427 διὰ

185 3430 420 3535 μνήμης
443 3481 506 3518 σε
549 3430 892 3534 ποιούμενος,
914 3430 1266 3533 ἐσωφρόνουν
1293 3462 1373 3534 τῷ
1427 3430 1585 3533 ξόόω
1621 3430 1732 3520 ,σου
1753 3483 1766 3499 ο
1797 3430 1844 3493 C

180 3557 214 3625 ἢ
241 3557 303 3610 ἐν
347 3557 508 3610 νυκτὶ
526 3555 638 3609 τῶν
663 3555 857 3610 παθῶν
916 3557 1006 3609 ὅτε
1027 3557 1126 3609 ὑπ’
1151 3555 1333 3610 αὐτῶν
1362 3556 1560 3620 ὲζοωού
1571 3574 1722 3622 ατιν.,

247 3816 424 3884 Αὕτη
481 3832 589 3884 μοι
632 3815 930 3885 ἐγενήθη,
981 3816 1069 3870 ὅτι
1112 3815 1187 3870 τὰ
1240 3817 1603 3887 δικαιώματά
1655 3833 1773 3873 σου

178 3907 544 3976 ὲξεζήτησα.
568 3905 712 3978 Αὕτη
745 3909 778 3978 ἡ
809 3908 998 3980 μνήμη
1019 3926 1035 3942 -
1063 3908 1220 3962 εἴωθε
1243 3909 1350 3977 γὰρ
1396 3909 1662 3973 πολλάκις
1692 3912 1774 3975 εἰς

176 3999 357 4066 ὄνομα
409 3997 472 4048 τὴ
519 3997 669 4067 ῥῆμα
724 3997 1187 4068 μεταλαμϐάνειν,
1245 3998 1321 4061 ὡς
1361 3999 1448 4065 τὸ,
1503 3999 1669 4068 Αῧτη
1697 4017 1774 4070 με

178 4087 633 4156 παρεκάλεσεν,
677 4089 746 4142 ἐν
775 4087 850 4157 τῇ
879 4087 1234 4142 ταπεινώσει
1260 4104 1396 4154 μου.
1424 4089 1587 4157 Λέγει
1616 4089 1768 4157 γοῦν,

176 4179 260 4229 ὃτι
294 4177 444 4247 αὕτη
483 4178 514 4248 ἡ
547 4178 737 4249 μνήμη
806 4177 1000 4247 γέγονέ
1027 4195 1142 4248 μοι,
1179 4178 1288 4230 ἀπὸ
1315 4178 1412 4232 τοῦ
1447 4179 1651 4250 σφόδρα
1675 4182 1770 4250 ζη-

176 4271 292 4321 τεῖν
326 4269 397 4322 τά
452 4268 796 4341 δικαιώματά
844 4287 959 4324 σου.
1024 4269 1265 4323 Ἐκεῖθεν
1310 4269 1418 4342 γὰρ
1453 4269 1546 4325 τὸν
1601 4271 1770 4339 φόϐον

178 4361 408 4417 ἒλαὸον.
1339 4415 1347 4424 .

246 4455 444 4523 Μερές
467 4471 586 4524 μου
606 4451 680 4518 εἷ,
713 4455 907 4524 Κύριε·
936 4450 1078 4509 εἶπα
1105 4454 1214 4510 τοῦ
1240 4454 1637 4525 φυλάξασθαι
1662 4457 1770 4511 τὸν

175 4547 378 4615 νόμον
404 4561 544 4602 σου.
581 4546 757 4616 Μερίς
795 4562 896 4616 μου
915 4541 985 4610 sl,
1012 4547 1350 4618 κληρονομία
1376 4565 1503 4618 μου,
1532 4548 1770 4613 πλοῦτός

180 4656 314 4707 μου,
350 4639 870 4710 καταφρονήσαντος
915 4639 1015 4710 τῆς
1067 4641 1162 4694 ἐπὶ
1209 4644 1313 4712 γῆς
1379 4642 1618 4713 μερίδοςο
1681 4642 1771 4697 διὰ

173 4727 346 4780 τοῦτο
372 4727 559 4781 λοιπὸν
590 4723 740 4781 εἶπα⁸
769 4728 1104 4801 Συνεθέμην,
1140 4731 1582 4804 ἐπηγγειλάμην,
1637 4734 1766 4803 περὶ

175 4819 272 4873 τοῦ
317 4819 707 4888 φυλάξασθαι
729 4820 830 4874 τὸν
860 4822 1050 4892 νόμον
1075 4837 1191 4877 σου
1222 4824 1594 4895 ἀπαράϐατον.

259 4997 563 5065 Ἐδεήθην
589 4999 696 5053 τοῦ
727 4999 1051 5068 προσώπου
1093 5014 1210 5054 σου
1251 4998 1322 5053 ἐν
1386 4999 1500 5069 ὅλῃ
1550 5001 1764 5070 καρδίᾳ

171 5110 322 5160 μου,
354 5091 622 5158 ἐλέησόν
664 5109 741 5161 με
775 5094 925 5146 κατὰ
970 5093 1035 5146 τὸ
1061 5093 1270 5161 λόγιόν
1303 5107 1442 5147 σου.
1499 5092 1760 5164 Ἐδεήθην

173 5184 543 5254 ὀλοκαρδίως,
599 5186 728 5254 περὶ
778 5187 878 5255 τῆς
926 5185 1202 5254 ἁμαρτίας
1249 5203 1347 5255 μου
1377 5183 1640 5254 ’ἐλέησόν
1667 5202 1756 5253 με,

181 5275 331 5329 κατά
354 5275 419 5328 τὸ
462 5275 642 5342 λόγιόν
687 5294 782 5329 σου
826 5293 840 5306 ο
904 5279 1211 5348 γέγραπται
1254 5277 1364 5348 γὰρ
1413 5279 1468 5330 ἐν
1507 5277 1584 5347 τῷ
1621 5279 1769 5348 νόμῳ

181 5367 462 5422 ἐλεεῖσθαι
485 5369 610 5430 τοὺς
652 5369 1080 5437 μετανοοῦντας·
1111 5370 1144 5440 ἢ
1177 5371 1319 5422 κατὰ
1344 5371 1444 5436 τὴν
1479 5371 1768 5439 ὑπόσχεσιν

182 5475 306 5513 σου·
340 5461 374 5530 ἢ
398 5460 539 5513 κατά
567 5463 664 5533 τὴν
685 5462 953 5532 διάκρισίν
1002 5480 1096 5516 σου
1119 5479 1132 5492 '
1187 5463 1297 5516 Τοῦ
1329 5463 1654 5530 προσώπου
1685 5464 1763 5530 δὲ,

180 5556 306 5606 ἀντὶ
328 5552 423 5606 τοῦ
454 5552 579 5616 Σοῦ,
612 5555 750 5607 κατὰ
787 5557 1140 5626 περίφρασιν.

252 5729 695 5798 Διελογισὰμιεν
730 5730 834 5797 τὰς
855 5731 1034 5799 όδούς
1059 5749 1195 5795 σου,
1248 5735 1344 5788 καὶ
1413 5735 1761 5805 ἐπέστρεψα

181 5820 324 5888 τοὺς
340 5819 534 5887 πόδας
558 5838 676 5889 μου
700 5823 784 5888 εις
813 5822 883 5878 τὰ
899 5824 1189 5894 μαρτύριά
1210 5825 1756 5899 σου.,Διελογιζόμην

1954 2166 2122 2224 Vnus.
2156 2166 2248 2222 55.
2301 2165 2546 2221 Tristitia
2593 2167 2818 2220 detinuit
2853 2183 2950 2228 me,
2987 2181 3082 2233 pro
3113 2169 3473 2235 peccatoribus

1884 2255 2383 2327 derelinquentibus
2437 2256 2599 2328 legem
2651 2267 2822 2310 tuam.
2857 2256 3056 2311 Tristis
3112 2256 3211 2314 fui.
3256 2257 3473 2327 inquit,

1879 2361 2106 2424 propter
2150 2356 2489 2418 peccatores,
2531 2349 2735 2419 partim
2788 2346 3009 2419 quidem
3053 2348 3260 2414 iratus,
3321 2353 3472 2420 quod

1879 2442 2052 2512 legem
2079 2448 2227 2520 tuam
2255 2438 2395 2494 adeo
2418 2446 2798 2505 contemnant,
2821 2439 3017 2510 partim
3047 2439 3212 2495 etiam
3241 2437 3460 2507 dolens,

1881 2532 2026 2604 quod
2070 2532 2172 2603 ipsi
2207 2532 2435 2602 perituri
2472 2533 2604 2588 sint.

1952 2624 2121 2681 Vnus.
2163 2625 2254 2679 54.
2319 2623 2628 2680 Cantabiles
2665 2624 2793 2680 mihi
2847 2633 2997 2679 erant
3044 2624 3461 2693 justiﬁcntiones

1879 2728 2007 2787 tute,
2041 2720 2096 2772 in
2131 2717 2245 2772 loco
2292 2717 2734 2788 peregrinationis
2784 2733 2938 2772 metu.
2985 2718 3304 2785 Cantandze,
3361 2719 3467 2773 hoc

1878 2821 1984 2878 est,
2011 2811 2347 2866 meditaudae
2379 2824 2406 2862 a
2442 2824 2527 2863 me
2561 2818 2728 2874 sunt;
2772 2808 3087 2878 ubicunque
3116 2809 3464 2874 habitavero,

1876 2905 2195 2976 ubicunque
2244 2905 2414 2958 vitam
2450 2902 2671 2972 degero.
2703 2902 2800 2956 Vel
2837 2901 2998 2956 aliter
3035 2919 3047 2956 :
3093 2899 3239 2956 Loco
3294 2901 3473 2956 canti-

1879 3011 2074 3053 corum
2111 2994 2244 3049 mihi
2276 2999 2458 3057 erant,
2496 3002 2550 3048 et
2581 2994 2634 3048 in
2684 2993 2927 3062 psalmos
2957 3007 3052 3047 cas
3099 2992 3233 3046 mihi
3263 2993 3472 3049 consti-

1876 3087 2120 3151 tuebam,
2162 3092 2330 3154 atque
2357 3097 2452 3141 eas
2479 3084 2781 3156 psallendo,
2811 3085 3148 3142 delectabar.

1945 3174 2107 3231 Vnus.
2141 3178 2231 3234 55.
2265 3177 2469 3233 Memor
2514 3181 2596 3250 fui
2647 3189 2797 3233 nocte
2823 3179 3056 3232 nominis
3085 3179 3184 3245 tui,
3218 3179 3464 3244 Domine,

1872 3277 1920 3322 et
1941 3268 2199 3323 custodivi
2234 3270 2396 3340 legem
2428 3279 2597 3324 tuam.
2630 3267 2932 3333 Nocturno,
2953 3268 3130 3339 inquit
3153 3307 3168 3332 ,
3219 3277 3462 3337 tempore

1873 3360 2092 3427 quando
2123 3357 2391 3414 immundi
2419 3358 2696 3414 dmmones
2752 3357 2940 3428 plures
2971 3357 3151 3413 solent
3175 3356 3465 3428 perturba-

1875 3449 2054 3503 tiones
2088 3448 2304 3513 all‘erre,
2331 3464 2432 3520 ego
2464 3461 2514 3505 te
2546 3450 2598 3504 in
2625 3449 2884 3504 memoria
2907 3461 3124 3518 semper
3147 3442 3417 3502 habebam
3450 3486 3466 3511 ,

1875 3551 1929 3597 et
1972 3555 2084 3611 prae
2135 3542 2332 3596 timore
2375 3552 2470 3597 tuo
2532 3541 2832 3612 sapientior
2892 3539 3182 3596 reddebar.
3235 3537 3358 3604 Vel,
3407 3540 3462 3593 in

1875 3623 2036 3686 n‘octe
2095 3631 2413 3702 passionum
2463 3642 2628 3702 atque
2675 3631 2974 3686 allectuum
3007 3668 3022 3696 ,
3054 3635 3108 3685 et
3140 3629 3363 3700 quando
3397 3631 3464 3684 ab

1877 3720 1989 3774 illis
2018 3721 2423 3776 obtenebrabar

1943 3811 2108 3867 Vnus.
2143 3811 2232 3866 56.
2276 3811 2405 3866 11ηέ
2439 3813 2584 3882 facta
2619 3821 2698 3867 est
2737 3812 2888 3879 mihi,
2932 3813 3062 3882 quia
3107 3811 3462 3884 justiﬁcatio-

1875 3919 1966 3957 nes
2017 3911 2138 3959 tuas
2179 3905 2459 3974 exquisivi.
2513 3903 2638 3960 llaec
2694 3905 2957 3962 memoria
3010 3904 3248 3961 scilicet.
3311 3903 3465 3960 Solet

1873 3995 2018 4048 enim
2045 3995 2320 4066 Propheta
2347 3996 2642 4068 aliquando
2666 3997 2892 4052 verbum
2922 4006 3138 4052 mutare
3161 3996 3213 4050 in
3239 4011 3462 4062 nomen;

1871 4084 2025 4152 juxta
2079 4087 2213 4143 illud
2252 4103 2268 4141 :
2309 4087 2438 4143 Haec
2475 4106 2558 4144 me
2598 4087 2876 4144 consolata
2929 4097 3007 4144 est
3059 4089 3114 4142 in
3169 4088 3466 4142 humilitate

1873 4191 2010 4230 mea.
2041 4177 2168 4232 llaec
2196 4179 2488 4243 memoria,
2527 4179 2728 4249 inquit,
2787 4179 2913 4233 ideo
2969 4177 3100 4232 mihi
3146 4178 3289 4233 facta
3335 4188 3462 4244 est,

1871 4269 1999 4336 quia
2057 4269 2216 4326 valde
2267 4270 2538 4340 exquisivi
2595 4270 3028 4340 iustiﬁcationes
3095 4279 3241 4325 tuas.
3307 4270 3464 4325 Illinc

1870 4357 2016 4413 enim
2052 4375 2153 4431 ego
2192 4361 2444 4415 timorem
2476 4362 2692 4431 accepi.

1942 4451 2104 4507 Vnus.
2143 4453 2233 4506 57.
2270 4452 2451 4507 Portio
2504 4470 2642 4518 mea,
2698 4453 2918 4506 Domine
2970 4468 2990 4507 :
3037 4452 3155 4507 dixi
3195 4452 3464 4507 custodire

1871 4542 2032 4613 legem
2063 4551 2228 4597 tuam.
2255 4542 2358 4605 Tu,
2381 4544 2559 4616 portio
2587 4559 2704 4599 mea
2735 4559 2826 4611 es;
2856 4543 3174 4606 baereditas,
3199 4544 3448 4614 inquam,

1876 4647 2016 4699 mea,
2061 4641 2115 4688 et
2165 4633 2369 4688 divitia:
2427 4649 2580 4689 meae.
2627 4635 2745 4689 Alia
2794 4635 2940 4689 enim
2995 4642 3214 4689 terrena
3273 4635 3457 4688 omnia

1871 4723 2137 4794 despicio.
2169 4726 2346 4792 Atque
2379 4725 2503 4780 ideo
2530 4725 2678 4792 Dixi,
2708 4727 2811 4782 hoc
2841 4735 2946 4792 est,
2972 4725 3258 4783 Pollicitus
3291 4742 3412 4781 sum
3444 4767 3458 4792 ,

1872 4815 2137 4871 custodire
2181 4817 2346 4888 legem
2386 4827 2533 4872 tuam
2559 4857 2575 4884 ,
2631 4825 2688 4874 et
2737 4818 2891 4877 nullo
2929 4827 3092 4889 pacto
3129 4833 3252 4884 eam
3283 4829 3464 4874 trans-

1803 4930 1806 4933 ·
1879 4909 2056 4978 gredi.

1944 4998 2112 5056 Vnus.
2151 5002 2241 5058 58.
2302 5003 2619 5073 Deprecatus
2660 5021 2779 5058 sum
2827 5003 3013 5074 faciem
3061 5013 3208 5058 tuam
3255 5002 3310 5056 in
3352 5010 3462 5056 toto

1868 5092 2024 5146 corde
2061 5110 2196 5161 meo,
2248 5096 2494 5150 miserere
2521 5097 2621 5150 mei
2653 5095 2940 5150 secundum
2973 5095 3233 5164 eloquium
3288 5100 3458 5148 tuum.

1869 5183 1969 5244 Te,
2003 5185 2201 5255 inquit,
2244 5203 2341 5257 pro
2372 5188 2592 5242 delictis
2627 5187 2763 5240 meis
2796 5203 2860 5240 ex
2910 5193 3026 5240 toto
3071 5182 3238 5239 corde
3267 5181 3460 5251 depre-

1879 5287 2036 5332 catus
2093 5293 2214 5332 sum
2257 5297 2271 5343 ;
2341 5281 2602 5334 miserere
2648 5295 2777 5349 ergo
2827 5279 2928 5332 mei
2973 5278 3132 5349 juxta
3177 5275 3455 5346 eloquium

1881 5376 2055 5426 tuum.
2093 5370 2370 5440 Scriptum
2399 5379 2484 5425 est
2517 5371 2658 5424 enim
2692 5372 2745 5422 in
2777 5370 2893 5437 lege
2948 5379 3064 5434 tua,
3099 5369 3244 5440 quod
3275 5367 3455 5423 delin-

1877 5462 2162 5530 quentium
2207 5461 2577 5516 misereberis.
2611 5459 2747 5519 Vel.
2784 5461 3096 5515 Secundum
3129 5460 3455 5531 promissio-

1878 5569 2000 5607 nem
2023 5595 2036 5619 ,
2069 5561 2164 5607 aut
2203 5553 2610 5607 distinctionem
2667 5561 2852 5617 tuam;
2890 5568 2988 5623 per
3041 5552 3235 5609 faciem
3273 5562 3450 5609 autem

1873 5643 1990 5705 Dei,
2029 5647 2206 5716 ipsum
2243 5644 2410 5699 Deum
2455 5645 2932 5714 circumloquitur.

1940 5736 2103 5792 Vens.
2129 5737 2217 5792 59.
2255 5736 2495 5808 Cogitavi
2515 5737 3102 5803 viastuas,etconvcrti
3119 5742 3272 5808 pedes
3305 5755 3445 5794 meos

1866 5831 1919 5886 in
1954 5830 2244 5886 testimonia
2277 5839 2386 5887 tua.
2413 5830 2609 5903 Legem
2647 5840 2793 5886 tuam
2829 5831 3121 5889 meditatus
3145 5847 3288 5900 sum,
3310 5845 3443 5902 con-
