3964 6554
562 352 700 473 lli»!

1780 408 2167 470 EUTHYMII
2208 409 2572 471 ZIGABENI

3689 406 3796 473 1152

558 520 1014 588 versationisque,
1066 533 1129 571 ac
1179 516 1304 572 vitae
1353 531 1485 573 meae
1534 516 1783 573 semitam
1853 517 2027 574 direxi
2080 520 2132 574 at

2250 523 2342 577 τὸν
2373 523 2541 593 νόμον
2574 538 2690 585 σου,
2733 520 2931 575 ίθύνων
2962 519 3062 591 τὴν
3092 519 3214 574 ὁδὸν
3249 520 3349 590 τῆς
3389 521 3663 579 πολιτείας
3710 544 3791 597 μου

558 614 814 669 mandata
847 620 961 666 tua.
990 608 1250 676 Qumdam
1283 619 1465 667 autem
1497 611 1836 682 exemplaria
1894 612 2091 667 babent
2126 630 2140 668 :

540 707 798 779 ‘Cogitavi
845 706 956 760 vias
1007 719 1187 766 meas,
1243 703 1347 758 hoc
1371 712 1498 769 est,
1546 703 1702 774 prius
1757 705 2140 770 consideravi,

555 798 687 871 quid
717 796 984 866 agendum
1014 796 1143 851 mihi
1166 804 1336 863 esset,
1361 801 1455 851 aut
1474 796 1604 868 quid
1627 796 1952 854 dicendum:
1981 806 2145 868 atque

556 892 680 947 ideo
710 889 988 945 ambulavi
1020 888 1163 944 intra
1189 890 1449 945 mandata
1483 898 1599 945 tua.

621 1088 786 1142 Vens.
818 1088 905 1143 60.
945 1086 1177 1144 Paratus
1203 1106 1344 1155 sum,
1368 1100 1419 1145 et
1453 1106 1555 1146 non
1603 1108 1724 1147 sum
1766 1092 2012 1148 turbatus
2040 1133 2056 1157 ,
2086 1102 2146 1149 ut

552 1180 852 1237 custodiam
873 1179 1127 1233 mandata
1153 1191 1268 1234 tua.
1312 1180 1544 1238 Paratus
1565 1198 1686 1238 sum
1722 1182 1787 1237 ad
1818 1184 2142 1240 custodien-

552 1275 680 1327 dum
708 1288 796 1335 ea,
834 1284 999 1342 atque
1033 1273 1157 1326 ideo
1189 1272 1258 1328 ab
1288 1288 1478 1328 eorum
1516 1275 1836 1331 diﬁlcnltate
1864 1316 1880 1339 ,
1919 1287 2016 1331 aut
2056 1294 2143 1333 se-

554 1365 791 1419 veritate
816 1364 1073 1419 turbatus
1102 1378 1212 1418 non
1242 1380 1385 1421 sum.
1413 1367 1611 1421 Malum
1657 1368 1803 1421 enim
1838 1369 1982 1439 quod
2017 1372 2141 1438 quis

552 1456 710 1525 prius
745 1455 1085 1521 considerat,
1118 1465 1284 1528 atque
1314 1466 1621 1528 exspectat,
1653 1459 1998 1516 tolerabilius
2027 1460 2143 1517 em-

549 1548 717 1604 citur.
754 1546 849 1602 Vel
871 1547 1216 1603 daemonibus
1246 1590 1262 1614 ,
1293 1564 1391 1604 seu
1425 1550 1826 1607 tentationibus
1874 1568 1960 1607 me
1991 1553 2143 1608 inva-

550 1641 833 1702 dentibus,
859 1640 1117 1695 turbatus
1150 1656 1258 1695 non
1283 1657 1428 1709 sum,
1456 1643 1664 1709 sciens,
1692 1645 1837 1715 quod
1872 1645 2137 1714 impetum

550 1731 605 1783 in
635 1745 720 1784 me
750 1729 949 1785 facturi
978 1742 1159 1790 erant.
1198 1731 1373 1800 Quam
1406 1735 1478 1791 ob
1511 1749 1740 1792 causam
1774 1737 1842 1792 ad
1898 1739 2143 1795 toleran-

557 1824 688 1877 tiam
716 1838 803 1877 me
831 1825 1163 1894 prmparavi.

625 1931 793 1988 Vens.
811 1933 870 1987 6i
886 1972 899 1986 .
928 1932 1104 1988 Fuues
1127 1945 1465 2004 peccatorum
1483 1940 1828 2008 circumplexi
1847 1951 1967 1997 sunt
1987 1944 2137 2011 mihi,

544 2032 597 2078 et
630 2023 792 2091 legem
823 2032 972 2077 luam
995 2041 1099 2078 non
1130 2043 1246 2079 sum
1277 2027 1495 2084 oblitus.
1541 2029 1723 2085 Funes
1764 2042 2135 2100 peccatorum.

546 2129 729 2184 prnvte
773 2122 902 2169 sunt
929 2115 1239 2171 daemonum
1291 2119 1657 2188 cogitationes
1688 2162 1703 2187 ,
1734 2120 1937 2192 quibus
1963 2163 1980 2188 ,
2036 2139 2137 2180 ceu

546 2207 789 2261 vinculis
824 2207 1177 2276 quibusdam,
1211 2219 1456 2276 nectere,
1489 2221 1656 2281 atque
1683 2216 1910 2285 alligare
1940 2232 2137 2276 omnes

545 2306 857 2365 conantur,
900 2299 1231 2368 quibuscum
1270 2313 1500 2359 certant.
1533 2303 1599 2359 Hi
1634 2346 1649 2372 ,
1715 2307 1928 2377 inquit,
1978 2310 2139 2366 funes

551 2389 687 2443 mibi
716 2391 1074 2459 circumplexi
1105 2402 1252 2457 sunt,
1286 2410 1386 2451 nec
1424 2403 1607 2451 tamen
1633 2399 1755 2453 ideo
1787 2400 1990 2458 oblitus
2013 2416 2137 2456 sum

556 2477 697 2548 legis
721 2485 849 2534 tuae.
880 2480 1031 2535 Illius
1058 2481 1204 2536 enim
1243 2483 1460 2548 timore,
1491 2487 1749 2545 omnibus
1785 2501 2135 2560 peccatorum

542 2568 818 2633 vinculis,
851 2569 1020 2624 veluti
1082 2571 1269 2642 gladio
1300 2576 1536 2644 quodam
1595 2578 1791 2635 incisis
1815 2619 1833 2648 ,
1870 2581 2141 2638 liberatus

543 2657 758 2723 aufugi.

609 2766 777 2823 Vens.
813 2769 902 2823 62.
935 2769 1111 2824 Media
1134 2784 1285 2829 nocte
1326 2777 1607 2846 surgebam
1635 2788 1695 2835 ut
1723 2781 2003 2851 conﬁterer
2019 2784 2135 2850 tibi,

539 2859 1088 2933 artjudiciojuslitice
1128 2874 1252 2919 tua.
1313 2866 1487 2922 Media
1548 2878 1710 2927 nocte
1762 2874 1983 2945 quando
2029 2874 2139 2930 da:-

540 2966 735 3006 mones
764 2953 1059 3009 adversum
1096 2956 1346 3014 homines
1380 2962 1555 3031 magis
1586 2962 1898 3033 insurgunt,
1926 2968 2138 3024 etalias

538 3044 763 3110 quidem
799 3047 868 3100 ad
911 3063 1108 3117 pravas
1136 3050 1528 3119 cogitationes,
1568 3055 1703 3112 alios
1739 3073 1871 3113 vero
1901 3059 1968 3114 ad
2018 3062 2135 3131 ipsa

538 3145 737 3202 urgent
767 3136 1030 3195 facinora.
1052 3140 1152 3196 Vel
1183 3143 1343 3198 aliter
1369 3163 1383 3199 :
1407 3144 1507 3213 Eo,
1534 3146 1732 3219 inquit,
1753 3158 1998 3222 tempore
2015 3169 2137 3209 sur-

534 3225 728 3296 gebam
763 3243 794 3284 e
822 3230 986 3296 lecto,
1025 3240 1083 3285 ut
1111 3233 1206 3287 tibi
1239 3235 1535 3293 conﬁterer
1556 3259 1598 3305 ,-
1631 3235 1855 3310 quando
1907 3260 2138 3304 somnus

534 3322 961 3388 quiescentibus
985 3325 1211 3380 suavior
1237 3326 1409 3382 videri
1448 3331 1588 3385 solet
1619 3349 1634 3398 ;
1673 3337 1964 3405 surgebam
1992 3338 2137 3407 dico,

531 3421 590 3464 ut
620 3411 936 3480 confiterer,
970 3415 1074 3470 boc
1108 3426 1215 3482 est,
1250 3430 1309 3473 ut
1334 3422 1541 3486 gratias
1571 3424 1671 3479 tibi
1709 3442 1925 3496 agerem
1956 3469 1972 3492 ,
2004 3410 2136 3501 pro;

531 3509 653 3570 pter
681 3501 890 3573 judicia
934 3504 1170 3574 justitiae
1219 3516 1350 3565 tuae.
1411 3511 1539 3570 Hmc
1590 3523 1775 3570 autem
1817 3516 2030 3587 judicia
2079 3531 2137 3577 tu

533 3593 699 3648 nobis
769 3609 1030 3665 parcens,
1068 3601 1342 3658 mandasti
1400 3604 1523 3676 lege
1565 3613 1658 3661 tua
1705 3608 2017 3678 observari,
2079 3623 2138 3669 ut

531 3684 662 3738 dum
700 3687 778 3740 tui
813 3688 1071 3745 timorem
1106 3694 1471 3765 addiscimus,
1507 3700 1911 3759 moderatiores
1935 3704 2138 3761 cilicia-

532 3794 680 3842 mur,
755 3796 822 3834 ne
854 3782 1337 3856 intemperantiam
1378 3793 1579 3860 secuti,
1613 3795 1920 3866 majoribus
1975 3799 2134 3853 dam-

528 3884 728 3924 nemur
759 3873 1071 3944 suppliciis.
1108 3876 1203 3932 Vel
1233 3897 1246 3935 :
1272 3880 1602 3953 Surgebam,
1640 3897 1697 3939 ut
1720 3888 2015 3944 conﬁterer
2038 3890 2133 3945 tibi

524 3970 758 4030 peccata
801 3981 920 4021 mea
951 4008 966 4032 ,
997 3981 1229 4039 propter
1275 3973 1486 4043 judicia
1536 3976 1771 4047 iustitiae
1834 3990 1976 4049 tute,
2028 3983 2133 4040 boc

523 4063 631 4117 est,
667 4054 875 4112 timens
912 4069 1150 4131 propter
1179 4078 1269 4119 ea.

595 4163 764 4224 Vens.
792 4169 881 4225 63.
914 4172 1191 4244 Particeps
1232 4196 1327 4250 ego
1380 4198 1498 4237 sum
1540 4188 1775 4259 omnium
1830 4190 2126 4248 timentium

525 4262 593 4322 tr,
621 4266 672 4311 et
719 4262 1141 4321 custodientium
1182 4272 1581 4332 mandatatua.
1637 4276 1819 4349 Eque
1858 4295 1959 4351 ego
1986 4321 2003 4346 ,
2037 4283 2126 4338 in-

2250 616 2388 688 πρδς
2420 615 2520 680 τὰς
2549 612 2768 676 ἐντολάς
2832 629 2949 667 σου.
3011 611 3149 666 Τινὰ
3192 612 3250 666 δέ
3290 613 3401 666 τῶν
3452 613 3791 683 ἀντιγράφων,

2248 706 2689 778 Διελογισάμην
2716 704 2825 769 τὰς
2854 703 3035 770 ὁδούς
3057 721 3201 773 μου,
3234 705 3790 775 γράφουσι,τουτέστι,

2251 800 2467 871 πρῶτον
2496 796 2901 865 διεσκεπτόμην
2960 795 3055 849 καὶ
3100 796 3161 849 τδ
3224 797 3508 866 πρακτέον
3565 817 3671 869 μοι,
3717 804 3789 855 καὶ

2246 895 2307 949 τὸ
2344 892 2606 965 λαλητέον
2634 907 2648 923 ’
2697 892 2779 947 διδ
2833 891 2930 946 καὶ
2972 888 3106 944 εῐσω
3143 888 3395 955 ἐσάδιζον
3417 890 3528 946 τῶν
3593 892 3791 948 ἐντελῶν

2251 1006 2374 1044 σου.

2328 1104 2727 1175 Ἠτοιμάσθην
2766 1102 2863 1158 καί
2891 1103 3004 1159 οὐκ
3045 1100 3404 1171 ἐταράχθην,
3427 1100 3534 1155 τοῦ
3555 1100 3791 1171 φυλάξα-

2244 1204 2389 1255 σθαι
2414 1198 2518 1264 τὰς
2539 1196 2797 1263 ἐντολάς
2826 1210 2967 1250 σου.
3009 1195 3410 1265 Ἠτοιμάσθην,
3443 1196 3522 1258 εἰς
3563 1193 3620 1248 τὸ
3649 1195 3791 1263 φυλά-

2247 1293 2337 1359 ξαι
2370 1292 2471 1354 τὰς
2492 1289 2714 1350 ἐντολάς
2741 1304 2865 1341 σουο
2884 1286 2967 1342 διὸ
2997 1289 3097 1341 καὶ
3118 1287 3221 1340 eo»
3251 1286 3569 1358 ἐταράχθην
3584 1287 3679 1339 ὑπὸ
3708 1289 3789 1359 τῆς

2245 1383 2588 1456 τραχύτητος
2621 1382 2720 1456 καὶ
2742 1379 3051 1451 βαρύτητος
3072 1379 3257 1433 αὐτῶν
3276 1396 3294 1413 ’
3350 1377 3414 1432 τὸ
3453 1379 3562 1451 γὰρ
3594 1381 3787 1450 μελετη-

2246 1454 2337 1533 θέν
2368 1476 2467 1530 καὶ
2502 1454 2894 1546 «pou/601130»,
2943 1471 3573 1543 εὐμεταχειριστότερον.
3597 1471 3661 1524 Ἥ
3706 1473 3786 1525 οὐκ

2245 1567 2580 1641 ἐταράχθην,
2613 1566 2963 1631 ἐπιθεμένων
3020 1582 3111 1636 μοι
3146 1564 3260 1619 τῶν
3315 1563 3605 1634 δαιμόνων,
3638 1564 3667 1635 ἢ
3699 1564 3784 1618 τῶν

2245 1660 2596 1733 πειρασμῶν,
2624 1660 2781 1722 εἰδὼς
2816 1660 2900 1714 ὅτι
2928 1658 3291 1730 προῦαλοῦσι.
3341 1659 3441 1713 καὶ
3466 1674 3782 1730 παρασκευα-

2245 1754 2399 1818 σθεὶς
2436 1754 2515 1818 είς
2549 1752 2856 1822 ὑπομονήν.

2314 1951 2563 2021 Elocuta
2591 1951 2963 2021 ἁμαρτωλῶν
2988 1949 3496 2019 εεριεπλάκησάν
3540 1969 3633 2021 μοι
3658 1967 3672 1983 ο
3701 1950 3781 2006 καί

2240 2042 2350 2098 τοῦ
2378 2043 2568 2112 νόμον
2588 2058 2707 2097 σου
2744 2043 2857 2096 οὐκ
2876 2041 3279 2111 ἐπελαθόμην.
3306 2041 3531 2111 Σχοινία
3560 2043 3782 2112 ἀμαρτω-

2245 2134 2355 2188 λῶν
2386 2133 2687 2203 δαιμόνων,
2709 2136 2758 2187 oi
2786 2134 3018 2205 πονηροὶ
3032 2132 3316 2202 λογισμοὶ,
3343 2134 3415 2187 δι’
3443 2128 3517 2188 ὧν
3540 2134 3781 2202 πειράζειν

2241 2224 2582 2296 ἐπιχειροῦσι
2620 2226 2749 2288 τοὺς
2797 2224 3264 2293 ἀγωνιζομένους.
3298 2224 3509 2280 Ταῦτα.
3536 2226 3680 2295 φησι,
3721 2224 3777 2277 τὰ

2242 2315 2452 2387 σχοινία
2470 2315 2927 2387 περιεπλάκησάν
2957 2333 3069 2386 μοι,
3104 2314 3200 2369 καὶ
3231 2314 3343 2369 οὐδ’
3371 2313 3546 2377 οὕτως
3608 2314 3780 2368 ἐπελε-

2242 2410 2424 2479 θόμην
2483 2408 2579 2463 τοῦ
2632 2409 2804 2477 νόμου
2864 2425 2978 2462 σου.
3041 2406 3134 2477 Τῷ
3197 2407 3351 2478 φόϐῳ
3379 2406 3440 2461 δέ
3487 2406 3564 2477 τῷ
3602 2406 3778 2470 τούτου,

2241 2501 2493 2573 καθάπερ
2521 2501 2629 2555 τινὶ
2661 2500 2929 2571 διακόψας
2947 2498 3117 2570 ξίφει,
3150 2499 3293 2554 αὐτὰ
3308 2499 3585 2568 διέφυγον.

2311 2786 2556 2843 Macarii
2564 2801 2731 2839 amor
2758 2783 3185 2856 ἐξηγειρόμην,
3203 2783 3312 2838 τοῦ
3329 2782 3783 2854 ἐξομολογεῖσθαι

2239 2893 2342 2934 σοι
2363 2877 2463 2933 ἐπὶ
2489 2879 2567 2933 τὰ
2593 2878 2851 2947 κρίματα
2879 2875 2991 2943 τῆς
3022 2875 3422 2944 δικαιοσύνης
3448 2892 3584 2934 σου.
3635 2878 3783 2935 Mm

2238 2973 2478 3034 νύκτιον,
2511 2971 2600 3026 ὅτε
2632 2970 2833 3040 μᾶλλον
2852 2971 2903 3023 oi
2941 2970 3204 3041 δαίμονες
3261 2972 3630 3026 ἐπιτίθενται·
3676 2974 3781 3035 τοὺς

2244 3064 2343 3135 μέν
2371 3064 2454 3128 είς
2493 3063 2741 3134 πονηρὰν
2776 3062 3034 3133 μελέτην,
3066 3063 3195 3127 τοὺς
3222 3063 3279 3117 δέ
3345 3063 3487 3136 πρὸς
3543 3064 3781 3135 ἁμαρτίαν

2241 3158 2580 3228 ἀλείφοντες.
2621 3158 2696 3210 Ἦ
2720 3156 2821 3210 καὶ
2847 3154 2939 3211 ὅτε
2956 3156 3301 3227 γλυκύτερος
3325 3158 3355 3210 ὁ
3384 3155 3556 3219 ὕπνος
3574 3159 3777 3229 ἐπιρρεῖ,

2245 3250 2404 3313 Τότε,
2462 3249 2654 3319 φησιν,
2706 3248 3080 3320 ἐξηγειρόμην
3109 3251 3176 3303 ἐκ
3204 3248 3307 3317 τῆς
3357 3249 3569 3320 κοίτης,
3615 3250 3697 3302 ἐπὶ
3716 3248 3779 3318 τῷ

2242 3337 2682 3408 ἐξομολογεῖσθαι
2724 3353 2830 3402 σοι,
2864 3339 2959 3392 ἐπὶ
2985 3338 3067 3410 τῷ
3098 3338 3450 3409 εὐχαριστεῖν
3503 3340 3697 3404 cogita
3718 3339 3776 3393 τὰ

2240 3428 2491 3499 κρίματα
2522 3428 2625 3497 τῆς
2647 3427 3001 3496 δικαιοσύνης
3034 3445 3130 3482 σου
3156 3444 3172 3460 ’
3199 3429 3283 3483 ὅτι
3304 3428 3481 3483 ταῦτα
3507 3429 3777 3500 φειδόμενος

2237 3518 2419 3588 ἡμῶν.
2449 3517 2876 3589 ἐνομοθέτησεν,
2907 3520 2995 3573 ἵνα
3029 3519 3367 3590 φοϐούμενοι
3417 3522 3773 3591 σωφρονῶμεν,

2239 3608 2337 3661 καὶ
2364 3609 2437 3677 μὴ
2459 3607 2982 3676 ἀκολασθοαίνοντες,
3010 3608 3399 3680 κολασθῶμεν.
3431 3610 3502 3664 Ἦ
3531 3607 3772 3680 ἐξηγειρό-

2240 3717 2349 3770 μην
2378 3701 2472 3752 ἐπὶ
2507 3699 2586 3769 τῷ
2618 3700 2979 3771 ἐξαγορεύειν
3019 3719 3104 3755 σοι
3127 3701 3229 3766 τὰς
3257 3703 3546 3774 ἁμαρτίας
3574 3721 3681 3774 μου,
3704 3701 3775 3755 διὰ

2237 3791 2308 3844 τὰ
2344 3790 2599 3862 κρίματα
2616 3791 2718 3861 τῆς
2738 3791 3098 3864 δικαιοσύνης
3117 3809 3239 3861 σου,
3271 3793 3526 3849 τουτέστι
3547 3792 3777 3864 φοϐούμε-

2234 3901 2324 3949 νος
2358 3884 2429 3939 δι’
2464 3885 2633 3941 αὐτὰ.

2300 4195 2579 4265 Μέτοχός
2605 4197 2721 4265 εἰμι
2747 4195 2861 4266 ἐγὼ
2883 4194 3127 4250 πάντων
3160 4193 3281 4250 τῶν
3302 4195 3677 4266 φοϐουμένων
3699 4208 3775 4259 σε,

2229 4287 2327 4340 καὶ
2357 4284 2476 4340 τῶν
2493 4286 2945 4355 φυλασσόντων
2962 4285 3068 4351 τὰς
3087 4284 3344 4351 ἐντολάς
3365 4300 3507 4340 σου.
3537 4286 3771 4353 Μέτοχος,

521 4349 663 4417 quit,
698 4362 865 4423 atque
903 4356 1006 4425 illi,
1048 4369 1102 4418 te
1131 4365 1325 4430 timeo,
1359 4382 1515 4438 aeque
1546 4370 1711 4426 etiam
1739 4349 1998 4428 mandata
2023 4383 2119 4431 tna

2237 4380 2344 4450 ἦτοι
2373 4349 2628 4439 xcv/iovi);
2654 4376 2750 4431 τοῦ
2780 4377 2900 4430 [σου
2929 4349 3121 4447 φόϐου,
3156 4377 3253 4431 καὶ
3292 4349 3393 4450 τῆς
3412 4377 3602 4450 ὁμοίας
3628 4349 3771 4446 φυλα-

521 4441 778 4502 observo.
809 4446 963 4508 Unus
993 4456 1197 4511 etenim
1226 4473 1293 4514 ex
1334 4460 1551 4516 illorum
1586 4480 1818 4522 numero
1850 4482 1998 4534 eum,
2025 4468 2120 4539 qui

2237 4472 2349 4541 μιῆς,
2379 4471 2547 4543 ἤγουν
2576 4462 2656 4532 εἷς
2689 4469 2897 4524 αὐτῶν.

521 4540 574 4586 te
608 4539 845 4594 maxime
876 4555 1242 4613 venerantur,
1277 4560 1444 4621 atque
1472 4553 1796 4610 observant.

591 4624 757 4684 Vens.
783 4631 873 4687 66.
896 4634 1263 4695 Misericordia
1287 4653 1400 4708 tua,
1429 4645 1668 4713 Domine,
1690 4648 1847 4716 plena
1870 4659 1948 4704 est
1964 4661 2127 4716 terra,

2317 4643 2429 4700 Τοῦ
2458 4642 2673 4709 ἐλέους
2704 4658 2844 4710 σου,
2879 4646 3076 4713 Κύριε,
3104 4643 3346 4714 πλήρης
3379 4648 3415 4715 ή
3446 4646 3542 4716 τῆ,
3600 4646 3667 4701 τὰ
3705 4645 3775 4699 δι-

515 4712 923 4786 iustiﬁcatioues
956 4737 1076 4783 tuas
1098 4730 1226 4787 doce
1253 4751 1351 4789 me.
1390 4735 1472 4792 'l‘u
1504 4741 1675 4796 totius
1712 4742 1865 4796 orbis
1891 4743 2119 4798 misere-

2237 4737 2535 4808 καιώματά
2559 4753 2690 4797 ,σου
2718 4712 2972 4804 δίδαξιςιέ
2996 4756 3092 4809 με.
3128 4712 3319 4791 na...
3344 4712 3463 4812 τι.
3480 4712 3584 4809 ,ἦν
3612 4740 3773 4799 non.

515 4811 612 4873 ris,
642 4819 697 4866 tu
733 4831 929 4873 omnes
956 4823 1158 4889 nutris,
1193 4834 1251 4878 tu
1284 4829 1533 4884 omnium
1568 4846 1760 4888 curam
1814 4850 1879 4889 ac
1927 4835 2117 4905 provi-

515 4908 760 4963 dentiam
793 4909 985 4976 habes,
1021 4923 1075 4969 tu
1114 4918 1330 4984 patiens
1359 4935 1421 4977 es
1462 4923 1529 4977 ad
1575 4940 1791 4983 omnes.
1846 4926 2107 4984 Miserere

516 5005 687 5073 igitur
726 5006 853 5071 mei,
887 5014 941 5061 et
968 5008 1107 5063 doce
1135 5026 1223 5064 me
1253 5011 1682 5079 iustiﬁcationes
1734 5023 1858 5072 tuas
1886 5057 1902 5083 ,
1940 5019 2011 5072 ita
2050 5025 2113 5071 ut

513 5094 684 5149 altius
720 5104 775 5150 et
811 5097 1115 5165 perfectius
1147 5116 1243 5157 eas
1277 5102 1602 5174 intelligam.
1644 5104 1973 5177 Huiusmodi
2008 5121 2112 5161 au-

2221 4830 2439 4901 τρέφων
2462 4829 2693 4891 πάντας,
2726 4829 3125 4899 προνοούμενος
3152 4830 3399 4892 πάντων,
3434 4827 3770 4900 μακροθυμῶν

2221 4923 2314 4975 ἐπὶ
2344 4923 2536 4976 πᾶσιν.
2601 4919 2857 4989 Ἐλέησον
2885 4921 3052 4990 κάμὲ,
3108 4922 3205 4975 καὶ
3251 4921 3481 4987 δίδαεόν
3512 4939 3578 4992 με
3617 4920 3676 4974 τὰ
3706 4919 3771 4971 δι-

2221 5010 2522 5083 καιώματά
2558 5027 2678 5077 σου,
2716 5011 3080 5083 ὑψηλότερον,
3121 5013 3215 5066 καὶ
3265 5014 3641 5085 βεῦαιότερον·
3692 5009 3771 5064 καὶ

2223 5105 2332 5177 μὴν
2355 5104 2451 5160 καὶ
2479 5104 2643 5169 αὐτὸς
2675 5103 2817 5175 μετὰ
2842 5105 3064 5158 πάντων
3118 5105 3336 5176 ἠλεεῖτο
3358 5124 3374 5138 ·
3430 5107 3565 5161 ἀλλὰ
3618 5102 3769 5162 τοῦτο,

512 5192 620 5239 tem
651 5189 832 5244 verbis
876 5191 1054 5246 utitur
1086 5191 1279 5251 beatus
1318 5194 1487 5251 David
1520 5237 1531 5259 ,
1572 5214 1679 5254 non
1720 5199 1870 5269 quod
1913 5199 2106 5268 procul

2237 5195 2774 5266 ἰυσωπητικώτερον,
2799 5197 3046 5266 εἴρηκεν.

508 5289 710 5336 esseta
747 5283 1129 5341 misericordia
1160 5286 1276 5354 Dei,
1309 5290 1405 5345 sed
1441 5300 1503 5346 ut
1549 5292 1705 5347 illum
1758 5291 1866 5347 sibi
1919 5292 2094 5362 magis
2136 5289 2464 5347 benevolum
2497 5289 2774 5356 redderet,
2816 5300 2871 5345 et
2912 5299 2973 5345 ιιι
2996 5290 3317 5361 ampliorem
3347 5307 3477 5363 erga
3534 5306 3592 5348 se
3663 5288 3748 5344 mi-

510 5372 877 5453 scricordiam
916 5379 1259 5435 conciliaret.

583 5461 750 5519 Vens.
777 5463 867 5520 65.
886 5466 1185 5525 Bonitatem
1213 5471 1384 5540 fecisti
1407 5491 1527 5531 cum
1552 5493 1699 5534 servo
1718 5489 1831 5549 tuo,
1860 5482 2104 5544 Domine.

508 5557 794 5610 secundum
828 5558 1041 5614 verbum
1075 5570 1246 5616 tuum.
1287 5565 1591 5636 ﬁeneﬁeio,
1621 5571 1840 5642 inquit,
1869 5574 2103 5632 aﬁ'ecisti

509 5658 733 5699 servum
768 5658 922 5702 tuum
951 5664 967 5715 ;
1001 5648 1076 5704 ita
1103 5651 1251 5706 enim
1303 5651 1669 5726 Symmachus
1712 5662 1970 5720 reddidit.
2003 5663 2105 5719 Se-

514 5831 664 5893 ptum
689 5839 811 5886 esse
835 5829 1094 5889 diximus.
1129 5830 1209 5890 lbi
1238 5832 1387 5891 enim
1424 5850 1680 5907 expresse
1710 5829 1985 5912 pollicitus
2021 5857 2100 5911 es,

2287 5476 2680 5543 Χρηστότητα
2699 5474 3001 5543 ἐποίησας
3026 5473 3180 5544 μετὰ
3218 5475 3329 5529 τοῦ
3375 5475 3603 5530 δούλου
3652 5488 3765 5528 σουν

2209 5567 2407 5635 Κύριε,
2470 5565 2619 5621 κατὰ
2682 5568 2791 5620 τὸν
2827 5567 3018 5635 λόγον
3051 5582 3190 5621 σου.
3247 5567 3636 5638 Εὐηργέτησας
3695 5563 3765 5618 τὸν

2208 5658 2403 5714 δοῦλόν
2434 5676 2530 5713 σου
2555 5675 2569 5690 ·
2609 5659 2755 5714 οὕτω
2784 5662 2894 5732 γὰρ
2917 5663 2945 5716 ό
2971 5660 3275 5732 Σύμμαχος
3339 5660 3570 5727 ἐξέδωκε
3593 5676 3608 5692 ·
3648 5655 3763 5712 κατά

408 5792 414 5797 .
516 5732 757 5789 cundum
788 5745 973 5793 autem
1002 5738 1232 5797 verbum
1255 5748 1416 5808 tuum
1436 5785 1452 5809 ,
1484 5747 1631 5815 quod
1661 5748 1715 5804 in
1763 5750 1882 5826 lege
1962 5752 2108 5807 scri-

2241 5749 2300 5803 ὸν
2331 5750 2491 5820 λόγον
2518 5768 2612 5804 σου
2643 5753 2722 5819 δὲ,
2782 5754 2876 5807 τὸν
2936 5755 2995 5808 ἐν
3019 5753 3098 5825 τῷ
3155 5754 3310 5823 νόμῳ
3384 5750 3757 5826 γεγραμμένον,

1794 5813 1985 5900 iicitus
2021 5857 2100 5911 es,
2212 5813 2456 5917 περὶτοῦ
2485 5813 2896 5919 εὐεργετεῖεθαι
2928 5813 3595 5920 τοὺςεῦαρεατοῦνταςῆ
3628 5836 3754 5898 Εστά
