  <div class='ocr_page' id='page_1' title='image "/cluster/home/n/w/nwhite01/storage/ocr_20150623/128/hvd.32044019208230/584.png"; bbox 0 0 3964 6550; ppageno 0'>
   <div class='ocr_carea' id='block_1_1' title="bbox 193 398 327 463">
    <p class='ocr_par' dir='ltr' id='par_1_1' title="bbox 193 398 327 463">
     <span class='ocr_line' id='line_1_1' title="bbox 193 398 327 463; baseline -0.007 -1"><span class='ocrx_word' id='word_1_1' title='bbox 193 398 327 463; x_wconf 86' lang='grc'><strong>1153</strong></span> 
     </span>
    </p>
   </div>
   <div class='ocr_carea' id='block_1_2' title="bbox 1368 386 2297 454">
    <p class='ocr_par' dir='ltr' id='par_1_2' title="bbox 1368 386 2297 454">
     <span class='ocr_line' id='line_1_2' title="bbox 1368 386 2297 454; baseline -0.001 -2"><span class='ocrx_word' id='word_1_2' title='bbox 1368 389 1763 454; x_wconf 78' lang='lat' dir='ltr'><strong>COMMENT.</strong></span> <span class='ocrx_word' id='word_1_3' title='bbox 1804 386 1886 448; x_wconf 81' lang='lat' dir='ltr'><strong>IN</strong></span> <span class='ocrx_word' id='word_1_4' title='bbox 1927 388 2297 451; x_wconf 76' lang='lat' dir='ltr'><strong>PSALMOS.</strong></span> 
     </span>
    </p>
   </div>
   <div class='ocr_carea' id='block_1_3' title="bbox 3333 390 3471 458">
    <p class='ocr_par' dir='ltr' id='par_1_3' title="bbox 3333 390 3471 458">
     <span class='ocr_line' id='line_1_3' title="bbox 3333 390 3471 458; baseline 0.014 -4"><span class='ocrx_word' id='word_1_5' title='bbox 3333 390 3471 458; x_wconf 70' lang='lat' dir='ltr'><strong>11M</strong></span> 
     </span>
    </p>
   </div>
   <div class='ocr_carea' id='block_1_4' title="bbox 186 498 1794 580">
    <p class='ocr_par' dir='ltr' id='par_1_4' title="bbox 186 501 1757 580">
     <span class='ocr_line' id='line_1_4' title="bbox 186 501 1757 580; baseline -0.008 -13"><span class='ocrx_word' id='word_1_6' title='bbox 186 514 292 568; x_wconf 76' lang='grc' dir='ltr'><strong>τόν</strong></span> <span class='ocrx_word' id='word_1_7' title='bbox 341 509 536 580; x_wconf 75' lang='grc' dir='ltr'><strong>λόγον</strong></span> <span class='ocrx_word' id='word_1_8' title='bbox 598 522 739 575; x_wconf 85' lang='grc' dir='ltr'>σου,</span> <span class='ocrx_word' id='word_1_9' title='bbox 796 505 920 563; x_wconf 73' lang='grc' dir='ltr'><strong>ἀντὶ</strong></span> <span class='ocrx_word' id='word_1_10' title='bbox 943 503 1036 560; x_wconf 83' lang='grc' dir='ltr'><strong>τοῦ</strong></span> <span class='ocrx_word' id='word_1_11' title='bbox 1065 501 1227 559; x_wconf 72' lang='grc' dir='ltr'><strong>Κατὰ</strong></span> <span class='ocrx_word' id='word_1_12' title='bbox 1279 501 1342 557; x_wconf 78' lang='grc' dir='ltr'>τὸ</span> <span class='ocrx_word' id='word_1_13' title='bbox 1400 503 1615 574; x_wconf 80' lang='grc' dir='ltr'>πρέπον</span> <span class='ocrx_word' id='word_1_14' title='bbox 1656 518 1757 554; x_wconf 88' lang='grc' dir='ltr'>σοι.</span> 
     </span>
    </p>
   </div>
   <div class='ocr_carea' id='block_1_5' title="bbox 1906 498 3465 580">
    <p class='ocr_par' dir='ltr' id='par_1_5' title="bbox 1906 498 3465 575">
     <span class='ocr_line' id='line_1_5' title="bbox 1906 498 3465 575; baseline 0.003 -21"><span class='ocrx_word' id='word_1_15' title='bbox 1906 516 1927 554; x_wconf 80' lang='lat' dir='ltr'><strong>e</strong></span> <span class='ocrx_word' id='word_1_16' title='bbox 1958 499 2278 557; x_wconf 78' lang='lat' dir='ltr'><strong>atl‘eeturum</strong></span> <span class='ocrx_word' id='word_1_17' title='bbox 2326 498 2592 557; x_wconf 80' lang='lat' dir='ltr'><strong>beneﬂcio</strong></span> <span class='ocrx_word' id='word_1_18' title='bbox 2622 514 2720 558; x_wconf 87' lang='lat' dir='ltr'><strong>eos</strong></span> <span class='ocrx_word' id='word_1_19' title='bbox 2746 538 2764 568; x_wconf 84' lang='lat'><strong>,</strong></span> <span class='ocrx_word' id='word_1_20' title='bbox 2805 501 2900 573; x_wconf 88' lang='lat' dir='ltr'><strong>qui</strong></span> <span class='ocrx_word' id='word_1_21' title='bbox 2934 502 3033 560; x_wconf 91' lang='lat' dir='ltr'><strong>tibi</strong></span> <span class='ocrx_word' id='word_1_22' title='bbox 3083 502 3301 575; x_wconf 88' lang='lat' dir='ltr'><strong>placere</strong></span> <span class='ocrx_word' id='word_1_23' title='bbox 3338 514 3465 562; x_wconf 79' lang='lat' dir='ltr'><strong>stu-</strong></span> 
     </span>
    </p>
   </div>
   <div class='ocr_carea' id='block_1_6' title="bbox 186 595 1263 673">
    <p class='ocr_par' dir='ltr' id='par_1_6' title="bbox 186 595 1263 673">
     <span class='ocr_line' id='line_1_6' title="bbox 186 595 1263 673; baseline -0.006 -17"><span class='ocrx_word' id='word_1_24' title='bbox 186 604 521 673; x_wconf 76' lang='grc' dir='ltr'>Εὐχαριστεϊ</span> <span class='ocrx_word' id='word_1_25' title='bbox 537 602 617 669; x_wconf 83' lang='grc' dir='ltr'><strong>δὲ,</strong></span> <span class='ocrx_word' id='word_1_26' title='bbox 646 601 732 671; x_wconf 74' lang='grc' dir='ltr'><strong>ἐφ’</strong></span> <span class='ocrx_word' id='word_1_27' title='bbox 755 595 840 663; x_wconf 77' lang='grc' dir='ltr'>οἷς</span> <span class='ocrx_word' id='word_1_28' title='bbox 869 596 1263 670; x_wconf 74' lang='grc' dir='ltr'>εὐηργέτηται.</span> 
     </span>
    </p>
   </div>
   <div class='ocr_carea' id='block_1_7' title="bbox 1876 592 3468 669">
    <p class='ocr_par' dir='ltr' id='par_1_7' title="bbox 1876 592 3468 669">
     <span class='ocr_line' id='line_1_7' title="bbox 1876 592 3468 669; baseline 0.004 -21"><span class='ocrx_word' id='word_1_29' title='bbox 1876 595 2120 651; x_wconf 88' lang='lat' dir='ltr'><strong>ducrint.</strong></span> <span class='ocrx_word' id='word_1_30' title='bbox 2153 594 2252 651; x_wconf 77' lang='lat' dir='ltr'><strong>Vel</strong></span> <span class='ocrx_word' id='word_1_31' title='bbox 2285 592 2444 652; x_wconf 89' lang='lat' dir='ltr'><strong>aliter</strong></span> <span class='ocrx_word' id='word_1_32' title='bbox 2474 596 2643 668; x_wconf 87' lang='lat' dir='ltr'><strong>(quia</strong></span> <span class='ocrx_word' id='word_1_33' title='bbox 2672 597 2862 655; x_wconf 63' lang='lat' dir='ltr'><strong>Graeca</strong></span> <span class='ocrx_word' id='word_1_34' title='bbox 2914 598 3087 654; x_wconf 89' lang='lat' dir='ltr'><strong>dictio</strong></span> <span class='ocrx_word' id='word_1_35' title='bbox 3119 598 3281 669; x_wconf 80' lang='grc' dir='ltr'>λόγος</span> <span class='ocrx_word' id='word_1_36' title='bbox 3310 639 3328 665; x_wconf 90' lang='grc'><strong>,</strong></span> <span class='ocrx_word' id='word_1_37' title='bbox 3355 615 3468 654; x_wconf 93' lang='lat' dir='ltr'><strong>non</strong></span> 
     </span>
    </p>
   </div>
   <div class='ocr_carea' id='block_1_8' title="bbox 199 685 3475 761">
    <p class='ocr_par' dir='ltr' id='par_1_8' title="bbox 199 685 3475 761">
     <span class='ocr_line' id='line_1_8' title="bbox 199 685 3475 761; baseline -0.001 -15"><span class='ocrx_word' id='word_1_38' title='bbox 199 695 426 749; x_wconf 79' lang='lat' dir='ltr'><strong>Verbum</strong></span> <span class='ocrx_word' id='word_1_39' title='bbox 458 702 692 758; x_wconf 87' lang='lat' dir='ltr'><strong>tantum,</strong></span> <span class='ocrx_word' id='word_1_40' title='bbox 723 693 816 747; x_wconf 83' lang='lat' dir='ltr'><strong>sed</strong></span> <span class='ocrx_word' id='word_1_41' title='bbox 862 693 1121 745; x_wconf 84' lang='lat' dir='ltr'><strong>rationem</strong></span> <span class='ocrx_word' id='word_1_42' title='bbox 1170 691 1335 749; x_wconf 89' lang='lat' dir='ltr'><strong>etiam</strong></span> <span class='ocrx_word' id='word_1_43' title='bbox 1389 687 1703 759; x_wconf 80' lang='lat' dir='ltr'><strong>signiﬁcat)</strong></span> <span class='ocrx_word' id='word_1_44' title='bbox 1738 706 1759 743; x_wconf 75' lang='grc' dir='ltr'><strong>ς</strong></span> <span class='ocrx_word' id='word_1_45' title='bbox 1802 685 2112 743; x_wconf 86' lang='lat' dir='ltr'><strong>Secundum</strong></span> <span class='ocrx_word' id='word_1_46' title='bbox 2176 688 2480 755; x_wconf 86' lang='lat' dir='ltr'><strong>rationem,</strong></span> <span class='ocrx_word' id='word_1_47' title='bbox 2547 688 2765 761; x_wconf 90' lang='lat' dir='ltr'><strong>inquit,</strong></span> <span class='ocrx_word' id='word_1_48' title='bbox 2836 689 3014 747; x_wconf 80' lang='lat' dir='ltr'><strong>fecisti</strong></span> <span class='ocrx_word' id='word_1_49' title='bbox 3063 692 3205 746; x_wconf 87' lang='lat' dir='ltr'><strong>bane</strong></span> <span class='ocrx_word' id='word_1_50' title='bbox 3258 691 3475 745; x_wconf 79' lang='lat' dir='ltr'><strong>bonita—</strong></span> 
     </span>
    </p>
   </div>
   <div class='ocr_carea' id='block_1_9' title="bbox 187 782 3471 857">
    <p class='ocr_par' dir='ltr' id='par_1_9' title="bbox 187 782 3471 857">
     <span class='ocr_line' id='line_1_9' title="bbox 187 782 3471 857; baseline -0.002 -13"><span class='ocrx_word' id='word_1_51' title='bbox 187 798 323 857; x_wconf 89' lang='lat' dir='ltr'><strong>tem,</strong></span> <span class='ocrx_word' id='word_1_52' title='bbox 359 790 464 843; x_wconf 84' lang='lat' dir='ltr'><strong>hoc</strong></span> <span class='ocrx_word' id='word_1_53' title='bbox 494 796 604 855; x_wconf 86' lang='lat' dir='ltr'><strong>est,</strong></span> <span class='ocrx_word' id='word_1_54' title='bbox 637 787 940 843; x_wconf 88' lang='lat' dir='ltr'><strong>secundum</strong></span> <span class='ocrx_word' id='word_1_55' title='bbox 970 785 1024 840; x_wconf 86' lang='lat' dir='ltr'><strong>id</strong></span> <span class='ocrx_word' id='word_1_56' title='bbox 1056 786 1201 856; x_wconf 86' lang='lat' dir='ltr'><strong>quod</strong></span> <span class='ocrx_word' id='word_1_57' title='bbox 1231 784 1571 839; x_wconf 81' lang='lat' dir='ltr'><strong>divinitatem</strong></span> <span class='ocrx_word' id='word_1_58' title='bbox 1602 782 1976 839; x_wconf 83' lang='lat' dir='ltr'><strong>tuam-decet.</strong></span> <span class='ocrx_word' id='word_1_59' title='bbox 2008 783 2273 839; x_wconf 81' lang='lat' dir='ltr'><strong>Continet</strong></span> <span class='ocrx_word' id='word_1_60' title='bbox 2300 796 2488 839; x_wconf 89' lang='lat' dir='ltr'><strong>autem</strong></span> <span class='ocrx_word' id='word_1_61' title='bbox 2523 783 2614 839; x_wconf 82' lang='lat' dir='ltr'><strong>ltic</strong></span> <span class='ocrx_word' id='word_1_62' title='bbox 2679 797 2863 839; x_wconf 81' lang='lat' dir='ltr'><strong>sermo</strong></span> <span class='ocrx_word' id='word_1_63' title='bbox 2915 783 3224 854; x_wconf 74' lang='lat' dir='ltr'><strong>gratiarum</strong></span> <span class='ocrx_word' id='word_1_64' title='bbox 3292 784 3471 837; x_wconf 86' lang='lat' dir='ltr'><strong>actio-</strong></span> 
     </span>
    </p>
   </div>
   <div class='ocr_carea' id='block_1_10' title="bbox 188 883 1075 955">
    <p class='ocr_par' dir='ltr' id='par_1_10' title="bbox 188 883 1075 955">
     <span class='ocr_line' id='line_1_10' title="bbox 188 883 1075 955; baseline -0.006 -14"><span class='ocrx_word' id='word_1_65' title='bbox 188 902 310 946; x_wconf 86' lang='lat' dir='ltr'><strong>nes.</strong></span> <span class='ocrx_word' id='word_1_66' title='bbox 342 901 444 955; x_wconf 89' lang='lat' dir='ltr'><strong>pro</strong></span> <span class='ocrx_word' id='word_1_67' title='bbox 486 884 731 955; x_wconf 87' lang='lat' dir='ltr'><strong>acceptis</strong></span> <span class='ocrx_word' id='word_1_68' title='bbox 765 883 1075 937; x_wconf 89' lang='lat' dir='ltr'><strong>beneliciis.</strong></span> 
     </span>
    </p>
   </div>
   <div class='ocr_carea' id='block_1_11' title="bbox 260 978 1775 1051">
    <p class='ocr_par' dir='ltr' id='par_1_11' title="bbox 260 978 1775 1051">
     <span class='ocr_line' id='line_1_11' title="bbox 260 978 1775 1051; baseline -0.003 -16"><span class='ocrx_word' id='word_1_69' title='bbox 260 982 678 1051; x_wconf 74' lang='grc' dir='ltr'>Χρηστότητα,</span> <span class='ocrx_word' id='word_1_70' title='bbox 710 980 809 1032; x_wconf 77' lang='grc' dir='ltr'>καὶ</span> <span class='ocrx_word' id='word_1_71' title='bbox 837 978 1141 1041; x_wconf 77' lang='grc' dir='ltr'><strong>παιδείαν,</strong></span> <span class='ocrx_word' id='word_1_72' title='bbox 1204 980 1302 1032; x_wconf 78' lang='grc' dir='ltr'>καὶ</span> <span class='ocrx_word' id='word_1_73' title='bbox 1345 978 1575 1051; x_wconf 80' lang='grc' dir='ltr'><strong>γνῶσιν</strong></span> <span class='ocrx_word' id='word_1_74' title='bbox 1605 980 1775 1033; x_wconf 76' lang='grc' dir='ltr'>δίδα-</span> 
     </span>
    </p>
   </div>
   <div class='ocr_carea' id='block_1_12' title="bbox 190 1071 1778 1143">
    <p class='ocr_par' dir='ltr' id='par_1_12' title="bbox 190 1071 1778 1143">
     <span class='ocr_line' id='line_1_12' title="bbox 190 1071 1778 1143; baseline -0.001 -14"><span class='ocrx_word' id='word_1_75' title='bbox 190 1077 302 1143; x_wconf 74' lang='grc' dir='ltr'>ξόν</span> <span class='ocrx_word' id='word_1_76' title='bbox 332 1074 545 1143; x_wconf 81' lang='grc' dir='ltr'>με.ὅτι</span> <span class='ocrx_word' id='word_1_77' title='bbox 580 1071 710 1138; x_wconf 82' lang='grc' dir='ltr'>ταῖς</span> <span class='ocrx_word' id='word_1_78' title='bbox 738 1071 1021 1137; x_wconf 72' lang='grc' dir='ltr'><strong>ἐντολαῖς</strong></span> <span class='ocrx_word' id='word_1_79' title='bbox 1043 1088 1162 1126; x_wconf 86' lang='grc' dir='ltr'><strong>σου</strong></span> <span class='ocrx_word' id='word_1_80' title='bbox 1197 1072 1560 1127; x_wconf 80' lang='grc' dir='ltr'>ἐπίστευσα.</span> <span class='ocrx_word' id='word_1_81' title='bbox 1622 1074 1778 1142; x_wconf 79' lang='grc' dir='ltr'><strong>Χρη-</strong></span> 
     </span>
    </p>
   </div>
   <div class='ocr_carea' id='block_1_13' title="bbox 193 1164 1778 1236">
    <p class='ocr_par' dir='ltr' id='par_1_13' title="bbox 193 1164 1778 1236">
     <span class='ocr_line' id='line_1_13' title="bbox 193 1164 1778 1236; baseline -0.001 -17"><span class='ocrx_word' id='word_1_82' title='bbox 193 1167 427 1235; x_wconf 82' lang='grc' dir='ltr'>στότητα</span> <span class='ocrx_word' id='word_1_83' title='bbox 460 1164 563 1235; x_wconf 80' lang='grc' dir='ltr'>μὲν</span> <span class='ocrx_word' id='word_1_84' title='bbox 589 1164 725 1236; x_wconf 78' lang='grc' dir='ltr'>πρὸς</span> <span class='ocrx_word' id='word_1_85' title='bbox 759 1166 887 1228; x_wconf 82' lang='grc' dir='ltr'>τοὺς</span> <span class='ocrx_word' id='word_1_86' title='bbox 926 1166 1236 1235; x_wconf 83' lang='grc' dir='ltr'><strong>ὁμογενεῖς,</strong></span> <span class='ocrx_word' id='word_1_87' title='bbox 1279 1166 1531 1233; x_wconf 73' lang='grc' dir='ltr'><strong>παιδείαν</strong></span> <span class='ocrx_word' id='word_1_88' title='bbox 1574 1165 1654 1229; x_wconf 70' lang='grc' dir='ltr'><strong>δὲ,</strong></span> <span class='ocrx_word' id='word_1_89' title='bbox 1680 1165 1778 1236; x_wconf 82' lang='grc' dir='ltr'>τὴν</span> 
     </span>
    </p>
   </div>
   <div class='ocr_carea' id='block_1_14' title="bbox 190 1256 1778 1329">
    <p class='ocr_par' dir='ltr' id='par_1_14' title="bbox 190 1256 1778 1329">
     <span class='ocr_line' id='line_1_14' title="bbox 190 1256 1778 1329; baseline 0 -17"><span class='ocrx_word' id='word_1_90' title='bbox 190 1259 250 1312; x_wconf 76' lang='grc' dir='ltr'>ὲν</span> <span class='ocrx_word' id='word_1_91' title='bbox 283 1261 350 1329; x_wconf 78' lang='grc' dir='ltr'><strong>τῇ</strong></span> <span class='ocrx_word' id='word_1_92' title='bbox 398 1258 708 1327; x_wconf 76' lang='grc' dir='ltr'><strong>πρακτικῇ,</strong></span> <span class='ocrx_word' id='word_1_93' title='bbox 739 1256 947 1324; x_wconf 70' lang='grc' dir='ltr'>γνῶσιν</span> <span class='ocrx_word' id='word_1_94' title='bbox 975 1257 1053 1323; x_wconf 78' lang='grc' dir='ltr'><strong>δὲ,</strong></span> <span class='ocrx_word' id='word_1_95' title='bbox 1086 1257 1185 1327; x_wconf 78' lang='grc' dir='ltr'>τὴν</span> <span class='ocrx_word' id='word_1_96' title='bbox 1223 1259 1283 1312; x_wconf 81' lang='grc' dir='ltr'>ὲν</span> <span class='ocrx_word' id='word_1_97' title='bbox 1308 1260 1375 1328; x_wconf 79' lang='grc' dir='ltr'><strong>τῇ</strong></span> <span class='ocrx_word' id='word_1_98' title='bbox 1434 1258 1778 1329; x_wconf 78' lang='grc' dir='ltr'><strong>θεωρητικῇ.</strong></span> 
     </span>
    </p>
   </div>
   <div class='ocr_carea' id='block_1_15' title="bbox 186 1345 1779 1421">
    <p class='ocr_par' dir='ltr' id='par_1_15' title="bbox 186 1345 1779 1421">
     <span class='ocr_line' id='line_1_15' title="bbox 186 1345 1779 1421; baseline -0.001 -16"><span class='ocrx_word' id='word_1_99' title='bbox 186 1351 489 1417; x_wconf 38' lang='grc' dir='ltr'>,Σονέτισόν</span> <span class='ocrx_word' id='word_1_100' title='bbox 522 1367 615 1421; x_wconf 88' lang='grc' dir='ltr'><strong>με,</strong></span> <span class='ocrx_word' id='word_1_101' title='bbox 647 1350 804 1419; x_wconf 67' lang='grc' dir='ltr'>φησι,</span> <span class='ocrx_word' id='word_1_102' title='bbox 835 1350 975 1421; x_wconf 79' lang='grc' dir='ltr'>πρὸς</span> <span class='ocrx_word' id='word_1_103' title='bbox 995 1351 1223 1417; x_wconf 83' lang='grc' dir='ltr'>ταύτας,</span> <span class='ocrx_word' id='word_1_104' title='bbox 1257 1351 1375 1407; x_wconf 79' lang='grc' dir='ltr'><strong>ἀνθ’</strong></span> <span class='ocrx_word' id='word_1_105' title='bbox 1409 1345 1486 1407; x_wconf 83' lang='grc' dir='ltr'>ὧν</span> <span class='ocrx_word' id='word_1_106' title='bbox 1514 1352 1779 1421; x_wconf 78' lang='grc' dir='ltr'><strong>ἐπείσθην</strong></span> 
     </span>
    </p>
   </div>
   <div class='ocr_carea' id='block_1_16' title="bbox 190 1441 1782 1513">
    <p class='ocr_par' dir='ltr' id='par_1_16' title="bbox 190 1441 1782 1513">
     <span class='ocr_line' id='line_1_16' title="bbox 190 1441 1782 1513; baseline -0.001 -15"><span class='ocrx_word' id='word_1_107' title='bbox 190 1448 313 1508; x_wconf 81' lang='grc' dir='ltr'>ταῖς</span> <span class='ocrx_word' id='word_1_108' title='bbox 342 1444 590 1507; x_wconf 76' lang='grc' dir='ltr'><strong>ἐντολαῖς</strong></span> <span class='ocrx_word' id='word_1_109' title='bbox 622 1459 718 1496; x_wconf 83' lang='grc' dir='ltr'><strong>σου</strong></span> <span class='ocrx_word' id='word_1_110' title='bbox 743 1459 758 1475; x_wconf 77' lang='grc'><strong><em>⁸</em></strong></span> <span class='ocrx_word' id='word_1_111' title='bbox 796 1441 830 1513; x_wconf 71' lang='grc' dir='ltr'><strong>ἢ</strong></span> <span class='ocrx_word' id='word_1_112' title='bbox 881 1441 1020 1497; x_wconf 85' lang='grc' dir='ltr'>διότι</span> <span class='ocrx_word' id='word_1_113' title='bbox 1070 1443 1377 1498; x_wconf 74' lang='grc' dir='ltr'>ἐπίστευσα</span> <span class='ocrx_word' id='word_1_114' title='bbox 1421 1445 1640 1510; x_wconf 79' lang='grc' dir='ltr'>αὐταῖς,</span> <span class='ocrx_word' id='word_1_115' title='bbox 1696 1444 1782 1497; x_wconf 84' lang='grc' dir='ltr'><strong>ὅτι</strong></span> 
     </span>
    </p>
   </div>
   <div class='ocr_carea' id='block_1_17' title="bbox 192 1537 677 1607">
    <p class='ocr_par' dir='ltr' id='par_1_17' title="bbox 192 1537 677 1607">
     <span class='ocr_line' id='line_1_17' title="bbox 192 1537 677 1607; baseline 0 -15"><span class='ocrx_word' id='word_1_116' title='bbox 192 1537 552 1593; x_wconf 78' lang='grc' dir='ltr'>συνετίσουσί</span> <span class='ocrx_word' id='word_1_117' title='bbox 583 1554 677 1607; x_wconf 86' lang='grc' dir='ltr'><strong>με.</strong></span> 
     </span>
    </p>
   </div>
   <div class='ocr_carea' id='block_1_18' title="bbox 260 1714 1783 1791">
    <p class='ocr_par' dir='ltr' id='par_1_18' title="bbox 260 1714 1783 1791">
     <span class='ocr_line' id='line_1_18' title="bbox 260 1714 1783 1791; baseline -0.005 -16"><span class='ocrx_word' id='word_1_118' title='bbox 260 1720 394 1791; x_wconf 83' lang='grc' dir='ltr'><strong>Πρὸ</strong></span> <span class='ocrx_word' id='word_1_119' title='bbox 418 1720 530 1777; x_wconf 80' lang='grc' dir='ltr'><strong>τοῦ</strong></span> <span class='ocrx_word' id='word_1_120' title='bbox 550 1716 629 1791; x_wconf 70' lang='grc' dir='ltr'><strong>με</strong></span> <span class='ocrx_word' id='word_1_121' title='bbox 656 1719 1120 1789; x_wconf 69' lang='grc' dir='ltr'>ταπεινωθῆναι,</span> <span class='ocrx_word' id='word_1_122' title='bbox 1145 1714 1263 1789; x_wconf 74' lang='grc' dir='ltr'><strong>ἐγὼ</strong></span> <span class='ocrx_word' id='word_1_123' title='bbox 1309 1716 1783 1785; x_wconf 77' lang='grc' dir='ltr'><strong>ἐπλημμέλησα.</strong></span> 
     </span>
    </p>
   </div>
   <div class='ocr_carea' id='block_1_19' title="bbox 193 1806 1786 1883">
    <p class='ocr_par' dir='ltr' id='par_1_19' title="bbox 193 1806 1786 1883">
     <span class='ocr_line' id='line_1_19' title="bbox 193 1806 1786 1883; baseline -0.005 -16"><span class='ocrx_word' id='word_1_124' title='bbox 193 1812 295 1871; x_wconf 79' lang='grc' dir='ltr'><strong>διὰ</strong></span> <span class='ocrx_word' id='word_1_125' title='bbox 318 1812 504 1868; x_wconf 80' lang='grc' dir='ltr'>τοῦτο</span> <span class='ocrx_word' id='word_1_126' title='bbox 526 1813 595 1867; x_wconf 82' lang='grc' dir='ltr'><strong>τὸ</strong></span> <span class='ocrx_word' id='word_1_127' title='bbox 623 1813 835 1883; x_wconf 69' lang='grc' dir='ltr'>λόγιόν</span> <span class='ocrx_word' id='word_1_128' title='bbox 864 1826 984 1868; x_wconf 89' lang='grc' dir='ltr'>σου</span> <span class='ocrx_word' id='word_1_129' title='bbox 1028 1809 1323 1881; x_wconf 74' lang='grc' dir='ltr'>ἐφύλαξα.</span> <span class='ocrx_word' id='word_1_130' title='bbox 1377 1808 1494 1879; x_wconf 79' lang='grc' dir='ltr'><strong>Πρὸ</strong></span> <span class='ocrx_word' id='word_1_131' title='bbox 1548 1806 1647 1860; x_wconf 82' lang='grc' dir='ltr'><strong>τοῦ</strong></span> <span class='ocrx_word' id='word_1_132' title='bbox 1683 1822 1786 1860; x_wconf 86' lang='grc' dir='ltr'>κα-</span> 
     </span>
    </p>
   </div>
   <div class='ocr_carea' id='block_1_20' title="bbox 1950 964 3468 1035">
    <p class='ocr_par' dir='ltr' id='par_1_20' title="bbox 1950 964 3468 1035">
     <span class='ocr_line' id='line_1_20' title="bbox 1950 964 3468 1035; baseline -0.007 -10"><span class='ocrx_word' id='word_1_133' title='bbox 1950 968 2118 1025; x_wconf 73' lang='lat' dir='ltr'><strong>Vens.</strong></span> <span class='ocrx_word' id='word_1_134' title='bbox 2147 965 2237 1022; x_wconf 84' lang='lat'><strong>66.</strong></span> <span class='ocrx_word' id='word_1_135' title='bbox 2277 964 2579 1020; x_wconf 84' lang='lat' dir='ltr'><strong>Bonitatem</strong></span> <span class='ocrx_word' id='word_1_136' title='bbox 2617 974 2671 1019; x_wconf 91' lang='lat' dir='ltr'><strong>et</strong></span> <span class='ocrx_word' id='word_1_137' title='bbox 2709 964 3075 1035; x_wconf 84' lang='lat' dir='ltr'><strong>disciplinam,</strong></span> <span class='ocrx_word' id='word_1_138' title='bbox 3103 974 3152 1019; x_wconf 84' lang='lat' dir='ltr'><strong>et</strong></span> <span class='ocrx_word' id='word_1_139' title='bbox 3192 966 3468 1020; x_wconf 75' lang='lat' dir='ltr'><strong>scientiam</strong></span> 
     </span>
    </p>
   </div>
   <div class='ocr_carea' id='block_1_21' title="bbox 1878 1040 3468 1131">
    <p class='ocr_par' dir='ltr' id='par_1_21' title="bbox 1878 1040 3468 1131">
     <span class='ocr_line' id='line_1_21' title="bbox 1878 1040 3468 1131; baseline -0.005 -13"><span class='ocrx_word' id='word_1_140' title='bbox 1878 1065 2006 1119; x_wconf 87' lang='lat' dir='ltr'><strong>doce</strong></span> <span class='ocrx_word' id='word_1_141' title='bbox 2033 1077 2112 1115; x_wconf 87' lang='lat' dir='ltr'><strong>me</strong></span> <span class='ocrx_word' id='word_1_142' title='bbox 2136 1101 2152 1128; x_wconf 97' lang='lat'><strong>,</strong></span> <span class='ocrx_word' id='word_1_143' title='bbox 2184 1060 2310 1131; x_wconf 85' lang='lat' dir='ltr'><strong>quia</strong></span> <span class='ocrx_word' id='word_1_144' title='bbox 2334 1058 2605 1113; x_wconf 82' lang='lat' dir='ltr'><strong>mandatis</strong></span> <span class='ocrx_word' id='word_1_145' title='bbox 2631 1057 2736 1112; x_wconf 81' lang='lat' dir='ltr'><strong>tuis</strong></span> <span class='ocrx_word' id='word_1_146' title='bbox 2771 1057 2996 1112; x_wconf 82' lang='lat' dir='ltr'><strong>credidi.</strong></span> <span class='ocrx_word' id='word_1_147' title='bbox 3034 1040 3179 1113; x_wconf 86' lang='lat' dir='ltr'><strong>Doce</strong></span> <span class='ocrx_word' id='word_1_148' title='bbox 3220 1074 3305 1115; x_wconf 89' lang='lat' dir='ltr'><strong>me</strong></span> <span class='ocrx_word' id='word_1_149' title='bbox 3331 1100 3345 1123; x_wconf 90' lang='lat'><strong>,</strong></span> <span class='ocrx_word' id='word_1_150' title='bbox 3377 1059 3468 1111; x_wconf 87' lang='lat' dir='ltr'><strong>in-</strong></span> 
     </span>
    </p>
   </div>
   <div class='ocr_carea' id='block_1_22' title="bbox 1881 1151 3467 1224">
    <p class='ocr_par' dir='ltr' id='par_1_22' title="bbox 1881 1151 3467 1224">
     <span class='ocr_line' id='line_1_22' title="bbox 1881 1151 3467 1224; baseline -0.001 -17"><span class='ocrx_word' id='word_1_151' title='bbox 1881 1165 2019 1224; x_wconf 78' lang='lat' dir='ltr'><strong>quit,</strong></span> <span class='ocrx_word' id='word_1_152' title='bbox 2052 1152 2359 1208; x_wconf 85' lang='lat' dir='ltr'><strong>bonitatem</strong></span> <span class='ocrx_word' id='word_1_153' title='bbox 2398 1165 2527 1220; x_wconf 87' lang='lat' dir='ltr'><strong>erga</strong></span> <span class='ocrx_word' id='word_1_154' title='bbox 2560 1151 2769 1204; x_wconf 88' lang='lat' dir='ltr'><strong>amicos</strong></span> <span class='ocrx_word' id='word_1_155' title='bbox 2794 1158 2847 1205; x_wconf 91' lang='lat' dir='ltr'><strong>et</strong></span> <span class='ocrx_word' id='word_1_156' title='bbox 2877 1160 3142 1221; x_wconf 88' lang='lat' dir='ltr'><strong>cognatos</strong></span> <span class='ocrx_word' id='word_1_157' title='bbox 3165 1191 3180 1213; x_wconf 88' lang='lat'><strong>,</strong></span> <span class='ocrx_word' id='word_1_158' title='bbox 3213 1151 3467 1222; x_wconf 84' lang='lat' dir='ltr'><strong>discipli-</strong></span> 
     </span>
    </p>
   </div>
   <div class='ocr_carea' id='block_1_23' title="bbox 1885 1241 3465 1311">
    <p class='ocr_par' dir='ltr' id='par_1_23' title="bbox 1885 1241 3465 1311">
     <span class='ocr_line' id='line_1_23' title="bbox 1885 1241 3465 1311; baseline -0.006 -11"><span class='ocrx_word' id='word_1_159' title='bbox 1885 1262 2012 1301; x_wconf 90' lang='lat' dir='ltr'><strong>nam</strong></span> <span class='ocrx_word' id='word_1_160' title='bbox 2048 1245 2103 1299; x_wconf 91' lang='lat' dir='ltr'><strong>in</strong></span> <span class='ocrx_word' id='word_1_161' title='bbox 2136 1242 2477 1311; x_wconf 83' lang='lat' dir='ltr'><strong>actionibus,</strong></span> <span class='ocrx_word' id='word_1_162' title='bbox 2511 1249 2566 1296; x_wconf 89' lang='lat' dir='ltr'><strong>et</strong></span> <span class='ocrx_word' id='word_1_163' title='bbox 2599 1241 2888 1297; x_wconf 79' lang='lat' dir='ltr'><strong>Scientiam</strong></span> <span class='ocrx_word' id='word_1_164' title='bbox 2921 1241 2975 1294; x_wconf 90' lang='lat' dir='ltr'><strong>in</strong></span> <span class='ocrx_word' id='word_1_165' title='bbox 3015 1241 3465 1309; x_wconf 81' lang='lat' dir='ltr'><strong>contemplanda.</strong></span> 
     </span>
    </p>
   </div>
   <div class='ocr_carea' id='block_1_24' title="bbox 1879 1331 3469 1405">
    <p class='ocr_par' dir='ltr' id='par_1_24' title="bbox 1879 1331 3469 1405">
     <span class='ocr_line' id='line_1_24' title="bbox 1879 1331 3469 1405; baseline -0.002 -15"><span class='ocrx_word' id='word_1_166' title='bbox 1879 1337 1992 1393; x_wconf 83' lang='lat' dir='ltr'><strong>Inst</strong></span> <span class='ocrx_word' id='word_1_167' title='bbox 2012 1354 2109 1391; x_wconf 85' lang='lat' dir='ltr'><strong>rue</strong></span> <span class='ocrx_word' id='word_1_168' title='bbox 2136 1351 2221 1389; x_wconf 88' lang='lat' dir='ltr'><strong>me</strong></span> <span class='ocrx_word' id='word_1_169' title='bbox 2248 1335 2419 1405; x_wconf 87' lang='lat' dir='ltr'><strong>igitur.</strong></span> <span class='ocrx_word' id='word_1_170' title='bbox 2444 1334 2499 1387; x_wconf 91' lang='lat' dir='ltr'><strong>in</strong></span> <span class='ocrx_word' id='word_1_171' title='bbox 2534 1332 2621 1388; x_wconf 86' lang='lat' dir='ltr'><strong>his</strong></span> <span class='ocrx_word' id='word_1_172' title='bbox 2660 1333 2918 1389; x_wconf 88' lang='lat' dir='ltr'><strong>omnibus</strong></span> <span class='ocrx_word' id='word_1_173' title='bbox 2944 1371 2961 1398; x_wconf 89' lang='lat'><strong>,</strong></span> <span class='ocrx_word' id='word_1_174' title='bbox 3007 1331 3135 1402; x_wconf 89' lang='lat' dir='ltr'><strong>quia</strong></span> <span class='ocrx_word' id='word_1_175' title='bbox 3194 1332 3469 1387; x_wconf 85' lang='lat' dir='ltr'><strong>mandatis</strong></span> 
     </span>
    </p>
   </div>
   <div class='ocr_carea' id='block_1_25' title="bbox 1879 1418 3468 1493">
    <p class='ocr_par' dir='ltr' id='par_1_25' title="bbox 1879 1418 3468 1493">
     <span class='ocr_line' id='line_1_25' title="bbox 1879 1418 3468 1493; baseline -0.006 -13"><span class='ocrx_word' id='word_1_176' title='bbox 1879 1430 1990 1480; x_wconf 89' lang='lat' dir='ltr'><strong>tuis</strong></span> <span class='ocrx_word' id='word_1_177' title='bbox 2026 1423 2397 1493; x_wconf 84' lang='lat' dir='ltr'><strong>obtemperavi</strong></span> <span class='ocrx_word' id='word_1_178' title='bbox 2427 1460 2442 1484; x_wconf 90' lang='lat'><strong>,</strong></span> <span class='ocrx_word' id='word_1_179' title='bbox 2476 1422 2561 1476; x_wconf 85' lang='lat' dir='ltr'><strong>vel</strong></span> <span class='ocrx_word' id='word_1_180' title='bbox 2586 1421 2718 1491; x_wconf 83' lang='lat' dir='ltr'><strong>quia</strong></span> <span class='ocrx_word' id='word_1_181' title='bbox 2766 1419 2971 1474; x_wconf 86' lang='lat' dir='ltr'><strong>credidi</strong></span> <span class='ocrx_word' id='word_1_182' title='bbox 3002 1458 3018 1484; x_wconf 95' lang='lat'><strong>,</strong></span> <span class='ocrx_word' id='word_1_183' title='bbox 3060 1418 3209 1488; x_wconf 88' lang='lat' dir='ltr'><strong>quod</strong></span> <span class='ocrx_word' id='word_1_184' title='bbox 3268 1418 3468 1473; x_wconf 77' lang='lat' dir='ltr'><strong>instrui</strong></span> 
     </span>
    </p>
   </div>
   <div class='ocr_carea' id='block_1_26' title="bbox 1879 1509 3469 1581">
    <p class='ocr_par' dir='ltr' id='par_1_26' title="bbox 1879 1509 3469 1581">
     <span class='ocr_line' id='line_1_26' title="bbox 1879 1509 3469 1581; baseline -0.006 -8"><span class='ocrx_word' id='word_1_185' title='bbox 1879 1516 2142 1573; x_wconf 86' lang='lat' dir='ltr'><strong>deberem</strong></span> <span class='ocrx_word' id='word_1_186' title='bbox 2172 1529 2202 1567; x_wconf 89' lang='lat' dir='ltr'><strong>a</strong></span> <span class='ocrx_word' id='word_1_187' title='bbox 2240 1511 2517 1568; x_wconf 77' lang='lat' dir='ltr'><strong>mandatis</strong></span> <span class='ocrx_word' id='word_1_188' title='bbox 2540 1511 2679 1579; x_wconf 84' lang='lat' dir='ltr'><strong>tuis,</strong></span> <span class='ocrx_word' id='word_1_189' title='bbox 2721 1520 2885 1581; x_wconf 85' lang='lat' dir='ltr'><strong>atque</strong></span> <span class='ocrx_word' id='word_1_190' title='bbox 2917 1510 2987 1565; x_wconf 90' lang='lat' dir='ltr'><strong>ab</strong></span> <span class='ocrx_word' id='word_1_191' title='bbox 3027 1510 3136 1565; x_wconf 87' lang='lat' dir='ltr'><strong>illis</strong></span> <span class='ocrx_word' id='word_1_192' title='bbox 3159 1509 3469 1579; x_wconf 81' lang='lat' dir='ltr'><strong>sapientior</strong></span> 
     </span>
    </p>
   </div>
   <div class='ocr_carea' id='block_1_27' title="bbox 1886 1609 2067 1664">
    <p class='ocr_par' dir='ltr' id='par_1_27' title="bbox 1886 1609 2067 1664">
     <span class='ocr_line' id='line_1_27' title="bbox 1886 1609 2067 1664; baseline -0.022 0"><span class='ocrx_word' id='word_1_193' title='bbox 1886 1609 2067 1664; x_wconf 86' lang='lat' dir='ltr'><strong>reddi.</strong></span> 
     </span>
    </p>
   </div>
   <div class='ocr_carea' id='block_1_28' title="bbox 1958 1695 3474 1768">
    <p class='ocr_par' dir='ltr' id='par_1_28' title="bbox 1958 1695 3474 1768">
     <span class='ocr_line' id='line_1_28' title="bbox 1958 1695 3474 1768; baseline -0.003 -14"><span class='ocrx_word' id='word_1_194' title='bbox 1958 1701 2120 1754; x_wconf 74' lang='lat' dir='ltr'><strong>Vens.</strong></span> <span class='ocrx_word' id='word_1_195' title='bbox 2157 1698 2245 1753; x_wconf 87' lang='lat'><strong>67.</strong></span> <span class='ocrx_word' id='word_1_196' title='bbox 2278 1698 2601 1768; x_wconf 77' lang='lat' dir='ltr'><strong>Priusquam</strong></span> <span class='ocrx_word' id='word_1_197' title='bbox 2623 1695 2939 1751; x_wconf 84' lang='lat' dir='ltr'><strong>humiliarer</strong></span> <span class='ocrx_word' id='word_1_198' title='bbox 2966 1712 3057 1768; x_wconf 85' lang='lat' dir='ltr'><strong>ego</strong></span> <span class='ocrx_word' id='word_1_199' title='bbox 3090 1695 3326 1763; x_wconf 87' lang='lat' dir='ltr'><strong>deliqui:</strong></span> <span class='ocrx_word' id='word_1_200' title='bbox 3352 1710 3474 1763; x_wconf 83' lang='lat' dir='ltr'><strong>pro-</strong></span> 
     </span>
    </p>
   </div>
   <div class='ocr_carea' id='block_1_29' title="bbox 1882 1785 3471 1864">
    <p class='ocr_par' dir='ltr' id='par_1_29' title="bbox 1882 1785 3471 1864">
     <span class='ocr_line' id='line_1_29' title="bbox 1882 1785 3471 1864; baseline -0.004 -18"><span class='ocrx_word' id='word_1_201' title='bbox 1882 1805 2056 1864; x_wconf 83' lang='lat' dir='ltr'><strong>pterea</strong></span> <span class='ocrx_word' id='word_1_202' title='bbox 2072 1791 2336 1862; x_wconf 86' lang='lat' dir='ltr'><strong>eloquium</strong></span> <span class='ocrx_word' id='word_1_203' title='bbox 2365 1797 2514 1842; x_wconf 86' lang='lat' dir='ltr'><strong>tuum</strong></span> <span class='ocrx_word' id='word_1_204' title='bbox 2542 1787 2825 1842; x_wconf 80' lang='lat' dir='ltr'><strong>custodivi.</strong></span> <span class='ocrx_word' id='word_1_205' title='bbox 2862 1788 3170 1857; x_wconf 79' lang='lat' dir='ltr'><strong>Antequam</strong></span> <span class='ocrx_word' id='word_1_206' title='bbox 3195 1785 3471 1853; x_wconf 80' lang='lat' dir='ltr'><strong>atlligerer</strong></span> 
     </span>
    </p>
   </div>
   <div class='ocr_carea' id='block_1_30' title="bbox 194 1878 1794 1978">
    <p class='ocr_par' dir='ltr' id='par_1_30' title="bbox 194 1878 1783 1978">
     <span class='ocr_line' id='line_1_30' title="bbox 194 1878 1783 1978; baseline -0.006 -19"><span class='ocrx_word' id='word_1_207' title='bbox 194 1903 519 1974; x_wconf 83' lang='grc' dir='ltr'>κοπαθῆσαι</span> <span class='ocrx_word' id='word_1_208' title='bbox 544 1920 615 1973; x_wconf 79' lang='grc' dir='ltr'><strong>με</strong></span> <span class='ocrx_word' id='word_1_209' title='bbox 650 1878 935 1978; x_wconf 71' lang='grc' dir='ltr'>ἥμαρτον·</span> <span class='ocrx_word' id='word_1_210' title='bbox 966 1878 1297 1973; x_wconf 78' lang='grc' dir='ltr'>ἁμαρτήσας</span> <span class='ocrx_word' id='word_1_211' title='bbox 1332 1878 1621 1971; x_wconf 83' lang='grc' dir='ltr'>πρότερον,</span> <span class='ocrx_word' id='word_1_212' title='bbox 1663 1894 1783 1952; x_wconf 80' lang='grc' dir='ltr'>εἶτα</span> 
     </span>
    </p>
   </div>
   <div class='ocr_carea' id='block_1_31' title="bbox 1906 1878 3475 1978">
    <p class='ocr_par' dir='ltr' id='par_1_31' title="bbox 1906 1878 3475 1955">
     <span class='ocr_line' id='line_1_31' title="bbox 1906 1878 3475 1955; baseline -0.004 -15"><span class='ocrx_word' id='word_1_213' title='bbox 1906 1902 1986 1955; x_wconf 69' lang='grc' dir='ltr'><strong>εει)</strong></span> <span class='ocrx_word' id='word_1_214' title='bbox 2035 1883 2301 1955; x_wconf 75' lang='lat' dir='ltr'><strong>peccavi;</strong></span> <span class='ocrx_word' id='word_1_215' title='bbox 2355 1891 2409 1936; x_wconf 91' lang='lat' dir='ltr'><strong>et</strong></span> <span class='ocrx_word' id='word_1_216' title='bbox 2456 1881 2586 1949; x_wconf 89' lang='lat' dir='ltr'><strong>quia</strong></span> <span class='ocrx_word' id='word_1_217' title='bbox 2640 1890 2767 1949; x_wconf 84' lang='lat' dir='ltr'><strong>post</strong></span> <span class='ocrx_word' id='word_1_218' title='bbox 2824 1890 3109 1948; x_wconf 86' lang='lat' dir='ltr'><strong>peccatum</strong></span> <span class='ocrx_word' id='word_1_219' title='bbox 3173 1878 3475 1948; x_wconf 81' lang='lat' dir='ltr'><strong>castigatus</strong></span> 
     </span>
    </p>
   </div>
   <div class='ocr_carea' id='block_1_32' title="bbox 196 1989 1786 2067">
    <p class='ocr_par' dir='ltr' id='par_1_32' title="bbox 196 1989 1786 2067">
     <span class='ocr_line' id='line_1_32' title="bbox 196 1989 1786 2067; baseline -0.006 -15"><span class='ocrx_word' id='word_1_220' title='bbox 196 1996 557 2067; x_wconf 71' lang='grc' dir='ltr'><strong>δπαιδεύθην.</strong></span> <span class='ocrx_word' id='word_1_221' title='bbox 592 1996 694 2051; x_wconf 80' lang='grc' dir='ltr'><strong>Διά</strong></span> <span class='ocrx_word' id='word_1_222' title='bbox 720 1996 887 2050; x_wconf 78' lang='grc' dir='ltr'>τοῦτο</span> <span class='ocrx_word' id='word_1_223' title='bbox 915 1994 1009 2049; x_wconf 80' lang='grc' dir='ltr'>τὸν</span> <span class='ocrx_word' id='word_1_224' title='bbox 1040 1993 1208 2065; x_wconf 84' lang='grc' dir='ltr'>νόμον</span> <span class='ocrx_word' id='word_1_225' title='bbox 1239 2009 1334 2046; x_wconf 87' lang='grc' dir='ltr'><strong>σου</strong></span> <span class='ocrx_word' id='word_1_226' title='bbox 1366 1989 1636 2061; x_wconf 73' lang='grc' dir='ltr'>ἐφύλαξα,</span> <span class='ocrx_word' id='word_1_227' title='bbox 1695 1991 1786 2044; x_wconf 78' lang='grc' dir='ltr'><strong>ἵνα</strong></span> 
     </span>
    </p>
   </div>
   <div class='ocr_carea' id='block_1_33' title="bbox 196 2084 1785 2161">
    <p class='ocr_par' dir='ltr' id='par_1_33' title="bbox 196 2084 1785 2161">
     <span class='ocr_line' id='line_1_33' title="bbox 196 2084 1785 2161; baseline -0.006 -16"><span class='ocrx_word' id='word_1_228' title='bbox 196 2090 274 2161; x_wconf 77' lang='grc' dir='ltr'>μὴ</span> <span class='ocrx_word' id='word_1_229' title='bbox 300 2090 471 2144; x_wconf 79' lang='grc' dir='ltr'>πάλιν</span> <span class='ocrx_word' id='word_1_230' title='bbox 503 2090 850 2161; x_wconf 80' lang='grc' dir='ltr'><strong>ἁμαρτήσας,</strong></span> <span class='ocrx_word' id='word_1_231' title='bbox 894 2086 1202 2158; x_wconf 59' lang='grc' dir='ltr'>πιρασθῶ.</span> <span class='ocrx_word' id='word_1_232' title='bbox 1262 2084 1502 2138; x_wconf 71' lang='lat' dir='ltr'><strong>&quot;Enecat</strong></span> <span class='ocrx_word' id='word_1_233' title='bbox 1553 2085 1664 2155; x_wconf 79' lang='grc' dir='ltr'>γάρ</span> <span class='ocrx_word' id='word_1_234' title='bbox 1716 2085 1785 2154; x_wconf 79' lang='grc' dir='ltr'>τῇ</span> 
     </span>
    </p>
   </div>
   <div class='ocr_carea' id='block_1_34' title="bbox 197 2176 1786 2252">
    <p class='ocr_par' dir='ltr' id='par_1_34' title="bbox 197 2176 1786 2252">
     <span class='ocr_line' id='line_1_34' title="bbox 197 2176 1786 2252; baseline -0.005 -18"><span class='ocrx_word' id='word_1_235' title='bbox 197 2180 560 2252; x_wconf 75' lang='grc' dir='ltr'><strong>πλημμελείᾳ</strong></span> <span class='ocrx_word' id='word_1_236' title='bbox 578 2181 917 2242; x_wconf 76' lang='grc' dir='ltr'><strong>ταπείνωσις</strong></span> <span class='ocrx_word' id='word_1_237' title='bbox 942 2181 1010 2233; x_wconf 73' lang='grc' dir='ltr'>ἐκ</span> <span class='ocrx_word' id='word_1_238' title='bbox 1043 2176 1382 2249; x_wconf 82' lang='grc' dir='ltr'><strong>πειρασμοῦ.</strong></span> <span class='ocrx_word' id='word_1_239' title='bbox 1418 2176 1490 2229; x_wconf 86' lang='grc' dir='ltr'><strong><em>Ἦ</em></strong></span> <span class='ocrx_word' id='word_1_240' title='bbox 1533 2177 1632 2229; x_wconf 76' lang='grc' dir='ltr'><strong>καὶ</strong></span> <span class='ocrx_word' id='word_1_241' title='bbox 1687 2191 1786 2227; x_wconf 88' lang='grc' dir='ltr'><strong>τα-</strong></span> 
     </span>
    </p>
   </div>
   <div class='ocr_carea' id='block_1_35' title="bbox 196 2266 1782 2342">
    <p class='ocr_par' dir='ltr' id='par_1_35' title="bbox 196 2266 1782 2342">
     <span class='ocr_line' id='line_1_35' title="bbox 196 2266 1782 2342; baseline -0.005 -16"><span class='ocrx_word' id='word_1_242' title='bbox 196 2271 466 2326; x_wconf 81' lang='grc' dir='ltr'>πείνωσιν</span> <span class='ocrx_word' id='word_1_243' title='bbox 521 2271 882 2341; x_wconf 77' lang='grc' dir='ltr'><strong>ὑποληπτέον,</strong></span> <span class='ocrx_word' id='word_1_244' title='bbox 925 2270 1027 2342; x_wconf 77' lang='grc' dir='ltr'>τὴν</span> <span class='ocrx_word' id='word_1_245' title='bbox 1071 2269 1352 2339; x_wconf 75' lang='grc' dir='ltr'><strong>ἐνάρετον,</strong></span> <span class='ocrx_word' id='word_1_246' title='bbox 1402 2266 1503 2337; x_wconf 80' lang='grc' dir='ltr'>τὴν</span> <span class='ocrx_word' id='word_1_247' title='bbox 1535 2266 1601 2319; x_wconf 71' lang='grc' dir='ltr'>ἑκ</span> <span class='ocrx_word' id='word_1_248' title='bbox 1626 2282 1728 2319; x_wconf 79' lang='grc' dir='ltr'><strong>συν</strong></span> <span class='ocrx_word' id='word_1_249' title='bbox 1756 2293 1782 2305; x_wconf 93' lang='grc'><strong>-</strong></span> 
     </span>
    </p>
   </div>
   <div class='ocr_carea' id='block_1_36' title="bbox 194 2356 1789 2432">
    <p class='ocr_par' dir='ltr' id='par_1_36' title="bbox 194 2356 1789 2432">
     <span class='ocr_line' id='line_1_36' title="bbox 194 2356 1789 2432; baseline -0.004 -18"><span class='ocrx_word' id='word_1_250' title='bbox 194 2360 512 2430; x_wconf 80' lang='grc' dir='ltr'>αισοήσεως</span> <span class='ocrx_word' id='word_1_251' title='bbox 536 2361 844 2432; x_wconf 77' lang='grc' dir='ltr'>ἁμαρτίας,</span> <span class='ocrx_word' id='word_1_252' title='bbox 866 2363 980 2424; x_wconf 83' lang='grc' dir='ltr'>τοῖς</span> <span class='ocrx_word' id='word_1_253' title='bbox 1039 2361 1410 2432; x_wconf 81' lang='grc' dir='ltr'><strong>προσέχουσιν</strong></span> <span class='ocrx_word' id='word_1_254' title='bbox 1470 2356 1789 2425; x_wconf 74' lang='grc' dir='ltr'>ἐπιγινομέ-</span> 
     </span>
    </p>
   </div>
   <div class='ocr_carea' id='block_1_37' title="bbox 193 2447 1786 2525">
    <p class='ocr_par' dir='ltr' id='par_1_37' title="bbox 193 2447 1786 2525">
     <span class='ocr_line' id='line_1_37' title="bbox 193 2447 1786 2525; baseline -0.003 -20"><span class='ocrx_word' id='word_1_255' title='bbox 193 2468 319 2522; x_wconf 81' lang='grc' dir='ltr'>νην,</span> <span class='ocrx_word' id='word_1_256' title='bbox 349 2451 443 2506; x_wconf 82' lang='grc' dir='ltr'><strong>ῐνα</strong></span> <span class='ocrx_word' id='word_1_257' title='bbox 478 2454 578 2506; x_wconf 62' lang='grc' dir='ltr'><strong>καὶ⁵</strong></span> <span class='ocrx_word' id='word_1_258' title='bbox 606 2454 895 2525; x_wconf 83' lang='grc' dir='ltr'>νοήσωμεν</span> <span class='ocrx_word' id='word_1_259' title='bbox 939 2452 1022 2506; x_wconf 83' lang='grc' dir='ltr'><strong>ὅτι</strong></span> <span class='ocrx_word' id='word_1_260' title='bbox 1067 2453 1101 2522; x_wconf 80' lang='grc' dir='ltr'>ἡ</span> <span class='ocrx_word' id='word_1_261' title='bbox 1140 2450 1495 2522; x_wconf 79' lang='grc' dir='ltr'><strong>πλημμέλεια</strong></span> <span class='ocrx_word' id='word_1_262' title='bbox 1559 2447 1786 2519; x_wconf 80' lang='grc' dir='ltr'>γέγονεν</span> 
     </span>
    </p>
   </div>
   <div class='ocr_carea' id='block_1_38' title="bbox 194 2543 1208 2617">
    <p class='ocr_par' dir='ltr' id='par_1_38' title="bbox 194 2543 1208 2617">
     <span class='ocr_line' id='line_1_38' title="bbox 194 2543 1208 2617; baseline 0.002 -19"><span class='ocrx_word' id='word_1_263' title='bbox 194 2544 355 2617; x_wconf 78' lang='grc' dir='ltr'><strong>αὑτῷ</strong></span> <span class='ocrx_word' id='word_1_264' title='bbox 382 2545 647 2617; x_wconf 74' lang='grc' dir='ltr'>πρόξενος</span> <span class='ocrx_word' id='word_1_265' title='bbox 667 2543 1208 2616; x_wconf 82' lang='grc' dir='ltr'><strong>ταπεινοφροσύνης.</strong></span> 
     </span>
    </p>
   </div>
   <div class='ocr_carea' id='block_1_39' title="bbox 263 2718 1790 2795">
    <p class='ocr_par' dir='ltr' id='par_1_39' title="bbox 263 2718 1790 2795">
     <span class='ocr_line' id='line_1_39' title="bbox 263 2718 1790 2795; baseline -0.005 -14"><span class='ocrx_word' id='word_1_266' title='bbox 263 2726 552 2795; x_wconf 84' lang='grc' dir='ltr'>Χρηστὸς</span> <span class='ocrx_word' id='word_1_267' title='bbox 573 2722 632 2781; x_wconf 81' lang='grc' dir='ltr'>εἷ</span> <span class='ocrx_word' id='word_1_268' title='bbox 651 2725 755 2793; x_wconf 86' lang='grc' dir='ltr'><strong>σὺ,</strong></span> <span class='ocrx_word' id='word_1_269' title='bbox 780 2726 981 2795; x_wconf 76' lang='grc' dir='ltr'>Κύριε,</span> <span class='ocrx_word' id='word_1_270' title='bbox 1026 2728 1125 2781; x_wconf 77' lang='grc' dir='ltr'><strong>καί</strong></span> <span class='ocrx_word' id='word_1_271' title='bbox 1164 2724 1236 2779; x_wconf 78' lang='grc' dir='ltr'><strong>ἐν</strong></span> <span class='ocrx_word' id='word_1_272' title='bbox 1274 2723 1351 2794; x_wconf 79' lang='grc' dir='ltr'><strong>τῇ</strong></span> <span class='ocrx_word' id='word_1_273' title='bbox 1417 2718 1790 2793; x_wconf 83' lang='grc' dir='ltr'>χρηστότητι</span> 
     </span>
    </p>
   </div>
   <div class='ocr_carea' id='block_1_40' title="bbox 186 2818 1539 2891">
    <p class='ocr_par' dir='ltr' id='par_1_40' title="bbox 186 2818 1539 2891">
     <span class='ocr_line' id='line_1_40' title="bbox 186 2818 1539 2891; baseline -0.004 -15"><span class='ocrx_word' id='word_1_274' title='bbox 186 2839 315 2876; x_wconf 83' lang='grc' dir='ltr'>σου</span> <span class='ocrx_word' id='word_1_275' title='bbox 346 2820 606 2887; x_wconf 81' lang='grc' dir='ltr'><strong>δίδαξόν</strong></span> <span class='ocrx_word' id='word_1_276' title='bbox 631 2838 709 2891; x_wconf 83' lang='grc' dir='ltr'><strong>με</strong></span> <span class='ocrx_word' id='word_1_277' title='bbox 740 2820 812 2875; x_wconf 77' lang='grc' dir='ltr'><strong>τὰ</strong></span> <span class='ocrx_word' id='word_1_278' title='bbox 845 2818 1210 2890; x_wconf 81' lang='grc' dir='ltr'>δικαιώματά</span> <span class='ocrx_word' id='word_1_279' title='bbox 1248 2833 1384 2873; x_wconf 86' lang='grc' dir='ltr'>σου.</span> <span class='ocrx_word' id='word_1_280' title='bbox 1448 2818 1539 2881; x_wconf 81' lang='grc' dir='ltr'>Ὠς</span> 
     </span>
    </p>
   </div>
   <div class='ocr_carea' id='block_1_41' title="bbox 194 2906 1788 2984">
    <p class='ocr_par' dir='ltr' id='par_1_41' title="bbox 194 2906 1788 2984">
     <span class='ocr_line' id='line_1_41' title="bbox 194 2906 1788 2984; baseline -0.006 -17"><span class='ocrx_word' id='word_1_281' title='bbox 194 2915 292 2967; x_wconf 73' lang='grc' dir='ltr'>καὶ</span> <span class='ocrx_word' id='word_1_282' title='bbox 327 2914 747 2984; x_wconf 74' lang='grc' dir='ltr'>φιλάνθρωπος,</span> <span class='ocrx_word' id='word_1_283' title='bbox 791 2914 890 2968; x_wconf 74' lang='grc' dir='ltr'><strong>καὶ</strong></span> <span class='ocrx_word' id='word_1_284' title='bbox 934 2913 1262 2983; x_wconf 77' lang='grc' dir='ltr'><strong>φιλάγαθος,</strong></span> <span class='ocrx_word' id='word_1_285' title='bbox 1302 2906 1517 2975; x_wconf 77' lang='grc' dir='ltr'>δίδαξον</span> <span class='ocrx_word' id='word_1_286' title='bbox 1548 2924 1616 2979; x_wconf 80' lang='grc' dir='ltr'><strong>με</strong></span> <span class='ocrx_word' id='word_1_287' title='bbox 1650 2923 1788 2978; x_wconf 85' lang='grc' dir='ltr'>τρα-</span> 
     </span>
    </p>
   </div>
   <div class='ocr_carea' id='block_1_42' title="bbox 190 3000 1788 3078">
    <p class='ocr_par' dir='ltr' id='par_1_42' title="bbox 190 3000 1788 3078">
     <span class='ocr_line' id='line_1_42' title="bbox 190 3000 1788 3078; baseline -0.006 -18"><span class='ocrx_word' id='word_1_288' title='bbox 190 3006 466 3077; x_wconf 75' lang='grc' dir='ltr'>νώτερον,</span> <span class='ocrx_word' id='word_1_289' title='bbox 493 3007 583 3060; x_wconf 80' lang='grc' dir='ltr'><strong>ἶνα</strong></span> <span class='ocrx_word' id='word_1_290' title='bbox 606 3007 762 3076; x_wconf 82' lang='grc' dir='ltr'><strong>κάγὼ</strong></span> <span class='ocrx_word' id='word_1_291' title='bbox 795 3005 956 3061; x_wconf 82' lang='grc' dir='ltr'>τοῦτο</span> <span class='ocrx_word' id='word_1_292' title='bbox 981 3008 1253 3078; x_wconf 76' lang='grc' dir='ltr'><strong>γένωμαι·</strong></span> <span class='ocrx_word' id='word_1_293' title='bbox 1288 3006 1352 3059; x_wconf 81' lang='grc' dir='ltr'><strong>τὸ</strong></span> <span class='ocrx_word' id='word_1_294' title='bbox 1376 3003 1513 3058; x_wconf 80' lang='grc' dir='ltr'>αὐτὸ</span> <span class='ocrx_word' id='word_1_295' title='bbox 1546 3002 1605 3054; x_wconf 78' lang='grc' dir='ltr'><strong>δὲ</strong></span> <span class='ocrx_word' id='word_1_296' title='bbox 1637 3000 1788 3068; x_wconf 79' lang='grc' dir='ltr'>λέγει</span> 
     </span>
    </p>
   </div>
   <div class='ocr_carea' id='block_1_43' title="bbox 195 3090 1789 3169">
    <p class='ocr_par' dir='ltr' id='par_1_43' title="bbox 195 3090 1789 3169">
     <span class='ocr_line' id='line_1_43' title="bbox 195 3090 1789 3169; baseline 0 -16"><span class='ocrx_word' id='word_1_297' title='bbox 195 3100 474 3163; x_wconf 79' lang='grc' dir='ltr'>πολλάκις</span> <span class='ocrx_word' id='word_1_298' title='bbox 510 3099 801 3153; x_wconf 54' lang='grc' dir='ltr'>ἐπιτείνων</span> <span class='ocrx_word' id='word_1_299' title='bbox 833 3116 891 3152; x_wconf 85' lang='grc' dir='ltr'><strong>τε</strong></span> <span class='ocrx_word' id='word_1_300' title='bbox 914 3100 1014 3169; x_wconf 85' lang='grc' dir='ltr'><strong>τὴν</strong></span> <span class='ocrx_word' id='word_1_301' title='bbox 1043 3098 1250 3169; x_wconf 80' lang='grc' dir='ltr'>δέησιν,</span> <span class='ocrx_word' id='word_1_302' title='bbox 1282 3095 1379 3150; x_wconf 82' lang='grc' dir='ltr'>καὶ</span> <span class='ocrx_word' id='word_1_303' title='bbox 1423 3093 1633 3165; x_wconf 72' lang='grc' dir='ltr'>σφόδρα</span> <span class='ocrx_word' id='word_1_304' title='bbox 1688 3090 1789 3153; x_wconf 59' lang='grc' dir='ltr'><strong>τίς</strong></span> 
     </span>
    </p>
   </div>
   <div class='ocr_carea' id='block_1_44' title="bbox 200 3189 1297 3262">
    <p class='ocr_par' dir='ltr' id='par_1_44' title="bbox 200 3189 1297 3262">
     <span class='ocr_line' id='line_1_44' title="bbox 200 3189 1297 3262; baseline -0.003 -17"><span class='ocrx_word' id='word_1_305' title='bbox 200 3189 531 3262; x_wconf 69' lang='grc' dir='ltr'><strong>παρὲιΘεοῦ</strong></span> <span class='ocrx_word' id='word_1_306' title='bbox 565 3189 915 3253; x_wconf 73' lang='grc' dir='ltr'>διδασκαλίας</span> <span class='ocrx_word' id='word_1_307' title='bbox 943 3189 1297 3260; x_wconf 77' lang='grc' dir='ltr'><strong>ὀρεγόμενος.</strong></span> 
     </span>
    </p>
   </div>
   <div class='ocr_carea' id='block_1_45' title="bbox 1889 1969 3469 2042">
    <p class='ocr_par' dir='ltr' id='par_1_45' title="bbox 1889 1969 3469 2042">
     <span class='ocr_line' id='line_1_45' title="bbox 1889 1969 3469 2042; baseline -0.004 -13"><span class='ocrx_word' id='word_1_308' title='bbox 1889 1990 2034 2039; x_wconf 82' lang='lat' dir='ltr'><strong>sunt,</strong></span> <span class='ocrx_word' id='word_1_309' title='bbox 2063 1973 2131 2029; x_wconf 89' lang='lat' dir='ltr'><strong>de</strong></span> <span class='ocrx_word' id='word_1_310' title='bbox 2165 1982 2360 2028; x_wconf 64' lang='lat' dir='ltr'><strong>caetero</strong></span> <span class='ocrx_word' id='word_1_311' title='bbox 2395 1973 2567 2042; x_wconf 80' lang='lat' dir='ltr'><strong>legem</strong></span> <span class='ocrx_word' id='word_1_312' title='bbox 2608 1979 2756 2025; x_wconf 91' lang='lat' dir='ltr'><strong>tuam</strong></span> <span class='ocrx_word' id='word_1_313' title='bbox 2789 1969 3066 2024; x_wconf 89' lang='lat' dir='ltr'><strong>custodivi</strong></span> <span class='ocrx_word' id='word_1_314' title='bbox 3095 1984 3109 2024; x_wconf 88' lang='lat'><strong>:</strong></span> <span class='ocrx_word' id='word_1_315' title='bbox 3143 1970 3347 2024; x_wconf 88' lang='lat' dir='ltr'><strong>tintens</strong></span> <span class='ocrx_word' id='word_1_316' title='bbox 3378 1985 3469 2036; x_wconf 89' lang='lat' dir='ltr'><strong>ne,</strong></span> 
     </span>
    </p>
   </div>
   <div class='ocr_carea' id='block_1_46' title="bbox 1889 2061 3474 2134">
    <p class='ocr_par' dir='ltr' id='par_1_46' title="bbox 1889 2061 3474 2134">
     <span class='ocr_line' id='line_1_46' title="bbox 1889 2061 3474 2134; baseline -0.006 -10"><span class='ocrx_word' id='word_1_317' title='bbox 1889 2067 1933 2124; x_wconf 91' lang='lat' dir='ltr'><strong>si</strong></span> <span class='ocrx_word' id='word_1_318' title='bbox 1973 2079 2164 2121; x_wconf 83' lang='lat' dir='ltr'><strong>rursus</strong></span> <span class='ocrx_word' id='word_1_319' title='bbox 2197 2064 2329 2117; x_wconf 87' lang='lat' dir='ltr'><strong>mihi</strong></span> <span class='ocrx_word' id='word_1_320' title='bbox 2372 2077 2605 2134; x_wconf 89' lang='lat' dir='ltr'><strong>peccare</strong></span> <span class='ocrx_word' id='word_1_321' title='bbox 2664 2061 3050 2128; x_wconf 72' lang='lat' dir='ltr'><strong>contingeret,</strong></span> <span class='ocrx_word' id='word_1_322' title='bbox 3108 2076 3304 2116; x_wconf 86' lang='lat' dir='ltr'><strong>rursus</strong></span> <span class='ocrx_word' id='word_1_323' title='bbox 3355 2061 3474 2129; x_wconf 89' lang='lat' dir='ltr'><strong>pari</strong></span> 
     </span>
    </p>
   </div>
   <div class='ocr_carea' id='block_1_47' title="bbox 1889 2149 3477 2221">
    <p class='ocr_par' dir='ltr' id='par_1_47' title="bbox 1889 2149 3477 2221">
     <span class='ocr_line' id='line_1_47' title="bbox 1889 2149 3477 2221; baseline -0.003 -13"><span class='ocrx_word' id='word_1_324' title='bbox 1889 2154 2052 2208; x_wconf 89' lang='lat' dir='ltr'><strong>modo</strong></span> <span class='ocrx_word' id='word_1_325' title='bbox 2080 2152 2381 2207; x_wconf 79' lang='lat' dir='ltr'><strong>afﬂictione</strong></span> <span class='ocrx_word' id='word_1_326' title='bbox 2408 2151 2592 2221; x_wconf 90' lang='lat' dir='ltr'><strong>aliqua</strong></span> <span class='ocrx_word' id='word_1_327' title='bbox 2647 2150 3009 2220; x_wconf 77' lang='lat' dir='ltr'><strong>castigandus</strong></span> <span class='ocrx_word' id='word_1_328' title='bbox 3062 2165 3265 2206; x_wconf 84' lang='lat' dir='ltr'><strong>essem.</strong></span> <span class='ocrx_word' id='word_1_329' title='bbox 3322 2149 3477 2205; x_wconf 86' lang='lat' dir='ltr'><strong>Solet</strong></span> 
     </span>
    </p>
   </div>
   <div class='ocr_carea' id='block_1_48' title="bbox 1889 2243 3477 2317">
    <p class='ocr_par' dir='ltr' id='par_1_48' title="bbox 1889 2243 3477 2317">
     <span class='ocr_line' id='line_1_48' title="bbox 1889 2243 3477 2317; baseline -0.001 -15"><span class='ocrx_word' id='word_1_330' title='bbox 1889 2247 2036 2302; x_wconf 84' lang='lat' dir='ltr'><strong>enim</strong></span> <span class='ocrx_word' id='word_1_331' title='bbox 2072 2254 2194 2317; x_wconf 85' lang='lat' dir='ltr'><strong>pust</strong></span> <span class='ocrx_word' id='word_1_332' title='bbox 2220 2254 2506 2314; x_wconf 87' lang='lat' dir='ltr'><strong>peccatum</strong></span> <span class='ocrx_word' id='word_1_333' title='bbox 2561 2243 2788 2300; x_wconf 69' lang='lat' dir='ltr'><strong>afﬂictio</strong></span> <span class='ocrx_word' id='word_1_334' title='bbox 2829 2245 3097 2313; x_wconf 79' lang='lat' dir='ltr'><strong>Consequi</strong></span> <span class='ocrx_word' id='word_1_335' title='bbox 3124 2282 3140 2308; x_wconf 91' lang='lat'><strong>,</strong></span> <span class='ocrx_word' id='word_1_336' title='bbox 3177 2253 3341 2316; x_wconf 85' lang='lat' dir='ltr'><strong>atque</strong></span> <span class='ocrx_word' id='word_1_337' title='bbox 3370 2246 3477 2300; x_wconf 82' lang='lat' dir='ltr'><strong>ltu-</strong></span> 
     </span>
    </p>
   </div>
   <div class='ocr_carea' id='block_1_49' title="bbox 1890 2333 3474 2405">
    <p class='ocr_par' dir='ltr' id='par_1_49' title="bbox 1890 2333 3474 2405">
     <span class='ocr_line' id='line_1_49' title="bbox 1890 2333 3474 2405; baseline 0.001 -13"><span class='ocrx_word' id='word_1_338' title='bbox 1890 2338 2138 2392; x_wconf 86' lang='lat' dir='ltr'><strong>miliatio.</strong></span> <span class='ocrx_word' id='word_1_339' title='bbox 2173 2333 2452 2391; x_wconf 82' lang='lat' dir='ltr'><strong>Fortassis</strong></span> <span class='ocrx_word' id='word_1_340' title='bbox 2478 2336 2666 2400; x_wconf 86' lang='lat' dir='ltr'><strong>etiam,</strong></span> <span class='ocrx_word' id='word_1_341' title='bbox 2704 2333 2773 2389; x_wconf 93' lang='lat' dir='ltr'><strong>de</strong></span> <span class='ocrx_word' id='word_1_342' title='bbox 2802 2349 2864 2391; x_wconf 86' lang='lat' dir='ltr'><strong>ea</strong></span> <span class='ocrx_word' id='word_1_343' title='bbox 2897 2335 3143 2405; x_wconf 87' lang='lat' dir='ltr'><strong>loquitur</strong></span> <span class='ocrx_word' id='word_1_344' title='bbox 3186 2335 3474 2395; x_wconf 81' lang='lat' dir='ltr'><strong>humilita-</strong></span> 
     </span>
    </p>
   </div>
   <div class='ocr_carea' id='block_1_50' title="bbox 1891 2425 3476 2497">
    <p class='ocr_par' dir='ltr' id='par_1_50' title="bbox 1891 2425 3476 2497">
     <span class='ocr_line' id='line_1_50' title="bbox 1891 2425 3476 2497; baseline 0 -14"><span class='ocrx_word' id='word_1_345' title='bbox 1891 2430 1969 2485; x_wconf 90' lang='lat' dir='ltr'><strong>tis</strong></span> <span class='ocrx_word' id='word_1_346' title='bbox 1996 2429 2219 2491; x_wconf 84' lang='lat' dir='ltr'><strong>virtute,</strong></span> <span class='ocrx_word' id='word_1_347' title='bbox 2253 2442 2372 2497; x_wconf 81' lang='lat' dir='ltr'><strong>quae</strong></span> <span class='ocrx_word' id='word_1_348' title='bbox 2398 2427 2644 2482; x_wconf 89' lang='lat' dir='ltr'><strong>cordatis</strong></span> <span class='ocrx_word' id='word_1_349' title='bbox 2689 2425 3008 2482; x_wconf 85' lang='lat' dir='ltr'><strong>hominibus</strong></span> <span class='ocrx_word' id='word_1_350' title='bbox 3040 2427 3108 2483; x_wconf 89' lang='lat' dir='ltr'><strong>de</strong></span> <span class='ocrx_word' id='word_1_351' title='bbox 3137 2429 3476 2485; x_wconf 86' lang='lat' dir='ltr'><strong>conscientia</strong></span> 
     </span>
    </p>
   </div>
   <div class='ocr_carea' id='block_1_51' title="bbox 1889 2519 3473 2591">
    <p class='ocr_par' dir='ltr' id='par_1_51' title="bbox 1889 2519 3473 2591">
     <span class='ocr_line' id='line_1_51' title="bbox 1889 2519 3473 2591; baseline -0.002 -14"><span class='ocrx_word' id='word_1_352' title='bbox 1889 2521 2196 2577; x_wconf 85' lang='lat' dir='ltr'><strong>innascitur</strong></span> <span class='ocrx_word' id='word_1_353' title='bbox 2231 2520 2464 2587; x_wconf 86' lang='lat' dir='ltr'><strong>peccati,</strong></span> <span class='ocrx_word' id='word_1_354' title='bbox 2498 2520 2572 2573; x_wconf 92' lang='lat' dir='ltr'><strong>ita</strong></span> <span class='ocrx_word' id='word_1_355' title='bbox 2596 2529 2655 2574; x_wconf 91' lang='lat' dir='ltr'><strong>ut</strong></span> <span class='ocrx_word' id='word_1_356' title='bbox 2693 2535 2892 2575; x_wconf 87' lang='lat' dir='ltr'><strong>sensus</strong></span> <span class='ocrx_word' id='word_1_357' title='bbox 2942 2521 3042 2588; x_wconf 87' lang='lat' dir='ltr'><strong>sit,</strong></span> <span class='ocrx_word' id='word_1_358' title='bbox 3092 2519 3241 2590; x_wconf 89' lang='lat' dir='ltr'><strong>quod</strong></span> <span class='ocrx_word' id='word_1_359' title='bbox 3272 2533 3473 2591; x_wconf 86' lang='lat' dir='ltr'><strong>pecca-</strong></span> 
     </span>
    </p>
   </div>
   <div class='ocr_carea' id='block_1_52' title="bbox 1890 2611 2861 2670">
    <p class='ocr_par' dir='ltr' id='par_1_52' title="bbox 1890 2611 2861 2670">
     <span class='ocr_line' id='line_1_52' title="bbox 1890 2611 2861 2670; baseline -0.002 0"><span class='ocrx_word' id='word_1_360' title='bbox 1890 2623 2006 2670; x_wconf 89' lang='lat' dir='ltr'><strong>tum</strong></span> <span class='ocrx_word' id='word_1_361' title='bbox 2033 2612 2137 2668; x_wconf 86' lang='lat' dir='ltr'><strong>sibi</strong></span> <span class='ocrx_word' id='word_1_362' title='bbox 2173 2611 2275 2666; x_wconf 79' lang='lat' dir='ltr'><strong>fuit</strong></span> <span class='ocrx_word' id='word_1_363' title='bbox 2304 2627 2471 2666; x_wconf 83' lang='lat' dir='ltr'><strong>causa</strong></span> <span class='ocrx_word' id='word_1_364' title='bbox 2503 2611 2861 2667; x_wconf 82' lang='lat' dir='ltr'><strong>humilitatis.</strong></span> 
     </span>
    </p>
   </div>
   <div class='ocr_carea' id='block_1_53' title="bbox 1980 2698 3480 2767">
    <p class='ocr_par' dir='ltr' id='par_1_53' title="bbox 1980 2698 3480 2767">
     <span class='ocr_line' id='line_1_53' title="bbox 1980 2698 3480 2767; baseline 0 -12"><span class='ocrx_word' id='word_1_365' title='bbox 1980 2698 2148 2758; x_wconf 64' lang='lat' dir='ltr'><strong>Vens.</strong></span> <span class='ocrx_word' id='word_1_366' title='bbox 2184 2701 2275 2759; x_wconf 71' lang='lat'><strong>68.</strong></span> <span class='ocrx_word' id='word_1_367' title='bbox 2312 2700 2493 2756; x_wconf 85' lang='lat' dir='ltr'><strong>Bonus</strong></span> <span class='ocrx_word' id='word_1_368' title='bbox 2517 2717 2570 2755; x_wconf 88' lang='lat' dir='ltr'><strong>es</strong></span> <span class='ocrx_word' id='word_1_369' title='bbox 2592 2709 2672 2767; x_wconf 86' lang='lat' dir='ltr'><strong>tu,</strong></span> <span class='ocrx_word' id='word_1_370' title='bbox 2703 2710 2753 2755; x_wconf 89' lang='lat' dir='ltr'><strong>et</strong></span> <span class='ocrx_word' id='word_1_371' title='bbox 2784 2702 2839 2755; x_wconf 85' lang='lat' dir='ltr'><strong>in</strong></span> <span class='ocrx_word' id='word_1_372' title='bbox 2864 2700 3098 2755; x_wconf 82' lang='lat' dir='ltr'><strong>bonitate</strong></span> <span class='ocrx_word' id='word_1_373' title='bbox 3135 2710 3229 2754; x_wconf 86' lang='lat' dir='ltr'><strong>tua</strong></span> <span class='ocrx_word' id='word_1_374' title='bbox 3249 2701 3376 2755; x_wconf 87' lang='lat' dir='ltr'><strong>doce</strong></span> <span class='ocrx_word' id='word_1_375' title='bbox 3396 2716 3480 2755; x_wconf 78' lang='lat' dir='ltr'><strong>me</strong></span> 
     </span>
    </p>
   </div>
   <div class='ocr_carea' id='block_1_54' title="bbox 1558 2792 3480 2884">
    <p class='ocr_par' dir='ltr' id='par_1_54' title="bbox 1558 2792 3480 2884">
     <span class='ocr_line' id='line_1_54' title="bbox 1558 2792 3480 2884; baseline -0.003 -30"><span class='ocrx_word' id='word_1_376' title='bbox 1558 2815 1786 2884; x_wconf 60' lang='grc' dir='ltr'><strong>ἀγαθὸς,</strong></span> <span class='ocrx_word' id='word_1_377' title='bbox 1879 2794 2301 2867; x_wconf 70' lang='lat' dir='ltr'><strong>iustiﬁcationes</strong></span> <span class='ocrx_word' id='word_1_378' title='bbox 2331 2803 2475 2847; x_wconf 88' lang='lat' dir='ltr'><strong>tuas.</strong></span> <span class='ocrx_word' id='word_1_379' title='bbox 2515 2793 2800 2863; x_wconf 85' lang='lat' dir='ltr'><strong>Tanquam</strong></span> <span class='ocrx_word' id='word_1_380' title='bbox 2835 2792 3038 2856; x_wconf 87' lang='lat' dir='ltr'><strong>bonus.</strong></span> <span class='ocrx_word' id='word_1_381' title='bbox 3071 2802 3126 2847; x_wconf 93' lang='lat' dir='ltr'><strong>et</strong></span> <span class='ocrx_word' id='word_1_382' title='bbox 3161 2793 3480 2849; x_wconf 85' lang='lat' dir='ltr'><strong>misericors</strong></span> 
     </span>
    </p>
   </div>
   <div class='ocr_carea' id='block_1_55' title="bbox 1891 2885 3482 2957">
    <p class='ocr_par' dir='ltr' id='par_1_55' title="bbox 1891 2885 3482 2957">
     <span class='ocr_line' id='line_1_55' title="bbox 1891 2885 3482 2957; baseline -0.003 -13"><span class='ocrx_word' id='word_1_383' title='bbox 1891 2889 2025 2944; x_wconf 88' lang='lat' dir='ltr'><strong>doce</strong></span> <span class='ocrx_word' id='word_1_384' title='bbox 2054 2904 2139 2943; x_wconf 87' lang='lat' dir='ltr'><strong>me</strong></span> <span class='ocrx_word' id='word_1_385' title='bbox 2170 2887 2466 2950; x_wconf 87' lang='lat' dir='ltr'><strong>sincerius,</strong></span> <span class='ocrx_word' id='word_1_386' title='bbox 2502 2894 2562 2941; x_wconf 93' lang='lat' dir='ltr'><strong>ut</strong></span> <span class='ocrx_word' id='word_1_387' title='bbox 2586 2902 2687 2957; x_wconf 88' lang='lat' dir='ltr'><strong>ego</strong></span> <span class='ocrx_word' id='word_1_388' title='bbox 2723 2887 2889 2943; x_wconf 83' lang='lat' dir='ltr'><strong>etiam</strong></span> <span class='ocrx_word' id='word_1_389' title='bbox 2948 2888 3129 2943; x_wconf 90' lang='lat' dir='ltr'><strong>bonus</strong></span> <span class='ocrx_word' id='word_1_390' title='bbox 3167 2887 3316 2942; x_wconf 78' lang='lat' dir='ltr'><strong>(iam.</strong></span> <span class='ocrx_word' id='word_1_391' title='bbox 3368 2885 3482 2941; x_wconf 65' lang='lat' dir='ltr'><strong>Sae-</strong></span> 
     </span>
    </p>
   </div>
   <div class='ocr_carea' id='block_1_56' title="bbox 1892 2958 3481 3052">
    <p class='ocr_par' dir='ltr' id='par_1_56' title="bbox 1892 2958 3481 3052">
     <span class='ocr_line' id='line_1_56' title="bbox 1892 2958 3481 3052; baseline -0.001 -19"><span class='ocrx_word' id='word_1_392' title='bbox 1892 2996 2016 3052; x_wconf 77' lang='lat' dir='ltr'><strong>pius</strong></span> <span class='ocrx_word' id='word_1_393' title='bbox 2043 2995 2175 3036; x_wconf 84' lang='lat' dir='ltr'><strong>vero</strong></span> <span class='ocrx_word' id='word_1_394' title='bbox 2204 2979 2349 3033; x_wconf 89' lang='lat' dir='ltr'><strong>idem</strong></span> <span class='ocrx_word' id='word_1_395' title='bbox 2384 2978 2584 3048; x_wconf 77' lang='lat' dir='ltr'><strong>repetit</strong></span> <span class='ocrx_word' id='word_1_396' title='bbox 2609 3016 2625 3045; x_wconf 93' lang='lat'><strong>,</strong></span> <span class='ocrx_word' id='word_1_397' title='bbox 2684 2979 2996 3033; x_wconf 88' lang='lat' dir='ltr'><strong>orationem</strong></span> <span class='ocrx_word' id='word_1_398' title='bbox 3044 2958 3341 3034; x_wconf 79' lang='lat' dir='ltr'><strong>intendens</strong></span> <span class='ocrx_word' id='word_1_399' title='bbox 3366 3018 3383 3044; x_wconf 92' lang='lat'><strong>,</strong></span> <span class='ocrx_word' id='word_1_400' title='bbox 3413 2991 3481 3035; x_wconf 83' lang='lat' dir='ltr'><strong>ac</strong></span> 
     </span>
    </p>
   </div>
   <div class='ocr_carea' id='block_1_57' title="bbox 1892 3070 2845 3131">
    <p class='ocr_par' dir='ltr' id='par_1_57' title="bbox 1892 3070 2845 3131">
     <span class='ocr_line' id='line_1_57' title="bbox 1892 3070 2845 3131; baseline -0.004 0"><span class='ocrx_word' id='word_1_401' title='bbox 1892 3074 2060 3131; x_wconf 88' lang='lat' dir='ltr'><strong>veluti</strong></span> <span class='ocrx_word' id='word_1_402' title='bbox 2096 3074 2299 3129; x_wconf 68' lang='lat' dir='ltr'><strong>divinae</strong></span> <span class='ocrx_word' id='word_1_403' title='bbox 2329 3071 2599 3126; x_wconf 80' lang='lat' dir='ltr'><strong>doctrina:</strong></span> <span class='ocrx_word' id='word_1_404' title='bbox 2625 3070 2845 3127; x_wconf 86' lang='lat' dir='ltr'><strong>avidus.</strong></span> 
     </span>
    </p>
   </div>
   <div class='ocr_carea' id='block_1_58' title="bbox 267 3233 1794 3358">
    <p class='ocr_par' dir='ltr' id='par_1_58' title="bbox 267 3233 1791 3358">
     <span class='ocr_line' id='line_1_58' title="bbox 267 3233 1791 3358; baseline -0.006 -26"><span class='ocrx_word' id='word_1_405' title='bbox 267 3233 932 3358; x_wconf 58' lang='grc' dir='ltr'><strong>’ἓελζτθιιιῖὸῖἓέῗὲῖιὶ</strong></span> <span class='ocrx_word' id='word_1_406' title='bbox 947 3233 1181 3331; x_wconf 67' lang='grc' dir='ltr'><em>⁷ἆὲἐᾶὶῖ</em></span> <span class='ocrx_word' id='word_1_407' title='bbox 1196 3233 1638 3344; x_wconf 59' lang='grc' dir='ltr'><strong>’.Ξέὲερηφάνωη</strong></span> <span class='ocrx_word' id='word_1_408' title='bbox 1672 3269 1791 3338; x_wconf 72' lang='grc' dir='ltr'><strong>ἐγὼ</strong></span> 
     </span>
    </p>
   </div>
   <div class='ocr_carea' id='block_1_59' title="bbox 1906 3233 3481 3358">
    <p class='ocr_par' dir='ltr' id='par_1_59' title="bbox 1967 3263 3481 3337">
     <span class='ocr_line' id='line_1_59' title="bbox 1967 3263 3481 3337; baseline -0.005 -12"><span class='ocrx_word' id='word_1_409' title='bbox 1967 3270 2135 3325; x_wconf 70' lang='lat' dir='ltr'><strong>Vsus.</strong></span> <span class='ocrx_word' id='word_1_410' title='bbox 2171 3268 2261 3325; x_wconf 88' lang='lat'><strong>69.</strong></span> <span class='ocrx_word' id='word_1_411' title='bbox 2293 3267 2646 3337; x_wconf 77' lang='lat' dir='ltr'><strong>Maltiplicata</strong></span> <span class='ocrx_word' id='word_1_412' title='bbox 2678 3273 2757 3321; x_wconf 84' lang='lat' dir='ltr'><strong>est</strong></span> <span class='ocrx_word' id='word_1_413' title='bbox 2783 3280 2942 3333; x_wconf 82' lang='lat' dir='ltr'><strong>super</strong></span> <span class='ocrx_word' id='word_1_414' title='bbox 2977 3280 3058 3319; x_wconf 82' lang='lat' dir='ltr'><strong>tne</strong></span> <span class='ocrx_word' id='word_1_415' title='bbox 3080 3263 3351 3334; x_wconf 69' lang='lat' dir='ltr'><strong>iniustitia</strong></span> <span class='ocrx_word' id='word_1_416' title='bbox 3388 3279 3481 3319; x_wconf 88' lang='lat' dir='ltr'><strong>su-</strong></span> 
     </span>
    </p>
   </div>
   <div class='ocr_carea' id='block_1_60' title="bbox 192 3361 1794 3441">
    <p class='ocr_par' dir='ltr' id='par_1_60' title="bbox 192 3361 1794 3441">
     <span class='ocr_line' id='line_1_60' title="bbox 192 3361 1794 3441; baseline -0.005 -17"><span class='ocrx_word' id='word_1_417' title='bbox 192 3368 265 3424; x_wconf 65' lang='lat' dir='ltr'><strong>se</strong></span> <span class='ocrx_word' id='word_1_418' title='bbox 291 3370 370 3424; x_wconf 76' lang='grc' dir='ltr'><strong>ἐν</strong></span> <span class='ocrx_word' id='word_1_419' title='bbox 412 3369 775 3441; x_wconf 62' lang='grc' dir='ltr'><strong>ὄλῃυιιιρᾷίᾳ</strong></span> <span class='ocrx_word' id='word_1_420' title='bbox 814 3387 935 3439; x_wconf 84' lang='grc' dir='ltr'><strong>μου</strong></span> <span class='ocrx_word' id='word_1_421' title='bbox 970 3368 1356 3438; x_wconf 66' lang='grc' dir='ltr'>ἐξερευνήσω</span> <span class='ocrx_word' id='word_1_422' title='bbox 1399 3367 1508 3432; x_wconf 80' lang='grc' dir='ltr'>τὰς</span> <span class='ocrx_word' id='word_1_423' title='bbox 1535 3361 1794 3428; x_wconf 72' lang='grc' dir='ltr'><strong>ἐντολάς</strong></span> 
     </span>
    </p>
   </div>
   <div class='ocr_carea' id='block_1_61' title="bbox 195 3451 1795 3533">
    <p class='ocr_par' dir='ltr' id='par_1_61' title="bbox 195 3451 1795 3533">
     <span class='ocr_line' id='line_1_61' title="bbox 195 3451 1795 3533; baseline -0.007 -15"><span class='ocrx_word' id='word_1_424' title='bbox 195 3479 346 3519; x_wconf 87' lang='grc' dir='ltr'>σου.</span> <span class='ocrx_word' id='word_1_425' title='bbox 398 3464 636 3517; x_wconf 76' lang='grc' dir='ltr'><strong>Ἐκεῖνοι</strong></span> <span class='ocrx_word' id='word_1_426' title='bbox 664 3451 773 3533; x_wconf 66' lang='grc' dir='ltr'>μὲν</span> <span class='ocrx_word' id='word_1_427' title='bbox 794 3462 1048 3516; x_wconf 78' lang='grc' dir='ltr'><strong>ἀδικοῦσί</strong></span> <span class='ocrx_word' id='word_1_428' title='bbox 1081 3478 1172 3533; x_wconf 81' lang='grc' dir='ltr'><strong>με,</strong></span> <span class='ocrx_word' id='word_1_429' title='bbox 1215 3459 1327 3529; x_wconf 69' lang='grc' dir='ltr'><strong>ἐγὼ</strong></span> <span class='ocrx_word' id='word_1_430' title='bbox 1354 3459 1433 3520; x_wconf 76' lang='grc' dir='ltr'><strong>δὲ,</strong></span> <span class='ocrx_word' id='word_1_431' title='bbox 1459 3458 1567 3511; x_wconf 86' lang='grc' dir='ltr'><strong>οὐδ’</strong></span> <span class='ocrx_word' id='word_1_432' title='bbox 1617 3454 1795 3517; x_wconf 75' lang='grc' dir='ltr'>οὕτως</span> 
     </span>
    </p>
   </div>
   <div class='ocr_carea' id='block_1_62' title="bbox 197 3549 1788 3628">
    <p class='ocr_par' dir='ltr' id='par_1_62' title="bbox 197 3549 1788 3628">
     <span class='ocr_line' id='line_1_62' title="bbox 197 3549 1788 3628; baseline -0.009 -15"><span class='ocrx_word' id='word_1_433' title='bbox 197 3559 598 3628; x_wconf 76' lang='grc' dir='ltr'>ἀποστήσομαι</span> <span class='ocrx_word' id='word_1_434' title='bbox 635 3559 742 3610; x_wconf 79' lang='grc' dir='ltr'><strong>ἀπὸ</strong></span> <span class='ocrx_word' id='word_1_435' title='bbox 758 3556 866 3609; x_wconf 85' lang='grc' dir='ltr'>τῶν</span> <span class='ocrx_word' id='word_1_436' title='bbox 896 3555 1130 3608; x_wconf 76' lang='grc' dir='ltr'>ἐντολῶν</span> <span class='ocrx_word' id='word_1_437' title='bbox 1163 3571 1282 3619; x_wconf 85' lang='grc' dir='ltr'>σου,</span> <span class='ocrx_word' id='word_1_438' title='bbox 1313 3551 1437 3605; x_wconf 80' lang='grc' dir='ltr'><strong>οὐδὲ</strong></span> <span class='ocrx_word' id='word_1_439' title='bbox 1469 3549 1788 3621; x_wconf 81' lang='grc' dir='ltr'>μιμήσομαι</span> 
     </span>
    </p>
   </div>
   <div class='ocr_carea' id='block_1_63' title="bbox 195 3641 1795 3720">
    <p class='ocr_par' dir='ltr' id='par_1_63' title="bbox 195 3641 1795 3720">
     <span class='ocr_line' id='line_1_63' title="bbox 195 3641 1795 3720; baseline -0.01 -14"><span class='ocrx_word' id='word_1_440' title='bbox 195 3655 464 3713; x_wconf 78' lang='grc' dir='ltr'><strong>τούτους,</strong></span> <span class='ocrx_word' id='word_1_441' title='bbox 494 3649 610 3704; x_wconf 74' lang='grc' dir='ltr'>ἀλλ’</span> <span class='ocrx_word' id='word_1_442' title='bbox 640 3650 984 3720; x_wconf 73' lang='grc' dir='ltr'>ἐξερευνήσω</span> <span class='ocrx_word' id='word_1_443' title='bbox 1002 3646 1227 3711; x_wconf 77' lang='grc' dir='ltr'>ταύτας,</span> <span class='ocrx_word' id='word_1_444' title='bbox 1258 3643 1353 3698; x_wconf 76' lang='grc' dir='ltr'>καὶ</span> <span class='ocrx_word' id='word_1_445' title='bbox 1391 3641 1490 3713; x_wconf 83' lang='grc' dir='ltr'>τὴν</span> <span class='ocrx_word' id='word_1_446' title='bbox 1533 3655 1795 3711; x_wconf 87' lang='grc' dir='ltr'>παραμυ-</span> 
     </span>
    </p>
   </div>
   <div class='ocr_carea' id='block_1_64' title="bbox 196 3731 1797 3814">
    <p class='ocr_par' dir='ltr' id='par_1_64' title="bbox 196 3731 1797 3814">
     <span class='ocr_line' id='line_1_64' title="bbox 196 3731 1797 3814; baseline -0.01 -14"><span class='ocrx_word' id='word_1_447' title='bbox 196 3746 328 3800; x_wconf 82' lang='grc' dir='ltr'>θίαν</span> <span class='ocrx_word' id='word_1_448' title='bbox 358 3745 573 3798; x_wconf 72' lang='grc' dir='ltr'>ἐκεῖθεν</span> <span class='ocrx_word' id='word_1_449' title='bbox 602 3742 899 3814; x_wconf 79' lang='grc' dir='ltr'>άρύσομαι.</span> <span class='ocrx_word' id='word_1_450' title='bbox 926 3739 1342 3811; x_wconf 79' lang='grc' dir='ltr'>Ὑπερηφάνους</span> <span class='ocrx_word' id='word_1_451' title='bbox 1368 3737 1426 3790; x_wconf 69' lang='grc' dir='ltr'><strong>δὲ</strong></span> <span class='ocrx_word' id='word_1_452' title='bbox 1456 3734 1672 3806; x_wconf 80' lang='grc' dir='ltr'>νόησον,</span> <span class='ocrx_word' id='word_1_453' title='bbox 1702 3731 1797 3786; x_wconf 78' lang='grc' dir='ltr'>καὶ</span> 
     </span>
    </p>
   </div>
   <div class='ocr_carea' id='block_1_65' title="bbox 194 3828 1627 3906">
    <p class='ocr_par' dir='ltr' id='par_1_65' title="bbox 194 3828 1627 3906">
     <span class='ocr_line' id='line_1_65' title="bbox 194 3828 1627 3906; baseline -0.008 -15"><span class='ocrx_word' id='word_1_454' title='bbox 194 3837 333 3900; x_wconf 71' lang='grc' dir='ltr'>τοὺς</span> <span class='ocrx_word' id='word_1_455' title='bbox 359 3835 649 3906; x_wconf 79' lang='grc' dir='ltr'>δαίμονας,</span> <span class='ocrx_word' id='word_1_456' title='bbox 679 3835 775 3888; x_wconf 71' lang='grc' dir='ltr'><strong>καὶ</strong></span> <span class='ocrx_word' id='word_1_457' title='bbox 802 3833 931 3897; x_wconf 82' lang='grc' dir='ltr'>τοὺς</span> <span class='ocrx_word' id='word_1_458' title='bbox 963 3831 1286 3903; x_wconf 82' lang='grc' dir='ltr'>ὑπερόπτας</span> <span class='ocrx_word' id='word_1_459' title='bbox 1303 3828 1398 3882; x_wconf 85' lang='grc' dir='ltr'>τοῦ</span> <span class='ocrx_word' id='word_1_460' title='bbox 1434 3829 1627 3897; x_wconf 79' lang='grc' dir='ltr'>νόμου.</span> 
     </span>
    </p>
   </div>
   <div class='ocr_carea' id='block_1_66' title="bbox 284 4005 1797 4085">
    <p class='ocr_par' dir='ltr' id='par_1_66' title="bbox 284 4005 1797 4085">
     <span class='ocr_line' id='line_1_66' title="bbox 284 4005 1797 4085; baseline -0.011 -11"><span class='ocrx_word' id='word_1_461' title='bbox 284 4015 595 4085; x_wconf 82' lang='grc' dir='ltr'><strong>Ἕτυρώθη</strong></span> <span class='ocrx_word' id='word_1_462' title='bbox 622 4015 696 4083; x_wconf 83' lang='grc' dir='ltr'><strong>ὡς</strong></span> <span class='ocrx_word' id='word_1_463' title='bbox 721 4014 879 4084; x_wconf 75' lang='grc' dir='ltr'>τάλα</span> <span class='ocrx_word' id='word_1_464' title='bbox 903 4013 942 4081; x_wconf 76' lang='grc' dir='ltr'>ἡ</span> <span class='ocrx_word' id='word_1_465' title='bbox 966 4011 1181 4081; x_wconf 78' lang='grc' dir='ltr'>καρδία</span> <span class='ocrx_word' id='word_1_466' title='bbox 1203 4008 1423 4076; x_wconf 77' lang='grc' dir='ltr'>αὐτῶν,</span> <span class='ocrx_word' id='word_1_467' title='bbox 1449 4006 1566 4080; x_wconf 69' lang='grc' dir='ltr'><strong>ἐγὼ</strong></span> <span class='ocrx_word' id='word_1_468' title='bbox 1603 4005 1672 4061; x_wconf 77' lang='grc' dir='ltr'><strong>δὲ</strong></span> <span class='ocrx_word' id='word_1_469' title='bbox 1692 4005 1797 4059; x_wconf 82' lang='grc' dir='ltr'><strong>τὸν</strong></span> 
     </span>
    </p>
   </div>
   <div class='ocr_carea' id='block_1_67' title="bbox 197 4093 1795 4179">
    <p class='ocr_par' dir='ltr' id='par_1_67' title="bbox 197 4093 1795 4179">
     <span class='ocr_line' id='line_1_67' title="bbox 197 4093 1795 4179; baseline -0.008 -14"><span class='ocrx_word' id='word_1_470' title='bbox 197 4112 403 4179; x_wconf 72' lang='grc' dir='ltr'>νόμον</span> <span class='ocrx_word' id='word_1_471' title='bbox 460 4123 578 4162; x_wconf 86' lang='grc' dir='ltr'>σου</span> <span class='ocrx_word' id='word_1_472' title='bbox 601 4106 966 4177; x_wconf 74' lang='grc' dir='ltr'><strong>ἐμελέτησα.</strong></span> <span class='ocrx_word' id='word_1_473' title='bbox 1016 4101 1398 4172; x_wconf 80' lang='grc' dir='ltr'>Ἐσκληρύνθη</span> <span class='ocrx_word' id='word_1_474' title='bbox 1451 4099 1578 4154; x_wconf 85' lang='grc' dir='ltr'>κατ’</span> <span class='ocrx_word' id='word_1_475' title='bbox 1633 4093 1795 4158; x_wconf 64' lang='grc' dir='ltr'>ἐμοῦ.</span> 
     </span>
    </p>
   </div>
   <div class='ocr_carea' id='block_1_68' title="bbox 199 4186 1793 4272">
    <p class='ocr_par' dir='ltr' id='par_1_68' title="bbox 199 4186 1793 4272">
     <span class='ocr_line' id='line_1_68' title="bbox 199 4186 1793 4272; baseline -0.012 -15"><span class='ocrx_word' id='word_1_476' title='bbox 199 4203 280 4257; x_wconf 83' lang='grc' dir='ltr'><strong>Τὸ</strong></span> <span class='ocrx_word' id='word_1_477' title='bbox 336 4202 485 4264; x_wconf 81' lang='grc' dir='ltr'>γάλα</span> <span class='ocrx_word' id='word_1_478' title='bbox 543 4199 652 4272; x_wconf 81' lang='grc' dir='ltr'><strong>γάρ</strong></span> <span class='ocrx_word' id='word_1_479' title='bbox 678 4197 940 4267; x_wconf 79' lang='grc' dir='ltr'>είςτυρὸν</span> <span class='ocrx_word' id='word_1_480' title='bbox 990 4193 1365 4266; x_wconf 84' lang='grc' dir='ltr'>πησσόμενον,</span> <span class='ocrx_word' id='word_1_481' title='bbox 1401 4186 1793 4260; x_wconf 81' lang='grc' dir='ltr'>σκληρύνεται.</span> 
     </span>
    </p>
   </div>
   <div class='ocr_carea' id='block_1_69' title="bbox 206 4278 1800 4362">
    <p class='ocr_par' dir='ltr' id='par_1_69' title="bbox 206 4278 1800 4362">
     <span class='ocr_line' id='line_1_69' title="bbox 206 4278 1800 4362; baseline -0.011 -14"><span class='ocrx_word' id='word_1_482' title='bbox 206 4295 284 4348; x_wconf 78' lang='grc' dir='ltr'><strong>ἰι</strong></span> <span class='ocrx_word' id='word_1_483' title='bbox 357 4290 628 4362; x_wconf 73' lang='grc' dir='ltr'>ὲλιπάνοή</span> <span class='ocrx_word' id='word_1_484' title='bbox 664 4286 1131 4359; x_wconf 33' lang='grc' dir='ltr'>γὲνευοηνουμένη</span> <span class='ocrx_word' id='word_1_485' title='bbox 1204 4286 1330 4347; x_wconf 82' lang='grc' dir='ltr'>ταῖς</span> <span class='ocrx_word' id='word_1_486' title='bbox 1386 4281 1652 4342; x_wconf 79' lang='grc' dir='ltr'>ἀδικίαις.</span> <span class='ocrx_word' id='word_1_487' title='bbox 1724 4278 1800 4332; x_wconf 83' lang='grc' dir='ltr'>Τὸ</span> 
     </span>
    </p>
   </div>
   <div class='ocr_carea' id='block_1_70' title="bbox 181 4370 1801 4471">
    <p class='ocr_par' dir='ltr' id='par_1_70' title="bbox 181 4370 1801 4471">
     <span class='ocr_line' id='line_1_70' title="bbox 181 4370 1801 4471; baseline -0.011 -29"><span class='ocrx_word' id='word_1_488' title='bbox 181 4390 360 4471; x_wconf 78' lang='grc' dir='ltr'><strong>⁴γάλα</strong></span> <span class='ocrx_word' id='word_1_489' title='bbox 388 4387 502 4457; x_wconf 86' lang='grc' dir='ltr'><strong>γὰρ</strong></span> <span class='ocrx_word' id='word_1_490' title='bbox 534 4387 615 4448; x_wconf 81' lang='grc' dir='ltr'><strong>εις</strong></span> <span class='ocrx_word' id='word_1_491' title='bbox 643 4384 807 4457; x_wconf 74' lang='grc' dir='ltr'>τυρὸν</span> <span class='ocrx_word' id='word_1_492' title='bbox 840 4380 1189 4454; x_wconf 80' lang='grc' dir='ltr'>πησσόμενον</span> <span class='ocrx_word' id='word_1_493' title='bbox 1244 4375 1654 4447; x_wconf 80' lang='grc' dir='ltr'>λιπωδέστερον</span> <span class='ocrx_word' id='word_1_494' title='bbox 1709 4370 1801 4441; x_wconf 66' lang='lat' dir='ltr'><strong>1t-</strong></span> 
     </span>
    </p>
   </div>
   <div class='ocr_carea' id='block_1_71' title="bbox 205 4497 393 4536">
    <p class='ocr_par' dir='ltr' id='par_1_71' title="bbox 205 4497 393 4536">
     <span class='ocr_line' id='line_1_71' title="bbox 205 4497 393 4536; baseline -0.021 0"><span class='ocrx_word' id='word_1_495' title='bbox 205 4497 393 4536; x_wconf 82' lang='grc' dir='ltr'>νεται.</span> 
     </span>
    </p>
   </div>
   <div class='ocr_carea' id='block_1_72' title="bbox 1895 3352 3481 3431">
    <p class='ocr_par' dir='ltr' id='par_1_72' title="bbox 1895 3352 3481 3431">
     <span class='ocr_line' id='line_1_72' title="bbox 1895 3352 3481 3431; baseline -0.009 -16"><span class='ocrx_word' id='word_1_496' title='bbox 1895 3359 2199 3431; x_wconf 82' lang='lat' dir='ltr'><strong>perborum,</strong></span> <span class='ocrx_word' id='word_1_497' title='bbox 2231 3375 2323 3427; x_wconf 86' lang='lat' dir='ltr'><strong>ego</strong></span> <span class='ocrx_word' id='word_1_498' title='bbox 2359 3367 2537 3411; x_wconf 85' lang='lat' dir='ltr'><strong>autem</strong></span> <span class='ocrx_word' id='word_1_499' title='bbox 2605 3356 2662 3409; x_wconf 88' lang='lat' dir='ltr'><strong>in</strong></span> <span class='ocrx_word' id='word_1_500' title='bbox 2698 3363 2804 3408; x_wconf 86' lang='lat' dir='ltr'><strong>toto</strong></span> <span class='ocrx_word' id='word_1_501' title='bbox 2850 3352 3007 3407; x_wconf 85' lang='lat' dir='ltr'><strong>corde</strong></span> <span class='ocrx_word' id='word_1_502' title='bbox 3037 3368 3148 3406; x_wconf 87' lang='lat' dir='ltr'><strong>meo</strong></span> <span class='ocrx_word' id='word_1_503' title='bbox 3196 3352 3481 3406; x_wconf 85' lang='lat' dir='ltr'><strong>scrutabor</strong></span> 
     </span>
    </p>
   </div>
   <div class='ocr_carea' id='block_1_73' title="bbox 1868 3440 3481 3517">
    <p class='ocr_par' dir='ltr' id='par_1_73' title="bbox 1868 3440 3481 3517">
     <span class='ocr_line' id='line_1_73' title="bbox 1868 3440 3481 3517; baseline -0.009 -9"><span class='ocrx_word' id='word_1_504' title='bbox 1868 3450 2154 3507; x_wconf 77' lang='lat' dir='ltr'><strong>\mandata</strong></span> <span class='ocrx_word' id='word_1_505' title='bbox 2182 3460 2297 3505; x_wconf 81' lang='lat' dir='ltr'><strong>tua.</strong></span> <span class='ocrx_word' id='word_1_506' title='bbox 2328 3449 2438 3514; x_wconf 82' lang='lat' dir='ltr'><strong>Illi,</strong></span> <span class='ocrx_word' id='word_1_507' title='bbox 2482 3446 2680 3517; x_wconf 87' lang='lat' dir='ltr'><strong>inquit,</strong></span> <span class='ocrx_word' id='word_1_508' title='bbox 2710 3459 2923 3501; x_wconf 86' lang='lat' dir='ltr'><strong>summa</strong></span> <span class='ocrx_word' id='word_1_509' title='bbox 2957 3458 3045 3500; x_wconf 87' lang='lat' dir='ltr'><strong>me</strong></span> <span class='ocrx_word' id='word_1_510' title='bbox 3068 3442 3310 3498; x_wconf 76' lang='lat' dir='ltr'><strong>alliciunt</strong></span> <span class='ocrx_word' id='word_1_511' title='bbox 3342 3440 3481 3510; x_wconf 88' lang='lat' dir='ltr'><strong>inju-</strong></span> 
     </span>
    </p>
   </div>
   <div class='ocr_carea' id='block_1_74' title="bbox 1897 3535 3482 3613">
    <p class='ocr_par' dir='ltr' id='par_1_74' title="bbox 1897 3535 3482 3613">
     <span class='ocr_line' id='line_1_74' title="bbox 1897 3535 3482 3613; baseline -0.006 -14"><span class='ocrx_word' id='word_1_512' title='bbox 1897 3545 2002 3613; x_wconf 63' lang='lat' dir='ltr'><strong>ria,</strong></span> <span class='ocrx_word' id='word_1_513' title='bbox 2036 3557 2139 3612; x_wconf 90' lang='lat' dir='ltr'><strong>ego</strong></span> <span class='ocrx_word' id='word_1_514' title='bbox 2171 3550 2357 3596; x_wconf 86' lang='lat' dir='ltr'><strong>tamen</strong></span> <span class='ocrx_word' id='word_1_515' title='bbox 2396 3547 2688 3608; x_wconf 81' lang='lat' dir='ltr'><strong>propterea</strong></span> <span class='ocrx_word' id='word_1_516' title='bbox 2717 3551 2748 3590; x_wconf 89' lang='lat' dir='ltr'><strong>a</strong></span> <span class='ocrx_word' id='word_1_517' title='bbox 2782 3535 3062 3591; x_wconf 87' lang='lat' dir='ltr'><strong>mandatis</strong></span> <span class='ocrx_word' id='word_1_518' title='bbox 3097 3538 3209 3589; x_wconf 86' lang='lat' dir='ltr'><strong>tuis</strong></span> <span class='ocrx_word' id='word_1_519' title='bbox 3245 3548 3349 3588; x_wconf 92' lang='lat' dir='ltr'><strong>non</strong></span> <span class='ocrx_word' id='word_1_520' title='bbox 3395 3546 3482 3589; x_wconf 85' lang='lat' dir='ltr'><strong>re-</strong></span> 
     </span>
    </p>
   </div>
   <div class='ocr_carea' id='block_1_75' title="bbox 1899 3624 3482 3700">
    <p class='ocr_par' dir='ltr' id='par_1_75' title="bbox 1899 3624 3482 3700">
     <span class='ocr_line' id='line_1_75' title="bbox 1899 3624 3482 3700; baseline -0.009 -7"><span class='ocrx_word' id='word_1_521' title='bbox 1899 3642 2116 3697; x_wconf 82' lang='lat' dir='ltr'><strong>cedam,</strong></span> <span class='ocrx_word' id='word_1_522' title='bbox 2149 3648 2254 3689; x_wconf 90' lang='lat' dir='ltr'><strong>nec</strong></span> <span class='ocrx_word' id='word_1_523' title='bbox 2285 3632 2553 3700; x_wconf 84' lang='lat' dir='ltr'><strong>superbos</strong></span> <span class='ocrx_word' id='word_1_524' title='bbox 2585 3629 2843 3685; x_wconf 86' lang='lat' dir='ltr'><strong>imitabor</strong></span> <span class='ocrx_word' id='word_1_525' title='bbox 2878 3626 3165 3696; x_wconf 88' lang='lat' dir='ltr'><strong>:quinimo</strong></span> <span class='ocrx_word' id='word_1_526' title='bbox 3192 3624 3482 3679; x_wconf 88' lang='lat' dir='ltr'><strong>scrutabor</strong></span> 
     </span>
    </p>
   </div>
   <div class='ocr_carea' id='block_1_76' title="bbox 1898 3714 3484 3791">
    <p class='ocr_par' dir='ltr' id='par_1_76' title="bbox 1898 3714 3484 3791">
     <span class='ocr_line' id='line_1_76' title="bbox 1898 3714 3484 3791; baseline -0.008 -9"><span class='ocrx_word' id='word_1_527' title='bbox 1898 3725 2156 3782; x_wconf 89' lang='lat' dir='ltr'><strong>mandata</strong></span> <span class='ocrx_word' id='word_1_528' title='bbox 2184 3734 2300 3789; x_wconf 91' lang='lat' dir='ltr'><strong>tua,</strong></span> <span class='ocrx_word' id='word_1_529' title='bbox 2326 3722 2390 3776; x_wconf 83' lang='lat' dir='ltr'><strong>in</strong></span> <span class='ocrx_word' id='word_1_530' title='bbox 2423 3723 2627 3791; x_wconf 88' lang='lat' dir='ltr'><strong>quibus</strong></span> <span class='ocrx_word' id='word_1_531' title='bbox 2652 3718 3092 3775; x_wconf 85' lang='lat' dir='ltr'><strong>consolationem</strong></span> <span class='ocrx_word' id='word_1_532' title='bbox 3142 3717 3320 3786; x_wconf 84' lang='lat' dir='ltr'><strong>capio.</strong></span> <span class='ocrx_word' id='word_1_533' title='bbox 3377 3714 3484 3770; x_wconf 88' lang='lat' dir='ltr'><strong>Per</strong></span> 
     </span>
    </p>
   </div>
   <div class='ocr_carea' id='block_1_77' title="bbox 1901 3808 3484 3887">
    <p class='ocr_par' dir='ltr' id='par_1_77' title="bbox 1901 3808 3484 3887">
     <span class='ocr_line' id='line_1_77' title="bbox 1901 3808 3484 3887; baseline -0.008 -12"><span class='ocrx_word' id='word_1_534' title='bbox 1901 3817 2166 3887; x_wconf 86' lang='lat' dir='ltr'><strong>superbos</strong></span> <span class='ocrx_word' id='word_1_535' title='bbox 2192 3825 2375 3870; x_wconf 86' lang='lat' dir='ltr'><strong>autem</strong></span> <span class='ocrx_word' id='word_1_536' title='bbox 2414 3821 2469 3869; x_wconf 87' lang='lat' dir='ltr'><strong>et</strong></span> <span class='ocrx_word' id='word_1_537' title='bbox 2496 3812 2776 3869; x_wconf 62' lang='lat' dir='ltr'><strong>daemones</strong></span> <span class='ocrx_word' id='word_1_538' title='bbox 2807 3809 3076 3880; x_wconf 89' lang='lat' dir='ltr'><strong>intellige,</strong></span> <span class='ocrx_word' id='word_1_539' title='bbox 3100 3818 3157 3863; x_wconf 89' lang='lat' dir='ltr'><strong>et</strong></span> <span class='ocrx_word' id='word_1_540' title='bbox 3184 3808 3319 3879; x_wconf 83' lang='lat' dir='ltr'><strong>legis</strong></span> <span class='ocrx_word' id='word_1_541' title='bbox 3344 3823 3484 3864; x_wconf 89' lang='lat' dir='ltr'><strong>con-</strong></span> 
     </span>
    </p>
   </div>
   <div class='ocr_carea' id='block_1_78' title="bbox 1901 3907 3494 3980">
    <p class='ocr_par' dir='ltr' id='par_1_78' title="bbox 1901 3907 3494 3980">
     <span class='ocr_line' id='line_1_78' title="bbox 1901 3907 3494 3980; baseline -0.011 -14"><span class='ocrx_word' id='word_1_542' title='bbox 1901 3921 2010 3966; x_wconf 89' lang='lat' dir='ltr'><strong>tem</strong></span> <span class='ocrx_word' id='word_1_543' title='bbox 2022 3922 2226 3980; x_wconf 87' lang='lat' dir='ltr'><strong>plores.</strong></span> <span class='ocrx_word' id='word_1_544' title='bbox 3491 3907 3494 3910; x_wconf 77' lang='lat'><strong>‘</strong></span> 
     </span>
    </p>
   </div>
   <div class='ocr_carea' id='block_1_79' title="bbox 1973 3990 3485 4068">
    <p class='ocr_par' dir='ltr' id='par_1_79' title="bbox 1973 3990 3485 4068">
     <span class='ocr_line' id='line_1_79' title="bbox 1973 3990 3485 4068; baseline -0.01 -11"><span class='ocrx_word' id='word_1_545' title='bbox 1973 4001 2140 4057; x_wconf 66' lang='lat' dir='ltr'><strong>Vnus.</strong></span> <span class='ocrx_word' id='word_1_546' title='bbox 2195 3998 2282 4054; x_wconf 87' lang='lat'><strong>70.</strong></span> <span class='ocrx_word' id='word_1_547' title='bbox 2338 3994 2695 4068; x_wconf 87' lang='lat' dir='ltr'><strong>Coagulatum</strong></span> <span class='ocrx_word' id='word_1_548' title='bbox 2748 4002 2826 4049; x_wconf 91' lang='lat' dir='ltr'><strong>est</strong></span> <span class='ocrx_word' id='word_1_549' title='bbox 2871 3992 3011 4047; x_wconf 84' lang='lat' dir='ltr'><strong>sicut</strong></span> <span class='ocrx_word' id='word_1_550' title='bbox 3052 3990 3137 4046; x_wconf 87' lang='lat' dir='ltr'><strong>lac</strong></span> <span class='ocrx_word' id='word_1_551' title='bbox 3156 4005 3248 4045; x_wconf 87' lang='lat' dir='ltr'><strong>cor</strong></span> <span class='ocrx_word' id='word_1_552' title='bbox 3277 4005 3485 4053; x_wconf 88' lang='lat' dir='ltr'><strong>eorum,</strong></span> 
     </span>
    </p>
   </div>
   <div class='ocr_carea' id='block_1_80' title="bbox 1900 4081 3484 4171">
    <p class='ocr_par' dir='ltr' id='par_1_80' title="bbox 1900 4081 3484 4171">
     <span class='ocr_line' id='line_1_80' title="bbox 1900 4081 3484 4171; baseline -0.01 -22"><span class='ocrx_word' id='word_1_553' title='bbox 1900 4112 1994 4167; x_wconf 87' lang='lat' dir='ltr'><strong>ego</strong></span> <span class='ocrx_word' id='word_1_554' title='bbox 2036 4110 2155 4148; x_wconf 79' lang='lat' dir='ltr'><strong>vero</strong></span> <span class='ocrx_word' id='word_1_555' title='bbox 2184 4093 2349 4162; x_wconf 87' lang='lat' dir='ltr'><strong>legem</strong></span> <span class='ocrx_word' id='word_1_556' title='bbox 2378 4101 2524 4171; x_wconf 79' lang='lat' dir='ltr'><strong>tuam</strong></span> <span class='ocrx_word' id='word_1_557' title='bbox 2556 4088 2843 4142; x_wconf 88' lang='lat' dir='ltr'><strong>meditatus</strong></span> <span class='ocrx_word' id='word_1_558' title='bbox 2868 4100 3006 4139; x_wconf 87' lang='lat' dir='ltr'><strong>sum.</strong></span> <span class='ocrx_word' id='word_1_559' title='bbox 3027 4081 3343 4137; x_wconf 89' lang='lat' dir='ltr'><strong>lnduratum</strong></span> <span class='ocrx_word' id='word_1_560' title='bbox 3378 4087 3484 4145; x_wconf 85' lang='lat' dir='ltr'><strong>est,</strong></span> 
     </span>
    </p>
   </div>
   <div class='ocr_carea' id='block_1_81' title="bbox 1900 4170 3489 4253">
    <p class='ocr_par' dir='ltr' id='par_1_81' title="bbox 1900 4170 3489 4253">
     <span class='ocr_line' id='line_1_81' title="bbox 1900 4170 3489 4253; baseline -0.012 -15"><span class='ocrx_word' id='word_1_561' title='bbox 1900 4182 2103 4253; x_wconf 90' lang='lat' dir='ltr'><strong>inquit,</strong></span> <span class='ocrx_word' id='word_1_562' title='bbox 2140 4194 2334 4235; x_wconf 89' lang='lat' dir='ltr'><strong>eorum</strong></span> <span class='ocrx_word' id='word_1_563' title='bbox 2367 4193 2463 4232; x_wconf 91' lang='lat' dir='ltr'><strong>cor</strong></span> <span class='ocrx_word' id='word_1_564' title='bbox 2496 4176 2790 4230; x_wconf 88' lang='lat' dir='ltr'><strong>adversum</strong></span> <span class='ocrx_word' id='word_1_565' title='bbox 2832 4188 2940 4228; x_wconf 88' lang='lat' dir='ltr'><strong>mc.</strong></span> <span class='ocrx_word' id='word_1_566' title='bbox 2972 4170 3082 4226; x_wconf 83' lang='lat' dir='ltr'><strong>Lac</strong></span> <span class='ocrx_word' id='word_1_567' title='bbox 3110 4170 3257 4226; x_wconf 89' lang='lat' dir='ltr'><strong>enim</strong></span> <span class='ocrx_word' id='word_1_568' title='bbox 3287 4182 3489 4238; x_wconf 89' lang='lat' dir='ltr'><strong>coagu-</strong></span> 
     </span>
    </p>
   </div>
   <div class='ocr_carea' id='block_1_82' title="bbox 1903 4259 3488 4334">
    <p class='ocr_par' dir='ltr' id='par_1_82' title="bbox 1903 4259 3488 4334">
     <span class='ocr_line' id='line_1_82' title="bbox 1903 4259 3488 4334; baseline -0.01 -6"><span class='ocrx_word' id='word_1_569' title='bbox 1903 4275 2069 4330; x_wconf 86' lang='lat' dir='ltr'><strong>latum</strong></span> <span class='ocrx_word' id='word_1_570' title='bbox 2096 4275 2150 4328; x_wconf 92' lang='lat' dir='ltr'><strong>in</strong></span> <span class='ocrx_word' id='word_1_571' title='bbox 2186 4288 2409 4328; x_wconf 89' lang='lat' dir='ltr'><strong>caseum</strong></span> <span class='ocrx_word' id='word_1_572' title='bbox 2443 4268 2783 4323; x_wconf 89' lang='lat' dir='ltr'><strong>obdurescit.</strong></span> <span class='ocrx_word' id='word_1_573' title='bbox 2817 4264 2915 4320; x_wconf 85' lang='lat' dir='ltr'><strong>Vel</strong></span> <span class='ocrx_word' id='word_1_574' title='bbox 2949 4266 3117 4334; x_wconf 90' lang='lat' dir='ltr'><strong>(quia</strong></span> <span class='ocrx_word' id='word_1_575' title='bbox 3167 4262 3355 4317; x_wconf 75' lang='lat' dir='ltr'><strong>Grzeca</strong></span> <span class='ocrx_word' id='word_1_576' title='bbox 3403 4259 3488 4312; x_wconf 88' lang='lat' dir='ltr'><strong>di-</strong></span> 
     </span>
    </p>
   </div>
   <div class='ocr_carea' id='block_1_83' title="bbox 1900 4358 3488 4434">
    <p class='ocr_par' dir='ltr' id='par_1_83' title="bbox 1900 4358 3488 4434">
     <span class='ocr_line' id='line_1_83' title="bbox 1900 4358 3488 4434; baseline -0.011 -12"><span class='ocrx_word' id='word_1_577' title='bbox 1900 4364 2033 4428; x_wconf 81' lang='lat' dir='ltr'><strong>ctio,</strong></span> <span class='ocrx_word' id='word_1_578' title='bbox 2056 4364 2332 4434; x_wconf 78' lang='grc' dir='ltr'>ὲτυρώθη,</span> <span class='ocrx_word' id='word_1_579' title='bbox 2369 4378 2475 4416; x_wconf 86' lang='lat' dir='ltr'><strong>non</strong></span> <span class='ocrx_word' id='word_1_580' title='bbox 2508 4373 2617 4414; x_wconf 90' lang='lat' dir='ltr'><strong>tam</strong></span> <span class='ocrx_word' id='word_1_581' title='bbox 2654 4358 2996 4429; x_wconf 87' lang='lat' dir='ltr'><strong>coagulatum</strong></span> <span class='ocrx_word' id='word_1_582' title='bbox 3024 4370 3187 4426; x_wconf 86' lang='lat' dir='ltr'><strong>quam</strong></span> <span class='ocrx_word' id='word_1_583' title='bbox 3215 4362 3488 4408; x_wconf 90' lang='lat' dir='ltr'><strong>caseatum</strong></span> 
     </span>
    </p>
   </div>
   <div class='ocr_carea' id='block_1_84' title="bbox 1903 4444 3490 4530">
    <p class='ocr_par' dir='ltr' id='par_1_84' title="bbox 1903 4444 3490 4530">
     <span class='ocr_line' id='line_1_84' title="bbox 1903 4444 3490 4530; baseline -0.01 -16"><span class='ocrx_word' id='word_1_584' title='bbox 1903 4458 2214 4530; x_wconf 74' lang='lat' dir='ltr'><strong>significat)</strong></span> <span class='ocrx_word' id='word_1_585' title='bbox 2245 4471 2259 4508; x_wconf 89' lang='lat'><strong>:</strong></span> <span class='ocrx_word' id='word_1_586' title='bbox 2288 4453 2584 4509; x_wconf 89' lang='lat' dir='ltr'><strong>Caseatum</strong></span> <span class='ocrx_word' id='word_1_587' title='bbox 2616 4463 2736 4515; x_wconf 91' lang='lat' dir='ltr'><strong>est,</strong></span> <span class='ocrx_word' id='word_1_588' title='bbox 2766 4451 2985 4519; x_wconf 91' lang='lat' dir='ltr'><strong>inquit,</strong></span> <span class='ocrx_word' id='word_1_589' title='bbox 3010 4447 3115 4500; x_wconf 88' lang='lat' dir='ltr'><strong>hoc</strong></span> <span class='ocrx_word' id='word_1_590' title='bbox 3143 4454 3260 4509; x_wconf 90' lang='lat' dir='ltr'><strong>est,</strong></span> <span class='ocrx_word' id='word_1_591' title='bbox 3288 4444 3490 4513; x_wconf 83' lang='lat' dir='ltr'><strong>pingue</strong></span> 
     </span>
    </p>
   </div>
   <div class='ocr_carea' id='block_1_85' title="bbox 1832 4536 3491 4621">
    <p class='ocr_par' dir='ltr' id='par_1_85' title="bbox 1832 4536 3491 4621">
     <span class='ocr_line' id='line_1_85' title="bbox 1832 4536 3491 4621; baseline -0.012 -14"><span class='ocrx_word' id='word_1_592' title='bbox 1832 4565 1876 4621; x_wconf 79' lang='grc' dir='ltr'><strong>ι)</strong></span> <span class='ocrx_word' id='word_1_593' title='bbox 1907 4551 2180 4614; x_wconf 77' lang='lat' dir='ltr'><strong>ellectum,</strong></span> <span class='ocrx_word' id='word_1_594' title='bbox 2204 4557 2256 4602; x_wconf 87' lang='lat' dir='ltr'><strong>et</strong></span> <span class='ocrx_word' id='word_1_595' title='bbox 2292 4545 2581 4599; x_wconf 88' lang='lat' dir='ltr'><strong>abundans</strong></span> <span class='ocrx_word' id='word_1_596' title='bbox 2603 4541 3014 4611; x_wconf 88' lang='lat' dir='ltr'><strong>iniquitatibus.</strong></span> <span class='ocrx_word' id='word_1_597' title='bbox 3045 4536 3194 4591; x_wconf 79' lang='grc' dir='ltr'><strong>ΕΠὶοὶ</strong></span> <span class='ocrx_word' id='word_1_598' title='bbox 3220 4537 3365 4590; x_wconf 84' lang='lat' dir='ltr'><strong>enim</strong></span> <span class='ocrx_word' id='word_1_599' title='bbox 3400 4548 3491 4589; x_wconf 83' lang='lat' dir='ltr'><strong>so-</strong></span> 
     </span>
    </p>
   </div>
   <div class='ocr_carea' id='block_1_86' title="bbox 1909 4626 3318 4708">
    <p class='ocr_par' dir='ltr' id='par_1_86' title="bbox 1909 4626 3318 4708">
     <span class='ocr_line' id='line_1_86' title="bbox 1909 4626 3318 4708; baseline -0.013 -13"><span class='ocrx_word' id='word_1_600' title='bbox 1909 4642 1987 4695; x_wconf 87' lang='lat' dir='ltr'><strong>let</strong></span> <span class='ocrx_word' id='word_1_601' title='bbox 2017 4637 2300 4708; x_wconf 81' lang='lat' dir='ltr'><strong>pinguius,</strong></span> <span class='ocrx_word' id='word_1_602' title='bbox 2330 4635 2436 4698; x_wconf 90' lang='lat' dir='ltr'><strong>lac,</strong></span> <span class='ocrx_word' id='word_1_603' title='bbox 2475 4633 2567 4687; x_wconf 90' lang='lat' dir='ltr'><strong>ubi</strong></span> <span class='ocrx_word' id='word_1_604' title='bbox 2598 4632 2651 4687; x_wconf 94' lang='lat' dir='ltr'><strong>in</strong></span> <span class='ocrx_word' id='word_1_605' title='bbox 2686 4644 2907 4686; x_wconf 85' lang='lat' dir='ltr'><strong>caseum</strong></span> <span class='ocrx_word' id='word_1_606' title='bbox 2956 4626 3318 4683; x_wconf 84' lang='lat' dir='ltr'><strong>concreverit.</strong></span> 
     </span>
    </p>
   </div>
   <div class='ocr_carea' id='block_1_87' title="bbox 281 4720 1794 4813">
    <p class='ocr_par' dir='ltr' id='par_1_87' title="bbox 281 4721 1794 4813">
     <span class='ocr_line' id='line_1_87' title="bbox 281 4721 1794 4813; baseline -0.015 -13"><span class='ocrx_word' id='word_1_607' title='bbox 281 4742 547 4813; x_wconf 77' lang='grc' dir='ltr'><strong>’Δγαθόν</strong></span> <span class='ocrx_word' id='word_1_608' title='bbox 597 4755 699 4808; x_wconf 82' lang='grc' dir='ltr'><strong>μοι</strong></span> <span class='ocrx_word' id='word_1_609' title='bbox 755 4737 845 4792; x_wconf 86' lang='grc' dir='ltr'><strong>ὅτι</strong></span> <span class='ocrx_word' id='word_1_610' title='bbox 887 4730 1299 4799; x_wconf 75' lang='grc' dir='ltr'>ἐταπείνωσάς</span> <span class='ocrx_word' id='word_1_611' title='bbox 1354 4745 1452 4799; x_wconf 83' lang='grc' dir='ltr'>με·</span> <span class='ocrx_word' id='word_1_612' title='bbox 1523 4727 1684 4792; x_wconf 80' lang='grc' dir='ltr'><strong>ὅπως</strong></span> <span class='ocrx_word' id='word_1_613' title='bbox 1728 4721 1794 4780; x_wconf 72' lang='grc' dir='ltr'>ἂν</span> 
     </span>
    </p>
   </div>
   <div class='ocr_carea' id='block_1_88' title="bbox 1906 4720 3492 4813">
    <p class='ocr_par' dir='ltr' id='par_1_88' title="bbox 1984 4720 3492 4791">
     <span class='ocr_line' id='line_1_88' title="bbox 1984 4720 3492 4791; baseline -0.012 -5"><span class='ocrx_word' id='word_1_614' title='bbox 1984 4732 2143 4786; x_wconf 64' lang='lat' dir='ltr'><strong>Vens.</strong></span> <span class='ocrx_word' id='word_1_615' title='bbox 2188 4729 2275 4783; x_wconf 83' lang='lat'><strong>7|.</strong></span> <span class='ocrx_word' id='word_1_616' title='bbox 2319 4726 2525 4783; x_wconf 85' lang='lat' dir='ltr'><strong>Bonum</strong></span> <span class='ocrx_word' id='word_1_617' title='bbox 2574 4725 2724 4787; x_wconf 86' lang='lat' dir='ltr'><strong>mihi,</strong></span> <span class='ocrx_word' id='word_1_618' title='bbox 2773 4723 2899 4791; x_wconf 87' lang='lat' dir='ltr'><strong>quia</strong></span> <span class='ocrx_word' id='word_1_619' title='bbox 2954 4720 3251 4776; x_wconf 84' lang='lat' dir='ltr'><strong>humiliasti</strong></span> <span class='ocrx_word' id='word_1_620' title='bbox 3282 4734 3385 4779; x_wconf 86' lang='lat' dir='ltr'><strong>me,</strong></span> <span class='ocrx_word' id='word_1_621' title='bbox 3432 4721 3492 4770; x_wconf 85' lang='lat' dir='ltr'><strong>ut</strong></span> 
     </span>
    </p>
   </div>
   <div class='ocr_carea' id='block_1_89' title="bbox 202 4807 1794 4910">
    <p class='ocr_par' dir='ltr' id='par_1_89' title="bbox 202 4807 1794 4910">
     <span class='ocr_line' id='line_1_89' title="bbox 202 4807 1794 4910; baseline -0.015 -18"><span class='ocrx_word' id='word_1_622' title='bbox 202 4807 390 4910; x_wconf 62' lang='lat' dir='ltr'><strong>primo</strong></span> <span class='ocrx_word' id='word_1_623' title='bbox 411 4835 486 4888; x_wconf 82' lang='grc' dir='ltr'><strong>τὰ</strong></span> <span class='ocrx_word' id='word_1_624' title='bbox 547 4807 913 4899; x_wconf 75' lang='grc' dir='ltr'>δικαιώματά</span> <span class='ocrx_word' id='word_1_625' title='bbox 971 4845 1112 4882; x_wconf 88' lang='grc' dir='ltr'>σου.</span> <span class='ocrx_word' id='word_1_626' title='bbox 1167 4823 1477 4895; x_wconf 78' lang='grc' dir='ltr'>Συμφέρον,</span> <span class='ocrx_word' id='word_1_627' title='bbox 1528 4818 1794 4889; x_wconf 48' lang='grc' dir='ltr'>ὠφέλιμόν</span> 
     </span>
    </p>
   </div>
   <div class='ocr_carea' id='block_1_90' title="bbox 1906 4807 3493 4910">
    <p class='ocr_par' dir='ltr' id='par_1_90' title="bbox 1909 4807 3493 4889">
     <span class='ocr_line' id='line_1_90' title="bbox 1909 4807 3493 4889; baseline -0.01 -13"><span class='ocrx_word' id='word_1_628' title='bbox 1909 4823 2111 4876; x_wconf 83' lang='lat' dir='ltr'><strong>discam</strong></span> <span class='ocrx_word' id='word_1_629' title='bbox 2136 4816 2555 4889; x_wconf 81' lang='lat' dir='ltr'><strong>justiﬁcationes</strong></span> <span class='ocrx_word' id='word_1_630' title='bbox 2589 4824 2730 4869; x_wconf 85' lang='lat' dir='ltr'><strong>tuas.</strong></span> <span class='ocrx_word' id='word_1_631' title='bbox 2764 4811 2911 4867; x_wconf 89' lang='lat' dir='ltr'><strong>Utile</strong></span> <span class='ocrx_word' id='word_1_632' title='bbox 2951 4812 3176 4883; x_wconf 89' lang='lat' dir='ltr'><strong>quidem</strong></span> <span class='ocrx_word' id='word_1_633' title='bbox 3207 4809 3340 4864; x_wconf 86' lang='lat' dir='ltr'><strong>mihi</strong></span> <span class='ocrx_word' id='word_1_634' title='bbox 3386 4807 3493 4863; x_wconf 81' lang='lat' dir='ltr'><strong>fuit</strong></span> 
     </span>
    </p>
   </div>
   <div class='ocr_carea' id='block_1_91' title="bbox 213 4900 1794 5002">
    <p class='ocr_par' dir='ltr' id='par_1_91' title="bbox 213 4900 1794 5002">
     <span class='ocr_line' id='line_1_91' title="bbox 213 4900 1794 5002; baseline -0.014 -20"><span class='ocrx_word' id='word_1_635' title='bbox 213 4900 319 5002; x_wconf 73' lang='grc' dir='ltr'>μοι</span> <span class='ocrx_word' id='word_1_636' title='bbox 362 4930 610 4995; x_wconf 72' lang='grc' dir='ltr'>γέγονεν,</span> <span class='ocrx_word' id='word_1_637' title='bbox 664 4923 747 4976; x_wconf 85' lang='grc' dir='ltr'><strong>ὅτι</strong></span> <span class='ocrx_word' id='word_1_638' title='bbox 802 4916 1137 4981; x_wconf 72' lang='grc' dir='ltr'>ιπαίδευσάς</span> <span class='ocrx_word' id='word_1_639' title='bbox 1195 4932 1262 4987; x_wconf 83' lang='grc' dir='ltr'><strong>με</strong></span> <span class='ocrx_word' id='word_1_640' title='bbox 1306 4912 1660 4983; x_wconf 76' lang='grc' dir='ltr'>πειρασμοῖς,</span> <span class='ocrx_word' id='word_1_641' title='bbox 1720 4907 1794 4961; x_wconf 79' lang='grc' dir='ltr'><strong>ἵνα</strong></span> 
     </span>
    </p>
   </div>
   <div class='ocr_carea' id='block_1_92' title="bbox 1906 4900 3488 5002">
    <p class='ocr_par' dir='ltr' id='par_1_92' title="bbox 1910 4900 3488 4982">
     <span class='ocr_line' id='line_1_92' title="bbox 1910 4900 3488 4982; baseline -0.011 -13"><span class='ocrx_word' id='word_1_642' title='bbox 1910 4912 2118 4982; x_wconf 86' lang='lat' dir='ltr'><strong>corripi</strong></span> <span class='ocrx_word' id='word_1_643' title='bbox 2179 4925 2209 4963; x_wconf 90' lang='lat' dir='ltr'><strong>a</strong></span> <span class='ocrx_word' id='word_1_644' title='bbox 2262 4922 2337 4975; x_wconf 91' lang='lat' dir='ltr'><strong>te,</strong></span> <span class='ocrx_word' id='word_1_645' title='bbox 2388 4908 2562 4963; x_wconf 84' lang='lat' dir='ltr'><strong>variis</strong></span> <span class='ocrx_word' id='word_1_646' title='bbox 2615 4904 3034 4967; x_wconf 75' lang='lat' dir='ltr'><strong>alﬂictionibus,</strong></span> <span class='ocrx_word' id='word_1_647' title='bbox 3094 4910 3155 4957; x_wconf 89' lang='lat' dir='ltr'><strong>ut</strong></span> <span class='ocrx_word' id='word_1_648' title='bbox 3208 4900 3488 4971; x_wconf 80' lang='lat' dir='ltr'><strong>justitiam</strong></span> 
     </span>
    </p>
   </div>
   <div class='ocr_carea' id='block_1_93' title="bbox 214 4998 1812 5093">
    <p class='ocr_par' dir='ltr' id='par_1_93' title="bbox 214 4998 1812 5093">
     <span class='ocr_line' id='line_1_93' title="bbox 214 4998 1812 5093; baseline -0.015 -18"><span class='ocrx_word' id='word_1_649' title='bbox 214 4998 388 5093; x_wconf 70' lang='grc' dir='ltr'>μάθω</span> <span class='ocrx_word' id='word_1_650' title='bbox 416 5018 480 5071; x_wconf 82' lang='grc' dir='ltr'>τὸ</span> <span class='ocrx_word' id='word_1_651' title='bbox 502 5015 716 5071; x_wconf 78' lang='grc' dir='ltr'>δίκαιόν</span> <span class='ocrx_word' id='word_1_652' title='bbox 762 5030 880 5079; x_wconf 86' lang='grc' dir='ltr'>σου,</span> <span class='ocrx_word' id='word_1_653' title='bbox 922 5013 1004 5066; x_wconf 80' lang='grc' dir='ltr'><strong>ὅτι</strong></span> <span class='ocrx_word' id='word_1_654' title='bbox 1059 5006 1309 5072; x_wconf 79' lang='grc' dir='ltr'>κολάζεις</span> <span class='ocrx_word' id='word_1_655' title='bbox 1365 5007 1495 5066; x_wconf 78' lang='grc' dir='ltr'>τοὺς</span> <span class='ocrx_word' id='word_1_656' title='bbox 1562 4998 1812 5071; x_wconf 82' lang='grc' dir='ltr'>ἁμαρτά-</span> 
     </span>
    </p>
   </div>
   <div class='ocr_carea' id='block_1_94' title="bbox 211 5092 1811 5176">
    <p class='ocr_par' dir='ltr' id='par_1_94' title="bbox 211 5092 1811 5176">
     <span class='ocr_line' id='line_1_94' title="bbox 211 5092 1811 5176; baseline -0.016 -7"><span class='ocrx_word' id='word_1_657' title='bbox 211 5092 417 5176; x_wconf 81' lang='grc' dir='ltr'>νοντας</span> <span class='ocrx_word' id='word_1_658' title='bbox 446 5129 460 5141; x_wconf 88' lang='grc'><strong>·</strong></span> <span class='ocrx_word' id='word_1_659' title='bbox 496 5110 593 5174; x_wconf 78' lang='grc' dir='ltr'>καὶ</span> <span class='ocrx_word' id='word_1_660' title='bbox 618 5109 703 5163; x_wconf 81' lang='grc' dir='ltr'><strong>ὅτι</strong></span> <span class='ocrx_word' id='word_1_661' title='bbox 731 5107 782 5162; x_wconf 79' lang='grc' dir='ltr'>εἰ</span> <span class='ocrx_word' id='word_1_662' title='bbox 814 5104 1053 5161; x_wconf 75' lang='grc' dir='ltr'>ἰνταῦθα</span> <span class='ocrx_word' id='word_1_663' title='bbox 1084 5100 1360 5166; x_wconf 76' lang='grc' dir='ltr'>κολάζεις,</span> <span class='ocrx_word' id='word_1_664' title='bbox 1392 5092 1577 5167; x_wconf 83' lang='grc' dir='ltr'>πολλῷ</span> <span class='ocrx_word' id='word_1_665' title='bbox 1607 5092 1811 5165; x_wconf 79' lang='grc' dir='ltr'>μᾶλλον</span> 
     </span>
    </p>
   </div>
   <div class='ocr_carea' id='block_1_95' title="bbox 214 5208 367 5262">
    <p class='ocr_par' dir='ltr' id='par_1_95' title="bbox 214 5208 367 5262">
     <span class='ocr_line' id='line_1_95' title="bbox 214 5208 367 5262; baseline -0.02 0"><span class='ocrx_word' id='word_1_666' title='bbox 214 5208 367 5262; x_wconf 70' lang='grc' dir='ltr'>ἐκεῖ.</span> 
     </span>
    </p>
   </div>
   <div class='ocr_carea' id='block_1_96' title="bbox 294 5275 1814 5367">
    <p class='ocr_par' dir='ltr' id='par_1_96' title="bbox 294 5275 1814 5367">
     <span class='ocr_line' id='line_1_96' title="bbox 294 5275 1814 5367; baseline -0.016 -14"><span class='ocrx_word' id='word_1_667' title='bbox 294 5295 551 5367; x_wconf 76' lang='grc' dir='ltr'><strong>Ἀγαθός</strong></span> <span class='ocrx_word' id='word_1_668' title='bbox 595 5311 699 5364; x_wconf 83' lang='grc' dir='ltr'>μοι</span> <span class='ocrx_word' id='word_1_669' title='bbox 728 5294 761 5348; x_wconf 85' lang='grc' dir='ltr'><strong>ό</strong></span> <span class='ocrx_word' id='word_1_670' title='bbox 787 5291 976 5360; x_wconf 77' lang='grc' dir='ltr'>νόμος</span> <span class='ocrx_word' id='word_1_671' title='bbox 1004 5287 1111 5343; x_wconf 77' lang='grc' dir='ltr'>τοῦ</span> <span class='ocrx_word' id='word_1_672' title='bbox 1134 5283 1434 5356; x_wconf 80' lang='grc' dir='ltr'>στόματός</span> <span class='ocrx_word' id='word_1_673' title='bbox 1482 5294 1623 5344; x_wconf 87' lang='grc' dir='ltr'>σου,</span> <span class='ocrx_word' id='word_1_674' title='bbox 1659 5275 1814 5345; x_wconf 79' lang='grc' dir='ltr'><strong>ὑπὲρ</strong></span> 
     </span>
    </p>
   </div>
   <div class='ocr_carea' id='block_1_97' title="bbox 218 5372 1820 5464">
    <p class='ocr_par' dir='ltr' id='par_1_97' title="bbox 218 5372 1820 5464">
     <span class='ocr_line' id='line_1_97' title="bbox 218 5372 1820 5464; baseline -0.015 -18"><span class='ocrx_word' id='word_1_675' title='bbox 218 5390 507 5464; x_wconf 72' lang='grc' dir='ltr'>χιλιάδας</span> <span class='ocrx_word' id='word_1_676' title='bbox 536 5387 797 5458; x_wconf 85' lang='grc' dir='ltr'><strong>χρυσίου</strong></span> <span class='ocrx_word' id='word_1_677' title='bbox 823 5384 921 5439; x_wconf 76' lang='grc' dir='ltr'>καὶ</span> <span class='ocrx_word' id='word_1_678' title='bbox 972 5381 1283 5452; x_wconf 78' lang='grc' dir='ltr'>ἀργυρίου.</span> <span class='ocrx_word' id='word_1_679' title='bbox 1319 5377 1378 5430; x_wconf 87' lang='lat'><strong>&#39;0</strong></span> <span class='ocrx_word' id='word_1_680' title='bbox 1399 5376 1566 5445; x_wconf 90' lang='grc' dir='ltr'>νόμος</span> <span class='ocrx_word' id='word_1_681' title='bbox 1608 5372 1666 5426; x_wconf 78' lang='grc' dir='ltr'>ὃν</span> <span class='ocrx_word' id='word_1_682' title='bbox 1715 5372 1820 5423; x_wconf 79' lang='grc' dir='ltr'>ὑπο</span> 
     </span>
    </p>
   </div>
   <div class='ocr_carea' id='block_1_98' title="bbox 218 5465 1819 5561">
    <p class='ocr_par' dir='ltr' id='par_1_98' title="bbox 218 5465 1819 5561">
     <span class='ocr_line' id='line_1_98' title="bbox 218 5465 1819 5561; baseline -0.014 -22"><span class='ocrx_word' id='word_1_683' title='bbox 218 5486 546 5561; x_wconf 79' lang='grc' dir='ltr'>ηγόρευσας</span> <span class='ocrx_word' id='word_1_684' title='bbox 575 5480 657 5553; x_wconf 81' lang='grc' dir='ltr'><strong>τῷ</strong></span> <span class='ocrx_word' id='word_1_685' title='bbox 685 5480 921 5548; x_wconf 79' lang='grc' dir='ltr'><strong>Μωῠσῇ,</strong></span> <span class='ocrx_word' id='word_1_686' title='bbox 946 5475 1152 5544; x_wconf 81' lang='grc' dir='ltr'><strong>ἀγαθός</strong></span> <span class='ocrx_word' id='word_1_687' title='bbox 1180 5488 1293 5543; x_wconf 86' lang='grc' dir='ltr'>μοι,</span> <span class='ocrx_word' id='word_1_688' title='bbox 1317 5470 1509 5539; x_wconf 84' lang='grc' dir='ltr'>ὥσπερ</span> <span class='ocrx_word' id='word_1_689' title='bbox 1539 5465 1819 5533; x_wconf 79' lang='grc' dir='ltr'>παιδαγω-</span> 
     </span>
    </p>
   </div>
   <div class='ocr_carea' id='block_1_99' title="bbox 219 5557 1819 5650">
    <p class='ocr_par' dir='ltr' id='par_1_99' title="bbox 219 5557 1819 5650">
     <span class='ocr_line' id='line_1_99' title="bbox 219 5557 1819 5650; baseline -0.015 -17"><span class='ocrx_word' id='word_1_690' title='bbox 219 5557 348 5650; x_wconf 49' lang='grc' dir='ltr'>νῶν</span> <span class='ocrx_word' id='word_1_691' title='bbox 375 5578 440 5630; x_wconf 68' lang='lat' dir='ltr'><strong>rb</strong></span> <span class='ocrx_word' id='word_1_692' title='bbox 469 5574 654 5646; x_wconf 84' lang='grc' dir='ltr'>σῶμα,</span> <span class='ocrx_word' id='word_1_693' title='bbox 683 5572 779 5627; x_wconf 70' lang='grc' dir='ltr'><strong>καὶ</strong></span> <span class='ocrx_word' id='word_1_694' title='bbox 809 5569 1090 5642; x_wconf 63' lang='grc' dir='ltr'>ῥυθμίζων</span> <span class='ocrx_word' id='word_1_695' title='bbox 1113 5566 1183 5621; x_wconf 83' lang='grc' dir='ltr'><strong>τὰ</strong></span> <span class='ocrx_word' id='word_1_696' title='bbox 1211 5564 1340 5636; x_wconf 72' lang='grc' dir='ltr'><strong>ἢθη,</strong></span> <span class='ocrx_word' id='word_1_697' title='bbox 1373 5563 1470 5616; x_wconf 79' lang='grc' dir='ltr'><strong>καὶ</strong></span> <span class='ocrx_word' id='word_1_698' title='bbox 1524 5557 1819 5621; x_wconf 79' lang='grc' dir='ltr'>συνετῑζων</span> 
     </span>
    </p>
   </div>
   <div class='ocr_carea' id='block_1_100' title="bbox 220 5666 553 5741">
    <p class='ocr_par' dir='ltr' id='par_1_100' title="bbox 220 5666 553 5741">
     <span class='ocr_line' id='line_1_100' title="bbox 220 5666 553 5741; baseline -0.024 1"><span class='ocrx_word' id='word_1_699' title='bbox 220 5669 330 5741; x_wconf 79' lang='grc' dir='ltr'><strong>τὴν</strong></span> <span class='ocrx_word' id='word_1_700' title='bbox 350 5666 553 5737; x_wconf 74' lang='grc' dir='ltr'><strong>ψυχήνο</strong></span> 
     </span>
    </p>
   </div>
   <div class='ocr_carea' id='block_1_101' title="bbox 292 5741 1820 5828">
    <p class='ocr_par' dir='ltr' id='par_1_101' title="bbox 292 5741 1820 5828">
     <span class='ocr_line' id='line_1_101' title="bbox 292 5741 1820 5828; baseline -0.012 -15"><span class='ocrx_word' id='word_1_701' title='bbox 292 5762 366 5813; x_wconf 79' lang='lat' dir='ltr'><strong>At</strong></span> <span class='ocrx_word' id='word_1_702' title='bbox 398 5757 596 5828; x_wconf 83' lang='grc' dir='ltr'>χεῖρές</span> <span class='ocrx_word' id='word_1_703' title='bbox 638 5770 756 5809; x_wconf 90' lang='grc' dir='ltr'><strong>σου</strong></span> <span class='ocrx_word' id='word_1_704' title='bbox 808 5749 1109 5818; x_wconf 77' lang='grc' dir='ltr'><strong>ἐποΙησὰν</strong></span> <span class='ocrx_word' id='word_1_705' title='bbox 1126 5764 1203 5819; x_wconf 80' lang='grc' dir='ltr'>με</span> <span class='ocrx_word' id='word_1_706' title='bbox 1259 5746 1375 5809; x_wconf 66' lang='grc' dir='ltr'><strong>καί</strong></span> <span class='ocrx_word' id='word_1_707' title='bbox 1412 5741 1697 5799; x_wconf 71' lang='grc' dir='ltr'><strong>ἔπλασαν</strong></span> <span class='ocrx_word' id='word_1_708' title='bbox 1721 5756 1820 5810; x_wconf 78' lang='grc' dir='ltr'><strong>με,</strong></span> 
     </span>
    </p>
   </div>
   <div class='ocr_carea' id='block_1_102' title="bbox 224 5834 1813 5917">
    <p class='ocr_par' dir='ltr' id='par_1_102' title="bbox 224 5834 1813 5917">
     <span class='ocr_line' id='line_1_102' title="bbox 224 5834 1813 5917; baseline -0.014 -10"><span class='ocrx_word' id='word_1_709' title='bbox 224 5848 571 5907; x_wconf 82' lang='grc' dir='ltr'><strong>συνέτισόν</strong></span> <span class='ocrx_word' id='word_1_710' title='bbox 592 5862 689 5917; x_wconf 80' lang='grc' dir='ltr'><strong>με,</strong></span> <span class='ocrx_word' id='word_1_711' title='bbox 717 5843 819 5899; x_wconf 78' lang='grc' dir='ltr'>και</span> <span class='ocrx_word' id='word_1_712' title='bbox 839 5843 1188 5914; x_wconf 80' lang='grc' dir='ltr'>μαθήσομαι</span> <span class='ocrx_word' id='word_1_713' title='bbox 1211 5839 1317 5906; x_wconf 85' lang='grc' dir='ltr'>τὰς</span> <span class='ocrx_word' id='word_1_714' title='bbox 1350 5834 1608 5900; x_wconf 71' lang='grc' dir='ltr'>ἐντολάς</span> <span class='ocrx_word' id='word_1_715' title='bbox 1676 5849 1813 5888; x_wconf 90' lang='grc' dir='ltr'>σου.</span> 
     </span>
    </p>
   </div>
   <div class='ocr_carea' id='block_1_103' title="bbox 1913 4996 3495 5068">
    <p class='ocr_par' dir='ltr' id='par_1_103' title="bbox 1913 4996 3495 5068">
     <span class='ocr_line' id='line_1_103' title="bbox 1913 4996 3495 5068; baseline -0.013 -9"><span class='ocrx_word' id='word_1_716' title='bbox 1913 5011 2068 5059; x_wconf 89' lang='lat' dir='ltr'><strong>tuam</strong></span> <span class='ocrx_word' id='word_1_717' title='bbox 2118 5001 2467 5056; x_wconf 85' lang='lat' dir='ltr'><strong>addiscerem</strong></span> <span class='ocrx_word' id='word_1_718' title='bbox 2505 5016 2518 5053; x_wconf 90' lang='lat'>:</span> <span class='ocrx_word' id='word_1_719' title='bbox 2553 4997 2706 5068; x_wconf 89' lang='lat' dir='ltr'><strong>quod</strong></span> <span class='ocrx_word' id='word_1_720' title='bbox 2746 4996 2961 5052; x_wconf 85' lang='lat' dir='ltr'><strong>scilicet</strong></span> <span class='ocrx_word' id='word_1_721' title='bbox 2991 5003 3045 5048; x_wconf 92' lang='lat' dir='ltr'><strong>tu</strong></span> <span class='ocrx_word' id='word_1_722' title='bbox 3079 4999 3370 5063; x_wconf 86' lang='lat' dir='ltr'><strong>peccantes</strong></span> <span class='ocrx_word' id='word_1_723' title='bbox 3398 5003 3495 5042; x_wconf 89' lang='lat' dir='ltr'><strong>ca-</strong></span> 
     </span>
    </p>
   </div>
   <div class='ocr_carea' id='block_1_104' title="bbox 1914 5085 3490 5166">
    <p class='ocr_par' dir='ltr' id='par_1_104' title="bbox 1914 5085 3490 5166">
     <span class='ocr_line' id='line_1_104' title="bbox 1914 5085 3490 5166; baseline -0.013 -14"><span class='ocrx_word' id='word_1_724' title='bbox 1914 5098 2106 5166; x_wconf 85' lang='lat' dir='ltr'><strong>stigas.</strong></span> <span class='ocrx_word' id='word_1_725' title='bbox 2142 5093 2299 5161; x_wconf 77' lang='lat' dir='ltr'><strong>Quod</strong></span> <span class='ocrx_word' id='word_1_726' title='bbox 2334 5091 2465 5147; x_wconf 88' lang='lat' dir='ltr'><strong>siin</strong></span> <span class='ocrx_word' id='word_1_727' title='bbox 2502 5088 2762 5161; x_wconf 60' lang='lat' dir='ltr'><strong>prasenti</strong></span> <span class='ocrx_word' id='word_1_728' title='bbox 2793 5088 2904 5141; x_wconf 77' lang='lat' dir='ltr'><strong>vita</strong></span> <span class='ocrx_word' id='word_1_729' title='bbox 2931 5085 3093 5156; x_wconf 86' lang='lat' dir='ltr'><strong>punis</strong></span> <span class='ocrx_word' id='word_1_730' title='bbox 3140 5088 3490 5154; x_wconf 89' lang='lat' dir='ltr'><strong>peccatores,</strong></span> 
     </span>
    </p>
   </div>
   <div class='ocr_carea' id='block_1_105' title="bbox 1914 5178 2970 5261">
    <p class='ocr_par' dir='ltr' id='par_1_105' title="bbox 1914 5178 2970 5261">
     <span class='ocr_line' id='line_1_105' title="bbox 1914 5178 2970 5261; baseline -0.011 -18"><span class='ocrx_word' id='word_1_731' title='bbox 1914 5199 2124 5261; x_wconf 90' lang='lat' dir='ltr'><strong>quanto</strong></span> <span class='ocrx_word' id='word_1_732' title='bbox 2156 5187 2330 5258; x_wconf 87' lang='lat' dir='ltr'><strong>magis</strong></span> <span class='ocrx_word' id='word_1_733' title='bbox 2364 5185 2418 5240; x_wconf 88' lang='lat' dir='ltr'><strong>id</strong></span> <span class='ocrx_word' id='word_1_734' title='bbox 2450 5183 2622 5239; x_wconf 83' lang='lat' dir='ltr'><strong>facies</strong></span> <span class='ocrx_word' id='word_1_735' title='bbox 2656 5183 2711 5236; x_wconf 92' lang='lat' dir='ltr'><strong>in</strong></span> <span class='ocrx_word' id='word_1_736' title='bbox 2744 5178 2970 5234; x_wconf 78' lang='lat' dir='ltr'><strong>futura?</strong></span> 
     </span>
    </p>
   </div>
   <div class='ocr_carea' id='block_1_106' title="bbox 1985 5260 3495 5337">
    <p class='ocr_par' dir='ltr' id='par_1_106' title="bbox 1985 5260 3495 5337">
     <span class='ocr_line' id='line_1_106' title="bbox 1985 5260 3495 5337; baseline -0.016 0"><span class='ocrx_word' id='word_1_737' title='bbox 1985 5280 2154 5337; x_wconf 73' lang='lat' dir='ltr'><strong>Vsus.</strong></span> <span class='ocrx_word' id='word_1_738' title='bbox 2197 5278 2287 5332; x_wconf 76' lang='lat'><strong>7‘2.</strong></span> <span class='ocrx_word' id='word_1_739' title='bbox 2327 5277 2482 5330; x_wconf 87' lang='lat' dir='ltr'><strong>Bona</strong></span> <span class='ocrx_word' id='word_1_740' title='bbox 2514 5272 2645 5326; x_wconf 76' lang='lat' dir='ltr'><strong>milii</strong></span> <span class='ocrx_word' id='word_1_741' title='bbox 2691 5271 2780 5324; x_wconf 81' lang='lat' dir='ltr'><strong>lea:</strong></span> <span class='ocrx_word' id='word_1_742' title='bbox 2828 5270 2938 5324; x_wconf 87' lang='lat' dir='ltr'><strong>oris</strong></span> <span class='ocrx_word' id='word_1_743' title='bbox 2992 5266 3091 5331; x_wconf 90' lang='lat' dir='ltr'><strong>tui,</strong></span> <span class='ocrx_word' id='word_1_744' title='bbox 3128 5279 3288 5333; x_wconf 84' lang='lat' dir='ltr'><strong>super</strong></span> <span class='ocrx_word' id='word_1_745' title='bbox 3319 5260 3495 5315; x_wconf 89' lang='lat' dir='ltr'><strong>millia</strong></span> 
     </span>
    </p>
   </div>
   <div class='ocr_carea' id='block_1_107' title="bbox 1918 5355 3497 5441">
    <p class='ocr_par' dir='ltr' id='par_1_107' title="bbox 1918 5355 3497 5441">
     <span class='ocr_line' id='line_1_107' title="bbox 1918 5355 3497 5441; baseline -0.012 -13"><span class='ocrx_word' id='word_1_746' title='bbox 1918 5374 2041 5429; x_wconf 87' lang='lat' dir='ltr'><strong>auri</strong></span> <span class='ocrx_word' id='word_1_747' title='bbox 2071 5381 2121 5427; x_wconf 87' lang='lat' dir='ltr'><strong>et</strong></span> <span class='ocrx_word' id='word_1_748' title='bbox 2148 5370 2375 5441; x_wconf 84' lang='lat' dir='ltr'><strong>argenti.</strong></span> <span class='ocrx_word' id='word_1_749' title='bbox 2408 5366 2547 5431; x_wconf 80' lang='lat' dir='ltr'><strong>Lex,</strong></span> <span class='ocrx_word' id='word_1_750' title='bbox 2578 5378 2745 5435; x_wconf 88' lang='lat' dir='ltr'><strong>quam</strong></span> <span class='ocrx_word' id='word_1_751' title='bbox 2777 5361 2950 5433; x_wconf 76' lang='lat' dir='ltr'><strong>Moysi</strong></span> <span class='ocrx_word' id='word_1_752' title='bbox 2999 5357 3306 5423; x_wconf 89' lang='lat' dir='ltr'><strong>tradidisti,</strong></span> <span class='ocrx_word' id='word_1_753' title='bbox 3348 5355 3497 5412; x_wconf 83' lang='lat' dir='ltr'><strong>bona</strong></span> 
     </span>
    </p>
   </div>
   <div class='ocr_carea' id='block_1_108' title="bbox 1920 5447 3494 5529">
    <p class='ocr_par' dir='ltr' id='par_1_108' title="bbox 1920 5447 3494 5529">
     <span class='ocr_line' id='line_1_108' title="bbox 1920 5447 3494 5529; baseline -0.012 -8"><span class='ocrx_word' id='word_1_754' title='bbox 1920 5466 2053 5521; x_wconf 80' lang='lat' dir='ltr'><strong>mihi</strong></span> <span class='ocrx_word' id='word_1_755' title='bbox 2094 5471 2203 5528; x_wconf 86' lang='lat' dir='ltr'><strong>est,</strong></span> <span class='ocrx_word' id='word_1_756' title='bbox 2233 5477 2299 5517; x_wconf 92' lang='lat' dir='ltr'><strong>eo</strong></span> <span class='ocrx_word' id='word_1_757' title='bbox 2332 5458 2479 5529; x_wconf 88' lang='lat' dir='ltr'><strong>quod</strong></span> <span class='ocrx_word' id='word_1_758' title='bbox 2512 5456 2759 5519; x_wconf 86' lang='lat' dir='ltr'><strong>instruit,</strong></span> <span class='ocrx_word' id='word_1_759' title='bbox 2791 5462 2961 5524; x_wconf 86' lang='lat' dir='ltr'><strong>atque</strong></span> <span class='ocrx_word' id='word_1_760' title='bbox 2988 5451 3179 5509; x_wconf 89' lang='lat' dir='ltr'><strong>erudit</strong></span> <span class='ocrx_word' id='word_1_761' title='bbox 3209 5465 3318 5506; x_wconf 84' lang='lat' dir='ltr'><strong>me.</strong></span> <span class='ocrx_word' id='word_1_762' title='bbox 3356 5447 3494 5503; x_wconf 81' lang='lat' dir='ltr'><strong>Nam</strong></span> 
     </span>
    </p>
   </div>
   <div class='ocr_carea' id='block_1_109' title="bbox 1922 5538 3500 5624">
    <p class='ocr_par' dir='ltr' id='par_1_109' title="bbox 1922 5538 3500 5624">
     <span class='ocr_line' id='line_1_109' title="bbox 1922 5538 3500 5624; baseline -0.013 -12"><span class='ocrx_word' id='word_1_763' title='bbox 1922 5567 1979 5613; x_wconf 90' lang='lat' dir='ltr'><strong>et</strong></span> <span class='ocrx_word' id='word_1_764' title='bbox 2012 5570 2215 5624; x_wconf 87' lang='lat' dir='ltr'><strong>corpus</strong></span> <span class='ocrx_word' id='word_1_765' title='bbox 2243 5549 2499 5619; x_wconf 84' lang='lat' dir='ltr'><strong>castigat,</strong></span> <span class='ocrx_word' id='word_1_766' title='bbox 2533 5556 2591 5604; x_wconf 89' lang='lat' dir='ltr'><strong>et</strong></span> <span class='ocrx_word' id='word_1_767' title='bbox 2620 5560 2808 5603; x_wconf 87' lang='lat' dir='ltr'><strong>mores</strong></span> <span class='ocrx_word' id='word_1_768' title='bbox 2830 5543 3040 5617; x_wconf 86' lang='lat' dir='ltr'><strong>dirigit,</strong></span> <span class='ocrx_word' id='word_1_769' title='bbox 3085 5550 3142 5600; x_wconf 91' lang='lat' dir='ltr'><strong>et</strong></span> <span class='ocrx_word' id='word_1_770' title='bbox 3194 5538 3500 5611; x_wconf 85' lang='lat' dir='ltr'><strong>sapientio-</strong></span> 
     </span>
    </p>
   </div>
   <div class='ocr_carea' id='block_1_110' title="bbox 1924 5641 2548 5704">
    <p class='ocr_par' dir='ltr' id='par_1_110' title="bbox 1924 5641 2548 5704">
     <span class='ocr_line' id='line_1_110' title="bbox 1924 5641 2548 5704; baseline -0.01 -1"><span class='ocrx_word' id='word_1_771' title='bbox 1924 5663 2038 5704; x_wconf 90' lang='lat' dir='ltr'><strong>rem</strong></span> <span class='ocrx_word' id='word_1_772' title='bbox 2076 5648 2313 5701; x_wconf 90' lang='lat' dir='ltr'><strong>animam</strong></span> <span class='ocrx_word' id='word_1_773' title='bbox 2348 5641 2548 5698; x_wconf 89' lang='lat' dir='ltr'><strong>reddit.</strong></span> 
     </span>
    </p>
   </div>
   <div class='ocr_carea' id='block_1_111' title="bbox 1998 5727 3498 5803">
    <p class='ocr_par' dir='ltr' id='par_1_111' title="bbox 1998 5727 3498 5803">
     <span class='ocr_line' id='line_1_111' title="bbox 1998 5727 3498 5803; baseline -0.011 -9"><span class='ocrx_word' id='word_1_774' title='bbox 1998 5739 2166 5795; x_wconf 72' lang='lat' dir='ltr'><strong>Vens.</strong></span> <span class='ocrx_word' id='word_1_775' title='bbox 2203 5738 2295 5794; x_wconf 79' lang='lat'><strong>73.</strong></span> <span class='ocrx_word' id='word_1_776' title='bbox 2339 5735 2536 5792; x_wconf 75' lang='lat' dir='ltr'><strong>Manus</strong></span> <span class='ocrx_word' id='word_1_777' title='bbox 2570 5743 2675 5788; x_wconf 80' lang='lat' dir='ltr'><strong>tua:</strong></span> <span class='ocrx_word' id='word_1_778' title='bbox 2734 5734 2974 5803; x_wconf 79' lang='lat' dir='ltr'><strong>fecerunt</strong></span> <span class='ocrx_word' id='word_1_779' title='bbox 3012 5746 3094 5784; x_wconf 87' lang='lat' dir='ltr'><strong>me</strong></span> <span class='ocrx_word' id='word_1_780' title='bbox 3121 5738 3169 5784; x_wconf 88' lang='lat' dir='ltr'><strong>et</strong></span> <span class='ocrx_word' id='word_1_781' title='bbox 3201 5727 3498 5797; x_wconf 69' lang='lat' dir='ltr'><strong>plasmare-</strong></span> 
     </span>
    </p>
   </div>
   <div class='ocr_carea' id='block_1_112' title="bbox 1929 5815 3500 5898">
    <p class='ocr_par' dir='ltr' id='par_1_112' title="bbox 1929 5815 3500 5898">
     <span class='ocr_line' id='line_1_112' title="bbox 1929 5815 3500 5898; baseline -0.011 -12"><span class='ocrx_word' id='word_1_782' title='bbox 1929 5841 2052 5886; x_wconf 84' lang='lat' dir='ltr'><strong>runt</strong></span> <span class='ocrx_word' id='word_1_783' title='bbox 2084 5846 2183 5898; x_wconf 83' lang='lat' dir='ltr'><strong>me,</strong></span> <span class='ocrx_word' id='word_1_784' title='bbox 2222 5829 2293 5885; x_wconf 87' lang='lat' dir='ltr'><strong>da</strong></span> <span class='ocrx_word' id='word_1_785' title='bbox 2324 5828 2452 5884; x_wconf 85' lang='lat' dir='ltr'><strong>mihi</strong></span> <span class='ocrx_word' id='word_1_786' title='bbox 2483 5827 2832 5898; x_wconf 76' lang='lat' dir='ltr'><strong>intellectum.</strong></span> <span class='ocrx_word' id='word_1_787' title='bbox 2889 5835 2945 5878; x_wconf 84' lang='lat' dir='ltr'><strong>ut</strong></span> <span class='ocrx_word' id='word_1_788' title='bbox 2993 5822 3202 5878; x_wconf 87' lang='lat' dir='ltr'><strong>discam</strong></span> <span class='ocrx_word' id='word_1_789' title='bbox 3243 5815 3500 5873; x_wconf 86' lang='lat' dir='ltr'><strong>mandata</strong></span> 
     </span>
    </p>
   </div>
  </div>
