3906 6548
530 412 666 480 1155

1741 416 2124 479 EUTIIYMII
2165 417 2529 479 ZIGABENI

3650 414 3762 482 1156

528 541 642 586 tua.
673 527 752 582 Tu
784 542 891 596 me,
921 527 1125 599 inquit,
1160 527 1470 598 piasmasti,
1497 534 1556 581 tu
1582 527 1712 581 mihi
1745 528 2089 596 prudentiam

2219 529 2270 582 Ξύ
2337 547 2405 600 με
2455 529 2719 595 ἔπλασας,
2752 528 2816 582 σύ
2880 546 2948 599 με
2994 528 3293 593 συνέτισον,
3331 527 3399 581 σύ
3452 544 3527 598 με
3556 527 3760 594 δίδαξον,

528 630 752 688 priests,
805 626 865 674 tu
924 635 1011 674 me
1067 618 1224 685 doce,
1267 627 1320 674 et
1367 634 1468 690 ego
1513 617 1791 672 addiscam
1841 617 2099 672 mandata

459 749 472 762 κ
527 727 641 776 tua,
679 726 802 780 quas
854 711 1136 767 hominem
1178 711 1244 766 ad
1293 721 1498 765 rectam
1539 710 1792 766 semitam
1833 709 2096 780 dirigunt.

528 805 711 874 Aliqui
741 803 909 858 etiam
951 803 1168 868 dicunt,
1216 805 1362 871 quod
1408 800 1582 854 Filius
1609 809 1666 855 et
1713 808 1940 855 sanctus
1973 800 2099 870 Spi-

528 897 670 952 ritus
694 896 802 950 dici
835 906 1070 967 possunt
1103 909 1299 948 manus
1333 892 1510 948 Patris
1544 907 1657 946 :-eo
1687 891 1831 961 quod
1881 906 1978 960 per
2003 905 2100 945 eos

525 989 712 1043 omnia
742 985 894 1042 fecit.

602 1077 767 1132 Vens.
809 1077 902 1131 74.
945 1075 1051 1143 Qui
1087 1077 1274 1130 timent
1311 1082 1380 1138 te,
1416 1073 1668 1128 videbunt
1712 1091 1812 1140 me,
1859 1083 1910 1127 et
1948 1073 2102 1128 (reta-

527 1169 744 1233 buntur,
774 1170 900 1238 quia
936 1170 989 1222 in
1045 1168 1199 1222 verba
1247 1177 1336 1220 tua
1387 1167 1776 1236 supersperavi.
1823 1166 2101 1221 Videbunt

530 1275 615 1313 me
652 1257 939 1328 proﬁcere,
1000 1257 1046 1312 si
1089 1258 1220 1311 milii
1270 1256 1606 1310 intellectum
1655 1255 2012 1324 praestiteris;
2047 1265 2102 1310 et

527 1349 883 1410 laetabuntur,
909 1347 1054 1415 quod
1090 1346 1144 1400 in
1186 1345 1464 1400 mandatis
1496 1345 1608 1400 tuis
1634 1345 1794 1399 valde
1839 1358 2097 1414 sperave-

525 1440 628 1492 rim
659 1447 713 1491 et
746 1453 854 1492 non
888 1439 942 1492 in
985 1439 1111 1492 aliis
1135 1438 1319 1491 saeculi
1354 1437 1515 1506 hujus
1540 1436 1785 1490 auxiliis.

592 1528 765 1584 Vens.
793 1529 882 1582 75.
923 1527 1177 1598 Cognovi,
1206 1527 1450 1594 Domine,
1481 1527 1620 1597 quod
1644 1527 1865 1598 justitia
1887 1527 2098 1597 judicia

527 1634 644 1687 tua,
694 1632 743 1676 et
788 1624 1006 1677 veritate
1066 1632 1158 1675 tua
1220 1622 1518 1674 humiliasti
1564 1637 1666 1675 me.
1750 1619 2098 1690 Experientia

527 1718 782 1786 cognovi,
823 1717 970 1786 quod
1014 1717 1222 1786 judicia
1266 1726 1358 1770 tua
1415 1715 1568 1784 justa
1622 1721 1775 1780 sunt,
1839 1714 2100 1782 quodque

533 1809 746 1863 merito
800 1808 987 1861 multis
1041 1822 1128 1863 me
1188 1805 1575 1861 atllictionibus
1633 1805 1984 1875 depressisti,
2041 1814 2099 1859 ut

525 1905 848 1973 prudentior
875 1902 1058 1958 ﬁerem
1089 1919 1106 1958 :
1144 1902 1198 1956 in
1235 1911 1286 1957 te
1317 1903 1463 1957 enim
1495 1901 1852 1972 deliqueram.

595 1993 764 2048 Vens.
807 1994 897 2048 76.
943 1993 1072 2047 Fiat
1105 1994 1234 2047 milii
1280 1992 1645 2047 misericordia
1679 2003 1791 2058 tua,
1832 2001 1887 2044 ut
1913 2007 2101 2046 conso-

524 2084 660 2137 letur
691 2101 769 2138 me
793 2083 1078 2138 secundum
1109 2067 1370 2154 eloquium
1409 2095 1583 2148 tuum,
1637 2099 1784 2137 servo
1837 2092 1947 2136 tuo.
1978 2083 2100 2136 Fiat

523 2175 654 2227 mihi
690 2190 849 2230 servo
891 2183 986 2228 tuo
1021 2175 1401 2230 misericordia
1448 2184 1564 2236 tua,
1625 2183 1684 2228 ut
1731 2189 1818 2227 me
1867 2172 2096 2226 calami-

523 2266 729 2319 tatibus
763 2264 1022 2318 amictum
1079 2250 1386 2335 refrigeret.
1445 2263 1564 2317 Fiat
1601 2273 1779 2317 autent
1806 2262 1910 2316 hoc
1937 2261 2094 2323 mihi,

517 2354 673 2423 juxta
724 2355 1144 2424 promissionem
1216 2365 1384 2407 tuam.
1424 2352 1706 2407 Pollicitus
1737 2352 1883 2406 enim
1929 2365 1990 2405 es
2035 2350 2090 2403 in

521 2447 636 2514 lege
671 2459 784 2510 tua,
818 2461 978 2516 opem
1023 2455 1076 2499 te
1101 2445 1340 2499 laturum
1370 2459 1493 2499 esse
1521 2444 1784 2498 omnibus
1813 2441 2092 2513 poeniten-

521 2537 692 2590 tihus.

594 2624 755 2680 Vens.
799 2626 886 2678 77.
941 2625 1163 2679 Veniant
1203 2624 1331 2677 mihi
1367 2623 1731 2676 miserationes
1758 2632 1883 2686 τιατ,
1917 2631 1968 2675 et
2021 2621 2096 2674 ei-

518 2732 656 2772 t'am.
691 2717 843 2781 Mihi,
879 2697 1129 2786 inquam,
1161 2715 1254 2784 qui
1291 2714 1451 2768 modo
1488 2715 1713 2769 tristitia
1739 2729 1802 2768 ac
1852 2727 2088 2768 nimrorc

518 2821 658 2877 pene
685 2823 834 2862 eram
863 2807 1185 2862 suffocatus.

591 2899 730 2964 Quia
780 2899 864 2950 lea:
933 2910 1027 2951 tua
1072 2897 1347 2952 meditatio
1379 2912 1493 2951 mea
1517 2904 1616 2950 est.
1670 2894 1902 2950 Veniant
1933 2897 2090 2962 mihi,

516 2991 720 3059 inquit,
755 2989 861 3044 illa:
899 2989 1281 3044 miserationes
1331 2997 1458 3054 tute,
1505 2989 1632 3057 quia
1664 2987 1945 3058 deinceps,
1979 3003 2089 3059 pra:

517 3082 728 3136 caeteris
757 3082 1034 3143 erunibus,
1067 3080 1152 3136 lex
1185 3093 1274 3134 tua
1307 3082 1410 3135 erit
1436 3081 1716 3135 meditatio
1742 3096 1885 3134 mea.

589 3171 754 3227 Vatis.
789 3174 877 3228 78.
910 3171 1327 3241 Confundantur
1353 3173 1587 3242 superbi,
1617 3173 1740 3242 quia
1765 3173 1959 3242 injuste
1987 3173 2089 3228 iiii-

2203 621 2298 674 καὶ
2330 620 2649 691 μαθήσομαι
2681 621 2977 689 κατορθοῦν
3023 621 3120 684 τὰς
3172 620 3396 682 ἐντολάς
3447 636 3570 671 σου.
3630 621 3759 683 Tini;

2200 710 2256 762 δέ
2291 713 2478 781 χεῖρας
2517 712 2609 764 τοῦ
2644 711 2858 783 [ἰατρὸς
2889 711 3072 765 νοοῦσι
3112 713 3204 764 τδν
3239 711 3390 772 Υῐδν,
3417 709 3518 764 καὶ
3549 711 3608 762 τὶ
3639 710 3758 777 ἆγινῆ

2202 802 2447 872 Πνεῦμα,
2485 802 2554 856 δι’
2581 799 2655 860 ὧν
2681 805 2750 857 τὰ
2774 805 2952 859 πάντα
2977 803 3258 874 ἐποίησεν.

2275 1075 2340 1127 Οἱ
2371 1072 2732 1143 φοϐούμενοι
2754 1089 2828 1128 σε
2865 1073 3123 1142 ὄψον-ταί
3142 1092 3238 1143 με,
3282 1076 3381 1128 καὶ
3445 1077 3754 1145 eivs-apaqu

2201 1179 2432 1228 σονται,
2497 1162 2587 1216 ὅτι
2647 1165 2735 1228 εις
2790 1163 2934 1228 τοὺς
2990 1166 3213 1232 λόγους
3260 1181 3381 1218 σου
3447 1165 3758 1231 ἐπήλπισα.

2205 1253 2468 1323 Ὄψονται
2507 1270 2576 1316 με
2635 1253 3037 1323 προκόπτοντα,
3085 1258 3135 1309 εἰ
3196 1257 3489 1327 συνετίσῃς
3547 1275 3635 1326 με,
3686 1262 3758 1311 zz?

2201 1345 2690 1416 εὐφρανθήσονται,
2721 1345 2806 1398 ὅτι
2835 1347 2914 1408 ei;
2939 1350 3037 1410 τὰς
3069 1349 3293 1411 ἐντολάς
3324 1366 3426 1400 σου
3475 1350 3758 1419 erigimus,

2199 1438 2294 1490 καὶ
2316 1437 2418 1490 οὐκ
2443 1437 2523 1501 εἰς
2549 1436 2730 1491 ᾶλλοτι
2753 1437 3027 1508 βιωτικὸν.

2275 1525 2527 1592 Ἕγνων,
2545 1525 2741 1592 Κύριε,
2762 1523 2850 1577 ότι
2875 1524 3232 1592 δικαιοσύνη
3266 1528 3338 1579 τὰ
3364 1527 3618 1596 κρίματά
3641 1545 3758 1593 σου,

2199 1615 2299 1682 χαὶ
2330 1615 2580 1682 ἀληθείᾳ
2607 1599 3014 1682 ἐταπείνωσάς
3068 1635 3168 1687 με.
3208 1619 3424 1687 Ἐγνων
3485 1624 3553 1689 τῇ
3598 1622 3759 1691 πείρᾳ,

2199 1707 2282 1760 ὅτι
2310 1707 2518 1761 δίκαιαι
2549 1708 2605 1760 αι
2636 1707 2847 1778 κρίσεις
2881 1724 2997 1771 σου,
3027 1711 3122 1762 καὶ
3156 1709 3400 1777 εὐλόγως
3428 1711 3528 1763 καὶ
3562 1712 3761 1771 δικαίως

2200 1798 2572 1861 ἐταπείνωσάς
2593 1803 3036 1870 μείπιιρασμοῖς,
3066 1801 3156 1856 ῐνα
3181 1803 3568 1872 σωφρονισθῶ·
3596 1805 3761 1873 map.

2130 1929 2172 1982 Β
2201 1906 2295 1942 τον
2335 1891 2464 1961 γάρ.

2273 1982 2594 2052 Γενηθήτω
2625 1984 2704 2052 δὴ
2741 1984 2807 2038 τὸ
2829 1985 3006 2052 ἔλεός
3039 2001 3157 2041 σου
3199 1987 3310 2042 τοῦ
3363 1986 3762 2054 παρακαλέσαι

2195 2090 2293 2142 με.
2343 2074 2635 2146 Γενηθήτω
2688 2093 2777 2147 μοι
2820 2077 2899 2148 τῷ
2943 2078 3116 2147 δούλῳ
3153 2095 3246 2132 σου
3271 2080 3333 2132 τὸ
3359 2078 3512 2140 ἔλεός
3540 2095 3654 2160 seu,
3683 2080 3760 2130 ixi

2202 2165 2280 2236 τῷ
2301 2166 2704 2237 ψυχαγωγῆσαι
2730 2185 2795 2238 με
2820 2169 3141 2224 κακωθέντα
3157 2187 3173 2201 ·
3203 2171 3494 2240 γενηθήτω
3518 2170 3575 2223 δὲ
3597 2169 3760 2228 τοῦτο,

2200 2260 2343 2314 κατὰ
2395 2263 2494 2331 τὴν
2546 2261 2839 2332 ὑπόσχεσιν
2879 2281 2998 2318 σου.
3057 2264 3407 2332 Ἐπηγγεῐλω
3449 2264 3563 2334 γὰρ
3603 2267 3659 2316 ὲν

2197 2352 2346 2422 νόμῳ
2375 2351 2870 2423 ἀντιλαμϐάνεσθαι
2894 2353 3003 2407 τῶν
3033 2353 3468 2425 μετανοούντων.

2263 2619 2635 2684 Ἐλθέτωσάν
2664 2639 2766 2691 μοι
2793 2625 2849 2678 οι
2881 2624 3169 2693 οικτιρμοί
3193 2638 3333 2690 σου,
3366 2623 3465 2677 καὶ
3503 2624 3751 2694 ζήσομαι,

2197 2709 2338 2780 Ἤδη
2375 2713 2496 2775 ταῖς
2533 2711 2730 2776 λύπαις
2751 2714 3201 2784 ἁποπνιγομένῳ.

2267 2889 2393 2941 Ὀτι
2418 2891 2451 2942 ὁ
2483 2890 2668 2958 νόμος
2689 2907 2806 2946 σου
2821 2891 3047 2960 μελέτη
3075 2910 3194 2963 μου
3217 2893 3412 2949 ἐστίν.
3439 2895 3761 2949 Ἐλθέ-εωσὼ

2195 2996 2306 3048 μοι,
2334 2980 2472 3036 διότι
2505 2984 2534 3038 ό
2561 2982 2723 3054 νόμος
2763 3002 2856 3040 σου
2887 2985 3083 3054 μελέτη
3127 3005 3232 3055 μου
3276 2989 3450 3050 ἐστὶν,
3511 2987 3586 3051 ὡς
3611 2989 3756 3042 οὐδὲν

2189 3071 2275 3125 ἒτε
2286 3090 2398 3144 ρον.

2258 3169 2766 3236 Αἰσχυνθήτωσαγ
2787 3170 3180 3241 ὑπερήφανοι,
3203 3171 3294 3226 ὅτι
3318 3172 3534 3238 ἀδίκως
3549 3175 3758 3243 ήνόμη-

511 3266 767 3334 quitatem
791 3264 1030 3332 fecerunt
1081 3264 1137 3318 in
1170 3281 1271 3319 me.
1329 3264 1693 3330 Eruliescant,
1745 3268 1892 3334 quod
1945 3267 2085 3320 nihil

2219 3276 2314 3314 ναν
2344 3263 2431 3326 εις
2456 3262 2560 3329 ἐμέ
2613 3264 3097 3334 Αἰσχυνθήτωσαν,
3146 3264 3220 3336 τῷ
3247 3266 3413 3336 μηδὲν
3443 3266 3660 3330 ἀνύσαι,
3693 3267 3760 3337 τῷ

515 3366 810 3427 potuerunt
839 3357 1127 3426 perlicere,
1158 3370 1224 3410 eo
1271 3356 1419 3424 quod
1451 3355 1696 3424 superati
1729 3365 1784 3409 et
1813 3355 2084 3424 proﬂigati

515 3457 665 3504 sunt.
695 3446 851 3518 Ipsos
877 3459 1064 3501 autem
1095 3447 1370 3501 daemones
1400 3446 1677 3516 intelligit,
1732 3460 1829 3500 seu
1878 3445 2084 3503 divinae

512 3541 648 3610 legis
680 3547 1114 3608 contemptores,
1149 3545 1210 3591 ut
1249 3537 1516 3592 diximus.
1549 3536 1758 3606 lnjuste
1783 3546 1968 3592 autem
1999 3537 2084 3594 l‘e-

512 3644 708 3690 cerunt
740 3633 1083 3702 iniquitatem
1121 3631 1177 3686 in
1214 3645 1322 3698 me,
1369 3631 1498 3700 quia
1542 3641 1767 3702 propter
1822 3632 2082 3686 invidiam

512 3739 600 3780 me
629 3723 873 3795 aggressi
901 3731 1056 3780 sunt.

549 3810 696 3886 ‘Ego
722 3827 898 3870 autem
923 3813 1218 3869 meditabor
1265 3814 1322 3869 in
1355 3814 1625 3868 mandatis
1676 3815 1807 3869 tuis.
1860 3813 1936 3870 De
1980 3815 2083 3872 hoc

504 3906 619 3978 jam
652 3906 781 3961 alibi
815 3921 962 3977 sape
992 3907 1200 3960 dictum
1235 3913 1340 3960 est.

580 4018 750 4074 Vens.
779 4017 869 4074 79.
893 4018 1216 4073 Convertant
1239 4031 1320 4069 me
1340 4016 1580 4069 timentes
1608 4027 1676 4080 te,
1705 4026 1756 4070 et
1783 4019 1873 4088 qui
1893 4036 2084 4090 cogno-

509 4119 663 4163 scunt
694 4111 996 4166 testimonia
1031 4120 1144 4164 tua.
1188 4109 1250 4171 li,
1281 4107 1483 4175 inquit,
1514 4109 1604 4176 qui
1639 4110 1834 4164 timent
1869 4121 1920 4165 te
1950 4128 2084 4167 con-

509 4207 729 4251 vertant
767 4215 872 4265 me,
900 4201 943 4254 si
994 4200 1291 4266 aliquando
1317 4195 1583 4250 seductus
1613 4212 1642 4250 a
1677 4199 1948 4257 mandatis
1973 4203 2081 4256 tuis

508 4289 860 4344 aberravero.

578 4398 747 4454 Vens.
781 4398 870 4453 80.
908 4397 1032 4450 Fiat
1067 4413 1158 4450 cor
1183 4413 1355 4450 meum
1385 4398 1864 4468 irreprehensibile,
1911 4405 1966 4457 in
1987 4404 2080 4474 ju-

505 4491 918 4560 stiﬁcationibus
959 4490 1084 4551 tuis,
1126 4503 1180 4544 ut
1219 4507 1321 4544 non
1355 4491 1680 4560 confundar.
1725 4494 2079 4561 lrrt-prehen-

2193 3354 2494 3424 ἡττηθῆναι
2529 3371 2544 3386 ⁶
2587 3356 2735 3424 λέγει
2783 3357 2840 3410 δὲ
2903 3357 3029 3419 τοὺς
3085 3359 3347 3426 ἀνωτέρω
3405 3359 3756 3427 δηλωθέντας.

2193 3441 2422 3507 ’Δδίκως
2451 3443 2510 3497 δὲ
2539 3444 2826 3516 ἠνόμησαν
2855 3447 2932 3508 εἰς
2961 3445 3082 3514 ἐμὲ,
3119 3445 3208 3498 διὰ
3241 3445 3406 3516 μόνον
3427 3447 3623 3515 φθόνον
3649 3447 3754 3497 ἑπι-

2193 3535 2432 3606 θέμενοι.

2275 3839 2421 3908 Ἐγὼ
2450 3838 2512 3892 δὲ
2560 3840 2959 3911 ἀδολεσχήσω
3009 3843 3079 3896 ἐν
3123 3841 3256 3907 ταῖς
3306 3840 3583 3906 ἐντολαῖς
3628 3858 3754 3895 σου.

2193 3931 2330 3999 Περὶ
2365 3931 2556 3984 τούτου
2581 3933 2818 4004 εἴρηται.

2257 4019 2836 4092 Ἐπιστρεψάτωσάν
2853 4043 2930 4095 με
2959 4028 3014 4080 οἱ
3051 4027 3421 4097 φοβούμενοί
3453 4041 3546 4088 σε.
3577 4027 3674 4078 καὶ
3711 4027 3764 4079 c-l

2188 4114 2593 4182 τιν’ώσκοντες
2671 4119 2741 4172 τὰ
2778 4118 3070 4188 μαρτύριά
3137 4136 3275 4175 σου.
3331 4118 3762 4188 Ἑπιστρεοᾷάτω-

2191 4208 2290 4260 σάν
2325 4225 2390 4260 με
2417 4211 2466 4262 οἱ
2498 4211 2755 4278 τοιοῦτοι,
2789 4213 2974 4266 εἴποτε
3007 4213 3382 4283 ἁποπλανηθῶ
3405 4214 3516 4266 τῶν
3543 4210 3762 4265 ἑντοὶῶν

2191 4315 2306 4352 σου.

2260 4415 2579 4482 Γενηθήτω
2609 4417 2646 4484 ἠ
2671 4416 2882 4484 καρδία
2902 4436 3020 4487 μου
3049 4418 3288 4486 ἄμωμος
3312 4417 3382 4472 ἐν
3402 4416 3525 4481 τοῖς
3545 4415 3761 4468 δικαιώ-

2185 4505 2338 4572 μασι
2369 4519 2508 4569 σου,
2529 4505 2691 4572 ὅπως
2721 4507 2798 4562 ἂν
2817 4509 2902 4577 μὴ
2933 4508 3260 4577 αἱσχυνθῶ.
3286 4508 3576 4577 Γενηθήτω
3619 4509 3759 4576 ἄμιι-

504 4583 661 4638 sibile
715 4583 808 4636 ﬁat
859 4597 956 4635 cor
1010 4599 1212 4649 meum,
1281 4584 1412 4637 dum
1469 4585 1522 4638 in
1584 4585 2077 4653 justilicationibus

2219 4613 2316 4661 ιος,
2347 4598 2705 4667 ὲμμελετῶσα
2741 4602 2856 4663 τοῖς
2886 4599 3220 4669 δικαιώμασί
3256 4617 3370 4663 σου,
3402 4601 3497 4653 καὶ
3519 4599 3598 4668 τῷ
3625 4598 3762 4666 σόεῳ

505 4675 614 4729 tuis
643 4674 962 4737 meditatur,
996 4682 1049 4727 et
1085 4675 1290 4728 utinam
1325 4675 1525 4730 timore
1555 4691 1748 4731 eorum
1780 4689 2070 4749 purgatus,

505 4778 612 4816 non
645 4762 970 4826 conl‘uudar,
1015 4772 1172 4832 turpe
1201 4764 1406 4834 aliquid
1431 4767 1814 4822 committens.

580 4870 744 4926 Vsus.
775 4871 865 4924 8|.
914 4869 1104 4940 Deﬁcit
1152 4873 1208 4924 in
1251 4871 1490 4926 salutare
1533 4880 1680 4926 tuum
1730 4876 1910 4928 anima
1943 4892 2077 4932 mea.

504 4963 633 5018 Abit
666 4963 1094 5032 quodammodo,
1127 4973 1294 5034 atque
1345 4963 1672 5019 dissolvitur
1724 4969 1908 5021 anima
1937 4984 2079 5034 mea,

504 5057 766 5112 desiderii
830 5059 1233 5115 vehementiam
1287 5072 1395 5111 non
1436 5056 1642 5114 l'erens.
1698 5058 1801 5115 Per
1840 5065 2086 5118 salutare

505 5160 689 5205 autem
717 5151 1014 5206 salutarem
1045 5149 1255 5205 Christi
1295 5150 1736 5206 incarnationem
1779 5153 2034 5225 intelligit
2065 5173 2080 5221 ;

505 5242 580 5295 ait
615 5241 779 5310 igitur
814 5256 875 5296 se
918 5240 1069 5294 illius
1100 5239 1366 5295 salutaris
1393 5238 1676 5294 desiderio
1702 5241 1950 5296 maxime
1993 5251 2083 5298 te-

503 5335 647 5390 neri.

577 5446 642 5502 In
671 5447 824 5501 verba
849 5456 942 5500 tua
965 5447 1352 5515 supersperavi.
1380 5446 1439 5503 in
1474 5449 1653 5504 verbis
1695 5451 1806 5507 tuis
1837 5453 2077 5518 conﬁdo,

507 5540 750 5595 futurum
815 5555 936 5595 esse
987 5541 1137 5612 quod
1189 5541 1354 5612 cupio
1385 5556 1399 5594 :
1436 5541 1492 5596 in
1551 5543 1670 5612 ejus
1707 5542 1832 5598 dico
1869 5546 2075 5613 verbis,

2195 4687 2404 4740 τούτων
2445 4689 2848 4762 καθαιρομένη,
2880 4692 3028 4756 ὅπως
3059 4693 3124 4746 ἂν
3159 4692 3235 4762 μὴ
3290 4691 3583 4762 αἰσχυνθιῖκ
3635 4692 3763 4762 πρά-

2192 4777 2290 4843 ξας
2320 4780 2482 4849 ἔργον
2512 4782 2802 4853 αἰσχύνης.

2271 4893 2568 4948 Ἐκλείπει
2629 4897 2715 4961 εὶς
2742 4897 2807 4950 τὸ
2835 4895 3134 4964 σωτήριόν
3177 4914 3295 4950 σου
3331 4897 3368 4964 ἡ
3422 4897 3593 4965 ψυχή
3624 4914 3761 4964 μου.

2187 4982 2490 5054 ’Δποδημεῖ
2510 4986 2713 5056 τρόπον
2749 4989 2892 5054 τινὰ,
2919 4988 2949 5058 ἦ
2978 4987 3260 5050 ἐκλύεται.
3295 4989 3369 5059 μὴ
3391 4988 3634 5058 φέρουσα
3668 4989 3761 5056 tiri

2188 5075 2527 5145 σφοδρότητα
2547 5077 2644 5130 τοῦ
2676 5078 2868 5132 πόθου.
2898 5081 3178 5151 Σωτήρων
3220 5079 3279 5133 δὲ
3318 5081 3464 5148 λέγει
3515 5079 3618 5149 τὴν
3660 5096 3763 5130 σω-

2191 5165 2383 5236 τήριον
2409 5169 2828 5240 ὲνανθρώπησιν
2854 5171 2948 5224 τοῦ
2968 5172 3204 5244 Χριστοῦ
3230 5188 3244 5202 ·
3277 5175 3442 5244 φησιν
3481 5169 3574 5226 οὖν
3602 5188 3619 5201 ·
3652 5171 3763 5231 ὅτι,

2199 5255 2416 5326 Σφόδρα
2447 5258 2596 5311 ποθῶ
2623 5260 2684 5313 τὸ
2715 5263 3012 5332 σωτήρειον
3036 5264 3215 5318 τοῦτο.

2261 5457 2366 5522 Εις
2421 5457 2562 5525 τοὺς
2592 5460 2815 5529 λόγους
2845 5477 2962 5516 σου
3020 5461 3355 5528 ἐπήλπισα.
3404 5461 3526 5522 Τοῖς
3588 5459 3764 5530 λόγος

2192 5564 2286 5601 σου
2315 5547 2504 5620 θαρρῶ
2533 5553 2614 5605 ὅτι
2649 5553 2941 5624 γενήσεται
2977 5554 3044 5621 ³³,
3073 5556 3185 5618 τοῖς
3207 5554 3386 5622 λόγοις
3407 5569 3500 5606 σου
3530 5553 3652 5616 τοῖς
3713 5553 3762 5602 ἐν

1848 5720 2052 5782 Variis
2081 5719 2411 5788 lectiones.

495 5888 507 5900 .
577 5814 688 5885 (5i)
719 5813 960 5871 Subaudi
993 5815 1052 5869 τὸ
1087 5815 1375 5887 σωτήριον.
