3964 6552
228 363 354 427 1157
1366 375 1757 438 COMMENT.
1804 378 1888 439 IN
1919 378 2283 446 PSALMOS.
3323 403 3466 470 1153

185 474 290 545 .τῷ
311 477 464 547 νόμῳ
485 478 907 550 γεγραμμένοις
973 483 1099 554 περὶ
1127 484 1314 539 αὐτοῦ.
1344 486 1499 550 Τινὲς
1523 487 1778 554 δὲννοοῦσι

1907 506 2030 561 quae
2062 493 2119 548 in
2152 493 2268 564 lcge
2297 493 2365 549 de
2411 493 2532 566 ipso
2583 499 2813 556 salutari
2851 506 3061 576 scripta
3099 518 3252 566 sunt.
3293 514 3476 586 Aliqui

181 570 342 656 ςπερὶ
367 571 464 638 τῆς
499 571 694 624 ἐαυτοῦ
733 574 1006 644 σωτηρίας
1043 575 1216 630 ταῦτα
1258 576 1439 644 λέγειν
1480 579 1674 632 αὐτόν·
1709 580 1783 634 ὅτι

1901 599 2034 638 vero
2062 585 2378 657 intelligunt
2416 588 2642 645 beatum
2666 589 2840 651 David
2881 570 3000 654 haec
3045 602 3212 658 verba
3265 570 3476 662 dixisse

218 666 373 716 Ποθῶ
403 666 504 737 τὴν
531 669 683 737 παρά
717 668 812 720 σοῦ
843 673 1140 742 σωτηρέαν,
1182 673 1279 726 καὶ
1325 674 1412 737 τίς
1440 675 1542 737 τὰς
1572 673 1783 737 ἐντολάς

1902 674 1972 728 de
1993 689 2092 729 sua
2127 677 2330 733 salute:
2351 677 2510 746 Opto,
2535 681 2738 748 inquit,
2769 700 2889 740 eam
2922 694 3184 761 consequi
3209 695 3468 760 salutem,

198 773 309 824 ,σου
344 757 554 827 saepe.
591 759 674 812 ὅτι
709 760 1054 832 σωθήσομαι,
1085 764 1369 833 φυλάττων
1397 764 1564 829 αύτάς
1598 781 1611 798 ·
1643 765 1783 821 ἀδιά-

1903 781 2028 834 ιιιιιε
2059 781 2086 821 a
2131 776 2184 822 te
2215 770 2473 837 provenit
2503 786 2517 823 :
2549 781 2603 826 et
2631 774 2686 828 in
2710 778 2966 832 mandata
2997 757 3280 840 tuae-valde
3341 757 3475 840 con-

211 865 378 916 φορον
399 849 476 912 δὲ,
502 850 610 903 εἴτε
637 853 861 920 λόγους
890 857 1086 922 εἰτοις,
1120 856 1230 908 εἴτε
1251 857 1460 924 λόγον.

1905 858 2038 924 tido,
2104 860 2251 928 quod
2299 861 2523 918 scilicet”
2549 878 2612 918 ea
2662 867 2964 927 observans
2993 872 3270 931 salvabor.
3331 876 3470 930 Illud

211 943 377 994 etiam
434 943 808 999 adnotandum
866 949 1149 1016 duximus,
1204 951 1348 1019 quod
1407 949 1787 1006 inditi‘erenter
1825 949 2094 1022 Propheta
2143 968 2293 1010 nunc
2333 955 2601 1028 singulari
2647 942 2934 1030 sermone,
3011 965 3246 1020 verbum.
3309 969 3468 1038 dicit,

213 1051 358 1089 nunc
400 1039 555 1092 verba
595 1042 646 1094 in
679 1039 896 1108 plurali.

183 1235 189 1243 .
278 1149 600 1210 Ἐξέλιπον
633 1155 686 1205 οἱ
711 1153 1009 1222 ὀφθαλμοί
1030 1172 1150 1224 μου
1173 1158 1262 1223 εις
1277 1158 1345 1212 τὸ
1372 1159 1586 1230 λόγιόν
1643 1174 1783 1224 σου,

1963 1157 2129 1212 Vnus.
2164 1157 2256 1214 82.
2287 1158 2604 1227 Defeceruu!
2627 1163 2769 1216 oculi
2794 1166 2894 1219 mei
2920 1167 2972 1218 in
2995 1167 3264 1237 eloquium
3294 1178 3466 1235 tuum,

205 1241 518 1310 λέγοντες.
550 1244 706 1298 Πότε
767 1249 1210 1315 παρακαλέσεις
1244 1267 1362 1319 με;
1403 1250 1783 1321 Ἐξελύθησαν,

1897 1251 2163 1304 ιίίεεηιεετε
2200 1251 2418 1320 quando
2469 1253 2822 1310 consolabm‘s
2857 1259 2987 1312 me!
3029 1259 3245 1316 Debiles
3289 1262 3466 1319 effecti

202 1333 480 1402 ὴτὸνησαν
561 1336 612 1387 οι
687 1336 957 1407 ὀφθαλμοὶ
1005 1338 1104 1408 τῆς
1161 1338 1342 1410 ψυχῆς
1408 1339 1538 1412 μους
1587 1345 1668 1407 είς
1699 1342 1783 1398 τὸν

1897 1349 2018 1396 sunt
2043 1341 2244 1396 anima:
2273 1357 2405 1398 mete
2432 1344 2604 1408 oculi,
2633 1347 2967 1416 aspicientes
2996 1349 3050 1404 in
3087 1351 3260 1421 legem
3289 1359 3462 1407 tuam.

202 1424 370 1492 νόμον
405 1442 499 1477 σου
539 1428 878 1492 ἀτενίζοντες
905 1445 919 1461 ο
951 1429 1200 1495 ἐξέλιπον
1226 1433 1282 1486 δὲ
1323 1433 1636 1504 ζητοῦντες,
1659 1435 1789 1488 πότε

201 1515 634 1588 ψυχαγωγήσας
667 1538 759 1590 με,
790 1523 1097 1587 συνετίσας,
1129 1524 1221 1576 καὶ
1251 1524 1344 1579 τὸν
1400 1527 1792 1597 ἐγκεκρυμμέ-

202 1625 296 1660 νον
331 1609 570 1664 πλοῦτον
603 1614 980 1685 ἀνακαλύψας.

277 1722 410 1775 ὀτι
443 1723 740 1794 ἐγενήθην
755 1728 835 1794 ὡς
865 1729 1056 1798 ἀσκὸς
1083 1731 1152 1788 ἐν
1183 1734 1408 1804 πάχνη,
1440 1734 1514 1789 τὰ
1553 1733 1794 1789 δικαιώ-

1893 1433 2220 1488 Deieccrunt
2247 1441 2432 1490 autem
2467 1448 2797 1505 quaerentes,
2835 1442 3054 1509 quando
3084 1445 3463 1501 consolaberis

1898 1539 2030 1580 me:
2075 1525 2357 1580 instruens
2393 1527 2602 1582 scilicet
2630 1538 2682 1584 et
2732 1529 2938 1586 docens
2978 1548 3085 1598 me,
3136 1542 3191 1590 et
3218 1537 3467 1593 occultos

1897 1615 1952 1669 in
1985 1615 2100 1685 lege
2130 1625 2221 1670 tua
2251 1616 2542 1673 thesauros
2575 1621 2850 1678 revelans.

1968 1729 2131 1785 Vens.
2163 1729 2252 1784 85.
2298 1729 2438 1796 Quia
2483 1733 2659 1800 factus
2699 1750 2816 1787 sum
2845 1737 2978 1790 sicut
3019 1745 3132 1792 uter
3159 1740 3213 1792 in
3249 1742 3466 1808 pruina,

194 1815 358 1880 [ιιιτά
389 1831 507 1869 σου
538 1820 649 1871 οὐκ
709 1819 1113 1892 ἐπελαθόμην.
1168 1828 1306 1880 Φασὶ
1358 1828 1450 1880 τὸν
1511 1827 1680 1880 ἀσκὸν
1733 1829 1783 1881 ἐν

1897 1820 2295 1889 iustiﬁcationes
2337 1832 2458 1878 tuas
2494 1840 2599 1877 non
2645 1841 2762 1878 sum
2809 1826 3029 1882 oblitus.
3073 1831 3242 1886 Aiunt
3283 1841 3464 1888 utrem

200 1909 384 1977 πλχνῃ
438 1907 748 1979 ψυχόμενον
806 1916 1242 1983 συσφίγγεσθαι·
1317 1920 1528 1973 τοιοῦτο
1572 1920 1790 1989 ἐγένετο

199 2001 294 2050 καὶ
324 2000 491 2066 αὐτὸς
518 2008 575 2055 ἐν
597 2005 709 2067 τοῖς
737 2011 1064 2078 πειρασμοῖς
1105 2010 1412 2074 συσταλεὶς,
1437 2012 1530 2064 καὶ
1581 2028 1792 2082 σωφρο-

200 2091 436 2154 νισθείςν
466 2095 558 2146 καὶ
597 2094 683 2146 διὰ
706 2097 863 2151 τοῦτο
913 2101 1007 2152 τοῦ
1061 2095 1282 2169 λοιποῦ,
1333 2105 1401 2157 τὰ
1447 2103 1789 2174 δικαιώματα

195 2184 293 2235 τοῦ
325 2184 464 2236 Θεοῦ
494 2187 570 2256 μὴ
599 2187 1012 2260 ἐπιλαθόμενος,
1049 2193 1138 2246 ita.
1168 2194 1244 2264 μὴ
1274 2194 1442 2247 πάλιν
1498 2193 1787 2264 περιπέσοι

194 2280 554 2346 πειρασμοῖς.
591 2277 806 2349 Ἐτεροι
839 2281 895 2334 δὲ
921 2282 1138 2351 λέγουσι
1170 2285 1262 2338 τὸν
1305 2285 1475 2338 ἀσκὸν
1498 2288 1556 2338 ἐν
1602 2285 1787 2357 πάχνῃ

198 2367 510 2439 συρόμενον
539 2371 961 2439 μαλακίζεσθαι,
993 2376 1087 2429 καὶ
1137 2375 1486 2446 χαυνοῦσθαι.
1512 2376 1784 2441 Τοιοῦτος,

195 2461 364 2526 φησι,
419 2461 798 2530 γέγονακτοῖς
857 2469 1185 2536 πειρασμοῖς
1237 2468 1346 2538 γὰρ
1405 2469 1785 2538 ἐνσυρόμενος,

193 2552 463 2623 ᾑτὸνησα,
490 2556 583 2607 καὶ
609 2555 924 2628 ἐχαυνώθην
951 2573 963 2587 ο
1001 2557 1117 2611 ἀλλ’
1148 2560 1317 2629 ὅμως,
1347 2559 1413 2612 τά
1441 2558 1788 2630 δικαιώματά

195 2662 293 2696 σου
315 2648 422 2698 οὐκ
447 2645 814 2720 ὲπελαθῒμην,
841 2648 983 2703 ὥστε
1018 2651 1108 2705 καὶ
1137 2650 1428 2722 ποιῆσαίτι
1448 2651 1782 2722 παράνομον.

197 2735 265 2786 ἸΙ
295 2736 394 2788 καὶ
423 2737 647 2808 ἑτέρως·
666 2738 969 2812 Ἐγενήθην
989 2742 1065 2805 ὡς
1088 2743 1277 2808 ἀσκὸς,
1298 2744 1492 2813 νεκρὸς
1519 2745 1618 2812 μὲν
1651 2740 1787 2813 πρὸς

192 2827 260 2877 τὰ
295 2826 798 2899 πάθη,χωρητικὸς
829 2831 882 2884 δὲ
905 2832 1015 2884 τῶν
1038 2832 1196 2886 θείων
1211 2833 1435 2902 λογίων.
1481 2833 1782 2904 Ἐγενήθην

187 2917 246 2968 δὲ
301 2918 470 2971 τοῦτο
492 2921 549 2972 ἐν
576 2923 640 2992 τῇ
671 2921 851 2994 πάχνη
882 2925 980 2993 τῆς
1011 2922 1160 2986 θείας
1195 2927 1436 2994 χάριτος,
1469 2927 1536 2995 τῇ
1580 2923 1787 2978 ἄνωθεν

189 3009 560 3084 κατελθούσῃ,
601 3013 696 3066 καὶ
718 3013 1046 3087 ψυχρανάσῃ
1076 3014 1175 3085 τὴν
1203 3015 1407 3068 είσοδον
1433 3014 1542 3066 τῶν
1571 3013 1782 3068 παθῶν.

189 3102 281 3155 Διὸ
309 3103 414 3157 καὶ
435 3105 536 3156 οὐκ
559 3105 803 3174 ἀπέστην
827 3104 922 3157 τοῦ
948 3107 1112 3176 νόμου
1148 3125 1262 3172 σου,
1293 3105 1575 3174 γινώσκων
1613 3105 1695 3158 ὅτι
1717 3104 1784 3158 δι’

188 3196 362 3250 αὐτοὖ
383 3196 589 3266 ταύτης
609 3196 889 3267 τετύχηκα
916 3198 1014 3269 τῆς
1052 3199 1297 3269 χάριτος.

1897 1913 2090 1982 pruina
2151 1911 2497 1982 frigefactum
2527 1915 2860 1987 constringi.
2917 1917 3104 1974 Talem
3159 1936 3220 1976 se
3265 1921 3464 1976 beatus

1899 1999 2070 2054 David
2103 2001 2364 2056 effectum
2425 2017 2549 2058 esse
2597 2003 2750 2069 dicit,
2786 2009 3152 2063 constrictum
3201 2009 3464 2065 nimirum

1891 2099 1947 2145 et
1971 2092 2302 2163 castigatum
2339 2094 2767 2151 calamitatibus.
2813 2096 2932 2162 Qua
2967 2099 3034 2153 de
3069 2114 3238 2154 causa
3293 2111 3458 2173 negat

1892 2197 1951 2237 se
1979 2183 2091 2236 ullo
2123 2198 2366 2251 unquam
2403 2179 3131 2255 temporejuslilicationum
3169 2190 3264 2244 Dei
3305 2191 3460 2246 futuo

1890 2289 2012 2328 runt
2050 2275 2455 2341 immemorem,
2514 2292 2582 2330 ne
2634 2292 2856 2333 rursum
2889 2278 2947 2333 in
2991 2281 3326 2337 tentationes
3360 2282 3459 2337 de-

1890 2367 2020 2420 ferri
2057 2382 2180 2421 eum
2215 2369 2518 2438 contingat.
2547 2369 2654 2423 Alii
2698 2378 2873 2426 utrem
2909 2371 3103 2427 dicunt
3131 2383 3370 2428 tractum
3403 2376 3455 2429 in

1891 2456 2084 2527 pruina
2119 2458 2427 2513 molliorem
2467 2461 2825 2516 ac'laxiorem
2860 2461 3000 2517 ﬁeri.
3045 2460 3220 2528 Talis,
3252 2464 3456 2536 inquit,

1889 2564 1988 2620 ego
2028 2549 2252 2605 ell'ectus
2302 2565 2450 2618 sum,
2497 2552 2625 2620 quia
2672 2553 2858 2608 multis
2905 2554 3313 2610 calamitatibus
3346 2555 3459 2610 dis-

1892 2648 2120 2706 tractus,
2188 2640 2405 2697 tandem
2455 2642 2622 2697 etiam
2659 2643 3002 2709 debilitatus,
3054 2659 3116 2699 ac
3146 2643 3456 2700 dissolutus

1889 2749 2010 2791 sum
2069 2751 2084 2790 :
2138 2742 2382 2789 attamen
2436 2750 2615 2805 neque
2671 2735 2794 2790 ideo
2853 2736 3282 2805 iustiﬁcationes
3335 2749 3458 2790 tuas

1888 2829 2093 2885 oblitus
2121 2844 2261 2885 sum.
2308 2829 2404 2884 Vel
2453 2827 2651 2886 aliter;
2687 2810 2910 2884 Factus
2938 2844 3062 2884 sum
3117 2831 3262 2886 sicut
3290 2837 3415 2884 uter
3439 2867 3454 2894 ,

1891 2932 2144 2976 mortuus
2200 2921 2463 2976 nimirum
2523 2931 2794 2990 quantum
2851 2921 2920 2976 ad
2993 2922 3162 2977 animi
3202 2921 3458 2987 allectus,

1889 3002 2274 3066 verumtamen'
2295 3027 2467 3082 capax
2494 3013 2842 3083 eloquiorum
2894 3013 3011 3068 Dei.
3066 3013 3305 3070 Eﬂ'ectus
3354 3028 3458 3069 au-

1891 3109 2000 3154 tem
2037 3117 2157 3155 sum
2192 3100 2528 3169 bujusmodi,
2555 3101 2612 3154 in
2645 3102 2841 3172 pruina
2871 3104 3068 3159 divina:
3097 3108 3305 3176 gratiae,
3337 3118 3458 3174 qua:

1811 3186 1858 3246 Β
1890 3193 1956 3247 ab
1978 3207 2042 3247 eo
2074 3195 2381 3257 descendit,
2426 3201 2485 3248 et
2515 3195 2838 3262 passionum
2881 3211 3127 3251 mearum
3178 3196 3454 3250 ﬂammam

189 3287 591 3360 refrigeravit;
633 3297 797 3360 atque
849 3289 975 3347 ideo
1016 3306 1125 3346 non
1171 3289 1376 3348 recessi
1427 3307 1458 3347 a
1508 3286 1633 3362 lege
1657 3300 1775 3357 tua,
1811 3287 1998 3346 sciens
2039 3287 2188 3357 quod
2241 3302 2337 3358 per
2389 3288 2541 3343 illam
2603 3303 2706 3358 ego
2790 3289 3023 3360 gratiam
3065 3289 3232 3344 etiam
3287 3305 3318 3344 a
3398 3297 3454 3344 te

189 3388 540 3436 consecutus
569 3397 713 3437 sum.

265 3496 470 3550 Πόσαι
492 3498 653 3552 εἰσιν
680 3502 740 3554 αι
764 3500 980 3570 ἡμέραι
1017 3501 1124 3555 τοῦ
1165 3501 1394 3556 δούλου
1440 3517 1590 3567 σου;
1633 3503 1780 3554 πότε

186 3588 482 3655 ποιήσεις
509 3606 613 3658 μοι
645 3589 713 3644 ἐκ
743 3591 1384 3648 τῶνκαταδιωκόντων
1405 3611 1483 3663 με
1535 3594 1736 3663 κρίσιν
1759 3609 1780 3658 ;

1956 3491 2125 3546 Vens.
2163 3489 2250 3544 84.
2297 3490 2437 3556 Quot
2475 3499 2595 3542 sunt
2620 3488 2732 3542 dies
2767 3488 2900 3542 servi
2933 3487 3010 3540 tui
3034 3486 3060 3539 7
3114 3486 3326 3554 quando
3364 3486 3454 3554 fa-

1881 3585 1985 3640 cies
2037 3581 2166 3637 mihi
2223 3580 2288 3635 de
2345 3567 2778 3648 persequentibus
2831 3594 2914 3632 me
2947 3577 3261 3647 judicium?
3307 3575 3454 3642 Quot

190 3682 369 3735 Πόσαι
397 3680 509 3734 stat
560 3699 575 3747 ;
607 3684 829 3748 πάντως.
852 3685 1032 3756 ὀλίγαι
1051 3702 1066 3716 ο
1092 3685 1223 3740 πότε
1259 3685 1353 3740 οὖν
1383 3685 1634 3756 ποιήσεις
1687 3700 1780 3755 μοι

1897 3673 2246 3732 sunt?Pauci
2281 3687 2528 3743 prorsus.
2589 3670 2826 3737 Quando
2883 3670 3052 3739 igitur
3102 3669 3272 3724 facies
3319 3667 3454 3722 inibi

187 3775 384 3845 κρίσιν
433 3779 500 3830 ἐκ
559 3774 669 3828 τῶν
727 3777 1183 3832 καταδιωκόντων
1244 3794 1314 3848 με
1367 3777 1640 3848 ἀοράτων,
1685 3776 1781 3830 καὶ

1907 3768 2150 3824 ustitiam
2183 3766 2249 3820 de
2285 3763 2752 3834 persequentibus
2797 3777 2884 3816 me
2935 3760 3310 3817 invisibilibus
3355 3774 3454 3814 seu

184 3866 412 3938 ὁρατῶν
473 3865 711 3937 ἐχθρῶνς
739 3868 993 3940 Ποιήσεις
1039 3867 1096 3922 δὲ
1177 3869 1382 3939 ταύτην
1434 3865 1784 3938 ἀποστρέψας

186 3958 425 4025 αὐτοὺς,
451 3960 546 4011 καὶ
570 3959 762 4029 πόρρω
789 3958 1008 4024 διώξας.

261 4131 652 4200 Διηγήσαντό
694 4147 795 4199 μοι
835 4131 1165 4200 παράνομοι
1211 4130 1602 4199 ἀδολεσχίας,
1647 4129 1782 4183 ἀλλ’

186 4225 303 4290 οὐχ
333 4222 420 4287 ὡς
449 4223 481 4275 ό
503 4220 686 4290 νόμος
709 4236 846 4286 σου,
879 4221 1074 4288 Κύριε.
1114 4221 1459 4290 Διηγήσαντό
1493 4236 1584 4290 μοι
1609 4219 1782 4288 φλυαο

193 4316 319 4382 ρίας
372 4313 684 4383 δογμάτων,
732 4311 869 4365 ἀλλά
908 4312 1158 4376 ἐναντίας
1187 4312 1263 4382 τῷ
1313 4313 1462 4384 νόμῳ
1525 4329 1640 4366 σου.
1707 4315 1778 4365 Ἦ

189 4407 538 4478 διηγήσαντό
569 4424 658 4477 μοι
695 4403 985 4475 ληρωδίας,
1038 4405 1433 4475 ἑρμηνεύοντες
1478 4405 1643 4476 δῆθεν
1688 4405 1780 4458 τὸν

187 4501 367 4570 νόμον
401 4514 518 4564 σου,
549 4497 660 4551 ἀλλ’
687 4498 749 4551 ού
777 4495 1208 4566 συνεφθέγγοντο
1247 4497 1453 4568 τούτῳο
1478 4497 1689 4567 λέγοιτο
1735 4497 1782 4549 δ’

189 4593 254 4645 ἂν
277 4588 452 4643 τοῦτο
484 4590 612 4658 περὶ
639 4588 854 4641 πάντων
886 4585 1020 4656 ὁμοῦ
1053 4587 1161 4640 τῶν
1191 4585 1503 4658 αἱρετικῶν.
1710 4583 1722 4594 “

265 4772 476 4827 Πᾶσαι
528 4771 587 4822 al
636 4768 878 4822 ἐντολαί
919 4783 1036 4822 σου
1073 4768 1342 4835 ἀλήθεια,
1387 4768 1605 4833 ἀδίκως
1651 4785 1788 4823 κατ-

187 4867 462 4930 εδίωξαν
489 4881 589 4933 με,
645 4860 969 4931 βοήθησόν
1025 4880 1148 4932 μοι.
1214 4864 1390 4915 Πᾶσαι
1435 4861 1676 4932 ἀληθεῖς,
1726 4861 1786 4913 ὲν

187 4955 282 5020 αἷς
320 4956 622 5014 ἐκέλευσας
653 4952 727 5022 μὴ
762 4951 987 5004 ἀδικεῖν.
1022 4951 1391 5020 ’Λδικουμένῳ
1440 4948 1535 5004 οὖν
1588 4949 1787 5022 βοήθη-

192 5052 288 5103 σόν
315 5067 440 5118 μοι,
465 5048 588 5108 τοὺς
617 5045 743 5106 σοὺς
767 5043 1004 5111 μάλιστα
1034 5044 1231 5113 νόμους
1255 5043 1486 5095 ἐκδικῶν
1508 5045 1784 5114 παραϐαι-

191 5141 470 5211 νομένους
495 5153 510 5168 ’
538 5134 768 5189 ἐνταῦθα
793 5133 848 5187 δὲ
884 5134 1010 5204 περὶ
1044 5134 1152 5189 τῶν
1196 5133 1475 5204 αἰσθητῶν
1503 5134 1712 5206 ἐχθρῶν
1756 5138 1786 5190 ὁ

188 5234 383 5302 λόγος.

269 5438 446 5502 Παρὰ
472 5435 676 5503 βραχὺ
705 5436 1124 5493 συνετέλεσαν
1168 5455 1245 5506 με
1305 5439 1376 5491 ἐν
1414 5437 1490 5506 τῇ
1527 5433 1640 5505 τῇ,
1671 5433 1784 5502 ἐγὼ

193 5531 266 5581 δὲ
296 5531 415 5581 οὐκ
456 5529 856 5594 ἐγκατέλιπον
893 5530 1001 5594 τὰς
1027 5528 1285 5596 ἐντολάς
1319 5544 1460 5584 σου.
1495 5527 1634 5597 [Ιαρ’
1669 5526 1782 5580 ὀλί-

194 5639 299 5689 γον
361 5619 577 5672 ἁνεῐλόν
631 5635 718 5687 με.
781 5620 1072 5674 Συντέλεια
1129 5620 1239 5690 γὰρ
1297 5619 1518 5688 λέγεται
1595 5621 1690 5672 καὶ
1747 5619 1779 5686 ἠ

193 5710 653 5780 Συμπλήρωσις
683 5711 794 5780 τῆς
836 5710 1008 5779 ζωῆς.
1052 5711 1470 5766 Συνετέλεσαν
1496 5710 1612 5779 οὖν,
1663 5712 1784 5764 ἀντὶ

193 5805 292 5859 τοῦ
339 5806 664 5859 Συντελέσαι
699 5807 796 5878 τὴν
837 5805 983 5876 ζωὴν
1013 5804 1473 5876 παρεσκεύασαν
1528 5803 1585 5873 ἢ,
1651 5803 1782 5856 Συν-

1885 3863 2050 3918 etiam
2089 3858 2402 3915 visibilibus
2446 3854 2730 3911 inimicis?
2769 3852 2963 3909 Facies
2995 3863 3174 3908 autem
3213 3851 3315 3906 hoc
3346 3849 3458 3918 4η-

1886 3953 2116 4017 dicium,
2145 3950 2194 4006 si
2233 3949 2354 4004 illos
2384 3949 2438 4002 in
2471 3947 2659 4018 fugam
2688 3945 3058 4011 converteris,
3101 3953 3157 3998 et
3199 3942 3393 4014 procul
3423 3956 3456 3996 a

1887 4062 1976 4103 me
2004 4061 2102 4102 eos
2133 4044 2420 4098 insecutus
2452 4040 2647 4096 fueris.
3271 4035 3277 4040 ’

1953 4138 2127 4193 Vsus.
2165 4134 2257 4190 85.
2305 4131 2677 4188 Narraverunt
2715 4131 2844 4186 mihi
2887 4129 3054 4198 iniqui
3093 4128 3454 4199 garrulitates,

1887 4228 1979 4287 sed
2008 4237 2189 4282 nonut
2237 4227 2329 4282 lex
2377 4231 2490 4278 tua.
2535 4223 2907 4277 Narraverunt
2960 4221 3096 4274 mihi
3143 4220 3454 4288 dogmatum

1887 4320 2253 4396 quorumdam
2291 4317 2633 4387 nugacitates
2678 4313 2784 4382 legi
2837 4321 2946 4366 tute
2983 4311 3310 4366 contrarias.
3357 4307 3453 4364 Vel

1889 4419 1948 4483 ii,
1979 4416 2074 4486 qui
2106 4415 2279 4483 legem
2312 4420 2464 4464 tuam
2509 4405 3042 4476 interpretabantur,
3092 4411 3456 4457 narraverunt

1892 4505 2447 4576 mihigarrulitates;
2503 4500 2608 4570 legi
2659 4506 2844 4552 tamen
2895 4509 3200 4551 consonum
3248 4493 3454 4562 aliquid

1896 4614 2001 4653 non
2029 4596 2302 4653 dicebant.
2334 4594 2573 4648 Possunt
2607 4597 2789 4644 autem
2819 4589 2937 4642 lucc
2990 4587 3154 4641 verba
3221 4599 3456 4658 genera-

1889 4691 2015 4745 liter
2047 4689 2312 4743 adversus
2344 4700 2538 4740 omnes
2573 4683 2862 4736 haereticos
2894 4677 3323 4734 accommodari.

1961 4779 2127 4835 Vens.
2165 4778 2256 4835 86.
2301 4775 2493 4834 Omnia
2518 4773 2774 4827 mandata
2829 4782 2922 4826 tua
2956 4773 3178 4842 (equitat
3208 4786 3228 4824 :
3261 4769 3456 4839 injust:

1885 4872 2145 4944 persecuti
2170 4879 2291 4924 sunt
2318 4883 2418 4933 me,
2447 4867 2648 4934 adjuva
2670 4882 2772 4920 me.
2819 4865 2921 4929 Ea,
2954 4865 3155 4934 inquit,
3199 4862 3456 4918 mandata

1889 4963 2073 5019 omnia
2129 4974 2254 5015 vera
2298 4965 2448 5022 sunt,
2487 4958 2544 5013 in
2601 4956 2805 5027 quibus
2846 4955 3054 5008 nemini
3118 4954 3456 5007 inferendam

1888 5070 2012 5112 esse
2041 5051 2296 5122 injuriam
2330 5049 2630 5106 mandasti.
2657 5049 2868 5120 Adjuva
2899 5061 2986 5100 me
3010 5046 3178 5113 igitur
3205 5045 3455 5098 atl‘ectum

1889 5145 2116 5215 injuria,
2171 5151 2226 5198 et
2277 5141 2580 5197 vindictam
2629 5153 2783 5196 sume
2838 5139 2906 5191 de
2937 5137 3004 5190 iis
3044 5132 3455 5200 omnibus,qui

1888 5239 2062 5305 legem
2091 5245 2238 5290 tuam
2268 5233 2778 5304 transgrediuntur.
2813 5229 2911 5284 Est
2937 5234 3120 5282 autem
3155 5227 3248 5282 hic
3272 5237 3459 5281 sermo

1888 5329 1955 5384 de
1986 5327 2303 5383 visibilibus
2337 5325 2601 5380 inimicis.

1960 5441 2123 5495 Vens.
2163 5441 2253 5494 87.
2302 5426 2474 5494 Paulo
2517 5439 2688 5492 minus
2740 5443 3234 5492 consummaverunt
3281 5451 3361 5489 me
3404 5433 3460 5486 in

1890 5546 2056 5597 terra,
2094 5548 2188 5602 ego
2217 5544 2393 5585 autem
2426 5547 2528 5585 non
2569 5531 2824 5601 dereliqui
2862 5530 3120 5584 mandata
3163 5539 3276 5582 tua.
3320 5526 3462 5582 Pene

1888 5626 2087 5694 inquit,
2121 5627 2520 5679 interemerunt
2553 5637 2660 5677 me.
2696 5622 3093 5677 Consummare
3144 5620 3302 5683 dixit,
3362 5631 3463 5688 pro

1899 5715 2073 5768 Vitam
2113 5715 2288 5782 ﬁnire.
2321 5713 2858 5770 Consumniaverunt
2884 5728 2968 5767 me
2999 5711 3188 5782 igitur,
3221 5710 3325 5766 boc
3355 5717 3462 5773 est,

1885 5805 2338 5874 l’rmparaveruut
2365 5811 2425 5860 ut
2450 5819 2624 5862 meam
2648 5805 2812 5861 vitam
2843 5811 3315 5860 consummarent.
3341 5799 3463 5866 Vel,
