3906 6552
519 387 662 451 11ξ.9

1714 379 2099 443 EUTHYMII
2137 375 2504 439 ZIGABENI

3641 371 3766 435 115‘)

514 500 916 556 Concluserunt
948 507 1036 550 me
1085 493 1143 550 in
1185 501 1356 560 terra,
1387 506 1485 550 seu
1530 491 1862 548 Everterunt
1905 508 1992 547 me
2044 493 2096 546 in

2215 487 2456 542 ἔκλεισάν
2495 503 2564 558 με
2597 486 2657 540 ἑν
2708 488 2775 557 τῇ
2804 486 2874 556 γῇ
2901 524 2916 550 ,
2966 483 2999 555 η
3031 481 3431 554 Κατέστρεψάν
3467 499 3540 552 με
3570 483 3650 546 είς
3678 484 3765 553 τὴν

515 606 747 657 terram;
793 604 894 661 ego
927 598 1106 644 tamen
1141 603 1170 642 a
1203 587 1560 643 meditatione
1601 595 1695 640 aut
1726 585 1795 640 ab
1834 585 2098 642 observa-

517 686 665 739 tione
691 680 1076 736 mandatorum
1108 687 1331 733 tuorum
1367 693 1478 733 non
1513 677 1740 740 recessi.

589 775 752 829 Vens.
787 773 876 827 88.
918 769 1218 826 Secundum
1253 771 1677 824 misericordiam
1707 780 1852 824 tuam
1890 768 2096 838 vivi/ica

515 884 616 932 me,
642 878 688 920 et
710 864 1010 920 custodiam
1035 864 1335 918 testimonia
1366 863 1472 917 oris
1505 863 1602 916 tui.
1631 864 1688 915 ln
1718 859 2096 917 misericordia

517 969 609 1013 tua
640 959 850 1013 vivitica
881 971 988 1021 me,
1016 963 1278 1025 tanquam
1315 953 1648 1008 misericors.
1686 952 1751 1006 Et
1775 955 1841 1007 de
1867 953 1951 1007 bis
1974 965 2097 1007 ver-

517 1050 601 1102 bis
633 1065 646 1101 :
698 1045 915 1112 Vini/ica
947 1061 1047 1110 me,
1107 1044 1216 1110 jam
1255 1042 1510 1111 superius
1535 1041 1738 1095 dictum
1768 1046 1871 1094 est.
1911 1036 2096 1093 Testi-

523 1138 708 1191 monia
736 1152 864 1190 vero
889 1136 1003 1190 oris
1037 1136 1137 1199 tui,
1168 1148 1229 1188 ea
1266 1135 1408 1199 dico,
1451 1150 1572 1202 quae
1596 1132 1767 1203 Moysi
1800 1133 2093 1188 mandasti.

589 1230 756 1284 Vens.
785 1228 873 1282 89.
911 1228 970 1281 In
998 1227 1274 1292 saxulum,
1301 1225 1540 1291 Domine,
1572 1225 1782 1279 verbum
1810 1235 1957 1278 tuum
1980 1241 2100 1293 per-

520 1331 697 1374 manet
728 1319 780 1373 in
810 1319 957 1373 cazlo.
999 1319 1310 1373 Mandatum
1353 1329 1507 1373 tuum
1553 1317 2005 1373 incommutabile
2041 1318 2095 1372 in

519 1409 661 1469 ctelo
691 1424 910 1477 semper
943 1418 1246 1477 permanet.
1285 1408 1442 1470 Illud.
1483 1410 1727 1478 inquam,
1760 1409 2096 1474 mandatum,

522 1512 631 1566 quo
663 1498 862 1551 coelum
899 1497 952 1550 in
989 1512 1092 1551 suo
1119 1514 1336 1568 semper
1366 1497 1558 1553 ordine
1583 1498 1919 1553 continetur.

597 1587 763 1641 Vens.
786 1586 876 1641 90.
915 1585 977 1640 In
1007 1587 1398 1654 generationem
1418 1597 1465 1640 et
1495 1587 1882 1657 generationem
1905 1588 2097 1642 veritas

525 1683 638 1726 tua.
679 1672 892 1727 Veritas
923 1673 1085 1742 hujus
1122 1674 1366 1728 mandati
1409 1674 1640 1728 inomni
1685 1689 1900 1744 semper
1933 1691 2098 1745 gene-
2135 1679 2142 1686 ”

529 1763 746 1817 ratione
772 1773 1036 1818 constans
1063 1773 1345 1833 permanet
1377 1779 1391 1816 :
1425 1774 1477 1818 et
1509 1767 1642 1820 ordo
1675 1765 1848 1820 semel
1891 1767 2098 1821 consti—

527 1864 698 1922 tutus,
734 1855 786 1908 in
820 1845 1034 1909 diversa
1069 1872 1174 1909 non
1202 1864 1467 1909 mutatur.

598 1946 762 2003 Vens.
799 1949 886 2002 9|.
923 1947 1194 2002 Fundasti
1230 1958 1448 2012 terram,
1479 1957 1528 2002 et
1569 1960 1839 2020 permanet
1879 1951 2100 2007 ordina-

525 2041 663 2092 tione
705 2050 818 2092 tua.
871 2038 999 2092 Haec
1047 2043 1210 2094 etiam
1270 2049 1553 2111 permanet
1588 2041 1933 2114 ordinatione
1979 2051 2096 2112 tua,

523 2134 627 2187 hoc
655 2141 758 2196 est,
793 2133 1256 2201 quemadmodum
1293 2143 1346 2187 tu
1375 2132 1720 2204 disposuisti.

600 2213 912 2271 Perseverat
941 2217 1070 2284 dies,
1097 2221 1350 2289 quoniam
1372 2223 1550 2275 omnia
1565 2225 1796 2277 serviunt
1816 2224 1929 2279 tibi.
1967 2223 2099 2282 Per-

528 2318 712 2362 manet
741 2309 880 2376 dies,
925 2319 985 2364 ut
1018 2311 1310 2364 ordinasti.
1344 2313 1644 2384 Antiquum
1681 2317 1826 2370 enim
1871 2327 2034 2388 atque
2064 2332 2096 2372 a

523 2405 576 2452 te
609 2407 872 2453 statutum
917 2401 1162 2455 ordinem
1191 2413 1508 2459 conservat.
1542 2407 1718 2476 Hujus
1748 2417 1928 2462 autem
1971 2424 2098 2479 per-

527 2491 851 2544 severantiae
873 2506 1041 2545 causa
1063 2503 1166 2555 est,
1195 2497 1322 2564 quia
1353 2495 1488 2561 haec,
1515 2505 1568 2552 et
1591 2499 1696 2552 alia
1721 2501 1900 2553 omnia
1936 2501 2097 2554 simul

522 2577 618 2631 tibi
652 2579 923 2643 serviunt,
955 2592 1006 2634 et
1049 2583 1308 2636 mandato
1340 2595 1457 2648 tuo,
1505 2601 1613 2640 non
1653 2602 1814 2642 secus
1845 2603 1908 2641 ac
1953 2589 2098 2644 servi

521 2665 745 2720 domino
799 2684 926 2731 suo,
982 2669 1390 2740 obtemperant.
1444 2674 1622 2730 Altius
1676 2677 1838 2730 etiam
1899 2676 2100 2732 intelli-

520 2751 740 2822 gendo:
774 2751 1008 2808 Verbum
1060 2765 1213 2809 tuum
1250 2757 1306 2812 in
1360 2760 1499 2814 cmlo
1537 2777 1752 2832 semper
1795 2773 2098 2834 permanet,

530 2845 673 2913 apud
708 2848 951 2914 angelos.
989 2847 1268 2904 Facientes
1305 2852 1450 2906 enim
1487 2853 1683 2923 inquit,
1724 2855 1934 2910 verbum
1963 2858 2102 2928 ejus.

529 2933 588 2988 In
623 2940 1034 3005 generationem
1073 2943 1233 2995 etiam
1278 2954 1330 2998 et
1369 2948 1776 3014 generationem
1805 2952 2014 3022 antiqui
2047 2965 2102 3010 et

526 3030 652 3079 novi
691 3031 871 3096 potiuli
903 3039 986 3084 est
1029 3035 1234 3088 veritas
1265 3045 1353 3088 tua
1391 3053 1405 3090 :
1439 3037 1552 3101 illa,
1594 3039 1840 3109 inquam,
1875 3046 2100 3111 veritas,

524 3132 646 3187 qua:
669 3129 750 3174 est
779 3121 832 3174 in
866 3121 1001 3192 lege.
1031 3126 1184 3193 Apud
1215 3137 1504 3197 utramque
1527 3131 1671 3184 enim
1695 3137 2098 3202 generationem

519 3209 748 3262 verbum
805 3219 957 3265 tuum
1010 3229 1200 3270 verum
1253 3233 1376 3274 esse
1428 3223 1776 3291 prmdiratur.
1837 3227 2097 3286 Fundasti

523 3300 689 3352 etiam
726 3299 1057 3372 Ecclesiam,
1104 3317 1156 3362 et
1189 3309 1242 3363 in
1284 3315 1598 3383 evangelica
1632 3331 1749 3370 eam
1783 3319 1887 3374 ﬁde
1928 3323 2099 3378 stabi-

522 3391 636 3445 listi
670 3409 682 3445 :
719 3391 1018 3450 Ecclesiam
1044 3399 1190 3465 dico,
1227 3418 1350 3471 quae
1381 3415 1541 3459 antea
1581 3415 1722 3461 terra
1756 3413 1951 3466 merito
1991 3415 2098 3470 dici

521 3489 759 3548 poterat,
794 3486 920 3553 quia
959 3495 1178 3543 terrena
1211 3492 1480 3561 sapiebat,
1517 3496 1668 3562 etin
1711 3502 1946 3558 terrenis
1974 3518 2096 3560 ver-

521 3573 771 3627 sabatur.
808 3573 1042 3646 Ideoque
1075 3589 1378 3648 permanet,
1414 3593 1472 3637 ut
1501 3587 1792 3648 ordinasti.
1819 3591 1882 3645 Et
1910 3609 2098 3663 quan-

517 3678 684 3731 quam
717 3666 887 3720 multa
921 3673 1309 3738 tentationum,
1339 3689 1403 3728 ac
1427 3681 1869 3746 persecutionum
1901 3689 2095 3756 maria,

518 3757 578 3802 ut
612 3753 684 3805 ita
727 3755 929 3820 dicam,
979 3761 1135 3826 quasi
1195 3775 1434 3818 oceanus
1467 3765 1715 3834 quidam,
1750 3771 1994 3842 undique
2037 3753 2094 3831 in

513 3853 634 3893 eain
664 3844 947 3910 irruerint,
981 3864 1088 3901 non
1127 3859 1311 3905 tamen
1341 3854 1604 3910 adversus
1630 3873 1750 3912 eam
1789 3865 2092 3928 praevaluis-

517 3941 668 3992 .unt.
713 3933 1033 3990 Perseverat
1071 3940 1237 3994 etiam
1283 3944 1427 4007 dies,
1473 3945 1576 4000 hoc
1613 3958 1718 4012 est,
1763 3952 1984 4019 pietatis
2030 3974 2094 4014 ac

2199 583 2324 652 γῆν,
2373 578 2515 649 Ἐγὼ
2545 580 2602 633 δὲ
2634 579 2749 632 οὐδ’
2795 577 2970 640 οὕτως
2994 577 3242 647 ἀπέστην
3273 575 3378 647 τῆς
3410 574 3651 646 μελέτης
3683 580 3765 630 καὶ

2201 673 2451 742 φυλακῆς
2482 671 2590 724 τῶν
2619 670 2850 724 ἐντολῶν
2877 685 2993 723 σου.

2271 762 2436 818 Κατὰ
2486 764 2552 816 τὸ
2587 762 2764 827 ἔλεός
2815 776 2932 814 σου
2965 758 3154 828 (ﬁch
3179 775 3273 825 με.
3297 757 3397 813 καί
3423 756 3680 826 φυλάξω
3705 756 3762 808 τὰ

2195 857 2490 925 μαρτύρια
2541 855 2650 909 τοῦ
2706 853 3008 922 στόματός
3060 869 3201 907 σου.
3248 852 3335 904 Ἑν
3367 851 3444 921 τῷ
3478 849 3621 902 ἐλέει
3681 865 3760 901 σου

2201 949 2366 1019 ζῆσόν
2394 965 2484 1018 με,
2510 948 2588 1010 ὡς
2621 946 2874 1016 ἐλεήμων
2905 946 3031 1014 περὶ
3068 944 3163 997 τοῦ
3194 943 3407 1012 Ζῆσόν
3423 957 3503 1011 με
3525 940 3767 1010 προειρπ.

2198 1059 2310 1094 ται.
2343 1039 2424 1092 Τά
2451 1038 2735 1110 μαρτύρια
2767 1037 2824 1090 δὲ
2860 1035 2956 1090 τοῦ
2994 1035 3268 1106 στόματός
3321 1051 3448 1099 σου,
3488 1033 3526 1086 ἃ
3566 1032 3761 1100 ὑπηγόο

2202 1147 2402 1202 ρευσας
2418 1130 2494 1198 τῷ
2522 1130 2776 1183 Μωῦσεῖ.

2273 1225 2378 1288 Εἰς
2407 1220 2515 1275 τὸν
2535 1221 2741 1285 αίῶνα,
2766 1221 2964 1286 Κύριε,
2997 1221 3031 1274 ό
3057 1222 3240 1288 λόγος
3265 1234 3382 1272 σου
3413 1217 3674 1285 διαμένει
3705 1219 3761 1269 ἐγ

2199 1315 2280 1380 τῷ
2309 1313 2564 1383 οὐρανῷ.
2621 1314 2733 1366 Ἀεὶ
2761 1312 2820 1366 τὸ
2846 1313 3178 1382 πρόσταγμά
3201 1328 3296 1363 σου
3333 1311 3631 1363 ἀσάλευτον
3657 1309 3758 1360 δια·

2206 1409 2362 1478 μένει
2409 1408 2466 1462 ἐν
2520 1406 2598 1476 τῷ
2641 1404 2859 1476 οὐρανῷ
2884 1420 2899 1435 ο
2928 1403 2990 1457 τὸ
3024 1403 3153 1474 περὶ
3201 1404 3302 1471 τῆς
3344 1403 3558 1466 τάξεως
3585 1401 3756 1466 aito-'3,

2202 1498 2423 1568 συνέχον
2457 1498 2619 1551 αὑτὸν
2646 1499 2702 1551 ὲν
2727 1497 2889 1566 αὐτῇ.

2272 1592 2376 1655 Είς
2409 1589 2626 1658 γενεὰν
2653 1591 2750 1642 καὶ
2785 1588 3004 1656 γενεὰν
3055 1589 3089 1656 ἡ
3133 1586 3391 1654 ἀλήθειὰ
3419 1600 3558 1640 σου.
3601 1584 3754 1651 ’Δεὶὴ

2199 1682 2431 1751 ἀλήθεια
2461 1681 2554 1736 τοῦ
2587 1683 3011 1752 προστάγματός
3047 1699 3142 1734 σου
3231 1679 3321 1733 διὰ
3369 1679 3550 1747 πάσης
3583 1679 3756 1744 γενεᾶς

2199 1774 2479 1846 ἀληθεύει,
2502 1774 2577 1845 μη
2600 1775 3060 1846 μετακιεοηθείσης
3084 1775 3183 1845 τῆς
3209 1771 3528 1844 ὁρισθείσης
3548 1772 3754 1834 τάξεως.

2285 1955 2723 2024 Ἐθεμελίωσας
2752 1953 2867 2021 τὴν
2895 1952 3035 2024 γῆν,
3077 1953 3178 2006 καί
3211 1952 3479 2021 διαμένει
3531 1950 3599 2018 τῇ
3647 1951 3679 2002 ε
3702 1969 3756 2002 a-

2201 2045 2370 2111 τάξει
2390 2062 2530 2101 σου.
2563 2046 2820 2116 Διαμένει
2873 2048 2969 2100 καὶ
3001 2047 3145 2116 αῦτη
3175 2047 3233 2098 ὲν
3261 2047 3326 2115 τῇ
3364 2043 3601 2107 διατάξει
3653 2061 3751 2102 σου,

2199 2139 2277 2205 ὡς
2298 2140 2551 2210 διετάγη.

2273 2233 2542 2301 Διαμένει
2571 2231 2609 2298 ἠ
2647 2231 2860 2300 ἡμέρα.
2894 2230 2983 2285 ὅτι
3005 2230 3076 2284 τὰ
3096 2230 3422 2300 σύμπαντα
3450 2227 3634 2280 δοῦλα
3663 2226 3751 2279 σά.

2202 2325 2464 2394 Διαμένει
2523 2325 2556 2393 ἡ
2596 2323 2801 2395 ἡμέρα,
2859 2323 2933 2387 ὡς
2972 2321 3339 2394 προσέταξας,
3399 2319 3639 2389 τηροῦσα
3667 2318 3752 2385 τὴν

2205 2413 2344 2467 ίδίαν
2373 2413 2527 2481 τάξιν
2550 2454 2565 2468 .
2615 2415 2799 2468 Αἴτιον
2843 2414 2899 2467 δὲ
2931 2418 3030 2483 τῆς
3061 2413 3321 2480 τοιαύτης
3357 2411 3647 2480 διαμονῆς,
3683 2409 3755 2462 ὅτι

2203 2505 2298 2558 καὶ
2324 2505 2498 2560 ταῦτα
2528 2505 2622 2559 καὶ
2645 2508 2782 2576 ὁμοῦ
2814 2509 2994 2560 πάντα
3024 2504 3188 2558 δοῦλα
3221 2504 3306 2557 σά.
3341 2503 3489 2555 Διότι
3534 2504 3624 2553 χλι
3653 2503 3756 2552 zei-

2205 2597 2390 2651 θονται
2425 2597 2501 2668 τῷ
2535 2599 2922 2668 προστάγματι
2946 2597 3040 2650 τοῦ
3078 2597 3379 2658 Δεσπότου,
3415 2593 3660 2665 καθάπερ
3687 2611 3758 2644 τι·

2203 2691 2292 2755 νὲς
2324 2691 2502 2744 δοῦλοι
2528 2709 2542 2722 ο
2581 2691 2726 2744 κατὰ
2755 2692 2810 2744 δὲ
2847 2690 3188 2760 ὑψηλοτέραν
3223 2689 3482 2758 θεωρίαν,
3534 2689 3617 2740 ἀεὶ
3651 2689 3759 2740 διας

2207 2786 2358 2855 μένει
2396 2787 2452 2836 ἐν
2474 2784 2552 2854 τῷ
2580 2783 2798 2855 οὐρανῴ
2827 2784 2974 2853 παρὰ
3007 2785 3119 2844 τοῖς
3145 2783 3400 2850 ἀγγέλοις
3421 2783 3449 2832 ό
3479 2780 3631 2846 λόγος
3657 2797 3758 2832 cru.

2205 2871 2532 2937 Ποιοῦντες
2553 2873 2684 2942 γὰρ,
2729 2875 2884 2941 φησι,
2931 2872 3036 2926 τὸν
3064 2873 3252 2942 λόγον
3278 2870 3489 2924 αὑτοῦ.
3509 2870 3593 2921 Ἐν
3614 2871 3761 2938 γενεᾷ

2205 2961 2261 3015 δὲ
2325 2964 2419 3017 καὶ
2475 2967 2676 3035 γενεᾷ,
2737 2968 2804 3036 τῇ
2867 2983 2924 3017 τε
2996 2963 3089 3018 τοῦ
3157 2962 3392 3017 παλαιοῦ
3440 2964 3536 3016 καὶ
3578 2966 3646 3032 τῇ
3681 2962 3762 3014 te?

2206 3053 2350 3117 νέου,
2410 3055 2443 3125 ἠ
2506 3055 2738 3125 ἀλήθειά
2795 3071 2888 3108 σου
2939 3057 2972 3126 ή
3009 3057 3068 3108 ὲν
3114 3056 3191 3124 τῷ
3225 3057 3399 3126 νόμῳ.
3430 3055 3565 3124 Παρ⁹
3602 3057 3768 3123 apse-

2206 3143 2389 3216 τέροις
2474 3147 2580 3216 γὰρ
2647 3147 2854 3217 ἀληθὴς
2915 3143 3066 3210 οὗτος
3129 3147 3496 3218 ὁμολογεῖται.
3557 3145 3763 3214 Ἐθεμε·

2205 3235 2408 3299 λίωσας
2444 3236 2501 3289 δὲ
2531 3237 2632 3309 τὴν
2677 3238 3008 3308 Ἐκκλησίαν
3050 3241 3146 3293 καὶ
3177 3240 3497 3309 ἡδραίωσας
3524 3239 3688 3306 αὐτὴν
3717 3241 3765 3286 ἐν

2205 3331 2270 3397 τῇ
2302 3327 2485 3382 πίστει
2511 3329 2606 3382 τοῦ
2632 3330 2969 3399 Εὑαγγελίου
2993 3348 3005 3361 ο
3035 3331 3140 3400 γῆν
3177 3332 3448 3401 πρότερον
3481 3329 3665 3393 οὖσαν,
3683 3331 3767 3381 καὶ

2207 3419 2372 3488 γήϊνα
2406 3421 2738 3488 φρονοῦσαν,
2768 3420 2863 3474 καὶ
2895 3421 3023 3490 περὶ
3049 3421 3118 3474 τά
3151 3415 3319 3491 γήϊνα
3351 3419 3764 3491 συρομένηψξιὸ

2208 3511 2301 3562 καὶ
2328 3510 2595 3580 διαμένει,
2639 3512 2715 3574 ὡς
2769 3512 3021 3576 διετάξω”
3068 3513 3283 3566 πολλῶν
3322 3513 3424 3581 μὲν
3455 3511 3760 3580 πειρασμῶν

2203 3601 2344 3672 αὐτῇ
2390 3604 2856 3674 προσρηξάντων,
2925 3604 3143 3668 οὐδενὸς
3192 3605 3250 3658 δὲ
3280 3605 3492 3676 ταύτης
3523 3603 3760 3671 nauali-

2205 3711 2422 3758 σαντος.
2453 3697 2711 3766 Διαμένει
2740 3697 2796 3750 δὲ
2823 3699 2856 3767 ή
2884 3698 3087 3768 ἡμέρα,
3118 3699 3398 3760 τουτέστι,
3434 3699 3500 3750 τὸ
3534 3697 3646 3765 φῶς
3675 3697 3760 3760 τῆς

2203 3787 2508 3850 εὐσεϐείας,
2539 3788 2677 3858 ὅπερ
2706 3789 2950 3840 ἀνέτειλε
2978 3829 2992 3853 ,
3038 3789 3127 3842 διά
3153 3789 3248 3842 τοῦ
3291 3788 3671 3858 κηρύγματος,
3699 3784 3763 3854 μὴ

2199 3877 2536 3946 τεμνόμενον
2584 3879 2617 3949 ἢ
2681 3880 3045 3948 σϐεννύμενον
3079 3881 3182 3933 ὑπὸ
3254 3882 3355 3951 τῆς
3399 3881 3766 3948 ἀντικειμένης

2199 3966 2507 4036 δυνάμεως.
2543 3970 2907 4039 Προφητικῶς
2933 3971 2988 4023 δὲ
3017 3970 3211 4024 ταῦτα.

518 4021 797 4126 ῒειὶεἱοιιὶε
833 4024 1040 4092 lumen,
1075 4031 1220 4095 quod
1251 4033 1414 4088 simul
1447 4051 1511 4090 ac
1540 4052 1605 4092 ex
1639 4041 1920 4112 Evangelii
1953 4053 2343 4118 praedicatione
2380 4069 2562 4115 ortum
2592 4071 2758 4132 atque
2821 4080 3115 4120 accensum
3171 4071 3278 4128 est,
3348 4063 3415 4116 ab
3477 4063 3766 4118 adversarii

519 4125 760 4181 pou-nua
791 4134 1071 4187 nunquam
1107 4127 1381 4196 exstingui
1412 4135 1607 4200 potuit.
1634 4133 1958 4208 Proplietice
1985 4158 2168 4206 autem
2207 4154 2321 4211 huic
2345 4157 2494 4212 dicta
2527 4125 2676 4213 sunt.

591 4207 756 4311 Vens.
787 4212 876 4265 92.
917 4211 1043 4311 Nisi
1085 4221 1224 4287 quod
1262 4221 1349 4275 (ea:
1390 4235 1482 4278 tua
1513 4207 1788 4287 meditatio
1824 4254 1938 4294 mea
1992 4254 2092 4311 est,

516 4306 641 4400 ωηο
669 4301 805 4366 {orte
837 4306 1112 4400 periissem
1141 4309 1195 4362 in
1220 4311 1520 4369 humilitate
1545 4335 1678 4373 mea.
1709 4323 1849 4392 Nisi,
1890 4301 2091 4400 inquit,

515 4403 580 4443 ea
611 4389 679 4445 de
709 4406 876 4448 causa
911 4394 1138 4453 luissem
1184 4399 1476 4469 liberatus,
1504 4408 1634 4476 quia
1670 4389 1893 4470 assidue
1917 4389 2095 4476 medi:

516 4492 603 4534 tor
647 4483 818 4552 legem
857 4493 1030 4553 tuam,
1065 4492 1255 4558 procul
1299 4491 1468 4550 dubio
1509 4501 1915 4562 calamitatibus
1961 4520 2092 4567 tunc

514 4573 712 4665 majori
746 4577 800 4630 in
829 4593 917 4632 me
940 4595 1064 4634 eum
1096 4583 1300 4652 impetu
1331 4586 1691 4659 irruentibus,
1721 4601 2008 4665 periissem
2038 4606 2092 4658 iu
2130 4581 2169 4634 Β

515 4663 814 4721 afﬂictione
840 4685 981 4725 mea.

593 4755 754 4814 Vnus.
792 4760 883 4816 93.
926 4764 994 4856 η
1023 4771 1279 4825 stecutum
1308 4790 1409 4828 non
1435 4776 1723 4835 obliviscar
1745 4783 2096 4856 justi/iratio-

515 4861 604 4900 nes
645 4860 766 4904 tuas
799 4867 819 4905 :
859 4855 987 4921 quia
1035 4859 1089 4910 in
1127 4861 1257 4928 ipsis
1303 4865 1582 4934 viviﬁcasti

2270 4254 2338 4305 Et
2358 4252 2442 4320 μὴ
2469 4254 2558 4306 ὅτι
2599 4257 2632 4308 ὁ
2661 4258 2845 4324 νόμος
2872 4271 2989 4310 σου
3035 4259 3260 4326 μελέτη
3294 4275 3414 4326 μου
3448 4257 3602 4317 ἐστι,
3643 4257 3768 4308 τότε

2201 4345 2280 4400 ἂν
2311 4347 2642 4418 ἀπωλόμην
2671 4351 2742 4402 ἐν
2778 4349 2855 4419 τῇ
2888 4351 3248 4404 ταπεινώσει
3276 4369 3417 4419 μου.
3444 4352 3505 4403 Ei
3542 4350 3617 4420 μὴ
3645 4351 3768 4400 Earl-.1

2201 4438 2228 4488 ὁ
2263 4439 2427 4507 νόμος
2470 4456 2565 4492 σου
2611 4441 2811 4512 μελέτη
2870 4459 2970 4512 μου
3008 4445 3155 4494 ἐστὶν
3178 4444 3528 4512 ἀπηλλάγην,
3561 4443 3678 4494 τότε
3706 4442 3764 4492 -Ξν

2202 4528 2478 4583 ἀπέθανον
2516 4532 2575 4585 εν
2603 4535 2670 4603 τῇ
2705 4533 3049 4604 κακοπαθείᾳ
3078 4552 3204 4604 μου,
3274 4535 3633 4605 σφοδρότερον
3657 4535 3768 4584 ἐει-

2200 4621 2450 4690 θεμένων
2481 4639 2574 4693 μοι
2597 4625 2704 4680 τῶν
2736 4626 3087 4696 πειρασμῶν.

2257 4795 2364 4860 Εἰς
2389 4794 2497 4848 τὸν
2525 4795 2714 4852 αἰῶνα
2752 4799 2823 4851 οὐ
2845 4799 2932 4867 μὴ
2963 4797 3332 4866 ἐπιλάθωμαι
3367 4799 3489 4852 τῶν
3536 4799 3767 4852 δικαιω-

1625 4887 1727 4924 me.
1771 4871 1877 4928 Per
1921 4886 2096 4934 totum

2215 4887 2397 4940 ιάτων
2423 4902 2560 4953 σου,
2585 4889 2674 4942 ὅτι
2704 4890 2774 4942 ἐν
2802 4889 3000 4957 αὐτοῖς
3029 4888 3251 4956 ἐζησάς
3275 4909 3372 4959 με.
3392 4891 3532 4958 Παρ⁹
3547 4891 3669 4943 ὅλον
3685 4893 3768 4942 τδιι

514 4940 802 5004 stimulum,
842 4943 1298 5012 jusuﬁcationum
1351 4962 1571 5010 tuarum
1613 4966 1936 5021 memoriam
1985 4985 2096 5028 non

2475 4940 2560 4953 η.
2710 4940 2746 4942 -ν
3033 4940 3242 4956 -.ην-η
3275 4940 3506 4959 τη--ντ
3553 4940 3568 4943 ~
3625 4940 3630 4941 κ
3697 4940 3732 4942 -κ

2215 4976 2368 5029 ιίῶνα
2397 4976 2458 5029 οὐ
2493 4977 2567 5048 μὴ
2597 4979 2946 5050 ἐπιλάθωμαι
2973 4981 3314 5035 αὑτῶν.Ὂτι
3347 4981 3414 5034 δι’
3441 4981 3581 5034 αὑτὰ
3609 4984 3768 5043 sine.

400 5059 413 5072 μ
515 5029 765 5084 amittam
851 5038 1113 5103 quoniam
1156 5055 1256 5109 per
1287 5057 1350 5097 ea
1379 5052 1436 5098 tu
1471 5063 1555 5102 me
1590 5048 1704 5118 jam
1742 5069 1883 5123 pene
1914 5063 2100 5130 exspi-

515 5131 730 5220 rantem
764 5124 1080 5186 viviﬁcasti.
1112 5133 1240 5190 Ideo
1275 5143 1459 5191 autem
1499 5137 1761 5199 liberatus
1789 5161 1932 5214 sum,
1963 5124 2090 5220 quia

513 5209 688 5280 legem
722 5221 872 5270 tuam
911 5223 1239 5282 meditabar.

586 5302 752 5402 Visus.
788 5310 879 5402 οι.
918 5309 1059 5366 Tuus
1088 5332 1204 5368 sum
1234 5334 1348 5388 ego,
1385 5329 1444 5372 et
1466 5321 1670 5377 salvum
1713 5343 1792 5380 me
1826 5328 1933 5398 fac,
1966 5335 2090 5402 quia

503 5393 923 5464 justiﬁcationes
956 5412 1072 5457 tuas
1111 5409 1388 5475 exquisivi.
1428 5410 1706 5484 Scriptqu
1741 5393 1836 5473 est
1859 5393 2004 5478 enim
2033 5426 2088 5480 in

513 5487 632 5578 lege
665 5497 780 5556 tua,
814 5495 958 5561 quod
986 5497 1081 5565 qui
1120 5497 1309 5553 fecerit
1341 5518 1436 5558 eas
1462 5505 1912 5578 iustiﬁcationes,
1947 5512 2090 5570 vivet

511 5576 566 5666 in
599 5579 701 5632 eis.
735 5580 1006 5648 Quoniam
1056 5589 1222 5658 igitur
1251 5607 1350 5662 ego
1384 5605 1512 5650 tuus
1532 5614 1678 5666 sum,
1714 5603 1863 5656 salva
1899 5576 1992 5662 me
2021 5609 2088 5664 ab

513 5665 938 5770 insidiatoribus
981 5679 1140 5734 meis.
1178 5679 1329 5739 Tuus
1369 5697 1550 5742 autem
1598 5705 1741 5760 sum,
1775 5697 1943 5752 veluti
1992 5701 2086 5770 qui

510 5754 934 5824 iustiﬁcationes
966 5775 1092 5827 tuas
1121 5778 1240 5828 toto
1264 5776 1430 5832 corde
1457 5782 1708 5850 exquiro.

2199 5068 2432 5138 ποίησάς
2461 5087 2528 5140 με
2554 5072 3021 5142 ἀποπνιγόμενον.
3047 5073 3195 5128 Διότι
3220 5075 3329 5143 γάρ
3363 5074 3596 5144 μελέτην
3627 5070 3768 5140 ε’χεν

2200 5163 2292 5214 τὸν
2322 5162 2489 5232 νόμον
2523 5180 2641 5228 σου,
2679 5163 3028 5235 ἀπηλλάγην.

2266 5340 2381 5405 Σός
2408 5343 2524 5411 ειμι
2549 5343 2686 5413 ἐγὼ,
2705 5343 2918 5399 σῶσόν
2931 5363 3027 5416 με,
3062 5346 3151 5402 ὅτι
3174 5349 3246 5401 τὰ
3263 5348 3628 5414 δικαιώματὰ
3655 5367 3764 5402 σοι·

2195 5431 2550 5500 ἐξεζήτησα.
2612 5435 2929 5504 Γέγραπται
2981 5439 3090 5510 γὰρ
3157 5440 3214 5490 ὲν
3264 5438 3340 5503 τῷ
3386 5439 3555 5508 νόμῳ,
3619 5441 3765 5493 ὅτιό

2198 5526 2434 5595 ποιήσας
2455 5526 2618 5588 αὐτὰ,
2642 5527 2870 5596 ζήσεται
2902 5529 2959 5580 ὲν
2983 5530 3167 5593 αὐτοῖς
3189 5545 3204 5560 ·
3233 5531 3360 5583 ἐπεὶ
3383 5526 3477 5584 οὖν
3507 5531 3604 5595 σός
3630 5535 3759 5600 εἰμι,

2197 5616 2370 5670 σῶσόν
2393 5634 2462 5688 με
2484 5619 2593 5672 ἀπὸ
2619 5621 2727 5672 τῶν
2752 5621 3214 5678 ἐπιϐουλευόντων
3239 5625 3465 5697 μοι’,σὸς
3494 5626 3608 5697 γὰρ
3636 5627 3758 5697 ἐγὼ,

2194 5708 2269 5772 ὡς
2299 5709 2368 5764 τὰ
2399 5712 2468 5765 σὰ
2501 5710 2850 5782 δικαιώματα
2880 5714 3149 5786 ἐκζητῶν.
