3964 6554
541 427 692 491 1163

531 540 722 600 multis
777 540 841 595 de
908 537 1112 598 causis,
1175 545 1283 588 tum
1355 533 1650 604 prmcipue,

537 650 707 696 stum.

608 727 775 784 Vens.
814 717 1040 774 lOl.Ab
1100 715 1241 767 omni
1312 712 1394 765 vin
1458 709 1600 762 mala
1658 706 1902 776 prohibui
1960 707 2193 780 pedesA

541 837 702 883 meos,
745 824 799 870 ut
828 811 1122 867 custodiam
1154 807 1309 861 verba
1373 815 1484 858 tua.
1545 801 1667 856 Feci
1741 801 1862 864 hoc,
1917 801 2112 870 inquit,

542 928 609 966 nc
645 906 898 965 mandata
959 911 1050 953 tua
1098 911 1441 968 spernerem,
1483 909 1605 964 qua:
1661 894 1764 946 hoc
1790 891 2006 961 jubeut.

609 1091 775 1146 Vens.
813 1085 935 1139 102.
986 1084 1028 1136 Α
1052 1079 1274 1151 judiciis
1307 1079 1412 1132 tuis
1456 1094 1560 1131 non
1592 1075 1874 1139 declinavi,
1908 1074 2034 1144 quia
2065 1084 2120 1126 tu

542 1185 702 1252 legem
733 1175 974 1232 statuisti
1016 1173 1163 1226 mihi.
1225 1171 1342 1226 Non
1388 1171 1574 1233 homo,
1605 1169 1696 1224 sed
1734 1168 1876 1223 Deus
1909 1185 1920 1220 :
1957 1183 2118 1252 que_m

542 1288 665 1329 cum
698 1272 967 1334 timerem,
1023 1281 1132 1320 non
1169 1261 1437 1319 declinavi
1479 1261 1544 1316 ab
1571 1260 1692 1332 ejus
1730 1259 2023 1314 mandatis.
2055 1238 2076 1260 ’

618 1440 782 1495 Vens.
810 1440 928 1493 105.
976 1439 1146 1502 Quam
1185 1435 1363 1488 dulcia
1385 1436 1590 1504 gutturi
1621 1449 1732 1487 meo
1772 1433 1978 1503 eloquia
2009 1442 2121 1500 tua,

545 1554 702 1606 super
751 1536 848 1590 mel
881 1535 961 1587 ori
1017 1549 1150 1586 meo.
1216 1529 1445 1599 Eloquia
1491 1529 1636 1591 dico,
1706 1543 1829 1598 qua:
1880 1527 2126 1596 corporis

547 1631 769 1699 quidem
805 1634 1028 1697 gutture
1061 1622 1438 1693 proferuntur,
1507 1621 1602 1677 sed
1649 1620 1897 1675 interiori
1930 1619 2127 1673 aninne

546 1734 772 1800 gutture
821 1730 1130 1793 gestantur.
1173 1719 1324 1772 Illam
1377 1724 1556 1771 autem
1589 1716 1842 1787 intelligit
1874 1714 2127 1784 volupta~

552 1829 681 1881 tem,
716 1827 824 1882 qua
856 1826 1048 1864 omnes
1098 1808 1131 1862 ii
1166 1807 1448 1871 fruuntur,
1520 1806 1611 1876 qui
1664 1805 2128 1860 intellectualibus

552 1907 747 1962 animae
775 1903 1034 1960 sensibus
1080 1900 1305 1971 pollent.
1343 1899 1412 1953 lis
1456 1899 1656 1952 etenim
1693 1899 1783 1967 qui
1817 1897 2126 1951 invalidiori

555 2005 684 2052 sunt
733 1993 1040 2056 stomacho,
1106 1992 1311 2061 quique
1378 1991 1559 2044 cibum
1641 1989 1779 2043 male
1852 1989 2127 2057 digerunt,

555 2090 734 2158 ipsum
763 2087 932 2141 etiam
963 2084 1066 2137 mel
1097 2097 1341 2136 amarum
1375 2081 1612 2136 videtur.

624 2179 786 2234 Vens.
825 2178 947 2232 101.
980 2177 1021 2227 Α
1069 2175 1332 2228 mandatis
1366 2175 1472 2229 tuis
1539 2173 1794 2239 intellexi,
1854 2182 2126 2242 propterea

553 2273 640 2326 odi
672 2288 875 2330 omnem
905 2269 1038 2323 viam
1065 2268 1366 2337 injustitia'.
1411 2267 1493 2320 Ab
1529 2266 1636 2334 his,
1676 2268 1874 2335 inquit,
1924 2267 2131 2320 instru-

490 2389 498 2397 -
553 2376 675 2422 ctus
725 2379 847 2420 sum
911 2371 966 2418 et
1011 2361 1237 2416 effectus
1292 2360 1611 2429 sapientior.
1666 2362 1844 2431 Atque
1891 2361 2012 2416 ideo
2063 2360 2130 2414 ab

550 2458 809 2512 omnibus
855 2455 1104 2525 malignis
1143 2451 1460 2509 hominibus
1485 2466 1711 2506 aversus
1738 2467 1884 2506 sum.

624 2549 789 2603 Vens.
833 2547 954 2602 l05.
987 2545 1228 2601 Lucerna
1258 2545 1474 2614 pedibus
1507 2545 1637 2597 meis
1679 2543 1762 2596 lex
1806 2552 1922 2608 tua,
1957 2553 2005 2596 et
2044 2543 2131 2596 ln-

549 2657 671 2696 men
709 2642 912 2696 semitis
948 2641 1096 2693 meis.
1128 2638 1378 2693 Luminis
1413 2637 1558 2692 enim
1591 2651 1655 2690 ac
1687 2636 1927 2690 lucernae
1960 2635 2133 2690 instar

553 2735 696 2788 lucis
738 2735 922 2788 radios
955 2733 1210 2787 emittens
1267 2730 1518 2784 semitam
1579 2727 1724 2780 illam
1784 2728 2130 2781 manifestam

555 2823 760 2888 reddit,
803 2839 925 2892 quae
950 2824 1016 2876 ad
1055 2823 1309 2875 virtutem
1361 2818 1602 2874 deducit.
1650 2819 1707 2872 lu
1741 2827 1898 2872 nocte
1931 2818 2130 2873 etenim

556 2916 846 2986 praesentis
880 2915 1026 2978 vitae,
1077 2920 1242 2982 atque
1290 2910 1345 2965 in
1393 2909 1683 2964 affectuum
1711 2920 2024 2966 nostrorum
2057 2920 2135 2964 te—

559 3007 765 3072 nebris,
801 3014 1007 3061 rectam
1045 3003 1205 3058 nobis
1245 3003 1330 3058 lex
1393 3003 1534 3056 viam
1568 3003 1635 3056 ad
1680 3003 1817 3057 bene
1871 3017 1934 3058 ac
1980 3005 2135 3059 beate

556 3100 848 3158 vivendum
885 3100 1246 3162 demonstrat,
1274 3111 1375 3152 nec
1404 3096 1513 3151 labi
1563 3110 1662 3150 nos
1688 3096 1814 3150 sinit
1854 3097 1907 3150 in
1938 3111 2129 3166 pecca-

553 3204 696 3253 tum.
736 3195 839 3250 Per
868 3193 1034 3264 pedes
1095 3194 1319 3258 etenim,
1368 3199 1423 3247 et
1474 3204 1571 3260 per
1615 3189 1861 3254 semitas,
1903 3191 2028 3244 vita:
2070 3204 2134 3244 ac

555 3288 996 3343 conversationis
1035 3287 1255 3340 modum
1285 3283 1552 3352 intelligo.
1583 3280 1718 3335 illud
1767 3280 1930 3336 etiam
1962 3282 2137 3336 scien-

553 3381 709 3447 dum,
761 3381 906 3450 quod
939 3379 1024 3434 lex
1075 3377 1314 3431 Mosaica
1353 3374 1510 3442 juxta
1553 3374 1796 3427 litteram
1829 3373 2133 3441 intellecta,

555 3472 780 3527 lucerna
807 3473 875 3527 iis
903 3481 1008 3535 est,
1057 3469 1152 3539 qui
1207 3481 1304 3538 per
1350 3467 1498 3520 illam
1565 3466 1827 3520 virtutum
1882 3468 2135 3522 semitam
2171 3469 2450 3536 incedunt,
2486 3485 2610 3541 qua:
2658 3471 2726 3525 ad
2770 3471 3020 3527 actiones
3097 3469 3357 3542 pertinet.

1747 417 2126 478 EU'I‘IIYMH
2175 416 2532 476 ZlGABENi

1741 535 1870 603 quia
1946 535 2128 588 omnia
2160 535 2319 587 nobis
2375 534 2724 603 pransignavit
2753 571 2767 595 ,

3637 404 3762 468 1165.

2859 547 2978 601 qua:
3074 531 3417 600 pertinerent
3469 529 3535 582 ad
3627 527 3766 583 Chi.

2303 716 2401 768 Ἐκ
2434 713 2639 781 πάσης
2671 714 2813 768 ὀδοῦ
2839 715 3104 782 πονηρᾶς
3133 713 3416 767 ἐκώλυσα
3446 713 3583 778 τοὺς
3606 713 3772 776 πόδας

2212 823 2352 874 μου,
2381 806 2539 870 ὅπως
2568 806 2644 859 ἂν
2670 807 2921 874 φυλάξω
2944 807 3081 871 τοὺς
3114 806 3334 874 λόγους
3357 820 3497 858 σου.
3537 805 3770 872 Ἐπιὺβα

2217 896 2394 962 τοῦτο,
2432 897 2521 952 ἵνα
2574 899 2650 968 μὴ
2695 899 2944 969 ἀθετήσω
2974 897 3072 961 τὰς
3129 896 3346 959 ἐντολάς
3389 913 3482 948 σου
3513 895 3660 948 τοῦτο
3689 915 3767 949 κε·

2219 987 2504 1050 λευοὺσας.

2304 1079 2437 1133 Ἀπὸ
2470 1079 2588 1133 τῶν
2636 1081 2932 1150 χριμάτων
2958 1098 3078 1134 σου
3115 1083 3227 1135 οὐκ
3256 1081 3560 1146 ἐξέκλινα,
3593 1079 3672 1133 ὅτι
3696 1079 3764 1132 σὺ

2221 1170 2665 1240 ὲνομοθέτησάς
2693 1189 2790 1241 με.
2823 1173 2937 1225 Οὑκ
2970 1172 3280 1242 ἄνθρωπος,
3309 1171 3425 1228 ἀλλ’
3454 1173 3482 1224 ὀ
3538 1171 3677 1233 Θεὸς,
3715 1169 3763 1222 ὃν

2225 1263 2560 1334 φοόοὑμενος
2589 1265 2689 1318 οὑκ
2719 1263 2988 1329 ἐξέκλινα.
3032 1265 3350 1336 Ἀδιάφορος
3388 1265 3445 1318 δὲ
3478 1267 3510 1334 ὴ
3543 1264 3762 1328 σύνταξις

2224 1357 2317 1410 τοῦ
2348 1357 2813 1426 ἐνομοθέτησας.

2309 1452 2408 1517 Ὠς
2432 1450 2655 1520 γλυκέα
2683 1450 2762 1515 τῷ
2788 1449 3041 1520 λάρυγγί
3054 1467 3172 1519 μου
3196 1448 3264 1502 τὰ
3295 1446 3470 1516 λόγοιὰ
3491 1462 3618 1506 σου,
3636 1449 3762 1512 ὑπερ

2221 1543 2360 1611 μέλι
2395 1541 2473 1607 τῷ
2505 1544 2761 1612 στόματί
2804 1560 2945 1611 μου.
2979 1542 3068 1612 Τῷ
3114 1543 3214 1613 μὲν
3257 1541 3354 1593 τοῦ
3393 1539 3648 1609 στόματος
3688 1538 3764 1589 λά-

2230 1653 2393 1707 ρυγγι
2453 1635 2544 1688 καὶ
2592 1635 2822 1704 στόματι
2853 1634 3202 1701 λαλούμενα,
3258 1631 3336 1702 τῷ
3385 1632 3440 1683 δὲ
3475 1631 3568 1698 τῆς
3615 1629 3765 1699 ψυχῆς

2229 1726 2516 1797 νοούμενα.
2560 1727 2842 1797 Ἐμφαίνει
2890 1725 2948 1778 δὲ
2979 1726 3076 1796 τὴν
3099 1725 3185 1778 ἐπ’
3219 1725 3400 1786 αὑτοῖς
3445 1722 3639 1793 ἡδονὴν,
3665 1723 3765 1790 ἣτις

2229 1817 2504 1886 ἐγγίνεται
2561 1819 2672 1879 τοῖς
2707 1815 3043 1887 ἐρρωμένοις
3076 1814 3142 1867 rit
3165 1813 3528 1884 αἰσθητήριαο
3552 1813 3650 1874 τοῖς
3676 1811 3766 1880 γὰρ

2231 1911 2560 1976 κακοσίτοις,
2593 1910 2746 1978 φασὶ,
2785 1907 2967 1964 καὶτὸ
2999 1907 3120 1979 μέλι
3153 1906 3368 1976 πικρόν.

2311 2177 2455 2231 Ἀπὸ
2508 2175 2629 2231 τῶν
2677 2176 2935 2230 ἐντολῶν
2992 2192 3107 2230 σου
3165 2171 3432 2240 συνῆκα,
3484 2170 3573 2224 διὰ
3618 2169 3766 2223 τοῦτο

2230 2270 2494 2338 ἐμίσησα
2524 2268 2733 2324 πᾶσαν
2763 2270 2910 2323 ὁδὸν
2939 2268 3195 2333 ἀδικίας.
3260 2265 3400 2319 Ἀπὸ
3447 2263 3636 2316 τούτων
3667 2265 3768 2314 ἐσο-

2232 2365 2452 2436 φίσΘην,
2481 2367 2572 2418 καὶ
2595 2365 2956 2434 συνετώτερος
2991 2362 3284 2433 ἐγενόμηνο
3315 2361 3393 2414 διὸ
3415 2359 3508 2413 καὶ
3533 2359 3766 2427 ἀπεστρά-

2232 2475 2338 2528 φην
2371 2459 2438 2512 τὰ
2471 2457 2703 2527 πονηρά.

2305 2552 2544 2620 Λύχνος
2571 2550 2696 2616 τοῖς
2725 2548 2876 2604 ποσί
2915 2567 3035 2618 μου
3067 2551 3099 2601 ό
3147 2564 3332 2616 νομος
3361 2560 3496 2611 σου,
3552 2544 3636 2597 καὶ
3663 2541 3768 2611 φῶς

2232 2644 2362 2710 ταῖς
2398 2645 2616 2712 τρίϐοις
2638 2661 2779 2712 μου.
2815 2636 2983 2706 Οὗτός
3017 2659 3083 2712 με
3127 2641 3314 2710 ὁδηγεῖ
3367 2641 3502 2708 πρὸς
3556 2638 3616 2691 τὰ
3651 2637 3772 2690 καλὰ

2231 2734 2388 2804 δίκην
2417 2734 2610 2804 λύχνου
2665 2734 2760 2787 καὶ
2809 2734 3006 2802 φωτὸς,
3042 2730 3412 2785 ὑποδεικνύων
3441 2731 3496 2783 ὲν
3524 2729 3661 2784 νυκτὶ
3688 2726 3769 2779 τοῦ

2237 2823 2352 2894 βίου
2392 2824 2485 2877 καὶ
2533 2825 2713 2878 σκότει
2739 2824 2846 2877 τῶν
2873 2823 3084 2888 παθῶν,
3117 2825 3210 2876 καὶ
3233 2823 3296 2876 οὑ
3327 2822 3613 2891 συγχωρῶν
3635 2833 3773 2889 προσ·

2235 2917 2458 2969 κόπτειν
2489 2919 2568 2977 εἰς
2618 2917 2914 2987 ἁμαρτίαν.
2959 2916 3130 2979 Πόδας
3159 2916 3215 2968 δὲ
3267 2915 3366 2968 καὶ
3403 2915 3610 2984 τρίϐους
3644 2911 3771 2980 λέγει

2235 3007 2334 3077 τὴν
2367 3007 2612 3077 πορείαν,
2653 3008 2751 3077 τὴν
2779 3007 2913 3079 πρὸς
2949 3008 3135 3062 αὑτόν.
3185 3008 3395 3071 ’Δλλως
3428 3021 3443 3036 ’
3476 3006 3504 3058 ὁ
3550 3006 3630 3059 διὰ
3663 3004 3772 3057 Μω-

2237 3097 2377 3161 σέως
2411 3099 2594 3168 νόμος,
2634 3099 2962 3170 σωματικῶς
3000 3101 3099 3170 μὲν
3132 3098 3564 3168 λαμῦανόμενος,
3612 3093 3772 3165 λύχνος

2237 3189 2353 3242 ἐστὶ
2384 3191 2495 3254 τοῖς
2525 3191 2615 3244 διὰ
2650 3192 2959 3262 πρακτικῆς
2990 3192 3193 3262 ἀρετῆς
3225 3191 3531 3261 βαδίζουσι·
3563 3204 3771 3257 πνευμα-

2235 3282 2400 3345 τικῶς
2420 3283 2478 3337 δὲ
2503 3284 2813 3354 νοούμενος,
2833 3285 2947 3353 φῶς
2976 3286 3228 3355 ὲστιιτοῐς
3247 3285 3337 3338 διὰ
3356 3285 3454 3354 τῆς
3477 3278 3771 3354 θεωρητικῆς

2240 3377 2491 3444 γνώσεως
2530 3376 2906 3446 ἀναγομένοις.

3445 3467 3770 3540 Spiritualiter

552 3580 686 3620 vero
722 3566 1022 3630 intellecta,
1065 3563 1292 3618 lucerna
1329 3561 1440 3616 illis
1495 3569 1601 3626 est,
1643 3561 1736 3630 qui
1771 3575 1868 3629 per
1891 3565 2374 3635 contemplationis
2423 3567 2616 3620 callem
2649 3564 2981 3622 l‘erunturad
3007 3566 3198 3622 Deum.

623 3657 797 3712 Vsus.
839 3656 958 3710 106.
991 3653 1179 3710 ,Ιιιταυί
1203 3663 1253 3707 et
1291 3652 1458 3707 statui
1509 3650 1777 3705 custodire
1809 3650 2018 3720 judicia
2042 3653 2137 3722 ju-
2168 3663 2211 3722 ο

555 3753 719 3808 stitia:
752 3761 878 3806 tuae.
921 3747 1026 3804 Ubi
1079 3747 1334 3803 utilitatis
1365 3745 1511 3800 illius
1544 3744 1937 3812 experientiam
1994 3745 2136 3815 cepi,

555 3860 680 3916 quae
727 3858 766 3897 ἀ
805 3841 1078 3897 mandatis
1101 3840 1212 3894 tuis
1256 3839 1528 3908 provenit,
1584 3839 1768 3892 statim
1803 3837 2004 3906 juravi,
2039 3839 2141 3892 hoc

559 3949 664 4004 est,
711 3936 988 4008 pollicitus
1021 3949 1168 3998 sum,
1218 3942 1272 3985 et
1336 3930 1501 3983 statui
1559 3931 1690 3984 mibi
1737 3930 1901 3984 veluti
1931 3929 2140 3984 incom-

561 4032 830 4089 mutabile
859 4029 1262 4097 juramentum,
1290 4031 1348 4076 ut
1385 4038 1448 4079 ea
1480 4023 1857 4079 observarem.
1889 4023 2142 4081 Statuere

559 4123 704 4181 enim
737 4121 898 4184 dixit,
944 4137 1041 4192 pro
1073 4121 1358 4178 Stabilire.

632 4211 797 4268 Vsus.
842 4209 963 4267 107.
998 4209 1326 4264 llumiliatus
1356 4225 1472 4263 sum
1492 4221 1654 4278 usque
1677 4205 1855 4273 ualde,
1872 4205 2093 4261 Domine
2125 4223 2142 4260 :

558 4306 768 4375 vivi/ica
821 4319 902 4359 me
931 4303 1220 4358 secundum
1278 4302 1488 4356 verbum
1526 4310 1699 4353 tuum.
1765 4298 1891 4362 Diu,
1940 4299 2141 4368 inquit,

561 4399 882 4454 humiliatus
918 4411 1040 4452 sum
1077 4410 1108 4450 a
1147 4395 1482 4458 voluntaria,
1534 4408 1628 4446 seu
1685 4392 1849 4446 etiam
1890 4391 1958 4444 ab
1991 4391 2145 4444 invoo

560 4493 794 4548 lunraria
853 4489 1170 4544 amictione.
1230 4485 1306 4540 De
1367 4484 1551 4540 verbis
1636 4490 1874 4536 autem:
1927 4481 2143 4550 Viri/ica

561 4599 660 4644 me.
692 4583 804 4652 jam
839 4579 1096 4650 superius
1150 4579 1358 4633 dictum
1421 4584 1525 4640 est,
1568 4574 1639 4629 ibi
1680 4594 1692 4628 :
1730 4575 1965 4627 Atlluvsl!
1999 4575 2142 4641 pavi-

564 4685 741 4737 n;ento
775 4675 955 4726 anima
990 4689 1125 4738 mea,
1167 4680 1221 4726 et
1249 4679 1469 4725 cetera.

637 4763 804 4818 Vens.
843 4764 966 4818 108.
1013 4763 1331 4816 Voluntaria
1361 4765 1465 4816 oris
1520 4760 1624 4813 mei
1675 4757 1995 4823 beneplncita
2061 4755 2146 4823 [ac

563 4858 811 4911 Domine.
848 4855 1226 4921 Voluntarias,
1277 4854 1478 4921 inquit,
1524 4852 1920 4923 promissiones
1974 4863 2142 4907 meas,

562 4964 700 5020 quas
727 4949 875 5002 nulla
910 4946 1258 5009 necessitate,
1293 4944 1387 5000 sed
1441 4955 1636 5014 sponte
1674 4957 1737 4995 ac
1774 4939 1978 4994 volenti
2019 4940 2138 4991 ani-

565 5057 653 5094 mo
697 5040 973 5109 pollicitus
1010 5053 1155 5102 sum,
1204 5037 1447 5107 suscipe,
1500 5049 1714 5106 precor,
1779 5033 2069 5100 benignus,
2093 5042 2144 5083 et
2183 5013 2220 5064 θ

564 5136 756 5203 dirige.
808 5129 1192 5202 llujuscemodi
1245 5139 1428 5184 autem
1486 5127 1582 5181 fuit
1621 5123 1914 5195 promissio
1939 5122 2049 5185 illa,
2081 5138 2143 5175 ac

558 5210 936 5298 iuramentnm
964 5222 1290 5279 observandi
1322 5220 1602 5276 mandata.

635 5318 703 5378 Et
726 5317 938 5387 judicia
991 5325 1081 5369 tua
1117 5313 1242 5368 doce
1307 5331 1405 5367 me.
1471 5309 1720 5366 DilIieilia
1797 5309 1938 5362 enim
1996 5316 2144 5368 sunt.

564 5420 728 5479 atque
763 5410 1019 5465 obscura.
1053 5405 1274 5460 Iudicia
1314 5406 1486 5469 enim,
1523 5402 1722 5472 inquit,
1777 5411 1890 5463 tua,
1928 5400 2146 5469 abyssus

564 5502 821 5557 multa".
858 5500 1170 5557 Vel:Docc
1241 5513 1348 5563 me,
1401 5508 1460 5551 ut
1533 5492 1863 5564 profundius
1929 5508 1990 5545 ea
2051 5493 2146 5546 iu-

564 5594 825 5664 telligam.

636 5683 800 5739 Vens.
838 5683 959 5738 109.
1025 5681 1216 5736 Anima
1258 5699 1370 5736 mea
1404 5684 1457 5736 in
1509 5681 1751 5735 manibus
1785 5679 1888 5733 tuis
1916 5694 2138 5746 semper,

643 5868 691 5903 ⁸⁸
719 5865 867 5925 Psal.
895 5884 1060 5935 xxxv,
1102 5869 1151 5926 7.

2320 3657 2570 3726 Ὠμοσα,
2625 3655 2723 3710 καὶ
2774 3658 3012 3725 ἕστησα
3038 3656 3146 3711 τοῦ
3173 3655 3557 3725 φυλάξασθαι
3584 3652 3647 3707 τὰ
3674 3653 3772 3719 κρίσ-

2232 3764 2390 3817 ματα
2439 3747 2550 3816 τῆς
2601 3749 2997 3816 δικαιοσύνης
3043 3763 3179 3803 σου.
3217 3750 3424 3817 Πεῖραν
3473 3745 3640 3800 λαϐὼν
3697 3743 3773 3810 τῆς

2238 3837 2504 3906 ὠφελείας
2534 3837 2644 3892 τῶν
2681 3839 2911 3892 ἐντολῶν
2947 3856 3040 3892 σου
3107 3837 3322 3909 ὤμοσα,
3355 3838 3626 3891 τουτέστιν
3668 3832 3774 3900 ἀλη·

2241 3928 2346 3992 Θῶς
2375 3931 2694 4003 ὑπεσχόμην
2724 3932 2820 3986 καὶ
2849 3930 3050 4002 ἔστησα
3068 3931 3172 4003 ,τὸν
3200 3931 3363 4001 ὅρκον
3395 3929 3580 3982 τοῦτον
3610 3929 3774 3998 apem-

2239 4020 2478 4091 κίνητον,
2510 4024 2640 4095 περὶ
2680 4023 2773 4077 τοὺ
2812 4023 3050 4095 τηρῆσαι
3090 4023 3278 4085 αὑτάς.
3330 4021 3529 4075 nam
3556 4021 3610 4074 δὲ
3659 4015 3777 4082 λέγει

2238 4120 2338 4186 τὴν
2364 4115 2648 4186 ἑδραίωσιν
2673 4117 2766 4170 τοῦ
2787 4116 3030 4170 τοιούτου
3056 4117 3242 4184 ὅρκου.

2320 4209 2755 4276 Ἐταπεινώθην
2801 4209 2913 4276 ἕως
2954 4209 3212 4278 σφόδρα,
3255 4208 3434 4274 Κύριε
3462 4223 3476 4237 ο
3512 4204 3680 4273 (ﬂeor
3719 4216 3780 4269 με

2247 4304 2398 4359 κατὰ
2434 4303 2541 4358 τὸν
2571 4305 2761 4372 ,λόγον
2785 4317 2924 4356 σου.
2956 4300 3363 4370 Ἐταπεινὼϐην
3403 4301 3495 4354 ἐπὶ
3537 4297 3658 4350 πολὺ
3686 4294 3776 4347 εἴτε

2244 4398 2354 4451 ἀπὸ
2379 4400 2478 4466 τῆς
2507 4395 2757 4449 ἑκουσίου
2791 4394 3196 4464 ταλαιπωρίας,
3231 4394 3340 4446 εἴτε
3372 4393 3484 4445 ἀπὸ
3513 4394 3608 4461 τῆς
3648 4388 3777 4440 ὲκου·

2247 4491 2360 4544 σίου
2394 4487 2794 4551 κακοπαθείας.
2833 4489 2964 4556 Περὶ
2997 4487 3052 4540 δὲ
3086 4487 3182 4540 τοῦ
3230 4485 3438 4554 Ζῆσόν
3481 4501 3576 4555 με,
3603 4481 3781 4551 εἴρηται

2247 4584 2534 4653 ἀνωτέρω,
2595 4579 2724 4634 ἔνθα
2762 4580 2843 4646 τὸ,
2875 4579 3218 4646 Ἐκολλήθη
3241 4577 3320 4642 τῷ
3346 4575 3552 4646 ἐδάφει
3581 4575 3612 4640 ἠ
3640 4569 3777 4640 ψυχή

2242 4692 2380 4745 μου.

2321 4765 2396 4818 Τὰ
2427 4765 2676 4819 ἑκούσια
2709 4763 2813 4818 τοῦ
2865 4762 3164 4832 στόματός
3197 4778 3316 4828 μου
3347 4759 3677 4826 εὐδόκησον
3701 4751 3780 4817 δὴ.

2249 4859 2446 4926 Κύριε.
2502 4859 2614 4920 Τὰς
2671 4857 2958 4919 ἑκουσίους
3016 4854 3366 4924 ὑποσχέσεις,
3431 4853 3530 4913 τὰς
3579 4849 3632 4902 οὑ
3685 4843 3780 4899 κατ’

2248 4951 2516 5022 ἀνάγκην,
2586 4951 2727 5006 ἀλλὰ
2779 4950 2898 5004 κατ’
2962 4947 3390 5017 εὐγνωμοσύνην
3463 4940 3780 5010 ἐπαγγελίας,

2253 5045 2532 5110 ἀπόδεξαι,
2586 5043 2921 5098 κατεὺουνον
2952 5057 2965 5071 ⁸
3007 5033 3120 5094 οἷον
3172 5035 3242 5108 ἣν
3279 5040 3307 5091 ὁ
3341 5039 3505 5109 ὅρκος
3534 5025 3618 5090 τοὺ
3645 5029 3779 5102 (pulti-

2255 5139 2449 5203 ξασθαι
2483 5138 2579 5200 τὰς
2617 5135 2838 5197 ἐντολάς
2874 5151 2990 5188 σου.

2320 5315 2427 5369 Καὶ
2492 5314 2563 5366 τὰ
2626 5313 2884 5381 κρίματά
2924 5329 3040 5365 σου
3089 5309 3342 5372 δι’διιξόν
3377 5325 3475 5378 με.
3536 5299 3780 5358 Δυσκστά·

2246 5406 2426 5475 ληπτα
2467 5404 2616 5456 δντα·
2682 5404 2758 5454 Τά
2821 5404 3066 5474 κρίματα
3121 5400 3250 5470 γάρ.
3305 5401 3471 5470 φησι,
3537 5395 3622 5449 τοὺ
3675 5391 3779 5446 Θεοῦ

2247 5498 2482 5560 ἄϐυσσος
2518 5495 2712 5565 πολλή.
2749 5493 2843 5560 “Il,
2880 5495 3096 5560 Δίδαξόν
3131 5512 3198 5564 με
3232 5493 3404 5546 ταῦτα
3435 5491 3728 5562 βαθύτερον.

2334 5678 2400 5732 Ἥ
2447 5677 2616 5748 ψυχή
2640 5696 2759 5748 μου
2797 5678 2862 5731 ἐν
2893 5677 3016 5742 ταῖς
3048 5677 3224 5746 χερσί
3259 5690 3378 5730 σου
3427 5673 3520 5727 διὰ
3567 5664 3763 5727 παντὸς
