3964 6572
212 433 359 501 1165

1373 418 1763 487 COMMENT.
1798 417 1882 479 IN
1924 419 2282 482 PSALMOS.

3317 403 3461 471 1160

207 547 301 601 uol
333 542 444 598 τοῦ
468 544 659 613 νόμον
706 557 825 598 σου
869 543 979 596 οὐκ
1022 541 1429 611 ἐπελαθόμην.
1462 542 1575 612 Τὴν
1601 541 1781 610 ψυχήν

1919 539 2124 608 tlegem
2180 547 2327 591 luant
2368 554 2470 592 non
2522 554 2638 592 sunt
2689 535 2907 591 oblitus.
2947 535 3225 600 Animam,
3259 534 3463 604 inquit,

212 634 311 701 μού
344 651 429 688 σοι
462 632 761 704 ἐγχειρίζω
815 634 1068 698 πάντοτε,
1110 632 1170 685 σὲ
1210 630 1453 705 φρουρὸν
1493 630 1779 701 ποιοῦμαι,

209 728 305 780 καὶ
357 727 801 797 ὐπερασπιστήν,
876 726 973 780 καὶ
1031 725 1373 796 κυϐερνήτην
1440 724 1630 793 αὐτῆς.
1684 723 1783 777 Διὰ

210 817 370 872 τοῦτο
423 818 521 873 τοῦ
538 818 703 889 νόμου
730 817 833 871 οὐκ
875 813 1246 888 ἐπελαθόμην,
1281 815 1367 869 ἵνα
1403 814 1478 887 μὴ
1499 814 1781 868 ἀποπέσω.

279 1003 535 1055 Ἕθεντο
571 997 909 1069 ἁμαρτωλοὶ
948 997 1174 1066 παγίδα
1212 1014 1339 1066 μοι,
1399 996 1499 1050 καὶ
1559 994 1630 1048 ἐκ
1667 993 1787 1049 τῶν

211 1089 481 1144 ἐντολῶν
533 1105 653 1143 σου
714 1090 825 1143 οὑκ
884 1088 1263 1156 ἐπλανήθην.
1307 1087 1532 1140 Ἐθεντο
1583 1087 1786 1155 παγίδα

216 1198 328 1253 μοι,
363 1183 635 1253 θηρεῦσαί
685 1200 751 1252 με
785 1183 1132 1248 σπεύδοντες,
1183 1183 1278 1236 καὶ
1320 1181 1420 1234 οὐκ
1475 1181 1786 1252 ἐπλανήθην

211 1276 318 1328 τῶν
346 1274 588 1328 ἐντολῶν
610 1292 728 1338 σου,
748 1274 937 1339 δεδιὼς
963 1276 1039 1346 μὴ
1069 1274 1297 1343 ἐμπέσω
1326 1274 1574 1338 ταύταις.
1592 1274 1650 1328 Ὀ
1678 1275 1788 1346 γὰρ

214 1368 448 1439 βαδίζων
480 1368 540 1423 ἐν
566 1369 643 1439 τῷ
674 1368 825 1439 νόμῳ
854 1368 949 1421 τοῦ
1009 1367 1144 1421 Θεοῦ
1200 1367 1409 1436 πάγαις
1472 1370 1573 1422 οὐκ
1625 1367 1789 1437 ἐμπί-

213 1476 358 1513 πτει.
403 1459 797 1532 ’Λμαρτωλοὺς
850 1461 905 1513 δέ
940 1461 1066 1522 τοὺς
1105 1459 1390 1530 δαίμονας,
1441 1459 1474 1529 ἢ
1529 1459 1625 1513 καὶ
1663 1459 1787 1521 τοὺς

212 1552 568 1623 παρανόμους
594 1553 938 1622 ἀνθρώπους.

284 1646 790 1715 Ἐκληρονόμησα
856 1645 929 1699 τὰ
988 1645 1286 1717 μαρτύριά
1352 1662 1469 1700 σου
1526 1647 1615 1710 εὶς
1683 1646 1787 1700 τὸν

210 1738 420 1803 αιῶνα,
468 1737 559 1792 ὅτι
615 1737 960 1808 ἀγαλλίαμα
1012 1736 1123 1807 τῆς
1172 1738 1423 1808 καρδίας
1471 1739 1593 1808 μού
1646 1738 1785 1794 εισι.

214 1829 601 1901 κληρονομίαν
628 1828 804 1884 ταῦτα
838 1828 1044 1900 ἐθέμην
1069 1828 1318 1901 διηνεκῆ,
1356 1830 1450 1884 καὶ
1484 1830 1785 1900 ἀναφαίρε-

214 1941 306 1978 τον
362 1924 579 1995 κέρδος.
613 1925 903 1996 Ἐμφαίνει
952 1926 1008 1981 δέ
1069 1926 1097 1979 ὁ
1147 1926 1304 1995 λόγος
1357 1925 1457 1997 τὴν
1487 1925 1619 1997 περὶ
1649 1925 1790 1981 αὗτὰ

214 2014 460 2070 διάθεσιν
490 2017 681 2071 αὑτοῦ.

287 2108 538 2162 "Sidera
566 2108 679 2178 τὴν
701 2110 956 2179 καρδίαν
990 2128 1111 2180 μου
1161 2109 1270 2165 τοῦ
1303 2107 1551 2179 ποιῆσαι
1603 2112 1675 2165 τὰ
1707 2110 1793 2164 δι-

213 2194 523 2264 καιώματά
566 2214 685 2255 σου
741 2203 827 2268 εις
874 2201 982 2256 τόν
1044 2200 1231 2256 αἰῶνα
1285 2201 1360 2256 δι’
1410 2201 1791 2273 ἀντάμειψιν.

220 2291 465 2345 Ἐπεισα
512 2293 683 2366 αὐτὴν
742 2295 1105 2366 μετέστρεψα,
1157 2294 1296 2366 πρὸς
1342 2294 1401 2349 τὸ
1435 2296 1659 2366 ποιῆσαι
1696 2296 1794 2359 τὰς

215 2383 442 2448 ἐντολάς
483 2402 582 2439 σου
625 2389 711 2440 ἀει
739 2386 828 2440 διὰ
871 2390 970 2456 τὴν
1004 2388 1380 2459 ἀποκειμένην
1409 2388 1644 2459 ἀμοιϐὴν
1681 2391 1792 2450 τοῖς

215 2476 580 2547 εὖαρεστοῦσὶ
609 2495 709 2532 σοι.

287 2657 686 2726 Παρανόμους
714 2660 1002 2728 ἐμίσησα,
1035 2658 1142 2713 τὸν
1170 2657 1239 2714 δὲ
1277 2662 1465 2730 νόμον
1498 2672 1618 2715 σου
1645 2659 1786 2730 ἡγὰ-

218 2757 411 2815 antra.
443 2750 674 2817 Βοηθός
709 2768 829 2819 μου
881 2750 979 2804 καὶ
1005 2748 1389 2819 ἀντιλήπτωρ
1410 2768 1532 2820 μου
1579 2746 1638 2804 el
1692 2751 1796 2805 σύ’

213 2843 306 2906 εις
330 2841 478 2908 τοὺς
501 2844 725 2912 λόγους
752 2861 869 2898 σου
888 2844 1226 2911 ἐπήλπισα.
1258 2845 1354 2908 El;
1377 2843 1470 2899 τὸν
1507 2844 1674 2916 νόμον
1703 2862 1796 2898 σου

216 2931 508 3002 ἐπήλπισα
547 2934 639 2986 τὸν
683 2933 997 2987 δικαιοῦντα
1044 2933 1173 2998 τοὺς
1223 2931 1571 3005 πληροῦντας
1608 2933 1796 3000 αὑτὸν,

217 3025 315 3076 καὶ
355 3024 540 3090 ἀγαθὰ
572 3025 784 3089 τούτοις
816 3026 1321 3097 ἐπαγγειλάμενον.

290 3116 655 3173 Ἐκκλίνατε
687 3118 788 3174 ἀπ’
821 3119 994 3189 ἐμοῦ,
1027 3118 1522 3190 πονηρευόμενοι,
1552 3116 1651 3173 καὶ
1674 3114 1803 3183 ἐξε-

1890 647 2065 685 meam
2123 630 2179 685 in
2247 645 2442 686 manus
2509 638 2633 683 luas
2682 644 2899 699 semper
2951 628 3130 690 trado.
3189 636 3349 695 teque
3406 640 3467 682 ut

1889 723 2035 778 illius
2070 724 2377 788 custodem,
2410 730 2795 793 protectorem,
2832 735 2895 774 ac
2918 721 3313 777 moderatorem
3344 735 3469 777 sus-

1888 815 2054 886 cipio.
2096 817 2274 888 Atque
2318 816 2441 870 ideo
2474 815 2611 885 legis
2662 824 2766 869 tute
2792 812 2997 869 oblitus
3060 829 3169 869 non
3196 828 3341 880 sum,
3394 828 3468 868 ne

1888 908 2145 966 fortassis
2178 908 2453 965 caderem.

1962 1001 2129 1059 Vsus.
2185 1003 2307 1058 110.
2357 1002 2654 1057 l’osuerunt
2688 1013 2984 1072 peccatores
3016 998 3259 1071 laqueum
3310 999 3466 1063 mihi,

1888 1106 1937 1152 et
1967 1096 2031 1150 de
2058 1098 2327 1151 mandatis
2374 1097 2478 1150 tuis
2521 1112 2623 1150 non
2654 1095 2847 1150 erraui.
2880 1093 3195 1148 Posuerunt
3222 1093 3356 1147 mihi
3387 1093 3470 1147 la-

1889 1204 2113 1260 queum,
2154 1198 2213 1243 ut
2244 1188 2775 1259 comprehenderent
2819 1204 2925 1253 me,
2968 1198 3022 1242 et
3053 1187 3315 1243 seductus
3354 1203 3466 1269 non

1891 1297 2011 1336 sum
2049 1298 2080 1336 a
2115 1282 2386 1337 mandatis
2410 1282 2540 1346 tuis,
2595 1282 2795 1336 timens
2851 1296 2920 1336 ne
2963 1279 3018 1334 in
3062 1281 3320 1349 laqueum
3379 1279 3469 1333 in-

1890 1375 2128 1430 ciderem
2173 1393 2187 1430 :
2226 1392 2415 1430 verum
2471 1376 2564 1445 qui
2627 1374 2912 1428 ambulant
2974 1373 3028 1426 in
3073 1372 3189 1441 ltge
3245 1370 3360 1436 Dei,
3410 1369 3469 1423 in

1889 1466 2118 1538 laqueos
2154 1469 2398 1522 incidere
2432 1484 2541 1522 non
2572 1479 2827 1538 possunt.
2889 1465 3216 1521 Peccatores
3284 1473 3467 1518 autem
3543 1452 3555 1461 ’

1891 1567 2054 1614 vocat
2079 1558 2383 1635 daemones,
2418 1566 2515 1611 aut
2544 1558 2803 1626 antiquos
2836 1555 3108 1610 homines.
3210 1620 3226 1631 ο

1966 1648 2131 1705 Vsus.
2176 1650 2298 1705 111.
2336 1648 2661 1704 Ηωνεάίιαυὶ
2722 1647 3027 1702 testimonia
3061 1657 3154 1700 tua
3209 1646 3261 1699 in
3306 1660 3474 1700 saxu—

1894 1742 2003 1798 lum
2035 1758 2054 1797 :
2089 1744 2215 1813 quia
2267 1743 2557 1798 exsultatio
2589 1742 2765 1796 cordis
2800 1740 2901 1796 mei
2949 1749 3093 1794 sunt.
3147 1736 3474 1809 Perpetuam

1894 1833 2275 1889 haereditatem
2309 1848 2371 1887 ca
2395 1848 2517 1888 esse
2551 1832 2823 1902 reputavi,
2851 1842 2904 1887 et
2939 1832 3152 1885 lucrum
3174 1829 3473 1901 quoddam,

1894 1927 2041 1997 quod
2094 1925 2273 1997 perire
2325 1941 2433 1982 non
2502 1934 2714 1995 posset.
2789 1924 2907 1980 Hoc
2977 1937 3156 1980 autem
3220 1938 3477 1980 sermone

1893 2018 2148 2074 allectum
2192 2034 2352 2074 suum
2382 2016 2589 2071 indicat
2639 2031 2768 2086 erga
2798 2015 2980 2070 divina
3011 2015 3290 2069 mandata.

1969 2109 2131 2165 Vsus.
2184 2109 2305 2163 112.
2362 2107 2624 2163 Inclinavi
2668 2123 2758 2161 cor
2837 2122 3009 2160 meum
3065 2104 3134 2159 ad
3195 2106 3476 2174 faciendas

1886 2203 2305 2272 justiﬁeationes
2336 2212 2457 2254 tua:
2483 2202 2537 2253 in
2581 2199 2857 2262 sa’culum,
2895 2208 3111 2267 propter
3170 2193 3479 2252 retributio.

1896 2312 2036 2352 nem.
2096 2293 2379 2358 Persuasi,
2442 2292 2641 2361 inquit,
2702 2307 2799 2346 cor
2869 2307 3073 2358 meum,
3142 2299 3197 2345 et
3227 2291 3479 2345 converti

1896 2387 2030 2442 illud
2052 2387 2119 2441 ad
2162 2385 2412 2442 iacienda
2447 2399 2665 2454 semper
2698 2368 2950 2438 mandata
2985 2394 3075 2436 tua
3111 2399 3125 2435 :
3158 2389 3324 2451 atque
3347 2380 3475 2447 hoc,

1895 2481 1967 2534 ob
1993 2476 2285 2547 repositam
2344 2477 2414 2533 iis
2443 2476 2701 2532 omnibus
2738 2475 3176 2543 retributionem,
3212 2475 3328 2545 qui,
3354 2489 3479 2546 quae

1899 2571 1997 2626 tibi
2023 2571 2225 2641 placita
2268 2581 2419 2637 sunt,
2452 2569 2888 2636 adimpleverint.

1968 2662 2135 2720 Vsus.
2182 2664 2307 2723 H3.
2346 2662 2469 2717 114.
2545 2661 2769 2729 Iniquos
2816 2663 2937 2715 odio
2964 2661 3149 2726 habui,
3208 2670 3257 2714 et
3312 2658 3476 2729 legem

1900 2767 2049 2810 tuam
2082 2754 2549 2821 dilexi.‘Adjutor
2597 2764 2645 2807 et
2708 2750 2953 2822 defensor
3000 2768 3145 2807 meus
3198 2767 3251 2806 es
3293 2762 3348 2805 tu
3385 2751 3482 2804 :in

1901 2845 2056 2899 verba
2088 2854 2180 2897 tua
2222 2844 2604 2913 supersperaui.
2657 2842 2713 2899 In
2752 2842 2891 2913 lege,
2932 2842 3135 2912 inquit,
3198 2852 3289 2896 tua
3350 2855 3487 2896 con-

1902 2938 2037 2993 lisus
2092 2952 2238 3001 sum,
2269 2953 2391 3007 qua:
2438 2948 2493 2995 et
2526 2951 2624 2993 eos
2674 2936 2966 3007 iustine-at,
3010 2935 3106 3004 qui
3166 2934 3319 2989 illam
3376 2931 3483 2989 ob-

1903 3039 2151 3099 servant,
2177 3041 2230 3086 et
2260 3032 2405 3088 bona
2430 3033 2654 3099 insuper
2704 3032 2785 3088 eis
2817 3031 3131 3095 pollicetur.

1978 3126 2140 3180 Vens.
2175 3124 2301 3179 115.
2345 3125 2620 3180 Declinat:
2653 3140 2809 3189 ame,
2844 3122 3221 3193 malignantes,
3251 3131 3300 3176 et
3335 3137 3486 3176 scru-

208 3206 502 3299 ρσυνήσω
523 3210 650 3276 ’τὰς
691 3210 949 3278 ἐντολὰς
976 3210 1084 3267 τοῦ
1119 3210 1268 3266 Θεοῦ
1291 3228 1433 3281 μου.
1469 3211 1534 3263 Ol
1573 3209 1799 3280 πονηροὶ

1919 3215 2058 3272 rabor
2085 3214 2343 3270 mandata
2380 3215 2473 3271 Dei
2504 3217 2630 3271 mei.
2686 3214 2909 3286 Maligni
2968 3228 3206 3282 namque
3235 3213 3489 3270 homines

215 3296 335 3364 γὰρ
369 3296 652 3368 ἄνθρωποι
691 3299 787 3352 καὶ
824 3299 1079 3371 δαίμονες
1107 3299 1476 3371 ἐνοχλοῦντες,
1510 3317 1799 3373 παρεμπο-

215 3384 463 3448 διζουσιν
493 3388 575 3450 εἰς
595 3387 773 3445 τοῦτο.

292 3477 653 3533 Ἀντιλαόοῦ
673 3499 792 3549 μου
827 3481 978 3537 κατὰ
1009 3482 1076 3537 τὸ
1106 3483 1319 3554 λόγιόν
1339 3497 1480 3539 σου.
1512 3483 1676 3539 Κατὰ
1702 3483 1801 3556 τὴν

215 3570 524 3641 ὑπόσχεσιν
575 3589 669 3626 σου
695 3589 709 3602 ·
751 3572 1068 3645 ἐπηγγείλω
1113 3575 1224 3647 γὰρ
1268 3575 1328 3628 ἐν
1356 3575 1435 3647 τῷ
1489 3576 1660 3647 νόμῳ,
1699 3577 1801 3629 ὑπ-

217 3664 552 3732 ερασπὶςειν
605 3666 716 3718 τῶν
771 3666 1160 3735 φυλασσόντων
1195 3666 1380 3724 αὐτόν.
1412 3668 1485 3723 Ἦ
1515 3668 1613 3723 καὶ
1662 3668 1803 3723 κατὰ

215 3756 324 3824 τὴν
361 3754 554 3819 ἁπλῶς
584 3774 676 3810 σου
701 3758 1021 3830 ὑπόσχεσιν.

257 3946 273 3955 ’
298 3939 412 3993 Kal
450 3937 643 4008 ζῆσόν
658 3958 754 4011 με.
785 3942 1117 4012 Προεὶρηται
1145 3943 1274 4014 περὶ
1305 3940 1519 3997 τούτου.

294 4034 405 4088 Καὶ
445 4034 532 4102 μὴ
564 4037 983 4104 καταισχύνῃς
1030 4053 1107 4105 με
1133 4035 1254 4090 ἀπὸ
1288 4034 1399 4104 τῆς
1429 4032 1806 4103 προσδοκίας

215 4145 368 4197 μου.
395 4127 490 4198 Μὴ
543 4127 1010 4197 καταισχυνθῆναί
1068 4145 1136 4198 με
1168 4128 1423 4200 ποιήσῃς,
1461 4126 1807 4197 ἀποτυχόντα

219 4223 329 4291 τῆς
361 4224 458 4277 ἐπὶ
480 4224 565 4277 σοὶ
596 4223 814 4287 ἐλπίδος
851 4240 975 4294 μου.

298 4315 625 4381 Βοήθησόν
661 4334 781 4386 μοι,
816 4316 914 4373 καὶ
939 4316 1312 4387 σωθήσομαι,
1359 4317 1457 4371 καὶ
1490 4318 1808 4387 μελετήσω

221 4410 294 4461 ἐν
330 4408 464 4472 τοῖς
521 4409 881 4479 δικαιώμασί
918 4426 1034 4465 σου
1061 4410 1159 4464 διὰ
1200 4411 1446 4476 παντός.
1485 4411 1808 4483 Σωθήσομαι

221 4502 341 4555 ἀπὸ
372 4502 476 4570 τῆς
507 4502 801 4570 ἐπιϐουλῆς
830 4504 937 4555 τῶν
972 4504 1205 4573 ἐχθρῶν.

1902 3314 1958 3361 et
1983 3305 2262 3361 daemones
2311 3304 2555 3360 ﬁdelium
2618 3313 2784 3375 atque
2853 3306 3070 3373 piorum
3114 3302 3329 3358 animos
3356 3319 3486 3373 per-

1904 3397 2130 3453 turbant
2160 3408 2216 3454 et
2241 3397 2698 3469 impediiusenlutn
2753 3397 2835 3451 eis
2869 3404 3157 3466 praestant.

1975 3488 2139 3547 Vsus.
2165 3490 2287 3547 116.
2319 3491 2532 3561 Adjuua
2567 3506 2648 3544 me
2699 3488 2989 3544 secundum
3017 3487 3281 3559 eloquium
3309 3497 3482 3543 tuum.

1903 3578 2066 3634 Juxta
2096 3581 2524 3651 promissionem
2552 3591 2744 3635 tuam:
2780 3579 3060 3650 pollicitus
3115 3582 3263 3635 enim
3321 3579 3485 3635 esin

1903 3672 2022 3743 lege
2063 3679 2117 3727 te
2173 3687 2272 3727 eos
2300 3687 2496 3728 omnes
2545 3668 2927 3734 defensurum,
2989 3670 3084 3742 qui
3115 3670 3263 3725 illam
3293 3686 3485 3727 serva-

1906 3765 2103 3822 verint.
2211 3760 2310 3822 Vel
2401 3765 2769 3838 simpliciter:
2802 3763 2961 3820 Juxta
3063 3766 3483 3835 promissionem

1905 3868 2077 3918 tuam.

1978 3953 2045 4006 Et
2072 3953 2279 4023 viviﬁea
2313 3968 2416 4005 me.
2447 3949 2524 4007 De
2552 3952 2657 4006 hoc
2679 3951 2796 4021 jam
2830 3953 3044 4007 dictum
3080 3960 3189 4008 est.

1985 4042 2051 4097 Et
2096 4061 2202 4098 non
2241 4043 2535 4116 confundas
2574 4060 2655 4100 me
2688 4043 2752 4096 ab
2792 4046 3182 4113 exspectatione
3212 4053 3349 4096 mea.
3408 4040 3489 4095 Ne

1909 4137 2171 4192 confundi
2243 4154 2328 4193 me
2382 4140 2692 4208 permittas,
2746 4145 2842 4191 aut
2901 4137 3156 4193 frustrari
3207 4151 3304 4207 spe
3351 4135 3406 4190 in
3439 4146 3490 4190 te

1910 4245 2054 4284 mea.

1987 4318 2151 4376 Vens.
2192 4320 2313 4375 117.
2355 4320 2562 4387 Adjuva
2586 4332 2665 4372 me
2687 4330 2735 4371 et
2766 4318 2950 4372 salvus
2979 4335 3089 4381 ero,
3115 4327 3164 4368 et
3198 4316 3491 4371 meditabor

1910 4416 1964 4467 in
1981 4411 2459 4483 justiﬁcationibus
2499 4412 2604 4462 tuis
2639 4424 2862 4478 semper.
2907 4408 2985 4462 Ab
3019 4407 3369 4462 inimicorum
3404 4410 3493 4462 in.

1913 4505 2068 4558 sidiis
2098 4503 2371 4558 salvabor.

314 4594 778 4660 Ἐξουδένωσας
841 4594 1073 4661 πάντας
1103 4595 1246 4661 τοὺς
1309 4596 1799 4661 ἀποστατοῦντας

1983 4595 2150 4651 Vens.
2196 4593 2315 4647 118.
2360 4591 2616 4661 Sprevisti
2658 4606 2836 4645 omnes
2867 4589 3191 4643 discedentes
3226 4607 3257 4643 a
3279 4590 3491 4659 justi/i-

221 4685 353 4741 ἀπὸ
396 4685 515 4738 τῶν
539 4684 952 4755 δικαιωμάτων
1012 4703 1151 4751 σου,
1186 4686 1274 4739 ὅτι
1294 4685 1512 4740 ἄδικον
1537 4688 1603 4738 τὸ
1634 4688 1807 4739 ἐνθύ-

218 4793 402 4845 μημα
427 4775 647 4830 αὐτῶν.
702 4776 1054 4845 Ἐφαύλισας,
1105 4776 1310 4829 ἀπώσω
1360 4775 1435 4838 ὡς
1480 4777 1807 4845 ἀχρήστους.

236 4870 681 4940 Ἐνθυμούμενοι
710 4874 819 4941 γὰρ
850 4872 1216 4941 παρανομεῖν,
1253 4868 1659 4923 ἀποστατοῦσιν
1705 4870 1812 4922 ἀπὸ

220 4963 327 5017 τοῦ
365 4963 537 5032 νόμου
569 4981 686 5018 σου.

301 5053 799 5122 Παράϐαἰνοντας
875 5052 1251 5123 ἐλογισάμην
1291 5052 1524 5119 πάντας
1578 5052 1722 5117 τοὺς
1746 5053 1814 5107 d-

218 5147 591 5219 μαρτωλοὺς
608 5146 719 5217 τῆς
750 5146 862 5217 γῆς
883 5163 898 5178 ’
935 5146 1034 5201 διὰ
1056 5146 1234 5201 τοῦτο
1260 5146 1549 5217 ἠγάπησα
1576 5146 1648 5201 τὰ
1667 5164 1818 5216 μαρ-

224 5241 410 5311 τύριά
447 5258 584 5297 σου.
619 5242 951 5312 Παραϐάτας
976 5239 1071 5295 τοῦ
1100 5241 1266 5310 νόμου
1299 5240 1636 5310 ἐλογισάμην
1674 5240 1813 5294 πάν-

224 5351 334 5397 τας
367 5336 493 5394 τοὺς
529 5333 967 5403 ἁμαρτάνοντας
992 5331 1073 5384 διὸ
1096 5332 1361 5401 ἠγάπησα
1388 5331 1480 5383 τὸν
1510 5332 1675 5402 νόμον
1696 5348 1814 5396 σου,

234 5428 329 5479 ἵνα
361 5425 440 5496 μὴ
472 5427 568 5478 καὶ
605 5425 770 5486 αὐτὸς
801 5424 1126 5494 παραϐάτης
1155 5422 1418 5491 λογισθῶ.
1460 5422 1576 5492 Τῆς
1616 5424 1721 5492 γῆς
1754 5424 1812 5476 δὲ

228 5512 418 5582 εἶπεν,
451 5515 529 5577 ὼς
559 5516 623 5568 ἐκ
651 5515 749 5584 τῆς
797 5515 903 5582 γῆς
941 5514 1124 5579 ὄντας,
1151 5512 1187 5584 ἢ
1220 5512 1296 5573 ὡς
1321 5512 1380 5565 ἐν
1401 5515 1466 5582 τῇ
1511 5516 1581 5582 γῇ
1630 5514 1815 5584 ἁμαρ-

231 5612 532 5669 τάνοντας.
641 5677 644 5680 ς

307 5697 689 5763 Καθήλωσον
729 5698 799 5752 ἐκ
850 5696 957 5750 τοῦ
1016 5697 1204 5766 φόϐου
1262 5696 1371 5761 τὰς
1405 5693 1637 5762 σάρκας
1663 5713 1815 5765 μου·

229 5794 362 5850 ἀπὸ
401 5793 514 5864 γὰρ
537 5790 657 5844 τῶν
687 5788 983 5859 κριμάτων
1004 5805 1121 5843 σου
1159 5789 1487 5857 ἐφοϐήθην.
1545 5788 1678 5840 Ἀπὸ
1725 5788 1818 5841 τοῦ

232 5884 653 5957 ἀναγινώσκειν
696 5884 764 5937 τὰ
810 5883 1057 5953 κρίματα
1090 5896 1183 5933 σου
1242 5876 1517 5948 ἐφοϐήθην
1551 5878 1650 5947 μὲν
1682 5880 1821 5931 κατὰ

1912 4688 2209 4741 eatiouibus
2240 4686 2367 4750 tuis,
2403 4685 2527 4753 quia
2551 4684 2755 4753 iujnsta
2791 4684 3046 4752 cogitatio
3081 4699 3287 4736 eorum.
3339 4681 3492 4736 Tan-

1913 4797 2075 4851 quam
2110 4781 2334 4835 inutiles
2370 4777 2659 4848 neglexisti
2684 4787 2736 4833 et
2769 4776 3018 4844 repulisti
3051 4790 3168 4829 eos.
3202 4775 3487 4831 iteccdunt

1914 4880 2097 4926 autem
2158 4888 2188 4925 a
2245 4870 2339 4926 Dei
2398 4871 2538 4942 lege,
2590 4870 2708 4940 qui,
2751 4884 2873 4938 qua:
2933 4867 3117 4938 iniqua
3158 4877 3287 4922 sunt
3340 4866 3492 4939 cogi-

1916 4975 2055 5017 tant.

1987 5053 2152 5108 Vens.
2194 5052 2318 5107 119.
2363 5051 2806 5120 Transgressores
2839 5051 3079 5118 reputavi
3101 5064 3279 5101 omnes
3304 5063 3492 5115 pecca-

1917 5156 2055 5200 tores
2086 5154 2241 5198 terrtz
2267 5159 2286 5197 :
2327 5142 2443 5197 ideo
2486 5142 2653 5195 dilexi
2702 5140 3009 5193 testimonia
3063 5150 3175 5191 tua.
3232 5137 3492 5207 Quisquis

1917 5237 2232 5306 deliquerit,
2281 5232 2491 5304 judicio
2546 5248 2689 5297 meo,
2750 5231 2886 5299 legis
2942 5239 3046 5285 tua:
3109 5240 3491 5300 transgressor

1918 5329 2173 5385 ellicitur.
2232 5327 2414 5396 Atque
2474 5324 2595 5379 ideo
2650 5324 2822 5391 legem
2858 5337 2961 5392 ego
3018 5333 3165 5377 tuam
3202 5323 3388 5387 dilexi,
3422 5339 3492 5377 ne

1919 5422 2086 5476 simili
2120 5421 2281 5476 modo
2318 5428 2666 5487 trangressor
2694 5414 3060 5469 existimarer.
3095 5414 3276 5469 Terrae
3302 5423 3487 5491 autem

1922 5522 2238 5582 peccatores
2270 5510 2427 5574 dixit,
2472 5507 2601 5575 quia
2653 5506 2720 5560 de
2771 5514 2920 5560 terra
2955 5517 3108 5573 sunt,
3144 5508 3228 5559 vel
3274 5509 3402 5577 quia
3435 5507 3489 5561 in

1921 5616 2064 5657 terra
2098 5611 2349 5670 peccant.

1993 5690 2156 5745 Vsus.
2202 5689 2324 5741 121).
2370 5687 2587 5758 Conﬁge
2636 5690 2824 5742 timore
2875 5700 2964 5742 tuo
3016 5705 3200 5743 carnes
3254 5706 3422 5755 meas,
3456 5706 3488 5747 α

1914 5783 2134 5855 judiciis
2172 5782 2311 5836 enim
2340 5782 2443 5835 tuis
2473 5782 2644 5835 timui.
2698 5782 2831 5836 Dum
2882 5781 3089 5851 judicia
3120 5791 3235 5846 tua,
3288 5783 3490 5853 inquit,

1926 5881 2065 5948 lego,
2107 5877 2163 5930 in
2212 5875 2397 5930 animo
2448 5875 2667 5946 quidem
2703 5875 2903 5931 timore
2944 5875 3211 5945 corripior
3257 5892 3275 5932 ι
3311 5876 3490 5943 ipsum
