3964 6586
533 410 664 476 ιιτι

1741 411 2123 472 EUTHYMH
2162 414 2522 474 ZIGABENI

3638 405 3751 470 i172

522 522 714 596 papuli
747 522 812 577 ad
846 500 1016 576 Deum
1050 519 1344 591 supplicat,
1380 527 1567 590 petens
1601 519 1745 573 mitti
1795 521 1899 576 sibi
1950 520 2095 575 hunc

2218 526 2386 594 τῆσαι.
2416 527 2486 579 Ἢ
2518 526 2614 579 καὶ
2638 523 2912 596 προσώπῳ
2937 521 3031 576 τοῦ
3072 522 3195 576 νέου
3222 521 3355 576 λαοῦ
3384 522 3619 575 ποιεῖται
3667 522 3752 590 τὴν

520 615 746 682 Filium,
775 626 827 671 et
862 615 1047 672 doceri
1083 629 1141 670 se
1173 614 1242 670 ab
1275 629 1342 669 eo
1376 613 1803 684 iustificationes
1833 615 1992 687 legis.

594 790 761 847 Vens.
803 791 925 848 156.
992 793 1257 848 θεευνειιε
1310 810 1571 864 aquarum
1633 794 1904 849 subierunt
1959 793 2100 849 oculi

521 884 647 945 mei,
681 885 807 954 quia
837 901 942 938 non
982 885 1352 938 custodierunt
1383 884 1541 957 legem
1575 895 1746 942 tuam.
1783 884 1888 940 Per
1924 900 2098 955 aqua-

520 992 645 1030 rum
692 977 981 1043 decursus,
1034 976 1333 1032 ebaradras
1382 989 1436 1032 et
1486 978 1653 1035 valles
1704 977 1978 1049 intelligit,
2032 993 2096 1032 ac

522 1070 640 1122 loca
674 1083 938 1135 concava,
976 1084 1072 1139 per
1104 1085 1226 1138 quae
1257 1084 1411 1138 aqum
1450 1068 1620 1125 liuere
1651 1070 1856 1124 solent.
1902 1071 2096 1133 Oculi,

520 1161 726 1231 inquit,
765 1162 865 1216 mei
898 1162 1253 1232 lacrymando
1283 1160 1507 1216 concavi
1554 1160 1730 1217 clieCti
1783 1171 1936 1229 sunt,
1968 1165 2099 1219 cha-

521 1252 811 1322 radrteque
858 1268 922 1308 ac
960 1253 1122 1310 vallis
1158 1252 1444 1323 cnjusdam
1482 1256 1718 1324 speciem
1768 1255 2097 1321 subierunt;

519 1347 608 1401 vel
648 1349 1054 1403 contabuerunt
1103 1346 1471 1418 lacrymarum
1521 1346 1675 1417 copia
1712 1390 1727 1407 ,
1760 1362 1925 1416 quam
1978 1345 2102 1401 ideo

521 1439 704 1505 emisi,
742 1443 867 1511 quia
893 1452 1330 1508 transgressores
1364 1456 1472 1494 non
1506 1438 1893 1495 custodierunt
1924 1442 2098 1513 legem

522 1542 673 1586 tuam
705 1548 721 1586 :
757 1543 865 1588 tota
896 1533 1099 1588 etenim
1134 1542 1295 1589 nocte
1325 1534 1602 1587 miseriam
1629 1548 1730 1603 ego
1756 1532 1972 1589 illorum
2000 1535 2103 1591 de-

522 1623 742 1680 ﬂebam.
785 1625 1022 1695 lntelligi
1052 1625 1219 1680 etiam
1253 1634 1483 1694 possunt
1521 1626 1634 1681 hare
1667 1627 1853 1688 verba,
1893 1637 1952 1682 ut
1982 1644 2101 1699 per-

2200 617 2404 686 δέησιν,
2435 617 2693 670 ἱκετεύων
2721 615 3039 671 ἀποστεῖλαι
3058 612 3425 685 αὐτῷτοῦτον,
3452 613 3544 665 καὶ
3565 612 3752 680 διδάξαι

2200 707 2268 761 τὰ
2292 707 2625 776 εύαγγελικὰ
2654 707 3020 777 δικαιώματα.

2272 800 2590 868 Διεεόδους
2655 800 2893 856 ὑδάτων
2948 798 3291 855 κατέδυσαν
3342 799 3397 852 ol
3479 798 3752 865 ὀφθαλμοί

2192 912 2334 962 μου,
2368 894 2498 948 ἐπεὶ
2524 895 2635 949 οὐκ
2666 894 2980 963 ἐφύλαξαν
2998 892 3103 946 τὸν
3126 893 3317 960 νόμον
3377 905 3514 943 σου.
3544 887 3751 952 Διέξοεοι

2203 986 2415 1040 ὑδάτων
2466 988 2521 1041 al
2548 987 2817 1057 χαράδραι
2842 987 2934 1041 καὶ
2957 987 3029 1041 τὰ
3057 984 3375 1054 κοιλώματα
3396 998 3410 1012 ·
3458 981 3616 1050 φησὶν
3650 978 3751 1046 οὖν,

2204 1079 2646 1151 ὄτιΚοιλὼματα
2698 1079 3092 1151 ὲκοιλάνθησαν
3132 1079 3183 1130 οἱ
3230 1074 3502 1146 ὀφθαλμοί
3545 1092 3640 1142 μου
3670 1072 3749 1125 δα-

2207 1173 2489 1245 κρύοντες,
2521 1174 2688 1244 ἤγουν
2712 1171 3009 1242 ἐτάκησαν,
3044 1170 3248 1238 πλῆθος
3292 1166 3545 1236 δακρύων
3592 1167 3747 1234 ἀπορ-

2210 1266 2447 1335 ρέοντες,
2479 1265 2732 1320 διό-τιούκ
2771 1263 3048 1335 ἐφύλαξαν
3071 1265 3164 1316 τὸν
3199 1262 3366 1331 νόμον
3392 1277 3485 1313 σου
3514 1260 3563 1312 οί
3591 1275 3749 1328 παρα-

2215 1356 2532 1428 νομοῦντες
2550 1359 2849 1429 παννύχιον
2874 1356 2984 1428 γὰρ
3004 1353 3385 1423 ἀπεκλαιόμην
3398 1352 3521 1415 τοὺς
3543 1350 3749 1412 ἀθλίως.

2210 1451 2434 1507 Νοεῖται
2463 1453 2521 1506 δὲ
2568 1454 2727 1505 τοῦτο
2755 1453 2850 1507 καὶ
2877 1451 3006 1521 περὶ
3031 1450 3140 1502 τῶν
3180 1448 3473 1509 Ἰουδαίων,
3500 1445 3550 1498 οἶ
3584 1462 3739 1514 παρα-

2215 1542 2505 1612 νομοῦντες
2543 1544 2754 1600 ἀνεῖλον
2802 1542 2895 1597 τδν
2949 1541 3189 1613 Χριστόν
3216 1555 3233 1571 ο
3266 1540 3497 1610 ἐδάκρυε
3542 1538 3640 1608 γὰρ
3664 1536 3748 1589 aii-

2209 1638 2357 1701 τοὺς,
2391 1637 2468 1702 ὠς
2496 1639 2795 1710 ὁμογενεῖς.

527 1719 739 1773 tiueant
778 1717 845 1773 ad
885 1716 1120 1783 Iudaeos,
1173 1718 1265 1788 qui
1316 1716 1503 1788 inique
1549 1727 1773 1789 agentes
1821 1719 2105 1777 Christum
2148 1724 2579 1801 interemerunt;
2611 1733 2947 1802 lacrymatus
2972 1728 3118 1785 enim
3158 1737 3245 1783 est
3291 1722 3554 1781 Dominus
3609 1727 3753 1790 super

525 1826 641 1875 eos,
675 1820 934 1887 tauquam
969 1827 1134 1881 super
1164 1820 1452 1881 cognatos,
1488 1825 1551 1866 ac
1590 1809 1835 1880 ejusdem
1888 1814 2105 1881 generis
2146 1815 2421 1875 boinines.

604 1902 765 1957 Vens.
818 1903 938 1957 157.
981 1901 1172 1958 Justus
1215 1920 1290 1967 es,
1329 1900 1578 1965 Domine,
1621 1912 1671 1956 et
1704 1911 1848 1957 recta
1887 1904 2101 1975 judicia

2281 1916 2523 1980 Δίκαιος
2561 1909 2637 1979 εἷ,
2690 1914 2888 1983 Κύριε,
2923 1911 3023 1967 καὶ
3052 1908 3247 1976 εὐαεῖς
3270 1908 3331 1962 al
3354 1906 3576 1977 κρίσεις
3630 1918 3751 1959 σου·

533 2004 644 2049 tua.
680 1993 795 2050 Hoc
819 1994 1039 2050 assidue
1072 1996 1336 2065 cogitare,
1373 1993 1579 2061 dicere,
1607 1994 1833 2051 credere
1886 2005 1942 2051 et
1970 2012 2106 2052 cou-

530 2084 670 2140 titeri
699 2087 963 2154 optimum
989 2096 1094 2142 est.

599 2174 768 2231 Vens.
805 2177 928 2233 1'58.
959 2177 1237 2233 Mandasti
1254 2180 1531 2249 justitiam
1563 2178 1865 2232 testimonia
1912 2186 2027 2244 tua,
2060 2186 2111 2232 et

531 2270 808 2327 ueritatem
838 2280 982 2325 tuam
1012 2271 1185 2327 valde.
1226 2270 1495 2326 Mandasti
1528 2286 1592 2327 ea
1620 2271 1798 2336 valde,
1838 2271 2110 2342 justitiam

532 2363 793 2419 nimirum
822 2374 877 2419 et
909 2364 1218 2423 veritatem.
1246 2362 1365 2432 Vel,
1399 2364 1671 2420 mandasti
1703 2380 1767 2421 ea
1792 2365 2113 2420 testimonia

530 2458 836 2524 observari,
867 2468 929 2517 ut
950 2458 1107 2514 valde
1131 2457 1303 2531 justa,
1326 2470 1382 2514 et
1404 2457 1563 2513 valde
1592 2472 1742 2513 vera.
1772 2456 1879 2511 Lex
1907 2455 2112 2511 etenim

530 2560 663 2616 tua,
698 2551 847 2622 quod
886 2554 1096 2624 justum
1139 2563 1246 2616 est,
1292 2552 1550 2608 omnibus
1584 2551 1863 2616 retribuit,
1898 2560 2007 2605 tam
2046 2548 2114 2604 iis

533 2643 627 2711 qui
666 2653 814 2701 recte
841 2654 1031 2715 agunt,
1062 2660 1227 2716 quam
1267 2646 1335 2702 iis
1364 2645 1460 2716 qui
1492 2659 1602 2699 non
1651 2656 1799 2701 reete
1822 2661 1838 2711 ;
1863 2651 1920 2699 et
1948 2655 2115 2697 verax

533 2738 698 2794 etiam
725 2745 813 2793 est
840 2738 893 2793 in
923 2736 1381 2807 promissionibus
1411 2736 1558 2792 suis.

607 2824 775 2881 Vens.
807 2825 931 2881 1'59.
966 2824 1251 2880 Tabescere
1290 2841 1369 2879 me
1415 2825 1537 2894 fecit
1584 2823 1727 2879 zelus
1772 2838 1917 2879 meus
1941 2864 1957 2889 ,
1990 2822 2117 2894 quia

537 2918 690 2972 obliti
726 2927 849 2971 sunt
877 2918 1032 2971 verba
1056 2925 1150 2971 tua
1180 2917 1385 2971 inimici
1410 2915 1532 2969 mei.
1563 2914 1728 2971 Zelus
1756 2931 1866 2985 quo
1897 2925 2118 2986 propter

537 3019 595 3065 te
625 3010 920 3075 accendor,
956 3008 1102 3080 quod
1142 3011 1211 3066 ab
1241 3010 1320 3065 eis
1348 3009 1666 3082 spernaris;
1697 3008 1783 3065 vel
1833 3007 1980 3077 justa
2013 3009 2114 3073 ira,

536 3118 649 3172 qua
676 3117 778 3174 pro
806 3111 859 3158 te
889 3118 1263 3169 commoveor,
1295 3102 1442 3174 quod
1471 3102 1853 3158 mandatorum
1899 3111 2116 3157 tuorum

538 3197 697 3253 obliti
742 3205 891 3257 sunt.
931 3196 1189 3268 quodque
1218 3212 1249 3250 a
1283 3196 1455 3253 veteri
1490 3195 1842 3252 meditatione
1888 3211 1988 3250 sua
2026 3211 2115 3250 re-

540 3296 829 3346 cesserunt
857 3289 1063 3346 inimici
1096 3290 1172 3344 illi
1219 3289 1346 3354 mei,
1385 3289 1478 3358 qui
1525 3288 1599 3345 ob
1641 3289 1893 3345 ardorem
1944 3287 2114 3343 animi
2142 3274 2190 3335 (ἶ

539 3379 597 3432 in
627 3385 679 3433 te
711 3394 918 3444 meum,
954 3379 1087 3446 mibi
1117 3377 1320 3434 infensi
1355 3387 1507 3435 sunt.

615 3468 780 3529 Vnus.
817 3470 941 3526 MO.
988 3469 1221 3541 Ignitum
1261 3469 1530 3541 eloquium
1579 3478 1725 3523 tuum
1770 3470 2113 3536 vehementer,

539 3572 591 3616 ot
629 3578 806 3617 seruus
838 3577 959 3618 tuus
982 3563 1168 3618 dilexit
1198 3562 1353 3617 illud.
1374 3561 1697 3624 Purissima,
1720 3550 1926 3632 inquit,
1954 3570 2119 3631 atque

540 3656 894 3713 immaculata
945 3665 1021 3715 cat
1076 3656 1160 3710 lex
1218 3665 1345 3720 tua,
1393 3654 1550 3727 quasi
1601 3671 1794 3712 aurum
1847 3653 2119 3724 quoddam

542 3748 776 3817 ignitum
811 3757 981 3818 atque
1030 3748 1153 3818 igne
1183 3747 1581 3805 examinatum.
1624 3745 1868 3799 Similem
1900 3752 2121 3799 senten-

546 3843 679 3896 tiam
715 3841 1009 3899 habuimus
1045 3840 1098 3894 in
1147 3840 1357 3907 psalmo
1402 3837 1714 3903 undecimo,
1748 3836 1820 3892 ibi
1850 3856 1864 3892 :
1894 3838 2121 3908 Eloquia

544 3931 785 3997 Domini,
829 3932 1038 4001 eloquia
1085 3939 1272 3996 casta,
1308 3936 1585 3998 argentum
1630 3927 1854 3996 ignitum
1907 3926 2116 3999 (cadem

546 4020 692 4072 enim
730 4020 898 4074 dictio
930 4018 1222 4087 utrobique
1253 4026 1337 4072 est
1382 4018 1436 4071 in
1472 4015 1660 4072 Graeca
1705 4017 1961 4080 lectione,
1999 4033 2119 4086 qum

2209 2008 2380 2063 Τοῦτο
2404 2009 2500 2062 καὶ
2525 2011 2687 2075 νοεῖν,
2724 2010 2818 2061 καὶ
2839 2006 3021 2079 λέγειν
3044 2005 3134 2061 ἀεὶ
3156 2003 3343 2069 καλὸν,
3371 2001 3465 2055 καὶ
3486 1997 3751 2060 πιστεύειν,

2198 2103 2305 2156 ’καὶ
2341 2104 2648 2174 ὁμολογεῖν.

2294 2191 2606 2245 Ἐνετείλω
2630 2191 3031 2259 δικαιοσύνην
3067 2190 3140 2243 τὰ
3172 2185 3470 2258 μαρτύριά
3498 2201 3626 2247 σου,
3668 2182 3755 2235 καί

2210 2281 2504 2350 ἀλήθειαν
2560 2280 2819 2351 σφόδρα.
2878 2279 3159 2333 Ἐνετεὶλω
3210 2277 3380 2339 αὐτὰ,
3437 2272 3754 2340 δικαιοσύνην

2210 2375 2554 2446 αὐτόχρημα,
2583 2376 2679 2428 καὶ
2717 2374 2976 2445 ἀλήθειαν
3019 2372 3185 2427 πάνυ.
3218 2372 3317 2437 Ἦ,
3355 2368 3592 2424 ὲνετείλω
3611 2366 3757 2426 αὐτὰ,

2212 2468 2397 2523 δίκαια
2449 2469 2546 2521 καὶ
2600 2466 2779 2538 ἀληθῆ
2821 2467 2986 2522 πάνυ.
3018 2465 3077 2519 ’0
3100 2452 3297 2534 νόμος⁸
3318 2479 3415 2516 σου
3444 2460 3549 2532 γὰρ
3564 2458 3757 2519 δικαίως

2215 2558 2502 2631 ἀμείϐεται
2531 2560 2627 2612 καὶ
2683 2558 2776 2613 τὸν
2815 2556 3215 2628 κατορθοῦντα,
3247 2556 3344 2610 καὶ
3364 2554 3454 2607 τὸν
3484 2550 3757 2622 σφαλλόμεο

2216 2668 2330 2717 νον,
2363 2651 2456 2706 καί
2478 2650 2733 2723 ἀληθεύει
2764 2654 2885 2716 ταῖς
2912 2648 3293 2719 ἐπαγγελίαις.

2298 2829 2581 2897 Ἔξέτηεέ
2606 2845 2684 2899 με
2715 2828 2750 2884 ό
2778 2827 2957 2898 ζῆλός
2985 2844 3125 2894 σου,
3158 2827 3247 2881 ὅτι
3263 2823 3615 2880 ἐπελάθοντο
3653 2816 3763 2872 τῶν

2217 2926 2417 2993 ,λόγων
2471 2937 2589 2977 σου
2648 2923 2704 2975 οι
2747 2921 2952 2991 ἐχθροί
3002 2938 3144 2990 μου.
3197 2919 3257 2971 '0
3306 2917 3447 2986 ὑπὲρ
3491 2913 3578 2967 σοῦ
3618 2912 3762 2981 ζῆλος

2220 3013 2766 3087 καταφρονουμένουο
2801 3011 3005 3084 ἢύπέρ
3056 3011 3151 3067 σοῦ
3200 3009 3389 3064 δικαία
3432 3008 3593 3077 ὀργή·
3644 3001 3764 3055 διότι

2219 3109 2545 3164 ἐπελάθοντο
2585 3107 2695 3162 τῶν
2752 3106 2984 3161 ἐντολῶν
3036 3122 3154 3169 σου,
3185 3104 3235 3157 οἱ
3284 3102 3377 3156 διὰ
3422 3099 3572 3153 τοῦτο
3597 3093 3768 3166 ἐχθροί

2227 3221 2325 3273 μου
2348 3204 2686 3261 ἀποστάντες
2706 3200 2805 3271 τῆς
2834 3198 3066 3269 μελέτης
3096 3195 3300 3251 αὐτῶν.

2284 3462 2724 3533 Πεπυρωμένον
2748 3461 2816 3516 τὸ
2844 3460 3054 3529 λόγιόν
3082 3472 3201 3513 σου
3222 3449 3579 3525 σφόδρα,καί
3598 3453 3628 3503 ό
3644 3445 3768 3502 δοῦ·

2215 3557 2326 3623 πός
2354 3570 2472 3610 σου
2505 3553 2824 3625 ἠγάπησεν
2856 3552 3025 3607 αὐτό.
3051 3545 3770 3621 Καθαρὼτατος,ἄμεμπτοςο

2220 3651 2249 3703 ὀ
2278 3651 2442 3720 νόμος
2477 3666 2604 3703 σου⁸
2632 3648 2874 3702 τοιοῦτον
2903 3648 3012 3717 γὰρ
3045 3646 3105 3699 τὸ
3136 3642 3525 3712 πεπυρωμένον
3548 3635 3771 3709 χρυσίον.

2227 3741 2458 3812 Εἴρηται
2480 3741 2538 3795 δὲ
2571 3741 2668 3794 καὶ
2688 3743 2747 3794 ιν
2773 3740 2850 3809 τῷ
2876 3736 2944 3793 ια’
2972 3736 3172 3808 ψαλμῷ
3195 3753 3210 3767 ⁸
3261 3736 3339 3792 Τὰ
3369 3734 3541 3802 λόγια
3567 3728 3773 3794 Κυρίου

2226 3832 2399 3905 ἁγνὰ,
2424 3834 2709 3903 ἀργύριον
2732 3831 3182 3902 πεπιφωμένον·
3211 3831 3306 3883 καὶ
3332 3826 3610 3899 ἠγάπησεν
3659 3819 3781 3875 αὐτὸ

2229 3927 2391 3997 μόνος
2422 3928 2450 3979 ὁ
2472 3925 2655 3989 δοῦλός
2694 3941 2812 3989 σου,
2865 3925 2919 3978 εί
2945 3923 3027 3988 τίς
3065 3927 3180 3976 ἐστι
3214 3920 3469 3990 θεράπων
3496 3933 3607 3978 σου,
3635 3914 3782 3971 εἴτις

2229 4017 2369 4088 μετὰ
2392 4016 2558 4086 φόϐου
2587 4017 2862 4087 λατρεύει.

546 4121 603 4165 et
632 4111 854 4182 ignitum
878 4110 1167 4181 signiﬁcat,
1195 4120 1248 4163 et
1274 4110 1391 4182 igne
1414 4110 1823 4175 examinatum).
1854 4108 1966 4165 Hoc
1991 4125 2121 4165 vero
2158 4109 2437 4178 eloquium
2471 4125 2565 4165 seu
2607 4109 2922 4165 mandatum
2958 4116 3113 4162 tuum
3148 4109 3197 4164 is
3264 4107 3418 4163 solus
3477 4103 3670 4173 diligit,
3700 4099 3787 4168 Qui

549 4224 743 4264 servus
764 4198 902 4261 tuus
930 4215 1037 4264 est.
1081 4206 1171 4273 qui
1210 4203 1307 4260 tibi
1358 4205 1561 4271 servit,
1599 4214 1652 4259 te
1691 4205 1823 4259 colit
1871 4214 1925 4259 et
1962 4220 2089 4261 cum
2127 4206 2322 4261 timore
2347 4213 2652 4262 veneratur.

621 4302 786 4359 Vens.
824 4302 943 4357 Hi.
972 4300 1405 4357 Adulescentulus
1438 4317 1555 4354 sum
1578 4317 1669 4370 ego
1695 4310 1742 4354 et
1769 4310 2116 4369 contemptus,

2298 4300 2595 4368 Νεὼτερός
2641 4302 2756 4371 εἰμι
2790 4297 2907 4368 ἐγὼ
2939 4298 3035 4355 καί
3064 4294 3563 4365 ἐξουδενωμένος,
3610 4290 3687 4345 τὰ
3709 4289 3795 4342 δι-

538 4395 954 4468 justiﬁcatioues
987 4404 1107 4448 tuas
1140 4411 1243 4449 non
1267 4410 1379 4449 sum
1409 4392 1620 4447 oblitus.
1647 4389 1810 4445 Juxta
1837 4393 2120 4447 historiam

548 4488 745 4542 beatus
777 4485 944 4539 David
981 4484 1384 4541 adolescentior
1415 4485 1718 4539 erat-inter
1744 4493 1972 4538 czeteros
2015 4483 2124 4536 fra-

547 4584 688 4643 tres,
718 4585 768 4632 ct
803 4586 1023 4645 propter
1054 4585 1274 4632 staturae
1308 4575 1608 4630 exilitatem
1648 4575 1747 4628 fuit
1781 4576 1944 4628 etiam
1989 4589 2123 4627 con-

550 4675 796 4737 temptus
828 4681 857 4719 a
903 4676 1080 4736 patre,
1110 4666 1330 4736 quando
1363 4665 1582 4720 Samuel
1624 4667 1890 4737 propheta
1928 4676 2125 4720 unctu—

550 4770 652 4810 rus
682 4770 805 4809 eum
839 4756 893 4809 in
929 4772 1131 4825 regem,
1166 4756 1403 4809 advenit.
1442 4753 1566 4808 Fuit
1594 4754 1756 4808 etiam
1788 4754 1976 4821 junior
2004 4755 2126 4822 ipso

554 4844 684 4905 Saul
712 4855 769 4900 et
799 4846 1078 4915 neglectus
1128 4846 1198 4900 ab
1239 4861 1326 4910 eo,
1359 4862 1480 4898 eum
1526 4843 1934 4913 persecutiones
1968 4843 2036 4895 ab
2064 4858 2132 4896 eo

555 4938 738 4996 varias
782 4939 1081 4994 sustineret
1111 4956 1124 4992 :
1155 4946 1526 4991 verumtamen
1578 4937 1665 4991 hic
1711 4936 1900 5005 junior
1939 4943 1994 4989 et
2031 4951 2130 4989 ne-

558 5035 767 5089 clectus
797 5047 959 5102 supra
996 5032 1095 5084 bos
1124 5047 1335 5095 omnes,
1382 5030 1692 5083 divinorum
1742 5028 2129 5082 mandatorum

582 5124 829 5179 =..::ninit.
877 5125 1177 5181 Possumus
1207 5124 1372 5177 etiam
1407 5121 1712 5190 intelligere
1761 5122 1875 5173 base
1924 5120 2086 5173 verba
2115 5159 2129 5183 ,

555 5226 616 5269 ut
647 5217 855 5285 prolata
880 5217 991 5272 sint
1024 5232 1088 5270 ex
1117 5230 1350 5286 persona
1379 5215 1503 5271 novi
1538 5213 1744 5283 populi,
1771 5212 1865 5282 qui
1894 5223 2134 5266 contem-

556 5315 683 5374 ptus
705 5307 923 5376 quidem
946 5316 1001 5362 et
1030 5308 1312 5379 neglectus
1343 5307 1441 5364 luit
1472 5307 1541 5361 ab
1568 5306 1791 5374 antiquo
1817 5302 2129 5358 Iudaeorum
2173 5308 2396 5377 p0pulo,
2434 5316 2487 5361 et
2520 5320 2703 5362 tamen
2739 5321 2902 5377 supra
2935 5321 3061 5360 eum
3130 5306 3370 5361 divinam
3416 5304 3599 5375 legem
3656 5305 3802 5359 intel-

555 5402 693 5455 lexit
729 5409 892 5470 atque
923 5400 1252 5455 observavit.

627 5486 791 5543 Vens.
831 5488 952 5542 HQ.
983 5486 1205 5543 Iustitia
1239 5499 1350 5555 tua,
1391 5489 1610 5559 justitia
1645 5489 1698 5540 in
1729 5486 2004 5542 saeculum.
2037 5484 2132 5537 Di-

555 5582 686 5636 vina
723 5581 932 5652 iustitia
966 5582 1183 5650 proprie
1210 5598 1273 5636 ac
1316 5598 1440 5636 vere
1465 5590 1550 5635 cst
1577 5590 1628 5634 et,
1664 5580 1867 5632 dicitur
1888 5577 2127 5647 jnstitia;

558 5688 943 5743 uuemcuuque
974 5675 1116 5726 enim
1151 5673 1296 5727 Deus
1331 5671 1737 5742 justiticaveiit.
1771 5670 1817 5724 is
1862 5671 2009 5739 justc
2047 5678 2132 5721 at-

559 5778 666 5829 que
686 5763 740 5816 in
767 5773 1027 5817 mtcrnum
1059 5764 1395 5833 justilieatur
1415 5782 1429 5817 :
1453 5764 1732 5817 hominum
1761 5777 1892 5815 vero
1913 5760 2131 5829 iustitia

564 5854 879 5927 huiusmodi
914 5873 1021 5911 non
1055 5866 1158 5923 est,
1195 5857 1285 5912 sed
1324 5856 1638 5925 temporalis
1674 5862 1722 5909 et
1764 5869 1999 5924 persaepe
2035 5852 2131 5905 idl-

563 5944 711 6006 litur.

2224 4388 2527 4460 καιώματά
2543 4404 2660 4445 σου
2682 4390 3087 4459 ἐπελαθόμην.
3123 4387 3262 4441 Καθ’
3294 4387 3532 4457 ἱστορίαν
3562 4387 3593 4436 ὁ
3642 4381 3796 4434 Δαΰιδ

2224 4483 2386 4536 νεώτε
2394 4476 2487 4555 ρος
2502 4478 2569 4553 ἦν
2584 4482 2692 4536 τῶν
2708 4482 3076 4551 ἁδελφῶνριαὶ
3093 4480 3521 4550 ὲξουδενωμένος
3539 4496 3618 4530 πα
3627 4477 3694 4547 ρὰ
3709 4471 3793 4527 τοῦ

2226 4578 2434 4646 πατρὸς
2476 4576 2567 4629 διὰ
2614 4576 2714 4644 τὴν
2771 4574 3093 4646 βραχύτητα
3122 4575 3222 4643 τῆς
3266 4573 3503 4641 ἡλικίας,
3528 4571 3673 4623 δτεὸ
3709 4568 3799 4625 Σι-

2229 4668 2400 4738 μουὴλ
2454 4669 2789 4735 παρεγένετο
2819 4668 3022 4738 χρίσων
3052 4667 3216 4720 αὑτὸν
3239 4667 3317 4727 εἰς
3351 4665 3602 4734 βασιλέα.
3650 4658 3799 4716 Ἀλλὰ

2226 4759 2443 4813 καὶτοῦ
2490 4761 2665 4813 Σαο>λ
2723 4759 2990 4830 νεώτερος
3032 4755 3121 4829 ἦν,
3152 4759 3249 4812 καὶ
3276 4757 3630 4823 ἐξουδενιοῦτο
3676 4753 3798 4821 παρ’

2231 4848 2418 4911 αὐτοῦ,
2452 4850 2547 4902 καὶ
2573 4851 2849 4903 ὲδιὼκετο’
2882 4850 2977 4903 καὶ
3001 4850 3151 4919 ὅμως
3183 4848 3325 4918 ὑπὲρ
3355 4850 3565 4911 πάντας
3590 4847 3801 4907 τούτους

2230 4938 2573 5008 ἐμνημόνευε
2594 4940 2691 5008 τῆς
2715 4938 2935 5008 ἐντολῆς
2953 4939 3045 4992 τοῦ
3072 4938 3229 4991 Θεοῦ.
3256 4938 3478 4992 Νοεῖται
3504 4938 3569 4991 δὲ
3614 4937 3799 5003 ὁλὸγος

2230 5030 2326 5083 καὶ
2358 5029 2637 5102 προσώπῳ
2687 5032 2780 5084 τοῦ
2835 5032 2957 5083 νέου
3005 5030 3159 5095 λαοῦ,
3220 5031 3663 5099 ὲξουδενωμένου
3716 5028 3802 5098 μὲν

2232 5122 2336 5175 ὑπὸ
2360 5122 2453 5175 τοῦ
2509 5123 2759 5186 παλαιοῦ,
2808 5123 2900 5176 τὸν
2931 5122 2989 5179 δὲ
3025 5124 3191 5193 νόμον
3246 5123 3391 5194 ὑπὲρ
3442 5124 3664 5175 ἐκεῖνον
3722 5120 3803 5173 καὶ

2231 5215 2478 5277 νοοῦντος
2514 5214 2611 5267 καὶ
2640 5214 3030 5284 φυλάσσοντος.

2315 5483 2385 5537 Ἠ
2417 5484 2775 5553 δικαιοσύνη
2803 5499 2919 5538 σου
2961 5483 3322 5548 δικαιοσύνη
3359 5483 3446 5547 είς
3472 5482 3592 5536 τὸν
3611 5481 3799 5538 αἰῶνα.

2229 5578 2561 5648 Δικαιοσύνη
2593 5576 2835 5642 αἰώνιος,
2861 5576 3180 5645 δικαιοσύνη
3231 5573 3441 5644 κυρίως
3474 5589 3489 5604 ⁸
3525 5574 3591 5628 ὅν
3624 5574 3730 5646 γὰρ
3747 5570 3801 5626 ἄν

2229 5673 2482 5735 δικαιοῖς,
2546 5670 2783 5733 αἰωνίως
2824 5669 2919 5722 καὶ
2966 5668 3194 5731 δικαίως
3239 5666 3516 5729 δικαιοῖςο
3571 5668 3685 5738 ἡδὲ
3711 5666 3797 5718 τῶν

2228 5762 2535 5832 ἀνθρώπων
2594 5762 2654 5814 οὐ
2707 5761 2953 5832 τοιαύτη,
3019 5758 3357 5830 πρόσκαιρός
3408 5775 3478 5812 τε
3536 5757 3672 5815 οὖσα
3723 5756 3799 5812 καὶ

2229 5854 2573 5924 σφαλλομένη
2609 5854 2671 5907 τὰ
2696 5852 2888 5909 πολλὰ.
