3964 6566
238 359 262 422 1
278 357 393 426 173
1422 377 1809 441 COMMENT.

1939 381 1949 441 l
1990 379 2351 443 PSALMOS.
3364 378 3505 445 ιιτι

300 476 428 535 Kal
460 482 497 537 ό
524 482 711 553 νόμος
731 499 849 540 σου
878 485 1150 558 ἀλήθεια.
1176 489 1512 563 Αὐτόχρημα
1543 493 1777 563 ἀλήθεια
1799 512 1815 527 ·

1996 495 2063 549 Et
2104 496 2189 551 lea:
2229 506 2320 551 tua
2363 495 2580 552 ueritas.
2610 493 2721 550 Lex
2755 503 2847 551 tua
2885 495 3028 550 idem
3068 494 3179 551 fere
3207 504 3324 563 est,
3356 501 3503 569 (μιόά

232 571 458 642 σφόδρα
482 574 770 645 ἀληθεύων
796 580 856 633 ἐν
878 581 1034 637 πᾶσι.
1067 582 1289 637 Νοεῖται
1310 584 1366 638 δέ
1419 585 1647 658 ἀλήθεια
1680 588 1819 658 καὶή

1939 590 2152 655 veritas,
2185 606 2309 645 cum
2350 590 2404 644 ln
2435 589 2689 645 omnlbus
2723 603 2848 643 vera
2895 588 3057 643 dicat.
3087 587 3182 644 Vel
3214 590 3515 645 veritatem"

228 661 502 734 ὀρθότης.
575 669 717 723 κατά
770 670 852 735 τὸ,
886 673 1122 742 Δίκαιος
1163 676 1238 743 εί,
1271 678 1468 746 Κύριε,
1503 678 1604 732 καί
1626 666 1819 745 εὖθεῖς

1939 678 2091 746 dixit,
2135 697 2234 751 pro
2277 681 2627 745 rectitudine,
2656 680 2810 751 juxta
2844 679 2976 734 illud
3008 697 3019 732 :
3060 678 3249 735 Justus
3281 699 3359 748 es,
3400 682 3502 738 Do-

228 758 293 809 αι
326 760 573 825 κρίσεις
592 777 728 818 σου.
750 765 979 835 Εἴρηται
999 767 1171 822 δὲκαὶ
1201 771 1258 822 ἐν
1288 771 1367 841 τῷ
1399 777 1474 836 ις’
1497 770 1719 842 ψαλμῷ·
1747 771 1819 825 Τὰ

1939 768 2089 831 mine,
2119 777 2169 822 et
2195 777 2336 822 recta
2356 767 2564 838 judicia
2592 776 2703 822 tua.
2727 768 2805 823 De
2839 768 2941 823 hoc
2968 767 3134 823 etiam
3170 768 3386 823 dictum
3415 780 3500 825 est

229 850 503 919 κρίματα
539 855 645 910 τοῦ
668 859 893 927 Κυρίον
929 860 1213 930 ἀληθινὰ,
1243 863 1674 934 δεδικαιωμένα
1721 865 1819 921 ἐπί

1939 846 1985 910 in
2016 857 2225 926 psalmo
2265 873 2419 921 xvut,
2450 858 2525 913 lbi
2555 873 2568 911 :
2604 854 2824 913 Iudicia
2867 855 3078 911 Domini
3110 872 3230 912 vera
3268 858 3500 913 simulet

230 940 303 995 τὸ
332 946 517 1001 αὐτό.

306 1038 574 1109 θλίψεις
610 1043 708 1098 καί
750 1044 1007 1117 ἀνάγκαι
1052 1049 1320 1121 εὕροσᾴν
1342 1067 1420 1121 με
1448 1067 1461 1081 ·
1504 1049 1827 1103 αἱὲντολαί

228 1144 362 1184 σου
389 1133 618 1206 μελέτη
653 1154 792 1206 μου.
839 1140 927 1193 Ἐν
954 1142 1078 1204 ταῖς
1127 1142 1373 1213 θλίψεσιν
1398 1145 1456 1199 αἱ
1483 1140 1697 1196 ἐντολαί
1730 1159 1824 1194 σου

234 1220 455 1294 μελέτη
508 1244 613 1297 μου
642 1224 808 1299 ἦσαν,
838 1236 1279 1308 παρηγοροῦσαι,
1304 1237 1400 1291 καὶ
1430 1236 1489 1291 τὸ
1511 1236 1675 1305 ἄλγος
1704 1235 1824 1288 ἐπι-

230 1314 630 1384 κουφίζουσαι.

301 1497 680 1571 Δικαιοσύνη
736 1505 809 1559 τὰ
852 1507 1145 1577 μαρτύρια
1182 1523 1299 1564 σου
1335 1511 1423 1575 είς
1467 1508 1573 1561 τὸν
1613 1503 1820 1560 αἰῶνα.

225 1586 574 1662 Δικαιοσύνη
629 1594 850 1661 αἰώνιος
882 1639 897 1664 ,
947 1600 1026 1663 ὡς
1070 1601 1433 1673 προείρηται·
1493 1595 1824 1667 ἐνδιατρίϐει

223 1676 346 1749 γὰρ
383 1684 454 1753 τῇ
485 1682 782 1760 ὕμνολογίᾳ
810 1690 905 1743 τοῦ
931 1691 1123 1762 νόμου.

299 1771 649 1831 Συνέτισόν
660 1796 762 1848 με,
786 1781 883 1836 καί
910 1781 1185 1854 ζήσομαι.
1209 1785 1317 1838 Καὶ
1348 1783 1586 1853 ζήσομαι
1618 1781 1815 1837 ὅντως⁹

1919 947 2250 1018 justi/icata.

1997 1039 2167 1097 Vens.
2206 1040 2330 1096 M3.
2370 1039 2753 1096 Tribulationes
2800 1050 2849 1096 et
2887 1042 3148 1112 angustia:
3190 1044 3497 1098 invenerunt

1927 1155 2008 1194 me
2036 1155 2055 1193 :
2090 1139 2343 1192 mandata
2374 1147 2464 1191 tua
2491 1137 2767 1192 meditatio
2792 1153 2907 1192 mea
2930 1146 3027 1192 est.
3061 1139 3208 1192 inter
3234 1145 3313 1193 tot
3350 1137 3496 1193 cala-

1926 1232 2143 1286 mitates
2175 1245 2324 1285 meas
2359 1230 2490 1284 illud
2521 1228 2654 1283 mihi
2686 1228 2910 1284 unicum
2944 1227 3046 1283 fuit
3075 1230 3314 1285 solamen
3337 1266 3351 1292 ,
3384 1244 3494 1298 quo

1925 1323 2168 1378 dolorem
2202 1320 2448 1377 levabam
2479 1360 2495 1383 .
2527 1318 2672 1391 quod
2708 1320 2761 1376 in
2796 1321 3069 1376 mandatis
3102 1320 3211 1376 tuis
3238 1320 3495 1377 assiduus

1928 1415 2255 1469 meditabar.

1994 1500 2160 1560 Vnas.
2203 1504 2323 1560 141.
2366 1501 2587 1559 Iustitia
2628 1504 2927 1558 testimonia
2970 1513 3063 1559 tua
3110 1505 3164 1559 in
3220 1505 3491 1561 secutum.

1926 1596 2045 1653 lloc
2072 1606 2173 1661 est.
2205 1595 2423 1652 Iustitia
2457 1601 2682 1660 aeterna,
2713 1602 2774 1650 ut
2801 1594 3176 1666 praediximus.

1997 1770 2334 1826 Intellectum
2370 1772 2441 1824 da
2495 1771 2647 1837 mihi,
2697 1780 2747 1825 et
2796 1772 2986 1827 vivam.
3033 1771 3248 1837 (Graeca
3307 1770 3495 1831 dictio.

224 1859 279 1910 οἱ
305 1860 426 1933 γὰρ
463 1865 540 1937 μὴ
602 1840 1008 1941 συννετισθέντὲς
1034 1840 1135 1930 οούκ
1164 1877 1334 1940 ὅντως
1357 1840 1551 1940 ξίύσίν,
1581 1872 1656 1935 ὡς
1679 1868 1819 1940 φαῦ·

1939 1859 2224 1924 ςυνὲτισον,
2274 1874 2383 1913 non
2441 1860 2619 1915 solum
2647 1860 3259 1931 signiﬁcatintellectum
3285 1862 3376 1923 da,
3404 1861 3497 1915 scd

223 1946 346 2012 λως
381 1951 605 2022 ζῶντες.

1927 1953 2092 2006 etiam
2145 1950 2453 2021 prudentem
2505 1951 2714 2022 facito.)
2760 1951 2818 2006 Si
2858 1952 3023 2024 igitur
3059 1952 3394 2009 intellectum
3444 1968 3499 2019 (ιι

229 2043 593 2108 prudentiam
648 2055 777 2110 mihi
830 2029 1071 2126 dederis,
1121 2032 1301 2118 vim",
1351 2071 1408 2117 et
1458 2073 1586 2115 vere
1661 2054 1861 2108 vivam.
1901 2043 2037 2099 Nam
2106 2043 2196 2115 qui
2250 2043 2543 2115 prudentes
2596 2060 2701 2100 non
2746 2053 2897 2109 sunt,
2948 2060 3079 2100 vcre
3128 2059 3236 2100 non
3283 2043 3496 2099 vivunt.

221 2146 428 2191 eorum
463 2144 667 2199 etenim
697 2147 804 2204 vita
832 2150 1012 2209 inanis
1050 2164 1155 2212 est.

299 2233 646 2306 Ἐκέκραξα
668 2242 738 2298 ἐν
768 2247 883 2317 ὅλῃ
908 2252 1121 2321 καρδίᾳ
1132 2272 1278 2323 μου,
1307 2252 1658 2310 ἐπιὶκουσόν
1672 2262 1813 2319 μου.

224 2325 437 2418 ιε’
473 2329 544 2385 τὰ
580 2333 945 2407 δικαίώματά
972 2359 1089 2400 σου
1107 2345 1435 2415 ἐκζητήσω.
1469 2348 1561 2400 Ἐν
1590 2346 1669 2418 τῷ
1697 2345 1814 2399 θλί-

224 2413 436 2471 σεσθαί
498 2440 567 2491 με
610 2426 889 2499 ἐκέκραξα
921 2434 1059 2504 πρὸς
1085 2435 1181 2488 σέο
1221 2413 1316 2490 ,ω
1343 2438 1441 2508 οὐχ
1460 2413 1672 2501 ante;
1700 2438 1817 2493 ἀλλ’

227 2507 294 2559 ἐν
324 2508 429 2582 ὅλῃ
467 2516 666 2590 καρδίᾳ
716 2538 819 2590 μου
857 2540 873 2556 ·
909 2524 997 2600 διὰ
1026 2526 1187 2582 τοῦτο
1214 2507 1520 2583 ἐπάκουσόν
1571 2546 1695 2600 μου·
1750 2528 1818 2583 τὰ

226 2600 594 2695 amazonam
622 2628 718 2665 σου
748 2597 1063 2687 ἐκζητήσω,
1099 2622 1148 2674 εί
1183 2622 1515 2687 ἐπακούσεις
1541 2597 1666 2695 μου.

306 2691 651 2765 Ἕκέκραεὰ
677 2715 800 2767 σοι,
824 2705 1037 2762 σῶσόν
1054 2726 1147 2779 με.
1184 2712 1280 2764 καί
1308 2691 1561 2782 φυλάξ
1584 2713 1655 2768 τὰ
1677 2730 1822 2784 μαρ-

227 2786 415 2879 τύριά
459 2794 603 2848 σου,
642 2794 716 2848 Τδ
752 2799 884 2853 αὐτὸ
914 2800 1193 2872 λέγεικαὶ
1240 2806 1359 2871 νῦν,
1397 2808 1684 2863 ἐπιτείνων
1723 2808 1823 2879 τὴν

228 2877 454 2951 δέησιν,
487 2887 584 2940 καὶ
618 2888 857 2959 βεϐαιῶν
893 2895 991 2967 τὴν
1014 2896 1332 2970 ὑπόσχεσιν.
1373 2899 1558 2955 Σῶσόν
1599 2918 1669 2971 με
1704 2877 1821 2956 κιν-

228 2971 553 3035 δυνεῠοντα.

292 3136 675 3218 ’Προέφθασα
716 3142 788 3197 ἐν
814 3145 1018 3216 domin,
1055 3149 1152 3203 καὶ
1200 3150 1515 3220 ἐκέκραξα,
1557 3156 1644 3220 εις
1680 3156 1824 3220 τοὺς

225 3227 465 3297 λόγους
497 3246 617 3286 σου
656 3234 988 3301 ἐπήλπισα.
1036 3226 1345 3311 Προέλασον
1372 3243 1465 3298 τὸν
1512 3244 1732 3316 ιρθρον,
1764 3247 1823 3299 ἐν

225 3319 426 3391 ampla
478 3323 580 3393 τῆς
634 3328 875 3392 νυκτός*
920 3331 1090 3401 μήπω
1127 3334 1224 3404 τῆς
1277 3336 1431 3406 ὧρας
1484 3338 1821 3409 ἐπιστάσης,

230 3411 368 3464 καθ’
393 3412 466 3484 ἣν
491 3414 811 3472 ἀνίστανται
838 3422 887 3474 oi
918 3422 1196 3485 ἄνθρωποι
1214 3442 1228 3455 ο
1267 3428 1360 3481 καὶ
1390 3429 1662 3500 ἐκέκραξα
1685 3431 1823 3502 πρὸς

229 3504 301 3557 σέ
324 3521 341 3536 ’
370 3507 456 3570 είς
479 3509 607 3572 τοὺς
636 3510 831 3579 λόγους
873 3532 969 3569 σου
1013 3518 1351 3591 τεθάρῤηκα,
1407 3521 1503 3587 οὓς
1550 3524 1821 3595 ἐνήχησάς

235 3612 339 3664 μοι
382 3596 475 3651 διὰ
522 3598 620 3653 τοῦ
669 3603 829 3672 ἁγίου
879 3606 1218 3678 Πνεύματος.
1264 3611 1621 3679 Κεκρὰξεται
1672 3615 1822 3681 πρός

232 3703 335 3756 με,
362 3689 465 3744 καί
492 3691 908 3766 ἐπακούσομαι
944 3701 1152 3756 αὑτοῦ.

308 3783 718 3852 Προέφθασαν
737 3791 795 3842 οι
823 3791 1123 3860 ὀφθαλμοί
1143 3811 1262 3863 μου
1287 3796 1439 3864 πρὸς
1462 3798 1697 3867 ὄρθρον,
1713 3802 1819 3858 τοῦ

233 3872 504 3942 μελετᾶν
538 3876 612 3931 τὰ
634 3879 810 3948 λόγια
833 3897 971 3936 σου.
1012 3884 1321 3953 Προέλαὸον
1346 3888 1396 3940 oi
1429 3888 1695 3959 ὀφθαλμοί
1719 3907 1820 3961 μου

235 3960 341 4031 τὴν
360 3963 579 4035 ἡμέραν
611 3969 751 4039 πρὸς
801 3972 994 4044 καιρὸν
1024 3974 1246 4046 ὄρθρου,
1283 3976 1426 4031 ὥστε
1460 3978 1697 4051 μελετᾷν
1722 3960 1822 4034 τὸν

236 4056 410 4126 νόμον
447 4076 568 4117 σου.
634 4064 722 4117 Ἐν
755 4066 938 4138 ἀωρίᾳ
976 4067 1077 4137 μὲν
1107 4070 1218 4140 γὰρ
1258 4071 1639 4144 ιιιροσηόχιετο⁹
1680 4077 1822 4130 κατά

238 4148 334 4202 τὸν
364 4150 568 4222 ὄρθρον
591 4153 646 4208 δὲ
677 4155 911 4226 ἐμελέτα
939 4158 1032 4213 τὸν
1069 4161 1254 4230 νόμον.

315 4448 433 4517 Τῆς
459 4449 670 4518 φωνῆς
691 4468 814 4520 μου
831 4453 1124 4519 ἄκουσον,
1154 4457 1349 4525 Κύριε,
1378 4458 1529 4512 κατὰ
1561 4460 1626 4513 τὸ
1648 4460 1822 4528 ἔλεός

236 4553 382 4593 σου.
421 4539 514 4592 Ἐν
540 4540 629 4610 ⁷τῷ
660 4541 801 4596 ἐλέει
824 4560 943 4610 σου,
973 4544 1049 4610 ὡς
1074 4546 1349 4616 ἐλεήμων.

309 4719 479 4776 Κατά
506 4720 575 4774 τὸ
618 4720 799 4793 τιρῖμὰ
830 4739 947 4779 σου
981 4723 1170 4794 ζῆσόν
1205 4744 1303 4796 με.
1349 4730 1507 4783 Κατά
1531 4731 1623 4783 τὸν
1654 4735 1818 4802 νόμον

238 4829 337 4868 σου
370 4812 474 4885 ζῇν
503 4815 751 4886 ποίησον,
783 4818 1025 4889 ἐννόμως
1061 4819 1231 4890 βιοῦν.

308 4907 521 4974 Προσή
531 4925 744 4977 γτισαν
763 4913 821 4965 οἱ
849 4911 1314 4982 καταδιώκοντές
1333 4932 1410 4984 με
1437 4917 1674 4986 ἀνομίᾳ,
1694 4918 1815 4972 ἀπὸ

235 4995 309 5051 δὲ
349 4995 462 5049 τοῦ
489 4999 681 5067 νόμου
711 5015 830 5055 σου
858 5001 1342 5071 ἐμακρύνθησαν.
1382 5006 1544 5059 Ὅσον
1595 5007 1702 5080 γὰρ
1746 5011 1813 5080 τῇ

239 5083 450 5154 ἀνομίᾳ
496 5085 802 5154 ἐγγίζουσι,
851 5088 1106 5144 τοσοῦτον
1169 5092 1540 5162 μακρύνουσιν
1578 5087 1686 5147 ἀπὸ
1718 5096 1813 5148 τοῦ

240 5178 436 5246 νόμου.
474 5175 612 5230 Τινά
642 5177 699 5230 δέ
750 5179 860 5233 τῶν
899 5181 1250 5254 ἀντιγράφων
1307 5185 1539 5255 ἀνομίαν
1572 5186 1817 5256 γράφου-

238 5285 352 5332 σιν,
402 5269 481 5335 ὡς
540 5272 782 5327 νοεῖσθαι
821 5274 905 5328 ὅτι
952 5276 1380 5347 Προσεπέ).ασάν
1410 5297 1501 5352 μοι
1534 5282 1768 5352 ἀνομίαν
1800 5302 1815 5317 σ

235 5362 410 5431 ἐγγύς
453 5381 559 5435 μου
597 5365 806 5436 ἤγαγον
831 5368 930 5441 τὴν
954 5369 1186 5440 ἀνομίαν
1223 5372 1425 5440 αὐτῶν,
1471 5375 1605 5445 παρ’
1637 5375 1818 5443 ὀλίγον

234 5453 550 5525 ἐθήρευσάν
585 5473 674 5527 με,
706 5459 814 5512 ἀπὸ
838 5461 893 5514 δὲ
924 5462 1019 5516 τοῦ
1051 5464 1214 5534 νόμου
1252 5482 1343 5520 σου
1378 5467 1822 5542 ὲμακρὺνθησαν,

234 5546 468 5601 τοιαῦτα
499 5550 923 5620 σκαιωροῢντες.

318 5816 367 5851 ⁸⁹
399 5817 548 5875 Psal.
574 5835 660 5887 xc,
684 5822 767 5877 15.

1999 2228 2158 2285 Vens.
2193 2230 2315 2284 115.
2352 2229 2595 2285 Clamavi
2622 2233 2676 2285 in
2711 2239 2814 2286 toto
2841 2232 2996 2287 corde
3023 2249 3153 2294 meo,
3179 2233 3372 2288 estaudi
3397 2249 3495 2297 me,

1928 2321 2166 2384 Domine,
2196 2321 2614 2392 jttstiﬁcationes
2652 2332 2770 2379 tuas
2809 2325 3103 2389 exquiram.
3137 2324 3277 2377 Dum
3315 2324 3491 2378 tribu-

1924 2414 2090 2479 larer,
2126 2412 2325 2483 inquit,
2361 2412 2591 2467 clamavi
2624 2413 2690 2467 ad
2727 2421 2810 2479 te;
2861 2429 2962 2470 nec
3014 2414 3359 2484 simpliciter,
3401 2414 3495 2469 sed

1922 2508 1976 2559 in
2012 2513 2125 2563 toto
2153 2504 2317 2561 corde
2348 2517 2492 2567 meo,
2524 2505 2646 2560 ideo
2680 2505 2876 2560 exaudi
2924 2520 3011 2561 me
3035 2549 3051 2574 ,
3088 2521 3212 2563 nam
3244 2507 3289 2563 si
3328 2522 3496 2563 exau-

1924 2595 2153 2659 diveris,
2178 2594 2605 2663 iustiﬁcationes
2633 2605 2758 2651 tuas
2788 2597 3123 2666 perquiram.

1997 2686 2162 2743 Vens.
2197 2685 2321 2740 146.
2355 2684 2599 2741 Clamaui
2621 2686 2692 2740 ad
2725 2699 2792 2748 te.
2820 2687 3029 2744 salvum
3063 2705 3144 2744 me
3176 2689 3284 2760 fac,
3323 2699 3372 2744 et
3403 2705 3495 2743 ιἰιο

1924 2777 2152 2831 stodiam
2182 2774 2438 2829 mandata
2467 2782 2584 2830 tua.
2612 2774 2870 2831 Eamdcm
2902 2779 3100 2848 repetit
3126 2778 3457 2834 sententiam
3475 2818 3494 2842 ,

1927 2880 2119 2934 preces
2169 2880 2304 2922 suas
2352 2865 2529 2936 magis
2586 2866 2875 2923 intendens
2900 2909 2917 2936 ,
2972 2877 3028 2924 et
3075 2867 3495 2938 promissionem

1926 2955 2244 3013 conﬁrmari
2275 2957 2526 3026 cupiens.
2561 2955 2787 3014 Salvum
2815 2966 3000 3015 autem
3021 2957 3111 3015 fac
3140 2974 3248 3027 me,
3281 2959 3498 3029 pericli-

1848 3044 1894 3101 (Ξ
1928 3055 2134 3102 tantem
2175 3047 2408 3103 scilicet.

2001 3140 2169 3197 Vlns.
2203 3140 2326 3196 H7.
2358 3139 2597 3196 Prieneni
2632 3150 2755 3194 ante
2777 3150 3000 3210 tempus,
3025 3152 3077 3196 et
3100 3142 3348 3203 clamavi.
3371 3143 3496 3213 quia

1926 3233 1980 3286 in
2019 3230 2177 3285 uerba
2207 3239 2300 3284 tua
2330 3231 2712 3299 supersperaoi.
2742 3230 3012 3298 Praeveni,
3043 3232 3247 3301 inquit,
3280 3233 3498 3289 dilucu-

1927 3321 2076 3389 tum,
2111 3323 2165 3377 in
2196 3322 2313 3393 ipsa
2341 3322 2506 3377 etiam
2538 3322 2870 3394 intempesta
2906 3332 3089 3390 nocte,
3122 3340 3248 3379 cum
3278 3333 3493 3393 tempus

1924 3415 2103 3470 adhuc
2128 3428 2239 3468 non
2268 3425 2415 3469 esset
2441 3429 2549 3484 quo
2577 3429 2875 3486 exsurgere
2902 3417 3157 3472 homines
3189 3417 3367 3472 solent
3395 3433 3410 3469 :
3437 3426 3494 3471 et

1925 3506 2156 3562 clamavi
2190 3505 2256 3560 ad
2289 3514 2357 3560 te.
2390 3505 2670 3562 conlidens
2716 3507 2770 3559 in
2822 3507 3003 3562 verbis
3053 3506 3182 3572 tuis,
3231 3521 3353 3577 quae
3397 3522 3497 3577 per

1925 3614 1981 3654 sa
1991 3606 2177 3653 nctum
2203 3598 2331 3653 milii
2349 3596 2612 3668 Spiritum
2637 3596 3021 3656 manifestasti.
3038 3599 3304 3655 Clamabit
3325 3599 3492 3664 enim,

1925 3691 2125 3761 inquit,
2156 3690 2227 3744 ad
2262 3706 2364 3751 me.
2392 3698 2443 3745 et
2480 3706 2574 3761 ego
2612 3689 2898 3746 exaudiam
2931 3707 3050 3745 eum
3085 3692 3153 3747 ³⁷.

1950 3757 2163 3840 «iens.
2196 3782 2320 3839 M8.
2373 3757 2749 3839 Prwoenerunt
2793 3785 2933 3840 oculi
2978 3786 3080 3840 nisi
3123 3784 3386 3851 diluculo,
3438 3798 3495 3842 ut

1926 3876 2209 3930 meditarer
2244 3875 2457 3945 eloquia
2496 3883 2610 3930 tua.
2658 3874 2837 3944 Ipsum
2879 3876 3042 3931 etiam
3090 3877 3234 3932 diem
3284 3892 3491 3948 przcoc-

1923 3977 2267 4041 cupaverunt
2292 3968 2439 4023 oculi
2468 3968 2595 4034 mei,
2631 3968 2857 4024 diluculi
2904 3969 3161 4024 nimirum
3214 3978 3492 4041 tempore;

1924 4038 2092 4130 atque
2128 4038 2228 4116 lioc
2260 4070 2319 4114 ut
2345 4059 2516 4130 legem
2563 4066 2714 4114 tuam
2741 4060 3059 4115 meditarer.
3087 4059 3292 4117 Orabat
3317 4038 3495 4117 autem

1926 4152 2117 4207 beatus
2145 4151 2314 4207 David
2342 4161 2468 4206 ante
2499 4160 2735 4221 tempus,
2767 4154 2869 4207 hoc
2890 4162 2994 4215 est.
3017 4164 3144 4209 ante
3171 4154 3492 4209 diluculum.

1857 4240 1862 4246 ’
1927 4243 1981 4296 In
2005 4243 2125 4311 ipso
2151 4258 2278 4297 vero
2313 4242 2555 4297 diluculo
2595 4242 3044 4300 meditationibus
3069 4257 3229 4317 atque
3259 4257 3497 4302 contem-

1849 4375 1899 4433 υ
1927 4334 2258 4405 plationibus
2292 4338 2540 4399 vacabat,

1995 4427 2160 4483 Vens.
2189 4429 2315 4484 H9.
2351 4427 2539 4482 Vocem
2574 4444 2742 4482 meam
2772 4429 2921 4493 audi,
2949 4429 3185 4493 Domine,
3209 4431 3496 4485 secundum

1920 4518 2347 4572 misericordiam
2392 4527 2558 4573 tuam.
2590 4518 2650 4574 ln
2688 4528 2781 4574 tua
2821 4519 3029 4575 scilicet
3073 4520 3449 4577 misericordia
3478 4564 3491 4585 ,

1921 4625 1983 4664 ac
2021 4620 2279 4679 tanquam
2316 4610 2658 4666 misericors.

1988 4699 2290 4757 Secundum
2317 4702 2582 4772 judicium
2613 4713 2760 4757 tuum
2794 4703 3001 4769 vivi/ica
3040 4720 3142 4759 me.
3181 4703 3494 4761 Secundum

1918 4793 2089 4863 legem
2126 4804 2270 4847 tuam
2307 4793 2415 4861 fac,
2451 4803 2511 4848 ut
2537 4795 2734 4859 vivam,
2764 4805 2928 4868 atque
2950 4805 3008 4851 ut
3032 4797 3270 4867 legitime
3298 4798 3495 4854 vivam.

1992 4884 2161 4938 Vens.
2195 4883 2318 4939 150.
2369 4886 2938 4957 Appropinquaverunt
2990 4901 3350 4958 persequentes
3418 4906 3497 4944 me

1922 4978 2213 5047 iniquitati,
2239 4996 2270 5031 a
2307 4978 2415 5049 lege
2447 4987 2623 5033 autem
2655 4990 2748 5035 tua
2774 4980 2924 5051 longe
2948 4982 3080 5049 [acti
3100 4992 3241 5034 sunt.
3277 4980 3495 5046 Quanto

1925 5066 2005 5120 illi
2042 5067 2220 5140 magis
2254 5068 2533 5139 iniquitati
2566 5071 3041 5140 appropinquant,
3080 5079 3231 5123 tanto
3261 5070 3494 5140 magisa

1923 5158 2040 5229 lege
2081 5167 2174 5213 tua
2207 5174 2268 5216 se
2300 5160 2581 5229 elongant.
2613 5162 2669 5215 ln
2699 5163 3024 5232 qttibusdam
3055 5174 3185 5215 vero
3213 5163 3494 5231 exempla-

1922 5252 2080 5307 ribus
2110 5253 2452 5323 iniquitatem
2489 5254 2542 5308 In
2572 5262 2773 5323 quarto
2802 5269 2933 5309 casu
2969 5253 3236 5323 scriptum
3281 5260 3387 5313 est.
3438 5264 3495 5306 ut

1922 5341 1996 5396 sit
2026 5357 2240 5408 sensus,
2299 5342 2444 5414 quod
2474 5343 2876 5412 Persequentes
2901 5357 2987 5397 me
3014 5340 3491 5411 appropinquare-

1921 5441 2051 5490 runt
2088 5435 2413 5504 iniquitatem
2462 5432 2617 5494 mihi,
2658 5434 2761 5488 hoc
2790 5443 2896 5502 est,
2943 5432 3284 5503 iniquitatem
3334 5447 3490 5488 suam

1923 5541 2091 5596 prope
2134 5539 2222 5581 me
2264 5524 2647 5590 adduxerunt,
2685 5541 2751 5581 ac
2782 5541 2922 5596 pene
2954 5523 3492 5593 comprehenderunt

1929 5633 2035 5670 me.
2070 5613 2394 5683 llujusmodi
2428 5630 2556 5671 vero
2581 5615 2834 5674 homines
2867 5628 2974 5674 tam
3003 5630 3168 5688 prava
3204 5623 3505 5687 operanlcs

1929 5709 2087 5778 longe
2128 5707 2257 5763 iacti
2292 5720 2419 5765 sunt
2450 5725 2476 5764 a
2507 5709 2625 5780 lege
2655 5718 2769 5767 tua.
