3964 6560
523 307 659 372 11ἷ5

499 519 669 585 PrOpe
708 531 784 572 est
833 518 1089 573 Dominus
1133 519 1376 572 omnibus
1423 519 1785 572 invocantibus
1841 535 1956 572 eum
2003 519 2070 568 ³⁸.

498 609 630 662 ltcni
673 608 799 663 alibi
837 609 1099 677 scriptum
1144 616 1229 663 est
1268 626 1280 662 :
1329 608 1465 662 Deus
1515 609 1941 677 appropinquans
1981 625 2073 677 ego

498 717 636 761 sum,
678 709 726 754 et
772 717 874 753 non
929 699 1064 754 Deus
1109 717 1139 754 α
1193 701 1343 771 longe
1376 701 1441 763 ’9,
1481 701 1634 770 juxta
1675 700 1803 753 illud
1836 716 1846 751 :
1887 699 2074 751 Nonne

505 793 690 846 malum
727 802 776 845 et
824 803 1020 845 terram
1052 808 1145 862 ego
1182 792 1412 860 impleo?
1464 793 1592 845 dicit
1631 791 1882 844 Dominus
1908 791 1976 843 “.
2010 789 2076 844 Et

499 901 688 940 rursus
721 903 734 938 :
771 885 950 938 Adhuc
983 885 1225 955 loquente
1273 897 1319 939 te
1368 885 1566 952 dicam,
1599 885 1730 939 Ecce
1782 887 1971 939 adsum
2003 884 2069 938 η.

496 977 912 1048 Appropinquat
945 979 1109 1050 igitur
1136 979 1280 1036 Deus
1310 981 1375 1036 iis
1411 981 1531 1049 qui,
1565 996 1660 1050 per
1690 980 1992 1049 profectum
2021 986 2075 1032 et

498 1091 812 1142 ascensum,
860 1077 908 1130 ei
967 1078 1171 1146 pariter
1213 1075 1679 1146 appropinquant.
1751 1073 2074 1127 Peccatores

499 1180 630 1218 vero
664 1165 988 1234 elongantur
1016 1182 1044 1218 a
1091 1165 1222 1231 Deo,
1256 1166 1325 1222 de
1365 1166 1446 1220 cis
1477 1167 1621 1219 enim
1657 1163 1921 1233 scriptum
1953 1169 2070 1214 est:

502 1254 634 1310 Ecce
665 1260 753 1326 qui
787 1274 840 1312 sc
870 1258 1223 1329 elongavermt
1256 1277 1286 1310 α
1319 1269 1384 1322 te,
1421 1257 1664 1326 peribunt
1699 1256 1764 1309 “.

571 1437 636 1490 Et
661 1454 838 1492 omnes
875 1440 972 1492 vice
1012 1448 1115 1492 tua:
1154 1442 1370 1493 veritas.
1405 1437 1522 1492 Tus
1563 1436 1743 1491 omnia
1789 1448 1916 1489 vera
1948 1439 2076 1488 sunt

497 1539 551 1583 ct
593 1531 765 1584 ﬁrma.
799 1529 891 1585 Vel
923 1546 1114 1586 omnes
1141 1531 1503 1602 providentia:
1527 1539 1636 1584 tua:
1659 1529 1927 1592 rationes,
1955 1527 2077 1595 qui-

500 1623 603 1677 bus
636 1617 898 1676 mundum
935 1625 1232 1692 gubernas,
1271 1639 1413 1676 verae
1445 1632 1614 1685 sunt,
1653 1629 1912 1687 tanquam
1950 1631 2076 1688 pro-

498 1715 738 1770 videntia
765 1725 856 1770 tua
885 1730 1011 1772 vera
1041 1718 1112 1771 sit
1142 1715 1508 1785 providentia.
1534 1714 1634 1770 Vel
1659 1713 1842 1769 omnia
1868 1711 2074 1782 judicia

503 1817 594 1860 tua
635 1823 761 1861 vera
785 1818 950 1872 .sunt,
981 1817 1242 1878 tanquam
1274 1819 1385 1862 tuta
1421 1820 1474 1863 et
1506 1816 1676 1862 recta.

571 1896 736 1953 Vens.
765 1899 887 1953 152.
914 1898 1078 1953 Initio
1107 1901 1322 1968 cognovi
1354 1915 1417 1953 ea:
1442 1897 1911 1959 testimoniis‘tuis,
1935 1899 2072 1960 quod

494 1992 554 2045 in
585 1990 837 2045 uetulum
864 1991 1104 2060 fundasti
1135 2008 1217 2046 ea.
1252 1993 1292 2045 Α
1338 1990 1628 2061 principio,
1658 1989 1860 2057 inquit,
1897 2003 1962 2041 ex
1990 1987 2076 2040 liis

499 2082 753 2152 cognovi,
783 2082 928 2152 quod
961 2093 1165 2136 aeterna
1201 2083 1288 2136 illa
1320 2098 1444 2137 esse
1471 2081 1748 2137 stabilisti.
1787 2078 1920 2132 Nam
1949 2092 2073 2130 cum

501 2188 565 2226 ea
601 2172 902 2244 intelligere
931 2173 1251 2243 inciperem,
1286 2173 1542 2242 cognovi,
1574 2176 1718 2241 quod
1750 2169 1927 2226 iecisti
1971 2169 2074 2221 im-

501 2265 719 2320 mobilia
763 2281 827 2321 ea
872 2281 1017 2334 esse,
1069 2276 1234 2337 atque
1286 2265 1788 2330 incommutabilis,
1838 2273 1893 2316 et
1927 2262 2073 2331 quod

497 2357 682 2412 nullus
711 2373 772 2412 ea
801 2358 1109 2414 aboliturus
1133 2369 1298 2424 esset;
1325 2359 1471 2428 quod
1497 2359 1544 2412 si
1578 2358 1734 2426 plura
1767 2372 1832 2411 ex
1861 2355 1950 2409 liis
1981 2369 2075 2423 per

503 2450 856 2520 Evangelium
889 2452 1094 2507 aboleri
1135 2453 1408 2516 videntur,
1453 2467 1646 2508 revera
1701 2461 1878 2504 tamen
1917 2447 2072 2517 juxta

500 2543 814 2599 interiorem
844 2553 1010 2615 atque
1058 2546 1403 2600 reconditum
1439 2560 1662 2600 sensum
1695 2559 1806 2597 non
1849 2541 2075 2595 abolen-

501 2644 612 2698 tur,
669 2635 763 2688 sed
789 2633 945 2702 juxta
993 2634 1322 2690 exteriorem
1372 2634 1661 2704 quamdam
1699 2631 2074 2702 apparentiam

500 2735 554 2779 et
583 2726 758 2796 ipsius
782 2725 974 2782 littera:
1007 2728 1277 2794 umbram,
1307 2736 1365 2780 ut
1389 2728 1500 2796 jam
1533 2725 1871 2780 declaratum
1903 2731 2011 2777 est.

571 2840 741 2895 Vens.
777 2842 902 2896 155.
944 2840 1074 2896 Vide
1103 2843 1459 2895 humilitatem
1493 2857 1664 2896 meam
1697 2849 1746 2894 et
1772 2839 1914 2906 eripe
1957 2855 2073 2903 me,

501 2933 627 3001 quia
656 2933 817 3002 legem
844 2944 991 2986 tuam
1019 2950 1124 2986 non
1148 2949 1265 2987 sum
1293 2933 1510 2989 oblitus.
1537 2934 1691 2996 Vide,
1718 2934 1916 3004 inquit,
1944 2933 2078 2986 aﬂli-

502 3023 737 3076 etioncm
769 3038 967 3086 uncam,
996 3031 1050 3076 et
1079 3039 1145 3076 ex
1173 3023 1487 3092 hujusmodi
1516 3039 1600 3077 me
1623 3025 1778 3092 eripe
1795 3021 2077 3078 calamita-

1755 312 2139 373 EUTHYMII
2182 311 2547 372 ZlGAliENl

565 425 730 480 νεεδ.
769 425 887 478 liii.
928 423 1094 493 Prope
1123 442 1173 478 es
1209 426 1541 490 tu,Domiue.
1577 426 1719 479 Alibi
1755 425 1918 479 etiam
1951 425 2025 477 ait
2055 440 2067 474 τ
2105 427 2147 480 Α

2260 424 2473 492 Ἐγγυς
2506 421 2561 478 εἷ
2583 423 2686 489 σὺ,
2719 425 2915 492 Κύριε.
2951 425 3060 478 Καὶ
3095 424 3328 495 ἀλλαχοῦ
3364 443 3528 495 φησιν
3558 443 3570 458 ’
3621 427 3730 492 ἶιῖγο

2179 517 2286 584 ς-νὺς
2340 519 2551 585 Κύριος
2597 516 2748 571 πᾶσι
2797 517 2919 582 τοῖς
2972 517 3474 584 ἐπικαλουμένοις
3529 520 3727 572 αὐτόν*

2179 610 2271 660 καὶ
2317 609 2373 660 ἐν
2405 609 2577 679 ἑτέρῳ
2615 609 2923 680 γέγραπται
2954 626 2966 640 ·
3018 609 3163 674 Θεὸς
3195 607 3436 678 ἑγγίζων
3465 609 3575 678 ἐγώ
3611 611 3729 678 ειμι,

2178 700 2274 753 καὶ
2309 703 2380 756 οὐ
2407 702 2552 766 Θεὸς
2578 701 2908 770 πόρρωθεν,
2931 701 3069 754 κατὰ
3097 700 3178 767 τὸ,
3206 701 3350 768 Οὐχὶ
3373 701 3732 769 τὸνούρανόν

2177 791 2276 843 καὶ
2327 791 2442 860 τὴν
2493 793 2614 862 γῆν
2666 791 2880 861 πληρὼ
2926 794 3184 862 Κύριοςς
3234 794 3326 846 καὶ
3362 793 3564 846 πάλινο
3619 796 3731 848 Ἐτι

2177 883 2517 949 λαλοῦντός
2551 902 2672 939 σου
2704 884 2839 952 ἐρῶ,
2875 885 3030 939 Ἰδοὺ
3072 883 3333 954 πάρειμι.
3377 887 3611 954 Ἐγγῐζει
3646 888 3730 956 μὲν

2177 973 2318 1030 οὗνὸ
2352 977 2504 1042 Θεὸς,
2542 977 2676 1031 ἀλλὰ
2710 981 2823 1042 τοῖς
2874 979 3223 1047 ἐγγίζουσινο
3275 981 3323 1032 οἱ
3375 979 3476 1047 μὲν
3523 981 3624 1050 γὰρ
3664 981 3731 1032 δίο

2177 1086 2324 1121 καιοι
2394 1069 2702 1138 ἐγγίζουσιν
2748 1071 2924 1140 αὐτῷ
2965 1070 3054 1125 διὰ
3087 1071 3373 1141 προκοπῆς
3423 1072 3512 1124 καὶ
3543 1072 3728 1125 ἀναϐά-

2180 1175 2356 1224 σεωςο
2397 1161 2447 1212 οἱ
2493 1161 2551 1215 δὲ
2599 1161 2914 1232 ἁμαρτωλοὶ
2978 1161 3353 1232 μακρύνουσιν
3397 1162 3494 1215 ἀπ’
3545 1163 3728 1217 αὑτοῦ·

2182 1254 2312 1321 περὶ
2346 1245 2420 1305 ὧν
2451 1253 2667 1322 εἴρηται
2703 1268 2718 1280 ⁸
2773 1253 2927 1308 Ἰδοὺ
2955 1255 3011 1306 οἱ
3045 1254 3459 1323 μακρύνοντες
3501 1253 3730 1320 ἑαυτοὺς

2179 1343 2298 1396 ἀπὸ
2326 1344 2443 1398 σοῦ
2477 1345 2872 1399 ἀπολοῦνται.
3399 1338 3402 1341 ’

2251 1436 2360 1488 Καὶ
2392 1434 2585 1492 πᾶσαι
2618 1440 2678 1490 αὶ
2710 1435 2840 1490 ὁδοί
2872 1454 2989 1490 σου
3027 1439 3303 1506 ἀλήθεια.
3355 1437 3540 1490 Πάντα
3579 1438 3640 1490 τὰ
3673 1439 3729 1490 sit

2179 1526 2408 1598 ἀληθινὰ
2426 1528 2518 1581 καὶ
2549 1528 2763 1598 βέϐαια,
2791 1530 2823 1600 ἦ
2854 1533 3028 1584 πᾶσαι
3061 1531 3116 1582 αἱ
3153 1531 3406 1602 πρόνοιαί
3429 1547 3518 1582 σου
3541 1531 3652 1582 καθ’
3673 1531 3729 1592 5.;

2181 1623 2405 1685 διοικεῖς
2438 1623 2530 1674 τὸν
2575 1623 2799 1692 κόσμον,
2839 1623 3080 1695 ἀληθεῖς,
3128 1624 3406 1687 ὡς’δντως
3457 1625 3683 1694 πρόνοιαι
3715 1642 3729 1656 ’

2179 1715 2212 1783 ἢ
2257 1715 2428 1767 πᾶσαι
2473 1717 2527 1767 αἱ
2559 1717 2772 1784 κρίσεις
2824 1734 2918 1769 σου
2963 1715 3202 1788 ἀληθεῖς.
3235 1717 3312 1780 ὡς
3354 1716 3607 1786 ἀσφαλεῖς
3647 1717 3729 1772 καὶ

2180 1806 2356 1875 ὀρθαί.

2251 1902 2389 1954 Κατ’
2427 1901 2617 1970 ἀρχὰς
2654 1902 2846 1971 ἔγνων
2870 1903 2939 1955 ἐκ
2983 1899 3100 1956 τῶν
3115 1902 3462 1971 μαρτυρίων
3500 1920 3625 1961 σου.
3653 1901 3728 1954 ἔτι

2178 1996 2264 2058 εις
2289 1991 2394 2045 τὸν
2423 1991 2608 2044 αἰῶνα
2653 1993 3055 2060 ἐθεμελίωσας
3086 1991 3258 2044 αὑτά.
3319 1993 3408 2042 Ἐν
3452 1990 3727 2058 προοιμίοις

2180 2086 2352 2154 ἔγνων
2385 2086 2450 2138 ἐκ
2484 2087 2591 2138 τῶν
2638 2085 2956 2156 μαρτυρίων
3000 2101 3114 2148 σου,
3149 2085 3231 2137 ὅτι
3279 2082 3471 2136 αἰώνια
3516 2083 3726 2153 ἥδρασες

2182 2177 2342 2232 αὐτὰ.
2391 2177 2723 2246 Ἀρξὰμενος
2753 2180 2996 2232 συνιέναι
3043 2177 3250 2240 ταῦτα,
3288 2177 3462 2245 ἔγνων
3505 2177 3581 2228 ὅτι
3618 2175 3724 2226 ﬁcio

2181 2271 2347 2324 λευτα
2371 2274 2682 2339 πεποίηκας
2715 2270 2874 2334 αὐτὰ,
2923 2271 3018 2323 καὶ
3053 2270 3228 2332 οὐδεὶς
3255 2269 3398 2321 αὐτὰ
3438 2265 3722 2319 καταλύσει.

2179 2363 2241 2416 ΕΞ
2263 2363 2372 2433 γὰρ
2397 2363 2492 2416 καὶ
2519 2363 2740 2416 δοκοῦσι
2775 2363 2841 2416 τὰ
2871 2363 3042 2415 πλείω
3076 2362 3450 2431 καταλυθῆναι
3480 2359 3617 2430 παρὰ
3641 2358 3723 2411 τοῦ

2182 2457 2541 2525 Εὗαγγελέου,
2578 2455 2694 2510 ἀλλ’
2725 2457 2784 2510 οὐ
2817 2458 2957 2511 κατὰ
2988 2456 3079 2509 τὸν
3127 2453 3568 2526 ἐγκεκρυμμένον
3595 2449 3720 2512 νοῦν,

2185 2549 2324 2604 ἀλλὰ
2359 2549 2502 2602 κατὰ
2547 2547 2606 2602 τὸ
2641 2549 2969 2619 φαινόμενον
2998 2549 3092 2602 καὶ
3125 2548 3375 2612 σκιῶδες,
3411 2546 3483 2609 ὼς
3516 2541 3726 2615 προδιεί-

2179 2641 2406 2707 ληπται.

2255 2843 2366 2896 Ἴδε
2391 2843 2506 2909 τὴν
2525 2841 2887 2895 ταπείνωσίν
2903 2859 3046 2908 μου,
3063 2840 3159 2893 καὶ
3176 2837 3390 2904 ἐξελοῦ
3409 2854 3502 2905 με,
3531 2836 3607 2888 ὅτι
3630 2832 3723 2887 τοῦ

2181 2936 2372 3004 νόμου
2423 2953 2540 2989 σου
2593 2937 2706 2989 οὐκ
2745 2935 3150 3003 ἐπελαθόμην.
3213 2934 3319 2986 Ἴδε
3373 2930 3466 3001 τὴν
3509 2925 3725 2981 ueneriti-

2183 3028 2336 3081 θειάν
2364 3045 2488 3097 μου,
2532 3027 2625 3082 καὶ
2654 3025 2838 3092 ἐξελοῦ
2870 3044 2938 3095 με
2973 3026 3081 3078 τῶν
3123 3022 3470 3092 πειρασμῶν,
3510 3021 3606 3084 ὅτι,
3644 3016 3723 3069 διὰ

502 3117 651 3170 tibus
687 3133 700 3168 :
735 3117 887 3184 quia,
921 3115 1048 3170 licet
1104 3125 1327 3184 propter
1377 3116 1547 3185 legem
1593 3125 1741 3169 tuam
1783 3114 2072 3185 aﬂligerer,

2182 3119 2272 3172 τὸν
2298 3119 2462 3188 νόμον
2509 3137 2604 3172 σου
2658 3118 3007 3185 κακοπαθῶν,
3049 3118 3148 3170 οὐκ
3183 3115 3523 3182 ἐπελαθόμην
3558 3107 3722 3169 αὑτοῦ,

503 3209 623 3277 ejus
653 3218 832 3262 tamen
869 3207 1073 3264 oblitus
1103 3223 1212 3262 non
1244 3223 1387 3271 sum,
1421 3224 1521 3263 nec
1548 3208 1788 3263 sustinui
1821 3209 2071 3277 iniquum

501 3298 709 3368 aliquid
743 3312 906 3367 agere
945 3306 1041 3350 aut
1089 3297 1276 3352 odisse
1324 3297 1673 3353 insidiatores
1728 3313 1902 3354 meos.
1937 3299 2031 3354 Vel
2057 3340 2072 3360 ,

503 3389 633 3443 Vide
666 3388 990 3443 humilitatis
1016 3405 1148 3444 meae
1174 3390 1456 3453 virtutem,
1493 3401 1551 3446 et
1597 3390 1753 3460 eripe
1802 3404 1911 3454 me,
1943 3390 2076 3458 quia

499 3479 635 3550 legis
678 3491 784 3536 tua:
826 3480 1034 3536 oblitus
1079 3497 1188 3538 non
1229 3497 1349 3536 sum
1373 3525 1386 3542 .
1421 3482 1590 3546 illius,
1627 3483 1850 3552 inquam
1874 3523 1888 3546 ,
1920 3481 2075 3550 legis.

501 3587 622 3641 qua:
657 3572 1014 3626 humilitatem
1050 3573 1207 3642 jubet
1244 3590 1366 3630 esse
1396 3574 1740 3630 sectandam.

572 3685 740 3740 Vens.
767 3688 888 3742 154.
921 3688 1118 3742 Iudico
1147 3689 1408 3757 judicium
1441 3706 1634 3750 meum,
1661 3700 1711 3742 et
1751 3691 1948 3744 redime
1975 3707 2074 3774 ηρ.

500 3778 773 3833 Judicium
808 3796 988 3833 tneum
1048 3781 1196 3838 dico.
1227 3781 1371 3850 quod
1414 3796 1540 3834 cum
1577 3781 1644 3834 iis
1680 3782 1808 3834 milii
1843 3793 1947 3846 est,
1979 3782 2073 3850 qui

506 3887 590 3924 me
619 3883 959 3940 oppugnant.

572 3982 795 4052 Propter
831 3985 1040 4037 verbum
1087 3995 1234 4035 tuum
1261 3983 1464 4050 vivi/ica
1501 4000 1598 4037 me.
1643 3982 1873 4053 PrOpter
1906 3985 2072 4051 legem

507 4085 677 4136 tuam,
712 4085 934 4143 propter
963 4089 1126 4143 quam
1165 4075 1220 4126 iu
1253 4075 1446 4128 mortis
1475 4074 1718 4144 periculo
1744 4077 2076 4131 constitutus

507 4166 886 4228 sum,vivilica
922 4184 1003 4220 uie
1035 4182 1063 4219 a
1092 4167 1414 4222 saevissimis
1446 4167 1697 4222 hostibus
1729 4183 2073 4237 oppressum.

576 4284 743 4342 Vens.
786 4287 906 4341 155.
932 4285 1102 4356 Longe
1126 4302 1156 4338 a
1180 4285 1545 4356 peccatoribus
1583 4285 1751 4349 salus,
1776 4285 2079 4356 quiujusti-

503 4380 774 4448 ﬁcationes
806 4390 923 4435 tuas
970 4397 1071 4434 nou
1115 4381 1524 4450 exquisiverunt.
1570 4378 1756 4448 Longe
1797 4386 1883 4432 est
1927 4379 2078 4431 salus

2183 3209 2292 3263 οὐδ’
2328 3209 2639 3279 ἠνεσχόμην
2667 3209 3077 3278 παρανομῆσαι,
3105 3206 3224 3260 οὐδὲ
3257 3202 3590 3276 μιμήσασθαι
3613 3197 3723 3261 τοὺς

2183 3303 2657 3366 ἐπιϐουλεύοντας.
2713 3305 2806 3367 Ἣ,
2840 3302 2945 3356 Ἴδε
2985 3302 3083 3371 τὴν
3133 3302 3388 3370 ἐνάρετον
3432 3291 3722 3350 ταπείνωσίν

2183 3411 2308 3464 μου,
2345 3395 2440 3447 καὶ
2466 3392 2655 3460 ἐξελοῦ
2690 3411 2778 3464 με,
2805 3393 2886 3445 ὅτι
2911 3390 3007 3444 τοῦ
3038 3391 3202 3458 νόμου
3237 3406 3333 3442 σου
3374 3389 3471 3442 οὐκ
3495 3384 3723 3440 ἐπελαθὸ·

2186 3505 2313 3558 μην,
2339 3487 2432 3540 τοῦ
2473 3484 2788 3547 κελεύοντος
2820 3483 3296 3550 ταπεινοφρονεῖν.

2256 3693 2474 3761 Κρῖνον
2502 3692 2617 3757 τὴν
2660 3691 2860 3757 κρίσιν
2881 3706 3023 3755 μου,
3054 3686 3149 3740 καὶ
3192 3683 3498 3751 λύτρα)σαί
3517 3698 3603 3751 με.
3627 3679 3720 3748 Τὴν

2183 3787 2368 3853 κρίσιν
2401 3801 2500 3852 μου
2536 3782 2672 3851 μετὰ
2705 3780 2814 3832 τῶν
2846 3778 3228 3848 πολεμούντων
3262 3792 3374 3844 μοι.

2253 3985 2354 4038 Διὰ
2375 3985 2478 4036 τὸν
2505 3983 2694 4049 ,λόγον
2719 3996 2838 4034 σου
2866 3979 3054 4047 ζῆσόν
3071 3995 3167 4046 με.
3201 3976 3299 4027 Διά
3330 3976 3421 4028 τὸν
3466 3975 3611 4042 νόμον
3643 3987 3719 4022 σου

2185 4077 2521 4145 ζωοποίησόν
2558 4091 2648 4143 με,
2684 4073 2752 4126 δι’
2775 4074 2836 4126 ὃν
2863 4070 3159 4124 ἀποθανεῖν
3185 4068 3497 4131 κινδυνεύω,
3525 4066 3612 4136 ἥδη
3640 4080 3724 4115 κα.-

2186 4167 2592 4236 ταπονούμενος
2623 4164 2728 4217 ὑπὸ
2756 4164 2864 4216 τῶν
2892 4161 3123 4231 ἐχθρῶν.

2258 4280 2505 4348 Μακρὰν
2555 4278 2675 4332 ἀπὸ
2709 4275 3073 4345 ἁμαρτωλῶν
3115 4277 3400 4340 σωτηρία,
3442 4274 3525 4326 ὅτι
3556 4271 3616 4325 τὰ
3657 4269 3724 4320 ει-

2187 4371 2490 4442 καιώματά
2518 4387 2634 4425 σου
2676 4373 2785 4424 οὐκ
2827 4369 3214 4435 ἐξεζήτησαν.
3246 4367 3480 4436 Μακρὰν
3512 4366 3608 4419 ἀπὶ
3635 4361 3722 4414 τῶν

505 4475 574 4527 ab
605 4475 826 4543 iniquis.
859 4473 918 4528 ln
953 4471 1194 4543 periculo
1212 4472 1356 4526 enim
1387 4484 1539 4536 sunt,
1565 4471 1659 4540 qui
1687 4469 1949 4524 mandata
1983 4479 2073 4524 tua

2187 4464 2580 4536 παρανόμωνή
2615 4463 2859 4530 σωτηρία
2902 4475 2917 4488 ⁸
2941 4461 3313 4514 κινδυνεύουσι
3357 4460 3487 4529 γὰρ,
3531 4460 3605 4511 ὅτι
3637 4454 3724 4507 τῶν

506 4573 885 4626 contemnunt,
929 4579 1116 4618 verum
1149 4563 1284 4617 mihi
1315 4579 1378 4618 ea
1420 4563 1573 4619 salus
1637 4577 1802 4632 prope
1831 4572 1934 4616 est.
1980 4562 2074 4615 Li-

505 4657 740 4712 berabor
773 4657 973 4712 etenim
1013 4657 1081 4710 ab
1118 4656 1334 4710 illorum
1377 4655 1618 4720 insidiis,
1655 4655 1783 4724 quia
1821 4657 2074 4710 mandata

509 4759 601 4801 tua
638 4763 739 4816 ego
767 4749 1060 4816 exquisivi.
1099 4746 1193 4801 Vel
1223 4747 1473 4804 docentis
1509 4764 1690 4804 sermo
1726 4757 1830 4811 est,
1863 4749 2079 4812 dicens.

508 4840 655 4907 quod
685 4837 817 4890 nulli
847 4849 1164 4906 peccatores
1195 4841 1573 4902 salvabuntur,
1618 4838 1834 4894 tametsi
1879 4839 1932 4892 in
1976 4839 2079 4892 bac

509 4929 620 4981 vita
654 4925 918 4981 fortunati
953 4944 1016 4981 ac
1049 4929 1237 4984 felices
1263 4944 1387 4984 esse
1417 4931 1727 4984 videantur.
1759 4927 1853 4984 Vel
1886 4944 2080 4999 pecca-

507 5027 677 5084 tores,
719 5033 748 5071 a
786 5019 894 5074 Deo
932 5020 1194 5074 auxilium
1228 5037 1332 5074 non
1371 5032 1797 5091 consequentur,
1833 5036 1900 5076 eo
1928 5020 2078 5090 quod

505 5111 654 5166 illius
679 5111 1110 5181 justilicationes
1148 5104 1622 5184 contempserunt.

577 5221 742 5278 Vens.
779 5224 901 5279 156.
928 5223 1306 5278 Misericordia
1331 5234 1436 5278 tua:
1470 5225 1669 5287 multis,
1717 5223 1954 5285 Domine,
1990 5239 2076 5276 se-

505 5316 734 5369 cundum
753 5318 1019 5384 judicium
1047 5327 1196 5371 tuum
1225 5319 1433 5385 vivi/ica
1476 5333 1574 5370 me.
1603 5316 1683 5368 Tu
1716 5316 1874 5372 valde
1913 5319 2076 5372 mise-

505 5409 684 5464 ricors
709 5425 790 5465 es.
824 5407 930 5464 Fac
963 5410 1129 5478 igitur
1167 5419 1228 5464 ut
1272 5410 1326 5463 in
1361 5409 1661 5463 universali
1703 5407 1911 5477 judicio
1948 5409 2075 5462 bea-

506 5511 618 5555 tam
645 5517 748 5573 ego
783 5503 948 5557 vitam
991 5503 1191 5567 vivam,
1220 5501 1440 5572 quando
1465 5501 1595 5556 boni
1627 5518 1690 5556 ac
1719 5502 1851 5570 justi
1897 5502 1951 5556 in
1990 5502 2073 5555 vi-

582 5743 624 5774 “
651 5745 791 5799 Psal.
828 5763 1002 5806 cmv.
1041 5749 1125 5802 li.
1234 5751 1272 5779 ⁷ο
1298 5748 1496 5803 Jot'cm.
1532 5750 1778 5811 xxtuﬂs.

1862 5747 1900 5776 λθ
1932 5746 2071 5801 Ibid.
2108 5745 2192 5799 ΕΝ.

2185 4558 2414 4612 ἐντολῶν
2444 4574 2534 4610 σου
2563 4555 2976 4624 κατεφρόνησαν
3004 4569 3018 4584 ·
3064 4553 3227 4622 ἐγγὺς
3253 4552 3309 4605 δὲ
3341 4553 3474 4622 ἐμοῦ
3505 4569 3518 4581 ·
3552 4548 3721 4620 ρυσθή-

2187 4668 2352 4720 σομαι
2388 4648 2496 4718 γὰρ
2524 4648 2621 4716 τῆς
2648 4646 2940 4712 ἐπιϐουλῆς
2982 4645 3181 4708 αὐτῶν,
3206 4645 3292 4697 ὅτι
3325 4645 3466 4696 αὐτὰ
3495 4642 3722 4710 egeam-

2185 4763 2273 4798 σα.
2301 4745 2369 4795 Ἦ
2396 4742 2488 4794 καὶ
2523 4737 2900 4792 διδασκαλικὸς
2937 4740 2964 4790 ὁ
2994 4737 3169 4805 λόγος,
3219 4738 3303 4790 ὅτι
3333 4737 3393 4789 οὐ
3430 4737 3722 4804 σωθήσονται

2187 4839 2235 4887 οἱ
2282 4832 2618 4903 ἁμαρτωλοὶ,
2659 4832 2758 4882 κᾶν
2792 4829 3139 4898 εὑημερῶσιν
3176 4827 3413 4884 ἐνταῦθα
3440 4829 3511 4897 ’ἢ
3548 4828 3620 4879 ὃτι
3645 4822 3722 4890 οὔχ

2186 4927 2372 4992 ἕξουσι
2404 4923 2555 4992 παρὰ
2584 4919 2717 4973 Θεοῦ
2751 4919 3021 4989 βοήθειαν,
3068 4919 3144 4982 ὡς
3184 4919 3490 4990 ὑπερόπται
3531 4917 3628 4970 τῶν
3659 4915 3724 4964 δι-

2186 5017 2520 5088 καιωμάτων
2545 5013 2729 5068 αὑτοῦ.

2260 5229 2322 5278 Οἱ
2357 5225 2641 5292 οἰκτιρμοί
2671 5240 2786 5276 σου
2817 5221 3057 5284 πολλοὶ,
3091 5222 3289 5288 Κύριε·
3329 5218 3475 5272 κατὰ
3505 5216 3565 5270 τὸ
3623 5207 3723 5278 κρῖ·

2177 5318 2262 5389 μά
2281 5335 2398 5373 σου
2437 5317 2625 5386 ζῆσόν
2652 5334 2750 5386 με.
2793 5315 3088 5378 Πολυέλεος
3121 5311 3189 5368 εἴ.
3229 5315 3387 5367 Κατὰ
3430 5313 3523 5381 τὴν
3566 5308 3722 5376 κρίσιν

2184 5430 2278 5463 σου
2330 5412 2428 5479 τὴν
2485 5409 2831 5480 παγκόσμιον
2868 5410 2966 5478 ζῇν
2996 5425 3061 5476 με
3094 5409 3319 5475 ποίησον
3359 5406 3452 5473 τὴν
3481 5396 3722 5471 μακαρίαν

2188 5504 2350 5574 ζωὴν,
2383 5505 2468 5557 ὅτε
2497 5503 2889 5557 ἀπελεύσονται
2915 5503 2964 5554 οἱ
2989 5500 3188 5553 δίκαιοι
3221 5501 3301 5562 εἰς
3332 5497 3471 5567 ζωὴν
3493 5491 3680 5548 αἰώνιον
3707 5499 3718 5513 ⁸

2279 5747 2314 5776 δ’
2348 5746 2450 5799 lsa.
2484 5761 2633 5810 t.\'ttt,
2668 5746 2717 5800 9.
2801 5747 2844 5779 "
2877 5744 3018 5800 Psal.
3081 5758 3252 5808 LXXII,
3298 5741 3382 5795 27-
