3964 6552
500 390 642 456 1183

1702 402 2019 463 EUTHYM
2032 403 2087 460 ll
2118 399 2484 462 ZlGABENI

3615 395 3731 463 118i

493 521 737 575 tuorum,
784 514 875 566 sed
908 513 1083 568 erravi
1120 516 1173 569 in
1233 516 1532 582 montibus,
1588 521 1934 575 errabundus
1960 520 2069 575 illic

2176 518 2345 574 τολῶν
2406 536 2525 581 σου,
2560 517 2677 573 ἀλλ’
2728 518 2788 572 ὲν
2812 519 2926 582 τοῖς
2978 516 3129 588 ὄρεσι
3155 516 3528 588 διαιρόμενος,
3552 517 3643 572 καὶ
3671 521 3729 590 τῇ

490 602 718 670 degens,
749 604 853 657 hue
885 614 1047 673 atque
1080 606 1208 661 illuc
1260 610 1659 678 pertransicns,
1723 613 1853 667 dum
1885 628 2069 682 perse-

492 693 771 747 cutionem
815 697 1088 751 sustineo.
1158 698 1354 766 Quaere
1413 701 1583 770 igitur
1624 718 1731 767 me,
1784 715 1837 759 et
1874 706 2068 758 iterum

492 785 559 839 ad
587 786 831 855 priorem
892 787 1285 846 habitationem
1360 794 1631 859 reducito,
1686 805 2071 865 persecutores

489 892 645 932 meos
675 891 1058 947 compescens,
1095 884 1222 953 quia
1257 885 1516 940 mandata
1560 896 1650 941 tua
1688 904 1795 941 non
1834 889 2068 958 neglexi.

489 967 587 1025 Vel
638 986 823 1027 sermo
844 984 928 1029 est
991 991 1056 1030 ex
1108 981 1232 1033 novi
1284 982 1467 1050 populi
1530 997 1817 1051 persona:
1859 981 2071 1049 Erravi,

486 1062 688 1133 inquit,
741 1068 898 1135 quasi
929 1069 1049 1124 ovis
1102 1071 1317 1139 perdita
1377 1090 1473 1142 per
1526 1083 1733 1129 rectam
1786 1076 2073 1143 religionis

488 1155 745 1210 sentitam
774 1174 881 1211 non
908 1158 1219 1226 ambulans,
1268 1163 1365 1218 sed
1395 1179 1491 1232 per
1523 1164 1779 1235 obliquas
1801 1166 2070 1235 quasdam

487 1254 654 1315 atque
678 1250 968 1319 ambiguas
1012 1255 1148 1318 vias,
1199 1271 1319 1324 quze
1371 1255 1436 1310 ad
1472 1258 2073 1325 perdtionemferuut.

488 1338 681 1404 Quaere
712 1356 930 1398 servum
967 1357 1117 1401 tuum
1150 1365 1162 1401 :
1192 1347 1386 1404 Omnia
1420 1352 1581 1414 enim.
1610 1352 1808 1419 inquit,
1841 1354 2074 1409 serviunt

491 1432 605 1487 tibi.
640 1434 832 1500 Qumre
858 1453 983 1493 eum
1023 1440 1189 1510 igitur
1220 1452 1301 1507 tu,
1326 1459 1358 1497 ο
1383 1455 1572 1514 pastor
1614 1446 1775 1511 boue,
1805 1447 1896 1515 qui
1919 1447 2074 1515 juxta

490 1527 865 1595 evangelicam
898 1530 1199 1600 deperdita:
1250 1535 1369 1590 ovis
1432 1536 1775 1605 parabolam,
1834 1537 2072 1591 animam

487 1619 722 1687 posuisti
757 1636 854 1690 pro
884 1623 1082 1678 ovibus
1109 1624 1242 1687 tuis,
1289 1635 1343 1679 et
1395 1643 1481 1681 me
1511 1628 1780 1697 perditam
1814 1644 1968 1683 ovem
2004 1629 2074 1683 ad

491 1709 637 1764 ovile
667 1718 820 1766 tuum
850 1729 1144 1785 congrega.
1201 1714 1402 1772 Verum
1458 1719 1605 1789 quod
1644 1721 1913 1790 Sequitur.
1979 1721 2075 1777 ad-

487 1803 696 1857 versari
728 1803 944 1859 videtur
978 1807 1105 1861 huic
1151 1810 1359 1865 sensui.
1404 1809 1592 1879 Neque
1649 1815 1794 1868 enim
1820 1814 2073 1869 oblivisci

2172 615 2401 667 κάκεῖσε
2460 610 2830 683 μεταδαίνων,
2865 612 2923 665 ὲν
2950 610 3028 681 τῷ
3060 609 3521 665 καταδιώκεσθαι.
3576 609 3732 683 Ζήτη-

2174 706 2267 759 σόν
2292 722 2381 776 με,
2413 705 2510 759 καὶ
2543 702 2860 772 ἐπανάγαγε
2889 704 2968 767 εἰς
3005 703 3106 775 τὴν
3135 703 3412 775 προτέραν
3441 702 3730 768 κατοικίαν,

2174 797 2430 868 φιμώσας
2453 796 2580 860 τοὺς
2610 794 3073 861 καταδιώκοντας,
3107 793 3191 847 ὃτι
3221 793 3319 847 οὐκ
3346 794 3596 864 ἠμέλησα
3636 795 3730 849 τῶν

2173 886 2408 939 ἐντολῶν
2439 902 2555 939 σου.
2597 886 2667 938 Ἦ
2695 886 2788 939 καὶ
2812 884 3093 957 προσώπῳ
3117 884 3210 938 τοῦ
3244 887 3366 938 νέου
3392 883 3522 938 λαοῦ
3573 888 3731 940 ποιεῖ-

2172 997 2263 1032 ται
2291 979 2382 1032 τὸν
2423 977 2580 1046 λόγον
2620 992 2633 1006 °
2656 976 3000 1047 Ἑπλανήθην
3026 977 3100 1041 ὡς
3129 975 3406 1047 πρόὸατον
3439 975 3728 1042 ἀπολωλὸς,

2177 1071 2252 1141 μὴ
2284 1070 2379 1142 τὴν
2416 1070 2585 1141 ὀρθὴν
2624 1068 2813 1139 τρίϐον
2847 1070 2950 1138 τῆς
2972 1069 3265 1132 εύσεῦείας
3293 1069 3549 1138 βαδίζων,
3608 1071 3729 1124 ἀλλὰ

2176 1164 2399 1228 σκολιάς
2456 1181 2611 1227 τινας
2641 1164 2738 1217 καὶ
2799 1163 3142 1235 πολυσχιδεϊς
3204 1163 3303 1217 καὶ
3353 1163 3624 1234 φερούσας
3663 1165 3729 1226 είς

2173 1257 2397 1329 ὄλεθρον
2412 1257 2636 1328 ἐμαυτῷ
2661 1256 3013 1327 τεμνόμενος.
3032 1257 3280 1328 Ζήτησον
3302 1257 3399 1311 τὸν
3420 1256 3603 1311 δοῦλόν
3623 1274 3728 1310 σου·

2180 1351 2254 1406 Τὰ
2273 1352 2596 1420 σύμπαντα
2615 1349 2743 1422 γὰρ,
2766 1350 2923 1422 φησι,
2941 1350 3138 1406 δοῦλα
3151 1350 3254 1404 σά.
3282 1350 3549 1421 Ζήτησον,
3576 1351 3603 1403 6
3623 1366 3730 1403 ποι-

2179 1445 2288 1514 μὴν
2304 1449 2332 1497 ὃ
2355 1443 2542 1508 καλὸς.
2570 1444 2597 1496 6
2621 1442 2793 1506 τιθεὶς
2813 1442 2912 1515 τὴν
2938 1443 3120 1515 ψυχὴν
3148 1443 3287 1514 ὑπὲρ
3310 1444 3420 1496 τῶν
3436 1442 3729 1512 προὸἀτων,

2178 1539 2319 1592 κατᾶ
2345 1538 2445 1607 τὴν
2474 1540 2532 1590 ὲν
2564 1536 2923 1605 Εύαγγελίοις
2941 1535 3266 1608 παραδολὴν
3291 1535 3387 1589 τοῦ
3413 1534 3730 1597 ἀπολωλότος

2177 1631 2476 1700 προϐάτου,
2501 1630 2594 1683 καὶ
2628 1630 2909 1697 συνάγαγε
2941 1631 3022 1691 είς
3046 1628 3145 1699 τὴν
3178 1627 3425 1698 μάνδραν
3453 1644 3566 1679 σου.
3594 1627 3664 1678 Τὸ
3685 1624 3731 1679 δὲ

2177 1725 2304 1794 ἑξῆς
2332 1723 2637 1791 ἀντιλέγειν
2668 1722 2839 1776 δοκεῖ.
2896 1720 3350 1776 Ἐπιλανϐάνεται
3399 1721 3509 1789 γὰρ
3559 1721 3654 1789 ούλ
3707 1720 3731 1771 6

2182 1819 2348 1886 μήπω
2366 1813 2555 1884 μαθὼν
2570 1814 2668 1878 τὰς
2688 1813 2932 1878 ἐντολὰς,
2963 1813 3078 1867 ἀλλ’
3096 1815 3123 1866 6
3150 1814 3320 1867 παλαι
3341 1812 3547 1875 ταύτας
3573 1829 3732 1881 μεμαο

491 1893 697 1947 dicitur
729 1897 1116 1952 mandatorum
1163 1898 1254 1953 Dei
1288 1901 1335 1954 is
1359 1903 1453 1970 qui
1487 1905 1728 1959 nomium
1758 1921 1821 1959 ea
1857 1905 2069 1971 didicit,

2180 1906 2389 1977 θηκὼς,
2440 1909 2489 1959 εἰ
2540 1907 2617 1977 μή
2649 1924 2731 1968 τις
2765 1906 3159 1977 ἀντιχρονικῶς
3188 1904 3474 1977 ἑρμηνεύῃ
3503 1905 3569 1957 τὰ
3588 1905 3728 1974 ῥητὰ.

487 1983 586 2038 sed
615 1986 706 2055 qui
759 2002 822 2042 ca
878 1988 1007 2042 olim
1051 1989 1277 2047 edoctus
1325 2005 1431 2059 est,
1488 1996 1594 2051 nisi
1654 1999 1779 2067 quis
1836 1999 2073 2053 fortasse

488 2086 706 2148 tempus
741 2080 845 2135 hoc
902 2081 957 2135 iu
1010 2083 1133 2137 loco
1188 2087 1431 2154 positum
1482 2104 1607 2146 esse
1666 2092 1813 2147 dicat
1873 2108 1970 2163 pro
2030 2101 2333 2161 tempore:

486 2172 692 2229 viscar.

947 2281 1224 2341 Canticum
1275 2304 1615 2343 ascensuum.

1048 2378 1374 2439 PSALMUS
1402 2381 1595 2437 CXIX.

553 2460 883 2527 Quindecim
930 2468 1044 2524 haec
1083 2472 1298 2528 cantica
1354 2473 1604 2528 eamdem
1639 2472 2084 2535 prorsusinscri'

484 2555 725 2623 ptionem
741 2559 1220 2625 habent,videlicet
1235 2565 1512 2622 Canticum
1530 2583 1841 2622 ascemuum
1862 2567 1943 2621 vel
1955 2566 2073 2636 jux-

485 2648 707 2702 taalium
732 2651 1110 2721 interpretem,
1138 2656 1423 2712 Canticum
1463 2660 1855 2713 ascensionum.
1881 2657 2077 2727 Hujus.

483 2739 630 2794 inedi
645 2749 825 2797 autem
841 2742 1223 2813 incriptionem
1245 2748 1436 2804 sortita
1449 2751 1731 2820 sunt,quia
1748 2750 1996 2819 captivos
2016 2750 2070 2805 in

483 2828 997 2901 BahyloueJudaeos
1015 2854 1347 2894 ascensurus
1367 2858 1490 2898 esse
1510 2844 1813 2911 prcedicunt
1839 2842 1889 2896 in
1922 2842 2077 2897 Jeru-

462 2922 981 2982 ‘salem.Coutinent
1000 2945 1236 3001 namque
1254 2932 1569 3001 huiusmodi
1585 2936 1950 3000 materiam,et
1968 2943 2078 2990 tra-

482 3016 623 3070 dunt
640 3019 916 3087 quomodo
934 3021 1007 3075 illi
1022 3031 1152 3078 tunc
1166 3025 1220 3077 in
1244 3026 1560 3095 captivitate
1579 3028 1887 3088 consﬁtuti.
1904 3026 2072 3082 Deum

483 3111 819 3180 rogaverint,
852 3127 916 3167 ac
972 3115 1189 3170 tandem
1206 3117 1274 3172 ab
1292 3133 1357 3173 eo
1375 3120 1642 3184 exauditi,
1659 3136 1814 3176 suam
1839 3122 2071 3190 patriam

2181 1997 2298 2052 Ούκ
2332 1996 2702 2067 ἐπελαθόμην,
2732 1997 2851 2050 ἀντὶ
2881 1994 3000 2061 τοῦ,
3041 1995 3140 2048 ούκ
3167 1996 3522 2076 ἐπιλήσομαι.

2382 2088 2497 2143 Νυη
2578 2106 2701 2144 sum
2775 2089 3017 2153 oblitus,
3083 2088 3189 2145 hoc
3257 2097 3366 2154 est,
3415 2088 3528 2142 Non
3610 2084 3732 2141 ohli'

2582 2278 2718 2351 ’ῼδὴ
2768 2277 2885 2332 τῶν
2937 2276 3311 2346 ἀναϐαθμῶν.

2716 2370 3013 2425 ΨΑΔΜΟΣ
3041 2367 3186 2423 1³19⁸.

2256 2465 2662 2520 Πεντεκαίδεκα
2695 2467 2794 2535 μὲν
2817 2456 2982 2519 αὗται
3017 2462 3249 2536 αἰῴὃαί.
3288 2464 3436 2519 Μίαν
3477 2464 3533 2518 δὲ
3577 2466 3729 2517 πᾶσαι

2181 2556 2280 2629 τὴν
2302 2557 2620 2628 ἐπιγραφὴν
2666 2559 2890 2627 ἔχουσιν
2924 2572 2938 2586 ·
2984 2556 3119 2628 ᾨδὴ
3161 2556 3279 2609 τῶν
3307 2556 3673 2627 ἀναϐαθμῶν,
3703 2556 3733 2627 ἢ

2184 2650 2305 2701 καθ’
2338 2648 2527 2720 ἕτερον
2569 2649 2943 2718 ἑρμηνευτὴν,
3001 2648 3143 2719 ’ῼδὴ
3191 2648 3312 2702 τῶν
3367 2650 3730 2705 ἀναϐάσεωιη

2183 2742 2329 2806 τινὲς
2377 2741 2434 2795 δὲ
2486 2741 2608 2797 τῶν
2667 2738 3027 2810 ἀναϐασμῶν
3086 2742 3544 2810 ἀναγινώσκουσι,
3597 2758 3734 2811 περι-

2184 2835 2456 2899 σπῶντες.
2534 2835 2764 2905 Ἕλαχον
2788 2837 2844 2888 δὲ
2894 2835 2995 2907 τὴν
3052 2835 3226 2905 αὐτὴν
3277 2836 3611 2906 ἐπιγραφὴν,
3657 2836 3727 2888 ὅτι

2183 2929 2314 2999 περὶ
2370 2928 2473 2999 τῆς
2500 2928 2567 2982 ἐκ
2604 2928 2930 2992 Βαϐυλῶνος
2956 2913 3095 3000 ατρὸς
3137 2928 3500 2999 Ἰερουσαλὴμ
3547 2928 3732 2982 suae.

2184 3043 2324 3090 σεως
2354 3026 2466 3079 τῶν
2501 3027 2622 3079 ἐκεῖ
2658 3025 3112 3096 κατασχεθέντων
3160 3022 3525 3096 αἰχμαλώτων
3545 3041 3732 3095 προφη-

2180 3118 2400 3172 τεύουσι
2420 3134 2433 3148 ·
2478 3119 2596 3180 πῶς
2622 3120 2679 3172 ὲν
2703 3117 2881 3188 Θλίψει
2933 3116 3089 3181 ὄντες
3138 3119 3430 3171 ἱκέτευσαν
3460 3116 3549 3170 τδν
3580 3116 3730 3168 Θεὸν·

483 3203 887 3272 receperiuLEt
905 3207 1176 3278 incipiunt
1197 3211 1419 3280 quidem
1434 3227 1461 3265 a
1481 3211 1722 3269 clamore
1738 3224 1941 3283 atquea
1954 3229 2069 3283 pre-

2182 3211 2278 3265 καὶ
2311 3209 2762 3275 είσακουσθέντες
2794 3209 3070 3264 ἀπέλαϐον
3097 3209 3196 3282 τὴν
3228 3210 3441 3263 ἑαυτῶν
3495 3209 3728 3279 πατρίδα.

479 3295 664 3358 cibus,
685 3313 825 3366 quas
843 3298 913 3353 ad
934 3300 1102 3354 Deum
1153 3300 1480 3372 inridebant,
1498 3321 1628 3363 cum
1645 3321 1709 3360 ea
1758 3306 2069 3361 calamitate

2181 3306 2293 3357 Καὶ
2334 3306 2595 3374 ἄρχονται
2629 3303 2730 3373 μὲν
2751 3304 2860 3356 ἀπὸ
2891 3303 3072 3372 τῆ;,ὲν
3096 3303 3173 3375 τῷ
3203 3302 3485 3357 ολίὸεσθαι
3508 3301 3729 3370 κραυγῆς

480 3399 873 3456 premerentur
898 3410 911 3446 :
935 3392 1098 3447 linem
1124 3408 1254 3448 vero
1278 3395 1675 3467 haheutquiad
1695 3395 1830 3451 illud
1856 3405 2069 3465 tempus

2178 3401 2275 3452 καὶ
2308 3397 2549 3468 δεήσεως
2574 3396 2710 3468 πρὸς
2734 3396 2866 3450 Θεόν
2886 3412 2900 3428 ο
2927 3396 3413 3468 συμπερατοῦνται
3449 3397 3504 3449 δὲ
3535 3396 3621 3449 ἐπὶ
3646 3397 3731 3461 τήν

481 3485 740 3551 pertinet,
782 3502 894 3556 quo
920 3488 1133 3560 integre
1173 3491 1229 3546 in
1274 3491 1507 3558 patriam
1543 3492 1787 3546 restituti
1822 3489 2068 3545 fuerunt.

2177 3489 2397 3544 τελείαν
2424 3491 2506 3546 εἰς
2533 3476 2633 3559 τὴν
2695 3488 3061 3559 Ἰερουσαλὴμ
3111 3489 3583 3543 ἀποκατάστασιν.
3634 3486 3733 3542 Καὶ

479 3575 546 3631 Et
590 3578 695 3634 hoc
739 3580 963 3649 quidem
1027 3585 1333 3639 secundum
1411 3584 1723 3639 historiam.
1757 3582 1919 3637 Juxta
1942 3598 2069 3638 aria-

2177 3580 2322 3635 οὖτω
2348 3583 2447 3652 μὲν
2471 3581 2592 3635 καθ’
2615 3583 2854 3648 ἱστορίαν
2880 3597 2896 3613 ⁸
2953 3582 3095 3635 κατὰ
3129 3580 3185 3635 δὲ
3214 3582 3532 3651 ἀναγωγὴν,
3593 3580 3728 3649 ἔσχον

480 3681 659 3737 gegen
688 3683 839 3735 vero,
909 3672 1223 3741 huiusmodi
1278 3674 1698 3745 inscriptionem
1735 3676 1936 3730 habent
1962 3676 2069 3729 haec

2177 3674 2441 3743 τοιαύτην
2467 3674 2804 3745 ἐπιγραφὴν,
2835 3674 2913 3741 ὡς
2982 3675 3219 3744 μάλιστα
3266 3674 3377 3727 τῶν
3407 3673 3579 3728 ἄλλων
3612 3669 3730 3741 ψαλο

480 3760 723 3827 cantica,
789 3763 918 3832 quia
977 3767 1121 3820 inter
1194 3779 1424 3823 caeteros
1462 3768 1707 3835 psalmos
1759 3762 2072 3834 huiusmodi

480 3857 781 3923 praecipue,
846 3854 941 3909 Dei
1001 3860 1265 3927 populum
1344 3875 1373 3913 a
1416 3860 1717 3929 Babylone,
1754 3860 1856 3913 hoc
1908 3869 2012 3926 est,
2042 3874 2072 3913 ιι

477 3949 665 4002 stcculi
713 3949 878 4017 hujus
925 3950 1278 4017 confusione,
1323 3954 1413 4006 ubi
1468 3953 1523 4007 in
1556 3953 1881 4022 passionum
1906 3963 2071 4023 atque

479 4041 535 4092 in
588 4039 889 4095 allectuum
968 4044 1235 4097 servitute
1282 4044 1533 4113 captivus
1589 4043 1970 4109 detinebatur,
2003 4047 2070 4102 ad

480 4148 781 4203 supernam
837 4133 1120 4189 deducunt
1157 4135 1488 4192 Jerusalem.
1540 4136 1872 4207 Quicunque
1918 4142 2068 4195 enim

480 4223 677 4294 legerit
748 4234 916 4295 atque
985 4228 1347 4297 intellexerit,
1385 4241 1595 4301 quanto
1661 4232 1926 4302 antiquus
1980 4234 2072 4287 ille

479 4319 717 4388 populus
759 4320 1043 4375 terrestris
1098 4321 1406 4377 Jerusalem
1447 4331 1732 4380 teneretur
1761 4325 2066 4391 desiderio,

478 4421 535 4466 et
567 4411 846 4479 quomodo
887 4413 1316 4482 lamentabatur,
1365 4428 1424 4472 et
1513 4419 1707 4488 quales
1762 4419 1831 4472 ad
1897 4418 2067 4473 Deum

475 4505 763 4560 emittebat.
824 4521 1006 4574 voces,
1053 4524 1304 4578 qurenam
1369 4511 1534 4566 etiam
1602 4512 1814 4568 diceret
1874 4511 2065 4578 verba,

2181 3767 2299 3836 μῶν
2328 3767 2629 3834 ἀνάγουσαι
2690 3767 2786 3820 τὸν
2843 3767 2972 3822 λαὸν
3012 3767 3106 3819 τοῦ
3159 3765 3299 3819 Θεοῦ
3353 3765 3467 3819 ἀπὸ
3509 3767 3599 3835 τῆς
3636 3764 3728 3816 Βα-

2177 3859 2442 3925 ϐυλῶνος,
2472 3860 2595 3927 ἦτοι
2628 3860 2729 3929 τῆς
2768 3860 2864 3913 τοῦ
2912 3860 3184 3931 παρόντος
3242 3858 3358 3929 βίου
3420 3857 3730 3929 συγχύσεως.

2176 3953 2543 4024 αἰχμάλωτον.
2579 3953 2662 4016 είς
2689 3953 2938 4006 δουλείαν
2963 3953 3073 4005 τῶν
3101 3951 3292 4008 παθῶν
3322 3951 3558 4005 ἐνταῦθα
3584 3964 3725 4003 κατε-

2176 4046 2427 4118 χύμενον,
2447 4046 2586 4117 πρὸς
2628 4046 2727 4109 τὴν
2757 4044 2871 4100 ἄνω
2910 4045 3290 4118 Ἰερουσαλήμ.
3341 4041 3734 4113 ’Δναγινώσκων

2173 4139 2282 4208 γὰρ
2308 4138 2509 4201 ταύτας
2538 4140 2631 4191 καὶ
2664 4137 3064 4206 διαγινώσκων,
3103 4134 3217 4191 οἷον
3252 4128 3414 4207 εἶχεν
3472 4138 3662 4198 ἐκεῖνος
3703 4134 3730 4185 6

2175 4231 2302 4294 λαός
2337 4230 2517 4300 ἔρωτα
2540 4230 2639 4300 τῆς
2680 4230 3059 4300 Ἰερουσαλὴμ,
3081 4232 3176 4285 καὶ
3198 4231 3351 4293 ὅπως
3378 4230 3616 4301 ἐθρήνει,
3646 4226 3728 4279 καὶ

2172 4321 2289 4384 οἵας
2322 4320 2477 4389 ἠφίει
2514 4320 2653 4390 πρὸς
2680 4318 2815 4372 Θεὸν
2852 4321 3060 4388 φωνὰς,
3095 4320 3192 4374 καὶ
3216 4315 3308 4372 οἷα
3365 4318 3558 4387 ἔλεγεν
3612 4318 3725 4369 ἀνα-

2172 4413 2430 4483 γόμενος,
2453 4413 2548 4477 καὶ
2567 4413 2666 4466 ὅσα
2694 4411 2804 4466 τῶν
2837 4411 2993 4484 ᾠδῶν
3019 4412 3252 4475 τούτων,
3295 4410 3728 4483 διαθερμαίνεται

2173 4507 2270 4560 καὶ
2286 4506 2448 4569 αὐτὸς
2479 4507 2618 4577 πρὸς
2639 4505 2819 4578 ἔρωτα
2850 4506 3081 4580 σφοδρὸν
3114 4508 3215 4577 τῆς
3247 4504 3723 4577 ἄνωἸερουσαλήμ.

476 4616 604 4653 cum
639 4602 770 4655 illuc
815 4602 1197 4667 reduceretur,
1231 4616 1398 4675 atque
1446 4621 1511 4660 ea
1562 4606 1804 4676 denique
1859 4604 2064 4669 ouinia,
2108 4617 2232 4671 qua:
2297 4601 2350 4655 in
2398 4599 2484 4654 his
2534 4599 2768 4655 canticis
2818 4602 3226 4657 continentur:
3280 4600 3563 4685 ardentior
3622 4612 3729 4669 pro'

477 4690 621 4745 teet'o
673 4702 727 4742 et
773 4690 892 4757 ipse
968 4694 1248 4759 reddetur,
1305 4710 1359 4749 et
1424 4697 1822 4751 vehementiori
1860 4712 2048 4750 amore
2086 4691 2344 4763 ﬂagrabit
2368 4706 2622 4761 superna:
2652 4707 2716 4747 ac
2748 4693 2992 4749 caelestis
3024 4691 3355 4747 Jerusalem.

548 4781 715 4835 Vsus.
758 4782 805 4833 l.
836 4780 917 4834 Ad
957 4782 1237 4837 Dominum
1276 4801 1394 4840 cum
1459 4788 1748 4841 tribularer
1804 4788 2057 4851 clamavi,

2238 4786 2396 4852 Πρὸς
2425 4785 2647 4851 Κύριον
2672 4785 2742 4839 ἐν
2775 4782 2855 4849 τῷ
2884 4786 3200 4839 θλίϐεσθαί
3208 4801 3287 4852 με
3302 4783 3609 4851 ἐκέκραξα,
3638 4778 3721 4834 καί

476 4875 825 4928 σεεπαηιιευὶι
869 4875 1053 4929 me.lu
1082 4878 1419 4945 captivitatis
1467 4881 1680 4935 scilicet
1732 4881 2065 4943 calamitate,

477 4977 644 5030 quant
682 4964 735 5018 in
766 4965 1044 5037 Babylone
1092 4969 1352 5025 suStinui.
1386 4972 1692 5028 Clamorem
1736 4983 1918 5028 autem
1949 4987 2060 5026 non

477 5058 593 5112 oris
625 5058 902 5129 intelligit,
967 5061 1064 5117 sed
1093 5064 1291 5117 anima:
1337 5065 1499 5121 valde
1552 5065 1814 5130 dolentis,
1850 5077 2067 5121 etcen-

476 5155 645 5215 rritae,
680 5159 844 5221 atque
872 5154 940 5208 ad
992 5156 1169 5209 solum
1232 5153 1409 5211 Deum
1464 5159 1708 5221 intentae,
1770 5163 1864 5228 qui
1914 5160 2068 5214 solus

473 5243 695 5311 eripere
746 5245 1022 5301 hominem
1079 5258 1258 5317 potest
1318 5267 1345 5303 ει
1405 5252 1689 5320 periculis.
1742 5250 2071 5318 Hujusmodi

476 5338 679 5391 «tenirn
740 5340 935 5393 anima:
992 5341 1287 5397 clamorem
1340 5345 1526 5398 statim
1608 5345 1837 5399 exaudit
1895 5343 2065 5399 Deus.

471 5426 653 5485 Verba
696 5441 878 5487 autem
913 5434 1027 5489 haec
1081 5450 1145 5488 ex
1183 5437 1425 5491 ﬁdelium
1448 5439 1616 5492 etiam
1652 5452 1889 5507 persona
1919 5435 2068 5492 dicta

472 5538 595 5578 esse
630 5533 882 5593 possunt.

546 5613 682 5671 Vsa.
719 5618 773 5672 2.
817 5619 1058 5680 Domine,
1110 5621 1253 5689 eripe
1295 5622 1529 5675 animum
1580 5638 1751 5676 meant
1804 5641 1837 5676 a
1902 5623 2056 5677 labiis

474 5706 717 5773 iniustis,
774 5720 821 5762 et
858 5728 889 5763 α
921 5716 1102 5779 lingua
1141 5711 1349 5765 dolosa.
1406 5712 1518 5768 Hoc
1550 5724 1651 5776 ρει,
1688 5713 1832 5783 quod
1859 5730 1887 5768 a
1943 5714 2055 5768 Deo

474 5800 634 5868 petiit
667 5818 789 5856 cum
832 5805 1112 5858 clamaret.
1158 5802 1248 5859 Vel
1290 5805 1395 5859 hoc
1446 5820 1552 5859 una
1587 5822 1711 5860 cum
1762 5807 1908 5871 aliis,
1934 5824 2056 5877 qua:

480 5891 713 5949 inferius
745 5896 1056 5964 postulasse
1089 5912 1212 5952 eum
1270 5896 1595 5955 videbimus.
1634 5899 1735 5953 l’cr
1787 5898 1927 5953 labia
1954 5914 2052 5953 au-

2175 4877 2509 4946 είσήκουσέ
2535 4895 2679 4948 μου.
2746 4877 2836 4930 Ἓν
2876 4880 2942 4949 τῇ
2979 4875 3159 4945 θλίψει
3218 4877 3319 4947 τῆς
3374 4874 3725 4947 αἰχμαλωσίας

2176 4971 2391 5041 καὶτῆς
2420 4971 2629 5025 ἐκεῖθεν
2652 4969 3051 5034 κακοπαθείας.
3076 4969 3346 5043 Κραυγὴν
3375 4970 3433 5024 δὲ
3460 4970 3597 5037 λέγει
3635 4964 3721 5034 τὴν

2175 5066 2241 5118 ἐκ
2276 5064 2587 5118 κατωδύνου
2615 5062 2797 5134 ψυχῆς
2831 5065 2926 5118 καὶ
2962 5064 3446 5134 συντετριμμένης
3473 5063 3564 5118 καὶ
3581 5077 3725 5116 seta-

2179 5156 2347 5227 μένης
2365 5155 2496 5226 πρὸς
2532 5155 2694 5225 μόνον
2722 5155 2812 5208 τὸν
2836 5155 3138 5223 δυνάμενον
3168 5154 3417 5224 ῥύεσθαι,
3452 5150 3517 5224 ἦς
3539 5152 3721 5214 εὐθέως

2174 5248 2436 5301 ἐπακούει
2454 5246 2606 5310 Θεὸς.
2632 5247 2913 5316 Προσώπῳ
2942 5247 2997 5299 δὲ
3015 5246 3109 5300 τοῦ
3128 5246 3517 5315 εύσεόεστέρου
3547 5245 3723 5316 μέρους

2169 5340 2219 5391 οἱ
2253 5339 2423 5409 λόγοι.

2239 5621 2432 5690 Κῦριε,
2456 5622 2648 5689 ῥῦσαι
2679 5623 2793 5692 τὴν
2819 5624 3030 5693 ψυχήν
3052 5642 3166 5694 μοι
3198 5626 3321 5680 ἀπὸ
3352 5624 3592 5695 χειλέων
3608 5619 3721 5677 ἁδι-

2168 5731 2290 5766 κων
2327 5715 2425 5767 καί
2486 5715 2605 5768 ἀπὸ
2658 5716 2950 5785 γλώσσης
3003 5716 3235 5782 ὃολίας.
3284 5717 3517 5788 Κρὰςων
3582 5712 3719 5767 τοῦτο

2168 5802 2403 5872 ηύξατοο
2444 5807 2475 5876 ἢ
2511 5808 2650 5875 μετὰ
2679 5808 2788 5860 τῶν
2836 5808 3012 5862 ἄλλων
3070 5808 3165 5861 καὶ
3201 5808 3382 5863 τοῦτο.
3455 5806 3610 5874 Χείλη
3653 5802 3703 5854 δὲ

2163 5897 2321 5950 ἄδικα
2367 5897 2435 5952 τὰ
2473 5899 2689 5953 ἀδικίαν
2727 5902 2806 5965 εἰς
2839 5901 2896 5953 τὸ
2929 5901 3060 5971 ὕψος
3083 5900 3375 5967 λαλοῦντα,
3397 5902 3471 5964 ὡς
3489 5902 3543 5953 ὲν
3562 5895 3629 5969 τῷ
3649 5889 3719 5965 οβ’
