3964 6618
242 456 354 522 1185
906 500 917 513 .
1361 449 1748 511 COMMENT.
1794 447 1877 507 IN
1917 445 2279 508 PSALMOS.
3299 444 3440 508 1186

238 568 408 642 ψαλμῷ
452 565 782 637 γέγραπται,
844 565 973 621 ἔνθα
1038 566 1100 619 τὸ
1129 564 1369 619 Ἀδικίαν
1416 565 1497 627 εἰς
1547 562 1609 615 τὸ
1639 561 1771 631 ὕψος

1884 568 1983 615 lem
2030 557 2257 627 iniusta,
2312 570 2373 611 ea
2405 553 2675 624 intelligit,
2742 569 2863 625 qua:
2897 552 3223 621 iniustitiam
3257 555 3311 610 in
3339 558 3449 610 alto

238 663 496 731 ἐλάλησαν,
526 657 715 713 καὶτὰ
744 657 856 712 τῶν
878 657 1265 729 συκοφαντῶν,
1297 657 1393 710 καὶ
1447 653 1633 721 ἁπλῶς
1661 654 1771 707 τῶν

1885 654 2195 719 loquuntur,
2252 647 2715 718 quemadmodum
2764 648 2816 701 in
2888 660 3038 702 Lsxn
3070 648 3281 716 psalmo
3307 648 3450 704 scri-

242 750 536 825 παρανόμων
565 748 805 805 πάντων.
834 747 1061 804 Γλῶσσα
1083 749 1142 803 δὲ
1167 748 1318 805 δολία
1348 747 1382 819 ἢ
1412 746 1595 803 αὐτῶν
1643 745 1772 800 τού-

2019 761 2026 795 ι
2066 750 2188 809 cst;
2223 741 2306 796 Vel
2366 740 2841 807 calumniantium,
2876 749 2932 796 et
2972 744 3288 811 iniquorum
3350 742 3453 794 bo-
3561 779 3584 794 ι

240 860 347 907 των,
370 842 398 914 ἢ
414 840 515 894 τῶν
530 838 789 894 ἐπιδουλε
799 839 1026 895 υόντων.

1884 836 2081 890 minunt
2111 834 2273 889 labia.
2331 832 2597 903 Linguam
2639 834 2804 889 etiam
2854 834 3098 889 dolasam
3132 832 3449 888 eorumdem

1876 925 2114 996 linguam
2210 926 2465 996 appellat,
2557 923 2640 979 visi
2716 925 3002 994 speciatim
3066 923 3453 981 insidiatorum

1876 1017 2133 1086 linguam.

300 1108 352 1159 Τί
369 1104 556 1173 δοθείη
575 1119 692 1168 σοι,
712 1104 811 1158 καί
835 1104 893 1158 τί
917 1105 1275 1173 προστεθείη
1291 1118 1391 1157 σοι
1407 1105 1557 1172 πρὸς
1578 1106 1776 1172 γλῶσ-

1951 1104 2120 1160 Vsns.
2150 1106 2204 1159 5.
2248 1104 2387 1171 Quid
2409 1105 2564 1160 detur
2588 1103 2683 1159 tibi
2699 1112 2749 1161 et
2774 1105 2902 1174 quid
2928 1115 3226 1174 apponatur
3257 1106 3353 1160 tibi
3383 1121 3452 1157 na

239 1214 338 1252 σαν
358 1197 597 1260 δολίαις
631 1197 860 1265 Ἕτερος
889 1197 947 1250 δέ.
981 1214 1148 1268 φησιν
1179 1196 1553 1267 ἑρμηνευτὴς,
1594 1197 1654 1250 Τί
1677 1194 1778 1250 50-

1885 1197 2113 1267 linguam
2135 1197 2420 1255 dolosam!
2477 1199 2631 1253 Alius
2668 1199 2936 1268 interpres
2986 1199 3218 1253 reddidit
3256 1214 3272 1253 :
3307 1197 3450 1263 Quid

239 1286 454 1351 θήσεταί
520 1302 638 1348 σοι,
684 1286 785 1339 καί
835 1287 895 1340 τί
950 1286 1431 1354 ,προστεθήσεταί
1470 1299 1570 1340 σοι
1626 1285 1778 1354 πρὸς

1892 1292 2094 1346 ίαὸἰιιιι·
2119 1292 2234 1359 tibi,
2253 1304 2301 1347 et
2324 1294 2450 1363 quid
2479 1294 2821 1361 apponatur?
2848 1293 2927 1346 Ad
2951 1293 3128 1361 ipsum
3153 1291 3301 1345 enim
3322 1305 3457 1359 sup-

241 1379 492 1446 γ.1ὦσοάν
514 1376 769 1441 δολίαν;
797 1378 941 1449 Πρὸς
969 1379 1078 1448 γὰρ
1106 1378 1196 1431 τὸν
1221 1377 1533 1431 ἱκετεύοντα
1559 1378 1588 1430 6
1638 1395 1777 1446 προσ

1887 1384 2167 1454 plicantem
2186 1385 2451 1454 Propheta
2465 1401 2774 1443 sermonem
2792 1385 3064 1440 convertit
3080 1383 3452 1452 interrogans,

240 1472 389 1538 φήτης
413 1469 761 1539 ἀποκρίνεται
794 1470 1202 1540 πυνθανόμενος
1234 1470 1299 1524 Τί
1359 1470 1644 1541 δοθήσεται
1694 1487 1777 1524 σοι

1889 1486 2130 1542 quamam
2161 1472 2211 1526 ei
2241 1471 2518 1537 defensio,
2548 1487 2644 1527 seu
2680 1487 2929 1542 quanam
2963 1473 3184 1528 dabitur
3213 1471 3454 1525 vindicta

238 1562 830 1632 καὶτίπροστεθήσεταί
880 1580 964 1615 σοι
1015 1562 1354 1633 ἀμυντήριον
1403 1560 1538 1633 πρὸς
1597 1561 1776 1630 γλῶσ-

1893 1561 2148 1618 adversus
2205 1561 2454 1616 dolosam
2504 1563 2748 1633 linguam
2803 1563 2970 1616 illam.
3021 1562 3086 1615 Et
3125 1562 3458 1632 ‘_signiticarc

238 1670 320 1704 σαν
338 1653 505 1707 δολίαν
532 1671 547 1720 ;
591 1655 875 1725 Ἐμφαίνει
905 1655 962 1707 δὲ
984 1656 1013 1708 6
1045 1655 1201 1722 λόγος
1250 1654 1283 1723 ἦ
1315 1656 1397 1709 ὅτι
1426 1650 1777 1722 δυσκαταγώ-

1892 1654 2045 1710 nobis
2072 1654 2292 1710 videtur
2321 1655 2426 1709 hoc
2475 1670 2768 1719 sermone,
2814 1655 2899 1710 vel
2942 1656 3093 1724 quod
3142 1650 3457 1724 hujusnzodi

237 1763 391 1810 νιστος
448 1745 589 1816 αὕτη
634 1746 722 1800 διὰ
787 1747 1052 1818 πονηρίας
1110 1745 1440 1816 ὑπερϐολὴν,
1483 1744 1515 1817 ἢ
1566 1746 1648 1798 ὅτι
1717 1745 1779 1797 οὐ

1904 1749 2067 1818 ingua
2099 1748 2169 1802 ob
2194 1762 2467 1802 summam
2522 1762 2679 1802 suam
2710 1747 3106 1817 malignitatem
3146 1747 3462 1802 dillicillime

236 1839 370 1906 χρεία
424 1856 503 1892 σοι
551 1839 926 1911 ἀμυντηρίουο
966 1838 1104 1908 αῦτη
1157 1840 1265 1911 γὰρ
1312 1838 1345 1908 ἡ
1385 1836 1628 1907 δολιότης
1677 1835 1776 1907 ἁρ-

1897 1840 2087 1911 polerit
2110 1840 2362 1910 superari
2386 1876 2402 1902 ,
2440 1838 2526 1894 vel
2554 1838 2701 1908 quod
2728 1839 2877 1893 nulla
2911 1839 2959 1893 ei
3005 1837 3329 1893 defensione
3365 1849 3462 1891 aut

236 1928 382 1981 κοῦσαι
404 1930 492 1982 τοῦ
523 1929 697 1984 δολίου
730 1930 993 2001 τιμωρία.

1893 1931 2124 1986 vindicta
2164 1931 2436 1986 adversus
2470 1929 2636 1985 talem
2685 1930 2929 1999 linguam
2976 1944 3120 1999 opus
3167 1939 3292 1984 est:
3336 1944 3458 1983 Clllil

1888 2023 2085 2078 doloso
2108 2023 2312 2078 homini
2347 2023 2506 2076 dolus
2538 2022 2657 2091 ipse
2685 2022 2823 2076 satis
2849 2021 3030 2091 ampla
3061 2021 3133 2075 sit
3163 2034 3349 2089 pinna.

296 2112 364 2167 Τὰ
407 2111 565 2180 βέλη
633 2111 741 2166 τοῦ
791 2110 1057 2166 δυνατοῦ
1106 2108 1455 2181 ἠκονημένα
1485 2108 1612 2165 σὺν
1658 2106 1787 2177 τοῖς

1971 2115 2134 2171 Vnus.
2166 2116 2222 2170 4.
2250 2113 2473 2186 Sagitta:
2511 2115 2736 2184 potentis
2780 2122 2952 2168 acutis
2981 2128 3099 2167 cum
3145 2114 3461 2168 carbonibus

234 2200 453 2270 ἄνθραξι
484 2202 612 2268 τοῖς
661 2202 983 2272 ἐρημικοῒς.
1035 2204 1147 2257 Καὶ
1189 2202 1350 2256 τοῦτο
1416 2202 1551 2272 πρὸς
1602 2217 1786 2271 παρη-

1894 2209 2248 2264 desolatoriis.
2286 2208 2400 2262 lloc
2429 2211 2595 2263 etiam
2620 2222 2650 2261 a
2678 2205 2947 2276 Propheta
2975 2207 3042 2260 ad
3090 2208 3459 2277 supplicantis

236 2293 400 2361 γορίαν
425 2294 521 2348 τοῦ
556 2293 913 2360 ἱκετεύοντος,
944 2294 1020 2365 μὴ
1077 2294 1310 2373 ἀθυμεῖν
1367 2294 1782 2363 ὑποτιθέμενον.

1909 2301 2070 2371 topuli
2095 2299 2530 2356 consolationem
2579 2299 2790 2354 dictum
2841 2308 2919 2354 est
2949 2338 2965 2364 ,
3017 2299 3108 2354 cui
3142 2298 3229 2353 his
3278 2300 3474 2355 verbis-

237 2386 331 2438 Καὶ
358 2387 462 2457 γὰρ
496 2388 567 2445 τὰ
627 2386 756 2458 βέλη
806 2386 904 2441 τοῦ
959 2386 1189 2441 δυνατοῦ
1251 2385 1388 2440 Θεοῦ
1470 2386 1789 2458 ἠκονημένα

1897 2392 2123 2447 suadere
2149 2393 2363 2457 nititur,
2400 2391 2732 2447 tristandum
2762 2391 2811 2445 ei
2842 2391 3067 2445 minime
3111 2405 3236 2447 csse
3259 2428 3275 2454 ,
3339 2406 3462 2445 cum

234 2476 354 2529 κατά
387 2478 717 2550 παρανόμων
774 2477 870 2532 καὶ
898 2477 1093 2532 δολίων
1143 2477 1283 2548 μετά
1335 2475 1623 2548 ἀνθράκων
1656 2479 1788 2550 ἐρη-

1909 2484 2129 2539 ιοιεηιίε
2163 2482 2255 2537 Dei
2300 2482 2513 2551 sagittae
2549 2490 2727 2537 acutae
2777 2479 2987 2537 eﬂ’ecta:
3033 2483 3143 2538 sint
3196 2483 3474 2539 adversus

237 2569 666 2637 μοποιῶν,“ὦστε
696 2572 935 2642 τέμνειν,
966 2570 1065 2625 καὶ
1091 2571 1289 2637 καίειν,
1349 2570 1453 2624 καὶ,
1504 2571 1789 2640 ἀφανίζειν

1902 2575 2113 2645 iniquos
2206 2582 2261 2628 et
2290 2572 2556 2638 dolosas,
2582 2581 2638 2628 et
2679 2587 2805 2628 cum
2860 2572 3211 2628 desolaloriis
3255 2573 3467 2643 pariter

232 2661 427 2724 αύτούς.
454 2662 599 2734 Βέλη
634 2662 694 2716 δὲ
751 2663 847 2716 καὶ
889 2662 1172 2733 ἄνθρακας
1220 2663 1319 2727 τὰς
1355 2662 1650 2733 διαφόρους
1703 2680 1790 2716 τι-

1898 2667 2224 2722 carbonibus
2250 2673 2477 2737 paratze,
2547 2664 2621 2719 ita
2653 2672 2717 2718 ut
2749 2664 2922 2734 iniqui
2978 2664 3123 2719 l’crro
3180 2664 3422 2719 caedendi
3448 2706 3463 2725 ,

237 2753 426 2821 μωρίας
457 2753 764 2824 ὠνόμασεν.
814 2754 1076 2825 Ἐνόησαν
1105 2752 1160 2808 δέ
1210 2770 1350 2818 τινες
1401 2755 1629 2807 δυνατὸν
1690 2754 1791 2825 μὲν

1903 2767 2057 2830 atque
2084 2760 2206 2829 igne
2255 2758 2522 2815 exureudi
2549 2797 2565 2823 ,
2621 2766 2678 2812 et
2706 2758 2926 2828 penitus
2952 2755 3171 2811 delendi
3198 2756 3341 2812 sint.
3364 2755 3468 2811 Per

233 2846 313 2897 τὸν
347 2845 611 2913 διάϐολον,
665 2845 741 2910 ὡς
789 2846 1159 2917 κατισχύοντα
1207 2845 1317 2900 τῶν
1373 2847 1787 2918 ῥᾳθυμούντων·

1903 2850 2120 2921 sagittas
2150 2857 2329 2903 autem
2362 2856 2416 2903 et
2450 2848 2720 2903 carbones
2753 2847 2905 2903 varia
2940 2846 3338 2916 suppliciorum
3405 2861 3468 2902 ac

236 2934 350 3007 βέλη
375 2938 429 2991 δὲ
457 2939 627 2994 αὐτοῦ
659 2938 976 3010 ¹Ιξκονημένα
1006 2937 1124 3009 μετ’
1159 2938 1452 3011 ἀνθράκων
1497 2940 1790 3009 ἄφανιστι-

1902 2956 2183 3013 poenarum
2219 2954 2418 3010 genera
2447 2939 2721 3011 intelligit.
2766 2939 3002 3005 Quidam
3044 2954 3175 2994 vero
3227 2955 3323 3009 per
3369 2955 3467 3011 po-

234 3027 336 3081 κῶν
377 3033 505 3095 τοὺς
555 3032 831 3100 ἐμπαθεῖς
869 3032 1187 3105 λογισμοὺς,
1222 3032 1390 3097 ὀξέως
1424 3032 1790 3103 είσδύνοντας,

1911 3042 2100 3089 Lentem
2136 3032 2321 3087 hocin
2359 3032 2480 3086 loco
2539 3031 2820 3085 diabolum
2854 3030 3160 3101 signiﬁcari
3191 3030 3476 3096 dixerunt,

234 3123 319 3174 xui
338 3122 806 3195 ἐμπιμπρῶντας,
856 3124 949 3177 καὶ
994 3122 1363 3193 ἀφανίζοντας
1419 3122 1520 3193 τὴν
1566 3123 1788 3193 ἀρετήν·

1909 3139 2154 3195 .anquam
2184 3123 2605 3178 invalescentem
2628 3123 2892 3178 adversus
2916 3122 3248 3192 negligentes
3306 3136 3474 3194 atque

233 3211 317 3277 οὓς
368 3215 462 3269 καὶ
492 3217 519 3269 6
566 3214 895 3278 Ἀπόστολος
939 3214 1070 3284 βέλη
1096 3216 1469 3287 πεπυρωμένα
1513 3214 1791 3269 ἐκάλεσεν.

1902 3220 2124 3283 inertes,
2144 3225 2200 3272 et
2223 3232 2319 3287 per
2338 3215 2564 3285 sagittas
2588 3229 2713 3269 cum
2735 3215 3074 3270 carbonibus
3091 3216 3462 3279 desolatoriis,

232 3300 352 3360 Εἶτα
368 3308 535 3363 πάλιν
562 3309 590 3361 6
616 3307 773 3376 λόγος
793 3305 1026 3374 ἀπὸτοῦ
1046 3305 1406 3372 ἱκετεύοντος.

1910 3311 2263 3384 cogitationes
2315 3324 2676 3380 quascunque
2732 3309 3051 3379 passionum
3117 3317 3281 3379 atque
3344 3309 3475 3364 alie-

228 3405 400 3454 ctuum
429 3399 643 3470 plenas.
707 3402 843 3457 Nam
871 3410 927 3457 et
957 3402 1068 3457 cito
1101 3404 1426 3475 sagittarum
1465 3405 1646 3463 instar
1695 3417 2004 3479 penetrant,
2034 3417 2087 3464 et
2109 3407 2436 3470 carbonum,
2486 3410 2589 3462 hoc
2647 3415 2754 3471 est,
2813 3404 3119 3461 ardentium
3175 3421 3473 3474 prunarum

228 3489 388 3547 instar
414 3494 741 3561 incendunt,
766 3502 823 3550 et
854 3494 1111 3551 virtutem
1137 3496 1321 3552 delent
1347 3515 1361 3551 :
1393 3500 1779 3571 quasqueipse
1817 3502 1985 3557 etiam
2016 3500 2322 3571 Apostolus
2345 3499 2614 3559 carbones
2642 3498 2783 3569 ignis
2821 3497 3112 3568 appellavit
3142 3496 3213 3552 ⁸⁸.
3268 3497 3477 3554 Deinde
3592 3530 3599 3536 ι

229 3602 404 3645 rursus
434 3602 622 3645 sermo
644 3597 728 3644 est
759 3602 826 3645 ex
862 3603 1096 3659 persona
1142 3591 1504 3660 supplicantis
1558 3593 1744 3662 pepuli
1785 3592 2073 3663 (sequitur
2113 3590 2304 3654 enim)
2342 3607 2359 3644 :

291 3679 466 3750 αμοι,
487 3683 580 3737 ὅτι
624 3684 662 3752 ἠ
709 3684 991 3752 stupenda
1031 3700 1153 3754 μου
1209 3686 1573 3755 ἐμακρύνθη.
1634 3688 1698 3741 Ἦ
1738 3688 1798 3740 ὲν

1976 3686 2139 3743 Vsus.
2167 3687 2221 3741 ὅ.
2248 3685 2361 3739 Heu
2392 3685 2540 3750 mihi,
2567 3682 2695 3754 quia
2716 3682 3071 3753 peregrinatio
3113 3698 3228 3737 mea
3265 3684 3482 3751 prolon-

230 3772 529 3843 Βαδυλῶνι,
570 3774 606 3847 ἢ
658 3775 719 3830 ἐν
775 3775 1161 3847 αἰχμαλωσίᾳ*
1193 3776 1526 3849 ἀποδύρεται
1578 3780 1687 3849 γὰρ
1739 3778 1795 3832 τδ

1917 3786 2024 3848 pata
2052 3787 2153 3834 est.
2189 3777 2251 3832 In
2285 3776 2564 3848 Babylone
2599 3775 2879 3840 nimirum,
2911 3790 3007 3830 seu
3034 3776 3088 3830 in
3139 3776 3482 3848 captivitate,

231 3866 481 3931 πολυετὲς
511 3868 707 3939 αὐτῆς.

1899 3871 2057 3941 cujus
2080 3884 2228 3925 nunc
2259 3867 2677 3924 diuturnitatem
2706 3866 2977 3937 deplorat.

292 3957 743 4028 Κατεσκήνωσα
770 3960 920 4028 μετὰ
959 3957 1077 4013 τῶν
1120 3961 1528 4031 σκηνωμάτων
1573 3962 1795 4032 Κηδὰρ.

1974 3960 2226 4016 Habitavi
2254 3976 2373 4015 cum
2413 3958 2770 4013 tabernaculis
2809 3955 3008 4013 Cedar.
3058 3957 3310 4012 Hahitavi
3343 3998 3359 4021 ,
3396 3958 3481 4012 in-

231 4051 404 4105 Μέσον
428 4054 543 4106 τῶν
571 4054 951 4120 σκηνωμάτων
996 4053 1221 4124 Κηδάρ·
1277 4054 1636 4110 ἁποκλαίεται
1692 4057 1796 4128 γὰρ

1914 4055 2046 4125 quit,
2072 4055 2126 4109 in
2162 4054 2342 4110 medio
2365 4052 2844 4113 tabernaculorum
2880 4049 3076 4106 Cedar.
3103 4050 3255 4108 lianc
3273 4051 3479 4108 etenim

231 4143 318 4197 καὶ
367 4143 552 4198 τοῦτο.
582 4143 778 4214 Κηδὰρ
818 4143 877 4197 δὲ
926 4142 1083 4215 χώρα
1127 4144 1211 4209 τίς
1259 4146 1375 4199 ἐστι
1418 4147 1796 4218 παρακειμένη

1919 4146 2186 4202 miseriam
2218 4145 2380 4201 etiam
2405 4144 2677 4214 deplorat.
2712 4143 2891 4200 Cedar
2922 4152 3107 4200 autem
3153 4143 3306 4214 regio
3335 4158 3484 4215 quat-

230 4236 617 4305 Βαὸυλωνίοις,
648 4228 944 4309 οἰκήτορας
980 4237 1182 4308 ἔχουσα
1234 4237 1558 4311 βδελυρούςο
1617 4240 1674 4293 ὲν
1721 4233 1795 4301 οἷς

1920 4238 2029 4292 iam
2057 4249 2141 4292 est
2189 4235 2448 4307 Babyloni
2482 4237 2751 4305 proxima.
2778 4249 2899 4301 quae
2920 4234 3264 4289 habitatores
3283 4250 3485 4302 pravos

231 4330 318 4384 καὶ
337 4332 542 4397 αὐτοὺς
569 4333 620 4387 οἱ
648 4332 982 4387 Βαϐυλώνιοι
1018 4330 1256 4403 σκηνοῦν
1281 4307 1499 4399 ἒὲαξαν.
1541 4332 1697 4386 Ἐπεὶ
1723 4331 1796 4384 ’δὲ

1913 4329 2165 4385 habebat.
2199 4328 2346 4384 Inter
2397 4328 2498 4382 hos
2526 4340 2653 4381 vero
2679 4325 2963 4395 Babylonii
2984 4323 3204 4378 Judteos
3228 4324 3478 4379 habitare

233 4425 420 4497 Κηδὰρ
448 4425 804 4496 σκοτασμὸς
828 4424 1219 4496 ἑρμηνεύεται,
1252 4424 1479 4489 εἰκότως
1511 4423 1798 4496 θρηνοῦσιν

1924 4427 2233 4477 ιιοιιιριτιιιι.
2259 4421 2323 4473 Et
2342 4418 2469 4488 quia
2483 4417 2658 4472 Cedar
2703 4417 3092 4485 interpretatur
3106 4414 3489 4479 obtenebratio,

229 4520 273 4574 οί
324 4518 800 4590 κατασκηνοῦντες
862 4519 921 4574 ἒν
972 4520 1084 4581 τοῖς
1154 4517 1477 4590 σκηνώμασι
1530 4517 1625 4572 τοῦ
1676 4534 1794 4571 σκο·

1925 4512 2107 4568 merito
2139 4511 2174 4566 ii
2207 4510 2300 4567 aui
2335 4513 2476 4564 inter
2521 4508 2865 4565 tenebrarum
2920 4507 3278 4561 tabernacula
3334 4507 3490 4561 babi-

229 4613 462 4683 τασμοῦ.
496 4611 842 4682 Σκηνώματα
870 4610 927 4663 δὲ
954 4609 1266 4681 σκοτασμοῦ
1320 4613 1353 4683 ἡ
1382 4613 1441 4665 ὲν
1464 4613 1576 4676 τοῖς
1610 4610 1794 4666 πάθεσι

1924 4609 2054 4667 iant,
2089 4602 2478 4657 lamentantur.
2532 4601 2834 4657 Possumus
2894 4606 3074 4653 autem
3130 4597 3489 4652 tenebrarum

226 4704 504 4778 διατριϐὴ,
527 4707 638 4769 τοῖς
663 4703 972 4769 σκοτίζουσι
1005 4702 1096 4757 τὸν
1115 4702 1277 4757 νοῦν.

1929 4692 2325 4751 ,αὺθτιιοοιιιιιηι
2356 4691 2653 4761 appellare,
2688 4704 2900 4744 moram
2933 4689 3078 4743 illam
3108 4729 3123 4754 ,
3152 4703 3217 4744 ac
3259 4704 3494 4744 consuc-

1913 4787 2177 4850 tudinem,
2214 4800 2378 4855 quam
2414 4784 2538 4854 quis
2570 4784 2713 4840 inter
2756 4782 2926 4839 animi
2980 4782 3205 4839 aﬂ‘ertus
3264 4788 3317 4837 et
3366 4798 3495 4853 pas‘

1915 4880 2101 4934 siones
2134 4877 2309 4939 ducit,
2344 4891 2466 4947 qua:
2501 4883 2735 4930 mentem
2769 4875 3159 4932 obtenebraut.

297 4968 511 5023 IIon
532 4967 896 5038 παρῴκησεν
927 4968 969 5037 ἡ
1018 4968 1190 5038 ψυχή
1244 4985 1386 5038 μου.
1452 4967 1633 5023 Πολλὰ
1687 4967 1807 5040 ἐτη,

1989 4969 2219 5024 ﬁnitum
2246 4970 2580 5039 peregrinata
2621 4976 2700 5022 est
2731 4968 2914 5023 anima
2932 4984 3071 5022 mea.
3102 4965 3288 5020 Multis
3335 4964 3494 5018 annis

230 5058 397 5114 πολὺν
424 5058 760 5131 παρῴκησεν
787 5060 980 5132 καιρὸν
1015 5063 1073 5113 ὲν
1101 5063 1169 5132 τῇ
1198 5060 1570 5131 αἰχμαλωσίᾳ.

1915 5077 1981 5118 ac
2011 5063 2171 5134 longo
2196 5070 2441 5132 tempore
2478 5061 2531 5115 in
2560 5060 2877 5129 captivitate
2913 5059 3201 5130 peregrina
3232 5057 3357 5110 fuit.

300 5153 470 5207 Μετὰ
498 5152 620 5206 τῶν
638 5154 984 5223 μισούντων
1004 5153 1116 5219 τὴν
1147 5153 1416 5223 είρήνην,
1446 5152 1614 5223 ἥμην
1651 5156 1810 5222 εἰρη-

1990 5155 2151 5210 Vsns.
2176 5153 2229 5209 6.
2249 5153 2379 5210 Cum
2402 5154 2466 5207 iis
2482 5153 2575 5223 qui
2594 5152 2818 5205 oderant
2838 5164 3200 5218 pacem,eram
3220 5145 3492 5217 paciﬁcus.

227 5246 419 5311 νικός.
489 5246 646 5300 Μετὰ
688 5247 799 5299 τῶν
849 5246 1168 5316 φιλονείκων
1223 5247 1476 5308 ἐκείνων,
1539 5245 1648 5299 τῶν
1711 5246 1792 5316 τῆς

1934 5246 2051 5303 Iunt
2082 5246 2443 5303 contentiosis
2460 5244 2570 5298 illis
2596 5242 2912 5297 hominibus
2937 5239 3132 5301 Cedar,
3155 5252 3343 5308 pacem
3370 5252 3499 5308 age-

228 5338 421 5409 Κηδὲιρ
484 5338 784 5410 είρήνευον,
831 5340 932 5394 οὐκ
974 5338 1370 5411 ἀνθιστάμενος
1433 5339 1617 5404 αὐτοῖς
1682 5342 1793 5412 περ¹

1935 5354 2196 5407 tam,nec
2220 5354 2316 5410 pro
2345 5337 2619 5393 mundana
2661 5340 2757 5388 aut
2808 5330 3096 5401 temporali
3149 5345 3205 5383 re
3256 5327 3364 5382 ulla
3420 5334 3500 5383 eis

229 5425 493 5497 βιωτικοῦ
546 5444 692 5492 τινος
720 5429 1070 5502 πράγματος,
1121 5429 1262 5484 ἀλλὰ
1310 5431 1685 5504 παραχωρῶν,
1735 5431 1794 5494 ὡς

1935 5434 2286 5490 idversabar:
2319 5430 2588 5502 quinimo,
2622 5435 2680 5482 ut
2709 5424 2956 5495 captivus
3004 5422 3191 5478 omnia
3239 5420 3349 5476 illis
3377 5435 3500 5491 pcr-

229 5517 609 5589 αἱχμάλωτος.
639 5519 891 5575 Παιδεύει
919 5522 975 5576 δὲ
1008 5520 1106 5576 καὶ
1138 5521 1288 5593 ἡμᾶς
1335 5522 1363 5574 6
1409 5521 1564 5591 λόγος
1633 5520 1794 5575 τοιού-

1936 5527 2227 5582 nittebam.
2260 5524 2526 5577 Docemur
2548 5528 2731 5575 autem
2762 5519 2850 5574 his
2884 5516 3073 5571 verbis
3107 5515 3241 5571 tales
3294 5515 3407 5569 lleri
3448 5522 3501 5569 et

228 5624 356 5674 τους
380 5612 655 5680 γίνεσθαι,
688 5613 782 5666 καὶ
807 5613 946 5685 μετὰ
976 5615 1197 5670 πάντων
1251 5613 1557 5687 εἰρηνεύειν
1577 5629 1592 5645 ⁶
1627 5614 1676 5667 εἰ
1705 5613 1793 5683 γὰι

1936 5631 2028 5673 nos
2054 5656 2071 5681 ,
2098 5629 2219 5670 cum
2250 5612 2507 5667 omnibus
2537 5608 2749 5665 scilicet
2779 5622 2966 5678 pacem
3017 5604 3237 5659 habere.
3282 5602 3416 5657 Nam
3454 5604 3501 5656 si

230 5703 377 5770 μετὰ
396 5704 513 5759 τῶν
567 5705 870 5774 μισούντων
922 5708 1021 5780 τὴν
1075 5708 1320 5782 εἰρήνην,
1381 5706 1559 5779 πολλῷ
1618 5707 1795 5779 μᾶλλοε

1941 5721 2050 5763 tum
2083 5705 2151 5762 iis
2180 5704 2368 5767 etiam,
2399 5701 2492 5776 qui
2527 5716 2716 5772 pacem
2746 5701 2919 5771 ipsam
2953 5696 3210 5763 oderunt,
3244 5694 3506 5760 paciliros

306 5886 354 5918 “
386 5882 557 5941 Rom.
603 5902 702 5953 xtl,
734 5885 827 5943 20.
