3964 6616
546 444 683 512 1137
1766 441 2151 505 EUTHYMII
2203 443 2568 507 ZlGABENl
3637 453 3746 521 1188

540 574 642 614 nos
665 573 784 614 esse
817 558 1223 628 decet,quanto
1255 558 1426 628 magis
1472 572 1598 612 cum
1646 558 1714 612 iis
1768 559 1862 629 qni
1913 574 2102 629 pacem

2212 566 2355 631 μετὰ
2382 564 2492 616 τῶν
2518 565 2860 631 ἀγαπώντων
2891 565 3083 637 αὑτήν.
3127 565 3392 635 Ἐσόμεθα
3421 566 3480 620 δὲ
3534 572 3746 637 τοιοῦτοι,

541 648 848 703 amaverint
880 651 893 702 !
931 649 1145 703 Erimus
1175 658 1357 703 autem
1383 649 1558 716 tales,
1591 650 1634 704 si
1667 652 1830 705 veluti
1859 652 2106 721 hospites

2210 653 2307 707 ἐὰν
2332 655 2408 717 ὡς
2431 655 2573 721 ξένοι
2609 655 3000 726 διατρίϐωμεν⁹
3045 658 3143 711 ἐὰν
3200 657 3277 720 ὡς
3324 657 3580 729 πάροικοι
3626 661 3750 729 πολι-

541 746 705 808 atque
728 740 896 794 exteri
932 740 984 794 in
1012 741 1116 795 hoc
1170 740 1374 794 mundo
1421 741 1735 805 vixerimus,
1772 744 1815 798 si
1848 752 2106 812 tanquam

2214 744 2525 815 πενώμεθα,
2563 747 2637 818 μὴ
2678 750 2887 819 σφόδρα
2936 750 3045 803 τῶν
3074 751 3363 823 παρόντων
3414 752 3746 822 ἀντεχόμενοι,

540 830 809 899 peregrini
856 833 1303 887 conversabimur
1331 873 1345 899 ,
1399 847 1509 887 non
1557 837 1957 889 contendentes
2007 850 2105 904 pro

2016 850 2107 904 pro
2213 838 2349 908 μηδ’
2384 838 2459 903 ὡς
2483 841 2863 910 παραμένουσι
2892 844 3322 912 προστρέχοντες
3351 842 3581 906 τούτοις.

538 923 895 991 pra-sentibus
927 922 1089 994 hujus
1120 926 1305 979 saeculi
1338 924 1523 989 rebus,
1563 940 1738 995 neque
1768 926 2012 979 animum
2051 928 2105 979 lu
2145 926 2227 981 eis
2259 931 2416 999 quasi
2446 931 2500 989 in
2529 933 2976 1001 permanentibus
3041 948 3105 988 ac
3142 935 3418 1004 perpetuis
3464 934 3622 990 rebus
3667 952 3747 1007 po-

536 1023 750 1070 ιιοιιιοε.

602 1106 737 1161 Cum
788 1106 1037 1175 loquebar
1085 1107 1216 1171 illis,
1261 1109 1635 1177 oppugnabant
1672 1124 1753 1162 me
1797 1110 1991 1176 gratis.
2039 1137 2102 1149 ~—

2282 1111 2471 1164 Ὅταν
2494 1109 2764 1164 ἐλάλουν
2786 1111 3012 1176 αὐτοις,
3048 1109 3391 1179 ἐπολέμουν
3426 1126 3505 1179 με
3533 1112 3747 1180 δωρεάν.

541 1203 719 1256 Gratis
745 1201 881 1256 dixit
910 1217 1006 1271 pro
1041 1204 1151 1256 sine
1190 1220 1355 1258 causa
1381 1244 1395 1269 ,
1429 1204 1636 1258 nullam
1691 1204 1952 1259 nimirum
2005 1219 2100 1259 ec-

2209 1204 2383 1257 Ὅταν
2410 1203 2633 1257 ἐλάλουν
2651 1203 2834 1267 αὐτοῖς
2859 1204 3139 1274 είρηνικά,
3165 1203 3469 1272 ἐπολέμουν
3493 1220 3557 1273 με
3581 1204 3748 1273 μάτην,

530 1295 807 1349 casionem
840 1294 1122 1357 habentes,
1149 1295 1242 1350 sed
1280 1303 1482 1351 temere
1505 1297 1689 1351 omnia
1714 1297 2095 1351 administran-

2212 1297 2485 1368 μηδεμίαν
2514 1294 2767 1367 ἀφορμὴν
2806 1295 3044 1366 ἔχοντες,
3068 1295 3165 1350 καὶ
3196 1295 3315 1349 οὐδὲ
3348 1294 3468 1349 τότε
3490 1295 3748 1365 ἐφείδοντο·

532 1399 613 1443 tcs
648 1402 663 1440 :
692 1386 838 1456 quod
870 1401 933 1441 ex
960 1399 1025 1441 eo
1070 1389 1381 1457 perspicere
1424 1389 1590 1453 licet,
1641 1391 1786 1459 quod
1840 1404 1938 1443 nec
1973 1399 2097 1443 tunc

1514 1398 1551 1442 ll
1575 1428 1590 1453 ,
1641 1391 1786 1459 quod
1840 1404 1938 1443 nec
1973 1399 2102 1443 tunc
2208 1390 2323 1458 ἐγὼ
2357 1390 2413 1442 δὲ
2453 1389 2548 1442 καὶ
2577 1388 2750 1451 οὕτως
2777 1389 3079 1459 είρήνευον.

412 1528 417 1537 ,
528 1478 824 1548 parcebant
866 1478 1019 1540 mibi,
1054 1478 1276 1548 quando
1309 1496 1410 1551 ego
1449 1482 1675 1552 paciﬂce
1697 1481 1926 1552 agebam
1972 1495 2097 1535 cum

530 1587 635 1627 υιε.

996 1688 1278 1744 Canticum
1312 1706 1643 1746 ascensuum.

2630 1675 2768 1751 ’ῼδὴ
2799 1678 2907 1733 τῶν
2956 1671 3360 1747 Ἀναόιιθμῶν.

1050 1800 1371 1858 ρεΑωιυδ
1410 1802 1573 1860 CXX.

2771 1794 3067 1850 ΨΔΛΜΟΣ
3094 1795 3227 1848 ΡΚ’.

612 1910 769 1967 v’ens.
800 1916 854 1969 1.
883 1914 1071 1970 Levavi
1108 1915 1287 1972 oculos
1317 1934 1458 1972 meos
1491 1919 1543 1972 iu
1581 1928 1781 1974 montes
1804 1959 1820 1985 ,
1850 1920 1988 1975 unde
2018 1938 2099 1976 οε·
2129 1955 2173 2014 Β

2278 1909 2433 1980 Ἦρα
2470 1909 2613 1976 τοὺς
2645 1908 2992 1977 ὀφθαλμούς
3012 1923 3133 1975 μου
3178 1907 3267 1971 εἷς
3324 1902 3399 1958 τὰ
3450 1903 3577 1973 ὅρη,
3776 1936 3796 1949 ι

525 2004 629 2058 niet
665 2004 924 2058 auxilium
962 2005 1113 2062 mihi.
1158 2005 1272 2062 Hoc
1319 2009 1534 2064 cantico
1577 2023 1642 2063 ea
1678 2010 1844 2064 verba
1897 2011 2090 2079 przedi-

2207 2007 2339 2075 ἣξει
2370 2000 2681 2070 ἠβοήθειὰ
2709 2017 2851 2069 μου.
2901 1995 3051 2067 Αὕτη
3109 1998 3143 2067 ἠ
3203 1995 3314 2068 ᾠδὴ
3359 1993 3676 2066 προφητεύει
3719 1994 3752 2050 ἃ

524 2106 724 2151 cuntur
750 2112 783 2150 a
817 2094 1087 2166 Propheta
1111 2134 1127 2161 ,
1172 2112 1294 2167 quae
1341 2098 1546 2153 dicturi
1587 2108 1747 2154 erant
1777 2098 2089 2156 Judmorum

2202 2100 2409 2167 ελεγον,
2438 2096 2736 2166 ἀρξάμενοι
2784 2090 3117 2146 ἀναϐαίνειν.
3163 2091 3301 2159 ὀρη
3328 2089 3387 2142 δὲ
3455 2088 3595 2157 λέγει
3644 2089 3750 2150 τοὺς

524 2186 770 2255 captivi,
804 2201 928 2240 cum
957 2202 1022 2241 ex
1076 2186 1348 2258 Babylone
1392 2188 1697 2245 discessuri
1745 2200 1982 2257 essent,
2040 2200 2089 2247 et

2200 2190 2467 2260 οὐρανοὺς
2519 2186 2610 2240 διὰ
2640 2185 2701 2238 τὸ
2724 2184 2884 2252 ὕψος.
2927 2180 3169 2238 Ἐκεῖθεν
3198 2182 3308 2252 γὰρ
3330 2178 3555 2249 ῆλπιζον
3598 2177 3750 2232 ἐλθεῖν

524 2281 809 2336 ascensuri
838 2281 893 2335 in
919 2279 1243 2336 Jerusalem.
1278 2280 1381 2337 Per
1434 2292 1647 2337 montes
1691 2292 1875 2338 autem
1921 2283 2089 2339 eteius

2200 2283 2388 2345 αὐτοῖς
2470 2278 2604 2363 τὴνΔ
2646 2276 2868 2363 συνήθη.
2931 2275 3223 2363 βοήθειαν,
3291 2271 3749 2363 ⁸παραπέμπουσιν

522 2369 777 2444 intelligit
800 2410 816 2437 ,
843 2371 915 2427 ob
937 2387 1206 2428 summam
1242 2373 1455 2429 scilicet
1487 2389 1679 2430 eorum
1723 2375 2087 2430 altitudinem.

1905 2375 2093 2429 linem.
2201 2369 2487 2429 ἀϐλαδεῖς.
2528 2359 2681 2420 Ἐἶτα
2725 2366 2822 2419 καὶ
2850 2359 3142 2433 σαφηνίζει
3162 2361 3254 2414 τον
3290 2359 3470 2426 λόγον.

522 2465 676 2524 illinc
700 2467 900 2522 etenim
935 2465 1228 2537 sperabant
1249 2466 1615 2523 adveniurum
1663 2469 1770 2526 sibi
1804 2484 1928 2526 esse
1955 2477 2282 2523 consuetum
2307 2464 2400 2520 Dei
2431 2461 2720 2525 auxilium,
2747 2475 2859 2530 quo
2916 2459 3156 2515 ducente
3214 2455 3369 2513 illusi
3433 2456 3491 2510 in
3544 2451 3748 2524 patriam

526 2564 892 2633 pervenirent.
953 2560 1156 2616 Deinde
1197 2577 1507 2619 sermonem
1553 2579 1715 2619 suum
1772 2566 1947 2635 magis
2001 2564 2268 2631 declarat,
2300 2562 2492 2617 dicens
2525 2574 2545 2613 :

593 2654 761 2710 Vens.
789 2654 845 2708 2.
874 2654 1153 2709 Auﬁlium
1178 2672 1349 2710 meum
1377 2674 1410 2711 a
1442 2658 1688 2726 Domino,
1710 2660 1799 2729 qui
1828 2660 1954 2730 fecit
1971 2676 2079 2714 caa~

2284 2658 2357 2712 Ἦ
2377 2652 2634 2722 βοήθειά
2666 2670 2786 2723 μου
2812 2668 2972 2720 παρα
3003 2653 3227 2721 Κυρίου
3263 2649 3373 2706 τοῦ
3408 2649 3748 2721 ποιήσαντος

524 2748 634 2801 tum
684 2757 737 2802 et
757 2756 974 2802 terram.
1007 2747 1090 2802 Ab
1118 2763 1184 2803 eo
1206 2749 1304 2818 qui
1354 2764 1480 2805 vere
1518 2752 1786 2806 Dominus
1823 2761 1928 2806 est.
1955 2752 2089 2808 Pro-

2201 2750 2309 2805 τὸν
2345 2748 2608 2812 οὐρανὸν
2638 2746 2738 2799 καὶ
2778 2744 2896 2814 τὴν
2947 2743 3084 2814 γῆν.
3127 2742 3239 2796 Τοῦ
3287 2743 3503 2814 ἀληθῶς
3546 2744 3745 2814 Κυρίου.

523 2837 704 2907 prium
731 2837 878 2892 enim
905 2835 999 2892 Dei
1038 2846 1158 2904 est,
1203 2847 1263 2893 ut
1312 2841 1558 2895 omnium
1604 2851 1823 2896 creator
1856 2844 2088 2908 dicatur,

2207 2842 2368 2894 Ἶδιον
2395 2840 2504 2911 γὰρ
2535 2839 2598 2891 τὺ
2627 2837 3026 2909 δημιουργικὸν
3048 2837 3142 2890 τοῦ
3175 2835 3335 2890 Θεοῦ.
3366 2837 3479 2891 Καὶ
3505 2839 3627 2908 ἡμῖν
3646 2832 3743 2901 οὖν,

523 2943 650 2984 cum
680 2930 798 2999 ipse
830 2930 984 2985 solus
1016 2929 1110 2995 sit,
1150 2930 1245 3000 qui
1280 2932 1456 3000 possit
1478 2945 1688 2987 creare.
1724 2932 1792 2986 Et
1844 2948 1945 2988 nos
1991 2933 2088 3005 igi-

2204 2935 2301 2988 ἐὰν
2327 2934 2550 3004 ἅρωμεν
2574 2930 2703 2993 τοὺς
2734 2930 3051 2999 ὀφθαλμοὺς
3073 2929 3173 2998 τῆς
3204 2928 3387 2999 ψυχῆς
3415 2931 3497 2991 εἰς
3538 2930 3622 2981 τὸν
3667 2930 3746 2981 οὐ.

525 3031 616 3075 tur
642 3022 689 3075 si
714 3022 912 3075 anima:
936 3021 1126 3077 oculos
1159 3023 1213 3076 in
1251 3022 1451 3077 caelum
1483 3025 1867 3088 levaverimus,
1887 3040 2090 3096 eosque

2203 3025 2807 3099 ρανὺν,ἀποστήσαντες
2834 3024 3031 3085 αὐτοὺς
3052 3022 3163 3076 τῶν
3184 3026 3390 3094 γηΐνων
3412 3023 3744 3094 πραγμάτων,

522 3129 554 3167 a
581 3113 811 3168 terrenis
854 3114 1020 3170 rebus
1059 3114 1316 3170 omnibus
1369 3114 1799 3184 dimoverimus,
1848 3117 2087 3172 divinum

1558 3116 1763 3172 erimus
1783 3157 1799 3184 ,
1848 3117 2094 3172 divinum
2201 3120 2234 3187 ἠ
2266 3116 2493 3189 βοήθεια
2519 3115 2672 3187 παρὰ
2702 3115 2911 3185 Κυρίου
2945 3114 3123 3170 ἔσται.

524 3205 690 3260 simili
721 3205 882 3261 modo
904 3220 1311 3277 consequemur
1346 3208 1638 3263 auxilium.

593 3317 758 3374 Vens.
788 3318 843 3373 3.
882 3320 960 3373 Ne
997 3319 1088 3373 des
1132 3320 1186 3373 in
1236 3321 1637 3376 commotionem
1670 3322 1851 3386 pedem
1901 3331 2048 3377 tuum
2073 3366 2090 3390 ,

2257 3315 2356 3385 Μὴ
2391 3314 2548 3383 64m;-
2576 3318 2663 3381 εἰς
2686 3314 2885 3369 σάλον
2898 3314 3004 3367 τὸν
3027 3313 3182 3367 πόδα
3208 3331 3347 3378 σου,
3372 3315 3528 3384 μηδέ
3550 3314 3745 3369 φυστή·

520 3428 681 3481 neque
712 3410 957 3465 dormitet
986 3412 1076 3482 qui
1123 3413 1352 3466 custodit
1393 3423 1462 3469 te.
1509 3412 1624 3470 Hoc
1668 3415 1736 3470 ad
1788 3414 2085 3472 fraternum

2200 3409 2277 3476 ξῃ
2309 3411 2343 3462 d
2370 3407 2714 3478 φυλάσσων
2743 3421 2836 3460 σε.
2875 3404 3050 3460 Τοῦτο
3109 3406 3490 3476 φιλαδελφίας,
3541 3408 3744 3461 ἕκαστον

520 3517 762 3557 amorem
799 3503 1069 3572 pertinet,
1103 3509 1163 3557 ut
1211 3503 1595 3576 unusquisque
1649 3520 1750 3575 pro
1792 3505 1967 3561 altero
2015 3508 2085 3562 et.

2199 3500 2431 3553 ἑκάστου
2491 3497 2914 3569 ὑπερεύχεσθαι.
2951 3498 3043 3570 Μὴ
3084 3497 3226 3568 δῴης
3277 3501 3360 3562 είς
3421 3497 3741 3570 παρατροπὴ*

522 3595 751 3652 [illidere
785 3599 853 3650 ad
888 3596 1057 3650 Deum
1086 3611 1278 3667 preces
1304 3596 1576 3654 addiscat.
1620 3598 1698 3653 Ne
1725 3598 1861 3664 des,
1894 3598 2087 3668 inquit,

2198 3592 2293 3645 τὸν
2331 3591 2465 3657 πόδα
2499 3606 2619 3658 σου,
2685 3590 2818 3661 μηδὲ
2876 3591 3298 3661 παρατραπείης
3366 3591 3471 3661 τῆς
3534 3591 3737 3651 εὐθείας,

520 3691 710 3760 pedem
741 3699 892 3744 tuum
930 3688 984 3742 in
1014 3691 1467 3756 commotionem,
1493 3691 1597 3746 boc
1626 3699 1732 3754 est,
1768 3691 1823 3744 in
1854 3690 2060 3745 ﬂuctus

2197 3682 2321 3753 ἥτις
2346 3682 2497 3736 ἐστὶν
2521 3684 2556 3752 ή
2586 3682 2843 3751 ἐνάρετος
2872 3682 2992 3744 ὁδός
3014 3699 3031 3713 ·
3063 3683 3201 3754 μηδὲ
3243 3682 3335 3735 διὰ
3381 3683 3537 3736 τοῦτο
3574 3682 3739 3734 νυστά-

520 3782 725 3835 tionem
757 3797 773 3835 :
803 3796 982 3852 neque
1007 3794 1037 3834 a
1071 3791 1223 3836 recta
1259 3784 1528 3838 virtutum
1559 3783 1648 3838 via
1689 3783 1993 3847 avertaris,
2028 3799 2085 3839 ne

2201 3776 2290 3843 ξαι
2321 3776 2350 3828 ὁ
2376 3776 2666 3844 φυλάσσων
2706 3791 2765 3827 σε
2790 3774 2943 3838 Θεὸς,
2978 3774 3055 3845 μὴ
3109 3775 3199 3828 διὰ
3245 3774 3407 3829 τοῦτο
3461 3776 3741 3847 ρᾳθυμήσαι

522 3874 728 3927 idcirco
766 3872 881 3943 ipse
916 3876 1081 3928 etiam
1123 3874 1264 3928 Deus
1286 3916 1300 3939 ,
1335 3874 1429 3944 qui
1460 3883 1511 3928 te
1537 3874 1819 3928 custodire
1852 3875 2087 3938 solebat,

2202 3871 2332 3940 περὶ
2349 3868 2448 3939 τὴν
2469 3868 2721 3939 φυλακήν
2745 3885 2860 3930 σου,
2897 3867 2973 3929 ὡς
3006 3868 3063 3923 ἐξ
3092 3866 3430 3937 ἀπροσεξίας
3451 3867 3739 3937 ὀλισθῆσαν-

520 3964 801 4028 dormitet,
844 3965 948 4019 hoc
976 3972 1083 4028 est,
1114 3979 1183 4019 ne
1214 3966 1330 4033 ipse
1380 3965 1546 4018 etiam
1596 3964 1882 4035 negligens
1926 3964 2085 4020 videri

2199 3981 2312 4027 τος.
2340 3962 2433 4029 Ἢ,
2469 3963 2545 4033 μὴ
2569 3960 2714 4031 δὼῃς
2737 3961 2816 4023 είς
2846 3960 3182 4030 σαλευόμενα
3200 3960 3294 4014 καὶ
3310 3959 3570 4029 ὀλισθηρὰ
3587 3959 3741 4028 πράγ-

524 4056 695 4122 possit
735 4055 789 4109 in
819 4055 888 4109 iis
922 4069 1042 4123 quae
1077 4055 1144 4109 ad
1198 4055 1504 4110 custodiam
1552 4062 1704 4108 tuam
1757 4056 2041 4125 pertinent
2077 4071 2089 4109 :

2203 4071 2350 4123 ματα
2379 4055 2478 4125 τὴν
2503 4054 2728 4125 πορείαν
2758 4068 2875 4115 σου,
2897 4051 2996 4106 ἀλλ
3013 4052 3027 4074 ⁹
3061 4051 3361 4114 ἔπισαίνοις
3385 4051 3567 4121 τρίσου
3593 4053 3741 4115 ἀσφα-

517 4161 585 4198 eo
621 4144 764 4212 quod
796 4142 1211 4201 inadvertcnter
1244 4144 1324 4201 sis
1352 4145 1562 4216 lapsus.
1601 4144 1718 4211 Vel,
1748 4161 1817 4201 ne
1849 4146 1947 4202 des
1990 4146 2082 4203 itei

2202 4146 2349 4212 λοῦς,
2408 4147 2533 4217 ἥτις
2586 4146 2735 4199 ἐστὶν
2782 4146 2815 4216 ἡ
2859 4144 3102 4214 ἔννομος,
3152 4144 3476 4215 εὐθυπορεῖν
3533 4160 3585 4196 σε
3644 4156 3741 4193 tta-

518 4246 671 4290 tnum
704 4238 756 4291 in
789 4238 1111 4292 fluctuantia
1149 4248 1204 4294 et
1238 4238 1448 4294 lubrica
1483 4238 1706 4309 negotia
1727 4280 1741 4305 ,
1777 4238 1872 4295 sed
1918 4249 2083 4295 tutam

1109 4284 1111 4291 ι
1149 4248 1204 4294 et
1238 4238 1448 4294 lubrica
1483 4238 1741 4309 negotia,
1777 4238 1872 4295 sed
1918 4249 2093 4295 tutam
2206 4237 2674 4321 ρασκευὰζουσα..

521 4330 652 4401 legis
706 4345 769 4386 ac
818 4332 1199 4386 mandatorum
1255 4333 1506 4388 semitam
1586 4333 1933 4398 conscende,
1978 4349 2099 4404 qlltB

520 4435 728 4479 rectum
760 4426 867 4480 iter
891 4425 1280 4482 incedentibus
1309 4435 1551 4499 praestat.

593 4537 758 4592 Vens.
801 4538 851 4592 ι.
890 4537 1023 4594 Ecce
1048 4557 1154 4595 non
1181 4541 1514 4604 dormitabit,
1547 4558 1708 4611 neque
1738 4542 2097 4609 soporabitur,

2271 4531 2428 4588 Ἰδοὺ
2470 4534 2542 4585 οὐ
2585 4532 2900 4595 νυστάξει,
2948 4532 3093 4585 οὐδὲ
3132 4530 3405 4587 ὑπνώσει
3443 4535 3475 4585 ὁ
3535 4529 3743 4599 gulam

517 4629 606 4696 qui
631 4630 859 4683 custodit
910 4628 1108 4685 Israel.
1158 4629 1302 4687 Deus
1351 4648 1474 4687 eum
1528 4647 1636 4687 non
1680 4633 1953 4703 negliget,
2001 4651 2082 4689 net

2201 4642 2330 4680 σων
2350 4624 2747 4692 τὸνἾσραήλ.
2779 4626 2839 4677 Ei
2886 4626 3153 4694 ἀπέχεται
3190 4622 3438 4692 δηλονότι
3501 4622 3601 4675 τῶν
3643 4618 3736 4673 ὀλι-

522 4716 852 4787 neg'igenler
883 4719 1092 4788 aliquid
1118 4734 1247 4790 erga
1274 4723 1427 4775 illum
1457 4730 1602 4792 aget,
1635 4723 1729 4790 qui
1770 4737 1865 4791 per
1896 4731 2087 4782 tutam.

2205 4717 2440 4786 σθηρῶν,
2481 4718 2531 4769 ει
2568 4715 2827 4784 ἀσφαλῶς
2852 4714 3049 4785 βαίνει,
3095 4712 3219 4766 οὔτε
3271 4715 3591 4786 ρᾳθυμήσει,
3633 4709 3737 4762 οὔτε

519 4820 681 4872 quam
723 4806 983 4871 diximus,
1019 4810 1163 4863 viam
1186 4812 1495 4880 incesserit,
1518 4823 1572 4868 et
1611 4813 1884 4867 a~lubrico
1909 4812 2084 4868 SiBCllll

2169 4801 2171 4804 ’
2202 4808 2467 4878 ἀμελήσει
2489 4808 2624 4878 (52).
2664 4809 2877 4879 Ἰσραὴλ
2900 4807 2956 4860 δὲ
2985 4808 3079 4861 καὶ
3126 4809 3289 4877 ἡμεῖς
3348 4808 3486 4872 νέος,
3516 4806 3583 4870 ὡς
3627 4801 3734 4856 πολ·

518 4894 656 4949 calle
687 4897 1036 4953 abstinuerit.
1067 4898 1370 4957 Possumus
1401 4910 1456 4958 et
1498 4919 1600 4959 nos
1631 4902 1818 4960 lideles
1859 4917 2052 4957 omnes
2081 4946 2083 4955 ι

2203 4902 2359 4966 λάκις
2388 4904 2709 4973 εἰρήκαμεν.
2756 4904 2999 4972 Ζήτησον
3042 4904 3138 4955 καὶ
3187 4903 3247 4954 ἐν
3294 4900 3373 4970 τῷ
3399 4900 3488 4971 μγ¹
3541 4894 3734 4968 ψαλμῷ.

519 4985 625 5037 dici
659 4999 832 5038 novus
871 4985 1060 5049 Israel,
1094 4989 1557 5056 quemadmodum
1591 5006 1736 5061 saepe
1771 4991 1901 5045 alibi
1955 4989 2084 5044 dixi-

1807 4991 1901 5045 libi
1955 4989 2098 5044 tlixi-
2210 4995 2602 5065 ‘EEsrépllntt,
2637 4994 2738 5046 ἵνα
2771 4995 2827 5047 τί
2852 4993 3089 5060 ὑπνοῖς,
3122 4994 3301 5061 Κύριε
3328 4998 3368 5057 ;⁹

518 5093 659 5142 mus,
693 5081 966 5149 praecipue
1002 5080 1058 5135 in
1095 5082 1306 5151 psalmo
1327 5098 1481 5151 XLIII,
1508 5087 1584 5142 ibi
1613 5085 1914 5155 :Exsurge,
1934 5100 2096 5155 quare

517 5169 801 5237 obdormis,
839 5171 1061 5227 Domine
1083 5176 1110 5230 .’

592 5284 756 5342 Vsus.
790 5285 841 5338 5.
880 5287 1132 5343 Dominus
1162 5292 1419 5346 custodiet
1457 5300 1524 5357 te,
1558 5290 1815 5345 Dominus
1838 5288 2097 5359 protectio

2271 5279 2485 5349 Κύριος
2514 5280 2773 5349 φυλάξει
2799 5296 2892 5343 σε,
2930 5282 3140 5349 Κύριος
3165 5280 3367 5349 σκέπη
3390 5296 3501 5346 σοι,
3525 5275 3612 5331 ἐπὶ
3628 5269 3733 5344 xci:

521 5385 613 5427 tua
669 5378 735 5426 az!
772 5391 986 5429 manum
1032 5378 1307 5432 dexteram
1356 5391 1527 5436 tuam.
1590 5382 1854 5434 Dominus
1899 5388 1952 5433 te
1999 5380 2086 5433 bet

2192 5391 2274 5443 pa
2298 5373 2503 5439 δεξιάν
2527 5391 2666 5428 σου.
2701 5374 2900 5439 Κύριος
2927 5374 3153 5444 φυλάξει
3186 5393 3243 5427 σε
3271 5376 3435 5436 οὕτως
3459 5370 3730 5442 βαδίζοντα,

522 5477 682 5533 pacto
738 5466 1078 5523 incedentem
1126 5472 1437 5542 custodiet,
1495 5471 1762 5526 Dominus
1836 5470 2087 5540 protecti:

2202 5471 2405 5539 Κύριος
2428 5471 2603 5541 σκέπη
2644 5486 2728 5522 σοι
2772 5472 2925 5540 παρὰ
2949 5470 3049 5541 τὴν
3075 5467 3258 5532 δεξιάν
3284 5487 3375 5521 σου
3425 5469 3584 5538 χεῖρα,
3622 5474 3730 5553 του·

527 5555 622 5609 tibi
650 5558 773 5618 erit,
815 5557 970 5626 juxta
1018 5574 1237 5615 manum
1287 5565 1564 5617 dexteram
1612 5576 1801 5628 tuam,
1833 5562 1937 5615 hoc
1977 5571 2092 5626 est,

2202 5561 2354 5615 τέστι
2424 5564 2813 5637 παραστάτης,
2869 5564 3202 5632 σκεπαστὴς,
3258 5566 3467 5616 σκέπων
3501 5575 3551 5610 σε
3580 5565 3726 5622 πρᾶτ’

1856 5736 2053 5798 νει-ἱςυ
2082 5734 2417 5799 lectiones.

595 5880 708 5953 (32)
742 5880 1009 5940 Nimirum
1038 5885 1190 5951 Θεὸς,
1222 5888 1269 5939 εἰ
1302 5887 1567 5957 ἀπέχεται
1599 5888 1842 5960 Ἰσραήλ.
