3906 6624
217 465 358 532 1193

741 657 1034 717 ΨΑΔΜΟΣ
1099 657 1273 712 ΡΚΒ¹.

287 764 445 834 Πρὸς
487 760 563 816 σὲ
604 755 718 830 ἦρα
744 756 887 822 τοὺς
925 753 1268 824 ὀφθαλμούς
1301 768 1438 820 μου,
1468 751 1574 804 τὸν
1600 763 1796 802 κατοι-

219 857 450 912 κοῦντα
480 855 550 908 ἐν
571 852 652 918 τῷ
679 850 935 920 οὐρανῷ.
970 847 1082 902 Καὶ
1119 838 1263 899 οὗτοι
1291 845 1370 896 ἔτι
1407 841 1702 897 ὁδευόντων
1747 841 1796 893 οἱ

221 948 396 1018 λόγοι.
437 947 730 1002 Κατοικεῖν
759 944 814 995 δὲ
856 944 884 996 ό
930 940 1059 1004 Θεὸς
1091 941 1149 994 ὲν
1185 937 1262 1008 τῷ
1305 934 1520 1009 οὐρανῷ
1555 934 1797 1004 λέγεται,

179 1027 184 1044 ’
225 1042 305 1106 ὡς
330 1043 452 1105 ταῖς
485 1041 602 1092 ἐκεῖ
627 1035 892 1106 καθαραῖς
922 1035 1018 1088 καὶ
1056 1032 1242 1101 ἀγεαις
1267 1029 1560 1100 δυνάμεσιν
1594 1028 1799 1080 ἐπανα-

177 1125 182 1134 ’
223 1131 558 1200 παυόμενος.
595 1127 703 1180 Καὶ
725 1127 834 1197 γὰρ
859 1127 950 1179 καὶ
981 1125 1109 1195 περὶ
1137 1123 1244 1174 τῶν
1274 1121 1368 1175 ἐπὶ
1391 1122 1492 1192 γῆς
1518 1120 1686 1189 ἁγίων
1715 1119 1797 1171 sl—

225 1238 438 1294 ρηκενο
514 1217 844 1285 Ἐνοικήσω
895 1218 964 1272 ἐν
1034 1215 1260 1280 αὐτοῖς,
1316 1213 1412 1267 καὶ
1475 1213 1798 1281 ἐμπεριπα-

225 1329 416 1381 τησω.

311 1484 469 1540 Ἰδοὺ
501 1483 582 1550 ὡς
627 1481 920 1554 ὀφθαλμοὶ
958 1481 1193 1536 δούλων
1207 1468 1303 1549 ἓις
1325 1482 1520 1554 χεῖρας
1556 1481 1673 1536 τῶν
1700 1501 1803 1537 rev-

219 1577 375 1643 ρὶων
404 1575 622 1642 αὐτῶν,
671 1577 750 1642 ὡς
787 1577 1080 1645 ὀφθαλμοὶ
1121 1574 1449 1642 παιδίσκης
1486 1577 1574 1640 εις
1603 1573 1805 1644 χεῖρας

223 1667 342 1735 τῆς
401 1669 610 1734 κυρίας
673 1665 894 1734 αὐτῆς·
950 1666 1139 1731 οὕτως
1179 1668 1231 1718 ol
1290 1665 1584 1733 ὀφθαλμοὶ
1638 1663 1807 1733 ήμῶν

225 1759 381 1828 πρὸς
418 1758 638 1826 Κύριον
665 1757 772 1811 τὸν
797 1757 948 1811 Θεὸν
981 1755 1170 1827 ἡμῶν,
1200 1756 1310 1824 ἕως
1339 1752 1410 1812 οὗ
1438 1756 1807 1826 οἰκτειρήσω

225 1849 415 1922 ἡμᾶς.
473 1853 571 1905 Διὰ
608 1851 702 1904 τοῦ
724 1849 966 1904 τοιούτου
1002 1851 1443 1922 παραδείγματος
1469 1851 1576 1903 τῶν
1605 1849 1806 1902 δούλων

225 1956 332 1998 και
365 1947 464 2016 τῆς
493 1943 687 2016 δούλης
715 1943 871 1997 τοῦτο
900 1943 1171 2013 δηλοῦσιν,
1213 1944 1295 1997 ὅτι
1335 1944 1429 1997 καὶ
1476 1942 1612 2014 πρδς
1640 1942 1803 1995 αὐτζν
1832 1913 1880 1975 Β

223 2034 423 2104 ὁρῶσι,
454 2035 550 2089 καὶ
577 2035 864 2107 διηνεκῶς,
904 2037 998 2088 καὶ
1027 2033 1321 2104 οὐδαμόθεν
1351 2033 1623 2104 ἑτέρωθεν
1656 2032 1806 2103 ἐχου-

229 2143 320 2178 σιν
361 2127 698 2199 ἀντιλήψεως
743 2128 957 2192 ἐλπίδα,
1009 2127 1104 2180 καὶ
1135 2128 1235 2180 οὐκ
1269 2126 1672 2196 ἀποστήσονται
1704 2125 1806 2189 ἕως

227 2211 298 2270 οὗ
340 2217 756 2290 οἰκτειρηθῶσι.
791 2217 862 2270 Τὸ
893 2217 972 2280 δὲ,
1007 2215 1383 2284 Οἱκτειρήσαι
1418 2213 1671 2267 εὐκτικοῦ
1711 2213 1810 2283 μὲν

231 2310 352 2380 ἔχει
397 2311 608 2381 σχῆμα,
668 2309 939 2380 σημασξαν
972 2307 1028 2362 δὲ
1067 2307 1372 2378 μέλλοντος,
1421 2307 1542 2359 ἀντὶ
1582 2305 1676 2358 τοῦ
1717 2305 1811 2358 Ol-

234 2404 557 2471 κτειρήσῃ.
613 2401 768 2465 Τινὲς
818 2401 874 2455 δέ
931 2419 1061 2472 φασι
1126 2398 1641 2472 προσπαρειλῆφθαι
1713 2398 1811 2467 τῆς

231 2496 439 2567 δούλης
499 2496 558 2548 τὸ
615 2495 964 2566 παράδειγμα
1033 2495 1116 2557 εἰς
1163 2495 1411 2548 ἐπίτασιν
1462 2491 1755 2555 διαθέσεως
1795 2508 1811 2523 ·

235 2587 406 2640 πλέον
430 2585 540 2658 γὰρ
567 2585 676 2640 τῶν
709 2585 914 2642 δούλων
941 2586 998 2640 αἱ
1031 2584 1213 2640 δοῦλαι
1243 2583 1401 2640 τοῦτο
1436 2583 1702 2649 ποιοῦσιν,
1739 2582 1814 2646 ὡς

237 2678 656 2747 ἀσθενέστεραι.

333 2931 630 3002 Ἐλέησον
657 2933 837 3005 ἡμᾶς,
863 2933 1063 3005 Κύριε,
1091 2933 1355 3000 ἐλέησον
1384 2932 1562 3002 ἡμᾶς,
1601 2932 1689 2987 ὅτι
1718 2934 1818 2990 ἐπὶ

242 3026 411 3081 πολὺ
465 3026 865 3094 ἐπλήσθημεν
925 3026 1400 3090 ἐξουδενὼσεως.
1459 3025 1769 3098 Φαυλισμσῦ
1802 3070 1816 3095 ,

241 3116 578 3187 ὀνειδισμοῦ,
595 3135 668 3170 πα
679 3119 747 3188 ρά
771 3134 827 3169 τε
863 3117 969 3170 τῶν
990 3117 1576 3187 αἰχμαλωτευσάντων,
1597 3121 1692 3172 καὶ
1713 3120 1823 3172 τῶν

244 3211 514 3277 γειτόνων
548 3212 701 3280 ἡμῖν,
751 3212 1025 3282 πονηρῶν,
1065 3212 1414 3281 ἐφηδομένων
1454 3213 1575 3273 ταῖς
1613 3219 1821 3282 συμφο-

248 3303 381 3371 ραῖς
421 3300 612 3370 ἡμῶν·
658 3301 691 3373 ἢ
740 3302 848 3355 τῶν
900 3303 1076 3357 ἄλλων
1117 3304 1284 3356 ἐθνῶν
1323 3303 1390 3356 δι’
1423 3298 1498 3357 ὧν
1532 3302 1778 3369 ἐϐάδιζον
1805 3321 1820 3335 ·

250 3393 597 3464 θερμότητος
627 3394 683 3448 δὲ
711 3396 741 3447 ό
783 3395 1180 3466 διπλασιασμὸς
1204 3398 1297 3449 τοῦ
1339 3395 1654 3465 Ἐλέησον.
1692 3397 1829 3453 Ἰκε-

248 3485 507 3538 τεύουσιν
539 3482 632 3540 οῦν
649 3486 935 3558 ἐλεηθῆναι
957 3489 1045 3542 διὰ
1069 3487 1243 3556 τοῦτο,
1278 3490 1372 3542 καὶ
1401 3491 1587 3560 τάχιον
1615 3491 1815 3547 attona-

251 3577 526 3647 ταστῆναι
561 3580 641 3642 εἰς
669 3580 771 3648 τὴν
800 3579 1056 3649 πατρίδα.

341 3849 474 3904 Ἐπὶ
505 3849 715 3904 πλεῖον
733 3848 1010 3920 ἐπλήσθη
1044 3851 1081 3920 vi
1108 3849 1278 3921 ψυχή
1299 3867 1440 3920 μου.
1468 3850 1581 3921 Τῆς
1600 3851 1720 3923 εῐρη
1732 3850 1830 3924 μὲ-

254 3960 358 4015 νης
384 3942 805 4007 ἐξωδενὼσεως.

333 4035 411 4090 Τὸ
462 4035 694 4101 ὄνειδος
729 4038 857 4104 τοῖς
879 4037 1224 4106 εὐθηνοῦσι,
1257 4037 1354 4092 και
1373 4037 1411 4105 ἡ
1432 4035 1832 4104 ἐξουδένωσις

251 4130 385 4194 τοῖς
433 4129 860 4199 ὑπερηφάνοις.
942 4130 1382 4202 ’Λντιστραφείη,
1438 4132 1707 4202 δηλονότι,
1749 4135 1832 4197 εἰς

237 4220 594 4304 κταπεενωσιν
648 4223 740 4273 καὶ
773 4221 1078 4285 παίδευσιν,
1111 4223 1197 4276 ἵνα
1229 4223 1305 4292 μὴ
1335 4223 1422 4276 διὰ
1450 4223 1509 4275 τὸ
1533 4205 1854 4294 εὐπραγεῖν.

256 4312 360 4365 καὶ
393 4311 906 4382 ὑπερηφανεύεσθαι
963 4313 1406 4384 κατεπαίρωνται
1444 4314 1552 4367 τῶν
1589 4314 1833 4385 δυσπρα-

252 4403 526 4472 γούντων,
575 4405 668 4457 καὶ
693 4405 1199 4474 τεταπεινωμένων.
1238 4405 1504 4477 Ἀρμόζει
1537 4405 1595 4460 δὲ
1638 4409 1668 4458 ό
1697 4406 1832 4476 ψαλ-

257 4497 363 4567 μὸς
401 4498 496 4550 καὶ
533 4498 646 4558 τοῖς
687 4497 931 4551 ὁδεύουσι
987 4498 1124 4568 πρὸς
1149 4499 1249 4569 τὴν
1281 4499 1393 4553 ἄνω
1447 4500 1829 4572 Ἰερουσαλὴμ,

1367 443 1756 510 COMMENT.
1798 441 1877 501 IN
1924 439 2286 504 PSALMOS.

665 567 800 642 ᾨδὴ
835 564 990 622 ἁτὼν
1044 559 1376 631 νασιιθμῶν.
1816 547 1872 610 Α

3326 441 3464 509 119i

2362 545 2639 602 Canticum
2681 561 3012 602 ascensuum.

2289 636 2710 694 PSALMUS
2785 639 3078 696 CXXII.

1973 733 2138 787 Vens.
2180 733 2230 788 1.
2261 731 2344 787 Ad
2375 740 2423 786 te
2447 731 2608 787 levavi
2643 733 2822 787 oculos
2853 749 3015 799 meos,
3046 735 3136 804 qui
3176 735 3390 791 habitas
3419 739 3473 790 in

1901 825 2048 880 caelo.
2089 824 2163 878 Ex
2194 824 2440 894 ejusdem
2478 824 2664 894 populi
2711 839 2943 895 persona
2972 827 3375 896 proﬁciscentis
3417 830 3471 884 in

1901 920 2156 990 patriam,
2202 919 2429 989 legenda
2463 917 2732 973 sunthaec
2765 919 2950 973 verba.
2999 918 3256 975 Habitare
3287 933 3470 978 autem

1903 1009 2048 1065 Deus
2096 1009 2298 1064 dicitur
2365 1010 2419 1062 in
2476 1007 2641 1074 cmlo,
2674 1009 2840 1064 veluti
2895 1009 2987 1079 qui
3045 1009 3099 1065 in
3155 1015 3366 1068 sanctis
3410 1029 3474 1068 ac

1903 1099 2283 1156 mundissimis
2321 1100 2580 1170 angelicis
2613 1100 2931 1168 virtutibus,
2963 1103 3073 1160 illic
3098 1105 3152 1160 in
3208 1106 3348 1162 etnlo
3375 1108 3475 1162 ba-

1903 1191 2234 1258 bitantibus,
2266 1191 2586 1262 requiescit.
2622 1189 2758 1245 Nam
2791 1201 2846 1247 et
2888 1193 2955 1249 de
2998 1196 3230 1264 sanctis,
3279 1198 3373 1268 qui
3418 1199 3474 1252 in

1903 1297 2050 1342 terra
2087 1295 2235 1352 sunt.
2265 1288 2472 1342 dictum
2507 1288 2735 1358 legimus
2765 1306 2779 1342 :
2813 1288 3130 1346 ΙηΙιαὺἱιαῡο
3184 1293 3237 1347 in
3283 1296 3380 1360 eis,
3427 1305 3477 1350 et

1902 1382 2245 1436 inambulabo
2259 1381 2323 1436 θ’.

1979 1472 2146 1526 Vens.
2182 1473 2238 1526 2.
2290 1471 2422 1526 Ecce
2476 1475 2612 1527 sirut
2665 1475 2806 1528 oculi
2851 1492 3120 1531 servorum
3173 1488 3242 1532 ad
3290 1496 3482 1536 manus

1907 1564 2245 1619 dominorum
2285 1581 2528 1632 suorum,
2573 1567 2709 1620 sicut
2753 1567 2893 1622 oculi
2933 1570 3145 1623 ancilla:
3184 1571 3254 1624 ad
3291 1589 3480 1628 manus

1907 1659 2137 1713 dominae
2180 1674 2309 1724 suae,
2355 1659 2432 1712 ita
2478 1658 2618 1711 oeuli
2657 1659 2826 1714 nostri
2875 1659 2943 1712 ad
2989 1660 3274 1718 Dominum
3313 1665 3481 1720 Deum

1909 1760 2168 1812 nostrum,
2210 1750 2373 1803 donec
2443 1750 2756 1804 misereatur
2794 1751 2982 1806 nostri.
3032 1753 3150 1808 Hac
3201 1771 3482 1811 servorum

1911 1852 2072 1911 atque
2102 1841 2420 1896 ancillarum
2451 1843 2888 1913 coinparatione,
2922 1859 3018 1899 seu
3044 1847 3317 1916 exemplo,
3351 1849 3480 1905 illud

1907 1933 2218 2005 signiﬁcare
2259 1933 2468 1997 volunt,
2502 1933 2650 2002 quod
2682 1935 2749 1988 ad
2796 1935 2964 1990 Deum
3012 1938 3232 1996 assidue
3267 1951 3318 1997 et
3349 1958 3487 1998 con-

1909 2035 2123 2082 stanter
2147 2025 2442 2095 aspit-iuut,
2470 2025 2727 2095 quodque
2781 2028 2985 2082 nullam
3018 2030 3239 2086 aliunde
3283 2034 3488 2089 habent

1911 2118 2100 2173 auxilii
2138 2118 2597 2188 spem,'quinimo
2629 2126 2681 2172 et
2715 2120 2860 2189 quod
2893 2136 3170 2192 nunquam
3200 2124 3487 2192 desistent,

1911 2210 2086 2266 d0nec
2130 2209 2565 2264 tnisericordiam
2619 2222 3050 2281 consequentur.
3095 2211 3336 2270 Verbum
3388 2233 3489 2271 au-

1915 2310 2045 2367 tem,
2080 2299 2420 2364 Miserealur,
2458 2299 2675 2356 tametsi
2723 2303 2968 2373 optantis
3014 2305 3233 2359 modum
3286 2314 3488 2373 teneat,

1915 2391 2084 2446 futuri
2109 2401 2287 2447 tamen
2309 2392 2763 2461 signiﬁcationem
2784 2394 2943 2449 habet
2968 2410 3092 2462 pro,
3137 2396 3488 2455 Μίδαι-εὐίων.

1917 2483 2149 2550 Quidam
2178 2485 2337 2538 etiam
2375 2485 2567 2539 dicunt
2604 2485 2817 2542 ancillae
2860 2489 3325 2558 comparationem
3371 2491 3492 2548 ideo

1917 2577 2221 2646 appositam
2278 2577 2472 2641 fuisse,
2522 2585 2582 2631 ut
2631 2578 2893 2644 majorem
2949 2579 3261 2636 affectionis
3312 2583 3496 2636 interi.

1917 2669 2129 2725 sionem
2189 2669 2244 2724 in
2303 2669 2469 2723 Deum
2524 2671 2904 2725 ostenderent.
2961 2670 3131 2740 Magis
3177 2672 3380 2726 etenim
3445 2674 3497 2726 id

1920 2759 2038 2817 ﬁeri
2081 2761 2220 2816 solet
2245 2760 2312 2816 ab
2345 2759 2583 2826 ancillis,
2612 2767 2801 2832 utpote
2827 2760 3118 2816 inﬁrmiori
3151 2778 3311 2829 sexu,
3337 2779 3500 2833 quam

1921 2867 1950 2907 a
1989 2855 2184 2908 servis.

1973 2944 2136 3000 Van.
2157 2942 2270 3007 ενι.
2297 2941 2548 2997 Miserere
2572 2943 2767 3008 nostri,
2786 2941 3024 3009 Domine,
3043 2946 3286 3000 miserere
3311 2948 3497 3007 nostri,

1923 3033 2048 3102 quia
2082 3033 2305 3086 multum
2331 3032 2516 3101 repleti
2546 3047 2726 3085 sumus
2766 3031 3118 3100 despectione.
3151 3034 3502 3105 Contempto,

1925 3125 2125 3194 inquit,
2161 3137 2324 3195 atque
2355 3124 2654 3194 opprobrio
2713 3124 2783 3178 ab
2835 3125 2904 3180 iis
2938 3124 3226 3190 aiﬁcimur,
3271 3130 3364 3198 qui
3398 3147 3500 3185 nos

1929 3215 2106 3269 fecere
2139 3217 2412 3286 captivos,
2447 3225 2614 3285 atque
2664 3231 2692 3268 a
2730 3217 2912 3285 pravis
2947 3217 3109 3272 etiam
3149 3218 3370 3284 vicinis,
3405 3222 3498 3290 qui

1933 3306 2338 3362 calamitatibus
2395 3306 2604 3360 nostris
2653 3305 2994 3360 delectantur
3044 3324 3058 3360 :
3110 3307 3191 3361 vel
3249 3311 3315 3364 ab
3380 3313 3504 3366 aliis

1933 3400 2189 3471 gentibus
2218 3415 2316 3469 per
2357 3414 2590 3468 quarunt
2629 3400 2880 3468 regiones
2925 3399 2976 3452 in
3015 3401 3242 3469 patriam
3282 3403 3502 3458 incede-

1934 3493 2086 3546 bant.
2123 3490 2398 3560 Repetitio
2429 3499 2611 3545 autem
2643 3489 2735 3543 illa
2760 3489 2908 3544 verbi
2943 3489 3214 3559 Miserere,
3250 3492 3502 3547 ardorem

1932 3584 2223 3654 quemdam
2253 3583 2418 3637 animi
2455 3583 2836 3649 demonstrat;
2883 3583 3195 3652 supplicant
3237 3585 3403 3654 igitur
3439 3600 3504 3640 ea

1931 3677 2145 3730 ratione
2177 3675 2610 3730 misericordiam
2649 3689 2678 3728 a
2714 3673 2825 3730 Deo
2859 3674 3146 3745 consequi,
3177 3681 3230 3731 et
3267 3677 3504 3733 celerius

1933 3768 1990 3822 in
2019 3769 2251 3838 patriam
2283 3765 2517 3822 restitui.

2004 3859 2248 3930 Amplius
2280 3860 2478 3928 repleta
2505 3867 2584 3913 est
2610 3859 2789 3913 anima
2825 3866 3031 3913 nostra.
3087 3857 3350 3915 Prtedicta
3396 3859 3506 3916 sci-

1935 3953 2062 4008 licet
2091 3953 2461 4021 despectioue.

2007 4043 2355 4112 Opprobrium
2403 4041 2819 4109 abundantibus,
2855 4050 2904 4096 et
2930 4042 3186 4113 despeclio
3239 4044 3502 4113 superbis.

1938 4134 2182 4190 Subaudi
2223 4136 2450 4190 verbum
2487 4134 2761 4190 Obveniat.
2798 4133 3066 4196 Obveniet
3102 4135 3268 4206 igitur
3308 4151 3508 4206 oppro-

1934 4230 2113 4283 brium
2189 4237 2243 4284 et
2311 4229 2590 4300 despectio
2667 4228 2734 4282 ad
2806 4227 3240 4283 bumiliatiouem
3297 4229 3508 4283 sciliCet

1936 4335 2098 4392 atque
2128 4323 2493 4376 eruditionem
2516 4335 2726 4384 eorum,
2763 4335 2853 4384 ne,
2875 4319 3003 4372 dum
3034 4333 3296 4388 prospere
3325 4321 3511 4374 omnia

1937 4415 2020 4470 eis
2060 4413 2369 4468 succedunt
2409 4420 2462 4466 et
2512 4411 2732 4479 superbi
2779 4421 2932 4472 sunt,
2988 4409 3324 4464 extollantur
3359 4411 3510 4476 inde,

1937 4516 2102 4576 atque
2159 4505 2444 4558 eleveutur
2471 4503 2733 4558 adversus
2780 4501 3103 4555 humiliores
3135 4509 3300 4570 atque
3335 4499 3511 4554 infor-

251 4591 357 4644 καὶ
411 4589 873 4662 ἐπηρεαζομέπιοις
907 4589 1014 4645 ὑπὸ
1052 4590 1263 4663 ὁρατῶν
1319 4593 1413 4647 καὶ
1449 4593 1698 4664 ἀοράτων
1747 4594 1818 4666 ἐχ-

1945 4603 2163 4653 tuizatos
2188 4594 2462 4650 homines.
2491 4592 2758 4664 Congruit
2800 4593 2962 4646 etiam
3019 4590 3108 4645 hic
3153 4589 3393 4659 psalmus
3443 4591 3512 4646 iis

252 4685 285 4738 θ
292 4683 429 4756 ρῶν.

841 4960 982 5032 ’ῼδὴ
1017 4961 1252 5030 ὁμοίως.

795 5054 1089 5108 ΨΑΛΜΟΣ
1133 5051 1306 5108 PKI".

339 5146 409 5198 Ei
451 5143 534 5212 μὴ
563 5144 652 5198 ὅτι
692 5141 914 5214 Κύριος
940 5145 1020 5218 ἦν
1043 5148 1112 5202 ἐν
1145 5149 1308 5218 ἡμῖν,
1355 5149 1574 5201 εῑπατω
1602 5145 1678 5215 δὴ
1716 5146 1836 5202 ἰσο

251 5239 446 5305 ραὴλ,
480 5239 530 5291 ει
564 5237 650 5307 μὴ
684 5237 773 5291 ὅτι
807 5235 1026 5309 Κύριος
1051 5236 1132 5309 ἦν
1166 5242 1236 5295 ἐν
1264 5239 1442 5311 ἡμῖν·
1474 5241 1543 5294 ἐν
1573 5239 1652 5306 τῷ
1689 5240 1841 5295 ἐπα-

261 5325 565 5395 ναστῆναι
612 5328 963 5397 ἀνθρώπους
1013 5330 1106 5400 ἐφ’
1151 5331 1327 5401 ἡμᾶς,
1351 5332 1466 5400 ἄρα
1505 5329 1725 5398 ζῶντας
1763 5332 1841 5387 ἂν

262 5418 556 5472 κατέπιον
585 5417 767 5488 ἡμᾶς.
791 5420 979 5475 Ταῦτα
1006 5421 1108 5492 ἢδη
1161 5423 1566 5477 ἐπανελθόντων
1597 5425 1677 5486 εἰς
1737 5421 1837 5492 τὴν

267 5511 510 5579 πατρίδα
544 5511 613 5564 τὰ
655 5513 877 5581 ῥήματα
902 5527 917 5543 ·
958 5513 1416 5583 εὐχαριστοῦντες
1445 5515 1554 5584 γὰρ
1592 5531 1837 5585 παρακε-

263 5600 518 5654 λεύονται
564 5601 644 5672 τῷ
689 5601 801 5672 λαῷ
839 5602 1018 5669 λέγειν
1046 5619 1060 5631 ·
1097 5603 1180 5655 ὅτι
1234 5604 1292 5656 ἐν
1333 5605 1412 5673 τῷ
1464 5603 1841 5673 ἐπαναστῆναί

267 5715 424 5761 τινας
456 5696 575 5751 καθ’
604 5699 761 5768 ἡμῶν
783 5699 1188 5752 ἐπανελθόντων
1213 5716 1228 5731 ο
1249 5698 1318 5753 τὰ
1349 5701 1700 5775 πλησιόχωρα
1733 5705 1842 5774 γὰρ

343 5878 391 5912 δ’
424 5876 598 5932 Levit.
646 5894 799 5940 nrt,
847 5877 953 5942 ης
998 5877 1038 5932 Il
1071 5878 1193 5934 Cor.
1250 5895 1324 5941 vt,
1383 5879 1470 5933 16.

595 5976 865 6035 Rumon.
893 5977 1009 6034 Gn.
1042 5971 1379 6035 CXXVIII.

1942 4691 2194 4744 omnibus
2239 4687 2330 4758 qui
2383 4687 2451 4740 ad
2505 4698 2798 4756 supernam
2853 4683 3134 4739 ambulant
3179 4683 3510 4745 Jerusalem,

1942 4783 2145 4851 quique
2177 4796 2207 4834 a
2247 4778 2554 4836 visibilibus
2581 4787 2744 4848 atque
2799 4776 2868 4833 ab
2905 4775 3275 4834 invisibilibus
3303 4774 3516 4832 laedun.

1944 4875 2047 4930 dur
2079 4874 2335 4929 inimicis.

2397 4965 2676 5020 Canticum
2723 4977 3056 5018 ascensuum.

2324 5051 2749 5110 PSALMUS
2817 5051 3145 5108 CXXIII.

2014 5147 2179 5206 Vens.
2216 5149 2336 5204 14.
2373 5148 2498 5202 Nisi
2525 5148 2648 5218 quia
2680 5145 2936 5200 Dominus
2987 5154 3100 5198 erat
3143 5143 3197 5196 in
3232 5140 3400 5203 nobis,
3432 5140 3518 5191 di-

1945 5251 2032 5296 cat
2071 5256 2200 5296 sane
2246 5240 2439 5305 lsrael,
2479 5239 2581 5293 nisi
2627 5238 2754 5308 quia
2797 5236 3054 5290 Dominus
3099 5243 3216 5288 erat
3261 5234 3315 5287 in
3345 5234 3515 5294 nobis,

1942 5350 2061 5388 cum
2091 5340 2434 5404 exsurgerent
2465 5329 2696 5384 homines
2728 5329 2785 5381 in
2823 5343 2940 5395 nos,
2990 5342 3117 5381 sane
3161 5324 3301 5380 vivos
3339 5322 3520 5394 deglu-

1949 5426 2134 5480 tissent
2167 5441 2277 5478 nos.
2330 5422 2456 5476 Hinc
2487 5419 2650 5475 verba
2685 5434 2749 5472 ex
2803 5432 2993 5471 eorum
3025 5430 3259 5485 persona
3306 5415 3515 5484 prolata

1953 5527 2104 5586 sunt,
2136 5518 2227 5587 qui
2260 5516 2371 5586 jam
2406 5512 2614 5568 reversi
2644 5520 2804 5566 erant
2849 5510 2904 5564 in
2950 5508 3280 5564 Ierusalem.
3332 5507 3520 5577 Agunt

1951 5611 2095 5667 enim
2133 5608 2334 5680 gratias
2361 5604 2492 5669 Deo,
2521 5611 2686 5676 atque
2732 5603 3022 5658 hortantur
3069 5601 3384 5655 universum
3416 5613 3516 5666 po-

1951 5703 2164 5773 pulum,
2201 5706 2259 5752 ut
2294 5713 2416 5753 cum
2462 5696 2544 5752 eis
2573 5697 2719 5752 dicat
2749 5715 2761 5750 :
2792 5695 2937 5752 ettod
2983 5709 3106 5748 cum
3157 5692 3376 5764 quidam
3422 5692 3519 5742 ho-

3071 5962 3149 6022 38
