3906 6622
252 532 379 596 1197

1348 530 1739 591 COMMENT.
1786 529 1864 589 IN
1895 529 2256 592 PSALMOS.

3346 525 3478 591 1198

243 645 653 715 Ἰερουσαλήμ.
681 647 753 699 Οὐ
784 648 1317 717 περιτραπήσονται,
1349 648 1451 698 οὐκ
1507 642 1803 697 ἐκπεσοῦν-

1931 642 2225 697 ’erusalem.
2251 642 2354 708 Qui
2386 641 2633 697 habitant
2663 642 2714 696 in
2742 641 3071 705 Jerusalem,
3109 639 3160 694 in
3198 640 3475 694 smeulum.

232 756 316 791 ται
357 740 405 790 oi
467 736 859 801 κατοικοῦντες
914 736 1274 807 Ἰερουσαλὴμ
1341 738 1421 798 είς
1464 734 1556 786 τὸν
1601 731 1796 795 αἰῶνα,

232 832 345 881 ἀντὶ
379 828 474 881 τοῦ
499 869 515 895 ,
550 829 681 899 παρ’
724 829 843 882 ὅλον
881 828 972 882 τὸν
1035 829 1207 881 αίῶνα
1254 826 1345 880 τόν
1392 823 1796 896 ἀφωρισμένον.

1908 733 2010 788 hoc
2046 742 2130 789 est
2178 751 2276 804 per
2317 743 2494 789 totutn
2535 735 2795 790 smculum
2856 734 3304 795 determinatum,
3373 748 3474 785 nor

1905 837 2244 892 evertentur,
2289 843 2387 883 nec
2415 827 2690 883 decitlent.
2731 826 2958 899 Proprie
2990 837 3171 881 autem
3202 826 3313 880 hzcc
3345 826 3471 878 ιντο.

236 922 449 993 κυρίως
479 920 536 974 δὲ
584 921 731 990 λέγει
775 922 906 992 περὶ
942 921 1051 974 τῶν
1096 919 1498 973 κατοικούντων
1548 918 1648 987 τὴν
1688 916 1801 971 ἀνω

1931 919 2089 972 thetin
2115 919 2279 974 verba
2319 921 2384 973 ad
2414 934 2511 974 eos
2551 921 2853 989 pertinent,
2881 920 2973 989 qui
3029 920 3085 973 in
3133 932 3372 988 superna
3418 931 3475 969 at

243 1013 600 1085 Ἰερουσαλήμ
626 1030 640 1045 ’
669 1015 870 1068 ἐκεῖνοι
926 1016 1035 1083 γὰρ
1061 1013 1315 1066 οὐδέποτε
1352 1010 1797 1081 σαλευθήσονται·

236 1105 336 1167 ἕως
369 1104 423 1157 δὲ
454 1104 550 1157 τοῦ
588 1104 783 1167 αἰῶνος
818 1102 913 1157 τού
936 1102 1249 1174 ὁρισθέντος
1277 1102 1359 1166 είς
1396 1100 1671 1173 σωτηρίαν
1699 1097 1800 1151 αύ-

232 1198 350 1264 τῆς,
382 1198 456 1261 ὡς
487 1214 510 1249 ε
522 1198 728 1269 ῐρηται.

303 1292 449 1357 Ὀρη
508 1291 716 1354 κύκλῳ
753 1288 966 1357 αὐτῆς,
1012 1290 1111 1343 καὶ
1154 1290 1185 1342 ὸ
1215 1290 1431 1357 Κύριος
1469 1287 1674 1350 κύκλῳ
1697 1284 1802 1339 τοῦ

230 1381 382 1437 λαοῦ
410 1380 597 1436 αὐτοῦ
624 1381 741 1436 ἀπὸ
772 1379 881 1435 τοῦ
918 1378 1037 1434 νῦν
1065 1378 1164 1435 καὶ
1190 1378 1299 1446 ἕως
1332 1378 1437 1433 τοῦ
1466 1375 1699 1444 αἰῶνος.

503 1698 658 1755 Deest
686 1697 740 1753 in
764 1696 885 1754 MS.
908 1696 1096 1752 Grmca
1118 1697 1187 1751 ad
1211 1694 1522 1752 versiculum

794 1768 1207 1823 animadversio.

306 2100 433 2153 Ὀτι
452 2099 561 2153 οὐκ
577 2097 803 2168 ἀφήσει
834 2098 1049 2165 Κύριος
1081 2096 1197 2167 τὴν
1215 2097 1448 2166 ῥάϐδον
1480 2098 1599 2153 τῶν
1618 2103 1808 2171 ἁμαρ-

232 2190 436 2244 τωλῶν
492 2192 592 2245 ἐπὶ
650 2190 759 2243 τὸν
811 2189 1044 2258 κλῆρον
1116 2188 1236 2243 τῶν
1302 2190 1568 2245 δικαίων.
1623 2192 1813 2247 Αίτίαν

232 2282 379 2346 λέγει
420 2281 520 2349 τῆς
551 2281 614 2333 ὲκ
647 2277 785 2332 Θεοῦ
818 2278 1092 2349 φυλακῆς.
1148 2279 1540 2350 ’Δμαρτωλοὺς
1578 2279 1635 2334 δὲ
1666 2280 1813 2346 λέγει

230 2374 359 2435 τοὺς
390 2372 607 2436 ἀσεϐεῖς
637 2372 729 2425 καὶ
760 2371 1138 2443 παρανόμους,
1169 2371 1344 2426 ὁποῖοί
1366 2374 1475 2427 εισι
1505 2374 1599 2427 καὶ
1624 2375 1672 2427 oi
1697 2374 1812 2428 δαί-

238 2480 394 2532 μονες
418 2476 433 2493 ⁸
478 2462 673 2534 ρἀδον
692 2461 748 2514 δὲ
799 2460 980 2517 αὐτῶν
1011 2460 1111 2531 τὴν
1140 2461 1420 2531 βασιλείαν
1449 2461 1649 2528 αὐτῶν,
1684 2463 1717 2534 ἢ
1744 2464 1816 2517 τὰ

233 2556 375 2609 ὅπλα
397 2573 411 2587 ο
435 2554 677 2616 δικαίους
708 2552 764 2607 δὲ
792 2553 916 2617 τοὺς
940 2554 995 2605 ιν
1027 2552 1179 2624 νόμῳ
1204 2551 1479 2622 βιοῦντας.

311 2739 499 2801 Ὅπως
529 2734 606 2788 ἂν
633 2732 718 2802 μὴ
743 2732 1095 2785 ἐκτείνωσιν
1123 2731 1177 2782 oi
1200 2728 1414 2781 δίκαιοι
1443 2728 1513 2782 ἐν
1541 2726 1815 2797 drop/mg

236 2829 439 2898 χεῖρας
495 2825 711 2881 αὐτῶν.
754 2826 901 2888 Ἵνα,
959 2822 1213 2891 τοιαύτης
1257 2820 1619 2884 ἀπολαύοντες
1664 2821 1815 2890 παρὰ

237 2922 375 2976 (υ)εοῦ
403 2921 674 2990 φυλακῆς,
707 2919 783 2988 μὴ
812 2915 1059 2984 ἅψωνται
1084 2914 1452 2984 παρανομίας,
1482 2912 1617 2967 ἀλλὰ
1648 2914 1810 2983 θερα-

238 3015 448 3066 πεύωσι
488 3013 579 3065 τὸν
609 3011 930 3078 εὐεργέτην.

296 3114 299 3115 ⁷
325 3108 377 3159 Ἀ
389 3104 670 3173 γάθυνον,
692 3100 738 3154 Κ
744 3103 886 3168 ύριε,
928 3099 1051 3165 τοῖς
1080 3097 1324 3166 ἀγαθοῖς
1375 3096 1471 3149 καὶ
1506 3095 1628 3161 τοῖς
1652 3093 1819 3148 εὐθέ-

240 3214 308 3252 σι
342 3196 416 3265 τῇ
450 3194 684 3263 καρδίᾳ.
716 3194 805 3255 Εἰς
840 3191 1003 3261 εὐχὴν
1028 3190 1120 3242 τὸν
1154 3190 1309 3258 λόγον
1340 3190 1367 3242 ὁ
1400 3187 1688 3258 προφήτης
1718 3204 1820 3243 κα·

244 3289 491 3343 τεκλεισε
518 3287 696 3354 λέγων
717 3301 733 3317 ο
780 3283 986 3351 Ἀγαθὰ
1024 3281 1268 3349 ποίησον,
1300 3277 1493 3348 Κύριε,
1528 3276 1709 3344 ἀγαθά
1729 3276 1818 3339 δὸς

1908 1010 2119 1065 caelesti
2162 1012 2409 1066 habitant
2439 1010 2768 1069 Jerusalem.
2810 1010 2890 1067 Illi
2942 1013 3144 1068 etenim
3198 1024 3476 1079 nunquam

1908 1104 2416 1159 commovebuntur.

1982 1278 2191 1337 Montes
2233 1284 2284 1337 in
2317 1283 2544 1336 circuitu
2573 1284 2717 1348 eius,
2761 1293 2813 1337 et
2862 1283 3117 1335 Dominus
3159 1284 3213 1335 in
3255 1285 3479 1339 circuim

1912 1377 2096 1444 populi
2131 1378 2236 1439 sui,
2285 1392 2350 1430 ex
2375 1394 2512 1430 nunc
2535 1387 2582 1430 et
2612 1394 2774 1447 usque
2802 1378 2855 1430 in
2886 1377 3159 1432 sa’culum.
3194 1376 3481 1431 Maximam

1913 1467 2099 1529 etiam,
2136 1466 2338 1535 inquit,
2370 1468 2719 1522 securitatem
2747 1468 2911 1521 habet
2941 1467 3008 1520 ob
3051 1475 3263 1521 montes
3299 1470 3389 1536 qui
3430 1472 3481 1522 in

1914 1558 2149 1612 circuitu
2181 1561 2301 1624 ejus
2334 1566 2484 1623 sunt,
2507 1575 2695 1613 verum
2721 1560 2808 1613 illa
2835 1560 3106 1629 praecipua
3138 1568 3220 1613 est
3241 1562 3482 1615 omnium

1915 1652 2209 1712 securitas,
2230 1650 2372 1719 quod
2400 1649 2663 1704 Dominus
2688 1632 2805 1703 cati:
2841 1651 3102 1705 custodit.
3133 1651 3364 1715 Idcirco,
3391 1654 3483 1722 qui

1917 1740 2032 1795 illic
2060 1741 2308 1795 habitant
2342 1756 2448 1797 non
2484 1743 2997 1807 commovebuntur,
3026 1758 3202 1813 usque
3234 1747 3286 1798 in
3312 1760 3484 1799 saecu-

1918 1830 2052 1885 lum.
2097 1831 2165 1885 In
2216 1832 2495 1898 swculum,
2553 1832 2801 1901 inquam,
2843 1832 2991 1901 quod
3032 1832 3100 1886 ad
3135 1834 3308 1903 ipsius
3336 1831 3464 1889 Jeru

1918 1923 2088 1977 salem
2147 1926 2384 1979 salutem
2427 1924 2537 1995 jam
2583 1939 2612 1976 a
2652 1922 2765 1979 Deo
2806 1924 3227 1979 determinatqu
3278 1933 3382 1989 est,
3432 1936 3489 1980 ut

1846 2032 1888 2087 Β
1916 2013 2180 2069 diximus.

1989 2106 2154 2163 Vens.
2192 2109 2246 2161 5.
2282 2107 2421 2174 Quia
2450 2124 2552 2161 non
2584 2108 2816 2162 dimittet
2856 2106 3109 2163 Dominus
3142 2112 3344 2181 virgam
3373 2125 3489 2179 pec-

1915 2209 2160 2253 catorum
2202 2215 2359 2267 super
2414 2209 2611 2253 sortem
2667 2200 2961 2267 iustorum.
3014 2200 3247 2256 Causam
3314 2203 3489 2258 reddit

1915 2289 2116 2342 divinae
2178 2289 2467 2344 custodiae.
2526 2290 2630 2344 Per
2664 2299 2986 2360 peccatores
3031 2301 3236 2353 autem,
3291 2291 3489 2363 impios

1916 2387 2084 2450 atque
2116 2380 2338 2450 iniquos
2379 2394 2574 2437 omnes
2618 2381 2902 2452 intelligit,
2947 2383 3140 2453 quales
3183 2383 3346 2437 etiam
3383 2386 3482 2454 ipsi

1915 2481 2044 2527 sunt
2098 2471 2400 2529 daemones.
2440 2472 2543 2528 Per
2571 2473 2780 2544 virgam
2836 2488 2987 2539 vero,
3021 2475 3342 2530 eorumdem
3403 2491 3489 2529 του

1916 2579 2079 2631 gnum
2121 2573 2213 2617 aut
2248 2564 2547 2633 potentiam
2577 2564 2868 2635 intelligit;
2902 2565 3083 2635 justos
3110 2580 3240 2620 vero
3270 2581 3363 2621 eos
3386 2582 3487 2636 ap-

1917 2653 2106 2724 pellat,
2142 2654 2237 2723 qui
2268 2653 2571 2708 secundum
2607 2653 2780 2722 legem
2820 2655 3032 2709 vivunt.

1990 2745 2073 2800 Ne
2108 2748 2394 2801 extendant
2419 2747 2561 2816 justi
2608 2746 2677 2800 ad
2730 2747 3062 2817 iniquitatem
3106 2766 3293 2803 manus
3341 2767 3489 2804 suas.

1915 2842 2103 2898 Justos
2139 2840 2282 2895 Deus
2319 2856 2417 2895 sua
2462 2841 2563 2895 hac
2616 2841 2875 2895 custodia
2910 2849 2964 2895 et
2995 2842 3336 2910 proiectione
3384 2842 3490 2896 frui

1917 2932 2116 2995 voluit,
2142 2940 2202 2985 ut
2242 2931 2493 3001 iniquum
2532 2932 2741 3001 aliquid
2791 2947 2901 2986 non
2933 2934 3232 3002 attingant,
3271 2934 3366 2989 sed
3400 2935 3491 2989 be-

1919 3023 2253 3077 nel'actorem
2296 3024 2499 3078 colant.

1991 3113 2157 3169 Vens.
2188 3114 2242 3169 4.
2279 3115 2531 3183 Benefac,
2570 3115 2816 3181 Domine,
2852 3116 3026 3183 bonis,
3052 3127 3102 3170 et
3132 3119 3283 3171 rectis
3316 3118 3488 3175 corde.

1924 3204 2247 3260 Sermonem
2279 3220 2442 3260 suum
2469 3204 2741 3275 Propheta
2767 3206 2823 3261 in
2852 3208 3159 3262 orationem
3188 3210 3489 3265 conclusit.

1922 3295 2094 3360 Bona,
2137 3296 2338 3366 inquit,
2379 3297 2573 3363 facito,
2602 3297 2853 3365 Domine,
2884 3308 2938 3354 et
2976 3299 3115 3355 bona
3148 3300 3275 3356 dato
3317 3302 3485 3357 homi-

241 3384 354 3443 τοῖς
383 3378 609 3445 ἀγαθοῖς
642 3376 976 3445 ἀνθρώποις,
1023 3374 1117 3426 καὶ
1142 3375 1253 3436 τοῖς
1284 3369 1667 3440 ἀδιαστρόφοις
1716 3369 1811 3441 τὴν

1931 3386 2086 3443 nibus
2112 3388 2270 3444 bonis
2302 3397 2360 3443 et
2389 3389 2576 3453 rectis,
2604 3390 2699 3460 qui
2726 3404 2832 3444 non
2861 3404 3121 3460 perverso
3148 3400 3244 3446 aut
3279 3392 3488 3458 doloso,

243 3472 495 3541 καρδίαν,
524 3472 637 3532 τοῖς
669 3469 898 3533 ἀδόλοις,
925 3469 1017 3521 καὶ
1056 3466 1374 3535 ἀπονήροις.

319 3564 465 3627 Τοὺς
522 3562 590 3615 δὲ
649 3562 1045 3623 ἐπικλίνοντας
1101 3560 1182 3622 εἱς
1258 3554 1364 3621 τὰς
1414 3553 1817 3623 στραγπίιλιὰς

238 3655 457 3719 ἀπάξει
506 3656 718 3721 Κύριος
740 3654 890 3721 μετὰ
930 3649 1048 3703 τῶν
1076 3645 1485 3716 ἐργαζῗιμένων
1522 3644 1638 3712 τὴν
1675 3644 1814 3698 ἀνο-

233 3754 407 3821 μίαν.
468 3750 559 3811 Ei;
619 3746 1054 3815 διεστραμμένα,
1104 3743 1184 3805 είς
1233 3739 1627 3809 σκολιότητας·
1693 3737 1818 3801 τοὺς

242 3841 519 3904 τοιούτους
548 3838 751 3902 ἀπάξει
785 3840 865 3900 είς
895 3835 1120 3889 κόλασιν
1146 3849 1158 3862 °
1193 3830 1505 3903 παραδώσει
1539 3832 1778 3899 τιμωρίᾳ
1800 3843 1814 3858 ο

240 3936 276 4004 ἦ
313 3931 592 3987 ἀπώσεται
620 3930 694 3993 ὼς
724 3931 873 3991 εσους
903 3930 1017 3989 τοῖς
1048 3922 1450 3997 παρανομοῦσι.

316 4130 541 4198 Εἰρήνη
573 4130 671 4183 ἐπὶ
704 4129 811 4183 τὸν
838 4126 1107 4196 Ἰσραήλ.
1138 4124 1236 4196 Εἴη
1261 4124 1523 4195 δηλονότι.
1564 4122 1822 4194 Ἀρμόζει

240 4222 300 4274 δὲ
329 4220 428 4273 καὶ
457 4216 609 4281 οὗτος
639 4219 667 4271 ό
698 4218 913 4288 ψαλμδς
943 4219 1056 4279 τοῖς
1110 4215 1427 4269 κατοικοῦσι
1466 4214 1564 4285 τὴν
1611 4213 1822 4284 ὑψηλὴν

240 4316 341 4367 καὶ
392 4310 754 4382 ἀκαθαίρετον
796 4308 1144 4379 Ἐκκλησίαν,
1177 4301 1245 4379 ἦς
1294 4306 1479 4374 κύκλῳ
1528 4307 1577 4359 oi
1628 4305 1823 4375 ὑψηλοὶ

240 4403 562 4458 δδόισκαλοι
592 4400 920 4471 τειχίζοντες
964 4398 1156 4469 αὐτὴν,
1187 4401 1282 4451 καὶ
1311 4397 1693 4468 φυλάττοντες,
1728 4400 1822 4451 καὶ

238 4498 271 4549 ὁ
309 4493 550 4568 Χριστὸς
582 4491 767 4559 κύκλῳ
792 4490 887 4544 τοῦ
919 4489 1052 4543 λαοῦ
1084 4489 1275 4543 αὑτοῦ.

826 4688 967 4760 ’ῼδὴ
1009 4687 1240 4757 ὁμοίως.

775 4780 1066 4837 ΨΑΛΜΟΣ
1113 4778 1286 4832 PKE'.

321 4883 431 4935 Ἔν
473 4876 553 4944 τῷ
587 4872 945 4944 ἐπιστρέψαι
984 4872 1202 4940 Κύριον
1234 4868 1348 4937 τὴν
1398 4868 1817 4939 αἰχμαλωσίαν

234 4975 418 5039 Σιὼν,
472 4970 839 5042 ἐγενήθημεν
892 4966 1036 5019 ὡσεὶ
1088 4960 1635 5031 παρακεκλημένοι.
1707 4961 1814 5014 Καὶ

232 5062 397 5129 οὗτος
428 5066 456 5119 ό
482 5062 693 5134 ψαλμδς
727 5057 995 5115 ἀκόλουθα
1024 5053 1103 5126 τῷ
1132 5054 1240 5124 πρὸ
1282 5050 1446 5104 αὑτοῦ
1478 5048 1776 5119 φθέγγεται
1798 5065 1812 5080 ’

234 5158 584 5229 ἐπιστροφὴν
635 5156 733 5226 μὲν
760 5154 956 5220 λέγων,
991 5152 1090 5222 τὴν
1121 5149 1200 5212 είς
1238 5148 1337 5218 τὴν
1380 5144 1619 5215 πατρίδα
1656 5143 1818 5208 Σιὼν,

232 5253 693 5306 ἀποκατάστασιν
721 5246 892 5316 αὐτῆς
909 5244 1018 5295 τῶν
1044 5242 1251 5294 τέκνων
1284 5255 1296 5269 ’
1328 5232 1473 5293 οὗτοι
1502 5238 1611 5305 γὰρ
1639 5238 1671 5306 ἡ
1705 5237 1823 5306 αίχ-

240 5344 502 5415 μαλωσὶα
535 5341 702 5410 αὐτῆς
726 5356 738 5370 ⁸
768 5337 1113 5407 παράκλησιν
1165 5331 1221 5385 δὲ
1260 5330 1357 5401 τὴν
1394 5329 1691 5397 ἀνάκλησιν
1730 5328 1822 5381 καὶ

233 5435 629 5507 ψυχαγωγίαν.
671 5429 1129 5498 Ἑπιστραφέντες
1156 5465 1169 5488 ,
1202 5426 1389 5493 φησὶν,
1424 5423 1507 5485 είς
1565 5419 1664 5490 τὴν
1715 5435 1823 5473 πα·

233 5529 430 5594 τρίδα,
505 5520 806 5591 ἐγενόμεθα
857 5519 976 5571 λίαν
1032 5512 1516 5585 παρακεκλημένοι
1560 5526 1574 5542 ·
1625 5508 1819 5577 τὸγὰρ

232 5616 393 5673 ὡσεὶ
453 5613 700 5675 ὲπίτασίς
730 5613 844 5664 ἑστι
876 5609 972 5677 τῆς
1012 5604 1413 5676 παρακλήσεως
1440 5617 1455 5636 ·
1499 5601 1575 5664 ὡς
1602 5600 1682 5663 τὸ,
1723 5598 1822 5662 Ὧς

232 5705 472 5772 ἀγαθὸς
500 5704 532 5755 ό
565 5697 708 5764 Θεὸς
746 5697 824 5763 τῷ
863 5694 1115 5764 Ἰσραήλ.
1168 5694 1237 5746 Ἢ
1263 5693 1601 5762 ἐγενήθημεν
1630 5689 1820 5757 ὥσπερ

236 5796 298 5848 oi
337 5791 841 5862 παρακεκλημένοι,
879 5788 1156 5841 τουτέστιν
1199 5786 1257 5838 ἐν
1284 5783 1536 5854 εὐθυμία.

1919 3480 2013 3534 sed
2051 3479 2281 3549 simplici
2325 3488 2457 3534 sunt
2494 3481 2680 3536 corde.

1992 3569 2156 3625 Vsus.
2173 3572 2226 3625 5.
2244 3572 2580 3627 Declinantes
2598 3579 2771 3627 autem
2791 3574 2844 3627 in
2862 3575 3084 3628 tortuosi
3092 3580 3243 3641 tates,
3264 3575 3488 3630 adducet

1919 3660 2182 3717 Dominus
2217 3679 2333 3716 cum
2370 3665 2707 3733 operantibus
2746 3665 3098 3733 iniquitatem.
3127 3666 3187 3720 in
3225 3668 3491 3724 tortuosi-

1921 3765 2084 3823 tates,
2115 3757 2220 3812 hoc
2277 3767 2383 3821 est,
2419 3757 2473 3810 in
2520 3771 2776 3828 perversa
2807 3765 2972 3827 atque
3004 3758 3250 3829 obliqua.
3286 3759 3491 3830 llujus-

1922 3846 2065 3900 modi
2100 3845 2249 3900 enim
2283 3845 2536 3902 homines
2570 3846 2807 3900 adducet
2869 3847 3013 3901 Deus
3062 3848 3126 3904 ad
3170 3864 3385 3918 poenas,
3440 3862 3493 3908 et

1924 3938 2206 4007 perpetuis
2256 3952 2353 3993 eos
2389 3938 2570 3993 tradet
2623 3937 2954 4007 suppliciis;
3001 3939 3083 3995 vel
3120 3941 3346 4010 repellet
3398 3957 3493 3998 eos

1924 4039 2183 4099 tanquam
2216 4030 2422 4097 iniquis
2454 4030 2771 4086 hominibus
2805 4030 3033 4086 similes.

2001 4121 2118 4176 Pax
2155 4139 2313 4193 super
2366 4122 2561 4179 Israel.
2605 4123 3054 4180 Subaudiendum
3106 4135 3190 4181 est
3245 4128 3493 4191 verbum,

1923 4216 2014 4271 sit.
2044 4215 2313 4288 Congrnit
2342 4217 2511 4271 etiam
2550 4217 2640 4271 hic
2675 4218 2930 4286 psalmus
2959 4219 3027 4272 iis
3062 4214 3155 4288 qui
3191 4218 3245 4273 in
3276 4219 3492 4274 excelsa

1925 4316 2094 4376 atque
2148 4305 2589 4360 incommutabili
2648 4304 2890 4360 Ecclesia
2941 4305 3210 4370 habitant,
3247 4307 3300 4360 in
3337 4308 3497 4376 cujus

1926 4397 2164 4453 circuitu
2198 4404 2330 4452 sunt
2363 4396 2630 4450 sublimes
2670 4394 2952 4458 doctores,
2979 4396 3290 4452 munientes
3333 4397 3497 4451 nimi-

1926 4507 2046 4545 rum
2080 4499 2132 4545 et
2158 4490 2532 4545 custodientes
2568 4503 2714 4553 eam,
2750 4498 2804 4543 et
2832 4486 3092 4545 Christus
3118 4489 3288 4544 etiam
3314 4488 3368 4543 in
3393 4490 3496 4543 cir-

1926 4581 2077 4637 cuitu
2120 4580 2304 4651 populi
2347 4581 2452 4634 sui.

2388 4672 2667 4727 Canticum
2708 4686 3037 4725 ascensuum.

2428 4759 2746 4816 PSALMUS
2793 4759 3005 4817 CXXV.

2000 4860 2165 4916 Vens.
2202 4861 2251 4912 1.
2285 4855 2419 4912 Cum
2453 4862 2773 4909 converteret
2818 4852 3081 4908 Dominus
3132 4855 3494 4925 captivitatem

1928 4946 2078 5012 Sion,
2104 4948 2233 5019 facti
2252 4961 2433 5000 sumus
2462 4944 2597 4998 sicut
2626 4944 2904 4997 consolati.
2929 4942 3029 4999 Hic
3057 4944 3304 5013 psalmus
3329 4946 3492 5000 etiam

1927 5049 2359 5114 consequentem
2389 5037 2453 5093 ad
2487 5036 2859 5107 prmeedentes
2899 5037 3183 5092 materiam
3224 5040 3494 5093 continet.

1925 5137 2032 5191 Per
2059 5131 2473 5188 conversionem
2507 5129 2651 5184 enim
2687 5128 2960 5198 Propheta
3022 5128 3255 5183 reditum
3297 5145 3360 5183 ac
3404 5144 3494 5183 re-

1926 5228 2265 5282 stitutionem
2326 5221 2578 5290 intelligit
2626 5223 2679 5273 in
2737 5219 3044 5288 patriam,:
3097 5218 3257 5289 cujus
3306 5222 3497 5290 patria

1929 5315 2095 5380 ﬁlios,
2131 5315 2236 5369 hoc
2267 5322 2374 5377 est,
2409 5311 2571 5380 cujus
2631 5310 2894 5379 populum
2926 5310 2982 5363 in
3016 5312 3334 5379 captivitate
3364 5313 3494 5366 olim

1930 5408 2321 5469 constitutum,
2354 5402 2728 5472 captivitatem
2756 5400 2887 5456 Sion
2910 5402 3221 5471 appellavit.
3239 5405 3344 5456 Per
3362 5420 3499 5459 con-

1930 5500 2265 5558 solationem
2313 5510 2463 5562 vero,
2518 5493 2863 5563 refrigerium
2910 5494 3186 5565 intelligit.
3244 5494 3496 5559 Reversi,

1931 5595 2134 5664 inquit.
2182 5593 2236 5646 in
2264 5589 2497 5660 patriam
2536 5586 2691 5642 valde
2723 5585 3035 5656 refrigerati
3091 5603 3306 5643 sumus.
3364 5588 3497 5642 Nam

1934 5685 2123 5740 Graeca
2150 5683 2319 5738 dictio
2352 5679 2510 5742 ὡσεί,
2538 5693 2636 5749 pro
2672 5692 2778 5746 qua
2822 5677 3096 5748 interpres
3134 5680 3390 5744 reddidit,
3426 5680 3501 5731 si-

1932 5786 2041 5840 cut,
2078 5790 2184 5828 non
2251 5772 2597 5829 solumhanc
2648 5769 3100 5839 signiﬁcationem
3167 5772 3350 5835 habet,
3406 5772 3497 5827 scd

234 5860 533 5950 interdum
572 5888 790 5958 ponitur
826 5899 923 5953 pro
961 5898 1141 5952 quam,
1176 5879 1229 5936 id
1267 5886 1371 5945 est,
1396 5891 1494 5948 pro
1532 5875 1701 5939 valde,
1728 5869 2191 5944 quemadmodum
2230 5875 2282 5920 et
2321 5861 2449 5918 alibi
2485 5878 2499 5914 :
2534 5860 2706 5928 Quam
2761 5861 2925 5917 bonus
2958 5862 3097 5919 Deus
3150 5863 3322 5919 Israel
3354 5866 3500 5932 '°-“,

324 6007 452 6039 ⁵⁶·³ι
496 6003 635 6060 Psal.
675 6017 843 6069 Lxxtt,
886 6002 934 6054 ί.
