3964 6618
462 483 605 554 1199

1724 499 2108 561 EUTHYMII
2152 494 2519 564 ZIGABM

3551 520 3663 585 120.)

453 607 748 678 utrobique
785 609 930 665 enim
963 608 1153 668 eadem
1182 610 1415 670 habetur
1461 612 1654 672 dictio.
1692 615 1808 683 Vel,
1848 616 1999 673 Facti
2042 634 2232 676 sumus
2280 624 2742 691 quemadmodum
2765 628 3055 697 consolati,
3124 629 3229 687 hoc
3250 639 3354 699 est,
3420 635 3470 690 in
3496 643 3662 707 gaudio

454 699 662 759 fuimus
696 714 863 771 atque
895 704 949 757 itt
987 704 1203 761 laetitia.

528 796 689 853 Vens.
730 798 785 852 2.
825 796 969 852 Tunc
1000 799 1258 869 repletum
1303 810 1382 857 est
1420 804 1618 874 gaudio
1669 823 1727 861 os
1759 816 2019 862 nostrum.

2204 806 2341 862 Τότε
2369 804 2652 872 ἐπλήσθη
2688 802 2876 875 χαρᾶς
2909 806 2974 861 τὸ
3004 809 3199 878 στόμα
3235 809 3420 877 ἡμῶν.
3470 814 3664 884 Χαρμο-

455 888 571 943 Hoc
586 900 689 953 cst,
703 888 968 958 jucundis
987 906 1049 945 ac
1074 892 1212 948 laztis
1231 894 1435 960 verbis,
1465 911 1587 966 qua:
1621 912 1899 954 summum
1920 901 2040 956 ani-

452 996 555 1035 tum
583 981 839 1051 gaudium
870 983 1282 1054 signiﬁcabant.

525 1069 594 1122 Et
658 1072 841 1143 lingua
904 1087 1087 1128 nostra
1153 1077 1533 1134 exsultatione.
1599 1079 1745 1136 idem
1802 1083 2034 1153 repetit;

458 1160 713 1231 praedicit
753 1173 936 1219 autem
976 1183 1099 1223 uuae
1139 1168 1324 1224 futura
1361 1177 1521 1225 era'nt
1550 1210 1567 1236 ,
1606 1173 1771 1228 veluti
1806 1174 1920 1245 jam
1949 1176 2034 1230 i‘a-

451 1266 561 1313 cta.
760 1302 796 1337 ιη,

527 1354 674 1410 Tum:
696 1330 872 1408 dicent
900 1355 1040 1409 inter
1068 1363 1269 1424 gentes.
1300 1352 1456 1411 Tunc
1485 1356 1521 1411 ii
1560 1358 1654 1429 qui
1694 1360 1749 1413 in
1775 1360 2035 1430 gentibus

454 1454 611 1510 sunt,
666 1447 896 1511 dicent;
968 1445 1051 1501 vel
1116 1445 1466 1514 simpliciter,
1527 1458 1717 1517 gentes
1763 1451 1879 1504 visa
1939 1452 2038 1505 ad-

452 1539 706 1594 miranda
748 1538 937 1609 populi
979 1537 1334 1600 restitutione
1370 1551 1496 1592 cum
1549 1539 1917 1597 admiratione
1945 1542 2033 1597 di-

452 1641 576 1687 cent
602 1649 616 1686 :

526 1720 892 1791 Magniﬁcauit
935 1721 1196 1778 Dominus
1232 1724 1407 1793 facere
1441 1742 1561 1780 eum
1614 1725 1708 1781 eis.
1746 1724 1871 1780 Haec
1903 1736 2032 1782 sunt

454 1813 619 1868 verba
653 1830 775 1884 qua:
808 1814 1055 1870 ﬁnitimae
1107 1825 1299 1887 gentes
1354 1818 1560 1881 dicent,
1616 1816 1907 1888 loquentes
1963 1818 2032 1873 de

455 1906 617 1961 nobis
642 1903 846 1962 Judaeis
876 1923 891 1959 :
920 1906 1285 1976 Magniﬁcarit
1315 1907 1572 1962 Dominus
1590 1908 1764 1977 [acere
1790 1925 1907 1962 eum
1929 1907 2027 1970 eis,

452 2014 520 2051 eo
580 1997 726 2067 quod
784 2012 1036 2066 magnam
1106 2000 1157 2052 in
1233 2001 1315 2054 eis
1379 1999 1505 2053 fecit
1568 2000 2025 2055 misericordiam.

455 2089 661 2144 Deinde
691 2089 887 2145 iterum
911 2104 1223 2145 sermonem
1251 2090 1458 2161 profert
1478 2107 1541 2145 ex
1564 2091 1746 2162 populi
1771 2106 2023 2162 persona,

454 2183 645 2237 dicens
680 2197 696 2235 :

524 2272 689 2327 Vnus.
721 2273 777 2327 '5.
820 2269 1181 2342 Hagniﬁcavit
1233 2271 1495 2327 Dominus
1534 2274 1710 2344 facere
1731 2276 2022 2333 nobiscum.

452 2365 654 2422 Verum
696 2364 1092 2435 magniﬁcavit,
1132 2375 1188 2419 ut
1227 2366 1513 2432 diximus;
1574 2376 1658 2422 est
1703 2370 1868 2424 etiam
1896 2386 2023 2440 pro-

451 2456 632 2526 prium
667 2454 771 2509 hoc
802 2454 1001 2509 idioma
1057 2452 1340 2510 Hebraicaa
1403 2455 1623 2526 linguae,
1650 2457 1833 2514 dicere
1863 2477 1878 2513 :
1917 2462 2023 2513 Do-

449 2547 625 2602 minus
660 2545 783 2615 fecit
816 2562 934 2599 cum
967 2545 1108 2611 illo;
1151 2546 1591 2618 subintelligitur
1620 2549 1767 2604 enim
1830 2550 2020 2619 dictio,

448 2639 889 2694 misericordiam.

522 2730 678 2786 Facti
706 2748 890 2786 sumus
919 2730 1179 2786 lwtantes.
1220 2730 1283 2787 Et
1306 2732 1434 2802 quia
1467 2733 1705 2789 restituti
1746 2750 1936 2790 sumus
1967 2736 2021 2791 in

447 2826 708 2897 patriam,
738 2833 788 2880 et
830 2823 961 2894 quia
998 2822 1093 2879 Dei
1132 2824 1379 2894 potentia
1412 2832 1545 2878 nota
1585 2824 1729 2879 facta
1761 2835 1846 2880 est
1888 2828 2021 2882 vici-

446 2918 536 2972 nis
561 2916 840 2985 gentibus.

516 3006 684 3064 Vsus.
712 3014 765 3064 4.
792 3008 1065 3077 Converte,
1093 3010 1330 3077 Domine,
1356 3011 1717 3081 captivitatem
1779 3019 2017 3067 nostram

446 3101 585 3156 sicut
624 3110 879 3157 torrentes
906 3103 960 3156 in
994 3105 1216 3158 Austro.
1246 3104 1574 3175 Supplicant
1608 3106 1875 3175 deinceps
1918 3122 2019 3177 pro

447 3195 516 3249 iis
541 3193 635 3265 qui
668 3194 725 3250 in
753 3197 1074 3265 captivitate
1103 3206 1525 3264 remanserant;
1580 3200 1738 3253 multi
1774 3200 1922 3254 enim
1964 3200 2016 3254 in

443 3283 718 3357 Babylone
749 3287 924 3341 relicti
954 3286 1193 3352 fuerant,
1218 3288 1420 3358 quibus
1447 3290 1564 3360 pari
1591 3290 1756 3346 modo
1783 3291 2016 3346 reditum

445 3379 503 3432 in
567 3377 805 3447 patriam
862 3380 1114 3448 praestari
1178 3389 1369 3449 petunt
1406 3396 1421 3433 :
1463 3380 1755 3445 Converte,
1819 3382 2013 3450 inquit,

2143 900 2319 956 σύνων
2351 898 2636 970 ῥημάτων,
2664 898 2967 969 δηλούντων
2991 899 3089 970 τὴν
3116 900 3290 972 χαρὰν
3318 904 3416 973 τῆς
3436 903 3606 978 ψυχῆς,

2209 1078 2317 1134 Καὶ
2368 1078 2406 1146 ἠ
2467 1075 2722 1147 γλῶσσα
2770 1076 2940 1146 ἡμῶν
2976 1077 3417 1147 αγαλλιάσεως.
3452 1081 3517 1135 Τὸ
3561 1084 3668 1138 αὐτὸ

2137 1171 2287 1239 λέγει
2315 1185 2329 1201 ·
2375 1168 2741 1241 προαγορεύει
2769 1169 2828 1222 δὲ
2877 1168 2946 1221 τὰ
2987 1169 3272 1239 μέλλοντα,
3312 1171 3389 1235 ὡς
3422 1173 3512 1244 ήδη
3544 1178 3666 1242 γενέ.

2139 1282 2296 1335 μενα.

2212 1359 2348 1412 Τότε
2376 1354 2625 1424 ἐροῦσιν
2648 1355 2717 1408 ἐν
2746 1354 2871 1420 τοῖς
2899 1354 3122 1409 ἔθνεσι.
3164 1354 3410 1427 Ἐροῦσιν
3436 1358 3478 1411 oi
3510 1360 3559 1409 ὲν
3578 1362 3666 1417 τοῖς

2135 1451 2369 1503 ἔθνεσιν.
2415 1449 2486 1502 Ἦ
2539 1448 2726 1511 ἁπλῶς
2755 1447 2941 1518 ὲοροῦσι
2971 1448 3039 1501 τὰ
3068 1448 3192 1520 ἔθνη
3225 1490 3241 1514 ,
3301 1450 3566 1520 ἑωρακότα
3590 1457 3666 1505 τὶν

2136 1537 2444 1610 παράδοξον
2477 1539 2927 1595 ἀποκατάστασιν
2958 1540 3137 1611 ἡμῶν,
3186 1540 3282 1595 καὶ
3327 1542 3662 1613 θαυμάσαντα.

2216 1718 2584 1789 Ἐμεγάλυνε
2634 1718 2853 1786 Κύριος
2905 1715 3011 1771 τοῦ
3042 1716 3292 1784 ποιῆσαι
3320 1720 3449 1786 μετ’
3479 1718 3663 1772 αὐτῶν.

2145 1811 2397 1882 Ἑροῦσιν
2445 1811 2529 1864 ὃτι
2577 1808 3142 1878 Ἐμεγτιλούργησεν
3184 1811 3218 1862 ὁ
3274 1810 3441 1875 Θεὸς,
3471 1808 3556 1865 διὰ
3584 1813 3667 1864 τοῦ

2131 1900 2382 1971 ποιῆσαι
2412 1902 2586 1968 ἕλεος
2612 1902 2683 1955 ἐν
2703 1901 2911 1967 αὐτοῖς
2935 1918 2950 1931 ⁸
2984 1902 3110 1970 περὶ
3139 1901 3295 1970 ἡμῶν
3326 1901 3496 1954 ταῦτα
3513 1902 3665 1970 λέγον-

2128 2014 2220 2060 τες
2243 2011 2260 2028 ο
2284 1990 2406 2048 εἶτα
2439 1995 2631 2064 τρέπει
2663 1993 2758 2047 τὸν
2782 1993 2943 2062 λόγον
2981 1991 3262 2064 προσώπῳ
3291 1992 3404 2045 τῶν
3430 1994 3494 2045 τὰ
3523 1996 3666 2064 upup-

2133 2088 2370 2160 ρηοέντα
2398 2086 2687 2155 λεγόντων.

2211 2180 2577 2251 Ἐμεγάλυνε
2622 2180 2838 2247 Κύριος
2872 2179 2978 2234 τοῦ
3034 2177 3287 2246 ποιῆσαι
3332 2179 3462 2247 μεθ’
3506 2176 3665 2247 ἡμῶν.

2134 2275 2339 2338 Ὄντως
2368 2271 2873 2343 ἑμεταλούργησεν,
2908 2270 2983 2335 ὡς
3026 2272 3365 2343 εἰρήκαμεν
3407 2270 3583 2337 ίδίωμα
3619 2269 3665 2321 δὲ

2125 2366 2289 2421 τοῦτο
2314 2365 2417 2434 τῆς
2473 2364 2777 2433 Ἐὁραῖδος,
2806 2364 2871 2417 τὸ
2918 2362 3102 2429 λέγειν
3126 2380 3143 2396 ο
3178 2364 3506 2430 Ἐποίησαν
3542 2366 3665 2432 μετὰ

2126 2460 2233 2514 τοῦ
2261 2458 2467 2525 δεῖνος
2493 2473 2507 2488 ο
2541 2457 2724 2510 λείπει
2751 2456 2861 2527 γὰρ
2888 2454 2950 2509 τὸ
2972 2455 3169 2521 ἕλεος.

2210 2747 2610 2819 Ἦγενήθημεν
2639 2745 3111 2815 εὐφραινόμενοι.
3150 2744 3273 2798 Ὀτι
3325 2738 3669 2808 ἀποκατέστη-

2130 2860 2226 2912 μεν
2275 2842 2353 2903 είς
2410 2840 2510 2908 τὴν
2546 2837 2802 2907 πατρῖδα,
2849 2837 2945 2889 καὶ
2974 2837 3056 2888 ὅτι
3108 2833 3356 2904 ἐγνώσθη
3393 2837 3504 2897 τοῖς
3538 2832 3669 2903 πέριξ

2129 2933 2337 2986 ἔθνεσιν
2368 2931 2401 3001 ἡ
2448 2928 2542 2982 τοῦ
2580 2927 2717 2980 Θεοῦ
2747 2927 2996 2996 δύναμις.

2205 3022 2629 3089 Ἐπίστρεψον,
2677 3018 2870 3086 Κύριε,
2902 3016 3017 3084 τὴν
3048 3017 3469 3085 αιχσιιαλωσίαν
3508 3015 3668 3084 ἡμῶν,

2122 3110 2202 3175 ὡς
2219 3107 2575 3179 χειμάῤῥους
2603 3105 2672 3159 ἐν
2702 3104 2781 3169 τῷ
2806 3105 2989 3172 Νότῳ.
3014 3108 3147 3175 Περὶ
3174 3106 3281 3158 τῶν
3308 3104 3667 3175 ἐναπομεινὰν-

2123 3219 2230 3253 των
2277 3203 2342 3270 τῇ
2396 3197 2747 3268 αἰχμαλωσίᾳ
2802 3197 2989 3250 λοιπὸν
3034 3198 3067 3267 ἡ
3122 3197 3327 3267 δέησις.
3378 3198 3561 3250 Πολλοὶ
3580 3196 3668 3262 γὰρ

2126 3291 2561 3360 ὑπελείφθησαν,
2595 3290 2691 3352 οὓς
2716 3290 2810 3343 καὶ
2840 3288 3040 3352 αὐτοὺς
3074 3289 3396 3343 ἐπανελθεῖν
3430 3287 3667 3342 ἱκετεύου-

2124 3402 2208 3439 σιν
2235 3403 2249 3416 ·
2298 3381 2682 3454 Ἐπίστρεῷοη
2706 3382 2900 3451 Κύριε,
2922 3380 3023 3452 τὴν
3045 3381 3464 3450 ὐπολειφθεῖσσν
3497 3382 3669 3449 αίχμα-

445 3467 676 3523 Domine
705 3508 720 3534 ,
753 3468 1014 3539 reliquias
1070 3478 1276 3525 nostra:
1316 3470 1678 3540 captivitatis,
1732 3472 2016 3542 ipsamque

2123 3477 2329 3531 λωσίαν
2367 3476 2549 3547 ἡμῶν,
2598 3474 2772 3537 οὕτως
2802 3475 2960 3527 ὠθῶν
2986 3475 3082 3528 καὶ⁵
3128 3477 3473 3542 κατεπείγων
3503 3473 3665 3541 αὐτὴν,

442 3560 820 3631 captivitatem
888 3575 1024 3630 urge
1081 3570 1244 3631 atque
1290 3563 1528 3633 impelle,
1580 3578 1690 3618 non
1741 3578 1904 3619 secus
1953 3579 2019 3619 ac

2127 3569 2203 3631 th;
2235 3569 2364 3631 τοὺς
2415 3567 2752 3639 χειμάρρους
2811 3567 2902 3621 διὰ
2945 3567 3042 3620 τοῦ
3080 3566 3276 3620 Νότου.
3330 3560 3501 3628 Οὗτος
3534 3565 3670 3633 γάρὸ

444 3668 641 3723 urgere
690 3661 860 3723 atque
912 3652 1193 3724 impellere
1235 3653 1381 3709 soles
1425 3662 1720 3711 torrentem
1776 3670 1874 3725 per
1900 3655 2014 3711 Au-

442 3757 642 3800 strum.
674 3745 824 3801 Solet
854 3746 1001 3801 enim
1036 3746 1125 3801 hic
1196 3755 1425 3812 ventus,
1456 3747 1686 3817 disjecta
1747 3762 1810 3803 ac
1849 3747 2019 3818 lique-

442 3835 583 3892 facta
607 3835 833 3892 nubium
887 3837 1174 3900 densitate,
1204 3835 1443 3907 pluviam
1484 3837 1774 3904 adducere,
1812 3846 1867 3893 et
1897 3850 2013 3892 tor-

445 3938 627 3984 rentes
664 3943 864 3999 magno
886 3942 1013 3985 eum
1043 3928 1250 3997 impetu
1298 3943 1539 3984 movere.
1568 3928 1667 3983 Vel
1698 3928 2013 3998 huiusmodi

442 4017 763 4086 metaphora
790 4032 929 4073 usus
970 4026 1078 4083 est,
1108 4027 1306 4087 aptans
1331 4018 1727 4088 captivitatem,
1753 4020 2014 4076 torrentis

442 4108 644 4174 instar,
674 4109 787 4163 cito
834 4107 990 4172 terri,
1033 4107 1107 4162 ita
1138 4116 1199 4163 ut
1227 4123 1395 4178 quam
1426 4111 1665 4180 primum
1725 4122 1923 4177 cesset,
1959 4120 2015 4168 et

441 4208 555 4255 tota
585 4213 816 4271 prorsus
841 4206 1160 4267 evacuetur,
1187 4198 1501 4258 Judaeorum
1524 4204 1741 4261 nemine
1760 4205 1815 4259 in
1844 4204 2014 4277 Baby-

439 4294 566 4348 lone
610 4290 846 4361 amplius
875 4290 1090 4347 relicto.
1135 4291 1260 4348 Cito
1289 4293 1491 4348 etenim
1522 4295 1873 4351 exsiccantur
1904 4306 2015 4351 tor-

434 4391 644 4441 rentes.
678 4382 776 4439 Vel
807 4399 904 4455 per
933 4384 1225 4451 Austrum,
1253 4399 1352 4441 seu
1394 4383 1620 4454 Notum,
1649 4387 1824 4458 ipsam
1851 4389 2012 4443 intel-

2127 3657 2330 3727 ἄνεμος
2361 3658 2548 3728 τήκων
2569 3658 2670 3721 τὰς
2696 3656 3014 3726 παχύτητας
3039 3658 3148 3709 τὼν
3168 3656 3370 3723 νεφῶν,
3402 3658 3493 3709 καὶ
3505 3654 3669 3711 ὑετοὺς

2127 3747 2405 3816 κατάγων.
2441 3749 2581 3801 κινεῖ
2605 3748 3082 3818 τοῦςχειμάρῤους
3105 3746 3243 3816 μετὰ
3288 3745 3491 3814 πολλῆς
3513 3743 3670 3813 ῥύμης

2125 3838 2224 3891 καὶ
2254 3837 2644 3909 σφοδρότητος.
2679 3838 2750 3890 Ἥ
2783 3837 2858 3900 ὡς
2881 3838 3219 3907 χειμάρρους
3251 3831 3430 3901 εἶπεν,
3464 3834 3668 3903 εὐχόμε·

2114 3945 2205 3991 νος
2262 3927 2589 3999 χειμάρροις
2646 3925 2818 3996 αὐτὴν
2845 3924 3113 3995 φέρεσθαι
3138 3923 3556 3992 παραπλησίως.
3596 3920 3671 3969 ἴνα

2114 4022 2209 4076 καὶ
2235 4021 2443 4091 ταχέως
2472 4018 2680 4090 παυθῇ,
2717 4020 2869 4071 πᾶσα
2897 4016 3288 4083 ὲκκενωθεῖσα,
3344 4012 3566 4086 μηδενὸς
3598 4010 3668 4062 ἔτι

2116 4111 2535 4180 ὑπολειφθέντος
2589 4112 2650 4163 ἐν
2700 4108 2985 4164 Βαϐυλῶνι
3014 4126 3028 4138 -
3077 4108 3289 4177 ταχέως
3349 4108 3459 4176 γὰρ
3504 4104 3553 4157 οἱ
3576 4103 3673 4171 χεί-

2116 4206 2319 4278 μαρροι
2345 4202 2711 4275 ξηραίνονται.
2748 4201 2818 4255 Ἢ
2867 4200 3041 4255 Νότον
3084 4198 3234 4267 λέγει
3285 4197 3384 4267 τὴν
3420 4198 3671 4265 Ἰερουσα-

2117 4297 2253 4366 λὴμ,
2300 4294 2444 4348 οὕτω
2503 4292 2765 4356 πολλάκις
2818 4291 2925 4345 ὑπὸ
2980 4288 3280 4362 προφητῶν
3324 4287 3670 4358 καλουμένην.

2112 4388 2188 4452 ὡς
2223 4388 2279 4441 ὲν
2307 4385 2384 4457 τῷ
2415 4386 2573 4457 Νότῳ
2617 4384 2902 4455 κειμένην.
2946 4380 3304 4452 Ἐπίστρεψον
3338 4380 3540 4450 αὐτὴν,
3583 4392 3673 4445 φη·

435 4479 556 4548 ligit
580 4476 915 4541 Jerusalem,
950 4475 1059 4532 hoc
1093 4477 1318 4533 nomine
1345 4494 1375 4532 a
1421 4479 1707 4549 prophetis
1764 4495 2005 4550 persaepe

2123 4481 2219 4548 τὶν,
2251 4481 2309 4534 iv
2334 4479 2412 4549 τῷ
2431 4479 2609 4549 Νότῳ,
2649 4478 2817 4549 ἠγουν
2843 4475 2924 4539 είς
2967 4474 3340 4543 Ἱεροσόλυμα..

435 4569 564 4624 ahbi
599 4569 946 4639 appellatam,
975 4576 1237 4640 tanquam
1268 4567 1377 4623 situ
1408 4582 1511 4625 suo
1562 4577 1874 4639 vergentem
1905 4569 1973 4625 ad
2012 4570 2295 4625 Austrum.
2323 4569 2612 4636 Converte,
2642 4569 2838 4640 inquit,
2865 4582 2985 4622 eam
3017 4564 3390 4635 captivitatem
3453 4565 3509 4616 in
3569 4561 3670 4612 Au'

435 4673 572 4726 stro,
614 4660 720 4715 hoc
750 4665 857 4724 est,
884 4659 939 4716 in
968 4656 1300 4716 Jerusalem.

505 4753 673 4809 Vsus.
709 4751 766 4806 5.
800 4750 906 4816 Qui
936 4752 1196 4807 seminam
1229 4752 1286 4805 in
1337 4750 1610 4821 lacrymis,
1665 4751 1721 4805 in
1770 4752 2006 4807 exsulta-

2190 4752 2255 4803 Οἱ
2313 4748 2666 4814 σπείροντες
2715 4743 2787 4798 ἐν
2836 4742 3136 4810 δάκρυσιν
3189 4741 3261 4795 ἐν
3329 4737 3672 4811 ἀγαλλιάσει

436 4851 581 4905 tione
606 4855 817 4903 metent.
850 4844 959 4912 Qui
982 4845 1257 4903 seminant
1287 4860 1439 4916 spem
1493 4845 1689 4899 salutis
1725 4846 1778 4899 lu
1804 4845 2010 4901 oratio-

434 4956 567 4997 num
602 4933 1245 5009 lacrymis,-bujusmodi
1275 4935 1393 5005 spei
1427 4934 1670 4989 fructum
1709 4942 1923 4989 metent
1952 4934 2007 4989 in

432 5021 834 5089 exsultatione.
888 5027 1131 5083 Fructus
1159 5032 1344 5081 autem
1379 5026 1487 5082 erit
1520 5026 1778 5080 liberatio
1803 5040 1833 5079 a
1860 5041 2012 5095 pres-

433 5139 587 5181 sura.
635 5120 808 5179 Totus
853 5127 1037 5176 autem
1065 5117 1154 5174 hic
1180 5131 1363 5174 sermo
1408 5117 1479 5174 iis
1527 5115 1802 5187 congruit,
1832 5115 1924 5186 qui
1955 5116 2009 5170 in

432 5213 834 5271 tentationibus
864 5217 1016 5266 sunt.
1418 5210 1419 5213 ‘

502 5305 670 5362 Vens.
714 5304 769 5359 6.
806 5302 1006 5357 Euntes
1050 5300 1220 5368 ibant,
1248 5308 1300 5355 et
1334 5300 1555 5371 ﬂebant,
1614 5301 1881 5354 mittentes
1928 5312 2011 5351 se-

431 5398 577 5451 mina
617 5409 739 5450 sua.
784 5392 869 5448 Ab
898 5390 1309 5447 universalibus
1347 5389 1416 5444 ad
1472 5387 1829 5458 particularia
1888 5400 2009 5454 per-

433 5487 672 5553 transiit,
699 5485 767 5542 de
791 5484 861 5542 iis
883 5482 1132 5553 loquens,
1154 5482 1322 5551 quiin
1350 5479 1668 5549 captivitate
1693 5478 1930 5542 fuerant,
1954 5483 2008 5530 et

432 5578 777 5657 dicit’quod,
808 5591 935 5630 cum
970 5576 1116 5629 irent
1150 5574 1203 5627 in
1256 5573 1659 5643 captivitatem,
1713 5571 1771 5624 in
1812 5569 2009 5622 itinere

433 5675 609 5738 ibant,
659 5682 715 5726 et
746 5671 972 5735 ﬁebant,
1009 5680 1162 5737 spem
1198 5666 1343 5722 illam
1370 5666 1729 5730 seminantes,
1763 5672 1819 5718 ul
1856 5662 2003 5717 disi-

434 5780 578 5819 ntus.

514 5855 786 5909 Venientes
821 5861 998 5907 autem
1034 5850 1238 5906 uenient
1261 5851 1314 5904 in
1343 5847 1723 5914 exsultatione,
1756 5847 1999 5905 tollentes

432 5948 733 6017 manipulos
780 5960 924 5999 suos.
957 5941 1162 5999 Verum
1204 5942 1258 5995 in
1291 5954 1484 5996 eorum
1542 5941 1723 5995 reditu
1791 5941 2009 5996 venient

2114 4842 2402 4913 θεριοῦσι.
2435 4840 2499 4893 Oi
2527 4836 2848 4906 σπείροντες
2879 4835 3071 4887 ἐλπίδα
3098 4833 3377 4905 σωτηρίας
3408 4834 3462 4883 ἐν
3482 4830 3670 4898 δάκρυ·

2117 4954 2202 4989 σιν
2251 4933 2459 4995 ἱκεσίας
2519 4931 2578 4983 ἐν
2633 4926 2954 4997 ἀγαλλιάσει
3014 4923 3259 4995 θεριοῦσι
3319 4925 3410 4976 τὸν
3469 4921 3672 4992 καρπὸν

2113 5026 2303 5094 αὐτῆς,
2339 5026 2490 5086 ὅστις
2540 5022 2692 5074 ἐστὶν
2721 5020 2753 5090 ἡ
2784 5017 3074 5087 ἀπαλλαγὴ
3109 5015 3204 5069 τοῦ
3240 5014 3535 5080 πιέζοντος.
3574 5013 3674 5062 Κα-

2038 5124 2062 5138 “·
2112 5115 2325 5177 θολικὸς
2351 5113 2410 5167 δὲ
2460 5114 2488 5166 ὁ
2515 5112 2695 5181 λόγος,
2738 5109 3010 5172 πᾶσιτοϊς
3046 5108 3104 5160 ὲν
3147 5107 3473 5176 πειρασμοῖς
3505 5103 3674 5174 ἁρμό-

2112 5202 2242 5265 ζων.

2185 5297 2587 5367 Πορευόμενοι
2614 5293 3004 5361 ἐπορεύοντο,
3032 5291 3130 5344 καί
3155 5288 3673 5353 ἔκλαιον-βάλλον-

2111 5410 2203 5459 τες
2238 5392 2310 5445 τὰ
2337 5390 2651 5458 σπέρματα
2672 5385 2892 5460 αὐτῶν.
2939 5385 3072 5438 Ἀπὸ
3095 5385 3189 5438 τοῦ
3216 5382 3490 5437 κοθολικοῦ
3547 5379 3675 5451 πρὸς

2110 5485 2171 5538 τὸ
2237 5482 2463 5554 μερικὺν
2516 5477 2742 5549 μετέϐη,
2799 5476 3076 5550 περὶτῶν
3123 5475 3184 5529 ὲν
3234 5478 3300 5547 τῇ
3341 5472 3675 5544 αἰχμαλωσίᾳ

2112 5576 2318 5644 λέγων,
2344 5573 2453 5638 ὃτι,
2480 5570 2844 5642 πορευόμενοι
2876 5573 2955 5630 εἰς
2994 5568 3094 5637 τὴν
3124 5567 3520 5638 αἰχμαλωσίαν,
3557 5564 3677 5613 επο-

2114 5667 2361 5737 ρεύοντο,
2401 5666 2497 5719 καὶ
2529 5662 2770 5730 ἔκλαιον,
2826 5661 3164 5733 σπείροντες,
3196 5660 3273 5723 ὡς
3304 5661 3537 5731 εἴρηται,
3584 5654 3677 5723 τὴν

2109 5759 2320 5813 ἐλπίδα.

2179 5848 2526 5918 Ἐρχόμενοι
2547 5844 2606 5899 δὲ
2632 5844 2894 5913 ἥξουσιν
2914 5843 2983 5897 ἐν
3006 5842 3388 5913 ἀγαλλιάσει,
3408 5839 3673 5904 αἴροντες

2117 5942 2190 5994 τὰ
2213 5938 2521 6010 δράγματα
2539 5938 2759 5994 αὐτῶν.
2784 5938 3104 6009 Ἐρχόμενοι
3126 5936 3181 5988 δὲ
3211 5933 3437 5999 ἐκεῖθεν,
3453 5928 3671 5992 ἥξουσιν
