3906 6546
252 332 392 391 1ἶθὶ

1450 324 1659 384 ΩΟΜΜ
1674 321 1840 381 F..\T.
1872 321 1947 381 IN
1990 319 2354 380 PSALMOS.

3364 303 3511 369 130?.

248 442 313 490 ἐν
354 439 699 508 ἀγαλλιάσει,
761 439 1118 509 κομιζόμενοι
1151 440 1211 493 τὸ
1246 439 1427 510 θέρος,
1477 441 1600 509 ἢτοι
1630 440 1720 490 τὸν
1754 439 1825 489 εἰ·

1939 434 2087 487 illine
2133 432 2492 494 exsultantes,
2521 439 2573 484 et
2603 443 2860 492 messem,
2918 427 3021 481 hoc
3072 434 3174 489 est,
3227 426 3510 478 seminatae

249 531 498 598 ρημένον
529 529 741 599 καρπὸν
758 530 854 599 τῆς
891 528 1330 599 καταδληθείσης
1346 527 1582 591 ἐλπίδος.
1618 527 1828 595 Ὥσπερ

248 622 362 690 γὰρ
394 620 453 672 τὸ
495 622 720 690 σπέρμα
748 620 843 673 τοῦ
886 620 1034 674 σίτου
1073 622 1245 675 δεῖται
1271 621 1468 687 ὑετῶν,
1501 619 1676 684 οὕτως
1735 620 1830 672 καὶ

248 713 316 764 τὸ
352 712 577 780 σπέρμα
604 714 703 781 τῆς
735 711 950 775 ἐλπίδος
980 713 1175 785 χρῄζει
1206 714 1461 783 δακρύων
1494 714 1574 777 είς
1620 728 1831 783 καρπο-

249 801 465 865 γονίαν.
506 803 613 855 Καὶ
653 803 906 872 καθάπερ
952 803 1159 875 ἄρουρα
1198 806 1389 875 χρείαν
1439 803 1552 873 ἔχει
1594 802 1688 856 τοῦ
1737 803 1829 855 τέ-

252 892 519 962 μνεσθαι,
546 896 641 948 καὶ
660 896 1128 966 ἀναῤῥήγνυσθαι,
1154 896 1298 950 οὑτω
1313 899 1455 968 καὶή
1487 895 1635 967 ψυχὴ
1655 896 1829 949 δεῖται

251 985 584 1057 πειρασμῶν
645 988 740 1039 καὶ
774 985 1031 1056 θλίψεων,
1071 987 1160 1041 ἵνα
1213 987 1464 1059 μαλαχθῇ
1493 989 1552 1042 τὸ
1597 988 1830 1058 σκληρὸν

248 1079 452 1146 αὐτῆς,
491 1077 587 1130 καὶ
635 1079 710 1149 μὴ
761 1078 1042 1151 βλαστήσῃ
1082 1081 1327 1146 ἀκάνθας
1380 1082 1474 1137 καὶ
1522 1082 1829 1154 τριϐόλους,

250 1172 351 1222 καὶ
378 1170 641 1235 τοιαύτας
683 1170 959 1243 βλαδεράς
995 1170 1249 1242 βοτάνας.

837 1443 979 1514 ’ῼδὴ
1010 1438 1257 1513 ὁμοίωςῖ

781 1535 1074 1590 ΨΑΛΜΟΣ
1113 1538 1304 1605 riter.

325 1621 474 1676 Ἐὰν
506 1625 587 1693 μὴ
623 1627 840 1694 Κύριος
878 1629 1254 1700 οίκοδομήσῃ
1289 1628 1478 1696 οἶκον,
1501 1634 1585 1698 είς
1632 1634 1834 1704 μάτην

244 1717 598 1773 ἐκοπιάσαν
629 1723 684 1774 οι
705 1722 1183 1792 οἰκοδομοῦντες.
1230 1726 1654 1792 Ἐπανελθόντες
1692 1732 1741 1783 oi
1775 1732 1832 1783 ἐν

247 1812 629 1884 αίχμαλωσίᾳ,
667 1816 760 1867 καὶ
784 1816 1090 1885 οἰκοδομεῖν
1120 1817 1418 1890 ἀρξάμενοι
1443 1821 1535 1875 τὸν
1563 1822 1689 1875 ναὸν
1739 1826 1833 1878 καὶ

245 1903 357 1971 τὴν
401 1904 560 1959 πόλιν
606 1906 809 1973 αὐτῶν,
846 1908 1151 1965 ἐκωλύοντο
1199 1914 1355 1982 παρά
1411 1914 1523 1967 τῶν
1577 1916 1835 1983 γειτόνων

245 1994 452 2062 ἐθνῶν,
476 1996 819 2065 φθονούντων
847 2001 960 2070 ἅμα
989 2003 1085 2055 καὶ
1106 2003 1425 2058 δεδοικότων
1447 2006 1545 2078 τὴν
1570 2007 1652 2072 είς
1676 2008 1832 2073 αὖθις

244 2084 563 2156 εὐημερίαν
599 2091 801 2145 αὐτῶν.
838 2092 948 2145 Καὶ
982 2095 1151 2159 πολὺς
1213 2096 1406 2167 ὲτρίδη
1453 2100 1666 2168 χρόνος,
1702 2101 1833 2172 ἄχρι

243 2174 350 2227 καὶ
379 2179 793 2248 τεσσαράκοντα
854 2182 1011 2245 ἑτῶν,
1053 2184 1160 2238 τῶν
1218 2186 1317 2255 μὲν
1377 2188 1676 2259 προθύμως
1716 2194 1835 2246 επις

248 2267 594 2337 χειρούντων
650 2271 876 2336 κτίζειν,
908 2274 1020 2327 τῶν
1072 2275 1128 2329 δὲ
1170 2279 1306 2331 πᾶσι
1356 2282 1579 2350 τρόποις
1610 2283 1835 2351 ἐμποδι-

243 2359 461 2422 ζόντων
501 2377 517 2395 ⁸
550 2362 645 2426 οὓς
713 2367 987 2420 παιδεύων
1041 2368 1068 2420 ὁ
1123 2370 1411 2442 προφήτης
1464 2373 1557 2428 ἐπὶ
1585 2374 1678 2427 τὸν
1700 2376 1831 2431 Θεὸν

243 2453 647 2523 καταφεύγειν,
712 2457 805 2511 καὶ
869 2460 1034 2513 αὑτὸν
1095 2463 1503 2518 ἐπικαλεῖσθαι.
1544 2470 1829 2538 συνεργὸν,

242 2541 426 2595 ταῦτα
459 2544 713 2611 διέξεισιν
749 2565 764 2580 ο
808 2550 936 2604 Ἐἀν
976 2552 1049 2624 μὴ
1079 2554 1285 2625 Κύριος
1316 2558 1648 2632 οίκοδομὴσῃ
1682 2556 1831 2614 οἷκον

240 2633 342 2687 διὰ
368 2638 659 2706 συνεργίας
692 2641 794 2709 τῆς
827 2645 954 2713 παρ’
993 2646 1181 2709 αὑτοῦ,
1210 2649 1291 2713 είς
1322 2652 1498 2723 μάτην
1528 2654 1833 2709 ἐκοπίασαν

242 2726 301 2775 οἱ
332 2728 765 2797 οἰκοδομοῦντες.
789 2734 1138 2791 ’Λνεόάλλετο
1161 2740 1217 2792 δὲ
1276 2741 1335 2796 ἐν
1366 2747 1643 2811 τοσούτοις
1685 2749 1829 2803 ἔτεσι

244 2815 356 2884 τὴν
386 2821 700 2891 συνεργίαν,
749 2824 833 2878 ἵνα
866 2827 1005 2881 κατὰ
1038 2831 1231 2900 μικρὸν
1263 2835 1703 2905 ἀφυπνίζωνται,
1738 2843 1833 2896 xui.

249 2909 332 3005 μὴ
382 2914 445 2982 τῇ
495 2914 675 2969 ἀνέσει
737 2918 1100 2989 ρᾳθυμότεροι
1152 2926 1443 2993 γένωνται,
1532 2934 1627 2984 καὶ
1695 2936 1832 3005 api);

242 3003 352 3073 τὴν
392 3009 665 3079 προτέραν
716 3013 878 3066 πάλιν
928 3015 1249 3089 δρομήσωσι
1305 3025 1591 3093 πονηρίαν,
1635 3029 1701 3095 τῇ
1734 3003 1829 3082 τα-

1939 527 2053 596 spei
2087 530 2323 579 fraetum
2355 522 2592 578 ferentes
2628 540 2639 575 :
2681 536 2840 591 quem
2879 520 3007 574 ideo
3034 519 3087 571 in
3126 517 3385 587 lacryiuis
3420 530 3508 567 ses

1939 620 2262 683 miuarunt,
2314 617 2443 686 quia
2497 615 2962 687 quemadmodum
3007 610 3264 664 frumenti
3323 622 3511 662 semen

1942 710 2146 779 intliget
2174 709 2397 778 pluviis,
2441 708 2513 762 ita
2557 717 2608 762 et
2663 703 2979 774 hujusntodi
3030 703 3146 773 spei
3204 716 3390 756 semen
3445 699 3511 753 ad

1943 802 2196 856 ferendos
2229 802 2440 856 fructus
2480 798 2690 871 indiget
2721 797 2983 869 lacrytuis
3014 813 3025 848 :
3053 804 3107 850 et
3143 794 3507 869 quemadmo-

1942 894 2072 948 dum
2136 902 2395 950 terrenus
2452 894 2567 964 ipse
2598 907 2725 961 ager
2759 892 2928 946 aratri
2972 891 3117 945 [erro
3166 887 3392 957 indiget,
3452 895 3512 939 ut

1941 998 2203 1040 concreta
2267 996 2411 1041 terra
2468 984 2754 1040 seiudatur
2792 992 2955 1052 atque
3001 981 3295 1046 incidatur,
3352 981 3423 1033 ita
3457 986 3513 1031 et

1940 1080 2121 1134 anima
2183 1077 2571 1132 afﬂictionibus
2607 1076 2813 1146 indiget
2851 1086 2904 1130 et
2934 1071 3354 1131 teutatiouibus,
3390 1085 3511 1139 qua:

1941 1171 2133 1239 majori
2167 1172 2400 1245 quadam
2438 1169 2642 1224 duritie
2666 1168 2814 1222 illius
2848 1164 3105 1219 duritiem
3132 1161 3403 1225 molliant,
3441 1175 3510 1212 ne

1941 1263 2128 1333 spinas
2150 1263 2590 1332 gerniitietit,,aut
2615 1259 2868 1322 tribulos,
2902 1265 2994 1311 aut
3034 1253 3349 1327 bujusmodi
3374 1253 3510 1306 alias

1941 1356 2133 1410 noxias
2168 1356 2388 1410 berbas.

2404 1444 2681 1499 Canticum
2712 1459 3051 1499 ascensuum.

2430 1534 2655 1590 PSALM
2666 1534 2750 1591 US
2780 1533 3025 1593 CXXVI.

1995 1629 2160 1684 Vnus.
2191 1631 2238 1683 1.
2275 1629 2389 1682 Nisi
2414 1628 2669 1682 Dominus
2703 1626 3048 1695 mdi/icaverit
3082 1622 3317 1689 domum,
3346 1624 3397 1677 in
3420 1639 3512 1677 va-

1942 1739 2063 1775 num
2107 1722 2500 1785 laboraverunt,
2541 1719 2630 1789 qui
2658 1718 2927 1786 ardiﬁcaut
2958 1733 3097 1772 eam.
3131 1715 3267 1769 Cum
3304 1714 3508 1769 reversi

1935 1824 2121 1872 essent
2157 1813 2332 1869 Judaei
2365 1829 2433 1869 ex
2464 1812 2805 1881 captivitate,
2844 1810 3220 1878 templumque
3265 1817 3320 1861 et
3374 1806 3509 1860 civi-

1937 1914 2100 1958 tatem
2130 1917 2351 1957 rursum
2379 1901 2652 1956 rediticare
2703 1900 3023 1970 cmpissent,
3077 1896 3510 1967 prohibebantur

1936 2011 1964 2048 a
2000 1993 2198 2049 vicinis
2224 1992 2479 2064 gentibus
2506 1992 2576 2047 ob
2604 1991 2871 2047 invidiam
2926 1980 3207 2061 paritcr’ct
3234 1990 3508 2052 timorem,

1935 2101 2004 2140 ne
2036 2100 2224 2141 eorum
2260 2100 2347 2140 res
2378 2098 2639 2155 prospere
2680 2097 2744 2137 ac
2774 2081 3008 2138 feliciter
3034 2081 3413 2137 succederent.
3443 2080 3510 2133 lit

1935 2179 2168 2233 multum
2227 2177 2448 2271 qqidem
2504 2176 2770 2244 temporis
2832 2175 2954 2241 fuit,
3013 2189 3280 2228 annorum
3337 2172 3509 2228 ferme

1934 2267 2320 2342 quadraginta,
2365 2285 2473 2341 quo
2504 2268 2750 2326 etludrei
2786 2268 3077 2332 aediﬁcare,
3113 2278 3165 2321 et
3206 2267 3283 2320 illi
3315 2274 3506 2321 contra

1936 2367 2113 2423 modis
2138 2366 2392 2423 omnibus
2425 2364 2688 2435 impedire
2714 2379 2809 2420 eos
2842 2364 3176 2418 nitebantur.
3210 2360 3318 2416 llos
3340 2361 3509 2430 igitur

1934 2460 2195 2515 erudiens
2240 2458 2506 2528 Propheta
2536 2469 2719 2513 noster
2746 2457 2926 2518 docet,
2961 2465 3019 2507 ttt
3061 2457 3125 2507 ad
3163 2454 3329 2507 Deum
3369 2467 3506 2506 conn

1937 2555 2170 2623 fugiant.
2192 2562 2244 2607 et
2276 2552 2650 2621 coadjutorem
2678 2552 2892 2617 incepto
2930 2546 3081 2617 operi
3116 2547 3392 2609 invocent,
3420 2553 3506 2598 at-

1933 2666 2039 2721 que
2073 2650 2126 2702 in
2158 2648 2297 2700 banc
2333 2644 2642 2716 prorumpit
2673 2641 3001 2696 sententiam
3034 2657 3049 2693 ε
3088 2638 3200 2692 Nisi
3240 2635 3506 2691 Dominus

1934 2742 2321 2809 cooperatione
2372 2754 2468 2791 sua
2523 2736 2781 2798 astiterit,
2820 2743 2873 2788 et
2924 2734 3147 2787 domum
3200 2731 3317 2798 ipse
3373 2744 3506 2781 cou-

1934 2830 2249 2887 strtteudam
2288 2826 2662 2885 tediiivaverit.
2693 2824 2893 2877 frustra
2934 2837 3123 2875 omnes
3172 2817 3506 2874 tedilicantes

1935 2925 2207 2979 laborant.
2239 2918 2534 2974 Distulerat
2560 2926 2735 2969 autem
2763 2915 2972 2983 aliquot
2996 2913 3155 2965 anuis
3184 2910 3322 2964 Deus
3346 2925 3505 2963 suum

1932 3016 2136 3071 Judzeis
2171 3012 2437 3068 auxilium
2482 3006 2815 3077 impendere.
2853 3015 2905 3058 ut
2942 3004 3203 3073 paulatim
3232 3019 3258 3055 a
3291 3016 3505 3063 somno,

245 3096 418 3187 κίστῃ
449 3100 558 3152 τῶν
586 3104 774 3157 κακῶν
804 3107 1091 3178 ἀπαλλαγῇ
1122 3127 1135 3141 ⁸
1171 3112 1330 3166 ἔλαϐε
1366 3115 1463 3184 μὲν
1488 3115 1581 3169 οἷν
1611 3122 1638 3170 ὁ
1673 3119 1828 3186 λόγος

1939 3120 1997 3164 ιιι
2035 3111 2108 3161 ita
2145 3108 2347 3170 dicam,
2406 3103 2802 3162 excitarentur,
2833 3109 2885 3151 et
2921 3114 2987 3151 ne
3037 3099 3295 3149 diuturna
3327 3095 3508 3164 quiete

247 3185 411 3254 οὗτος
430 3192 529 3261 τὴν
551 3196 728 3267 ἀρχὴν
759 3199 866 3252 ἀπὸ
890 3201 985 3270 τῆς
1012 3202 1327 3268 ὑποθέσεως
1350 3207 1576 3277 ταύτης.
1606 3210 1831 3279 Εἴρηται

248 3284 311 3336 δὲ
371 3286 822 3362 καθολικωτὲρως
873 3294 966 3347 ἐπὶ
1037 3298 1202 3351 πᾶσιν
1268 3299 1527 3371 ἁρμόζων
1578 3304 1831 3372 λέγεσθαι

256 3377 602 3449 πράγμασιν.

338 3650 579 3721 Ἔὰνμὴ
602 3655 809 3724 Κύριος
830 3658 1075 3728 φυλάξῃ
1095 3663 1299 3727 πόλιν,
1327 3667 1413 3730 εἰς
1428 3665 1628 3735 μάτην
1646 3669 1829 3737 firmi-

251 3758 497 3809 πνησεν
552 3748 585 3797 ό
628 3746 991 3815 φυλάσσων.
1043 3754 1154 3806 Καὶ
1193 3755 1410 3824 τίλὲγω
1462 3759 1590 3831 περὶ
1628 3761 1830 3814 οἰκοδο-

254 3833 407 3902 μῆ;;
448 3835 587 3890 Ἀλλ’
615 3840 736 3894 οὑδὲ
786 3844 1232 3914 οἰκοδομηθεῖσαν
1279 3850 1372 3901 καὶ
1395 3851 1829 3920 ἀπαρτισθεῖσαν

252 3926 412 3979 πόλιν
436 3929 672 3998 φυλάξαι
701 3932 991 4006 δυνήσεταί
1013 3955 1117 4002 τις,
1154 3938 1229 4010 μὴ
1273 3942 1660 4013 συνεργοῦντος
1688 3948 1831 4000 ὲκεί-

250 4035 373 4072 νου.

323 4113 431 4177 Εἰς
475 4113 675 4183 μάτην
729 4118 873 4185 ὑμῖν
912 4118 1044 4175 ἐστι
1074 4121 1141 4176 τὸ
1172 4123 1459 4192 ὀρθρίζῖςιν
1483 4143 1497 4158 ⁸
1526 4127 1830 4197 ἐγειζοεσθε

248 4203 403 4266 μετὰ
448 4204 516 4257 τὸ
563 4206 862 4277 καθῆσθαι
896 4217 949 4267 oi
1009 4214 1319 4283 ἐσθίοντες
1366 4218 1552 4286 ἄρτον
1581 4220 1826 4289 ὀδύνης.

247 4302 484 4368 Λοιπὸν,
538 4292 581 4351 ὦ
629 4302 899 4367 ἐσθίοντες
950 4306 1114 4375 ἄρτον
1163 4307 1396 4377 ὀδύνης,
1458 4310 1507 4363 οἱ
1558 4312 1693 4382 μηδὲ
1736 4314 1828 4368 τὸν

247 4393 420 4460 ἄρτον
452 4392 622 4464 χωρὶς
671 4393 865 4465 ὀδύνης
930 4395 1221 4460 ἐσθίοντες,
1250 4399 1297 4448 οἱ
1327 4397 1529 4461 ζῶντες
1559 4402 1616 4451 ὲν
1646 4400 1820 4468 θλίψε-

1937 3202 2233 3257 inertiores
2281 3199 2488 3257 tierent,
2518 3202 2681 3262 atque
2712 3193 2776 3245 ad
2812 3191 3049 3260 priorem
3107 3190 3345 3243 redirent
3378 3202 3507 3255 pra-

1938 3295 2154 3344 vitalem
2181 3328 2194 3348 ,
2238 3286 2401 3339 veluti
2475 3298 2615 3352 quos
2658 3282 2909 3335 celeriter
2971 3295 3033 3333 ac
3081 3279 3147 3331 de.
3180 3278 3326 3330 tat-ili
3365 3276 3507 3327 Deus

1937 3386 2223 3437 liberasset
2264 3396 2291 3432 a
2322 3377 2498 3433 malis.
2539 3375 2598 3429 In
2640 3374 2959 3430 universum
3005 3373 3164 3427 etiam
3204 3372 3293 3426 hic
3326 3385 3508 3424 sermo

1936 3478 2124 3532 multis
2172 3480 2352 3544 potest
2409 3471 2629 3526 casibus
2707 3483 2769 3523 ac
2841 3465 3137 3537 propositis
3199 3476 3510 3519 accommo-

1933 3571 2072 3627 dari.

2006 3662 2128 3717 Nisi
2152 3660 2403 3715 Dominus
2430 3656 2736 3712 custodierit
2761 3655 3041 3716 civitatem,
3067 3653 3268 3723 frustra
3323 3648 3504 3717 vigihzt

1930 3756 2020 3825 qui
2047 3754 2273 3808 custodit
2295 3767 2432 3806 eaut.
2465 3749 2570 3805 Sed
2604 3747 2734 3818 quid
2759 3748 2905 3810 dico,
2934 3743 3229 3817 inquit,_de
3266 3740 3508 3796 civitatis

1931 3843 2319 3914 :ediiieatione,
2356 3856 2485 3896 eum
2518 3853 2698 3910 neque
2731 3843 3109 3893 constructam
3145 3846 3209 3886 ac
3242 3832 3351 3900 jam
3385 3843 3510 3897 per-

1934 3935 2128 3991 fectum
2186 3931 2467 3988 civitatem
2524 3928 2829 3993 custodire,
2865 3935 2960 3981 aut
2992 3935 3325 3980 conservare
3381 3918 3509 3986 quis

1930 4027 2128 4098 possit,
2160 4025 2367 4093 absque
2392 4023 2536 4079 illius
2560 4021 2811 4077 auxilio?

2004 4118 2170 4173 Vens.
2204 4119 2259 4172 2.
2300 4117 2502 4171 Vanum
2525 4123 2603 4168 est
2634 4114 2773 4169 vobis
2799 4124 2921 4168 ante
2939 4112 3104 4167 lucem
3132 4115 3366 4185 vigilare,
3387 4132 3508 4169 sur-

1929 4212 2032 4281 gite
2070 4219 2346 4278 postquam
2376 4207 2608 4272 sedistis,
2632 4207 2722 4276 qui
2750 4206 3085 4259 manducetis
3117 4222 3308 4273 panem
3353 4209 3507 4261 dolo-

1931 4306 2028 4358 ris.
2054 4302 2350 4364 Caeterum,
2402 4299 2601 4367 inquit,
2652 4312 2773 4361 vos,
2820 4312 2854 4350 ο
2896 4296 3093 4361 Judaei,
3143 4298 3237 4366 qui
3296 4300 3505 4355 doloris

1931 4409 2126 4465 partem
2156 4390 2521 4450 manducetis,
2558 4391 2660 4443 hoc
2689 4397 2791 4451 est,
2830 4388 2922 4456 qui
2954 4403 3054 4442 nec
3083 4402 3275 4455 panem
3327 4391 3501 4458 ipsum

248 4497 363 4544 σιν,
406 4482 487 4543 είς
538 4479 717 4550 μάτην
760 4481 888 4550 ὑμῖν
922 4482 1132 4549 γίνεται
1187 4484 1247 4537 τὸ
1304 4486 1580 4556 ὀρθρίζειν
1611 4490 1692 4551 εἰς
1731 4488 1828 4559 τὴν

1939 4484 2145 4552 absque
2182 4481 2373 4534 dolore
2426 4478 2734 4541 comeditis,
2778 4478 2872 4546 qui
2911 4478 2965 4531 in
2999 4478 3384 4533 afﬂictionibus
3422 4480 3502 4532 vi-

242 4570 568 4639 οίκοδομὴν.
592 4573 685 4624 καὶ
712 4570 1027 4641 ἐγείρεσθαι
1056 4574 1239 4638 εὐθὺς,
1276 4577 1416 4644 μετά
1441 4579 1503 4629 τὸ
1530 4577 1823 4647 καθῆσθαι,

244 4664 347 4716 καὶ
366 4661 623 4732 ταχύνειν
655 4665 738 4726 εἰς
774 4666 838 4717 τδ
866 4664 1053 4735 ἔργον,
1080 4665 1173 4719 καὶ
1211 4667 1348 4736 μήτε
1379 4668 1436 4719 ὲν
1470 4668 1625 4722 νυκτὶ
1656 4667 1826 4723 ὕπνου

243 4752 637 4820 κορὲννυσθαι,
704 4753 842 4823 μήτε
892 4756 948 4806 ὲν
999 4756 1183 4827 ἡμέρᾳ
1226 4755 1522 4810 ἀπολαύειν
1564 4757 1824 4820 ἀνέσεως.

258 4844 589 4914 Ὀδυνηροὺς
618 4844 674 4898 δὲ
728 4844 927 4908 αὐτοὺς
953 4842 1075 4898 είπε
1107 4845 1193 4898 διά
1221 4863 1281 4899 τε
1322 4845 1495 4901 ταῦτα
1516 4888 1531 4912 ,
1569 4847 1662 4899 καὶ
1690 4846 1825 4900 διότι

243 4936 309 4987 οὔ
338 4935 501 5005 μόνον
519 4936 757 4990 ἐκοπίων
781 4936 976 5004 οὑτως,
1004 4937 1140 4990 ἀλλὰ
1164 4939 1257 4991 καὶ
1282 4936 1418 5008 πρὸς
1442 4938 1565 5001 τοὺς
1590 4939 1820 5010 ἐχθροὺς

244 5027 557 5097 ἐμάχοντοβ
591 5028 687 5081 καὶ
725 5027 1037 5098 ᾠκοδόμουν
1067 5027 1426 5098 ὠπλισμένοι,
1462 5028 1556 5081 καὶ
1608 5028 1822 5092 ἔκτιζον

244 5117 388 5186 ἅμα,
432 5117 527 5170 καὶ
562 5117 863 5189 ἐπολέμουν
913 5120 1026 5182 τοῖς
1077 5117 1462 5183 διακωλύουσι,
1492 5117 1588 5172 καὶ
1625 5119 1822 5190 διπλῆν

244 5207 550 5275 ὑφίσταντο
570 5207 974 5277 ταλαιπωρίαν.

1926 4585 2034 4631 tam
2067 4573 2293 4637 ducitis,
2328 4572 2623 4631 admonet).
2658 4569 2866 4626 frustra
2909 4571 2961 4624 id
3000 4586 3028 4624 a
3064 4572 3222 4625 vobis
3257 4572 3394 4637 ﬁeri,
3446 4586 3504 4626 ut

1926 4677 2052 4721 ante
2080 4667 2255 4720 lucem
2287 4679 2503 4717 summo
2545 4678 2706 4718 mane
2744 4664 2896 4733 aperi
2947 4674 3106 4733 atque
3156 4664 3504 4719 mdiﬁcationi

1925 4758 2277 4813 incumbatis.
2316 4755 2545 4811 Frustra
2577 4757 2744 4810 etiam
2777 4770 2803 4808 a
2838 4756 2995 4811 vobis
3020 4755 3076 4810 fit
3112 4766 3190 4818 ul,
3214 4765 3500 4826 postquam

1925 4847 2171 4909 sedistis.
2207 4845 2390 4900 statim
2437 4846 2504 4901 ad
2548 4844 2971 4900 accelerandum
2997 4845 3174 4913 ipsum
3207 4861 3345 4915 Opus
3378 4861 3505 4898 sur-

1928 4940 2090 5011 gatis,
2120 4939 2224 4993 hoc
2254 4946 2360 5003 est,
2389 4938 2534 5009 quod
2571 4944 2625 4992 et
2656 4947 2823 4992 noctu
2864 4953 3060 4992 somno
3116 4953 3223 4991 nou
3273 4937 3500 5001 vacatis,

1930 5040 1985 5085 et
2024 5028 2265 5084 interdiu
2304 5029 2451 5084 nulla
2505 5028 2751 5084 iruimini
2803 5030 3004 5097 quiete.
3052 5027 3265 5093 Quibus
3318 5028 3503 5081 verbis

1932 5122 2124 5178 dolore
2158 5123 2284 5178 illos
2315 5130 2481 5190 atque
2534 5123 2806 5192 angustiis
2842 5121 3033 5190 plenos
3070 5134 3192 5174 esse
3238 5119 3500 5180 ostendit,

1933 5228 1996 5269 ea
2024 5213 2287 5268 nimirum
2322 5214 2557 5277 ratione,
2586 5214 2714 5282 quia
2756 5228 2863 5266 non
2898 5213 3074 5267 solum
3130 5211 3504 5282 fatigabantur

245 5299 570 5366 laborando,
620 5302 713 5356 sed
743 5302 907 5356 etiam
936 5300 1199 5359 adversus
1246 5304 1433 5361 hostes
1460 5306 1541 5363 eis
1572 5308 1923 5378 pugnandum
1986 5316 2126 5362 erat.
2162 5308 2370 5362 Armati
2439 5308 2640 5363 etenim
2710 5307 2910 5362 moenia
2966 5307 3379 5367 construebant,
3447 5314 3503 5361 et

244 5394 513 5449 adversus
548 5394 906 5461 impedientes
931 5395 1136 5466 pariter
1169 5396 1367 5452 bellum
1404 5403 1687 5470 gerebant,
1716 5400 1988 5470 duplicem
2018 5402 2121 5455 hoc
2157 5409 2317 5470 pacto
2347 5414 2647 5454 aerumnam
2680 5398 3038 5487 sustinentes.

318 5489 508 5541 Ὅταν
544 5485 628 5553 δῷ
652 5488 778 5554 τοῖς
803 5488 1136 5557 ἀγαπητοῖς
1154 5490 1340 5545 αὐτοῦ
1363 5492 1582 5547 ὕπνον.
1606 5492 1753 5547 Ἰδοὺ
1784 5496 1821 5563 ὴ

244 5578 619 5647 κληρονομία
678 5578 923 5645 Kvplov,
988 5580 1127 5634 υἱοί.
1164 5580 1335 5633 Ὅταν
1382 5582 1410 5633 ὁ
1455 5582 1587 5645 Θεὸς
1613 5582 1687 5652 δῷ
1709 5587 1822 5646 τοῖς

244 5672 558 5740 ἀγαπητοῖς
579 5669 743 5724 αὑτοῦ
774 5670 944 5725 ὕπνον
970 5672 1124 5741 ἡδὺν,
1146 5670 1317 5726 ὕπνον
1339 5675 1619 5744 φροντίδος
1647 5675 1823 5745 ἀπηλ-

246 5763 543 5835 λαγμένον,
578 5763 749 5834 ἤγουν
770 5763 952 5818 ἄνεσιν
978 5764 1069 5819 καὶ
1088 5766 1399 5837 ἐλευθερίαν
1418 5766 1525 5821 τῶν
1542 5768 1821 5838 ἐνοχλούν-

2003 5491 2169 5547 Vt-zns.
2202 5492 2256 5546 5.
2294 5492 2423 5545 Cum
2453 5489 2657 5543 dederit
2679 5491 2884 5544 dilectis
2932 5491 3046 5545 suis
3091 5507 3355 5558 somnum,
3384 5510 3503 5549 ecce

1929 5582 2214 5636 hmreditas
2244 5582 2475 5647 Domini,
2502 5580 2625 5647 ﬁlii.
2654 5580 2790 5635 Cum
2821 5578 3035 5636 dilectis
3062 5582 3176 5637 suis
3202 5580 3342 5637 Deus
3369 5599 3502 5637 sua-

1928 5690 2048 5728 vem
2076 5688 2326 5728 somnum
2355 5672 2587 5738 dederit,
2632 5687 2884 5727 somnum
2941 5672 3067 5727 dico
3100 5675 3251 5727 curis
3286 5690 3349 5729 ac
3381 5680 3496 5730 sol-

1928 5764 2304 5822 licitudinibus
2362 5778 2645 5832 vacuum,
2695 5762 2797 5819 boc
2842 5772 2948 5829 est,
3011 5780 3131 5820 cum
3170 5765 3411 5836 quietem
3467 5783 3495 5818 ς)
