3964 6554
380 256 518 325 1203

1614 274 1999 339 EUTHYMII
2039 282 2404 348 ZIGABENI
2460 232 2471 242 ‘

379 376 890 447 perturbationibus
938 380 1273 451 prtestiterit.
1336 382 1496 439 Dabit
1551 396 1734 443 autem
1808 390 1942 446 hanc

2054 414 2182 456 των.
2213 401 2409 458 Δίδωσι
2440 401 2497 457 δὲ
2548 403 2755 476 ταύτην
2798 404 2884 460 ὅτε
2920 405 3192 481 συμφέρει
3217 424 3235 442 ⁸
3274 378 3395 465 τότε
3435 410 3499 466 οὗ
3533 413 3631 482 p6-

377 471 612 538 quietem
637 479 770 527 tunc
794 485 919 527 cum
954 472 1086 528 utile
1120 488 1185 529 ac
1213 473 1418 530 bonum
1451 476 1616 534 fuerit
1655 495 1775 536 eam
1803 481 1944 539 dari.

387 564 529 618 l‘nnc
554 578 663 619 non
691 565 955 635 templum
997 575 1235 636 tantum,
1294 576 1389 623 aut
1453 570 1693 629 civitatis
1745 575 1947 632 muenia

379 655 633 711 edilieari
664 656 820 712 vobis
852 659 1213 725 concedetur,
1245 661 1341 716 sed
1394 662 1675 718 dabuntur
1702 667 1866 722 etiam
1894 680 1949 724 et

378 747 496 814 iiii,
529 748 624 818 qui
672 748 744 804 ita
781 748 890 804 Deo
920 750 1060 822 grati
1087 761 1271 818 erunt,
1337 763 1397 809 ut
1452 755 1601 815 illius
1656 758 1948 818 ltazreditas

375 843 538 905 atque
564 835 713 891 illius
740 839 976 908 populus
1009 839 1270 912 appellari
1308 855 1648 902 mereantur.
1682 846 1797 905 Hoc
1844 864 1945 906 au-

370 943 481 983 tem
508 927 647 983 dixit
675 936 936 1000 tanquam
983 932 1251 989 bonorum
1284 935 1526 992 omnium
1563 950 1749 1011 caput.
1784 941 1947 998 Libe-

373 1034 563 1076 rorum
595 1021 743 1077 enim
801 1027 1178 1094 procreationi
1209 1026 1382 1085 Judati
1436 1031 1735 1087 studebant
1780 1051 1946 1106 quam

371 1112 630 1170 tussime.
666 1113 871 1172 Verum
926 1119 1042 1174 iure
1080 1132 1272 1178 nostra
1321 1124 1595 1194 expositio
1628 1126 1696 1180 ad
1727 1124 1947 1185 .ludzeos

373 1209 606 1272 tantum,
640 1216 693 1261 et
728 1208 980 1277 privatim
1026 1212 1307 1280 pertinet;
1342 1223 1403 1270 ut
1440 1224 1623 1271 autem
1661 1219 1836 1286 magis
1889 1219 1942 1273 in

370 1297 689 1353 universum
726 1299 927 1365 dicam,
969 1317 1095 1355 eum
1155 1304 1301 1361 Deus
1335 1304 1548 1363 dederit
1580 1308 1797 1364 dilectis
1828 1309 1945 1365 suis

371 1403 646 1455 somnum,
683 1400 742 1447 ut
775 1393 1154 1464 pratdiximus,
1184 1405 1316 1453 tunc
1339 1414 1449 1454 non
1484 1408 1696 1456 tantum
1728 1415 1794 1457 ea
1822 1396 1948 1468 per-

2051 508 2143 543 νον
2174 493 2667 565 οἰκοδομηθήσεται
2726 497 2822 551 καὶ
2855 500 2884 552 ὁ
2905 498 3031 562 ναὸς
3080 501 3177 554 καὶ
3207 501 3242 574 ἡ
3293 502 3469 568 πόλις.
3500 504 3632 560 ἀλλά

2071 584 2166 637 καὶ
2193 584 2243 638 οἱ
2273 586 2380 640 υἱοὶ
2406 587 2538 656 ὑμῖν
2566 587 2781 644 ἔσονται
2837 591 2864 643 ὁ
2910 590 3115 663 κλῆρος
3147 593 3379 663 Κυρίου.
3416 594 3633 665 κλῆρος

2058 675 2169 745 γὰρ
2192 675 2359 730 αὑτοῦ
2382 678 2811 748 χρηματίσωσι,
2835 683 2929 734 καὶ
2952 681 3079 745 λαὸς
3100 684 3302 747 οἰκεῖος
3318 700 3335 716 ο
3360 683 3437 746 ὥς
3462 684 3631 754 κεφά-

2052 761 2205 817 λαιον
2255 765 2315 819 δὲ
2369 766 2477 820 τῶν
2517 769 2740 835 ἀγαθῶν
2793 770 2952 825 τοῦτο
3002 771 3217 827 τέθεικε
3266 789 3282 805 ⁸
3336 777 3632 844 περισπού-

2048 852 2243 910 δαστον
2293 859 2403 929 γάρ
2459 859 2737 932 Ἑϐραίοις
2802 862 2836 934 ἡ
2891 848 3229 920 παιδοποιία.
3294 866 3438 921 Ἀλλ’
3492 866 3634 921 οὔτω

2053 945 2153 1015 μὲν
2204 948 2387 1013 ίδικῶς
2428 950 2558 1024 περὶ
2608 952 2826 1008 αὐτῶν·
2855 955 3304 1027 καθολικωτέρως
3347 958 3404 1014 δὲ
3428 961 3626 1023 εἰπεῖν,

2047 1037 2178 1091 δταν
2208 1038 2283 1110 δῷ
2306 1044 2417 1106 τοῖς
2439 1042 2745 1115 ἀγαπητοῖς
2780 1044 2946 1101 αὐτοῦ
2980 1047 3173 1115 ὕπνον,
3194 1048 3270 1111 ὡς
3299 1052 3634 1119 προειρήκα-

2053 1146 2174 1198 μεν,
2204 1131 2328 1187 τότε
2357 1134 2418 1188 οὐ
2444 1137 2607 1206 μόνον
2651 1137 2722 1191 τά
2754 1140 3168 1212 σπουδαζόμενα
3214 1140 3628 1213 ἀπαρτίζονται,

2052 1222 2190 1277 ἀλλά
2216 1228 2330 1280 -καὶ
2358 1227 2633 1300 ἀδιάδοχοι
2665 1232 3052 1302 προσγίνονται
3084 1232 3191 1286 υἱοί
3214 1251 3228 1265 ο
3278 1234 3312 1304 ἠ
3374 1231 3630 1302 κληρονο-

2056 1314 2155 1386 μία
2203 1317 2236 1388 ἡ
2272 1321 2422 1386 παρά
2452 1322 2660 1395 Κυρίου
2685 1340 2697 1355 ·
2739 1324 3070 1395 κληρονόμοι
3120 1325 3219 1396 τῆς
3248 1325 3493 1395 σπουδῆς
3539 1326 3629 1378 καὶ

2053 1406 2257 1479 ἀρετῆς
2294 1412 2343 1464 oi
2375 1414 2528 1485 παρά
2560 1415 2766 1486 Κυρίου
2797 1416 3066 1482 δοθέντες.

371 1483 644 1582 debentur,
679 1490 1176 1582 quat-cutti‘studio
1203 1491 1577 1582 actafuerint,
1611 1495 1704 1550 sed
1738 1496 2010 1551 addentur
2040 1501 2203 1556 etiam
2276 1483 2550 1575 perpetui,
2624 1483 2686 1565 ut
2756 1510 2829 1565 ita
2895 1510 3153 1578 dixerim,
3206 1511 3432 1582 quidam
3485 1509 3626 1565 lilii:
3672 1576 3675 1579 λ

370 1573 489 1642 lilii,
529 1575 775 1647 inquam,
808 1573 1097 1635 hatreditas
1138 1579 1375 1636 Domini.
1409 1582 1487 1638 Ac
1515 1585 1560 1639 si
1590 1582 1796 1640 diceret
1828 1585 2073 1643 haeredes
2136 1573 2474 1664 studiorum,
2544 1598 2788 1657 heredes
2839 1573 3148 1670 virtutum;
3201 1573 3447 1659 heredes
3521 1603 3626 1658 dati

370 1685 399 1725 a
430 1670 679 1726 Domino.

442 1763 645 1820 Merces
692 1766 898 1835 fructus
926 1770 1144 1823 ventris.
1179 1769 1385 1828 Merces
1415 1771 1531 1839 illa,
1568 1787 1690 1842 qua:
1720 1776 1787 1831 de
1815 1790 1942 1832 ven-

2116 1786 2349 1852 Μισθὸς
2404 1786 2511 1843 τοῦ
2546 1788 2783 1857 καρποῦ
2822 1788 2935 1859 τῆς
2978 1790 3260 1860 γαστρός.
3319 1787 3381 1844 ’0
3430 1790 3622 1860 μισθὸς

370 1856 473 1913 tris
504 1863 754 1928 provenit
788 1859 1146 1929 fecunditate,
1180 1862 1398 1932 pietatis
1446 1867 1791 1934 est§merces.
1836 1867 1944 1925 Re-

370 1949 598 2004 tributio
628 1951 899 2021 siquidem
934 1953 1025 2007 illa
1051 1968 1175 2024 qua:
1208 1955 1262 2010 in
1298 1956 1626 2023 liberorum,
1675 1975 1741 2016 ac
1772 1964 1944 2032 prolis

372 2037 537 2093 datur
563 2040 744 2112 copia,
777 2041 1069 2096 retributio
1099 2043 1422 2115 plerumque
1448 2046 1586 2102 solet
1618 2062 1739 2104 esse
1772 2049 1940 2104 virtu.

371 2141 509 2188 tum.
539 2131 703 2189 Juxta
736 2149 1021 2206 anagogen
1055 2150 1207 2201 vero,
1242 2137 1278 2193 ii
1325 2139 1419 2210 qui
1470 2155 1500 2195 a
1534 2139 1645 2197 Deo
1695 2141 1746 2195 in
1798 2143 1945 2198 lilios

370 2241 467 2296 per
522 2228 958 2300 regenerationis
1010 2227 1291 2285 lavacrum
1342 2231 1698 2303 adoptantur,
1730 2249 1942 2290 merces

370 2325 503 2375 sunt
533 2320 941 2376 incarnationis
989 2321 1197 2377 Christi
1230 2341 1243 2377 :
1278 2323 1508 2389 Christi,
1556 2327 1803 2397 inquam,
1846 2328 1940 2397 qui

367 2425 496 2466 vere
520 2426 585 2465 ac
618 2414 838 2482 proprie
867 2419 953 2468 est
984 2411 1200 2470 fructus
1231 2416 1438 2471 ventris
1471 2417 1645 2472 beatae
1680 2417 1940 2487 Virginis,

367 2505 536 2561 veluti
566 2506 655 2574 qui
689 2521 755 2559 et
788 2520 851 2560 ea
882 2505 1090 2576 absque
1119 2506 1231 2562 ullo
1259 2508 1363 2561 viri
1397 2510 1609 2564 semine
1638 2518 1804 2566 natus
1830 2520 1939 2566 est.

437 2597 602 2653 VERS.
645 2596 699 2652 4.
743 2596 891 2653 Sicut
923 2600 1138 2671 sagitta!
1172 2601 1226 2655 in
1252 2618 1413 2656 manu
1440 2604 1695 2671 potentis.
1721 2604 1797 2657 ita
1840 2605 1940 2673 ﬁlii

367 2705 732 2748 excussorum.
787 2691 1285 2759 Quemadmodum,
1335 2694 1530 2763 inquit,
1579 2697 1791 2763 sagittae
1821 2711 1941 2763 qua:

369 2781 425 2835 in
461 2799 625 2837 manu
663 2785 877 2839 robusti
910 2785 1147 2854 alicujus
1180 2785 1282 2840 viri
1325 2794 1478 2848 sunt,
1517 2789 1587 2842 ob
1616 2786 1763 2843 illitis
1793 2789 1940 2843 vires

370 2891 434 2930 ac
485 2874 892 2940 fortitudinem,
919 2876 1282 2932 lerribiliores
1303 2892 1426 2933 esse
1470 2878 1749 2943 videntur,
1785 2879 1855 2932 ita
1887 2888 1941 2932 et

370 2968 463 3024 lilii
494 2984 709 3034 eorum,
739 2968 832 3038 qui
862 2983 892 3022 a
931 2968 1257 3041 Babylonica
1289 2970 1506 3025 excussi
1539 2970 1741 3024 fuerint
1770 2974 1942 3041 cap'i-

368 3060 557 3127 vitate,
597 3060 847 3116 hostibus
883 3062 1000 3117 suis
1022 3061 1246 3117 timendi
1276 3076 1340 3116 ac
1368 3062 1642 3118 terribiles
1674 3062 1941 3118 videbun-

2050 1876 2151 1946 τῆς
2176 1877 2486 1945 θεοσεσείας
2534 1882 2563 1935 ὁ
2589 1880 2697 1937 ἀπὸ
2726 1883 2826 1952 τῆς
2859 1883 3231 1955 καρπογονίας
3254 1883 3352 1951 τῆς
3368 1876 3625 1953 γαστρός

2052 1967 2084 2036 ἡ
2110 1968 2312 2041 ἀμοιϐὴ
2340 1971 2440 2040 τῆς
2465 1972 2669 2043 ἀρετῆς
2691 1973 2726 2044 ἡ
2747 1973 2856 2027 ἀπὸ
2881 1974 2980 2044 τῆς
3009 1974 3342 2037 πολυτοκίας
3387 1974 3625 2031 δοθεῖσα.

2052 2059 2207 2113 Κατά
2283 2060 2577 2134 ἀναγωγὴν
2654 2064 2712 2118 δέ
2781 2065 2830 2119 oi
2889 2065 3295 2136 υίοθετηθέντες
3366 2064 3446 2136 τῷ
3510 2066 3627 2135 Θεῷ

2050 2151 2141 2205 διὰ
2188 2152 2282 2206 τοῦ
2337 2153 2721 2226 βαπτίσματος
2775 2156 2877 2227 τῆς
2936 2155 3355 2226 παλιγγενεσίας
3444 2157 3626 2227 μισθοὶ

2049 2239 2187 2316 ἦσαν
2207 2245 2307 2314 τῆς
2331 2238 2651 2318 ἐνανθρωπή
2661 2265 2797 2311 σεως
2815 2246 2910 2301 τοῦ
2928 2249 2970 2302 Χ
2983 2248 3191 2317 ριστοῦ,
3207 2248 3264 2312 ὃς
3282 2250 3397 2302 ἐστι
3415 2248 3623 2314 κυρίως

2050 2336 2261 2404 καρπὸς
2299 2335 2540 2406 γαστρὸς
2577 2338 2677 2407 τῆς
2704 2336 3065 2409 Θεομήστορος,
3114 2336 3191 2403 ὡς
3225 2338 3289 2390 ἑκ
3320 2337 3497 2409 μόνης
3531 2340 3624 2392 αὖ-

2048 2430 2170 2498 τῆς,
2206 2429 2335 2484 ἀνευ
2371 2430 2690 2502 σπέρματος
2724 2430 2942 2502 ἀνδρὸς,
2997 2429 3303 2500 γεννηθείς.

2105 2610 2292 2663 ’Ὠσεὶ
2337 2610 2495 2677 ,βέλη
2551 2610 2622 2664 ἐν
2683 2613 2832 2679 χειρὶ
2881 2610 3167 2671 δυνατοῦ,
3197 2612 3388 2679 οὕτως
3412 2615 3469 2667 οι
3507 2612 3619 2666 vici

2049 2703 2168 2758 τῶν
2218 2702 2751 2772 ἐκτετιναγμένων.
2777 2703 2992 2772 Ὠσπερ
3028 2702 3098 2756 ea
3133 2703 3262 2773 βέλη
3293 2705 3351 2756 ἐν
3380 2706 3449 2775 τῇ
3481 2706 3621 2775 χειρὶ

2046 2797 2139 2851 τοῦ
2161 2795 2390 2851 δυνατοῦ
2414 2796 2664 2865 φαίνεται
2691 2795 2898 2866 φοϐερά
2918 2796 3007 2849 διὰ
3050 2796 3150 2868 τὴν
3170 2796 3383 2850 ἐκείνου
3408 2798 3617 2869 ῥώμην,

2046 2890 2218 2954 οὕτως
2248 2891 2356 2961 ἀρα
2385 2893 2478 2943 καὶ
2516 2892 2565 2945 oi
2597 2893 2703 2944 υίοὶ
2731 2889 2841 2943 τῶν
2870 2891 3348 2960 ἐκτετιναγμένων
3383 2891 3494 2945 ἀπὸ
3526 2893 3617 2959 τῆς

2046 2983 2432 3054 αἰχμαλωσίας
2454 2982 2671 3034 ἔσονται
2724 2979 2947 3050 φοϐεροὶ
2981 2982 3094 3042 τοῖς
3132 2982 3349 3052 ἐχθροῖς
3408 2981 3497 3033 διὰ
3526 2980 3617 3049 τὴν

2045 3078 2260 3144 ἄμαχον
2320 3072 2476 3143 ἰσχὺν
2529 3069 2624 3125 τοῦ
2695 3071 2854 3127 Θεοῦ.
2900 3071 3124 3125 Τοιοῦτο
3155 3074 3211 3126 (ῖέ
3255 3075 3346 3126 καὶ
3398 3076 3446 3127 εί
3482 3072 3617 3127 καιά

371 3162 485 3219 tur,
529 3160 757 3223 propter
790 3153 1220 3223 insuperabilem
1255 3154 1513 3209 nimirum
1545 3153 1821 3223 adjutoris
1849 3152 1941 3209 Dei

2054 3164 2265 3234 πνεῦμα
2293 3163 2401 3217 υἱοὶ
2437 3162 2546 3216 τῶν
2593 3161 2703 3215 ἀπὸ
2739 3162 2839 3229 τῆς
2867 3162 3248 3231 αἰχμαλωσίας
3288 3163 3400 3214 τῶν
3431 3159 3618 3227 δαιμό-

370 3246 694 3316 potentiam.
742 3245 904 3302 Tales
955 3246 1119 3302 etiam
1169 3256 1297 3302 sunt
1346 3244 1667 3317 spirituales
1699 3243 1939 3299 fidelium

369 3339 656 3394 doctorum
695 3338 813 3404 lilii,
845 3338 938 3406 qui
971 3355 1002 3394 a
1030 3338 1338 3394 daemonum
1366 3336 1685 3409 captivitate
1720 3335 1941 3391 excussi

372 3441 541 3486 sunt:
587 3430 720 3502 ipsis
773 3431 989 3488 scilicet
1037 3430 1381 3488 daemonibus
1438 3429 1731 3494 terribiles,
1781 3442 1844 3483 ac
1873 3428 1943 3483 tio

371 3518 577 3580 tuendi.

444 3621 608 3678 Vsus.
650 3622 704 3680 5.
744 3621 942 3677 Beatus
1003 3620 1104 3685 uir,
1170 3621 1260 3690 qui
1321 3618 1563 3688 implebit
1617 3616 1939 3672 desiderium

372 3731 524 3771 suum
545 3730 609 3768 ea:
629 3715 726 3769 eis.
756 3713 860 3768 Sed
889 3712 1217 3782 quibusnam
1248 3713 1324 3766 eis
1348 3713 1373 3768 2’
1405 3710 1481 3765 Et
1506 3710 1587 3765 eis
1612 3709 1737 3763 dico
1754 3708 1936 3774 bouis,

370 3822 495 3878 quae
522 3800 779 3879 superius
809 3802 1389 3861 commemoravimus.
1424 3802 1501 3857 Ex
1530 3801 1634 3856 hoc
1666 3801 1938 3863 videlicet,

372 3899 518 3969 quod
569 3898 888 3969 perﬁciatur
941 3896 1127 3966 templi
1164 3905 1220 3950 et
1274 3895 1516 3951 civitatis
1553 3894 1938 3958 constructio;

372 3987 518 4057 quod
568 3986 787 4055 requies
833 3987 1015 4049 detur,
1047 3995 1102 4038 et
1136 3984 1388 4039 liberatio
1422 3983 1492 4038 ab
1518 3983 1775 4039 omnibus
1824 3997 1945 4052 per-

373 4077 822 4141 turbationibus;
860 4077 1005 4146 quod
1050 4077 1276 4130 multam
1305 4090 1369 4131 ac
1400 4074 1683 4143 pulchram
1734 4073 1939 4144 prolem

371 4169 722 4240 suscipiant;
780 4167 1036 4238 quodque
1094 4167 1201 4222 alia
1262 4165 1575 4235 hujusmodi
1640 4165 1732 4222 Dei
1796 4166 1941 4220 dona

373 4270 807 4333 consequantur.

446 4352 569 4409 Non
615 4352 1002 4424 confundentur
1025 4365 1141 4404 cum
1190 4348 1469 4418 loquentur
1500 4346 1727 4401 inimicis
1752 4345 1862 4402 suis
1889 4345 1941 4400 in

2042 3277 2173 3324 νων,
2216 3256 2689 3328 ἐκτετιναγμένων
2747 3255 3089 3309 διδασκάλων
3152 3254 3338 3326 ἡμῶν,
3401 3248 3620 3320 φοϐεροὶ

2041 3354 2160 3417 τοῖς
2188 3350 2468 3421 δαίμοσιν.

2114 3612 2438 3682 Μακάριος.
2469 3612 2539 3675 ὃς
2584 3609 2893 3691 πληρώσει
2917 3607 3033 3675 τὴν
3065 3605 3394 3674 ἐπιθυμίαν
3435 3601 3617 3659 αὑτοῦ

2043 3708 2114 3773 ἐξ
2159 3703 2360 3759 αὐτῶν
2383 3718 2398 3732 ο
2446 3699 2551 3766 Ἐξ
2594 3696 2794 3755 αὐτῶν
2814 3715 2828 3729 ο
2866 3695 3035 3751 ποίων
3056 3739 3071 3762 ,
3103 3693 3315 3766 Δῃλαδὴ
3344 3693 3456 3747 τῶν
3490 3709 3616 3763 προ-

2045 3795 2354 3869 ειρημένων
2381 3809 2397 3826 ·
2439 3793 2631 3864 ἤγουν,
2668 3791 2735 3844 ἐκ
2761 3789 2855 3842 τοῦ
2899 3786 3312 3859 ἀπαρτισθῆναι
3361 3785 3456 3838 τὸν
3495 3783 3616 3838 ναδν

2044 3893 2140 3947 καὶ
2159 3890 2260 3962 τὴν
2286 3887 2441 3941 πόλιν
2464 3902 2479 3916 ο
2505 3886 2571 3939 ἐκ
2601 3882 2699 3937 τοῦ
2731 3882 2951 3952 δοθῆναι
2975 3880 3158 3936 ἄνεσιν
3179 3879 3273 3934 καὶ
3309 3875 3615 3945 ἐλευθερίαν

2044 3986 2154 4039 τῶν
2175 3979 2565 4052 ἐνοχλούντων,
2604 3976 2670 4030 ἐκ
2697 3973 2800 4045 τῆς
2833 3972 3219 4035 πολυτεκνίας,
3261 3972 3328 4024 ἐκ
3372 3969 3473 4038 τῆς
3491 3965 3613 4022 καλ·

2043 4073 2347 4137 λιτεκνίας,
2372 4068 2602 4126 καὶτῶν
2633 4054 2895 4122 τοιούτων
2920 4065 2986 4119 ἐκ
3015 4062 3150 4117 Θεοῦ
3185 4060 3453 4133 χαρίτων.

2100 4339 2184 4393 Οὐ
2261 4329 2918 4402 καταισχυνθήσονται.
2983 4327 3129 4381 ὅταν
3189 4322 3431 4379 ,καλῶσι
3498 4320 3615 4385 τοῖς

372 4449 558 4502 uariis.
603 4445 757 4516 liqui
786 4442 1116 4500 desiderium
1151 4456 1311 4496 suum
1361 4438 1726 4509 impleveritit,
1774 4446 1837 4494 ut
1859 4438 1940 4494 di-

2054 4429 2283 4500 ἐχθροῖς
2302 4425 2501 4482 αὐτῶν
2550 4426 2621 4479 ἐν
2664 4422 2913 4488 πύλαις.
2971 4421 3035 4475 Οί
3084 4419 3478 4490 πληρώσαντες
3522 4416 3614 4485 τὴν

372 4549 520 4594 etum
545 4546 651 4601 est,
670 4552 777 4591 non
802 4533 1377 4603 conl'undenturquasi
1400 4531 1721 4595 imbecilles,
1739 4545 1864 4587 cum
1891 4531 1942 4586 in

2054 4521 2347 4593 ἐπιθυμίαν
2376 4518 2558 4573 αὐτῶν
2584 4517 2650 4570 ἐκ
2683 4515 2911 4579 τούτων,
2941 4514 3019 4578 ὡς
3052 4512 3294 4583 εἴρηται,
3327 4506 3391 4563 οὗ
3440 4525 3615 4562 καταιο

352 4625 549 4700 'portis
582 4627 820 4683 civitatis
856 4628 1041 4682 hostes
1073 4639 1204 4682 suos
1226 4624 1449 4680 allocuti
1480 4623 1705 4679 fuerint.
1737 4620 1941 4678 Omnes

2048 4615 2446 4687 σχυνθήσονται
2489 4610 2582 4663 ἐπὶ
2616 4607 2873 4678 ἀσθενείᾳ
2906 4610 3033 4670 τινὶ,
3088 4605 3217 4656 ὅταν
3262 4601 3614 4670 διαλέγωνται

373 4720 575 4774 etenim
605 4734 793 4774 eorum
828 4733 938 4784 res,
989 4716 1055 4771 ac
1088 4718 1306 4788 negotia
1342 4716 1479 4772 bene
1527 4730 1589 4770 se
1644 4713 1941 4768 habebunt.
2036 4713 2157 4773 τοῖς

376 4811 475 4866 Vel
508 4826 615 4865 non
647 4807 1057 4864 confundentur
1087 4809 1246 4878 quasi
1301 4808 1581 4863 inlirmmn
1612 4820 1676 4860 ac
1707 4804 1944 4860 debilem

372 4905 611 4960 habeant
670 4902 862 4965 Deum,
912 4900 1370 4971 quemadmodum
1418 4912 1544 4956 ante
1583 4899 1825 4955 civitatis
1857 4894 1942 4950 in-

374 4996 794 5062 staurationem,
823 4993 1013 5049 hostes
1043 4993 1123 5047 eis
1153 4992 1585 5064 exprobrabant,
1632 4993 1726 5047 sed
1770 4997 1939 5049 multa

374 5089 825 5163 loquentur‘cum
860 5084 1133 5139 libertate.
1170 5081 1423 5153 Antiquis
1456 5091 1637 5137 autem
1675 5099 1793 5138 mos
1815 5084 1941 5153 fuit,

374 5188 436 5233 ut
475 5177 715 5233 hostium
749 5174 981 5242 nuntiis,
1035 5184 1131 5230 aut
1160 5173 1378 5245 legatis,
1427 5185 1552 5230 ante
1582 5185 1769 5245 portas
1800 5176 1941 5232 civi-

372 5270 500 5326 tatis
547 5269 921 5341 loquerentur.

835 5358 1115 5415 Canticum
1151 5373 1487 5413 ascensuum.

838 5448 1159 5508 PSALMUS
1215 5448 1481 5504 CXXVII.

447 5538 613 5598 Vsus.
660 5541 708 5595 l.
730 5540 882 5595 Beati
905 5556 1103 5607 omnes,
1133 5541 1221 5610 qui
1247 5541 1428 5594 timent
1454 5538 1758 5594 Dominum.
1785 5538 1947 5594 Recte

377 5630 739 5699 consequitur
791 5628 879 5684 bic
929 5628 1173 5698 psalmus
1220 5628 1287 5682 ad
1341 5630 1758 5698 praecedentem.
1808 5628 1943 5683 Nam

379 5736 504 5783 cum
539 5722 648 5777 illic
692 5724 907 5777 beatum
940 5734 1066 5776 eum
1098 5721 1297 5777 dixerit
1330 5719 1601 5792 Propheta
1629 5721 1722 5791 qui
1752 5720 1942 5792 imple-

2042 4817 2154 4855 των
2198 4796 2384 4859 αὐτοῖς
2431 4789 2490 4848 εὖ
2540 4792 2808 4863 ἐχόντων·
2874 4789 2907 4861 ἢ
2957 4788 3016 4841 οὐ
3063 4784 3613 4856 καταισχυνθήσονται

2044 4888 2147 4953 ιτι,
2191 4886 2268 4951 ὼς
2297 4881 2503 4951 ἀσθενῆ
2529 4879 2663 4936 Θεὸν
2693 4878 2929 4948 ἔχοντες,
2961 4875 3101 4942 ὅπερ
3126 4870 3486 4933 ὡνειδίζοντο,
3513 4865 3611 4935 πρὸ

2044 4979 2140 5037 τοῦ
2193 4975 2607 5048 ἀπαρτισθῆναι
2657 4973 2759 5044 τὴν
2813 4968 2992 5031 πόλιν,
3040 4965 3180 5020 ἀλλὰ
3232 4961 3373 5033 μετά
3424 4960 3609 5027 πολλῆς

2049 5070 2365 5144 παρρησίας
2411 5066 2881 5138 διαλεχθήσονται.
2931 5060 3093 5122 Ἔθος
3129 5056 3187 5112 δὲ
3238 5053 3307 5127 ἦν
3356 5054 3462 5125 πρὸ
3511 5050 3610 5144 των

2287 5163 2387 5233 τῆς
2435 5161 2647 5222 πόλεως
2703 5152 3054 5224 διαλέγεσθαι
3091 5152 3204 5215 τοῖς
3249 5148 3360 5203 τῶν
3411 5141 3611 5216 ἐχθρῶν

2046 5255 2487 5326 ἀγγελιαφόροις.

2611 5341 2749 5415 ᾮδὴ
2790 5339 3033 5409 ὁμοίως.

2571 5434 2866 5490 ΨΑΛΜΟΣ
2911 5434 3085 5487 PKZ'.

2110 5529 2401 5597 Μακάριοι
2441 5526 2666 5592 πάντες
2714 5528 2770 5580 οι
2832 5524 3192 5595 φοϐούμενοι
3222 5521 3332 5576 τὸν
3376 5520 3604 5587 Κύριον.

2044 5622 2360 5679 ’Δκολουθεῖ
2391 5621 2469 5692 τῷ
2510 5619 2618 5692 πρὸ
2646 5618 2815 5673 αὐτοῦ
2855 5619 2951 5673 καὶ
2990 5610 3143 5680 οὗτος
3167 5616 3197 5669 ὁ
3231 5615 3470 5686 ψαλμοί.
3495 5610 3606 5665 Μα-

2046 5718 2274 5789 καρίσας
2330 5716 2435 5790 γὰρ
2498 5715 2618 5768 ἐκεῖ
2651 5714 2742 5769 τὸν
2782 5710 3147 5784 πληρώσαντα
3185 5710 3286 5782 τὴν
3319 5705 3605 5782 ἐπιθυμίαν
