3964 6556
288 365 428 429 1205

1447 378 1595 439 COM
1607 381 1842 444 MENT.
1886 384 1968 444 IN
2012 385 2373 447 PSALMOS.

3407 390 3538 456 1206

282 481 469 544 aut-05.
513 482 589 546 ὡς
650 485 1078 558 προδεδήλωται,
1135 490 1232 550 νῦν
1267 493 1708 566 καθολικώτερον
1767 497 1854 551 καὶ

1968 502 2105 554 verit
2140 499 2475 555 desiderium
2511 515 2669 555 suum
2708 516 2773 555 ex
2808 501 2911 564 eis,
2957 510 3014 553 ut
3069 502 3404 558 declaratum
3435 515 3539 572 est,

281 575 613 646 τελειότερον
630 582 865 634 ποιεῖται
890 582 984 635 τὸν
1022 586 1399 654 μακαρισμὸν.
1433 587 1715 657 Μακάριοι
1753 589 1863 659 γὰρ

283 665 492 732 κυρίως
554 666 651 723 καὶ
702 668 924 740 ἀληθῶς
970 672 1021 725 oi
1062 672 1394 744 φοϐούμενοι
1424 676 1513 730 τὸν
1540 675 1766 747 Κύριον.
1789 678 1865 732 Τδ

284 754 514 823 Πάντες
558 757 617 812 δὲ
675 759 1043 831 προσέθηκεν,
1076 765 1362 835 ἐμφαίνων
1394 766 1490 821 καὶ
1517 766 1738 837 δούλους
1766 771 1865 824 καὶ

278 845 547 918 πένητας,
580 850 676 904 καὶ
700 852 1021 924 ἀναπήρους
1055 858 1187 920 τοὺς
1220 858 1593 928 φοϐουμένους
1625 861 1719 914 τὸν
1750 861 1863 917 Κύ-

279 955 422 1008 ριον,
491 942 649 995 οὐδὲν
687 945 1009 1013 ἐμποδίζειν
1055 948 1196 1019 πρὸς
1231 952 1610 1024 μακαρισμόν.
1667 953 1728 1007 '0
1764 953 1864 1023 μὲν

274 1031 385 1101 γὰρ
419 1033 495 1102 μὴ
519 1035 858 1107 φοϐούμενος
899 1042 992 1095 τὸν
1025 1040 1251 1113 Κύριον,
1308 1045 1414 1099 κᾶν
1448 1046 1627 1101 πάντα
1659 1047 1761 1119 ἔχῃ
1794 1046 1863 1100 τὰ

280 1127 414 1192 παρ’
446 1126 762 1197 ἀνθρώποις
796 1135 1119 1201 μακαριστὰ
1145 1152 1204 1188 τε
1240 1137 1335 1190 καὶ
1362 1137 1604 1207 ζηλωτὰ,
1641 1139 1862 1193 πάντων

274 1215 430 1271 ἐστὶν
496 1219 831 1293 ἀθλιώτερος
865 1241 880 1257 ·
942 1227 971 1279 ὁ
1011 1226 1067 1280 δὲ
1115 1227 1452 1297 φοϐούμενος
1507 1231 1694 1293 αὑτὸν.
1753 1230 1859 1285 κᾶν

273 1311 462 1365 πάντα
480 1310 579 1385 ἔχῃ
599 1313 671 1369 τὰ
691 1318 822 1388 παρ’
840 1316 1152 1384 ἀνθρώποις
1181 1321 1431 1375 ᾶπευκτα
1462 1323 1555 1375 καὶ
1574 1323 1858 1392 βδελυκτὰ,

273 1400 499 1457 πάντων
529 1405 648 1458 ἐστὶ
670 1407 1111 1481 μακαριώτερος.
1151 1411 1261 1464 Καὶ
1293 1412 1485 1484 ἕτερον
1516 1412 1573 1467 δὲ
1601 1431 1615 1444 ·
1643 1414 1861 1481 κάλλος,

272 1493 370 1546 καὶ
430 1494 615 1566 ῥώμη,
646 1498 743 1552 καὶ
792 1498 1047 1566 πλοῦτος,
1081 1501 1175 1555 καὶ
1211 1502 1360 1569 δόξα,
1423 1504 1518 1556 καὶ
1579 1504 1858 1571 εὐπαιδία,

271 1587 368 1637 καὶ
401 1587 771 1653 καλλιτεκνία,
799 1592 893 1645 καὶ
950 1592 1023 1646 τὰ
1054 1593 1305 1658 τοιαῦτα,
1331 1596 1433 1648 οὐκ
1486 1596 1597 1650 εἰσὶ
1652 1597 1861 1668 κυρίως

271 1681 595 1749 μακαριστὰ
621 1680 706 1736 διὰ
731 1683 800 1737 ,τὸ
834 1684 1069 1740 ἄστατον
1107 1687 1287 1740 αὐτῶν
1326 1690 1423 1741 καὶ
1454 1689 1694 1759 ρευστόν.
1729 1686 1863 1745 Εἶτα

264 1769 569 1913 ἷζφηνίζει
626 1774 722 1828 καὶ
750 1775 896 1841 τίνες
927 1779 1068 1833 είσὶν
1087 1780 1479 1852 οίφοϐούμενοι
1507 1783 1600 1837 τὸν
1628 1782 1856 1856 Κύριον,

337 1879 494 1913 πτυυιοο

337 1879 494 1930 γων⁹

1965 594 2069 648 hoc
2125 592 2181 647 in
2231 591 2350 647 loco
2400 591 2766 647 universalem
2820 593 2994 664 magis
3050 603 3100 648 et
3153 594 3534 664 perfectiorcnt

1965 682 2362 741 beatitudinem
2398 683 2684 739 describit.
2741 682 2888 739 Beati
2931 685 3076 740 enim
3105 700 3233 741 vere
3268 695 3417 747 sunt,
3441 687 3535 757 qui

1964 774 2159 830 timent
2202 773 2521 831 Dominum.
2582 772 2960 831 Universalem
3007 786 3191 832 autem
3239 777 3532 833 dictionem

1963 865 2176 921 addidit
2214 864 2444 921 dicens:
2486 864 2642 920 Beati
2673 882 2874 934 omnes,
2907 876 2963 921 ut
2993 867 3278 923 denotaret
3327 870 3536 940 paupe4

1964 973 2075 1023 res,
2112 968 2207 1013 aut
2237 973 2447 1025 servos,
2485 968 2580 1015 aut
2611 960 2815 1031 alioqui
2865 976 3114 1026 mancos,
3145 970 3238 1017 aut
3271 962 3535 1017 membris

1963 1050 2247 1107 mutilatos
2272 1050 2377 1105 hac
2407 1051 2750 1106 beatitudine
2780 1066 2889 1106 non
2920 1052 3146 1122 privari,
3178 1052 3340 1106 modo
3365 1052 3531 1106 Deum

1965 1140 2265 1197 timuerint.
2303 1140 2439 1196 Nam
2471 1143 2517 1197 si
2550 1144 2655 1198 hoc
2703 1159 2871 1198 unum
2909 1142 3170 1211 adfuerit,
3205 1144 3345 1199 nihil
3384 1143 3533 1213 ejus-

1965 1230 2112 1287 modi
2153 1233 2551 1303 impedimento
2591 1234 2705 1289 illis
2759 1249 2883 1290 esse
2925 1245 3103 1305 potest
3133 1237 3198 1290 ad
3236 1235 3534 1292 beatitudi-

1963 1337 2110 1378 nem.
2132 1322 2362 1391 Contra,
2389 1324 2483 1393 qui
2510 1323 2679 1379 Deum
2706 1340 2815 1381 non
2845 1326 3019 1391 timet,
3041 1327 3254 1382 tametsi
3279 1328 3534 1383 omnibus

1966 1417 2212 1486 potiatur
2274 1416 2456 1480 bonis,
2484 1432 2609 1488 quae
2641 1417 2887 1487 alioquin
2932 1417 3251 1474 hominibus
3303 1418 3535 1473 amanda

1963 1514 2125 1575 atque
2159 1510 2465 1579 appetenda
2516 1524 2644 1565 esse
2688 1509 2941 1565 videntur
2992 1521 3044 1565 et
3081 1512 3261 1576 beata,
3289 1509 3532 1565 omnium

1964 1606 2146 1654 tamen
2177 1607 2262 1655 est
2291 1599 2638 1656 miserrimus
2668 1618 2684 1655 :
2720 1616 2846 1656 cum
2877 1608 3060 1656 tamen
3108 1602 3156 1659 is
3201 1602 3298 1673 qui
3363 1601 3534 1658 Deum

1962 1691 2141 1754 timet,
2176 1691 2223 1746 si
2256 1692 2440 1746 omnia
2481 1691 2533 1747 ei
2563 1691 2797 1748 adversa
2841 1694 3190 1762 contingant,
3229 1709 3353 1765 quas
3401 1695 3537 1748 abo-

1963 1783 2247 1839 ntinabtlia
2301 1785 2644 1849 hominibus,
2697 1795 2867 1855 atque
2909 1788 3245 1843 exsecranda
3291 1801 3412 1844 esse
3463 1786 3539 1841 vi-

1880 1869 1928 1928 B
1955 1875 2181 1941 dentur,
2219 1877 2465 1931 omnium
2522 1878 2879 1935 beatissimus
2910 1882 3001 1936 sit.
3048 1879 3113 1934 Et
3159 1881 3360 1936 aliter:
3404 1879 3535 1935 Pul-

260 1953 555 2024 chritudo,
587 1957 872 2025 fortitudo.
900 1962 1358 2042 divitiaglmia,
1392 1966 1692 2023 multorum
1729 1968 1860 2024 item
1903 1981 2070 2041 atque
2096 1970 2429 2041 elegantiqu
2455 1970 2691 2028 ﬁliorum
2719 1973 2898 2043 copia.
2923 1982 2978 2029 et
3045 1973 3152 2028 alia
3192 1970 3531 2044 hujusmodi,

265 2064 383 2105 non
418 2056 637 2124 proprie
669 2058 888 2114 beatum
928 2075 1088 2128 quem
1139 2062 1369 2127 faciunt,
1418 2062 1489 2119 ob
1520 2062 1840 2133 hujusmodi
1879 2066 2090 2122 scilicet
2121 2066 2394 2122 bonorum
2421 2067 2893 2135 ineertitudinem,
2962 2076 3130 2139 atque
3203 2067 3536 2127 instabilita_

260 2150 287 2199 ι
308 2162 403 2199 un.
438 2146 642 2203 Deinde
664 2148 905 2207 declarat
937 2153 1161 2224 quinam
1195 2156 1239 2210 ii
1265 2156 1378 2211 sint
1401 2159 1495 2228 qui
1533 2158 1826 2216 Dominum
1872 2162 2085 2226 timent,
2120 2158 2312 2214 dicens
2341 2175 2358 2213 :

344 2241 411 2291 Ol
442 2245 837 2313 πορευόμενοι
869 2248 940 2302 ἐν
982 2248 1111 2316 ταῖς
1146 2249 1310 2317 ὁδοῖς
1341 2253 1551 2310 αὐτοῦ.
1589 2257 1723 2320 Ταῖς
1764 2275 1853 2312 νε·

260 2328 757 2470 ᾑμοθετημέναις,
790 2338 914 2402 ταῖς
961 2338 1398 2411 ὑποδειχθείσαις
1432 2340 1523 2396 διὰ
1554 2345 1666 2398 τῶν
1692 2347 1842 2401 ἐντο-

300 2437 406 2470 tota.

300 2437 406 2476 cett.

346 2514 497 2582 ’τοὺς
524 2518 758 2586 πόνους
783 2519 903 2576 τῶν
932 2526 1182 2592 καρπῶν
1229 2544 1349 2584 σου
1376 2530 1655 2600 φάγεσαι.
1694 2528 1849 2583 Διδάο

2031 2255 2138 2323 Qui
2171 2255 2448 2310 ambulant
2477 2254 2530 2309 in
2556 2255 2653 2311 viis
2690 2255 2827 2326 ejus.
2881 2255 2947 2311 In
2977 2253 3086 2313 viis
3116 2255 3184 2312 ab
3213 2269 3281 2312 eo
3317 2257 3535 2313 statutis
3592 2328 3595 2331 Α

1956 2357 2012 2405 et
2044 2363 2144 2420 per
2170 2348 2354 2404 divina
2390 2354 2659 2418 pracepta
2688 2347 3102 2423 demonstratis.

2024 2531 2193 2589 Vsus.
2228 2531 2285 2588 2.
2326 2529 2559 2586 Labares
2581 2532 2885 2600 palmarum
2909 2540 3123 2585 tuarum
3154 2530 3526 2587 manducabis.

259 2600 364 2667 ξας
393 2604 481 2669 τίς
510 2609 627 2667 ἐστι
649 2612 855 2681 κυρίως
910 2616 1209 2685 μακάριος.
1236 2620 1331 2674 καὶ
1360 2619 1543 2686 δείξας
1557 2620 1641 2684 τίς
1662 2621 1854 2673 ἐστινό

1968 2621 2090 2679 3am
2123 2621 2375 2678 docuerit
2410 2621 2665 2690 quisnam
2698 2634 2827 2675 vere
2870 2619 2947 2675 sit
2997 2620 3213 2685 beatus,
3252 2630 3307 2675 et
3342 2628 3530 2674 osten-

259 2694 605 2767 φοϐούμενος
635 2701 726 2755 τὸν
754 2704 979 2776 Κύριον,
1025 2709 1322 2766 κάντεῦθεν
1354 2712 1451 2766 τὸν
1479 2711 1611 2767 λαὸν
1669 2712 1752 2773 είς
1794 2709 1854 2763 τὸ

1968 2710 2102 2766 ierit
2126 2711 2278 2766 illum
2313 2726 2442 2767 vere
2481 2711 2696 2766 beatum
2730 2710 2863 2775 dici,
2893 2710 2987 2781 qui
3021 2710 3188 2765 Deum
3224 2711 3406 2773 timet,
3449 2721 3535 2765 at-

260 2788 606 2872 πορεύεσθαι
655 2794 715 2847 ἐν
751 2801 877 2861 ταῖς
901 2800 1043 2865 ἐ-δοῑς
1087 2801 1180 2856 τοῦ
1205 2803 1342 2857 θεοῦ
1384 2803 1854 2875 προτρεψάμενῦς,

1968 2818 2064 2873 tuo
2090 2817 2157 2857 ex
2192 2802 2299 2857 hoc
2328 2802 2658 2857 adhortatus
2708 2800 2876 2856 fuerit
2908 2801 3167 2872 populum
3216 2802 3283 2857 ad
3335 2803 3532 2857 ambu-

260 2879 462 2936 λοιπὸν
523 2886 690 2940 τείνει
718 2889 810 2943 τὸν
856 2890 1038 2961 λόγον,
1068 2896 1207 2965 πρὸς
1262 2897 1355 2950 τὸν
1400 2896 1735 2968 φοϐούμενον
1761 2895 1854 2950 τὸν

1968 2893 2183 2949 tandum
2218 2894 2273 2949 in
2318 2893 2425 2949 viis
2475 2892 2589 2959 Dei,
2640 2893 2903 2964 deinceps
2946 2893 3013 2948 ad
3057 2892 3204 2949 hunc
3247 2895 3529 2948 timentem

257 2970 401 3025 Θεὸν
425 3014 443 3038 ,
476 2980 838 3050 προφητεύων
860 2983 1010 3056 αὐτῷ
1030 2987 1232 3056 ἀγαθά.
1263 2988 1422 3051 Τινὲς
1450 2989 1549 3059 μὲν
1585 2987 1682 3043 οὖν
1714 3007 1852 3061 καρ-

1968 2986 2132 3042 Deum
2165 3000 2472 3043 sermonem
2509 2986 2718 3056 dirigit,
2751 2985 2935 3041 futura
2966 2987 3016 3042 ei
3042 2988 3182 3042 bona
3203 2987 3526 3058 praedicens,

258 3065 405 3129 ποὺς
465 3070 565 3131 τὰς
610 3073 801 3142 χεῖρας
849 3075 1079 3148 ἐνόησαν
1157 3080 1266 3134 ἀπὸ
1311 3080 1514 3150 μέρους
1568 3080 1632 3132 τὸ
1689 3083 1800 3134 πᾶν
1837 3098 1850 3110 ·

1968 3079 2192 3145 Quidam
2234 3094 2362 3134 vero
2397 3078 2610 3148 palmas
2639 3077 2749 3134 diei
2795 3078 3185 3133 intellexerunt
3233 3093 3330 3148 pro
3363 3078 3536 3131 maui-

258 3156 439 3228 μέρος
500 3159 625 3230 γὰρ.
659 3162 762 3234 τῆς
812 3168 1000 3239 χειρὸς
1050 3171 1081 3221 ὁ
1127 3172 1376 3240 καρπόςο
1424 3170 1849 3241 ἑρμηνεύοντες,

1968 3177 2081 3238 bus,
2116 3176 2281 3232 veluti
2319 3190 2349 3230 a
2386 3183 2541 3244 parte
2570 3183 2771 3232 totum.
2802 3174 2898 3231 Est
2927 3176 3131 3232 etenim
3182 3175 3360 3246 palma
3408 3191 3535 3244 pars

256 3249 345 3301 ὅτι
370 3251 503 3312 τοὺς
531 3254 725 3319 πόνους
752 3258 861 3311 τῶν
893 3261 1095 3330 χειρῶν
1137 3278 1234 3316 σου
1289 3262 1499 3334 δρέψῃ’
1539 3263 1852 3332 κερδανεῖς,

1968 3282 2177 3322 manus.
2230 3266 2296 3332 Et
2341 3282 2567 3323 sensum
2603 3266 2924 3338 hujusmodi
2955 3281 3081 3324 esse
3107 3266 3343 3323 dicunt:
3385 3269 3531 3336 quod

260 3341 507 3410 μηδενὸς
545 3346 870 3413 κωλύοντος.
928 3352 1089 3407 Οὕτω
1146 3355 1256 3424 γὰρ
1306 3355 1545 3419 Ἀκύλας
1578 3355 1672 3407 καὶ
1703 3353 1849 3424 Σύμ-

1968 3354 2158 3408 timens
2188 3352 2382 3417 Deum,
2417 3369 2677 3412 manuum
2712 3370 2939 3412 suarum
2972 3355 3189 3414 labores
3224 3357 3527 3426 percipiet.

259 3449 445 3503 μαχος
494 3436 955 3503 ἐξεδεδώκεισαν·
1002 3444 1180 3515 ἕτεροι
1221 3446 1281 3500 δέ
1341 3446 1746 3516 ἀντισημασίαν
1791 3445 1850 3498 τὸ

1968 3455 2011 3502 3t
2040 3447 2197 3501 nullo
2223 3446 2560 3515 impediente
2595 3448 2813 3504 lucrum
2841 3455 3155 3518 componet.
3210 3447 3391 3517 Atque
3427 3448 3533 3502 hoc

260 3527 439 3595 ῥητὸν
489 3530 673 3598 τοῦτο,
730 3529 843 3589 οἷον
882 3538 1028 3602 Τοὺς
1058 3538 1329 3608 καρποὺς
1352 3538 1471 3593 τῶν
1500 3539 1702 3593 πόνων
1728 3553 1846 3592 σου

1968 3547 2115 3607 pacto
2139 3538 2336 3607 Aquila
2359 3547 2417 3593 et
2452 3536 2822 3610 Symmachus
2853 3538 3161 3597 reddidere.
3189 3540 3372 3611 Aliqui
3404 3554 3535 3595 vero

254 3617 562 3687 φάγεσαι.

1968 3626 2181 3698 lguram
2208 3628 2301 3683 hic
2329 3628 2595 3685 contineri
2628 3628 2888 3685 dixerunt
2916 3646 3081 3701 quam
3137 3629 3328 3687 Graece
3381 3631 3535 3683 ἀντι.

258 3716 569 3786 σημασίαν,
600 3732 820 3791 vocant,
852 3723 960 3783 boc
1004 3735 1113 3794 est,
1149 3726 1597 3800 signiﬁcationem
1662 3721 2015 3781 contrariam.
2067 3724 2174 3794 (Ad
2235 3721 2398 3796 cujus
2474 3723 2906 3782 declarationem
2978 3723 3532 3782 animadvertendum

256 3822 347 3866 est
387 3814 587 3883 primo,
639 3821 784 3890 quod
835 3821 1021 3881 Grzeca
1056 3827 1224 3882 dictio
1256 3828 1472 3899 καρπός
1507 3841 1616 3882 non
1665 3810 1840 3879 solum
1881 3822 2137 3892 palmam,
2172 3838 2271 3879 seu
2301 3823 2483 3894 potius
2504 3823 2817 3892 juncturam
2846 3838 3035 3878 manus
3067 3821 3363 3894 signiﬁcat,
3434 3823 3529 3876 sed

254 3909 433 3966 etiam
504 3912 752 3981 fructum.
813 3918 977 3976 Juxta
1042 3939 1203 3993 quem
1256 3938 1501 3987 sensum,
1554 3922 1846 3994 praesentis
1922 3919 2182 3975 versiculi
2255 3918 2434 3975 littera
2484 3918 2710 3990 legenda
2757 3924 2943 3975 esset:
2987 3915 3217 3974 Labores
3263 3924 3531 3987 [rucluum

257 3996 482 4063 ‘uorum
511 4014 902 4084 mamlucabis.)
936 4015 1233 4087 Exponunt
1265 4017 1434 4087 igitur
1457 4017 1564 4071 hoc
1591 4024 1750 4087 pacto
1782 4024 1841 4069 ut
1878 4014 2086 4069 labores
2116 4013 2410 4084 fructuum,
2448 4012 2657 4068 dictum
2688 4028 2814 4069 esse
2845 4011 3139 4078 alﬁrment,
3206 4027 3331 4082 pro,
3390 4012 3531 4068 Fru-

254 4113 392 4152 ctus
433 4100 707 4172 laborum,
771 4116 826 4164 et
882 4125 1079 4167 sensus
1133 4111 1227 4179 sit,
1283 4111 1431 4183 quod
1494 4108 1852 4166 manducabit
1889 4105 2108 4162 fructus
2159 4108 2670 4164 laborumsuorum
2740 4105 2994 4177 quisquis
3046 4106 3294 4163 timuerit
3360 4106 3533 4163 Domi-

254 4212 423 4252 ιιιιιιὶ.

328 4291 644 4360 Μακάριος
672 4289 748 4349 ετ.
782 4296 843 4349 Et
882 4297 1024 4371 φοϐῇ
1056 4299 1149 4355 τὸν
1179 4298 1335 4356 Θεόν.
1377 4299 1549 4356 Πάλιν
1591 4300 1649 4355 δὲ
1682 4295 1844 4353 τοῦτο

253 4383 444 4454 λέγει,
488 4381 726 4454 βεϐαιῶν
759 4386 852 4442 τὸν
878 4385 1060 4457 λόγον.

332 4563 451 4622 Kal
475 4566 674 4634 καλῶς
696 4538 796 4623 σοι
828 4567 1023 4627 ἔσται.
1055 4571 1166 4625 Καὶ
1195 4572 1587 4645 εὐπραγήσεις.

2016 4288 2212 4345 Beatus
2246 4304 2324 4344 es.
2359 4285 2415 4342 Si
2467 4287 2628 4341 times
2662 4286 2871 4340 scilicet
2904 4284 3093 4341 Deum.
3132 4286 3210 4340 Ad
3255 4288 3518 4356 majorem

1945 4384 2090 4440 enim
2127 4379 2400 4438 sermonis
2428 4379 2511 4434 sui
2545 4378 3042 4442 conﬁrmationem,
3077 4378 3274 4433 iterum
3332 4381 3530 4448 repetit

1947 4473 2375 4533 beatitudinem.

2024 4566 2093 4621 Et
2124 4566 2248 4621 bene
2278 4564 2370 4619 tibi
2397 4564 2517 4617 erit.
2552 4563 2616 4618 Et
2653 4576 2916 4633 prospere
2946 4561 3044 4618 tibi
3093 4570 3292 4617 cuneta
3329 4577 3527 4617 sur-ce.

1950 4660 2103 4716 dettl.

344 4745 423 4799 Ἥ
444 4743 596 4814 γυνή
625 4761 765 4810 σου,
798 4746 879 4814 ὡς
915 4746 1180 4817 ἄμπελος
1199 4748 1565 4816 εὐθηνοῦσα,
1617 4749 1688 4803 ἐν
1710 4749 1835 4817 τοῖς

2021 4748 2189 4805 Vnus.
2220 4748 2275 4804 5.
2315 4744 2462 4802 Umor
2502 4755 2615 4811 tua,
2644 4745 2784 4801 sicut
2815 4746 2936 4801 uitis
2975 4745 3278 4810 abundans,
3308 4747 3361 4801 in
3398 4746 3527 4800 lute-

252 4836 504 4890 κλίτεονι
542 4833 652 4905 τῆς
671 4837 866 4904 οἰκίας
903 4854 1040 4892 σου.
1078 4839 1173 4903 Ὠς
1228 4839 1473 4910 ἄμπελος
1540 4840 1846 4911 εὐθηνοῦσα

255 4927 550 4998 βότρυσιν,
607 4925 781 4993 οὕτως
832 4927 1137 5000 εὐθηνοῦσα
1182 4930 1412 4992 τέκνοις.
1484 4931 1846 4998 Εὐθηνοῦσα

252 5019 339 5081 δὲ.
367 5018 492 5072 ἀντὶ
521 5017 787 5089 Κομῶτνι,
824 5019 1106 5091 βρίθουσα.
1138 5021 1311 5090 Κλίτη
1350 5021 1407 5074 δὲ
1437 5020 1614 5086 οἰκίας
1648 5023 1714 5075 τὰ
1745 5026 1844 5093 μέ-

258 5130 335 5185 ρη
376 5128 390 5142 ο
417 5111 701 5165 τουτέστιν
731 5113 789 5166 ἐν
808 5114 874 5183 τῇ
906 5116 1132 5185 περιοχῇ
1156 5115 1254 5184 τῆς
1279 5112 1456 5177 οἰκίας
1499 5130 1613 5169 σου.
1652 5115 1845 5180 ’Ἄλλος

256 5204 565 5274 ἑρμηνεὺς,
638 5204 723 5257 'E'a
783 5204 904 5272 τοῖς
951 5206 1273 5273 ἑσωτὰτοις
1317 5206 1425 5262 τοῦ
1476 5206 1647 5263 οἴκου
1705 5223 1846 5274 σου,

255 5295 558 5360 ἐξέδωκεν,
587 5296 781 5365 ἤγουν,
811 5296 902 5349 Ἐν
940 5299 1051 5359 τοῖς
1079 5297 1345 5367 θαλάμοις
1365 5316 1380 5332 ’
1415 5298 1546 5354 ἔνθα
1604 5300 1668 5354 τὸ
1723 5300 1844 5355 κλί-

255 5386 461 5440 νςσθαι
489 5385 626 5457 πρὸς
662 5376 991 5445 ἀνάπαυσιν.

338 5652 409 5706 Ol
438 5652 558 5707 vlol
577 5669 717 5721 σου,
755 5656 837 5723 ὡς
881 5658 1145 5728 νεόφυτα
1202 5658 1440 5725 ἐλαιῶν,
1475 5660 1680 5725 κύκλῳ
1736 5657 1845 5729 τῆς

256 5740 563 5815 τραπέζης
595 5762 735 5803 σου.
770 5746 1052 5814 Εὑθαλεῖς,
1074 5748 1151 5813 ὡς
1186 5749 1421 5820 νεόφυτα
1447 5750 1666 5808 ἐλαιῶν.

1949 4843 2095 4897 ribus
2123 4841 2309 4896 domus
2345 4848 2471 4896 tua.
2505 4839 2981 4906 Quemadmodum
3012 4838 3136 4894 vitis
3166 4838 3407 4894 abundat
3445 4856 3529 4891 ra—
3596 4830 3611 4839 “

1947 4931 2120 4987 cemis
2152 4972 2168 4996 .
2202 4932 2273 4985 ita
2302 4938 2356 4986 et
2411 4929 2530 5000 ipsa
2591 4928 2716 4984 [iliis
2770 4928 3092 4983 abundabit.
3145 4925 3526 4982 Abundautem

1948 5034 2130 5080 autem
2159 5039 2279 5079 eam
2311 5022 2434 5079 ﬁliis
2469 5022 2627 5089 dixit,
2661 5022 2765 5078 hoc
2794 5033 2899 5089 est,
2935 5030 3183 5076 ornatam
3241 5035 3305 5073 ac
3355 5019 3526 5087 Stipa-

1949 5124 2080 5170 tam.
2119 5115 2317 5181 Latera
2354 5125 2559 5178 autem.
2594 5130 2688 5171 seu
2726 5116 2905 5183 potius
2931 5153 2946 5177 ,
2983 5121 3040 5166 ut
3093 5112 3144 5164 in
3199 5110 3386 5165 Graeca
3445 5111 3522 5166 Ie-

1946 5206 2131 5262 ctione
2163 5206 2419 5272 habetur,
2458 5206 2640 5272 κλὶτη.
2674 5220 2802 5275 pars
2828 5204 3070 5273 qumdam
3123 5202 3320 5256 domus
3372 5211 3518 5254 sunt.

1945 5297 2067 5365 Quo
2097 5314 2350 5354 sermone
2380 5298 2521 5352 idem
2559 5297 2663 5351 sibi
2692 5296 2809 5352 vult
2840 5311 2904 5350 ac
2939 5295 2984 5349 si
3014 5295 3217 5349 diceret
3252 5312 3265 5346 :
3320 5293 3378 5345 lu
3416 5294 3525 5347 cir—

1945 5388 2095 5443 cuitu
2124 5391 2320 5443 domus
2343 5394 2468 5442 tute.
2522 5385 2675 5440 Alius
2709 5399 2835 5440 vero
2894 5385 3167 5453 interpres
3228 5383 3461 5437 reddidit
3507 5401 3519 5436 :

1945 5476 2009 5531 In
2036 5476 2393 5542 penetralibus
2419 5476 2628 5540 domus,
2678 5473 2783 5529 hoc
2817 5480 2923 5538 est,
2977 5473 3030 5526 in
3080 5472 3333 5528 thalamis
3360 5512 3376 5538 ,
3431 5472 3524 5528 ubi

1947 5569 2267 5623 recumbere
2288 5581 2353 5622 ac
2387 5565 2731 5636 requiescere
2760 5563 3023 5619 solemus.

2016 5656 2150 5711 Filii
2178 5657 2279 5722 tui,
2300 5658 2434 5711 sicut
2463 5654 2678 5710 novella:
2695 5654 2980 5719 olivarum,
3008 5654 3061 5707 in
3087 5652 3310 5706 circuitu
3326 5668 3522 5707 mensa:

1946 5758 2068 5803 tuaz.
2106 5746 2392 5805 Florentes
2423 5748 2684 5803 nimirum
2727 5756 2890 5817 atque
2937 5746 2992 5801 in
3024 5760 3240 5802 summo
3298 5747 3523 5819 vigore,

1946 5847 2203 5907 tanquam
2224 5854 2390 5896 novre
2422 5840 2690 5897 olivarum
2716 5840 2937 5909 plantat.
