3906 6552
445 337 576 396 12οἸ

430 537 730 594 hominum.
754 540 1138 611 llujuscemodi
1163 547 1342 604 divina
1358 551 1734 613 benedictione
1761 557 1993 615 fruetur.

427 627 528 684 Per
555 631 981 691 benedictionem
1014 653 1142 693 vero
1169 643 1402 710 gratiam
1457 655 1511 701 et
1540 647 1862 706 beneﬁcium
1916 651 1999 706 iu-

427 723 641 794 telligit,
682 733 937 797 tanquam
970 728 1132 786 laude
1163 731 1410 804 dignum,
1447 745 1500 792 et
1525 737 1594 794 de
1629 756 1739 811 quo
1762 742 1901 798 bene
1929 745 1997 798 ab

428 814 683 874 omnibus
707 818 994 877 dicendum
1032 824 1123 882 sit.
1161 824 1316 891 Quod
1365 828 1412 885 si
1462 831 1586 900 quis
1635 835 1996 902 quaestionem

426 916 664 974 moveat,
695 911 908 977 dicens,
943 914 1228 980 Quomodo
1259 919 1325 973 iis
1345 921 1436 990 qui
1463 922 1655 978 timent
1676 923 1869 992 Deum,
1891 943 1996 984 nou

429 999 635 1071 majora
667 1005 1057 1072 promittuntur
1090 1011 1253 1078 bona,
1295 1013 1393 1067 sed
1423 1015 1535 1069 lure
1588 1023 1800 1070 tantum
1858 1028 2000 1073 teut-

427 1092 658 1159 poralia,
709 1095 840 1151 illud
869 1097 922 1151 in
951 1101 1141 1168 primis
1193 1102 1483 1160 dicendum
1527 1119 1631 1172 est,
1671 1107 1998 1178 Prophetam

424 1184 493 1239 ad
527 1201 623 1241 eos
656 1203 963 1245 sermonem
997 1209 1156 1247 suum
1191 1196 1426 1267 dirigere
1454 1239 1469 1262 ,
1521 1203 1614 1269 qui
1669 1203 1854 1256 talium
1905 1204 2001 1260 bo-

425 1291 618 1330 norum
648 1292 832 1332 amore
868 1282 1183 1338 detinentur
1219 1304 1233 1340 :
1267 1287 1463 1342 deinde
1503 1291 1640 1345 illttd
1695 1293 1858 1347 etiam
1898 1293 1999 1347 ad-

425 1369 638 1433 demus,
672 1373 815 1441 quod
849 1391 912 1429 ex
947 1377 1247 1432 abundanti
1280 1418 1296 1443 ,
1350 1378 1619 1450 Propheta
1670 1383 1785 1437 btec
1835 1385 2000 1437 etiam

425 1463 568 1517 bona
605 1465 909 1533 pollicetur,
943 1469 1108 1522 veluti
1143 1485 1245 1523 una
1282 1486 1404 1525 cum
1433 1473 1653 1528 aeternis
1681 1471 1842 1528 bonis
1859 1473 2001 1529 Deus

427 1555 543 1609 haec
574 1559 892 1624 temporalia
929 1561 1088 1613 etiam
1124 1562 1197 1615 sit
1242 1563 1591 1631 praestiturus
1625 1579 1640 1627 ;
1694 1564 1999 1620 secundum

425 1645 569 1714 quod
601 1647 724 1702 alibi
758 1650 1024 1720 scriptum
1061 1652 1288 1722 legimus
1318 1672 1330 1708 :
1373 1653 1608 1720 Quwrite
1663 1657 1894 1722 primum
1917 1671 2002 1710 re-

1629 351 2010 414 EUTIIYMI’I
2058 357 2420 419 ZIGABEN‘I

501 445 660 501 Vsus.
707 448 763 503 ι.
793 448 924 504 Ecce
975 454 1048 506 sic
1097 453 1426 512 benedicatur
1486 461 1673 530 homo,
1722 467 1812 536 qui
1857 469 1998 522 timet
2029 473 2073 529 Α

3549 366 3672 430 1203

2181 469 2343 524 Ἰδοὺ
2391 472 2574 537 οὕτως
2608 470 3080 538 εὑλογηθήσεται
3131 473 3462 541 ἅνθρωπος,
3507 478 3541 530 ὁ
3582 496 3673 544 φο-

2104 562 2398 630 ϐούμενος
2421 563 2526 615 τὸν
2559 566 2795 629 Κύριον.
2823 563 3092 632 Τοιαύτης
3128 564 3382 632 εὐλογίας
3437 567 3673 620 ἀπολαύο

2105 668 2187 704 σει
2220 653 2369 723 παρὰ
2401 653 2558 706 Θεοῦ.
2591 653 2825 721 Εὐλογία
2848 653 2904 706 δὲ
2937 653 3032 706 νῦν
3063 653 3162 722 τὴν
3180 656 3344 725 χάριν
3375 657 3554 715 καλεῖ,
3583 658 3674 726 τὴν

2103 743 2446 815 εὐεργεσίαν,
2479 744 2553 806 ὡς
2585 744 2866 814 εὐφημίας
2911 743 3088 809 ἀξίαν.
3116 747 3181 798 Τί
3235 747 3440 814 λέγεις.
3504 751 3675 802 τοιαύ-

2101 850 2196 903 τη,
2229 835 2450 906 χάριτος
2483 835 2818 901 ἀπολαύσεις
2851 837 2982 902 Ναὶ,
3022 839 3177 905 φησι,
3219 839 3359 909 πρὸς
3389 842 3501 910 γὲρ
3523 843 3674 906 ἐρῶν-

2101 944 2198 989 τας
2258 927 2338 978 ἔτι
2389 928 2650 982 τοιούτων
2700 929 2922 998 ἀγαθῶν
2978 931 3328 1000 διαλέγομαι.
3366 933 3577 989 ’Δλλως
3623 953 3673 988 τε

2103 1017 2158 1069 δὲ
2219 1020 2312 1070 καὶ
2341 1019 2405 1070 ἐκ
2452 1019 2770 1088 περιουσίας
2803 1022 2830 1074 ὁ
2853 1021 3030 1090 λόγος,
3056 1023 3139 1074 ὅτι
3168 1022 3306 1091 μετὰ
3358 1021 3477 1073 τῶν
3545 1024 3675 1074 tam

2105 1107 2328 1173 ἀγαθῶν
2391 1108 2486 1162 καὶ⁷
2535 1108 2710 1162 ταῦτα
2757 1111 2968 1165 δώσει’
3022 1113 3265 1179 Ζητεῑτε
3309 1113 3443 1182 γὰρ,
3502 1116 3670 1180 φηςὐι,

2105 1199 2218 1268 τὴν
2238 1200 2570 1263 βασιλείαν
2600 1201 2716 1254 τῶν
2747 1204 3040 1271 οὐρανῶν,
3080 1206 3177 1257 καὶ
3235 1205 3428 1257 ταῦτα
3492 1205 3674 1258 πάντα

2104 1289 2580 1356 προστεθήσεται
2601 1291 2766 1360 ὑμῖν.
2796 1293 2953 1346 Κατὰ
2979 1295 3032 1346 δὲ
3066 1294 3365 1362 ἀναγωγὴν
3420 1294 3560 1363 γυνὴ
3588 1296 3677 1361 μὲν

2102 1379 2197 1432 τοῦ
2232 1379 2518 1444 θεοσεϐοῦς
2567 1384 2600 1450 ἡ
2637 1382 2871 1450 σύζυγος
2901 1384 3045 1454 ψυχὴ
3091 1384 3326 1452 κομῶσα
3379 1385 3506 1444 ταῖς
3562 1386 3676 1452 ἀρε.

2104 1473 2224 1534 ταῖς
2249 1473 2306 1524 ὲν
2335 1471 2412 1542 τῷ
2445 1472 2661 1543 σώματι
2699 1489 2712 1503 ·
2748 1476 2854 1528 olei.
2882 1475 2936 1528 δὲ
2969 1473 3134 1528 αὑτοῦ
3181 1475 3232 1528 oi
3294 1473 3545 1543 μαθηταὶ
3594 1475 3678 1526 καὶ

2109 1565 2368 1634 μιμηταὶ,
2395 1566 2489 1619 καὶ
2531 1566 2767 1637 διάδοχοι
2795 1569 2895 1637 τῆς
2933 1567 3239 1629 εὐσεϐείας,
3293 1567 3584 1627 θάλλοντες
3627 1568 3678 1617 ὲν

2106 1657 2336 1727 αὐξήσει
2359 1659 2737 1730 πνευματικῆς
2771 1657 3006 1727 ἡλικίας,
3059 1658 3154 1710 καὶ
3202 1655 3540 1715 κυκλοῦντες
3589 1657 3680 1707 αὖ.

424 1753 582 1806 gnum
626 1739 742 1805 Dei,
784 1752 830 1794 et
860 1743 970 1795 ha'c
998 1743 1173 1797 omnia
1210 1745 1525 1814 adjicientur
1551 1748 1692 1801 vobis
1747 1747 1811 1802 ⁵¹.
1841 1746 2001 1802 Juxta

2125 1749 2196 1802 τὸν
2229 1749 2572 1814 διδάσκοντα,
2601 1749 2696 1804 καὶ
2727 1748 2990 1803 ἑστιῶντα
3022 1749 3219 1813 αὐτοὺς
3269 1749 3538 1818 ἐδέσμασι
3590 1747 3675 1799 19-

435 1843 712 1900 anagogeu
750 1847 900 1897 vero,
934 1849 1066 1887 uxor
1099 1835 1169 1903 pii
1197 1849 1260 1890 ac
1292 1835 1531 1904 religiosi
1559 1837 1658 1890 viri
1683 1847 1768 1892 est
1800 1838 2004 1905 anima,
2039 1838 2079 1893 Β
2108 1842 2308 1908 γικοῖς.

429 1941 550 1995 qua:
571 1927 834 1996 conjugis
871 1929 1049 1982 instar
1087 1931 1299 1999 corpori
1337 1931 1627 2000 conjuncta
1651 1973 1664 1994 ,
1703 1933 1998 1988 virtutibus
2040 1933 2106 1988 iis
2137 1935 2461 2002 delectatur,
2493 1953 2614 2007 quae
2639 1939 2853 2008 corpori
2889 1939 3120 2002 insunt;
3193 1937 3288 1993 lilii
3344 1951 3479 1991 vero
3547 1936 3681 1988 illius

431 2021 647 2085 animae,
682 2021 936 2092 discipuli
970 2037 1116 2086 sunt,
1149 2032 1203 2079 ct
1233 2024 1475 2094 ejusdem
1546 2028 1826 2097 relig?ouis
1893 2027 2220 2096 imitatores,
2292 2048 2389 2088 sou
2439 2049 2832 2099 successores;
2879 2034 2971 2102 qui
3025 2035 3187 2087 etiam
3279 2034 3336 2088 in
3391 2031 3681 2101 spiritualis

430 2115 605 2168 aetatis
631 2123 924 2183 augmento
961 2114 1176 2179 ﬂorent,
1212 2131 1275 2171 ac
1313 2122 1497 2188 vigent
1527 2159 1541 2184 ,
1573 2131 1626 2173 et
1657 2122 1835 2190 ipsum
1903 2120 2182 2177 doctorem
2261 2127 2629 2192 circumdant,
2698 2125 3060 2180 rationalibus
3127 2139 3225 2180 eos
3267 2125 3412 2180 cibis
3468 2136 3684 2190 pascen-

433 2213 560 2258 tem.

503 2316 669 2372 Vens.
699 2317 749 2372 5.
793 2317 1072 2374 Benedicat
1097 2330 1144 2376 te
1167 2322 1422 2378 Dominus
1471 2339 1536 2377 ea:
1587 2325 1739 2379 Sion.
1790 2324 2000 2381 Laudet

430 2418 506 2472 te.
531 2419 585 2465 et
607 2411 813 2482 gratias
837 2411 998 2467 etiam
1046 2413 1140 2466 tibi
1204 2413 1427 2468 tribuat.
1481 2413 1652 2480 Quem
1688 2416 1832 2468 enim
1885 2430 2004 2470 sus-

432 2504 564 2573 cipit
631 2503 774 2560 Deus
800 2544 816 2569 ,
872 2520 995 2560 eum
1045 2507 1206 2560 etiam
1238 2507 1465 2573 laudat,
1496 2515 1549 2561 et
1579 2523 1742 2578 quem
1771 2507 1958 2562 laudat
1989 2549 2002 2572 ,

434 2596 682 2651 eumdem
711 2597 900 2667 gratiis
927 2613 989 2652 ac
1021 2596 1183 2653 donis
1233 2599 1628 2668 multiplicibus
1650 2599 1786 2655 solet
1811 2614 2007 2653 cumu—

434 2690 547 2744 lare
589 2708 602 2744 :
649 2689 927 2744 Dominum
962 2705 1094 2745 vero
1122 2690 1261 2745 dixit
1289 2707 1354 2749 et
1379 2689 1508 2746 Sion
1535 2731 1548 2753 ,
1592 2707 1691 2761 pro
1743 2690 1848 2756 Qui
1896 2690 1996 2744 ha-

2178 2328 2529 2395 Εὑλογήσαι
2553 2343 2627 2381 σε
2656 2326 2869 2394 Κύριος
2894 2325 2962 2379 ἐκ
2979 2323 3153 2379 Σιών.
3217 2321 3562 2384 Ἐπαινέσαι,
3591 2339 3681 2389 χαι

2112 2419 2367 2490 ριτώσαι·
2403 2418 2464 2472 δν
2502 2420 2610 2489 γὰρ
2633 2419 3219 2490 ἁποδέχεται,ὲπαινοῖ
3241 2433 3255 2446 ⁸
3290 2418 3386 2470 καὶ
3439 2415 3496 2467 ὃν
3537 2416 3682 2466 ἐπαι-

2113 2513 2215 2573 νοῖ,
2245 2515 2476 2581 χαριτοί.
2507 2511 2710 2582 Κύριος
2735 2512 2793 2564 δὲ
2813 2515 2839 2565 ὁ
2879 2513 2937 2564 ἑν
2965 2511 3103 2565 Σιὼν
3127 2510 3316 2572 οίκῶν,
3356 2511 3412 2561 ὲν
3443 2506 3517 2577 τῷ
3559 2507 3683 2574 οίκῳ

2115 2601 2193 2671 τῷ
2215 2603 2272 2654 ὲν
2299 2601 2459 2658 Σιών.
2505 2603 2716 2657 Ἐκείσε
2750 2604 2859 2674 γὰρ
2877 2605 3050 2658 οίκείν
3088 2603 3330 2671 ἐλέγετο,
3371 2600 3458 2654 διὰ
3489 2600 3548 2652 τὶ
3574 2601 3684 2667 opt-

2107 2693 2220 2746 λεῖν
2253 2696 2308 2747 ἐν
2341 2694 2418 2764 τῷ
2447 2695 2560 2765 ναῷ
2583 2697 2696 2758 τοῖς
2719 2696 2948 2766 ἱερεῦσι.

437 2783 572 2837 bitat
607 2783 657 2836 in
693 2783 847 2846 Sion.
884 2784 987 2838 hoc
1011 2794 1118 2849 est,
1151 2785 1205 2839 in
1236 2800 1298 2840 ea
1331 2787 1515 2852 domo,
1554 2801 1648 2840 seu
1690 2785 1746 2838 in
1777 2784 1997 2853 templo,
2040 2787 2187 2854 quod
2219 2795 2307 2843 est
2336 2789 2391 2842 in
2421 2787 2576 2844 Sion.
2649 2788 2768 2843 lllie
2833 2789 3038 2842 etenim
3090 2787 3350 2843 habitare
3402 2785 3684 2840 dicebatur

439 2875 582 2930 Dens
607 2911 623 2935 .
658 2889 723 2928 eo
784 2875 928 2945 quod
982 2875 1180 2929 ibidem
1228 2875 1606 2931 sacerdotibus
1675 2890 1997 2945 responsum
2037 2875 2222 2945 dabat,
2256 2891 2419 2949 atque
2453 2879 2520 2934 ad
2551 2896 2644 2936 eos
2684 2880 3033 2950 loquebatur.

510 2987 574 3040 Et
595 2985 767 3039 videas
793 2986 925 3038 bona
948 2985 1248 3043 Jerusalem
1269 2987 1506 3042 omnibus
1531 2987 1712 3042 diebus
1736 2989 1856 3043 vita:
1885 2996 2008 3042 tuae.

440 3078 586 3132 Bona
612 3079 830 3148 quidem
857 3077 1134 3133 inferioris
1151 3094 1214 3133 ac
1232 3080 1509 3135 terrestris
1529 3077 2008 3149 bujusJerusalem

2191 2993 2300 3047 Kal
2342 2992 2493 3059 ίδοις
2544 2995 2616 3047 τὰ
2646 2995 2835 3063 ἀγαθὰ
2887 2993 3276 3063 Ἰερουσαλὴμ
3336 2992 3538 3056 πάσας
3588 2993 3686 3057 τὰς

2121 3082 2345 3152 ἡμέρας
2382 3083 2493 3150 τῆς
2518 3082 2666 3150 ζὶοῆς
2697 3099 2834 3139 σου.
2881 3083 3086 3152 Ἀγαθὰ
3121 3084 3223 3153 τῆς
3261 3084 3362 3153 μὲν
3408 3083 3555 3136 κάτω
3591 3083 3684 3134 Ἱε-

439 3175 554 3226 lucc
585 3179 712 3226 sunt
739 3189 752 3225 :
785 3186 938 3240 opes,
974 3170 1179 3225 divitiae
1207 3213 1222 3238 ,
1259 3172 1498 3241 potentia
1519 3210 1536 3238 ,
1567 3172 1846 3228 exercitus
1873 3212 1887 3236 ,
1928 3174 2010 3224 vi-

2125 3173 2399 3246 ρουσαλὴμ
2434 3173 2659 3236 πλοῦτος
2701 3177 2758 3228 ὲν
2816 3176 3088 3246 χρήμασι,
3138 3175 3372 3244 δύναμις
3407 3175 3466 3226 ὲν
3528 3189 3683 3244 στρα-

439 3263 610 3317 ctoria
641 3263 707 3316 de
738 3261 995 3325 inimicis,
1026 3261 1199 3329 gloria
1232 3261 1375 3331 apud
1408 3275 1600 3317 omnes
1629 3303 1643 3327 ,
1681 3273 1846 3332 atque
1902 3261 2010 3314 alia

442 3354 752 3420 huiusmodi
789 3372 802 3407 :
841 3355 982 3408 bona
1013 3369 1144 3409 vero
1175 3369 1430 3424 supernae
1457 3369 1519 3408 ac
1569 3354 1810 3410 etelestis
1856 3353 2015 3409 Jeru-

441 3447 610 3501 salem
646 3462 710 3502 ea
764 3455 894 3501 sunt
923 3489 935 3512 ,
967 3462 1086 3516 quae
1111 3463 1202 3500 nec
1231 3446 1416 3502 oculus
1443 3447 1573 3502 vidit
1595 3489 1608 3514 ,
1660 3464 1824 3515 neque
1866 3451 2015 3501 auris

459 3539 683 3603 audivit,
717 3548 770 3592 et
795 3554 915 3608 qua:
941 3539 993 3592 in
1033 3554 1123 3592 cor
1151 3537 1378 3594 hominis
1404 3555 1508 3594 non
1559 3543 1906 3596 ascenderunt
1945 3541 2014 3595 ⁸³.

511 3650 677 3706 Vens.
714 3649 767 3705 6.
793 3647 860 3703 Et
886 3649 1060 3704 videas
1089 3649 1230 3718 ﬁlios
1271 3650 1509 3719 ﬁliorum
1562 3659 1796 3704 tuorum.
1851 3647 2015 3703 Juxta

443 3741 724 3798 historiam
766 3741 984 3811 quidem
1011 3740 1227 3812 generis
1281 3741 1358 3796 tui
1418 3756 1815 3806 successores;
1864 3738 2017 3807 juxta

442 3848 734 3904 auagogen,
756 3847 884 3888 vero
913 3847 1010 3903 per
1039 3832 1181 3888 ﬁlios
1222 3832 1480 3898 ﬁliorum,
1516 3832 1762 3897 lneredes
1789 3847 1851 3886 ac
1888 3845 2017 3886 suco

441 3942 690 3983 cessores
722 3926 778 3981 in
810 3925 1075 3996 religione
1127 3938 1192 3979 ac
1250 3926 1451 3994 pietate
1501 3925 1757 3993 intelligit
1790 3942 1804 3981 :
1842 3934 1894 3979 te
1934 3924 2018 3978 ni-

444 4019 640 4072 mirum
673 4030 768 4072 eos
798 4018 1051 4078 docente.
1087 4025 1140 4072 et
1176 4016 1541 4086 spiritualiter
1592 4025 1874 4086 regnante.

513 4129 634 4183 Pax
668 4143 824 4194 super
875 4127 1067 4183 Israel.
1125 4127 1450 4199 Hujusmodi
1483 4130 1644 4184 etiam
1693 4130 1859 4185 verba
1920 4130 2016 4182 ba-

443 4222 663 4275 buimtts
694 4218 748 4272 in
787 4217 1000 4288 psalmo
1037 4232 1219 4272 cxxw.
1254 4216 1358 4272 Per
1409 4217 1663 4272 lsraelem
1705 4231 1834 4272 vero
1860 4256 1874 4278 ,
1908 4231 2017 4269 nou

444 4313 618 4367 solum
647 4311 932 4381 antiquum
971 4310 1255 4381 populum.
1285 4310 1378 4364 sed
1411 4324 1610 4364 novum
1651 4308 1812 4363 etiam
1853 4307 2017 4361 intel-

444 4407 683 4476 ligimus,
715 4411 771 4456 ut
802 4402 930 4457 alibi
959 4417 1102 4473 saepe
1134 4402 1343 4455 dictum
1381 4409 1490 4456 est.
1522 4399 1679 4466 Quod
1726 4401 1770 4455 si
1804 4413 1905 4468 pax
1937 4399 2020 4450 in-

2118 3267 2375 3338 τεύμασι,
2411 3269 2533 3338 νίκη
2558 3269 2678 3321 κατ’
2706 3268 2936 3339 ἐχθρῶν,
2968 3268 3094 3332 δόξα
3125 3270 3274 3337 παρᾶ
3327 3269 3488 3330 πᾶσι,
3519 3267 3682 3320 καὶτὰ

2116 3359 2361 3413 τοιαῦτα·
2387 3363 2500 3423 τοῖς
2531 3360 2588 3412 δὲ
2621 3361 2752 3425 ἅνω,
2779 3359 2816 3414 ἁ
2844 3361 2981 3414 οὔτε
3017 3358 3324 3429 ὀφθαλμὸς
3351 3356 3532 3419 εἶδεν,
3558 3359 3681 3413 οὔτε

2117 3451 2226 3518 οὖς
2262 3451 2552 3520 ἤκουσεν,
2581 3452 2719 3506 οὔτε
2747 3451 2846 3505 ἐπὶ
2878 3453 3128 3520 καρδίαν
3147 3452 3468 3520 ἀνθρώπου
3487 3451 3678 3516 ἀνέϐη.

2190 3659 2298 3715 Καὶ
2335 3659 2484 3725 ἴδοις
2539 3657 2710 3725 υἱοὺς
2737 3656 2854 3712 τῶν
2883 3656 3028 3712 υἱῶν
3065 3672 3204 3712 σου.
3260 3654 3545 3722 Δίσθητῶς
3601 3655 3683 3722 μὲν

2118 3751 2394 3821 διαδόχους
2442 3748 2632 3818 γένους
2668 3765 2760 3802 σου
2829 3764 2843 3779 ·
2896 3747 3254 3818 ἀναγωγικῶς
3311 3745 3371 3800 δὲ
3425 3744 3680 3815 διαδόχους

2120 3843 2404 3906 εὐσεϐείας
2435 3856 2449 3872 ⁸
2477 3840 2702 3905 τούτους
2722 3841 2931 3894 ἐκείνου
2965 3839 3310 3899 διδάσκοντος
3333 3837 3432 3892 καὶ
3455 3852 3678 3904 πνευμα-

2119 3932 2286 3996 τικῶς
2315 3933 2742 4002 ἀναγεννῶντος.

2193 4132 2418 4201 Εἰρήνη
2457 4133 2552 4187 ἐπὶ
2587 4132 2695 4188 τὸν
2724 4132 2994 4201 Ἰσραήλ.
3024 4132 3196 4186 Τοῦτο
3243 4127 3367 4183 εἷπε
3412 4128 3510 4184 καὶ
3537 4130 3592 4182 ὲν
3615 4127 3683 4198 τῷ

2119 4224 2264 4278 τέλει
2309 4225 2406 4279 τοῦ
2439 4223 2547 4296 ρκδ¹
2577 4223 2819 4294 ψαλμοῦ.
2863 4222 3082 4294 Ἰσραὴλ
3117 4223 3172 4276 δὲ
3204 4222 3267 4275 οὐ
3302 4220 3472 4290 μόνον
3503 4222 3533 4274 ὁ
3592 4236 3685 4270 παρ

2120 4316 2271 4380 λαιδς
2303 4317 2448 4380 λαὸς.
2479 4316 2615 4370 ἀλλᾶ
2643 4317 2735 4368 καὶ
2774 4317 2802 4369 ὁ
2829 4315 2969 4380 νέος,
3031 4315 3106 4377 ὡς
3154 4314 3432 4384 διαςόρως
3481 4313 3688 4383 εἰρήκαμ-

2127 4424 2249 4478 μεν.
2282 4407 2346 4460 El
2386 4407 2444 4460 δὲ
2471 4407 2698 4478 διεκόπη
2728 4408 2796 4462 τὰ
2829 4407 2928 4476 τῆς
2955 4406 3200 4475 εἰρήνης,
3227 4404 3365 4458 ἀλλὰ
3407 4404 3558 4475 παρὰ
3601 4403 3686 4470 τὴν

445 4498 645 4554 tercisa
675 4505 760 4552 est
787 4493 1126 4564 aliquando,
1184 4493 1239 4549 id
1281 4493 1496 4548 illorum
1545 4491 1720 4563 gratia
1765 4491 2011 4546 eﬂ‘cctum

2125 4499 2304 4553 αἰτίαν
2329 4498 2436 4552 τῶν
2469 4499 2744 4568 φανέντων
2775 4496 3013 4564 ἀναξίων
3040 4495 3213 4566 αὐτῆς
3248 4512 3262 4528 ο
3299 4497 3395 4549 καὶ
3420 4495 3529 4565 γὰρ
3581 4491 3689 4546 οὔτι

443 4595 572 4652 est,
620 4585 715 4656 qui
748 4600 808 4640 se
860 4584 1117 4652 indignos
1176 4583 1572 4654 praestiterunt.
1624 4580 1814 4651 Neque
1866 4581 2013 4636 enim

442 4679 815 4734 comminante
852 4675 962 4730 Deo
1018 4675 1418 4746 desperandum
1451 4675 1613 4728 nobis
1646 4682 1766 4738 est,
1796 4674 1886 4728 sed
1926 4689 2024 4744 per

445 4769 825 4841 paenitentiam
857 4767 1251 4833 conﬁtendum,
1299 4774 1357 4820 ιιι
1403 4765 1547 4821 illius
1590 4779 1620 4818 a
1672 4764 1826 4820 nobis
1885 4763 2019 4818 iram

444 4870 760 4918 avertamus
787 4902 802 4927 ,
855 4861 1016 4914 sicuti
1053 4857 1298 4915 fecerunt
1335 4855 1590 4912 Ninivitaa
1623 4873 1637 4910 :
1674 4872 1775 4911 nec
1826 4871 2020 4910 rursus

446 4961 636 5016 eodem
667 4958 778 5015 Deo
826 4959 971 5014 bona
1020 4957 1348 5028 pollicente,
1395 4955 1554 5010 nobis
1598 4953 2020 5023 pigrescendum

445 5061 532 5108 est
563 5069 579 5107 :
609 5051 860 5122 quiuimo
891 5049 1088 5120 majori
1121 5057 1250 5103 tunc
1278 5046 1459 5102 studio
1496 5045 1656 5101 nobis
1681 5054 1765 5100 est
1804 5052 2025 5099 conten-

445 5142 706 5208 dendum,
743 5149 801 5195 ut
833 5139 1230 5213 promissiones
1265 5138 1414 5191 illius
1441 5135 1510 5190 ad
1550 5135 1712 5189 linem
1754 5136 2022 5205 perduca-

447 5250 590 5290 mus.
629 5232 913 5303 Siquidem
947 5238 1001 5288 et
1030 5229 1184 5285 ludas
1218 5228 1504 5283 Dominum
1548 5225 1872 5298 promisisse
1922 5240 2017 5278 no-

445 5324 627 5382 vimus
656 5327 802 5396 quod
843 5326 1006 5381 simul
1041 5339 1166 5379 cum
1195 5322 1318 5376 aliis
1349 5319 1613 5390 apostolis
1653 5334 2021 5375 consessurus

449 5427 595 5476 esset
616 5436 780 5492 super
803 5421 1085 5483 thronum,
1107 5423 1160 5471 et
1175 5415 1525 5484 iudicaturus
1537 5412 1824 5468 duodecim
1845 5413 2022 5469 tribus

2124 4589 2475 4653 ἀπειλοῦντος
2517 4588 2612 4643 τοῦ
2637 4587 2770 4642 Θεοῦ
2815 4587 2922 4659 χρὴ
2949 4585 3374 4655 ἀπογινώσκειν,
3437 4583 3574 4636 ἀλλὰ
3616 4583 3691 4636 διὰ

2136 4685 2427 4753 μετάνοιαν
2470 4684 2570 4751 τὴν
2631 4681 2806 4752 ὀργὴν
2861 4680 3288 4750 ἀποκρούεσθαι,
3353 4677 3607 4745 καθάπερ
3650 4674 3687 4726 td

2132 4773 2454 4828 Νινευῗται·
2483 4772 2606 4827 οὔτε
2660 4772 2842 4842 ἀγαθὰ
2903 4769 3376 4839 ἐπαγγελλομένου
3437 4767 3688 4836 προσήκει

2131 4862 2483 4926 ἀναπίπτειν,
2528 4863 2622 4915 καὶ
2661 4861 2948 4934 ῥᾳθυμεῖν,
3004 4861 3138 4913 ἀλλὰ
3184 4859 3369 4912 πλεῖον
3420 4854 3690 4926 ἐπιμελείᾳ

2134 4952 2248 5025 βίου
2307 4954 2386 5018 είς
2415 4952 2574 5025 ἔργον
2628 4952 3146 5025 προκαλείσθαιτας
3177 4949 3540 5017 ἐπαγγελίας.
3593 4948 3690 4999 Καὶ

2133 5044 2242 5116 γὰρ
2297 5045 2392 5098 καὶ
2447 5045 2537 5098 τὸν
2602 5044 2804 5097 Ἰούδαν
2833 5045 2861 5097 ὁ
2899 5042 3134 5111 Χριστὸς
3183 5038 3574 5109 ἐπηγγείλατο,
3619 5037 3690 5088 ὅτι

2131 5139 2401 5194 καθιεῖται
2431 5141 2522 5192 ἐπὶ
2548 5138 2761 5208 θρόνου,
2796 5138 2890 5189 καὶ
2919 5135 3083 5198 αὐτὸς
3115 5133 3256 5203 μετὰ
3304 5132 3415 5185 τῶν
3461 5129 3690 5199 ἀμώμων

2135 5231 2390 5301 μαθητῶν
2437 5231 2531 5284 καὶ
2557 5231 2734 5298 κρινεῖ
2766 5228 2862 5292 τὰς
2889 5227 3096 5280 δώδεκα
3124 5226 3297 5296 φυλὰς
3319 5223 3412 5278 τοῦ
3453 5221 3685 5291 Ἰσραήλ·
3725 5215 3727 5218 ⁴

2130 5323 2244 5377 ἀλλ’
2267 5325 2424 5386 αὐτὸς
2454 5325 2808 5396 διεκρούσατο
2852 5324 2950 5394 τὴν
2977 5319 3307 5390 ἐπαγγελίαν
3359 5317 3578 5380 ἀνάξιον
3597 5315 3688 5368 αύ-

2133 5415 2232 5484 τῆς
2253 5415 2447 5468 ἑαυτὸν
2475 5415 2913 5486 παρασχόμενος.

446 5509 614 5569 lsrael
647 5531 662 5569 :
694 5523 1066 5570 verumtamen
1096 5510 1512 5582 promissionem
1545 5507 1861 5580 hujusmodi
1931 5506 2142 5563 tandem
2211 5511 2428 5580 repulit,
2460 5518 2514 5567 et
2539 5526 2598 5568 se
2649 5526 2711 5567 ea
2763 5511 3044 5584 indignum
3084 5525 3208 5567 esse
3253 5508 3506 5564 omnibus
3569 5516 3687 5573 pro-

449 5609 620 5665 bavit.

524 5787 568 5819 "
594 5784 781 5840 Matth.
810 5795 884 5848 vt,
919 5781 1004 5837 53.
1086 5781 1266 5837 “15a.
1295 5796 1436 5847 utv,
1465 5779 1530 5848 4;
1584 5777 1602 5832 l
1634 5780 1762 5836 Cor.
1795 5795 1853 5852 ιι,
1889 5780 1941 5835 9.
