3964 6560
215 396 361 462 Ῑῖϐθ

821 510 963 584 ’ῼδὴ
992 511 1229 581 ὁμοίως.

751 602 1049 658 ΨΑΛΜΟΣ
1094 602 1278 659 PKH'.

280 692 630 760 Πλεονάκις
658 691 1058 762 ἐπολέμησόν
1080 710 1161 762 με
1190 694 1259 748 ἐκ
1319 694 1606 761 νεότητός
1662 712 1803 763 μου.

210 787 511 857 Προσώπῳ
545 787 642 841 τοῦ
678 786 814 841 λαοῦ
849 789 944 840 καὶ
974 786 1172 851 ταῦτα,
1232 787 1500 850 πολλάκις
1556 786 1801 856 πολεμη-

210 878 409 941 Οέντος
441 879 597 948 παρά
626 878 737 931 τῶν
773 877 1172 949 πλησιοχώρων
1238 878 1432 940 ἐθνῶν,
1483 879 1558 943 ὡς
1614 878 1806 948 προείο

211 987 407 1039 ρηται,
443 969 764 1023 κωλυόντων
808 971 909 1038 τὴν
942 971 1261 1040 οἰκοδομήν.
1289 969 1540 1039 Νεότητα
1568 968 1623 1022 δὲ
1656 968 1803 1036 λέγει

209 1061 313 1130 τὴν
378 1061 559 1130 ἀρχὴν
610 1062 714 1130 τῆς
767 1061 875 1114 ἀπὸ
925 1061 1251 1123 Βαϐυλῶνος
1298 1058 1604 1112 ἐπανόδου·
1638 1059 1687 1110 ει
1745 1056 1803 1110 δὲ

208 1152 348 1220 περὶ
398 1151 495 1205 τοῦ
547 1151 657 1204 τῶν
704 1151 980 1219 δαιμόνων
1026 1149 1267 1218 πολέμου
1300 1147 1476 1219 λάϐῃς
1503 1145 1564 1200 τδ
1613 1145 1798 1216 ῥητὸν.

203 1244 451 1314 νεότητα
476 1243 692 1314 νοήσεις
724 1242 822 1312 τὴν
855 1242 979 1295 καθ’
1015 1242 1239 1312 ἠλικίαν
1265 1256 1279 1270 ·
1326 1239 1490 1304 εὐθὺς
1544 1240 1609 1292 ὲκ
1649 1236 1802 1307 πρώ-

203 1354 309 1399 της
346 1337 571 1406 ἡλικίας
603 1335 947 1405 ἐπιθεμένων
972 1335 1127 1403 ἡμῖν.

1434 394 1829 455 COMMENT.
1867 393 1944 455 IN
1984 392 2345 455 PSALMOS.

1846 517 1894 570 Α

3363 383 3504 449 1210

2387 504 2668 561 Canticum
2715 519 3049 559 ascensuum.

2379 598 2703 655 PSALMUS
2740 595 3030 654 CXXVIII.

1985 692 2153 748 Vens.
2194 693 2245 758 Ι,
2277 691 2332 746 Ξ.
2376 690 2521 756 Saepe
2563 699 2994 761 oppugnaverunt
3039 703 3119 743 me
3158 705 3192 743 a
3229 687 3506 758 jurentute

1913 805 2051 843 mea.
2100 787 2225 844 Hmc
2279 789 2444 844 verba
2490 789 2654 843 etiam
2704 804 2769 841 ex
2829 786 3011 857 populi
3060 801 3292 855 persona
3349 787 3497 841 dicta

1910 887 2060 942 sunt,
2095 879 2183 933 cui
2226 893 2622 948 saepenumero,
2649 885 2707 932 ut
2738 877 3002 942 diximus,
3039 878 3247 931 bellum
3285 876 3496 933 illatum

1910 976 1994 1022 est
2018 983 2045 1021 a
2072 969 2320 1025 linitimis
2352 971 2457 1025 illis
2485 971 2761 1040 gentibus,
2794 985 2915 1039 quae
2958 981 3011 1024 et
3043 969 3226 1039 templi
3279 979 3332 1023 et
3366 971 3501 1024 civi-

1912 1060 2043 1115 tatis
2075 1061 2531 1117 instaurationem
2577 1061 2843 1130 impedire
2889 1063 3221 1116 nitebantur.
3278 1059 3379 1115 Per
3405 1060 3497 1129 ju-

1908 1161 2190 1208 ventutcm
2261 1169 2433 1218 vero,
2477 1156 2581 1210 hoc
2636 1155 2688 1208 in
2746 1155 2868 1209 loco
2915 1153 3186 1225 Propheta
3256 1155 3493 1223 primum

1911 1241 2045 1296 illud
2078 1255 2294 1315 tempus
2326 1246 2602 1321 intelligit,
2636 1262 2746 1316 quo
2778 1245 3010 1315 populus
3050 1261 3080 1300 e
3138 1245 3408 1315 Babylone
3443 1245 3493 1297 in

1913 1335 2141 1402 patriam
2173 1352 2428 1393 reversus
2467 1346 2571 1392 est.
2600 1336 2757 1404 Quod
2789 1338 2836 1392 si
2869 1338 2983 1391 haec
3010 1336 3172 1391 verba
3200 1337 3268 1390 de
3296 1336 3499 1389 damiu‘

203 1443 342 1481 num
382 1427 797 1497 impugnatione
827 1425 1179 1496 intelligenda
1206 1440 1330 1481 esse
1364 1422 1517 1480 dicas
1538 1464 1554 1489 ,
1579 1437 1677 1495 per
1702 1421 2047 1492 iuventutem
2076 1443 2318 1496 expones
2345 1431 2576 1485 orimam
2643 1436 2860 1485 aetatem
2889 1447 2905 1497 ;
2966 1429 3022 1484 in
3091 1443 3155 1484 ea
3218 1428 3422 1484 etenim
3464 1441 3493 1480 a

201 1522 562 1575 daemonibus
592 1519 775 1574 statim
819 1518 979 1574 nobis
1010 1517 1209 1573 bellum
1257 1518 1513 1573 infertur.

268 1616 521 1669 εἰπάτω
548 1615 624 1682 δὴ
652 1613 888 1684 Ἰσραήλ
913 1632 929 1649 ο
959 1613 1262 1680 Πολλάκις
1293 1612 1685 1682 ἐπολέμησάν
1721 1625 1799 1679 με

1987 1608 2144 1664 Dicat
2199 1625 2328 1665 sane
2360 1608 2555 1674 Israel,
2598 1609 2749 1679 Swpe
2783 1616 3212 1678 oppugnaverunt
3233 1623 3313 1661 me
3349 1624 3380 1660 a
3397 1606 3496 1674 ju-

201 1711 271 1763 ἐκ
330 1711 627 1777 νεότητός
676 1726 821 1778 μου.
891 1706 1116 1761 Εἰπάτω
1172 1707 1236 1777 δὴ
1267 1705 1430 1759 τοῦτο
1471 1701 1791 1776 διαρρήδην.

1920 1710 2116 1755 υεηιιιιε
2155 1718 2293 1756 mea.
2323 1701 2523 1770 Aperte
2552 1700 2653 1755 hoc
2683 1712 2735 1755 et
2761 1702 2935 1769 palam
2963 1700 3130 1765 dicat,
3158 1710 3215 1753 ut
3235 1698 3496 1753 omnibus

200 1802 366 1863 ὅπως
424 1800 596 1867 γνῶσι
646 1799 849 1863 πάντες
906 1798 1002 1868 ἀφ’
1040 1797 1170 1851 οἴων
1215 1795 1481 1851 κινδύνων
1529 1792 1802 1865 ἐρρύσατο

208 1892 368 1962 ἡμᾶς
396 1893 426 1944 ὁ
459 1890 614 1954 Θεός.

278 1981 400 2035 Καὶ
434 1982 545 2049 γὰρ
572 1982 685 2035 οὐκ
722 1976 1125 2048 ἠδυνήθησάν
1144 1994 1266 2047 μοι.
1315 1975 1428 2030 Οὐκ
1457 1972 1804 2044 ἠδυνήθησαν

202 2075 262 2127 ἓν
300 2074 437 2144 ἐμοί
460 2090 472 2104 ο
507 2074 568 2126 οὗ
610 2071 951 2143 κατίσχυσάν
985 2087 1089 2141 μου
1120 2068 1334 2132 τέλεον,
1364 2066 1524 2120 τοῦτο
1542 2063 1639 2119 τοῦ
1665 2063 1801 2118 Θεοῦ

203 2167 283 2233 μὴ
312 2162 754 2233 συγχωροῦντος.
785 2161 880 2215 Διὸ
912 2162 1005 2215 καὶ
1055 2159 1447 2229 συνεχέστερον
1501 2156 1803 2226 ἐπολέμουν

204 2275 301 2327 με,
329 2255 589 2328 ἐκτρῖψαι
646 2273 716 2326 με
742 2252 1199 2325 φιλονεικοῦντες.

288 2427 427 2484 Ἐπὶ
465 2428 572 2481 τὸν
596 2424 788 2481 νῶτόν
815 2443 936 2496 μου
993 2423 1338 2479 ἐτέκταινον
1363 2425 1417 2476 οι
1441 2421 1798 2491 ἁμαρτωλοί.

200 2520 339 2572 Ἰζπὶ
370 2520 463 2573 τὸν
493 2518 661 2572 νῶτόν
694 2535 795 2586 μου
828 2514 1236 2578 κατεσκεύαζον
1256 2517 1324 2569 τὰ
1359 2514 1507 2568 κακὰ
1563 2514 1614 2566 οι
1667 2514 1794 2567 ἀσε-

204 2614 351 2675 ίέἶς,
384 2613 436 2665 οἱ
494 2610 720 2681 πονηροί
754 2627 768 2642 ·
804 2611 1111 2672 τουτέστιν.
1141 2608 1204 2661 οὐ
1262 2607 1422 2677 μόνον
1481 2602 1796 2675 ἔμπροσθέν

205 2721 342 2772 μου,
404 2703 541 2755 ἀλλὰ
576 2703 671 2755 καὶ
708 2702 953 2766 ὄπισθεν,
1002 2701 1062 2754 οὺ
1126 2701 1287 2768 μόνον
1340 2697 1612 2768 φανερῶς,
1659 2694 1797 2748 ἀλλὰ

205 2794 305 2842 καὶ
338 2790 564 2858 ἀφανῶς
613 2790 999 2860 μηχανώμενοι
1033 2808 1046 2821 ο
1079 2789 1112 2860 ἢ
1152 2788 1429 2858 σύνεγγύς
1469 2804 1591 2858 μου,
1638 2785 1670 2858 ἢ
1701 2785 1799 2839 καὶ

203 2883 397 2936 αὐτῶν
439 2881 736 2952 ἁπτόμενοι
764 2882 872 2936 τῶν
900 2879 1121 2952 σαρκῶν
1157 2899 1284 2951 μου.

1911 1793 2243 1860 innotescat,
2283 1808 2313 1847 a
2349 1793 2576 1864 quantis
2617 1807 2717 1847 nos
2752 1791 2895 1848 Deus
2928 1792 3182 1848 liberavit
3209 1791 3493 1847 periculis.

1986 1970 2195 2025 Etenim
2235 1986 2341 2023 non
2375 1978 2657 2039 potuerunt
2692 1970 2842 2026 mihi.
2896 1969 2949 2023 In
2991 1984 3079 2025 me
3131 1969 3339 2039 aliquid
3382 1985 3491 2024 non

1911 2067 2344 2133 potnerunt,seu
2372 2072 2479 2111 non
2505 2072 2731 2126 prorsus
2764 2057 3162 2127 prtevalucrunt
3193 2057 3486 2112 adversum

1913 2165 2023 2216 me,
2065 2150 2179 2203 Deo
2200 2147 2406 2202 scilicet
2441 2148 2575 2202 illud
2608 2164 2715 2202 non
2749 2148 3121 2216 permittente.
3150 2146 3331 2217 Atque
3362 2147 3488 2201 ideo

1910 2237 2251 2308 frequentius
2287 2252 2371 2290 me
2409 2236 2800 2307 impugnabant
2830 2235 3231 2290 contendentes
3261 2237 3487 2292 subver-

1910 2338 2043 2384 tere.

1980 2420 2148 2475 Vens.
2184 2422 2235 2474 5.
2273 2418 2446 2488 Supra
2473 2421 2691 2472 dorsum
2723 2434 2894 2472 meum
2936 2418 3332 2486 fabricaverunt
3363 2433 3485 2487 pec-

1903 2523 2133 2569 catores.
2175 2512 2357 2580 lmpii,
2412 2513 2631 2581 inquit,
2681 2525 2746 2564 ac
2797 2512 2948 2579 pravi
3002 2510 3251 2563 homines
3317 2511 3485 2566 multa

1903 2606 2040 2661 mala
2076 2604 2370 2660 machinati
2405 2613 2529 2659 sunt
2564 2618 2729 2673 supra
2763 2604 2987 2657 dorsum
3009 2617 3211 2665 meum,
3243 2601 3348 2655 hoc
3372 2610 3481 2665 est,

1909 2715 2016 2754 non
2041 2710 2248 2753 tantum
2278 2712 2462 2752 coram
2499 2711 2603 2758 me,
2645 2704 2807 2765 atque
2839 2696 2892 2749 in
2916 2702 3209 2765 conspectu
3239 2710 3360 2749 meo
3397 2680 3494 2749 au‘

1908 2790 2108 2860 palam,
2136 2790 2230 2843 sed
2261 2799 2409 2843 retro
2431 2787 2595 2841 etiam
2621 2796 2674 2841 et
2695 2786 2858 2847 clam,
2895 2803 2958 2842 ac
2983 2787 3217 2840 latenter
3245 2787 3482 2856 plurima

1910 2884 1963 2937 in
1999 2897 2085 2936 me
2125 2880 2296 2934 moliti
2332 2889 2459 2934 snnt
2498 2880 2621 2933 :vel
2664 2880 2797 2933 mihi
2837 2880 3338 2950 appropinquantes
3363 2894 3490 2934 cor-

1909 2976 2022 3043 pori
2054 2986 2173 3027 meo
2199 2980 2254 3025 et
2283 2972 2545 3026 carnibus
2571 2971 2710 3025 meis
2743 2971 2906 3025 etiam
2946 2986 3052 3024 non
3094 2979 3405 3039 parcentes.

293 3055 682 3124 Ἔμὰκρυναν
709 3053 825 3121 τὴν
851 3055 1111 3124 ἀνομίαν
1137 3054 1357 3109 αὐτῶν.
1402 3054 1527 3108 Ἐπὶ
1589 3054 1796 3126 αακρδν

1980 3064 2432 3133 Prolongarerunt
2463 3064 2795 3132 iniquitatem
2827 3078 3018 3116 suam.
3073 3062 3208 3116 Dum
3251 3064 3342 3117 diu
3384 3062 3488 3117 scio

204 3148 408 3218 χρόνον
440 3146 566 3198 πολε
578 3146 804 3216 μοῦντές
838 3164 948 3213 μοι.

284 3241 505 3307 Κύριος
553 3238 803 3305 δίκαιος.
864 3240 1076 3301 Ὄντως
1125 3239 1355 3302 δίκαιος,
1406 3239 1507 3310 ἐμὲ
1556 3232 1657 3307 μὲν
1694 3241 1798 3294 πά-

208 3349 370 3400 σχειν
420 3330 793 3401 παραχωρῶν,
857 3330 944 3384 ἵνα
1016 3331 1462 3403 σωφρονέστερος
1528 3334 1795 3404 γένωμαι,

206 3422 463 3486 ἐκείνους
491 3421 549 3475 δὲ
571 3421 840 3487 κολάζων,
872 3422 949 3486 ὡς
998 3422 1200 3487 ἀδίκως
1246 3423 1631 3493 ἐπιθεμένους,
1662 3432 1667 3436 ’
1700 3426 1802 3478 καὶ

213 3513 525 3584 φθονερῶς.

288 3606 651 3675 Συνέκοψεν
697 3606 959 3676 αὐχένας
994 3607 1383 3679 ἁμαρτωλῶν.
1441 3608 1670 3677 Διέκοψε
1701 3606 1803 3679 τὴν

210 3698 559 3769 ὑψαυχενίαν
597 3699 708 3752 τῶν
740 3699 1041 3768 πολεμίων,
1078 3700 1268 3770 ἀφεῖλε
1290 3699 1390 3771 τὴν
1442 3700 1676 3771 ἔπαρσιν
1706 3700 1796 3754 αὐ·

210 3791 348 3854 τῶν,
395 3791 899 3861 ἐπικρατεστέρους
930 3794 1079 3863 ἡμᾶς
1112 3794 1372 3863 ποιήσας.

276 3880 824 3949 Αἰσκυνθιὶτωσιιν,
850 3881 947 3935 καὶ
978 3880 1549 3951 ἀποστραφήτωσαν
1577 3882 1801 3950 πάντες

207 3978 266 4030 oi
292 3972 625 4042 μισοῦντες
652 3975 825 4029 Σιών.
852 3975 921 4026 Ἢ
946 3975 1235 4041 εὐκτικῶς,
1271 3974 1393 4028 ἀντὶ
1419 3975 1511 4027 τοῦ
1535 3978 1799 4043 Αισχυν-

208 4067 499 4132 θείησαν,
532 4065 567 4137 ἦ
592 4067 950 4136 προφητικῶς
981 4068 1104 4121 ἀντὶ
1136 4066 1231 4121 τοῦ
1245 4067 1794 4136 Αἰσχυνθήσονται,

209 4145 308 4207 καὶ
334 4155 401 4207 τὰ
441 4154 567 4224 ἑξῆς
598 4156 820 4224 ὁμοίως.
853 4156 1179 4226 ’Λρμὸξουσι
1230 4158 1287 4213 δὲ
1340 4161 1408 4212 τὰ
1459 4157 1553 4211 τοῦ
1578 4158 1797 4228 ψαλμοῦ

208 4246 456 4300 νοεῖσθαι
489 4248 584 4301 καὶ
616 4248 869 4318 λέγεσθαι
899 4250 996 4303 καὶ
1036 4250 1165 4321 περὶ
1210 4252 1309 4325 τῆς
1355 4252 1481 4316 νέας
1511 4250 1651 4305 Σιὼν
1695 4255 1798 4322 τῆς

208 4336 551 4406 Ἐκκλησῑας
580 4337 690 4391 τῶν
717 4339 950 4393 πιστῶν.

1909 3158 2038 3211 licet
2067 3173 2151 3209 me
2193 3158 2534 3227 impngnant.

1981 3248 2145 3302 Vens.
2179 3248 2230 3300 4.
2273 3245 2527 3299 Dominus
2550 3244 2754 3315 justus.
2789 3245 2929 3300 Vere
2982 3246 3164 3314 justus
3207 3252 3290 3300 est
3323 3283 3339 3307 ,
3400 3260 3488 3300 me

1905 3339 2127 3408 quidem
2165 3337 2273 3407 pati
2312 3338 2666 3406 permittens,
2701 3347 2757 3391 ut
2796 3337 3129 3391 moderatior
3164 3336 3285 3391 llam
3315 3375 3329 3397 ,
3363 3336 3486 3391 illos

1905 3444 2034 3483 vero
2077 3428 2283 3497 injuste
2317 3427 2370 3480 in
2433 3442 2519 3483 me
2565 3428 2843 3485 irruentes
2871 3469 2886 3495 ,
2948 3436 3212 3499 tanquam
3268 3427 3486 3484 imidos

1905 3522 2201 3588 Castigans.

1973 3611 2216 3666 Concidit
2248 3612 2470 3667 cervices
2499 3623 2858 3681 peccatorum.
2882 3613 3063 3668 Elatas
3088 3612 3328 3668 hostium
3361 3627 3486 3668 cer—

1904 3703 2072 3768 vices,
2109 3704 2211 3759 hoc
2251 3713 2357 3766 est,
2392 3708 2769 3773 arrogantiam
2807 3713 2862 3759 ct
2905 3705 3223 3776 superbiam
3268 3705 3481 3760 illorum

1902 3795 2145 3857 abstulit,
2182 3796 2311 3850 dum
2344 3796 2453 3851 illis
2493 3813 2593 3851 nos
2626 3797 2940 3865 superiores
2972 3798 3123 3851 facit.

1977 3885 2142 3942 Vens.
2172 3885 2225 3942 5.
2263 3887 2671 3955 Confundautur
2703 3900 2750 3943 et
2778 3900 3151 3945 convertantur
3169 3900 3479 3957 retmrsum,

1902 3996 2077 4034 omnes
2102 3981 2191 4043 qui
2223 3982 2442 4034 oderunt
2480 3980 2630 4036 Sion.
2662 3981 2916 4051 Optantis
2949 3992 3079 4037 sunt
3113 3984 3273 4037 verba
3317 3993 3484 4052 (tam-

1900 4073 2030 4133 etsi,
2068 4080 2129 4126 ut
2160 4087 2223 4125 ex
2257 4070 2445 4126 Graeca
2480 4073 2714 4126 lectione
2758 4074 3046 4129 manifeste
3096 4075 3437 4144 dignoscitur
3466 4116 3481 4140 ,

1902 4160 2225 4230 imperantis
2258 4163 2483 4216 modum
2517 4163 2753 4216 habeant
2780 4161 2823 4231 ).
2859 4164 2955 4218 Vel
2983 4166 3303 4235 prophetico
3335 4178 3487 4218 more

1901 4254 2223 4322 imperativo
2248 4254 2410 4308 modo
2436 4268 2572 4309 usus
2602 4263 2708 4319 est,
2732 4269 2833 4323 pro
2851 4256 3058 4320 futuro,
3081 4269 3143 4307 ac
3165 4258 3209 4309 si
3231 4255 3439 4308 diceret
3464 4271 3482 4308 :

1899 4343 2322 4399 Cunfundentur
2354 4352 2410 4398 et
2438 4353 2851 4409 convertentur,
2887 4360 3051 4414 quam
3114 4347 3371 4415 loquendi
3423 4346 3486 4400 Ii-

206 4447 405 4503 guram
444 4433 498 4487 in
534 4436 891 4504 sequentibus
913 4437 1080 4492 etiam
1111 4436 1452 4494 observabis.
1487 4437 1789 4495 Possumus
1827 4437 1992 4493 etiam
2034 4438 2182 4495 hunc
2207 4438 2479 4496 psalmum
2514 4440 2583 4495 de
2612 4455 2753 4496 nova
2822 4441 2955 4497 Sion
2986 4480 3002 4507 ,
3069 4451 3123 4497 et
3173 4444 3243 4498 de
3296 4443 3483 4500 futura

207 4524 458 4579 ﬁdelium
489 4524 730 4581 Ecclesia
762 4528 1088 4600 intelligere.

280 4615 742 4684 Γενηθήτωσαν
793 4618 936 4673 ὡσεὶ
970 4620 1186 4689 χόρτος
1235 4620 1539 4690 δωμάτων.
1593 4620 1686 4693 Μὴ
1730 4619 1797 4684 ὡς

1980 4613 2152 4669 Vens.
2182 4615 2235 4670 6.
2268 4614 2431 4669 Fiant
2463 4618 2597 4671 sicut
2624 4617 2784 4672 herba
2811 4627 3088 4674 tectorum.
3117 4617 3235 4672 Non
3272 4620 3486 4691 simpli-

212 4707 416 4776 κέρτοέ
456 4705 666 4771 ἀπλῶς,
694 4707 812 4760 ἀλλ’
843 4709 920 4772 ὡς
965 4710 1160 4781 χόρτος
1209 4712 1302 4765 ἐπὶ
1351 4711 1622 4781 δωμάτων
1674 4710 1797 4780 φυό‹

1920 4706 2038 4759 riter
2061 4707 2231 4770 dixit,
2257 4705 2407 4762 Sicut
2430 4708 2615 4771 herba;
2640 4710 2731 4764 sed
2752 4748 2769 4772 ,
2802 4710 2956 4765 Sicut
2988 4711 3156 4766 herba
3182 4727 3303 4776 qum
3320 4728 3486 4782 supra

214 4814 386 4866 μενος
411 4815 426 4829 ο
454 4798 929 4871 εὐμαραντότερος
986 4795 1314 4879 γὰρ-οὗτος,
1361 4802 1458 4858 καὶ
1490 4803 1630 4873 ταχὺ
1684 4802 1803 4856 διαο

211 4890 603 4960 φθειρόμενος.
641 4891 678 4944 Γ
683 4893 1041 4964 ενηθήτωσαν
1097 4896 1539 4961 εὐκατάπτωτοι,
1585 4894 1803 4964 ὠκύμο-

208 4997 322 5049 ροι,
358 4980 621 5050 ἄκαρποι.
672 4977 805 5037 Εἶτα
844 4984 1163 5053 ἐνδιατρίϐει
1210 4991 1275 5056 τῇ
1309 4984 1476 5038 εἰκόνι
1504 4983 1599 5038 τοῦ
1622 4984 1800 5038 τοιού-

205 5089 306 5125 του
343 5072 564 5143 χόρτου,
591 5074 929 5144 καταλέγων,
972 5078 1072 5130 ὅσα
1100 5076 1276 5145 τούτῳ
1305 5076 1721 5146 παρακολουθεῖ.

189 5209 215 5249 \
278 5246 381 5312 Ὃς
432 5246 548 5315 πρὸ
583 5246 689 5302 τοῦ
734 5247 1155 5320 ἐκσπασθῆναι
1200 5250 1524 5320 ἐξηράνθη.
1579 5253 1791 5323 Ἀωρος

207 5337 509 5408 ἐξηράνθη.
555 5339 615 5393 Ὀ
642 5340 749 5410 γὰρ
785 5341 947 5404 ἄλλος
970 5343 1164 5413 χόρτος
1211 5345 1347 5412 μετὰ
1385 5343 1448 5397 τὸ
1512 5361 1795 5417 καρποφο-

211 5434 381 5501 ρῆσαι
408 5431 753 5503 ξηραίνεται,
792 5430 911 5487 εἶτα
940 5435 1278 5492 ἀνασπᾶται.

286 5600 372 5663 Οὔ
412 5609 524 5662 οὐκ
546 5607 865 5677 ἐπλήρωσε
887 5611 1003 5681 τὴν
1042 5611 1210 5683 χεῖρα
1247 5613 1433 5667 αὐτοῦ
1472 5617 1505 5667 ό
1533 5613 1771 5682 θερίζων

216 5700 449 5771 Ἢγουν,
477 5701 538 5755 ὃν
565 5702 665 5755 οὖν
698 5703 917 5775 ὲϐέρισέ
946 5722 1054 5773 τις,
1074 5704 1148 5771 ὡς
1174 5704 1679 5779 προδιαφθαρέντα.

1905 4794 2104 4849 domos
2133 4794 2187 4848 in
2220 4796 2380 4850 teetis
2420 4797 2688 4851 nascitur.
2721 4798 2977 4854 'l‘aocscit
3015 4800 3163 4854 enim
3210 4801 3325 4856 haec
3352 4800 3488 4856 faci-

1900 4883 2027 4949 lius,
2063 4892 2116 4938 et
2146 4885 2316 4940 citius
2348 4886 2685 4957 depcrditur.
2741 4888 2907 4945 Fiant
2946 4890 3115 4959 igitur
3172 4892 3369 4948 caduci
3428 4902 3484 4948 et

1909 4975 2099 5030 faciles
2129 4975 2199 5029 ad
2239 4977 2452 5033 ruinam
2478 4994 2493 5043 ;
2528 4982 2641 5036 cito
2670 4984 2833 5036 etiam
2866 4992 3116 5051 pereant,
3139 4998 3205 5038 ac
3225 4984 3345 5037 sine
3369 4984 3486 5036 fru-

1907 5076 2023 5121 ctu.
2058 5064 2263 5120 Deinde
2294 5069 2346 5121 in
2378 5071 2479 5124 hac
2516 5071 2698 5127 herbae
2727 5073 3088 5127 similitudine
3132 5073 3479 5139 immoratur,

1903 5173 2140 5215 narrans
2169 5175 2420 5228 qmenum
2452 5164 2499 5216 ei
2529 5164 2801 5219 accidant.

1974 5247 2107 5314 Qua:
2129 5250 2438 5321 priusquam
2474 5252 2747 5315 ct-eltutur,
2774 5253 3008 5306 exaruit.
3042 5248 3363 5317 Immatura,
3391 5264 3479 5309 at-

1899 5354 2008 5408 que
2039 5340 2419 5410 intempestiva
2447 5343 2686 5395 exaruit.
2735 5343 2870 5397 Aliae
2910 5346 3113 5399 etenim
3164 5363 3276 5401 non
3318 5349 3473 5417 prius

1892 5442 2171 5499 arescunt,
2201 5449 2363 5502 quam
2396 5431 2636 5486 fructum
2666 5433 2920 5491 dederint
2945 5477 2960 5501 ,
2997 5446 3052 5493 ct
3113 5447 3238 5509 post
3284 5440 3474 5496 datum

1904 5521 2146 5575 fructum
2182 5524 2517 5577 evelluntur.

2000 5609 2162 5666 Vens.
2199 5610 2250 5665 7.
2281 5610 2355 5666 De
2389 5629 2485 5682 qua
2519 5631 2622 5669 non
2659 5616 2891 5687 implevit
2945 5634 3161 5673 manum
3190 5633 3346 5673 suam
3383 5618 3476 5691 qui

1898 5704 2065 5754 metit.
2105 5701 2159 5754 ιιι
2192 5711 2298 5767 est,
2326 5719 2489 5773 quam
2529 5721 2692 5763 nemo
2722 5711 2897 5776 metit,
2926 5724 2992 5767 eo
3020 5711 3167 5782 quod
3208 5711 3324 5783 jam
3374 5726 3477 5769 an-

1904 5798 1987 5845 tea
2024 5790 2201 5854 periit.
