3964 6578
204 455 339 522 1217

1383 463 1777 525 COMMENT.
1809 465 1896 526 IN
1934 467 2298 539 PSALMOS.

3337 474 3483 541 12l8

192 580 318 640 τοὺς
353 577 486 649 περὶ
542 576 743 631 αὐτόν’
781 575 861 631 ἔτι
910 577 965 632 δὲ
1026 578 1121 632 καὶ
1166 579 1245 644 εἰς
1276 580 1366 634 τὸν
1418 581 1636 650 Σεμεεὶ,
1687 580 1780 634 τὸν

1902 598 2006 637 :um
2038 584 2323 657 diligentia
2396 588 2750 659 perquisivit.
2805 590 2911 645 Per
2997 592 3477 647 mansuetudinem

196 668 495 740 ὑϐρίζοντα
524 669 710 734 αὑτὸν,
747 671 841 724 καί⁵
872 670 954 734 είς
987 669 1220 735 πολλοὺς
1250 670 1468 738 ἄλλους.
1504 672 1640 743 Περὶ
1672 672 1774 742 μό-

1881 684 2049 733 vero,
2103 672 2425 741 patientiam
2496 677 2789 747 intelligit,
2841 693 3007 749 quam
3056 679 3246 736 beatus
3311 681 3481 736 David

193 777 290 828 νης
333 760 392 812 δὲ
418 761 517 830 τῆς
552 761 870 832 πραότητος
914 762 1081 817 αὑτοῦ
1135 763 1413 833 λέγουσιν,
1452 765 1530 828 ὡς
1575 764 1785 834 ταύτην

1902 778 2011 834 :rga
2039 763 2261 821 Saulem
2314 777 2370 822 et
2401 769 2607 833 socios,
2644 785 2773 841 erga
2820 771 3003 828 Semei
3044 772 3140 843 qui
3192 784 3485 830 contume-

194 852 572 922 διαφερόντως
618 852 1108 925 κατορθώσαντοςο
1154 855 1189 925 ἢ
1229 856 1324 909 καὶ
1346 856 1422 921 ὡς
1463 856 1552 910 διὰ
1581 854 1788 925 ταύτης

1904 856 1955 909 ia
2012 870 2153 912 eum.
2181 848 2464 924 affecerat,
2502 868 2666 929 atque
2711 876 2837 931 erga
2890 877 3085 919 omnes
3111 864 3252 919 alios
3281 865 3482 921 hostes

193 941 551 1012 δηῖνουμένων
582 944 676 996 καὶ
713 946 825 997 τῶν
859 946 1088 1001 λοιπῶν.
1138 945 1423 1018 Μνήσθητι
1451 945 1546 1001 τοῦ
1590 946 1778 1011 Δασὶδ,

194 1033 290 1086 τοῦ
327 1037 673 1106 πραοτάτου,
703 1036 800 1091 τοῦ
858 1038 946 1094 διὰ
998 1040 1098 1111 τῆς
1133 1040 1451 1111 πραότητος,
1492 1039 1794 1109 εὐαρεστή-

196 1127 395 1190 σαντός
431 1145 538 1182 σοι.

1886 962 2020 1004 suos
2051 963 2324 1006 summam
2374 954 2643 1009 ostendit.
2707 952 2895 1010 Solius
2954 964 3136 1010 autem
3165 968 3486 1012 inansnetn-

1886 1037 2038 1094 dinis
2068 1041 2339 1104 meminit,
2391 1042 2521 1112 quia
2579 1045 2633 1098 in
2700 1045 2804 1098 hac
2860 1047 3066 1102 virtute
3099 1062 3210 1117 pra:
3270 1050 3482 1103 caeteris

1847 1124 2171 1186 'excelluit.
2220 1130 2316 1185 Vel
2353 1149 2448 1202 per
2493 1135 2634 1190 hanc
2687 1136 2948 1191 virtutem
2997 1147 3226 1194 caeteras
3253 1155 3484 1210 quoque

196 1218 498 1276 intellexit.
560 1221 859 1287 Memento,
918 1221 1115 1293 inquit,
1170 1220 1338 1277 David
1397 1221 1677 1279 mitissimi
1712 1220 1972 1289 hominis,
2032 1231 2202 1293 atque
2277 1224 2350 1280 ob
2403 1227 2888 1283 mansuetudinem
2954 1242 3112 1283 suam
3172 1230 3269 1285 tibi
3351 1231 3486 1288 olim

197 1311 544 1368 charissimi.

275 1407 380 1472 Ὠς
408 1406 611 1477 ὤμοσε
649 1405 734 1473 τῷ
772 1408 968 1476 Κυρίῳ
987 1449 1002 1473 ,
1033 1406 1264 1472 ηὔξατο
1288 1407 1370 1473 τῷ
1397 1406 1520 1473 Θεῷ
1557 1407 1785 1461 Ἰακώϐ.

196 1498 494 1569 Μνήσθητι
521 1498 690 1553 αὐτοῦ
723 1498 841 1563 πῶς
872 1498 1148 1570 ὲνὼμοτος
1185 1498 1454 1570 ὑπέσχετο
1481 1501 1675 1569 Κυρίῳ
1706 1498 1787 1570 τῷ

194 1589 317 1662 Θεῷ
346 1589 417 1645 τὰ
439 1591 818 1664 ῥηθησόμενα.

257 1769 333 1822 El
386 1750 817 1839 εἰσελεύσομαι
861 1785 949 1835 εις
983 1784 1277 1838 σκηνωμα
1333 1769 1508 1823 οἴκου
1556 1786 1700 1838 μου,
1735 1771 1789 1824 εί

193 1859 587 1928 ἀναϐήσομαι
622 1860 721 1914 ἐπὶ
753 1861 975 1927 κλίνης
1012 1859 1340 1928 στρωμνῆς
1370 1877 1511 1928 μου,
1540 1862 1589 1914 εὶ
1617 1859 1792 1913 δώσω

194 1950 402 2004 ὕπνον
428 1950 557 2017 τοῖς
580 1952 914 2020 ὀφθαλμοῖς
963 1968 1107 2020 μου,
1172 1951 1271 2005 καί
1303 1951 1428 2017 τοῖς
1450 1951 1790 2021 ,βλεφάίοις

190 2062 313 2114 μου
352 2043 731 2112 νυσταγμὸγ,
764 2042 865 2103 καὶ
895 2043 1248 2098 ἀνάπαυσιν
1292 2041 1420 2109 τοῖς
1467 2042 1788 2111 κροτάφοις

189 2155 338 2206 μου,
371 2137 484 2203 ἕως
512 2131 584 2193 οὗ
611 2137 765 2205 εὕρω
798 2136 987 2189 τόπον
1018 2132 1099 2200 τῷ
1127 2134 1345 2202 Κυρίῳ,
1385 2134 1678 2202 σκήνωμα
1711 2131 1791 2198 τῷ

199 2228 326 2293 Θεῷ
366 2227 580 2283 Ἰακώϐ
601 2229 738 2297 (55).
787 2226 909 2292 Πῶς
950 2243 1081 2281 ποτε
1113 2226 1365 2305 ζηλώσας
1399 2225 1540 2295 ὑπὲρ
1569 2224 1664 2279 τοῦ
1696 2226 1791 2293 φέ-

199 2322 404 2393 ρεσθαι
430 2321 562 2394 τῇδε
592 2322 818 2374 κάκεῖσε
868 2319 970 2389 τὴν
1034 2319 1290 2384 κιϐωτὸν,
1326 2319 1618 2389 ἐνωμότως
1666 2318 1795 2375 iml-

199 2429 389 2484 σχετο,
427 2414 510 2466 ὅτι
542 2412 617 2466 Οὐ
674 2413 889 2482 ποιήσω
933 2410 968 2482 ἦ
1005 2410 1125 2464 τόδε
1160 2412 1193 2481 ἢ
1224 2411 1343 2464 τόδε
1367 2452 1383 2476 ,
1426 2410 1531 2476 ἕως
1560 2406 1621 2464 οὗ
1646 2408 1795 2481 εὕρω

196 2507 295 2558 τὸν
325 2505 498 2558 τόπον
549 2504 623 2575 τῷ
655 2504 848 2574 Κυρίῳ
876 2503 1050 2570 ἄξιον,
1083 2503 1254 2572 ἤγουν
1303 2503 1641 2573 οἰκητήριον,
1673 2518 1799 2555 του-

196 2596 357 2650 τέστι
390 2597 560 2651 τόπον
585 2594 717 2649 ναοῦ
760 2610 776 2625 ’
809 2594 906 2648 καὶ
935 2595 1036 2648 οὐκ
1066 2595 1434 2658 ἀνεπαύσατο,
1483 2595 1588 2658 tu);
1617 2596 1800 2665 εὑρεῖν

198 2688 276 2752 ὡς
305 2690 341 2757 ἠ
381 2686 567 2765 βίϐλος
613 2685 721 2740 τῶν
749 2684 1050 2739 Βασιλειῶν
1096 2687 1129 2757 ἠ
1162 2686 1375 2756 πρώτη,
1408 2686 1798 2755 διαλαμϐάνει.

199 2782 278 2837 Τὸ
308 2785 369 2837 εί
409 2782 492 2848 δὲ,
517 2781 577 2835 τὸ
602 2782 674 2837 οὑ
710 2781 992 2852 σημαίνει,
1044 2779 1120 2844 ὡς
1153 2781 1249 2834 καὶ
1274 2783 1330 2833 ὲν
1354 2780 1536 2844 ἄλλοις
1568 2774 1797 2852 εἰρήκα-

201 2895 334 2948 μεν.
369 2877 646 2946 Σκήνωμα
672 2875 730 2928 δὲ
763 2875 857 2928 καὶ
889 2869 1039 2938 οἶκος
1070 2873 1167 2927 τοῦ
1197 2872 1333 2927 Θεοῦ
1364 2873 1599 2941 λέγοιτο,
1625 2874 1714 2929 διὰ
1738 2875 1799 2928 τὸ

200 2970 429 3025 ἐκεῖθεν
461 2968 828 3040 χρηματίζειν
860 2968 956 3031 καὶ.
985 2967 1199 3037 ὁμιλεῖν
1221 2967 1335 3030 τοῖς
1378 2967 1578 3035 ἀξίοις,
1606 2967 1681 3031 ὡς
1704 2968 1801 3022 καὶ

201 3061 583 3133 προλαόόντες
612 3062 814 3131 είρήκα
822 3078 945 3131 μεν.

1969 1406 2132 1462 Vsus.
2174 1406 2232 1462 ‘2.
2274 1407 2551 1473 Quomodo
2577 1408 2785 1479 juraoit
2835 1409 3081 1477 Domino,
3129 1422 3180 1467 et
3211 1413 3346 1467 vovit
3376 1413 3488 1470 Deo

1889 1499 2080 1555 Iacob.
2123 1497 2396 1556 Memento
2439 1500 2582 1570 eius,
2612 1501 2811 1571 inquit,
2845 1503 3309 1571 quemadmodum
3359 1521 3487 1561 cum

1888 1590 2207 1661 iuramento
2240 1606 2304 1645 ea
2347 1589 2461 1647 Deo
2522 1592 2802 1662 pollicitus
2837 1594 2931 1662 sit,
2965 1609 3088 1665 quae
3116 1593 3352 1652 inferius
3401 1596 3489 1651 di-

1891 1691 2108 1738 centur.

1971 1774 2140 1830 Vens.
2169 1774 2286 1828 5-5.
2341 1773 2404 1830 Si
2444 1774 2676 1829 introibo
2739 1776 2795 1830 in
2855 1776 3257 1832 tabernaculum
3299 1779 3489 1837 domus

1896 1882 2046 1929 mete,
2085 1865 2133 1919 si
2164 1864 2449 1919 ascendam
2492 1880 2648 1933 super
2694 1864 2886 1919 lectum
2936 1867 3102 1920 strati
3132 1867 3251 1930 mei,
3279 1869 3327 1920 si
3352 1868 3490 1921 dabo

1893 1972 2139 2010 somnum
2189 1955 2357 2008 oculis
2423 1958 2573 2018 meis,
2605 1963 2653 2006 et
2694 1954 2963 2023 palpebris
2995 1958 3122 2009 meis
3145 1945 3519 2012 dormitatio-I

1892 2064 2032 2111 item,
2078 2056 2128 2100 et
2160 2046 2391 2114 requiem
2435 2044 2756 2114 temporibus
2798 2046 2952 2112 meis,
3021 2047 3189 2101 donec
3243 2048 3490 2104 invenero

1890 2143 2069 2197 locum
2113 2136 2358 2201 Domino,
2394 2136 2798 2191 tabernaculum
2819 2136 2926 2190 Deo
2958 2134 3150 2195 Iacob.
3187 2136 3487 2205 Memento,

1893 2229 2102 2299 inquit,
2186 2227 2648 2300 quemadmodum
2708 2228 2825 2298 ipse
2883 2229 3013 2283 olim
3071 2232 3190 2285 zelo
3247 2231 3487 2301 quodam

1894 2332 2185 2393 correptus
2232 2330 2338 2387 est,
2371 2336 2496 2394 cum
2551 2320 2768 2375 Domini
2811 2335 2996 2377 arcani
3031 2323 3134 2377 hue
3164 2331 3330 2394 atque
3360 2323 3491 2380 illuc

1891 2415 2265 2471 errabundam
2287 2429 2351 2469 ac
2382 2429 2577 2485 vagam
2618 2414 2968 2470 circumferri
3005 2416 3239 2480 videret,
3273 2424 3329 2471 et
3358 2432 3490 2471 cum

1889 2506 2202 2575 iuramento
2245 2507 2525 2576 pollicitus
2562 2506 2657 2569 sit,
2712 2507 2904 2562 dicens
2938 2524 2952 2562 :
3000 2507 3116 2562 Non
3153 2508 3351 2565 iaciam
3384 2524 3490 2576 ego

1896 2601 2256 2671 lioc,neque
2290 2600 2449 2666 illud,
2496 2601 2671 2655 donec
2726 2601 2989 2657 invenero
3016 2602 3197 2656 locum
3261 2603 3493 2657 Domino

1897 2690 2149 2761 dignum,
2191 2693 2296 2747 hoc
2323 2703 2429 2758 est,
2491 2694 2673 2748 locum
2730 2695 2942 2763 templi,
2991 2703 3047 2749 et
3096 2695 3490 2751 habitationem

1898 2800 2043 2843 arca:
2072 2800 2137 2840 ac
2176 2785 2537 2841 tabernaculi.
2584 2784 2652 2839 Et
2680 2801 2871 2840 revera
2909 2789 3071 2841 etiam
3104 2803 3214 2842 non
3254 2788 3492 2859 quievit,

1899 2879 2077 2933 donec
2121 2878 2276 2932 illum
2312 2879 2629 2944 invenerit,
2687 2879 3149 2947 quemadmodum
3217 2880 3271 2933 in
3314 2879 3434 2949 prin
3461 2893 3494 2933 o

1900 2969 2114 3040 Regum
2154 2971 2297 3024 libro
2356 2970 2619 3025 traditur.
2671 2971 2847 3024 Dictio
2921 2980 3107 3024 autent
3168 2972 3235 3034 si,
3270 2972 3377 3026 hnc
3441 2973 3496 3024 in

1902 3061 2050 3125 loco,
2086 3060 2231 3115 idem
2290 3061 2568 3131 signiﬁcat
2626 3061 2774 3129 quod
2828 3077 2931 3114 non
2965 3099 2980 3122 ,
3032 3062 3499 3131 quemadmodum

204 3172 363 3227 saepe
408 3156 537 3211 alibi
601 3156 867 3209 diximus.
930 3152 1368 3209 Tabernaculum
1423 3167 1555 3207 vero
1585 3162 1635 3207 et
1675 3152 1875 3208 domus
1917 3154 2031 3218 Dei,
2085 3153 2373 3208 dicebatur
2432 3152 2590 3208 locus
2670 3154 2785 3218 ille,
2846 3151 2939 3207 ubi
3006 3168 3270 3223 responsa
3330 3162 3498 3223 atque

203 3253 444 3309 oracula
499 3253 771 3307 dabantur
810 3267 839 3305 a
897 3251 1046 3316 Deo;
1098 3250 1190 3304 ubi
1236 3249 1402 3304 etiam
1476 3249 1543 3303 ad
1597 3248 1799 3317 probos
1839 3257 1893 3303 et
1924 3250 1991 3303 ad
2029 3250 2234 3305 virtute
2264 3250 2527 3319 praeditos
2578 3249 2829 3303 homines
2893 3250 3235 3318 loquebatur,
3317 3261 3376 3304 ut
3445 3252 3495 3303 in

200 3342 599 3413 superioribus
660 3342 922 3397 diximus.
975 3340 1132 3413 (Nam
1188 3340 1390 3410 alioqui
1453 3339 1599 3394 Deus
1656 3339 1804 3393 nulla
1844 3340 2185 3396 habitatione
2232 3356 2329 3396 seu
2369 3340 2531 3395 domo
2588 3340 2814 3408 indiget,
2882 3347 2976 3394 aut
3025 3342 3427 3411 tabeinaculo.)

278 3433 441 3488 Ἰδοὺ
477 3434 830 3504 ἠκούσαμεν
873 3434 1070 3500 αὐτὴν
1119 3432 1192 3486 ἐν
1234 3430 1541 3500 Εὐφραθᾶ
1586 3431 1796 3502 Ἐπειδὴ

1982 3430 2153 3488 Vens.
2188 3432 2241 3487 6.
2295 3431 2432 3486 Ecce
2461 3432 2760 3485 audivimus
2787 3448 2905 3485 eam
2935 3433 2989 3485 in
3030 3432 3291 3500 Ephrata.
3350 3434 3498 3499 Quo-

210 3526 381 3596 παρὰ
435 3524 545 3576 τῶν
598 3526 854 3593 πατέρων
916 3524 1096 3594 ἡμῶν,
1154 3524 1188 3586 ἢ
1244 3523 1397 3592 παρὰ
1445 3522 1555 3574 τῶν
1608 3521 1796 3593 βίὄλων

1910 3524 2079 3590 niam,
2110 3525 2311 3595 inquit,
2343 3539 2374 3577 a
2423 3524 2670 3593 patribus
2703 3525 2929 3589 nostris,
2963 3525 3044 3579 vel
3072 3524 3236 3579 etiam
3260 3518 3498 3582 aliunde

200 3619 538 3686 ⁴Ιῃιούσαμεν
573 3617 861 3688 ἐνεχθῆναι.
911 3616 1009 3686 τὴν
1042 3616 1298 3680 κιϐωτὸν,
1346 3618 1407 3668 ὲν
1437 3615 1516 3684 τῷ
1543 3614 1694 3685 τόπῳ
1725 3615 1796 3684 τῷ

1908 3632 1973 3672 ex
2012 3615 2407 3672 sacrisLibris
2459 3616 2770 3669 audivimus
2803 3630 2948 3677 eam,
2990 3630 3173 3669 arcam
3236 3618 3494 3673 nimirum

201 3709 548 3780 καλουμένῳ
604 3709 887 3781 Εὑφραθᾶ.
941 3710 1052 3763 Καὶ
1106 3709 1206 3781 τὴν
1241 3709 1446 3780 Ῥαχὴλ
1488 3709 1555 3762 δὲ
1607 3707 1804 3762 θάπτει

214 3800 429 3854 Ἰακὼϐ
492 3803 552 3853 ὲν
600 3800 681 3872 τῷ
740 3799 1064 3870 ἱπποδρόμῳ
1110 3799 1207 3853 τοῦ
1262 3799 1559 3870 Εὐφραῦᾶ·
1596 3800 1759 3867 Αὕτη
1787 3839 1803 3864 ,

200 3893 414 3962 φησ“ιν,
449 3891 584 3947 ἐστι
615 3891 923 3961 Βηθλεέμ·
958 3890 1122 3961 ἔφερε
1153 3891 1262 3961 γὰρ
1290 3892 1319 3945 ό
1350 3893 1517 3952 τόπος
1546 3888 1642 3944 τοῦ
1666 3905 1801 3960 προ-

201 3983 459 4054 κατόχου
484 3984 545 4036 τὸ
570 3984 768 4056 ὄνομα.

1913 3708 1971 3763 in
2007 3705 2263 3778 Ephrata:
2341 3708 2521 3760 locum
2595 3706 2828 3760 delatam
2903 3706 3096 3760 (uisse.
3158 3706 3251 3761 Est
3310 3716 3493 3763 autem

1909 3798 2150 3868 Ephrata
2183 3801 2402 3861 eadem,
2449 3812 2568 3866 quae
2625 3805 2679 3851 et
2726 3795 3023 3852 Bethleem.
3064 3797 3321 3867 Legimus
3347 3802 3494 3854 enim

1911 3888 2043 3942 alibi
2074 3888 2218 3956 apud
2246 3886 2589 3955 Scripturam
2617 3885 2919 3941 :Bethleem
2950 3887 3141 3941 domus
3163 3887 3400 3956 Ephrata
3425 3890 3496 3946 ⁸⁸.

1905 3980 2040 4036 Item
2091 3978 2267 4035 Jacob
2310 3994 2539 4033 uxorem
2573 3978 2781 4032 Rachel
2813 3978 3069 4048 sepelivit
3093 3980 3149 4034 iu
3181 3977 3498 4050 Hippodro—

200 4090 304 4128 tuo
368 4075 620 4145 Ephratae
654 4094 669 4132 :
706 4076 860 4143 Ha’c,
895 4075 1094 4147 inquit,
1168 4086 1247 4132 est
1297 4073 1583 4133 Bethleem.
1636 4073 2033 4146 Appellabatur
2083 4089 2321 4144 namque
2383 4073 2514 4128 olim
2564 4073 2719 4128 locus
2789 4072 2881 4127 ille
2924 4072 3086 4141 primi
3158 4074 3501 4145 possessoris

201 4183 466 4222 nomine.

281 4260 571 4328 Εὗρομεν
614 4260 811 4329 αὐτὴν
843 4262 914 4317 ἐν
940 4263 1060 4330 τοῖς
1107 4263 1341 4330 ,πεδίοις
1392 4262 1499 4318 τοῦ
1545 4262 1800 4333 δρυμοῦ.

198 4351 478 4423 Εὖρομεν
519 4354 691 4423 αὐτὴν
721 4354 831 4408 ἀπὸ
857 4355 968 4408 τῶν
996 4353 1312 4428 εἰρημένων
1333 4370 1347 4385 ⁸
1398 4355 1552 4424 παρὰ
1588 4355 1801 4408 τούτων

201 4444 505 4514 ὲμάθομεν
539 4445 709 4515 αὐτὴν
763 4447 1130 4517 αὑλιζομένην
1177 4450 1235 4500 ὲν
1270 4450 1383 4510 τοῖς
1442 4447 1648 4511 πεδίοις
1705 4446 1799 4499 τοῦ

197 4534 456 4609 δρυμοῦ,
521 4540 823 4599 τουτέστιν,
875 4532 979 4591 ὦδε
1039 4538 1266 4591 κάκεῖσε
1329 4537 1798 4610 περιφερομένην,

198 4646 286 4683 πα
296 4629 379 4700 ρὰ
407 4627 468 4683 τὸ
497 4629 573 4700 μὴ
601 4628 749 4701 ἔχειν
777 4631 943 4684 τόπον
974 4630 1384 4700 ἀφωρισμένον.
1432 4630 1618 4685 Ταῦτα
1639 4631 1697 4685 δὲ
1722 4629 1803 4685 λέ-

1980 4258 2287 4314 Invenimus
2327 4271 2441 4311 eam
2474 4255 2528 4307 in
2558 4255 2762 4321 campis
2796 4255 2967 4308 silum.
3006 4254 3320 4309 Invenimus
3350 4270 3498 4310 eam.

1908 4353 2011 4405 hoc
2035 4358 2140 4413 est,
2172 4361 2238 4401 eo
2288 4348 2450 4399 modo
2487 4343 2803 4404 didicimus.
2845 4352 2905 4396 ut
2944 4358 3111 4411 supra
3144 4343 3352 4397 dictum
3380 4356 3491 4407 est,

1906 4458 1937 4496 a
1984 4439 2289 4508 majoribus
2319 4436 2574 4488 nimirum
2607 4436 2837 4497 nostris,
2901 4450 3000 4489 seu
3047 4450 3114 4488 ex
3163 4434 3367 4489 divinis
3426 4437 3498 4489 li-

1907 4535 2020 4589 bris
2046 4549 2062 4585 :
2093 4529 2422 4596 didicimus,
2485 4528 2734 4596 inquam,
2760 4541 2885 4581 eam
2908 4535 3300 4580 commoratam
3329 4528 3502 4582 fuisse

1860 4666 1867 4669 -
1907 4624 1962 4679 in
2001 4622 2213 4692 campis
2266 4621 2440 4685 silvae,
2512 4619 2617 4675 hoc
2646 4629 2752 4683 est,
2791 4619 2897 4671 huc
2926 4627 3091 4686 atque
3156 4618 3285 4672 illuc
3311 4633 3503 4673 erran-

198 4733 383 4787 γουσι
448 4718 813 4783 συνιστῶντες
844 4720 925 4773 ὅτι
977 4719 1297 4787 ἀναγκαίως
1330 4720 1628 4791 ἐζήλωσεν,
1659 4720 1796 4790 ὑπὲρ

1908 4720 1981 4773 tis
2009 4718 2063 4771 in
2097 4730 2303 4770 morem
2361 4715 2704 4776 circumlata,
2749 4719 2940 4782 utpote
3002 4727 3125 4783 quae
3190 4721 3401 4768 certum
3437 4729 3501 4767 ac

197 4807 398 4876 αὐτῆς
427 4811 455 4861 ό
480 4810 666 4877 Δαὸὶδ,
706 4812 801 4873 καὶ
832 4811 939 4880 τὸν,
964 4809 1126 4865 τόπον
1184 4802 1367 4881 εὗρεν,
1414 4811 1555 4882 ὑπὲρ
1600 4806 1662 4866 οὗ
1702 4811 1800 4865 καὶ

200 4899 321 4951 νῦν
365 4899 730 4956 ἱκετεύουσιν.

1903 4809 2235 4864 destinatum
2266 4805 2446 4861 locum
2471 4805 2709 4875 aliquem
2747 4819 2852 4858 non
2886 4804 3133 4858 haberet.
3174 4803 3288 4859 lioc
3313 4813 3496 4859 autmn

1903 4902 2117 4966 dicunt,
2168 4899 2555 4953 demonstrare
2603 4897 3028 4963 contendentes,
3091 4895 3239 4965 quod
3305 4896 3499 4951 beatus

199 4992 396 5049 David
438 4998 750 5052 necessario
793 4997 1089 5054 admodum
1135 5012 1235 5068 pro
1277 5012 1342 5054 ea
1375 4995 1490 5053 zelo
1514 5001 1806 5066 correptus
1845 5005 1948 5062 est,
1983 5006 2045 5050 ut
2082 4996 2263 5050 locum
2294 4994 2447 5049 illum
2470 4993 2765 5056 inveniret,
2801 5004 2901 5061 pro
2933 5004 3045 5059 quo
3077 4989 3182 5058 ipsi
3248 4988 3302 5041 in
3365 5002 3498 5056 pne-

201 5086 402 5143 sentia
435 5088 502 5141 ad
535 5087 701 5143 Deum
732 5091 1066 5161 supplicant.

276 5178 780 5246 Εἰσελευσόμεθα
842 5181 929 5246 είς
997 5180 1070 5233 τὰ
1144 5179 1508 5249 σκηνώματα
1575 5177 1803 5244 αὐτοῦ,

198 5267 753 5339 προσκυνήσωμεν
796 5274 885 5338 είς
914 5272 1023 5327 τόν
1055 5273 1265 5338 τόπον,
1307 5269 1381 5328 οὖ
1439 5273 1715 5338 ἔστησαν
1752 5272 1808 5324 oi

201 5357 413 5425 πόδες
472 5361 683 5415 αὐτοῦ.
733 5362 921 5415 Ταῦτα
978 5362 1260 5434 προσώπῳ
1317 5362 1431 5417 τῶν
1494 5365 1553 5416 ὲν
1615 5363 1808 5425 αὐτοῖς

208 5451 433 5519 ἁγίων,
487 5455 948 5522 προφητευόντων
982 5457 1187 5520 αὐτοῖς,
1238 5456 1343 5508 ὅτι
1372 5455 1741 5526 ἀναστήσεται
1779 5455 1809 5506 ό

203 5543 381 5606 ναὸς,
420 5544 515 5597 καὶ
546 5545 949 5598 εἰσελεύσονται
980 5547 1072 5600 καὶ
1106 5548 1546 5601 ποοσκυνίνσουσι
1580 5548 1674 5598 καὶ
1710 5544 1807 5597 λα·

324 5720 550 5778 ‘Mich.
607 5738 637 5776 ν
707 5723 761 5775 2.

1585 5811 1785 5877 Varios
1810 5807 2142 5874 lectiones.

289 5921 407 5993 (53)
434 5917 639 5989 Suppic
673 5917 985 5991 Μνήσθηττ.

1918 5204 1929 5209 -
1976 5174 2203 5229 Vsus-.31.
2237 5172 2573 5228 Introeamus
2622 5172 2677 5225 in
2725 5163 3069 5221 tabernacula
3115 5161 3254 5229 ejus,
3308 5159 3501 5214 adore-

1908 5285 2025 5323 mus
2060 5271 2114 5322 in
2150 5269 2287 5328 loco,
2337 5266 2426 5319 ubi
2476 5269 2733 5318 steterunt
2774 5259 2928 5327 pedes
2976 5254 3114 5324 ejus.
3152 5251 3275 5306 Haec
3331 5254 3494 5306 verba

1906 5376 1974 5417 ex
2008 5370 2327 5421 sanctorum
2386 5366 2623 5426 persona
2653 5350 2802 5406 dicta
2843 5355 2997 5411 sunt,
3054 5343 3149 5413 qui
3186 5342 3389 5412 populo
3426 5357 3491 5393 ex

1907 5454 2222 5521 captivitate
2254 5451 2307 5503 in
2372 5447 2602 5517 patriam
2669 5439 2930 5495 restituto
2979 5436 3230 5491 aderant.
3285 5430 3494 5486 Praedi-

1907 5544 2057 5598 citur
2087 5548 2271 5596 autem
2332 5538 2422 5594 his
2472 5532 2676 5598 verbis,
2726 5526 3186 5602 quemadmodum
3226 5521 3491 5593 templum

2258 5918 2293 5929 ρ.-
