3964 6578
144 508 156 523 .
240 457 370 522 1221

1413 470 1799 536 COMMENT.
1832 473 1915 536 ΙΝ
1951 474 2309 538 PSALMOS.

3340 479 3481 547 1222

222 577 437 645 θρόνου
468 592 607 633 σου.
654 577 777 631 Ἐπὶ
825 577 919 633 τοῦ
980 578 1172 649 Θρόνου
1217 580 1314 652 τῆς
1364 582 1644 654 βασιλείας
1676 603 1794 641 σου.

1919 587 2021 644 lloc
2049 598 2153 655 est,
2189 586 2255 645 “in
2303 590 2525 653 throno,
2551 600 2714 662 atque
2757 590 2812 646 in
2848 590 2980 648 sede
3014 593 3165 665 regni
3227 595 3329 652 lui.
3370 597 3485 653 Nec

223 669 331 721 Καὶ
356 670 416 724 ού
455 671 609 725 τοῦτο
635 673 818 742 μόνον,
847 670 983 726 ἀλλὰ
1007 672 1101 725 κα)⁸
1124 672 1312 744 ἕτερα.
1345 676 1479 730 Τίνα
1513 678 1570 732 δὲ
1596 678 1796 746 ταῦτα,

221 763 470 815 ἄκουσον.

287 855 438 908 Ἐὰν
491 855 879 924 φυλάξωνται
923 862 980 914 οί
1037 862 1157 917 υίοί
1191 878 1310 917 σου
1344 861 1460 932 τὴν
1503 864 1801 934 διαθήκην

221 963 359 1012 μου,
411 947 510 999 καί
553 948 624 1000 τὰ
678 949 973 1019 μαρτύριὰ
1012 968 1158 1021 μου.
1196 951 1234 1007 ἁ
1261 953 1484 1019 διδάξω
1545 956 1795 1024 αὐτοὺς,

222 1038 317 1091 καί
347 1042 400 1092 οἱ
434 1039 549 1093 υίοί
581 1039 781 1094 αὐτῶν
806 1041 920 1108 ἔως
958 1044 1065 1099 τοῦ
1094 1043 1309 1112 αἰῶνος
1332 1046 1678 1103 χαριοῦνται
1702 1049 1798 1104 ἐπί

223 1130 329 1183 τοῦ
369 1132 591 1198 θρόνου
640 1149 778 1188 σου.
843 1134 971 1190 Ἐὰν
1006 1137 1293 1207 τηρήσωσι
1344 1139 1436 1192 τὸν
1470 1140 1633 1211 νόμον
1695 1158 1800 1212 μου

221 1225 269 1277 οἱ
310 1224 423 1277 υίοί
457 1242 576 1291 σου,
629 1229 694 1279 ἐκ
740 1226 993 1298 διαδοχῆς
1026 1227 1406 1299 βασιλεύοντες
1431 1246 1446 1262 ·
1475 1230 1664 1288 τοῦτον
1692 1236 1801 1307 γὰρ

220 1313 456 1367 ἐκάλεσε
477 1315 783 1387 διαθήκην
826 1317 984 1372 ἔτιδὲ
1014 1321 1107 1373 καὶ
1133 1321 1439 1394 μαρτύρια,
1480 1323 1557 1390 ὡς
1605 1328 1665 1379 ὲν
1723 1327 1800 1398 τῷ

224 1403 332 1476 ριη¹
355 1406 583 1479 ψαλμῷ,
612 1407 1226 1481 πολλάκις“δεδήλωται.
1261 1411 1448 1468 Ταῦτα
1498 1415 1576 1477 δὲ,
1609 1420 1798 1488 φησιν,

220 1495 255 1550 ἃ
287 1497 492 1563 διδάξω
522 1498 721 1564 αὐτοὺς
783 1499 872 1553 διὰ
921 1500 1023 1571 τῆς
1055 1500 1419 1572 ἀναγνώσεως
1460 1504 1659 1570 αὐτῶν,
1700 1509 1802 1563 οὐκ

220 1589 382 1641 αὐτοὶ
441 1590 606 1660 μόνον
673 1590 1114 1661 βασιλεύσουσιν,
1169 1595 1305 1649 ἀλλά
1355 1598 1449 1651 καὶ
1488 1598 1537 1651 oi
1594 1597 1802 1654 τούτων

220 1679 331 1731 υἱοὶ
363 1681 453 1733 ἀεὶ
479 1680 865 1751 βασιλεύσουσι
932 1684 1073 1738 κατὰ
1098 1684 1372 1757 διαδοχήν.
1438 1686 1675 1744 Τοιαῦτα
1701 1690 1802 1760 μὲν

218 1769 291 1823 τὰ
323 1771 427 1841 τῆς
475 1772 808 1842 ἐπαγγελίας
831 1791 846 1806 ο
908 1776 1030 1829 ἐπεὶ
1061 1777 1118 1831 δὲ
1153 1779 1255 1832 οὐκ
1295 1780 1590 1851 ἐφύλαξαν,
1613 1781 1804 1850 ἐξέπε-

1906 687 2116 736 tantum
2178 682 2283 737 hoc
2327 683 2500 750 dixit,
2549 683 2643 739 sed
2701 692 2754 740 et
2808 684 2912 739 alia
2953 701 3077 756 qua:
3147 699 3482 757 sequuntur.

1972 851 2141 909 Vens.
2194 855 2278 909 12.
2312 852 2371 910 Si
2423 854 2767 912 custodierint
2826 857 2925 928 ﬁlii
2978 859 3056 912 tui
3109 869 3484 915 testamentum

1903 964 2097 1012 meum,
2125 956 2175 1003 et
2219 949 2519 1003 testimonia
2554 966 2669 1004 mea
2703 950 2835 1013 haec,
2880 967 2998 1020 qua
3042 952 3231 1006 docebo
3272 970 3382 1018 eos,
3435 965 3484 1008 et

1899 1037 1999 1107 ﬁlii
2027 1053 2209 1091 eorum
2239 1038 2294 1091 in
2325 1037 2578 1091 sweulum
2613 1038 2797 1092 sa'culi
2832 1042 3083 1094 sedebant
3130 1057 3288 1109 super
3327 1045 3475 1096 thro-

1902 1145 2024 1182 num
2061 1139 2230 1183 tuum.
2264 1129 2321 1184 Si
2356 1131 2449 1184 lilii
2480 1132 2577 1193 tui,
2611 1130 2807 1201 inquit,
2839 1131 2931 1201 qui
2963 1146 3059 1202 per
3097 1135 3481 1188 successiones

1904 1222 2235 1292 regnabant,
2259 1222 2433 1293 legem
2466 1237 2641 1278 meam
2669 1224 3101 1279 observaverint.
3152 1225 3254 1280 Per
3309 1206 3480 1280 testa;

1902 1322 2148 1368 mentum
2182 1315 2327 1369 enim
2362 1322 2416 1369 et
2447 1330 2545 1385 per
2581 1316 2892 1371 testimonia
2921 1355 2936 1379 ,
2971 1315 3143 1385 legem
3176 1318 3347 1387 ipsam
3402 1319 3486 1370 iu-

1904 1407 2121 1475 telligit,
2157 1408 2623 1477 quemadmodum
2654 1417 2707 1464 et
2738 1424 2880 1478 smpe
2911 1411 3063 1476 alibi,
3090 1409 3390 1481 praesertim
3432 1413 3488 1464 in

1901 1500 2113 1569 paululo
2147 1514 2338 1563 cum,
2374 1498 2466 1554 ubi
2494 1500 2659 1555 etiam
2681 1501 2941 1559 diximus.
2971 1501 3025 1556 Si
3049 1503 3485 1569 observaverint,

1903 1590 2101 1659 inquit.
2136 1589 2470 1655 testimonia,
2500 1606 2622 1661 qua:
2647 1605 2747 1659 ego
2777 1607 2873 1648 eos
2899 1594 3123 1657 docebo,
3159 1594 3204 1650 si
3243 1595 3364 1650 ieci
3391 1598 3485 1652 ιη’»

1901 1684 2040 1755 legis
2075 1698 2207 1737 meae
2237 1683 2552 1739 vzicaverint
2576 1722 2592 1748 ,
2626 1698 2734 1738 non
2770 1683 2874 1753 ipsi
2925 1685 3098 1740 solum
3133 1687 3438 1753 regnabqu
3467 1728 3482 1751 ,

1902 1775 1998 1831 sed
2027 1773 2244 1829 illorum
2292 1774 2455 1829 etiam
2487 1773 2584 1828 lilii
2615 1782 2936 1845 perpetuam
2976 1776 3126 1847 regni
3174 1776 3483 1831 successio-

227 1879 348 1917 σον.
416 1861 607 1917 Ταῦτα
664 1864 722 1919 δὲ
779 1866 1034 1937 λέγουσιν
1085 1872 1135 1924 οἱ
1179 1871 1559 1937 δυσωποῦντες
1614 1873 1796 1946 ὥσπερ

1919 1883 2029 1922 nem
2056 1874 2483 1936 consequentur.
2516 1865 2581 1919 Et
2610 1867 2724 1920 [nec
2753 1867 2972 1933 quidem
3008 1883 3036 1921 a
3073 1869 3180 1922 lico
3232 1869 3315 1924 eis
3359 1884 3488 1939 pro-

220 1953 748 2026 ἀναμιμνήσκοντες
764 1957 855 2012 τὸν
879 1959 1012 2014 Θεὸν
1033 1961 1134 2031 τῆς
1161 1962 1426 2033 τοιαύτης
1447 1965 1796 2034 ἐπαγγελίας,

1919 1959 2073 2013 missa
2105 1966 2234 2013 sunt
2266 1974 2279 2010 :
2315 1972 2501 2013 verum
2549 1965 2837 2028 postquam
2876 1958 2979 2028 ipsi
3024 1970 3180 2029 pacta
3220 1976 3327 2015 non
3382 1963 3482 2014 Ol)-

221 2050 323 2103 καὶ
354 2051 440 2114 είς
478 2051 877 2124 ἀποπλήρωσιν
923 2056 1096 2126 αὐτῆς
1146 2057 1622 2128 παρακαλοῦντες,
1651 2060 1683 2133 ἢ
1712 2056 1796 2112 καἸ

1919 2062 2303 2112 servaverunt,
2348 2049 2475 2116 jure
2515 2049 2678 2104 etiam
2721 2065 2749 2124 a
2799 2053 3087 2120 promissis
3144 2054 3487 2109 deciderunt.

220 2141 494 2213 ἀλλήλους
546 2146 1065 2216 παραμυθούμενοι,
1107 2148 1204 2203 καὶ
1267 2149 1343 2219 τῷ
1400 2149 1513 2218 λαῷ
1564 2148 1796 2220 χρηστὰς

1919 2139 2145 2197 Possunt
2180 2141 2342 2194 etiam
2373 2141 2487 2196 haec
2517 2143 2681 2197 verba
2729 2143 2990 2213 intelligi,
3024 2154 3080 2199 ut
3108 2147 3181 2198 ab
3223 2146 3303 2200 eis
3337 2146 3484 2200 dicta

221 2233 453 2298 ἐλπίδας
479 2235 803 2313 ἐντιθέντες.
838 2235 973 2293 Εἶτα
1027 2239 1124 2293 καὶ
1154 2240 1225 2293 τὰ
1250 2239 1376 2310 ἑξῆς
1406 2242 1796 2295 ὲπισυνάπτου·

1919 2234 2042 2299 sint,
2076 2247 2139 2287 ea
2167 2234 2381 2288 ratione
2411 2244 2469 2288 ut
2505 2232 2672 2289 Deum
2720 2234 2824 2290 sibi
2871 2237 3044 2307 magis
3075 2238 3438 2292 conciliarent
3466 2277 3483 2301 ,

222 2342 337 2390 σιν,
391 2325 471 2390 ὡς
518 2328 615 2381 καὶ
670 2330 813 2383 αὺτά
866 2330 1018 2399 παρὰ
1071 2329 1165 2384 τοῦ
1214 2331 1353 2384 Θεοῦ
1399 2332 1522 2384 τότε
1572 2330 1796 2403 ῥηθέντα

1919 2336 2231 2382 revocantes
2266 2328 2314 2382 ei
2363 2326 2419 2381 in
2469 2328 2785 2382 memoriam
2822 2333 3080 2397 antiquas
3130 2330 3483 2399 pollicitatio-

220 2417 365 2490 πρὸς
389 2419 484 2473 τὸν
512 2419 700 2475 Δαϐίδ.

1919 2435 2024 2485 nos,
2068 2428 2122 2474 et
2158 2427 2413 2489 rogantes
2449 2418 2850 2488 quodammodo
2883 2431 2939 2474 ut
2971 2435 3066 2476 eas
3111 2422 3436 2493 adimpleret
3464 2465 3481 2490 ,

219 2512 304 2567 vel
342 2524 404 2568 ut
436 2522 625 2570 mutuo
653 2529 772 2571 sese
797 2514 1239 2583 consolarentur,
1273 2524 1328 2573 et
1357 2530 1550 2572 nonam
1581 2515 1787 2588 p0pulo
1828 2528 1980 2584 spem
2014 2518 2360 2584 praestarent.
2411 2508 2614 2566 Deinde
2703 2511 2913 2568 addunt
2955 2514 3118 2570 etiam
3191 2517 3480 2588 sequentia

222 2606 413 2668 verba,
447 2607 611 2661 veluti
642 2617 696 2663 et
724 2623 844 2678 quae
894 2623 925 2663 a
969 2607 1075 2665 Deo
1108 2608 1238 2664 olim
1265 2608 1408 2664 dicta
1437 2608 1602 2664 etiam
1653 2608 1892 2664 fuissent
1920 2605 1985 2661 ad
2013 2606 2230 2662 beatum
2266 2605 2458 2663 David.
2544 2672 2549 2677 ,

290 2699 428 2753 "Ott
457 2700 785 2766 ἐξελέξατο
835 2705 1051 2773 Κύριος
1080 2704 1196 2773 τὴν
1252 2704 1427 2768 Σιὼν,
1485 2704 1796 2774 ᾐρετίσατο

1978 2703 2149 2761 Vens.
2196 2704 2282 2759 15.
2319 2705 2584 2771 Quoniam
2633 2708 2787 2776 elegit
2830 2707 3088 2762 Dominus
3123 2706 3251 2763 Sion
3280 2748 3295 2772 ,
3330 2709 3484 2780 elegit

216 2793 423 2861 αὐτὴν
445 2796 533 2862 εις
562 2796 878 2851 κατοικίαν
918 2795 1133 2862 ἐαυτῷ.
1195 2796 1555 2863 Καθιοῦνται,
1614 2795 1796 2866 φησιν,

1919 2814 2021 2855 tam
2051 2802 2106 2854 in
2134 2800 2510 2856 habitationem
2534 2803 2650 2859 sibi.
2691 2801 2992 2863 Sedebunt,
3036 2803 3210 2871 inquit
3230 2844 3245 2866 ,
3280 2802 3374 2858 lilii
3405 2804 3483 2858 ιιιί

215 2886 318 2939 ἐπὶ
347 2885 444 2939 τοῦ
468 2886 664 2958 θρόνου
723 2905 841 2954 σου,
882 2888 1019 2942 διότι
1048 2890 1142 2942 καὶ
1168 2889 1270 2960 τὴν
1304 2889 1446 2942 Σιὼν
1469 2891 1529 2943 ὲν
1625 2889 1652 2942 ὁ
1679 2888 1796 2961 θρό-

1919 2894 1960 2945 in
1995 2892 2192 2948 throno
2225 2905 2341 2959 tuo,
2393 2895 2650 2963 quoniam
2707 2893 2974 2950 Dominus
3012 2894 3176 2961 elegit
3221 2893 3352 2949 Sion
3378 2935 3394 2961 ,
3428 2896 3481 2950 in

218 2994 313 3041 νος
341 2978 445 3048 τῆς
470 2977 758 3048 βασιλείας
791 2997 885 3033 σου
912 2978 1200 3047 ἐξελέξατο
1222 2982 1249 3034 ὁ
1273 2980 1497 3052 Κύριος,
1553 2981 1583 3033 ὁ
1631 2979 1796 3034 ταῦτα

1919 2997 2012 3051 ιιια
2036 2982 2196 3039 sedes
2222 2993 2308 3039 est
2338 2987 2488 3055 regni
2529 2986 2629 3039 tui.
2660 2984 2774 3048 Ille,
2802 2986 3045 3055 inquam,
3079 2985 3361 3053 Dominus,
3389 2987 3482 3058 qui

216 3069 723 3141 ἐπαγγελλόμενος,
756 3071 924 3143 ἤγουν
959 3070 1093 3140 ἐγώ.

285 3254 450 3322 Αὕτη
484 3254 524 3321 ἠ
550 3252 934 3321 κατάπαυσι’ς
954 3271 1074 3325 μου
1123 3255 1209 3323 εις
1241 3252 1425 3309 αἰῶνα
1448 3253 1684 3323 αίῶνος.
1726 3255 1792 3309 Ἦ

217 3349 480 3403 κατοικία
505 3365 632 3419 μου.

292 3434 435 3496 Ὧδε
487 3440 846 3511 κατοικήσω,
898 3440 989 3495 ὅτι
1030 3440 1404 3511 ᾐρετισὰμην
1446 3439 1660 3508 αὑτήν.
1689 3441 1800 3495 Καὶ

216 3533 397 3588 ταῦτα
429 3535 523 3609 καὶ
551 3534 619 3589 τὰ
665 3533 796 3606 ἑξῆς
825 3535 1078 3604 λέγουσιν
1142 3533 1217 3600 ὡς
1266 3534 1660 3606 ἐπαγγη).μένα
1703 3537 1800 3589 καὶ

215 3624 384 3678 αὑτά.

301 3715 426 3783 Τὴν
465 3713 660 3783 θήραν
691 3712 880 3784 αὐτῆς
921 3713 1194 3785 εὐλογῶν
1222 3714 1564 3787 εὐλογήσω.
1610 3715 1797 3787 Θήραν

178 3840 179 3843 η
213 3805 474 3878 ὠνόμασε
500 3808 596 3862 τὸν
620 3808 895 3878 πορισμὸν
949 3809 1043 3862 καὶ
1065 3807 1164 3880 τὴν
1190 3803 1524 3878 συγκομιδὴν
1548 3808 1646 3876 τῆς
1678 3825 1800 3878 τρο-

215 3900 347 3970 φῆς.
408 3900 664 3970 Εὐλογῶν
732 3900 1041 3971 εὐλογήσω,
1092 3901 1340 3954 τουτέστι
1389 3901 1681 3972 χαριτώσω
1720 3902 1798 3962 είς

212 3991 507 4061 δαψίλειαν
546 3994 643 4045 καὶ
682 3991 967 4060 ἀφθονίαν.

290 4083 438 4148 Τοὺς
490 4085 768 4155 πτωχοὺς
807 4081 996 4154 αὐτῆς
1037 4082 1312 4154 χορτάσω
1361 4083 1576 4154 ἄρτων.
1621 4082 1799 4137 Πλου-

213 4178 395 4247 τήσω.

291 4268 446 4335 Τοὺς
479 4269 653 4339 ίερεῒς
692 4269 888 4340 αὐτῆς
930 4269 1167 4326 ἐνδύσω
1191 4272 1511 4342 σωτηρίαν.
1552 4269 1793 4342 Ὑγείαν,

214 4361 549 4430 ἀσφάλειαν.

283 4453 399 4506 Kal
428 4455 484 4507 οί
505 4453 662 4508 ὅσιοι
691 4454 883 4525 αὐτῆς
908 4453 1266 4527 ἀγαλλιάσει
1298 4454 1792 4526 ἀγαλλιάσονται.

213 4544 458 4617 Εἴρηται
498 4547 629 4617 περὶ
657 4546 764 4601 τῶν
788 4547 974 4602 ὁσίων.
1009 4546 1083 4601 Τὸ
1105 4546 1163 4600 δὲ
1194 4545 1571 4620 Ἀγαλλιάσει
1609 4546 1797 4617 ἀγαλ-

1909 3073 2027 3128 ιιιεο
2077 3074 2170 3129 tibi
2213 3090 2360 3132 nunc
2401 3077 2645 3147 loquitur
2670 3077 2833 3133 verba
2870 3094 2883 3132 :
2922 3075 3033 3148 Ego
3081 3078 3340 3133 videlicet
3385 3079 3482 3149 qui

1909 3163 2172 3221 Dominus
2205 3180 2349 3221 sum.

1985 3253 2143 3309 Vens.
2175 3255 2258 3311 l4.
2290 3257 2417 3312 Haec
2461 3259 2664 3327 requies
2712 3274 2827 3315 mea
2874 3259 2929 3314 in
2979 3259 3237 3315 sa'culum
3276 3260 3479 3315 steculi.

1825 3330 1867 3385 ο
1901 3345 2016 3403 lloc
2045 3358 2149 3412 est,
2178 3350 2301 3404 Haec
2332 3350 2599 3406 habitatio
2628 3366 2769 3407 mea.

1973 3439 2076 3493 llic
2104 3440 2375 3503 habitabo,
2401 3444 2653 3514 quoniam
2681 3443 2811 3515 elegi
2834 3461 2971 3499 eam.
2999 3443 3123 3500 Haec
3154 3453 3210 3501 et
3239 3459 3477 3517 sequen-

1902 3530 1970 3586 tia
2007 3533 2199 3587 dicunt
2231 3544 2490 3604 tanquam
2532 3537 2696 3589 clintll
2736 3536 2841 3593 sibi
2874 3537 3166 3608 promissa.

1977 3715 2138 3770 Vens.
2176 3716 2260 3771 15.
2295 3715 2629 3770 Venationent
2659 3715 2773 3786 ejus
2804 3715 3110 3771 benedicens
3146 3715 3479 3773 benedicam.

1902 3810 2005 3865 Per
2035 3810 2406 3874 venationem,
2433 3810 2682 3864 ciborum
2713 3820 2879 3879 atque
2920 3807 3227 3864 eduliorum
3270 3825 3477 3883 suppe-

1900 3902 2217 3958 ditationem
2265 3901 2539 3971 intelligit.
2575 3901 2719 3967 llzec,
2766 3902 2967 3973 inquit,
3002 3901 3338 3957 benedicens
3382 3903 3478 3957 be-

1902 4000 2170 4065 nedicam,
2201 3998 2305 4057 hoc
2325 4011 2429 4065 est,
2459 3997 2732 4053 Praestabo
2757 4014 2951 4071 magna
2973 4015 3097 4056 cum
3118 4001 3481 4059 abundantia.

1972 4093 2239 4160 Pauperes
2266 4092 2380 4163 ejus
2407 4090 2664 4147 saturabo
2691 4094 2941 4163 panibus.
2985 4093 3097 4149 Hoc
3124 4104 3208 4151 est
3233 4135 3249 4163 ,
3280 4090 3487 4153 divites

1899 4183 2149 4240 reddam.

1974 4271 2137 4329 Vens.
2164 4272 2253 4330 16.
2276 4271 2585 4331 Sacerdotes
2618 4277 2734 4346 ejus
2757 4277 2979 4332 induam
3004 4276 3197 4331 salute.
3232 4277 3346 4334 lloc
3369 4289 3485 4347 est,

1901 4366 2221 4430 securitate,
2264 4381 2329 4420 ac
2365 4366 2507 4421 bona
2539 4367 2871 4422 valetudine.

1975 4454 2043 4508 Et
2083 4455 2256 4510 sancti
2282 4453 2397 4523 ejus
2428 4453 2782 4509 exsultatione
2822 4455 3186 4509 exsultabant.
3235 4454 3479 4523 Quinam

1900 4536 2011 4603 sint
2051 4550 2223 4602 sancti
2270 4544 2384 4616 Dei,
2422 4549 2535 4617 jam
2579 4563 2723 4618 sa-pe
2763 4549 2892 4602 alibi
2937 4548 3142 4603 dii-tum
3182 4560 3287 4603 εει.
3317 4545 3480 4615 Quod

212 4636 560 4703 λιὰσονται,
587 4641 683 4693 καὶ
717 4637 777 4693 τὸ
807 4638 1096 4712 Εὑλογῶν
1119 4618 1459 4710 εὐλογήσω,
1473 4639 1568 4695 καὶ
1592 4639 1661 4693 τὰ
1688 4656 1796 4692 τοι·

1919 4646 2081 4692 iutem
2102 4638 2196 4692 ait:
2218 4637 2586 4692 Exsultatione
2601 4618 3094 4702 exsultabimtﬁtem
3120 4654 3134 4690 :
3157 4625 3480 4691 Benedicens

210 4729 382 4791 αὔτα,
419 4731 562 4795 τινὲς
591 4730 690 4803 μὲν
722 4730 918 4802 ίδίωμα
962 4732 1098 4801 φασδ⁹
1130 4733 1229 4804 τῆς
1273 4732 1520 4804 Γμφῆς,
1567 4731 1712 4795 τινὲς
1739 4729 1794 4783 δὲ

209 4818 470 4876 ξπίτασιν
500 4824 810 4893 ἐμφαίνειν,
849 4823 883 4895 ἢ
918 4822 1231 4894 βεϐαίωσιν.

1904 4729 2223 4792 benedicnm,
2251 4737 2306 4782 et
2341 4729 2444 4783 alia
2482 4718 2823 4798 huiusmodi,
2852 4727 3075 4799 quidam
3118 4728 3320 4784 idioma
3350 4744 3480 4784 esse

1900 4822 2088 4877 dicunt
2128 4819 2404 4878 Hebraicaa
2448 4822 2683 4892 linguae;
2716 4822 2938 4893 quidam
2974 4838 3103 4878 vero
3159 4820 3478 4891 lmjusmodi

208 4929 475 4972 sermone
508 4918 583 4970 uti
625 4916 816 4972 dicunt
859 4916 1243 4988 Scripturam,
1290 4915 1358 4971 ad
1407 4913 1670 4985 majorem
1705 4914 2101 4981 intensionem,
2154 4923 2209 4969 et
2234 4915 2300 4969 ad
2366 4915 2685 4971 validiorem
2749 4916 3034 4973 sententiae
3105 4915 3481 4971 continuatio-

208 5024 364 5066 nem.

294 5102 466 5156 Ἐκεῖ
493 5101 834 5165 ἑξανατελῶ
863 5101 1044 5171 κέρας
1069 5100 1151 5167 τῷ
1179 5101 1377 5157 Δαόἰδ.
1398 5102 1485 5157 Ἑν
1524 5105 1592 5175 τῇ
1616 5099 1754 5156 Σιών
1773 5117 1789 5133 ο

207 5198 277 5249 ὲκ
304 5195 620 5263 τοῦγένους
639 5196 732 5248 τοῦ
755 5194 922 5248 Δαὸιδ
957 5194 1107 5264 αὐτῷ
1142 5195 1389 5251 ἀνατελῶ
1414 5194 1602 5267 κέρας,
1634 5193 1791 5265 ὕψος,

207 5286 404 5359 τιμὴν,
435 5286 781 5359 δοξαζομένῳ
810 5287 965 5358 παρὰ
989 5288 1098 5340 τῶν
1123 5288 1443 5359 μετέπειτα,
1475 5290 1574 5343 καὶ
1610 5286 1698 5345 διὰ
1731 5288 1794 5342 τὸ

206 5377 511 5451 βασιλεῦον
544 5377 635 5431 ἀεὶ
662 5376 817 5447 γένος
852 5378 1044 5433 αὐτοῦ.

298 5472 639 5541 Ἠτοίμασα
668 5472 904 5540 λύχνον
944 5471 1024 5537 τῷ
1058 5469 1287 5539 χριστῷ
1310 5487 1448 5539 μου.
1485 5470 1791 5540 Ἦτοίμασα

204 5562 411 5636 λύχνον
431 5563 508 5634 τῷ
532 5562 749 5635 βασιλεί
778 5560 882 5635 μοῦ
910 5562 1096 5617 Δαὸὶδ.
1125 5563 1468 5626 υίκειὼσεως
1492 5562 1550 5616 δὲ
1572 5563 1631 5616 τὸ
1671 5561 1791 5633 μοῦ

203 5653 532 5711 ιὰπαῦθαο
574 5653 856 5725 Δύχνονδὲ
886 5654 1034 5724 λέγει
1074 5650 1173 5726 τὴν
1197 5652 1447 5707 εὔκλειαν
1485 5652 1580 5708 τοῦ
1609 5654 1791 5726 σπέρ-

204 5764 387 5819 ματος
452 5745 642 5811 αὑτοῦ,
701 5746 860 5818 δίκην
908 5745 1106 5817 λύχνου
1140 5744 1461 5818 μιγνύουσαν
1496 5746 1670 5799 ἅπασι
1693 5748 1792 5815 τὴν

201 5839 374 5906 δόξαν
403 5838 596 5904 αὐτοῦ,
620 5839 716 5894 καὶ
738 5841 941 5911 τρόπον
975 5839 1153 5909 φωτὸς
1180 5838 1645 5893 ὑποδεικνύουσαν
1672 5841 1794 5901 ταῖς

200 5931 416 6003 ἑφεξῆς
447 5933 668 6002 γενεαῖς
699 5932 793 5987 τὸν
840 5932 1110 6003 πρόγονον
1157 5930 1255 5986 τοῦ
1287 5930 1531 5985 τοιούτου
1560 5930 1751 6000 γένους
1771 5946 1788 5961 '

1973 5099 2131 5157 Vens.
2175 5100 2258 5155 l7.
2291 5099 2415 5155 Illic
2443 5100 2577 5155 oriri
2608 5099 2806 5170 faciam
2837 5115 2998 5153 cornu
3043 5099 3148 5169 ipsi
3191 5098 3381 5154 David.
3416 5099 3472 5155 in

1898 5190 2030 5248 Sion
2076 5193 2309 5260 scilicet,
2341 5193 2395 5247 in
2428 5209 2530 5265 qua
2574 5194 2706 5248 oriri
2760 5192 2810 5247 ei
2863 5191 3052 5246 faciam
3096 5191 3367 5262 gloriam,
3408 5208 3479 5248 ac

1894 5284 2279 5339 celsitudinem
2312 5301 2376 5339 ex
2412 5299 2608 5352 genere
2651 5284 2839 5350 David,
2884 5284 3011 5351 quia
3055 5291 3110 5337 et
3154 5298 3182 5335 ιι
3234 5286 3474 5352 posteris

1897 5378 2315 5449 glorilicabitur,
2356 5387 2409 5433 et
2444 5378 2591 5430 illius
2626 5376 2903 5446 generatio
2936 5390 3152 5444 semper
3188 5378 3467 5445 regnavit.

1968 5471 2167 5525 Puran
2209 5471 2476 5524 lucernam
2520 5467 2721 5523 eliristo
2750 5484 2883 5522 meo.
2940 5467 3167 5523 Christo
3195 5484 3336 5533 tneo,
3366 5470 3475 5522 hoc

1897 5573 2005 5627 est,
2042 5562 2153 5629 regi
2183 5576 2304 5614 meo
2350 5559 2539 5614 David.
2589 5559 2766 5614 Meum
2811 5568 2992 5615 autem
3034 5560 3157 5615 ideo
3190 5561 3363 5624 dixit,
3409 5567 3477 5614 ut

1894 5652 2331 5711 benevolentiam
2362 5665 2517 5706 suam
2549 5666 2678 5722 erga
2710 5667 2836 5707 eum
2865 5652 3202 5718 ostenderet,
3231 5661 3290 5705 ut
3328 5652 3478 5705 dixi-

1894 5760 2039 5800 mus.
2076 5745 2179 5799 Per
2218 5742 2498 5798 lucernam
2533 5758 2662 5797 vero
2704 5744 2933 5815 gloriam
2971 5752 3316 5813 posterorum
3348 5742 3477 5813 ejus

1895 5837 2171 5907 intelligit,
2202 5851 2345 5907 quae,
2365 5836 2602 5891 lucernae
2628 5835 2825 5901 instar,
2853 5837 3038 5907 gloriae
3065 5835 3186 5904 ejus
3213 5835 3477 5906 splendo.

1895 5943 2011 5983 rem
2046 5928 2303 5983 omnibus
2336 5927 2677 5984 deuitonstrat
2701 5968 2717 5995 ,
2745 5936 2800 5984 et
2826 5924 3207 5998 huiuscemodi
3238 5940 3472 5999 genera-
