3964 6554
499 406 639 471 1223
704 387 706 390 ’
1731 391 2114 454 EUTlIYMII
2148 389 2505 450 ZlGABENI
3610 379 3734 449 Iiit

503 523 669 580 tionis
701 491 1126 592 progeniiorem,
1160 509 1326 566 veluti
1355 507 1628 579 quoddam
1658 506 1837 558 lumen
1873 501 2072 556 tuturis

2199 502 2208 570 ᾗ
2238 501 2430 570 λύχνον
2486 501 2585 570 τὴν
2615 498 2981 569 λαμπρότητα
3017 496 3110 550 τοῦ
3146 495 3340 566 γένους
3373 493 3562 558 αὐτοῦ,
3606 494 3735 558 λάμ-

501 612 943 690 generationibns
975 609 1201 662 illucere
1243 602 1392 657 facit.
1447 599 1544 654 Vel
1589 613 1684 669 per
1741 597 2067 656 lucernam,

2199 609 2387 646 τουσαν
2439 593 2495 646 έν
2533 593 2648 654 τοῖς
2694 590 2929 645 ἔθνεσιν.
2984 589 3146 642 ’Δλλὰ
3193 587 3370 642 ταῦτα
3419 587 3617 648 πάντα,
3654 585 3737 637 ἐὰν

501 679 720 777 generis
751 705 834 759 sui
859 700 1203 772 splendorem
1226 695 1351 750 ideo
1376 692 1652 762 intelligit,
1677 689 1803 760 quia
1827 686 2078 757 splendet

2199 683 2528 754 ρυλάξωνται
2560 683 2660 753 τὴν
2690 679 3063 750 δικαιοσύνην,
3089 681 3164 742 ὡς
3191 680 3410 750 εἴρηται

501 767 645 859 inter
674 767 1118 870 gentesaV'erum
1145 792 1261 848 haec
1287 789 1471 847 omnia
1510 802 1572 843 ea
1599 783 1914 842 conditione
1950 780 2059 835 illis
2100 779 2374 850 promissa
2401 785 2568 842 sunt,
2616 776 2662 832 si
2703 781 3095 831 testamentum
3171 773 3266 826 Dei
3337 767 3739 826 custodiverint-

501 905 560 950 ut
586 895 791 952 dictum
821 900 925 948 est.

576 989 738 1044 Vsus.
773 987 858 1041 18.
914 983 1162 1040 Inimicos
1199 979 1314 1050 ejus
1345 979 1566 1033 induam
1604 974 1930 1044 confusione.
1967 970 2076 1025 lnio

506 1084 680 1137 micos
719 1080 930 1135 scilicet
964 1075 1130 1130 David
1167 1089 1259 1127 aut
1287 1069 1502 1142 generis
1535 1069 1679 1138 ejus.

576 1175 748 1243 Super
779 1174 948 1241 ipsum
987 1178 1161 1222 autem
1191 1164 1436 1237 eﬁiorebit
1470 1160 1826 1230 sanctificatio
1867 1172 2076 1211 mea.—

507 1265 674 1335 Super
706 1267 875 1333 ipsum
915 1262 1103 1327 David,
1144 1276 1239 1314 seu
1268 1272 1434 1328 super
1469 1256 1592 1326 ejus
1643 1268 1853 1307 semen.
1900 1249 2077 1320 Super

506 1359 678 1426 ipsum
710 1365 916 1415 autem.
956 1354 1058 1407 hoc
1097 1358 1202 1416 est,
1258 1358 1501 1419 tempore
1545 1345 1718 1416 ipsius
1761 1342 1950 1406 David,
1993 1339 2079 1395 vel

510 1459 752 1517 tempore
779 1444 1006 1499 seminis
1033 1444 1171 1511 ejus.
1202 1456 1310 1511 quo
1329 1450 1574 1507 tempore
1605 1437 1866 1506 templum
1897 1448 2075 1488 meum

509 1553 725 1593 summo
755 1553 878 1592 cum
931 1533 1221 1605 splendore
1269 1531 1508 1594 ﬂorebit,
1570 1530 1673 1583 hoc
1728 1534 1834 1590 est,
1878 1540 1941 1580 eo
2001 1538 2086 1578 re-

513 1638 738 1700 gnante.
773 1626 1004 1693 Quidam
1041 1639 1170 1679 vero
1207 1639 1303 1694 per
1328 1637 1521 1685 cornu,
1551 1628 1604 1675 et
1641 1635 1738 1689 per
1774 1618 2085 1681 lucernam,

513 1737 694 1793 regem
741 1721 1048 1791 intelligunt
1099 1715 1444 1778 Zorobabel,
1493 1712 1650 1782 cujus
1703 1712 1887 1764 hostes
1932 1709 2088 1761 aiunt

515 1812 686 1866 fuisse
719 1809 1002 1873 confusos,
1031 1817 1082 1862 ει
1117 1821 1227 1877 quo
1269 1812 1528 1875 regnante
1559 1803 1820 1872 templum
1848 1799 2085 1861 Domini,

2259 961 2412 1027 Τοὺς
2465 949 2732 1027 ἐχθροὺς(
2760 953 2947 1008 αὑτοῦ
2977 950 3217 1007 ἐνδύσω
3258 957 3582 1017 ιιισχυνην.
3616 946 3740 1010 Τοὺς

2186 1055 2417 1128 ιχθροὺς
2444 1050 2636 1115 αὑτοῦ,
2667 1050 2787 1120 ήτοι
2817 1046 2912 1100 τοῦ
2942 1048 3130 1114 γένους
3161 1040 3352 1096 αὑτοῦ.

2266 1147 2399 1202 Ἐπί
2440 1145 2510 1198 δὲ
2571 1140 2762 1197 αὐτὸν
2823 1137 3148 1204 ἐξανθήσει
3203 1134 3269 1188 τὸ
3312 1131 3576 1202 ἁγίασμά
3613 1147 3736 1198 μου.

2195 1238 2320 1292 Ἐπὶ
2355 1235 2538 1301 Δαϐὶδ,
2569 1235 2736 1306 ἤγουν
2771 1232 2862 1285 ἐπὶ
2890 1230 2953 1284 τὸ
2981 1229 3204 1301 σπέρμα
3239 1225 3404 1280 αὑτοῦ
3425 1223 3738 1294 φαιδρυνθή-

2188 1348 2339 1384 σεται
2385 1326 2594 1381 θάλλων
2622 1315 2650 1379 ὂ
2681 1324 2805 1387 ναός
2850 1340 2973 1395 μου.
3020 1322 3093 1375 Τὸ
3134 1319 3258 1374 Ἐπ’
3289 1319 3479 1371 αὑτὸν
3523 1317 3598 1380 δὲ,
3634 1315 3740 1366 ἀντὶ

2187 1421 2280 1477 τοῦ
2307 1419 2441 1475 Κατ’
2470 1416 2660 1482 αὐτὸν,
2699 1416 2817 1486 ἢτοι
2882 1411 3025 1466 κατὰ
3079 1411 3177 1481 τὴν
3219 1407 3416 1478 γενεὰν
3468 1404 3644 1468 αὑτοῦ,
3689 1406 3737 1454 ὲν

2185 1517 2251 1584 τῇ
2288 1509 2538 1584 βασιλείᾳ
2603 1507 2794 1562 αὐτοῦ.
2837 1503 2994 1568 Τινὲς
3023 1503 3076 1556 δὲ
3100 1502 3269 1572 κέρας
3305 1499 3403 1553 καὶ
3437 1498 3620 1567 λύχνον
3658 1497 3737 1547 τὸν

2188 1603 2496 1678 Ζοροϐάϐελ
2533 1602 2670 1672 φασί
2698 1615 2712 1630 ο
2773 1599 2868 1652 καὶ
2898 1597 3090 1650 τούτου
3119 1596 3341 1663 λέγουσι
3380 1593 3505 1654 τοὺς
3537 1588 3739 1659 ἐχθροὺς

2187 1702 2566 1775 αἰσχυνθῆναι,
2609 1697 2706 1752 καὶ
2750 1696 2844 1750 ἐπὶ
2874 1695 2972 1760 τῆς
3009 1690 3282 1763 βασιλείας
3316 1686 3481 1742 αὐτοῦ
3532 1683 3738 1751 ἐξανθῆο

2190 1815 2279 1849 σαι
2310 1795 2401 1848 τὸν
2433 1789 2891 1863 ἀπομαρανθέντα
2916 1786 3085 1841 πάλαι
3117 1783 3242 1836 ναόν
3273 1799 3286 1812 ·
3317 1781 3498 1850 ἕτεροι
3522 1778 3575 1830 δὲ
3601 1775 3741 1827 πάλιν

512 1905 659 1974 quod
699 1903 789 1957 diu
823 1903 951 1955 olim
985 1900 1326 1970 profanatum
1351 1940 1364 1961 ,
1401 1871 1862 1960 dirutum,atque
1893 1892 1973 1964 (ut
2013 1891 2084 1944 ita

2199 1889 2245 1942 τὶ
2275 1890 2362 1942 ὅτι
2397 1885 2721 1951 ἐξελέξατο
2752 1883 2968 1949 Κύριος
2999 1878 3114 1945 τὴν
3144 1876 3316 1940 Σιὼν,
3353 1875 3452 1929 καὶ
3473 1874 3540 1926 τὰ
3568 1871 3742 1941 ἑφεξῆς

518 1992 721 2064 dicam)
784 1989 1112 2046 labefactum
1148 1988 1344 2053 fuerat,
1371 1986 1625 2042 eﬂloruit.
1665 1983 1894 2049 Quidam
1923 1982 2084 2036 etiam

522 2089 684 2145 verba
717 2089 808 2142 illa
843 2105 857 2141 :
892 2085 1029 2151 Quia
1052 2083 1206 2151 elegit
1241 2079 1499 2134 Dominus
1545 2079 1672 2132 Sion
1695 2117 1709 2141 ,
1753 2084 1807 2129 ει
1842 2090 1962 2143 qua:
1998 2087 2088 2126 se-

518 2194 764 2253 quuntur
799 2179 981 2234 omnia
1012 2218 1028 2242 ,
1060 2177 1399 2247 prophetiam
1437 2172 1720 2225 continere
1761 2168 1988 2229 dicunt,
2023 2163 2091 2218 de

517 2277 586 2330 iis
615 2275 706 2345 qui
738 2273 791 2326 in
828 2270 1139 2324 Jndzeornm
1173 2267 1372 2338 populo
1409 2264 1556 2332 digni
1595 2263 1836 2324 fuerunt,
1864 2267 1922 2312 ut
1951 2271 2091 2328 pro-

521 2367 788 2438 pheticam
862 2362 1090 2432 gratiam
1147 2362 1640 2426 consequerentur.
1702 2348 1768 2402 Bt
1829 2348 2089 2419 quoniam

513 2459 672 2526 juxta
710 2455 954 2510 historiae
986 2465 1210 2508 sensum
1259 2447 1527 2520 psalmum
1573 2445 1684 2514 jam
1714 2441 2090 2512 exposuimus,

520 2560 695 2605 restat
733 2560 793 2604 ut
819 2550 1102 2602 tradamus
1137 2545 1300 2599 etiam
1333 2554 1674 2612 quazcunque
1703 2538 1770 2592 de
1813 2537 2094 2591 Salvatore

521 2650 710 2694 no.~tro
738 2639 792 2694 in
834 2653 898 2692 eo
932 2645 1263 2691 tractantur.
1295 2631 1665 2693 Introibimus,
1705 2626 1904 2697 inquit,
1931 2625 1981 2677 in
2015 2633 2097 2676 ta-

523 2731 804 2785 bernacula
841 2730 993 2795 eius,
1050 2727 1392 2782 adorabimns
1441 2726 1494 2779 in
1543 2723 1654 2776 loco
1705 2723 1791 2774 ubi
1839 2728 2094 2774 steterunt

523 2823 675 2888 pedes
703 2821 854 2890 ejus;
896 2823 1016 2874 haec
1066 2820 1232 2874 verba
1277 2834 1343 2872 ex
1398 2815 1632 2870 ﬁdelium
1687 2826 1917 2882 persona
1971 2826 2097 2880 pro-

526 2914 742 2984 phetice
769 2914 913 2966 dicta
940 2919 1088 2977 sunt,
1113 2911 1204 2980 qui
1239 2917 1431 2963 mutuo
1453 2909 1592 2960 inter
1617 2920 1734 2960 sese
1760 2903 2094 2964 consoltant,

525 3006 783 3076 quidnam
827 3002 1023 3057 facturi
1059 3003 1192 3057 sint.
1217 3001 1285 3054 Et
1322 3015 1417 3069 per
1447 2996 1823 3059 tabernacula,
1855 2995 1974 3049 loca
2011 2994 2095 3047 in-

527 3095 799 3163 telligunt,
845 3105 966 3160 quae
994 3089 1047 3143 in
1074 3089 1365 3143 Palaestina
1399 3097 1547 3149 sunt,
1588 3085 1678 3138 ubi
1710 3083 1980 3138 habitavit
2005 3092 2098 3136 aut

526 3193 881 3239 conversatus
930 3188 1014 3236 Cal
1051 3178 1330 3235 Christus.
1381 3177 1483 3232 Per
1532 3177 1708 3231 locum
1783 3183 1964 3229 autem
2013 3173 2098 3226 ubi

2193 1981 2411 2034 ἅπαντα
2445 1977 2601 2050 ῥητὰ,
2650 1972 2987 2045 προφητείαν
3025 1967 3166 2023 εῖναι
3195 1969 3417 2028 λέγουσι
3464 1966 3570 2016 τῶν
3599 1966 3650 2015 ἐν
3679 1962 3744 2030 τῷ

2191 2069 2482 2140 δηλωθέντι
2509 2066 2623 2137 ναῷ
2655 2062 3001 2135 προφητικοῦ
3036 2060 3379 2132 χαρίσματος
3428 2054 3743 2125 ἠξιωμένων.

2205 2161 2357 2214 Ἐπεὶ
2383 2159 2438 2212 δὲ
2473 2157 2592 2212 καθ’
2625 2155 2866 2226 ἱστορίαν
2888 2156 2914 2208 ὁ
2935 2152 3148 2224 ψαλμδς
3194 2151 3568 2221 ἡρμήνευται,
3600 2162 3745 2213 pasa-

2193 2250 2498 2324 χειριστέον
2533 2249 2634 2320 ἤδη
2696 2249 2791 2301 καὶ
2833 2248 2932 2300 ὅσα
2987 2245 3179 2298 τούτου
3231 2243 3358 2312 περὶ
3387 2240 3480 2294 τοῦ
3521 2235 3746 2305 Σωτῆρος

2200 2343 2361 2413 ἡμῶν
2401 2341 2642 2412 Χριστοῦ
2703 2337 3161 2407 διαλαμϐάνουσιν
3189 2349 3204 2363 °
3259 2329 3744 2396 Εἱσελευσόμεθα,

2195 2437 2385 2505 φησιν,
2404 2435 2491 2499 είς
2528 2431 2598 2486 τὰ
2625 2432 2990 2500 σκηνώματα
3013 2426 3220 2488 αὑτοῦ,
3250 2421 3747 2493 προσκυνήσωμεν

2194 2527 2282 2591 εἰς
2333 2525 2521 2578 τόπον
2568 2518 2640 2580 οὗ
2692 2523 2965 2590 ἔστησαν
3027 2523 3080 2574 oi
3145 2518 3327 2582 πόδες
3381 2513 3585 2569 αὑτοῦ.
3631 2513 3749 2580 [lpo-

2196 2616 2395 2689 φητεία
2463 2614 2620 2668 τοῦτο
2703 2614 2830 2685 περὶ
2904 2611 3014 2666 τῶν
3091 2607 3461 2682 Χριστιανῶν,
3526 2602 3746 2671 ἀλλήλοις

2198 2708 2369 2763 ταῦτα
2391 2705 2889 2778 συμϐουλευόντων,
2918 2705 3010 2758 καὶ
3041 2704 3305 2774 σκήνωμα
3335 2701 3434 2770 μὲν
3464 2697 3710 2764 λεγόντων
3729 2710 3741 2723 ·

2203 2802 2330 2864 τοὺς
2361 2801 2417 2854 ὲν
2451 2798 2789 2868 Παλαιστίνῃ
2827 2796 3052 2862 τόπους,
3090 2793 3219 2846 ἔνθα
3262 2791 3637 2860 ἀνεστρέφετο,
3673 2783 3748 2835 καὶ

2201 2891 2442 2962 κατῴκει
2469 2906 2483 2920 ο
2525 2890 2688 2942 τόπον
2740 2889 2796 2942 δὲ
2845 2890 2979 2942 ὅπου
3034 2887 3272 2955 ἔστησαν
3309 2884 3356 2936 οί
3391 2881 3547 2942 πόδες
3585 2875 3745 2936 αὐτοῦ,

2201 2984 2234 3055 ἢ
2265 2984 2407 3036 αὐτὰ
2445 2981 2514 3035 τὰ
2544 2979 2878 3050 σκηνώματα
2908 2979 3036 3031 ἔνθα
3065 2976 3405 3045 περιεπάτει,
3430 2972 3464 3042 ἦ
3499 2971 3584 3023 τὸν
3611 2984 3750 3021 stau-

2205 3077 2315 3148 ρδν,
2338 3068 2381 3142 ᾧ
2404 3071 2842 3145 προσηλὼθησαν
2865 3071 2916 3124 0i.
2941 3070 3101 3133 πόδες
3141 3067 3327 3131 αὑτοῦ,
3351 3066 3410 3118 ὃν
3434 3065 3528 3118 καὶ
3552 3060 3750 3118 ὑποπό-

2203 3168 2337 3222 διον
2369 3167 2653 3236 ὠνόμασεν
2701 3165 2758 3218 ὲν
2790 3162 2866 3232 τῷ
2895 3161 3004 3230 υιη⁹
3031 3159 3253 3230 ψαλμῷ.
3289 3157 3394 3211 Καὶ
3431 3156 3607 3227 μέντοι
3637 3168 3752 3204 mv-

527 3283 782 3330 steternnt
813 3273 965 3343 pedes
991 3271 1128 3341 ejus,
1155 3270 1240 3325 vel
1265 3270 1454 3325 eadem
1484 3269 1724 3338 intellige
1751 3266 2092 3322 tabernacula

2204 3260 2434 3330 ταχόθεν
2510 3257 2839 3329 συρρέοντες
2887 3255 3233 3325 εἰσέρχονται
3288 3253 3369 3314 εἰς
3427 3250 3552 3310 τοὺς
3579 3247 3750 3305 τόπους

526 3378 583 3424 ει
630 3367 745 3422 loca
778 3369 832 3421 in
871 3367 1073 3436 quibus
1118 3364 1381 3420 Dominus
1427 3362 1758 3428 ambulavit;
1793 3362 1874 3416 vel
1927 3361 2100 3429 ipsam

528 3476 773 3523 crucem,
803 3460 892 3513 cui
916 3458 1118 3514 Christi
1159 3458 1324 3526 pedes
1354 3455 1552 3511 confixi
1584 3462 1734 3519 sunt,
1763 3463 1816 3509 et
1838 3468 2021 3524 quam,
2049 3453 2102 3506 in

2207 3351 2475 3415 ἐκείνους,
2512 3349 2608 3402 καὶ
2659 3346 3066 3416 προσκυνοῦσιν
3103 3343 3385 3397 ἑκάστοτε.
3438 3339 3751 3403 ’Λνάστηθι,

2209 3441 2361 3511 φησὶ,
2411 3441 2608 3508 Κύριε,
2660 3441 2745 3503 είς
2801 3438 2916 3504 τὴν
2950 3435 3303 3491 ἀνάπαυσίν
3341 3451 3482 3498 σου,
3523 3431 3599 3484 σὺ
3626 3427 3751 3493 καὶὴ

528 3553 742 3624 psalmo
779 3565 971 3613 xcvm,
1009 3523 1293 3604 scabeiium
1323 3551 1507 3615 pedum
1535 3540 1650 3617 ejus
1682 3523 1990 3618 appellavit.
2026 3543 2092 3598 El

2208 3531 2456 3596 κιϐωτὸς
2512 3530 2618 3584 τοῦ
2661 3529 3030 3599 ἁγιάσματός
3065 3543 3211 3581 σου·
3246 3523 3542 3590 ἀνάστηθι
3590 3523 3649 3575 ἐκ
3675 3536 3752 3572 νει

531 3644 803 3700 universis
838 3643 1112 3712 siquidem
1147 3640 1335 3696 mundi
1368 3640 1617 3710 partibus
1647 3638 1776 3692 illuc
1819 3635 2092 3691 conﬂuunl

2209 3623 2386 3692 κρῶν,
2415 3623 2513 3676 καὶ
2543 3621 2795 3690 ἀνάϐηθι
2824 3624 2910 3686 είς
2937 3622 3046 3673 τὸν
3084 3620 3302 3687 θρόνον
3325 3617 3433 3685 τῆς
3455 3617 3523 3669 ἐν
3547 3609 3749 3682 οἰρανῷ

536 3734 808 3802 homines,
841 3744 1003 3805 atque
1041 3735 1094 3788 in
1133 3749 1196 3789 ea
1230 3746 1414 3789 sancta
1451 3734 1566 3788 loca
1611 3731 2016 3802 ingrediuntur,
2051 3738 2092 3784 el

2205 3716 2529 3782 βασιλείας
2555 3730 2693 3792 σου,
2716 3714 2797 3768 σὺ
2815 3717 2848 3768 ό
2872 3713 3040 3779 Θεὸς,
3060 3712 3235 3766 καὶτὸ
3257 3711 3614 3778 πρόσλημμὰ
3635 3721 3752 3760 σου.

538 3827 766 3885 adorant
800 3829 910 3882 illic
959 3827 1271 3882 Dominum.
1326 3825 1585 3895 Exsurge,
1617 3823 1827 3892 inquit,
1865 3822 2104 3887 Domine,

538 3923 593 3976 in
615 3922 840 3991 requiem
875 3930 1041 3986 tuam,
1067 3929 1121 3971 tu
1148 3927 1198 3971 et
1233 3935 1358 3971 arca
1384 3915 1822 3984 sanctiﬁcationis
1847 3923 1972 3977 tum,
2007 3913 2110 3967 hoc

537 4022 642 4079 est,
691 4023 800 4067 tuae
850 4012 1157 4067 divinitatis
1209 4009 1647 4072 tabernaculum,
1700 4017 1852 4060 tuum
1902 4007 2111 4061 scilicet

537 4103 975 4160 sacratissimum
1013 4118 1236 4172 corpus.
1279 4099 1750 4168 Quemadmodum
1786 4097 1933 4153 enim
1983 4111 2109 4152 arca

538 4195 626 4250 illa
661 4205 852 4252 sancta
889 4196 979 4251 Dei
1011 4211 1075 4250 ex
1123 4192 1637 4264 incorruptibilibns
1664 4191 1821 4260 lignis
1847 4189 2108 4244 fabricata

2211 3808 2381 3863 Τοῦτο
2429 3807 2537 3879 γὰρ
2595 3806 2825 3868 κιϐωτὸς
2855 3805 2954 3876 τῆς
2983 3805 3318 3875 ἁγιωσύνης,
3360 3804 3482 3874 ἦτοι
3520 3802 3754 3869 σκήνωμα

2210 3905 2309 3973 τῆς
2353 3900 2639 3969 θεότητος’
2682 3899 2873 3969 ὥσπερ
2911 3897 3020 3968 γὰρ
3054 3898 3087 3967 ἠ
3139 3895 3368 3957 κιϐωτὸς
3395 3896 3460 3947 ὲκ
3485 3893 3644 3958 ξύλων
3675 3891 3758 3962 μὲν

2217 3995 2480 4056 ἀσήπτων
2508 3991 2941 4055 κατεσκεύαστο,
2976 3989 3292 4060 κεχρύσωτο
3316 3989 3374 4042 δὲ
3406 3985 3625 4056 καθαρῷ
3648 4003 3758 4054 xpu-

2215 4088 2312 4158 σῷ,
2332 4085 2474 4140 οὕτω
2493 4086 2587 4139 καὶ
2607 4084 2668 4138 τὸ
2687 4083 2936 4155 πρόσλημ
2946 4100 3020 4153 μα
3040 4083 3102 4134 ὲκ
3135 4080 3388 4152 σώματος
3406 4080 3507 4150 μὲν
3535 4076 3759 4145 ἀδιαφθό-

2216 4197 2310 4250 ρου
2352 4176 2736 4249 συμπέπηκτο.
2755 4175 3046 4228 Ἐτεθέωτο
3075 4173 3132 4226 δὲ
3163 4174 3227 4226 ἐκ
3257 4172 3511 4242 θεότητος
3532 4168 3757 4236 φυσικῆς.

538 4297 678 4353 erat,
705 4297 758 4344 et
795 4289 1090 4358 purissimo
1127 4289 1354 4356 insuper
1378 4301 1514 4340 auro
1538 4286 1814 4348 inaurata,
1851 4284 1922 4337 ita
1946 4281 2092 4337 etian

2219 4269 2422 4342 κυρίως
2454 4269 2728 4341 θεότητος,
2774 4269 2941 4339 ῆγουν
2988 4268 3051 4319 ἐκ
3081 4266 3182 4334 τῆς
3216 4263 3468 4327 ὲνώσεως
3496 4263 3588 4316 τοῦ
3618 4262 3760 4321 όντως

543 4385 821 4443 assumpta
881 4375 1087 4431 Christi
1136 4355 1448 4430 humanitas
1501 4391 1566 4429 ex
1619 4376 1936 4444 incorrupto
1991 4373 2092 4442 ejltl

2215 4362 2370 4416 Θεοῦ.
2429 4363 2494 4414 οι
2527 4360 2724 4430 ίερεῖς,
2768 4358 2957 4429 φησιν,
3007 4357 3371 4412 ἐνδύσονται
3395 4355 3761 4418 δικαιοσύνην

539 4477 767 4533 corpore
793 4475 909 4518 erat
940 4473 1243 4534 compacta,
1275 4480 1340 4518 ex
1374 4465 1602 4535 ipsaque
1631 4481 1757 4519 vera
1789 4479 1852 4518 ac
1879 4465 2092 4520 sanctis-

2215 4454 2314 4524 τὴν
2348 4453 2490 4507 κατὰ
2531 4453 2592 4505 τὸ
2616 4450 2974 4521 Εὐαγγέλιον,
3004 4451 3121 4521 ἤτοι
3150 4448 3594 4520 κοσμηθήσονται
3623 4445 3761 4515 ἀρετῇ

541 4555 678 4609 sima
715 4555 1002 4610 divinitate
1037 4556 1120 4628 (nt
1153 4556 1251 4613 .ita
1301 4556 1505 4627 dicam)
1543 4564 1662 4612 erat
1698 4557 1971 4621 deiﬁcata,
2018 4571 2092 4626 pel

2219 4549 2391 4618 πὰσῃο
2416 4545 2512 4600 καὶ
2543 4548 2594 4599 οἱ
2620 4545 2778 4598 ὅσιοι
2807 4559 2923 4597 σου
2943 4542 3438 4613 ἁγαλλιάσονται·
3463 4542 3556 4594 καὶ
3575 4542 3620 4592 0i
3652 4537 3761 4609 μετᾶ

544 4648 797 4702 unionem
835 4649 1093 4702 nimirum
1132 4649 1279 4703 illam
1333 4647 1659 4703 ineffabilem
1714 4650 1825 4704 veri
1860 4649 1974 4704 Dei.
2011 4647 2092 4703 Sat

2218 4639 2345 4703 τοὺς
2374 4641 2541 4710 ίερεῖς
2557 4654 2648 4690 σου
2673 4636 2961 4706 φιλόιρετοι
2979 4633 3759 4703 ἀγαλλιάσονται,πολιτευόμε·

542 4739 776 4792 cerdotes
810 4739 886 4791 tui
919 4739 1208 4792 induantur
1222 4741 1463 4809 justitia,
1490 4739 1804 4809 evangelica
1832 4739 2087 4794 nimirum

2219 4747 2299 4784 νοι
2329 4729 2660 4798 ἀγγελικῶς.
2687 4729 2967 4794 Ἕνεκεν,
2999 4727 3154 4797 φησι,
3205 4727 3385 4781 Δαϐίδ
3412 4727 3519 4781 τοῦ
3565 4726 3758 4779 δούλου

542 4832 624 4884 vel
659 4830 807 4882 omni
837 4831 1100 4884 virtutum
1126 4847 1324 4902 genere
1346 4834 1692 4887 ornabuntur
1717 4849 1730 4897 ;
1759 4840 1808 4884 et
1839 4832 2010 4885 sancti
2041 4841 2092 4884 tu

2219 4843 2355 4889 σου,
2405 4823 2492 4894 μὴ
2525 4823 2920 4891 ἀποστρέψῃς
2947 4822 3012 4875 τὸ
3039 4822 3367 4890 πρόσωπον
3398 4821 3504 4875 τοῦ
3538 4816 3759 4888 Χριστοῦ

541 4920 914 4985 exsultabant,
953 4931 1006 4976 et
1046 4923 1358 4992 quicunque
1393 4938 1516 4976 cum
1551 4921 1932 4976 sacerdotibus
1964 4934 2085 4974 ama

2219 4934 2357 4972 σου.
2415 4917 2475 4970 Et
2539 4916 2636 4969 καὶ
2689 4917 2765 4985 μὴ
2813 4915 2880 4968 δι’
2929 4915 3058 4970 ἄλλο
3102 4933 3176 4980 τι,
3226 4913 3365 4969 ἀλλά
3385 4933 3449 4983 γε
3481 4914 3546 4968 δι’
3578 4915 3668 4983 ἐμὲ
3690 4927 3760 4962 τον

544 5025 693 5069 tores
725 5011 929 5070 fuerint
968 5015 1260 5080 virtutum,
1291 5013 1595 5085 angelicam
1636 5022 1954 5083 peragentes
1987 5027 2090 5066 con

2221 5010 2410 5063 δοῦλόν
2440 5026 2559 5074 σου,
2591 5008 2666 5080 μὴ
2697 5007 3045 5078 ἁποστρέψῃς
3065 5007 3164 5077 τὴν
3189 5009 3514 5076 ἐπιφάνειαν
3541 5007 3628 5059 τοῦ
3653 5005 3760 5073 Χρι-

545 5108 932 5170 versationem,
961 5106 1179 5161 illorum
1205 5106 1370 5161 etiam
1405 5121 1553 5159 more
1579 5105 1953 5160 exsultabant.
1985 5103 2092 5157 Pio

2226 5097 2348 5150 στοῦ
2373 5116 2492 5163 σου,
2561 5098 2846 5168 μέλλοντος
2878 5096 3221 5166 ἐπιφανῆναι
3251 5099 3361 5161 τοῖς
3391 5097 3684 5168 ἀνθρώποις
3708 5093 3760 5146 δι’

543 5207 659 5267 pter
691 5197 859 5252 David
895 5214 1101 5252 servum
1144 5208 1316 5265 tuum,
1347 5215 1409 5250 ne
1453 5207 1661 5251 avertas
1702 5198 1890 5266 faciem
1924 5197 2092 5252 Christ

2222 5190 2698 5260 ἐνανθρωπήσεως
2727 5204 2740 5217 ⁸
2779 5188 2893 5242 ἀλλ’
2949 5189 3292 5259 ὲπιφανήτω.
3330 5187 3395 5241 ἸΙ
3423 5189 3695 5259 όμοσθεὶσα

547 5293 648 5346 tui.
696 5290 751 5345 Si
796 5292 1004 5345 nullam
1047 5292 1211 5344 aliam
1255 5292 1325 5345 ob
1352 5306 1603 5352 causam,
1635 5299 1858 5360 propter
1894 5306 1978 5344 me
2009 5289 2088 5344 Sal

2219 5279 2299 5350 τῷ
2355 5279 2520 5333 Δαϐἱδ
2572 5279 2826 5350 ἀλήθεια,
2891 5281 3010 5351 ἦτοι
3044 5279 3106 5333 τὸ
3154 5283 3218 5334 ἐκ
3264 5281 3578 5352 σπέρματος
3623 5277 3756 5334 αὐτοῦ

548 5391 654 5435 tem
688 5396 908 5436 servum
939 5390 1092 5436 tuum
1118 5421 1132 5447 ,
1166 5397 1375 5452 quaeso,
1410 5398 1478 5437 ne
1509 5381 1712 5436 Christi
1761 5382 1838 5434 tui
1873 5397 2084 5451 praesen

2223 5374 2449 5426 καθίσαι
2508 5375 2587 5434 είς
2640 5371 2731 5424 τὸν
2786 5372 2975 5444 θρόνον
3001 5375 3098 5443 τῆς
3151 5374 3434 5444 βασιλείας
3490 5375 3660 5436 αὐτοϋ,
3687 5374 3756 5425 τὸν

550 5475 678 5526 tiam
703 5483 944 5558 avertas,
973 5475 1063 5544 qui
1096 5490 1192 5544 per
1223 5476 1659 5530 incarnationem
1694 5489 1848 5529 suam
1885 5474 2092 5528 homini

2225 5464 2463 5538 Χριστὸν
2509 5464 2775 5535 ᾐνίττετο.
2809 5460 2980 5529 Οὗτος
3010 5467 3120 5536 γάρ
3170 5467 3320 5520 ἐστιν
3347 5471 3374 5522 ὁ
3412 5470 3610 5539 κυρίως
3637 5468 3759 5538 βασε-

548 5563 652 5618 bns
688 5564 1004 5634 apparebit;
1037 5565 1284 5635 quinimo
1322 5579 1452 5635 rogo
1485 5575 1535 5619 te
1580 5573 1638 5619 nt
1672 5566 1781 5619 cito
1837 5579 1971 5635 appa
1986 5573 2092 5619 real

2225 5558 2352 5621 λευς
2395 5558 2490 5611 τοῦ
2534 5558 2777 5630 Ἰσραὴλ,
2809 5561 2873 5612 ὲκ
2903 5559 3221 5631 σπέρματος
3256 5562 3350 5616 τοῦ
3378 5563 3539 5617 Δαϐὶδ
3569 5563 3656 5633 μὲν
3679 5559 3752 5621 ὢν,

549 5651 765 5708 Veritas
797 5653 961 5708 etiam
997 5671 1117 5722 qua:
1143 5654 1328 5724 jurata
1363 5655 1463 5710 fuit
1492 5655 1596 5725 ipsi
1629 5655 1797 5709 David
1828 5655 1972 5724 quod
2002 5655 2088 5725 ejn

2227 5650 2369 5703 κατὰ
2423 5649 2521 5720 τὴν
2585 5653 2800 5724 μητέρα
2847 5655 2912 5705 ἐκ
2957 5653 3151 5721 γένους
3197 5656 3363 5708 Δαϐὶδ
3393 5654 3753 5723 καταγομένην.

559 5756 742 5797 semen
793 5759 1183 5800 consessorum
1235 5755 1380 5800 esset
1431 5761 1600 5816 super
1658 5747 1912 5801 thronum
1969 5761 2092 5815 rcgn

2230 5741 2481 5811 βασιλεὺς
2504 5743 2559 5796 δὲ
2602 5745 2744 5796 κατὰ
2769 5744 2826 5797 τὸ
2855 5746 3166 5815 νομοθετεῖν
3186 5750 3300 5810 τοῖς
3320 5748 3575 5818 ὑπηκόοις
3601 5743 3751 5799 αὐτοῦ.

545 5834 692 5905 ejus,
722 5834 788 5889 ad
816 5835 992 5906 ipsum
1016 5835 1177 5892 etian.
1206 5837 1480 5892 Christum
1509 5838 1764 5908 pertinet.
1798 5835 1891 5892 Hic
1919 5837 2092 5893 etenin

2229 5839 2326 5892 nul
2360 5837 2673 5908 ῥυθμίζειν,
2705 5839 2798 5892 καὶ
2822 5839 3130 5910 περιέπειν,
3165 5841 3260 5896 καὶ
3291 5841 3758 5913 ύπεραποθνήσχειν
