3964 6552
415 333 545 400 1227

883 449 1159 506 Canticum
1196 462 1531 503 ascensuum.

890 539 1211 596 PSALMUS
1248 536 1509 594 CXXXII.

479 636 626 694 Vsus
663 634 712 689 Ι.
748 631 881 687 Ecce
914 647 1043 686 sane
1080 628 1206 701 quid
1237 628 1452 693 bonum,
1498 635 1589 682 aut
1629 624 1753 697 quid
1796 625 1988 692 iucun-

409 733 558 797 dum,
598 743 760 798 quant
793 726 1035 781 habitare
1068 724 1262 793 fratres
1296 723 1350 777 in
1376 737 1561 775 unum.
1596 718 1871 789 lntegram
1903 724 1987 770 at-

412 840 521 896 que
552 822 767 894 plenam
800 818 1141 890 captivorum
1191 814 1598 873 restitutionem
1645 809 1989 882 prospiciens

414 919 606 971 beatus
643 909 835 976 David,
862 918 916 964 et
940 907 1215 976 quomodo
1238 923 1269 962 a
1298 904 1805 978 perturbationibus
1827 912 1992 974 atque

412 1008 482 1063 ab
517 1005 781 1060 arumnis
816 1001 1067 1065 liberati,
1098 1000 1360 1071 templum
1391 1008 1444 1054 et
1474 998 1752 1053 civitatem
1789 996 1989 1051 iterum

410 1096 732 1155 aedilicaturi
763 1103 941 1160 erant,
969 1101 1024 1149 et
1048 1094 1153 1150 sub
1179 1107 1288 1148 uno
1320 1090 1570 1162 principe
1596 1089 1760 1144 vitam
1788 1087 1991 1152 acturi,

413 1188 671 1243 admonet
703 1201 820 1252 eos,
862 1199 932 1240 ne
970 1199 1164 1241 rursus
1189 1182 1529 1248 dividantur,
1560 1197 1630 1237 ne
1660 1180 1714 1235 in
1743 1180 1991 1237 diversas

414 1295 479 1334 ac
502 1278 684 1333 varias
717 1275 1046 1333 scindantur
1072 1282 1277 1347 partes,
1312 1282 1372 1328 ut
1414 1281 1604 1340 antea,
1641 1269 1862 1343 quando
1893 1270 1994 1326 de-

414 1387 532 1428 cem
568 1373 745 1426 tribus
781 1371 1062 1442 proprium
1092 1368 1368 1425 habebant
1398 1367 1592 1421 ducem
1621 1406 1636 1432 ,
1678 1374 1734 1421 et
1768 1364 1997 1435 reliquae

416 1457 538 1512 duae
571 1457 805 1512 alterum
838 1457 1226 1526 imperatorem
1259 1472 1274 1509 :
1311 1471 1433 1527 quae
1472 1469 1563 1510 res
1596 1454 1996 1523 transgressio-

414 1565 546 1604 num
576 1549 714 1620 legis
759 1548 1312 1619 contentionumquc,
1354 1555 1410 1602 et
1458 1546 1841 1603 calamitatum
1873 1560 1999 1615 per-

416 1657 561 1713 szrpe
595 1642 706 1698 illis
743 1656 914 1696 causa
950 1641 1074 1695 fuit.
1121 1639 1395 1695 Admonet
1426 1639 1590 1710 igitur
1618 1652 1730 1700 eos,
1763 1646 1821 1690 ut
1852 1649 1958 1689 una
1979 1676 1997 1703 ,

416 1741 582 1803 atque
612 1734 719 1788 sub
768 1730 962 1787 eodem
1008 1727 1210 1801 degant
1264 1726 1532 1799 principe,
1579 1725 1820 1781 dicens:
1861 1724 2000 1777 Ecce

1562 327 1949 389 EUTI-lYMll
1995 324 2359 387 ZlGABENI

3528 318 3665 384 1228

2659 441 2715 512 ’ῼ
2724 439 2798 507 δὴ
2864 443 3102 509 ὁμοίως.

2652 533 2950 589 ΨΑΔΜΟΣ
2990 532 3161 587 PAB’.

2174 623 2328 680 Ἰδοὺ
2348 624 2424 692 δή
2454 642 2509 679 τι
2538 625 2750 690 καλὸν,
2782 625 2822 695 ἢ
2845 627 2902 678 τί
2920 624 3414 694 repares-Alfi}
3442 625 3508 680 τὸ
3536 644 3676 679 κατ-

2091 717 2279 772 οικεῖν
2318 716 2623 787 ἀδελφοὺς
2654 719 2751 772 ἐπί
2776 717 2842 772 τὸ
2869 717 3051 784 αὐτό;
3082 717 3195 789 Τὴν
3246 719 3459 773 τελείαν
3496 720 3675 773 αὐτῶν

2092 811 2545 867 ἀποκατάστασιν
2565 809 2802 882 προϊδὼν
2818 812 2847 864 ό
2868 811 3055 878 Δαὸὶδ,
3085 812 3237 875 ὅπως
3263 810 3675 881 ἀπαλλαγέντες

2092 901 2205 957 τῶν
2226 903 2590 974 ἐνοχλούντων
2621 901 2988 974 ᾠκοδόμησαν
3022 902 3120 958 καὶ
3148 903 3240 958 τὸν
3269 904 3421 969 ναὸν,
3451 904 3550 957 καὶ
3575 903 3676 972 τὴν

2098 995 2280 1059 πόλιν,
2315 996 2411 1049 καὶ
2444 996 2536 1064 ὑφ’
2573 986 2672 1050 ἕνα
2703 997 2949 1069 ἀρχηγὸν
2980 995 3381 1061 ἐπολιτεύοντο,
3417 998 3678 1068 παραινεί

2099 1088 2176 1160 μὴ
2234 1087 2645 1160 διασχισθῆναι,
2699 1090 2956 1159 καθάπερ
2989 1090 3050 1145 τδ
3080 1091 3348 1163 πρότερον
3369 1109 3383 1123 ’
3420 1092 3585 1162 ἡνίκα
3618 1093 3675 1144 αἱ

2097 1181 2228 1235 δέκα
2264 1182 2363 1251 μὲν
2399 1181 2568 1251 φυλαὶ
2594 1180 2726 1236 ἴδιον
2760 1178 2909 1253 εἶχον
2938 1183 3183 1254 ἡγεμόνα
3202 1199 3217 1215 ο
3246 1184 3305 1237 αἱ
3351 1182 3448 1237 δύο
3475 1183 3534 1235 δὲ
3571 1184 3678 1237 πά-

2096 1271 2187 1326 λαι
2219 1272 2372 1339 ἴδιον,
2397 1272 2427 1326 ὃ
2450 1272 2649 1344 πολλῆς
2670 1272 2853 1337 αὐτοῖς
2881 1274 3254 1344 παρανομίας,
3281 1274 3378 1329 καὶ
3407 1274 3674 1337 στάσεως,

2099 1369 2198 1421 καὶ
2221 1368 2528 1440 συμφορῶν
2560 1368 2742 1422 αἴτιον
2779 1369 3035 1437 ἐγένετο*
3076 1367 3196 1423 ἀλλ’
3221 1367 3357 1440 όμοῦ
3406 1369 3677 1422 κατοικεῖν

2098 1460 2196 1515 καὶ
2228 1460 2321 1531 ὑφ’
2352 1460 2451 1516 ἕνα
2503 1461 2751 1531 ἡγεμόνα
2774 1460 3095 1516 τάττεσθαι.
3127 1462 3258 1515 Ἰδοὺ
3299 1460 3389 1532 δὴ,
3415 1461 3469 1513 τί
3492 1462 3677 1527 καλόν,

2099 1550 2133 1622 ἢ
2165 1551 2214 1604 τί
2238 1551 2472 1622 τερπνὸν
2504 1551 2702 1616 οὕτως,
2732 1554 2783 1607 εί
2818 1551 2895 1624 μὴ
2926 1555 3205 1607 κατοικεῖν
3222 1552 3490 1623 ἀδελφοὺς
3521 1552 3676 1624 ipa;

2098 1643 2133 1713 ἢ
2166 1642 2243 1713 τῷ
2272 1644 2424 1716 τόπῳ
2456 1644 2488 1715 ἢ
2520 1646 2588 1715 τῇ
2620 1644 2852 1717 ὁμονοίᾳ
2888 1661 2903 1676 ο
2935 1644 3106 1699 πολλὰ
3138 1645 3247 1715 γὰρ
3292 1645 3439 1698 καλὰ
3466 1647 3590 1715 μὲν,
3615 1646 3678 1698 οὐ

2100 1736 2311 1804 τερπνὰ
2346 1736 2405 1790 δέ
2432 1752 2447 1767 ο
2481 1736 2577 1790 καλ⁸
2609 1734 2770 1801 αὖθις
2806 1737 3023 1809 τερπνὰ
3055 1738 3177 1808 μὲν,
3200 1739 3265 1790 οὐ
3290 1736 3435 1791 καλὰ
3484 1737 3542 1790 δέ
3566 1752 3581 1768 ⁸
3602 1804 3617 1813 ι
3643 1739 3676 1808 ἡ

418 1837 552 1878 sane
579 1823 708 1893 quid
744 1831 853 1877 tam
880 1823 1106 1888 bonum,
1131 1829 1223 1874 aut
1252 1819 1383 1890 quid
1412 1829 1520 1873 tam
1553 1817 1861 1889 jucundum
1890 1825 1994 1885 est,

2113 1827 2155 1881 se
2218 1828 2525 1900 όμοσκηνία
2578 1832 2674 1885 καὶ
2706 1832 2939 1900 ὁμόνοια
2970 1829 3081 1883 τῶν
3108 1829 3358 1899 ἀδελφῶν
3391 1829 3678 1900 ἀμφότερα

418 1929 581 1985 quam
620 1920 676 1967 ut
703 1913 900 1969 fratres
934 1910 1124 1969 eodem
1159 1912 1405 1966 habitent
1429 1909 1482 1964 in
1519 1909 1664 1977 loco,
1693 1920 1855 1981 atque
1884 1912 1991 1965 eis-

419 2005 542 2058 dem
566 2003 791 2068 animis,
816 2018 1030 2059 summa
1048 2018 1171 2058 cum
1203 2001 1500 2059 concordia
1527 2012 1583 2058 et
1607 2004 1910 2060 corisensu?
1930 2004 1996 2060 Et

422 2097 586 2151 rurilta
613 2097 833 2167 quidem
870 2098 1012 2153 bona
1044 2106 1192 2163 sunt,
1220 2111 1342 2166 qua:
1363 2110 1472 2151 non
1498 2095 1913 2165 suntjueunda,
1941 2105 1995 2154 et

2102 1921 2389 1990 κέκτηται,
2421 1923 2567 1994 ἆπερ
2624 1923 2764 1994 ὁμοῦ
2801 1924 3081 1978 συνελθεῖν
3148 1924 3225 1987 ὡς
3278 1923 3489 1992 σφόδρα
3520 1921 3681 1976 eimo-

2106 2028 2223 2084 ρον.
2275 2007 2410 2067 Εἶτα
2465 2014 2629 2069 τοῦτο
2681 2014 2744 2069 τὸ
2794 2015 3001 2084 ἀγαθὸν
3039 2015 3373 2086 παρεικάζει
3418 2012 3681 2084 παραδεὶ-

2106 2120 2301 2173 γματι.

419 2205 637 2244 rursum
677 2189 920 2261 jucunda
971 2191 1163 2254 tnttlla,
1214 2203 1336 2259 quae
1378 2202 1487 2242 non
1538 2188 1722 2244 bona:
1765 2186 1992 2245 fratrum
2049 2204 2232 2249 autem
2310 2198 2609 2254 concordia
2679 2209 2735 2255 et
2779 2199 3093 2256 communis
3150 2213 3342 2254 eorum
3395 2196 3679 2260 habitatio.

422 2294 715 2356 utrumque
753 2284 858 2340 hoc
889 2284 945 2340 in
978 2298 1036 2339 se
1074 2284 1277 2339 bonum
1306 2282 1574 2337 continet.
1596 2281 1816 2337 Nemini
1844 2282 1991 2339 enim
2025 2286 2251 2345 dubium
2276 2305 2401 2346 esse
2428 2300 2582 2361 puto,
2613 2292 2760 2362 quod
2823 2291 3073 2348 fraterno
3121 2290 3417 2347 consensui
3474 2298 3683 2344 utrum-

418 2394 524 2448 que
576 2377 681 2431 hoc
720 2376 1009 2432 conveniat
1058 2376 1285 2430 bonum.
1349 2373 1556 2429 Deinde
1610 2372 1992 2443 hujuscemodi
2021 2376 2634 2443 bonum,similitudine
2653 2393 2819 2455 atque
2848 2385 3116 2455 ,exemplo
3170 2384 3410 2454 quodam
3472 2383 3683 2440 descri-

419 2475 519 2539 bit,
549 2474 739 2530 dicens
770 2490 784 2527 :

490 2570 657 2626 Vsus.
691 2571 747 2626 2.
773 2569 924 2626 Sicut
958 2576 1278 2641 unguentum
1307 2569 1362 2622 in
1390 2570 1581 2639 capite,
1614 2570 1755 2638 quod
1788 2568 2004 2624 descen.

420 2665 495 2718 dit
530 2661 584 2716 in
613 2661 871 2727 barbam,
915 2659 1138 2715 barbam
1167 2662 1373 2715 Aaron.
1410 2658 1524 2715 lloe
1558 2659 1704 2730 quod
1737 2659 2002 2727 diximus,

420 2752 558 2807 adeo
588 2752 790 2807 bonum
823 2761 909 2807 est
937 2761 992 2806 et
1012 2749 1341 2822 jucundum,
1369 2751 1513 2806 sicut
1544 2750 1713 2822 legale
1740 2750 1869 2805 illud
1900 2767 2004 2805 un-

420 2852 708 2915 guentum,
771 2859 880 2913 quo
944 2842 1263 2899 sacerdotes
1313 2843 1680 2912 ungebantur,
1741 2841 2002 2912 quodque

420 2949 589 3006 super
616 2949 805 2990 eorum
835 2934 1014 3004 capita
1048 2933 1253 2990 eli‘undi
1286 2934 1518 2989 solebat.
1558 2930 1694 2987 Nam
1732 2932 2001 3005 quemad-

420 3029 642 3086 modum
673 3027 1043 3100 hujuscemodi
1070 3038 1408 3099 unguentum
1432 3027 1640 3083 bouum
1674 3035 1780 3096 est,
1806 3034 2000 3098 utpote

420 3132 694 3187 sanctum,
726 3132 783 3177 et
814 3122 1122 3192 jucundum
1156 3122 1320 3177 etiam
1347 3163 1363 3189 ,
1400 3121 1568 3177 veluti
1602 3120 1942 3177 odoriferum
1983 3137 1997 3175 :

2187 2575 2286 2643 Ὠς
2338 2578 2539 2647 μύρον
2585 2577 2689 2632 ἐπὶ
2744 2575 3025 2647 κεφαλῆς
3082 2578 3147 2630 τὸ
3180 2578 3548 2632 καταϐαῖνον
3584 2578 3683 2632 ἐπὶ

2108 2668 2384 2738 πώγωνα,
2416 2671 2526 2725 τὸν
2550 2669 2806 2740 πώγωνα
2833 2669 2945 2724 τὸν
2964 2670 3213 2738 Ἀαρών.
3261 2670 3451 2734 Οὕτως
3480 2672 3596 2726 ἐστὶ
3624 2670 3683 2725 τὸ

2110 2761 2343 2831 πρᾶγμα
2376 2761 2545 2814 καλὸν
2604 2761 2700 2814 καὶ⁵
2748 2761 3004 2832 τερπνὸν,
3037 2761 3113 2822 ὡς
3142 2760 3206 2813 τὸ
3228 2761 3457 2830 νομικὸν
3510 2762 3682 2815 ἐκεῖνο

2108 2851 2304 2922 μύρον,
2338 2850 2404 2905 τὸ
2458 2849 2614 2922 χρίον
2648 2852 2777 2915 τοὺς
2831 2853 2999 2922 lapsi;
3022 2889 3037 2915 ,
3096 2851 3159 2904 τὸ
3185 2851 3283 2905 ἐπὶ
3316 2852 3561 2921 κεφαλῆς
3589 2852 3679 2906 τοῦ

2108 2941 2302 3013 ἱερέως
2349 2940 2636 3012 χεόμενον.
2684 2941 2958 3011 Καθάπερ
2991 2940 3156 2995 τοῦτο
3183 2941 3348 2996 καλὸν
3393 2942 3496 3012 μὲν
3540 2943 3682 2996 ἐστιν

2105 3031 2183 3096 ὡς
2227 3031 2405 3099 ἅγιον,
2433 3030 2672 3103 τερπνὸν
2699 3031 2759 3086 δὲ
2781 3031 2859 3096 ὡς
2897 3031 3119 3099 εὐῶδες,
3153 3030 3300 3087 οὕτω
3336 3034 3435 3087 καὶ
3468 3034 3681 3087 ἐκεῖνο·

2109 3122 2275 3177 καλὸν
2293 3124 2415 3193 μὲν,
2465 3123 2544 3189 ὡς
2589 3122 2753 3193 φύσει
2782 3124 2880 3180 καὶ
2905 3125 3057 3195 νόμῳ
3083 3124 3521 3196 ἀπαιτούμενον·
3557 3142 3683 3196 τερ-

422 3213 497 3269 ita
528 3222 583 3270 et
608 3213 700 3269 illa
732 3215 1041 3270 communis
1077 3213 1308 3269 fratrum
1343 3214 1630 3279 habitatio,
1662 3223 1826 3284 atque
1860 3228 1993 3268 con-

2113 3216 2234 3270 πνὸν
2275 3215 2353 3279 δὲ,
2394 3216 2471 3281 ὡς
2494 3214 2793 3287 ὠφέλιμον·
2840 3217 2965 3269 ἄπει
2983 3217 3042 3271 δὲ
3063 3217 3174 3271 ἀπὸ
3197 3219 3299 3289 τῆς
3321 3221 3568 3290 κεφαλῆς
3596 3216 3686 3272 ἐπὶ

420 3306 628 3371 cordia,
657 3320 933 3361 summum
961 3306 1235 3376 quoddam
1268 3310 1474 3361 bonum
1501 3316 1606 3371 est,
1636 3306 1802 3361 veluti
1827 3304 1997 3375 quod,

420 3404 474 3453 ct
511 3406 702 3452 natura
734 3399 875 3469 ipsa,
909 3406 965 3454 et
998 3400 1114 3469 lege
1147 3397 1314 3453 etiam
1352 3397 1536 3453 divina
1561 3399 2000 3454 commendatur.

424 3489 488 3545 Et
511 3490 815 3560 jucundum
847 3492 1047 3547 bonum
1075 3498 1180 3559 est,
1209 3507 1275 3546 eo
1312 3491 1441 3563 quia
1472 3491 1604 3546 utile
1636 3499 1743 3556 est,
1774 3498 1830 3546 et
1860 3505 2005 3547 com-

2105 3306 2198 3360 τδν
2223 3304 2467 3376 πώγωνα
2490 3306 2549 3360 τὸ
2574 3306 2749 3378 μύρον
2771 3307 3088 3372 κατέϐαινε,
3109 3310 3266 3379 φησι,
3304 3308 3367 3362 τὸ
3400 3310 3687 3365 Κατασαῖο

2108 3415 2222 3453 νον
2284 3398 2384 3451 ἐπὶ
2412 3398 2693 3468 πώγωνα,
2743 3397 2863 3454 εἶτα
2892 3402 3243 3472 προστίθησι,
3267 3401 3365 3455 καὶ
3391 3403 3540 3466 τίνος
3571 3402 3686 3455 πώ-

2110 3508 2283 3561 γωναο
2313 3491 2419 3560 ὅτι,
2446 3493 2556 3545 τὸν
2577 3491 2685 3547 τοῦ
2715 3492 2952 3561 Ἀαρών.
2978 3487 3146 3557 Οὗτος
3165 3495 3274 3565 γὰρ
3301 3493 3524 3567 πρῶτος
3542 3493 3687 3563 αὐτῷ

424 3584 665 3639 modum.
695 3583 761 3638 Et
796 3584 1057 3655 quoniam
1099 3599 1129 3638 a
1161 3583 1509 3640 sacerdotum
1544 3584 1724 3654 capite
1751 3597 1998 3653 unguen-

2113 3580 2367 3652 ὲχρίσθη.
2420 3582 2490 3635 Ἦ
2509 3581 2607 3635 καὶ
2634 3581 2853 3653 Ἀαρὼν
2879 3583 3052 3652 λέγει,
3082 3585 3261 3638 πάντα
3296 3586 3470 3656 ἱερέα,
3506 3584 3583 3648 ὡς
3624 3588 3686 3640 ἐκ

424 3681 537 3727 tum
582 3674 636 3728 in
696 3673 921 3730 barbam
978 3676 1384 3740 descendebat,
1424 3673 1634 3731 addidit
1672 3689 1689 3728 :
1726 3674 1882 3741 Quod
1914 3673 1998 3729 de-

2113 3670 2205 3724 τοῦ
2252 3670 2467 3742 Ἀαρὼν
2514 3672 2924 3741 καταγόμενον·
2991 3675 3115 3727 ἐπεὶ
3172 3674 3231 3728 δὲ
3291 3676 3402 3729 ἀπὸ
3430 3677 3529 3730 τοῦ
3578 3676 3685 3728 πῶς

421 3766 621 3820 scendit
658 3765 711 3819 in
745 3764 988 3832 barbam,
1023 3776 1077 3822 et
1105 3765 1302 3822 deinde
1323 3808 1339 3832 ,
1375 3766 1425 3820 in
1454 3765 1748 3836 cuiusnam
1775 3764 1998 3821 barbam

2113 3777 2306 3828 γωνος,
2334 3761 2431 3815 καὶ
2482 3761 2577 3815 ἐπὶ
2600 3760 2701 3833 τὴν
2734 3760 2849 3816 ὢαν
2903 3762 3000 3817 τοῦ
3058 3765 3336 3834 ἱερατικοῦ
3386 3767 3686 3837 ἐνδύματος

421 3856 816 3942 descenderet,
874 3858 1148 3929 expressit
1195 3858 1390 3914 dicens
1419 3876 1434 3913 :
1472 3856 1540 3912 In
1575 3858 1797 3912 barbam
1829 3857 1998 3922 ipsius

2113 3848 2264 3916 αὖθις
2302 3852 2463 3907 τοῦτο
2488 3854 2837 3919 κατέϐαινεν,
2871 3856 3120 3928 ιπήγαγε
3153 3859 3450 3927 καὶτοῦτο,
3489 3860 3681 3929 λέγων.

421 3952 621 4008 Aaron.
650 3950 748 4009 Hic
769 3952 969 4009 etenim
1002 3951 1350 4010 sacerdotum
1382 3953 1629 4009 omnium
1665 3954 1895 4024 primus,
1918 3957 2199 4021 unguento
2231 3959 2433 4005 unctus
2455 3960 2562 4005 est.
2596 3949 2689 4005 Vel
2746 3965 2843 4019 per
2889 3951 3098 4019 Aaron,
3155 3968 3542 4027 quemcunque
3599 3969 3687 4009 sa-

422 4046 696 4103 cerdotem
731 4047 1009 4120 intelligit,
1041 4055 1304 4119 tanquam
1350 4062 1543 4103 omnes
1579 4049 1648 4103 ab
1706 4064 1775 4104 eo
1805 4031 2234 4109 descenderent,
2280 4052 2336 4097 et
2382 4043 2641 4113 quoniam
2719 4053 3063 4114 unguentum
3117 4047 3224 4103 hoc
3296 4063 3327 4102 α
3377 4047 3550 4103 barba
3630 4050 3682 4103 in

422 4139 779 4197 sacerdotalis
826 4140 1133 4194 indumenti
1190 4154 1341 4195 oram
1388 4155 1583 4196 rursus
1611 4139 2003 4204 descendebat,
2037 4138 2237 4191 iterum
2272 4135 2504 4201 addidit,
2529 4137 2718 4192 dicens
2748 4156 2762 4191 :

495 4231 650 4298 Quod
699 4232 966 4285 descendit
1013 4232 1067 4287 in
1107 4248 1262 4286 oram
1313 4233 1609 4289 vestimenti
1653 4232 1789 4304 ejus.
1837 4231 2001 4288 Oram

422 4340 519 4379 seu
568 4323 867 4394 marginem
926 4324 1258 4389 vestimenti,
1302 4324 1496 4395 reliqui
1546 4325 1877 4393 interpretes
1929 4321 2001 4377 Os

395 4417 717 4473 restirnenti
768 4413 1146 4469 reddiderunt.
1200 4416 1276 4470 Eo
1339 4433 1514 4486 usque
1577 4418 1721 4470 enim
1771 4416 2004 4471 descen-

422 4510 606 4566 debat.
1352 4567 1357 4572 .

496 4600 658 4656 Vsus.
680 4601 733 4655 5.
767 4600 920 4656 Sicut
948 4616 1034 4655 ros
1074 4598 1148 4654 1E
1157 4615 1328 4663 rmon,
1355 4600 1446 4670 qui
1468 4597 1736 4654 descendit
1760 4602 1814 4655 in
1845 4618 1964 4654 mon
1982 4633 1997 4643 -

425 4703 498 4747 tes
531 4690 682 4747 Sion.
724 4689 956 4747 )Ermon
992 4707 1150 4746 mons
1212 4699 1297 4747 est
1349 4689 1558 4746 Libano
1592 4691 1874 4761 adiacens.
1910 4693 2002 4747 ubi

426 4784 595 4838 multa
633 4781 841 4836 nivium
869 4781 1023 4851 copia
1055 4794 1438 4851 conservatur,
1471 4781 1617 4837 unde
1649 4795 1879 4853 vapores
1908 4798 2003 4856 ge-

425 4883 713 4941 nerantur,
773 4873 864 4943 qui
920 4888 1101 4928 aerem
1151 4877 1421 4929 montium
1476 4873 1608 4930 Sion
1668 4876 1997 4932 crassiorem

423 4975 588 5037 atque
620 4965 956 5022 llebetiorem
999 4963 1256 5030 reddunt,
1302 4978 1367 5020 ac
1397 4980 1578 5021 rorem
1621 4969 1828 5025 aestatis
1864 4976 2004 5023 tem-

424 5073 554 5127 pore
589 5072 695 5112 non
732 5056 1009 5112 modicum
1043 5053 1286 5111 eﬂiciunt
1310 5071 1326 5110 :
1352 5070 1513 5127 quem
1545 5055 1752 5112 bonum
1782 5059 2001 5130 quidem

422 5166 546 5207 esse
579 5148 851 5214 dicemus,
881 5148 1049 5204 veluti
1083 5157 1243 5204 terrae
1284 5148 1559 5205 arescenti
1588 5151 2000 5218 necessarium,

418 5238 724 5312 jucundum
783 5254 912 5296 vero
956 5256 1021 5294 eo
1054 5239 1197 5311 quod
1249 5239 1592 5312 aequabiliter
1619 5252 1674 5296 et
1730 5255 1856 5296 cum
1908 5245 2003 5297 de-

426 5338 719 5387 luctatione
751 5348 988 5403 superne
1015 5333 1069 5387 in
1120 5343 1321 5388 terram
1355 5331 1620 5389 defertur.
1666 5333 1806 5406 Quia
1835 5335 2003 5406 igitur

427 5440 510 5481 ros
545 5426 649 5482 iste
678 5441 899 5481 causam
938 5436 1103 5496 atque
1152 5426 1420 5498 originem
1481 5428 1644 5483 habet
1699 5444 1765 5484 ex
1817 5437 2003 5485 monte

424 5515 678 5583 JErmon,
713 5518 923 5574 idcirco
952 5534 1132 5574 rorem
1160 5517 1384 5573 AZrmun
1422 5536 1547 5573 eum
1579 5521 1892 5589 appellavit.

498 5611 765 5677 Quoniam
814 5609 925 5666 illi:
972 5612 1245 5665 mandarit
1279 5608 1540 5667 Dominus
1568 5612 1999 5667 benedictionem.

422 5698 560 5763 Illic,
594 5701 644 5754 id
680 5709 787 5767 est,
812 5702 865 5756 in
899 5702 1177 5756 communi
1210 5701 1567 5766 habitatione,
1597 5703 1652 5757 in
1678 5704 1999 5770 concordia,

424 5791 481 5849 in
533 5806 722 5849 amore
779 5794 1039 5859 fraterno,
1096 5800 1259 5862 atque
1315 5792 1368 5846 in
1407 5792 1720 5864 dilectione,
1766 5803 1999 5865 quaeest

2032 4466 2083 4526 D

2185 4230 2262 4286 Τὸ
2324 4232 2692 4288 καταϐαῖνον
2729 4233 2829 4288 ἐπὶ
2873 4234 2991 4303 τὴν
3027 4234 3151 4290 ῶαν
3200 4235 3310 4291 τοῦ
3355 4236 3684 4308 ἐνδύματος

2108 4323 2322 4378 αὑτοῦ.
2355 4324 2468 4393 Τὴν
2493 4325 2610 4378 ὢαν
2637 4327 2685 4380 oi
2712 4325 2863 4380 ἄλλοι
2896 4326 3253 4399 ἑρμηνευταὶ,
3289 4329 3488 4398 στόμα
3520 4331 3686 4386 ἐνδύ-

2103 4432 2313 4483 ματος,
2346 4416 2621 4481 ἐξέδωκαν
2643 4433 2657 4448 ’
2692 4418 2821 4489 ἄχρι
2852 4418 2959 4489 γὰρ
2986 4419 3181 4473 τούτου
3212 4422 3545 4490 κατήρχετο.

2191 4601 2286 4668 Ὠς
2331 4601 2555 4670 δρόσος
2592 4603 2870 4673 ’Λερμὼν,
2900 4605 2941 4669 ἠ
2990 4604 3446 4659 καταϐαίνουσα
3481 4604 3580 4658 ἐπὶ
3617 4608 3687 4658 τὰ

2109 4692 2217 4761 ὄρη
2276 4693 2447 4749 Σιών.
2519 4693 2767 4765 ’Δερμὼν
2808 4694 2932 4766 ὅρος
2975 4696 3114 4758 ἐστὶ,
3170 4697 3582 4767 παρακείμενον
3609 4697 3686 4765 τῷ

2109 4784 2351 4857 Λιϐάνῳ,
2390 4784 2546 4857 χιόνα
2580 4786 2785 4857 πολλὴν
2836 4789 3095 4855 συνάγον,
3137 4788 3232 4842 καὶ
3264 4789 3558 4857 φυλάττον,
3592 4787 3685 4855 ἀφ’

2107 4871 2177 4950 ἧς
2229 4878 2400 4950 ἀτμοὶ
2448 4878 2824 4950 ὰναδιδόμενοι
2858 4878 2954 4934 καὶ
2989 4882 3080 4934 τὸν
3109 4882 3249 4941 ἀέρα
3275 4882 3371 4934 τὸν
3433 4879 3683 4949 ὑπεράνω

2108 4971 2205 5041 τῆς
2230 4969 2369 5024 Σιὼν
2396 4972 2747 5044 παχύνοντες,
2786 4974 2977 5043 δρόσον
3000 4973 3358 5028 ἀποτελοῦσιν
3387 4974 3446 5028 ὲν
3514 4972 3680 5042 θέρει.

2110 5060 2285 5134 καλὴν
2334 5063 2455 5134 μὲν,
2488 5064 2565 5128 ὡς
2619 5065 2929 5136 ἀναγκαίαν
2952 5068 3018 5137 τῇ
3053 5069 3124 5138 γῇ
3156 5106 3172 5130 ,
3201 5065 3446 5137 τερπνὴν
3475 5064 3556 5132 δὲ,
3608 5063 3682 5125 ὡς

2111 5156 2283 5223 ἡδέως
2306 5157 2401 5211 καὶ
2428 5158 2646 5227 ὁμαλῶς
2672 5160 3129 5231 καταφερομένην
3188 5159 3343 5212 Ἐπεὶ
3368 5157 3466 5213 οὖν
3493 5159 3527 5228 ἡ
3559 5156 3680 5225 696-

2113 5265 2205 5311 σος
2255 5248 2391 5320 αὕτη
2426 5251 2490 5303 ὲκ
2540 5250 2635 5304 τοῦ
2683 5249 2939 5323 Ἀερμὼν
2969 5251 3083 5321 ἔχει
3107 5252 3209 5322 τὴν
3257 5251 3461 5307 αἰτίαν.
3500 5248 3676 5320 δρόσον

2111 5339 2204 5392 τοῦ
2249 5338 2501 5412 Ἀερμὼν
2531 5341 2699 5413 αὐτὴν
2730 5344 3010 5398 ἐκάλεσεν.

2182 5620 2313 5674 Ὅτι
2356 5619 2489 5675 ἐκεῖ
2539 5620 2882 5675 ἐνετείλατο
2942 5620 3159 5690 Κύριος
3211 5618 3329 5689 τὴν
3382 5619 3665 5689 εὐλογίαν.

2121 5708 2287 5762 Ἒκεῖε
2312 5707 2453 5777 ποῦς
2501 5710 2590 5761 Ἐν
2615 5709 3026 5781 τῇόμοσκηνίᾳ,
3059 5712 3116 5761 ὲν
3149 5711 3213 5779 τῇ
3254 5708 3588 5777 φιλαδελφίᾳ,
3618 5704 3669 5755 ἐν

2110 5804 2178 5873 τῇ
2200 5800 2411 5872 ἀγάπη.
2444 5801 2563 5867 ἥτις
2606 5801 2727 5855 ἐστὶ
2752 5795 3146 5871 τδ“κεφὰλαιον
3175 5799 3284 5856 τῶν
3315 5799 3556 5871 ἀίετῶνο
3580 5796 3681 5866 εὑ·⁸
