3906 6608
172 463 309 528 129.9

1324 454 1714 517 COMMENT.
1751 453 1833 514 IN
1866 454 2230 515 PSAI.MOS.

3282 452 3420 521 1230

168 585 316 651 λογία
367 579 425 634 δὲ
470 578 619 648 παρᾶ
665 575 802 631 Θεοῦ
841 576 940 647 μὲν
967 576 1045 635 είς
1093 572 1420 646 ἀνθρώπους
1476 574 1510 642 ἠ
1556 571 1738 642 χάρις,

1861 571 2108 626 uirtutum
2141 570 2389 626 onmium
2423 578 2608 641 caput.
2641 568 2916 626 Caeterum
2965 569 3060 626 Dei
3108 571 3419 628 benedictio

169 675 313 743 παρὰ
342 672 399 725 δὲ
432 668 736 742 ἀνθρώπων
760 669 840 731 είς
868 666 1000 720 Θεὸν
1033 666 1065 737 ἡ
1097 665 1395 737 ὐμνολογία
1424 666 1518 717 καὶ
1564 663 1737 732 εὐφη-

172 766 282 837 μία,
315 766 464 834 παρὰ
492 762 551 817 δὲ
584 760 892 835 ἀνθρώπων
916 762 994 825 είς
1017 759 1337 832 ἀνθρώπους
1380 758 1415 829 ἡ
1443 756 1583 828 ὑπὲρ
1609 754 1737 809 τού⁹

171 874 276 911 των
300 856 457 927 εὐχή.
517 853 522 857 ’
972 906 979 911 ,
1319 875 1325 881 ·

241 1131 411 1198 Ζωὴν
434 1130 546 1196 ἕως
568 1128 676 1182 τοῦ
698 1127 937 1194 αἰῶνος.
962 1126 1071 1179 Καὶ
1100 1124 1252 1188 αὖθις
1275 1126 1392 1178 ἐκεῖ
1418 1124 1744 1194 ἐνετείλατο,

171 1226 262 1280 καὶ
309 1218 600 1277 ἀπέστειλε
648 1220 793 1291 ζωὴν
837 1219 1057 1290 μακρὰν
1113 1217 1217 1280 ἕως
1282 1214 1379 1269 τοῦ
1437 1214 1744 1286 ὡρισμένου

170 1316 409 1381 αἰῶνος,
470 1316 604 1385 παρ’
667 1314 787 1367 ὅλον
855 1312 947 1365 τὸν
1012 1310 1550 1381 ἀποκεκληρωμένον
1611 1308 1745 1379 βίον.

172 1411 383 1480 Ὠσπερ
416 1409 524 1479 γὰρ
555 1410 587 1478 ἡ
630 1408 821 1469 στάσις
854 1404 1116 1467 θανάτους
1144 1399 1463 1473 ἐργάζεται,
1502 1400 1675 1465 οὕτως
1714 1402 1747 1473 ἡ

169 1503 361 1572 είρήνη
405 1500 573 1569 ζωὴν,
601 1495 725 1569 οῦτε
753 1495 1019 1567 ἀλλήλους
1048 1492 1441 1568 ἀναιρούντων,
1470 1492 1595 1547 οὔτε
1613 1492 1745 1564 παρ’

170 1592 380 1664 ἐχθρῶν
434 1589 833 1662 φθειρομένων,
895 1586 983 1641 διὰ
1047 1587 1106 1641 τὸ
1173 1585 1603 1657 συμπεφράχθαι
1648 1586 1743 1639 καὶ

168 1684 521 1754 ὠχυρῶσθαι.
582 1681 836 1752 ’Λρμόζει
872 1681 927 1734 δὲ
964 1680 1056 1734 καὶ
1085 1682 1214 1750 ἡμῖν
1241 1681 1268 1732 ὀ
1294 1679 1529 1749 ψαλμὸς.

1846 679 1976 734 erga
1998 663 2247 720 homines
2269 662 2413 719 idem
2445 665 2708 734 est,quod
2723 665 2906 720 divina
2922 664 3114 735 gratia,
3128 674 3181 721 et
3198 652 3420 720 benedi-

1844 759 1954 811 ctio
1974 756 2044 812 ab
2068 755 2382 813 hominibus
2402 757 2459 812 in
2496 758 2663 812 Deum
2694 755 2877 812 divina
2902 757 3138 821 Iausest,
3157 772 3256 813 seu
3291 772 3421 826 gra-

1845 853 2045 917 tiarum
2065 852 2230 906 actio.
2254 849 2569 905 Benedictio
2590 865 2717 906 vero
2741 852 2808 905 ab
2830 851 3144 905 hominibus
3165 851 3220 906 in
3243 850 3423 905 homiw

1843 959 1961 1006 nes,
2000 943 2235 997 humana
2275 958 2400 999 esse
2439 942 2644 997 dicitur
2675 942 2740 996 ad
2770 942 2939 997 Deum
2970 942 3168 1006 oratio,
3198 939 3421 1012 quando

1844 1035 2105 1089 nimirum
2135 1050 2232 1104 pro
2259 1034 2383 1090 aliis
2413 1048 2602 1104 preces
2623 1032 2953 1091 eﬂ‘undimus
2987 1034 3053 1088 ad
3085 1035 3275 1089 Deum.

1932 1122 2108 1179 Vitam
2139 1142 2300 1196 usque
2343 1126 2398 1180 in
2445 1125 2725 1182 sarculum.
2784 1124 2849 1179 Et
2902 1140 3100 1182 rursus
3155 1124 3421 1180 Dominus

1851 1218 2131 1272 mandavit
2157 1227 2211 1273 et
2240 1217 2387 1274 misit
2416 1219 2469 1273 in
2506 1218 2812 1275 concordes
2835 1218 3085 1274 homines
3100 1218 3417 1273 diuturnam

1851 1306 2017 1360 vitam
2046 1324 2220 1377 usque
2248 1308 2318 1363 ad
2355 1309 2619 1364 saeculum
2652 1309 2723 1364 ab
2744 1324 2810 1365 eo
2842 1308 3289 1370 determinatum,
3314 1307 3423 1363 hoc

1848 1404 1957 1461 est,
1998 1412 2095 1466 per
2134 1399 2476 1467 universum,
2505 1414 2571 1455 ac
2602 1409 2973 1471 praestitutum
3006 1399 3131 1455 vitae
3181 1408 3419 1470 tempus.

1848 1484 1984 1543 Nam
2036 1491 2496 1561 quemadmodum
2543 1493 2821 1549 contentio
2873 1502 3077 1549 mortes
3141 1500 3421 1563 operatur,

1851 1584 1923 1638 ita
1953 1593 2010 1640 et
2060 1599 2166 1655 pax
2199 1584 2387 1652 vitam,
2414 1600 2538 1639 cum
2584 1584 2893 1652 unanimes,
2952 1601 3018 1640 ac
3072 1584 3288 1656 paciﬁci
3324 1584 3427 1640 ho-
3500 1632 3505 1637 ,

1850 1678 2028 1733 mines
2057 1692 2235 1746 neque
2274 1685 2464 1732 mutuo
2510 1691 2634 1732 sese
2678 1675 2952 1740 occidant,
2991 1691 3170 1745 neque
3212 1674 3281 1730 ab
3332 1677 3428 1729 ho.

167 1778 344 1833 stihus
380 1775 499 1829 laedi
537 1775 773 1846 possint,
808 1776 940 1845 quia
991 1772 1276 1844 conjuncti
1326 1782 1476 1839 sunt,
1512 1781 1569 1829 et
1646 1771 1863 1829 muniti.
1931 1769 2198 1843 Congruit
2227 1771 2392 1826 etiam
2424 1770 2515 1825 hic
2554 1770 2812 1840 psalmus
2866 1767 3117 1824 ﬁdelibus
3166 1767 3426 1823 omnibus

169 1869 522 1926 Christianis.

734 1964 878 2036 ᾯδὴ
935 1967 1171 2036 ὁμοίως.

698 2058 997 2113 ΨΑΛΜΟΣ
1046 2059 1216 2114 ΡΛΓ¹ο

251 2150 406 2207 Ἰδοὺ
442 2152 746 2222 εὐλογεῖτε
779 2153 884 2207 τὸν
915 2154 1157 2221 Κύριον,
1190 2153 1414 2220 πάντες
1447 2156 1500 2208 οι
1537 2152 1745 2208 δοῦλοι

165 2244 408 2310 Κυρίου.
465 2241 728 2297 Ἐνταῦθα
761 2238 1022 2296 κατέλυσε
1058 2244 1156 2307 τὰς
1199 2244 1343 2316 ᾠδὰς
1380 2244 1488 2297 τῶν
1533 2243 1746 2299 ἀναϐά-

170 2337 337 2408 θρων,
377 2338 409 2409 ἢ
460 2336 812 2408 ἀναϐαθμῶν,
859 2340 939 2400 εἰς
983 2338 1335 2409 εὐχαριστίαν
1381 2337 1745 2401 κατακλείσας

167 2426 263 2481 τὸν
304 2427 483 2496 λόγον.
532 2427 764 2481 Κελεύει
811 2427 921 2496 γὰρ
964 2428 1308 2499 εὐχαριστεῖν
1351 2426 1426 2497 τῷ
1472 2427 1612 2497 Θεῷ,
1646 2428 1745 2496 τῆς

170 2521 552 2593 αἰχμαλωσίας
585 2521 984 2588 ἁπαλλάξαντι,
1040 2524 1131 2576 καὶ
1159 2522 1247 2577 διὰ
1275 2522 1544 2576 τοσούτων
1575 2521 1744 2576 ἐθνῶν

168 2613 432 2677 ἀϐλαϐεῖς
484 2615 805 2668 ἐπανελθεῖν
858 2616 941 2678 εις
987 2614 1087 2686 τὴν
1118 2615 1353 2686 πατρίδα
1387 2614 1744 2686 παρασκευὼ

170 2721 350 2768 σαντι,
383 2705 478 2757 καὶ
522 2703 617 2757 τοῦ
651 2706 909 2775 συνεχοῦς
945 2705 1184 2774 πολέμου
1211 2705 1320 2759 τῶν
1349 2705 1744 2777 πλησιοχώρων

166 2795 624 2867 ἐλευθερώσαντι,
657 2799 865 2852 καὶτὸν
894 2798 1020 2851 ναὸν
1050 2800 1146 2851 καὶ
1169 2799 1270 2868 τὴν
1296 2797 1446 2850 πόλιν
1477 2796 1744 2851 ἀνοικοδο-

170 2890 347 2958 μῆσαι
374 2888 539 2952 δόντι,
568 2890 663 2943 καὶ
694 2894 971 2944 κατοικεῖν
999 2889 1167 2953 ἀδεῶς
1187 2890 1311 2962 ἤδη,
1344 2890 1439 2944 καὶ
1462 2889 1741 2944 πολιτεύε-

169 2981 301 3036 σθαι
354 2983 732 3054 χαρισαμένῳ.
775 2982 980 3036 Λοιπὸν
1025 2985 1424 3055 εὐχαριστεῖτε,
1474 2982 1661 3053 φησιν,
1690 2981 1741 3036 οἱ

163 3073 371 3141 δοῦλοι,
403 3075 453 3128 oi
482 3073 833 3147 θεράποντες.
861 3073 1057 3138 Δοῦλος
1089 3074 1147 3129 δὲ
1201 3073 1334 3129 Θεοῦ
1364 3077 1392 3129 ὁ
1422 3076 1742 3148 πειθόμενος

164 3168 283 3228 τοῖς
312 3167 730 3238 προστάγμασιν
763 3167 955 3232 αὑτοῦ,
987 3168 1082 3222 καὶ
1116 3167 1436 3238 θεραπεύων
1468 3166 1653 3223 αὐτόν.

2311 1963 2591 2019 Canticum
2628 1980 2964 2039 ascensuum.

2203 2058 2616 2116 PSALMUS
2676 2061 3063 2119 CXXXIII.

1918 2152 2084 2209 Vsus.
2120 2154 2170 2209 i.
2207 2152 2342 2208 Ecce
2387 2170 2516 2208 sane
2568 2153 2874 2210 benedicite‘
2908 2157 3193 2211 Dominum
3242 2175 3421 2215 omnes

1844 2246 1979 2299 servi
2026 2242 2259 2299 Domini.
2308 2244 2531 2299 Cantica
2583 2248 2993 2315 ascensionum,
3026 2265 3122 2305 seu
3163 2253 3244 2320 (ut
3280 2252 3424 2307 dixi-

1848 2337 1988 2407 mus)
2009 2353 2334 2393 ascensunm
2354 2340 2406 2392 in
2424 2340 2525 2394 hoc
2543 2341 2751 2409 psalmo
2767 2342 2926 2396 linem
2944 2344 3240 2414 accipiunt:
3259 2364 3420 2417 quem

1851 2428 2120 2498 Propheta
2155 2431 2207 2482 in
2240 2432 2538 2503 gratiarum
2596 2432 2873 2487 actionem
2918 2433 3171 2491 desinere
3226 2436 3418 2495 voluit.

1849 2520 2014 2575 lubet
2043 2524 2187 2575 enim
2239 2522 2329 2576 hic
2358 2524 2662 2593 condignas
2691 2524 2803 2580 Deo
2836 2527 3043 2595 gratias
3076 2528 3185 2596 agi,
3234 2530 3330 2597 qui
3365 2540 3422 2584 ct

1849 2613 2168 2683 captivitate
2197 2615 2455 2685 populum
2493 2614 2845 2680 liberaverat,
2879 2626 2936 2673 et
2990 2620 3038 2675 ei
3089 2622 3423 2689 praestiterat

1850 2714 1907 2760 ut
1940 2721 2036 2776 per
2068 2714 2149 2760 tot
2180 2706 2434 2763 inimicas
2458 2716 2648 2775 gentes
2696 2707 2901 2764 illa-sus
2956 2722 3123 2781 atque
3165 2721 3318 2769 tutus
3364 2714 3418 2768 I2;

1848 2801 2082 2869 patriam
2117 2800 2347 2868 rediret,
2390 2809 2444 2855 et
2478 2802 2549 2856 ab
2597 2803 2836 2859 assiduis
2885 2803 3246 2863 ﬁnitimarum
3289 2823 3423 2878 geu-

1848 2892 1985 2947 tium
2045 2890 2204 2947 bellis
2258 2893 2604 2963 quiesceret;
2665 2894 2759 2964 qui
2818 2897 2982 2951 etiam
3037 2896 3313 2953 civitatem
3367 2909 3423 2958 et

1851 2980 2111 3053 templum
2142 2998 2362 3038 rursum
2411 2982 2668 3039 aediﬁcari
2713 2988 3058 3056 permiserat,
3107 2988 3424 3064 feceratque

1851 3082 1911 3130 ut
1936 3075 2115 3131 securi
2137 3073 2251 3146 jam
2285 3089 2768 3146 convcrsarcntur,
2803 3090 2970 3148 atque
3004 3082 3317 3139 habitarent
3365 3086 3420 3140 in
3472 3152 3473 3157 η

1846 3172 2048 3241 patria.
2105 3170 2180 3227 De
2236 3179 2437 3228 caetero
2484 3174 2656 3241 enim,
2714 3175 2916 3247 inquit,
2948 3192 3044 3232 vos
3085 3193 3119 3233 ο
3168 3180 3314 3235 servi
3367 3191 3424 3236 et

165 3264 417 3318 cultores
446 3261 560 3329 Dei,
592 3260 892 3332 condignas
943 3262 1055 3317 Deo
1086 3261 1295 3333 gratias
1336 3260 1500 3328 agite.
1537 3260 1743 3317 Servus
1774 3270 1955 3318 autem
2034 3261 2131 3320 Dei
2199 3265 2426 3333 dicitur,
2478 3266 2573 3337 qui
2633 3283 2757 3323 eum
2816 3270 2967 3336 colit,
3022 3279 3187 3343 atque
3270 3270 3425 3330 illius

166 3370 325 3424 paret
351 3356 651 3411 mandatis.

243 3452 309 3508 οι
358 3446 620 3513 ἑστῶτες
645 3446 716 3501 ἐν
742 3446 892 3515 οἴκῳ
936 3447 1183 3516 Κυρίου,
1224 3447 1295 3502 ἐν
1323 3446 1541 3514 αὐλαῖς
1570 3446 1744 3502 οἴκου

1920 3446 2027 3514 Qui
2053 3445 2209 3501 statis
2239 3446 2295 3500 in
2332 3448 2488 3501 domo
2535 3445 2774 3513 Domini,
2800 3447 2855 3502 in
2897 3448 3038 3504 auiis
3089 3448 3276 3505 domus
3325 3450 3427 3507 Dei

171 3543 328 3599 Θεοῦ
375 3540 562 3612 ἡμῶν.
619 3541 680 3593 Οί
728 3539 917 3593 λοιπὸν
948 3540 1184 3619 ἑστῶτες
1207 3540 1266 3592 ὲν
1290 3539 1371 3612 τῷ
1398 3539 1533 3611 ναῷ,
1562 3541 1611 3594 οἱ
1639 3539 1748 3594 ἀπὸ

166 3631 267 3686 τοῦ
298 3629 396 3683 νῦν
427 3627 799 3700 εἰσερχόμενοι
822 3628 1237 3697 ἁπαρτισθέντι,
1275 3632 1370 3682 καὶ
1417 3629 1748 3685 ἀπολαϐόντι

170 3721 272 3780 καὶ
300 3720 401 3792 τὴν
435 3719 772 3791 εὐπρέπειαν
799 3720 894 3775 καὶ
924 3720 1024 3784 τὴν
1054 3719 1315 3790 λατρείαν
1347 3719 1535 3775 αὐτοῦ.

257 3910 361 3965 ’Er
413 3907 544 3975 ταῖς
584 3907 764 3972 νυξὶν
794 3907 1053 3977 ἐπάρατε
1096 3906 1207 3972 τὰς
1242 3907 1446 3976 χεῖρας
1472 3904 1640 3977 ὑμῶν
1663 3906 1752 3974 εις
1822 3914 1849 3929 ‘

169 4002 244 4056 τὰ
289 4001 451 4073 ἅγια,
482 4000 583 4054 καί
642 3998 949 4068 εὐλογεῖτε
979 3999 1086 4052 τὸν
1125 4000 1370 4067 Κύριον.
1413 3997 1510 4070 Μὴ
1539 3999 1639 4070 τὴν
1660 4000 1750 4052 νύ-

171 4115 282 4150 κτα
311 4098 494 4149 πᾶσαν
520 4096 599 4158 είς
626 4092 795 4148 ῦπνον
828 4091 1132 4158 δαπανᾶτε,
1165 4092 1302 4147 ἀλλὰ
1337 4095 1433 4147 καὶ
1475 4094 1534 4144 ὲν
1579 4092 1753 4162 ταύτῃ

170 4190 424 4259 ἐπάρατε
455 4189 549 4250 τὰς
580 4189 769 4257 χεῖρας
801 4185 955 4257 ὑμῶν
1009 4187 1091 4250 εἰς
1116 4185 1184 4240 τὰ
1217 4185 1393 4254 Ἀγια
1426 4184 1535 4237 τῶν
1557 4182 1750 4251 ἁγίων,

170 4282 314 4330 ὅπου
355 4279 384 4329 ὸ
413 4277 543 4338 Θεὸς
580 4280 863 4335 κατοικεῖν
888 4275 1109 4347 ἐλέγετο
1126 4277 1217 4332 διὰ
1240 4276 1337 4347 τὴν
1365 4277 1544 4329 ἐκεῖσε
1568 4275 1748 4344 χάριν

174 4370 273 4428 καί
298 4369 601 4443 εὸφημείτε
639 4371 729 4424 τὸν
754 4370 909 4437 Θεὸν,
930 4372 988 4424 ἐν
1012 4374 1133 4432 ταῖς
1162 4370 1283 4435 νυξὶ
1306 4367 1523 4438 μᾶλλον,
1541 4369 1630 4421 ὅτε
1661 4367 1752 4419 καὶ

172 4466 517 4536 κουφότερος
550 4467 577 4518 ὁ
607 4464 753 4528 νοῦς,
809 4463 905 4519 καὶ
952 4462 1155 4515 πλείων
1192 4462 1224 4531 ἡ
1279 4461 1475 4532 σχολῆς
1508 4459 1558 4512 ει
1608 4457 1665 4511 δὲ
1696 4460 1754 4512 ἐν

169 4560 337 4610 νυκτὶ
396 4556 800 4623 παραγίνεσθαι
868 4553 1006 4624 πρὸς
1065 4553 1155 4605 τὸν
1217 4553 1343 4606 ναὸν
1398 4550 1609 4606 κελεύει
1655 4551 1754 4620 τῆς

165 4645 370 4714 κλίνης
402 4645 819 4713 ἀνισταμένους,
865 4643 1022 4705 ποίας
1063 4640 1311 4705 τεύξεται
1361 4640 1690 4711 συγγνώμης
1724 4640 1753 4691 ὁ

173 4734 324 4805 μηδὲ
358 4737 500 4788 οἶκοι
520 4736 660 4787 κατὰ
691 4735 781 4786 τὸν
808 4736 1003 4802 καιρὸν
1033 4736 1222 4789 τοῦτον
1256 4733 1420 4805 εὐχὰς
1450 4732 1749 4799 intremit);

167 4822 315 4881 Εἶτα
351 4826 713 4898 ὑπερεύχεται
744 4826 839 4880 τοῦ
871 4826 1022 4882 λαοῦ.

242 5107 603 5175 Εὐλογ-ἠσαι
635 5122 707 5159 σε
735 5105 947 5173 Κύριος
973 5104 1041 5157 ἐκ
1078 5101 1251 5165 Σιὼν,
1294 5102 1326 5154 ό
1352 5097 1614 5166 ποιήσας
1646 5097 1752 5151 τὸν

166 5198 447 5267 οὐρανὸν
483 5198 582 5251 καί
627 5199 739 5266 τὴν
762 5197 898 5269 γῆν.
932 5196 1161 5267 Εἴρηται
1197 5193 1328 5266 περι⁸
1365 5191 1555 5245 τούτου
1585 5191 1642 5243 ἐν
1672 5189 1751 5259 τῷ

169 5291 301 5366 ρκζ¹
364 5290 588 5364 ψαλμῷ,
658 5291 753 5347 καὶ
810 5284 965 5355 οὗτος
1024 5290 1081 5344 δὲ
1134 5290 1163 5342 ὁ
1224 5287 1437 5360 ψαλμὸς
1495 5283 1753 5356 ἁρμόδιος

164 5384 339 5440 πᾶσι.

786 5475 1173 5542 ’Δλληλούὶα

714 5568 1006 5621 ΨΑΛΜΟΣ
1071 5563 1239 5618 ΡΛΔ’.

242 5662 578 5737 Εῑρήκαμεν
601 5661 961 5732 προλαϐόντες
986 5661 1068 5712 ὅτι
1094 5654 1502 5728 εὐχαριστήριοι
1524 5651 1753 5724 ψαλμοὶ,

160 5758 441 5832 τοιαύτην
463 5759 622 5829 ἔσχον
656 5754 991 5826 ἐπιγραφήν.

1851 3538 2046 3593 nostri.
2088 3535 2218 3603 Vos,
2258 3537 2504 3607 inquam,
2543 3537 2652 3592 Dco
2685 3539 3013 3604 benedicite,
3060 3542 3156 3612 qui
3200 3545 3424 3600 assidue

1851 3626 1906 3681 in
1960 3625 2165 3696 templo
2216 3627 2661 3695 commoramini,
2725 3630 2815 3699 qui
2872 3632 3132 3700 templum
3180 3648 3210 3688 a
3262 3637 3423 3692 modo

1852 3718 2175 3790 perfectum,
2207 3734 2418 3791 suoque
2484 3719 2685 3777 decore
2736 3732 2792 3777 et
2838 3724 2991 3779 cultu
3039 3723 3153 3794 jam
3201 3738 3425 3800 recepto

1850 3811 2229 3881 ingredimini.
3019 3812 3025 3817 ’

1929 3906 2170 3960 \‘sns.2.
2205 3903 2270 3959 In
2300 3905 2539 3964 noctibus
2586 3907 2822 3964 extollite
2871 3926 3062 3966 manus
3110 3923 3311 3968 vestras
3368 3920 3424 3969 in

1852 4006 2060 4062 sancta,
2085 4005 2134 4050 et
2163 3995 2450 4051 benedicite
2489 3997 2793 4054 Dominum.
2824 3996 3023 4066 Nolite,
3051 4003 3252 4073 inquit,
3299 4004 3428 4059 uni-

1854 4104 2068 4145 versam
2102 4098 2321 4145 noctem
2355 4105 2553 4158 somno
2587 4092 2841 4162 perdere,
2879 4093 2974 4150 sed
3009 4095 3064 4149 in
3103 4110 3190 4160 ea,
3233 4112 3427 4152 manus

1855 4194 2066 4236 vestras
2093 4182 2159 4235 ad
2198 4180 2397 4245 Saneta
2430 4194 2748 4239 sanctorum
2768 4186 3035 4249 extollite,
3074 4188 3168 4242 ubi
3204 4199 3428 4258 propter

1853 4274 2097 4329 divinam
2160 4276 2305 4330 illam
2364 4276 2623 4345 gratiam,
2676 4293 2795 4346 qua:
2843 4278 2959 4333 illic
2983 4288 3124 4343 erat,
3177 4280 3428 4334 habitare

1856 4364 1997 4421 Deus
2028 4366 2312 4422 dicebatur
2346 4383 2362 4432 ;
2393 4376 2557 4437 atque
2585 4368 2642 4422 in
2678 4369 2935 4423 noctibus
2957 4369 3227 4439 praecipue
3254 4367 3423 4424 Deum

1857 4460 2096 4525 laudate,
2127 4458 2349 4529 quando
2396 4476 2552 4515 mens
2579 4475 2607 4514 ε
2660 4460 3131 4517 sollicitudinibus
3175 4468 3232 4517 et
3276 4462 3428 4516 curis

1857 4550 2030 4620 magis
2060 4564 2230 4603 vacua
2266 4556 2370 4614 est,
2398 4551 2621 4619 quando
2654 4551 2812 4605 vobis
2844 4551 3019 4620 majus
3047 4552 3220 4606 otium
3248 4553 3426 4609 adest.

1857 4638 2015 4706 Quod
2053 4638 2098 4694 si
2128 4650 2296 4692 noctu
2318 4652 2415 4694 eos
2436 4636 2592 4706 jubet
2624 4654 2654 4693 e
2694 4624 2837 4694 lecto
2865 4654 3113 4708 surgere,
3147 4652 3315 4712 atque
3373 4647 3425 4695 in

1856 4730 2118 4799 templum
2173 4729 2460 4797 accedere,
2512 4745 2807 4800 quamnam
2869 4747 3111 4803 unquam
3144 4736 3357 4791 veniam
3393 4734 3430 4792 ii

1786 4811 1831 4867 Ι)
1861 4831 2269 4894 consequentur
2296 4822 2389 4893 qui
2431 4835 2679 4894 tempore
2721 4825 2835 4891 illo,
2872 4841 3051 4897 neque
3089 4826 3256 4882 etiam
3283 4825 3428 4881 domi

1776 4940 1781 4947 -
1861 4913 1928 4967 ad
1963 4927 2178 4983 preces,
2198 4927 2379 4982 neque
2409 4913 2476 4968 ad
2495 4913 2800 4970 orationem
2827 4915 3207 4987 consurgunt?
3233 4914 3431 4970 Deinde

1862 5015 2014 5076 rogat
2042 5020 2142 5075 pro
2177 5006 2378 5075 popqu
2419 5007 2610 5062 dicens
2642 5023 2658 5063 :

1930 5093 2187 5161 γεκεηῗ».
2223 5096 2504 5152 Benedicat
2560 5099 2657 5153 tibi
2705 5098 2964 5157 Dominus
3013 5113 3078 5153 ea:
3130 5097 3283 5166 Sion,
3341 5102 3431 5169 qui

1857 5190 1983 5259 [erit
2018 5191 2203 5243 cwlum
2238 5201 2286 5244 et
2327 5200 2546 5244 terram.
2585 5191 2658 5245 De
2686 5191 3062 5260 hujuscemodi
3092 5192 3271 5247 verbis
3300 5194 3428 5249 alibi

1859 5284 2025 5338 etiam
2066 5285 2273 5338 dictum
2322 5295 2430 5350 est,
2478 5284 2733 5340 videlicet
2757 5287 2811 5338 in
2849 5285 3058 5354 psalmo
3093 5300 3296 5340 cxxvn.
3334 5286 3430 5342 llic

1862 5376 2106 5445 psalmus
2133 5384 2392 5444 praeterea
2424 5374 2683 5430 omnibus
2716 5384 2897 5444 potest
2927 5376 3357 5433 accommodari.

2510 5466 2767 5521 Alleluia.

2324 5555 2646 5613 PSALMUS
2680 5555 2967 5614 CXXXIV.

1931 5652 2051 5710 Jam
2085 5654 2137 5706 in
2188 5651 2564 5719 superioribus
2594 5649 2805 5706 dictum
2852 5659 2959 5718 est,
3010 5650 3159 5721 quod
3207 5651 3426 5723 psalmi,

1863 5747 1957 5816 qui
1996 5740 2384 5813 hujuscemodi
2419 5740 2624 5796 habent
2672 5740 3093 5812 inscriptionem
3121 5740 3427 5815 gratiarum

1864 5837 2109 5893 actiones
2137 5833 2445 5889 continent.
