3906 6556
237 480 378 546 1233

1380 487 1761 554 COMMENT.
1789 489 1871 551 IN
1913 492 2154 554 PSALM
2167 491 2280 556 OS.

3337 467 3502 559 rm

315 602 518 656 Πάντα
559 603 674 655 ὅσα
725 603 1032 669 ἠθέλησεν
1062 602 1354 670 ἐποίησεν
1391 607 1459 659 ἐν
1486 606 1566 672 τῷ
1593 610 1812 676 οὐρανᾷ

2001 616 2166 671 Vens.
2209 616 2261 670 6.
2309 613 2506 670 Omnia
2536 631 2858 683 qua’cunque
2891 615 3075 682 voluit,
3106 616 3225 686 fecit
3275 617 3328 668 in
3374 617 3504 670 caelo

237 694 341 747 καὶ
373 693 442 746 ἐν
477 693 551 759 τῇ
591 690 688 762 γῆ.
725 689 862 746 Eius
897 694 1058 748 τοῦτο
1112 695 1209 748 καὶ
1231 696 1290 747 ἐν
1321 695 1397 766 τῷ
1428 694 1532 767 ριγ’
1570 696 1774 768 ψαλμῷ
1803 715 1816 730 ’

251 785 316 836 Ὀ
370 784 440 837 δὲ
481 784 625 851 Θεὸς
675 784 843 853 ἡμῶν
886 786 957 839 ἐν
1025 783 1103 851 τῷ
1127 786 1362 854 οὐρανῷ
1411 789 1508 842 καὶ
1551 789 1620 842 ἐν
1640 789 1715 858 τῇ
1746 790 1821 859 τῇ

238 873 438 928 πάντα
465 877 583 929 ὅσα
615 875 921 944 ἠθέλησεν
948 877 1257 945 ἐποίησεν.

324 965 430 1019 Ἑν
451 965 580 1030 ταῖς
607 967 958 1034 θαλάσσαις
999 970 1097 1023 καὶ
1129 970 1198 1023 ἐν
1229 970 1455 1036 πάσαις
1484 973 1612 1039 ταῖς
1637 973 1823 1028 ἀόὐσα

239 1070 399 1122 (νοις.
435 1057 724 1122 Θαλάσσας
757 1060 856 1129 μὲν
885 1061 1034 1128 λέγει
1073 1061 1200 1124 τοὺς
1227 1062 1516 1134 διαφόρους
1549 1064 1782 1128 κόλπους
1805 1082 1817 1096 ’

237 1147 311 1197 τὰ
356 1149 682 1218 συστήματα
727 1152 834 1221 γὰρ
862 1152 973 1204 τῶν
1004 1153 1212 1207 ὑδάτων
1252 1153 1478 1207 ἐκάλεσε
1521 1156 1819 1221 θαλάσσας,

236 1236 516 1302 ἀϐύσσους
541 1241 628 1305 δέ,
652 1243 720 1295 τὰ
745 1243 1005 1297 ὑποκάτω
1033 1245 1130 1314 τῆς
1157 1245 1280 1313 γῆς,
1301 1249 1368 1299 τὰ
1401 1246 1820 1317 ἁνεξερεύνητα,

236 1328 299 1379 ἐν
355 1324 438 1390 οἷς
488 1333 624 1383 πᾶσι
679 1333 860 1386 πάντα
899 1336 999 1388 ὅσα
1059 1335 1323 1404 ἠθέλησεν
1356 1337 1612 1410 ἐποίησεν
1643 1356 1657 1369 ο
1701 1335 1822 1392 εἶτα

238 1418 404 1485 ύμνεί
432 1419 526 1471 τοῦ
572 1420 710 1473 Θεοῦ
753 1422 889 1490 ἔργα
916 1425 1038 1476 τινὰ
1065 1425 1500 1496 ἀξιοθαύμαστα,
1530 1430 1819 1499 παραδρα-
1858 1462 1875 1476 ο

240 1507 362 1574 μὼν
390 1510 458 1562 τὰ
489 1511 733 1579 μείζονα,
796 1513 885 1567 ἵνα
942 1517 1037 1569 καὶ
1067 1517 1174 1571 ἀπὸ
1202 1519 1310 1570 τῶν
1339 1519 1639 1572 ἐλαττόνων
1669 1520 1822 1593 δείξῃ

231 1600 301 1651 τὸ
330 1601 619 1667 μεγαλεῖον
645 1604 736 1656 καὶ
773 1605 1106 1676 ἀξιύμνητον
1135 1609 1324 1663 αὐτοῦ.

323 1691 579 1760 Ἀνάγων
605 1696 869 1763 νεφέλας
908 1698 978 1761 ἐξ
1016 1700 1294 1771 ἐσχάτων
1326 1702 1438 1771 τῆς
1486 1702 1619 1774 γῆς.
1674 1706 1734 1758 '0
1763 1704 1820 1771 ἐξ

235 1779 407 1834 αὑτοῦ
431 1782 525 1836 τοῦ
551 1787 866 1840 κατωτάτου
905 1788 1104 1858 βάθους
1134 1795 1233 1862 τῆς
1265 1795 1370 1864 γῆς
1401 1795 1622 1864 ἀνάγων
1660 1797 1822 1864 νεφέ⁶

238 1869 362 1936 λιις⁹
390 1874 485 1928 καὶ
514 1879 768 1934 τοσοῦτον
797 1881 971 1945 αὐτὰς
998 1886 1350 1958 μετεωρίζων
1370 1888 1595 1959 βαρείας
1627 1888 1816 1956 οὔσας,

233 1964 335 2016 καὶ
363 1964 423 2018 τὸ
446 1969 768 2039 κατωφερὲς
802 1971 968 2044 ὑγρὸν
1004 1975 1118 2030 ἄνω
1148 1979 1418 2049 φέρεσθαι
1449 1981 1638 2034 ποιῶν.

320 2151 651 2221 Ἀστραπὰς
665 2159 752 2222 είς
765 2158 943 2214 ὑετὸν
967 2160 1278 2229 ἐποίησεν.
1363 2167 1456 2230 Εἰς
1510 2168 1700 2240 καιρὸν
1729 2171 1820 2224 ὑε-

230 2243 331 2298 τοῦ
360 2261 374 2275 ⁸
407 2246 439 2316 ἢ
466 2247 524 2298 ἐν
548 2247 625 2317 τῷ
648 2249 810 2320 ὕετῷ,
839 2251 932 2305 καὶ
959 2254 1027 2306 δι’
1084 2255 1341 2326 ἀλλήλων
1370 2258 1620 2325 ἀϐλαὸῶς
1654 2263 1820 2332 φέρε-

234 2334 364 2390 σθαι
389 2338 458 2390 τὰ
485 2337 764 2410 φθαρτικὰ
813 2342 1059 2414 ἀλλήλων
1099 2351 1534 2416 παρεσκεύασεν,
1563 2352 1638 2416 ὡς
1680 2358 1818 2425 μήτε

230 2427 335 2498 τὴν
401 2431 690 2504 ἀστραπὴν
735 2436 1169 2506 πυρωδεστάτην
1197 2440 1362 2494 οὖσαν
1409 2444 1725 2499 ἀναλίσκειν
1762 2448 1820 2500 τὸ

231 2520 417 2574 eum
479 2522 644 2595 ὕδωρ,
708 2525 836 2595 μήτ’
875 2525 941 2580 ἂν
995 2527 1153 2583 τοῦτο
1202 2533 1460 2601 ῥαγδαῖον
1517 2537 1818 2606 φερόμενον

234 2613 522 2668 σϐεννύειν
545 2616 787 2684 ἐκείνην.

318 2799 382 2852 '0
409 2801 643 2872 ἐξάγων
690 2803 952 2874 ἀνέμους
985 2806 1053 2860 ἐκ
1100 2810 1424 2880 θησαυρῶν⁴
1475 2813 1683 2869 αὐτοῦ.
1709 2812 1818 2885 91;-

229 2891 471 2960 σαυροὺς
493 2892 660 2947 αὐτοῦ
674 2893 769 2948 νῦν
781 2893 930 2965 λέγει
947 2896 1074 2961 τοὺς
1091 2899 1446 2970 ἀποκρύφους
1459 2903 1676 2968 τόπους,
1695 2905 1817 2959 ὅθεν

231 2980 572 3052 ἐξέρχονταν
604 2988 987 3056 κεκρυμμένος
1015 2987 1172 3059 γὰρὸ
1203 2991 1504 3062 Θησαυρὸς,
1533 2995 1596 3049 τὸ
1633 2998 1816 3065 ἄγνω-

233 3087 364 3125 στον
433 3074 532 3144 τῆς
589 3079 857 3145 γενέσεως
924 3081 1104 3135 αὐτῶν
1137 3099 1151 3114 ο
1189 3083 1221 3154 ἢ
1253 3083 1465 3153 ἐξάγων
1492 3087 1728 3157 ἀνέμους
1753 3091 1816 3144 ἐκ

229 3161 530 3236 Θησαυρῶν
561 3169 751 3236 αὑτοῦ,
771 3171 848 3235 ὡς
879 3173 1134 3228 ἐντεῦθεν
1181 3173 1475 3245 δηλοῦσθαι
1501 3178 1563 3232 τὸ
1592 3180 1815 3251 εὐχερὲς

1929 717 1977 762 et
2007 709 2060 761 in
2099 715 2260 762 terra.
2291 703 2490 762 Eadem
2526 704 2690 760 verba
2727 704 2999 760 habentur
3029 707 3081 760 in
3115 707 3322 775 psalmo
3347 722 3502 766 cxm.

1927 801 2036 854 ibi.
2080 798 2221 853 Deus
2257 808 2433 852 autem
2475 808 2651 852 uoster
2701 799 2754 850 in
2784 799 2910 852 cmlo
2957 807 3006 853 et
3064 797 3117 852 in
3155 808 3296 852 terra
3325 801 3502 854 omnia

1926 907 2246 961 quaecunque
2271 891 2430 944 voluit
2453 890 2593 960 fecit.

1996 981 2059 1037 In
2095 984 2333 1038 maribus
2390 993 2440 1038 et
2478 983 2717 1038 omnibus
2772 985 2998 1054 abyssis.
3051 983 3220 1038 Maria
3276 984 3496 1052 quidem

1925 1075 2104 1131 varios
2131 1077 2296 1131 maris
2319 1076 2476 1130 sinus
2493 1077 2765 1148 appellat:
2800 1076 3265 1145 Cougregatioues,
3300 1076 3497 1144 inquit,

1924 1184 2183 1237 aquarum
2215 1169 2497 1236 appellavit
2547 1169 2719 1222 maria
2769 1167 2832 1219 ⁸³.
2867 1167 3112 1237 Abyssos
3145 1177 3326 1222 aulem
3360 1166 3499 1221 sub-

1924 1266 2175 1313 terranea
2215 1258 2356 1320 loca,
2385 1273 2507 1327 quae
2533 1256 3031 1325 imperscrutabilia
3062 1268 3230 1310 sunt:
3282 1257 3335 1310 in
3369 1257 3496 1326 qui.

1927 1351 2030 1404 hus
2070 1357 2252 1403 tamen
2292 1348 2422 1403 fecit
2461 1350 2643 1402 omnia
2673 1349 2841 1412 Deus,
2879 1363 3001 1418 quae
3036 1349 3231 1402 voluit.
3289 1347 3498 1402 Deinde

1925 1443 2141 1514 privata
2177 1443 2426 1513 qumdam
2461 1441 2554 1496 Dei
2588 1456 2752 1510 opera
2785 1441 3155 1496 admiratione
3178 1442 3342 1512 digna
3374 1441 3496 1493 lau-

1923 1534 2034 1592 dat.
2061 1534 2264 1603 majora
2294 1531 2632 1601 praeteriens,
2663 1539 2800 1586 utex
2817 1531 3143 1594 minoribus,
3170 1531 3500 1600 magnitudi'

1924 1642 2046 1680 nem
2067 1627 2184 1697 ejus
2203 1625 2432 1680 summis
2465 1623 2859 1680 esselaudibus
2901 1623 3115 1692 dignam
3163 1625 3494 1678 ostenderet.

1995 1717 2162 1772 Vens.
2204 1719 2260 1772 7.
2306 1715 2546 1770 Educens
2591 1715 2750 1769 nubes
2802 1715 2868 1768 ab
2899 1727 3134 1769 extremo
3173 1724 3348 1769 teme.
3392 1715 3495 1780 Qui

1925 1821 1989 1861 ex
2020 1807 2136 1875 ipsa
2179 1805 2426 1861 inferiori
2460 1814 2620 1860 terrae
2652 1804 3022 1873 profunditate
3072 1805 3247 1858 nubes
3289 1805 3495 1862 educit.

1924 1911 2130 1966 easque
2166 1896 2386 1950 tametsi
2429 1909 2622 1966 graves
2657 1894 2790 1960 sint,
2841 1895 2894 1948 in
2954 1892 3124 1947 altum
3172 1893 3410 1956 extollit,
3443 1903 3497 1948 et

1924 1987 2140 2042 illarum
2178 1987 2489 2048 humorem,
2521 1987 2614 2055 qui
2653 1993 2850 2040 natura
2884 1999 2981 2042 sua
3006 1984 3261 2041 deorsum
3299 1985 3494 2048 fertur,

1923 2079 1976 2133 in
2012 2079 2245 2133 sublime
2275 2079 2480 2133 elevari
2516 2077 2670 2133 facit.

1996 2168 2235 2239 Fulgura
2267 2171 2320 2223 iu
2351 2169 2583 2237 pluviam
2613 2169 2758 2237 fecit.
2789 2169 2844 2224 in
2881 2177 3098 2240 tempus
3130 2162 3340 2227 scilicet
3371 2173 3494 2240 plu-

1923 2262 2042 2324 viae,
2068 2263 2150 2316 vel
2181 2262 2234 2315 in
2271 2260 2471 2331 pluvia.
2513 2260 2811 2332 Eliecitque
2845 2272 2904 2317 ut
2930 2277 3050 2331 qua:
3082 2270 3275 2331 suapte
3305 2271 3494 2316 natura

1920 2357 2116 2407 mutuo
2144 2369 2264 2409 sese
2302 2352 2562 2424 perdunt,
2594 2369 2726 2416 una,
2768 2369 2828 2408 ac
2863 2355 3070 2424 pariter
3098 2355 3219 2408 sine
3265 2352 3494 2408 alterius

1923 2446 2144 2500 lat-sione
2178 2443 2472 2513 conjuncta
2499 2443 2840 2507 deierantur,
2879 2444 2951 2497 ita
2989 2453 3048 2496 ut
3078 2457 3254 2512 neque
3290 2441 3493 2512 fulgur,

1920 2536 2064 2604 quod
2098 2547 2293 2589 natura
2341 2535 2574 2604 ignitum
2606 2541 2714 2598 est,
2775 2533 3070 2604 pluvialem
3120 2547 3320 2602 aquam
3359 2546 3492 2587 con-

1919 2639 2124 2692 sumat,
2165 2645 2338 2698 neque
2371 2643 2511 2699 aqua
2549 2643 2768 2683 rursum
2799 2641 2993 2696 magna
3027 2626 3077 2680 vi
3104 2625 3284 2682 delata
3312 2625 3498 2695 fulgur

1918 2723 2248 2792 exstinguat.

1993 2816 2099 2880 Qui
2128 2815 2303 2869 educit
2339 2824 2514 2867 ventos
2543 2812 2606 2866 de
2638 2812 2899 2865 thesauris
2931 2811 3068 2864 suis.
3121 2809 3224 2864 Per
3274 2809 3500 2864 thesau-

1920 2923 2012 2962 ros
2049 2907 2164 2972 Dei,
2202 2906 2304 2958 hoc
2336 2906 2388 2958 in
2421 2904 2538 2958 loco
2572 2900 2840 2971 Propheta
2874 2900 3090 2956 occulta
3124 2899 3212 2953 illa
3246 2899 3366 2955 loca
3405 2899 3495 2954 in-

1921 2999 2135 3069 telligit.
2177 2996 2322 3050 unde
2352 3005 2556 3050 exeunt
2610 2995 2780 3049 venti.
2841 2991 3111 3048 Occultus
3167 2991 3311 3048 enim
3373 3006 3498 3046 esse

1919 3092 2126 3146 dicitur
2177 3090 2512 3145 thesaurus:
2546 3105 2610 3143 co
2661 3086 2807 3156 quod
2840 3096 2895 3142 et
2928 3086 3209 3158 generatio
3255 3092 3308 3140 et
3342 3084 3496 3141 locus

1920 3183 2040 3253 ejus
2075 3184 2378 3253 ignoratur.
2417 3179 2688 3235 Thesauri
2746 3181 2969 3233 nomine
3030 3186 3320 3246 praeterea,
3384 3191 3494 3232 non

230 3255 336 3327 τῆς
361 3257 646 3330 ἐξαγωγῆς
696 3263 895 3328 αὐτῶν,
940 3267 1032 3320 καὶ
1069 3269 1381 3340 πρόχειρον,
1408 3272 1496 3324 ὅτε
1533 3271 1808 3342 βούλεται·

1935 3286 2130 3330 ,antum
2161 3274 2406 3345 pecuniae
2431 3273 2752 3328 autocculta
2779 3273 2882 3327 alia
2913 3273 3052 3328 bona
3079 3270 3490 3342 intelliguntur.

234 3351 554 3418 θαυμαστὸν
584 3357 695 3426 γὰρ
723 3356 785 3409 τὸ
817 3357 911 3410 νῦν
960 3359 1058 3428 μὲν
1083 3360 1278 3414 τοῦτον
1324 3361 1590 3433 εὐχερῶς,
1626 3362 1723 3416 νῦν
1757 3365 1814 3418 δὲ

233 3443 448 3497 ἐκεῖνον
478 3445 844 3518 ἐπιπέμπειν,
870 3451 1060 3506 ἄλλοτε
1089 3452 1145 3506 δὲ
1175 3454 1364 3507 τοῦτον
1387 3457 1641 3509 κάκεῖνον
1672 3457 1810 3528 ἅμα.

238 3535 396 3589 Ἔστι
418 3537 462 3589 δ’
486 3538 576 3592 ὅτε
606 3540 701 3594 καὶ
754 3543 1003 3608 πλείονας
1065 3545 1123 3598 ἐν
1169 3546 1373 3616 ταύτῷ,
1423 3550 1516 3602 καὶ
1551 3548 1813 3613 πολλάκις

230 3627 449 3682 οὐδένα·
474 3636 570 3685 καὶ
625 3633 803 3688 πάντα
846 3637 992 3691 κατὰ
1015 3638 1231 3709 χρείαν.
1277 3641 1370 3693 καὶ
1399 3640 1551 3694 οὐδὲν
1580 3641 1813 3709 ἀλόγως,

233 3719 493 3792 καθάπερ
522 3725 580 3777 ἐν
629 3725 925 3798 Θησαυροῐς
955 3747 1066 3783 τισι
1113 3732 1691 3803 κατακεκλεισμένων,
1721 3737 1814 3786 καὶ

232 3813 475 3884 ὁπηνίκα
521 3816 790 3886 βούλεται,
833 3822 928 3875 καὶ⁸
961 3823 1162 3896 ῥᾳδίως
1190 3825 1567 3896 ἐξαγομένων.

1922 3367 2018 3422 sed
2049 3377 2101 3422 et
2127 3367 2243 3436 ipsa
2271 3367 2435 3420 etiam
2463 3367 2602 3429 loca,
2635 3366 2725 3419 uhi
2759 3364 3000 3419 thesauri
3036 3363 3260 3418 recondi
3294 3362 3493 3417 solent.

1925 3459 2021 3516 Vel
2055 3459 2148 3530 qui
2182 3459 2365 3513 educit
2389 3471 2578 3514 ventos
2607 3467 2869 3528 tanquam
2901 3473 2930 3510 e
2956 3455 3232 3512 thesauris
3263 3453 3400 3517 suis.
3437 3463 3496 3509 ut

1923 3549 2360 3621 subintelligatur
2387 3550 2556 3604 dictio
2589 3551 2702 3609 illa.
2731 3549 3028 3617 Tanquam,
3051 3548 3154 3611 vel,
3183 3547 3339 3617 quasi
3369 3563 3380 3574 ·
3422 3547 3496 3600 ita

1926 3655 1984 3701 ut
2025 3659 2093 3700 ex
2128 3645 2214 3698 his
2259 3641 2439 3697 verbis
2471 3643 2732 3697 educendi
2789 3642 3028 3697 facilitas
3077 3640 3389 3702 denotetur,
3445 3649 3498 3692 rt

1924 3735 2070 3804 quod
2101 3749 2197 3788 eos
2229 3731 2373 3788 Deus
2404 3747 2618 3802 semper
2649 3733 2703 3785 in
2740 3741 2993 3801 promptu
3029 3731 3214 3795 habet,
3243 3745 3366 3784 cum
3401 3745 3499 3782 ro-

1923 3823 2107 3881 luerit.
2137 3823 2272 3878 illud
2311 3832 2494 3878 autem
2525 3837 2691 3892 quam
2723 3821 2960 3876 maxime
2982 3820 3366 3876 admirandum
3392 3829 3497 3881 est,

232 3904 386 3972 quod
421 3908 583 3963 modo
621 3911 792 3977 hunc,
825 3915 988 3967 modo
1020 3914 1174 3968 illum
1215 3914 1359 3972 Deus
1397 3925 1625 3972 ventum
1687 3917 1930 3982 emittat,
1998 3924 2053 3972 et
2102 3915 2399 3986 aliquando
2447 3929 2554 3969 una
2630 3921 2956 3981 utrumque;
3021 3927 3262 3982 persaepe
3331 3912 3494 3966 etiam

243 3999 430 4060 plures
458 4016 569 4055 uno
600 4013 762 4074 atque
790 4005 983 4060 eodem
1031 4015 1322 4078 tempore;
1366 4025 1611 4080 persaepe
1645 4012 1810 4065 etiam
1845 4011 2057 4065 nullum
2093 4025 2355 4080 prorsus;
2390 4017 2554 4078 atque
2612 4011 2724 4063 ha-e
2777 4008 2962 4062 omnia
3017 4021 3080 4062 ex
3132 4007 3389 4071 utilitate,
3445 4003 3498 4062 (ξι

239 4093 379 4148 nihil
416 4096 546 4174 sine
585 4097 818 4166 ratione,
877 4100 990 4156 illis
1041 4103 1253 4160 scilicet
1298 4104 1507 4161 interea
1561 4105 1816 4172 inclusis,
1844 4106 2017 4162 veluti
2059 4107 2114 4160 in
2147 4105 2477 4175 quibusdam
2528 4103 2846 4159 thesauris:
2905 4111 3072 4174 atque
3136 4104 3287 4158 illinc
3360 4119 3499 4173 quo-

239 4188 343 4239 ties
377 4184 486 4242 Deo
534 4189 774 4253 libuerit,
811 4192 1045 4247 maxima
1079 4210 1205 4249 cum
1240 4194 1506 4252 facilitate
1537 4197 1770 4252 eductis.

313 4283 421 4346 ⁸ος
446 4283 705 4350 ἐπάταξε
738 4288 809 4340 τὰ
853 4290 1196 4357 πρωτότοκα
1230 4293 1533 4360 Αίγύπτου
1563 4294 1681 4349 ἀπὸ
1708 4295 1817 4349 dr-

231 4373 472 4439 θρώπου
521 4375 633 4440 ἕως
698 4377 979 4445 κτήνους.
1006 4381 1233 4452 Εἴρηται
1269 4384 1326 4436 ἐν
1359 4381 1436 4454 τῷ
1465 4383 1544 4448 οξ¹
1571 4385 1775 4455 ψαλμῷ
1800 4400 1813 4415 ⁶

234 4465 338 4518 καλ⁹
394 4467 630 4536 ζήτησον
684 4470 801 4523 ἐκεῖ
847 4472 945 4539 τὴν
978 4471 1239 4543 ἐξήγησιν
1292 4475 1406 4538 τοῦ,
1459 4476 1816 4546 Ὠδοποίησε

231 4559 440 4625 τρίϐον
469 4559 538 4628 τῇ
565 4561 712 4630 ὀργῇ
731 4563 939 4621 αὐτοῦ.
966 4565 1113 4630 Ἕως
1135 4566 1190 4620 δὲ
1224 4569 1475 4639 κτήνους,
1512 4571 1592 4634 είς
1618 4571 1816 4624 ἐπίτα-

235 4671 328 4704 σιν
361 4655 461 4722 τῆς
493 4660 802 4726 συμφορᾶς.

321 4743 743 4807 Ἐξαπέοντειλε
765 4749 986 4816 σημεῖα
1013 4751 1110 4803 καὶ
1139 4752 1354 4820 τέρατα
1377 4756 1448 4806 ἐν
1482 4763 1648 4824 μέσῳ
1673 4771 1811 4824 σου,

225 4834 510 4904 Αἴγυπτε,
563 4837 631 4890 ἐν
683 4840 892 4906 Φαραὼ
938 4841 1036 4894 καί
1070 4842 1140 4895 ἐν
1188 4843 1339 4896 πᾶσι
1383 4844 1507 4910 τοῖς
1573 4846 1816 4913 δούλοις

231 4927 445 4980 αὐτοῦ.
480 4928 706 4999 Εἴρηται
734 4932 1084 5000 περὶτούτων
1122 4937 1276 4988 ἐκεῖ·
1317 4939 1600 5001 Ὃςέθετο
1618 4939 1798 4993 ἐνΑἰ-

232 5021 440 5087 γύπτῳ
469 5021 540 5074 τὰ
568 5023 778 5091 aeneia
808 5027 1019 5090 αὑτοῦ,
1059 5029 1154 5084 καὶ
1187 5029 1258 5083 τὰ
1292 5029 1505 5097 τέρατα
1537 5035 1726 5088 αὐτοῦ
1745 5035 1815 5088 ἐν

232 5112 671 5200 πεδίωΐὰνεως
691 5135 704 5149 ·
729 5121 1108 5190 μνημονεύσας
1135 5123 1190 5176 δέ
1213 5125 1308 5192 τῆς
1340 5124 1646 5196 βαρυτέρας
1672 5129 1810 5200 πλη-

231 5203 362 5272 γῆς,
403 5199 522 5259 εἶτα
550 5207 848 5280 συλλήϐδην
887 5209 1030 5276 εἷπε,
1063 5218 1260 5284 σημεῖα
1287 5217 1382 5270 καὶ
1407 5217 1629 5286 τέρατα.

314 5299 419 5363 ’ος
439 5299 739 5364 ἐπάταξεν
757 5304 900 5372 ἔθνη
925 5305 1144 5359 πολλά.
1171 5307 1294 5360 Εἴτε
1310 5308 1377 5360 τὰ
1400 5311 1810 5382 ἀποτειχίζοντα

233 5388 348 5450 τοῖς
378 5389 657 5454 Ἰουδαίοις
685 5392 784 5463 τὴν
815 5394 1048 5465 πάροδον
1069 5436 1083 5462 ,
1120 5397 1230 5450 εἴτε
1256 5398 1326 5452 τὰ
1346 5400 1404 5452 ἐν
1434 5401 1768 5475 Παλαιστίνῃ
1792 5421 1805 5436 ·

233 5477 519 5549 ἐπιτόμως
548 5480 604 5535 δέ
635 5483 816 5539 πάντα
843 5485 1015 5554 λέγει,
1047 5489 1141 5541 καὶ
1172 5489 1314 5544 κατὰ
1348 5493 1732 5566 παραδρομὴν.

308 5664 416 5717 Καὶ
446 5663 761 5721 ἀπέκτεινε
790 5669 1073 5737 βασιλεῖς
1115 5675 1449 5742 κραταιούς.
1489 5677 1626 5742 Τοὺς
1687 5680 1813 5749 ἡγε-

239 5753 410 5822 μόνας
440 5757 644 5812 αὐτῶν.

317 5934 366 5968 ⁶³
393 5933 528 5990 Gen.
570 5952 607 6001 ι,
637 5937 725 5992 10.

1998 4291 2161 4346 Vens.
2205 4291 2260 4344 8.
2307 4290 2412 4356 Qui
2473 4289 2740 4357 percussit
2777 4289 3129 4356 primogenita
3179 4288 3404 4359 .Egypti
3433 4293 3496 4344 ab

1921 4383 2129 4436 homine
2155 4396 2319 4449 usque
2348 4380 2416 4432 ad
2449 4395 2628 4449 pecus.
2672 4378 2743 4432 De
2773 4378 2875 4432 hoc
2911 4378 3152 4432 diximus
3189 4378 3244 4430 in
3281 4381 3494 4449 psalmo

1920 4489 2130 4530 mm".
2172 4473 2309 4527 Vide
2341 4471 2438 4533 ibi,
2476 4471 2528 4524 in
2571 4470 2889 4525 versiculo:
2936 4469 3077 4524 Fecit
3107 4470 3353 4523 semitam
3399 4473 3494 4524 irm

1918 4583 2050 4622 sure.
2092 4595 2160 4606 -—
2205 4561 2377 4634 Usque
2410 4562 2480 4616 att
2506 4577 2661 4630 pecus
2687 4575 2816 4616 vero
2844 4559 3004 4624 dixit,
3033 4569 3091 4614 ut
3125 4561 3491 4616 calamitatem

1846 4699 1889 4754 Ι)
1919 4671 2162 4754 augeret.

1992 4749 2160 4802 Vens.
2204 4748 2260 4804 9.
2306 4747 2498 4801 Emisit
2527 4750 2675 4816 signa
2713 4757 2762 4801 et
2801 4747 3041 4818 prodigia
3093 4748 3146 4801 in
3180 4750 3348 4801 medio
3395 4751 3492 4813 tui,

1920 4841 2162 4912 Egypte.
2219 4841 2272 4892 in
2325 4839 2676 4902 Pharaonem,
2722 4849 2771 4893 et
2815 4841 2871 4894 in
2922 4857 3100 4903 omnes
3153 4857 3326 4894 servos
3356 4842 3489 4909 ejus.

1918 4935 2121 4990 Ibidem
2144 4933 2307 4986 etiam
2340 4932 2544 4985 dictum
2581 4942 2684 4990 est.
2739 4932 2886 5003 quod
2933 4933 3110 5002 posuit
3159 4932 3212 4985 in
3262 4931 3492 5002 Egypto

1919 5029 2092 5098 signa,
2131 5034 2180 5080 et
2201 5025 2446 5096 prodigia
2489 5044 2587 5080 sua
2640 5028 2693 5078 in
2733 5042 2916 5093 campo
2968 5023 3169 5079 Taneos
3204 5040 3222 5076 :
3261 5038 3494 5092 cumque

1914 5119 2254 5194 gravissima:
2309 5121 2550 5177 omnium
2613 5119 2782 5188 plagae
2832 5116 3165 5178 meminerit,
3218 5115 3489 5170 collectiut

1919 5217 2267 5286 ptstmodum
2302 5214 2456 5283 signa
2481 5211 2634 5274 dixit,
2658 5217 2710 5263 ct
2744 5208 3012 5278 prodigia.

1990 5307 2158 5364 Vens.
2195 5308 2284 5362 l0.
2327 5305 2430 5372 Qui
2471 5303 2726 5372 percussit
2765 5309 2941 5370 gentes
2974 5300 3191 5354 multas.
3235 5299 3360 5354 Sive
3395 5315 3491 5358 eas

1920 5419 2041 5470 quae
2077 5400 2373 5456 transitum
2425 5395 2628 5452 Judazis
2690 5393 3082 5463 prohibebant,
3157 5409 3253 5447 seu
3303 5403 3490 5460 gentes

1919 5509 2038 5563 quae
2063 5492 2116 5547 in
2149 5490 2442 5545 Palaestina
2478 5497 2654 5544 erant.
2688 5485 2745 5540 ln
2779 5484 3104 5556 compendio
3136 5483 3338 5539 etenim
3370 5499 3491 5538 om-

1917 5587 2004 5639 nia
2035 5593 2221 5640 narrat
2261 5593 2314 5636 et
2345 5581 2576 5636 cursim.

1995 5674 2064 5727 Et
2103 5674 2294 5729 occidit
2331 5689 2472 5742 reges
2515 5671 2700 5740 fortes.
2736 5668 2960 5725 illarum
2995 5668 3204 5726 scilicet
3248 5669 3490 5740 gentium

1921 5767 2111 5822 duces.
