3964 6560
344 475 490 541 1237

1512 487 1903 549 COMMENT‘.
1934 485 2019 548 ΙΝ
2050 490 2407 556 PSALMOS.

3471 507 3609 573 1238

341 590 720 660 εὐλογήσατε
758 593 865 649 τὸν
892 595 1132 666 Κύριον.
1200 598 1289 652 Ἐν
1347 600 1545 673 ἐκείνῳ
1578 604 1673 656 καὶ
1721 602 1915 675 ταύτηι

2037 605 2196 662 mino.
2229 607 2346 665 lllic
2377 609 2546 667 etiam
2580 612 2960 684 hujuscemodi
2990 618 3250 678 ordinum
3276 622 3607 684 divisionem

342 685 645 755 ἐποιήσατο
702 686 803 755 τὴν
872 688 1144 754 διαίρεσιν
1202 690 1313 744 τῶν
1375 695 1742 764 πραγμάτων.
1816 697 1931 752 Kal.

343 776 588 847 ζήτησον
633 778 734 850 τὴν
756 781 872 833 ἐκεῖ
903 781 1161 853 ῥηθεῖσαν
1181 783 1476 857 ἐξήγησιν·
1516 787 1633 842 ἁλλ’
1665 790 1784 842 ἐκεῖ
1809 790 1928 860 μὲν,

347 871 609 925 Ἥλπισε
638 872 972 943 γέγραπται,
1008 875 1241 930 ἐνταῦθα
1266 878 1342 944 δὲ,
1381 881 1796 950 Εὐλογήσατε,
1842 882 1931 936 διὰ

341 961 442 1025 τὰς
466 962 805 1034 δηλωθείσας
840 966 1181 1037 εὐεργεσίας.
1253 969 1436 1023 Εἰπὼν
1483 971 1538 1025 δὲ
1570 974 1662 1026 τὸν
1690 972 1927 1045 Ἀαρὼν,

343 1055 649 1127 ἀνέδραμεν
670 1059 748 1120 εἰς
779 1059 871 1111 τὸν
906 1060 1202 1129 φύλαρχον,
1229 1062 1661 1137 καθολικώτερον
1695 1066 1786 1119 καὶ
1826 1084 1930 1135 φα-

344 1146 551 1217 νερώτε
563 1166 656 1218 ρον
678 1150 771 1205 τὸν
798 1150 960 1220 λόγον
992 1154 1185 1208 ποιῶν.

412 1328 764 1395 Εὐλογητὸς
789 1332 1004 1400 Κύριος
1038 1332 1107 1387 ἐκ
1144 1335 1318 1390 Σιών.
1364 1337 1595 1411 Εἴρηται
1634 1341 1729 1395 καὶ
1763 1343 1823 1397 ἐν
1851 1342 1925 1413 τῷ

346 1414 468 1484 ρκζ⁰
501 1416 729 1487 ψαλμῷ.

424 1507 492 1563 Ὀ
553 1509 851 1565 κατοικῶν
910 1515 1333 1588 Ἰερουσαλήμ.
1407 1521 1498 1574 Ἐν
1550 1522 1627 1592 τῷ
1678 1524 1792 1597 ναῷ
1827 1527 1925 1597 τῆς

351 1596 391 1651 Ἱ
398 1601 668 1673 ερουσαλή
676 1620 735 1672 μ.

942 1698 1317 1769 Ἀλληλούτα.

866 1787 1162 1844 ΨΑΛΜΟΣ
1207 1794 1292 1846 ΡΛ
1301 1795 1376 1849 Ε’.

411 1873 522 1927 Καὶ
537 1867 692 1940 οὗτος
714 1878 742 1931 ὁ
764 1877 977 1949 ψαλμδς
1005 1882 1084 1954 τῷ
1118 1884 1225 1956 πρὸ
1254 1886 1420 1941 αὐτοῦ
1445 1890 1708 1961 συνᾴδων,
1730 1893 1920 1965 ὁμοίαν

340 1961 457 2033 ἔχει
494 1965 597 2036 τὴν
631 1969 969 2042 ἐπιγραφήν.
1764 1961 1779 1967 '7
1868 2012 1877 2016 ι

410 2149 917 2223 Ἐ’ξομολογεῖσθε
970 2156 1052 2224 τῷ
1083 2163 1300 2230 Κυρίῳ,
1323 2164 1413 2220 ὅτι
1435 2166 1681 2238 ἀγαθὸς,
1710 2170 1801 2226 ὅτι
1828 2176 1918 2242 εἰς

335 2243 451 2338 τὸτ’
472 2244 661 2338 αιῷνα
690 2247 760 2301 τὸ
810 2248 986 2317 ἕλεος
1041 2255 1252 2312 αὐτοῦ.
1329 2258 1718 2331 Εὐχαριστεῖτε
1767 2267 1918 2338 αὐτῷ

338 2335 608 2406 ὑπὲρτῶν
639 2337 843 2407 ὁμοίων
860 2342 1214 2413 εὐεργεσιῶν.
1250 2347 1651 2422 Ἑρμηνεύεται
1679 2356 1736 2409 δέ
1762 2335 1916 2423 οὗτος

336 2429 580 2520 ύστίχος
624 2432 721 2486 καὶ
756 2434 816 2486 ἐν
872 2437 937 2506 τῇ
972 2437 1121 2511 ἀρχῇ
1173 2439 1268 2494 τοῦ
1336 2442 1411 2512 pe’
1452 2444 1670 2516 ψαλμοῦ
1717 2449 1918 2520 τρόπον

335 2517 550 2610 ἕτερον,
607 2521 706 2575 καὶ
762 2525 820 2577 ἐν
864 2525 1008 2591 ὅλοις
1050 2528 1108 2581 δέ
1142 2531 1257 2595 τοῖς
1285 2531 1487 2604 ἐφεξῆς
1515 2537 1722 2608 στίχοις
1753 2517 1921 2610 ἄκρο-

337 2609 613 2668 τελεύτιον
643 2615 723 2682 τὸ,
773 2618 855 2671 ὅτι
887 2621 993 2686 Εις
1016 2619 1124 2675 τὸν
1170 2622 1356 2678 αἰῶνα
1386 2626 1455 2680 τὸ
1491 2626 1666 2696 ἔλεος
1707 2609 1917 2700 αὐτοῦ,

336 2705 479 2775 πρὸς
511 2706 765 2763 ἐπίτασιν
797 2711 894 2764 τοῦ
924 2710 1098 2783 ὕμνου
1127 2715 1223 2770 τοῦ
1254 2716 1500 2773 τοιούτου
1517 2720 1725 2789 ἐλέους,
1758 2723 1791 2794 ἢ
1824 2726 1923 2779 καὶΔ

335 2796 480 2867 πρὸς
508 2797 792 2871 ἔκπληξιν.

413 3071 909 3146 Ἐεομολογεῖσθε
927 3077 1008 3144 τῷ
1039 3081 1162 3145 Θεῷ
1195 3082 1314 3139 τῶν
1347 3084 1520 3142 θεῶν.
1558 3086 1682 3143 Τῶν
1712 3090 1921 3160 ψευδω-

334 3163 556 3234 νύμωψ
582 3167 632 3220 εἰ
665 3167 776 3240 γὰρ
805 3171 899 3224 καὶ
916 3171 1258 3245 ἠτιμωμένοι
1290 3178 1386 3231 καὶ
1414 3184 1921 3252 προσκεκρουκότες

2038 698 2190 763 fecit.
2237 702 2329 756 ubi
2367 702 2516 771 vide,
2567 722 2690 777 quae
2719 724 2817 780 per
2845 725 2949 766 nos
2994 712 3051 768 in
3082 715 3430 786 expositione
3460 717 3606 775 dicta

2034 801 2184 849 sunt.
2216 793 2544 867 Quanquam
2579 799 2652 854 ibi
2682 802 2958 872 Propheta
3008 820 3237 876 sperare
3283 806 3479 877 jussit,
3518 812 3610 868 hic

2033 893 2217 940 autem
2290 886 2655 956 benedicere,
2715 901 2941 965 propter
3013 896 3273 966 praadicta
3344 899 3604 957 nimirum

2034 975 2315 1033 beneficia.
2361 978 2583 1035 Etcum
2632 980 2816 1038 Aaron
2845 986 3180 1051 meminerit,
3226 987 3488 1062 deinceps
3534 992 3603 1048 ad

2031 1069 2206 1139 ipsius
2238 1070 2497 1128 Leviticze
2534 1074 2711 1131 tribus
2747 1078 3051 1149 principem
3109 1082 3480 1152 patriarcham
3515 1100 3602 1141 re-

2029 1164 2226 1229 currit,
2256 1172 2316 1218 ut
2351 1181 2663 1223 sermonem
2697 1184 2858 1225 suum
2905 1173 3195 1230 clariorem
3246 1175 3521 1247 redderet,
3551 1187 3606 1234 et

2031 1259 2204 1325 magis
2236 1260 2634 1319 universalem.

2098 1350 2265 1408 Vens.
2299 1355 2392 1409 2i.
2434 1354 2744 1411 Benedictus
2780 1356 3032 1415 Dominus
3088 1361 3142 1415 iu
3185 1360 3334 1417 Sion.
3385 1362 3600 1420 Dictum

2028 1451 2115 1497 est
2152 1443 2204 1496 in
2238 1444 2447 1513 psalmo
2477 1462 2681 1502 cxsvu.

2100 1533 2206 1599 Qui
2231 1534 2433 1591 habitat
2476 1539 2527 1592 in
2551 1538 2877 1598 Jerusalem.
2920 1541 3033 1600 Hoc
3063 1553 3173 1611 est.
3209 1545 3263 1602 in
3290 1548 3494 1619 templo
3525 1550 3605 1604 ei~

2027 1625 2214 1681 vitatis
2242 1624 2572 1684 Jerusalem.

2692 1726 2947 1783 Alleluia.

2486 1816 2812 1873 PSALMUS
2884 1817 3147 1876 CXXXV.

1957 1943 1996 1997 Β
2098 1909 2197 1963 Hie
2225 1909 2470 1980 psalmus
2499 1910 2668 1965 multa
2708 1912 2954 1981 proxime
2993 1911 3325 1982 praecedenti
3356 1927 3601 1970 consona

2023 2001 2253 2068 habens,
2284 2002 2521 2058 similem
2551 2003 2718 2058 etiam
2756 2003 2993 2060 sortitus
3034 2013 3120 2061 est
3153 2005 3597 2077 inscriptionem.

2095 2179 2264 2236 Vnus.
2308 2181 2359 2236 i.
2404 2181 2747 2252 Con/ilemiui
2793 2177 3042 2245 Domino,
3112 2181 3364 2252 quoniam
3413 2180 3601 2246 bonus,

2021 2273 2274 2343 quoniam
2319 2274 2375 2327 in
2414 2273 2670 2330 sarculum
2712 2272 3078 2328 misericordia
3117 2273 3254 2344 ejus.
3304 2271 3526 2343 Gratias
3550 2269 3602 2325 ei

2023 2365 2168 2433 agite
2196 2379 2296 2434 pro
2329 2363 2830 2421 innumerabilibus
2882 2364 3190 2421 beneﬁciis.
3247 2365 3370 2420 Alio
3421 2373 3600 2420 autem

2024 2456 2188 2511 modo
2222 2455 2369 2510 hunc
2416 2454 2751 2511 versiculum
2803 2456 3162 2527 exposuimus
3220 2456 3275 2511 in
3332 2456 3601 2528 principio

2022 2546 2218 2619 psalmi
2264 2562 2351 2603 cv.
2387 2545 2660 2617 Apposuit
2704 2546 2870 2601 etiam
2922 2546 3194 2618 Propheta
3226 2547 3393 2602 verba
3443 2546 3596 2602 hac:

2023 2637 2289 2705 Quoniam
2327 2638 2383 2692 in
2422 2637 2675 2693 uetulum
2726 2639 3098 2693 misericordia
3145 2637 3285 2708 ejus,
3338 2637 3602 2694 omnibus

2024 2728 2496 2800 subsequentibus
2565 2727 2878 2794 versiculis,
2949 2738 3010 2783 ut
3074 2727 3339 2799 majorem
3406 2727 3601 2784 divina!

2022 2819 2406 2887 huiuscemodi
2437 2819 2830 2876 misericordia:
2859 2819 3076 2875 laudem
3108 2834 3234 2876 esse
3266 2821 3601 2876 demonstra-

2023 2921 2129 2977 ret,
2178 2912 2261 2965 vel
2291 2915 2459 2966 etiam
2506 2919 2568 2967 ut
2612 2911 2881 2968 lectorem
2931 2912 2988 2966 in
3038 2911 3485 2980 admirationem,
3541 2926 3601 2969 ac

2024 3012 2308 3072 stuporem
2359 3004 2560 3060 divina:
2593 3004 2900 3074 majestatis
2932 3003 3253 3059 adduceret.

2100 3094 2267 3150 Vens.
2302 3094 2357 3150 2.
2399 3094 2740 3165 Conﬁtemiui
2775 3096 2879 3150 Deo
2902 3097 3156 3162 deorum;
3186 3097 3462 3168 quoniam,
3495 3105 3601 3153 etc.

2026 3187 2307 3247 Falsorum
2342 3187 2553 3242 scilicet
2593 3188 2842 3255 deorum,
2880 3190 2962 3243 vel
2997 3189 3223 3244 deorum
3264 3190 3387 3246 falsi
3424 3193 3601 3246 nomi-

328 3259 389 3355 αἱ
427 3350 439 3355 Δ
474 3258 749 3330 δαίμονες,
801 3262 969 3319 ἀλλὰ·
1007 3264 1185 3321 δοῦλοι
1254 3270 1352 3324 καὶ
1399 3271 1811 3355 ύποκύπτοντες
1863 3277 1915 3345 ἐξ

2037 3279 2137 3335 nis.
2164 3265 2387 3334 lliOrum
2421 3278 2622 3333 etenim
2654 3279 2818 3333 etiam
2845 3279 2988 3335 Deus
3012 3291 3117 3336 est.
3148 3279 3281 3336 Nam
3307 3282 3409 3338 etsi
3433 3299 3461 3337 a
3493 3282 3603 3340 Deo

329 3350 609 3424 ἀνάγκης.

409 3626 907 3702 Ἐξομολογεῖσθε
966 3633 1047 3702 τῷ
1101 3640 1295 3708 Κυρίῳ
1352 3641 1472 3697 τῶν
1515 3647 1758 3715 κυρίων.
1795 3651 1919 3704 Τῶν

2027 3370 2343 3425 inhonorati
2373 3380 2503 3425 sunt
2527 3370 2826 3438 dzemones,
2861 3371 3076 3443 ipsique
3110 3372 3219 3427 Deo
3252 3374 3456 3443 pariter
3500 3374 3603 3429 ad-

2022 3469 2336 3526 versentur,
2374 3470 2752 3517 verumtamen
2792 3470 2846 3517 et
2877 3463 3024 3518 illius
3066 3463 3208 3519 servi
3238 3470 3389 3531 sunt,
3419 3475 3473 3520 et
3505 3480 3603 3520 vo-

2022 3552 2219 3606 luntati
2246 3553 2366 3624 ejus
2398 3555 2714 3608 necessario
2742 3548 3145 3610 succumbunt.

2091 3642 2257 3700 Vens.
2295 3645 2350 3699 3.
2397 3643 2740 3713 Con/itemiui
2782 3642 3010 3700 Domino
3047 3646 3407 3712 dominorum,
3454 3662 3600 3718 quo-

1810 3760 1915 3807 τως
2018 3735 2187 3802 uiam,
2216 3742 2324 3790 etc.
2363 3734 2720 3790 Dominorum
2768 3736 2894 3790 dico
2926 3736 3090 3806 hujus
3136 3736 3344 3804 smculi,
3392 3737 3488 3808 qui
3532 3735 3599 3792 ad

327 3902 552 3972 Κύριος
576 3902 695 3960 τῶν
717 3912 1139 3977 κυριευόντων.

401 4181 491 4249 Τῷ
543 4186 868 4253 ποιήσαντι
948 4192 1254 4263 θαυμάσια
1318 4198 1556 4269 μεγάλα
1600 4201 1787 4270 μόνῳ.
1842 4206 1916 4260 Τὸ

331 4276 519 4365 Mora)
574 4278 712 4349 πρὸς
765 4282 1171 4356 ἀντιδιαστολὴν
1222 4290 1397 4344 κεῖται
1461 4292 1570 4347 τῶν
1616 4293 1910 4365 δαιμόνων.

325 4364 537 4436 Κύριον
562 4368 673 4441 γὰρ
697 4369 846 4440 λέγει
889 4374 984 4428 τὸν
1011 4376 1070 4429 ἐν
1095 4378 1246 4448 τρισὶ
1277 4381 1589 4450 προσώποις
1618 4364 1720 4438 ἕνα
1748 4387 1901 4443 Θεόν.

405 4548 493 4615 Τῷ
521 4551 842 4619 ποιήσαντι
894 4556 1036 4626 τοὺς
1063 4561 1364 4630 οὐρανοὺς
1394 4564 1465 4620 ἐν
1512 4566 1785 4624 συνέσει.
1821 4570 1913 4623 Ἐν

2018 3825 2293 3880 modicum
2344 3833 2560 3894 tempus
2612 3832 2849 3892 tantum,
2900 3833 2955 3881 et
3009 3840 3120 3881 non
3167 3836 3432 3897 perpetuo
3476 3835 3602 3882 sunt

2017 3916 2257 3984 domini;
2288 3924 2454 3987 atque
2491 3917 2614 3972 ideo
2647 3932 2775 3973 vere
2814 3916 3024 3973 domini
3054 3934 3163 3973 non
3197 3927 3347 3985 sunt,
3382 3916 3599 3973 tametsi
3698 3986 3707 3997 ι

2018 4010 2094 4065 ita
2143 4012 2527 4083 appellentur:
2556 4009 2666 4066 Rea:
2710 4011 2880 4080 enim,
2910 4011 3111 4082 inquit,
3152 4012 3511 4084 regnantium,
3550 4019 3601 4065 et

2015 4103 2273 4158 Dominus
2298 4104 2687 4158 dominantium
2717 4103 2783 4162 ⁸⁵.

2086 4195 2256 4253 Vens.
2285 4196 2340 4251 4.
2369 4195 2437 4250 Ei
2460 4198 2550 4268 qui
2584 4198 2710 4266 fecit
2741 4196 3017 4250 mirabilia
3050 4212 3244 4267 magna
3274 4195 3444 4263 solus,
3471 4213 3603 4268 quo-

2017 4290 2185 4354 niam,
2208 4300 2317 4345 ete.
2351 4288 2540 4344 Solum
2575 4287 2737 4352 dixit,
2767 4289 2832 4342 ad
2862 4289 3132 4343 idolorum
3164 4287 3597 4346 distinctionem.

2015 4380 2149 4436 Nam
2181 4381 2387 4452 alioqui
2434 4396 2531 4450 per
2580 4380 2874 4435 Dominum
2910 4396 3034 4434 eum
3085 4378 3360 4451 intelligit,
3396 4380 3491 4452 qui
3540 4380 3598 4437 in

2018 4473 2190 4527 tribus
2220 4472 2472 4543 personis
2502 4488 2645 4527 unus
2679 4473 2824 4528 Deus
2854 4481 2958 4528 est.

2086 4567 2249 4623 Vens.
2280 4566 2335 4621 5.
2370 4564 2438 4619 Ei
2476 4566 2566 4636 qui
2611 4565 2734 4636 fecit
2781 4565 2938 4619 caelos
2967 4564 3022 4618 in
3059 4562 3429 4635 intelligentia,
3471 4579 3600 4634 quo-

328 4640 497 4722 σοφία
515 4657 532 4674 ο
559 4651 983 4717 προσμαρτυρεῖ
1010 4649 1068 4702 δὲ
1084 4650 1162 4721 τῷ
1182 4652 1304 4725 Θεῷ
1324 4654 1411 4709 διὰ
1460 4656 1571 4710 τῶν
1599 4659 1909 4730 εἰρημένων

2037 4663 2184 4730 riam,
2222 4670 2332 4717 etc.
2363 4660 2425 4715 ιιι
2461 4661 2733 4731 sapientia
2762 4660 3044 4715 nimirum.
3081 4659 3188 4715 Per
3213 4659 3472 4732 praedicta
3504 4674 3602 4716 au-

325 4731 665 4803 ὁγαθότητα,
691 4737 785 4789 καὶ
807 4739 1206 4810 ἐλεημοσύνην,
1226 4744 1320 4797 καὶ
1346 4746 1645 4817 κυριότητα
1664 4746 1907 4815 πάντων,

322 4825 421 4879 καὶ
450 4825 704 4897 δύναμιν,
739 4830 838 4883 καὶ
862 4833 1079 4901 σοφίαν.

401 5007 485 5074 Τῷ
506 5011 905 5077 στερεώσιιντι
928 5015 1043 5084 τὴν
1063 5016 1183 5086 γῆν
1195 5018 1293 5072 ἐπὶ
1318 5020 1436 5075 τῶν
1459 5020 1715 5079 ὑδάτων.
1740 5025 1911 5096 Εἴρη-

2015 4761 2150 4818 tem,
2197 4766 2470 4807 summam
2527 4750 2637 4806 Deo
2659 4764 2784 4807 esse
2837 4758 3132 4807 attestatur
3179 4749 3500 4818 bonitatem,
3544 4756 3597 4805 et

2018 4841 2481 4905 misericordiam,
2508 4856 2806 4914 rerumque
2834 4843 3083 4898 omnium
3123 4842 3428 4899 dominium
3471 4856 3595 4899 cum

2017 4948 2231 4991 summa
2271 4934 2515 5005 potentia
2541 4942 2597 4990 et
2626 4936 2894 5007 sapientia
2924 4936 2972 4991 ei
3003 4934 3288 4991 adscribit.

2090 5025 2256 5083 Vens.
2297 5026 2351 5082 6.
2392 5025 2460 5083 Ei
2505 5028 2597 5099 qui
2646 5028 2905 5084 stabilivit
2950 5038 3146 5084 terram
3198 5043 3354 5098 super
3403 5042 3593 5097 aquas,

320 5116 418 5192 ⁴ται
455 5102 549 5155 καὶ
604 5104 661 5155 ἐν
689 5104 767 5174 τῷ
803 5107 887 5175 κγ’
918 5109 1120 5180 ψαλμῷ
1155 5125 1171 5141 ’
1210 5112 1404 5179 Αὐτὸς
1435 5113 1535 5167 ἐπι
1567 5117 1906 5171 θαλασσῶν

2037 5123 2283 5188 πιιοιιὶαιιι,
2317 5130 2426 5177 etc.
2474 5120 2537 5176 ln
2585 5122 2797 5192 psalmo
2844 5135 2980 5174 ιιιιιιι
3067 5119 3207 5172 dixit
3258 5118 3421 5173 etiam
3463 5117 3597 5172 Pro.

319 5188 723 5260 ἐθεμελίωσεν
761 5196 977 5264 αὑτήν.
1007 5200 1116 5252 Καὶ
1148 5200 1305 5273 ζήτει
1340 5203 1439 5275 τὴν
1478 5206 1597 5260 ἐκεῖ
1620 5206 1905 5282 ἐξήγησιν.

402 5376 488 5443 Τῷ
534 5376 856 5444 ποιήσαντι
904 5381 1071 5451 φῶτα
1109 5385 1345 5457 μεγάλα
1370 5390 1557 5459 μόνῳ,
1586 5390 1695 5446 τὸν
1729 5392 1910 5461 ἥλιον

320 5471 411 5536 εἰς
443 5470 742 5534 ἐξουσίαν
757 5472 1265 5547 τῆςήμέραςηὴν
1286 5482 1587 5553 σελήνην,
1622 5488 1723 5542 καὶ
1765 5489 1908 5557 τοὺς

319 5560 606 5631 ἀστέρας,
638 5566 726 5632 εις
773 5566 1196 5640 ἐξουσίαν-τῆς
1229 5578 1473 5641 νυκτός.
1510 5578 1623 5633 Καὶ
1653 5581 1903 5653 ἐποίησε,

320 5655 512 5725 φησὶν,
547 5658 577 5711 ὁ
626 5658 761 5724 Θεὸς
802 5662 931 5726 τοὺς
959 5661 1056 5717 δύο
1094 5665 1391 5737 φωστῆρεις
1420 5669 1551 5731 τοὺς
1592 5672 1866 5741 μεγάλους
1887 5690 1902 5705 ·

319 5746 418 5802 τδν
485 5751 755 5822 φωστῆρα
810 5754 904 5807 τδν
976 5755 1150 5827 μέγαν
1189 5758 1271 5822 εἰς
1317 5758 1495 5831 ἀρχὰς
1541 5762 1642 5834 τῆς
1686 5765 1904 5837 ἡμέρας

398 5934 443 5967 ⁸⁸
471 5933 626 5993 Deut.
673 5952 730 6004 ι,
770 5936 876 6007 l7;
921 5939 941 5993 Ι
971 5937 1111 5996 Tim.
1136 5956 1214 6008 vr,
1248 5940 1353 6009 15;
1389 5941 1560 6014 Apoc.
1594 5957 1711 6013 xu,
1745 5944 1831 6001 l6.

2013 5215 2173 5284 pheta
2211 5232 2224 5270 :
2262 5213 2384 5283 Ipse
2426 5229 2584 5282 super
2619 5213 2793 5266 maria
2834 5210 3078 5281 [initiavit
3114 5224 3255 5263 eam.
3297 5205 3435 5263 Vide
3472 5220 3597 5278 qua:

2009 5306 2124 5362 illic
2147 5307 2291 5361 dicta
2326 5313 2475 5360 sunt.

2088 5399 2249 5455 Vens.
2285 5398 2403 5455 7-9.
2439 5395 2507 5450 Ei
2555 5397 2647 5467 qui
2688 5396 2809 5467 fecit
2857 5393 3149 5450 Iuntinaria
3193 5408 3389 5464 magna
3419 5393 3591 5453 solus.

2016 5493 2306 5563 quoniam.
2366 5499 2476 5544 etc.
2534 5488 2712 5545 Solem
2765 5490 2820 5544 in
2877 5496 3186 5556 potestatem
3254 5485 3395 5550 diei,
3460 5498 3593 5554 quo-

2018 5587 2183 5651 niam,
2217 5597 2320 5641 ete.
2370 5583 2578 5639 Lunam
2609 5593 2661 5639 et
2717 5583 2899 5639 stellas
2938 5583 2995 5637 in
3038 5588 3352 5651 potestatem
3400 5576 3593 5639 noctis.

2014 5677 2289 5751 quoniam,
2321 5691 2429 5734 etc.
2454 5705 2527 5716 ——
2556 5673 2625 5730 Et
2654 5673 2800 5747 fecit,
2837 5672 3039 5744 inquit,
3063 5669 3205 5725 Deus
3234 5668 3341 5725 duo
3366 5666 3597 5723 lumina.

2014 5770 2099 5825 ria
2130 5785 2361 5840 magna:
2397 5769 2660 5826 luminare
2694 5782 2942 5839 magnum
2986 5764 3040 5821 in
3074 5762 3422 5836 prafecturas
3465 5757 3592 5823 diei,
