3964 6548
213 328 350 394 1253

1380 334 1774 400 COMMENT.
1813 338 1895 399 IN
1920 338 2279 400 PSAIMOS.

3342 338 3482 411 1255.

287 445 753 517 Ἐϐαυμαστώθη
802 445 841 513 ἡ
878 444 1099 517 γνῶσις
1121 461 1237 502 σου
1265 446 1334 513 ἐξ
1357 448 1527 519 ἐμοῦ.
1558 451 1632 504 Τὸ
1656 450 1782 520 γνιί-

1979 451 2144 509 Vns.
2170 453 2224 508 6.
2266 450 2526 505 Hirabilis
2555 453 2703 521 facta
2743 460 2822 506 est
2849 453 3081 522 cegm‘tie
3119 463 3212 508 tua
3239 493 3253 518 ,
3280 470 3345 510 ea:
3381 473 3483 511 me.
3548 438 3549 443 γ

202 541 292 593 ναί
315 556 400 605 σε,
455 538 807 610 ὲμεγαλύνθη
862 540 1003 611 ὑπὲρ
1062 540 1161 611 ἐμέ
1198 556 1210 569 ·
1245 539 1390 596 οὕτω
1445 542 1556 615 γὰρ
1600 542 1788 614 ἔτερος

209 634 487 707 ἑρμηνεὺς
519 632 803 699 ἐξέδωκεν·
839 633 979 704 ὑπὲρ
1011 633 1110 705 τὴν
1138 632 1278 705 ἐμὴν
1308 636 1501 704 γέγονε
1546 637 1787 706 κατάλη·

202 725 318 794 ψιν.
374 727 440 779 ⁸0
463 725 559 778 καὶ
588 725 677 780 διὰ
714 723 809 778 τοῦ
869 724 1069 795 ἐφεξῆς
1126 726 1425 798 ὲσαφήνισε
1451 728 1664 799 στίχου,
1704 727 1789 783 λέ-

204 834 318 886 γων
356 834 372 849 ο

290 907 731 977 Ἐκραταιὼθη,
787 910 860 963 οὺ
911 907 998 979 μὴ
1053 909 1319 979 δύνωμαι
1368 910 1520 979 πρὸς
1574 910 1789 978 αὐτήν.

214 1002 568 1072 Ἰσχυροτέρα
608 1001 854 1071 γέγονεν,
906 1001 939 1072 ἢ
999 1000 1141 1055 ὥστε
1195 1001 1612 1072 καταληφθῆναι
1676 1006 1791 1066 τοῖς

204 1095 357 1161 ἐμοῖς
406 1095 712 1165 λογισμοῖςυ
739 1095 800 1148 οὐ
867 1094 942 1165 μὴ
976 1094 1181 1164 ἰσχύσω
1217 1095 1356 1165 πρὸς
1407 1098 1602 1166 αὐτὴν,
1646 1096 1788 1150 ὥστε

205 1185 642 1257 περιδράξασθαι
695 1186 890 1256 αὐτῆς.
954 1186 1159 1240 Γνῶσιν
1193 1187 1249 1240 δὲ
1284 1187 1457 1255 λέγει,
1509 1187 1612 1257 τὴν
1645 1190 1786 1243 κατᾶ

202 1277 390 1345 φύσιν,
423 1277 623 1348 ὅτιμὲν
654 1278 760 1349 γάρ
794 1279 961 1347 ἐστιν,
989 1278 1168 1347 ἴσμεν
1210 1277 1343 1330 τὸδὲ
1373 1278 1427 1331 τί
1458 1278 1559 1350 τὴν
1578 1279 1789 1347 οὐσίαν,

200 1367 536 1440 ἀγνοοῦμεν·
578 1369 717 1423 ἀλλὰ
752 1368 847 1422 καὶ
871 1369 954 1421 ὅτι
988 1369 1086 1438 μὲν
1125 1368 1408 1439 πανταχοῦ
1443 1370 1582 1433 ἔστι,
1624 1368 1790 1439 γινώ-

200 1478 431 1533 σκομεν.
466 1462 539 1515 Τὸ
561 1462 621 1516 δὲ
656 1459 803 1527 πῶς,
835 1461 935 1514 οὐκ
961 1460 1145 1530 ἴσμεν,
1186 1461 1284 1515 καὶ
1311 1463 1395 1515 ὅτι
1423 1462 1525 1531 μὲν
1561 1461 1787 1531 ἀγαθὸς,

198 1555 295 1606 καὶ
360 1553 766 1625 φιλάνθρωπος,
805 1554 899 1606 καὶ⁸
930 1552 1115 1621 σοφὸς,
1150 1554 1246 1607 καλ¹
1284 1554 1523 1618 συνετὸς,
1571 1554 1667 1608 καὶ
1720 1554 1790 1608 τὰ

195 1645 449 1710 τοιαῦτα,
484 1647 725 1717 οἴδαμεν.
767 1647 841 1701 Τὸ
872 1646 930 1701 δὲ
980 1648 1169 1713 πόσον,
1192 1646 1293 1701 οὐκ
1319 1647 1564 1715 οἴδαμεν.
1600 1645 1790 1718 Τούτῳ

192 1734 251 1788 δὲ
278 1736 496 1807 συνᾴδει
522 1738 614 1789 καὶ
638 1738 665 1790 δ
708 1734 1143 1807 Ἐκκλησιαττὴς
1180 1735 1355 1803 λέγων
1377 1751 1390 1766 ⁸
1429 1732 1586 1791 ΕῘπα
1622 1750 1641 1769 ⁵
1678 1740 1790 1791 Σο-

1895 543 2140 616 Cegnitie
2168 554 2260 599 tua
2282 585 2299 611 ,
2331 544 2549 616 inquit,
2576 560 2773 614 magna.
2794 544 2944 614 facta
2977 555 3061 617 est,
3081 562 3239 615 super
3269 563 3348 602 me
3387 549 3485 619 (ita

1894 638 2040 693 enim
2067 639 2214 692 alius
2244 637 2516 707 interpres
2544 636 2743 706 reddit)
2774 637 2877 692 hoc
2909 646 2994 695 est
3014 675 3030 701 ,
3066 638 3242 709 Super
3265 642 3487 710 capaci-

1892 737 2062 784 tatem
2114 730 2424 785 intellectus
2471 730 2575 784 mei
2629 728 2774 785 facta
2833 739 2940 787 est.
2977 730 3134 797 Quod
3193 732 3360 788 etiam
3418 750 3487 789 ex

1893 819 2257 889 sequentibus
2289 820 2460 889 magis
2492 818 2813 884 declaravit,
2846 820 3041 895 dicens
3074 837 3091 877 :

1960 910 2217 976 Incaluit,
2241 921 2291 966 et
2330 928 2436 966 non
2465 920 2647 980 petere
2675 913 2745 967 ad
2778 929 2920 968 eam.
2944 912 3165 969 Fortior
3191 931 3256 970 ac
3289 925 3484 987 poteno

1894 998 2005 1054 tior
2032 998 2174 1054 facta
2218 1010 2335 1063 est,
2366 1015 2529 1070 quam
2562 1012 2619 1055 ut
2648 1002 3038 1070 comprehendi
3082 1006 3257 1073 possit
3281 1044 3296 1066 .
3326 1007 3477 1076 cogi-

1893 1090 2098 1147 tatione
2131 1106 2194 1146 ac
2243 1091 2686 1149 consideratione
2747 1108 2864 1150 mea
2908 1104 3007 1150 :et
3044 1110 3152 1149 non
3184 1106 3370 1165 potero
3401 1098 3470 1151 ad

1893 1199 2013 1239 eam
2038 1223 2055 1251 ,
2087 1186 2529 1257 appropinquare
2560 1186 2818 1242 nimirum
2839 1224 2859 1251 ,
2895 1187 2969 1243 ita
3007 1196 3067 1243 ut
3113 1192 3478 1259 comprehen-

1894 1274 2040 1330 dam.
2073 1275 2175 1331 Per
2214 1277 2578 1348 cognitionem
2609 1290 2790 1335 autem
2820 1278 2939 1346 Dei,
2973 1280 3110 1335 nihil
3133 1281 3278 1336 aliud
3314 1282 3485 1352 signi-

1893 1364 2058 1420 ﬁcare
2083 1367 2291 1434 voluit,
2324 1382 2487 1437 quam
2520 1369 2664 1425 scire
2691 1378 2745 1425 et
2777 1385 3111 1440 cognoscere
3145 1387 3271 1427 eum
3302 1374 3482 1442 qualis

1896 1469 2112 1513 natura
2164 1458 2258 1513 sit.
2298 1456 2436 1513 Nam
2477 1462 2618 1530 quod
2654 1462 2727 1518 sit
2755 1460 2930 1528 Deus,
2973 1464 3078 1518 hoc
3120 1463 3481 1533 proculdub‘o

1892 1548 2101 1604 scimus
2129 1588 2145 1615 ,
2170 1548 2301 1620 quid
2332 1560 2511 1605 autem
2539 1590 2555 1619 ,
2590 1563 2682 1607 aut
2706 1554 2883 1621 qualis
2916 1554 2988 1609 sit
3026 1554 3178 1611 illius
3214 1554 3478 1611 substan-

1893 1640 2010 1704 tia,
2049 1640 2389 1710 ignoramus.
2442 1641 2707 1699 Similiter
2759 1645 2906 1715 qnod
2960 1645 3274 1716 ubicunque
3339 1646 3480 1702 Deus

1891 1739 2018 1796 est,
2055 1734 2310 1790 novimus
2336 1775 2354 1795 .
2394 1736 2671 1807 quomodo
2706 1746 2887 1792 autem
2924 1737 2978 1793 id
3012 1739 3127 1794 ﬁeri
3155 1740 3347 1810 possit.
3382 1757 3481 1796 ne-

192 1825 602 1895 φισθήσομαι,
637 1826 735 1880 καὶ
759 1826 912 1895 αὐτὴ
942 1827 1287 1896 ἐμακρύνθη
1312 1825 1413 1880 ἀπ’
1431 1826 1600 1895 ἐμοῦ,
1630 1824 1782 1893 ὑπὲρ

1891 1821 2120 1877 scimus.
2149 1821 2274 1877 Pari
2304 1825 2468 1879 etiam
2496 1825 2660 1880 modo
2687 1827 2962 1895 novimus,
2992 1831 3138 1898 quod
3168 1829 3349 1886 bonus
3372 1840 3477 1897 cst,

194 1917 227 1970 ὃ
258 1912 340 1987 ἦν
368 1935 383 1950 ·
424 1919 521 1971 καὶ
558 1918 720 1983 ,βαθὺ
744 1916 961 1983 βάθος,
996 1919 1086 1984 τίς
1130 1917 1380 1986 εὑρήσει
1420 1918 1658 1987 αὑτήν;
1690 1918 1785 1969 καὶ

192 2011 220 2063 δ
243 2009 461 2073 Παῦλος
494 2010 549 2063 δέ
575 2027 760 2080 φησιν,
792 2010 855 2062 Ὢ
893 2008 1089 2074 βάθος
1116 2008 1386 2062 πλούτου
1410 2005 1508 2062 καὶ
1537 2008 1782 2077 σοφίας,

193 2098 291 2151 καὶ
318 2097 597 2168 γνώσεως
629 2097 796 2151 Θεοῦ·
830 2097 910 2163 ὠς
932 2095 1373 2165 ἀνεξερεύνητα
1402 2095 1473 2149 τὰ
1530 2097 1785 2165 κρίματα

191 2191 406 2255 αὐτοῦ,
457 2191 552 2243 καὶ
615 2190 1071 2260 ἀνεξιχνίαστοι
1104 2191 1165 2242 al
1200 2189 1327 2242 ὁδοὶ
1370 2186 1582 2242 αὑτοῦ.
1624 2188 1782 2252 Τινὲς

194 2280 278 2344 δὲ,
302 2281 401 2333 καὶ
424 2281 568 2335 οὕτω
598 2282 942 2351 νενοήκασιν·
974 2279 1377 2351 ἐθαυμαστώθη
1413 2280 1444 2350 ἡ
1476 2279 1640 2348 σοφία
1687 2296 1780 2333 σου

192 2375 258 2427 ὲκ
292 2377 395 2445 τῆς
428 2374 571 2445 ἐμῆς
617 2373 982 2437 διαπλάσεως,
1046 2375 1109 2427 ὲκ
1144 2374 1243 2443 τῆς
1275 2374 1411 2444 ἐμῆς
1435 2374 1781 2444 κατασκευῆς

192 2464 569 2536 ὲκραταιὼθη,
592 2466 653 2517 οὐ
682 2466 757 2536 μὴ
777 2464 1025 2536 δύνωμαι
1050 2465 1183 2536 πρὸς
1206 2464 1396 2531 αὐτὴν,
1427 2464 1568 2518 ὥπτε
1600 2465 1774 2536 ὑμνῆ-

194 2574 288 2610 σαι
327 2555 500 2627 αὑτῆν
530 2557 717 2621 ἀξίως.
749 2558 889 2611 Ἀλλ’
922 2560 973 2611 εξ
1010 2557 1085 2628 μὴ
1115 2555 1262 2620 οἶδας
1290 2556 1458 2628 αὐτὴν
1513 2558 1780 2629 ἀκριϐῶς,

194 2650 315 2713 πῶς
350 2650 654 2720 θαυμάζεις
688 2653 857 2723 αὐτὴν
890 2668 905 2718 ;
949 2652 1030 2703 Δι’
1066 2651 1199 2703 αὐτὸ
1238 2650 1400 2703 τοῦτο
1429 2651 1667 2713 πάντως.
1700 2652 1781 2705 ὅτι

190 2741 605 2812 ἀκατάληπτος.
658 2744 766 2797 Καὶ
806 2743 903 2813 τὴν
938 2742 1168 2814 ἡλιακὴν
1207 2743 1316 2814 γὰρ
1356 2744 1551 2797 ἀκτῖνα
1588 2744 1663 2816 μὴ
1690 2745 1783 2800 δυ-

191 2835 424 2905 νάμενοι
450 2835 809 2907 καταμαθεῖν,
849 2837 917 2890 δι’
935 2836 1065 2890 αὐτὸ
1094 2835 1253 2890 τοῦτο
1291 2837 1529 2907 μάλιστα
1565 2838 1784 2909 θαυμά-

191 2927 388 2999 ζομεν.
430 2926 583 2993 Εἶτα,
612 2929 708 2983 καὶ
735 2930 926 3001 ἑτέραν
960 2929 1229 3000 θαυμάζει
1269 2930 1499 3001 δύναμιν
1528 2931 1621 2985 τοῦ
1645 2931 1780 2985 Θεοῦ

188 3020 252 3070 τὸ
305 3017 588 3088 πανταχοῦ
652 3020 933 3088 παρεῖναι,
978 3019 1041 3088 τῇ
1072 3016 1320 3088 δυνάμει,
1373 3017 1479 3079 καὶ,
1532 3015 1779 3089 προνοίᾳ,

189 3107 292 3160 καὶ
353 3109 535 3163 πάντα.
556 3108 720 3161 τόπον
749 3108 1018 3180 πληροῦν.

1894 1912 2041 1982 quod
2104 1912 2466 1981 misericors,
2518 1916 2666 1986 quod
2727 1916 2951 1986 sapiens
3003 1927 3058 1973 et
3105 1928 3340 1988 potens,
3383 1920 3481 1976 sed

1894 2001 2180 2070 bonitatis,
2207 2003 2624 2070 misericordias,
2657 2006 2939 2077 sapientiae
2972 2008 3189 2075 modus,
3215 2018 3310 2064 aut
3344 2026 3483 2080 qua-

1896 2097 2022 2153 litas
2057 2113 2088 2151 a
2123 2107 2313 2153 nostra
2345 2098 2659 2169 cognitione
2699 2100 2891 2170 procul
2943 2110 3047 2156 est.
3101 2103 3199 2157 His
3235 2118 3477 2159 consona

1894 2197 2042 2253 sunt,
2071 2205 2193 2261 qua:
2220 2191 2491 2246 habentur
2524 2193 2665 2262 apud
2698 2193 3070 2249 Ecclesiasten
3109 2212 3124 2248 :
3165 2193 3293 2249 Dixi
3322 2210 3342 2249 :
3372 2194 3479 2250 Se-

1893 2281 2037 2349 piens
2072 2283 2287 2352 e/ﬁciar,
2314 2291 2363 2336 et
2412 2283 2528 2352 ipsa
2571 2284 2774 2354 longius
2803 2284 2948 2356 facta
2981 2297 3057 2339 est
3086 2303 3119 2339 a
3153 2303 3233 2341 me
3261 2327 3276 2351 ,
3313 2290 3478 2356 magis

1895 2388 2051 2441 quam
2087 2386 2199 2427 erat
2228 2415 2243 2437 ,
2284 2382 2334 2429 et
2386 2375 2651 2445 profunda
2680 2376 3020 2446 profunditas
3049 2416 3063 2440 ,
3095 2380 3213 2448 quis
3256 2379 3478 2434 inveniet

1891 2481 2006 2518 eam
2043 2466 2086 2496 ⁷⁸
2120 2466 2144 2518 'I
2209 2466 2409 2521 Paulus
2455 2468 2619 2523 etiam
2654 2484 2670 2522 :
2720 2467 2764 2523 0
2805 2470 3125 2537 profundum
3165 2470 3477 2524 diuitiarum

1890 2557 2163 2624 sapientia:
2204 2568 2251 2611 et
2296 2558 2527 2613 scientia:
2578 2559 2673 2613 Dei
2723 2560 2895 2627 dixit;
2949 2577 3109 2628 quant
3159 2563 3477 2630 imperseru—

1892 2650 2078 2704 tabilia
2101 2661 2220 2705 sunt
2241 2650 2451 2719 judicia
2477 2652 2613 2719 ejus.
2634 2662 2683 2705 et
2710 2653 3092 2724 investigabiles
3117 2655 3213 2708 vita
3242 2654 3355 2723 ejus
3381 2655 3427 2685 "
3452 2656 3473 2706 '!

1890 2741 2122 2808 Quidam
2159 2757 2285 2798 vero
2337 2743 2405 2796 ita
2442 2744 2869 2798 intellexerunt:
2904 2744 3169 2800 Mirabilis
3203 2742 3344 2800 facta
3391 2756 3478 2799 est

1890 2833 2119 2888 scientia
2140 2876 2154 2897 ,
2185 2849 2248 2889 ac
2294 2835 2562 2902 sapientia
2594 2845 2683 2889 tua
2723 2851 2787 2890 ex
2829 2837 3108 2892 creatione
3135 2877 3151 2902 ,
3179 2844 3235 2891 et
3275 2836 3477 2891 forma-

1892 2924 2040 2981 tione
2085 2940 2247 2980 mea:
2281 2933 2335 2980 et
2383 2926 2457 2981 ita
2501 2925 2766 2992 invaluit,
2822 2935 2878 2981 ut
2928 2942 3054 2982 vere
3105 2942 3430 2999 cOgnoscam
3460 2966 3477 2995 ,

1891 3018 2037 3088 quod
2085 3035 2194 3073 non
2239 3028 2428 3090 potero
2474 3020 2541 3073 ad
2593 3035 2710 3073 eam
2756 3022 3047 3090 pervenire
3095 3030 3152 3074 ut
3192 3021 3478 3093 condignis

1888 3124 2008 3165 eam
2067 3110 2317 3165 laudibus
2365 3110 2658 3166 celebrem.
2725 3107 2929 3165 Verum
2986 3112 3032 3168 si
3094 3113 3249 3181 plene
3309 3125 3476 3182 atque

189 3210 389 3255 exacte
426 3215 531 3255 non
557 3200 711 3256 novit
738 3215 858 3255 eam
896 3203 1088 3255 beatus
1120 3199 1326 3265 David,
1356 3200 1631 3272 quomodo
1698 3215 1818 3255 eam
1857 3200 2202 3255 admiratur?
2256 3198 2336 3256 0b
2405 3200 2508 3255 hoc
2557 3200 2768 3270 ipsum,
2815 3200 3027 3271 inquit,
3082 3217 3294 3257 summe
3351 3219 3471 3257 eam

190 3296 466 3361 admiror,
504 3296 633 3366 quia
674 3296 1253 3367 incomprehensibilis
1302 3305 1407 3353 est.
1487 3294 1623 3352 Nam
1689 3307 1743 3349 et
1812 3297 2024 3352 salares
2081 3296 2266 3352 radios
2321 3298 2562 3361 intueri,
2615 3306 2780 3367 atque
2854 3299 3314 3367 coruprehendere
3361 3315 3470 3354 non

189 3389 444 3444 valemus
470 3430 485 3456 ,
514 3400 674 3459 atque
700 3390 772 3445 ob
798 3390 901 3445 hoc
936 3378 1114 3460 ipsum
1152 3406 1248 3447 eos
1278 3391 1572 3462 plurimum
1602 3391 1965 3450 admiramur.
2025 3391 2231 3447 Deinde
2298 3392 2459 3446 aliam
2521 3390 2615 3448 Dei
2682 3395 2981 3462 potentiam
3040 3394 3473 3451 admirabundns

190 3490 421 3547 narrat,
453 3484 599 3552 quod
633 3484 981 3553 providentia
1015 3485 1273 3538 nimirum
1310 3501 1372 3537 ac
1396 3486 1639 3554 petentia
1671 3500 1767 3541 sua
1794 3525 1810 3549 ,
1843 3483 1986 3540 Deus
2012 3486 2212 3554 ubique
2245 3486 2418 3548 adest,
2452 3494 2614 3551 atque
2640 3500 2856 3541 omnem
2894 3486 3078 3554 implet
3103 3486 3301 3542 locum.

262 3575 393 3629 Ποῦ
410 3575 683 3644 πορευθῶ
698 3576 816 3631 ἀπὸ
846 3576 951 3632 τοῦ
982 3578 1325 3647 πνεύματός
1362 3592 1516 3642 σου;
1549 3579 1782 3634 καὶὰπύ

1968 3576 2134 3632 Vsus.
2168 3577 2198 3630 7
2225 3618 2238 3643 ,
2272 3577 2327 3632 8.
2372 3576 2489 3643 Quo
2514 3578 2601 3630 ibe
2633 3596 2665 3631 a
2688 3579 2880 3647 spiritu
2915 3581 3043 3635 tua?
3084 3589 3134 3634 et
3189 3596 3290 3648 que
3334 3580 3473 3651 facie

187 3668 301 3721 τοῦ
317 3668 647 3736 προσώπου
670 3684 786 3724 σου
817 3668 1116 3740 ποῦερύγω
1137 3689 1160 3736 ;
1178 3670 1319 3725 Ἐὰν
1346 3670 1546 3726 ἀναϐῶ
1563 3673 1650 3739 εις
1678 3671 1786 3724 τὸν

193 3758 492 3827 οὐρανὸν,
521 3758 602 3812 σὺ
642 3758 770 3813 ἐκεῖ
787 3756 878 3815 εἴ·
911 3761 1022 3814 ἐὰν
1072 3760 1430 3829 καταϐῶεΙς
1458 3764 1565 3817 τὸν
1605 3763 1782 3831 ᾅδην,

190 3852 392 3920 πάρει.
434 3848 657 3923 Πνεῦμα
687 3854 782 3905 καὶ
811 3855 1103 3924 πρόσωπον
1140 3853 1300 3918 Θεοῦ,
1336 3856 1429 3907 τὸν
1463 3855 1595 3909 Θεὸν
1632 3855 1782 3924 λέγει

188 3944 340 3998 κατὰ
374 3944 725 4015 περίφρασιν,
756 3945 790 4017 ἢ
827 3945 1046 4017 πνεῦμα
1114 3947 1212 4017 μὲν
1244 3947 1434 4012 αὑτοῦ,
1468 3946 1527 3999 τὸ
1556 3947 1783 4018 Πνεῦμα

186 4036 252 4089 eo
281 4036 469 4104 ἆγιον,
510 4037 805 4107 πρόσωπον
849 4037 905 4090 δὲ
943 4037 1132 4102 αὐτοῦ,
1173 4038 1264 4092 τὸν
1300 4038 1450 4105 Υἱδν,
1484 4038 1560 4102 ὡς
1596 4040 1781 4093 εἰκόνα

186 4128 287 4183 τοῦ
337 4129 572 4200 Πατρὸς,
614 4131 708 4184 καὶ
733 4132 1060 4202 χαρακτῆρα
1087 4132 1186 4201 τῆς
1208 4131 1560 4195 ὑποστάσεως
1586 4132 1778 4187 αὑτοῦ.

196 4219 265 4273 Ὅ
295 4219 571 4289 ἑωρακὼς
601 4221 731 4290 γὰρ,
758 4220 945 4291 φησιν,
976 4220 1100 4290 ἐμὲ,
1124 4222 1347 4289 ἑώρακε
1376 4223 1483 4275 τὸν
1504 4221 1760 4290 Πατέρα.

192 4309 296 4362 Διὰ
324 4308 428 4378 μὲν
460 4306 554 4364 τοῦ
617 4308 871 4381 οὐρανοῦ,
923 4311 1015 4363 τὸν
1063 4306 1337 4382 ἀνώτερον
1370 4312 1660 4382 δεδήλωκε,
1691 4312 1780 4366 διὰ

189 4401 250 4454 δὲ
278 4401 385 4454 τοῦ
441 4399 601 4473 ᾅδου,
638 4402 697 4454 τὸ
739 4402 1075 4458 κατώτατον.
1124 4398 1261 4456 Εἶτα
1315 4402 1483 4471 λέγει,
1545 4404 1637 4459 καὶ
1680 4408 1778 4474 τὴν

150 4492 460 4560 ,ἄϐυσσοη
526 4494 620 4546 καὶ⁵
667 4495 756 4546 τὸν
802 4493 1054 4564 πυθμένα
1099 4494 1200 4564 τῆς
1253 4493 1548 4565 θαλάσσης·
1604 4495 1673 4549 δι’
1701 4488 1778 4550 ὧν

186 4586 461 4639 ἁπάντων
502 4586 680 4639 πάντα
732 4586 900 4639 τόπον
949 4585 1149 4639 ἄϐατον
1201 4585 1521 4658 ἀνθρώπους
1564 4604 1778 4657 συμπε-

190 4676 481 4749 ριέϐαὶεν.

275 4768 426 4822 Ἐὰν
483 4767 837 4839 ἁναλὰϐοιμι
866 4769 974 4835 τὰς
1001 4769 1300 4839 πτέρυγάς
1331 4787 1451 4839 μου
1506 4771 1635 4824 κατ’
1675 4770 1773 4837 ὄρ-

186 4867 364 4928 θρον,
418 4860 513 4914 καὶ
566 4861 1016 4929 κιιτασκηνὼσω
1044 4864 1134 4928 εἰς
1157 4864 1227 4914 τὰ
1251 4861 1482 4929 ἔσχατα
1513 4860 1623 4928 τῆς
1671 4864 1773 4915 θα-

1886 3683 1978 3725 tua
2033 3674 2281 3741 fugiam?
2332 3673 2380 3725 si
2420 3675 2708 3726 ascendere
2748 3672 2802 3725 in
2849 3673 3037 3726 tadum
3063 3685 3120 3726 tu
3148 3673 3261 3727 illic
3297 3690 3353 3729 es
3387 3670 3474 3739 ,εἰ

1884 3762 2197 3817 descendere
2226 3764 2281 3816 iu
2313 3762 2577 3832 infernum
2605 3803 2620 3826 ,
2652 3761 2800 3817 ades.
2830 3761 2934 3817 Per
2965 3761 3220 3831 spiritum
3251 3761 3345 3818 Dei
3372 3802 3388 3825 ,
3415 3772 3472 3818 ct

1884 3869 1982 3923 per
2019 3853 2209 3909 faciem
2246 3851 2375 3920 Dei,
2430 3852 2597 3908 Deum
2651 3855 2829 3923 ipsum
2863 3852 3340 3921 circumloquitur.
3370 3848 3470 3907 γ.ι

1884 3959 1981 4014 per
2007 3944 2263 4016 spiritum
2317 3944 2448 4012 Dei,
2484 3956 2734 4000 sanctum
2788 3943 3053 4014 Spiritum
3082 3944 3340 4013 intellige.
3368 3945 3473 4000 Per

1882 4035 2076 4092 faciem
2112 4053 2259 4102 vero,
2288 4040 2466 4107 ipsum
2493 4038 2692 4093 Filium
2719 4079 2735 4105 ,
2785 4047 3048 4108 tanquam
3079 4053 3259 4093 veram
3300 4041 3472 4108 patris

1885 4127 2112 4197 ﬁguram
2135 4167 2150 4193 ,
2183 4138 2238 4185 et
2267 4131 2640 4186 certissimum
2671 4131 2822 4185 illius
2858 4130 3058 4185 divina:
3087 4139 3298 4185 natura:
3340 4130 3472 4183 cha-

1884 4228 2147 4274 racterem
2192 4238 2207 4274 :
2239 4218 2344 4286 Qui
2377 4220 2522 4274 enim
2548 4261 2563 4285 ,
2603 4221 2812 4289 inquit,
2840 4220 2967 4273 cidit
2994 4236 3073 4273 me
3093 4260 3107 4283 ,
3133 4221 3262 4275 uidit
3283 4230 3333 4274 et
3366 4236 3467 4289 pa-

1883 4317 2014 4363 trem
2044 4326 2213 4364 meum
2256 4310 2325 4365 ‘°.
2380 4310 2482 4364 l’er
2518 4311 2716 4364 caelum
2749 4321 2929 4363 autem
2962 4325 3202 4380 superna
3228 4348 3245 4375 ,
3287 4319 3343 4366 et
3370 4327 3469 4380 per

1882 4401 2151 4456 infernum
2182 4440 2198 4465 ,
2237 4401 2452 4454 inferna
2502 4400 2625 4455 loca
2673 4401 2971 4455 denotavit.
3041 4400 3245 4456 Deinde
3301 4401 3466 4455 etiam

1881 4494 2141 4563 abyssum
2200 4490 2369 4553 dicit,
2413 4498 2469 4545 et
2524 4490 2857 4561 profundum
2926 4491 3095 4547 maris
3145 4508 3163 4546 :
3215 4506 3310 4561 per
3347 4507 3469 4564 quae

1880 4586 2063 4638 omnia
2097 4582 2379 4636 inaccessa
2427 4582 2743 4637 hominibus
2775 4584 2895 4638 loca
2921 4583 3287 4654 subsiguavit.

1949 4758 2120 4815 Vsus.
2156 4761 2189 4815 9
2219 4800 2234 4826 ,
2271 4760 2356 4835 1'0.
2410 4758 2471 4814 Si
2512 4776 2847 4830 assumpsere
2890 4760 3008 4815 clas
3045 4777 3187 4815 meas
3210 4761 3467 4826 diluculo,

1877 4862 1925 4908 et
1965 4853 2267 4907 habitavere
2301 4854 2353 4908 in
2382 4855 2629 4908 extremis
2660 4856 2824 4908 maris
2860 4871 2879 4910 :
2904 4856 3093 4910 etenim
3122 4856 3252 4909 illuc
3280 4872 3466 4909 manus

182 4951 467 5018 λὰσσης,
502 4953 599 5006 καὶ
634 4952 743 5022 γὰρ
767 4928 900 5006 ἐκεῖ
937 4954 976 5021 ἡ
1006 4954 1136 5022 χείρ
1188 4970 1306 5007 σου
1332 4928 1652 5021 Πόδηγήσει
1678 4969 1777 5021 με,

1891 4959 1977 5000 tua
2011 4945 2231 5000 deducet
2294 4962 2412 5010 me,
2445 4955 2495 5000 et
2539 4946 2729 5001 tenebit
2790 4963 2871 4999 me
2920 4946 3137 5000 dextera
3192 4959 3305 4999 tua.
3366 4948 3467 5000 ιιι-ι·

184 5047 292 5100 καὶ
330 5043 563 5108 καθέξει
603 5060 681 5112 με
718 5044 755 5112 ἠ
802 5043 973 5109 δεξιά
1021 5060 1160 5098 σου.
1222 5044 1497 5115 Πτέρυγες
1528 5041 1778 5112 αὐτοῦ,ὴ

184 5140 457 5208 κινητικῇ
503 5135 734 5207 δύναμις
788 5137 881 5190 τοῦ
928 5138 1043 5192 νοῦ.
1099 5137 1229 5190 Ἐὰν
1283 5139 1404 5198 ταῖς
1429 5133 1658 5203 πτέρυξι
1689 5131 1780 5185 τοῦ

190 5232 291 5283 νοῦ
368 5245 494 5298 μου,
558 5228 743 5297 φησὶν,
796 5229 1122 5298 καταντήσω
1146 5230 1224 5291 εἰς
1269 5227 1367 5300 τὴν
1392 5226 1627 5282 ἄϐυσσον
1682 5225 1784 5294 τῆς

188 5321 498 5390 θαλάσσης,
556 5319 694 5373 ὥστε
748 5320 853 5375 κᾶν
904 5322 1020 5374 ἐκεῖ
1055 5320 1316 5375 δύνασθαι
1377 5317 1646 5391 κρυϐῆναι
1678 5316 1787 5369 ἀπὸ

189 5411 319 5476 σοῦ,
346 5412 528 5480 tua“)
585 5410 812 5480 δύναμις
870 5427 965 5465 σου
1020 5411 1278 5480 ὁδηγήσει
1325 5425 1413 5479 με,
1468 5409 1563 5462 καὶ
1620 5404 1776 5469 αὖθις

186 5500 418 5568 καθέξει
452 5521 518 5571 με
540 5519 554 5533 ⁸
613 5504 915 5569 τουτέστιν,
951 5502 1072 5556 οὐδὲ
1102 5504 1220 5556 ἐκεῖ
1270 5502 1401 5557 ἄνευ
1436 5502 1608 5573 αὐτῆς
1636 5501 1776 5554 ἀπε-

184 5592 485 5664 λεύσομαι,
551 5592 686 5648 ἀλλὰ
737 5592 1181 5667 προπορεύσεται
1214 5610 1340 5665 μου,
1366 5589 1644 5645 ἐνδιδοῦσα
1675 5606 1773 5643 πο-

266 5780 317 5813 τ’
347 5780 525 5835 Eccle.
563 5794 655 5850 vn,
688 5779 778 5834 24.
854 5781 897 5812 "
933 5778 1089 5835 Rom.
1132 5794 1206 5844 xl,
1241 5777 1329 5831 33.

1882 5037 1997 5091 alas
2027 5079 2041 5104 ,
2071 5038 2370 5107 potentiam
2403 5037 2547 5093 illam
2580 5039 2780 5093 mentis
2810 5038 3094 5108 intelligit,
3126 5052 3235 5107 qua
3268 5038 3463 5093 huma-

1882 5144 1985 5182 nus
2015 5129 2327 5185 intellectus
2351 5139 2620 5186 movetur.
2650 5129 2704 5184 Si
2731 5129 2862 5196 alis,
2900 5129 3111 5199 inquit,
3153 5130 3463 5186 intellectus

1884 5222 1987 5275 mei
2036 5222 2093 5276 in
2142 5219 2398 5293 abyssum
2441 5222 2608 5276 maris
2652 5236 2971 5291 pervenero,
3018 5236 3085 5277 eo
3128 5222 3359 5277 consilio
3401 5230 3462 5278 ut

1886 5312 1996 5367 illic
2023 5314 2213 5367 saltem
2243 5313 2448 5383 possim
2484 5327 2511 5365 a
2544 5321 2597 5366 te
2624 5311 2884 5368 abscondi
2911 5353 2927 5379 ,
2974 5314 3210 5385 potentia
3257 5323 3349 5369 tua
3377 5315 3461 5369 ni-

1884 5400 2184 5462 hilominus
2224 5404 2352 5459 illuc
2384 5404 2545 5459 etiam
2581 5418 2669 5459 me
2702 5405 2933 5461 deducet
2960 5446 2977 5473 ,
3013 5415 3067 5460 et
3099 5420 3291 5464 rursus
3316 5408 3462 5463 deti-

1882 5497 2033 5553 nebit
2062 5511 2184 5562 me;
2228 5495 2328 5550 hoc
2354 5502 2472 5549 est:
2504 5492 2692 5567 Neque
2722 5496 2849 5552 illuc
2884 5496 3049 5551 etiam
3080 5498 3200 5553 sine
3229 5507 3319 5552 tua
3355 5514 3456 5568 po-

1881 5589 2052 5645 tentia
2084 5586 2372 5655 accedam;
2429 5586 2677 5661 quinimo
2708 5590 2798 5645 illa
2852 5590 3067 5662 pracibit
3102 5605 3210 5659 me,
3238 5590 3330 5648 illa
3358 5592 3462 5647 iter

1403 5775 1446 5806 ι’
1486 5771 1647 5826 Joan.
1677 5785 1787 5839 ειν,
1824 5771 1880 5826 9.
