3964 6548
519 345 658 413 1255
1776 349 2091 409 ΕυἸῚΙΥΜ

2222 347 2552 408 ειῦΑΒΕΝΙ
3639 341 3760 409 ἳὲἰῐιῦ

513 462 822 529 concedet,
856 471 1022 534 atque
1054 464 1181 545 ‘illic
1233 465 1400 519 ctiam
1446 479 1532 519 me
1577 463 1874 531 detinebit,
1908 466 1982 519 ita
2039 475 2098 519 ut

2222 465 2476 531 isueoliat,
2514 467 2605 518 xuii.
2633 465 2852 530 καθέξει
2879 459 3034 527 αὖθις
3061 465 3116 516 ὲν
3153 462 3402 534 ἀφύκτῳ,
3442 462 3562 514 κατ’
3582 461 3761 531 ὄρθρον

519 557 672 610 illinc
701 554 932 610 evadere
973 568 1078 608 non
1111 557 1344 612 valeam.
1408 555 1509 611 Per
1537 557 1834 612 diluculum
1864 569 2043 612 autem
2071 599 2086 621 ,

2227 557 2251 608 ὲ
2307 553 2453 622 εἷπε,
2511 555 2687 626 δηλῶν
2740 555 2830 608 τὸν
2884 555 3076 625 καιρὸν
3105 557 3197 607 ὅτε
3225 555 3464 621 μάλιστα
3495 553 3756 621 νηφαλὲος

515 643 650 696 illud
699 651 912 712 tempus
961 643 1262 714 intelligit,
1300 661 1410 715 quo
1444 647 1790 716 potissimum
1846 648 2084 702 humana

2230 649 2343 700 στὶν
2383 649 2410 700 ὁ
2437 647 2580 710 νοῦς.
2637 648 2899 717 Περιττὸν
2935 645 2993 700 δὲ
3039 646 3101 698 τὸ
3133 644 3264 714 γάρ.
3303 645 3461 708 Τινὲς
3493 645 3548 698 δὲ
3579 645 3763 715 ὄρθρον

518 749 673 788 mens
703 733 887 788 sobria
917 749 1040 790 esse
1075 737 1234 791 solet.
1263 737 1548 807 Super-lina
1580 749 1661 794 est
1693 739 1854 793 etiam
1893 737 2083 805 dictio,

2222 739 2295 793 L'ev
2325 739 2423 808 τὴν
2451 739 2718 810 ἀνατολὴν
2742 738 2993 809 ἐνόησανο
3021 737 3224 808 ἔσχατα
3254 737 3312 789 δὲ
3340 738 3442 807 τῆς
3473 737 3762 807 Θαλάσσης,

515 825 696 880 Enim.
744 825 978 892 Quidam
1028 837 1293 898 praeterea
1321 845 1417 900 per
1454 831 1778 899 diluculum,
1814 830 2082 886 orientem

2229 830 2293 899 ὴν
2321 829 2491 884 δύσιν·
2525 825 2637 883 οἷον
2695 830 2789 883 ἐὰν
2839 828 3201 898 πτερύξωμαι
3235 829 3314 899 τῷ
3377 828 3455 900 νῷ
3508 846 3608 896 μου
3636 832 3768 883 κατὰ

514 917 943 984 i:.tellexerunt;
980 933 1240 974 occasum
1268 935 1420 986 vero,
1460 935 1556 990 per
1597 928 1841 976 extrema
1883 920 2050 975 maris
2076 959 2092 986 ,

2227 925 2294 989 ὴν
2322 920 2612 993 ἀνατολὴν,
2665 923 2760 975 καὶ
2802 924 3130 994 καταντήσω
3180 923 3261 985 si;
3301 923 3400 993 τὴν
3457 922 3628 986 δύσιν,
3681 923 3767 975 καὶ

517 1021 574 1063 ut
599 1013 670 1063 sit
710 1027 913 1067 sensus
959 1029 972 1066 :
1033 1012 1090 1068 Si
1126 1013 1408 1068 intellectu
1448 1029 1592 1078 meo,
1635 1013 1799 1069 veluti
1829 1013 1931 1070 alis
1973 1013 2096 1083 qui-

2229 1017 2274 1078 ἱς
2297 1014 2393 1083 τὴν
2437 1013 2724 1086 ἀνατολὴν,
2753 1015 2786 1084 ἡ
2815 1013 3046 1084 δύναμίς
3105 1032 3196 1067 σον
3229 1014 3489 1085 ὁδηγήσει
3525 1031 3591 1083 με
3645 1030 3766 1065 πτε-

515 1104 740 1157 busdam
813 1106 1096 1171 munitus,
1144 1107 1199 1161 in
1255 1107 1465 1162 oriente
1510 1107 1757 1163 elevatus
1807 1105 1986 1170 fuero,
2040 1115 2096 1162 et

2222 1104 2552 1174 ιυσσόμενον,
2583 1105 2678 1158 καὶ
2705 1106 2785 1168 εἰς
2813 1103 2912 1175 τὴν
2952 1104 3106 1158 δύσιν
3133 1105 3491 1158 καταντῶντα
3536 1104 3671 1173 αὐτή
3706 1121 3767 1173 με

513 1210 814 1262 pervenero
846 1213 1024 1266 usque
1081 1198 1137 1252 in
1199 1199 1584 1263 occidentem,
1636 1197 1876 1269 potentia
1915 1208 2094 1252 tamen
2195 1195 2438 1262 καθέξει.

511 1300 604 1341 tua
639 1291 727 1342 illa
761 1291 866 1344 erit
893 1329 908 1352 ,
933 1306 1055 1359 qute
1083 1291 1213 1346 etin
1245 1292 1457 1346 oriente
1486 1291 1594 1346 dux
1625 1290 1758 1345 mihi
1785 1291 1891 1345 erit
1919 1327 1936 1355 ,
1970 1289 2099 1343 dum
2139 1289 2322 1344 elevor
2355 1305 2368 1342 :
2419 1296 2474 1343 et
2522 1289 2577 1343 in
2617 1288 2905 1346 occidente
2984 1306 3069 1345 me
3149 1289 3608 1361 comprehendet,
3654 1301 3767 1343 eum

513 1388 643 1442 illuc
669 1403 984 1457 pervenero.

581 1479 749 1537 Vens.
786 1483 870 1536 il.
909 1481 972 1536 Et
1005 1484 1144 1548 dixi,
1173 1481 1439 1553 Numquid
1465 1482 1687 1536 tenebrw
1714 1481 2094 1536 conculcabunt

513 1572 639 1624 me?
689 1580 738 1625 et
785 1587 888 1626 nox
945 1573 1266 1626 illuminatio
1319 1574 1372 1625 in
1401 1572 1603 1626 deliciis
1655 1573 1802 1626 meis.
1850 1571 2096 1642 Cogitavi

514 1664 655 1716 intra
693 1679 818 1727 me,
876 1663 1137 1732 numquid
1193 1664 1238 1718 si
1295 1663 1549 1718 tenebras
1589 1663 1871 1732 ingressus
1918 1661 2094 1729 fuero,

514 1753 686 1807 latere
720 1761 912 1821 potero
947 1755 1019 1807 ita
1068 1760 1128 1807 ut
1180 1753 1248 1806 ab
1281 1753 1390 1807 illis
1437 1753 1746 1806 abscondar
1777 1752 1800 1805 ?
1852 1753 1923 1807 ita
1948 1755 2095 1807 enim

515 1847 823 1915 signiﬁcare
857 1847 1044 1899 volunt
1059 1861 1121 1899 ea
1153 1844 1314 1899 verba
1354 1861 1368 1897 :
1404 1841 1674 1914 Numquid
1708 1844 1933 1898 tenebrae
1973 1859 2097 1896 con-

517 1938 799 1990 culcabunt
828 1939 950 1992 me?
979 1937 1124 2008 quod
1175 1937 1545 2006 metaphorice
1574 1937 1779 1991 dictum
1815 1946 1915 1991 est.
1957 1933 2095 1992 Nam

513 2029 549 2082 ii
575 2029 668 2099 qui
701 2030 876 2082 solum
905 2029 1134 2098 pedibus
1158 2029 1486 2082 conculcant
1516 2069 1531 2094 ,
1561 2028 1817 2098 obtegere
1847 2026 1978 2082 illud
2013 2034 2097 2081 at-

513 2137 622 2192 que
689 2120 1026 2176 abscondere
1108 2119 1512 2192 quodammodo
1583 2122 1746 2176 etiam
1821 2120 2096 2174 videntur.

515 2213 722 2269 Deinde
753 2215 993 2267 intellexi
1023 2213 1166 2282 quod
1201 2214 1315 2282 ipsa
1345 2213 1508 2268 etiam
1552 2227 1660 2266 nox
1693 2211 1746 2265 in
1779 2211 1888 2266 Deo
1916 2211 2094 2266 lucida

2222 2210 2548 2280 ,ὺφροσύνην
2578 2214 2818 2280 ἡγεῖταιο
2893 2210 3247 2280 Ἐμνήσθην
3281 2211 3416 2281 γὰρ,
3468 2211 3620 2280 φησι,
3677 2208 3775 2261 τοῦ

511 2312 636 2370 est,
697 2306 844 2358 hunc
900 2305 1103 2358 etenim
1166 2305 1333 2358 Deum
1387 2302 1656 2372 Propheta
1699 2300 1922 2356 delicias
1968 2317 2098 2358 suas

2222 2303 2380 2368 Θεοῦ,
2435 2304 2534 2355 καὶ
2579 2303 2963 2371 ηὐφράνθην,
3019 2302 3191 2371 ἔγνων
3219 2303 3301 2356 ὅτι
3347 2301 3562 2356 οὐδὲτὸ
3598 2301 3776 2362 σκότος

511 2395 837 2464 appellavit,
867 2392 1023 2462 cujus
1048 2392 1132 2448 vel
1161 2393 1332 2447 solam
1364 2391 1686 2446 memoriam
1719 2392 2097 2447 oblectamen-

2222 2396 2417 2466 ιρύψαι
2449 2413 2515 2466 με
2551 2396 2662 2450 ἀπὸ
2682 2395 2776 2449 τοῦ
2806 2396 2942 2449 Θεοῦ
2967 2394 3214 2449 δύναται.

514 2499 626 2541 tum
677 2487 780 2542 sibi
821 2501 1094 2540 Sttmttillm
1140 2501 1261 2540 esse
1305 2486 1620 2539 arbitratur.
1677 2482 1882 2539 Memor
1915 2487 2092 2551 enim,
2130 2487 2344 2557 inquit,
2383 2489 2464 2557 fui
2494 2488 2623 2554 Dei,
2652 2497 2702 2543 et
2731 2488 3019 2544 delectatus
3042 2505 3160 2544 sum
3189 2487 3256 2545 ⁸⁸.
3320 2485 3562 2558 Cognovi
3628 2485 3776 2556 igitur

513 2580 659 2649 quod
694 2594 792 2633 nec
827 2579 957 2648 ipsae
993 2579 1230 2632 tenebrae
1271 2578 1611 2633 abscondere
1653 2593 1739 2632 me
1775 2587 2034 2647 poterunt
2070 2593 2098 2632 a
2137 2579 2266 2636 Deo.

2285 1475 2392 1530 Kal
2447 1469 2606 1528 εἶπα·
2641 1468 2787 1542 'Apa
2843 1476 3067 1540 σκότος
3116 1473 3532 1544 καταπατήσει
3554 1491 3648 1544 με,
3681 1475 3769 1528 καὶ

2201 1571 2316 1633 νὺξ
2346 1567 2648 1639 φωτισμὸς
2672 1568 2742 1620 ἐν
2770 1566 2843 1635 τῇ
2875 1567 3073 1637 τρυφῇ
3088 1585 3233 1637 μου.
3270 1567 3638 1637 Ἐλογισὰμην
3669 1564 3770 1636 ἆρα

2205 1662 2430 1723 σκότους
2485 1659 2966 1731 ὑποδυσκρυὸἦναι
3019 1661 3370 1732 δυνήσομαι,
3423 1657 3533 1730 ἄρα
3596 1660 3771 1723 σκότος

2203 1751 2542 1821 κατακρύψει
2599 1769 2687 1822 με,
2734 1747 2865 1805 εἶπα
2911 1753 2971 1805 ιν
3029 1751 3298 1822 ὲμαυτῷς
3341 1751 3503 1805 τοῦτο
3545 1754 3674 1822 γὰρ,
3719 1753 3771 1804 τὸ

2204 1845 2638 1913 καταπατήσει,
2662 1843 2818 1913 δηλοῖ
2840 1857 2856 1874 ’
2901 1844 3136 1914 κρύπτει
3167 1843 3276 1914 γὰρ
3307 1844 3369 1897 τὸ
3397 1844 3596 1914 ἔδαφος
3624 1845 3651 1897 ὁ
3679 1861 3772 1896 πα-

2201 1935 2310 1990 τῶν
2340 1937 2492 1993 αὐτό.
2541 1932 2678 1991 Εἶτα
2719 1938 2968 2003 συνεῖκα,
3019 1938 3113 1991 καὶ
3162 1939 3194 2007 ἡ
3225 1937 3321 2003 νὺξ
3353 1936 3515 2007 αὑτὴ,
3552 1937 3770 2005 φωτεινή

2203 2027 2372 2091 ἐστιν,
2400 2030 2458 2082 ἐν
2481 2028 2560 2098 τῷ
2608 2027 2748 2098 Θεῷ,
2812 2030 2932 2100 ἦτοι
2989 2029 3138 2098 παρὰ
3167 2029 3243 2099 τῷ
3268 2029 3390 2100 Θεῷ
3411 2048 3424 2060 ·
3481 2029 3636 2083 τοῦτο
3671 2029 3772 2098 γὰρ

2203 2121 2381 2188 λέγει,
2424 2121 2638 2192 τρυφὴν
2695 2121 2896 2175 ἑαυτοῦ
2925 2138 2937 2152 ·
2968 2117 3029 2176 οὒ
3061 2123 3156 2174 κα)⁵
3218 2126 3316 2191 τὴν
3346 2123 3572 2192 μνήμην
3603 2123 3771 2191 μόνον,

2125 1901 2173 1961 Β

584 2671 751 2726 Vens.
783 2672 869 2726 η.
914 2671 1052 2738 Quia
1097 2672 1319 2726 tenebrw
1365 2689 1470 2727 non
1510 2673 1934 2727 obscurabuntur
1970 2682 2101 2728 ate.

512 2794 582 2806 —-
611 2765 653 2817 Α
682 2773 729 2817 te
753 2804 766 2827 ,
799 2763 940 2816 dixit
993 2780 1090 2833 pro
1121 2764 1278 2833 Apud
1331 2775 1412 2829 te,
1465 2765 1928 2834 quemadmodum
1962 2766 2104 2820 alius

515 2860 680 2911 etiam
716 2858 986 2924 interpres
1022 2855 1281 2909 reddidit.
1317 2854 1452 2908 Nam
1479 2871 1600 2924 qua:
1654 2856 1796 2924 apud
1832 2870 1934 2911 nos
1971 2865 2102 2911 sunt

517 2949 779 3010 tenebrae,
804 2947 946 3014 apud
979 2953 1034 2999 te
1063 2946 1301 3000 tenebrae
1322 2960 1428 3000 non
1459 2963 1580 3000 sum
1610 2946 1740 3012 ;tibi
1765 2948 1964 3002 etenim
1986 2961 2104 3002 om-

518 3042 608 3092 nia
642 3037 848 3092 lucent.
888 3037 1094 3092 Deinde
1137 3040 1309 3108 magis
1349 3037 1610 3101 declarat,
1641 3038 1834 3094 dicens
1866 3055 1883 3092 :

593 3130 661 3184 Et
689 3144 794 3184 nox
823 3129 964 3186 sicut
989 3129 1098 3183 dies
1129 3128 1542 3184 illuminabitur.
1567 3131 1722 3200 Apud
1761 3140 1815 3187 te
1841 3129 2070 3187 scilicet.

587 3311 733 3368 Sicut
767 3311 990 3365 tenebrw
1017 3310 1131 3381 ejus
1157 3350 1172 3375 ,
1206 3310 1280 3363 ita
1314 3318 1362 3364 et
1390 3309 1480 3363 lux
1511 3310 1646 3378 ejus.
1684 3310 1837 3364 Sicut
1869 3312 2107 3365 tenebrae

2287 2677 2406 2730 Ὅτι
2431 2678 2653 2742 σκότος
2673 2678 2745 2730 οὐ
2773 2676 3240 2742 σκοτισθήσεται
3265 2676 3383 2730 ἀπο
3402 2675 3541 2730 σοῦ.
3565 2676 3774 2744 Ἠγουν,

2212 2771 2377 2838 Παρὰ
2410 2771 2528 2823 σοι·
2561 2769 2706 2822 οὕτω
2735 2771 2844 2839 γὰρ
2896 2770 3086 2838 ἕτερος
3133 2769 3421 2836 ἐξέδωκεν,
3459 2770 3541 2821 ὅτι
3569 2769 3630 2824 πὸ
3661 2771 3777 2836 παρ’

2210 2861 2342 2930 ἡμῖν
2374 2860 2591 2926 σκότος,
2647 2860 2748 2913 οὐκ
2796 2860 2881 2931 εἴη
2938 2861 3132 2922 σκότος
3187 2861 3338 2928 παρὰ
3373 2861 3458 2913 σοί
3483 2877 3497 2891 ·
3522 2859 3658 2914 ἀλλὰ
3695 2859 3779 2910 καὶ

2209 2953 2346 3008 αὐτὸ
2373 2953 2556 3023 φαίνει
2579 2969 2592 2985 ο
2636 2948 2758 3008 εἶτα
2785 2952 3078 3026 σαφηνίζει
3104 2953 3195 3006 τὸν
3217 2953 3402 3021 λόγον.

2283 3134 2390 3188 Kal
2421 3132 2538 3198 νὺξ
2575 3131 2656 3199 ὡς
2706 3130 2897 3202 ἡμέρα
2955 3131 3420 3202 φωτισθήσεται.
3487 3132 3645 3202 Παρὰ
3705 3134 3780 3189 σοὶ

2210 3225 2475 3294 δηλονότι.

2295 3319 2392 3386 Ὠς
2421 3322 2486 3375 τὸ
2516 3322 2737 3386 σκότος
2760 3317 2972 3388 αὐτῆς.
3006 3320 3160 3374 οὕτω
3183 3319 3280 3375 καὶ
3325 3319 3393 3374 τὸ
3418 3319 3548 3389 φῶς
3579 3315 3778 3387 αὐτῆς.

517 3407 638 3475 ejus
685 3405 867 3459 noctis
898 3402 1094 3457 lucidze
1134 3411 1264 3457 sunt
1316 3402 1458 3472 apud
1491 3413 1541 3456 te
1565 3443 1578 3466 ,
1627 3402 1707 3457 sic
1734 3405 1899 3455 etiam
1928 3412 1981 3456 et
2005 3403 2097 3456 lux

2222 3412 2308 3475 Ὠς
2339 3414 2399 3464 τὸ
2430 3414 2618 3475 σκότος
2652 3413 2747 3482 τῆς
2810 3411 3004 3474 νυκτὸς
3034 3411 3186 3482 παρὰ
3219 3410 3301 3465 σοὶ
3331 3413 3618 3481 φωτεινδν,
3648 3411 3780 3464 οὕτω

518 3499 647 3564 diei,
679 3496 783 3551 hoc
810 3504 896 3552 est
921 3495 1032 3550 duo
1055 3496 1168 3549 haec
1190 3509 1345 3557 mque
1374 3509 1433 3548 so
1458 3495 1659 3549 habent
1681 3495 1822 3564 apud
1851 3503 1923 3559 te,
1955 3511 2110 3565 seque

518 3594 724 3653 lucent,
750 3603 904 3658 atque
932 3587 1326 3657 splendescunt
1351 3603 1366 3652 ;
1397 3587 1550 3656 juxta
1598 3589 1699 3642 hoc
1719 3629 1731 3652 ,
1762 3602 1968 3642 sensus
1995 3599 2107 3654 est,

524 3682 670 3752 quod
695 3681 878 3735 omnia
908 3680 1049 3748 apud
1088 3681 1252 3734 Deum
1287 3680 1575 3734 manifesta
1611 3689 1762 3734 sunt.
1790 3679 2109 3750 lntelligun-

525 3783 614 3828 tur
646 3776 808 3828 etiam
849 3772 964 3827 ha-c
989 3771 1156 3825 verba
1192 3773 1348 3839 juxta
1383 3770 1550 3824 alium
1603 3786 1826 3826 sensum
1865 3788 1877 3824 :
1909 3769 2112 3825 Tenta-

523 3870 760 3930 tionutn,
795 3864 996 3934 inquit,
1025 3873 1190 3933 atque
1221 3861 1572 3916 amicti-onum
1600 3863 1840 3916 tenebris
1872 3863 2111 3932 stipatus

519 3961 630 4012 disi
669 3975 684 4012 :
718 3959 862 4027 quod
896 3956 1233 4010 tentationes
1261 3954 1490 4008 forsitan
1517 3955 1621 4008 mei
1653 3953 2110 4019 dominabuntur,

524 4065 716 4102 verum
747 4059 800 4101 te
829 4049 901 4099 ita
933 4046 1284 4116 postmodum
1316 4045 1549 4109 volente,
1587 4058 1692 4097 uox
1726 4044 1818 4097 illa
1849 4045 2109 4114 nigroris,

519 4134 852 4195 illuminatio
896 4139 1097 4192 laetitia:
1127 4138 1258 4191 mihi
1287 4136 1474 4192 effecta
1501 4146 1604 4192 est.
1663 4137 1893 4207 Reliqua
1944 4141 2109 4193 etiam

518 4239 931 4302 consequenter
965 4229 1244 4300 praedictis
1275 4228 1689 4300 interpretanda
1711 4240 1862 4284 sunt.
1901 4229 2112 4301 Grego-

522 4330 641 4383 rius
670 4342 804 4381 vero
845 4325 1162 4395 Theologus
1195 4325 1356 4379 aliter
1397 4325 1500 4380 hoc
1546 4324 1757 4380 dictum
1804 4325 2060 4395 eXposuit
2096 4341 2110 4379 :

524 4421 642 4483 Mc,
686 4421 896 4489 inquit,
932 4419 1149 4474 deliciis
1184 4426 1450 4483 vacante,
1487 4434 1596 4474 nox
1628 4419 1719 4474 illa
1756 4419 2110 4486 deliciarum,

523 4529 645 4583 quae
699 4521 940 4567 mentem
985 4512 1344 4576 oblenehrat,
1390 4511 1505 4565 visa
1555 4512 1688 4566 mibi
1739 4521 1824 4568 est
1864 4514 2111 4584 quaedam

522 4621 646 4659 esse
677 4604 1005 4658 illuminatio
1036 4622 1048 4657 :
1078 4619 1184 4659 nos
1221 4605 1368 4658 enim
1391 4643 1407 4668 ,
1445 4603 1657 4672 inquit,
1699 4604 1944 4676 undique
1978 4606 2112 4660 mihi

531 4701 734 4753 misero
764 4708 886 4754 erat
908 4739 922 4763 ,
953 4708 1009 4752 et
1040 4698 1378 4767 ignorabam.
1435 4697 1758 4754 Arbitrabar
1790 4699 1936 4753 enim
1977 4699 2111 4754 deli-

526 4791 640 4845 cias
671 4793 848 4845 lucem
876 4807 1017 4843 esse.

599 4883 763 4937 Vens.
796 4881 881 4936 l5.
915 4880 1176 4946 Quoniam
1208 4891 1261 4933 tu
1290 4883 1560 4951 possedisti
1581 4900 1756 4938 oumes
1779 4899 1924 4937 renes
1957 4900 2116 4941 meos.

527 4979 633 5032 i’cr
677 4990 838 5028 renes
864 4989 1028 5037 suos,
1075 4973 1316 5041 seipsnm
1373 4975 1680 5045 Propheta,
1739 4975 2115 5046 Chrysostomi

524 5069 836 5133 sententia,
889 5067 1370 5137 circumloquitur,
1416 5068 1585 5122 veluti
1645 5083 1674 5122 a
1731 5078 1884 5137 parte
1941 5077 2114 5123 totum

524 5166 866 5222 describens.
917 5163 1186 5230 Quoniam
1243 5173 1297 5218 tu
1330 5205 1344 5228 ,
1380 5164 1584 5234 inquit,
1639 5164 1930 5234 possedisti
1988 5181 2113 5233 me,

525 5263 630 5323 hoc
659 5268 773 5322 est,
810 5259 1215 5326 possessionem
1258 5269 1404 5312 tuam
1447 5274 1532 5312 me
1573 5257 1802 5312 eﬂ'ecisti
1837 5275 1850 5311 :
1882 5258 2108 5328 dignum

521 5353 784 5410 nimirum
819 5361 908 5403 tua
933 5352 1296 5420 providentia.
1322 5351 1455 5406 Nam
1487 5351 1581 5422 qui
1605 5349 1812 5421 aliquid
1846 5351 2110 5422 possidet,

524 5446 675 5507 illius
702 5445 868 5498 etiam
899 5461 1084 5499 curam
1126 5445 1308 5500 habet.

596 5537 862 5605 Adjuvisti
917 5547 1000 5590 'me
1037 5539 1099 5591 de
1132 5549 1309 5593 ventre
1350 5541 1536 5594 matris
1574 5556 1724 5595 mea’.
1793 5539 1851 5594 In
1889 5548 2111 5610 septua-

520 5633 731 5707 gesimo
765 5633 928 5688 ctiam
958 5633 1168 5706 psalmo
1199 5633 1336 5690 dixit
1384 5651 1398 5689 :
1453 5633 1529 5690 De
1554 5641 1727 5690 ventre
1759 5634 1944 5689 matris
1985 5648 2112 5688 mea:

596 5812 813 5867 “l’sal.
865 5830 1045 5878 uim,
1108 5813 1162 5870 4.

2214 3513 2306 3560 καὶ
2327 3506 2514 3575 τὸξφῶς
2543 3505 2636 3576 τῆς
2659 3506 2892 3574 ἡμέρας·
2917 3505 3196 3557 τουτέστιν
3214 3499 3305 3557 ἶσα
3327 3507 3476 3573 παρὰ
3501 3507 3583 3559 σοὶ
3606 3506 3778 3575 ἄμφω,

2214 3598 2308 3650 καὶ
2343 3599 2544 3668 ὁμοίως
2607 3599 2866 3666 φωτεινὰ.
2939 3598 3127 3650 Ταῦτα
3183 3599 3281 3666 μὲν
3336 3602 3464 3668 περὶ
3492 3599 3584 3652 τοῦ
3619 3602 3782 3652 πάντα

2217 3691 2429 3761 φανερὰ
2457 3686 2596 3742 εἶναι
2624 3690 2776 3760 παρὰ
2797 3689 2916 3756 Θεῷ
2941 3706 2954 3720 ·
3010 3689 3260 3742 νοοῦνται
3289 3690 3347 3742 δὲ
3385 3692 3480 3742 καὶ
3523 3690 3644 3744 καθ’
3676 3689 3784 3742 ἑτέ-

2221 3799 2318 3851 ραν
2376 3781 2638 3849 ὁιάνοιαν,
2705 3783 2789 3834 ὃτι
2846 3783 3274 3852 περιστοιχιθεὶς
3338 3783 3417 3852 τῷ
3451 3787 3632 3836 σκότει
3686 3783 3783 3834 τῶν

2218 3872 2564 3942 πειρασμῶν,
2618 3867 2748 3925 εἶπα
2799 3873 2919 3926 καθ’
2947 3875 3139 3926 ἑαυτόν
3161 3889 3173 3902 ⁸
3203 3874 3346 3943 Ἀρα
3374 3877 3785 3946 κατακυριείσει

2219 3982 2286 4036 με
2321 3982 2334 4031 ;
2373 3961 2492 4018 εἶτα
2535 3965 2628 4018 σοῦ
2662 3967 3010 4036 Θελήσαντος,
3046 3969 3137 4019 καὶ
3181 3969 3213 4038 ή
3247 3968 3345 4032 νὺξ
3402 3971 3502 4033 τῆς
3558 3970 3786 4039 ἀθυμίας

2218 4059 2500 4127 φωτισμδς
2551 4060 2892 4130 εὐφροσύνης
2959 4062 3180 4127 ἐγένετο
3205 4077 3218 4090 ·
3279 4060 3592 4124 ἀκολούθοις
3622 4064 3789 4115 δὲκαὶ

2215 4151 2282 4204 τὰ
2341 4151 2472 4220 ἑξῆς
2526 4152 2914 4224 ἑρμηνευτέον.
2973 4153 3033 4206 Ὀ
3080 4153 3135 4205 δὲ
3181 4153 3444 4222 Θεολόγος
3497 4153 3789 4224 Γρηγόριο;

2218 4244 2425 4314 ἑτέρως
2459 4246 2773 4314 ἡρμήνευσε
2808 4245 2868 4296 τὸ
2902 4247 3086 4316 ῥητὸν,
3113 4246 3196 4298 ὅτι
3247 4247 3565 4317 τρυφῶντάς
3601 4250 3782 4316 pomi}

2217 4339 2314 4401 νὺξ
2364 4339 2464 4408 τῆς
2523 4339 2800 4412 τρυφῆςή
2843 4341 3168 4404 σκοτίζουσα
3207 4342 3296 4393 τὸν
3335 4340 3486 4404 νοῦν,
3521 4339 3788 4410 (ξωτισμὸς

2216 4432 2390 4485 ἐδόκει
2437 4445 2559 4501 μοι’
2590 4431 2686 4494 νὺξ
2717 4431 2823 4502 γὰρ
2861 4426 2948 4499 ἦν,
2989 4433 3144 4501 φησι,
3203 4431 3332 4499 περὶ
3393 4431 3493 4500 ἐμὲ
3538 4431 3628 4484 τὸν
3693 4429 3789 4482 δείε-

2216 4525 2390 4589 λγιον,
2452 4524 2543 4576 καὶ
2599 4526 2872 4598 ἠγνόουν·
2930 4523 3210 4594 φωτισμὸν
3268 4521 3536 4595 εἶναιτὴν
3588 4520 3787 4595 τρυφὴν

2218 4621 2248 4674 ὑ
2261 4618 2392 4676 πελά
2402 4618 2626 4688 μϐανον.

2295 4894 2424 4944 ὀτι
2489 4889 2570 4942 σὺ
2627 4889 2864 4953 ἐκτήσω
2918 4885 3059 4952 τοὺς
3122 4886 3386 4954 νεφρούς
3436 4901 3574 4954 μου.
3630 4883 3788 4950 Φησῖν

2217 4989 2244 5039 ὁ
2279 4984 2691 5054 Χρυσόστομος,
2729 4982 2811 5034 ὅτι
2867 4980 3105 5049 νεφροὺς
3137 4976 3378 5031 ἐνταῦθα
3427 4979 3454 5030 ὁ
3506 4978 3788 5047 προφήτης

2216 5081 2337 5134 ὅλον
2369 5077 2561 5132 ἑαυτὸν
2583 5077 2752 5143 λέγει,
2783 5074 2890 5128 ἀπὸ
2919 5072 3122 5146 μέρους
3155 5072 3216 5124 τὸ
3245 5073 3353 5125 πᾶν
3375 5086 3388 5100 ·
3415 5071 3501 5123 ὅτι
3537 5071 3600 5122 σὺ
3633 5071 3791 5135 ἐκτή-

2215 5191 2292 5226 σω
2331 5190 2420 5242 με,
2475 5171 2564 5223 σὸν
2609 5168 2796 5238 κτῆμα
2826 5167 3162 5236 πεποίηκας,
3202 5166 3298 5218 καὶ
3324 5164 3582 5233 προνοίας
3605 5162 3787 5228 ἁξιοίςο

2215 5267 2244 5320 ι’.
2273 5267 2382 5336 γὰρ
2413 5261 2690 5334 κτώμενος
2714 5278 2786 5325 τι,
2811 5262 2906 5314 καὶ
2931 5261 3242 5331 προνοεῖται
3279 5256 3476 5315 αὑτοῦ.

2286 5537 2636 5594 Ἀντελάὸου
2654 5551 2773 5606 μου
2794 5533 2862 5587 ἐκ
2885 5531 3143 5603 γαστρὸς
3175 5529 3401 5600 μητρός
3411 5542 3553 5595 μου.
3602 5523 3713 5578 Καὶ
3738 5523 3786 5573 ἐν

2218 5633 2294 5707 τῷ
2340 5633 2381 5686 ο⁹
2429 5631 2632 5705 ψαλμῷ
2671 5624 2826 5683 εἶπεν
2849 5642 2863 5657 ⁸
2908 5627 3004 5680 Ἐκ
3036 5624 3272 5685 κοιλίας
3299 5618 3526 5690 μητρός
3560 5615 3640 5671 σύ
3680 5629 3786 5685 μου
