  <div class='ocr_page' id='page_1' title='image "/cluster/home/n/w/nwhite01/storage/ocr_20150623/128/hvd.32044019208230/638.png"; bbox 0 0 3906 6614; ppageno 0'>
   <div class='ocr_carea' id='block_1_1' title="bbox 260 435 395 505">
    <p class='ocr_par' dir='ltr' id='par_1_1' title="bbox 260 435 395 505">
     <span class='ocr_line' id='line_1_1' title="bbox 260 435 395 505; baseline 0.007 -13"><span class='ocrx_word' id='word_1_1' title='bbox 260 435 395 505; x_wconf 64' lang='lat' dir='ltr'><strong>12m</strong></span> 
     </span>
    </p>
   </div>
   <div class='ocr_carea' id='block_1_2' title="bbox 1418 404 2345 493">
    <p class='ocr_par' dir='ltr' id='par_1_2' title="bbox 1418 404 2345 493">
     <span class='ocr_line' id='line_1_2' title="bbox 1418 404 2345 493; baseline -0.001 -1"><span class='ocrx_word' id='word_1_2' title='bbox 1418 431 1816 493; x_wconf 63' lang='lat' dir='ltr'><strong>connenr.</strong></span> <span class='ocrx_word' id='word_1_3' title='bbox 1862 426 1945 486; x_wconf 79' lang='lat' dir='ltr'><strong>IN</strong></span> <span class='ocrx_word' id='word_1_4' title='bbox 1978 404 2345 493; x_wconf 81' lang='lat' dir='ltr'><strong>PSALMOS.</strong></span> 
     </span>
    </p>
   </div>
   <div class='ocr_carea' id='block_1_3' title="bbox 3370 433 3508 508">
    <p class='ocr_par' dir='ltr' id='par_1_3' title="bbox 3370 433 3508 508">
     <span class='ocr_line' id='line_1_3' title="bbox 3370 433 3508 508; baseline 0.029 -6"><span class='ocrx_word' id='word_1_5' title='bbox 3370 433 3508 508; x_wconf 63' lang='lat' dir='ltr'><strong>llﬁi.</strong></span> 
     </span>
    </p>
   </div>
   <div class='ocr_carea' id='block_1_4' title="bbox 263 542 1837 619">
    <p class='ocr_par' dir='ltr' id='par_1_4' title="bbox 263 542 1837 619">
     <span class='ocr_line' id='line_1_4' title="bbox 263 542 1837 619; baseline -0.003 -17"><span class='ocrx_word' id='word_1_6' title='bbox 263 554 456 619; x_wconf 67' lang='grc' dir='ltr'><strong>φησιν,</strong></span> <span class='ocrx_word' id='word_1_7' title='bbox 520 547 558 614; x_wconf 74' lang='grc' dir='ltr'><strong>ἡ</strong></span> <span class='ocrx_word' id='word_1_8' title='bbox 625 546 722 617; x_wconf 28' lang='grc' dir='ltr'><strong>γῆν.</strong></span> <span class='ocrx_word' id='word_1_9' title='bbox 782 544 1051 600; x_wconf 55' lang='grc' dir='ltr'><strong>Μενοῖήιν</strong></span> <span class='ocrx_word' id='word_1_10' title='bbox 1090 542 1329 616; x_wconf 78' lang='grc' dir='ltr'><strong>ἄκαρποι</strong></span> <span class='ocrx_word' id='word_1_11' title='bbox 1397 547 1476 609; x_wconf 82' lang='grc' dir='ltr'><strong>εἰς</strong></span> <span class='ocrx_word' id='word_1_12' title='bbox 1529 548 1731 617; x_wconf 81' lang='grc' dir='ltr'><strong>ὀρετὴν</strong></span> <span class='ocrx_word' id='word_1_13' title='bbox 1790 546 1837 603; x_wconf 80' lang='grc' dir='ltr'><strong>οἱ</strong></span> 
     </span>
    </p>
   </div>
   <div class='ocr_carea' id='block_1_5' title="bbox 1951 542 3515 619">
    <p class='ocr_par' dir='ltr' id='par_1_5' title="bbox 1951 542 3515 615">
     <span class='ocr_line' id='line_1_5' title="bbox 1951 542 3515 615; baseline 0.006 -18"><span class='ocrx_word' id='word_1_14' title='bbox 1951 542 2162 598; x_wconf 77' lang='lat' dir='ltr'><strong>Domini</strong></span> <span class='ocrx_word' id='word_1_15' title='bbox 2208 545 2376 609; x_wconf 91' lang='lat' dir='ltr'><strong>enim,</strong></span> <span class='ocrx_word' id='word_1_16' title='bbox 2424 543 2633 615; x_wconf 86' lang='lat' dir='ltr'><strong>inquit,</strong></span> <span class='ocrx_word' id='word_1_17' title='bbox 2674 555 2751 603; x_wconf 80' lang='lat' dir='ltr'><strong>est</strong></span> <span class='ocrx_word' id='word_1_18' title='bbox 2800 554 2940 601; x_wconf 84' lang='lat' dir='ltr'><strong>terra</strong></span> <span class='ocrx_word' id='word_1_19' title='bbox 2991 546 3059 601; x_wconf 83' lang='grc'><strong>⁸⁸.</strong></span> <span class='ocrx_word' id='word_1_20' title='bbox 3112 544 3515 611; x_wconf 76' lang='lat' dir='ltr'><strong>Permanebuut</strong></span> 
     </span>
    </p>
   </div>
   <div class='ocr_carea' id='block_1_6' title="bbox 259 641 522 694">
    <p class='ocr_par' dir='ltr' id='par_1_6' title="bbox 259 641 522 694">
     <span class='ocr_line' id='line_1_6' title="bbox 259 641 522 694; baseline 0.004 -1"><span class='ocrx_word' id='word_1_21' title='bbox 259 641 522 694; x_wconf 75' lang='grc' dir='ltr'><strong>τοιοῦτοι.</strong></span> 
     </span>
    </p>
   </div>
   <div class='ocr_carea' id='block_1_7' title="bbox 339 817 1839 888">
    <p class='ocr_par' dir='ltr' id='par_1_7' title="bbox 339 817 1839 888">
     <span class='ocr_line' id='line_1_7' title="bbox 339 817 1839 888; baseline 0 -16"><span class='ocrx_word' id='word_1_22' title='bbox 339 820 488 887; x_wconf 75' lang='grc' dir='ltr'><strong>Οὐχὶ</strong></span> <span class='ocrx_word' id='word_1_23' title='bbox 518 817 662 884; x_wconf 84' lang='grc' dir='ltr'><strong>τοὺς</strong></span> <span class='ocrx_word' id='word_1_24' title='bbox 684 818 1021 887; x_wconf 75' lang='grc' dir='ltr'><strong>μισοῦντας</strong></span> <span class='ocrx_word' id='word_1_25' title='bbox 1055 835 1150 884; x_wconf 85' lang='grc' dir='ltr'><strong>σε,</strong></span> <span class='ocrx_word' id='word_1_26' title='bbox 1180 818 1381 887; x_wconf 76' lang='grc' dir='ltr'><strong>Κύριε,</strong></span> <span class='ocrx_word' id='word_1_27' title='bbox 1414 819 1705 888; x_wconf 60' lang='grc' dir='ltr'><strong>ἐμίσησας</strong></span> <span class='ocrx_word' id='word_1_28' title='bbox 1741 819 1839 875; x_wconf 75' lang='grc' dir='ltr'><strong>καὶ</strong></span> 
     </span>
    </p>
   </div>
   <div class='ocr_carea' id='block_1_8' title="bbox 262 900 1843 981">
    <p class='ocr_par' dir='ltr' id='par_1_8' title="bbox 262 900 1843 981">
     <span class='ocr_line' id='line_1_8' title="bbox 262 900 1843 981; baseline 0.001 -19"><span class='ocrx_word' id='word_1_29' title='bbox 262 910 359 963; x_wconf 65' lang='grc' dir='ltr'><strong>ἐπὶ</strong></span> <span class='ocrx_word' id='word_1_30' title='bbox 387 910 530 976; x_wconf 77' lang='grc' dir='ltr'><strong>τοὺς</strong></span> <span class='ocrx_word' id='word_1_31' title='bbox 567 909 823 979; x_wconf 78' lang='grc' dir='ltr'><strong>ἐχθρούς</strong></span> <span class='ocrx_word' id='word_1_32' title='bbox 867 927 985 965; x_wconf 86' lang='grc' dir='ltr'><strong>σου</strong></span> <span class='ocrx_word' id='word_1_33' title='bbox 1014 910 1388 979; x_wconf 75' lang='grc' dir='ltr'><strong>ἐξετηκόμην</strong></span> <span class='ocrx_word' id='word_1_34' title='bbox 1416 927 1437 974; x_wconf 93' lang='grc'><em>;</em></span> <span class='ocrx_word' id='word_1_35' title='bbox 1480 900 1719 966; x_wconf 74' lang='grc' dir='ltr'><strong>Τέλειον</strong></span> <span class='ocrx_word' id='word_1_36' title='bbox 1747 911 1843 981; x_wconf 79' lang='grc' dir='ltr'><strong>μῖ-</strong></span> 
     </span>
    </p>
   </div>
   <div class='ocr_carea' id='block_1_9' title="bbox 263 999 1838 1071">
    <p class='ocr_par' dir='ltr' id='par_1_9' title="bbox 263 999 1838 1071">
     <span class='ocr_line' id='line_1_9' title="bbox 263 999 1838 1071; baseline 0.001 -19"><span class='ocrx_word' id='word_1_37' title='bbox 263 1014 378 1065; x_wconf 80' lang='grc' dir='ltr'><strong>σος</strong></span> <span class='ocrx_word' id='word_1_38' title='bbox 405 1000 664 1068; x_wconf 74' lang='grc' dir='ltr'><strong>ἐμίσουν</strong></span> <span class='ocrx_word' id='word_1_39' title='bbox 686 999 910 1065; x_wconf 68' lang='grc' dir='ltr'><strong>αὐτοὺς</strong></span> <span class='ocrx_word' id='word_1_40' title='bbox 932 1041 946 1064; x_wconf 94' lang='grc'><strong>,</strong></span> <span class='ocrx_word' id='word_1_41' title='bbox 979 1002 1066 1067; x_wconf 77' lang='grc' dir='ltr'><strong>εις</strong></span> <span class='ocrx_word' id='word_1_42' title='bbox 1098 1001 1353 1069; x_wconf 80' lang='grc' dir='ltr'><strong>ἐχθροὺς</strong></span> <span class='ocrx_word' id='word_1_43' title='bbox 1388 1001 1673 1069; x_wconf 80' lang='grc' dir='ltr'><strong>ἐγένοντό</strong></span> <span class='ocrx_word' id='word_1_44' title='bbox 1712 1020 1838 1071; x_wconf 87' lang='grc' dir='ltr'><strong>μοι.</strong></span> 
     </span>
    </p>
   </div>
   <div class='ocr_carea' id='block_1_10' title="bbox 264 1088 1839 1163">
    <p class='ocr_par' dir='ltr' id='par_1_10' title="bbox 264 1088 1839 1163">
     <span class='ocr_line' id='line_1_10' title="bbox 264 1088 1839 1163; baseline 0.003 -20"><span class='ocrx_word' id='word_1_45' title='bbox 264 1088 455 1143; x_wconf 77' lang='grc' dir='ltr'><strong>Εἰπὼν</strong></span> <span class='ocrx_word' id='word_1_46' title='bbox 484 1091 781 1162; x_wconf 52' lang='grc' dir='ltr'><strong>ἁνωτέρωι</strong></span> <span class='ocrx_word' id='word_1_47' title='bbox 827 1093 981 1160; x_wconf 74' lang='grc' dir='ltr'><strong>Ἐμοὶ</strong></span> <span class='ocrx_word' id='word_1_48' title='bbox 1003 1092 1070 1144; x_wconf 80' lang='grc' dir='ltr'><strong>δὲ</strong></span> <span class='ocrx_word' id='word_1_49' title='bbox 1096 1091 1242 1146; x_wconf 74' lang='grc' dir='ltr'><strong>λίαν</strong></span> <span class='ocrx_word' id='word_1_50' title='bbox 1261 1092 1635 1163; x_wconf 78' lang='grc' dir='ltr'><strong>ἐτιμήθησαν</strong></span> <span class='ocrx_word' id='word_1_51' title='bbox 1658 1096 1714 1147; x_wconf 80' lang='lat' dir='ltr'><strong>oi</strong></span> <span class='ocrx_word' id='word_1_52' title='bbox 1741 1094 1839 1163; x_wconf 68' lang='lat' dir='ltr'><strong>59l-</strong></span> 
     </span>
    </p>
   </div>
   <div class='ocr_carea' id='block_1_11' title="bbox 262 1182 1840 1255">
    <p class='ocr_par' dir='ltr' id='par_1_11' title="bbox 262 1182 1840 1255">
     <span class='ocr_line' id='line_1_11' title="bbox 262 1182 1840 1255; baseline 0.002 -20"><span class='ocrx_word' id='word_1_53' title='bbox 262 1186 361 1242; x_wconf 74' lang='grc' dir='ltr'><strong>,ιοι</strong></span> <span class='ocrx_word' id='word_1_54' title='bbox 390 1199 537 1249; x_wconf 87' lang='grc' dir='ltr'><strong>σου,</strong></span> <span class='ocrx_word' id='word_1_55' title='bbox 566 1184 599 1237; x_wconf 90' lang='grc' dir='ltr'><em>ό</em></span> <span class='ocrx_word' id='word_1_56' title='bbox 632 1182 774 1247; x_wconf 82' lang='grc' dir='ltr'><strong>Θεός</strong></span> <span class='ocrx_word' id='word_1_57' title='bbox 802 1198 816 1211; x_wconf 84' lang='grc'><em>’</em></span> <span class='ocrx_word' id='word_1_58' title='bbox 852 1182 1090 1238; x_wconf 77' lang='grc' dir='ltr'><strong>ἐνταῦοά</strong></span> <span class='ocrx_word' id='word_1_59' title='bbox 1142 1200 1339 1255; x_wconf 72' lang='grc' dir='ltr'><strong>φησιν*</strong></span> <span class='ocrx_word' id='word_1_60' title='bbox 1378 1185 1527 1253; x_wconf 77' lang='grc' dir='ltr'><strong>Οὐχὶ</strong></span> <span class='ocrx_word' id='word_1_61' title='bbox 1575 1184 1715 1251; x_wconf 87' lang='grc' dir='ltr'><strong>τοὺς</strong></span> <span class='ocrx_word' id='word_1_62' title='bbox 1742 1203 1840 1255; x_wconf 65' lang='grc' dir='ltr'><strong>μις</strong></span> 
     </span>
    </p>
   </div>
   <div class='ocr_carea' id='block_1_12' title="bbox 258 1273 1843 1349">
    <p class='ocr_par' dir='ltr' id='par_1_12' title="bbox 258 1273 1843 1349">
     <span class='ocr_line' id='line_1_12' title="bbox 258 1273 1843 1349; baseline 0.002 -22"><span class='ocrx_word' id='word_1_63' title='bbox 258 1273 529 1341; x_wconf 80' lang='grc' dir='ltr'><strong>σοῦντὰς</strong></span> <span class='ocrx_word' id='word_1_64' title='bbox 561 1290 656 1339; x_wconf 81' lang='grc' dir='ltr'><strong>σε,</strong></span> <span class='ocrx_word' id='word_1_65' title='bbox 704 1275 906 1343; x_wconf 69' lang='grc' dir='ltr'><strong>Κύριε,</strong></span> <span class='ocrx_word' id='word_1_66' title='bbox 930 1276 1237 1345; x_wconf 54' lang='lat' dir='ltr'><strong>infanda;</strong></span> <span class='ocrx_word' id='word_1_67' title='bbox 1264 1278 1426 1330; x_wconf 77' lang='grc' dir='ltr'><strong>κάκεῖ</strong></span> <span class='ocrx_word' id='word_1_68' title='bbox 1456 1277 1575 1348; x_wconf 80' lang='grc' dir='ltr'><strong>μεθ’</strong></span> <span class='ocrx_word' id='word_1_69' title='bbox 1606 1277 1843 1349; x_wconf 72' lang='grc' dir='ltr'><strong>ὑπερϐο-</strong></span> 
     </span>
    </p>
   </div>
   <div class='ocr_carea' id='block_1_13' title="bbox 262 1366 1841 1440">
    <p class='ocr_par' dir='ltr' id='par_1_13' title="bbox 262 1366 1841 1440">
     <span class='ocr_line' id='line_1_13' title="bbox 262 1366 1841 1440; baseline 0.003 -24"><span class='ocrx_word' id='word_1_70' title='bbox 262 1366 363 1434; x_wconf 74' lang='grc' dir='ltr'><strong>λῆς</strong></span> <span class='ocrx_word' id='word_1_71' title='bbox 393 1369 427 1435; x_wconf 67' lang='grc' dir='ltr'><strong>ἡ</strong></span> <span class='ocrx_word' id='word_1_72' title='bbox 457 1367 594 1437; x_wconf 79' lang='grc' dir='ltr'><strong>τιμή</strong></span> <span class='ocrx_word' id='word_1_73' title='bbox 617 1383 629 1396; x_wconf 75' lang='grc' dir='ltr'><strong><em>ο</em></strong></span> <span class='ocrx_word' id='word_1_74' title='bbox 669 1367 821 1427; x_wconf 72' lang='grc' dir='ltr'><strong>Δίαν</strong></span> <span class='ocrx_word' id='word_1_75' title='bbox 850 1367 962 1439; x_wconf 75' lang='grc' dir='ltr'><strong>γάρ</strong></span> <span class='ocrx_word' id='word_1_76' title='bbox 985 1384 1000 1399; x_wconf 87' lang='grc'><strong>·</strong></span> <span class='ocrx_word' id='word_1_77' title='bbox 1050 1366 1330 1422; x_wconf 80' lang='grc' dir='ltr'><strong>κάνταῦθα</strong></span> <span class='ocrx_word' id='word_1_78' title='bbox 1378 1368 1498 1440; x_wconf 83' lang='grc' dir='ltr'><strong>μεθ’</strong></span> <span class='ocrx_word' id='word_1_79' title='bbox 1530 1367 1841 1439; x_wconf 76' lang='grc' dir='ltr'><strong>ὑπερϐολῆς</strong></span> 
     </span>
    </p>
   </div>
   <div class='ocr_carea' id='block_1_14' title="bbox 264 1458 1841 1533">
    <p class='ocr_par' dir='ltr' id='par_1_14' title="bbox 264 1458 1841 1533">
     <span class='ocr_line' id='line_1_14' title="bbox 264 1458 1841 1533; baseline 0.002 -23"><span class='ocrx_word' id='word_1_80' title='bbox 264 1462 328 1511; x_wconf 73' lang='grc' dir='ltr'><strong>τὸ</strong></span> <span class='ocrx_word' id='word_1_81' title='bbox 383 1462 573 1528; x_wconf 60' lang='lat' dir='ltr'><strong>pisae“</strong></span> <span class='ocrx_word' id='word_1_82' title='bbox 613 1458 963 1525; x_wconf 75' lang='grc' dir='ltr'><strong>Ἐξετήκετο</strong></span> <span class='ocrx_word' id='word_1_83' title='bbox 986 1461 1117 1533; x_wconf 85' lang='grc' dir='ltr'><strong>γὰρ,</strong></span> <span class='ocrx_word' id='word_1_84' title='bbox 1156 1462 1325 1531; x_wconf 68' lang='grc' dir='ltr'><strong>ἤγουν</strong></span> <span class='ocrx_word' id='word_1_85' title='bbox 1373 1461 1733 1533; x_wconf 81' lang='grc' dir='ltr'><strong>ὲπυρπολεῖτο</strong></span> <span class='ocrx_word' id='word_1_86' title='bbox 1764 1460 1841 1531; x_wconf 78' lang='grc' dir='ltr'><strong>τῷ</strong></span> 
     </span>
    </p>
   </div>
   <div class='ocr_carea' id='block_1_15' title="bbox 266 1550 807 1622">
    <p class='ocr_par' dir='ltr' id='par_1_15' title="bbox 266 1550 807 1622">
     <span class='ocr_line' id='line_1_15' title="bbox 266 1550 807 1622; baseline -0.004 -16"><span class='ocrx_word' id='word_1_87' title='bbox 266 1552 388 1606; x_wconf 78' lang='grc' dir='ltr'><strong>κατ’</strong></span> <span class='ocrx_word' id='word_1_88' title='bbox 419 1551 598 1604; x_wconf 77' lang='grc' dir='ltr'><strong>αὐτῶν</strong></span> <span class='ocrx_word' id='word_1_89' title='bbox 631 1550 807 1622; x_wconf 81' lang='grc' dir='ltr'><strong>θυμῷ.</strong></span> 
     </span>
    </p>
   </div>
   <div class='ocr_carea' id='block_1_16' title="bbox 335 1727 1841 1799">
    <p class='ocr_par' dir='ltr' id='par_1_16' title="bbox 335 1727 1841 1799">
     <span class='ocr_line' id='line_1_16' title="bbox 335 1727 1841 1799; baseline 0.004 -20"><span class='ocrx_word' id='word_1_90' title='bbox 335 1727 680 1795; x_wconf 78' lang='grc' dir='ltr'><strong>Δοκίμασόν</strong></span> <span class='ocrx_word' id='word_1_91' title='bbox 704 1745 806 1797; x_wconf 76' lang='grc' dir='ltr'><strong>με,</strong></span> <span class='ocrx_word' id='word_1_92' title='bbox 836 1730 869 1782; x_wconf 82' lang='grc' dir='ltr'><em>ὁ</em></span> <span class='ocrx_word' id='word_1_93' title='bbox 898 1728 1063 1794; x_wconf 73' lang='grc' dir='ltr'><strong>Θεὸς,</strong></span> <span class='ocrx_word' id='word_1_94' title='bbox 1090 1731 1186 1784; x_wconf 76' lang='grc' dir='ltr'><strong>καὶ</strong></span> <span class='ocrx_word' id='word_1_95' title='bbox 1226 1730 1406 1799; x_wconf 78' lang='grc' dir='ltr'><strong>γνῶθι</strong></span> <span class='ocrx_word' id='word_1_96' title='bbox 1431 1732 1548 1799; x_wconf 72' lang='grc' dir='ltr'><strong>τὴν</strong></span> <span class='ocrx_word' id='word_1_97' title='bbox 1586 1731 1841 1799; x_wconf 75' lang='grc' dir='ltr'><strong>καρδίαν</strong></span> 
     </span>
    </p>
   </div>
   <div class='ocr_carea' id='block_1_17' title="bbox 258 1818 1841 1892">
    <p class='ocr_par' dir='ltr' id='par_1_17' title="bbox 258 1818 1841 1892">
     <span class='ocr_line' id='line_1_17' title="bbox 258 1818 1841 1892; baseline 0.002 -20"><span class='ocrx_word' id='word_1_98' title='bbox 258 1836 402 1886; x_wconf 77' lang='grc' dir='ltr'><strong>μου.</strong></span> <span class='ocrx_word' id='word_1_99' title='bbox 434 1820 544 1874; x_wconf 73' lang='grc' dir='ltr'><strong>Καὶ</strong></span> <span class='ocrx_word' id='word_1_100' title='bbox 580 1818 686 1890; x_wconf 82' lang='grc' dir='ltr'><strong>μὴν</strong></span> <span class='ocrx_word' id='word_1_101' title='bbox 720 1822 841 1873; x_wconf 83' lang='grc' dir='ltr'><strong>κατ’</strong></span> <span class='ocrx_word' id='word_1_102' title='bbox 874 1821 1050 1890; x_wconf 78' lang='grc' dir='ltr'><strong>ἀρχὰς</strong></span> <span class='ocrx_word' id='word_1_103' title='bbox 1097 1818 1219 1875; x_wconf 77' lang='grc' dir='ltr'><strong>εἷπε</strong></span> <span class='ocrx_word' id='word_1_104' title='bbox 1245 1837 1260 1852; x_wconf 77' lang='grc'><strong><em>⁸</em></strong></span> <span class='ocrx_word' id='word_1_105' title='bbox 1293 1823 1532 1891; x_wconf 81' lang='grc' dir='ltr'><strong>Κύριος,</strong></span> <span class='ocrx_word' id='word_1_106' title='bbox 1564 1822 1841 1892; x_wconf 73' lang='grc' dir='ltr'><strong>ἐδοκίμα-</strong></span> 
     </span>
    </p>
   </div>
   <div class='ocr_carea' id='block_1_18' title="bbox 256 1888 1912 1985">
    <p class='ocr_par' dir='ltr' id='par_1_18' title="bbox 256 1888 1912 1985">
     <span class='ocr_line' id='line_1_18' title="bbox 256 1888 1912 1985; baseline 0.004 -23"><span class='ocrx_word' id='word_1_107' title='bbox 256 1908 385 1975; x_wconf 77' lang='grc' dir='ltr'><strong>σάς</strong></span> <span class='ocrx_word' id='word_1_108' title='bbox 416 1927 514 1978; x_wconf 76' lang='grc' dir='ltr'><strong>με,</strong></span> <span class='ocrx_word' id='word_1_109' title='bbox 548 1888 859 1981; x_wconf 49' lang='grc' dir='ltr'><strong>καὶέγνως</strong></span> <span class='ocrx_word' id='word_1_110' title='bbox 880 1888 1157 1981; x_wconf 77' lang='grc' dir='ltr'>Ἀλλὰ</span> <span class='ocrx_word' id='word_1_111' title='bbox 1191 1914 1287 1967; x_wconf 78' lang='grc' dir='ltr'><strong>καὶ</strong></span> <span class='ocrx_word' id='word_1_112' title='bbox 1317 1888 1396 1967; x_wconf 73' lang='grc' dir='ltr'><strong>ιτὶ</strong></span> <span class='ocrx_word' id='word_1_113' title='bbox 1419 1888 1836 1985; x_wconf 70' lang='grc' dir='ltr'><strong>δοκιμασθῆναι,</strong></span> <span class='ocrx_word' id='word_1_114' title='bbox 1870 1888 1912 1945; x_wconf 65' lang='lat' dir='ltr'><strong>B</strong></span> 
     </span>
    </p>
   </div>
   <div class='ocr_carea' id='block_1_19' title="bbox 264 2003 1840 2079">
    <p class='ocr_par' dir='ltr' id='par_1_19' title="bbox 264 2003 1840 2079">
     <span class='ocr_line' id='line_1_19' title="bbox 264 2003 1840 2079; baseline 0.006 -28"><span class='ocrx_word' id='word_1_115' title='bbox 264 2003 407 2067; x_wconf 65' lang='grc' dir='ltr'><strong>πρὸς</strong></span> <span class='ocrx_word' id='word_1_116' title='bbox 439 2003 665 2058; x_wconf 69' lang='grc' dir='ltr'><strong>πλείονα</strong></span> <span class='ocrx_word' id='word_1_117' title='bbox 720 2003 1124 2079; x_wconf 74' lang='grc' dir='ltr'><strong>πληροφορίαν,</strong></span> <span class='ocrx_word' id='word_1_118' title='bbox 1156 2006 1315 2077; x_wconf 81' lang='grc' dir='ltr'><strong>ζητεί</strong></span> <span class='ocrx_word' id='word_1_119' title='bbox 1357 2007 1467 2062; x_wconf 85' lang='grc' dir='ltr'><strong>τῶν</strong></span> <span class='ocrx_word' id='word_1_120' title='bbox 1500 2008 1840 2074; x_wconf 75' lang='grc' dir='ltr'><strong>ἀγνοούντων</strong></span> 
     </span>
    </p>
   </div>
   <div class='ocr_carea' id='block_1_20' title="bbox 260 2093 451 2149">
    <p class='ocr_par' dir='ltr' id='par_1_20' title="bbox 260 2093 451 2149">
     <span class='ocr_line' id='line_1_20' title="bbox 260 2093 451 2149; baseline 0.01 -2"><span class='ocrx_word' id='word_1_121' title='bbox 260 2095 332 2149; x_wconf 81' lang='grc' dir='ltr'><strong>αὑ</strong></span> <span class='ocrx_word' id='word_1_122' title='bbox 341 2113 364 2145; x_wconf 86' lang='lat'><strong>:</strong></span> <span class='ocrx_word' id='word_1_123' title='bbox 371 2093 451 2149; x_wconf 83' lang='grc' dir='ltr'><strong>όν.</strong></span> 
     </span>
    </p>
   </div>
   <div class='ocr_carea' id='block_1_21' title="bbox 341 2364 1842 2437">
    <p class='ocr_par' dir='ltr' id='par_1_21' title="bbox 341 2364 1842 2437">
     <span class='ocr_line' id='line_1_21' title="bbox 341 2364 1842 2437; baseline 0.003 -19"><span class='ocrx_word' id='word_1_124' title='bbox 341 2364 609 2419; x_wconf 81' lang='grc' dir='ltr'><strong>Ἐτασόν</strong></span> <span class='ocrx_word' id='word_1_125' title='bbox 639 2382 737 2435; x_wconf 81' lang='grc' dir='ltr'><strong>με,</strong></span> <span class='ocrx_word' id='word_1_126' title='bbox 793 2367 890 2420; x_wconf 81' lang='grc' dir='ltr'><strong>καὶ</strong></span> <span class='ocrx_word' id='word_1_127' title='bbox 932 2368 1109 2436; x_wconf 77' lang='grc' dir='ltr'><strong>γνῶθι</strong></span> <span class='ocrx_word' id='word_1_128' title='bbox 1146 2367 1250 2434; x_wconf 75' lang='grc' dir='ltr'><em>τὰς</em></span> <span class='ocrx_word' id='word_1_129' title='bbox 1284 2370 1517 2437; x_wconf 57' lang='grc' dir='ltr'><strong>τρθϐους</strong></span> <span class='ocrx_word' id='word_1_130' title='bbox 1562 2380 1703 2434; x_wconf 83' lang='grc' dir='ltr'><strong>μου,</strong></span> <span class='ocrx_word' id='word_1_131' title='bbox 1741 2368 1842 2423; x_wconf 70' lang='grc' dir='ltr'><strong>καὶ</strong></span> 
     </span>
    </p>
   </div>
   <div class='ocr_carea' id='block_1_22' title="bbox 268 2456 1841 2531">
    <p class='ocr_par' dir='ltr' id='par_1_22' title="bbox 268 2456 1841 2531">
     <span class='ocr_line' id='line_1_22' title="bbox 268 2456 1841 2531; baseline 0.005 -23"><span class='ocrx_word' id='word_1_132' title='bbox 268 2456 381 2519; x_wconf 75' lang='grc' dir='ltr'><strong>ἴδε,</strong></span> <span class='ocrx_word' id='word_1_133' title='bbox 414 2460 469 2511; x_wconf 78' lang='lat' dir='ltr'><strong>ei.</strong></span> <span class='ocrx_word' id='word_1_134' title='bbox 492 2458 633 2524; x_wconf 73' lang='grc' dir='ltr'><strong>ὁδὸς</strong></span> <span class='ocrx_word' id='word_1_135' title='bbox 660 2460 907 2528; x_wconf 78' lang='grc' dir='ltr'><strong>ἀνομίας</strong></span> <span class='ocrx_word' id='word_1_136' title='bbox 936 2460 1008 2514; x_wconf 75' lang='grc' dir='ltr'><strong>ἐν</strong></span> <span class='ocrx_word' id='word_1_137' title='bbox 1034 2461 1184 2530; x_wconf 71' lang='grc' dir='ltr'><strong>ἐμοὶ,</strong></span> <span class='ocrx_word' id='word_1_138' title='bbox 1216 2462 1312 2514; x_wconf 76' lang='grc' dir='ltr'><strong>καὶ</strong></span> <span class='ocrx_word' id='word_1_139' title='bbox 1339 2460 1649 2531; x_wconf 74' lang='grc' dir='ltr'><strong>όὸήγησόν</strong></span> <span class='ocrx_word' id='word_1_140' title='bbox 1670 2479 1748 2531; x_wconf 82' lang='grc' dir='ltr'><strong>με</strong></span> <span class='ocrx_word' id='word_1_141' title='bbox 1772 2461 1841 2515; x_wconf 81' lang='grc' dir='ltr'><strong>ἐν</strong></span> 
     </span>
    </p>
   </div>
   <div class='ocr_carea' id='block_1_23' title="bbox 262 2547 1841 2621">
    <p class='ocr_par' dir='ltr' id='par_1_23' title="bbox 262 2547 1841 2621">
     <span class='ocr_line' id='line_1_23' title="bbox 262 2547 1841 2621; baseline 0.003 -21"><span class='ocrx_word' id='word_1_142' title='bbox 262 2547 389 2612; x_wconf 61' lang='lat' dir='ltr'><strong>est;</strong></span> <span class='ocrx_word' id='word_1_143' title='bbox 418 2549 645 2614; x_wconf 71' lang='grc' dir='ltr'><strong>αιωνίῃ.</strong></span> <span class='ocrx_word' id='word_1_144' title='bbox 678 2549 750 2602; x_wconf 80' lang='grc' dir='ltr'>Τὸ</span> <span class='ocrx_word' id='word_1_145' title='bbox 784 2550 917 2604; x_wconf 72' lang='grc' dir='ltr'><strong>αὐτὸ</strong></span> <span class='ocrx_word' id='word_1_146' title='bbox 952 2551 1105 2620; x_wconf 82' lang='grc' dir='ltr'><strong>λέγει</strong></span> <span class='ocrx_word' id='word_1_147' title='bbox 1134 2552 1229 2607; x_wconf 73' lang='grc' dir='ltr'><strong>καὶ</strong></span> <span class='ocrx_word' id='word_1_148' title='bbox 1261 2551 1356 2606; x_wconf 77' lang='grc' dir='ltr'><strong>νῦν</strong></span> <span class='ocrx_word' id='word_1_149' title='bbox 1377 2569 1391 2585; x_wconf 79' lang='lat'><strong><em>°</em></strong></span> <span class='ocrx_word' id='word_1_150' title='bbox 1434 2552 1465 2621; x_wconf 82' lang='grc' dir='ltr'>ἢ</span> <span class='ocrx_word' id='word_1_151' title='bbox 1497 2552 1699 2615; x_wconf 81' lang='grc' dir='ltr'><strong>τοίνυν.</strong></span> <span class='ocrx_word' id='word_1_152' title='bbox 1752 2552 1841 2606; x_wconf 81' lang='grc' dir='ltr'><strong>διὰ</strong></span> 
     </span>
    </p>
   </div>
   <div class='ocr_carea' id='block_1_24' title="bbox 260 2640 1838 2715">
    <p class='ocr_par' dir='ltr' id='par_1_24' title="bbox 260 2640 1838 2715">
     <span class='ocr_line' id='line_1_24' title="bbox 260 2640 1838 2715; baseline 0.006 -25"><span class='ocrx_word' id='word_1_153' title='bbox 260 2640 394 2700; x_wconf 76' lang='grc' dir='ltr'><strong>τοὺς</strong></span> <span class='ocrx_word' id='word_1_154' title='bbox 450 2640 771 2707; x_wconf 82' lang='grc' dir='ltr'><strong>ἀδικοῦντας</strong></span> <span class='ocrx_word' id='word_1_155' title='bbox 798 2643 965 2697; x_wconf 75' lang='grc' dir='ltr'><strong>αὐτὸν</strong></span> <span class='ocrx_word' id='word_1_156' title='bbox 994 2646 1025 2698; x_wconf 82' lang='grc' dir='ltr'>ὁ</span> <span class='ocrx_word' id='word_1_157' title='bbox 1055 2644 1235 2713; x_wconf 81' lang='grc' dir='ltr'><strong>λόγος,</strong></span> <span class='ocrx_word' id='word_1_158' title='bbox 1278 2645 1537 2715; x_wconf 77' lang='grc' dir='ltr'><strong>βεϐαιῶν,</strong></span> <span class='ocrx_word' id='word_1_159' title='bbox 1576 2646 1658 2699; x_wconf 78' lang='grc' dir='ltr'><strong>ὅτι</strong></span> <span class='ocrx_word' id='word_1_160' title='bbox 1685 2645 1838 2700; x_wconf 78' lang='grc' dir='ltr'><strong>οὐδὲν</strong></span> 
     </span>
    </p>
   </div>
   <div class='ocr_carea' id='block_1_25' title="bbox 260 2732 1836 2812">
    <p class='ocr_par' dir='ltr' id='par_1_25' title="bbox 260 2732 1836 2812">
     <span class='ocr_line' id='line_1_25' title="bbox 260 2732 1836 2812; baseline 0.006 -27"><span class='ocrx_word' id='word_1_161' title='bbox 260 2732 462 2790; x_wconf 80' lang='grc' dir='ltr'><strong>αὐτοὺς</strong></span> <span class='ocrx_word' id='word_1_162' title='bbox 493 2735 740 2797; x_wconf 77' lang='grc' dir='ltr'><strong>ἐκείνους</strong></span> <span class='ocrx_word' id='word_1_163' title='bbox 806 2736 1086 2807; x_wconf 73' lang='grc' dir='ltr'><strong>ἠδίκησεν,</strong></span> <span class='ocrx_word' id='word_1_164' title='bbox 1113 2740 1146 2812; x_wconf 70' lang='grc' dir='ltr'><strong>ᾗ</strong></span> <span class='ocrx_word' id='word_1_165' title='bbox 1179 2737 1271 2792; x_wconf 74' lang='grc' dir='ltr'><strong>καὶ</strong></span> <span class='ocrx_word' id='word_1_166' title='bbox 1322 2739 1402 2791; x_wconf 79' lang='grc' dir='ltr'><strong>ἔτι</strong></span> <span class='ocrx_word' id='word_1_167' title='bbox 1436 2740 1836 2811; x_wconf 78' lang='grc' dir='ltr'><strong>δοκιμασθῆναι</strong></span> 
     </span>
    </p>
   </div>
   <div class='ocr_carea' id='block_1_26' title="bbox 259 2826 1837 2904">
    <p class='ocr_par' dir='ltr' id='par_1_26' title="bbox 259 2826 1837 2904">
     <span class='ocr_line' id='line_1_26' title="bbox 259 2826 1837 2904; baseline 0.008 -28"><span class='ocrx_word' id='word_1_168' title='bbox 259 2827 440 2894; x_wconf 70' lang='grc' dir='ltr'><strong>ζητεῖ,</strong></span> <span class='ocrx_word' id='word_1_169' title='bbox 475 2826 582 2890; x_wconf 70' lang='grc' dir='ltr'><strong>ἵνα,</strong></span> <span class='ocrx_word' id='word_1_170' title='bbox 615 2830 666 2880; x_wconf 77' lang='lat' dir='ltr'><strong>el.</strong></span> <span class='ocrx_word' id='word_1_171' title='bbox 705 2827 782 2899; x_wconf 80' lang='grc' dir='ltr'><strong>μὴ</strong></span> <span class='ocrx_word' id='word_1_172' title='bbox 819 2829 994 2895; x_wconf 75' lang='grc' dir='ltr'><strong>οὕτως</strong></span> <span class='ocrx_word' id='word_1_173' title='bbox 1021 2830 1161 2901; x_wconf 75' lang='grc' dir='ltr'><strong>ἔχων</strong></span> <span class='ocrx_word' id='word_1_174' title='bbox 1189 2830 1443 2903; x_wconf 78' lang='grc' dir='ltr'><strong>ἐλεγχθῇ,</strong></span> <span class='ocrx_word' id='word_1_175' title='bbox 1479 2832 1837 2904; x_wconf 79' lang='grc' dir='ltr'><strong>διορθώσεται</strong></span> 
     </span>
    </p>
   </div>
   <div class='ocr_carea' id='block_1_27' title="bbox 258 2915 875 2991">
    <p class='ocr_par' dir='ltr' id='par_1_27' title="bbox 258 2915 875 2991">
     <span class='ocr_line' id='line_1_27' title="bbox 258 2915 875 2991; baseline 0.01 -22"><span class='ocrx_word' id='word_1_176' title='bbox 258 2915 462 2975; x_wconf 61' lang='grc' dir='ltr'><strong>ἑαυτὸν</strong></span> <span class='ocrx_word' id='word_1_177' title='bbox 497 2916 875 2991; x_wconf 77' lang='grc' dir='ltr'><strong>πλανώμενον.</strong></span> 
     </span>
    </p>
   </div>
   <div class='ocr_carea' id='block_1_28' title="bbox 756 3013 1347 3083">
    <p class='ocr_par' dir='ltr' id='par_1_28' title="bbox 756 3013 1347 3083">
     <span class='ocr_line' id='line_1_28' title="bbox 756 3013 1347 3083; baseline 0.007 -16"><span class='ocrx_word' id='word_1_178' title='bbox 756 3013 1005 3083; x_wconf 70' lang='grc' dir='ltr'><strong>Ψαλμὸς</strong></span> <span class='ocrx_word' id='word_1_179' title='bbox 1041 3014 1122 3081; x_wconf 77' lang='grc' dir='ltr'><strong>τῷ</strong></span> <span class='ocrx_word' id='word_1_180' title='bbox 1151 3016 1347 3071; x_wconf 76' lang='grc' dir='ltr'><strong>Δαϐἰδ.</strong></span> 
     </span>
    </p>
   </div>
   <div class='ocr_carea' id='block_1_29' title="bbox 790 3109 1294 3166">
    <p class='ocr_par' dir='ltr' id='par_1_29' title="bbox 790 3109 1294 3166">
     <span class='ocr_line' id='line_1_29' title="bbox 790 3109 1294 3166; baseline 0.006 -4"><span class='ocrx_word' id='word_1_181' title='bbox 790 3109 1087 3163; x_wconf 74' lang='grc' dir='ltr'><strong>ΨΑΛΜΟΣ</strong></span> <span class='ocrx_word' id='word_1_182' title='bbox 1128 3109 1294 3166; x_wconf 65' lang='grc' dir='ltr'><strong>ΡΛΘν.</strong></span> 
     </span>
    </p>
   </div>
   <div class='ocr_carea' id='block_1_30' title="bbox 1944 633 3513 703">
    <p class='ocr_par' dir='ltr' id='par_1_30' title="bbox 1944 633 3513 703">
     <span class='ocr_line' id='line_1_30' title="bbox 1944 633 3513 703; baseline 0.004 -14"><span class='ocrx_word' id='word_1_183' title='bbox 1944 635 2092 689; x_wconf 89' lang='lat' dir='ltr'><strong>enim</strong></span> <span class='ocrx_word' id='word_1_184' title='bbox 2130 633 2509 703; x_wconf 86' lang='lat' dir='ltr'><strong>hujuscemodi</strong></span> <span class='ocrx_word' id='word_1_185' title='bbox 2541 635 2792 691; x_wconf 84' lang='lat' dir='ltr'><strong>homines</strong></span> <span class='ocrx_word' id='word_1_186' title='bbox 2834 636 3163 694; x_wconf 77' lang='lat' dir='ltr'><strong>infructuosi</strong></span> <span class='ocrx_word' id='word_1_187' title='bbox 3201 646 3258 697; x_wconf 86' lang='lat' dir='ltr'><strong>ct</strong></span> <span class='ocrx_word' id='word_1_188' title='bbox 3297 639 3513 696; x_wconf 76' lang='lat' dir='ltr'><strong>steriles</strong></span> 
     </span>
    </p>
   </div>
   <div class='ocr_carea' id='block_1_31' title="bbox 1945 724 2329 783">
    <p class='ocr_par' dir='ltr' id='par_1_31' title="bbox 1945 724 2329 783">
     <span class='ocr_line' id='line_1_31' title="bbox 1945 724 2329 783; baseline 0.008 -4"><span class='ocrx_word' id='word_1_189' title='bbox 1945 724 2013 779; x_wconf 85' lang='lat' dir='ltr'><strong>ad</strong></span> <span class='ocrx_word' id='word_1_190' title='bbox 2048 727 2329 783; x_wconf 76' lang='lat' dir='ltr'><strong>virtutem.</strong></span> 
     </span>
    </p>
   </div>
   <div class='ocr_carea' id='block_1_32' title="bbox 2019 816 3511 897">
    <p class='ocr_par' dir='ltr' id='par_1_32' title="bbox 2019 816 3511 897">
     <span class='ocr_line' id='line_1_32' title="bbox 2019 816 3511 897; baseline 0.008 -27"><span class='ocrx_word' id='word_1_191' title='bbox 2019 816 2182 873; x_wconf 71' lang='lat' dir='ltr'><strong>Vens.</strong></span> <span class='ocrx_word' id='word_1_192' title='bbox 2208 818 2298 882; x_wconf 74' lang='lat'><strong>21,</strong></span> <span class='ocrx_word' id='word_1_193' title='bbox 2324 819 2413 874; x_wconf 72' lang='lat'><strong>22.</strong></span> <span class='ocrx_word' id='word_1_194' title='bbox 2451 820 2637 876; x_wconf 81' lang='lat' dir='ltr'><strong>Nonne</strong></span> <span class='ocrx_word' id='word_1_195' title='bbox 2680 838 2767 877; x_wconf 77' lang='lat' dir='ltr'><strong>eos</strong></span> <span class='ocrx_word' id='word_1_196' title='bbox 2791 824 2882 893; x_wconf 80' lang='lat' dir='ltr'><strong>qui</strong></span> <span class='ocrx_word' id='word_1_197' title='bbox 2912 833 2959 879; x_wconf 88' lang='lat' dir='ltr'><strong>te</strong></span> <span class='ocrx_word' id='word_1_198' title='bbox 2986 824 3231 893; x_wconf 81' lang='lat' dir='ltr'><strong>oderant,</strong></span> <span class='ocrx_word' id='word_1_199' title='bbox 3270 824 3511 897; x_wconf 74' lang='lat' dir='ltr'><strong>Domine,</strong></span> 
     </span>
    </p>
   </div>
   <div class='ocr_carea' id='block_1_33' title="bbox 1944 910 3513 991">
    <p class='ocr_par' dir='ltr' id='par_1_33' title="bbox 1944 910 3513 991">
     <span class='ocr_line' id='line_1_33' title="bbox 1944 910 3513 991; baseline 0.007 -28"><span class='ocrx_word' id='word_1_200' title='bbox 1944 910 2158 964; x_wconf 84' lang='lat' dir='ltr'><strong>oderam</strong></span> <span class='ocrx_word' id='word_1_201' title='bbox 2181 953 2195 975; x_wconf 88' lang='lat'><strong>,</strong></span> <span class='ocrx_word' id='word_1_202' title='bbox 2232 922 2280 965; x_wconf 85' lang='lat' dir='ltr'><strong>et</strong></span> <span class='ocrx_word' id='word_1_203' title='bbox 2322 913 2379 966; x_wconf 88' lang='lat' dir='ltr'><strong>in</strong></span> <span class='ocrx_word' id='word_1_204' title='bbox 2427 912 2666 968; x_wconf 82' lang='lat' dir='ltr'><strong>inimicos</strong></span> <span class='ocrx_word' id='word_1_205' title='bbox 2704 924 2821 970; x_wconf 79' lang='lat' dir='ltr'><strong>mos</strong></span> <span class='ocrx_word' id='word_1_206' title='bbox 2863 915 3233 975; x_wconf 70' lang='lat' dir='ltr'><strong>tabescebam}</strong></span> <span class='ocrx_word' id='word_1_207' title='bbox 3269 915 3513 991; x_wconf 72' lang='lat' dir='ltr'><strong>Perfecto</strong></span> 
     </span>
    </p>
   </div>
   <div class='ocr_carea' id='block_1_34' title="bbox 1942 1000 3513 1076">
    <p class='ocr_par' dir='ltr' id='par_1_34' title="bbox 1942 1000 3513 1076">
     <span class='ocr_line' id='line_1_34' title="bbox 1942 1000 3513 1076; baseline 0.007 -20"><span class='ocrx_word' id='word_1_208' title='bbox 1942 1002 2063 1056; x_wconf 86' lang='lat' dir='ltr'><strong>odio</strong></span> <span class='ocrx_word' id='word_1_209' title='bbox 2093 1000 2309 1057; x_wconf 85' lang='lat' dir='ltr'><strong>oderam</strong></span> <span class='ocrx_word' id='word_1_210' title='bbox 2333 1004 2452 1059; x_wconf 78' lang='lat' dir='ltr'><strong>illos</strong></span> <span class='ocrx_word' id='word_1_211' title='bbox 2484 1022 2501 1059; x_wconf 88' lang='lat'><strong><em>:</em></strong></span> <span class='ocrx_word' id='word_1_212' title='bbox 2534 1007 2736 1060; x_wconf 81' lang='lat' dir='ltr'><strong>inimici</strong></span> <span class='ocrx_word' id='word_1_213' title='bbox 2764 1007 2895 1076; x_wconf 79' lang='lat' dir='ltr'><strong>[acti</strong></span> <span class='ocrx_word' id='word_1_214' title='bbox 2925 1020 3045 1062; x_wconf 83' lang='lat' dir='ltr'><strong>sunt</strong></span> <span class='ocrx_word' id='word_1_215' title='bbox 3072 1009 3220 1065; x_wconf 62' lang='lat' dir='ltr'><strong>milii.</strong></span> <span class='ocrx_word' id='word_1_216' title='bbox 3249 1012 3384 1066; x_wconf 81' lang='lat' dir='ltr'><strong>Cum</strong></span> <span class='ocrx_word' id='word_1_217' title='bbox 3416 1028 3513 1067; x_wconf 78' lang='lat' dir='ltr'><strong>su.-</strong></span> 
     </span>
    </p>
   </div>
   <div class='ocr_carea' id='block_1_35' title="bbox 1945 1091 3512 1158">
    <p class='ocr_par' dir='ltr' id='par_1_35' title="bbox 1945 1091 3512 1158">
     <span class='ocr_line' id='line_1_35' title="bbox 1945 1091 3512 1158; baseline 0.006 -14"><span class='ocrx_word' id='word_1_218' title='bbox 1945 1091 2130 1158; x_wconf 89' lang='lat' dir='ltr'><strong>perins</strong></span> <span class='ocrx_word' id='word_1_219' title='bbox 2162 1092 2361 1145; x_wconf 78' lang='lat' dir='ltr'><strong>dixerit</strong></span> <span class='ocrx_word' id='word_1_220' title='bbox 2400 1110 2413 1147; x_wconf 89' lang='lat'><strong>:</strong></span> <span class='ocrx_word' id='word_1_221' title='bbox 2455 1093 2497 1146; x_wconf 82' lang='grc' dir='ltr'><em>Α</em></span> <span class='ocrx_word' id='word_1_222' title='bbox 2548 1109 2628 1148; x_wconf 86' lang='lat' dir='ltr'><strong>me</strong></span> <span class='ocrx_word' id='word_1_223' title='bbox 2674 1106 2852 1149; x_wconf 82' lang='lat' dir='ltr'><strong>autem</strong></span> <span class='ocrx_word' id='word_1_224' title='bbox 2893 1095 3044 1151; x_wconf 78' lang='lat' dir='ltr'><strong>valde</strong></span> <span class='ocrx_word' id='word_1_225' title='bbox 3100 1096 3347 1153; x_wconf 74' lang='lat' dir='ltr'><strong>honorati</strong></span> <span class='ocrx_word' id='word_1_226' title='bbox 3392 1109 3512 1153; x_wconf 77' lang='lat' dir='ltr'><strong>sunt</strong></span> 
     </span>
    </p>
   </div>
   <div class='ocr_carea' id='block_1_36' title="bbox 1938 1183 3513 1260">
    <p class='ocr_par' dir='ltr' id='par_1_36' title="bbox 1938 1183 3513 1260">
     <span class='ocr_line' id='line_1_36' title="bbox 1938 1183 3513 1260; baseline 0.006 -25"><span class='ocrx_word' id='word_1_227' title='bbox 1938 1184 2100 1237; x_wconf 86' lang='lat' dir='ltr'><strong>amici</strong></span> <span class='ocrx_word' id='word_1_228' title='bbox 2137 1185 2236 1251; x_wconf 81' lang='lat' dir='ltr'><strong>tui,</strong></span> <span class='ocrx_word' id='word_1_229' title='bbox 2272 1183 2432 1248; x_wconf 79' lang='lat' dir='ltr'><strong>Deus,</strong></span> <span class='ocrx_word' id='word_1_230' title='bbox 2460 1202 2606 1240; x_wconf 86' lang='lat' dir='ltr'><strong>nunc</strong></span> <span class='ocrx_word' id='word_1_231' title='bbox 2636 1186 2764 1241; x_wconf 78' lang='lat' dir='ltr'><strong>dicit</strong></span> <span class='ocrx_word' id='word_1_232' title='bbox 2798 1205 2813 1243; x_wconf 93' lang='lat'><strong>:</strong></span> <span class='ocrx_word' id='word_1_233' title='bbox 2856 1187 3047 1244; x_wconf 81' lang='lat' dir='ltr'><strong><em>Nonne</em></strong></span> <span class='ocrx_word' id='word_1_234' title='bbox 3077 1205 3161 1247; x_wconf 75' lang='lat' dir='ltr'><strong>eos</strong></span> <span class='ocrx_word' id='word_1_235' title='bbox 3190 1190 3280 1260; x_wconf 91' lang='lat' dir='ltr'><strong>qui</strong></span> <span class='ocrx_word' id='word_1_236' title='bbox 3307 1199 3357 1244; x_wconf 84' lang='lat' dir='ltr'><strong>te</strong></span> <span class='ocrx_word' id='word_1_237' title='bbox 3386 1189 3513 1249; x_wconf 75' lang='lat' dir='ltr'><strong>ode-</strong></span> 
     </span>
    </p>
   </div>
   <div class='ocr_carea' id='block_1_37' title="bbox 1942 1275 3510 1352">
    <p class='ocr_par' dir='ltr' id='par_1_37' title="bbox 1942 1275 3510 1352">
     <span class='ocr_line' id='line_1_37' title="bbox 1942 1275 3510 1352; baseline 0.009 -23"><span class='ocrx_word' id='word_1_238' title='bbox 1942 1285 2084 1339; x_wconf 82' lang='lat' dir='ltr'><strong>rant.</strong></span> <span class='ocrx_word' id='word_1_239' title='bbox 2116 1275 2359 1340; x_wconf 83' lang='lat' dir='ltr'><strong>Domine,</strong></span> <span class='ocrx_word' id='word_1_240' title='bbox 2390 1278 2480 1331; x_wconf 82' lang='lat' dir='ltr'><strong>odi</strong></span> <span class='ocrx_word' id='word_1_241' title='bbox 2499 1279 2524 1331; x_wconf 85' lang='lat'><strong><em>?</em></strong></span> <span class='ocrx_word' id='word_1_242' title='bbox 2556 1278 2624 1333; x_wconf 89' lang='lat' dir='ltr'><strong>Et</strong></span> <span class='ocrx_word' id='word_1_243' title='bbox 2672 1280 2782 1336; x_wconf 88' lang='lat' dir='ltr'><strong>illic</strong></span> <span class='ocrx_word' id='word_1_244' title='bbox 2825 1279 3048 1336; x_wconf 83' lang='lat' dir='ltr'><strong>honoris</strong></span> <span class='ocrx_word' id='word_1_245' title='bbox 3077 1281 3510 1352; x_wconf 79' lang='lat' dir='ltr'><strong>magnitudinem</strong></span> 
     </span>
    </p>
   </div>
   <div class='ocr_carea' id='block_1_38' title="bbox 1942 1368 3516 1447">
    <p class='ocr_par' dir='ltr' id='par_1_38' title="bbox 1942 1368 3516 1447">
     <span class='ocr_line' id='line_1_38' title="bbox 1942 1368 3516 1447; baseline 0.005 -23"><span class='ocrx_word' id='word_1_246' title='bbox 1942 1368 2284 1437; x_wconf 78' lang='lat' dir='ltr'><strong>signiﬁcans,</strong></span> <span class='ocrx_word' id='word_1_247' title='bbox 2321 1369 2506 1432; x_wconf 81' lang='lat' dir='ltr'><strong>Valde,</strong></span> <span class='ocrx_word' id='word_1_248' title='bbox 2534 1373 2693 1441; x_wconf 82' lang='lat' dir='ltr'><strong>dixit;</strong></span> <span class='ocrx_word' id='word_1_249' title='bbox 2726 1373 2816 1428; x_wconf 90' lang='lat' dir='ltr'><strong>hic</strong></span> <span class='ocrx_word' id='word_1_250' title='bbox 2841 1372 3004 1429; x_wconf 88' lang='lat' dir='ltr'><strong>etiam</strong></span> <span class='ocrx_word' id='word_1_251' title='bbox 3033 1374 3150 1447; x_wconf 87' lang='lat' dir='ltr'><strong>pari</strong></span> <span class='ocrx_word' id='word_1_252' title='bbox 3177 1375 3337 1431; x_wconf 91' lang='lat' dir='ltr'><strong>modo</strong></span> <span class='ocrx_word' id='word_1_253' title='bbox 3360 1391 3516 1439; x_wconf 52' lang='lat' dir='ltr'><strong>sum:</strong></span> 
     </span>
    </p>
   </div>
   <div class='ocr_carea' id='block_1_39' title="bbox 1944 1461 3513 1533">
    <p class='ocr_par' dir='ltr' id='par_1_39' title="bbox 1944 1461 3513 1533">
     <span class='ocr_line' id='line_1_39' title="bbox 1944 1461 3513 1533; baseline 0.003 -19"><span class='ocrx_word' id='word_1_254' title='bbox 1944 1477 2092 1515; x_wconf 82' lang='lat' dir='ltr'><strong>mum</strong></span> <span class='ocrx_word' id='word_1_255' title='bbox 2123 1461 2306 1517; x_wconf 83' lang='lat' dir='ltr'><strong>odium</strong></span> <span class='ocrx_word' id='word_1_256' title='bbox 2354 1465 2661 1533; x_wconf 76' lang='lat' dir='ltr'><strong>exprimere</strong></span> <span class='ocrx_word' id='word_1_257' title='bbox 2696 1466 2908 1533; x_wconf 78' lang='lat' dir='ltr'><strong>volens,</strong></span> <span class='ocrx_word' id='word_1_258' title='bbox 2965 1467 3042 1523; x_wconf 87' lang='lat' dir='ltr'><strong>ait</strong></span> <span class='ocrx_word' id='word_1_259' title='bbox 3077 1484 3089 1521; x_wconf 89' lang='lat'><strong>:</strong></span> <span class='ocrx_word' id='word_1_260' title='bbox 3120 1463 3469 1525; x_wconf 76' lang='lat' dir='ltr'><strong>Tabescebam</strong></span> <span class='ocrx_word' id='word_1_261' title='bbox 3494 1508 3513 1533; x_wconf 92' lang='lat'><strong>,</strong></span> 
     </span>
    </p>
   </div>
   <div class='ocr_carea' id='block_1_40' title="bbox 1942 1550 3514 1623">
    <p class='ocr_par' dir='ltr' id='par_1_40' title="bbox 1942 1550 3514 1623">
     <span class='ocr_line' id='line_1_40' title="bbox 1942 1550 3514 1623; baseline 0.003 -19"><span class='ocrx_word' id='word_1_262' title='bbox 1942 1550 2048 1604; x_wconf 88' lang='lat' dir='ltr'><strong>hoc</strong></span> <span class='ocrx_word' id='word_1_263' title='bbox 2075 1560 2182 1617; x_wconf 89' lang='lat' dir='ltr'><strong>est,</strong></span> <span class='ocrx_word' id='word_1_264' title='bbox 2212 1550 2589 1623; x_wconf 77' lang='lat' dir='ltr'><strong>indignatione</strong></span> <span class='ocrx_word' id='word_1_265' title='bbox 2620 1553 2855 1607; x_wconf 83' lang='lat' dir='ltr'><strong>maxima</strong></span> <span class='ocrx_word' id='word_1_266' title='bbox 2892 1553 3160 1610; x_wconf 86' lang='lat' dir='ltr'><strong>adversus</strong></span> <span class='ocrx_word' id='word_1_267' title='bbox 3194 1569 3289 1615; x_wconf 80' lang='lat' dir='ltr'><strong>eos</strong></span> <span class='ocrx_word' id='word_1_268' title='bbox 3313 1564 3514 1612; x_wconf 71' lang='lat' dir='ltr'><strong>aestua-</strong></span> 
     </span>
    </p>
   </div>
   <div class='ocr_carea' id='block_1_41' title="bbox 1942 1641 3043 1712">
    <p class='ocr_par' dir='ltr' id='par_1_41' title="bbox 1942 1641 3043 1712">
     <span class='ocr_line' id='line_1_41' title="bbox 1942 1641 3043 1712; baseline -0.001 -16"><span class='ocrx_word' id='word_1_269' title='bbox 1942 1642 2066 1696; x_wconf 89' lang='lat' dir='ltr'><strong>bam</strong></span> <span class='ocrx_word' id='word_1_270' title='bbox 2111 1641 2535 1712; x_wconf 78' lang='lat' dir='ltr'><strong>quodammodo,</strong></span> <span class='ocrx_word' id='word_1_271' title='bbox 2572 1651 2625 1697; x_wconf 91' lang='lat' dir='ltr'><strong>et</strong></span> <span class='ocrx_word' id='word_1_272' title='bbox 2657 1645 3043 1700; x_wconf 83' lang='lat' dir='ltr'><strong>consumebar.</strong></span> 
     </span>
    </p>
   </div>
   <div class='ocr_carea' id='block_1_42' title="bbox 2014 1735 3514 1808">
    <p class='ocr_par' dir='ltr' id='par_1_42' title="bbox 2014 1735 3514 1808">
     <span class='ocr_line' id='line_1_42' title="bbox 2014 1735 3514 1808; baseline 0.004 -19"><span class='ocrx_word' id='word_1_273' title='bbox 2014 1735 2180 1792; x_wconf 76' lang='lat' dir='ltr'><strong>\‘Etts.</strong></span> <span class='ocrx_word' id='word_1_274' title='bbox 2229 1737 2322 1802; x_wconf 71' lang='grc'><strong>25,</strong></span> <span class='ocrx_word' id='word_1_275' title='bbox 2370 1735 2460 1791; x_wconf 72' lang='grc'><strong>24.</strong></span> <span class='ocrx_word' id='word_1_276' title='bbox 2510 1735 2682 1792; x_wconf 82' lang='lat' dir='ltr'><strong>Proba</strong></span> <span class='ocrx_word' id='word_1_277' title='bbox 2715 1753 2817 1803; x_wconf 77' lang='lat' dir='ltr'><strong>nte,</strong></span> <span class='ocrx_word' id='word_1_278' title='bbox 2857 1737 3015 1804; x_wconf 74' lang='lat' dir='ltr'><strong>Deus,</strong></span> <span class='ocrx_word' id='word_1_279' title='bbox 3048 1745 3098 1791; x_wconf 89' lang='lat' dir='ltr'><strong>et</strong></span> <span class='ocrx_word' id='word_1_280' title='bbox 3136 1754 3387 1808; x_wconf 74' lang='lat' dir='ltr'><strong>cognosce</strong></span> <span class='ocrx_word' id='word_1_281' title='bbox 3422 1755 3514 1795; x_wconf 86' lang='lat' dir='ltr'><strong>cor</strong></span> 
     </span>
    </p>
   </div>
   <div class='ocr_carea' id='block_1_43' title="bbox 1944 1822 3515 1901">
    <p class='ocr_par' dir='ltr' id='par_1_43' title="bbox 1944 1822 3515 1901">
     <span class='ocr_line' id='line_1_43' title="bbox 1944 1822 3515 1901; baseline -0.001 -19"><span class='ocrx_word' id='word_1_282' title='bbox 1944 1845 2132 1883; x_wconf 82' lang='lat' dir='ltr'><strong>meum.</strong></span> <span class='ocrx_word' id='word_1_283' title='bbox 2180 1829 2342 1898; x_wconf 76' lang='lat' dir='ltr'><strong>Atqui</strong></span> <span class='ocrx_word' id='word_1_284' title='bbox 2378 1831 2431 1884; x_wconf 90' lang='lat' dir='ltr'><strong>in</strong></span> <span class='ocrx_word' id='word_1_285' title='bbox 2465 1828 2739 1901; x_wconf 86' lang='lat' dir='ltr'><strong>principio</strong></span> <span class='ocrx_word' id='word_1_286' title='bbox 2777 1829 2971 1901; x_wconf 83' lang='lat' dir='ltr'><strong>psalmi</strong></span> <span class='ocrx_word' id='word_1_287' title='bbox 3029 1822 3168 1885; x_wconf 80' lang='lat' dir='ltr'><strong>dixit</strong></span> <span class='ocrx_word' id='word_1_288' title='bbox 3204 1848 3218 1885; x_wconf 89' lang='lat'><strong>:</strong></span> <span class='ocrx_word' id='word_1_289' title='bbox 3270 1830 3515 1894; x_wconf 52' lang='lat' dir='ltr'><strong>Domina,</strong></span> 
     </span>
    </p>
   </div>
   <div class='ocr_carea' id='block_1_44' title="bbox 1943 1919 3516 1992">
    <p class='ocr_par' dir='ltr' id='par_1_44' title="bbox 1943 1919 3516 1992">
     <span class='ocr_line' id='line_1_44' title="bbox 1943 1919 3516 1992; baseline 0.003 -19"><span class='ocrx_word' id='word_1_290' title='bbox 1943 1920 2179 1990; x_wconf 79' lang='lat' dir='ltr'><strong>probasti</strong></span> <span class='ocrx_word' id='word_1_291' title='bbox 2217 1937 2316 1986; x_wconf 83' lang='lat' dir='ltr'><strong>me,</strong></span> <span class='ocrx_word' id='word_1_292' title='bbox 2349 1930 2397 1975; x_wconf 86' lang='lat' dir='ltr'><strong>et</strong></span> <span class='ocrx_word' id='word_1_293' title='bbox 2425 1922 2716 1992; x_wconf 71' lang='lat' dir='ltr'><strong>cognovisti</strong></span> <span class='ocrx_word' id='word_1_294' title='bbox 2750 1938 2848 1975; x_wconf 86' lang='lat' dir='ltr'><strong>me.</strong></span> <span class='ocrx_word' id='word_1_295' title='bbox 2888 1919 3083 1977; x_wconf 82' lang='lat' dir='ltr'><strong>Verum</strong></span> <span class='ocrx_word' id='word_1_296' title='bbox 3120 1922 3315 1979; x_wconf 85' lang='lat' dir='ltr'><strong>melius</strong></span> <span class='ocrx_word' id='word_1_297' title='bbox 3338 1922 3516 1978; x_wconf 85' lang='lat' dir='ltr'><strong>adhuc</strong></span> 
     </span>
    </p>
   </div>
   <div class='ocr_carea' id='block_1_45' title="bbox 1944 2008 3514 2083">
    <p class='ocr_par' dir='ltr' id='par_1_45' title="bbox 1944 2008 3514 2083">
     <span class='ocr_line' id='line_1_45' title="bbox 1944 2008 3514 2083; baseline -0.001 -20"><span class='ocrx_word' id='word_1_298' title='bbox 1944 2011 2164 2080; x_wconf 87' lang='lat' dir='ltr'><strong>probari</strong></span> <span class='ocrx_word' id='word_1_299' title='bbox 2213 2022 2267 2065; x_wconf 87' lang='lat' dir='ltr'><strong>et</strong></span> <span class='ocrx_word' id='word_1_300' title='bbox 2303 2011 2559 2083; x_wconf 75' lang='lat' dir='ltr'><strong>cognosci</strong></span> <span class='ocrx_word' id='word_1_301' title='bbox 2617 2011 2804 2083; x_wconf 87' lang='lat' dir='ltr'><strong>cupit,</strong></span> <span class='ocrx_word' id='word_1_302' title='bbox 2840 2025 2951 2065; x_wconf 92' lang='lat' dir='ltr'><strong>non</strong></span> <span class='ocrx_word' id='word_1_303' title='bbox 2990 2019 3048 2064; x_wconf 91' lang='lat' dir='ltr'><strong>ut</strong></span> <span class='ocrx_word' id='word_1_304' title='bbox 3079 2008 3221 2066; x_wconf 85' lang='lat' dir='ltr'><strong>Deus</strong></span> <span class='ocrx_word' id='word_1_305' title='bbox 3254 2011 3368 2078; x_wconf 89' lang='lat' dir='ltr'><strong>ipse</strong></span> <span class='ocrx_word' id='word_1_306' title='bbox 3399 2025 3514 2064; x_wconf 89' lang='lat' dir='ltr'><strong>me-</strong></span> 
     </span>
    </p>
   </div>
   <div class='ocr_carea' id='block_1_46' title="bbox 1943 2099 3511 2175">
    <p class='ocr_par' dir='ltr' id='par_1_46' title="bbox 1943 2099 3511 2175">
     <span class='ocr_line' id='line_1_46' title="bbox 1943 2099 3511 2175; baseline -0.001 -18"><span class='ocrx_word' id='word_1_307' title='bbox 1943 2102 2052 2157; x_wconf 84' lang='lat' dir='ltr'><strong>lius</strong></span> <span class='ocrx_word' id='word_1_308' title='bbox 2083 2117 2207 2157; x_wconf 89' lang='lat' dir='ltr'><strong>eum</strong></span> <span class='ocrx_word' id='word_1_309' title='bbox 2242 2109 2563 2170; x_wconf 81' lang='lat' dir='ltr'><strong>cognoscat,</strong></span> <span class='ocrx_word' id='word_1_310' title='bbox 2599 2103 2690 2175; x_wconf 90' lang='lat' dir='ltr'><strong>qui</strong></span> <span class='ocrx_word' id='word_1_311' title='bbox 2723 2101 2907 2158; x_wconf 85' lang='lat' dir='ltr'><strong>omnia</strong></span> <span class='ocrx_word' id='word_1_312' title='bbox 2934 2101 3112 2168; x_wconf 84' lang='lat' dir='ltr'><strong>novit,</strong></span> <span class='ocrx_word' id='word_1_313' title='bbox 3143 2099 3238 2156; x_wconf 88' lang='lat' dir='ltr'><strong>sed</strong></span> <span class='ocrx_word' id='word_1_314' title='bbox 3271 2111 3328 2155; x_wconf 92' lang='lat' dir='ltr'><strong>ut</strong></span> <span class='ocrx_word' id='word_1_315' title='bbox 3357 2100 3392 2155; x_wconf 89' lang='lat' dir='ltr'><strong>ii</strong></span> <span class='ocrx_word' id='word_1_316' title='bbox 3421 2101 3511 2171; x_wconf 85' lang='lat' dir='ltr'><strong>qni</strong></span> 
     </span>
    </p>
   </div>
   <div class='ocr_carea' id='block_1_47' title="bbox 1941 2192 3512 2262">
    <p class='ocr_par' dir='ltr' id='par_1_47' title="bbox 1941 2192 3512 2262">
     <span class='ocr_line' id='line_1_47' title="bbox 1941 2192 3512 2262; baseline -0.003 -15"><span class='ocrx_word' id='word_1_317' title='bbox 1941 2192 2227 2262; x_wconf 69' lang='lat' dir='ltr'><strong>Propheta:</strong></span> <span class='ocrx_word' id='word_1_318' title='bbox 2256 2194 2520 2259; x_wconf 89' lang='lat' dir='ltr'><strong>animum,</strong></span> <span class='ocrx_word' id='word_1_319' title='bbox 2547 2209 2612 2249; x_wconf 85' lang='lat' dir='ltr'><strong>ac</strong></span> <span class='ocrx_word' id='word_1_320' title='bbox 2644 2202 2883 2251; x_wconf 85' lang='lat' dir='ltr'><strong>mentem</strong></span> <span class='ocrx_word' id='word_1_321' title='bbox 2912 2209 3021 2249; x_wconf 89' lang='lat' dir='ltr'><strong>non</strong></span> <span class='ocrx_word' id='word_1_322' title='bbox 3055 2203 3339 2259; x_wconf 81' lang='lat' dir='ltr'><strong>noverant,</strong></span> <span class='ocrx_word' id='word_1_323' title='bbox 3369 2192 3512 2251; x_wconf 81' lang='lat' dir='ltr'><strong>illius</strong></span> 
     </span>
    </p>
   </div>
   <div class='ocr_carea' id='block_1_48' title="bbox 1942 2283 2770 2354">
    <p class='ocr_par' dir='ltr' id='par_1_48' title="bbox 1942 2283 2770 2354">
     <span class='ocr_line' id='line_1_48' title="bbox 1942 2283 2770 2354; baseline 0.002 -17"><span class='ocrx_word' id='word_1_324' title='bbox 1942 2283 2118 2354; x_wconf 89' lang='lat' dir='ltr'><strong>magis</strong></span> <span class='ocrx_word' id='word_1_325' title='bbox 2152 2285 2415 2343; x_wconf 81' lang='lat' dir='ltr'><strong>certiores</strong></span> <span class='ocrx_word' id='word_1_326' title='bbox 2445 2284 2770 2340; x_wconf 84' lang='lat' dir='ltr'><strong>reddantur.</strong></span> 
     </span>
    </p>
   </div>
   <div class='ocr_carea' id='block_1_49' title="bbox 2016 2375 3513 2450">
    <p class='ocr_par' dir='ltr' id='par_1_49' title="bbox 2016 2375 3513 2450">
     <span class='ocr_line' id='line_1_49' title="bbox 2016 2375 3513 2450; baseline 0.003 -21"><span class='ocrx_word' id='word_1_327' title='bbox 2016 2375 2281 2430; x_wconf 76' lang='lat' dir='ltr'><strong>Examina</strong></span> <span class='ocrx_word' id='word_1_328' title='bbox 2318 2393 2419 2439; x_wconf 82' lang='lat' dir='ltr'><strong>me.</strong></span> <span class='ocrx_word' id='word_1_329' title='bbox 2450 2388 2498 2432; x_wconf 88' lang='lat' dir='ltr'><strong>et</strong></span> <span class='ocrx_word' id='word_1_330' title='bbox 2531 2384 2780 2450; x_wconf 79' lang='lat' dir='ltr'><strong>co‘gnosce</strong></span> <span class='ocrx_word' id='word_1_331' title='bbox 2808 2378 3020 2432; x_wconf 76' lang='lat' dir='ltr'><strong>semitas</strong></span> <span class='ocrx_word' id='word_1_332' title='bbox 3057 2394 3218 2445; x_wconf 85' lang='lat' dir='ltr'><strong>meas,</strong></span> <span class='ocrx_word' id='word_1_333' title='bbox 3243 2387 3291 2433; x_wconf 87' lang='lat' dir='ltr'><strong>et</strong></span> <span class='ocrx_word' id='word_1_334' title='bbox 3327 2375 3440 2431; x_wconf 83' lang='lat' dir='ltr'><strong>vide</strong></span> <span class='ocrx_word' id='word_1_335' title='bbox 3465 2376 3513 2433; x_wconf 73' lang='grc' dir='ltr'><strong>εἰ</strong></span> 
     </span>
    </p>
   </div>
   <div class='ocr_carea' id='block_1_50' title="bbox 1941 2467 3513 2538">
    <p class='ocr_par' dir='ltr' id='par_1_50' title="bbox 1941 2467 3513 2538">
     <span class='ocr_line' id='line_1_50' title="bbox 1941 2467 3513 2538; baseline 0 -17"><span class='ocrx_word' id='word_1_336' title='bbox 1941 2467 2025 2521; x_wconf 77' lang='lat' dir='ltr'><strong>via</strong></span> <span class='ocrx_word' id='word_1_337' title='bbox 2052 2468 2328 2537; x_wconf 67' lang='lat' dir='ltr'><strong>iniustitiae</strong></span> <span class='ocrx_word' id='word_1_338' title='bbox 2365 2469 2421 2524; x_wconf 88' lang='lat' dir='ltr'><strong>in</strong></span> <span class='ocrx_word' id='word_1_339' title='bbox 2450 2486 2530 2525; x_wconf 86' lang='lat' dir='ltr'><strong>me</strong></span> <span class='ocrx_word' id='word_1_340' title='bbox 2566 2479 2666 2538; x_wconf 73' lang='lat' dir='ltr'><strong>est,</strong></span> <span class='ocrx_word' id='word_1_341' title='bbox 2696 2481 2746 2526; x_wconf 86' lang='lat' dir='ltr'><strong>et</strong></span> <span class='ocrx_word' id='word_1_342' title='bbox 2782 2469 2951 2525; x_wconf 78' lang='lat' dir='ltr'><strong>deduc</strong></span> <span class='ocrx_word' id='word_1_343' title='bbox 2982 2487 3061 2525; x_wconf 87' lang='lat' dir='ltr'><strong>me</strong></span> <span class='ocrx_word' id='word_1_344' title='bbox 3090 2471 3144 2525; x_wconf 88' lang='lat' dir='ltr'><strong>in</strong></span> <span class='ocrx_word' id='word_1_345' title='bbox 3179 2471 3262 2525; x_wconf 77' lang='lat' dir='ltr'><strong>via</strong></span> <span class='ocrx_word' id='word_1_346' title='bbox 3288 2481 3513 2525; x_wconf 72' lang='lat' dir='ltr'><strong>(eterna.</strong></span> 
     </span>
    </p>
   </div>
   <div class='ocr_carea' id='block_1_51' title="bbox 1942 2558 3509 2631">
    <p class='ocr_par' dir='ltr' id='par_1_51' title="bbox 1942 2558 3509 2631">
     <span class='ocr_line' id='line_1_51' title="bbox 1942 2558 3509 2631; baseline 0.003 -19"><span class='ocrx_word' id='word_1_347' title='bbox 1942 2558 2199 2614; x_wconf 85' lang='lat' dir='ltr'><strong>Eamdem</strong></span> <span class='ocrx_word' id='word_1_348' title='bbox 2232 2560 2425 2629; x_wconf 87' lang='lat' dir='ltr'><strong>repetit</strong></span> <span class='ocrx_word' id='word_1_349' title='bbox 2460 2561 2824 2624; x_wconf 88' lang='lat' dir='ltr'><strong>sententiam,</strong></span> <span class='ocrx_word' id='word_1_350' title='bbox 2862 2570 2958 2615; x_wconf 90' lang='lat' dir='ltr'><strong>aut</strong></span> <span class='ocrx_word' id='word_1_351' title='bbox 2996 2570 3220 2631; x_wconf 87' lang='lat' dir='ltr'><strong>propter</strong></span> <span class='ocrx_word' id='word_1_352' title='bbox 3270 2575 3367 2618; x_wconf 86' lang='lat' dir='ltr'><strong>eos</strong></span> <span class='ocrx_word' id='word_1_353' title='bbox 3414 2560 3509 2631; x_wconf 84' lang='lat' dir='ltr'><strong>qui</strong></span> 
     </span>
    </p>
   </div>
   <div class='ocr_carea' id='block_1_52' title="bbox 1941 2649 3514 2722">
    <p class='ocr_par' dir='ltr' id='par_1_52' title="bbox 1941 2649 3514 2722">
     <span class='ocr_line' id='line_1_52' title="bbox 1941 2649 3514 2722; baseline 0.004 -19"><span class='ocrx_word' id='word_1_354' title='bbox 1941 2650 2047 2705; x_wconf 88' lang='lat' dir='ltr'><strong>sibi</strong></span> <span class='ocrx_word' id='word_1_355' title='bbox 2085 2649 2344 2722; x_wconf 86' lang='lat' dir='ltr'><strong>injuriam</strong></span> <span class='ocrx_word' id='word_1_356' title='bbox 2377 2652 2699 2719; x_wconf 86' lang='lat' dir='ltr'><strong>intulerant,</strong></span> <span class='ocrx_word' id='word_1_357' title='bbox 2733 2654 3072 2711; x_wconf 88' lang='lat' dir='ltr'><strong>conlirmans</strong></span> <span class='ocrx_word' id='word_1_358' title='bbox 3108 2649 3259 2708; x_wconf 88' lang='lat' dir='ltr'><strong>nulla</strong></span> <span class='ocrx_word' id='word_1_359' title='bbox 3311 2666 3371 2709; x_wconf 87' lang='lat' dir='ltr'><strong>se</strong></span> <span class='ocrx_word' id='word_1_360' title='bbox 3417 2666 3514 2709; x_wconf 75' lang='lat' dir='ltr'><strong>eos</strong></span> 
     </span>
    </p>
   </div>
   <div class='ocr_carea' id='block_1_53' title="bbox 1941 2742 3514 2816">
    <p class='ocr_par' dir='ltr' id='par_1_53' title="bbox 1941 2742 3514 2816">
     <span class='ocr_line' id='line_1_53' title="bbox 1941 2742 3514 2816; baseline 0.002 -21"><span class='ocrx_word' id='word_1_361' title='bbox 1941 2742 2194 2803; x_wconf 82' lang='lat' dir='ltr'><strong>aﬂ&#39;ecisse</strong></span> <span class='ocrx_word' id='word_1_362' title='bbox 2229 2742 2435 2814; x_wconf 77' lang='lat' dir='ltr'><strong>injuria</strong></span> <span class='ocrx_word' id='word_1_363' title='bbox 2479 2762 2494 2800; x_wconf 89' lang='lat'><strong>:</strong></span> <span class='ocrx_word' id='word_1_364' title='bbox 2528 2753 2622 2799; x_wconf 89' lang='lat' dir='ltr'><strong>aut</strong></span> <span class='ocrx_word' id='word_1_365' title='bbox 2656 2746 2820 2801; x_wconf 89' lang='lat' dir='ltr'><strong>etiam</strong></span> <span class='ocrx_word' id='word_1_366' title='bbox 2872 2745 3109 2816; x_wconf 85' lang='lat' dir='ltr'><strong>amplius</strong></span> <span class='ocrx_word' id='word_1_367' title='bbox 3154 2742 3375 2814; x_wconf 87' lang='lat' dir='ltr'><strong>probari</strong></span> <span class='ocrx_word' id='word_1_368' title='bbox 3416 2759 3514 2798; x_wconf 92' lang='lat' dir='ltr'><strong>eu-</strong></span> 
     </span>
    </p>
   </div>
   <div class='ocr_carea' id='block_1_54' title="bbox 1942 2835 3519 2904">
    <p class='ocr_par' dir='ltr' id='par_1_54' title="bbox 1942 2835 3519 2904">
     <span class='ocr_line' id='line_1_54' title="bbox 1942 2835 3519 2904; baseline -0.001 -17"><span class='ocrx_word' id='word_1_369' title='bbox 1942 2835 2041 2904; x_wconf 90' lang='lat' dir='ltr'><strong>pit,</strong></span> <span class='ocrx_word' id='word_1_370' title='bbox 2072 2843 2131 2890; x_wconf 88' lang='lat' dir='ltr'><strong>ut</strong></span> <span class='ocrx_word' id='word_1_371' title='bbox 2166 2836 2212 2890; x_wconf 87' lang='lat' dir='ltr'><strong>si</strong></span> <span class='ocrx_word' id='word_1_372' title='bbox 2247 2836 2534 2893; x_wconf 72' lang='lat' dir='ltr'><strong>convictus</strong></span> <span class='ocrx_word' id='word_1_373' title='bbox 2561 2836 2747 2901; x_wconf 88' lang='lat' dir='ltr'><strong>fuerit,</strong></span> <span class='ocrx_word' id='word_1_374' title='bbox 2774 2837 2935 2891; x_wconf 69' lang='lat' dir='ltr'><strong>talem</strong></span> <span class='ocrx_word' id='word_1_375' title='bbox 2965 2835 3206 2891; x_wconf 81' lang='lat' dir='ltr'><strong>animum</strong></span> <span class='ocrx_word' id='word_1_376' title='bbox 3236 2846 3330 2889; x_wconf 91' lang='lat' dir='ltr'><strong>aut</strong></span> <span class='ocrx_word' id='word_1_377' title='bbox 3362 2850 3519 2890; x_wconf 56' lang='lat' dir='ltr'><strong>men,</strong></span> 
     </span>
    </p>
   </div>
   <div class='ocr_carea' id='block_1_55' title="bbox 1939 2928 3513 2999">
    <p class='ocr_par' dir='ltr' id='par_1_55' title="bbox 1939 2928 3513 2999">
     <span class='ocr_line' id='line_1_55' title="bbox 1939 2928 3513 2999; baseline -0.002 -18"><span class='ocrx_word' id='word_1_378' title='bbox 1939 2935 2048 2982; x_wconf 89' lang='lat' dir='ltr'><strong>tem</strong></span> <span class='ocrx_word' id='word_1_379' title='bbox 2084 2943 2191 2983; x_wconf 90' lang='lat' dir='ltr'><strong>non</strong></span> <span class='ocrx_word' id='word_1_380' title='bbox 2233 2928 2456 2993; x_wconf 88' lang='lat' dir='ltr'><strong>habere,</strong></span> <span class='ocrx_word' id='word_1_381' title='bbox 2489 2930 2765 2985; x_wconf 88' lang='lat' dir='ltr'><strong>emendari</strong></span> <span class='ocrx_word' id='word_1_382' title='bbox 2797 2942 2993 2985; x_wconf 82' lang='lat' dir='ltr'><strong>rursus</strong></span> <span class='ocrx_word' id='word_1_383' title='bbox 3017 2930 3213 2999; x_wconf 82' lang='lat' dir='ltr'><strong>possit,</strong></span> <span class='ocrx_word' id='word_1_384' title='bbox 3239 2942 3302 2983; x_wconf 87' lang='lat' dir='ltr'><strong>ac</strong></span> <span class='ocrx_word' id='word_1_385' title='bbox 3331 2928 3513 2999; x_wconf 78' lang='lat' dir='ltr'><strong>dirigi,</strong></span> 
     </span>
    </p>
   </div>
   <div class='ocr_carea' id='block_1_56' title="bbox 2424 3020 3033 3092">
    <p class='ocr_par' dir='ltr' id='par_1_56' title="bbox 2424 3020 3033 3092">
     <span class='ocr_line' id='line_1_56' title="bbox 2424 3020 3033 3092; baseline -0.003 -15"><span class='ocrx_word' id='word_1_386' title='bbox 2424 3021 2674 3077; x_wconf 77' lang='lat' dir='ltr'><strong>Psalmus</strong></span> <span class='ocrx_word' id='word_1_387' title='bbox 2708 3023 2811 3092; x_wconf 80' lang='lat' dir='ltr'><strong>ipsi</strong></span> <span class='ocrx_word' id='word_1_388' title='bbox 2846 3020 3033 3075; x_wconf 85' lang='lat' dir='ltr'><strong>David.</strong></span> 
     </span>
    </p>
   </div>
   <div class='ocr_carea' id='block_1_57' title="bbox 2394 3113 3046 3171">
    <p class='ocr_par' dir='ltr' id='par_1_57' title="bbox 2394 3113 3046 3171">
     <span class='ocr_line' id='line_1_57' title="bbox 2394 3113 3046 3171; baseline 0.005 -4"><span class='ocrx_word' id='word_1_389' title='bbox 2394 3113 2517 3168; x_wconf 76' lang='lat' dir='ltr'><strong>PSA</strong></span> <span class='ocrx_word' id='word_1_390' title='bbox 2530 3113 2618 3168; x_wconf 74' lang='lat' dir='ltr'><strong>LM</strong></span> <span class='ocrx_word' id='word_1_391' title='bbox 2631 3113 2716 3169; x_wconf 91' lang='lat' dir='ltr'><strong>US</strong></span> <span class='ocrx_word' id='word_1_392' title='bbox 2757 3113 3046 3171; x_wconf 78' lang='lat' dir='ltr'><strong>CXXXIX.</strong></span> 
     </span>
    </p>
   </div>
   <div class='ocr_carea' id='block_1_58' title="bbox 352 3199 1837 3281">
    <p class='ocr_par' dir='ltr' id='par_1_58' title="bbox 352 3199 1830 3274">
     <span class='ocr_line' id='line_1_58' title="bbox 352 3199 1830 3274; baseline 0.003 -21"><span class='ocrx_word' id='word_1_393' title='bbox 352 3199 598 3263; x_wconf 77' lang='grc' dir='ltr'><strong>Ἐξελοῦ</strong></span> <span class='ocrx_word' id='word_1_394' title='bbox 652 3218 749 3270; x_wconf 82' lang='grc' dir='ltr'><strong>με.</strong></span> <span class='ocrx_word' id='word_1_395' title='bbox 809 3203 1005 3271; x_wconf 80' lang='grc' dir='ltr'><strong>Κύριε,</strong></span> <span class='ocrx_word' id='word_1_396' title='bbox 1057 3202 1127 3268; x_wconf 75' lang='grc' dir='ltr'><strong>ἐξ</strong></span> <span class='ocrx_word' id='word_1_397' title='bbox 1180 3204 1498 3272; x_wconf 82' lang='grc' dir='ltr'><strong>ἀνθρώπου</strong></span> <span class='ocrx_word' id='word_1_398' title='bbox 1538 3204 1830 3274; x_wconf 74' lang='grc' dir='ltr'><strong>πονηροῦ.</strong></span> 
     </span>
    </p>
   </div>
   <div class='ocr_carea' id='block_1_59' title="bbox 1951 3199 3514 3281">
    <p class='ocr_par' dir='ltr' id='par_1_59' title="bbox 2006 3204 3514 3278">
     <span class='ocr_line' id='line_1_59' title="bbox 2006 3204 3514 3278; baseline -0.002 -17"><span class='ocrx_word' id='word_1_399' title='bbox 2006 3207 2175 3265; x_wconf 72' lang='lat' dir='ltr'><strong>Vens.</strong></span> <span class='ocrx_word' id='word_1_400' title='bbox 2209 3207 2264 3262; x_wconf 76' lang='lat'><strong>2.</strong></span> <span class='ocrx_word' id='word_1_401' title='bbox 2309 3204 2468 3277; x_wconf 80' lang='lat' dir='ltr'><strong>Eripe</strong></span> <span class='ocrx_word' id='word_1_402' title='bbox 2510 3225 2612 3275; x_wconf 81' lang='lat' dir='ltr'><strong>me,</strong></span> <span class='ocrx_word' id='word_1_403' title='bbox 2640 3209 2884 3278; x_wconf 84' lang='lat' dir='ltr'><strong>Domine,</strong></span> <span class='ocrx_word' id='word_1_404' title='bbox 2918 3211 2985 3264; x_wconf 86' lang='lat' dir='ltr'><strong>ab</strong></span> <span class='ocrx_word' id='word_1_405' title='bbox 3014 3210 3222 3267; x_wconf 82' lang='lat' dir='ltr'><strong>homine</strong></span> <span class='ocrx_word' id='word_1_406' title='bbox 3258 3207 3514 3278; x_wconf 80' lang='lat' dir='ltr'><strong>maligno.</strong></span> 
     </span>
    </p>
   </div>
   <div class='ocr_carea' id='block_1_60' title="bbox 263 3290 1837 3370">
    <p class='ocr_par' dir='ltr' id='par_1_60' title="bbox 263 3290 1837 3365">
     <span class='ocr_line' id='line_1_60' title="bbox 263 3290 1837 3365; baseline 0.005 -24"><span class='ocrx_word' id='word_1_407' title='bbox 263 3290 617 3360; x_wconf 74' lang='grc' dir='ltr'><strong>Κακούργου.</strong></span> <span class='ocrx_word' id='word_1_408' title='bbox 643 3293 889 3364; x_wconf 80' lang='grc' dir='ltr'><strong>Πονηρὸν</strong></span> <span class='ocrx_word' id='word_1_409' title='bbox 923 3295 981 3349; x_wconf 78' lang='grc' dir='ltr'><strong>δὲ</strong></span> <span class='ocrx_word' id='word_1_410' title='bbox 1012 3295 1046 3365; x_wconf 79' lang='grc' dir='ltr'>ἡ</span> <span class='ocrx_word' id='word_1_411' title='bbox 1076 3296 1267 3361; x_wconf 80' lang='grc' dir='ltr'><strong>κακία,</strong></span> <span class='ocrx_word' id='word_1_412' title='bbox 1305 3296 1383 3360; x_wconf 82' lang='grc' dir='ltr'>ὡς</span> <span class='ocrx_word' id='word_1_413' title='bbox 1420 3295 1587 3349; x_wconf 84' lang='grc' dir='ltr'><strong>πόνον</strong></span> <span class='ocrx_word' id='word_1_414' title='bbox 1617 3297 1710 3349; x_wconf 74' lang='grc' dir='ltr'><strong>καὶ</strong></span> <span class='ocrx_word' id='word_1_415' title='bbox 1741 3296 1837 3349; x_wconf 84' lang='grc' dir='ltr'><strong>κά-</strong></span> 
     </span>
    </p>
   </div>
   <div class='ocr_carea' id='block_1_61' title="bbox 1951 3290 3515 3370">
    <p class='ocr_par' dir='ltr' id='par_1_61' title="bbox 1951 3297 3515 3370">
     <span class='ocr_line' id='line_1_61' title="bbox 1951 3297 3515 3370; baseline 0.002 -18"><span class='ocrx_word' id='word_1_416' title='bbox 1951 3297 2062 3354; x_wconf 85' lang='lat' dir='ltr'><strong>lloc</strong></span> <span class='ocrx_word' id='word_1_417' title='bbox 2093 3304 2200 3362; x_wconf 87' lang='lat' dir='ltr'><strong>est,</strong></span> <span class='ocrx_word' id='word_1_418' title='bbox 2248 3297 2501 3353; x_wconf 86' lang='lat' dir='ltr'><strong>scelesto.</strong></span> <span class='ocrx_word' id='word_1_419' title='bbox 2536 3299 2726 3370; x_wconf 91' lang='lat' dir='ltr'><strong>Ipsum</strong></span> <span class='ocrx_word' id='word_1_420' title='bbox 2762 3299 2965 3356; x_wconf 89' lang='lat' dir='ltr'><strong>ctenim</strong></span> <span class='ocrx_word' id='word_1_421' title='bbox 3002 3299 3183 3356; x_wconf 79' lang='lat' dir='ltr'><strong>scelus</strong></span> <span class='ocrx_word' id='word_1_422' title='bbox 3215 3298 3515 3369; x_wconf 82' lang='lat' dir='ltr'><strong>malignum</strong></span> 
     </span>
    </p>
   </div>
   <div class='ocr_carea' id='block_1_62' title="bbox 264 3385 1837 3461">
    <p class='ocr_par' dir='ltr' id='par_1_62' title="bbox 264 3385 1837 3461">
     <span class='ocr_line' id='line_1_62' title="bbox 264 3385 1837 3461; baseline 0.006 -29"><span class='ocrx_word' id='word_1_423' title='bbox 264 3400 441 3450; x_wconf 68' lang='grc' dir='ltr'><strong>μιτον</strong></span> <span class='ocrx_word' id='word_1_424' title='bbox 488 3386 823 3455; x_wconf 78' lang='grc' dir='ltr'><strong>ἐπιφέρουσα</strong></span> <span class='ocrx_word' id='word_1_425' title='bbox 867 3386 945 3458; x_wconf 82' lang='grc' dir='ltr'><strong>τῷ</strong></span> <span class='ocrx_word' id='word_1_426' title='bbox 973 3388 1324 3459; x_wconf 79' lang='grc' dir='ltr'><strong>κεκτημένῳ.</strong></span> <span class='ocrx_word' id='word_1_427' title='bbox 1373 3385 1506 3443; x_wconf 78' lang='grc' dir='ltr'><strong>Εἶτα</strong></span> <span class='ocrx_word' id='word_1_428' title='bbox 1544 3388 1837 3461; x_wconf 74' lang='grc' dir='ltr'><strong>σαφηνίζει</strong></span> 
     </span>
    </p>
   </div>
   <div class='ocr_carea' id='block_1_63' title="bbox 1951 3385 3511 3461">
    <p class='ocr_par' dir='ltr' id='par_1_63' title="bbox 1951 3387 3511 3461">
     <span class='ocr_line' id='line_1_63' title="bbox 1951 3387 3511 3461; baseline -0.004 -16"><span class='ocrx_word' id='word_1_429' title='bbox 1951 3389 2067 3445; x_wconf 83' lang='lat' dir='ltr'><strong>esse</strong></span> <span class='ocrx_word' id='word_1_430' title='bbox 2096 3387 2227 3459; x_wconf 89' lang='lat' dir='ltr'><strong>quid</strong></span> <span class='ocrx_word' id='word_1_431' title='bbox 2255 3389 2455 3445; x_wconf 88' lang='lat' dir='ltr'><strong>dicitur</strong></span> <span class='ocrx_word' id='word_1_432' title='bbox 2490 3406 2506 3444; x_wconf 89' lang='lat'><strong>:</strong></span> <span class='ocrx_word' id='word_1_433' title='bbox 2537 3406 2604 3446; x_wconf 89' lang='lat' dir='ltr'><strong>eo</strong></span> <span class='ocrx_word' id='word_1_434' title='bbox 2637 3391 2782 3461; x_wconf 88' lang='lat' dir='ltr'><strong>quod</strong></span> <span class='ocrx_word' id='word_1_435' title='bbox 2814 3391 2954 3446; x_wconf 86' lang='lat' dir='ltr'><strong>mala</strong></span> <span class='ocrx_word' id='word_1_436' title='bbox 2988 3399 3154 3461; x_wconf 83' lang='lat' dir='ltr'><strong>atque</strong></span> <span class='ocrx_word' id='word_1_437' title='bbox 3186 3388 3511 3444; x_wconf 77' lang='lat' dir='ltr'><strong>amictiones</strong></span> 
     </span>
    </p>
   </div>
   <div class='ocr_carea' id='block_1_64' title="bbox 255 3472 1837 3555">
    <p class='ocr_par' dir='ltr' id='par_1_64' title="bbox 255 3472 852 3550">
     <span class='ocr_line' id='line_1_64' title="bbox 255 3472 852 3550; baseline 0.017 -26"><span class='ocrx_word' id='word_1_438' title='bbox 255 3472 387 3531; x_wconf 71' lang='grc' dir='ltr'><strong>τινα</strong></span> <span class='ocrx_word' id='word_1_439' title='bbox 414 3474 564 3545; x_wconf 78' lang='grc' dir='ltr'><strong>λέγει</strong></span> <span class='ocrx_word' id='word_1_440' title='bbox 595 3478 852 3550; x_wconf 82' lang='grc' dir='ltr'><strong>πονηρόν.</strong></span> 
     </span>
    </p>
   </div>
   <div class='ocr_carea' id='block_1_65' title="bbox 1951 3472 3514 3555">
    <p class='ocr_par' dir='ltr' id='par_1_65' title="bbox 1951 3478 3514 3555">
     <span class='ocr_line' id='line_1_65' title="bbox 1951 3478 3514 3555; baseline -0.002 -20"><span class='ocrx_word' id='word_1_441' title='bbox 1951 3482 2153 3537; x_wconf 82' lang='lat' dir='ltr'><strong>auctori</strong></span> <span class='ocrx_word' id='word_1_442' title='bbox 2195 3496 2295 3537; x_wconf 90' lang='lat' dir='ltr'><strong>suo</strong></span> <span class='ocrx_word' id='word_1_443' title='bbox 2322 3489 2568 3551; x_wconf 58' lang='lat' dir='ltr'><strong>praestat.</strong></span> <span class='ocrx_word' id='word_1_444' title='bbox 2597 3483 2784 3553; x_wconf 63' lang='lat' dir='ltr'><strong>(Eripe</strong></span> <span class='ocrx_word' id='word_1_445' title='bbox 2820 3499 2926 3549; x_wconf 87' lang='lat' dir='ltr'><strong>me,</strong></span> <span class='ocrx_word' id='word_1_446' title='bbox 2968 3484 3166 3555; x_wconf 85' lang='lat' dir='ltr'><strong>inquit,</strong></span> <span class='ocrx_word' id='word_1_447' title='bbox 3199 3497 3307 3538; x_wconf 90' lang='lat' dir='ltr'><strong>non</strong></span> <span class='ocrx_word' id='word_1_448' title='bbox 3343 3493 3375 3533; x_wconf 88' lang='lat' dir='ltr'><strong>a</strong></span> <span class='ocrx_word' id='word_1_449' title='bbox 3404 3478 3514 3533; x_wconf 71' lang='lat' dir='ltr'><strong>dae-</strong></span> 
     </span>
    </p>
   </div>
   <div class='ocr_carea' id='block_1_66' title="bbox 261 3573 3513 3651">
    <p class='ocr_par' dir='ltr' id='par_1_66' title="bbox 261 3573 3513 3651">
     <span class='ocr_line' id='line_1_66' title="bbox 261 3573 3513 3651; baseline 0 -23"><span class='ocrx_word' id='word_1_450' title='bbox 261 3574 491 3640; x_wconf 88' lang='lat' dir='ltr'><strong>moniis,</strong></span> <span class='ocrx_word' id='word_1_451' title='bbox 531 3589 637 3629; x_wconf 89' lang='lat' dir='ltr'><strong>non</strong></span> <span class='ocrx_word' id='word_1_452' title='bbox 677 3589 708 3629; x_wconf 89' lang='lat' dir='ltr'><strong>a</strong></span> <span class='ocrx_word' id='word_1_453' title='bbox 751 3574 903 3641; x_wconf 78' lang='lat' dir='ltr'><strong>feris,</strong></span> <span class='ocrx_word' id='word_1_454' title='bbox 944 3588 1036 3631; x_wconf 91' lang='lat' dir='ltr'><strong>aut</strong></span> <span class='ocrx_word' id='word_1_455' title='bbox 1065 3576 1421 3644; x_wconf 83' lang='lat' dir='ltr'><strong>draconibus,</strong></span> <span class='ocrx_word' id='word_1_456' title='bbox 1465 3579 1563 3635; x_wconf 88' lang='lat' dir='ltr'><strong>sed</strong></span> <span class='ocrx_word' id='word_1_457' title='bbox 1610 3594 1642 3634; x_wconf 89' lang='lat' dir='ltr'><strong>a</strong></span> <span class='ocrx_word' id='word_1_458' title='bbox 1674 3580 1913 3650; x_wconf 78' lang='lat' dir='ltr'><strong>maligno</strong></span> <span class='ocrx_word' id='word_1_459' title='bbox 1949 3580 2196 3635; x_wconf 84' lang='lat' dir='ltr'><strong>homine.</strong></span> <span class='ocrx_word' id='word_1_460' title='bbox 2251 3577 2471 3651; x_wconf 80' lang='lat' dir='ltr'><strong>Maligni</strong></span> <span class='ocrx_word' id='word_1_461' title='bbox 2533 3577 2733 3643; x_wconf 82' lang='lat' dir='ltr'><strong>etenim</strong></span> <span class='ocrx_word' id='word_1_462' title='bbox 2801 3578 3052 3634; x_wconf 77' lang='lat' dir='ltr'><strong>homines</strong></span> <span class='ocrx_word' id='word_1_463' title='bbox 3102 3576 3214 3633; x_wconf 89' lang='lat' dir='ltr'><strong>illis</strong></span> <span class='ocrx_word' id='word_1_464' title='bbox 3257 3573 3513 3632; x_wconf 85' lang='lat' dir='ltr'><strong>omnibus</strong></span> 
     </span>
    </p>
   </div>
   <div class='ocr_carea' id='block_1_67' title="bbox 257 3664 3531 3747">
    <p class='ocr_par' dir='ltr' id='par_1_67' title="bbox 257 3664 3531 3747">
     <span class='ocr_line' id='line_1_67' title="bbox 257 3664 3531 3747; baseline -0 -24"><span class='ocrx_word' id='word_1_465' title='bbox 257 3669 565 3725; x_wconf 88' lang='lat' dir='ltr'><strong>deteriores</strong></span> <span class='ocrx_word' id='word_1_466' title='bbox 590 3674 739 3722; x_wconf 82' lang='lat' dir='ltr'><strong>sunt.</strong></span> <span class='ocrx_word' id='word_1_467' title='bbox 775 3666 909 3721; x_wconf 77' lang='lat' dir='ltr'><strong>Nam</strong></span> <span class='ocrx_word' id='word_1_468' title='bbox 936 3678 989 3722; x_wconf 88' lang='lat' dir='ltr'><strong>et</strong></span> <span class='ocrx_word' id='word_1_469' title='bbox 1024 3666 1169 3722; x_wconf 81' lang='lat' dir='ltr'><strong>feras</strong></span> <span class='ocrx_word' id='word_1_470' title='bbox 1195 3668 1395 3724; x_wconf 85' lang='lat' dir='ltr'><strong>multas</strong></span> <span class='ocrx_word' id='word_1_471' title='bbox 1421 3669 1679 3738; x_wconf 83' lang='lat' dir='ltr'><strong>legimus,</strong></span> <span class='ocrx_word' id='word_1_472' title='bbox 1706 3686 1828 3741; x_wconf 62' lang='lat' dir='ltr'><strong>quas</strong></span> <span class='ocrx_word' id='word_1_473' title='bbox 1867 3679 2091 3726; x_wconf 82' lang='lat' dir='ltr'><strong>sanctos</strong></span> <span class='ocrx_word' id='word_1_474' title='bbox 2119 3671 2268 3725; x_wconf 77' lang='lat' dir='ltr'><strong>viros</strong></span> <span class='ocrx_word' id='word_1_475' title='bbox 2293 3682 2564 3725; x_wconf 53' lang='lat' dir='ltr'><strong>veneratae</strong></span> <span class='ocrx_word' id='word_1_476' title='bbox 2592 3679 2745 3733; x_wconf 89' lang='lat' dir='ltr'><strong>sunt,</strong></span> <span class='ocrx_word' id='word_1_477' title='bbox 2769 3669 2969 3739; x_wconf 85' lang='lat' dir='ltr'><strong>quibus</strong></span> <span class='ocrx_word' id='word_1_478' title='bbox 3029 3677 3220 3725; x_wconf 87' lang='lat' dir='ltr'><strong>contra</strong></span> <span class='ocrx_word' id='word_1_479' title='bbox 3281 3664 3531 3747; x_wconf 25' lang='lat' dir='ltr'><strong>maligni.</strong></span> 
     </span>
    </p>
   </div>
   <div class='ocr_carea' id='block_1_68' title="bbox 260 3758 3511 3834">
    <p class='ocr_par' dir='ltr' id='par_1_68' title="bbox 260 3758 3511 3834">
     <span class='ocr_line' id='line_1_68' title="bbox 260 3758 3511 3834; baseline -0.001 -18"><span class='ocrx_word' id='word_1_480' title='bbox 260 3760 517 3816; x_wconf 89' lang='lat' dir='ltr'><strong>homines</strong></span> <span class='ocrx_word' id='word_1_481' title='bbox 585 3759 1011 3815; x_wconf 84' lang='lat' dir='ltr'><strong>innumerabilia</strong></span> <span class='ocrx_word' id='word_1_482' title='bbox 1052 3758 1354 3813; x_wconf 86' lang='lat' dir='ltr'><strong>intulerunt</strong></span> <span class='ocrx_word' id='word_1_483' title='bbox 1403 3760 1565 3813; x_wconf 89' lang='lat' dir='ltr'><strong>mala.</strong></span> <span class='ocrx_word' id='word_1_484' title='bbox 1628 3760 1781 3817; x_wconf 80' lang='lat' dir='ltr'><strong>Ferae</strong></span> <span class='ocrx_word' id='word_1_485' title='bbox 1840 3770 2102 3834; x_wconf 60' lang='lat' dir='ltr'><strong>praterea</strong></span> <span class='ocrx_word' id='word_1_486' title='bbox 2134 3766 2320 3830; x_wconf 88' lang='lat' dir='ltr'><strong>aperte</strong></span> <span class='ocrx_word' id='word_1_487' title='bbox 2341 3775 2404 3814; x_wconf 91' lang='lat' dir='ltr'><strong>ac</strong></span> <span class='ocrx_word' id='word_1_488' title='bbox 2428 3759 2603 3830; x_wconf 87' lang='lat' dir='ltr'><strong>palam</strong></span> <span class='ocrx_word' id='word_1_489' title='bbox 2635 3758 3021 3831; x_wconf 79' lang='lat' dir='ltr'><strong>malignitatem</strong></span> <span class='ocrx_word' id='word_1_490' title='bbox 3054 3773 3209 3814; x_wconf 88' lang='lat' dir='ltr'><strong>suam</strong></span> <span class='ocrx_word' id='word_1_491' title='bbox 3231 3763 3511 3814; x_wconf 78' lang='lat' dir='ltr'><strong>exercent.</strong></span> 
     </span>
    </p>
   </div>
   <div class='ocr_carea' id='block_1_69' title="bbox 260 3852 3508 3927">
    <p class='ocr_par' dir='ltr' id='par_1_69' title="bbox 260 3852 3508 3927">
     <span class='ocr_line' id='line_1_69' title="bbox 260 3852 3508 3927; baseline -0.001 -16"><span class='ocrx_word' id='word_1_492' title='bbox 260 3869 431 3927; x_wconf 81' lang='lat' dir='ltr'><strong>atque</strong></span> <span class='ocrx_word' id='word_1_493' title='bbox 460 3864 526 3910; x_wconf 85' lang='lat' dir='ltr'><strong>ut</strong></span> <span class='ocrx_word' id='word_1_494' title='bbox 555 3856 632 3912; x_wconf 84' lang='lat' dir='ltr'><strong>ita</strong></span> <span class='ocrx_word' id='word_1_495' title='bbox 667 3856 842 3911; x_wconf 82' lang='lat' dir='ltr'><strong>dicam</strong></span> <span class='ocrx_word' id='word_1_496' title='bbox 869 3897 885 3922; x_wconf 85' lang='lat'><strong>,</strong></span> <span class='ocrx_word' id='word_1_497' title='bbox 931 3857 1196 3927; x_wconf 85' lang='lat' dir='ltr'><strong>ingenue:</strong></span> <span class='ocrx_word' id='word_1_498' title='bbox 1232 3856 1485 3914; x_wconf 86' lang='lat' dir='ltr'><strong>homines</strong></span> <span class='ocrx_word' id='word_1_499' title='bbox 1524 3872 1655 3913; x_wconf 79' lang='lat' dir='ltr'><strong>vero</strong></span> <span class='ocrx_word' id='word_1_500' title='bbox 1700 3861 1838 3915; x_wconf 82' lang='lat' dir='ltr'><strong>clam</strong></span> <span class='ocrx_word' id='word_1_501' title='bbox 1883 3857 1937 3911; x_wconf 92' lang='lat' dir='ltr'><strong>id</strong></span> <span class='ocrx_word' id='word_1_502' title='bbox 1966 3855 2196 3922; x_wconf 79' lang='lat' dir='ltr'><strong>faciunt,</strong></span> <span class='ocrx_word' id='word_1_503' title='bbox 2227 3861 2390 3925; x_wconf 87' lang='lat' dir='ltr'><strong>atque</strong></span> <span class='ocrx_word' id='word_1_504' title='bbox 2434 3855 2487 3909; x_wconf 91' lang='lat' dir='ltr'><strong>in</strong></span> <span class='ocrx_word' id='word_1_505' title='bbox 2516 3854 2750 3918; x_wconf 88' lang='lat' dir='ltr'><strong>occulto,</strong></span> <span class='ocrx_word' id='word_1_506' title='bbox 2810 3861 2864 3909; x_wconf 93' lang='lat' dir='ltr'><strong>et</strong></span> <span class='ocrx_word' id='word_1_507' title='bbox 2904 3852 3150 3909; x_wconf 82' lang='lat' dir='ltr'><strong>subdole.</strong></span> <span class='ocrx_word' id='word_1_508' title='bbox 3225 3855 3508 3910; x_wconf 65' lang='lat' dir='ltr'><strong>Daemones</strong></span> 
     </span>
    </p>
   </div>
   <div class='ocr_carea' id='block_1_70' title="bbox 259 3945 3502 4020">
    <p class='ocr_par' dir='ltr' id='par_1_70' title="bbox 259 3945 3502 4020">
     <span class='ocr_line' id='line_1_70' title="bbox 259 3945 3502 4020; baseline -0.001 -15"><span class='ocrx_word' id='word_1_509' title='bbox 259 3952 399 4005; x_wconf 85' lang='lat' dir='ltr'><strong>item</strong></span> <span class='ocrx_word' id='word_1_510' title='bbox 438 3958 629 4005; x_wconf 88' lang='lat' dir='ltr'><strong>sancto</strong></span> <span class='ocrx_word' id='word_1_511' title='bbox 681 3948 865 4003; x_wconf 83' lang='lat' dir='ltr'><strong>crucis</strong></span> <span class='ocrx_word' id='word_1_512' title='bbox 913 3948 1070 4017; x_wconf 79' lang='lat' dir='ltr'><strong>signo</strong></span> <span class='ocrx_word' id='word_1_513' title='bbox 1115 3948 1398 4018; x_wconf 80' lang='lat' dir='ltr'><strong>fugantur,</strong></span> <span class='ocrx_word' id='word_1_514' title='bbox 1446 3958 1501 4006; x_wconf 90' lang='lat' dir='ltr'><strong>et</strong></span> <span class='ocrx_word' id='word_1_515' title='bbox 1544 3950 1764 4020; x_wconf 86' lang='lat' dir='ltr'><strong>quoties</strong></span> <span class='ocrx_word' id='word_1_516' title='bbox 1797 3963 1825 4004; x_wconf 86' lang='lat' dir='ltr'><strong>a</strong></span> <span class='ocrx_word' id='word_1_517' title='bbox 1868 3950 2075 4005; x_wconf 86' lang='lat' dir='ltr'><strong>sanctis</strong></span> <span class='ocrx_word' id='word_1_518' title='bbox 2136 3947 2270 4003; x_wconf 80' lang='lat' dir='ltr'><strong>viris</strong></span> <span class='ocrx_word' id='word_1_519' title='bbox 2326 3946 2593 4016; x_wconf 89' lang='lat' dir='ltr'><strong>increpati</strong></span> <span class='ocrx_word' id='word_1_520' title='bbox 2643 3945 2878 4011; x_wconf 80' lang='lat' dir='ltr'><strong>fuerint,</strong></span> <span class='ocrx_word' id='word_1_521' title='bbox 2944 3946 3213 4002; x_wconf 84' lang='lat' dir='ltr'><strong>secedunt</strong></span> <span class='ocrx_word' id='word_1_522' title='bbox 3253 3965 3269 4002; x_wconf 87' lang='lat'><strong>:</strong></span> <span class='ocrx_word' id='word_1_523' title='bbox 3336 3949 3502 4005; x_wconf 85' lang='lat' dir='ltr'><strong>homo</strong></span> 
     </span>
    </p>
   </div>
   <div class='ocr_carea' id='block_1_71' title="bbox 259 4037 3515 4116">
    <p class='ocr_par' dir='ltr' id='par_1_71' title="bbox 259 4037 3515 4116">
     <span class='ocr_line' id='line_1_71' title="bbox 259 4037 3515 4116; baseline 0 -22"><span class='ocrx_word' id='word_1_524' title='bbox 259 4058 399 4096; x_wconf 75' lang='lat' dir='ltr'><strong>vero</strong></span> <span class='ocrx_word' id='word_1_525' title='bbox 438 4040 709 4111; x_wconf 78' lang='lat' dir='ltr'><strong>malignus</strong></span> <span class='ocrx_word' id='word_1_526' title='bbox 759 4039 863 4110; x_wconf 88' lang='lat' dir='ltr'><strong>ipsi</strong></span> <span class='ocrx_word' id='word_1_527' title='bbox 912 4043 1076 4096; x_wconf 88' lang='lat' dir='ltr'><strong>etiam</strong></span> <span class='ocrx_word' id='word_1_528' title='bbox 1132 4041 1246 4097; x_wconf 85' lang='lat' dir='ltr'><strong>Deo</strong></span> <span class='ocrx_word' id='word_1_529' title='bbox 1293 4041 1641 4097; x_wconf 86' lang='lat' dir='ltr'><strong>adversatur.</strong></span> <span class='ocrx_word' id='word_1_530' title='bbox 1690 4040 1824 4094; x_wconf 76' lang='lat' dir='ltr'><strong>Nam</strong></span> <span class='ocrx_word' id='word_1_531' title='bbox 1855 4056 1979 4095; x_wconf 92' lang='lat' dir='ltr'><strong>cum</strong></span> <span class='ocrx_word' id='word_1_532' title='bbox 2009 4040 2201 4110; x_wconf 86' lang='lat' dir='ltr'><strong>jubeat</strong></span> <span class='ocrx_word' id='word_1_533' title='bbox 2232 4039 2373 4095; x_wconf 82' lang='lat' dir='ltr'><strong>Deus</strong></span> <span class='ocrx_word' id='word_1_534' title='bbox 2399 4037 2651 4093; x_wconf 84' lang='lat' dir='ltr'><strong>inimicos</strong></span> <span class='ocrx_word' id='word_1_535' title='bbox 2673 4038 2838 4092; x_wconf 88' lang='lat' dir='ltr'><strong>etiam</strong></span> <span class='ocrx_word' id='word_1_536' title='bbox 2871 4039 3069 4104; x_wconf 80' lang='lat' dir='ltr'><strong>amari,</strong></span> <span class='ocrx_word' id='word_1_537' title='bbox 3138 4040 3232 4095; x_wconf 82' lang='lat' dir='ltr'><strong>ille</strong></span> <span class='ocrx_word' id='word_1_538' title='bbox 3273 4049 3515 4116; x_wconf 45' lang='lat' dir='ltr'><strong>.eontra,</strong></span> 
     </span>
    </p>
   </div>
   <div class='ocr_carea' id='block_1_72' title="bbox 260 4128 3511 4204">
    <p class='ocr_par' dir='ltr' id='par_1_72' title="bbox 260 4128 3511 4204">
     <span class='ocr_line' id='line_1_72' title="bbox 260 4128 3511 4204; baseline -0.001 -16"><span class='ocrx_word' id='word_1_539' title='bbox 260 4151 375 4196; x_wconf 77' lang='lat' dir='ltr'><strong>non</strong></span> <span class='ocrx_word' id='word_1_540' title='bbox 402 4135 655 4188; x_wconf 89' lang='lat' dir='ltr'><strong>inimicos</strong></span> <span class='ocrx_word' id='word_1_541' title='bbox 685 4142 920 4200; x_wconf 88' lang='lat' dir='ltr'><strong>tantum,</strong></span> <span class='ocrx_word' id='word_1_542' title='bbox 946 4135 1041 4191; x_wconf 85' lang='lat' dir='ltr'><strong>sed</strong></span> <span class='ocrx_word' id='word_1_543' title='bbox 1071 4134 1222 4204; x_wconf 85' lang='lat' dir='ltr'><strong>ipsos</strong></span> <span class='ocrx_word' id='word_1_544' title='bbox 1255 4135 1419 4191; x_wconf 90' lang='lat' dir='ltr'><strong>etiam</strong></span> <span class='ocrx_word' id='word_1_545' title='bbox 1451 4134 1828 4191; x_wconf 82' lang='lat' dir='ltr'><strong>benefactores</strong></span> <span class='ocrx_word' id='word_1_546' title='bbox 1865 4134 2002 4189; x_wconf 86' lang='lat' dir='ltr'><strong>odit.</strong></span> <span class='ocrx_word' id='word_1_547' title='bbox 2055 4133 2256 4188; x_wconf 78' lang='lat' dir='ltr'><strong>Beatus</strong></span> <span class='ocrx_word' id='word_1_548' title='bbox 2331 4132 2497 4186; x_wconf 86' lang='lat' dir='ltr'><strong>etiam</strong></span> <span class='ocrx_word' id='word_1_549' title='bbox 2552 4128 2761 4185; x_wconf 81' lang='lat' dir='ltr'><strong>Paulus</strong></span> <span class='ocrx_word' id='word_1_550' title='bbox 2830 4130 2948 4187; x_wconf 81' lang='lat' dir='ltr'><strong>solo</strong></span> <span class='ocrx_word' id='word_1_551' title='bbox 3006 4131 3174 4187; x_wconf 78' lang='lat' dir='ltr'><strong>verbo</strong></span> <span class='ocrx_word' id='word_1_552' title='bbox 3234 4131 3511 4189; x_wconf 75' lang='lat' dir='ltr'><strong>daenwnes</strong></span> 
     </span>
    </p>
   </div>
   <div class='ocr_carea' id='block_1_73' title="bbox 259 4223 3504 4300">
    <p class='ocr_par' dir='ltr' id='par_1_73' title="bbox 259 4223 3504 4300">
     <span class='ocr_line' id='line_1_73' title="bbox 259 4223 3504 4300; baseline 0 -19"><span class='ocrx_word' id='word_1_553' title='bbox 259 4227 512 4295; x_wconf 79' lang='lat' dir='ltr'><strong>expulit:</strong></span> <span class='ocrx_word' id='word_1_554' title='bbox 540 4228 838 4284; x_wconf 80' lang='lat' dir='ltr'><strong>Alexandri</strong></span> <span class='ocrx_word' id='word_1_555' title='bbox 866 4237 1046 4284; x_wconf 84' lang='lat' dir='ltr'><strong>autem</strong></span> <span class='ocrx_word' id='word_1_556' title='bbox 1078 4228 1219 4284; x_wconf 80' lang='lat' dir='ltr'><strong>iabri</strong></span> <span class='ocrx_word' id='word_1_557' title='bbox 1254 4229 1647 4300; x_wconf 84' lang='lat' dir='ltr'><strong>malignitatem</strong></span> <span class='ocrx_word' id='word_1_558' title='bbox 1672 4241 1935 4300; x_wconf 86' lang='lat' dir='ltr'><strong>superare</strong></span> <span class='ocrx_word' id='word_1_559' title='bbox 1973 4242 2084 4285; x_wconf 87' lang='lat' dir='ltr'><strong>non</strong></span> <span class='ocrx_word' id='word_1_560' title='bbox 2122 4223 2341 4297; x_wconf 91' lang='lat' dir='ltr'><strong>potuit.)</strong></span> <span class='ocrx_word' id='word_1_561' title='bbox 2400 4224 2603 4279; x_wconf 81' lang='lat' dir='ltr'><strong>Deinde</strong></span> <span class='ocrx_word' id='word_1_562' title='bbox 2662 4224 2906 4279; x_wconf 88' lang='lat' dir='ltr'><strong>declarat</strong></span> <span class='ocrx_word' id='word_1_563' title='bbox 2977 4239 3266 4293; x_wconf 86' lang='lat' dir='ltr'><strong>quemnam</strong></span> <span class='ocrx_word' id='word_1_564' title='bbox 3334 4226 3504 4282; x_wconf 11' lang='lat' dir='ltr'><strong>ndicat</strong></span> 
     </span>
    </p>
   </div>
   <div class='ocr_carea' id='block_1_74' title="bbox 263 4318 587 4374">
    <p class='ocr_par' dir='ltr' id='par_1_74' title="bbox 263 4318 587 4374">
     <span class='ocr_line' id='line_1_74' title="bbox 263 4318 587 4374; baseline 0.009 -3"><span class='ocrx_word' id='word_1_565' title='bbox 263 4318 587 4374; x_wconf 77' lang='lat' dir='ltr'><strong>Inaliunum.</strong></span> 
     </span>
    </p>
   </div>
   <div class='ocr_carea' id='block_1_75' title="bbox 350 4336 1834 4483">
    <p class='ocr_par' dir='ltr' id='par_1_75' title="bbox 350 4336 1834 4483">
     <span class='ocr_line' id='line_1_75' title="bbox 350 4336 587 4374; baseline 0.021 -5"><span class='ocrx_word' id='word_1_566' title='bbox 350 4336 394 4370; x_wconf 74' lang='lat' dir='ltr'><strong>ill</strong></span> <span class='ocrx_word' id='word_1_567' title='bbox 437 4336 587 4374; x_wconf 81' lang='lat' dir='ltr'><strong>num.</strong></span> 
     </span>
     <span class='ocr_line' id='line_1_76' title="bbox 350 4336 1834 4483; baseline 0.001 -20"><span class='ocrx_word' id='word_1_568' title='bbox 350 4336 492 4465; x_wconf 62' lang='lat' dir='ltr'><strong>’Agzzd</strong></span> <span class='ocrx_word' id='word_1_569' title='bbox 546 4408 768 4479; x_wconf 81' lang='grc' dir='ltr'><strong>ἀνδρὸς</strong></span> <span class='ocrx_word' id='word_1_570' title='bbox 815 4409 1026 4465; x_wconf 80' lang='grc' dir='ltr'><strong>ἀδίκου</strong></span> <span class='ocrx_word' id='word_1_571' title='bbox 1086 4411 1273 4478; x_wconf 80' lang='grc' dir='ltr'><strong>ῥῦσαι</strong></span> <span class='ocrx_word' id='word_1_572' title='bbox 1325 4428 1422 4479; x_wconf 84' lang='grc' dir='ltr'><strong>με.</strong></span> <span class='ocrx_word' id='word_1_573' title='bbox 1487 4411 1834 4483; x_wconf 66' lang='grc' dir='ltr'><strong>Παρανᾶμου.</strong></span> 
     </span>
    </p>
   </div>
   <div class='ocr_carea' id='block_1_76' title="bbox 2012 4406 3515 4478">
    <p class='ocr_par' dir='ltr' id='par_1_76' title="bbox 2012 4406 3515 4478">
     <span class='ocr_line' id='line_1_77' title="bbox 2012 4406 3515 4478; baseline 0.001 -17"><span class='ocrx_word' id='word_1_574' title='bbox 2012 4407 2052 4461; x_wconf 84' lang='grc' dir='ltr'><em>Α</em></span> <span class='ocrx_word' id='word_1_575' title='bbox 2090 4409 2201 4463; x_wconf 79' lang='lat' dir='ltr'><strong>viro</strong></span> <span class='ocrx_word' id='word_1_576' title='bbox 2245 4407 2443 4477; x_wconf 79' lang='lat' dir='ltr'><strong>injuslo</strong></span> <span class='ocrx_word' id='word_1_577' title='bbox 2490 4407 2628 4476; x_wconf 81' lang='lat' dir='ltr'><strong>eripe</strong></span> <span class='ocrx_word' id='word_1_578' title='bbox 2675 4422 2781 4461; x_wconf 77' lang='lat' dir='ltr'><strong>me.</strong></span> <span class='ocrx_word' id='word_1_579' title='bbox 2819 4406 2862 4459; x_wconf 76' lang='grc' dir='ltr'>Α</span> <span class='ocrx_word' id='word_1_580' title='bbox 2908 4406 3043 4476; x_wconf 81' lang='lat' dir='ltr'><strong>legis</strong></span> <span class='ocrx_word' id='word_1_581' title='bbox 3090 4414 3515 4478; x_wconf 80' lang='lat' dir='ltr'><strong>transgressore.</strong></span> 
     </span>
    </p>
   </div>
   <div class='ocr_carea' id='block_1_77' title="bbox 272 4494 1837 4570">
    <p class='ocr_par' dir='ltr' id='par_1_77' title="bbox 272 4500 1837 4570">
     <span class='ocr_line' id='line_1_78' title="bbox 272 4500 1837 4570; baseline 0.001 -18"><span class='ocrx_word' id='word_1_582' title='bbox 272 4500 435 4553; x_wconf 76' lang='grc' dir='ltr'><strong>Ἐπεὶ</strong></span> <span class='ocrx_word' id='word_1_583' title='bbox 470 4502 578 4570; x_wconf 75' lang='grc' dir='ltr'><strong>γὰρ</strong></span> <span class='ocrx_word' id='word_1_584' title='bbox 630 4500 872 4564; x_wconf 80' lang='grc' dir='ltr'><strong>τοιοῦτος</strong></span> <span class='ocrx_word' id='word_1_585' title='bbox 924 4502 1213 4570; x_wconf 81' lang='grc' dir='ltr'><strong>ἄνθρωπος</strong></span> <span class='ocrx_word' id='word_1_586' title='bbox 1251 4501 1653 4569; x_wconf 80' lang='grc' dir='ltr'><strong>δυσφύλακτος,</strong></span> <span class='ocrx_word' id='word_1_587' title='bbox 1688 4505 1837 4557; x_wconf 79' lang='grc' dir='ltr'><strong>καλεὶ</strong></span> 
     </span>
    </p>
   </div>
   <div class='ocr_carea' id='block_1_78' title="bbox 1951 4494 3515 4570">
    <p class='ocr_par' dir='ltr' id='par_1_78' title="bbox 1951 4494 3515 4567">
     <span class='ocr_line' id='line_1_79' title="bbox 1951 4494 3515 4567; baseline 0 -15"><span class='ocrx_word' id='word_1_588' title='bbox 1951 4497 2121 4553; x_wconf 81' lang='lat' dir='ltr'><strong>Vocat</strong></span> <span class='ocrx_word' id='word_1_589' title='bbox 2155 4506 2337 4552; x_wconf 90' lang='lat' dir='ltr'><strong>autem</strong></span> <span class='ocrx_word' id='word_1_590' title='bbox 2376 4496 2544 4552; x_wconf 82' lang='lat' dir='ltr'><strong>Deum</strong></span> <span class='ocrx_word' id='word_1_591' title='bbox 2591 4496 2865 4566; x_wconf 83' lang='lat' dir='ltr'><strong>Pmpheta</strong></span> <span class='ocrx_word' id='word_1_592' title='bbox 2902 4496 2956 4551; x_wconf 92' lang='lat' dir='ltr'><strong>in</strong></span> <span class='ocrx_word' id='word_1_593' title='bbox 2990 4494 3320 4566; x_wconf 86' lang='lat' dir='ltr'><strong>adjutorium</strong></span> <span class='ocrx_word' id='word_1_594' title='bbox 3342 4535 3357 4561; x_wconf 88' lang='lat'><strong>,</strong></span> <span class='ocrx_word' id='word_1_595' title='bbox 3386 4498 3515 4567; x_wconf 86' lang='lat' dir='ltr'><strong>quia</strong></span> 
     </span>
    </p>
   </div>
   <div class='ocr_carea' id='block_1_79' title="bbox 258 4592 1830 4664">
    <p class='ocr_par' dir='ltr' id='par_1_79' title="bbox 258 4592 1830 4664">
     <span class='ocr_line' id='line_1_80' title="bbox 258 4592 1830 4664; baseline -0.003 -17"><span class='ocrx_word' id='word_1_596' title='bbox 258 4595 359 4647; x_wconf 79' lang='grc' dir='ltr'><strong>τὸν</strong></span> <span class='ocrx_word' id='word_1_597' title='bbox 423 4592 556 4646; x_wconf 80' lang='grc' dir='ltr'><strong>Θεὸν</strong></span> <span class='ocrx_word' id='word_1_598' title='bbox 620 4594 700 4655; x_wconf 74' lang='grc' dir='ltr'><strong>εἰς</strong></span> <span class='ocrx_word' id='word_1_599' title='bbox 756 4593 1108 4664; x_wconf 65' lang='grc' dir='ltr'><strong>ἐπικουρίαν·</strong></span> <span class='ocrx_word' id='word_1_600' title='bbox 1173 4592 1408 4663; x_wconf 82' lang='grc' dir='ltr'><strong>ζήτησον</strong></span> <span class='ocrx_word' id='word_1_601' title='bbox 1474 4594 1567 4646; x_wconf 82' lang='grc' dir='ltr'><strong>καὶ</strong></span> <span class='ocrx_word' id='word_1_602' title='bbox 1627 4595 1682 4646; x_wconf 72' lang='grc' dir='ltr'><strong>ἐν</strong></span> <span class='ocrx_word' id='word_1_603' title='bbox 1751 4594 1830 4661; x_wconf 82' lang='grc' dir='ltr'>τῷ</span> 
     </span>
    </p>
   </div>
   <div class='ocr_carea' id='block_1_80' title="bbox 263 4683 1828 4757">
    <p class='ocr_par' dir='ltr' id='par_1_80' title="bbox 263 4683 1828 4757">
     <span class='ocr_line' id='line_1_81' title="bbox 263 4683 1828 4757; baseline -0.012 -1"><span class='ocrx_word' id='word_1_604' title='bbox 263 4685 357 4755; x_wconf 74' lang='grc' dir='ltr'><strong>μβ¹</strong></span> <span class='ocrx_word' id='word_1_605' title='bbox 385 4684 586 4755; x_wconf 74' lang='grc' dir='ltr'>ψαλμῷ</span> <span class='ocrx_word' id='word_1_606' title='bbox 613 4685 711 4755; x_wconf 81' lang='grc' dir='ltr'><strong>τὴν</strong></span> <span class='ocrx_word' id='word_1_607' title='bbox 742 4684 1004 4757; x_wconf 72' lang='grc' dir='ltr'><strong>ἐξήγησιν</strong></span> <span class='ocrx_word' id='word_1_608' title='bbox 1035 4683 1154 4749; x_wconf 77' lang='grc' dir='ltr'><strong>τοῦ,</strong></span> <span class='ocrx_word' id='word_1_609' title='bbox 1185 4684 1328 4740; x_wconf 75' lang='grc' dir='ltr'><strong>Ἀπὸ</strong></span> <span class='ocrx_word' id='word_1_610' title='bbox 1351 4684 1571 4753; x_wconf 79' lang='grc' dir='ltr'><strong>ἀνδρὸς</strong></span> <span class='ocrx_word' id='word_1_611' title='bbox 1593 4685 1828 4747; x_wconf 78' lang='grc' dir='ltr'><strong>ἀδίκου,</strong></span> 
     </span>
    </p>
   </div>
   <div class='ocr_carea' id='block_1_81' title="bbox 259 4775 1834 4848">
    <p class='ocr_par' dir='ltr' id='par_1_81' title="bbox 259 4775 1834 4848">
     <span class='ocr_line' id='line_1_82' title="bbox 259 4775 1834 4848; baseline -0.003 -15"><span class='ocrx_word' id='word_1_612' title='bbox 259 4779 365 4833; x_wconf 72' lang='grc' dir='ltr'><strong>καὶ</strong></span> <span class='ocrx_word' id='word_1_613' title='bbox 423 4779 630 4834; x_wconf 67' lang='grc' dir='ltr'><strong>δολίου</strong></span> <span class='ocrx_word' id='word_1_614' title='bbox 675 4777 863 4845; x_wconf 77' lang='grc' dir='ltr'><strong>ρύσαι</strong></span> <span class='ocrx_word' id='word_1_615' title='bbox 905 4792 1002 4846; x_wconf 79' lang='grc' dir='ltr'><strong>με.</strong></span> <span class='ocrx_word' id='word_1_616' title='bbox 1050 4775 1139 4829; x_wconf 85' lang='grc' dir='ltr'><strong>Ἐν</strong></span> <span class='ocrx_word' id='word_1_617' title='bbox 1193 4777 1271 4848; x_wconf 82' lang='grc' dir='ltr'><strong>τῷ</strong></span> <span class='ocrx_word' id='word_1_618' title='bbox 1328 4776 1654 4847; x_wconf 78' lang='grc' dir='ltr'><strong>προλαϐόντι</strong></span> <span class='ocrx_word' id='word_1_619' title='bbox 1702 4775 1834 4844; x_wconf 81' lang='grc' dir='ltr'><strong>γοῦν</strong></span> 
     </span>
    </p>
   </div>
   <div class='ocr_carea' id='block_1_82' title="bbox 255 4854 1835 4941">
    <p class='ocr_par' dir='ltr' id='par_1_82' title="bbox 255 4854 1835 4941">
     <span class='ocr_line' id='line_1_83' title="bbox 255 4854 1835 4941; baseline -0.003 -17"><span class='ocrx_word' id='word_1_620' title='bbox 255 4870 468 4941; x_wconf 56' lang='grc' dir='ltr'><strong>ψαλμῷ</strong></span> <span class='ocrx_word' id='word_1_621' title='bbox 519 4870 724 4933; x_wconf 62' lang='grc' dir='ltr'><strong>εἰπών·</strong></span> <span class='ocrx_word' id='word_1_622' title='bbox 754 4868 1009 4939; x_wconf 74' lang='grc' dir='ltr'><strong>Ἀνδρος</strong></span> <span class='ocrx_word' id='word_1_623' title='bbox 1067 4854 1350 4937; x_wconf 70' lang='grc' dir='ltr'><strong>αἱμάτων,</strong></span> <span class='ocrx_word' id='word_1_624' title='bbox 1390 4869 1708 4922; x_wconf 72' lang='grc' dir='ltr'><strong>ἐκκλίνατε</strong></span> <span class='ocrx_word' id='word_1_625' title='bbox 1733 4868 1835 4922; x_wconf 76' lang='grc' dir='ltr'><strong>ἀπ’</strong></span> 
     </span>
    </p>
   </div>
   <div class='ocr_carea' id='block_1_83' title="bbox 258 4961 1828 5033">
    <p class='ocr_par' dir='ltr' id='par_1_83' title="bbox 258 4961 1828 5033">
     <span class='ocr_line' id='line_1_84' title="bbox 258 4961 1828 5033; baseline -0.002 -15"><span class='ocrx_word' id='word_1_626' title='bbox 258 4963 414 5033; x_wconf 80' lang='grc' dir='ltr'><strong>ἐμοῦ</strong></span> <span class='ocrx_word' id='word_1_627' title='bbox 440 4978 456 4993; x_wconf 73' lang='grc' dir='ltr'><strong><em>ο</em></strong></span> <span class='ocrx_word' id='word_1_628' title='bbox 511 4964 570 5015; x_wconf 74' lang='grc' dir='ltr'><strong>ὲν</strong></span> <span class='ocrx_word' id='word_1_629' title='bbox 596 4961 673 5031; x_wconf 82' lang='grc' dir='ltr'><strong>τῷ</strong></span> <span class='ocrx_word' id='word_1_630' title='bbox 717 4966 770 5026; x_wconf 83' lang='grc' dir='ltr'><em>ς’</em></span> <span class='ocrx_word' id='word_1_631' title='bbox 827 4961 882 5014; x_wconf 84' lang='grc' dir='ltr'><strong>δὲ</strong></span> <span class='ocrx_word' id='word_1_632' title='bbox 929 4963 1128 5030; x_wconf 78' lang='grc' dir='ltr'><strong>φήσας,</strong></span> <span class='ocrx_word' id='word_1_633' title='bbox 1174 4961 1503 5029; x_wconf 73' lang='grc' dir='ltr'><strong>Ἀπόστητε</strong></span> <span class='ocrx_word' id='word_1_634' title='bbox 1536 4962 1636 5014; x_wconf 81' lang='grc' dir='ltr'><strong>ἀπ’</strong></span> <span class='ocrx_word' id='word_1_635' title='bbox 1662 4962 1828 5031; x_wconf 83' lang='grc' dir='ltr'><strong>ἐμοῦ,</strong></span> 
     </span>
    </p>
   </div>
   <div class='ocr_carea' id='block_1_84' title="bbox 260 5053 1834 5124">
    <p class='ocr_par' dir='ltr' id='par_1_84' title="bbox 260 5053 1834 5124">
     <span class='ocr_line' id='line_1_85' title="bbox 260 5053 1834 5124; baseline -0.003 -14"><span class='ocrx_word' id='word_1_636' title='bbox 260 5056 490 5122; x_wconf 66' lang='grc' dir='ltr'><strong>πάντες</strong></span> <span class='ocrx_word' id='word_1_637' title='bbox 524 5057 579 5109; x_wconf 78' lang='grc' dir='ltr'><strong>οἱ</strong></span> <span class='ocrx_word' id='word_1_638' title='bbox 621 5053 995 5124; x_wconf 71' lang='grc' dir='ltr'><strong>ἐργαζὶἴμενοι</strong></span> <span class='ocrx_word' id='word_1_639' title='bbox 1040 5053 1154 5120; x_wconf 72' lang='grc' dir='ltr'><strong>τὴν</strong></span> <span class='ocrx_word' id='word_1_640' title='bbox 1184 5053 1461 5121; x_wconf 75' lang='grc' dir='ltr'><strong>ἀνομίαν,</strong></span> <span class='ocrx_word' id='word_1_641' title='bbox 1504 5054 1599 5107; x_wconf 72' lang='grc' dir='ltr'><strong>καὶ</strong></span> <span class='ocrx_word' id='word_1_642' title='bbox 1624 5054 1834 5107; x_wconf 81' lang='grc' dir='ltr'><strong>οἴκοθεν</strong></span> 
     </span>
    </p>
   </div>
   <div class='ocr_carea' id='block_1_85' title="bbox 262 5145 1837 5218">
    <p class='ocr_par' dir='ltr' id='par_1_85' title="bbox 262 5145 1837 5218">
     <span class='ocr_line' id='line_1_86' title="bbox 262 5145 1837 5218; baseline -0.003 -15"><span class='ocrx_word' id='word_1_643' title='bbox 262 5147 648 5218; x_wconf 79' lang='grc' dir='ltr'><strong>ἀποστραφεὶς</strong></span> <span class='ocrx_word' id='word_1_644' title='bbox 696 5148 790 5201; x_wconf 77' lang='grc' dir='ltr'><strong>καὶ</strong></span> <span class='ocrx_word' id='word_1_645' title='bbox 841 5145 1028 5214; x_wconf 83' lang='grc' dir='ltr'><strong>φυγὼν</strong></span> <span class='ocrx_word' id='word_1_646' title='bbox 1062 5147 1281 5207; x_wconf 81' lang='grc' dir='ltr'><strong>αὐτοὺς,</strong></span> <span class='ocrx_word' id='word_1_647' title='bbox 1326 5145 1421 5197; x_wconf 78' lang='grc' dir='ltr'><strong>νῦν</strong></span> <span class='ocrx_word' id='word_1_648' title='bbox 1452 5147 1546 5197; x_wconf 73' lang='grc' dir='ltr'><strong>καὶ</strong></span> <span class='ocrx_word' id='word_1_649' title='bbox 1582 5145 1674 5198; x_wconf 81' lang='grc' dir='ltr'><strong>τὺν</strong></span> <span class='ocrx_word' id='word_1_650' title='bbox 1704 5146 1837 5203; x_wconf 77' lang='grc' dir='ltr'><strong>Θεὸν</strong></span> 
     </span>
    </p>
   </div>
   <div class='ocr_carea' id='block_1_86' title="bbox 265 5220 1839 5307">
    <p class='ocr_par' dir='ltr' id='par_1_86' title="bbox 265 5220 1839 5307">
     <span class='ocr_line' id='line_1_87' title="bbox 265 5220 1839 5307; baseline -0.001 -16"><span class='ocrx_word' id='word_1_651' title='bbox 265 5220 613 5296; x_wconf 65' lang='grc' dir='ltr'><strong>ὲπικαλεῐιαι</strong></span> <span class='ocrx_word' id='word_1_652' title='bbox 666 5237 967 5307; x_wconf 65' lang='grc' dir='ltr'><strong>συνεργόν*</strong></span> <span class='ocrx_word' id='word_1_653' title='bbox 1025 5236 1135 5307; x_wconf 82' lang='grc' dir='ltr'><strong>χρὴ</strong></span> <span class='ocrx_word' id='word_1_654' title='bbox 1182 5236 1291 5306; x_wconf 85' lang='grc' dir='ltr'><strong>γὰρ</strong></span> <span class='ocrx_word' id='word_1_655' title='bbox 1319 5236 1552 5288; x_wconf 71' lang='grc' dir='ltr'><strong>ἕκαστον</strong></span> <span class='ocrx_word' id='word_1_656' title='bbox 1596 5235 1656 5289; x_wconf 83' lang='grc' dir='ltr'><strong>τό</strong></span> <span class='ocrx_word' id='word_1_657' title='bbox 1710 5237 1839 5303; x_wconf 83' lang='grc' dir='ltr'><strong>παρ’</strong></span> 
     </span>
    </p>
   </div>
   <div class='ocr_carea' id='block_1_87' title="bbox 267 5324 1840 5399">
    <p class='ocr_par' dir='ltr' id='par_1_87' title="bbox 267 5324 1840 5399">
     <span class='ocr_line' id='line_1_88' title="bbox 267 5324 1840 5399; baseline -0.001 -17"><span class='ocrx_word' id='word_1_658' title='bbox 267 5329 470 5383; x_wconf 77' lang='grc' dir='ltr'><strong>ἑαυτοῦ</strong></span> <span class='ocrx_word' id='word_1_659' title='bbox 500 5328 745 5396; x_wconf 75' lang='grc' dir='ltr'><strong>εἰσάγειν</strong></span> <span class='ocrx_word' id='word_1_660' title='bbox 773 5329 1058 5399; x_wconf 85' lang='grc' dir='ltr'><strong>πρότερον,</strong></span> <span class='ocrx_word' id='word_1_661' title='bbox 1097 5324 1212 5381; x_wconf 80' lang='grc' dir='ltr'><strong>εἶτα</strong></span> <span class='ocrx_word' id='word_1_662' title='bbox 1247 5331 1343 5381; x_wconf 73' lang='grc' dir='ltr'><strong>καὶ</strong></span> <span class='ocrx_word' id='word_1_663' title='bbox 1373 5328 1464 5381; x_wconf 83' lang='grc' dir='ltr'><strong>τὸν</strong></span> <span class='ocrx_word' id='word_1_664' title='bbox 1499 5327 1630 5381; x_wconf 73' lang='grc' dir='ltr'><strong>Θεὸν</strong></span> <span class='ocrx_word' id='word_1_665' title='bbox 1663 5346 1840 5398; x_wconf 79' lang='grc' dir='ltr'><strong>παρα-</strong></span> 
     </span>
    </p>
   </div>
   <div class='ocr_carea' id='block_1_88' title="bbox 267 5421 1837 5496">
    <p class='ocr_par' dir='ltr' id='par_1_88' title="bbox 267 5421 1837 5496">
     <span class='ocr_line' id='line_1_89' title="bbox 267 5421 1837 5496; baseline -0.003 -16"><span class='ocrx_word' id='word_1_666' title='bbox 267 5425 478 5480; x_wconf 80' lang='grc' dir='ltr'><strong>καλεῖν.</strong></span> <span class='ocrx_word' id='word_1_667' title='bbox 511 5423 650 5477; x_wconf 80' lang='grc' dir='ltr'><strong>υΰτε</strong></span> <span class='ocrx_word' id='word_1_668' title='bbox 691 5426 801 5496; x_wconf 82' lang='grc' dir='ltr'><strong>γὰρ</strong></span> <span class='ocrx_word' id='word_1_669' title='bbox 831 5426 858 5477; x_wconf 77' lang='grc' dir='ltr'><strong><em>ὁ</em></strong></span> <span class='ocrx_word' id='word_1_670' title='bbox 888 5423 1019 5486; x_wconf 77' lang='grc' dir='ltr'><strong>Θεὸς</strong></span> <span class='ocrx_word' id='word_1_671' title='bbox 1051 5425 1305 5493; x_wconf 83' lang='grc' dir='ltr'><strong>συνεργεῖ</strong></span> <span class='ocrx_word' id='word_1_672' title='bbox 1339 5439 1432 5475; x_wconf 88' lang='grc' dir='ltr'><strong>σου</strong></span> <span class='ocrx_word' id='word_1_673' title='bbox 1491 5422 1568 5492; x_wconf 81' lang='grc' dir='ltr'><strong>μὴ</strong></span> <span class='ocrx_word' id='word_1_674' title='bbox 1599 5421 1837 5479; x_wconf 79' lang='grc' dir='ltr'><strong>σπουδᾶ-</strong></span> 
     </span>
    </p>
   </div>
   <div class='ocr_carea' id='block_1_89' title="bbox 267 5514 1836 5587">
    <p class='ocr_par' dir='ltr' id='par_1_89' title="bbox 267 5514 1836 5587">
     <span class='ocr_line' id='line_1_90' title="bbox 267 5514 1836 5587; baseline -0.001 -17"><span class='ocrx_word' id='word_1_675' title='bbox 267 5517 476 5582; x_wconf 74' lang='grc' dir='ltr'><strong>ζοντος.</strong></span> <span class='ocrx_word' id='word_1_676' title='bbox 522 5514 645 5569; x_wconf 72' lang='grc' dir='ltr'><strong>οὔτε</strong></span> <span class='ocrx_word' id='word_1_677' title='bbox 688 5518 752 5570; x_wconf 79' lang='grc' dir='ltr'><strong>σὺ</strong></span> <span class='ocrx_word' id='word_1_678' title='bbox 808 5514 1133 5580; x_wconf 75' lang='grc' dir='ltr'><strong>σπουδάζων</strong></span> <span class='ocrx_word' id='word_1_679' title='bbox 1184 5516 1428 5582; x_wconf 79' lang='grc' dir='ltr'><strong>ἀνύσεις,</strong></span> <span class='ocrx_word' id='word_1_680' title='bbox 1487 5518 1697 5571; x_wconf 79' lang='grc' dir='ltr'><strong>ἐκείνου</strong></span> <span class='ocrx_word' id='word_1_681' title='bbox 1760 5514 1836 5587; x_wconf 76' lang='grc' dir='ltr'><strong>μὴ</strong></span> 
     </span>
    </p>
   </div>
   <div class='ocr_carea' id='block_1_90' title="bbox 270 5611 779 5682">
    <p class='ocr_par' dir='ltr' id='par_1_90' title="bbox 270 5611 779 5682">
     <span class='ocr_line' id='line_1_91' title="bbox 270 5611 779 5682; baseline 0 -17"><span class='ocrx_word' id='word_1_682' title='bbox 270 5628 336 5666; x_wconf 74' lang='grc' dir='ltr'><strong>συ</strong></span> <span class='ocrx_word' id='word_1_683' title='bbox 346 5629 396 5662; x_wconf 87' lang='grc' dir='ltr'><strong>νε</strong></span> <span class='ocrx_word' id='word_1_684' title='bbox 407 5611 779 5682; x_wconf 73' lang='grc' dir='ltr'><strong>φαπτομὲνου.</strong></span> 
     </span>
    </p>
   </div>
   <div class='ocr_carea' id='block_1_91' title="bbox 341 5879 864 5944">
    <p class='ocr_par' dir='ltr' id='par_1_91' title="bbox 341 5879 864 5944">
     <span class='ocr_line' id='line_1_92' title="bbox 341 5879 864 5944; baseline -0.006 -6"><span class='ocrx_word' id='word_1_685' title='bbox 341 5884 387 5915; x_wconf 83' lang='grc'><strong><em>⁸⁸</em></strong></span> <span class='ocrx_word' id='word_1_686' title='bbox 440 5880 587 5937; x_wconf 39' lang='grc' dir='ltr'><strong>Ρνει.</strong></span> <span class='ocrx_word' id='word_1_687' title='bbox 618 5894 776 5944; x_wconf 70' lang='lat' dir='ltr'><strong>nm,</strong></span> <span class='ocrx_word' id='word_1_688' title='bbox 811 5879 864 5937; x_wconf 76' lang='lat' dir='ltr'><strong>i.</strong></span> 
     </span>
    </p>
   </div>
   <div class='ocr_carea' id='block_1_92' title="bbox 1948 4587 3513 4660">
    <p class='ocr_par' dir='ltr' id='par_1_92' title="bbox 1948 4587 3513 4660">
     <span class='ocr_line' id='line_1_93' title="bbox 1948 4587 3513 4660; baseline 0 -16"><span class='ocrx_word' id='word_1_689' title='bbox 1948 4589 2325 4645; x_wconf 73' lang='lat' dir='ltr'><strong>difﬁcillimum</strong></span> <span class='ocrx_word' id='word_1_690' title='bbox 2346 4598 2432 4647; x_wconf 83' lang='lat' dir='ltr'><strong>est</strong></span> <span class='ocrx_word' id='word_1_691' title='bbox 2461 4591 2530 4646; x_wconf 85' lang='lat' dir='ltr'><strong>ab</strong></span> <span class='ocrx_word' id='word_1_692' title='bbox 2557 4588 2936 4660; x_wconf 87' lang='lat' dir='ltr'><strong>hujuscemodi</strong></span> <span class='ocrx_word' id='word_1_693' title='bbox 2959 4600 3154 4645; x_wconf 83' lang='lat' dir='ltr'><strong>cavere</strong></span> <span class='ocrx_word' id='word_1_694' title='bbox 3179 4587 3513 4644; x_wconf 88' lang='lat' dir='ltr'><strong>hominibus.</strong></span> 
     </span>
    </p>
   </div>
   <div class='ocr_carea' id='block_1_93' title="bbox 1950 4678 3513 4751">
    <p class='ocr_par' dir='ltr' id='par_1_93' title="bbox 1950 4678 3513 4751">
     <span class='ocr_line' id='line_1_94' title="bbox 1950 4678 3513 4751; baseline 0.001 -14"><span class='ocrx_word' id='word_1_695' title='bbox 1950 4680 2087 4737; x_wconf 79' lang='lat' dir='ltr'><strong>Vide</strong></span> <span class='ocrx_word' id='word_1_696' title='bbox 2114 4683 2168 4736; x_wconf 91' lang='lat' dir='ltr'><strong>in</strong></span> <span class='ocrx_word' id='word_1_697' title='bbox 2207 4681 2419 4751; x_wconf 71' lang='lat' dir='ltr'><strong>psalmo</strong></span> <span class='ocrx_word' id='word_1_698' title='bbox 2450 4697 2561 4736; x_wconf 78' lang='lat' dir='ltr'><strong>xm</strong></span> <span class='ocrx_word' id='word_1_699' title='bbox 2593 4678 2990 4750; x_wconf 81' lang='lat' dir='ltr'><strong>expositionem</strong></span> <span class='ocrx_word' id='word_1_700' title='bbox 3029 4680 3178 4735; x_wconf 88' lang='lat' dir='ltr'><strong>illius</strong></span> <span class='ocrx_word' id='word_1_701' title='bbox 3208 4683 3467 4738; x_wconf 80' lang='lat' dir='ltr'><strong>versiculi</strong></span> <span class='ocrx_word' id='word_1_702' title='bbox 3498 4699 3513 4737; x_wconf 89' lang='lat'><strong>:</strong></span> 
     </span>
    </p>
   </div>
   <div class='ocr_carea' id='block_1_94' title="bbox 1946 4770 3517 4845">
    <p class='ocr_par' dir='ltr' id='par_1_94' title="bbox 1946 4770 3517 4845">
     <span class='ocr_line' id='line_1_95' title="bbox 1946 4770 3517 4845; baseline -0.001 -12"><span class='ocrx_word' id='word_1_703' title='bbox 1946 4774 1988 4833; x_wconf 82' lang='grc' dir='ltr'><em>Α</em></span> <span class='ocrx_word' id='word_1_704' title='bbox 2022 4776 2131 4829; x_wconf 82' lang='lat' dir='ltr'><strong>viro</strong></span> <span class='ocrx_word' id='word_1_705' title='bbox 2178 4774 2375 4844; x_wconf 79' lang='lat' dir='ltr'><strong>injuste</strong></span> <span class='ocrx_word' id='word_1_706' title='bbox 2406 4784 2453 4828; x_wconf 84' lang='lat' dir='ltr'><strong>et</strong></span> <span class='ocrx_word' id='word_1_707' title='bbox 2485 4772 2669 4828; x_wconf 79' lang='lat' dir='ltr'><strong>doloso</strong></span> <span class='ocrx_word' id='word_1_708' title='bbox 2699 4773 2841 4840; x_wconf 81' lang='lat' dir='ltr'><strong>eripe</strong></span> <span class='ocrx_word' id='word_1_709' title='bbox 2886 4788 2986 4832; x_wconf 86' lang='lat' dir='ltr'><strong>me.</strong></span> <span class='ocrx_word' id='word_1_710' title='bbox 3021 4770 3087 4827; x_wconf 89' lang='lat' dir='ltr'><strong>Et</strong></span> <span class='ocrx_word' id='word_1_711' title='bbox 3122 4789 3244 4828; x_wconf 87' lang='lat' dir='ltr'><strong>cum</strong></span> <span class='ocrx_word' id='word_1_712' title='bbox 3288 4775 3341 4829; x_wconf 92' lang='lat' dir='ltr'><strong>in</strong></span> <span class='ocrx_word' id='word_1_713' title='bbox 3376 4791 3517 4845; x_wconf 77' lang='lat' dir='ltr'><strong>prae-</strong></span> 
     </span>
    </p>
   </div>
   <div class='ocr_carea' id='block_1_95' title="bbox 1944 4864 3515 4937">
    <p class='ocr_par' dir='ltr' id='par_1_95' title="bbox 1944 4864 3515 4937">
     <span class='ocr_line' id='line_1_96' title="bbox 1944 4864 3515 4937; baseline 0.001 -15"><span class='ocrx_word' id='word_1_714' title='bbox 1944 4865 2158 4922; x_wconf 87' lang='lat' dir='ltr'><strong>cedenti</strong></span> <span class='ocrx_word' id='word_1_715' title='bbox 2192 4866 2401 4936; x_wconf 89' lang='lat' dir='ltr'><strong>psalmo</strong></span> <span class='ocrx_word' id='word_1_716' title='bbox 2441 4864 2642 4922; x_wconf 75' lang='lat' dir='ltr'><strong>dixerit</strong></span> <span class='ocrx_word' id='word_1_717' title='bbox 2682 4883 2696 4917; x_wconf 89' lang='lat'><strong>:</strong></span> <span class='ocrx_word' id='word_1_718' title='bbox 2736 4864 2853 4920; x_wconf 82' lang='lat' dir='ltr'><strong>Viri</strong></span> <span class='ocrx_word' id='word_1_719' title='bbox 2884 4866 3222 4937; x_wconf 82' lang='lat' dir='ltr'><strong>sanguinum,</strong></span> <span class='ocrx_word' id='word_1_720' title='bbox 3254 4868 3515 4924; x_wconf 69' lang='lat' dir='ltr'><strong>declinata</strong></span> 
     </span>
    </p>
   </div>
   <div class='ocr_carea' id='block_1_96' title="bbox 1946 4958 3513 5028">
    <p class='ocr_par' dir='ltr' id='par_1_96' title="bbox 1946 4958 3513 5028">
     <span class='ocr_line' id='line_1_97' title="bbox 1946 4958 3513 5028; baseline 0.001 -16"><span class='ocrx_word' id='word_1_721' title='bbox 1946 4976 1978 5012; x_wconf 91' lang='lat' dir='ltr'><strong>a</strong></span> <span class='ocrx_word' id='word_1_722' title='bbox 2006 4975 2107 5023; x_wconf 88' lang='lat' dir='ltr'><strong>me,</strong></span> <span class='ocrx_word' id='word_1_723' title='bbox 2154 4959 2281 5014; x_wconf 86' lang='lat' dir='ltr'><strong>item</strong></span> <span class='ocrx_word' id='word_1_724' title='bbox 2314 4958 2369 5012; x_wconf 91' lang='lat' dir='ltr'><strong>in</strong></span> <span class='ocrx_word' id='word_1_725' title='bbox 2416 4958 2625 5028; x_wconf 87' lang='lat' dir='ltr'><strong>psalmo</strong></span> <span class='ocrx_word' id='word_1_726' title='bbox 2657 4976 2745 5021; x_wconf 75' lang='lat' dir='ltr'><strong>xc,</strong></span> <span class='ocrx_word' id='word_1_727' title='bbox 2792 4958 3055 5014; x_wconf 78' lang='lat' dir='ltr'><strong>Discedite</strong></span> <span class='ocrx_word' id='word_1_728' title='bbox 3092 4976 3125 5012; x_wconf 93' lang='lat' dir='ltr'><strong>a</strong></span> <span class='ocrx_word' id='word_1_729' title='bbox 3174 4977 3252 5014; x_wconf 86' lang='lat' dir='ltr'><strong>me</strong></span> <span class='ocrx_word' id='word_1_730' title='bbox 3294 4976 3312 5013; x_wconf 92' lang='lat'><strong><em>:</em></strong></span> <span class='ocrx_word' id='word_1_731' title='bbox 3340 4977 3513 5015; x_wconf 77' lang='lat' dir='ltr'><strong>omnes</strong></span> 
     </span>
    </p>
   </div>
   <div class='ocr_carea' id='block_1_97' title="bbox 1944 5052 3514 5122">
    <p class='ocr_par' dir='ltr' id='par_1_97' title="bbox 1944 5052 3514 5122">
     <span class='ocr_line' id='line_1_98' title="bbox 1944 5052 3514 5122; baseline 0 -17"><span class='ocrx_word' id='word_1_732' title='bbox 1944 5053 2035 5122; x_wconf 80' lang='lat' dir='ltr'><strong>qui</strong></span> <span class='ocrx_word' id='word_1_733' title='bbox 2060 5053 2349 5121; x_wconf 84' lang='lat' dir='ltr'><strong>operamini</strong></span> <span class='ocrx_word' id='word_1_734' title='bbox 2375 5052 2730 5121; x_wconf 80' lang='lat' dir='ltr'><strong>iniquitatem,</strong></span> <span class='ocrx_word' id='word_1_735' title='bbox 2772 5060 2824 5106; x_wconf 88' lang='lat' dir='ltr'><strong>et</strong></span> <span class='ocrx_word' id='word_1_736' title='bbox 2857 5060 3051 5121; x_wconf 86' lang='lat' dir='ltr'><strong>sponte</strong></span> <span class='ocrx_word' id='word_1_737' title='bbox 3088 5067 3212 5115; x_wconf 85' lang='lat' dir='ltr'><strong>sua,</strong></span> <span class='ocrx_word' id='word_1_738' title='bbox 3244 5068 3342 5122; x_wconf 93' lang='lat' dir='ltr'><strong>pro</strong></span> <span class='ocrx_word' id='word_1_739' title='bbox 3377 5052 3514 5107; x_wconf 80' lang='lat' dir='ltr'><strong>viri-</strong></span> 
     </span>
    </p>
   </div>
   <div class='ocr_carea' id='block_1_98' title="bbox 1946 5128 3512 5208">
    <p class='ocr_par' dir='ltr' id='par_1_98' title="bbox 1946 5128 3512 5208">
     <span class='ocr_line' id='line_1_99' title="bbox 1946 5128 3512 5208; baseline 0 -12"><span class='ocrx_word' id='word_1_740' title='bbox 1946 5142 2047 5197; x_wconf 85' lang='lat' dir='ltr'><strong>bus</strong></span> <span class='ocrx_word' id='word_1_741' title='bbox 2070 5156 2129 5197; x_wconf 90' lang='lat' dir='ltr'><strong>se</strong></span> <span class='ocrx_word' id='word_1_742' title='bbox 2157 5142 2224 5196; x_wconf 88' lang='lat' dir='ltr'><strong>ab</strong></span> <span class='ocrx_word' id='word_1_743' title='bbox 2245 5141 2326 5196; x_wconf 89' lang='lat' dir='ltr'><strong>eis</strong></span> <span class='ocrx_word' id='word_1_744' title='bbox 2348 5143 2629 5202; x_wconf 83' lang='lat' dir='ltr'><strong>averterit.</strong></span> <span class='ocrx_word' id='word_1_745' title='bbox 2655 5156 2800 5195; x_wconf 91' lang='lat' dir='ltr'><strong>nunc</strong></span> <span class='ocrx_word' id='word_1_746' title='bbox 2822 5128 2991 5194; x_wconf 81' lang='lat' dir='ltr'><strong>Deum</strong></span> <span class='ocrx_word' id='word_1_747' title='bbox 3025 5139 3325 5208; x_wconf 86' lang='lat' dir='ltr'><strong>adjutorem</strong></span> <span class='ocrx_word' id='word_1_748' title='bbox 3351 5156 3512 5197; x_wconf 85' lang='lat' dir='ltr'><strong>suum</strong></span> 
     </span>
    </p>
   </div>
   <div class='ocr_carea' id='block_1_99' title="bbox 1945 5230 3511 5302">
    <p class='ocr_par' dir='ltr' id='par_1_99' title="bbox 1945 5230 3511 5302">
     <span class='ocr_line' id='line_1_100' title="bbox 1945 5230 3511 5302; baseline 0.001 -15"><span class='ocrx_word' id='word_1_749' title='bbox 1945 5236 2182 5287; x_wconf 81' lang='lat' dir='ltr'><strong>invocat.</strong></span> <span class='ocrx_word' id='word_1_750' title='bbox 2223 5230 2449 5302; x_wconf 86' lang='lat' dir='ltr'><strong>Oportet</strong></span> <span class='ocrx_word' id='word_1_751' title='bbox 2476 5232 2675 5287; x_wconf 88' lang='lat' dir='ltr'><strong>etenim</strong></span> <span class='ocrx_word' id='word_1_752' title='bbox 2702 5247 3153 5302; x_wconf 85' lang='lat' dir='ltr'><strong>unumquemque</strong></span> <span class='ocrx_word' id='word_1_753' title='bbox 3174 5242 3334 5287; x_wconf 88' lang='lat' dir='ltr'><strong>antea</strong></span> <span class='ocrx_word' id='word_1_754' title='bbox 3368 5235 3511 5288; x_wconf 72' lang='lat' dir='ltr'><strong>vires</strong></span> 
     </span>
    </p>
   </div>
   <div class='ocr_carea' id='block_1_100' title="bbox 1946 5321 3510 5391">
    <p class='ocr_par' dir='ltr' id='par_1_100' title="bbox 1946 5321 3510 5391">
     <span class='ocr_line' id='line_1_101' title="bbox 1946 5321 3510 5391; baseline -0.001 -11"><span class='ocrx_word' id='word_1_755' title='bbox 1946 5340 2078 5380; x_wconf 88' lang='lat' dir='ltr'><strong>suas</strong></span> <span class='ocrx_word' id='word_1_756' title='bbox 2131 5323 2366 5389; x_wconf 82' lang='lat' dir='ltr'><strong>adferre,</strong></span> <span class='ocrx_word' id='word_1_757' title='bbox 2408 5332 2574 5391; x_wconf 88' lang='lat' dir='ltr'><strong>atque</strong></span> <span class='ocrx_word' id='word_1_758' title='bbox 2622 5321 2699 5375; x_wconf 89' lang='lat' dir='ltr'><strong>ita</strong></span> <span class='ocrx_word' id='word_1_759' title='bbox 2752 5323 2970 5378; x_wconf 89' lang='lat' dir='ltr'><strong>demum</strong></span> <span class='ocrx_word' id='word_1_760' title='bbox 3016 5321 3185 5377; x_wconf 89' lang='lat' dir='ltr'><strong>Deum</strong></span> <span class='ocrx_word' id='word_1_761' title='bbox 3232 5324 3510 5379; x_wconf 81' lang='lat' dir='ltr'><strong>invocare.</strong></span> 
     </span>
    </p>
   </div>
   <div class='ocr_carea' id='block_1_101' title="bbox 1946 5413 3512 5487">
    <p class='ocr_par' dir='ltr' id='par_1_101' title="bbox 1946 5413 3512 5487">
     <span class='ocr_line' id='line_1_102' title="bbox 1946 5413 3512 5487; baseline -0.001 -17"><span class='ocrx_word' id='word_1_762' title='bbox 1946 5416 2137 5487; x_wconf 82' lang='lat' dir='ltr'><strong>Neque</strong></span> <span class='ocrx_word' id='word_1_763' title='bbox 2169 5416 2311 5469; x_wconf 86' lang='lat' dir='ltr'><strong>Deus</strong></span> <span class='ocrx_word' id='word_1_764' title='bbox 2343 5414 2439 5470; x_wconf 89' lang='lat' dir='ltr'><strong>tibi</strong></span> <span class='ocrx_word' id='word_1_765' title='bbox 2467 5413 2878 5483; x_wconf 88' lang='lat' dir='ltr'><strong>cooperabitur,</strong></span> <span class='ocrx_word' id='word_1_766' title='bbox 2917 5414 3021 5469; x_wconf 83' lang='lat' dir='ltr'><strong>nisi</strong></span> <span class='ocrx_word' id='word_1_767' title='bbox 3049 5422 3106 5469; x_wconf 90' lang='lat' dir='ltr'><strong>tu</strong></span> <span class='ocrx_word' id='word_1_768' title='bbox 3137 5429 3358 5485; x_wconf 89' lang='lat' dir='ltr'><strong>quoque</strong></span> <span class='ocrx_word' id='word_1_769' title='bbox 3389 5423 3512 5469; x_wconf 86' lang='lat' dir='ltr'><strong>stu-</strong></span> 
     </span>
    </p>
   </div>
   <div class='ocr_carea' id='block_1_102' title="bbox 1944 5507 3509 5578">
    <p class='ocr_par' dir='ltr' id='par_1_102' title="bbox 1944 5507 3509 5578">
     <span class='ocr_line' id='line_1_103' title="bbox 1944 5507 3509 5578; baseline -0.003 -14"><span class='ocrx_word' id='word_1_770' title='bbox 1944 5510 2094 5564; x_wconf 92' lang='lat' dir='ltr'><strong>dium</strong></span> <span class='ocrx_word' id='word_1_771' title='bbox 2129 5507 2446 5562; x_wconf 85' lang='lat' dir='ltr'><strong>adhibueris</strong></span> <span class='ocrx_word' id='word_1_772' title='bbox 2478 5516 2533 5563; x_wconf 90' lang='lat' dir='ltr'><strong>et</strong></span> <span class='ocrx_word' id='word_1_773' title='bbox 2556 5507 2890 5578; x_wconf 80' lang='lat' dir='ltr'><strong>diligentiam</strong></span> <span class='ocrx_word' id='word_1_774' title='bbox 2915 5524 2929 5561; x_wconf 90' lang='lat'><strong>:</strong></span> <span class='ocrx_word' id='word_1_775' title='bbox 2954 5508 3049 5564; x_wconf 88' lang='lat' dir='ltr'><strong>scd</strong></span> <span class='ocrx_word' id='word_1_776' title='bbox 3081 5522 3181 5562; x_wconf 92' lang='lat' dir='ltr'><strong>nec</strong></span> <span class='ocrx_word' id='word_1_777' title='bbox 3212 5516 3269 5561; x_wconf 91' lang='lat' dir='ltr'><strong>tu</strong></span> <span class='ocrx_word' id='word_1_778' title='bbox 3306 5507 3509 5574; x_wconf 87' lang='lat' dir='ltr'><strong>studio,</strong></span> 
     </span>
    </p>
   </div>
   <div class='ocr_carea' id='block_1_103' title="bbox 1943 5600 3508 5675">
    <p class='ocr_par' dir='ltr' id='par_1_103' title="bbox 1943 5600 3508 5675">
     <span class='ocr_line' id='line_1_104' title="bbox 1943 5600 3508 5675; baseline 0.001 -21"><span class='ocrx_word' id='word_1_779' title='bbox 1943 5611 2037 5655; x_wconf 87' lang='lat' dir='ltr'><strong>ant</strong></span> <span class='ocrx_word' id='word_1_780' title='bbox 2066 5602 2346 5672; x_wconf 78' lang='lat' dir='ltr'><strong>diligentia</strong></span> <span class='ocrx_word' id='word_1_781' title='bbox 2379 5615 2468 5658; x_wconf 87' lang='lat' dir='ltr'><strong>tua</strong></span> <span class='ocrx_word' id='word_1_782' title='bbox 2515 5603 2719 5673; x_wconf 89' lang='lat' dir='ltr'><strong>aliquid</strong></span> <span class='ocrx_word' id='word_1_783' title='bbox 2772 5602 3056 5675; x_wconf 77' lang='lat' dir='ltr'><strong>perﬁcies,</strong></span> <span class='ocrx_word' id='word_1_784' title='bbox 3086 5600 3188 5656; x_wconf 90' lang='lat' dir='ltr'><strong>nisi</strong></span> <span class='ocrx_word' id='word_1_785' title='bbox 3224 5600 3314 5659; x_wconf 88' lang='lat' dir='ltr'><strong>ille</strong></span> <span class='ocrx_word' id='word_1_786' title='bbox 3357 5616 3508 5666; x_wconf 73' lang='lat' dir='ltr'><strong>suam</strong></span> 
     </span>
    </p>
   </div>
   <div class='ocr_carea' id='block_1_104' title="bbox 1940 5695 2582 5766">
    <p class='ocr_par' dir='ltr' id='par_1_104' title="bbox 1940 5695 2582 5766">
     <span class='ocr_line' id='line_1_105' title="bbox 1940 5695 2582 5766; baseline 0.005 -19"><span class='ocrx_word' id='word_1_787' title='bbox 1940 5695 2035 5747; x_wconf 88' lang='lat' dir='ltr'><strong>tibi</strong></span> <span class='ocrx_word' id='word_1_788' title='bbox 2068 5710 2222 5765; x_wconf 87' lang='lat' dir='ltr'><strong>opem</strong></span> <span class='ocrx_word' id='word_1_789' title='bbox 2261 5697 2582 5766; x_wconf 76' lang='lat' dir='ltr'><strong>porrexerit.</strong></span> 
     </span>
    </p>
   </div>
  </div>
