3964 6566
335 413 479 478 Ῑξῖῦθ

1474 415 1866 478 COMMENT.
1908 414 1989 473 IN
2033 411 2394 472 PSALMOS.

3428 410 3567 474 19.70

331 529 594 598 χρυσοῦς,
666 530 743 601 τῷ
794 533 1096 604 θυμιάματι
1169 535 1370 598 ἀνεῖτο,
1433 533 1460 584 ὁ
1513 533 1572 585 δὲ
1625 529 1899 602 χαλκοῦς,

2020 526 2340 578 collocatum
2404 530 2544 576 erat.
2609 521 2669 574 Et
2714 521 2767 574 in
2799 536 2995 581 ,aureo
3027 522 3247 592 quidem
3288 523 3576 578 incensum

329 621 451 679 ταῖς
509 618 702 682 ἄλλαις
744 620 1001 685 θυσίαιςο
1064 621 1126 676 τὸ
1191 623 1249 678 δὲ
1302 621 1558 693 θυμίαμα
1605 635 1904 673 κατεσκευ-

330 709 496 772 άζετο
564 710 874 776 πολυτελῶς
933 713 1026 766 καὶ
1081 713 1363 783 καθαρῶς,
1418 713 1561 766 κατὰ
1611 712 1712 782 τὴν
1765 710 1903 780 ὑφή-

329 816 492 869 γησιν
522 801 615 853 τοῦ
655 803 843 872 νόμου,
889 806 982 858 καὶ
1012 800 1078 876 ἦν
1109 804 1501 876 εὐπρόσδεκτον
1531 805 1672 872 Θεῖ),
1699 803 1906 872 θυμιώ-

332 908 518 962 μενον,
544 893 632 947 διά.
654 911 712 946 τε
739 893 913 948 ταῦτα
947 897 1041 950 καὶ
1066 898 1141 962 ὡς
1177 898 1550 951 εὐωδέστατον
1580 897 1676 948 καὶ
1699 913 1901 966 προτυ·

329 982 470 1034 ποῠν
494 983 594 1054 τὴν
622 986 816 1057 καινὴν
843 986 1123 1058 λατρείαν.
1161 987 1599 1057 Κατευθυνθήτω
1625 983 1741 1052 οὖν,
1799 1005 1904 1058 φη·

328 1075 436 1137 διν,
487 1078 517 1145 ὴ
572 1080 851 1148 προσευχὴ
897 1097 1024 1148 μου,
1081 1081 1157 1144 ὡς
1219 1079 1499 1149 θυμίαμα,
1541 1081 1601 1133 τὸ
1655 1081 1902 1152 νομίμως

329 1165 617 1234 θυόμενον,
679 1168 711 1238 ἦ
739 1167 1110 1238 θυμιώμενον,
1152 1171 1483 1241 ὲξαφθείσης
1507 1171 1594 1224 ὲν·
1622 1172 1750 1240 ἐμοὶ
1805 1171 1904 1236 τῆς

332 1257 581 1326 καρδίας,
605 1259 681 1326 τῷ
707 1260 840 1331 πυρὶ
871 1262 970 1329 τῆς
1005 1261 1338 1331 προθυμίας,
1383 1263 1456 1324 ὼς
1487 1262 1749 1334 ἐσχάρας,
1811 1261 1905 1313 καὶ

330 1350 770 1420 ἀναπεμπούσης
819 1353 990 1423 αὐτήν
1015 1370 1028 1383 ⁸
1065 1354 1202 1408 ἀλλὰ
1245 1352 1484 1406 τοσαῦτα
1530 1355 1630 1424 μὲν
1655 1354 1784 1423 περὶ
1810 1353 1902 1406 τοῦ

330 1439 708 1512 θυμιάματος.
759 1445 1174 1518 Νενομοθὲτητο
1209 1446 1266 1498 δὲ
1318 1449 1432 1510 τοῖς
1480 1447 1721 1514 ἱερεῦσιν
1777 1448 1904 1500 ὅταν

333 1533 525 1601 μηδεὶς
555 1536 840 1606 προσφέρῃ
882 1537 1095 1602 θυσίαν,
1121 1539 1214 1592 δύο
1234 1540 1332 1610 τῆς
1360 1540 1575 1612 ἡμέρας
1601 1539 1902 1604 θυσιάζειν,

329 1625 464 1693 παρ’
492 1627 704 1679 ἑαυτῶν
729 1645 742 1658 '
806 1628 901 1680 ἕνα
934 1630 1033 1699 μὲν
1055 1631 1229 1700 ἀμνὸν
1265 1633 1502 1702 πρωίας,
1535 1631 1636 1684 ἕνα
1665 1632 1720 1685 δὲ
1745 1632 1906 1684 ἑσπέ-

333 1732 452 1784 ρας.
486 1718 595 1770 Καὶ
623 1713 762 1787 ἦσαν
790 1714 949 1774 αὗται
977 1723 1032 1774 αἱ
1065 1723 1245 1776 θυσίαι
1275 1724 1518 1796 καθαραὶ⁸
1550 1726 1646 1778 καὶ
1673 1724 1864 1778 δεκταί
1887 1742 1900 1755 ·

329 1810 437 1860 τῶν
466 1811 642 1864 ἄλλων
683 1812 947 1876 πολλάκις
983 1814 1369 1886 μολυνομένων
1402 1816 1509 1868 ἀπὸ
1537 1817 1640 1884 τῆς
1694 1833 1903 1888 προσα-

2009 617 2369 680 adolebatur;
2404 630 2614 668 muenm
2644 629 2773 668 vero
2796 613 3010 668 caneris
3037 613 3370 668 iuserviehat
3400 617 3576 669 sacri-

2011 707 2173 762 ficiis.
2238 707 2533 762 lncensum
2596 714 2864 774 prieterea
2930 705 3100 757 multa
3179 705 3580 759 conficiebatur

2007 817 2131 856 cmn
2161 801 2405 870 impensa
2425 809 2587 868 atque
2613 798 2881 853 munditia
2905 797 3054 868 j'nxta
3079 797 3210 865 legis
3238 798 3576 858 mandatum.

2007 907 2058 949 et
2091 893 2441 963 gratissimus
2478 893 2586 948 Deo
2638 907 2763 947 esse
2822 891 3106 946 videbatur
3154 891 3198 944 is
3251 906 3438 960 vapor.
3481 890 3577 958 qui

2008 987 2163 1040 illinc
2193 985 2557 1046 ascendebat.
2589 1000 2655 1039 eo
2685 984 2830 1054 quod
2865 983 3295 1037 odoratissimus
3326 991 3497 1042 esset,
3523 989 3578 1034 et

2005 1081 2131 1150 quia
2168 1095 2368 1133 novum
2410 1079 2579 1132 alium
2640 1078 2730 1132 Dei
2765 1076 2973 1130 cultum
3011 1075 3394 1145 prmsignahat.
3434 1075 3579 1126 Diri-

2008 1182 2169 1240 gatur
2201 1171 2387 1240 igitur,
2433 1169 2637 1238 inquit,
2682 1168 2860 1222 oratio
2917 1183 3036 1222 mea
3085 1181 3270 1220 coram
3339 1177 3408 1230 te,
3471 1181 3578 1218 non

2007 1280 2169 1316 secus
2201 1272 2364 1331 atque
2393 1263 2521 1316 illud
2567 1263 2736 1332 legale
2765 1263 3050 1314 incensum
3078 1260 3143 1312 ad
3187 1267 3238 1311 te.
3273 1260 3325 1312 in
3379 1259 3578 1311 corlnm

2007 1355 2260 1423 dirigitur
2290 1372 2304 1408 :
2338 1354 2538 1413 oratiu,
2577 1353 2824 1420 inquam,
2849 1365 2990 1414 mea,
3022 1365 3141 1418 qua:
3165 1350 3370 1402 ini-ensi
3406 1349 3582 1404 instar

2009 1466 2072 1504 ex
2120 1447 2284 1504 corde.
2342 1465 2462 1501 meo
2492 1457 2780 1516 crop-orat.
2814 1446 2921 1500 Cor
2969 1444 3170 1499 ctenim
3226 1460 3406 1498 mcum
3461 1444 3584 1510 igne

2008 1543 2241 1612 quodam
2324 1538 2796 1609 protuptitudiuis,
2852 1538 3015 1590 veluti
3075 1535 3252 1599 focus,
3294 1545 3454 1604 atque
3503 1535 3582 1587 al-

2007 1645 2122 1688 tare
2157 1634 2427 1700 quoddam
2460 1647 2750 1686 accensum
2769 1641 2872 1685 est.
2893 1629 3046 1684 Unda
3076 1630 3373 1684 Orationem
3405 1641 3582 1686 suam,

2007 1727 2167 1795 quasi
2219 1728 2510 1780 odoratum
2543 1725 2779 1792 aliquem
2821 1739 3077 1792 vaporem
3113 1723 3334 1777 emittit.
3373 1721 3436 1776 Et
3472 1723 3585 1776 lucc

2007 1819 2226 1886 quidem
2265 1819 2327 1870 de
2357 1817 2585 1870 incenso
2610 1816 2757 1870 dicta
2797 1815 2930 1874 sint.
2966 1814 3237 1871 Cmterum
3271 1815 3585 1870 sacerdotes

326 1903 534 1970 τὸνειτων
583 1905 896 1969 διαθέσεως.
957 1906 1019 1958 Ἢ
1056 1907 1154 1976 μέν
1214 1925 1296 1960 τοι
1352 1909 1617 1978 ἑσπερινῆ
1679 1908 1901 1980 τοιαύτη

2020 1913 2182 1978 legem
2210 1909 2508 1970 hahehaut,
2541 1909 2683 1978 quod
2716 1909 2805 1961 uhi
2847 1910 3030 1962 uulltls
3064 1907 3396 1962 sacrificium
3427 1907 3586 1960 ofi'er-

322 1994 513 2058 θυσία,
545 1998 644 2064 τῆς
669 2000 899 2068 ἑωθινῆς
922 1997 990 2068 ἦν
1023 2001 1352 2070 τιμιωτέρα.
1391 2000 1605 2070 Ἐκείνη
1644 2002 1742 2072 μὲν
1774 2001 1905 2072 γὰρ,

329 2085 469 2154 πρὸς
494 2088 699 2155 ταύτην
728 2089 893 2160 ἐώρα.
925 2089 1075 2160 Αὕτη
1097 2091 1152 2144 δὲ
1188 2093 1532 2163 συνεπλήρου
1560 2093 1658 2162 τὴν
1690 2094 1907 2164 ἱερουρ-

326 2177 456 2242 γίαν
483 2178 580 2248 τῆς
611 2181 849 2250 ἡμέρας,
885 2185 980 2236 καὶ
1041 2182 1146 2255 τὴν
1207 2183 1556 2256 λειτουργίαν
1606 2185 1905 2257 ἀπήρτιζε.

329 2266 789 2342 Κατευθυνθήτω,
848 2276 1008 2344 φησι,
1077 2276 1262 2340 πάλιν,
1297 2279 1329 2348 ἡ
1365 2277 1598 2348 ἔπαρσις
1628 2279 1736 2332 τῶν
1787 2296 1903 2348 χει-

330 2359 442 2429 ρῶν
477 2381 602 2431 μου,
637 2365 711 2431 ὡς
741 2367 904 2422 θυσία
933 2371 1200 2441 ὲσπερινή
1229 2388 1241 2401 ’
1294 2373 1389 2424 τοῦ
1447 2372 1548 2441 μὲν
1595 2389 1901 2442 προσευχο-

331 2455 498 2523 μένου
533 2460 821 2530 στόματος,
859 2465 1261 2536 καθαρεύοντος
1300 2468 1406 2521 ἀπὸ
1424 2468 1597 2535 λόγων
1625 2469 1902 2539 πονηρῶνο

329 2546 537 2611 μᾶλλον
566 2550 621 2602 δὲ
649 2553 743 2620 τῆς
765 2557 1219 2628 προσευχομένης
1250 2557 1479 2628 καρδίας
1500 2559 1608 2612 ἀπὸ
1626 2559 1906 2630 λογισμῶν

328 2638 624 2710 μοχθηρῶν
644 2661 655 2676 ο
680 2644 788 2699 τῶν
822 2646 878 2700 δὲ
908 2649 1012 2702 ἀνα
1025 2649 1344 2720 τεινομένων
1383 2651 1605 2722 χειρῶν,
1636 2652 1904 2720 ἁγνευου-

327 2729 438 2780 σῶν
478 2733 588 2786 ἀπὸ
622 2737 941 2804 πλεονεξίας
962 2741 1056 2794 καὶ
1085 2742 1346 2812 ἁρπαγῆς
1375 2743 1474 2797 καὶ
1505 2743 1688 2815 πάσης
1731 2762 1906 2816 παρα-

326 2820 498 2887 νόμου
522 2826 798 2894 πράξεως.

328 2909 534 2980 inquit,
567 2917 818 2984 Domine,
855 2937 1116 2976 manuum
1181 2939 1426 2979 mearum
1477 2924 1734 2988 elevatio,
1782 2925 1930 2981 sicut
1960 2924 2332 2995 ve5pcrtinum
2404 2921 2660 2991 dirigitur
2717 2918 3068 2973 sacrificium.

2012 2011 2115 2064 ret,
2148 2000 2251 2070 ipsi
2301 2008 2495 2069 sponte
2525 2015 2621 2053 sua
2655 1998 2738 2052 bis
2776 1999 2830 2052 in
2863 1999 2953 2053 die
2991 1999 3393 2061 saeriticarcnt,
3427 2014 3586 2051 mane

2011 2094 2228 2164 quidem
2259 2110 2456 2164 agnum
2497 2109 2691 2159 unum;
2733 2102 2786 2146 et
2816 2107 3042 2161 vespere
3084 2094 3312 2146 alterum
3351 2110 3368 2144 :
3403 2101 3587 2144 crant-

2010 2188 2255 2256 quchtec
2287 2186 2558 2241 sacrificia
2607 2199 2766 2256 pura,
2806 2184 3032 2247 munda,
3081 2193 3136 2238 et
3187 2183 3296 2236 Deo
3352 2183 3586 2236 maxime

2005 2288 2165 2352 grata
2197 2295 2362 2334 :cum
2398 2279 2501 2332 alia
2538 2291 2911 2346 saepenumero
2937 2276 3004 2328 ab
3037 2275 3376 2329 offerentium
3416 2275 3586 2338 vitiis,

2013 2373 2194 2426 minus
2230 2385 2367 2440 pura
2407 2369 2748 2424 viderentur.
2782 2367 3171 2436 Vespertinum
3215 2381 3345 2419 vero
3390 2364 3584 2433 lmjus-

2015 2463 2254 2527 cemodi,
2305 2461 2452 2528 quod
2512 2461 2773 2526 diximus,
2837 2459 3194 2521 sacrificium,
3265 2457 3586 2510 honoratius

2015 2566 2178 2624 atque
2215 2557 2494 2624 acceptius
2533 2562 2672 2617 erat,
2700 2567 2860 2623 quam
2898 2552 3248 2604 matutinmu.
3277 2547 3410 2601 Nam
3439 2548 3587 2616 quod

2017 2663 2178 2701 mane
2233 2645 2567 2700 offerebatur
2636 2643 2705 2697 ad
2769 2642 3141 2711 vespertinum
3214 2638 3586 2708 respiciebat;

2013 2739 2384 2808 vespertinum
2405 2751 2535 2792 vero
2572 2737 2886 2789 universum
2927 2733 3268 2787 sacerdotale
3295 2731 3400 2784 diei
3427 2743 3592 2795 Opes.

2013 2829 2246 2885 oflicimn
2274 2845 2338 2884 ac
2359 2827 2725 2882 ministerium
2747 2825 3082 2894 perficiebat.
3111 2822 3385 2892 Dirigatur
3404 2821 3589 2890 igitur,

3156 2917 3246 2970 Vel
3281 2932 3295 2968 :
3351 2915 3592 2966 Elevatio

329 3019 591 3061 manuum
633 3027 873 3066 mearum
921 3013 1015 3070 ﬁat
1047 3017 1377 3072 sacrificium
1431 3018 1827 3086 vespertinum,
1861 3026 1915 3073 et
1954 3020 2024 3072 sit
2053 3026 2125 3070 ita
2173 3014 2531 3084 acceptabile,
2577 3010 3034 3082 qnetnadmodum
3105 3009 3239 3063 illud
3292 3007 3388 3061 tibi
3439 3020 3595 3060 accc-

329 3109 481 3165 ptmn
515 3114 637 3154 esse
677 3102 838 3168 solet,
873 3105 943 3159 ita
992 3119 1048 3161 ut
1078 3123 1140 3161 os
1186 3118 1460 3175 nostrum,
1508 3110 1651 3163 unde
1703 3125 1894 3180 preces
1921 3094 2270 3169 emittuntur,
2303 3122 2497 3176 pm'um
2556 3105 2630 3159 sit
2661 3105 2728 3159 ab
2777 3103 3034 3158 omnibus
3087 3101 3268 3170 pravis
3323 3101 3594 3154 sermoni-

327 3191 434 3248 bus
463 3211 476 3247 :
509 3196 758 3263 quiniino
791 3210 844 3254 et
885 3202 1063 3271 ipsum
1113 3206 1274 3260 etiam
1322 3221 1442 3266 cor.
1482 3222 1511 3261 a
1544 3221 1654 3276 quo
1708 3221 1900 3277 preces
1931 3208 2281 3277 proveniunt,
2329 3200 2756 3274 cogitationibus
2822 3198 3078 3254 onmibus
3150 3196 3308 3248 malis
3361 3211 3594 3248 vacuum

327 3288 403 3340 sit
448 3307 460 3342 :
497 3297 550 3344 et
581 3291 711 3360 ipsa:
740 3294 941 3362 pariter
973 3314 1188 3365 manus,
1239 3316 1377 3371 quas
1403 3300 1684 3356 elevamus
1719 3301 1788 3356 ad
1820 3312 1891 3366 te,
1933 3301 2150 3356 munda:
2189 3297 2489 3354 efﬁciantur
2522 3295 2592 3350 ab
2623 3295 2775 3350 οιιιιιί
2810 3292 2998 3362 rapina
3029 3331 3044 3357 ,
3103 3290 3358 3355 avaritia,
3432 3297 3487 3344 et
3560 3305 3600 3340 a

328 3393 655 3450 quocunque
689 3383 967 3454 illegitimo
994 3401 1178 3456 Opere.

404 3477 543 3540 Θοῦ,
585 3476 786 3562 Κύριε,
821 3482 1109 3549 φυλακὴν
1137 3483 1213 3548 τῷ
1241 3486 1496 3554 στόματί
1537 3503 1678 3555 μου.
1729 3487 1900 3552 Εἰδὼς
1932 3491 1976 3550 C

334 3570 417 3621 ὅτι
462 3570 520 3622 τὸ
563 3570 739 3641 στόμα
771 3571 946 3625 αἴτιόν
983 3575 1098 3628 ἐστι
1131 3575 1243 3627 τῶν
1279 3577 1489 3641 κακῶν,
1513 3577 1903 3648 ἀμελούμενον,

332 3657 523 3730 ὥσπερ
548 3663 638 3714 καὶ
656 3663 762 3714 τῶν
781 3664 999 3732 ἀγαθῶν
1027 3667 1458 3736 σπουδαζόμενον
1482 3685 1496 3699 θ
1517 3669 1586 3722 τά
1610 3671 1778 3740 μυρία
1800 3670 1910 3740 γάρ

332 3751 483 3805 δεινὰ
515 3754 615 3824 τῆς
657 3753 908 3826 γλώττης
936 3758 970 3827 ἡ
1002 3756 1246 3824 εὐκολία,
1287 3758 1620 3829 εἰργάσατο·
1681 3762 1778 3814 καὶ
1826 3762 1909 3814 ὅτι

336 3845 596 3916 καθάπερ
627 3847 781 3900 οὐδὲν
808 3846 1001 3916 ὄφελος
1030 3849 1210 3912 οἰκίας
1251 3849 1282 3922 ἢ
1337 3850 1566 3920 πόλεως,
1605 3854 1666 3906 οὐ
1702 3851 1909 3916 πυλῶν,

335 3940 398 3992 οὐ
437 3939 656 4008 τειχῶν,
687 3943 739 3993 εἰ
765 3940 840 4011 μὴ
859 3933 992 3995 ὦσιν
1020 3945 1069 3995 οἱ
1089 3943 1459 4011 φυλάσσοντες
1483 3945 1598 4007 καὶ,
1620 3945 1912 4012 γινώσκον-

336 4046 431 4093 τες
454 4031 584 4084 πότε
621 4033 720 4102 μὲν
751 4033 974 4096 κλείειν,
1000 4036 1129 4088 πότε
1161 4035 1216 4087 δὲ
1245 4035 1483 4104 ἀνοίγειν
1540 4037 1706 4090 καλόν
1734 4053 1748 4068 °
1814 4039 1908 4091 καὶ

339 4122 424 4176 ὅτι
455 4122 662 4192 πολλῆς
685 4123 917 4179 ἐνταῦθα
969 4126 1130 4198 χρεία
1177 4128 1412 4197 σπουδῆς
1465 4128 1559 4181 καὶ
1592 4129 1904 4197 ἀκριϐείας,

339 4216 437 4268 καὶ
479 4215 681 4285 μᾶλλον
706 4217 805 4284 τῆς
871 4217 1077 4271 ἄνωθεν
1144 4219 1490 4289 ἐπικουρίας,
1551 4220 1771 4290 εὔχεται
1816 4221 1910 4273 καὶ

341 4307 501 4360 καλεῖ
534 4307 624 4360 τὸν
647 4307 780 4361 Θεὸν
811 4311 890 4370 εἰς
925 4309 1203 4381 βοήθειαν.
1231 4311 1453 4381 Φυλακὴ
1495 4311 1550 4364 δὲ
1613 4312 1905 4383 στόματος,

339 4403 374 4470 ὴ
415 4402 711 4454 ἐπιστασία
742 4402 836 4456 τοῦ
860 4402 974 4478 νοῦ,
1006 4405 1373 4475 προσέχοντος
1401 4405 1493 4457 καὶ
1517 4405 1743 4470 εἰδότος,
1797 4405 1916 4458 τίνα

343 4496 446 4563 μὲν
472 4494 752 4565 ἐκφέρειν,
780 4495 901 4548 τίνα
935 4495 992 4548 δὲ
1048 4498 1301 4566 κατέχειν
1361 4496 1510 4551 ἔνδον
1542 4498 1721 4568 χρεών
1743 4515 1756 4528 ·
1829 4499 1912 4551 Οὐ

338 4587 623 4641 τοσοῦτοι
657 4589 787 4659 γὰρ,
825 4588 1010 4660 φησιν,
1042 4589 1267 4642 ἔπεσον
1293 4589 1412 4643 ἀπὸ
1436 4591 1757 4659 μαχαίρας,
1779 4590 1912 4644 ὅσοι

337 4679 462 4732 ἀπὸ
491 4679 797 4747 γλώσσης.

345 4767 530 4836 Neque
558 4771 718 4835 enin,
754 4780 811 4825 ut
845 4769 973 4824 alibi
999 4769 1219 4835 dicitur,
1257 4781 1334 4825 tot
1363 4788 1592 4838 unyuant
1618 4772 1852 4826 homines
1878 4788 1909 4824 α
1944 4771 2126 4839 gladio
2155 4777 2282 4838 quot
2332 4785 2365 4824 a
2420 4767 2602 4836 lingua
2679 4764 2978 4818 ceciderunt
3009 4765 3077 4816 ".

2080 3486 2241 3538 Χέιις.
2278 3483 2329 3536 ’5.
2362 3480 2525 3543 Pone,
2553 3475 2787 3539 Domine,
2816 3473 3111 3528 custodiam
3135 3471 3216 3523 ori
3241 3485 3373 3523 meo.
3403 3467 3594 3521 Sciens

2021 3577 2287 3646 Propheta
2325 3571 2468 3642 quod
2493 3586 2553 3624 os
2577 3569 2843 3622 malorum
2872 3578 3060 3634 magna
3087 3577 3250 3615 causa
3278 3575 3401 3616 esse
3427 3559 3590 3617 solet.

2018 3675 2064 3728 si
2102 3670 2428 3740 negligatur,
2457 3659 2917 3735 quemadmodum
2949 3668 3164 3721 contra,
3217 3656 3508 3715 honorum,
3547 3653 3593 3706 si

2017 3782 2147 3821 cura
2181 3764 2298 3833 ejus
2332 3760 2595 3815 habeatur
2626 3757 2850 3827 (linguze
2879 3753 3029 3807 enim
3067 3751 3307 3806 facilitas
3341 3749 3596 3801 innume—

2019 3856 2212 3911 rabilia
2254 3852 2424 3924 gignit
2457 3848 2619 3917 mala)
2649 3864 2664 3916 ;
2697 3857 2749 3902 et
2784 3844 3246 3916 quemadmodum
3290 3842 3436 3896 nulla
3470 3857 3593 3895 esse.

2017 3949 2156 4006 solet
2199 3946 2406 4001 utilitas
2432 3943 2650 4006 domus,
2684 3950 2778 3993 aut
2808 3937 3074 4002 civitatis,
3134 3952 3234 3992 nec
3283 3942 3590 4004 portarum.

2020 4051 2114 4095 aut
2156 4039 2439 4101 moenium,
2470 4035 2578 4090 nisi
2615 4034 2777 4088 etiam
2811 4032 2992 4086 adsint
3019 4030 3305 4088 custodes.
3333 4037 3386 4082 et
3410 4027 3596 4080 norint

2019 4132 2236 4201 quando
2257 4130 2471 4199 aperire
2487 4130 2759 4195 oporteat,
2778 4131 2830 4179 et
2848 4123 3066 4192 quando
3083 4119 3358 4183 claudere,
3379 4127 3434 4172 ct
3453 4118 3594 4186 quod

2019 4225 2192 4278 multo
2231 4222 2414 4276 hacin
2445 4235 2504 4274 re
2545 4233 2684 4285 Opus
2724 4225 2809 4270 est
2845 4216 3052 4278 studio,
3111 4229 3173 4268 ac
3215 4213 3388 4268 multo
3421 4211 3596 4279 magis

2018 4317 2180 4372 etiam
2205 4326 2439 4382 superno
2459 4309 2662 4364 auxilio
2691 4325 2703 4360 :
2733 4307 2934 4367 sciens,
2967 4307 3208 4372 inquam,
3247 4304 3358 4357 lucc
3383 4302 3590 4365 ontuia,

2023 4421 2091 4460 ex
2126 4405 2317 4456 intimo
2358 4400 2523 4456 corde
2555 4413 2745 4468 preces
2777 4397 2975 4460 fundit,
3009 4404 3062 4450 et
3111 4396 3200 4448 Dei
3229 4409 3384 4461 apem
3440 4394 3597 4446 inro-

2023 4505 2132 4549 cat.
2167 4490 2267 4546 Per
2285 4492 2396 4546 oris
2417 4499 2600 4545 autem
2627 4489 2955 4551 custodiam,
2987 4485 3186 4540 mentis
3208 4484 3590 4553 przefectm‘am

2025 4586 2288 4656 iulellige,
2322 4599 2442 4654 qua)
2482 4580 2916 4637 animadvertere
2945 4580 3130 4643 debet,
3170 4586 3224 4631 ct
3254 4577 3418 4639 scire.
3444 4592 3590 4646 quic-

2024 4694 2154 4732 nam
2191 4675 2487 4736 eficrcnda,
2521 4686 2574 4727 et
2609 4685 2859 4742 quanam
2904 4673 3062 4725 ctiam
3118 4668 3397 4723 retinenda
3450 4667 3581 4721 sint.

3160 4769 3176 4832 (
3202 4763 3353 4817 Dedit
3407 4770 3590 4814 autem

342 4863 546 4932 linguae
578 4862 721 4919 Deus
756 4863 864 4918 duo
888 4865 1113 4928 mmnia,
1145 4863 1393 4917 dentiqu
1442 4866 1702 4920 nimirum
1740 4873 1793 4918 et
1827 4864 2121 4928 lahiorum,
2155 4869 2214 4915 ut
2249 4877 2343 4930 per
2392 4876 2454 4914 ea
2511 4859 2864 4913 irrationalcs
2923 4859 3071 4912 illius
3135 4867 3313 4910 motus
3377 4872 3596 4908 euerre-

344 4963 453 5008 ret.
497 4954 693 5008 Verum
754 4954 1022 5024 Propheta
1085 4955 1249 5008 aliam
1308 4956 1612 5008 custodiam
1675 4955 1742 5010 ad
1798 4955 1912 5008 haec
1953 4955 2232 5024 implorat,
2265 4952 2459 5007 timens
2496 4950 2700 5014 adhuc.
2728 4966 2794 5006 ue
2823 4949 3139 5005 indecorum
3204 4945 3409 5016 aliquid
3475 4961 3594 5013 pro-

348 5048 670 5118 loquatur.)

421 5140 532 5192 Κιιὶ
563 5142 750 5210 θύραν
781 5142 1070 5212 περιοχῆς
1095 5145 1224 5212 περὶ
1260 5145 1330 5198 τὰ
1363 5147 1534 5214 χείλη
1562 5164 1704 5215 μου.
1737 5147 1920 5217 Θύραν

349 5231 624 5302 φυλακῆς,
667 5234 1045 5302 φυλάττουσαν
1093 5236 1154 5290 τὺ
1187 5238 1365 5308 στόμα
1388 5255 1406 5274 ι
1468 5239 1528 5293 τὸ
1563 5239 1696 5294 αὐτὸ
1720 5239 1776 5293 δὲ
1825 5240 1918 5292 καὶ

339 5321 511 5374 ’τοῦτο
528 5323 699 5392 δηλοῖ.

425 5504 521 5570 Μὴ
571 5504 866 5572 ἐκκλίνῃς
919 5508 1032 5575 τὴν
1061 5509 1316 5576 καρδίαν
1366 5529 1506 5580 μου,
1569 5513 1654 5578 εις
1710 5513 1929 5581 λόγους

353 5594 671 5660 πονηρίας.
697 5595 790 5665 Μὴ
815 5599 1229 5670 παραχωρήσῃς
1288 5600 1637 5670 ἐκτραπῆναι
1662 5602 1759 5672 τὴν
1791 5619 1930 5671 καρ-

354 5683 477 5749 δίαν
545 5703 646 5754 μου
711 5688 790 5749 εἰς
849 5688 1040 5756 λόγους
1110 5690 1397 5762 πονηροὺς,
1462 5692 1544 5756 εἰς
1601 5693 1931 5764 ἐνθυμήσεις

433 5868 484 5900 ⁸⁸
505 5867 673 5934 Eccli.
709 5881 898 5934 xxwu,
923 5866 1012 5920 “2'2.

2103 5142 2169 5199 Et
2205 5143 2400 5197 ostium
2445 5139 2753 5194 munitionis
2786 5137 2980 5190 circum
3012 5133 3157 5186 labia
3200 5150 3335 5186 mea.
3383 5131 3596 5185 Ostium

2027 5237 2289 5293 cusmdiae
2317 5250 2440 5304 qua:
2467 5247 2530 5288 os
2563 5233 2741 5298 ipsum
2771 5234 3047 5284 observet.
3076 5229 3197 5282 lltec
3229 5238 3407 5282 autem
3433 5231 3592 5280 verba

2025 5331 2166 5385 idem
2209 5344 2362 5396 mque
2405 5325 2720 5394 signifirant
2772 5322 2915 5391 quod
2964 5321 3053 5374 illa
3113 5336 3233 5391 qua:
3285 5323 3336 5373 in
3387 5335 3593 5388 pracc-

2026 5417 2173 5475 deuti
2208 5397 2493 5470 habuimus
2535 5411 2820 5466 versiculo.

2101 5507 2266 5560 Vsus.
2301 5506 2355 5560 4.
2389 5502 2470 5556 Ne
2499 5501 2727 5554 declines
2752 5518 2840 5554 cor
2877 5517 3044 5555 meum
3078 5501 3128 5553 in
3163 5499 3315 5552 verba
3353 5498 3594 5550 malitia).

2028 5600 2108 5656 Nc
2139 5598 2383 5653 converti
2419 5596 2705 5665 permittas
2768 5609 2862 5648 cor
2915 5609 3089 5647 memn
3152 5591 3220 5644 ad
3283 5591 3602 5645 indecentes

2029 5689 2408 5760 cogitationes.
2441 5686 2574 5740 Nam
2611 5687 2656 5740 si
2691 5702 2751 5740 os
2788 5702 2965 5741 meum
3018 5684 3266 5740 custodia
3328 5683 3600 5737 inunitth
