3964 6566
212 453 356 520 12?3

1393 403 1786 506 COMMENT.
1822 431 1906 493 IN
1942 433 2303 498 PSALMos.

3336 436 3472 501 1971

290 567 678 624 Ἇκούσονται
707 568 780 622 τὰ
805 565 1046 638 ῥήματά
1092 583 1231 636 μου,
1268 565 1358 619 ὅτι
1401 562 1778 630 ήδύνθησαν.

1961 551 2120 607 Vens.
2160 554 2214 618 Ἰ,
2239 551 2293 608 8.
2327 551 2557 607 Audierit
2594 551 2748 605 verba
2783 567 2918 615 mea,
2952 550 3198 622 quoniam
3233 550 3474 619 jac-unda

220 664 281 717 '0
297 664 354 717 δὲ
380 665 706 734 Σύμμαχος,
724 661 1110 715 Ἀκούσονται
1123 659 1341 728 ῥήσεις
1358 674 1478 726 μου
1511 655 1791 724 ἡδίστας.

209 753 642 822 Παραδέξονταε,
691 754 876 822 φησὶν,
906 751 956 805 οἱ
1008 750 1221 806 συνετοὶ
1269 749 1338 802 τὰ
1387 745 1610 817 ῥηματά
1665 761 1792 815 μου,

205 847 366 908 διότι,
418 847 554 917 ἡδέα
584 846 760 901 ταῦτα
810 847 922 909 τοῖς
945 843 1254 908 εύσεϐἐσιν,
1307 841 1385 904 ὡς
1438 839 1639 910 ἀληθῆ,
1693 835 1793 892 καὶ

206 939 484 1008 ὠφέλιμα.

287 1031 454 1086 Ὠσεὶ
484 1030 681 1098 πάχος
706 1027 818 1098 τῆς
833 1029 1054 1098 ipsum
1086 1027 1182 1080 ἐπὶ
1217 1025 1326 1095 τῆς
1355 1024 1488 1095 γῆς,
1519 1025 1792 1092 διεσκορ·

207 1125 400 1190 πίσθη
439 1123 510 1176 τὰ
537 1120 688 1176 ὀστᾶ
712 1121 912 1175 αὐτῶν
934 1119 1096 1188 παρὰ
1140 1118 1252 1172 τὸν
1293 1117 1468 1185 ᾅδην.
1521 1115 1792 1185 Καθάπερ

207 1218 386 1286 πάχος
431 1218 534 1285 γῆς
585 1216 804 1287 ἀρότρῳ
866 1213 1310 1282 διατεμνὸμενον,
1379 1211 1648 1282 ῥήγνυται
1697 1209 1792 1261 καὶ

207 1311 572 1380 σκορπίζεται
596 1310 689 1361 ἐπὶ
711 1309 811 1377 τῆς
842 1308 1211 1376 ὑποκειμένης
1232 1305 1360 1372 γῆς,
1381 1302 1526 1358 οὕτω
1557 1302 1626 1355 τὰ
1644 1302 1790 1354 ὀστᾶ

205 1401 391 1454 αὐτῶν
426 1400 1019 1470 διασκορπισθήσονται
1062 1401 1118 1451 ὲν
1163 1397 1241 1468 τῷ
1275 1397 1453 1466 τάφῳ.
1487 1394 1658 1447 Τοῦτο
1680 1394 1790 1463 γὰρ

204 1493 499 1563 ὠνόμασεν
536 1493 692 1564 ᾅδην.

277 1590 402 1639 Ὅτι
440 1588 590 1654 πρὸς
627 1587 723 1650 σὲ,
749 1587 946 1654 Κύριε.
1000 1587 1199 1655 Κύριε,
1244 1587 1298 1638 οἱ
1325 1583 1624 1653 ὀφθαλμοί
1646 1597 1786 1652 ιιουο

201 1681 300 1733 ἐπὶ
327 1681 432 1734 σοι
485 1680 746 1749 ἤλπισα,
773 1681 859 1750 μὴ
903 1680 1247 1748 ἀντανέλῃς
1280 1677 1626 1746 τὴνψυχήν
1643 1693 1786 1745 μου.

201 1775 296 1842 Μὴ
323 1773 538 1844 ἀφέλῃς
569 1772 669 1842 τὴν
695 1773 876 1842 ψυχήν
933 1791 1035 1842 μου
1091 1771 1570 1839 καταδιωκομὲνου
1631 1767 1786 1839 παρά

199 1865 312 1918 τῶν
346 1865 585 1934 ἐχθρῶν,
624 1867 717 1918 καὶ
747 1865 992 1936 σφοδρῶς
1031 1863 1542 1931 ἐπιϐουλευομένου.

269 1954 564 2019 Φύλαξόν
598 1973 673 2023 με
713 1956 828 2009 ἀπὸ
888 1955 1160 2024 παγίδος,
1199 1948 1272 2023 ἧς
1313 1951 1784 2018 συνεστήσαντό

193 2065 291 2116 με,
333 2048 435 2101 καὶ
489 2047 610 2101 ἀπὸ
654 2046 1023 2101 σκανδάλων
1064 2046 1184 2100 τῶν
1210 2044 1616 2115 ἐργαζομένων
1669 2042 1785 2106 τὴν

197 2139 484 2206 ἀνομίαν.
512 2137 798 2192 Σκάνδαλα
819 2137 910 2191 καὶ
936 2133 1093 2202 αὖθις
1124 2138 1222 2210 τὴν
1256 2137 1460 2206 παγίδα
1484 2135 1655 2205 λέγει,
1684 2133 1784 2188 καὶ

198 2230 298 2298 τὴν
325 2229 650 2298 ὲπιόουλήν.

273 2319 618 2375 Πεσοῦνται
648 2320 720 2375 ἐν
759 2321 1188 2390 ἀμφιϐλήστρῳ
1211 2319 1410 2374 αὐτῶν
1437 2321 1491 2373 ol
1521 2320 1785 2388 ἁμαρτω-

197 2414 321 2468 Joi.
363 2413 768 2489 Ἐμπεσοῦνται
794 2413 870 2482 τῷ
899 2413 1102 2483 δικτύῳ
1123 2412 1325 2477 αὐτῶν,
1359 2413 1494 2481 ὅπερ
1524 2409 1784 2480 ἧπλωσαν

199 2507 325 2558 κατ’
374 2505 537 2573 ἐμοῦ,
567 2504 1164 2576 σαγηνευθήσονταιτῇ
1201 2505 1309 2576 ἰδίᾳ
1353 2507 1601 2576 σαγήνῃ·
1635 2502 1669 2573 ἢ
1725 2504 1784 2556 ἐν

197 2597 526 2666 euersum
534 2616 615 2670 ρῳ
637 2597 828 2663 αὑτοῦ,
854 2599 1096 2670 δηλονότι
1113 2600 1208 2651 τοῦ
1229 2596 1388 2652 Θεοῦ.

260 2781 669 2850 Καταμμόνας
697 2782 814 2852 εἰμὶ
838 2782 986 2852 ἐγὼ,
1051 2781 1164 2848 ἕως
1195 2779 1274 2836 ἃν
1305 2781 1603 2850 παρέλθω.
1669 2782 1785 2836 Με-

194 2875 526 2946 μονωμένος
577 2875 674 2928 ἀπ’
731 2874 920 2930 αὐτῶν
977 2877 1117 2946 εἰμι,
1153 2876 1344 2946 πόρρω
1401 2875 1501 2945 τῆς
1558 2852 1784 2947 γνὼξιης

107 3024 116 3034 ο
188 2963 410 3018 τούτων
444 2964 690 3018 ἐλαύνων
711 2981 725 2995 °
759 2966 856 3020 καὶ
890 2966 953 3020 οὐ
985 2965 1240 3020 τοσοῦτον
1262 2965 1546 3019 διαστάσει
1576 2967 1780 3030 τόπων,

188 3059 319 3110 ὅσον
384 3057 769 3129 ἀλλοτριότητι
825 3061 1205 3130 προαιρέσεως
1262 3058 1784 3129 ἀποκεχωρισμὲνος

188 3149 401 3215 αὐτῶν,
436 3150 546 3215 ἕως
573 3151 644 3207 ἂν
663 3150 946 3206 ἀποθάνω.

1815 1896 1857 1953 Β

1898 646 2138 714 fuerunt.
2171 645 2536 716 Symmachus
2566 653 2747 699 autem
2783 643 3040 706 reddidit,
3073 643 3300 696 Audient
3324 643 3472 694 locu—

1898 737 2070 790 tiones
2139 751 2287 790 meas
2345 735 2791 804 iucundissimas.
2856 733 3212 804 Suscipiunt,
3269 733 3470 800 inquit,

1895 827 2174 898 sapientes
2206 827 2308 882 viri
2331 826 2494 880 verba
2533 841 2675 891 mea,
2711 825 2969 896 quoniam
3002 824 3105 893 piis
3131 839 3192 878 ac
3219 822 3472 876 ﬁdelibus

1894 922 2012 976 haec
2041 919 2446 990 iucundissima
2481 927 2633 982 sunt,
2671 917 2836 972 veluti
2865 917 3018 971 utilia
3049 933 3112 971 ac
3138 931 3288 969 vera.

1967 1016 2117 1071 Sicut
2142 1013 2442 1069 crassitudo
2485 1023 2644 1067 terra
2681 1021 2870 1082 erupta
2917 1021 2996 1066 est
3041 1026 3200 1078 super
3248 1020 3466 1071 terram,

1893 1111 2132 1178 dispersa
2168 1116 2292 1162 sunt
2325 1123 2448 1162 ossa
2479 1123 2660 1160 eorum
2697 1105 2841 1174 apud
2873 1107 3161 1174 infernum.
3194 1103 3470 1170 Quemad-

1894 1205 2117 1259 modum
2151 1211 2310 1258 terrae
2348 1201 2665 1257 crassitudo
2692 1207 2878 1255 aratro
2903 1199 3137 1253 discissa
3171 1199 3468 1265 rumpitur,

1893 1307 1946 1352 et
2010 1297 2068 1350 in
2132 1296 2439 1366 proximam
2491 1300 2693 1346 terram
2753 1291 3055 1360 spargitur,
3107 1290 3187 1344 sic
3236 1297 3288 1342 et
3338 1304 3466 1343 ossa

1892 1403 2084 1444 eorum
2153 1386 2539 1454 dispergeutur
2597 1383 2653 1437 in
2711 1382 3013 1450 sepultura.
3066 1378 3216 1434 lianc
3262 1378 3464 1434 etenim

1892 1481 2166 1535 infernum
2196 1478 2504 1547 appellavit.

1962 1574 2102 1639 Quia
2141 1573 2282 1637 apud
2319 1580 2389 1634 te,
2425 1569 2668 1631 Domine,
2703 1566 2946 1630 Domine,
2977 1565 3118 1620 oculi
3146 1563 3249 1616 mei
3280 1579 3298 1617 :
3331 1563 3382 1615 in
3419 1571 3467 1614 te

1888 1667 2116 1732 speravi,
2169 1681 2231 1718 ne
2279 1669 2499 1731 auIcras
2553 1661 2791 1714 animam
2853 1673 3042 1711 meam.
3099 1656 3176 1710 Ne
3227 1655 3466 1719 auferas,

1891 1759 2089 1827 inquit,
2121 1756 2360 1810 animam
2409 1768 2607 1813 meam.
2637 1750 2768 1804 dum
2817 1749 3170 1803 inimicorum
3206 1762 3468 1817 persecu-

1890 1851 2116 1910 tionem,
2153 1855 2206 1899 et
2237 1845 2504 1898 maximas
2538 1841 2770 1895 insidias
2795 1839 3073 1892 sustineo;

1961 1942 2126 1995 Vens.
2161 1941 2216 1996 9.
2248 1936 2472 1994 Custodi
2502 1951 2580 1988 me
2621 1952 2651 1987 a
2697 1934 2906 2002 laqueo,
2965 1948 3120 2000 quem
3174 1930 3466 1985 constitue-

1891 2045 2011 2088 runt
2041 2033 2187 2092 mihi.
2222 2040 2272 2084 et
2320 2048 2352 2083 a
2394 2025 2666 2083 scandulis
2724 2026 3054 2091 operantium
3109 2023 3464 2090 iniquitatem.

1893 2129 1995 2184 Per
2029 2125 2290 2181 scandala
2326 2131 2381 2178 et
2416 2137 2514 2193 per
2537 2121 2787 2189 laqueos,
2818 2115 3047 2173 insidias
3071 2131 3266 2170 rursus
3301 2114 3466 2168 intel-

1891 2222 2031 2290 ligil.

1966 2315 2129 2368 Vens.
2164 2311 2250 2367 iO.
2284 2310 2484 2365 Cadent
2505 2308 2562 2362 in
2589 2313 2696 2360 rete
2719 2320 2870 2358 suum
2902 2311 3223 2371 peccatores.
3256 2300 3316 2354 In
3341 2314 3438 2370 pro

1892 2409 2093 2480 prium,
2123 2406 2323 2477 inquit,
2357 2413 2470 2458 rete
2514 2399 2776 2463 incident,
2834 2397 2977 2468 quod
3029 2396 3318 2449 adversum
3380 2407 3466 2446 me

1895 2501 2270 2562 tetenderunt,
2299 2505 2356 2552 et
2382 2493 2607 2565 propria
2648 2488 3188 2559 comprehendantur
3241 2498 3466 2554 sagena.

1892 2593 1990 2648 Vel
2018 2593 2172 2664 juxta
2193 2591 2357 2645 aliam
2389 2589 2630 2644 litteram
2667 2603 2684 2642 :
2721 2582 2924 2639 Cadent
2955 2581 3010 2634 in
3044 2587 3153 2633 rete
3174 2577 3313 2648 ejus,
3358 2577 3466 2632 hoc

1889 2698 1991 2754 est,
2027 2689 2149 2758 ejus
2175 2685 2291 2742 Dei.

1961 2779 2268 2852 Singularis
2303 2793 2420 2832 sum
2451 2792 2566 2845 ego,
2595 2790 2862 2846 usquequo
2917 2781 3206 2827 transeam.
3261 2765 3462 2833 Segre-

1893 2885 2053 2949 gatus
2091 2873 2352 2928 nimirum
2381 2871 2451 2924 ab
2477 2872 2578 2935 eis,
2631 2867 2860 2923 etl'ectus
2889 2866 3064 2927 solus,
3093 2872 3145 2918 et
3179 2858 3367 2931 procul
3399 2855 3469 2910 al)

1890 2984 2080 3026 eorum
2146 2964 2416 3022 sententia
2479 2979 2494 3016 :
2546 2977 2648 3018 nec
2700 2967 2913 3014 tantum
2969 2959 3093 3012 loco
3149 2959 3467 3023 separatus,

1890 3069 2155 3132 quantum
2192 3072 2220 3110 a
2253 3056 2556 3126 proposito,
2597 3063 2651 3108 et
2683 3050 2917 3107 consilio
2978 3061 3169 3102 eorum
3232 3045 3468 3097 alienus.

1892 3158 2192 3225 Separatus
2219 3156 2399 3203 autem
2428 3148 2496 3200 ab
2526 3145 2629 3206 eis,
2669 3156 2957 3213 usquequo
2991 3139 3216 3193 moriar.

184 3241 509 3309 Συνέσεως
549 3241 630 3308 τῷ
659 3243 860 3308 Δαϐὶδ,
919 3243 989 3298 ἐν
1052 3242 1132 3309 τῷ
1181 3240 1336 3300 εἶναι
1384 3243 1572 3299 αὑτὸν
1601 3244 1668 3298 ὲν
1694 3243 1775 3309 τῷ

1903 3244 2252 3318 ’ntelligentiw
2325 3240 2428 3310 ipsi
2510 3235 2721 3301 David,
2780 3251 2899 3289 cum
2974 3241 3107 3288 esset
3193 3245 3355 3284 orans
3409 3226 3467 3281 in

554 3337 844 3402 σπηλαίῳ
891 3336 1407 3405 προσευχόμενον.

723 3429 1018 3483 ΨΑΛΜΟΣ
1073 3431 1256 3484 PMA'.

257 3520 328 3574 Τί
375 3521 481 3591 μὲν
511 3519 667 3592 δηλοῖ
727 3522 798 3607 τὸ.
828 3523 1162 3590 Συνέσεως,
1193 3525 1253 3578 ἐν
1283 3523 1564 3596 διαφόροις
1595 3523 1783 3586 ἄλλαις

189 3612 542 3681 ἐπιγραφαῖς
610 3610 1109 3682 παραδεδώκαμεν.
1149 3612 1425 3684 Σπήλαιον
1459 3613 1516 3668 δὲ
1546 3614 1694 3682 λέγει
1721 3613 1784 3667 τὸ

185 3705 440 3768 διπλοῦν,
472 3707 531 3758 ὲν
563 3699 610 3775 ᾧ
643 3705 807 3760 Δασὶδ
831 3705 1116 3777 ηὐλίσατο,
1175 3706 1396 3775 φεύγων
1429 3706 1523 3761 τὸν
1567 3707 1740 3760 Σαούλ
1765 3723 1780 3738 ο

187 3799 317 3851 ἐπεὶ
347 3797 464 3868 γὰρ
498 3797 661 3861 αὐτὸς
699 3799 798 3868 μὲν
850 3797 1121 3870 ἐνδοτέρω
1154 3799 1492 3869 ἐκέκρυπτο,
1521 3800 1696 3854 Σαοὺλ
1727 3799 1784 3854 δὲ

185 3891 619 3962 παρερχόμενος
641 3891 701 3943 ὲν
730 3889 810 3961 τῷ
825 3890 1079 3964 ὲξωτέρῳ
1100 3893 1546 3962 κατεσκήνωσεν,
1574 3893 1785 3962 ἀγνοῶν

182 3983 247 4036 τὸ
277 3985 546 4056 πρᾶγμα·
571 3984 736 4052 γνοὺς
771 3985 800 4038 ὁ
826 3983 992 4039 sum
1017 3985 1100 4039 ὅτι
1129 3984 1572 4054 συγκέκλεισται,
1616 4001 1784 4055 προσ-

185 4077 401 4150 ηύξατο
435 4077 640 4133 ταῦτα.
988 4072 992 4075 ’

256 4255 445 4325 Φωνῇ
498 4273 620 4326 μου
667 4255 817 4326 πρὸς
872 4256 1097 4324 Κύριον
1132 4254 1449 4322 ἐκέκραξα,
1474 4249 1646 4323 φωνῇ
1664 4268 1786 4322 μου

185 4349 346 4418 πρὸς
396 4349 621 4418 Κύριον
670 4345 948 4416 ἐδεήθην.
1009 4347 1121 4401 Καὶ
1153 4346 1260 4417 μὴν
1281 4347 1383 4400 οὐκ
1410 4345 1640 4417 ἠδύνατο
1678 4360 1788 4413 φω-

187 4445 328 4506 νεῖν,
361 4441 396 4509 ἢ
435 4439 693 4511 κράζειν,
726 4440 813 4494 ῐνα
842 4439 918 4509 μὴ
946 4440 1212 4508 γνωσθεὶς
1239 4437 1441 4492 αὐτίκα
1480 4435 1782 4506 συλληφθῇ.

183 4533 400 4589 Λοιπὸν
426 4529 526 4586 οὖν
566 4531 752 4603 φωνὴν
779 4532 1094 4603 κράζουσαν
1133 4531 1286 4599 λέγει
1320 4531 1438 4593 νῦν,
1474 4530 1570 4600 τὴν
1592 4545 1782 4582 συντεο

180 4624 440 4696 ταμένην
467 4621 714 4676 διάθεσιν
733 4622 834 4693 τῆς
862 4623 1113 4692 καρδίας,
1131 4621 1417 4692 ἀλαλήτως
1442 4619 1779 4692 κραζούσης.

178 4719 281 4770 καὶ
314 4732 408 4773 vos
419 4715 533 4786 ρῶς
559 4713 1059 4785 καθικετευούσης.

265 4986 498 5058 Ἐκχεῶ
527 4986 785 5042 ἐνώπιον
810 4985 998 5041 αὐτοῦ
1036 4984 1152 5055 τὴν
1188 4984 1406 5052 δέησίν
1457 5002 1601 5054 μου.
1641 4987 1781 5052 Προ-

179 5087 364 5158 Dipo).

257 5160 396 5246 Thr:
447 5173 667 5242 θλίψιν
705 5189 828 5242 μου
879 5169 1134 5223 ἐνώπιον
1181 5170 1368 5224 αὐτοῦ
1432 5171 1774 5240 ἀπαγγελῶ.

180 5274 260 5326 Τὸ
302 5270 446 5324 αὐτὸ
505 5267 659 5335 λέγει
702 5264 887 5318 πάλιν.
933 5263 1052 5330 Τὴν
1104 5264 1317 5330 θλίψιν
1354 5264 1483 5317 ἀντὶ
1511 5264 1773 5334 δεήσεως,

181 5360 600 5435 πμὸαλοῦμαι,
633 5357 853 5426 κάμψαι
884 5355 1022 5424 πρὸς
1062 5353 1346 5423 ἀντίληψιν
1406 5356 1500 5410 τὸν
1552 5355 1778 5428 Κύριον,

177 5455 529 5526 δυναμένην.
565 5449 716 5519 Αὕτη
743 5449 853 5518 γὰρ
891 5449 952 5500 ού
998 5447 1158 5517 μόνον
1203 5447 1653 5520 σπουδαιοτέρους
1683 5452 1780 5504 καὶ

176 5543 747 5619 προσεκτικωτέρους
811 5538 971 5592 εἴωθε
1028 5539 1222 5604 ποιεῖν,
1250 5537 1388 5592 ἀλλά
1420 5542 1518 5594 καὶ
1562 5543 1778 5614 «appr...

2541 3329 2813 3398 spelunca.

2401 3417 2724 3478 PSALMUS
2753 3414 2937 3475 CXLI.

1953 3521 2098 3590 Quid
2150 3516 2428 3591 signiﬁcet
2459 3513 2754 3582 inscriptio
2816 3507 3214 3580 Inlelligenlia’,
3275 3501 3465 3557 multis

1885 3616 1938 3672 in
1977 3614 2114 3669 locis
2168 3608 2596 3666 declaravimus.
2633 3605 2738 3660 Per
2800 3602 3119 3674 speluncam
3155 3611 3283 3653 vero
3313 3595 3462 3648 illam

1885 3703 2159 3774 intelligit,
2193 3701 2246 3757 in
2287 3713 2396 3770 qua
2452 3698 2648 3752 beatus
2707 3691 2878 3747 David
2943 3691 3126 3754 latuit,
3163 3689 3292 3742 dum
3322 3686 3466 3739 Sau-

1887 3801 1990 3855 lem
2027 3797 2257 3865 lugeret.
2307 3792 2445 3848 Cum
2511 3799 2692 3845 autem
2738 3801 2804 3842 eo
2851 3785 2965 3840 illic
3020 3783 3271 3838 latitante
3299 3781 3468 3835 adve-

1887 3893 2059 3948 nisset
2107 3886 2261 3954 Saul,
2299 3894 2352 3940 et
2395 3883 2522 3938 lacti
2554 3881 2784 3952 ignarus
2834 3879 3082 3932 exterius
3130 3881 3467 3936 moraretur,

1887 3982 2136 4040 resciens
2197 3975 2392 4040 David,
2434 3989 2494 4028 se
2524 3972 2642 4028 illic
2695 3970 2763 4026 ab
2815 3969 2976 4024 hoste
3037 3961 3466 4028 circumdatum,

1889 4092 1952 4131 ac
2011 4090 2152 4146 pene
2209 4070 2539 4127 conclusum
2613 4081 2764 4134 esse,
2835 4065 3142 4119 orationem
3197 4057 3342 4113 lianc
3401 4061 3472 4110 ad

1891 4166 2064 4222 Deum
2092 4163 2347 4236 protulit.

1959 4259 2126 4316 Vsus.
2162 4257 2218 4312 2.
2265 4253 2398 4310 Voce
2453 4269 2568 4307 mea
2619 4251 2690 4304 ad
2723 4249 3008 4303 Dominum
3045 4245 3291 4310 clamavi,
3353 4259 3474 4298 voce

1889 4369 2004 4407 mea
2044 4350 2114 4403 ad
2166 4347 2454 4402 Dominum
2489 4351 2740 4412 precatus
2777 4356 2916 4395 sum.
2974 4339 3138 4408 Atqui
3171 4352 3271 4391 nec
3322 4333 3470 4404 Ιοιμιί

1889 4449 2124 4511 poterat,
2160 4453 2264 4495 nec
2305 4438 2568 4500 clamare,
2621 4449 2690 4489 ne
2721 4432 2978 4502 cognitus
3035 4429 3248 4485 scilicet
3281 4428 3466 4482 statim

1890 4531 2476 4606 comprehenderetur,
2547 4535 2602 4584 et
2660 4526 2886 4598 periret.
2930 4523 3123 4578 Restat
3181 4521 3350 4591 igitur
3409 4529 3472 4573 ut

1887 4645 1984 4701 per
2032 4640 2220 4681 vocem
2271 4632 2325 4679 et
2369 4622 2692 4685 clamorem,
2755 4619 3030 4672 intonsum
3087 4615 3273 4672 cordis
3338 4613 3473 4669 οπε-

1885 4730 2034 4776 ctum
2079 4715 2478 4786 intelligamus.
2535 4710 2715 4784 corde
2769 4709 2975 4766 etenim
3042 4717 3098 4762 et
3150 4723 3259 4763 non
3336 4721 3476 4761 voce

1886 4810 2214 4875 clamabat,
2285 4807 2518 4880 ipsaque
2593 4811 2779 4860 mente
2861 4801 2931 4857 ad
3009 4803 3180 4857 Deum
3280 4813 3474 4871 preces

1886 4901 2174 4959 eﬂ‘erebat.

1958 4991 2126 5048 Vnus.
2159 4990 2214 5045 5.
2246 4988 2539 5058 Eﬂ‘uudam
2593 4985 2649 5040 in
2692 4992 2974 5056 conspectu
3021 4982 3135 5053 ejus
3178 4983 3472 5036 orationem

1890 5101 2082 5142 meam.
2113 5081 2230 5138 Hoc
2260 5090 2347 5139 est
2373 5095 2698 5153 proponam.

1961 5175 2374 5232 Tribulationem
2423 5190 2593 5229 meam
2652 5183 2775 5229 ante
2853 5173 3028 5240 ipsum
3094 5171 3468 5244 pronuntiabo.

1889 5269 2149 5326 Eamdem
2207 5285 2402 5326 rursus
2478 5270 2806 5325 sententiam
2867 5271 3087 5339 repetit.
3135 5266 3472 5323 Tribulutio»

1892 5380 2042 5429 nem,
2101 5363 2302 5433 inquit,
2361 5375 2696 5432 meamque
2728 5362 2797 5416 ad
2855 5362 3122 5418 auxilium
3175 5357 3345 5416 Deum
3379 5359 3474 5414 lle-

1894 5469 2045 5514 clere
2088 5453 2312 5526 poterit,
2382 5469 2481 5521 pro
2534 5455 2790 5510 oratione
2860 5456 2910 5512 ei
2968 5470 3289 5528 proponam.
3351 5453 3476 5522 Ipsa

1894 5547 2167 5616 siquidem
2205 5543 2494 5599 tribulatio
2551 5559 2660 5599 non
2703 5545 2882 5600 solum
2937 5547 3262 5602 attentiores
3298 5546 3477 5600 homi-

180 5645 310 5696 σίαν
366 5640 432 5693 οὐ
487 5635 702 5708 μικρὰν
758 5633 897 5704 πρὸς
951 5631 1106 5697 Θεὸν,
1151 5629 1230 5700 τῷ
1279 5632 1399 5700 μετ’
1427 5633 1782 5704 εὐχαριστίας

1903 5653 1991 5691 nes
2028 5635 2256 5692 reddere
2284 5634 2428 5689 solet
2499 5650 2624 5692 cum
2702 5647 2986 5704 narratur,
3052 5639 3148 5696 sed
3213 5638 3474 5694 ﬁduciam

177 5734 411 5803 φέροντι
460 5727 781 5798 χαρίζεται.
836 5725 946 5779 Καὶ
1005 5723 1169 5797 μέγα⁸
1203 5722 1501 5796 δικαίωμα,
1532 5726 1668 5797 πρὸς
1719 5729 1780 5784 τὸ

1903 5730 2057 5785 etiam
2090 5730 2137 5783 ei
2172 5735 2401 5797 prastat
2455 5745 2565 5785 non
2605 5730 2913 5799 minimam,
2949 5733 3046 5805 qui
3105 5747 3229 5788 cum
3275 5734 3480 5802 gratia-

175 5822 621 5894 εἰσακουσθῆναι
651 5818 884 5888 γίνεται.

1891 5837 2013 5877 rum
2096 5821 2316 5875 actione
2410 5837 2535 5877 eam
2618 5825 2934 5894 protulerit.
3011 5824 3163 5882 Unde
3235 5826 3475 5882 Inaxima

1893 5914 2213 5990 justificatio
2247 5913 2518 5992 cﬂicitur,
2549 5919 2646 5999 ad‘
2673 5919 2803 5991 hoc,
2839 5928 2898 5979 ut
2947 5921 3075 5994 quis
3119 5920 3474 5979 exaudiam.
