3964 6596
153 394 288 462 13.31

1338 396 1484 456 COM
1498 395 1542 453 Μ
1556 393 1725 455 ENT.
1773 390 1853 450 IN
1898 390 2265 453 PSALMOS.

3268 390 3409 456 1232

138 527 253 573 νος.
314 507 684 579 ’Λποστρέφει
733 506 790 562 δὲ
826 505 887 560 τδ
944 505 1259 575 πρόσωπον,
1314 506 1434 578 ἦτοι
1467 505 1566 576 τὴν
1601 505 1726 557 ἐπι-

1853 503 2041 557 lvertit
2084 511 2268 557 autem
2297 499 2440 559 Deus
2466 500 2687 566 faciem,
2713 497 2819 558 hoc
2861 506 2968 567 est,
3000 502 3401 572 protectionem

143 596 362 668 σκοπὴν
391 598 504 653 ἀπὸ
535 600 647 651 τῶν
683 596 960 668 πονηρῶν·
992 597 1261 666 Καθαρὸς
1294 597 1403 668 γὰρ
1433 598 1466 651 ὁ
1495 597 1726 666 ὀφθαλ-

135 690 256 758 μός
278 704 423 754 σου,
450 688 561 743 τοῦ
588 688 675 757 μὴ
714 687 864 756 ὁρᾷν
903 688 1158 757 πονηρά.

210 782 548 837 Ἀκουστὸν
568 783 834 848 ποίησόν
868 799 969 851 μοι
999 782 1066 837 τὸ
1096 781 1248 851 πρωϊ
1273 781 1339 837 τὸ
1376 783 1552 849 ἔλεός
1588 798 1727 850 σου,

142 871 234 925 ὅτι
271 871 375 926 ἐπὶ
409 871 511 926 σοὶ
546 872 803 940 ἤλπισα.
859 872 1103 941 Μήνισόν
1161 890 1250 942 μοι
1292 873 1431 949 ταχῦ
1477 871 1539 926 τὸ
1582 871 1731 936 ἔλεός

142 980 285 1027 σου,
370 963 460 1017 ἵνα
512 966 610 1017 καὶ
658 964 765 1034 πρὸ
829 960 933 1032 τῆς
985 964 1184 1034 πείρας
1217 1005 1233 1031 ,
1287 966 1355 1035 τῇ
1420 962 1730 1034 ἐπαγγελίᾳ

140 1056 568 1127 ψυχαγωγηθῶ.
615 1053 755 1110 Εἶτα
790 1059 885 1111 καὶ
914 1059 948 1128 ἡ
981 1056 1321 1126 δικαιολογία
1370 1055 1463 1110 τοῦ
1521 1058 1729 1128 τυχεῖν,

142 1149 226 1201 ὅτι
261 1150 365 1202 ἐπὶ
415 1148 502 1202 σοὶ
559 1147 799 1221 ἡλπισα·
859 1147 1021 1202 τοῦτο
1048 1149 1157 1219 γὰρ
1188 1144 1330 1202 οἶδεν
1385 1148 1730 1202 ἐπισπᾶσθαι

139 1239 236 1293 τδν
268 1239 431 1296 Θεόν.

213 1419 540 1489 Γνώρισόν
561 1440 665 1493 μοι
688 1462 704 1489 ,
742 1421 921 1493 Κύριε
945 1461 962 1489 ,
1000 1421 1147 1477 ὁδὸν
1181 1421 1253 1479 ἐν
1278 1415 1321 1494 ᾖ
1342 1424 1733 1496 πορεύσομαι,

142 1514 235 1568 ὅτι
273 1516 431 1586 πρὸς
472 1515 548 1569 σὲ
570 1510 688 1588 ᾖρα
722 1514 836 1584 τὴν
862 1515 1079 1586 ψυχήν
1102 1534 1246 1588 μου.
1278 1517 1391 1572 Καὶ
1423 1519 1533 1589 μὴν
1573 1518 1668 1571 καὶ
1706 1517 1735 1569 ὀ

143 1607 389 1674 φυσικὸς
429 1606 620 1677 νόμος,
669 1609 767 1662 καὶ
809 1606 840 1660 ὁ
878 1608 1125 1679 γραπτὸς
1170 1608 1485 1663 διδάσκουσι
1519 1608 1619 1682 τὴν
1647 1608 1737 1662 εὑ-

142 1701 302 1754 θεῖαν
338 1700 484 1754 ὀδόν.
517 1699 589 1753 Ἥ
617 1700 803 1754 τοίνυν
836 1699 1018 1767 τοῦτο,
1046 1700 1241 1773 φησὶν,
1274 1702 1603 1775 κατεχώσθη
1631 1720 1735 1774 μου

140 1792 206 1847 τὸ
234 1793 498 1856 συνειδὸς
555 1793 663 1847 ὑπὸ
693 1793 793 1865 τῆς
819 1793 1121 1864 ἁμαρτίας,
1170 1795 1203 1864 ἢ
1260 1796 1344 1849 ὅτι
1406 1795 1578 1852 πολλὰ
1622 1800 1736 1862 τοῖς

1760 1845 1812 1907 Β

1831 602 1888 646 et
1924 594 2233 650 custodiam
2265 609 2419 649 suam
2448 596 2518 650 ab
2562 593 2878 649 hominibus
2913 596 3139 664 pravis:
3174 593 3413 651 Mundus

1830 685 1999 745 enim.
2028 684 2225 754 inquit,
2259 694 2336 741 est
2367 685 2548 740 oculus
2577 696 2697 740 tuus
2731 701 2794 738 ne
2821 685 2993 740 uideat
3015 702 3180 756 prava
3208 686 3276 742 ".

1904 778 2071 835 Vens.
2110 777 2164 834 8.
2198 779 2452 833 Auditum
2494 780 2585 847 [ac
2623 760 2752 831 mihi
2783 794 2938 833 mune
2980 780 3408 835 misericordiam

1833 879 2003 938 ιιιιιιιι,
2036 872 2163 942 quia
2188 873 2240 925 in
2274 879 2321 925 te
2346 870 2576 940 speravi.
2598 868 2856 940 signiﬁca
2887 870 3043 936 mihi,
3070 870 3270 940 inquit,
3298 873 3409 927 cito

1834 965 2265 1019 misericordiam
2305 976 2479 1045 tuam,
2531 973 2590 1020 ut
2635 973 2764 1020 ante
2806 963 3228 1033 experientiam,
3279 980 3408 1034 pro-

1834 1058 2097 1112 missione
2133 1066 2227 1112 tua
2260 1056 2566 1127 refrigerer.
2601 1055 2804 1111 Deinde
2835 1055 3102 1111 rationem
3147 1057 3409 1127 apponit,

1833 1166 1934 1205 cur
1966 1150 2275 1221 praestanda
2309 1151 2359 1206 ei
2388 1151 2461 1204 sit
2497 1148 2903 1205 misericordia.
2946 1148 3083 1214 Quia
3115 1149 3324 1205 scilicet
3353 1149 3408 1210 in

1835 1251 1888 1298 te
1920 1244 2153 1310 speravi.
2183 1241 2574 1313 llujusccmodi
2614 1241 2763 1298 enim
2795 1256 2924 1313 spes
2949 1257 3284 1314 magnopere
3322 1257 3415 1297 so-

1837 1336 1913 1390 Ict
1949 1334 2116 1389 Deum
2143 1335 2465 1391 conciliare.

1909 1426 2111 1482 Notum
2145 1426 2234 1498 [ac
2256 1427 2403 1493 mihi,
2429 1425 2671 1493 Domine,
2704 1427 2868 1494 uiam,
2895 1426 2952 1480 in
2972 1442 3077 1494 qua
3106 1424 3410 1490 ambulaba,

1837 1523 1965 1595 quia
2001 1521 2073 1576 ad
2101 1530 2149 1575 te
2177 1519 2344 1576 levavi
2370 1522 2606 1575 animam
2640 1535 2832 1574 meam.
2866 1518 3029 1590 Atqui
3052 1558 3067 1581 .
3100 1528 3209 1573 tam
3255 1527 3414 1572 natu-

1838 1616 1973 1672 ralis
2000 1615 2087 1672 les
2122 1628 2288 1683 quam
2324 1614 2530 1684 scripta
2562 1650 2579 1678 ,
2608 1613 2811 1669 docent
2854 1618 3063 1667 rectam
3101 1612 3266 1668 viam.
3304 1609 3414 1668 Ve-

1840 1724 1961 1764 rum
1990 1722 2157 1774 nunc,
2179 1708 2264 1763 vel
2296 1707 2429 1762 illud
2460 1706 2644 1764 dicere
2668 1705 2923 1772 intendit,
2953 1705 3102 1777 quod
3127 1706 3417 1761 conscien—

1842 1798 1916 1853 tia
1944 1812 2045 1853 sua
2083 1797 2321 1867 peccatis
2350 1808 2493 1853 esset
2523 1797 2811 1868 inquinata
2840 1812 2856 1851 :
2888 1796 2972 1852 vel
2998 1795 3146 1867 quod
3179 1796 3417 1867 plurima

145 1882 479 1954 ἀνθρώποις
510 1885 803 1958 ἠγνόηται.
832 1885 925 1938 Διδ
948 1884 1042 1939 καὶ
1065 1885 1279 1950 Παῦλος
1311 1886 1464 1955 ἔλεγε
1483 1903 1497 1919 ⁶
1530 1888 1600 1945 Τὸ
1622 1889 1735 1960 γὰρ

1853 1889 1912 1944 ιιι
1938 1887 2256 1944 hominibus
2288 1888 2635 1959 ignorantur.
2665 1889 2844 1957 Atque
2877 1887 3002 1943 ideo
3031 1886 3241 1943 Paulus
3270 1887 3421 1943 dice-

142 1976 203 2029 τί
240 1977 764 2047 προσευξώμεθα,
801 1978 904 2033 καί
950 1977 1101 2035 καθὸ
1149 1978 1261 2044 δεῖ,
1311 1982 1422 2036 οὐκ
1464 1981 1733 2052 οἴδαμεν.

143 2065 301 2137 Πρὸς
334 2068 421 2133 σὲ,
473 2068 636 2140 φησὶ,
682 2069 911 2140 κέχηνα,
972 2069 1242 2143 γνώρισον
1294 2088 1386 2143 μοι
1419 2071 1561 2139 ὁδὸν,
1606 2067 1735 2151 ἕνῇ

145 2158 367 2230 βαδίσω
400 2160 540 2232 πρὸς
573 2159 657 2217 σέ.

230 2251 494 2317 Ἐξελοῦ
536 2270 615 2325 με
643 2253 713 2309 ἐκ
750 2253 871 2309 τῶν
909 2254 1142 2327 ἐχθρῶν
1158 2275 1315 2328 μου,
1346 2259 1543 2329 Κύριε,
1586 2260 1738 2330 πρὸς

142 2341 224 2396 σὲ
248 2342 603 2415 κατέφυγον
622 2361 637 2376 ·
676 2343 929 2410 δίδαξον
952 2364 1031 2418 με
1053 2348 1160 2405 τοῦ
1188 2351 1383 2406 ποιεῖν
1413 2351 1480 2405 τὸ
1508 2350 1740 2423 θέλημά

141 2450 294 2501 σου,
329 2437 424 2490 ὅτι
453 2431 622 2491 vita?
643 2440 677 2492 ό
709 2439 854 2506 Θεός
880 2456 1020 2510 μου.
1053 2442 1170 2496 Οὐκ
1214 2438 1371 2497 εἶπεν
1405 2443 1629 2510 Δίδαξόν
1668 2461 1738 2516 με

143 2527 211 2580 τὸ
236 2528 462 2598 θέλημά
499 2546 616 2596 σου,
648 2530 788 2585 ἀλλὰ
820 2530 927 2585 Τοῦ
958 2536 1155 2589 ποιεῖν.
1183 2535 1470 2606 Μακάριος
1500 2536 1611 2608 γὰρ
1639 2537 1739 2609 οὐχ

141 2623 172 2676 δ
207 2620 379 2686 εἰδὼς
411 2622 596 2692 μόνον,
636 2623 756 2677 ἀλλ’
780 2626 809 2678 ὀ
841 2624 938 2678 καὶ
995 2626 1169 2681 ποιῶν
1198 2628 1354 2683 αὑτό.
1392 2631 1503 2683 Καὶ
1538 2630 1648 2703 γὰρ
1676 2630 1738 2684 τὸ

147 2711 260 2781 μὲν
318 2713 548 2776 εἰίέναι,
591 2714 798 2786 ῥᾴδιον,
843 2704 905 2769 τὸ
961 2716 1021 2770 δὲ
1073 2720 1252 2772 ποιεῖν
1286 2719 1589 2791 δυσχερές’
1640 2723 1738 2776 καὶ

145 2803 405 2871 μάλιστα
461 2804 563 2875 τῆς
616 2804 833 2859 ἄνωθεν
892 2806 1270 2876 διδασκαλίας,
1328 2812 1428 2867 καὶ
1480 2811 1740 2886 βοηθείας

138 2894 440 2963 δεόμενον.

221 2987 301 3041 Τὸ
335 2987 579 3055 πνεῦμα
628 2988 697 3042 τὸ
746 2989 975 3060 ἀγαθὸν
1012 2990 1299 3061 ὁδηγήσει
1323 3011 1404 3064 με
1429 2994 1500 3050 ἐν
1533 2996 1611 3067 γῇ
1636 2998 1740 3053 εὐ-

139 3080 309 3147 θείᾳ.
343 3078 440 3134 Ἐν
468 3079 575 3150 ὁδῷ
599 3081 756 3153 ὀρθῇ,
785 3084 880 3136 καὶ
906 3083 1110 3155 ὁμαλῇ.
1149 3085 1389 3154 Τοιαύτη
1425 3088 1504 3152 δὲ,
1554 3090 1587 3159 ἡ
1638 3089 1739 3159 τῆς

1837 1980 1934 2037 bat
1974 1995 1991 2036 :
2030 1980 2183 2046 Quod
2232 1997 2465 2044 oremus,
2498 1988 2549 2035 et
2575 1978 3021 2048 quemadmodum
3051 1987 3279 2048 oportet,
3324 1996 3419 2035 ae-
3468 2056 3471 2057 ν

1837 2076 2035 2130 scimus
2065 2075 2137 2129 ".
2162 2073 2244 2130 Ad
2272 2084 2323 2129 te
2344 2073 2535 2144 igitur,
2560 2071 3176 2143 inquit,'oscitabundus
3200 2082 3415 2144 specto,

1837 2166 2026 2223 indica
2062 2166 2193 2222 mihi
2229 2165 2374 2222 viam
2406 2180 2505 2237 per
2533 2178 2698 2237 quam
2730 2165 3005 2222 ambulem
3041 2163 3110 2219 ad
3145 2174 3220 2221 te.

1910 2259 2076 2316 Vens.
2101 2260 2158 2318 9.
2183 2258 2340 2327 Eripe
2369 2275 2451 2314 me
2475 2258 2541 2313 de
2572 2257 2801 2314 inimicis
2821 2256 2972 2325 meis,
2999 2255 3240 2321 Domine,
3265 2253 3337 2311 ad
3367 2265 3419 2313 te

1838 2352 2077 2423 confugi,
2102 2354 2229 2407 doce
2258 2352 2539 2422 mrfacere
2570 2350 2889 2406 voluntatem
2924 2359 3091 2413 tuam,
3127 2350 3252 2420 quia
3279 2349 3417 2405 Deus

1838 2464 1986 2503 meus
2032 2463 2087 2501 es
2131 2456 2211 2503 tu.
2281 2444 2400 2503 Non
2465 2446 2648 2501 dixit:
2697 2443 2843 2501 Doce
2902 2459 2992 2500 me
3049 2444 3415 2508 voluntatem,

1849 2540 1946 2597 sed
1984 2540 2129 2597 Doce
2164 2549 2223 2594 ut
2254 2538 2452 2594 faciam
2480 2552 2625 2594 eam.
2655 2536 2856 2593 Beatus
2884 2536 3029 2592 enim
3050 2577 3065 2601 ,
3095 2535 3290 2608 inquit,
3322 2536 3418 2607 qui

1838 2649 1950 2687 non
1982 2633 2131 2687 novit
2158 2641 2392 2698 tantum,
2430 2630 2527 2687 sed
2564 2629 2695 2686 facit
2726 2644 2868 2685 eam.
2894 2628 3242 2699 Cognoscere
3270 2631 3419 2684 enim

1840 2725 2060 2781 facilius
2092 2734 2200 2789 est,
2233 2725 2452 2795 operari
2494 2738 2627 2780 vero
2657 2721 2958 2788 difﬁcilius,
3001 2721 3070 2777 iis
3113 2720 3419 2792 praesertim

1838 2816 1935 2890 qui
1973 2830 2210 2888 superna
2235 2815 2488 2872 doctrina
2528 2822 2694 2886 atqee
2733 2828 2838 2887 ope
2864 2813 3133 2895 indigent.

1913 2994 2082 3052 Vens.
2114 2995 2204 3051 10.
2237 2992 2470 3065 Spiritus
2508 3002 2632 3048 tuus
2663 2992 2828 3048 bonus
2855 2991 3076 3047 deducet
3104 3007 3186 3046 me
3222 2990 3279 3045 in
3320 2999 3427 3046 ter-

1842 3105 1960 3145 ram
1985 3096 2205 3143 rectam.
2237 3087 2295 3139 In
2322 3086 2465 3139 viam
2495 3093 2697 3143 rectam
2738 3094 2792 3139 et
2845 3086 3085 3153 planam,
3112 3083 3289 3153 qualis
3339 3092 3426 3138 est

136 3171 387 3242 ἀρετῆς,
436 3171 572 3242 ὀρθὴ
625 3174 748 3241 μὲν,
785 3173 861 3237 ὼς
892 3173 1165 3246 ἀπλανὴς,
1190 3176 1370 3247 ὁμαλὴ
1408 3177 1486 3244 δὲ,
1526 3178 1602 3242 ὡς
1627 3180 1733 3235 ἀπ-

1853 3183 1935 3235 via
1965 3179 2207 3235 virtutis.
2262 3176 2432 3233 Recta
2474 3178 2692 3247 quidem
2722 3219 2738 3242 ,
2782 3177 2947 3231 veluti
3006 3177 3125 3230 sine
3181 3191 3417 3236 errore:

138 3263 484 3334 ηλλαγμένη
536 3258 808 3330 ’σκώλων,
874 3266 972 3320 καὶ
1038 3272 1526 3341 προσκομμάτωνο
1592 3273 1740 3342 ἅπερ

134 3356 259 3408 εἰσὶ
277 3354 353 3407 τὰ
390 3355 536 3426 πάθη
562 3354 661 3425 τῆς
693 3352 988 3428 ἁμαρτίας.
1078 3412 1085 3421 ,

218 3447 492 3501 Ἕνεκεν
522 3447 631 3502 τοῦ
668 3449 964 3518 ὀνόματός
1014 3465 1154 3518 σου,
1185 3452 1385 3520 Κύριε,
1415 3452 1616 3523 ζήσεις
1641 3473 1739 3526 με.

136 3541 221 3594 Οὐ
261 3539 359 3592 διὰ
393 3538 492 3610 τὴν
528 3540 669 3612 ἐμὴν
730 3540 960 3614 ἀρετὴν,
989 3543 1127 3598 ἀλλὰ
1157 3546 1247 3599 διὰ
1278 3545 1342 3599 τὺ
1380 3547 1554 3619 ὄνομα
1606 3567 1700 3603 σου
1724 3566 1738 3580 '

137 3634 560 3705 φιλάνθρωπος
607 3635 721 3705 γὰρ
767 3635 1037 3707 ὀνομάζη,
1065 3638 1161 3692 καὶ
1185 3639 1457 3710 ἐλεήμων.
1510 3642 1742 3714 Εἴρηται

133 3729 198 3781 δὲ
237 3728 343 3781 καὶ
393 3728 451 3779 ὲν
482 3727 560 3796 τῷ
591 3725 973 3811 ριγίψαλμῷ,
1030 3729 1127 3798 Μὴ
1179 3731 1345 3801 ἡμῖν,
1401 3724 1603 3804 Κύριε,
1653 3736 1740 3806 μὴ

129 3819 319 3889 ἡμῖν,
345 3818 491 3872 ἀλλ’
521 3818 558 3885 ἣ
594 3816 675 3884 τῷ
718 3820 968 3890 ὀνόματί
991 3836 1109 3876 σου
1131 3823 1237 3890 δὸς
1261 3823 1472 3889 δόξαν.

225 3911 340 3964 Ἐν
384 3907 461 3977 τῇ
512 3908 881 3980 δικαιοσύνῃ’
920 3928 1037 3968 σου
1084 3915 1326 3985 ἐξάξεις
1365 3918 1434 3972 ἐκ
1480 3921 1745 3988 θλίψεως

128 4002 262 4069 τὴν
314 4002 541 4070 ψυχήν
586 4020 731 4070 μου,
771 4002 873 4057 καί
931 4005 1002 4058 ἐν
1033 4005 1113 4072 τῷ
1163 4008 1319 4062 ἐλέει
1368 4026 1484 4065 σου
1533 4012 1743 4076 ἐξολο-

129 4097 443 4162 θρεύσεις
483 4095 627 4159 τοὺς
655 4094 914 4164 ἐχθρούς
932 4114 1075 4165 μου,
1115 4100 1213 4153 καί
1242 4100 1491 4167 ἀπολεῖς
1510 4103 1744 4171 πάντας

126 4184 293 4252 τοὺς
328 4185 661 4252 θλίϐοντας
689 4186 809 4254 τὴν
837 4190 1056 4257 ψυχήν
1087 4176 1232 4259 μου.
1261 4190 1480 4264 Ἦνπερ
1502 4191 1658 4248 εἶπεν
1685 4199 1744 4249 ὲν

126 4278 296 4347 ἀρχῇ
365 4273 466 4329 τοῦ
527 4275 747 4347 ψαλμοῦ
784 4277 1161 4350 δικαιοσύνην,
1203 4280 1409 4352 ταύτην
1443 4282 1594 4351 λέγει
1648 4286 1743 4339 καὶ

128 4367 267 4432 νῦν,
332 4366 435 4417 καὶ
489 4364 559 4436 ἣν
612 4366 871 4420 ἐκάλεσεν
933 4367 1197 4440 ἀλήθειαν
1258 4372 1395 4438 ἐκεῖ,
1424 4438 1427 4441 _
1458 4373 1744 4444 ὠνόμασεν

1847 3269 2007 3341 plana
2039 3282 2190 3334 vero,
2226 3276 2488 3337 tanquam
2522 3264 2783 3336 periculis
2810 3275 2862 3320 et
2895 3265 3171 3319 scandalis
3205 3266 3419 3319 libera:

1842 3377 1964 3435 quae
2004 3359 2187 3417 dicere
2225 3374 2518 3430 possumus
2546 3373 2671 3415 esse
2702 3357 2962 3427 peccandi
2998 3355 3248 3411 allectus.

1912 3453 2132 3522 Propter
2161 3466 2348 3507 nomen
2382 3460 2557 3516 tuum,
2579 3449 2817 3517 Domine,
2853 3448 3140 3517 viviﬁcabis
3162 3464 3269 3502 me.
3300 3446 3420 3502 Non

1843 3548 1911 3601 oh
1944 3560 2116 3598 meam
2153 3544 2406 3598 virtutem
2432 3581 2448 3607 ,
2482 3542 2579 3598 sed
2606 3552 2830 3612 propter
2855 3550 3010 3594 tuum
3054 3555 3272 3596 nomen.
3313 3539 3419 3593 Mi-

1844 3639 2083 3694 sericors
2114 3637 2314 3692 etenim
2354 3635 2667 3704 appellaris,
2701 3644 2760 3689 ut
2794 3635 2999 3688 dictum
3033 3640 3138 3697 est,
3186 3632 3241 3687 in
3274 3631 3425 3700 psal-

1844 3746 1933 3784 mo
1957 3743 2110 3794 cstu,
2145 3727 2217 3781 ibi
2251 3744 2264 3780 :
2297 3723 2421 3778 Non
2447 3724 2613 3792 nobis,
2638 3724 2885 3791 Domine,
2910 3724 3200 3789 nonnobis,
3224 3725 3313 3776 sed
3330 3737 3426 3775 uo-

1845 3822 1976 3876 nzini
1999 3831 2089 3874 tuo
2114 3820 2183 3873 da
2206 3819 2455 3888 gloriam.

1914 3915 2080 3969 Vens.
2101 3913 2294 3982 “ﬁt.
2322 3910 2386 3966 In
2410 3911 2625 3980 justitia
2646 3907 2962 3976 tua,educes
2988 3905 3053 3962 de
3083 3906 3428 3961 tribulatione

1845 4009 2083 4062 animum
2126 4021 2321 4068 meam,
2347 4015 2393 4058 et
2436 4004 2491 4059 in
2527 4001 2895 4057 misericordia
2929 4011 3021 4054 tua
3048 4000 3427 4055 exterminabis

1843 4099 2084 4151 inimicos
2103 4112 2263 4160 meos,
2298 4104 2345 4148 et
2378 4093 2559 4162 perdes
2590 4108 2767 4148 omnes
2790 4093 2880 4162 qui
2910 4091 3167 4145 tribulam
3191 4091 3429 4144 animam

1843 4172 2037 4244 meum.
2068 4189 2240 4256 Quam
2277 4189 2387 4242 illic
2409 4187 2679 4255 justitiam
2711 4185 2799 4239 hic
2824 4182 3325 4253 quoquejustitiatn
3346 4182 3432 4236 di—

1844 4283 1943 4348 cit,
1966 4289 2021 4337 et
2051 4296 2217 4351 quam
2242 4280 2353 4336 illic
2381 4276 2840 4341 veritatemdixit,
2872 4288 3021 4347 nunc
3051 4273 3186 4327 dicit
3212 4272 3432 4327 misi-ri-

1844 4374 2112 4429 cordiam.
2150 4369 2554 4427 Exterminabis
2588 4377 2772 4423 autem
2801 4377 2854 4421 et
2881 4365 3077 4436 perdes
3127 4363 3431 4418 invisibiles

127 4458 398 4512 ἐνταῦθα
431 4458 622 4522 ἔλεος·
674 4458 1050 4530 εξολόορευσις
1096 4461 1161 4515 δὲ
1209 4462 1304 4516 καὶ
1351 4465 1598 4519 ἀπώλεια
1633 4467 1737 4520 τῶν

1853 4465 2124 4527 inimicos,
2166 4463 2271 4517 hoc
2297 4470 2406 4522 est,
2434 4458 2675 4529 expelles
2698 4467 2752 4512 et
2780 4455 2988 4513 delebis
3010 4470 3127 4518 eos,
3156 4461 3427 4525 quantum

121 4553 368 4622 νοητῶν
424 4518 668 4623 ἐχθριῖω,
800 4518 1068 4615 ἀπέλασινς
1100 4555 1283 4609 αὐτῶν
1307 4593 1322 4619 ,
1358 4558 1453 4610 καὶ
1481 4562 1509 4610 ὁ
1542 4518 1737 4626 ἀφανι-

1853 4557 2055 4611 scilicet
2086 4555 2322 4623 pertinet
2349 4552 2412 4607 ad
2449 4518 2650 4622 ipsum,
2677 4551 2769 4620 qui
2805 4550 2907 4605 hoc
2938 4548 3091 4618 petit.
3116 4547 3272 4613 Quod
3298 4563 3431 4604 vero

121 4650 311 4715 σμὸς,
348 4644 481 4697 ὅσον
505 4643 644 4714 πρὸς
671 4643 764 4705 τὸν
792 4642 970 4698 ταῦτα
1014 4644 1277 4713 λέγοντα’
1317 4648 1377 4700 τὸ
1428 4648 1485 4701 δὲ
1518 4649 1737 4716 Ζήσεις

1853 4650 1924 4702 ait
1961 4664 1976 4699 :
2019 4646 2338 4715 Viviﬁcal'is,
2367 4643 2762 4707 exterminabis,
2786 4651 2834 4696 et
2858 4642 3193 4709 perdes,'non
3217 4648 3432 4695 tantum

116 4737 231 4789 καὶ
297 4731 576 4798 ἐξάξεις,
643 4732 1120 4801 ἐξολοθρεύσεις,
1170 4737 1264 4789 καὶ
1312 4736 1584 4804 ἀπολεῖς,
1633 4740 1737 4791 εἰσὶ

1853 4741 1903 4794 in
1939 4754 2003 4795 eo
2042 4755 2210 4794 sensu
2261 4737 2492 4807 intelligi
2551 4745 2775 4808 potest,
2810 4745 2866 4789 ut
2900 4734 3064 4789 verba
3107 4732 3278 4787 futuri
3324 4732 3435 4786 sint

118 4827 271 4895 μὲν,
312 4823 421 4877 καὶ
450 4822 809 4895 προφητικοῦ
850 4825 1048 4891 τύπου,
1081 4826 1175 4879 καλ⁵
1205 4826 1483 4882 εὐκτικοῦ.

1853 4833 2135 4902 temporis.
2185 4840 2240 4884 et
2281 4831 2622 4900 prophetiam
2667 4828 3011 4903 contineant,
3058 4826 3153 4881 sed
3203 4823 3434 4894 intellioi

1845 4925 2014 4979 etiam
2044 4931 2300 4991 possunt,
2332 4933 2393 4975 ut
2427 4922 2480 4975 in
2516 4921 2762 4990 optantis
2793 4919 3016 4975 modum
3050 4918 3352 4973 sintdicta.

198 5002 361 5056 Ὀτι
382 4998 502 5071 ἐγὼ
531 5000 756 5068 δοῦλός
773 5019 889 5056 σου
913 5005 1057 5073 ειμι.
1081 5005 1302 5070 Δοῦλος,
1321 5005 1395 5069 ὡς
1414 5006 1737 5078 θεραπεύειν

1922 5015 2063 5082 Quia
2091 5032 2184 5084 ego
2218 5030 2398 5069 seruus
2434 5023 2556 5070 tuus
2602 5032 2745 5069 sum.
2785 5012 2862 5067 Eo
2894 5014 3041 5081 quod
3081 5020 3133 5066 et
3172 5012 3433 5064 inservire

118 5092 554 5163 ἐπειγόμενος,
605 5092 700 5146 καὶ
748 5093 1048 5162 φυλάττειν
1092 5098 1161 5150 τὰ
1219 5097 1520 5152 δεσποτικὰ
1574 5115 1744 5169 προσο

112 5190 447 5260 τάγματα.
1024 5217 1032 5226 ·

414 5278 667 5348 Ψαλμὸς
698 5277 777 5343 τῷ
804 5279 983 5332 Δαόὶδ
1019 5280 1171 5347 πρὸς
1195 5281 1442 5336 Γολιάθ.

703 5370 996 5424 ΨΑΛΜΟΣ
1035 5370 1213 5427 ΡΜΓ’.

1849 5104 1947 5159 tibi
1982 5103 2203 5166 festino,
2235 5112 2291 5159 et
2320 5114 2591 5176 praecepta
2618 5113 2733 5169 tua,
2765 5113 3019 5172 tanquam
3044 5099 3260 5156 Domini
3278 5098 3433 5169 iussa

1849 5196 2146 5252 observare
2179 5202 2388 5266 satago.

2065 5287 2316 5343 Psalmus
2347 5290 2449 5355 ipsi
2484 5288 2653 5342 David
2683 5287 2939 5340 adversm
2979 5283 3212 5343 Goliatlt.
3266 5340 3269 5345 ι

2373 5377 2695 5433 PSALMUS
2740 5374 2969 5431 CXLIII.

1924 5469 2185 5537 Quadam
2216 5470 2546 5539 exemplaria
2580 5484 2691 5523 non
2725 5469 2929 5522 habent
2960 5467 3128 5524 verba
3158 5467 3288 5522 illa:
3320 5466 3430 5522 Ad-

1850 5578 2029 5619 versus
2060 5563 2299 5619 Goliam.
2332 5559 2480 5643 i‘iihil
2522 5571 2704 5616 tamen
2750 5560 3144 5630 impedimento
3174 5571 3259 5617 est
3295 5562 3428 5631 quin

1848 5658 2040 5714 adesse
2073 5656 2288 5727 possint
2323 5670 2338 5710 :
2368 5654 2533 5737 quasi
2563 5654 2905 5729 compositus
2947 5651 3114 5711 fuerit
3144 5651 3237 5709 hic
3276 5654 3429 5727 psal-

204 5456 376 5519 Τινᾶ
401 5461 515 5514 τῶν
542 5462 926 5533 ἀντιγράφων,
978 5465 1080 5518 οὐκ
1112 5464 1294 5535 ἔχουσι
1348 5466 1412 5519 τὸ
1454 5470 1610 5538 Πρὸς
1638 5470 1746 5523 τὸν

110 5553 413 5612 Γολιάθ.
455 5551 624 5605 Οὐδὲν
649 5551 707 5605 δὲ
735 5551 939 5605 κωλύει
970 5556 1065 5608 καὶ
1091 5555 1251 5609 τοῦτο
1285 5559 1614 5626 προκεῖσθαι
1644 5559 1739 5614 τοῦ

109 5640 404 5717 ψαλμοῦ,
465 5642 609 5712 μετά
655 5658 720 5711 γε
769 5642 831 5695 τδ
882 5643 1001 5713 μετ’
1044 5646 1257 5699 ἐκείνου
1306 5647 1592 5719 τρόπαιον,
1646 5653 1743 5707 καὶ

200 5829 265 5865 ⁸⁸
298 5828 522 5885 Hahae.
550 5844 590 5896 ι,
628 5827 716 5884 I5.
790 5828 837 5860 "
876 5828 1034 5885 Rom.
1068 5827 1304 5897 3111,26.
