3906 6552
87 383 237 445 12ἳῦ

1252 381 1638 444 COMMENT.
1682 382 1763 442 IN
1807 383 2164 446 PSALMOS.

3212 385 3352 452 1286

80 515 198 547 των
227 497 426 566 ἐρέων,
452 496 538 548 ἵνα
569 496 805 566 κολάσῃς
848 493 976 558 τοὺς
1009 493 1080 564 μὴ
1132 495 1475 563 συνορῶντας
1525 493 1670 545 οἴκοι

1791 493 1957 547 livina
1983 493 2269 561 dignitate.
2303 493 2394 546 Ait
2429 493 2600 565 igitur
2631 513 2644 550 :
2675 492 2976 559 Descende,
3033 509 3241 563 quiusa,
3306 508 3359 553 ιιι

82 589 184 641 Θεν
213 587 276 641 τὸ
296 592 396 659 τῆς
429 587 781 658 ἀνθρωπίνης
805 585 1022 656 φύσεως
1057 587 1300 650 εὐτελὲς,
1330 586 1428 639 καὶ
1480 585 1674 654 ἐπίκη-

88 698 211 749 ρον,
254 680 390 750 μηδὲ
428 679 941 750 σωφρονιζομένους
976 679 1250 740 ἐντεῦθεν,
1277 677 1414 731 ἀλλὰ
1442 677 1670 729 τούναν·

81 773 210 824 τῖον
239 772 644 843 διακειμένους.
670 771 779 825 Καὶ
800 773 908 843 γὰρ
938 775 998 826 ὲν
1023 773 1102 842 τῷ
1131 773 1258 842 Σινᾷ
1289 771 1455 824 πάλαι
1485 771 1670 824 τοιαῦο

77 881 156 916 τα
191 864 423 933 δείματα
469 865 758 933 γενόμενα,
805 864 901 917 τὸν
943 865 1072 916 λαθιν
1129 865 1209 926 εἰς
1270 864 1435 933 φόϐον
1496 863 1670 933 μέγαν

83 952 374 1015 ἐνέϐαλον,
409 955 502 1006 καὶ
539 955 982 1024 σωφρονέστερον
1013 952 1443 1020 ἀπειργάσαντο.

164 1223 530 1293 Ἀστραψον
563 1225 901 1294 ἀστραπὴν,
943 1225 1039 1278 καὶ
1067 1227 1372 1295 σκορπιεῖς
1423 1223 1664 1291 αὐτοὺς,

85 1315 539 1378 ἐξαπέστειλαν
583 1319 655 1372 τὰ
699 1319 858 1384 ,βέλη
911 1333 1028 1373 σου
1056 1358 1070 1383 ,
1120 1319 1218 1372 καὶ
1271 1318 1668 1387 συνταράξεις

81 1408 344 1470 αὐτούς.
378 1409 693 1476 Ἀστραπὴν
722 1407 976 1472 ἐνταῦθα,
1017 1410 1111 1460 καὶ
1138 1409 1290 1478 βέλη,
1318 1411 1417 1472 τὰς
1469 1411 1667 1476 οεηλάο

82 1515 218 1563 τους
250 1502 522 1569 τιμωρίας
551 1502 729 1565 καλεῖ,
765 1497 899 1565 οἷον,
929 1501 1146 1571 λιμοὺς.
1181 1502 1427 1571 λοιμοὺς,
1453 1503 1546 1556 καὶ
1600 1503 1668 1556 τὰ

82 1593 341 1656 τοιαῦτα,
374 1592 469 1646 καὶ
497 1593 606 1647 ἀπὸ
630 1592 738 1646 τῶν
765 1592 1062 1665 γνωρίμων
1095 1595 1188 1650 καὶ
1249 1594 1518 1665 φοϐερῶν,
1575 1593 1666 1649 τὸν

82 1685 520 1754 καταφρονητὴν
554 1686 652 1736 καὶ
683 1684 1124 1740 ἀναπεπτωκότα
1152 1685 1383 1754 τρέμειν
1435 1687 1530 1738 καὶ
1561 1685 1663 1742 διες

81 1775 382 1846 γεξρεσοαι
415 1775 610 1829 ποιῶν.
631 1775 900 1830 Νοούνται
928 1776 984 1830 δὲ
1011 1776 1076 1830 τὰ
1103 1777 1359 1847 ρηθέντα,
1406 1779 1500 1832 καὶ
1538 1779 1666 1848 περὶ

1781 592 1944 654 tange
1977 593 2212 649 montes,
2245 594 2307 641 ut
2335 601 2431 641 eos
2456 589 2680 657 punias,
2717 588 2811 656 qui
2847 587 3106 642 humana:
3150 600 3364 643 naturae

1779 673 2220 730 imbecillitatem
2255 692 2320 732 ex
2356 693 2416 733 se
2445 678 2584 748 ipsis
2610 693 2721 732 non
2775 686 3031 745 cernunt,
3079 687 3132 732 et
3186 681 3362 734 nihilo

1777 768 2150 836 sapientiores
2207 769 2366 836 ﬁunt,
2425 771 2678 841 quinimo
2731 780 2924 827 contra
2979 773 3164 841 potius
3216 772 3364 827 desi-

1777 858 1955 926 piunt.
2020 859 2078 913 in
2138 870 2328 915 monte
2355 861 2557 916 etenim
2595 861 2726 916 Sina
2788 863 2922 915 olim
2974 861 3361 932 hujuscemodi

1778 958 2020 1004 terrores
2077 949 2207 1005 lacti
2249 959 2409 1017 sunt;
2451 952 2594 1006 unde
2629 954 2865 1023 populus
2908 969 3106 1023 magno
3163 955 3364 1010 timore

1774 1041 2005 1096 allectus
2079 1052 2200 1108 est,
2252 1043 2685 1114 castigatiorque
2739 1060 2803 1100 ac
2844 1046 3180 1101 moderatior
3238 1047 3364 1102 ted-

1773 1135 1945 1188 (litus.

1847 1224 2013 1282 Vens.
2046 1226 2098 1282 6.
2135 1226 2378 1297 Fulgura
2409 1228 2828 1300 {ﬁgurationem
2866 1239 2917 1284 et
2943 1227 3216 1299 disperdes
3251 1247 3358 1294 eos,

1775 1317 1921 1371 mitte
1950 1321 2178 1388 sagittas
2207 1331 2326 1374 tuas
2358 1330 2408 1374 et
2443 1319 2785 1375 conturbabis
2825 1337 2932 1375 eos.
2967 1319 3071 1376 Per
3104 1322 3349 1392 fulgura-

1723 1442 1748 1466 κ
1775 1415 1979 1463 tionem
2007 1421 2062 1464 ct
2097 1413 2350 1480 sagittas,
2390 1413 2601 1482 ﬂagella
2655 1428 2721 1467 ac
2764 1413 3036 1483 supplicia
3101 1415 3360 1485 appellat.

1777 1503 1944 1558 veluti
2003 1505 2221 1567 famem,
2287 1515 2518 1576 pestem,
2579 1517 2634 1561 et
2689 1508 2794 1561 alia
2855 1507 3193 1576 huiusmodi.
3253 1507 3362 1559 Νο-

1777 1595 2014 1650 tioribns
2046 1596 2215 1661 enim,
2263 1605 2318 1650 ct
2349 1597 2687 1652 terribilibus
2739 1598 2889 1652 hisce
2935 1599 3218 1652 vocabulis
3267 1615 3358 1652 re-

1777 1687 2036 1756 supinum
2108 1695 2164 1742 et
2215 1695 2651 1758 contemptorem
2717 1689 3038 1753 hominem,
3088 1689 3256 1743 veluti
3328 1703 3360 1742 a

1777 1793 1974 1833 somno
2008 1779 2276 1845 excitans,
2311 1795 2613 1849 exsurgere
2642 1796 2766 1834 eum
2819 1779 2969 1843 facit,
3005 1789 3059 1834 et
3099 1789 3356 1833 tremere.

86 1870 193 1938 τῆς
227 1869 452 1940 πρώτης
498 1869 593 1924 τοῦ
636 1871 890 1940 Σωτῆρος
940 1846 1254 1941 ὶπιδημίας.
1308 1873 1419 1928 Kal.
1459 1874 1568 1944 γὰρ
1613 1846 1673 1926 tv

1791 1867 2018 1923 Possunt
2069 1870 2231 1924 etiam
2293 1870 2410 1924 haec
2465 1846 2630 1924 verba
2683 1870 2752 1926 de
2824 1871 3000 1937 primo
3057 1869 3362 1924 Salvatoris

85 1963 171 2032 τῷ
215 1966 284 2026 ιζ’
333 1963 644 2034 γέγραπται
697 1962 922 2033 ψαλμῷ,
986 1967 1115 2036 περὶ
1168 1965 1268 2035 μὲν
1299 1967 1397 2036 τῆς
1443 1966 1673 2030 κλίσεως

88 2053 192 2106 τοῦ
229 2055 484 2122 ούρανοῦ,
515 2055 596 2106 ὅτι
635 2057 916 2109 Ἕκλινεν
964 2055 1265 2122 οὐρανοὺς
1299 2058 1396 2111 καὶ
1433 2057 1669 2124 κατέϐη.

91 2149 236 2215 Περὶ
277 2147 331 2198 δὲ
383 2146 490 2199 τῶν
512 2146 706 2217 ὁρέων.
731 2149 825 2201 καὶ
846 2146 941 2206 τοῦ
971 2147 1206 2211 καπνοῦ,
1230 2149 1312 2202 ὅτι
1343 2149 1440 2200 καὶ
1464 2149 1530 2202 τὰ
1569 2151 1671 2202 Θε-

83 2238 275 2307 μέλια
310 2236 426 2291 τῶν
459 2239 644 2306 ἐρέων
701 2237 1145 2307 ἐταράχθησαν,
1199 2238 1292 2290 καὶ
1339 2239 1422 2291 ὅτι
1476 2238 1673 2306 Ἀνέϐη

89 2330 333 2394 καπνὸς
371 2331 441 2383 ἐν
497 2329 646 2398 ὀργῇ
701 2331 907 2385 αὑτοῦ.
972 2332 1106 2400 Περὶ
1160 2330 1216 2384 δὲ
1247 2331 1346 2401 τῆς
1381 2331 1674 2400 ἀστραπῆς

88 2423 196 2474 καὶ
228 2421 336 2472 τῶν
369 2420 554 2490 βελῶν,
581 2421 664 2473 ὅτι
699 2421 1115 2484 Ἐξαπέστειλε
1131 2421 1310 2489 βέλη,
1336 2421 1432 2474 καὶ
1455 2421 1672 2488 ἐσκόρο

87 2527 284 2567 πισεν
345 2514 597 2576 αὐτούς⁹
653 2513 752 2565 καὶ
810 2513 1124 2580 ἀστραπὰς
1174 2512 1513 2581 ἐπλήθυνε,
1574 2515 1674 2566 καὶ

88 2605 516 2673 συνετάραξεν
543 2605 765 2670 αὐτούς
788 2619 800 2632 ·
835 2605 930 2656 καὶ
964 2605 1238 2670 ἀνάγνωθι
1264 2605 1363 2667 τὰς
1386 2604 1676 2674 ἐξηγήσεις

89 2697 210 2750 τῶν
245 2696 507 2748 τοιούτων
538 2697 718 2768 ῥητῶν
755 2711 768 2726 ο
805 2697 904 2748 ούκ
937 2697 1044 2750 ἀπὸ
1075 2697 1129 2749 δὲ
1160 2695 1386 2760 σκοποῦ,
1424 2698 1517 2749 καὶ
1546 2696 1676 2762 περὶ

87 2791 197 2857 τῆς
228 2789 488 2859 δευτέρας
518 2787 611 2842 τοῦ
652 2788 893 2859 Χριστοῦ
953 2789 1276 2857 παρουσίας,
1319 2789 1387 2842 τὰ
1431 2790 1678 2860 προρῤηο

89 2883 266 2933 Οέντα
296 2885 456 2932 νοεῖν.

170 2975 642 3039 Ἐξαπόστειῖον
674 2973 789 3040 τὴν
818 2972 986 3042 χεῖρά
1017 2988 1133 3027 σου
1165 2972 1235 3036 ἐξ
1279 2971 1501 3041 ὕψους.
1564 2973 1677 3043 Τὴν

100 3068 518 3137 ἀντιληπτικὴν
573 3084 666 3120 σου
697 3068 964 3136 δύναμιν,
997 3066 1095 3137 τὴν
1162 3069 1518 3138 συμμαχικήν
1579 3085 1674 3122 σου

90 3161 378 3232 βοήθειαν.

183 3251 438 3316 Ἐξελοῦ
463 3267 540 3320 με
566 3251 662 3304 καὶ
685 3249 872 3318 ῥῦσαι
915 3267 992 3320 με
1014 3250 1082 3314 ἐξ
1123 3250 1358 3305 ὑδάτων
1405 3251 1671 3307 πολλῶν.

92 3346 312 3398 ’Υδατα
343 3345 490 3412 λέγει
515 3338 647 3407 ’τοὺς
713 3343 1031 3412 πολεμίους,
1066 3343 1224 3413 δίκην
1276 3343 1485 3396 ὑδάτων
1546 3359 1677 3411 σφο-

88 3437 243 3503 δρῶς
294 3437 388 3489 καὶ
453 3436 703 3496 ἀτάκτως
738 3435 835 3489 καὶ
897 3435 1036 3504 μετὰ
1079 3435 1260 3504 ῥύμης
1317 3434 1672 3503 φερομένους,

92 3527 198 3580 καὶ
226 3527 286 3578 τὸ
319 3527 624 3596 προστυχὸν
657 3526 1096 3596 παρασύροντες.
1130 3526 1433 3593 ’ΛνάγνωΟι
1490 3525 1548 3578 δὲ
1584 3524 1677 3580 καὶ

91 3619 159 3671 ὲν
188 3616 269 3686 τῷ
311 3615 390 3687 gr"
424 3615 647 3686 ψαλμῷ,
678 3616 777 3686 τὴν
811 3614 1075 3686 ἐξήγησιν
1099 3617 1313 3670 τούτου.

170 3791 276 3846 Ἐκ
310 3794 512 3860 χειρὸς
537 3789 684 3846 υἱῶν
734 3790 1091 3858 ἀλλοτρίων.
1124 3790 1459 3862 ’Δνθρώπων
1511 3792 1674 3846 ἀλλο-

92 3885 272 3953 τρίων
303 3903 426 3954 μου,
463 3882 818 3956 ἢάλλοτρίων
849 3883 1004 3952 Θεοῦ,
1053 3883 1143 3937 διὰ
1184 3885 1283 3948 τὰς
1338 3884 1680 3956 παρανομίας

93 3996 305 4034 αυτων.

168 4154 291 4215 Ὧν
318 4162 381 4214 τὸ
409 4160 604 4228 στόμα
626 4159 896 4226 ἐλάλησα
913 4159 1306 4227 ματαιότητα.
1351 4159 1559 4224 Ψεῦδος
1585 4162 1679 4215 καὶ

89 4254 293 4320 λόγους
318 4252 636 4319 ἀνωψεὶείς,
668 4251 746 4304 ἔτι
773 4252 831 4304 δὲ
861 4253 959 4305 καὶ
988 4251 1308 4322 βλαϐερούς.
1468 4285 1474 4291 -

169 4345 284 4400 Καὶ
325 4343 546 4412 nassae
572 4343 791 4404 αὐτῶν,
825 4341 991 4407 δεξιὰ
1028 4342 1286 4409 ἀδικίας.
1329 4337 1450 4405 Ὧν,
1491 4344 1678 4414 φησὶν,

90 4443 191 4494 καὶ
217 4439 286 4491 τὰ
315 4439 450 4507 ἔργα
475 4436 705 4506 πονηρὰ,
737 4437 829 4488 καὶ
865 4437 914 4488 ol
943 4435 1091 4503 λόγοι
1127 4437 1399 4490 κάκιστοι.

1776 1960 2011 2016 adventu
2070 1961 2324 2029 intelligi.
2363 1961 2496 2016 Nam
2529 1971 2583 2016 et
2625 1963 2680 2016 in
2735 1963 2944 2031 psalmo
3004 1977 3113 2015 xvn
3159 1961 3228 2014 de
3279 1962 3362 2014 in-

1775 2050 2077 2106 clinatione
2151 2052 2276 2106 caeli
2351 2052 2616 2120 seriptum
2691 2053 2920 2121 legimus
2988 2068 3003 2105 :
3066 2051 3356 2106 Inclinat-it

1775 2143 1954 2208 caelos,
2004 2155 2052 2198 et
2092 2145 2381 2200 descendit.
2432 2145 2696 2198 Similiter
2744 2145 2811 2199 de
2850 2144 3125 2200 montibus
3177 2154 3233 2198 et
3281 2145 3351 2198 ile

1779 2237 1962 2300 l'umo,
2014 2236 2160 2306 quod
2201 2223 2560 2308 fundamenta
2613 2237 2873 2289 montium
2936 2237 3153 2290 turbata
3207 2245 3354 2298 sunt,

1775 2328 2002 2397 t-tqued
2067 2329 2302 2382 ascendit
2356 2331 2535 2397 tumes
2588 2329 2642 2382 in
2687 2329 2772 2381 ira
2817 2328 2954 2396 ejus.
3009 2327 3084 2383 De
3138 2325 3355 2398 fulgure

1776 2421 1940 2474 etiam
1985 2429 2038 2474 et
2085 2420 2152 2476 de
2207 2420 2444 2490 sagittis.
2494 2420 2639 2489 quod
2697 2418 2850 2476 Misit
2912 2422 3141 2489 sagittas
3200 2435 3351 2485 suas,

1775 2520 1822 2566 et
1879 2513 2152 2578 dissipavit
2209 2529 2321 2575 eos,
2385 2512 2600 2582 fulgura
2667 2511 3060 2579 multiplicarit,
3115 2522 3163 2565 et
3227 2528 3354 2565 con-

1779 2604 2006 2656 turbavit
2047 2619 2172 2666 eos;
2204 2603 2294 2658 ubi
2327 2604 2448 2659 vide
2476 2620 2596 2672 quze
2644 2603 2978 2673 exponendo
3020 2602 3163 2656 dii-ta
3202 2611 3355 2658 Sunt.

1778 2693 1890 2748 Nec
1921 2706 2102 2750 tamen
2140 2695 2237 2750 abs
2256 2711 2314 2751 re
2362 2693 2546 2758 fuerit,
2583 2697 2772 2750 eadem
2817 2695 2932 2750 hate
2971 2694 3129 2749 verba
3170 2695 3238 2748 de
3272 2710 3361 2749 se-

1777 2786 1960 2842 cundo
1985 2787 2190 2843 Christi
2223 2789 2459 2842 adventu
2493 2787 2822 2856 intelligere.

1853 2961 2023 3020 V'Btts.
2071 2963 2125 3017 7.
2177 2965 2376 3019 Emitte
2433 2980 2646 3017 manum
2705 2973 2849 3018 tuam
2897 2979 2962 3018 ea:
2992 2963 3126 3019 alto.
3182 2961 3354 3018 Tuam

1779 3053 1992 3110 scilicet
2016 3055 2309 3124 adiuvandi
2347 3059 2664 3123 potentiam.

1851 3232 2013 3304 Eripe
2054 3249 2154 3300 me,
2205 3243 2254 3287 et
2304 3231 2468 3286 libera
2519 3249 2599 3286 me
2671 3231 2736 3286 de
2787 3233 2940 3302 aquis
2991 3233 3194 3287 multis.
3252 3230 3359 3286 Per

1781 3340 1956 3395 aquas
2004 3327 2298 3396 allegorice
2358 3326 2565 3382 inimici
2622 3326 3029 3396 intelliguntur,
3083 3342 3149 3382 eo
3205 3326 3354 3396 quod

1779 3430 2070 3484 aquarum,
2130 3431 2227 3471 seu
2271 3415 2531 3470 torrentis
2592 3415 2788 3480 instar,
2835 3417 3008 3472 multo
3061 3433 3186 3472 cum
3248 3420 3356 3474 im-

1780 3517 1929 3576 pl'l",
1960 3522 2022 3561 ac
2059 3507 2422 3568 vehementia,
2451 3519 2506 3562 et
2553 3507 2705 3560 nullo
2751 3507 2944 3563 ordine
2981 3509 3248 3576 ferantur,
3302 3523 3357 3567 ct

1780 3601 2144 3669 quodcunque
2213 3599 2434 3654 obvium
2501 3607 2626 3665 est,
2693 3603 3043 3669 pertrahaut.
3106 3601 3242 3658 Vide
3303 3605 3362 3658 in

1781 3692 1990 3762 psalmo
2023 3706 2194 3747 uvm
2229 3691 2627 3760 expositionem
2663 3693 2824 3762 primi
2856 3694 3136 3750 versiculi.

1853 3784 1928 3839 De
1952 3801 2109 3838 manu
2137 3785 2372 3853 ﬁliorum
2416 3785 2731 3840 alienorum.
2777 3785 2892 3841 lloc
2923 3795 3030 3852 est,
3069 3789 3138 3844 de
3191 3804 3356 3842 manu

1781 3877 2086 3939 hominum,
2145 3878 2236 3944 qui
2291 3893 2319 3930 a
2373 3893 2458 3933 me
2491 3878 2654 3930 alieni
2703 3887 2855 3944 sunt,
2890 3881 2972 3935 vel
3026 3883 3118 3948 qui
3178 3896 3207 3934 a
3247 3881 3360 3934 Deo

1781 3972 1944 4024 alieni
2006 3977 2171 4032 sunt,
2245 3982 2467 4038 propter
2549 3983 2764 4024 summa
2831 3971 3096 4026 nimirum
3162 3986 3358 4027 eorum

1780 4065 2011 4118 scelera.

1853 4154 2016 4211 Vitas.
2057 4156 2110 4211 8.
2151 4155 2390 4222 Quorum
2423 4174 2482 4212 as
2515 4158 2753 4213 locutum
2791 4171 2870 4215 est
2898 4163 3177 4217 vanitates.
3212 4161 3362 4217 Men-

1781 4250 1933 4303 dacia
1977 4249 2213 4311 scilicet,
2245 4258 2412 4316 atque
2462 4250 2690 4306 inutiles
2738 4261 2792 4307 et
2833 4254 3025 4308 noxios
3055 4271 3360 4315 sermones.

1857 4341 1924 4392 Et
1969 4343 2187 4395 dextera
2231 4356 2411 4394 eorum
2464 4341 2683 4396 dextera
2735 4343 3034 4410 injustitice.
3087 4346 3356 4412 Quorum,

1785 4434 1982 4498 inquit,
2014 4443 2066 4486 et
2092 4447 2376 4487 sermones
2427 4433 2553 4487 mali
2595 4445 2744 4498 sunt,
2795 4443 2848 4488 et
2888 4452 3050 4503 opera
3092 4438 3356 4506 pessima.

181 4533 248 4584 '0
285 4533 450 4594 Oet‘c,
487 4528 658 4595 ᾠδὴν
688 4527 906 4593 καινὴν
931 4526 1155 4596 ᾄσομαι
1179 4545 1300 4581 σοι.
1336 4528 1674 4598 Εὐχαριστή-

1858 4525 2024 4580 Vens.
2057 4525 2112 4580 9.
2146 4524 2318 4588 Dens,
2361 4526 2623 4578 canticum
2661 4542 2846 4580 nowm
2872 4529 3100 4582 cantabo
3133 4528 3248 4582 tibi.
3301 4530 3362 4584 in

94 4643 238 4698 ριον.
268 4625 482 4692 Ὠσπερ
505 4622 613 4691 γὰρ
653 4623 681 4673 ὁ
706 4621 958 4690 βασιλεὺς
995 4620 1104 4674 ἀπὸ
1147 4621 1241 4674 τοῦ
1288 4621 1678 4691 εὐεργετηθέν-

87 4735 183 4778 to;
219 4715 452 4783 πένητος
493 4713 646 4765 οὐδὲν
671 4712 858 4782 ἕτερον
885 4711 1154 4781 ἐπιζητεῖ,
1189 4711 1222 4782 ἢ
1270 4711 1430 4782 μόνον
1465 4713 1676 4780 εύγνωο

95 4807 348 4879 μοσύνην
373 4806 466 4858 ναὶ
490 4805 788 4874 εὐφημίαν,
821 4802 964 4856 οὕτω
999 4805 1095 4858 καὶ
1123 4806 1149 4857 ὁ
1174 4805 1327 4867 Θεός.
1371 4804 1510 4857 Ἀλλ’
1539 4807 1680 4859 ἐκεῖ·

91 4918 186 4962 νος
234 4899 355 4967 μὲν.
393 4899 478 4950 ἵνα
500 4895 881 4967 χαλεπώτερος
911 4897 1024 4966 (55)
1052 4896 1298 4964 γένηται,
1329 4895 1357 4948 6
1413 4895 1470 4949 δὲ
1522 4896 1676 4958 Θεὸς,

93 4994 190 5045 ἵνα
260 4990 645 5060 λαμπρότερον
705 4991 906 5062 ποιήσῃ
967 4986 1062 5057 τὴν
1123 4987 1472 5058 εύχαριστίαν
1529 4986 1680 5058 αύτῷ

97 5087 473 5157 προσάγοντι.

175 5267 281 5320 Ἐν
305 5264 614 5334 ψαλτηρίφ
641 5261 982 5330 δεκαχόρδῳ
1011 5260 1188 5330 ψαλῶ
1215 5274 1336 5314 σοι.
1385 5259 1558 5313 Πάλαι
1583 5261 1684 5329 μὲν

98 5361 171 5414 δι’
209 5357 460 5430 ὀργάνων
505 5355 761 5408 τοιούτων
800 5354 988 5426 ᾔδοντο
1025 5353 1146 5421 Θεῷ
1189 5354 1238 5406 οἱ
1282 5351 1488 5422 ψαλμοί
1515 5369 1530 5384 ο
1588 5351 1686 5405 νῦν

99 5454 159 5505 δὲ
191 5450 494 5522 ψαλτήριον
527 5446 872 5518 δεκάχορδον,
907 5447 1013 5509 πᾶς
1041 5445 1349 5513 ἄνθρωπος,
1403 5446 1544 5498 κατὰ
1590 5446 1688 5510 τὰς

1786 4619 2086 4690 gratiarum
2117 4618 2327 4673 scilicet
2377 4617 2667 4672 actionem.
2721 4618 2856 4674 Nam
2899 4621 3360 4686 quemadmodum

1788 4731 1878 4770 rex
1926 4728 1954 4765 a
2008 4727 2266 4782 paupere,
2323 4727 2485 4780 quem
2551 4711 2835 4766 beneﬁciis
2898 4711 3170 4777 alieccrit,
3228 4713 3364 4772 nihil

1789 4806 1932 4858 aliud
1969 4807 2162 4873 quzerit
2195 4818 2357 4872 quam
2420 4811 2635 4872 gratum
2671 4803 2942 4871 animum,
2992 4812 3047 4857 et
3101 4805 3314 4859 laudem
3348 4825 3362 4866 ;

1789 4896 1861 4950 ita
1893 4896 2058 4949 etiam
2097 4894 2241 4949 Deus
2291 4908 2320 4948 a
2354 4894 2516 4948 nobis
2549 4895 2683 4948 nihil
2736 4896 2886 4949 aliud
2927 4897 3125 4966 poscit.
3163 4896 3362 4951 Verum

1790 4989 1880 5042 ille
1935 4986 2124 5041 laudes
2186 4985 2399 5054 quaerit,
2473 4993 2531 5039 ut
2587 4986 2773 5041 clarus
2833 5003 2898 5041 ac
2965 4987 3194 5042 celebris
3251 4989 3360 5051 liat,

1762 5079 1935 5134 Deus
1969 5093 2120 5143 vero,
2151 5089 2209 5132 ut
2241 5077 2534 5132 clariorem
2566 5093 2691 5132 eum
2727 5080 2949 5143 reddat,
2983 5080 3072 5148 qui
3108 5076 3368 5145 hujusce.

1790 5171 1939 5226 modi
1970 5169 2160 5225 laudes
2189 5170 2474 5224 obtulerit.

1861 5260 1926 5316 In
1956 5259 2212 5326 psalterio
2235 5259 2564 5312 decue/cordo
2591 5259 2824 5328 psallam
2853 5259 2972 5314 tibi.
2999 5258 3138 5315 Olim
3166 5259 3361 5330 psalmi

1793 5352 2174 5422 hujuscemodi
2207 5351 2430 5420 organis
2463 5351 2572 5406 Deo
2608 5352 2973 5416 canebantur,
3010 5369 3158 5408 nunc
3191 5353 3364 5406 ﬁdelis

1796 5446 2028 5517 quilibet
2059 5454 2191 5500 tunc
2219 5444 2437 5499 demum
2470 5444 2794 5515 psalterium
2838 5444 3241 5501 decachordum
3281 5445 3366 5499 cf-

1449 5628 1645 5693 Varite
1702 5623 2036 5689 lectiones.

182 5761 299 5829 (55)
334 5761 520 5816 Grmce
563 5759 839 5830 χαλιπώτε
850 5777 964 5832 ρος,

109 5831 303 5903 tigisse
338 5834 629 5902 interpres,
667 5830 925 5888 vertendo
965 5839 1018 5885 ut
1049 5830 1169 5886 inde
1201 5832 1392 5886 elatior
1422 5831 1538 5897 ﬁat.

1043 5774 1202 5815 sensu
1237 5773 1342 5812 non
1410 5759 1546 5814 satis
1621 5757 1950 5823 commodo;
2014 5757 2178 5827 hujus
2243 5764 2426 5813 tamen
2500 5753 2757 5812 dictionis
2823 5755 2932 5810 vim
2994 5752 3216 5823 propius
3285 5761 3365 5806 at-
