3906 6598
181 387 308 454 1‘28!)

1310 378 1721 443 cunnum.
1751 377 1834 440 IN
1872 376 2243 457 .PSALMOS.

3286 368 3425 437 1290

231 492 526 561 Μακάριος
560 494 594 547 ὁ
614 490 788 557 λαὸς,
830 486 901 547 οὗ
926 490 1141 559 Κύβος
1170 492 1203 545 ὀ
1240 491 1387 557 Θεὸς
1414 489 1625 546 αὐτοῦ.
1663 482 1739 543 OB

1911 487 2110 542 Beatus
2139 485 2384 556 populus,
2424 484 2579 553 cujus
2605 482 2863 539 Dominus
2910 480 3051 537 Deus
3081 481 3218 552 ejus.
3254 479 3426 549 Cuju'

174 591 321 660 μερῖς
353 586 553 655 Κύριος
583 586 612 637 δ
666 583 801 646 Θεὸς
850 582 1040 637 αὑτοῦ·
1088 582 1122 654 ἢ
1168 574 1232 636 οὗ
1283 580 1546 650 Κύριοςό
1607 578 1741 642 Θεὸς

169 679 349 743 αὑτοῦ,
376 672 444 732 οὗ
490 676 739 747 κυριεύει
770 678 799 729 δ
832 675 988 740 Θεὸς,
1018 676 1117 746 οὐχ
1142 674 1352 737 ἁπλῶς,
1394 672 1532 727 ἀλλὰ
1564 672 1745 724 πειθοο

167 772 327 843 μένου
368 771 489 833 ταῖς
519 769 782 833 ἐντολαῖς.
814 767 1003 825 αὐτοῦ.
1035 767 1207 820 Τοῦτο
1233 766 1344 836 γὰρ
1366 764 1536 827 ὅντως
1565 780 1741 834 μακαο

171 864 370 935 ριότης,
409 859 486 925 ὠς
519 858 725 928 ἀγαθὸν
759 859 990 928 μόνιμον
1036 859 1132 911 καὶ
1162 856 1490 920 διαιωνίζον.

604 951 904 1018 Αίνέσεως
952 949 1035 1015 τῷ
1083 949 1284 1004 Δασίδ.

700 1045 997 1100 ΨΑΛΜΟΣ
1051 1040 1223 1099 PMJ’.

393 1141 617 1204 Αἰνείης
654 1139 812 1195 uetuit
894 1141 988 1193 καὶ
1027 1140 1195 1193 πᾶσιν
1236 1137 1578 1211 ἁρμόζουσα.

244 1401 498 1472 ’Υψώσω
523 1420 616 1467 σε,
641 1405 673 1457 ὁ
700 1403 845 1468 Oeric
863 1419 1006 1470 μου,
1029 1404 1062 1456 ό
1092 1402 1394 1467 ,βασιλεύς
1421 1418 1558 1472 μου.
1577 1401 1744 1475 Ὑψη-

168 1497 231 1550 >.ὰ
272 1497 403 1566 περὶ
461 1496 556 1549 σοῦ
607 1494 869 1564 θεολογῶν
895 1495 976 1567 ’ἢ
1030 1495 1089 1549 τὸ
1123 1495 1255 1566 ὕψος
1318 1512 1412 1549 σου
1462 1498 1744 1566 γνωρίζων

170 1589 279 1648 τοῖς
313 1585 625 1654 ἀγνοοῦσιν.
1324 1592 1335 1601 ’

233 1678 341 1734 Καὶ
367 1679 683 1747 εὐλογήσω
714 1678 780 1732 τὸ
811 1677 1002 1747 ὄνομὰ
1028 1692 1147 1732 σου
1173 1678 1257 1743 εις
1288 1677 1395 1732 τὸν
1421 1677 1607 1733 αἰῶνα
1637 1679 1742 1733 τοῦ

1846 579 2025 649 portio
2067 577 2332 633 Dominus
2365 575 2509 632 Deus
2542 576 2662 646 ejus
2689 589 2704 640 ;
2736 573 2824 630 vel
2850 571 3009 644 cujus
3046 573 3312 629 Dominus
3339 581 3427 628 est.

1842 669 1987 726 Deus
2016 670 2157 738 ejus,
2188 668 2348 739 cujus
2380 666 2528 723 Deus
2562 666 2877 722 dominatur
2909 683 2924 720 :
2951 681 3053 722 nec
3075 664 3424 735 simpliciter,

1841 761 1939 817 sed
1970 763 2096 831 quia
2131 761 2280 819 illius
2316 768 2471 831 paret
2503 758 2805 815 mandatis.
2837 756 2963 814 Hec
3011 757 3213 814 etenim
3249 756 3427 813 beati-

1843 855 1974 911 tudo
2006 871 2131 912 vera
2166 864 2270 914 est.
2301 854 2466 911 veluti
2497 853 2667 921 bona,
2699 854 2915 910 stabilis
2945 868 3011 910 ac
3050 864 3334 926 perpetua.

2266 944 2622 1001 Laudationis
2652 946 2754 1013 ipsi
2805 945 3001 1000 David.

2341 1037 2661 1095 PSALMUS
2695 1037 2929 1093 CXLIV.

1916 1132 2015 1188 llic
2051 1134 2297 1204 psalmus
2328 1131 2702 1187 laudationem
2738 1128 2829 1183 Dei
2859 1128 3126 1197 continet,
3159 1144 3283 1201 qua!
3306 1144 3424 1183 om-

1847 1226 2010 1281 nibus
2039 1225 2346 1281 communis
2377 1237 2505 1279 esse
2533 1229 2734 1293 potest,
2765 1231 2820 1276 et
2850 1235 2915 1275 ex
2945 1220 3121 1278 ﬁdelis
3155 1222 3426 1293 cuiusque

1843 1333 2079 1389 persona
2107 1315 2366 1387 proferri.

1917 1410 2084 1466 Vens.
2114 1410 2165 1463 l.
2200 1409 2466 1465 Eraltabo
2499 1419 2568 1477 te,
2605 1410 2743 1467 Deus
2772 1426 2939 1475 meus,
2974 1424 3067 1463 rex
3107 1423 3268 1462 meus.
3305 1407 3423 1461 Alta
3466 1402 3481 1413 ⁸

1848 1515 1911 1554 ac
1936 1500 2191 1555 sublimia
2218 1500 2283 1554 de
2302 1511 2353 1554 te
2380 1502 2775 1572 contemplans,
2795 1502 2881 1556 vel
2903 1499 3241 1555 altitudinem
3265 1507 3415 1553 lnam

1847 1591 2233 1663 ignorantibus
2263 1591 2571 1647 declarans.

1916 1682 1984 1737 Et
2018 1684 2318 1739 benedicam
2350 1684 2551 1738 nomini
2581 1693 2667 1737 tuo
2695 1699 2753 1737 in
2782 1682 3061 1748 arculum,
3091 1691 3143 1736 et
3165 1699 3221 1736 ιη
3249 1697 3421 1736 siccu-

167 1770 398 1837 αἰῶνος.
444 1771 564 1834 Πῶς
594 1772 702 1843 γὰρ
734 1771 834 1824 οὐκ
862 1769 1215 1840 ἄτοπον,τὴν
1262 1770 1363 1839 μὲν
1417 1771 1599 1824 κτίσιν
1652 1771 1742 1823 διὰ

1856 1772 1950 1826 lum
1982 1774 2185 1828 sa'culi.
2214 1773 2526 1828 Absurdum
2557 1773 2705 1827 enim
2739 1782 2884 1828 esset
2911 1815 2925 1839 ,
2959 1781 3250 1842 postquam
3307 1774 3426 1842 ipsa

170 1836 364 1926 παντὸς
400 1836 750 1932 ἀναπέμπειν
776 1861 856 1934 τῷ
891 1862 1103 1935 κτίστῃ
1148 1836 1305 1926 δόξαν
1362 1862 1453 1931 (Ol
1490 1863 1735 1926 οὐρανοὶ

1856 1867 2005 1921 etiam
2038 1865 2376 1921 irrationalis
2406 1873 2660 1922 creatura
2736 1863 3053 1920 Creatorem
3089 1878 3249 1920 suum
3279 1878 3430 1919 sem-

166 1955 295 2024 γὰρ,
327 1955 515 2024 φησὶν,
555 1953 907 2023 διηγοῦνται
956 1953 1148 2021 δόξαν
1189 1957 1363 2030 Θεοῦ)
1407 1956 1500 2010 τὸν
1526 1957 1584 2011 δὲ
1654 1957 1746 2009 λόο

166 2062 281 2112 γιον
314 2045 602 2115 ἄνθρωπον
648 2046 1006 2101 ἐλαττοῦσθαι
1045 2047 1249 2118 ταύτης
1284 2050 1341 2101 ὲν
1395 2049 1600 2118 τούτῳ,
1648 2050 1746 2100 καὶ

168 2136 241 2204 μὴ
275 2136 508 2189 πάντοτε
539 2135 785 2201 δοξάζειν
817 2138 979 2191 αὑτὸν
1014 2138 1110 2192 καὶ
1143 2139 1211 2192 δι’
1240 2140 1520 2209 εὐφημίας
1555 2140 1650 2192 καί
1677 2139 1747 2192 δι’

166 2228 533 2298 ἀγαθοεργίας
564 2244 581 2295 ;
610 2230 811 2295 Ὅπως
846 2232 975 2301 γὰρ,
1013 2232 1199 2302 φησὶν,
1262 2231 1434 2285 ἴδωσι
1483 2232 1555 2286 τὰ
1590 2231 1748 2285 καλὰ

163 2317 333 2387 ὑμῶν
360 2319 528 2389 ἔργα,
567 2320 664 2375 καὶ
693 2327 761 2374 τα
793 2319 946 2392 ἑξῆς*
991 2323 1088 2376 καὶ
1140 2322 1253 2393 γὰρ
1316 2322 1529 2376 πολλῶν
1571 2323 1745 2391 ἐσμεν

72 2485 76 2489 4
163 2410 437 2478 ὀφειλέται
467 2411 545 2482 τῷ
593 2413 733 2483 Θεῷ,
763 2415 847 2467 ὅτι
889 2430 948 2467 τε
981 2416 1081 2467 οὐκ
1128 2414 1295 2478 ὄντας
1342 2415 1590 2485 ἐποίησε,
1649 2415 1747 2468 καὶ

161 2504 243 2558 ὅτι
264 2504 540 2569 τοιούτους
558 2507 873 2578 εἰργάσατο,
901 2508 995 2561 καὶ
1021 2508 1081 2560 τὸ
1108 2508 1401 2578 γενόμενον
1438 2507 1746 2578 διακρατετ,

166 2599 260 2650 καί
294 2601 606 2668 προνοεῖται
647 2599 735 2653 διὰ
767 2600 990 2665 παντὸς,
1028 2601 1122 2653 καὶ
1156 2603 1333 2671 κοινῇ.
1364 2601 1458 2653 καὶ
1486 2600 1618 2671 ἰδίᾳ,
1651 2600 1746 2652 καὶ

160 2688 361 2759 λάθρα,
391 2693 485 2743 καὶ
502 2692 773 2761 φανερῶς,
798 2692 892 2744 καὶ
923 2691 1145 2744 εἰδότων
1162 2692 1258 2744 καὶ
1283 2691 1646 2760 ἀγνοούντων.
1678 2689 1745 2743 Τί

161 2785 270 2852 γὰρ
295 2784 361 2838 ἄν
385 2800 469 2847 τις
492 2784 635 2836 εἴποι
664 2783 733 2836 τὰ
759 2783 828 2837 δι’
853 2785 998 2854 ἡμᾶς
1023 2784 1332 2848 κτισθέντα,
1360 2783 1459 2853 τὴν
1475 2782 1751 2837 διακονίαν

163 2877 232 2945 ἣν
266 2877 402 2945 ἡμῖν
441 2875 767 2947 παρέχεται,
791 2875 889 2946 τὴν
908 2874 1196 2930 διάπλασιν
1220 2874 1318 2928 τοῦ
1350 2874 1626 2944 σώματος,
1649 2874 1750 2944 τὴν

157 2966 443 3033 εὐγένειαν
461 2969 559 3036 τῆς
581 2966 780 3037 ψυχῆς,
807 2966 904 3037 τὴν
937 2967 1175 3030 σύνεσιν,
1193 2966 1284 3019 τὸν
1304 2965 1536 3034 φυσικὸν
1554 2966 1743 3035 νόμον,

154 3059 248 3111 τὸν
278 3060 548 3128 γραπτόνς
569 3062 661 3113 καὶ
680 3062 738 3112 τὸ
757 3058 1050 3128 κεφάλαιον
1065 3059 1173 3111 τῶν
1197 3058 1440 3127 ἀγαθῶν,
1464 3057 1580 3129 ’ἔχει’
1604 3060 1752 3128 ἡμᾶς

1843 1973 1941 2028 ρει·
1978 1957 2249 2029 gloriﬁcat
2287 1957 2443 2028 (Caeli
2470 1957 2637 2024 enim,
2671 1957 2871 2029 inquit,
2915 1969 3168 2012 enarrant
3199 1957 3428 2027 gloriam

1844 2048 1943 2104 Dei
1972 2047 2065 2120 "),
2103 2049 2147 2104 si
2183 2049 2468 2104 rationalis
2496 2048 2659 2102 homo
2725 2048 2778 2102 in
2811 2048 2913 2103 hoc
2957 2047 3293 2104 laudationis
3336 2064 3429 2119 ge.

1849 2155 1981 2196 nere
2022 2141 2092 2196 ab
2123 2155 2186 2194 ea
2217 2140 2548 2204 vinceretur,
2578 2152 2681 2193 nec
2713 2151 2929 2206 semper
2956 2136 3124 2192 Deum
3152 2138 3430 2207 gloriﬁca-

1843 2241 1948 2299 ret,
1981 2248 2080 2302 per
2106 2232 2296 2286 laudes
2332 2230 2591 2285 nimirum
2653 2238 2707 2285 et
2733 2245 2827 2300 per
2861 2229 3004 2284 bona
3048 2243 3237 2299 opera,
3266 2228 3428 2299 juxta

1840 2324 1894 2379 id
1923 2325 2067 2396 quod
2101 2324 2368 2394 scriptum
2402 2331 2487 2379 est
2519 2340 2534 2377 :
2567 2321 2636 2378 Ut
2656 2323 2864 2377 videant
2884 2322 3022 2377 bona
3044 2330 3215 2377 vestra
3239 2338 3423 2390 opera,

1838 2426 1889 2472 et
1944 2416 2238 2487 gloriﬁcent
2289 2414 2505 2469 Patrem
2535 2414 2607 2483 ",
2670 2422 2778 2470 etc.
2820 2416 3022 2469 Sumus
3070 2415 3271 2469 etenim
3317 2427 3428 2484 pra:

1841 2510 2056 2567 ereteris
2086 2508 2346 2565 omnibus
2378 2523 2479 2563 nos
2514 2508 2624 2562 Deo
2659 2497 2971 2571 debitores,
3013 2515 3066 2563 et
3115 2507 3243 2576 quia
3299 2508 3427 2562 fecit

1840 2619 1968 2669 nos,
1996 2619 2120 2658 cum
2159 2617 2265 2658 non
2298 2617 2547 2658 essemus
2585 2620 2600 2659 :
2632 2609 2687 2659 et
2719 2602 2847 2673 quia
2879 2603 3014 2658 tales
3042 2603 3250 2658 creavit
3279 2641 3294 2666 ,
3331 2603 3429 2656 bo-

1846 2699 2023 2751 mines
2077 2696 2291 2751 scilicet
2333 2703 2387 2750 et
2423 2696 2608 2751 lldelcs
2638 2713 2654 2763 ;
2691 2703 2745 2750 ct
2773 2696 2917 2766 quod
2946 2704 3165 2752 creatos
3200 2710 3428 2751 conser-

1841 2797 1968 2854 vat;
2002 2794 2056 2842 et
2088 2789 2216 2857 quia
2242 2786 2639 2858 providentiam
2674 2796 2923 2841 nostrum
2951 2788 3197 2842 omnium
3235 2787 3421 2850 habet.

1841 2882 1897 2935 in
1934 2880 2245 2934 universum
2287 2877 2565 2942 omnium,
2601 2892 2665 2931 ac
2706 2876 2964 2946 privatim
3019 2878 3365 2947 singulorum
3404 2915 3423 2940 .

1841 2978 2055 3024 secreto
2083 2978 2136 3023 et
2163 2968 2362 3038 palam,
2382 2973 2488 3020 tam
2519 2966 2810 3021 scientium
2830 2980 2994 3037 quam
3028 2965 3419 3038 ignorantium.

1844 3061 1980 3127 Quis
2014 3059 2159 3115 enim
2199 3058 2386 3111 omnia
2416 3071 2480 3110 ea
2527 3071 2789 3111 enarrare
2848 3067 3076 3126 posset,
3114 3073 3237 3127 quae
3282 3057 3424 3113 Deus

155 3145 603 3219 ὲνᾳνθρώπησις,
640 3149 736 3203 καὶ
766 3151 835 3203 τὰ
863 3149 1032 3221 πάθη,
1067 3149 1163 3203 καὶ
1202 3152 1234 3219 ἡ
1269 3151 1478 3221 σφαγή.
1516 3151 1736 3203 Τούτων

1856 3161 2060 3221 )ropter
2084 3150 2334 3203 homines
2354 3148 2603 3203 creavit?
2624 3147 2690 3201 Et
2713 3149 3075 3203 ministerium
3103 3149 3257 3213 illud,
3275 3150 3423 3220 quod

153 3235 252 3292 οὖν
313 3240 569 3294 ἁπάντων
600 3244 694 3295 καὶ
724 3242 936 3318 μυρίων
986 3242 1166 3297 ἄλλων
1227 3242 1504 3312 ὀφειλέται
1546 3242 1734 3312 ἐσμέν.

1847 3241 2006 3296 nobis
2030 3237 2341 3308 impendit?
2373 3236 2627 3307 corporis
2661 3236 3069 3304 formationem,
3096 3241 3293 3294 aninue
3324 3255 3426 3295 no-

154 3335 452 3401 bilitatem,
487 3338 835 3408 sapientiam,
871 3349 1081 3393 natura:
1103 3345 1301 3410 legem,
1323 3347 1377 3394 et
1399 3339 1569 3409 legem
1601 3340 1886 3409 scriptam,
1913 3347 1968 3393 et
1998 3337 2145 3408 quod
2188 3336 2455 3392 bonorum
2495 3337 2765 3404 ;omnium
2838 3345 2935 3391 est
2996 3344 3164 3407 caput
3187 3375 3208 3404 ,
3274 3337 3424 3396 illivs

154 3427 619 3493 incarnationem,
651 3431 957 3499 passiones,
987 3440 1042 3487 et
1071 3431 1577 3487 mortemil-lorum
1612 3433 1859 3489 omnium
1931 3431 2099 3503 igitur
2176 3442 2347 3501 atque
2397 3429 2883 3486 innumerabilium
2962 3431 3194 3487 aliorum
3254 3434 3424 3489 benc-

154 3526 436 3587 liciorum.
470 3527 578 3583 Deo
606 3529 881 3586 debitores
915 3545 1127 3587 sumus.

226 3622 357 3673 Καθ
373 3616 656 3687 ’ἑκάστην
677 3608 908 3689 ήιὶἐραν
929 3623 1249 3693 εὐλογήσω
1268 3641 1363 3687 σε,
1392 3624 1487 3678 καὶ
1518 3622 1739 3679 αἰνέσω

152 3712 221 3767 τὸ
253 3709 448 3779 ὄνομὰ
475 3727 593 3765 σου
616 3713 704 3779 εις
728 3714 836 3766 τὸν
854 3711 1075 3781 λαιῶν-α,
1127 3715 1224 3769 καὶ
1264 3719 1352 3781 εις
1386 3717 1495 3770 τὸν
1553 3715 1739 3771 αἰῶνα

152 3800 270 3856 τοῦ
297 3799 536 3867 αἰῶνος.
570 3801 759 3857 Ταῦτα
792 3804 966 3875 σαφῆ.

224 3892 437 3961 Μέγας
464 3894 679 3959 Κύριος
739 3895 837 3948 καὶ
887 3895 1122 3961 αἰνετός
1164 3895 1424 3965 σφόδρα,
1467 3897 1565 3951 καί
1627 3914 1740 3962 της

143 3984 594 4054 [Hernicum-nc
630 3986 820 4040 αὐτοῦ
867 3989 980 4042 οὐκ
1005 3989 1139 4042 ἐστι
1181 3988 1388 4056 πέρας.
1446 3988 1630 4056 Μέγας
1676 3990 1736 4042 οὐ

153 4078 333 4148 μόνον
368 4077 443 4139 ὡς
479 4078 879 4149 μεγαλουργδς,
915 4080 1052 4133 ἀλλὰ
1090 4080 1187 4135 καὶ
1205 4080 1289 4144 ὡς
1334 4081 1737 4151 μεγαλόδωρος.

150 4170 257 4223 καὶ
287 4169 377 4222 διὰ
417 4169 589 4222 ταῦτα
649 4172 861 4234 αἰνετὸς
909 4172 1135 4243 σφόδρα.
1190 4173 1252 4225 El
1281 4173 1336 4225 δὲ
1366 4174 1466 4242 τῆς
1508 4173 1741 4243 μεγαλοο

151 4261 334 4329 σύνης
370 4262 534 4317 αὑτοῦ
562 4264 663 4317 οὐκ
690 4263 807 4316 ἐστι
837 4265 1034 4334 πέρας,
1088 4266 1209 4321 οὐδὲ
1251 4266 1471 4337 μέτρον,
1522 4266 1740 4330 πάντως

147 4353 281 4408 οὐδὲ
315 4353 415 4424 τῆς
438 4354 699 4419 αἰνέσεως
730 4354 921 4411 αὑτοῦ.

224 4533 427 4589 Γενεὰ
461 4534 560 4590 καί
606 4536 788 4605 γενεὰ
830 4537 1162 4593 ἐπαινέσει
1191 4539 1263 4594 τὰ
1305 4539 1450 4607 ἔργα
1489 4555 1630 4596 σου.
1664 4540 1742 4594 Ἤ

141 4644 208 4680 τε
262 4622 424 4691 οὖσα,
456 4626 552 4697 ἦτε
583 4627 835 4682 ἐπιοῦσω
869 4631 1122 4684 τουτέστι
1155 4632 1329 4685 πᾶσα.
1365 4632 1543 4701 Ἔργα
1568 4633 1624 4686 δὲ
1656 4632 1744 4685 λέ-

141 4735 245 4786 γει
298 4717 418 4781 νῦν,
450 4718 521 4772 τὰ
551 4720 609 4772 ἐν
636 4719 696 4786 ἒξ
732 4720 974 4791 ἡμέραις
1004 4722 1506 4795 δημιουργηθέντα·
1554 4725 1587 4795 ἦ
1645 4726 1742 4779 καὶ

137 4812 221 4866 τὰ
256 4813 323 4865 ὲν
353 4812 543 4882 τέρασι
578 4813 673 4866 καὶ
697 4813 951 4885 σημείοις
974 4814 1099 4868 καθ’
1129 4817 1371 4889 ἑκάστην
1396 4817 1592 4886 γενεὰν
1621 4820 1745 4874 ἑπι-

136 4900 481 4969 τελούμενα.

222 5078 348 5133 Kal
372 5077 486 5146 τὴν
509 5079 612 5133 δύν
624 5081 770 5150 αμιν
792 5096 910 5136 σου
940 5083 1376 5154 ἀπαγγελοῦσι.
1396 5086 1507 5158 Τὴν
1531 5089 1588 5144 ἐν
1613 5092 1740 5142 τού-

131 5189 271 5255 τοις
297 5187 359 5224 τε
391 5174 485 5224 καὶ
504 5172 603 5245 τὴν
632 5175 689 5226 ὲν
727 5175 805 5245 τῷ
841 5177 1224 5249 εὐεργετεῖν,ῆ
1247 5178 1520 5244 κολάζειν.
1540 5181 1740 5236 Γενεὰν

130 5266 198 5318 δὲ
265 5263 367 5318 καὶ
428 5267 622 5332 γενεὰν
670 5268 820 5335 λέγει
861 5269 956 5322 νῦν
1017 5272 1145 5336 τοὺς
1193 5274 1251 5326 ὲν
1299 5274 1507 5345 ἑκάστῃ
1574 5278 1740 5348 γενεᾷ

132 5357 424 5419 συνετοὺς
448 5358 544 5410 καὶ
577 5358 868 5428 Θεοφιλεῖς,
893 5361 945 5415 οἳ
986 5364 1178 5434 πρῶτα
1209 5366 1309 5435 μὲν
1333 5368 1548 5430 ἑαυτοῖς
1584 5368 1743 5421 ἐπαι-

125 5448 314 5505 νοῦσι
342 5449 411 5502 τὰ
439 5448 576 5521 ἔργα
608 5451 701 5505 τοῦ
758 5453 918 5520 Θεοῦ,
952 5452 1071 5509 εἶτα
1128 5459 1221 5512 καὶ
1250 5457 1432 5523 ἄλλοις
1463 5461 1742 5530 ἀπαγγέλ-

124 5543 317 5598 λουσι
354 5540 455 5615 τὴν
479 5542 712 5614 δύναμιν
733 5547 920 5602 αὐτοῦ.

208 5812 267 5844 ’⁷
293 5808 443 5899 Psa'l.
480 5828 630 5880 xvut,
663 5815 714 5870 l.
813 5817 860 5850 "
893 5817 1087 5874 Matth.
1111 5837 1163 5885 ν,
1191 5822 1277 5878 l6.

512 5904 784 5968 Pnnoc.
848 5907 964 5969 Gn.
1012 5911 1312 5977 CXXVIII.

1920 3620 2087 3676 Vens.
2124 3619 2183 3675 9..
2216 3619 2320 3674 Per
2350 3618 2587 3690 singulos
2609 3620 2719 3673 dies
2745 3618 3048 3673 benedicam
3079 3619 3204 3683 tibi,
3232 3629 3281 3674 et
3305 3619 3424 3674 lou-

1842 3712 1982 3767 dabo
2004 3728 2192 3767 nomen
2219 3722 2366 3767 tuum
2393 3714 2446 3767 in
2475 3712 2755 3776 sicculum,
2779 3721 2830 3766 et
2861 3713 2915 3766 in
2935 3716 3187 3767 sn'culum
3212 3715 3419 3770 steculi.

1846 3805 1968 3860 ll:cc
1997 3805 2160 3860 verba
2195 3820 2293 3875 per
2319 3819 2380 3860 se
2409 3804 2557 3859 clara
2600 3815 2753 3860 sunt.

1915 3896 2078 3951 Vens.
2120 3898 2175 3951 ὃ.
2207 3894 2431 3967 Magnus
2459 3895 2716 3951 Dominus
2758 3906 2808 3950 et
2841 3895 3143 3951 laudandus
3173 3898 3346 3965 valde,
3373 3909 3423 3954 et

1844 3986 2225 4058 magnitudinis
2249 3987 2365 4055 ejus
2387 4002 2491 4039 non
2508 3993 2585 4040 est
2615 3986 2759 4055 ﬁnis.
2787 3984 3022 4056 Magnus
3048 4003 3157 4043 non
3185 3997 3420 4053 tantum,

1845 4093 1901 4133 ut
1933 4093 2254 4150 magnarum
2309 4092 2497 4133 rerum
2555 4077 2737 4147 cpite:
2768 4119 2785 4146 ,
2836 4078 2933 4133 sed
2987 4087 3046 4133 ut
3102 4096 3421 4152 magnorum

1844 4171 2114 4224 donorum
2148 4168 2378 4238 largitor
2416 4185 2430 4222 :
2467 4176 2520 4223 et
2571 4180 2859 4238 propterea
2917 4168 3075 4223 valde
3116 4170 3426 4226 laudandus

1843 4269 1950 4317 est.
1991 4259 2147 4327 Quod
2183 4260 2230 4316 si
2265 4261 2452 4313 nullus
2481 4266 2567 4312 est
2598 4259 2726 4313 ttnis
2759 4259 2961 4314 divina:
3005 4261 3422 4330 magnitudinis,

1846 4361 2247 4424 consequenter
2297 4351 2480 4405 nullus
2527 4352 2632 4405 erit
2682 4351 2847 4406 etiam
2904 4352 3107 4408 divinis
3169 4354 3423 4410 laudibus

1769 4440 1775 4445 ’
1848 4444 2065 4499 modus.

1916 4534 2077 4589 Vens.
2135 4533 2190 4588 4.
2234 4532 2511 4587 Generatio
2559 4541 2608 4586 et
2661 4533 2929 4603 generatio
2975 4533 3220 4589 laudabit
3264 4552 3422 4602 opera

1847 4637 1959 4681 tua.
2008 4627 2142 4682 Tam
2174 4641 2415 4697 praesens
2447 4626 2760 4694 generatio,
2794 4641 2959 4695 quam
3012 4641 3135 4695 quae
3192 4638 3419 4683 ventura

1845 4728 1929 4775 est
1955 4760 1970 4784 ,
2007 4719 2111 4774 hoc
2136 4726 2221 4775 est
2244 4719 2424 4773 omnis
2457 4717 2764 4788 generatio.
2797 4717 2971 4787 Opera
3015 4727 3198 4773 autem
3241 4720 3330 4775 hic
3359 4735 3421 4774 ra

1847 4810 1982 4865 dicit
2025 4808 2299 4880 PrOpbeta
2327 4846 2344 4872 ,
2374 4823 2495 4879 qua:
2522 4808 2709 4863 mundi
2745 4808 2927 4873 initio.
2964 4808 3074 4864 illis
3112 4825 3205 4865 sex
3232 4812 3425 4867 diebus

1767 4899 1821 4961 D
1850 4901 1993 4958 laeta
2030 4910 2160 4958 sunt
2190 4921 2204 4957 :
2242 4902 2323 4955 vel
2357 4901 2621 4956 miracula
2675 4908 2731 4957 et
2755 4902 3024 4973 prodigia,
3048 4919 3170 4972 qtue
3203 4904 3423 4959 assiduo

1851 4997 1904 5050 in
1935 4996 2082 5049 omni
2114 4994 2465 5063 generatione
2495 4995 2566 5048 ab
2597 5009 2665 5049 eo
2692 4995 2809 5050 ﬂeri
2841 4994 3133 5064 contingit.

1925 5084 1989 5139 Et
2026 5087 2311 5154 potentiam
2370 5094 2521 5139 tuam
2577 5086 3015 5156 pronuntiabunt.
3075 5084 3419 5152 Potentiam,

1849 5193 2012 5249 quam
2042 5179 2095 5233 in
2130 5179 2406 5250 praedictis
2424 5179 2592 5233 habes
2624 5176 3092 5248 generationibus,
3118 5176 3200 5230 vel
3227 5185 3414 5246 poten-

1847 5272 1978 5325 tiam
2014 5271 2310 5341 praestandi
2362 5271 2645 5335 beneficia,
2689 5277 2744 5324 et
2777 5268 3053 5339 intligendi
3105 5269 3418 5338 supplicia;

1847 5364 2255 5431 generationem
2284 5370 2465 5416 autem
2493 5370 2547 5415 et
2580 5361 2992 5430 generationem
3045 5374 3142 5415 eos
3160 5361 3423 5430 appellat,

1846 5457 1941 5527 qui
1978 5455 2032 5509 in
2066 5468 2395 5524 unaquaque
2442 5455 2797 5524 generatione
2848 5453 3125 5522 sapientes
3189 5463 3320 5508 sunt
3363 5463 3417 5508 et

1840 5547 1931 5604 Dei
1960 5557 2259 5612 amatores,
2288 5548 2382 5616 qui
2428 5547 2668 5616 primum
2700 5547 2921 5616 quidem
2955 5560 2984 5599 a
3012 5545 3212 5614 seipsis
3235 5545 3420 5599 divina

1836 5654 2001 5709 opera
2046 5640 2292 5705 laudant,
2320 5640 2515 5696 deinde
2542 5640 2704 5695 etiam
2734 5639 2855 5709 ejus
2881 5637 3178 5709 potentiam
3204 5638 3420 5697 ceteris

1838 5731 2186 5787 aununtiaut.
2289 5732 2292 5733 ⁷

2945 5923 3013 5990 41
