3964 6582
303 425 439 491 i309

1510 431 1893 494 COMMENT.
1940 432 2020 491 IN
2062 431 2422 494 PSALMOS.

3428 435 3569 501 1310

301 542 614 614 .pdxog'dnb
645 542 701 598 δὲ
732 540 924 598 τούτου
952 543 1031 607 εἱς
1062 543 1277 614 θέρμην
1300 559 1312 573 ο
1348 543 1494 597 ὥστε
1524 544 1624 598 οὐκ
1650 546 1877 600 ἄπιστον

1993 551 2115 597 rant
2140 543 2419 600 mandatis
2458 558 2472 597 :
2510 553 2671 614 atque
2697 544 2831 610 ideo
2861 546 2933 602 de
2962 526 3108 602 facili
3136 555 3565 605 commutantur.

299 648 361 689 ικ
396 635 721 706 πειρασμῶν
785 636 1044 704 γενέσθαι
1073 637 1297 706 ταχεῖαν
1324 636 1533 700 ἄνεσιν,
1565 637 1661 688 καὶ
1691 638 1755 689 ὲκ
1780 652 1882 689 πο-

299 723 482 794 λέμων
537 725 740 795 ἀθρόαν
791 726 1042 795 εἰρήνην,
1100 723 1198 778 καὶ
1242 725 1353 778 ἀπὸ
1421 724 1722 795 συμφορῶν
1786 725 1883 778 καὶ

298 815 555 885 θλίψεων,
607 817 873 886 αἰφνίδιον
907 816 1218 887 μεταϐολὴν
1249 817 1344 870 καὶ
1389 815 1587 886 χαράν.
1632 815 1880 870 Αἱνῖττεσ

302 916 386 962 ται
420 909 478 962 δὲ
501 909 571 963 τὰ
598 908 837 979 ρηθέντα
890 909 986 961 καί
1022 926 1077 962 τι
1126 907 1425 979 βαθύτερον
1451 922 1468 939 ·
1504 909 1588 962 ὃτι
1627 907 1882 978 καθάπερ

305 999 364 1051 τὰ
392 998 491 1052 τοῦ
520 999 791 1069 χειμῶνος
818 1001 867 1053 εἰ
892 1001 987 1055 καὶ
1022 997 1322 1065 λυποῦντα,
1353 1001 1505 1071 ὅμως
1551 1000 1881 1072 χρησιμεύει

297 1094 364 1162 τῇ
389 1094 485 1163 γῇ,
512 1092 658 1149 οὕτω
680 1094 774 1149 καὶ
798 1095 868 1150 τὰ
889 1094 1000 1150 τῶν
1039 1096 1379 1166 πειρασμῶν
1407 1096 1487 1159 είς
1517 1096 1709 1165 καιρὸν
1732 1095 1881 1163 ὠφε-

297 1182 522 1251 λοῦντα,
578 1187 745 1257 πάλιν
801 1188 1170 1258 οἰκονομικῶς
1232 1187 1691 1257 μεταϐάλλονται*
1717 1186 1881 1243 τοῦτο

297 1277 402 1345 μὲν
437 1278 790 1346 παιδεύοντα,
820 1279 979 1332 τοῦτο
1033 1280 1093 1337 δὲ,
1117 1277 1581 1350 ψυχαγωγοῦντα,
1631 1279 1769 1349 πρὸς
1815 1280 1879 1334 τὸ

296 1364 616 1420 λυσιτελοῦν
674 1364 1048 1438 ἑκατέρωθεν.
1092 1366 1230 1423 Εἶτα
1258 1369 1424 1425 πάλιν
1472 1369 1582 1425 ἀπὸ
1615 1371 1726 1425 τῶν
1760 1387 1877 1425 κοι-

296 1457 408 1511 νῶν
454 1461 546 1512 ini.
576 1460 647 1513 τὰ
706 1460 982 1525 ἰδιάζοντα
1013 1461 1251 1533 μετάγει
1293 1461 1385 1516 τὸν
1405 1461 1589 1533 λόγον,
1631 1463 1708 1527 ὡς
1736 1464 1882 1517 ἀνω-

292 1549 442 1621 τὲρω
469 1551 795 1623 δεδήλωται.

1986 650 2133 689 nunc
2159 635 2379 705 quidem
2417 652 2480 690 cx
2521 650 2661 706 aqua
2694 636 2748 691 in
2783 639 2987 705 nivem,
3012 651 3107 692 aut
3139 638 3391 709 glaciem,
3418 651 3565 691 nunc

1984 743 2116 782 vero
2142 744 2207 781 ex
2241 728 2325 782 his
2386 727 2439 781 in
2494 743 2690 799 aquam
2729 746 2744 784 :
2782 731 2907 786 item
2962 732 3129 787 modo
3182 746 3213 785 a
3274 730 3456 785 calore
3500 729 3568 782 ad

1987 819 2181 889 frigus.
2216 820 2379 875 modo
2406 820 2472 874 ad
2512 821 2753 876 calorem
2797 839 2827 877 a
2871 823 3095 894 frigore.
3138 822 3408 890 Quocirca
3457 836 3569 875 non

1983 912 2202 966 dillicile
2237 924 2344 977 εει,
2372 919 2430 965 ιιι
2463 914 2753 968 credamus
2780 916 2928 971 brevi
2981 914 3222 970 futuram
3258 929 3378 969 esse
3402 913 3567 967 etiam

1984 1010 2349 1058 tentationum
2373 1020 2438 1060 ac
2451 1006 2819 1075 calamitatum
2838 1007 3257 1063 dissolutionem
3307 1015 3361 1060 et
3381 1005 3566 1066 linem,

1983 1112 2048 1152 ac
2077 1097 2297 1151 demum
2321 1112 2387 1152 ex
2422 1098 2816 1154 ardentissimo
2841 1101 2983 1154 bello
3005 1100 3299 1154 maximam
3335 1111 3563 1168 pacem:

1982 1188 2242 1244 similiter
2282 1199 2337 1244 et
2379 1189 2716 1244 calamitates
2751 1199 2915 1261 atque
2949 1192 3272 1246 amictiones
3308 1190 3419 1243 cito
3444 1201 3569 1243 esse

1986 1281 2040 1333 in
2090 1279 2352 1349 gaudium
2414 1283 2838 1336 convertendas.
2893 1278 3217 1353 Signiﬁeare
3259 1284 3425 1337 etiam
3483 1279 3570 1332 vi-

1983 1371 2184 1429 dentur
2211 1375 2500 1446 superiora
2532 1377 2715 1430 nescio
2742 1377 2874 1446 quid
2926 1375 3255 1447 profundius
3288 1390 3306 1431 :
3336 1383 3391 1429 et
3418 1370 3569 1442 quod

1984 1467 2452 1536 quemadmodum
2489 1468 2784 1523 hibernum
2835 1477 3073 1538 tempus.
3122 1465 3343 1522 tametsi
3390 1465 3569 1533 ipsum

1986 1570 2083 1628 per
2108 1573 2232 1613 sese
2260 1558 2721 1615 molestissimum
2767 1560 2861 1627 sit,
2896 1572 3056 1627 terra:
3111 1570 3290 1616 tamen
3345 1554 3572 1611 utilissi-

296 1652 449 1698 mum
467 1654 575 1712 est,
606 1648 689 1703 sic
718 1657 772 1704 et
798 1651 1085 1719 praesentis
1114 1651 1301 1708 saeculi
1326 1651 1667 1708 teutationes
1718 1650 1878 1707 valde
1915 1662 2171 1724 prosunt,
2197 1656 2416 1710 tametsi
2446 1656 2649 1734 multas
2685 1671 2872 1711 secum
2948 1656 3180 1712 aderant
3247 1653 3569 1709 ntoleStias:

299 1750 364 1813 ct,
386 1739 515 1796 dum
554 1741 738 1797 divina
776 1745 1191 1816 dispensatione
1218 1756 1653 1813 commutantur,
1711 1747 1921 1818 partim
1981 1750 2278 1817 castigant,
2311 1757 2367 1805 et
2420 1751 2618 1820 partim
2667 1750 2907 1806 aderunt
2957 1752 3238 1817 solamen;
3273 1761 3571 1818 utrumque

299 1847 482 1893 tamen
513 1855 577 1894 ex
612 1855 672 1896 re
702 1851 917 1906 nostra,
952 1853 1118 1913 atque
1165 1845 1231 1898 ad
1284 1845 1587 1899 humanum
1628 1844 2008 1899 commodum.
2043 1845 2250 1902 Deinde
2333 1862 2364 1902 a
2456 1847 2850 1904 communibus
2881 1862 3137 1918 ,rnrsum
3220 1845 3290 1901 ad
3330 1845 3571 1916 particu-

298 1930 435 1986 lnria
468 1945 779 1987 sermonem
805 1938 1102 2001 convertit,
1134 1946 1194 1993 ut
1238 1938 1500 2007 superius
1536 1937 1877 1993 declaratum
1917 1947 2027 1996 est.

379 2025 445 2079 Ὀ
473 2025 883 2095 ἀπαγγέλλων
902 2027 970 2082 τὸ
1024 2029 1238 2098 ,λόγιον
1276 2030 1467 2093 αὐτοῦ
1511 2029 1595 2096 τῷ
1636 2030 1862 2084 Ἰακώϐ.

2045 2030 2213 2087 Vsus.
2246 2031 2333 2086 19.
2354 2030 2459 2095 Qui
2488 2031 2771 2085 annuntiat
2800 2030 3061 2100 eloquium
3079 2044 3234 2083 suum
3285 2026 3477 2083 Iacob.
3510 2027 3571 2083 ln
3660 2086 3668 2094 ,

307 2116 638 2188 Ἀρχόμενος
698 2119 797 2188 μιν
826 2119 921 2173 τοῦ
974 2120 1216 2191 ψαλμοῦ,
1248 2124 1393 2194 ’περὶ
1431 2123 1541 2176 τῶν
1601 2122 1878 2193 αἰσθητῶν

291 2198 567 2280 διελέχθη,
625 2210 723 2265 καὶ
767 2211 925 2283 σῶμα
963 2211 1349 2281 ὠφελούντων,
1399 2210 1513 2268 οἷον
1550 2214 1876 2283 ἀσφαλείας,

292 2297 603 2368 εὐανδρίας,
630 2300 877 2372 είρήνης,
907 2303 1002 2355 καὶ
1034 2303 1310 2375 εὐθηνίας.
1361 2305 1629 2358 Ἐνταῦθα
1657 2304 1715 2359 δὲ
1749 2308 1879 2375 περὶ

289 2386 402 2440 τῶν
433 2387 781 2461 ὑψηλοτέρων
813 2390 908 2455 καὶ
960 2391 1141 2465 ψυχὴν
1177 2394 1571 2464 ῥυθμιζόντων,
1597 2397 1688 2450 τὸν
1747 2398 1878 2467 περὶ

292 2482 396 2549 τῆς
461 2482 788 2549 νομοθεσίας
849 2482 1009 2553 λόγον
1059 2486 1299 2555 εἰσάγων
1330 2488 1519 2542 ἐστίν’
1569 2490 1634 2542 ὲκ
1673 2489 1878 2544 τούτων

290 2584 353 2624 τε
395 2570 669 2626 κάκείνων
702 2575 988 2647 διεγείρων
1018 2578 1112 2631 τὸν
1134 2578 1262 2632 λαὸν
1318 2582 1400 2643 εἰς
1420 2581 1749 2651 ὑμνολογίαν
1780 2585 1877 2638 καὶ
1902 2637 1905 2640 ι

293 2666 518 2736 ἀγάπην
554 2665 714 2733 Θεοῦ,
750 2670 982 2722 τοιαῦτα
1029 2671 1124 2723 καὶ
1162 2660 1388 2737 τούτους
1435 2664 1873 2745 εὐεργετοῦντος.

322 2757 366 2811 0
412 2757 785 2826 ἀναγγέλλων,
831 2762 1017 2832 φησὶν,
1073 2762 1143 2817 τδ-
1182 2766 1513 2837 πρόσταγμα
1563 2769 1729 2823 αὐτοῦ
1764 2774 1879 2836 τοῖς

308 2850 693 2922 Ἰσραηλίταις.
736 2851 794 2907 ’0
817 2854 1108 2921 διδάσκων,
1138 2860 1167 2912 ὁ
1199 2860 1485 2929 γνωρίζων
1524 2864 1743 2927 αὐτοῖς’
1774 2867 1877 2920 αὐ-

291 2943 385 3006 τὸς
415 2943 741 3013 Ἔγνώρισε
770 2946 904 3019 γὰρ,
942 2950 1130 3020 φησὶν,
1161 2949 1243 3016 τῷ
1283 2953 1516 3022 Μωυσῇ
1563 2956 1669 3022 τὰς
1697 2955 1877 3025 ὀδοὺς

290 3035 480 3089 αὐτοῦ
508 3052 521 3066 ο
556 3037 682 3104 τοῖς
714 3040 863 3106 υἱοῖς
887 3041 1139 3110 Ἰσραὴλ
1175 3044 1246 3098 τὰ
1305 3045 1614 3115 θελήματα
1665 3050 1875 3105 αὐτοῦ.

294 3130 617 3200 Σαφηνίζων
641 3132 697 3186 δὲ
722 3133 814 3187 τὸν
840 3134 1025 3203 λόγον,
1057 3138 1306 3206 ἐπήγαγε
1336 3151 1352 3170 ⁵

362 3224 731 3293 Δικαιώματα
793 3227 890 3280 καί
942 3229 1198 3298 κρίματα
1255 3233 1443 3286 αὐτοῦ
1483 3233 1562 3300 τῷ
1607 3236 1871 3303 ’Ῑσίαήυι

296 3314 364 3368 '0
421 3316 710 3386 προλαόὼν
763 3314 887 3372 εἷπε
934 3319 1136 3391 λόγιον,
1171 3322 1332 3377 τοῦτο
1362 3323 1513 3395 λέγει
1560 3327 1655 3383 νῦν
1697 3329 1875 3384 δικαι-

293 3406 492 3478 ώματα
515 3411 610 3463 καὶ
632 3410 899 3480 κρίματα.

362 3502 485 3555 Οὐκ
517 3501 808 3569 ἐποίησεν
836 3505 989 3559 οὕτω
1012 3507 1190 3561 παντὶ
1221 3509 1399 3565 ἔθνει.
1427 3511 1614 3566 Οὐδενὶ
1638 3512 1802 3568 ἔθνει.

289 3771 408 3825 Οὐκ
458 3772 683 3844 ἐποίησέ
712 3790 820 3827 τινι
865 3774 1009 3829 ἔθνει
1073 3778 1355 3834 τοσαῦταο
1394 3781 1487 3834 καὶ
1521 3782 1592 3835 τὰ
1634 3786 1872 3855 προστάς

290 3880 480 3935 γματα
544 3867 639 3920 καὶ
686 3866 753 3921 τὰ
774 3866 1056 3939 θελήματα
1106 3874 1273 3925 αὐτοῦ
1332 3875 1433 3929 οὐκ
1491 3876 1728 3945 ἐδήλωσε
1758 3883 1871 3945 τοῖς

288 3958 523 4024 ἔθνεσιν,
585 3961 635 4013 εί
679 3960 753 4032 μὴ
781 3961 963 4030 μόνοις
995 3979 1209 4028 τούτοις
1232 3980 1245 3996 ·
1285 3968 1392 4029 τοῖς
1427 3968 1526 4037 μὲν
1556 3970 1663 4040 γὰρ
1693 3971 1872 4037 ἄλλοις

287 4049 471 4123 ἔθνεσι
563 4047 656 4102 τὸν
720 4051 952 4119 φυσικὸν
1008 4051 1234 4123 ἐνέθηκε
1286 4053 1472 4125 νόμον,
1521 4056 1612 4109 τὸν
1641 4058 1868 4113 ἀπὸτοῦ

289 4139 616 4206 συνειδότος,
639 4140 763 4194 καθ’
789 4141 850 4195 ὃν
875 4144 972 4196 καὶ
1000 4144 1204 4213 κρίνων
1231 4144 1429 4208 αὐτοὺς
1467 4147 1686 4213 κολάζει
1714 4167 1729 4181 ·
1756 4154 1871 4219 τοῖς

287 4232 622 4302 Ἶραηλίταις
666 4233 724 4286 δὲ
754 4234 894 4304 μετὰ
922 4235 1015 4288 τοῦ
1048 4237 1280 4304 φυσικοῦ
1307 4278 1322 4301 ,
1360 4237 1558 4291 δέδωκε
1598 4240 1690 4293 τὸν
1732 4258 1871 4313 γρα-

292 4326 449 4387 πτὸν,
485 4322 750 4399 δηλοῦντα
778 4324 845 4378 τὰ
867 4326 1118 4397 κρίματα
1141 4327 1310 4382 αὐτοῦ
1343 4345 1357 4360 ο
1376 4324 1475 4382 ’διὸ
1502 4330 1597 4383 καὶ
1633 4330 1871 4401 βαρύτε-

291 4430 385 4485 ρον
414 4416 690 4488 κρίνονται
721 4433 734 4451 ο
763 4417 858 4471 καὶ
888 4420 998 4490 γὰρ
1024 4420 1056 4490 ἡ
1091 4419 1261 4491 πολλὴ
1276 4420 1370 4474 τοῦ
1391 4420 1527 4474 Θεοῦ
1556 4422 1870 4495 φιλανθρω-

289 4510 391 4561 πία
463 4508 666 4580 πολλῆς
753 4511 1222 4580 συγκατασάσεως
1276 4515 1388 4576 τοῖς
1451 4512 1868 4586 ὲρῤᾳθυμηκόσι

287 4603 524 4672 γίνεται.

894 4694 1270 4763 Ἀλυῑηλούῖα.

813 4791 1107 4844 ΨΑΛΜΟΣ
1151 4792 1337 4851 PMH’.

365 4878 529 4943 Ἔθος
550 4883 665 4946 τοῖς
691 4882 870 4952 ἁγίοις
901 4883 989 4938 διὰ
1013 4885 1218 4955 πολλὴν
1243 4876 1690 4957 εὐγνωμοσύνην,
1724 4889 1876 4942 ἐπες-

287 4972 388 5026 δὶν
444 4972 715 5043 μέλλωσιν
749 4975 1094 5048 εὐχαριστεῖν
1139 4977 1216 5047 τῷ
1249 4977 1393 5048 Θεῷ,
1423 4978 1653 5042 πολλοὺς
1687 4980 1874 5033 καλεῖν

288 5066 609 5131 κοινωνοὺς,
681 5068 776 5120 καὶ
848 5070 1191 5139 παρακαλεῖν
1259 5070 1703 5139 συνεφάπτεσθαι
1772 5070 1873 5142 τῆς

288 5158 465 5228 καλῆς
520 5158 727 5230 ταύτης
786 5158 1132 5231 λειτουργίας
1181 5163 1402 5231 αὐτοῖς·
1452 5162 1611 5217 τοῦτο
1675 5164 1770 5217 καὶ
1818 5165 1869 5218 oi

288 5252 442 5320 τρεῖς
468 5251 655 5314 παῖδες
687 5254 1049 5322 πεποιήκασι,
1086 5256 1187 5325 τὴν
1218 5256 1396 5310 κτίσιν
1427 5257 1669 5322 ἃπασαν,
1706 5258 1873 5329 ἡνίκα

286 5336 432 5414 ἦσαν
487 5343 546 5396 ὲν
596 5345 665 5413 τῇ
689 5343 933 5416 καμίνῳ,
966 5347 1104 5418 πρὸς
1144 5347 1244 5418 τὴν
1277 5347 1559 5420 εὐφημίαν
1589 5350 1691 5421 τῆς
1731 5350 1872 5422 ὑπὲρ

288 5434 472 5488 αὐτῶν
520 5434 868 5506 εὐεργεσίας,
904 5439 998 5490 καὶ
1045 5437 1143 5508 τὴν
1171 5439 1445 5508 ὑμνῳδίαν
1471 5438 1565 5493 τοῦ
1597 5440 1871 5494 Δεσπότου

288 5520 646 5586 καλέσαντες.
681 5521 852 5576 Τοῦτο
882 5527 974 5579 καὶ
995 5519 1153 5591 οὗτος
1194 5528 1430 5583 ἐνταῦθα
1458 5532 1639 5584 ποιεῖ’
1675 5530 1873 5585 ἑκάτε-

291 5631 386 5683 ρον
415 5613 625 5684 κόσμον
660 5617 1222 5688 συμπεριλαμϐάνων,
1258 5618 1349 5675 τὸν
1386 5622 1523 5686 ἄνω,
1551 5618 1642 5676 τὸν
1694 5624 1870 5687 κάτω.

294 5706 385 5759 τὸν
415 5706 627 5777 νοητὸν,
660 5708 750 5762 τὸν
790 5710 1086 5784 αἰσθητόν)
1116 5714 1228 5769 οἵτε
1267 5714 1373 5789 γὰρ
1412 5715 1513 5769 οὐκ
1543 5716 1697 5781 ὄντες
1735 5715 1872 5787 πρὸς

361 5885 406 5918 ⁵³
439 5886 608 5943 Num.
642 5901 732 5956 xx,
765 5886 850 5956 10,
887 5886 943 5942 Η

1901 4758 1951 4818 ι)

1983 2125 2174 2195 psalmi
2209 2124 2478 2194 principio
2503 2123 2571 2179 de
2614 2123 2969 2185 sensibilibus
2996 2121 3278 2176 beneﬁciis
3340 2131 3396 2176 et
3443 2134 3572 2175 cor-

1981 2215 2098 2287 pori
2140 2216 2365 2271 utilibus
2411 2217 2701 2281 tractavit,
2739 2216 2907 2270 veluti
2953 2214 3021 2269 de
3067 2213 3311 2269 civitatis
3351 2214 3520 2267 tutela
3550 2254 3569 2280 ,

1979 2310 2048 2364 de
2100 2309 2269 2379 prolis
2314 2308 2684 2372 fecunditate,
2743 2309 2811 2364 de
2871 2322 3040 2379 pace,
3071 2307 3140 2363 de
3187 2306 3567 2361 abundantia:

1980 2415 2129 2455 nunc
2162 2408 2342 2455 autem
2381 2399 2448 2454 de
2478 2398 2890 2455 sublimioribus
2938 2398 3098 2453 bonis
3153 2404 3450 2467 pet-tractat
3517 2407 3572 2449 et
3631 2439 3634 2442 .

1982 2493 2221 2546 animam
2252 2490 2423 2559 ipsam
2468 2489 2794 2546 ornantibus
2825 2506 2839 2543 :
2879 2503 2975 2560 per
3023 2490 3137 2543 haec
3167 2487 3376 2542 scilicet
3405 2496 3570 2556 atque

1984 2584 2071 2639 illa
2163 2583 2418 2654 populum
2447 2583 2696 2640 excitans
2753 2582 2818 2637 ad
2853 2581 3068 2636 laudem
3112 2589 3273 2648 atque
3304 2579 3370 2633 ad
3404 2579 3572 2633 dilec-

1986 2676 2188 2731 tionem
2236 2676 2370 2739 Dei,
2415 2676 2508 2744 qui
2538 2674 2851 2743 hujusmodi
2883 2675 2965 2728 eis
3008 2672 3268 2728 beneﬁcia
3311 2671 3568 2726 contulit.

1985 2768 2085 2836 Qui
2114 2769 2436 2832 annuntiat,
2471 2766 2684 2838 inquit,
2715 2768 3033 2820 mandatum
3078 2780 3233 2820 suum
3269 2763 3570 2819 Israelitico

1983 2862 2204 2931 populo,
2250 2860 2496 2930 illudque
2541 2874 2639 2915 eos
2685 2858 2881 2923 docet,
2927 2872 2992 2912 ac
3043 2866 3231 2911 notum
3268 2857 3347 2910 cis
3390 2855 3569 2909 facit:

1984 2954 2156 3008 Notas
2208 2952 2352 3007 enim
2380 2991 2405 3016 ,1
2452 2952 2665 3022 inquit,
2695 2951 2820 3018 fecit
2870 2952 2981 3005 vias
3024 2966 3150 3004 suas
3192 2946 3361 3018 Moysi
3388 2987 3401 3005 .
3444 2948 3571 3017 ﬁliis

1984 3044 2159 3099 Israel
2184 3043 2476 3100 t-oluutates
2510 3061 2637 3098 suas
2670 3044 2691 3075 ⁸
2715 3082 2730 3100 .
2777 3042 2930 3108 Quod
2966 3043 3137 3112 magis
3174 3042 3335 3094 etiam
3382 3039 3569 3093 deela-

1983 3151 2136 3200 rnns,
2163 3135 2368 3191 addidit
2409 3153 2424 3189 :

2053 3226 2471 3296 Justiﬁcationcs
2514 3235 2563 3281 et
2594 3226 2805 3295 judicia
2835 3242 2932 3280 sua
2974 3223 3166 3279 Israel.
3215 3223 3372 3290 Quod
3405 3237 3571 3293 supeo

1988 3319 2101 3373 rius
2154 3319 2429 3387 eloquium
2464 3317 2637 3383 dixit,
2664 3317 2767 3372 hoc
2796 3333 2945 3372 nunc
2993 3315 3385 3388 justiticatione
3440 3331 3569 3384 sap-

1903 3402 1946 3460 C
1979 3410 2142 3479 pellat
2168 3418 2223 3464 et
2240 3408 2467 3476 judicia.

2047 3499 2210 3554 Vens.
2250 3499 2343 3555 ‘20.
2374 3499 2494 3553 Non
2520 3500 2647 3569 fecit
2669 3500 2746 3553 sic
2770 3500 2913 3554 omni
2942 3501 3167 3556 nationi.
3186 3499 3331 3555 Nulli
3360 3497 3567 3553 nationi

1975 3593 2056 3647 sic
2094 3592 2246 3648 fecit.

364 3680 472 3734 Καί
519 3679 591 3734 τὰ
623 3680 877 3749 κρίματα
926 3684 1113 3740 αὐτοῦ
1147 3687 1259 3740 οὐκ
1291 3686 1605 3757 ἐδήλωσεν
1644 3692 1869 3759 αὐτοῖς.

2051 3682 2116 3736 Et
2130 3682 2340 3752 judicia
2363 3700 2462 3738 sua
2504 3699 2607 3737 non
2639 3683 2998 3754 manifestavt’t
3020 3683 3119 3737 eis.
3153 3682 3330 3736 Tanta
3380 3694 3447 3735 ac
3487 3687 3570 3733 ta-

1973 3772 2045 3839 lia
2098 3772 2357 3831 beneficia
2412 3772 2578 3829 alicui
2626 3774 2832 3829 nationi
2882 3789 2990 3829 non
3051 3772 3308 3829 contulit.
3355 3770 3571 3839 Quippe

1974 3865 2067 3936 qui
2119 3865 2374 3919 mandata
2404 3906 2420 3931 ,
2479 3874 2575 3919 aut
2628 3866 2934 3921 voluntates
2978 3880 3109 3921 suas
3154 3863 3411 3935 gentibus
3460 3878 3567 3915 non

1973 3956 2346 4012 manifestavit
2369 4000 2383 4023 ,
2418 3957 2514 4013 sed
2545 3956 2749 4014 Iudaeis
2780 3965 3016 4013 tantum.
3070 3957 3211 4011 Aliis
3244 3955 3390 4010 enim
3437 3960 3571 4023 gcn‘

1973 4051 2122 4104 tibus
2174 4058 2389 4105 natura:
2446 4059 2654 4105 tantum
2686 4053 2860 4120 legem
2897 4050 3190 4119 praestitit,
3223 4062 3345 4118 quae
3374 4062 3405 4100 a
3439 4060 3573 4099 con-

1972 4144 2203 4199 scientia
2254 4143 2524 4208 nascitur,
2557 4144 2715 4211 juxta
2759 4159 2924 4213 quam
2971 4159 3066 4198 eos
3132 4145 3298 4197 etiam
3358 4134 3572 4211 judicat

1971 4245 2026 4291 et
2080 4236 2272 4305 punit,
2334 4235 2536 4304 populo
2592 4248 2722 4289 vero
2766 4233 2932 4289 Israel
2993 4248 3100 4287 una
3150 4247 3274 4287 cum
3334 4227 3568 4284 naturali

1976 4328 2096 4396 lege
2160 4325 2420 4391 scriptam
2465 4323 2724 4387 tradidit,
2774 4338 2897 4393 quae
2931 4324 3114 4378 divina
3135 4320 3345 4391 judicia
3390 4319 3572 4374 decla-

1973 4420 2133 4475 rabat
2185 4436 2199 4472 :
2247 4425 2412 4486 atque
2462 4416 2587 4470 ideo
2646 4416 2747 4486 ipsi
2810 4417 2984 4484 magis
3037 4418 3351 4484 punientur.
3398 4410 3564 4467 Multa

1974 4510 2243 4580 siquidem
2286 4505 2384 4561 Dei
2430 4505 2802 4561 misericordia
2889 4504 3113 4574 majoris
3157 4502 3574 4557 condemnatu-

1975 4604 2062 4660 nis
2095 4615 2264 4657 causa
2333 4597 2625 4667 negligenti
2665 4614 2728 4651 ac
2755 4596 3118 4668 eontemptnri
3148 4596 3401 4651 edicitur.

2644 4692 2897 4746 Alleluia.

2458 4784 2779 4844 PSALMUS
2818 4780 3100 4839 CXLVIII.

2050 4884 2468 4941 Consuevcrunt
2515 4884 2689 4940 sancti
2750 4880 2893 4943 viri.
2950 4879 3021 4933 ob
3085 4890 3353 4933 summam
3398 4872 3568 4929 animi

1982 4979 2371 5050 gratitudinem
2400 5019 2414 5044 ,
2462 4975 2683 5043 quando
2746 4974 2955 5046 gratias
3016 4971 3129 5027 Deo
3168 4970 3343 5023 acturi
3396 4978 3567 5032 sunt,

1982 5072 2182 5127 multus
2216 5071 2546 5125 laudationis
2580 5069 2877 5141 participes
2909 5065 3201 5137 advocare,
3238 5077 3566 5132 rogareque,

1984 5174 2040 5220 ut
2083 5165 2375 5235 pulchrum
2411 5173 2574 5235 atque
2612 5162 2903 5217 honestum
2954 5154 3334 5228 hujuscemodi
3375 5154 3567 5207 lauda-

1978 5257 2147 5313 tionis
2184 5255 2422 5312 olIicium
2474 5266 2664 5309 secum
2713 5258 2999 5307 assumant
3046 5265 3061 5301 :
3103 5244 3568 5317 quemadmodum

1978 5357 2032 5406 et
2091 5359 2203 5405 tres
2266 5348 2343 5403 illi
2377 5346 2553 5402 sancti
2609 5343 2761 5415 pueri
2798 5342 3088 5401 iecerunte
3116 5356 3238 5395 cum
3294 5348 3479 5394 essent
3513 5340 3566 5391 iu

1976 5444 2219 5503 camino,
2250 5439 2561 5494 universam
2620 5445 2926 5492 creaturam
2986 5448 3083 5502 pro
3135 5432 3352 5487 collatis
3399 5432 3453 5485 lu
3510 5444 3569 5509 se

1976 5533 2257 5589 bcncticiis
2301 5531 2634 5586 advocantes
2658 5572 2673 5597 ,
2717 5535 2776 5583 ut
2823 5528 2932 5582 Deo
2962 5525 3329 5580 benediceret.
3366 5520 3481 5578 lloc
3512 5520 3568 5575 in

1980 5624 2271 5695 prmsentia
2328 5621 2460 5677 facit.
2501 5622 2666 5677 etiam
2699 5619 2966 5689 Pr0pheta
3018 5626 3228 5682 noster,
3268 5623 3567 5681 utrumque

1983 5715 2246 5774 mundum
2312 5716 2670 5787 complexus,
2718 5711 3059 5785 superiorem
3131 5708 3339 5766 scilicet
3405 5718 3573 5778 atque
