3964 6552
495 410 623 474 1311

1710 419 2093 480 EUTHYMII
2145 413 2504 480 ZIGABENI

3635 413 3766 480 1312

492 525 808 607 inferiorem
837 566 850 589 ,
883 525 1310 584 intellectualem
1335 538 1387 584 et
1421 532 1783 595 materialem,
1804 541 1970 599 atque
1991 575 2005 597 ,
2033 539 2080 584 ul

2192 531 2292 602 τὴν
2324 533 2599 602 εὐφημὲαν
2629 531 2826 596 ίκανοῖ,
2860 531 3245 603 περιέρχονται
3279 531 3354 600 τῷ
3391 530 3536 598 λόγῳ
3567 532 3760 599 πάντα,

493 609 564 667 'ta
628 617 800 669 dicam
823 659 837 682 ,
870 619 1204 677 sensibilem.
1241 622 1376 675 Nam
1407 623 1573 677 veluti
1613 639 1707 693 per
1737 639 1797 678 se
1837 623 1976 686 soli,
2012 622 2080 677 ad

493 703 924 761 benedictionem
960 719 1013 762 et
1041 709 1254 766 laudem
1287 713 1524 767 divinam
1565 714 1744 768 idonei
1788 731 1894 769 non
1928 716 2038 770 sint
2063 755 2079 781 ,

493 796 674 849 omnia
708 813 960 853 sermone
998 816 1098 854 suo
1144 803 1485 856 circumeunt
1519 803 1788 858 elementa
1813 846 1827 869 ,
1859 821 2078 859 omnes-

489 903 596 956 que
630 889 693 940 ad
726 889 1007 946 Creatoris
1037 894 1264 961 gloriam
1293 905 1576 950 creaturas
1605 897 1894 951 advocant.
1943 899 2080 951 Pos-

492 993 686 1034 sumus
737 983 899 1034 etiam
953 983 1136 1038 dicere
1185 989 1327 1053 quod
1377 987 1646 1057 Propheta
1698 989 1798 1042 hoc
1827 1005 2082 1044 sermone

493 1071 637 1122 aliud
720 1074 995 1141 quoddam
1077 1075 1404 1143 profundius
1469 1079 1642 1132 voluit
1721 1079 2082 1147 signiﬁcare:

491 1161 689 1215 docere
718 1165 973 1218 nimirum
1001 1206 1014 1228 ,
1059 1168 1200 1235 quod
1235 1178 1611 1223 creaturarum
1658 1171 1903 1224 omnium
1945 1187 2087 1227 unus

493 1251 564 1303 sit
597 1263 758 1322 atque
788 1254 927 1310 idem
961 1256 1208 1322 Creator,
1239 1270 1291 1314 et
1323 1277 1418 1314 eos
1457 1262 1755 1330 reprimere
1783 1303 1796 1322 ,
1828 1263 1918 1332 qui
1949 1265 2087 1319 duos

2192 621 2485 685 καλοῦντες
2517 623 2598 685 είς
2634 620 2963 690 ὑμνολογίαν
3011 621 3105 674 τοῦ
3159 621 3478 683 κτίσαντος.
3514 622 3624 673 Καὶ
3652 621 3765 672 ’ἐτε-

2191 730 2283 782 ρον
2307 713 2362 766 δὲ
2405 708 2706 783 βαθύτερον
2748 714 2810 765 ὲκ
2839 712 3045 766 τούτων
3075 713 3504 776 κατασκευάζει,
3553 711 3764 774 δεικνὺς

2187 805 2284 858 ἕνα
2323 803 2552 873 ποιητὴν
2606 803 2882 870 ἑκατέρας
2916 803 3167 868 κτίσεως,
3207 806 3303 856 καὶ
3338 805 3526 871 σαφῶς
3552 805 3764 854 ἐπιστο-

2192 896 2366 966 μίζων
2398 896 2524 958 τοὺς
2555 893 2816 961 λέγοντας
2886 893 2980 946 δύο
3011 893 3379 964 δημιουργούς
3399 912 3412 925 θ
3446 894 3635 962 ἕτερον
3673 891 3767 960 μὲν

2188 987 2286 1056 τῆς
2315 985 2532 1055 νοητῆς,
2558 984 2743 1054 ἕτερον
2768 985 2824 1038 δὲ
2849 985 2946 1054 τῆς
2978 983 3266 1055 αἰσθητῆς.
3303 983 3421 1037 Ἰνα
3449 984 3558 1052 γὰρ
3594 985 3765 1050 μήτις

2192 1079 2257 1130 ἐκ
2297 1077 2396 1147 τῆς
2450 1078 2714 1147 διαψορᾶς
2766 1076 2876 1128 τῶν
2903 1076 3082 1147 ἔργων
3147 1076 3442 1147 διαφόρους
3487 1074 3767 1138 ὑπολάϐοι,

2192 1170 2290 1222 ἕνα
2326 1168 2485 1238 χορὸν
2544 1169 2759 1236 ἵστησιν
2783 1165 2843 1229 ἑξ
2871 1167 3147 1232 ἁπάντων,
3199 1167 3296 1220 καὶ
3320 1166 3451 1238 μίαν
3494 1166 3768 1236 omnis!“

2198 1261 2388 1314 πλέκει
2427 1259 2505 1328 τῷ
2531 1258 2612 1312 ἑνὶ
2647 1261 2793 1330 μόνῳ
2813 1259 2953 1330 Θεῷ.

495 1359 620 1397 esse
679 1345 906 1414 Opiﬁces
957 1351 1251 1417 dicebant,
1316 1354 1548 1406 alterum
1602 1355 1858 1408 nimirum
1903 1353 2330 1416 intellectualis,
2401 1352 2631 1406 alterum
2686 1366 2815 1406 vero
2852 1351 3151 1407 materialis
3219 1359 3505 1407 creaturae.
3561 1348 3767 1401 Etenim

495 1454 563 1490 ne
613 1454 679 1492 ex
726 1456 949 1508 operum
1005 1443 1323 1501 diversitate
1373 1448 1551 1501 varios
1591 1449 1715 1516 quis
1761 1450 2082 1517 opinaretur
2120 1462 2245 1502 esse
2275 1456 2600 1510 creatures,
2635 1461 2802 1500 unum
2827 1460 2892 1500 ex
2927 1455 3161 1517 utroque
3223 1447 3326 1502 hoc
3393 1456 3766 1502 creaturarum

491 1523 685 1584 Senere
745 1531 972 1586 chorum
1008 1537 1215 1600 statuit,
1244 1548 1406 1607 atque
1445 1555 1605 1593 unam
1634 1541 1926 1610 complicat
1958 1537 2353 1600 laudationem,
2392 1539 2483 1592 uui
2513 1548 2672 1606 atque
2700 1538 2801 1593 soli
2838 1537 2970 1596 Deo.

563 1621 727 1674 Vens.
763 1624 809 1678 Ι.
846 1624 1083 1681 Laudat:
1115 1628 1396 1683 Dominum
1422 1631 1485 1684 de
1513 1633 1678 1698 caelis,
1716 1633 1935 1686 laudate
1964 1649 2083 1686 eum

491 1709 549 1763 it
607 1714 844 1768 excelsis.
879 1717 953 1770 Ex
989 1719 1141 1772 calls
1185 1722 1434 1789 quidem,
1479 1722 1582 1776 hoc
1649 1730 1761 1787 est,
1799 1739 1866 1778 ex
1911 1725 2084 1793 primo

492 1811 657 1870 atque
685 1819 748 1858 ex
774 1806 1018 1861 secundo
1043 1810 1202 1874 caelo,
1239 1812 1304 1865 ad
1334 1812 1574 1866 divinam
1606 1814 1820 1868 Iaudem
1859 1815 2083 1886 angelos

493 1902 682 1956 vocat,
715 1903 768 1948 et
798 1897 984 1953 stellas
1007 1939 1023 1965 ,
1062 1908 1116 1954 et
1155 1902 1337 1955 Omnia
1381 1920 1502 1974 qua:
1537 1904 1590 1958 in
1638 1905 1791 1960 caelis
1819 1919 1946 1960 sunt
1980 1924 1994 1961 :
2031 1918 2083 1962 et

495 1982 690 2038 deinde
716 1989 876 2055 paulo
906 1999 1049 2058 post,
1077 2008 1140 2046 ex
1174 2002 1315 2048 terra
1341 1995 1607 2052 dracones
1635 1997 1890 2061 advocat,
1919 2009 2082 2069 atque

496 2077 600 2130 alia
630 2116 645 2142 ,
675 2088 734 2132 ut
770 2079 822 2133 in
856 2084 1216 2152 sequentibus
1240 2125 1257 2149 ,
1303 2096 1357 2141 et
1396 2088 1614 2142 demum
1663 2089 1716 2144 in
1767 2091 2082 2147 hominibus

496 2184 806 2224 sermonem
843 2174 1071 2242 perﬁcit.
1106 2174 1244 2231 Puto
1289 2187 1469 2233 autem
1506 2181 1647 2235 idem
1684 2183 1922 2237 voluisse
1957 2199 2080 2237 eum

492 2261 830 2331 signiﬁcare,
867 2267 1088 2334 quando
1128 2270 1204 2322 ait
1243 2285 1258 2324 :
1290 2269 1527 2326 Laudate
1561 2272 1842 2326 Dominum
1884 2276 1946 2328 de
1981 2292 2082 2329 cae-

492 2351 581 2418 lis,
615 2357 756 2422 quod
798 2360 1128 2430 signiﬁcavit
1153 2405 1167 2428 ,
1203 2367 1420 2435 quando
1468 2368 1603 2423 dixit
1634 2387 1646 2422 :
1698 2370 1936 2424 Laudate
1963 2388 2084 2426 eum

490 2442 542 2495 in
570 2448 808 2504 excelsis.
858 2452 1061 2510 Deinde
1085 2468 1448 2513 cunnumerat
1490 2475 1757 2528 quosnam
1784 2463 1851 2516 dc
1887 2464 2042 2519 ccelis
2068 2505 2083 2528 ,

490 2548 582 2590 aut
611 2556 878 2606 quosnam
907 2561 970 2599 ex
1008 2551 1236 2605 excelsis
1263 2553 1505 2620 partibus
1533 2554 1785 2610 advocet.

562 2626 723 2684 Vens.
763 2632 817 2686 2.
859 2633 1104 2692 Laudate
1135 2655 1274 2702 eum,
1308 2657 1484 2695 omnes
1509 2644 1680 2712 angeli
1701 2645 1833 2714 ejus.
1869 2646 2087 2702 laudate

488 2735 630 2784 cum,
684 2739 859 2778 omnes
925 2728 1138 2782 virtutes
1197 2731 1333 2798 ejus.
1367 2732 1613 2802 (ἶιιιιιιιυε
1659 2736 1729 2790 de
1768 2739 2084 2806 angelorum

491 2811 684 2864 ordine
709 2815 938 2882 dixerit,
982 2821 1250 2874 (‘Out'Clilll
1307 2822 1518 2878 addidit
1551 2827 1618 2880 de
1652 2829 1865 2883 caeteris
1902 2831 2085 2884 muni-

495 2901 595 2955 bus
633 2903 938 2970 ordinibus,
961 2907 1224 2973 Virtuti-3.
1253 2929 1346 2966 seu
1375 2916 1642 2982 potentias
1664 2932 1759 2971 eos
1783 2921 2083 2988 appellans.

491 2989 587 3045 Vel
639 3008 734 3060 per
773 2998 994 3067 angelos
1039 3009 1091 3054 et
1133 3017 1230 3070 per
1281 3003 1521 3061 Virtutes
1550 3047 1565 3071 ,
1626 3009 1915 3065 universos
1968 3011 2089 3080 illo_

491 3097 609 3135 rum
656 3086 878 3142 ordines
929 3090 1298 3160 signiﬁcavit:
1360 3098 1588 3152 alterum
1657 3101 1876 3170 quidem
1909 3143 1923 3165 ,
1957 3106 2085 3171 quia

487 3172 670 3228 divina
741 3183 1072 3237 annuntiant
1147 3188 1403 3242 mandata
1472 3191 1738 3262 (angelus
1819 3193 2086 3263 siquidem

2261 1631 2491 1686 Αἰνεῖτε
2541 1629 2651 1684 τὸν
2704 1632 2925 1699 Κύριον
2976 1631 3046 1685 ἐκ
3085 1630 3205 1685 τῶν
3225 1632 3522 1715 οὺραζῶν,
3555 1625 3771 1684 αἱνεῖτε

2194 1721 2384 1775 αὑτὸν
2436 1721 2507 1774 ἐν
2561 1721 2683 1788 τοῖς
2744 1723 3055 1790 ὑψίστοις.
3093 1721 3190 1774 Ἐκ
3223 1721 3320 1793 μὲν
3349 1721 3459 1774 τῶν
3505 1719 3768 1790 οὐρανῶν,

2189 1813 2282 1866 τοῦ
2315 1831 2374 1866 τε
2400 1814 2619 1882 πρώτου
2644 1813 2742 1866 καὶ
2777 1813 2872 1866 τοῦ
2902 1813 3178 1885 δευτέρου,
3204 1815 3362 1867 καλεῖ
3392 1814 3532 1882 πρὸς
3561 1816 3765 1866 αῖνεσιν

2187 1905 2282 1959 τοῦ
2312 1905 2517 1975 Κυρίου
2576 1904 2705 1967 τοὺς
2754 1903 3042 1972 ἀγγέλους,
3076 1905 3203 1968 τοὺς
3237 1906 3497 1974 ἀστέρας,
3530 1904 3630 1956 καὶ
3673 1905 3769 1956 ὅσα

2189 1997 2257 2049 τὰ
2309 1996 2430 2049 κατ’
2486 1997 2783 2068 οὐρανούς·
2829 1999 2893 2050 ὲκ
2948 1997 3004 2050 δὲ
3056 1998 3155 2068 τῆς
3190 1999 3295 2067 γῆς
3329 1996 3561 2065 προῖὼν,
3619 1997 3770 2050 καλεῖ

2183 2089 2308 2152 τοὺς
2352 2089 2677 2159 δράκοντας,
2719 2090 2814 2141 καὶ
2870 2089 2938 2142 τά
2972 2088 3193 2157 ἑφεξῆς,
3255 2091 3352 2142 καὶ
3387 2090 3649 2142 καταλύει
3683 2089 3769 2142 τδιν

2183 2178 2340 2246 λόγον
2366 2181 2447 2242 είς
2480 2179 2606 2240 τοὺς
2646 2177 2972 2248 ἀνθρώπους
3000 2195 3016 2210 ·
3051 2181 3249 2232 ταυτὸν
3277 2179 3333 2232 δὲ
3378 2180 3464 2236 τδ.
3548 2181 3620 2232 ἐκ
3657 2179 3770 2232 τῶν

2184 2271 2476 2338 οὐρανῶν,
2511 2270 2587 2340 τῷ
2637 2273 2706 2326 ἐν
2741 2271 2865 2337 τοῖς
2904 2271 3211 2339 ὑψίστοις.
3246 2267 3377 2324 Εἶτα
3421 2273 3572 2338 λέγει
3625 2273 3772 2336 τίνας

2186 2363 2251 2415 ὲκ
2281 2363 2389 2416 τῶν
2411 2362 2679 2433 οὐρανῶν,
2726 2364 2822 2417 καὶ
2851 2365 2908 2416 ὲν
2929 2364 3040 2427 τοῖς
3071 2363 3318 2433 ὑψίστοις
3353 2363 3548 2436 μέρεσι
3587 2365 3763 2418 καλεῖ.

2259 2626 2489 2682 Αινεῖτε
2507 2626 2717 2693 αὐτὸν,
2739 2627 2960 2696 πάντες
2977 2631 3032 2684 οι
3057 2629 3296 2698 ἄγγελοι
3316 2629 3526 2684 αὐτοῦ·
3555 2629 3769 2683 οινεῗτε

2187 2718 2396 2786 αὐτὸν,
2416 2718 2608 2774 πᾶσαι
2643 2723 2701 2774 al
2735 2720 3023 2790 δυνάμεις
3055 2721 3262 2777 αὐτοῦ.
3295 2720 3480 2774 Εἰπὼν
3524 2725 3657 2792 περὶ
3680 2722 3768 2775 τοῦ

2197 2811 2495 2877 ἀγγελικοῦ
2553 2813 2856 2882 τάγματος,
2929 2813 3178 2882 ἐπήγαγε
3237 2813 3627 2882 συλληπτικὼς
3682 2814 3771 2867 zal

2194 2919 2259 2954 πε
2270 2904 2324 2972 pl.
2346 2903 2453 2955 τῶν
2475 2903 2677 2957 λοιπῶν
2702 2904 3026 2972 ταγμάτων,
3046 2904 3320 2974 Δυνάμεις
3337 2903 3478 2956 αὐτὰ
3504 2905 3734 2966 καλέσας
3753 2920 3767 2935 ’

2193 2993 2226 3064 ἦ
2263 2995 2330 3048 τὰ
2360 2994 2454 3047 ὅλα
2487 2995 2743 3064 τάγματα
2769 2997 2925 3048 καλεῖ
2946 2995 3214 3066 Δυνάμεις
3243 2997 3337 3048 καὶ
3387 2996 3695 3063 ἀγγέλους·
3716 2997 3772 3048 τὸ

2198 3087 2298 3156 μὲν
2330 3089 2413 3141 ὅτι
2459 3088 2528 3141 τὰ
2583 3088 2703 3142 θεῖα
2742 3089 3122 3158 διαγγέλλουσι
3173 3091 3423 3159 ῥήματα,
3476 3090 3538 3141 τὸ
3591 3090 3648 3141 δὲ
3693 3091 3771 3143 ὅτι

2193 3179 2450 3234 δύνανται
2493 3180 2563 3234 τὰ
2613 3181 3021 3252 ἐπιταττόμενα
3068 3181 3280 3234 τελεῖν·
3327 3180 3574 3235 δυνατοὶ
3645 3182 3768 3252 γάρ,

491 3271 714 3326 nuntius
769 3273 1231 3349 interpretatur);
1283 3281 1514 3336 alterum
1569 3300 1716 3348 vero,
1764 3286 1890 3355 quia
1933 3288 2080 3357 jussa

2194 3275 2381 3344 φησὶν,
2411 3275 2600 3344 ισχύτ,
2629 3273 2945 3342 ποιοῦντες
2973 3274 3076 3329 τὸν
3101 3275 3288 3346 λόγον
3314 3273 3528 3330 αὑτοῦ.

487 3361 590 3414 sibi
623 3377 651 3416 a
687 3361 794 3419 Deo
829 3371 1337 3440 possuntfperﬁcere
1368 3377 1649 3432 :Potentes
1681 3377 1850 3443 enim,
1885 3378 2085 3450 inquit.

487 3453 707 3520 uiribus,
736 3466 794 3510 ut
827 3459 1030 3526 faciant
1054 3463 1264 3517 verbum
1291 3467 1409 3535 ejus
1437 3469 1480 3520 °.

563 3545 798 3604 Vens.3.
833 3549 1070 3608 Laudate
1111 3558 1356 3622 eum,sol
1401 3567 1450 3612 et
1498 3560 1627 3614 luna
1654 3603 1668 3626 ,
1709 3563 1922 3617 laudate
1939 3579 2083 3635 eum,

487 3635 656 3692 stella
696 3649 748 3693 et
787 3641 900 3698 lux.
951 3644 1076 3700 llaec
1130 3649 1362 3704 secundi
1406 3662 1535 3706 sunt
1581 3654 1742 3720 cali,
1803 3655 1907 3710 boc
1962 3663 2084 3724 est,

490 3729 840 3790 ﬁrmamenti.
871 3734 976 3791 Per
1005 3740 1178 3795 solem
1219 3741 1385 3812 igitur
1414 3745 1707 3816 lunamque
1736 3787 1752 3811 ,
1777 3758 1832 3802 et
1862 3747 2046 3804 stellas
2068 3782 2084 3808 ν

489 3820 608 3888 Ipsa
639 3837 843 3894 organa
872 3827 1142 3900 intelliges
1170 3871 1186 3896 ,
1229 3847 1352 3902 qua:
1388 3834 1565 3890 lucem
1606 3837 1954 3905 suscipiunt;
1992 3851 2088 3906 per

485 3927 662 3986 lucem
702 3930 854 3982 vero,
889 3934 1008 3972 eam
1043 3921 1244 3988 lucem,
1271 3940 1396 3991 qua:
1426 3941 1629 3995 organa
1666 3927 1756 3980 illa
1785 3927 2080 3990 illuminat,

487 4010 652 4072 atque
693 4007 746 4060 in
779 4023 842 4062 ea
875 4010 1051 4066 divisa
1095 4021 1200 4068 est.
1244 4015 1376 4075 Vel.
1417 4031 1512 4084 per
1560 4018 1732 4072 solem
1758 4057 1774 4082 ,
1808 4019 1990 4072 lunam
2030 4027 2086 4075 et

487 4097 708 4162 stellas,
737 4107 1020 4156 creaturas
1049 4118 1146 4158 eas
1177 4105 1472 4177 intelligit,
1506 4124 1629 4178 qua:
1681 4118 1878 4179 quarta
1919 4110 2008 4166 die
2051 4126 2082 4166 a

486 4185 600 4241 Deo
648 4189 881 4246 condita:
940 4202 1106 4261 sunt;
1155 4212 1255 4266 per
1327 4198 1502 4254 lucem
1568 4216 1698 4256 vero
1757 4203 2081 4258 immensam

489 4279 636 4334 illam
667 4282 841 4338 lucem
866 4326 882 4350 ,
908 4301 1030 4354 qua:
1059 4289 1231 4357 prima
1263 4293 1562 4348 creatiouis
1598 4292 1687 4348 die
1725 4309 1754 4346 a
1786 4292 1897 4349 Deo
1938 4295 2082 4350 facta

487 4380 591 4428 est.
619 4374 818 4430 Verum
852 4379 897 4432 si
943 4381 1185 4449 quaeris,
1223 4387 1496 4452 quomodo
1550 4386 1698 4454 lucc,
1737 4397 1830 4442 aut
1871 4388 2081 4457 reliqua

485 4466 802 4534 huiusmodi
855 4471 1125 4527 elementa
1157 4514 1171 4538 ,
1228 4474 1397 4530 Deum
1443 4477 1731 4532 laudatura
1772 4480 1924 4544 sint,
1955 4495 2076 4533 cum

485 4571 620 4610 voce
644 4568 865 4614 careant
893 4601 908 4625 ,
937 4578 1062 4616 cum
1110 4577 1348 4620 mentem
1389 4580 1485 4622 aut
1533 4570 1776 4623 animum
1831 4584 1940 4624 non
1980 4571 2078 4625 ha-

485 4647 681 4713 beant,
711 4649 832 4714 die,
856 4653 1000 4720 quod
1027 4663 1138 4711 tres
1163 4642 1307 4711 modi
1340 4667 1467 4732 sunt
1490 4698 1506 4722 ,
1533 4659 1733 4729 quibus
1761 4661 1975 4714 laudari
2009 4676 2074 4714 ac

483 4739 776 4806 gloriﬁcari
811 4743 951 4798 Deus
983 4755 1161 4813 potest
1195 4767 1208 4803 :
1243 4765 1338 4818 per
1357 4765 1543 4806 vocem
1573 4751 1854 4817 nimirum,
1893 4769 2082 4820 quem-

484 4828 779 4884 admodum
833 4831 1052 4902 Moyscs
1084 4838 1248 4903 fecit,
1279 4841 1442 4895 simul
1498 4857 1621 4895 cum
1671 4857 1864 4898 sorore
1908 4843 2076 4899 Maria

481 4919 752 4987 laudans,
798 4933 854 4978 et
907 4926 1098 4981 dicens
1141 4944 1156 4983 :
1211 4929 1495 4986 Cantemus
1547 4931 1808 5000 Domino,
1850 4934 2080 5004 gloriose

476 5017 618 5069 enim
661 5016 991 5086 glori/iectus
1021 5027 1100 5073 est
1149 5020 1192 5052 ¹⁰
1225 5037 1244 5084 ;
1277 5022 1402 5076 item
1455 5039 1552 5091 per
1600 5034 1926 5093 aspectum,
1980 5041 2074 5079 seu

479 5111 852 5178 praesentiam,
879 5111 1032 5179 juxta
1057 5113 1189 5167 illud
1219 5133 1230 5168 :
1269 5113 1398 5168 Caeli
1429 5125 1680 5168 enarrant
1707 5117 1932 5186 gloriam
1957 5117 2072 5182 Dei.

476 5199 548 5252 de
589 5216 700 5269 quo
733 5201 974 5256 diximus
1006 5205 1056 5257 in
1103 5206 1313 5274 psalmo
1359 5223 1534 5272 xvm;
1572 5207 1734 5260 tertio
1771 5223 1864 5276 per
1897 5209 2065 5262 vitam

475 5299 532 5342 et
566 5294 1037 5350 conversationem
1061 5305 1328 5361 nostram,
1349 5296 1505 5366 juxta
1534 5297 1677 5364 quod
1706 5297 1913 5351 dictum
1945 5309 2026 5351 est
2055 5335 2068 5370 ε

497 5378 568 5432 Ut
599 5380 802 5435 rideant
842 5381 978 5436 bona
1010 5400 1170 5448 opera
1196 5395 1364 5439 vestra
1391 5425 1408 5449 ,
1433 5395 1482 5439 et
1515 5386 1814 5456 glori/irent
1849 5386 2067 5440 Patrem

477 5481 707 5525 uestrum
735 5511 750 5535 ,
793 5473 884 5543 qui
911 5474 962 5526 in
997 5475 1138 5528 cazlis
1167 5486 1244 5527 est
1281 5478 1320 5507 ”
1353 5513 1372 5529 .
1413 5477 1662 5530 Laudant
1691 5477 1862 5547 igitur
1894 5477 2067 5531 Deum

480 5572 600 5630 ipsa
629 5563 795 5616 etiam
835 5562 1136 5618 inauimata
1185 5575 1348 5634 atque
1377 5567 1743 5630 irrationalia,
1779 5583 1876 5621 sua
1907 5567 2072 5620 nimi-

481 5668 603 5706 rum
647 5654 1058 5724 magnitudine,
1109 5657 1554 5726 pulchritudine,
1605 5659 1750 5722 situ,
1793 5659 2027 5713 utilitate
2054 5700 2068 5721 ,

552 5831 574 5862 '
619 5831 762 5886 Psal.
813 5848 912 5895 ιιι.
957 5833 1045 5891 Eu.
1129 5837 1168 5868 '°
1207 5837 1313 5891 Exo
1341 5836 1372 5888 1.
1405 5853 1492 5900 ιν,
1525 5837 1568 5890 l.

1648 5836 1684 5867 “
1710 5835 1900 5891 .llattlt.
1931 5854 1981 5900 ν,
2024 5836 2105 5891 l6.

2253 3539 2478 3592 Αἰνεῖτε
2504 3537 2712 3598 αὐτὸν,
2740 3536 2913 3605 ἥλιος
2960 3536 3058 3591 καὶ
3097 3535 3334 3604 σελήνη
3359 3554 3374 3570 ⁸
3409 3540 3636 3594 αἱνεῖτε
3668 3545 3768 3594 αἰ·-

2189 3632 2317 3698 τὸν,
2342 3633 2540 3686 πάντα
2567 3633 2636 3686 τὰ
2653 3631 2846 3700 ἄστρα
2872 3633 2966 3686 καί
3002 3631 3068 3684 τὸ
3083 3631 3231 3700 φῶς,
3254 3633 3441 3686 Ταῦτα
3477 3634 3568 3686 τοῦ
3586 3635 3770 3688 δευτέο

2191 3742 2288 3796 ρου
2339 3723 2594 3795 οὐρανοῦ,
2660 3725 2777 3794 ἦτοι
2831 3723 2928 3776 τοῦ
2982 3722 3392 3794 στερεώματος.
3442 3723 3634 3777 Ἥλιον
3674 3725 3769 3794 μὲν

2187 3813 2304 3881 οὖν,
2339 3816 2436 3869 καὶ
2473 3817 2724 3886 σελήνην,
2783 3816 2877 3869 καὶ
2911 3817 3113 3886 άστρα,
3143 3815 3207 3867 τὰ
3241 3815 3524 3887 φωτοδόχα
3568 3815 3768 3869 τούτων

2187 3910 2425 3980 ὄργανα,
2456 3910 2704 3977 νοήσεις·
2733 3908 2848 3976 φῶς
2873 3909 2952 3972 δὲ,
2977 3906 3037 3959 τὸ
3067 3907 3475 3978 καταμερισθὲν
3499 3912 3580 3972 εἰς
3610 3911 3765 3964 αὑτά.

2193 4002 2264 4054 Ἦ
2295 4000 2472 4054 ταῦτα
2515 4000 2638 4071 μὲν,
2671 3999 2739 4052 τὰ
2772 4001 2830 4052 ὲν
2863 4001 2929 4068 τῇ
2961 3999 3200 4070 τετάρτῃ
3229 3999 3419 4072 ἡμέρᾳ
3442 4000 3764 4053 κτισθέντα·

2188 4092 2302 4160 φῶς
2333 4091 2491 4154 δὲ,τδ
2511 4091 2734 4160 γεγονὸς
2763 4091 2820 4142 ἐν
2852 4092 2917 4160 τῇ
2955 4087 3174 4162 πρώτῃ,
3198 4090 3261 4142 τὸ
3295 4089 3553 4160 ἄσχετον.
3611 4092 3767 4144 Ἀλλὰ

2188 4183 2305 4244 πῶς
2335 4183 2612 4237 αίνέσουσι
2662 4181 2837 4236 ταῦτά
2891 4198 2949 4235 τε
3005 4182 3102 4234 καὶ
3149 4183 3217 4236 τὶ
3258 4183 3414 4252 ἑξῆς,
3449 4184 3641 4253 φωνὴν
3672 4185 3768 4237 οὐκ

2185 4276 2396 4346 ἔχοντα,
2437 4277 2498 4330 οὑ
2527 4276 2798 4344 γλῶτταν,
2828 4275 2887 4328 οὒ
2915 4274 3210 4344 λογισμὸν,
3250 4275 3310 4328 οὐ
3339 4274 3564 4345 ψυχήνς
3609 4275 3767 4346 Τρεῖς

2183 4368 2240 4421 δὲ
2275 4368 2468 4438 τρόποι
2499 4367 2813 4433 δοξολογίας
2838 4385 2852 4399 ο
2889 4369 2978 4422 διὰ
3013 4369 3220 4437 φωνῆς,
3249 4368 3324 4432 ὡς
3373 4369 3620 4438 Μωῦσῆς
3664 4368 3766 4420 ἐδόο

2190 4461 2318 4525 ξασε
2360 4459 2500 4530 μετὰ
2527 4459 2629 4528 τῆς
2659 4461 2881 4532 Μαρίας
2909 4462 3078 4516 αἰνῶν
3119 4463 3214 4515 καὶ
3244 4461 3418 4530 λέγων
3442 4477 3459 4490 ⁶
3492 4464 3766 4531 ’ᾼσωμεγ

2184 4552 2262 4617 τῷ
2297 4551 2511 4618 Κυρίῳ,
2543 4552 2806 4619 ἐνδόξως
2850 4554 2958 4624 γὰρ
2978 4553 3364 4619 δεδόξασταν
3390 4557 3418 4607 ό
3443 4554 3514 4606 δι’
3567 4555 3761 4623 ὄψεως.

2191 4645 2286 4706 ὡς,
2331 4646 2582 4710 Οὐρανοὶ
2642 4644 2991 4713 διηγοῦνται
3043 4645 3235 4710 δόξαν
3301 4647 3473 4707 Θεοῦ,
3531 4648 3662 4716 περὶ
3706 4638 3763 4697 οὗ

2189 4736 2507 4803 διελάϐομεν
2554 4738 2610 4789 ὲν
2675 4737 2753 4806 τῷ
2810 4735 2881 4806 ιη’
2908 4737 3109 4807 ψαλμῷ
3133 4754 3149 4769 ·
3213 4738 3307 4790 καὶ
3335 4738 3362 4789 ὁ
3403 4738 3492 4790 διὰ
3525 4738 3642 4806 βίου
3674 4737 3764 4790 καὶ

2189 4827 2394 4898 ἔργων·
2417 4828 2615 4893 Ὅπως
2646 4827 2779 4898 γάρ,
2809 4831 2996 4897 φησιν,
3023 4828 3196 4882 ἴδωσι
3231 4828 3300 4881 τὰ
3326 4828 3471 4895 ἔργα
3501 4828 3670 4897 ὑμῶν
3697 4830 3764 4880 τὰ

2187 4919 2366 4978 καλὰ,
2393 4919 2491 4971 καὶ
2521 4917 2830 4982 δοξάσωσι
2855 4920 2962 4973 τὸν
2982 4919 3214 4988 Πατέρα
3235 4918 3398 4986 ὑμῶν
3420 4920 3529 4972 τὸν
3551 4921 3624 4972 ἐν
3647 4919 3762 4985 τοῖς

2185 5009 2489 5078 οὐρανοῖς.
2529 5010 2742 5064 Αἰνεῖτε
2776 5010 2907 5078 γοῦν
2939 5011 3030 5063 τὸν
3051 5011 3204 5074 Θεὸν,
3246 5013 3341 5064 καὶ⁴
3368 5010 3437 5064 τά
3472 5012 3646 5077 ἄλογα
3673 5014 3762 5065 καὶ

2180 5104 2386 5174 ἀψυχα,
2415 5103 2494 5173 τῷ
2520 5102 2854 5173 μεγέθει,τῷ
2881 5103 3087 5168 κάλλει,
3113 5105 3179 5174 τῇ
3205 5103 3372 5164 θέσει,
3401 5105 3468 5173 τῇ
3486 5104 3665 5174 χρεία,
3695 5107 3756 5174 τῇ

2179 5195 2450 5268 διακονίᾳ,
2472 5197 2536 5266 τῇ
2562 5195 2821 5265 διαμονῇ,
2858 5195 3089 5258 καὶτοῖς
3119 5195 3406 5257 τοιούτοις,
3440 5197 3535 5248 τὸν
3566 5197 3760 5264 θεατὴν

2179 5289 2260 5350 είς
2287 5285 2472 5355 θαῦμα
2506 5284 2601 5338 καὶ
2621 5285 2901 5354 εὐφημίαν
2937 5285 3032 5336 τοῦ
3069 5283 3434 5353 πεποιηκότος
3474 5285 3756 5352 ἐνάγοντα,
3816 5300 3820 5304 ’

2179 5377 2275 5430 καὶ
2300 5382 2368 5450 τῇ
2399 5376 2613 5449 γλώττῃ
2643 5376 2818 5450 ταύτῃ
2896 5377 3034 5447 πρὸς
3081 5376 3415 5444 ὑμνολυγίαν
3447 5377 3728 5448 χρώμενα.

2180 5473 2336 5526 Κατὰ
2371 5474 2480 5544 γὰρ
2534 5473 2626 5526 τὸν
2686 5473 2948 5541 Θεολόγον
3002 5473 3325 5545 Γρηγὸριον,
3396 5475 3577 5527 πάντα
3631 5475 3758 5526 Θεὸν

2177 5564 2341 5632 ὑμνεῖ
2394 5563 2488 5618 καὶ
2546 5563 2759 5628 δοξάζει
2843 5565 3051 5633 φωναῖς
3117 5562 3432 5632 ἀλαλήτοις.
3461 5564 3586 5618 Ἐπὶ
3627 5568 3756 5618 πᾶσι

2181 5659 2288 5729 γὰρ
2325 5657 2734 5728 εὐχαριστεῖται
2769 5657 2836 5712 δι’
2871 5656 3006 5728 ἐμοῦ
3031 5655 3195 5721 Θεός·
3230 5655 3327 5710 καὶ
3356 5655 3532 5722 οὕτως
3557 5661 3586 5711 ὁ
3618 5649 3761 5712 ἐκεὲέ
