3964 6552
273 353 411 414 ῙἸΙΒ
1443 363 1832 424 COMMENT.
1873 363 1954 423 IN
1996 363 2360 428 PSALMOS.
3397 362 3532 427 Ῑῗῖἷί

268 484 374 519 νων
431 467 597 538 ὕμνος
661 473 930 546 ἡμέτερος
991 475 1222 544 γίνεται,
1282 477 1413 547 παρ’
1475 472 1550 533 ὧν
1610 479 1721 546 ἐγὼ
1782 477 1842 532 τὺ

1960 478 2275 542 niuisterio.
2331 479 2775 548 perseverantia.
2841 488 3004 550 atque
3070 479 3194 536 aliis
3255 481 3534 536 similibus

267 559 462 626 ὑμνεῖν
502 561 646 632 λαμϐ
657 568 790 621 ἀνω.
1553 585 1558 592 '

1960 570 2126 624 modis
2161 587 2177 623 :
2212 579 2269 624 et
2303 580 2666 638 spectatorem
2700 572 2752 626 in
2780 571 3193 626 admirationes»
3225 612 3241 637 ,
3275 579 3440 642 atque
3465 573 3531 625 ad

265 651 481 708 lmdem
526 657 770 716 Factoris
807 676 1062 732 movent,
1119 657 1260 723 unde
1296 667 1618 737 spectatoris
1664 667 1847 735 lingua
1887 663 1955 718 ad
1987 665 2078 718 Dei
2115 665 2331 720 laudem
2381 675 2628 720 utuntur.
2671 663 2864 719 Omnia
2891 665 3076 728 enim,
3149 672 3242 727 ut,
3310 664 3486 734 inquit
3514 702 3532 729 ,

272 741 573 812 Gregorius
610 749 944 824 Theologus,
980 756 1144 811 Deum
1177 758 1428 826 laudant,
1463 757 2036 824 inenarrabilibusque
2068 766 2124 811 et
2155 757 2324 810 mutis
2348 759 2534 823 etiam,
2561 766 2622 810 ut
2659 758 2731 809 ita
2791 755 2992 829 dicam,
3059 756 3292 811 vocibus
3361 757 3533 813 Deum

266 835 596 902 glorificant.
631 840 738 898 Pro
769 845 854 898 his
888 848 1143 903 omnibus
1171 854 1391 913 etenim,
1424 851 1622 919 inquit.
1653 851 1841 920 gratiae
1876 865 1906 903 a
1931 865 2015 903 me
2045 855 2283 918 aguntur
2314 849 2424 904 Deo
2470 868 2483 904 :
2537 859 2702 917 atque
2773 849 2871 903 hoc
2905 845 3062 918 pacto
3097 851 3311 905 illorum
3376 853 3530 913 laus.

224 994 232 1006 ο
266 943 369 996 qua
403 928 570 983 Deum
607 934 868 1003 laudant,
903 955 1021 994 mea
1052 940 1281 996 ellicitur
1303 982 1318 1006 ,
1349 942 1477 996 dum
1511 944 1578 995 ab
1603 942 1709 996 illis
1743 957 1844 1010 ego
1879 941 2136 1003 laudandi
2163 943 2510 997 Occasimmll
2538 943 2765 1010 ειοοῑιιῖο·

331 1021 561 1076 Αἰνεῖτε
582 1027 790 1088 αὑτὸν,
832 1031 884 1082 oi
910 1031 1150 1096 οὐρανοὶ
1186 1033 1302 1084 rei?
1325 1032 1616 1100 οὐρανῶν,
1653 1032 1750 1084 καὶ
1785 1032 1852 1082 τὸ

264 1113 422 1181 ὕδωρ
486 1117 552 1168 τὸ
590 1116 742 1185 ὑπὲρ
771 1119 892 1174 ἄνω
935 1121 1055 1176 τῶν
1079 1123 1374 1192 οὐρανῶν,
1427 1125 1850 1178 ιιὶγεσάτωσαν

264 1207 332 1259 τὸ
380 1207 569 1276 ὄνομα
605 1211 850 1278 Κυρίου.
902 1214 1132 1284 Εἴρηται
1171 1216 1465 1286 διαφόρως,
1510 1216 1591 1268 ὅτι
1638 1215 1756 1277 ἔθος
1779 1217 1844 1286 τῇ

263 1300 374 1352 τῶν
409 1299 681 1372 Ἐϐραίων
706 1307 880 1376 φωνῇ,
905 1306 972 1358 τὰ
988 1307 1142 1359 ἑνικὰ
1165 1307 1546 1378 πληθυντικῶς
1565 1308 1838 1376 ἐκερέρειν.

265 1393 552 1460 θύρανοὺς
585 1391 680 1446 οὖν
708 1397 980 1467 οὐρανῶν,
1015 1398 1106 1451 τὸν
1144 1399 1407 1468 οὐρανὸν
1439 1399 1544 1453 τοῦ
1578 1399 1841 1467 οὐρανοῦ

265 1486 424 1537 καλεί
451 1505 462 1516 ο
489 1487 688 1559 δηλαδὴ
717 1490 808 1542 τὸν
845 1492 1084 1562 πρῶτον·
1117 1492 1354 1562 ἀλλαχοῦ
1381 1492 1488 1563 γάρ
1547 1509 1734 1560 φησιν.
1779 1491 1842 1545 ’0

263 1578 521 1644 οἰιινανές
549 1580 656 1633 τοῦ
680 1583 943 1648 οὐρανοῦ
979 1583 1058 1648 τῷ
1111 1585 1338 1651 Κυρίῳ*
1383 1584 1478 1637 καὶ
1517 1585 1574 1636 τὸ
1609 1583 1842 1636 αἰνείτω

249 1668 339 1723 δὲ.
383 1673 477 1722 καὶ
511 1670 572 1722 τὸ
619 1673 1058 1740 αἰνεσάτωσίιν,
1085 1675 1311 1728 τοιαῦτα
1341 1674 1437 1728 νῦν
1460 1677 1565 1728 εἱσι
1601 1675 1840 1745 πληθυνο

262 1758 416 1822 me,
451 1759 575 1812 ἀντὶ
598 1762 813 1817 ἑνικῶν.
845 1764 1028 1834 ’Υδωρ
1057 1764 1112 1817 δὲ
1149 1764 1288 1834 ὑπὲρ
1312 1764 1424 1818 ἅνω
1455 1764 1549 1816 τοῦ
1578 1762 1834 1834 ούρανοῦ,

2031 1033 2196 1086 Vens.
2224 1033 2276 1086 εί.
2303 1031 2540 1086 Laudare
2574 1049 2686 1084 eum
2715 1031 2826 1084 cwli
2856 1032 3100 1085 coriorum
3122 1071 3138 1097 ,
3169 1041 3218 1087 et
3244 1051 3392 1102 aquae
3418 1052 3534 1107 qua:

1953 1137 2108 1188 super
2138 1125 2291 1176 cmlos
2319 1134 2437 1176 sunt
2465 1163 2479 1187 ,
2517 1123 2726 1175 laudent
2767 1140 2951 1176 nomen
2978 1124 3210 1179 Domini.
3245 1124 3361 1179 Jam
3393 1143 3534 1197 saepe

1953 1213 2188 1268 diximus
2219 1213 2544 1268 llebraicnm
2587 1231 2708 1270 esse
2742 1215 2942 1270 idioma
2966 1256 2980 1280 ,
3017 1225 3077 1270 ut
3110 1233 3230 1286 qua:
3272 1220 3533 1291 singulari

1952 1319 2206 1358 sermone
2232 1305 2503 1359 efferenda
2534 1317 2718 1362 essent
2746 1349 2760 1372 ,
2799 1307 3061 1362 dicantur
3095 1309 3315 1378 plurali.
3349 1311 3532 1366 Co‘los

1948 1394 2092 1447 enim
2150 1395 2416 1448 Helorum
2470 1396 2645 1462 dixit,
2703 1414 2798 1466 pro
2841 1400 3027 1452 curtum
3078 1401 3230 1465 caeli;
3281 1403 3530 1470 primum

1948 1485 2206 1538 nimirum
2239 1487 2436 1541 cmlum
2465 1529 2480 1552 ,
2513 1489 2578 1542 de
2605 1507 2711 1558 quo
2756 1491 2884 1544 alibi
2923 1492 3124 1546 dictum
3161 1503 3244 1547 est
3283 1511 3296 1546 :
3332 1493 3532 1548 Caium

1945 1579 2061 1631 caeli
2095 1576 2317 1631 Domino
2362 1581 2454 1646 ¹²;
2515 1582 2656 1633 unde
2703 1592 2755 1634 et
2800 1583 2964 1635 verba
3014 1584 3146 1638 illa:
3186 1583 3424 1640 Laudate
3480 1595 3531 1640 et

1946 1669 2182 1736 trudent,
2214 1671 2388 1740 plural
2413 1686 2442 1725 a
2477 1681 2604 1726 sunt
2633 1687 2729 1741 pro
2763 1672 3156 1742 singularibus.
3195 1676 3299 1730 Per
3327 1692 3523 1745 aquam

1944 1778 2075 1818 vero
2117 1777 2280 1829 quam
2327 1777 2492 1832 supra
2525 1765 2692 1818 ctelos
2725 1780 2848 1819 esse
2881 1766 3007 1818 dicit
3035 1807 3048 1830 ,
3086 1782 3206 1819 eam
3250 1767 3488 1838 intellige
3516 1807 3532 1834 ,

263 1849 325 1902 τὸ
352 1852 492 1922 ὑπὲρ
525 1853 636 1907 ἄνω
665 1856 761 1909 τοῦ
801 1856 1206 1926 περεὼματο,·
1245 1857 1364 1920 πῶς
1393 1857 1447 1908 δὲ
1473 1857 1612 1908 αἰνεῖ
1634 1857 1662 1907 ὁ
1691 1853 1842 1922 πρῶ-

1960 1867 2070 1920 quas
2115 1862 2198 1906 est
2243 1868 2412 1921 supra
2470 1853 2890 1908 firmamentum.
2939 1856 3222 1922 Quomodo
3255 1873 3382 1913 vero
3426 1861 3537 1930 pri-

267 1961 361 2006 τος
391 1947 621 2017 οὐρανὸς
645 1948 875 2010 ἀθέατος
906 1947 1003 2010 ῶν,
1042 1949 1258 2020 εἴρηται
1289 1951 1346 2000 ὲν
1400 1948 1478 2018 τῷ
1512 1946 1578 2018 ιη’
1609 1946 1840 2016 ψαλμῷο

264 2035 398 2090 ἔνθα
428 2037 510 2099 τὸ,
554 2041 621 2090 01
652 2040 896 2106 οὐρανοὶ
945 2039 1289 2108 διηγοῦνται
1331 2039 1522 2104 δόξαν
1580 2039 1748 2092 Θεοῦ.
1783 2039 1844 2091 Εἰ

263 2127 312 2178 δ’
351 2128 380 2180 ὀ
439 2129 671 2194 ἀθέατος
727 2132 909 2202 ὑμνεῖ,
959 2131 1226 2203 πρόδηλον
1257 2131 1338 2185 ὃτι
1368 2129 1549 2202 πολλῷ
1585 2129 1784 2203 μᾶλλον
1815 2130 1844 2182 ὁ

264 2217 480 2283 θεατάς.

342 2393 478 2448 Ὀτι
505 2396 688 2462 αὐτΐις
709 2397 838 2452 εἷπε
867 2399 964 2452 καὶ
989 2399 1387 2469 ἐγενήθησαν.
1419 2401 1519 2454 Διά
1544 2401 1661 2466 τοῦ,
1693 2399 1841 2467 εἷπε,

263 2485 362 2541 δύο
384 2487 558 2542 ταῦτα
593 2489 874 2560 ἐνέφηνεν,
919 2494 978 2546 οὐ
1013 2493 1173 2563 μόνον
1195 2494 1275 2547 ὅτι
1315 2494 1390 2564 μὴ
1417 2495 1550 2548 ὄντα
1591 2496 1846 2565 παρήγα-

265 2589 385 2647 γεν,
441 2578 560 2632 ἀλλ’
608 2580 692 2633 ὅτι
746 2581 842 2634 καὶ
894 2583 1034 2652 μετά
1085 2583 1288 2653 πολλῆς
1310 2583 1580 2646 εὐκολίας.
1624 2585 1844 2657 Ὠσπερ

264 2668 375 2739 γάρ
407 2687 488 2723 σοι
530 2671 602 2744 ’τὸ
629 2675 804 2725 ποιεῖν
833 2672 1074 2736 εὔκολον,
1109 2673 1282 2738 οὕτως
1312 2669 1389 2742 τῷ
1421 2675 1539 2744 Θεῷ
1593 2675 1654 2727 τὸ
1714 2691 1844 2727 ποι-

265 2759 402 2829 ῆσαι
463 2761 564 2815 οὐκ
625 2762 793 2817 ὄντα·
846 2765 1048 2833 μᾶλλον
1097 2764 1153 2817 δὲ
1209 2765 1391 2834 πολλῷ
1446 2767 1650 2820 πλέον⁹
1720 2767 1844 2820 οὐδὲ

267 2853 382 2924 γὰρ
434 2853 661 2910 δυνατὶν
712 2857 1064 2929 παραστῆσαι
1117 2857 1216 2928 τῆς
1259 2857 1510 2923 εὐκολίας
1541 2857 1641 2916 τὴν
1673 2859 1842 2930 ὑπερ·

269 2946 454 3018 ϐολήν.

333 3236 525 3303 Αὐτὸς
581 3237 921 3293 ἐνετείλατο
981 3239 1079 3293 καὶ
1130 3240 1518 3310 ἐκτίσθησαν.
1582 3241 1654 3295 Τὸ
1709 3243 1842 3296 αὐτὸ

265 3327 421 3394 λέγει
457 3329 642 3392 πάλιν,
688 3330 762 3392 ὡς
793 3329 952 3382 εἴωθε
983 3331 1247 3396 πολλάκις
1297 3335 1490 3386 ποιεῖν.
1527 3333 1843 3404 Γέγραπται

265 3418 379 3485 γὰρ
413 3419 471 3470 ὲν
531 3421 595 3488 τῇ
645 3419 811 3490 βίϐλῳ
857 3420 954 3488 τῆς
984 3421 1257 3484 Γενέσεως
1293 3438 1308 3453 ⁶
1339 3422 1662 3489 Γενηθήτω
1694 3423 1842 3494 φῶς,

267 3510 366 3562 καὶ
400 3509 660 3579 ἐγένετο,
693 3513 788 3563 καὶ
819 3512 886 3564 τὰ
921 3513 1047 3580 ἑξῆς
1077 3514 1302 3581 ὁμοίως.

348 3604 648 3669 Ἕστησεν
671 3604 821 3657 αὐτὰ
839 3611 923 3669 εις
939 3606 1046 3656 τὸν
1062 3606 1246 3659 αἰῶνα
1263 3606 1368 3661 τοῦ
1381 3606 1612 3674 αἰῶνος.
1632 3608 1848 3679 Ἢδραί-

269 3711 413 3747 ωτεν
469 3696 608 3748 αύτά
662 3699 807 3752 κατά
852 3714 911 3750 τε
967 3697 1064 3768 τὴν
1099 3699 1252 3764 τάξιν
1287 3703 1381 3753 καὶ
1415 3703 1513 3770 τὴν
1539 3703 1844 3773 ἐνέργειαν,

269 3787 370 3840 καὶ
416 3786 515 3857 τὴν
556 3788 769 3860 χρείαν,
807 3791 1180 3860 ἀμετακίνητα
1213 3790 1282 3843 δι’
1317 3792 1532 3861 αἰῶνος,
1566 3794 1642 3866 μὴ
1672 3811 1849 3866 παρα-

229 3921 234 3926 ς
271 3883 530 3936 δαί-,οντα
568 3881 697 3946 τοὺς
725 3882 886 3951 ὅρους
915 3883 1014 3951 τῆς
1046 3881 1286 3950 φύσεως.

346 3980 708 4046 Πρόσταῃια
753 3975 945 4042 ἔθετο,
975 3975 1073 4028 καὶ
1105 3979 1177 4029 οὐ
1206 3979 1701 4045 παρελεύσονται.
1741 3981 1851 4035 Καὶ

267 4067 434 4122 τοῦτο
481 4067 581 4138 τὴν
625 4067 874 4120 εὐκολίαν
911 4067 1008 4136 τῆς
1039 4069 1271 4137 συνοχῆς
1303 4068 1398 4121 καὶ
1442 4069 1850 4142 διακρατήσεως

269 4161 456 4217 αὐτῶν
509 4159 782 4231 ἐμφαίνει.
849 4159 1060 4221 Ἐθετο,
1096 4163 1282 4227 φησὶν,
1307 4161 1492 4224 αὐτοῖς
1524 4162 1852 4232 πρόσταγμα

269 4252 366 4305 τὸν
406 4253 555 4322 ὅρον,
615 4253 708 4306 καὶ
769 4250 830 4303 οὐ
889 4249 1324 4321 παρελεύσονται
1375 4251 1556 4315 τοῦτο,
1599 4253 1850 4325 καθάπερ

271 4345 440 4401 δούλα
467 4345 541 4416 μὴ
579 4346 869 4416 τολμῶντα
910 4343 1266 4415 παρεξελθεῖν
1295 4343 1356 4398 τὸ
1383 4346 1714 4416 προστάγμα
1758 4348 1850 4399 τοῦ

271 4435 562 4492 δεσπότου.

319 4701 565 4768 ⁶Αἰνεῖτε
595 4701 702 4756 τὸν
734 4703 952 4770 Κύριον
983 4703 1052 4756 ἐκ
1079 4701 1188 4771 τῆς
1220 4701 1352 4772 γῆς,
1377 4701 1725 4771 δράκοντες,
1752 4706 1850 4757 καὶ

272 4793 469 4850 πᾶσαι
518 4795 802 4849 ἄϐυσσοι.
848 4796 1159 4868 Δράκοντας
1221 4796 1321 4865 μὲν
1377 4795 1448 4848 τά
1485 4797 1654 4866 κτήνη
1705 4797 1852 4864 λέγει

273 4887 396 4949 νῦν,
445 4885 520 4948 ὡς
574 4888 668 4940 καὶ
713 4886 970 4957 ἀλλαχοῦ,
1035 4887 1298 4954 Δράκων,
1349 4886 1536 4956 φησὶν,
1574 4882 1748 4954 οὗτος
1781 4887 1854 4940 ὃν

275 4980 551 5043 ἔπλασας
579 4993 592 5007 °
629 4979 897 5041 ἀϐύσσους
927 4978 1003 5040 δὲ,
1022 4979 1090 5031 τὰ
1121 4979 1334 5048 πελάγη
1358 4995 1372 5007 ’
1395 4980 1564 5032 Ὅταν
1603 4979 1714 5049 γὰρ
1754 4977 1852 5031 ἴδοι

273 5087 360 5132 τις
417 5069 512 5122 τοῦ
567 5071 765 5140 κήτους
792 5073 853 5122 τὸ
895 5069 1147 5139 μέγεθος,
1179 5070 1274 5123 καὶ
1313 5081 1411 5139 την
1438 5069 1716 5139 σύμπηξιν
1755 5069 1852 5122 τοῦ

279 5162 554 5234 σώματος,
617 5165 682 5236 ἢν
735 5165 793 5216 ὲν
831 5163 910 5233 τῷ
972 5163 1091 5216 Ἰὼϐ
1125 5165 1157 5234 ἡ
1196 5163 1386 5234 Γραξὴ
1431 5162 1568 5233 μετά
1607 5162 1851 5225 πλείονος

276 5255 550 5325 διηγεῖται
587 5242 910 5326 σαφηνείας,
958 5256 1075 5318 πῶς
1131 5257 1189 5310 ού
1257 5257 1468 5326 σφόδρα
1544 5253 1851 5324 θαυμάσας,

279 5347 502 5419 ὑμνήσῃ
549 5350 638 5401 τὸν
680 5349 1162 5418 δημιουργήσαντα
1215 5347 1520 5416 τηλικαῦτα
1559 5347 1675 5411 ζῶα
1700 5386 1715 5410 ,
1759 5346 1852 5399 καὶ

279 5441 462 5512 χωρία
491 5439 700 5504 τούτοις
751 5441 820 5494 τὰ
847 5440 1064 5508 ἄπλητα
1095 5439 1308 5510 πελάγη
1359 5437 1852 5508 ἀποκληρώσανταο

281 5536 380 5586 καὶ
408 5534 484 5602 μὴ
524 5533 912 5602 συγχωροῦντα
945 5532 1056 5585 τῶν
1092 5530 1308 5584 οἰκείων
1352 5533 1634 5601 ἐκτρέχειν
1690 5531 1851 5600 ὅρων,

281 5625 396 5676 εἴτε
431 5623 566 5693 πρὸς
608 5623 734 5693 γῆν,
767 5625 877 5678 εἶτε
909 5623 1042 5693 πρὸς
1075 5623 1142 5676 τὰ
1177 5621 1445 5691 πλεόμενα
1489 5625 1660 5693 μέρηο
1685 5621 1761 5693 μὴ
1801 5621 1857 5674 δὲ

1949 1959 2098 1996 tuum
2149 1943 2346 1996 cceltim
2377 1985 2391 2009 ,
2437 1959 2560 1997 eum
2608 1960 2713 1999 non
2766 1944 3038 2010 videatur,
3087 1947 3309 2002 laudare
3364 1951 3530 2002 Deum

1946 2034 2152 2103 possit.
2179 2035 2416 2090 diximus
2447 2036 2497 2088 in
2531 2037 2739 2104 psalmo
2776 2052 2931 2101 ινιιι,
2961 2037 3031 2090 ibi
3070 2055 3085 2091 :
3119 2036 3249 2092 Caeli
3273 2052 3530 2094 enarrant

1948 2127 2176 2196 gloriam
2204 2126 2319 2181 Dei.
2347 2126 2501 2193 Quod
2528 2129 2571 2184 si
2598 2130 2772 2197 ipsum
2803 2130 3074 2185 invisibile
3096 2131 3294 2185 cmlutn
3358 2131 3528 2188 Deum

1947 2216 2174 2281 laudat,
2225 2220 2396 2272 multo
2434 2221 2604 2290 magis
2635 2221 2703 2274 ab
2738 2236 2802 2275 eo
2840 2220 3046 2275 laudari
3084 2239 3180 2292 par
3219 2231 3343 2289 est,
3383 2225 3530 2294 quod

1949 2310 2156 2364 dicitur
2193 2312 2428 2367 visibile.

2022 2399 2184 2456 Vatis.
2214 2401 2266 2455 5.
2307 2400 2569 2466 Quoniam
2622 2403 2732 2472 ipse
2771 2403 2906 2456 dixit
2959 2412 3007 2456 et
3051 2405 3194 2472 facta
3225 2415 3370 2460 sunt.
3417 2406 3533 2463 lluc

1948 2506 2201 2547 sermone
2243 2490 2510 2560 Propheta
2539 2493 2648 2547 duo
2689 2495 2803 2549 hanc
2846 2495 3002 2550 nobis
3033 2495 3410 2553 demonstrare
3436 2515 3533 2552 vo-

1947 2583 2071 2648 luit,
2097 2585 2242 2654 quod
2267 2594 2320 2638 et
2359 2587 2565 2638 creavit
2602 2585 2744 2640 Deus
2777 2603 2836 2640 ea
2870 2603 2992 2657 qua:
3022 2598 3179 2642 antea
3213 2605 3319 2644 non
3350 2601 3530 2655 erant,

1949 2684 2002 2730 et
2032 2676 2176 2744 quod
2225 2677 2391 2731 multa
2424 2693 2546 2731 eum
2588 2677 2850 2733 facilitate
2895 2681 2946 2733 id
2980 2680 3106 2735 fecit
3129 2720 3144 2746 ,
3167 2681 3294 2736 dum
3325 2683 3532 2739 dixisse

1950 2776 2158 2821 tantum
2195 2783 2318 2822 eum
2360 2769 2527 2832 dixit,
2578 2780 2634 2824 et
2680 2770 2820 2826 facta
2865 2788 3002 2827 esse.
3035 2775 3111 2827 Ac
3160 2774 3204 2828 si
3244 2775 3470 2830 dixiSse’.
3512 2791 3528 2830 :

1951 2857 2418 2926 Quemadmodum
2453 2861 2546 2914 tibi
2583 2860 2738 2915 facile
2773 2871 2855 2916 est
2889 2864 3090 2933 aliquid
3121 2864 3303 2918 dicere
3329 2907 3341 2930 ,
3371 2865 3444 2918 ita
3479 2877 3536 2921 et

1951 2950 2059 3006 Deo
2092 2951 2249 3004 facile
2295 2960 2379 3005 est
2429 2966 2493 3006 ea
2547 2968 2732 3006 creare
2783 2969 2903 3022 quae
2944 2971 3048 3008 non
3090 2965 3234 3010 Sltlll.
3277 2956 3533 3022 Quinino

1948 3052 2003 3096 et
2053 3043 2224 3096 multo
2253 3043 2465 3096 facilius
2514 3043 2564 3096 id
2615 3053 2815 3113 potest.
2873 3043 3058 3114 Neque
3093 3050 3237 3099 enim
3280 3048 3534 3116 possibile

1950 3146 2035 3186 est
2060 3133 2255 3188 divina:
2289 3133 2572 3188 facilitatis
2606 3135 3030 3201 magnitudinem
3061 3135 3456 3190 den'ionstrare.

2024 3223 2131 3292 Ipse
2169 3226 2434 3279 mandavit
2469 3235 2516 3279 et
2544 3237 2720 3279 creata
2751 3226 2914 3278 sunt.
2952 3224 3208 3278 Eamdem
3246 3242 3393 3280 more
3426 3243 3531 3282 suo

1947 3317 2217 3384 Propheta
2268 3320 2460 3388 repetit
2491 3319 2841 3373 sententiam.
2897 3316 3168 3387 Scriptum
3213 3326 3299 3373 est
3345 3330 3526 3376 autem

1948 3411 2000 3465 in
2031 3412 2172 3465 libro
2208 3409 2436 3465 Genesis
2469 3428 2484 3466 :
2526 3411 2590 3464 Et
2635 3411 2768 3464 dixit
2815 3409 2951 3464 Deus
2981 3411 3109 3477 ,liat
3134 3411 3228 3463 lux
3255 3451 3270 3476 ,
3303 3421 3351 3465 et
3386 3413 3528 3481 facta

1946 3515 2023 3558 est
2067 3505 2110 3536 ¹³
2140 3520 2155 3568 ;
2191 3513 2242 3556 et
2270 3521 2308 3557 rc
2329 3503 2474 3572 liqua
2505 3503 2664 3556 simili
2692 3503 2906 3557 ratione
2935 3517 3000 3556 ac
3033 3503 3213 3557 modo.
3337 3559 3343 3566 ,

2019 3593 2186 3648 Vens.
2217 3596 2272 3648 6.
2311 3593 2510 3647 Statuit
2557 3611 2618 3648 ea
2657 3597 2710 3647 in
2763 3594 3050 3659 swculam,
3101 3605 3149 3647 et
3187 3597 3239 3647 in
3282 3595 3531 3650 saxulum

1947 3689 2150 3743 siccati.
2216 3687 2484 3742 Stabilivit
2525 3703 2611 3749 ea,
2649 3688 2839 3742 ordine
2884 3671 3179 3752 nimirum,
3214 3688 3532 3756 operatione

1948 3792 2112 3849 atque
2139 3781 2372 3835 utilitate
2402 3821 2415 3840 ,
2455 3789 2512 3832 ut
2561 3779 2857 3834 immobilia
2906 3787 3094 3834 essent
3123 3819 3138 3845 ,
3175 3795 3240 3834 ac
3270 3781 3529 3835 saeculum

1950 3883 2003 3930 ct
2040 3883 2248 3928 natura:
2278 3874 2544 3928 terminos
2572 3890 2676 3927 non
2709 3875 3246 3943 transgrederentur.

2030 3961 2362 4032 Praeceptum
2393 3964 2589 4030 posuit,
2615 3971 2662 4015 et
2691 3979 2795 4015 non
2822 3961 3183 4032 prwteribunt.
3211 3961 3334 4017 ":20
3356 3962 3523 4018 verba

1951 4058 2117 4111 etiam
2162 4056 2482 4124 facilitatem
2530 4055 2938 4118 demonstrant,
2986 4069 3093 4125 qua
3135 4053 3517 4123 hujuscemodi

1954 4151 2224 4203 elementa
2256 4157 2420 4218 atque
2454 4155 2722 4202 creatura:
2805 4147 2857 4199 in
2898 4162 3021 4200 esse
3054 4165 3080 4199 a
3116 4145 3225 4201 Deo
3266 4147 3530 4216 producta

1955 4250 2106 4307 sunt,
2131 4253 2182 4294 et
2207 4257 2310 4310 qua
2341 4240 2598 4308 deinceps
2649 4248 3049 4294 conservantur
3079 4248 3134 4292 et
3155 4249 3529 4307 perseverant.

1953 4333 2149 4388 Posuit
2198 4333 2366 4396 enim,
2423 4332 2619 4400 inquit,
2670 4330 2750 4384 eis
2796 4329 3112 4382 mandatqu
3166 4329 3233 4383 de
3282 4329 3565 4383 terminis

1955 4440 2172 4489 eorum,
2230 4423 2372 4491 quod
2430 4436 2708 4490 nunquam
2770 4421 3150 4488 praeteribunt,
3203 4437 3312 4473 non
3369 4435 3531 4476 secus

1887 4544 1928 4598 υ
1959 4525 2121 4584 atque
2151 4515 2322 4576 servi.
2352 4514 2444 4583 qui
2478 4512 2784 4582 transgredi
2809 4527 2916 4566 non
2943 4512 3145 4565 audent
3179 4511 3527 4564 dominorum

1957 4617 2250 4680 przrcepta.
2279 4605 2471 4661 Omnia
2501 4607 2672 4671 enim,
2697 4604 2874 4674 inquit
2906 4604 3058 4669 alibi,
3091 4604 3323 4657 serviunt
3354 4603 3446 4656 tibi
3467 4601 3528 4657 ".

2029 4694 2194 4755 Vens.
2222 4699 2274 4753 7.
2297 4697 2536 4753 Laudate
2565 4697 2850 4752 Dominum
2878 4699 2942 4750 de
2973 4706 3113 4750 terra
3135 4737 3150 4762 ,
3183 4697 3437 4750 dracones
3484 4706 3532 4748 et

1959 4808 2139 4846 omnes
2173 4793 2372 4863 abyssi.
2403 4791 2509 4846 Per
2539 4793 2808 4846 dracones
2845 4791 2946 4844 hoc
2986 4790 3040 4844 in
3081 4791 3201 4844 loco
3268 4791 3385 4860 ipsa
3417 4801 3537 4845 crte

1959 4883 2236 4954 intelligit,
2297 4882 2756 4953 quemadmodum
2813 4891 2868 4936 et
2923 4881 3074 4947 alibi,
3130 4883 3352 4951 quando
3402 4882 3532 4934 ait:

1958 4975 2132 5028 Draco
2180 4975 2278 5027 iste
2321 4989 2474 5043 quem
2512 4975 2757 5044 formasti
2789 4974 2864 5028 ais
2893 4973 2958 5026 “'.
2989 4974 3089 5027 Per
3119 4974 3346 5043 abyssos
3408 4967 3538 5025 νει-ό

1961 5067 2077 5137 ipsa
2109 5066 2380 5138 signiﬁcat
2410 5067 2602 5121 maria.
2632 5066 2862 5132 Quoties
2895 5067 3063 5128 enim,
3094 5065 3294 5134 inquit,
3331 5065 3482 5118 vider
3507 5081 3535 5120 s

1959 5174 2093 5218 reue
2133 5162 2587 5235 magnitudinem,
2632 5171 2685 5216 ct
2728 5161 2976 5231 corporis
3017 5161 3166 5216 illius
3201 5163 3535 5230 compactio-

1960 5271 2106 5320 nem,
2161 5270 2324 5325 quam
2382 5254 2523 5324 apud
2573 5253 2790 5305 beatum
2835 5249 2936 5304 Job
2985 5251 3271 5320 Scriptura
3320 5251 3534 5319 plenius

1962 5357 2126 5416 atque
2173 5347 2417 5416 apertius
2469 5342 2753 5404 describit.
2806 5341 3082 5412 quomodo
3135 5358 3245 5396 non
3297 5341 3536 5395 admira-

1967 5440 2186 5494 buudus
2229 5449 2502 5492 tantorum
2527 5435 2885 5490 animantium
2911 5433 3225 5490 Creatorem
3254 5433 3452 5487 laudab
3476 5433 3536 5489 si

1967 5533 2059 5602 qui
2092 5528 2484 5598 innavigabiles
2513 5528 2680 5582 maris
2703 5527 2858 5582 sinus
2890 5541 2954 5581 ac
2979 5526 3249 5597 regiones,
3275 5539 3376 5595 pro
3412 5525 3534 5578 illo-

1968 5639 2085 5677 rum
2122 5620 2460 5676 habitatione
2486 5620 2567 5677 eis
2602 5618 2854 5688 tradidit,
2887 5633 2987 5676 nec
3015 5633 3080 5674 ea
3123 5618 3256 5673 sinit
3299 5625 3534 5672 statutos

359 5812 402 5843 "
425 5811 545 5866 Psal
605 5825 755 5872 csttt,
792 5808 872 5862 lG.
954 5807 1000 5839 "
1025 5805 1162 5862 Gen.
1199 5822 1236 5873 ι,
1265 5805 1320 5859 5.
1400 5804 1438 5836 ⁸⁸
1469 5805 1615 5860 Psal.
1652 5821 1840 5869 cum,
1871 5805 1966 5893 91..
2043 5805 2084 5836 "
2117 5803 2262 5859 Psal.
2288 5817 2406 5868 CIII,
2433 5803 2525 5862 26.
