3964 6588
481 334 620 398 που)

1716 335 2106 399 EUTIIYMII
2161 334 2507 396 ZIGABENI

3614 335 3777 401 1"20

479 447 741 514 populum
763 444 1037 514 pertinent
1059 460 1076 509 ;
1097 441 1253 514 juxta
1284 458 1566 515 anagogen
1597 457 1749 511 vero,
1769 443 1835 497 ad
1867 442 2059 506 ﬁdeles,

2182 443 2299 512 pb;,
2329 445 2473 497 κατὰ
2497 441 2555 497 δὲ
2584 440 2901 517 ἀναγωγὴν,
2939 443 3068 514 περῖ
3098 438 3174 497 ὧν
3200 444 3229 498 6
3251 443 3517 513 Θεολόγος
3541 446 3779 517 Γρηγό-

482 538 953 609 quemadmodunt
1012 536 1319 608 Gregorius
1376 539 1696 609 Theologus
1751 537 1942 602 tradit,
2003 538 2056 590 itt

2167 551 2280 604 ριος
2306 534 2557 606 εἴρηκεν,
2589 535 2648 587 ὲν
2679 534 2760 600 τῷ
2788 533 2932 606 λόγῳ
2970 536 3081 588 τῶν
3117 535 3496 605 Ἐγκαινίων.
3525 535 3773 606 ’ᾼεουσι

479 644 736 686 sermone
767 629 847 685 De
884 628 1172 685 Encwniis.
1234 629 1317 686 illi
1350 640 1531 686 autem
1560 645 1766 686 novum
1821 628 2053 685 Domino

2182 628 2218 680 it
2252 626 2330 697 τῷ
2359 626 2553 698 Κυρίῳ
2584 623 2742 699 ᾆσμα
2771 628 2979 690 καινὸν.
3002 629 3052 681 oi
3107 629 3208 699 τῆς
3257 629 3457 698 καινῆς
3500 628 3775 689 κτίσεως,

480 721 1041 798 canticum.canunt,
1079 724 1172 792 qui
1201 737 1338 775 nova
1370 722 1424 777 itt
1461 722 1683 778 Christo
1718 720 1896 777 eﬂ‘ecti
1927 729 2059 777 sunt

2182 720 2212 774 tl
2240 721 2337 790 τῆς
2375 721 2569 791 καινῆς
2600 720 2894 793 διαοήκής,
2929 722 3022 775 τὸν
3049 720 3240 775 καινὸν
3271 720 3568 793 ἄνθρωπον
3596 720 3771 774 ὶνδυο

480 822 757 879 creatura,
792 821 849 868 et
885 829 983 883 per
1015 812 1229 869 Novum
1257 812 1697 882 Testamentum,
1728 828 1929 869 norum
1954 813 2059 869 ho-

481 903 684 959 minem
722 904 1043 960 induerunt.

552 992 697 1048 Laus
756 995 872 1064 ejus
931 997 984 1050 in
1056 996 1297 1052 Ecclesia
1358 1008 1688 1054 sanctorum.
1741 993 1798 1051 in
1852 1011 2059 1067 pra‘ce-

477 1082 634 1138 denti
669 1086 832 1140 etiam
875 1087 1089 1156 psalmo
1127 1088 1265 1143 dixit
1310 1104 1325 1142 :
1368 1088 1609 1159 Hymnus
1650 1087 1897 1143 omnibus
1932 1105 2059 1142 san-

479 1176 577 1230 ctis
608 1177 745 1247 ejus.

549 1268 719 1324 Vens.
754 1269 810 1324 ἃ.
844 1268 1079 1326 Lwtetur
1131 1271 1306 1327 Israel
1358 1274 1414 1327 in
1459 1288 1542 1335 eo.
1599 1272 1689 1343 qui
1739 1271 1861 1342 fecit
1921 1287 2059 1326 eum.

481 1358 667 1417 Novus
701 1362 888 1425 Israel.
925 1379 1158 1428 canens,
1211 1367 1263 1420 in
1304 1365 1414 1420 Deo
1464 1366 1700 1428 lzetetur,
1755 1365 1881 1434 quia
1932 1379 2061 1418 eum

482 1450 638 1518 iecit,
662 1462 716 1507 et
746 1457 875 1525 quia
909 1455 1039 1510 fecit
1061 1473 1183 1511 eunt
1209 1473 1332 1514 esse
1362 1458 1624 1529 populum
1659 1472 1820 1512 suum
1848 1473 1864 1523 ;
1898 1466 2062 1527 atque

481 1543 604 1599 illeo
636 1546 846 1600 addidit
884 1564 899 1600 :
2038 1556 2049 1563 “

552 1633 620 1687 Ει
654 1638 758 1705 ﬁlii
787 1639 917 1694 Sion
968 1636 1235 1697 exsultent
1295 1642 1352 1698 in
1409 1658 1527 1711 rege
1581 1658 1702 1697 suo.
1753 1641 1875 1697 Filii
1935 1641 2062 1698 dico

481 1740 636 1782 nove
673 1726 838 1794 Sion,
910 1732 995 1785 vel
1036 1732 1150 1801 ipse
1208 1732 1374 1786 etiam
1428 1734 1767 1790 lsraeliticus
1823 1734 2063 1804 populus

481 1830 694 1873 canens
728 1819 835 1874 Deo
871 1822 1108 1887 la’tetur,
1138 1832 1192 1877 et
1219 1823 1377 1878 laetus
1411 1825 1619 1894 gratias
1646 1833 1794 1897 agat,
1832 1837 1883 1881 et
1916 1826 2061 1900 quod

482 1917 710 1965 creatus
752 1912 846 1977 sit,
883 1920 938 1967 et
968 1913 1116 1982 quod
1149 1924 1204 1969 ut
1239 1918 1502 1986 proprius
1537 1931 1601 1972 ac
1628 1917 1928 1986 peculiaris
1958 1933 2057 1989 po~

479 1999 646 2068 pulus
687 2014 716 2052 a
752 1998 861 2056 Deo
911 2002 1222 2060 vindicatus
1276 2006 1370 2075 sit.
1426 2006 1520 2061 Eis
1568 2009 1739 2075 enim,
1797 2016 2060 2079 tanquam

479 2091 598 2146 suis
656 2106 719 2147 ac
748 2092 1117 2150 familiaribus
1161 2096 1292 2149 olim
1343 2096 1485 2152 Deus
1538 2096 2062 2168 imperabat:qu

477 2180 752 2249 privatum
784 2182 1062 2251 quoddam
1092 2184 1242 2238 aliud
1273 2192 1355 2240 est
1391 2184 1646 2240 beneﬁcii
1679 2202 1875 2256 genus.

547 2269 714 2326 Vens.
748 2270 806 2330 τι.
828 2268 1071 2327 Laudent
1098 2290 1285 2329 nomen
1314 2275 1429 2345 ejus
1457 2274 1513 2327 in
1543 2275 1723 2329 choro.
1768 2273 1827 2329 lu
1866 2291 2063 2331 conso-

479 2363 668 2416 nantia
693 2374 747 2417 et
778 2374 1055 2420 concentu
1091 2382 1312 2431 vocum,
1352 2375 1410 2420 ut
1442 2376 1641 2421 cantus
1678 2368 2062 2422 communica-

484 2453 560 2506 tio
617 2451 934 2511 dilectionis
995 2457 1205 2526 pariter
1255 2458 1814 2513 communicationem
1872 2457 2063 2514 aﬂ'et'at

480 2553 645 2612 atque
676 2548 987 2602 animorum
1020 2563 1379 2604 consensum.

550 2634 618 2690 In
670 2648 919 2708 tympano
971 2650 1022 2695 et
1094 2640 1349 2711 psalterio
1411 2642 1645 2711 psallaut
1678 2644 1770 2697 ἐξ.
1823 2645 2063 2715 Antiquo

477 2729 701 2797 quidem
733 2732 936 2800 populo
950 2732 1171 2801 jussutn
1206 2742 1346 2799 erat,
1368 2742 1427 2788 ut
1448 2733 1829 2803 hujuscemodi
1855 2736 2064 2790 instru-

478 2821 681 2876 mentis
738 2822 847 2877 Deo
911 2834 1229 2889 canerent,
1288 2825 1753 2895 quemadmodum
1809 2835 1863 2880 et
1930 2828 2058 2883 illud

479 2911 801 2965 mandatum
838 2911 1041 2978 fuerat,
1078 2923 1137 2967 ut
1171 2914 1342 2969 certis
1378 2916 1487 2969 Deo
1519 2916 1855 2972 animalibus
1884 2919 2061 2972 sacri-

478 3002 751 3058 ﬁcarent:
786 3018 953 3075 atque
987 3006 1093 3061 hoc
1121 3008 1192 3061 ob
1221 3008 1374 3063 illius
1422 3008 1609 3079 populi
1660 3008 2058 3074 inﬁrmitatem,

2167 814 2418 885 σάμενοι.

2252 992 2324 1051 Ἦ
2342 992 2580 1058 αἷνεσις
2626 989 2815 1046 αὑτοῦ
2862 991 2933 1045 ἐν
2989 990 3290 1058 ἐκκλησίᾳ
3347 992 3560 1046 ὁσίων.
3622 985 3774 1044 Eine

2165 1082 2261 1138 καὶ
2291 1085 2350 1138 ιν
2378 1083 2457 1151 τῷ
2490 1080 2818 1152 προλαϐόντι
2849 1081 3072 1152 ψαλμῷ,
3126 1083 3357 1149 “nn-or;
3417 1079 3577 1137 πᾶσι
3638 1077 3778 1143 τοῖς

2166 1180 2364 1244 ὁσίοις
2379 1176 2595 1234 αὐτοῦ.

2237 1267 2647 1339 Εὐφρανθήτω
2677 1266 2929 1337 Ἰσραὴλ
2964 1267 3061 1321 ἐπὶ
3086 1266 3165 1333 τῷ
3189 1267 3514 1336 ποιήσαντι
3543 1266 3773 1319 αὐτόν.

2177 1362 2398 1435 Ἰσραὴλ
2446 1363 2475 1415 ὁ
2510 1360 2697 1425 καινὸς
2734 1360 2901 1432 ᾄδων,
2947 1360 3312 1430 εὐφρανοήτω
3369 1360 3464 1410 ἐπὶ
3499 1357 3580 1428 τῷ
3611 1356 3770 1426 Θεῷ,

2164 1455 2246 1509 ὅτι
2266 1472 2321 1508 τε
2340 1454 2505 1507 αὑτὸν
2521 1453 2778 1521 ἐποίησεν
2800 1452 3108 1523 ἄνθρωπον,
3129 1452 3221 1505 καὶ
3247 1453 3328 1505 ὅτι
3357 1449 3523 1503 αὑτὸν
3568 1449 3773 1517 ὲποίηυ

2168 1562 2258 1600 σεν
2283 1545 2413 1599 ίδιον
2440 1544 2592 1598 λαόν
2621 1545 2867 1615 ἐπήγαγε
2903 1545 3034 1613 γάρ.

2237 1639 2345 1696 Kal
2382 1637 2499 1693 vlo!
2540 1635 2694 1692 Σιὼν
2745 1635 3257 1706 ἀγαλλιάσθωσαν
3298 1634 3394 1688 ἐπὶ
3447 1630 3529 1698 τῷ
3566 1632 3770 1697 ,βασι-

2170 1730 2267 1785 λεῖ
2292 1729 2514 1785 αὐτῶν.
2546 1730 2667 1783 Υίοὶ
2700 1730 2860 1793 Σιὼν,
2893 1729 2991 1798 τῆς
3032 1729 3247 1798 καινῆς·
3287 1730 3314 1782 ὁ
3351 1726 3769 1798 Ἰσραηλιτικδς

2169 1820 2324 1885 αὖθις
2383 1820 2511 1884 λαὸς
2564 1819 2706 1893 ᾅδων
2760 1819 3144 1891 εὖφρανθήτω,
3184 1820 3277 1872 καὶ
3311 1818 3763 1889 εὐφραινόμενος

2168 1912 2585 1985 ιὺχαριστείτω,
2623 1912 2762 1982 ὑπὲρ
2810 1929 2870 1964 τε
2909 1911 3009 1980 τῆς
3058 1911 3449 1982 δημιουργίας,
3508 1908 3652 1978 ὑπέρ
3688 1923 3760 1960 τε

2166 2008 2267 2078 τῆς
2300 2006 2652 2069 οίκειώσνεως·
2700 2006 2775 2067 ὡς
2825 2006 3052 2059 οἰκείων
3089 2006 3201 2076 γὰρ
3249 2004 3428 2059 αὐτῶν
3463 2002 3762 2059 ἐϐασίλευ-

2169 2114 2285 2153 σεν*
2329 2098 2468 2164 ὅπερ
2498 2097 2688 2170 ἕτερον
2727 2092 2868 2161 εἶδος
2900 2096 3250 2167 εὐεργεσίας.

2235 2275 2668 2333 Αἰνεσάτωσαν
2725 2276 2793 2330 τὸ
2848 2276 3038 2346 ὄνομα
3089 2274 3278 2329 αὐτοῦ
3324 2274 3397 2328 ἐν
3441 2273 3620 2343 χορῷ.
3656 2271 3752 2325 Ἑν

2168 2368 2481 2439 συμφωνίᾳ,
2508 2368 2599 2422 ἵνα
2637 2372 2671 2440 ή
2703 2368 2965 2422 κοινωνία
2996 2368 3095 2438 τῆς
3128 2367 3272 2439 ᾠδῆς
3318 2367 3608 2421 κοινωνίαν
3649 2365 3759 2420 αὐ-

2164 2466 2278 2528 τοῖς
2328 2464 2552 2535 ἀγάπης
2575 2461 2810 2534 ἐμϐάλῃ,
2843 2463 2938 2515 καὶ
2969 2461 3302 2531 σύμπνοιαν,
3341 2461 3435 2513 καὶ
3464 2457 3756 2528 ὁμόνοιαν.

2246 2646 2351 2699 Ἐν
2422 2641 2711 2713 τυμπάνῳ
2800 2641 2897 2696 καί
2970 2639 3284 2711 ψαλτηρίῳ
3370 2640 3762 2707 ψαλατωσαγ

2168 2735 2355 2801 αὐτῷ.
2399 2735 2490 2805 Τῷ
2537 2736 2639 2806 μὲν
2672 2734 2893 2803 παλαιῷ
2918 2732 3033 2803 λαῴ
3061 2733 3152 2786 διὰ
3201 2731 3462 2784 τοιούτων
3497 2729 3763 2800 ὀργάνων

2163 2830 2312 2903 ᾅδειν
2341 2830 2738 2898 ἐπετέτραπτο,
2780 2826 3034 2897 καθάπερ
3066 2824 3159 2877 καὶ
3208 2823 3269 2876 τὸ
3300 2820 3627 2887 ζωοουτεῖν,
3661 2820 3762 2872 διὰ

2163 2924 2263 2995 τήν
2289 2922 2580 2977 ἀσθένειαν
2620 2919 2828 2984 αὐτῶν,
2860 2920 2955 2974 καὶ
2982 2915 3323 2987 φιληδονίαν·
3358 2915 3435 2986 τῷ
3460 2915 3573 2985 νέῳ
3605 2915 3763 2982 τύμ-

2165 3032 2343 3069 πανον
2382 3014 2714 3085 ήνέκρωσις
2758 3012 2867 3066 τῶν
2896 3012 3236 3080 σωματικῶν
3278 3008 3509 3080 ήδονῶν·
3550 3004 3764 3074 νεκρὸν

481 3104 647 3163 atque
684 3111 929 3151 amorem
968 3112 1099 3169 erga
1133 3100 1475 3169 voluptates,
1511 3116 1541 3156 a
1565 3102 1767 3172 quibus
1810 3119 1920 3158 non
1982 3104 2057 3158 ita

2182 3108 2272 3179 {ap
2308 3107 2473 3176 σῶμα
2512 3106 2572 3160 τὸ
2603 3106 2911 3177 τύμπανον,
2964 3104 3266 3175 ψαλτήριον
3301 3101 3381 3165 δὲ,
3426 3099 3491 3152 τὸ
3534 3097 3767 3153 ἄνωθεν

479 3184 549 3239 de
578 3183 721 3241 facili
755 3195 1010 3256 poterant
1044 3190 1293 3259 separari
1324 3207 1340 3245 :
1371 3206 1551 3247 novus
1574 3201 1758 3249 autem
1822 3195 2059 3266 populus

2182 3202 2500 3272 ινηχεῖσοαι.
2562 3201 2636 3255 Τὸ
2692 3200 2997 3271 ψαλτήριον
3031 3199 3141 3270 γὰρ
3217 3196 3429 3252 ἄνωθεν
3462 3195 3763 3265 ἐλάμϐανε

483 3286 614 3332 tunc
649 3294 707 3333 se
745 3280 984 3350 psallere
1021 3289 1175 3351 putat
1209 3283 1260 3337 in
1299 3290 1582 3355 tympano,
1608 3287 1833 3356 quando
1866 3302 2062 3358 corpo-

482 3370 560 3426 ris
587 3371 900 3441 voluptates
951 3374 1268 3431 mortiﬁcat.
1303 3375 1647 3448 Tympanum
1690 3380 1896 3434 etenim
1935 3394 2063 3433 cor-

477 3478 582 3533 pus
615 3465 891 3534 quoddam
934 3474 1217 3521 mottuum
1268 3477 1375 3534 est,
1408 3477 1464 3523 et
1496 3479 1630 3525 tunc
1667 3472 1832 3525 etiam
1875 3472 2059 3540 psallit

478 3555 533 3614 in
568 3556 851 3624 psalle-rio,
892 3559 1118 3627 quando
1142 3575 1385 3635 superne
1418 3577 1447 3614 a
1481 3560 1615 3624 Deo,
1655 3570 1715 3616 ut
1743 3563 1817 3616 ita
1849 3563 2057 3628 dicam,

477 3646 801 3703 iusouatur.
869 3648 1206 3705 Psalterium
1263 3653 1435 3716 enim,
1499 3660 1559 3707 ut
1610 3653 1737 3707 alibi
1791 3652 2056 3720 diximus,

476 3752 717 3808 superne
768 3740 935 3795 habet
969 3755 1164 3797 vocum
1228 3751 1283 3798 et
1340 3758 1607 3798 sonorum
1656 3759 1879 3800 causas.
1941 3744 2058 3810 Vel,

2162 3293 2275 3347 τῶν
2320 3294 2575 3363 φθόγγων
2638 3293 2740 3355 τὰς
2803 3290 3083 3362 ἀφορμάς·
3139 3289 3502 3360 ἢτύμπανον
3554 3287 3682 3356 μὲν,
3726 3285 3765 3355 ή

2165 3381 2389 3453 πρᾶξις,
2441 3382 2743 3453 ψαλτήριον
2794 3381 2874 3447 δὲ,
2932 3382 2964 3452 ή
3022 3380 3251 3451 θεωρία,
3310 3379 3398 3432 ἵνα
3446 3377 3767 3447 ψάλλωμεν

2164 3471 2336 3541 αὐτῷ,
2362 3470 2687 3539 νεκροῦντες
2742 3472 2812 3524 τὰ
2845 3470 3013 3541 πάθη,
3045 3473 3141 3525 καὶ
3188 3466 3400 3524 ἄνωθεν
3433 3466 3767 3537 ὲνηχούμε-

2165 3578 2249 3615 νοι
2283 3562 2438 3631 παρὰ
2476 3560 2569 3615 τοῦ
2602 3559 2761 3616 Θεοῦ·
2818 3560 2972 3632 nata:
3030 3561 3282 3631 πράξεως
3332 3559 3430 3613 καὶ
3478 3556 3763 3624 θεωρίας.

2163 3653 2397 3723 Εἴρηται
2433 3654 2563 3723 περὶ
2608 3654 2905 3721 ἀναγωγῆς
2934 3653 3028 3706 τοῦ
3064 3652 3370 3725 ψαλτηρίου
3430 3651 3537 3703 καὶ
3579 3650 3641 3703 ὲν
3675 3646 3766 3717 τῷ

2165 3744 2247 3816 λβ’
2276 3745 2502 3816 ψαλμῷ.
2522 3745 2653 3800 ἔνθα
2690 3746 2774 3812 τὸ,
2800 3744 2903 3799 Ἐν
2919 3746 3229 3816 ψαλτηρίφ
3246 3742 3604 3812 δεκαχόρὸῳ
3634 3737 3761 3809 161i-

481 3845 576 3898 per
608 3839 938 3902 tympanum
967 3833 1141 3889 bonas
1178 3836 1551 3902 operationes.
1604 3850 1701 3905 per
1735 3836 2057 3906 psalterium
2158 3842 2307 3893 ,ιατε
2328 3838 2510 3904 αὐτῷ.

474 3936 608 3975 vero
647 3925 1170 3997 contemplationem
1212 3927 1479 3998 intellige,
1516 3929 1591 3984 ita
1630 3938 1688 3984 ut
1716 3928 2047 4000 Prophetam
2118 3933 2417 3988 admonere
2495 3931 2864 4002 intelligamus
2933 3928 3139 3994 ﬁdeles,
3224 3926 3369 3999 quod
3442 3924 3529 3979 at!
3557 3923 3764 3978 ctbus
3852 3950 3861 3958 -

474 4016 720 4084 propriis
754 4018 1104 4075 tuortilicatis
1148 4030 1203 4074 et
1259 4023 1455 4093 adepta
1492 4039 1520 4076 a
1555 4024 1666 4079 Deo
1730 4042 1971 4096 superne
2021 4028 2112 4083 illa
2165 4031 2364 4100 gratia,
2389 4044 2498 4099 qua
2530 4030 2805 4084 hominem
2847 4026 3243 4097 quodammodo
3294 4022 3551 4079 insonari
3604 4019 3765 4077 dixi-

477 4119 627 4165 ntus.
657 4103 764 4157 Deo
797 4105 1058 4173 psallam,
1084 4124 1181 4179 per
1218 4110 1391 4167 bonas
1442 4112 1662 4169 scilicet
1691 4116 1964 4186 actiones,
1997 4126 2052 4173 et
2106 4135 2205 4189 per
2257 4121 2803 4192 contemplationem.
2844 4120 2985 4186 Quid
3038 4118 3301 4189 signiticet
3348 4116 3519 4171 etiam
3591 4114 3767 4184 psal-

473 4200 676 4252 terium
735 4199 897 4270 juxta
953 4206 1319 4275 attagogicutn
1378 4222 1626 4276 sensum,
1690 4210 1930 4269 diximus
1995 4214 2049 4268 in
2084 4218 2301 4285 psalmo
2359 4233 2534 4282 xxxtt,
2568 4217 2642 4273 ibi
2690 4233 2707 4271 :
2755 4213 2822 4270 In
2881 4214 3133 4284 psalterio
3201 4210 3535 4266 decarhordo
3595 4208 3768 4277 μοι.

474 4287 568 4344 lite
594 4291 663 4347 ei.

546 4381 716 4439 Vens.
753 4387 807 4442 ι.
843 4387 980 4454 Quia
1011 4389 1394 4461 beneplacitum
1422 4403 1501 4449 est
1533 4393 1755 4453 Domino
1778 4397 1830 4450 in
1855 4397 2049 4468 popula
2083 4406 2127 4461 Ι)

473 4490 591 4529 suo.
622 4474 737 4532 lloc
761 4488 868 4544 est,
893 4481 1025 4549 quia
1052 4482 1389 4547 delectatur,
1438 4488 1522 4541 vel
1558 4488 1688 4557 quia
1737 4489 1880 4544 bona
1934 4490 2052 4544 vult

426 4584 436 4593 ·
476 4566 745 4627 Dominus
780 4573 984 4641 populo
1016 4588 1143 4641 suo,
1170 4575 1328 4645 juxta
1357 4575 1493 4632 illml
1530 4596 1543 4634 :
1586 4579 1775 4633 Gloria
1804 4583 1858 4635 in
1878 4583 2053 4636 excel-

2232 4398 2360 4452 '0tt
2400 4395 2643 4452 εὐδοκεῖ
2686 4394 2897 4463 Κύριος
2923 4394 2994 4450 ἐν
3022 4382 3109 4459 τῷ
3131 4390 3252 4457 ,1αῷ
3278 4388 3492 4446 αὐτοῦ.
3526 4386 3764 4454 Euange-

2163 4489 2462 4560 στεῐται⁶ή
2501 4488 2684 4557 αγαθᾶ
2735 4488 2879 4542 Θέλει
2904 4526 2920 4553 ,
2955 4486 3093 4540 κατὰ
3152 4485 3247 4545 τὸ,
3277 4483 3347 4535 ἐν
3383 4480 3763 4546 ἀνθρώποις

2160 4582 2428 4639 εὐδοκία.
3254 4596 3257 4597 ⁷

472 4664 543 4715 sis
570 4662 700 4725 Deo.
731 4676 779 4720 et
808 4668 861 4720 iu
896 4677 1038 4723 terra
1075 4686 1206 4738 pax,
1246 4672 1301 4727 in
1330 4672 1627 4732 hominibus
1656 4676 1791 4729 bona
1831 4677 2076 4733 voluntas
2106 4680 2167 4735 “.
2189 4678 2519 4753 [Utrobique
2550 4678 2697 4735 enim
2727 4679 2780 4733 in
2805 4677 2989 4734 Graeca
3022 4676 3244 4730 lectione
3261 4670 3452 4728 eadem
3487 4669 3761 4724 habetur

474 4758 643 4811 dictio
669 4777 684 4813 :
708 4764 932 4819 tametsi
964 4762 1159 4821 Latine
1187 4780 1294 4822 non
1325 4768 1517 4824 eodem
1545 4770 1710 4826 modo
1744 4772 2036 4844 utrobique
2067 4783 2216 4832 recte
2247 4776 2399 4831 reddi
2439 4776 2648 4846 possit;
2677 4789 2800 4829 nam
2826 4772 2969 4844 quod
3022 4770 3107 4825 hic
3149 4771 3201 4823 in
3253 4765 3440 4821 Graeco
3483 4763 3759 4827 habete.

472 4852 707 4919 εὐδοκεῖ,
740 4853 813 4907 ibi
848 4855 1077 4910 habetur
1114 4858 1383 4934 s66oxla.j

546 4948 617 5003 Et
643 4951 899 5007 eaaltabit
933 4963 1238 5009 mansuetas
1266 4958 1320 5011 in
1350 4958 1545 5015 salute.
1589 4958 1874 5017 Gloriﬁcet
1906 4962 2052 5017 enim

471 5057 570 5097 eos
599 5043 767 5098 simul
798 5052 852 5099 et
877 5044 1072 5100 salt/et.
1100 5045 1158 5101 In
1193 5049 1408 5118 psalmo
1437 5053 1603 5106 etiam
1631 5070 1753 5109 ιι.ιί
1780 5055 2050 5126 legimus:

364 5136 381 5155 ‘
473 5132 778 5203 Suscipiens
811 5138 962 5192 mites
990 5138 1265 5194 Dominus.
1300 5202 1313 5215 ν

546 5224 714 5282 Vsus.
749 5226 805 5281 ὅ.
843 5228 1229 5287 Gloriabuntur
1289 5236 1466 5289 sancti
1510 5236 1563 5289 in
1614 5236 1808 5308 gloria.
1870 5238 2050 5293 Primo

480 5318 659 5371 Jtuttia
693 5335 864 5389 usque
890 5323 957 5376 ad
992 5324 1186 5393 psalmi
1237 5326 1425 5392 ﬂuent,
1462 5328 1622 5399 juxta
1657 5331 1944 5386 historiam
1974 5332 2055 5386 in-

478 5416 921 5481 terpretahitnur,
948 5417 1154 5474 deinde
1184 5423 1544 5493 anagogicum
1587 5425 2051 5495 pertractabimus

478 5505 914 5563 sensumJuxta
947 5511 1113 5581 igitur
1146 5512 1300 5566 illum
1334 5529 1560 5571 sensum
1589 5517 1682 5585 qtti
1717 5518 1896 5588 magis
1920 5530 2046 5571 esse

478 5595 696 5652 videtur
741 5614 853 5670 prae
887 5602 1169 5671 manibus,
1220 5603 1324 5662 hoc
1367 5613 1473 5673 est,
1525 5606 1681 5676 juxta
1737 5607 2047 5675 historiam,

555 5770 756 5828 “Luc.
795 5788 856 5839 tt,
900 5773 983 5827 14.

2236 4960 2346 5017 Kal
2380 4960 2612 5029 ὑψώσει
2639 4955 2849 5024 πραεῖς
2867 4956 2937 5009 ἐν
2952 4953 3223 5019 σωτηρίᾳ.
3245 4947 3468 5015 Δοξάσει
3491 4946 3754 5008 αὐτοὺς,

2163 5055 2302 5124 μετὰ
2338 5054 2433 5107 καὶ
2472 5052 2564 5106 τοῦ
2592 5052 2786 5104 σῶσαι.
2823 5048 3046 5117 Είρηται
3068 5045 3123 5097 δὲ
3151 5044 3205 5095 ὲν
3255 5040 3328 5110 τῷ
3357 5045 3451 5109 pq’
3482 5037 3752 5109 ψαλμῷ,

2169 5142 2643 5215 Ἀναλαμόιξνων
2665 5141 2866 5210 πραεῖς
2899 5142 2931 5194 ό
2963 5138 3189 5205 Κύριος.

2233 5235 2664 5303 Καυχήσονται
2714 5231 2870 5283 ὅσιοι
2927 5228 2996 5281 ἐν
3034 5225 3198 5292 δόξῃ.
3254 5218 3385 5275 Καθ’
3437 5218 3747 5289 ἱστορίαν,

2162 5329 2433 5399 πρότερον
2478 5326 2546 5379 τὰ
2603 5324 2854 5378 ἐντεῦθεν
2887 5316 3259 5393 ἑρμηνευτέον.
3292 5312 3415 5381 ἄχρι
3468 5311 3751 5380 πέρατος

2159 5419 2256 5473 τοῦ
2287 5415 2533 5488 ψαλμοῦ,
2559 5410 2680 5468 εἶτα
2707 5414 2807 5466 καὶ
2834 5405 3184 5478 ἁναγωγικῶς
3209 5399 3561 5473 περὶτούτων
3598 5400 3747 5453 6s:-

2160 5509 2417 5582 ληπτέον.
2449 5506 2715 5580 Προλέγει
2747 5503 2925 5558 τοίνυν
2958 5497 3094 5553 κατὰ
3118 5496 3179 5549 τὸ
3208 5491 3516 5564 προχείρως
3565 5490 3747 5543 νοού-

2162 5618 2345 5672 μενον,
2381 5600 2636 5673 περὶτῆς
2673 5597 2781 5652 τῶν
2823 5591 3088 5665 Ἐϐραίων
3125 5588 3301 5659 νίκης,
3346 5585 3411 5657 ήν
3445 5582 3743 5654 ἐνίκησαν
