3964 6624
266 503 398 570 132i
1425 486 1813 555 COMMENT.
1844 483 1928 544 IN
1965 478 2326 542 PSALIIOS.
3386 467 3523 533 1322

265 620 335 673 τὰ
402 615 565 687 πέριξ
600 611 782 669 αὐτῶν
815 610 967 680 ἔθνη,
999 604 1280 662 κωλύοντα
1336 603 1437 673 τὴν
1480 597 1844 669 ἀνοικοδομὴν

1984 593 2299 647 [ebrzeorum
2330 588 2620 643 victoriam
2672 584 2939 657 prmdicit.
2995 584 3213 653 quando
3256 582 3520 639 ﬁnitimas

266 711 360 765 τοῦ
425 676 561 762 ναοῦ*
603 708 698 760 καὶ
728 705 828 776 τῆς
861 676 1096 765 πόλεως,
1117 695 1527 769 Καυχήσονταί,
1561 694 1749 764 φησὶν,
1780 693 1829 742 οῖ

1984 691 2280 754 uperarunt
2306 689 2520 752 gentes,
2553 693 2674 749 qua:
2707 678 2899 749 templi
2947 687 3000 733 et
3032 677 3277 732 civitatis
3303 676 3523 732 instau-

271 800 662 870 ἀφωσιωμένοι
688 771 916 866 ’τῷ-Θεῷ
958 790 1319 862 Ἰσραηλίται,
1350 790 1409 841 ὲν
1437 787 1566 860 δόξῃ
1600 784 1702 853 τῆς
1726 780 1838 837 ἀπὺ

1984 777 2218 832 stionem
2246 774 2641 846 impediebant.
2673 773 2834 827 Tunc
2856 772 3085 835 etenim,
3116 772 3322 843 inquit,
3373 771 3524 826 futu-

266 867 368 962 τῆς
398 867 739 963 θεοδωρήτου
765 887 946 957 νίκης,
993 885 1029 957 ἢ
1058 884 1159 953 τῆς
1191 882 1298 937 ἀπὸ
1325 881 1424 950 τῆς
1454 877 1591 933 Θεοῦ
1623 892 1839 946 συμμα-

1984 887 2067 924 unt
2097 884 2221 925 esse
2250 877 2308 924 ut
2346 867 2608 923 Israelita:
2634 868 2652 935 (
2676 883 2814 937 quos
2841 867 2963 922 ideo
2997 878 3223 922 sanctos
3257 868 3522 938 appellat,

269 957 414 1056 χίας.
569 957 582 963 ”
627 957 637 961 ⁷
1945 962 2075 1033 quia
2110 962 2220 1016 Deo
2250 959 2579 1017 sanctificati
2615 976 2681 1013 ae
2726 958 2968 1015 dedicati
3007 957 3285 1056 fuerant),
3319 959 3524 1056 gloria-

1951 1055 2121 1109 bundi
2161 1054 2470 1116 exsultent,
2509 1061 2733 1124 propter
2754 1052 3005 1105 victoris:
3043 1049 3295 1121 gloriam,
3324 1067 3352 1105 a
3390 1049 3522 1115 Deo.

1951 1145 2058 1199 hoc
2077 1154 2183 1210 est,
2213 1160 2242 1198 a
2279 1144 2471 1199 divino
2494 1143 2699 1197 auxilio
2728 1143 2807 1198 eis
2838 1141 3160 1212 praestitum.

2020 1236 2379 1291 Exsullabunt
2404 1238 2457 1291 in
2484 1236 2752 1290 cubilibus
2777 1237 2910 1289 suis.
2953 1232 3070 1288 Non
3099 1243 3310 1290 tantum
3343 1237 3525 1289 securi

1951 1328 2229 1384 dormient
2254 1330 2463 1399 absque
2482 1329 2632 1384 nullo
2660 1330 2873 1394 timore,
2894 1332 2986 1383 sed
3009 1327 3251 1398 jucunde
3274 1329 3437 1382 etiam
3472 1339 3525 1384 et

1951 1437 2076 1476 cum
2106 1421 2476 1476 delectatione
2504 1421 2557 1474 in
2595 1420 2872 1475 cubilibus
2900 1421 3020 1476 suis
3047 1421 3331 1491 quiescent
3360 1422 3527 1477 veluti

1954 1516 2023 1568 ab
2057 1514 2300 1568 hostium
2337 1512 2600 1582 periculis
2631 1512 2868 1567 liberati.

341 1245 450 1302 Kal
494 1244 969 1316 ἀγαλλιάσονται
1031 1241 1129 1296 ἐπὶ
1173 1238 1295 1295 τῶν
1340 1237 1565 1292 ρκοίτων
1621 1232 1840 1288 αὐτῶν.

271 1340 344 1394 Οὐ
379 1339 541 1408 μόνον
574 1338 792 1407 ἀφόϐως
836 1337 1293 1408 κοιμηθήσονται,
1348 1330 1486 1385 ἀλλὰ
1517 1328 1612 1383 καὶ
1644 1325 1837 1398 ἡδέως,

277 1431 388 1486 ἀπὸ
411 1432 522 1486 τῶν
566 1430 842 1502 πολεμίων
887 1427 1321 1496 ἀπαλλαγέντες.

332 1615 401 1667 Al
427 1610 695 1680 ὐψὼσεις
755 1607 862 1663 τοῦ
923 1605 1074 1661 Θεοῦ
1126 1604 1197 1659 ἐν
1224 1601 1304 1669 τῷ
1333 1601 1589 1670 animith
1621 1596 1844 1663 αὐτῶν,

271 1702 373 1756 καὶ
411 1700 708 1772 pomeri/at
760 1699 1038 1767 δίστομοι
1074 1696 1144 1749 ἐν
1186 1693 1316 1759 ταῖς
1353 1690 1569 1760 χερσὶν
1620 1686 1842 1743 αὐτῶν.

272 1795 446 1848 Τοῦτο
477 1793 729 1864 βούλεται
753 1792 934 1860 λέγειν
960 1791 1043 1843 ὅτι
1075 1785 1373 1856 ὑμνοῦντες
1404 1782 1496 1835 τδν
1556 1781 1712 1846 Θεὸν,
1746 1798 1847 1834 πο-

267 1888 572 1957 λεμήσουσι
601 1888 713 1948 τοῖς
746 1883 988 1955 ἐχθροῖς,
1009 1883 1106 1938 καὶ
1141 1880 1198 1935 al
1234 1877 1552 1950 ὑμνολογίαι
1584 1876 1680 1930 τοῦ
1712 1875 1847 1929 Θεοῦ

2024 1606 2191 1662 Vens.
2226 1605 2281 1660 6.
2323 1604 2693 1659 Exaltationes
2742 1604 2844 1659 Dei
2894 1606 2947 1659 in
2979 1614 3191 1676 gutture
3236 1623 3443 1677 eorum,
3478 1619 3527 1663 et

1952 1697 2120 1769 gladii
2145 1699 2400 1767 ancipites
2425 1700 2477 1751 in
2504 1698 2748 1752 manibus
2769 1713 2973 1752 eorum.
3008 1697 3219 1755 Sensus
3244 1710 3348 1766 est,
3380 1703 3528 1770 quod

1959 1788 2227 1844 adversus
2284 1788 2563 1854 inimicos,
2627 1788 2911 1843 laudantes
2967 1787 3159 1856 Deum,
3190 1794 3528 1862 pugnabant.

1961 1879 2333 1936 Laudationes
2365 1881 2481 1947 Dei,
2528 1879 2728 1950 inquit,
2758 1889 2922 1936 erunt
2970 1883 3026 1937 in
3066 1899 3162 1938 ore
3195 1898 3406 1947 eorum,
3452 1893 3535 1938 at-

273 1977 332 2030 ἐν
384 1976 460 2046 τῷ
491 1976 723 2045 στόματι
762 1972 968 2039 αὐτῶν,
1000 1970 1098 2025 καὶ
1147 1969 1358 2024 σπάθαι
1393 1972 1448 2024 ὲν
1500 1972 1622 2031 ταῖς
1661 1967 1851 2038 χερσὶν

1984 1986 2063 2041 μισ
2098 1973 2263 2042 gladii
2311 1973 2517 2043 pariter
2546 1973 2600 2027 in
2638 1988 2828 2029 eorum
2857 1977 3135 2041 manibus,
3171 1977 3373 2047 quibus
3401 1992 3536 2032 con-

273 2068 476 2131 αὐτῶν,
514 2065 924 2134 συγκόπτουσαι
963 2064 1092 2126 τοὺς
1123 2060 1437 2131 πολεμίους.
1514 2135 1516 2138 ν

354 2159 464 2215 Τοῦ
512 2156 766 2226 ποιῆσαι
821 2155 1139 2223 ἐκδίκησιν
1173 2155 1244 2208 ὲν
1282 2153 1408 2218 τοῖς
1436 2151 1700 2215 ἔθνεσιν,
1727 2149 1853 2203 ἐλε-

277 2253 467 2323 γμοὺς
494 2253 563 2306 ἐν
597 2251 723 2318 τοῖς
746 2251 943 2317 λαοῖς.
984 2247 1158 2318 ’Υπὲρ
1190 2245 1299 2301 ’τοῦ
1339 2244 1565 2314 ποιῆσαι
1589 2245 1682 2296 τὸν
1719 2240 1853 2295 Θεὸν

279 2344 563 2413 ἐκδίκησιν
624 2344 681 2397 ὲν
738 2344 852 2405 τοῖς
908 2339 1153 2403 ἔθνεσιν,
1214 2337 1332 2393 ἀνθ’
1369 2332 1445 2392 ὧν
1488 2335 1712 2405 ἠδίκουν
1762 2333 1854 2386 τὸν

282 2435 412 2489 λαὸν
441 2434 632 2488 αὐτοῦ’
680 2433 775 2487 καὶ
809 2430 1045 2501 ὲλεγμδν
1081 2433 1139 2484 ἓν
1171 2428 1249 2499 τῷ
1301 2425 1438 2497 λαῷ,
1485 2423 1857 2497 πληθυντικὸν

283 2529 408 2582 ἀντὶ
436 2527 641 2593 ἑνικοῦ,
676 2525 1024 2597 ἐλεγχομένῳ
1053 2523 1141 2577 ὅτι
1169 2522 1258 2577 διὰ
1310 2521 1407 2584 τὰς
1438 2515 1721 2589 ἁμαρτίας
1758 2516 1856 2569 αῦ-

281 2618 377 2671 τοῦ
413 2618 577 2688 μέχρι
630 2616 752 2670 τότε
806 2616 1181 2669 κατεπονεῖτοο
1213 2612 1308 2667 καὶ
1347 2612 1408 2664 οὐ
1466 2609 1534 2663 δι’
1567 2608 1857 2663 ἀσθένειαν

282 2713 378 2765 τοῦ
409 2709 570 2774 Θεοῦ,
613 2710 700 2762 ὅτε
731 2725 791 2762 τε
820 2708 929 2779 γὰρ
959 2707 1151 2761 ἔνευσε
1190 2705 1376 2777 μόνον,
1410 2706 1489 2767 είς
1537 2700 1856 2772 θαυμαστὸν

280 2800 415 2875 ἧλῧε
452 2802 514 2856 τὸ
549 2802 782 2877 πρᾶγμα
815 2798 1146 2871 μεταϐολήν.

1959 2065 2209 2121 ciderent
2242 2066 2527 2121 inimicos.

2030 2155 2197 2211 Vens.
2237 2156 2294 2212 7.
2331 2155 2400 2211 Ut
2439 2158 2635 2227 faceret
2676 2159 2961 2213 vindictam
2990 2160 3046 2213 in
3081 2160 3411 2226 nationibus,
3449 2176 3533 2214 re-

1962 2249 2309 2318 dargutiones
2347 2251 2401 2305 in
2439 2252 2668 2319 populis.
2704 2249 2772 2306 Ut
2823 2250 2967 2306 Deus
2993 2252 3204 2307 scilicet
3247 2253 3385 2306 hanc
3415 2252 3536 2305 vin-

1964 2339 2167 2395 dictam
2215 2343 2269 2395 in
2305 2342 2567 2411 gentibus
2597 2341 2825 2409 faceret,
2880 2358 3002 2413 qua:
3033 2344 3290 2413 injuriam
3326 2340 3540 2399 israeli-

1964 2431 2077 2487 tico
2104 2432 2305 2503 pOpulo
2335 2433 2641 2489 intulerant
2680 2454 2692 2490 :
2733 2436 2990 2493 similiter
3025 2445 3085 2491 ut
3118 2436 3536 2509 rcdargutiones

1967 2525 2175 2579 faceret
2235 2526 2290 2579 in
2336 2526 2542 2596 populo
2593 2543 2719 2594 suo,
2775 2529 3067 2598 redarguto
3130 2545 3195 2583 eo
3251 2530 3535 2598 nimirum,

1966 2624 2131 2686 atque
2179 2618 2460 2684 convicto,
2522 2619 2667 2689 quod
2701 2619 2771 2675 ob
2822 2621 3038 2691 propria
3081 2620 3289 2677 scelera
3331 2629 3385 2675 et
3427 2636 3536 2674 non

1964 2708 2038 2762 ob
2076 2708 2169 2763 Dei
2206 2710 2294 2765 sui
2330 2711 2766 2768 imbecillitatem
2808 2727 2875 2768 eo
2934 2726 3107 2783 usque
3165 2713 3234 2768 ab
3286 2713 3542 2771 hostibus
3607 2750 3619 2761 -

1962 2801 2143 2856 victus
2171 2817 2475 2874 oppressus
2505 2803 2722 2870 luisset,
2750 2820 2874 2860 cum
2898 2806 3097 2876 alioqui
3130 2807 3248 2862 solo
3274 2807 3372 2862 Dei
3405 2816 3540 2862 nutu

285 2894 537 2952 maximae
562 2908 725 2963 atque
750 2891 1086 2947 admiranda:
1118 2889 1451 2946 mutationes
1483 2886 1597 2941 fieri
1621 2886 1854 2955 possint.
1885 2889 2024 2947 Illud
2071 2902 2255 2950 tamen
2320 2895 2865 2953 animadvertendum
2966 2909 3069 2964 est,
3143 2904 3287 2969 quod
3347 2900 3545 2970 plurali

286 3007 522 3049 numero
593 2991 682 3044 hic
750 2990 923 3043 utitur
991 2990 1263 3059 Propheta
1340 3005 1441 3059 pro
1513 2993 1839 3059 singulari,
1879 2990 2133 3047 dicens:

329 3089 439 3143 nlo.

329 3107 439 3143 tuo.
618 3122 626 3131 ι
863 3127 865 3130 ‹

287 3107 322 3160 p
364 3179 475 3236 Τοῦ
513 3176 701 3246 δῆσαι
737 3192 881 3242 τους
933 3173 1217 3242 βασιλεῖς
1274 3172 1474 3227 αὐτῶν
1508 3174 1577 3228 ὲν
1631 3174 1861 3241 πέδαις,

2201 2991 2624 3065 Redargutiones
2690 2995 2746 3049 in
2799 2995 3046 3065 populis,
3107 3012 3243 3066 pro,
3316 2997 3376 3052 In
3445 3014 3545 3067 po-

2046 3174 2211 3229 Vens.
2248 3173 2302 3229 8.
2342 3172 2409 3226 Ut
2445 3173 2694 3246 alligaret
2722 3190 2864 3246 reges
2895 3191 3077 3228 eorum
3105 3178 3156 3230 in
3186 3176 3546 3246 compedibus,

287 3274 391 3329 καὶ
431 3271 575 3336 τοὺς
609 3269 902 3333 ἐνδόξους
931 3266 1131 3323 αὐτῶν
1162 3268 1232 3320 ἐν
1270 3266 1651 3335 χειροπέδαις
1681 3266 1860 3335 σιδη-

1984 3277 2020 3320 et
2048 3264 2245 3320 nobiles
2281 3281 2464 3321 eorum
2498 3267 2555 3320 in
2601 3266 2823 3321 manicis
2854 3266 3064 3336 ferreis.
3103 3265 3174 3322 Ut
3220 3284 3327 3322 non
3364 3270 3543 3324 solum

286 3365 443 3434 ραῖς.
487 3362 662 3433 ’Υπὲρ
700 3360 797 3414 τοῦ
844 3360 919 3431 μὴ
973 3360 1137 3430 μόνον
1185 3357 1515 3411 ἀπώσασθαι
1548 3359 1675 3421 τοὺς
1701 3357 1863 3411 πολε-

295 3459 474 3528 μίους,
507 3456 645 3509 ἀλλὰ
677 3454 928 3514 καὶτοὺς
961 3450 1205 3522 βασιλεῖς
1232 3449 1437 3514 αὐτῶν,
1482 3449 1579 3502 καὶ
1612 3450 1739 3512 τοὺς
1769 3448 1864 3503 ἄλο

290 3552 418 3613 λους
455 3547 699 3613 ἐνδόξους
746 3548 804 3599 ὲν
831 3546 1016 3607 αὐτοῖς
1046 3544 1322 3614 δεσμότας
1351 3542 1560 3596 λαϐεῖν.

367 3641 480 3696 Τοῦ
506 3638 846 3707 ποιῆσαιὲν
886 3636 1093 3702 αὐτοῖς
1146 3635 1327 3705 κρῖμα
1364 3635 1721 3704 ἐγγραπτον.
1756 3632 1864 3686 Τοῦ

294 3733 525 3803 ποιῆσαι
554 3729 631 3801 τῷ
662 3728 802 3799 Θεῷ,
833 3730 891 3782 ὲν
937 3731 1051 3790 τοῖς
1088 3727 1269 3781 ἔθνεσι
1299 3725 1394 3779 καὶ
1428 3726 1489 3779 ἐν
1516 3725 1597 3794 τῷ
1626 3723 1739 3794 λαῷ
1768 3724 1867 3777 αὐ-

295 3827 416 3883 τοῦ.
460 3824 644 3894 κρίσιν
675 3821 1033 3890 ἀνάγραπτον
1061 3819 1288 3891 βίϐλοις,
1323 3818 1421 3873 καὶ
1474 3818 1639 3888 μέχρι
1667 3816 1870 3879 παντὸς

296 3917 515 3979 αἰῶνος,
549 3911 1165 3984 ὰναμνημονευομένην,
1195 3912 1229 3981 ἢ
1258 3911 1616 3981 ἀνάγραπτον
1638 3909 1717 3980 τῷ
1749 3909 1868 3981 βίῳ,

298 4008 397 4061 καὶ
455 4006 866 4074 ἁνεξάλειπτον,
929 4003 1028 4057 καὶ
1096 3996 1208 4055 οἷον
1287 4001 1869 4072 ἐστηλογραφημένην·

299 4102 484 4172 κρίσιν
514 4100 570 4153 δὲ
601 4101 713 4153 νόει
756 4113 871 4168 μοι,
907 4095 1008 4167 τὴν
1054 4094 1263 4149 ἔνδικον
1294 4094 1575 4149 ἀπώλειαν
1610 4094 1719 4147 τῶν
1779 4096 1872 4163 ἑχ-

1978 3359 2165 3414 hostes
2224 3357 2376 3428 ipsos
2423 3357 2741 3428 repelleret,
2793 3359 2888 3414 sed
2922 3360 3090 3414 etiam
3143 3374 3331 3415 eorum
3367 3377 3546 3430 rcges,

1975 3460 2141 3518 atque
2194 3458 2252 3503 ut
2301 3449 2684 3506 nobilissimos
2735 3464 2985 3520 quosque
3038 3465 3248 3517 eorum,
3301 3452 3549 3522 captivos

1975 3539 2207 3596 faceret.

2051 3633 2220 3689 Vens.
2245 3634 2299 3690 9.
2329 3633 2398 3689 Ut
2423 3636 2620 3706 faceret
2649 3635 2703 3689 in
2737 3635 2813 3689 eis
2856 3634 3123 3703 judicium
3167 3637 3543 3705 conscriptum.

1981 3723 2053 3779 Ut
2083 3724 2139 3779 in
2162 3726 2439 3796 gentibus,
2486 3727 2683 3797 inquit,
2725 3735 2890 3796 atque
2924 3727 2978 3780 in
3016 3726 3217 3798 popqu
3253 3743 3355 3783 suo
3403 3728 3550 3783 Deus

1978 3817 2247 3886 judicium
2274 3818 2500 3885 faceret,
2522 3820 2667 3889 quod
2700 3819 2753 3873 in
2782 3819 2940 3875 libris
2961 3821 3331 3889 conscriptum
3360 3828 3505 3876 esset
3530 3837 3546 3875 :

1981 3910 2144 3979 cujus
2178 3910 2367 3980 iudicii
2400 3911 2456 3966 in
2486 3911 2634 3966 omni
2672 3911 2873 3966 smculo
2921 3911 3182 3966 memoria
3235 3908 3555 3973 exsisteret.

1981 3999 2079 4056 Vel
2098 4002 2473 4072 conscriptum
2493 4003 2548 4057 in
2570 4003 2678 4056 vita
2698 4011 2860 4073 atque
2878 4003 2932 4057 in
2953 4000 3214 4056 memoria
3238 4000 3549 4061 hominum,

1982 4093 2289 4159 indelebile,
2326 4103 2382 4149 et
2412 4093 2580 4150 veluti
2612 4095 2666 4148 in
2696 4106 3003 4148 marmorea
3034 4090 3270 4162 quadam
3297 4090 3553 4146 columna

296 4191 468 4263 θρῶν.
1983 4185 2345 4255 insculptum.
2370 4184 2755 4254 Perjutlicium
2777 4199 2955 4240 autem
2971 4184 3176 4254 justam
3203 4183 3550 4238 inimicorum

1981 4278 2412 4332 destructionem
2445 4276 2708 4345 intellige.

374 4364 530 4429 Δόξα
598 4362 749 4430 αὕτη
798 4352 969 4418 ἔσται
1031 4359 1182 4418 πᾶσι
1233 4359 1360 4426 τοῖς
1416 4360 1610 4426 ὁσίοις
1665 4360 1864 4414 αὐτοῦ.

2059 4367 2244 4422 Gloria
2266 4368 2376 4421 lucc
2400 4377 2477 4421 est
2513 4368 2757 4420 omnibus
2780 4367 2980 4420 sanctis
2999 4365 3134 4435 ejus.
3167 4364 3274 4423 Sed
3300 4383 3550 4438 quaenam

302 4458 476 4527 Δῦτη·
507 4455 675 4522 ποίας
710 4454 785 4508 Τὸ
812 4453 1055 4524 νικῆσαι,
1094 4452 1294 4523 μᾶλλον
1315 4452 1394 4517 δὲ,
1429 4452 1488 4505 τὸ
1526 4451 1671 4506 οὕτω
1722 4450 1864 4520 νικῆ-

1985 4462 2102 4514 ιισξο
2171 4468 2253 4514 est
2305 4459 2544 4528 gloria?
2612 4456 2775 4524 Quod
2839 4458 3052 4514 scilicet
3103 4459 3194 4513 Dei
3247 4473 3379 4528 ope,
3444 4469 3553 4513 tam

305 4567 401 4605 σαι
427 4547 772 4619 παραδόξως,
792 4544 881 4599 διὰ
908 4546 1007 4616 τῆς
1035 4546 1356 4615 συμμαχίας
1379 4544 1476 4598 τοῦ
1503 4544 1661 4599 Θεοῦ.
1690 4545 1864 4598 Ταῦτα

1998 4550 2065 4605 ad
2092 4550 2342 4605 mirande
2365 4551 2553 4605 hostes
2579 4551 2977 4619 superaverint.
3020 4547 3145 4604 Ilaec
3183 4550 3351 4620 igitur
3394 4552 3553 4621 juxta

308 4642 412 4711 μὲν
446 4639 537 4693 οῦν
571 4636 693 4692 καθ’
723 4636 992 4706 ἱστορίαν.
1052 4636 1214 4689 Κατὰ
1244 4636 1303 4688 δὲ
1350 4635 1664 4705 ἀναγωγὴν,
1721 4639 1864 4689 Καυ-

1987 4640 2234 4698 historiae
2261 4655 2484 4696 sensum
2508 4640 2654 4693 dicta
2696 4650 2844 4692 sunt.
2884 4638 3043 4694 Juxta
3078 4653 3359 4711 anagogen
3383 4655 3510 4696 vero
3536 4656 3554 4700 :
3582 4626 3587 4629 ’

305 4733 607 4803 χήσονται
636 4729 793 4783 ὅσιοι
832 4728 904 4781 ἐν
929 4726 1078 4796 δόξῃ
1118 4725 1195 4795 τῇ
1219 4728 1560 4795 μελλούσῃ*
1591 4728 1703 4782 οὐκ
1739 4725 1864 4790 ᾶξιο

1984 4733 2345 4789 Exsultabunt
2376 4734 2544 4786 sancti
2571 4733 2623 4785 in
2660 4732 2843 4802 futura
2890 4731 3079 4803 gloria.
3112 4730 3236 4786 Non
3266 4734 3408 4787 enim
3432 4750 3558 4787 con-

304 4826 438 4894 γὰρ.
472 4823 630 4892 φησι,
670 4820 742 4874 τὰ
778 4817 1099 4888 παθήματα
1136 4817 1241 4873 τοῦ
1289 4818 1406 4872 νῦν
1448 4818 1680 4885 καιροῦ,
1727 4818 1881 4885 πρὸς

304 4919 426 4979 τὴν
493 4916 851 4983 μέλλουσαν
909 4910 1114 4979 κρίσιν
1185 4910 1724 4964 ἀποκαλύπτεσθαι
1793 4911 1880 4975 είς

306 5003 490 5076 ἡμᾶς.
531 5004 668 5070 Δόξα
692 5003 772 5069 δὲ,
803 5005 831 5056 ὁ
861 5002 1116 5074 σταυρὸς,
1151 5002 1293 5054 κατὰ
1338 5002 1419 5063 τὸ,
1463 5001 1626 5070 Ἐμοὶ
1663 5001 1750 5070 μὴ
1783 5000 1881 5071 τέ-

305 5114 473 5154 retro
502 5092 865 5165 καυχᾶσθαι,
898 5096 949 5148 εί
994 5093 1081 5163 μὴ
1131 5094 1201 5148 ἐν
1242 5092 1321 5157 τῷ
1353 5090 1594 5160 σταυρῷ
1627 5092 1730 5147 τοῦ
1773 5096 1888 5147 Κυ-

304 5195 444 5260 ρόυ
511 5187 738 5255 Ἰησοῦ.
787 5186 1028 5240 Ἐπαινεῖ
1059 5186 1118 5240 δὲ
1168 5188 1295 5248 τοὺς
1350 5188 1541 5255 πραεῖς
1601 5183 1699 5237 καὶ
1758 5184 1886 5246 τοὺς

308 5282 515 5343 ὁσίους,
535 5277 859 5346 προτρέπων
879 5277 1048 5346 ἡμᾶς,
1068 5276 1148 5339 είς
1181 5276 1438 5346 ὁσιότητα
1462 5279 1552 5329 καὶ
1573 5276 1877 5345 πραότητα.

311 5372 425 5428 Καὶ
460 5349 908 5437 ἀγαλλιάσονται,
946 5369 1133 5438 φησὶν,
1169 5370 1264 5422 ἐπὶ
1293 5369 1402 5423 τῶν
1430 5367 1625 5422 κοιτῶν
1678 5368 1881 5428 αὐτῶν,

311 5469 437 5536 ἦτοι
487 5464 595 5518 τῶν
632 5462 1098 5534 ηὑτρεπισμένων
1152 5462 1358 5525 αὐτοῖς,
1396 5460 1634 5515 αἰωνίων
1683 5460 1883 5530 μονῶν,

312 5558 424 5611 τῶν
481 5554 843 5610 ἀκαταλύτων
899 5554 1137 5625 σκηνῶν.
1174 5555 1240 5606 Ai
1290 5554 1529 5623 ὑψώσεις
1576 5553 1672 5607 τοῦ
1722 5551 1882 5607 Θεοῦ·

317 5647 560 5718 ὕψωσεις
604 5646 705 5715 μὲν
732 5641 824 5699 οὖν
856 5645 1108 5717 νοοῦμεν,
1134 5647 1234 5708 τὰς
1273 5643 1344 5698 δι’
1397 5643 1585 5715 ὓμνων
1623 5645 1718 5700 καὶ
1767 5646 1889 5699 Θεο-

1989 4828 2163 4895 digna:
2216 4835 2362 4890 sunt,
2412 4834 2472 4878 ut
2506 4826 2684 4893 inquit
2715 4825 3031 4895 Apostolus,
3081 4825 3349 4893 passiones
3396 4828 3556 4895 hujus

1991 4919 2263 4986 temporis,
2298 4918 2365 4969 ad
2395 4917 2638 4986 futuram
2681 4915 2930 4987 gloriam,
2984 4932 3101 4982 quae
3139 4915 3454 4970 revelabitur
3500 4918 3559 4971 in

1992 5009 2140 5063 nobis
2171 5009 2234 5061 ".
2265 5007 2452 5063 Gloria
2474 5014 2781 5072 autem,est
2803 5008 3003 5062 Christi
3026 5022 3180 5070 crux,
3202 5007 3357 5078 juxta
3384 5008 3555 5065 illud:

1993 5096 2128 5151 Milli
2161 5106 2338 5150 autem
2386 5095 2525 5149 absit
2582 5095 2828 5165 gloriari,
2875 5096 2978 5149 nisi
3032 5096 3087 5148 in
3142 5110 3293 5149 cruce
3343 5094 3559 5151 Domini

1990 5187 2119 5243 Iesu
2155 5188 2223 5242 “.
2252 5187 2464 5243 Laudat
2495 5188 2661 5244 etiam
2694 5188 2976 5257 Propheta
3030 5188 3191 5242 mites
3230 5201 3296 5242 ac
3333 5166 3576 5244 sanctos.

1991 5279 2162 5343 viros,
2188 5279 2256 5333 ad
2302 5278 2781 5333 mansuetudinem
2819 5279 3080 5333 nimirum
3127 5295 3227 5335 nos
3268 5290 3435 5349 atque
3489 5280 3560 5334 ad

1993 5372 2338 5427 sanctitatem
2365 5370 2665 5426 exhortans
2699 5386 2879 5441 :quos
2917 5371 3157 5439 jubilare
3183 5374 3315 5428 dicit
3370 5374 3426 5427 in
3462 5362 3577 5435 cui

1996 5462 2197 5517 bilibus
2217 5462 2355 5525 suis,
2380 5462 2484 5516 hoc
2508 5470 2614 5529 est,
2653 5462 2707 5517 in
2733 5463 2955 5518 aeternis
2981 5462 3562 5535 indissolubilibusque

1998 5553 2388 5620 tabernaculis,
2421 5569 2543 5622 quae
2564 5556 2644 5610 eis
2673 5564 2864 5626 parata
2886 5566 3040 5613 sunt.
3068 5555 3173 5611 Per
3194 5557 3562 5614 exaltationes

1998 5658 2130 5700 vero
2151 5643 2272 5709 Dei,
2305 5644 2500 5715 dignas
2538 5643 2649 5700 Deo
2689 5661 2853 5701 voces
2897 5645 3163 5716 intellige,
3191 5648 3389 5716 quibus
3415 5646 3563 5701 illius

317 5739 509 5808 λογίας
540 5739 867 5809 θεοπρεπεῖς
900 5739 1084 5806 φωνὰς
1125 5736 1509 5808 ὑπεριψούσας
1536 5738 1723 5791 αὐτόν·
1755 5740 1862 5808 pop.

2001 5734 2189 5791 laudes
2224 5733 2506 5790 decantari
2546 5736 2745 5803 solent,
2802 5751 2922 5806 qua:
2974 5734 3420 5808 magnitudinem,
3462 5748 3562 5806 po-

402 5919 444 5950 "
488 5915 646 5972 Rom.
680 5914 906 5979 νιιι,18.
987 5912 1030 5946 ’⁸
1054 5913 1236 5970 Galat.
1271 5929 1350 5979 νι,
1384 5915 1472 5972 14.

652 6012 920 6072 Ρηιιοι..
954 6012 1071 6074 Gn.
1110 6011 1436 6073 CXXVIII.

3144 5960 3247 6064 t2
