4146 6484
423 461 494 518 231
1773 455 2366 518 ΙἮΟΙΑΕΟΟΜΕΝΛ.
3640 450 3712 514 ‘Z’t

427 573 631 627 idioma
657 579 1062 635 converterem,
1100 571 1382 641 complura
1414 571 1694 635 adnotavi,
1725 580 1837 624 tum
1870 569 2015 636 quod

427 666 627 721 attinet
654 666 720 719 ad
748 675 1031 720 auctorem
1077 664 1367 734 Opus'culi,
1401 672 1517 719 tum
1573 663 1640 718 ad
1691 680 1753 717 ea
1801 680 1921 733 qu;e
1957 662 2011 716 in

424 759 545 826 ipso
582 754 863 827 Opusculn
898 757 1178 827 leguntur,
1217 757 1315 811 has
1356 772 1578 826 quoque
1627 755 2018 810 adnotationcs

424 849 490 903 ad
524 857 577 902 te
608 850 784 914 mitto,
817 850 1021 918 quibus
1056 849 1136 903 uti
1173 850 1404 918 poteris,
1440 856 1496 902 ut
1530 847 1627 901 tibi
1671 850 1847 917 magis
1902 847 2017 918 pla—

424 939 618 992 cucrit.

502 1050 564 1105 lll
617 1053 802 1121 itaque
885 1054 990 1108 hoc
1050 1054 1288 1121 primum
1347 1055 1760 1113 adnotaverunt,
1814 1052 2022 1123 Euthy—

432 1148 603 1203 mium
648 1147 997 1219 Zygabenum
1047 1146 1309 1215 Opusculi
1353 1154 1627 1199 auctorem
1661 1146 2017 1199 monasticam

430 1243 599 1296 vitam
635 1243 817 1312 egisse
849 1240 1329 1308 Constantinopoli
1364 1242 1418 1294 in
1476 1240 1816 1293 monasterio
1866 1237 2020 1292 l’cri-

431 1334 645 1401 ldeptze,
695 1343 748 1386 et
784 1332 1055 1387 doctrina:
1089 1330 1252 1387 laude
1304 1330 1637 1385 inclaruisse
1689 1344 1718 1382 a
1779 1338 2022 1396 tempore

428 1425 607 1480 Alexii
648 1425 663 1477 1
705 1423 992 1488 Comneni,
1026 1425 1113 1479 cui
1147 1422 1569 1490 acceptissimus
1599 1419 1721 1485 fuit,
1773 1429 1826 1473 et
1865 1420 2021 1490 cujus

426 1520 588 1584 jussu
630 1531 772 1585 opus
826 1516 1137 1581 composuit
1188 1514 1558 1582 inscriptum:
1604 1511 1867 1580 Punoplia
1921 1513 2019 1565 do-
2068 1514 2071 1517 ’

432 1609 669 1680 gmnticu
704 1606 1018 1661 orthodoxa:
1064 1606 1190 1674 ﬁdei
1228 1605 1481 1660 adversus
1535 1620 1713 1657 omnes
1746 1604 2023 1657 Ita-retices

431 1718 498 1755 ex
551 1700 777 1755 Patru’m
827 1701 1041 1764 scriptis
1093 1707 1356 1751 contexta.
1400 1695 1765 1766 Marquardus
1817 1694 2023 1749 Frehe-

433 1809 531 1848 rus
591 1793 669 1864 (1)
732 1792 837 1848 sub
899 1791 1091 1845 Alexio
1158 1789 1200 1843 ll
1264 1788 1616 1858 Eutltytnium
1705 1787 2021 1856 Patmpliam

432 1884 803 1939 concinnasse
854 1882 1140 1945 asseruit;
1198 1881 1291 1935 sed
1337 1880 1546 1935 erravit
1604 1876 1850 1947 profecto
1908 1886 2025 1932 toto

433 1975 598 2040 caelo,
628 1984 683 2031 et
713 1975 817 2029 hoc
847 1988 915 2030 ex
951 1988 1017 2027 eo
1063 1970 1223 2026 facile
1256 1971 1449 2038 liquet,
1498 1969 1646 2039 quod
1676 1970 1834 2023 Anna
1861 1968 2024 2022 Com-

436 2084 577 2124 nt-na
611 2068 969 2124 celeberrima
1021 2065 1194 2119 Alcxii
1236 2062 1252 2117 1
1301 2063 1411 2118 filia
1464 2062 1797 2118 luculentam
1860 2060 2026 2131 hujus

434 2162 620 2233 operis
643 2161 980 2216 mentionem
1022 2159 1223 2214 fecerit
1255 2155 1356 2228 (2).
1391 2155 1517 2211 llaec
1545 2155 1804 2225 Panoplia
1833 2153 2027 2209 Latine

435 2260 650 2306 tantum
699 2251 844 2306 edita
893 2259 978 2305 est
1014 2249 1255 2305 Venetiis
1280 2262 1427 2303 anno
1456 2246 1595 2302 i555
1647 2262 1714 2301 ex
1768 2245 2028 2303 versione

438 2344 585 2399 Petri
618 2343 901 2399 Francisci
938 2341 1059 2397 Zini
1113 2340 1493 2406 Veronensis;
1546 2354 1671 2408 qua:
1717 2338 1902 2393 versio
1930 2337 2029 2393 de-

440 2439 568 2495 inde
620 2451 817 2494 recusa
859 2446 946 2492 est
975 2434 1229 2499 Parisiis,
1262 2448 1326 2489 ac
1359 2432 1582 2487 tandem
1620 2433 1831 2486 inserta
1888 2439 2023 2485 tom.

438 2528 561 2583 XIX
626 2527 977 2582 Bibliotheca?
1013 2525 1116 2580 PP.
1148 2523 1539 2592 Lugdunensis
1570 2541 1585 2583 ;
1624 2530 1682 2579 et
1723 2521 1867 2578 falso
1903 2536 2024 2578 eam

438 2626 492 2677 in
540 2622 740 2676 Veneta
772 2618 1019 2674 editione
1045 2625 1197 2672 textu
1231 2616 1426 2672 Graeco
1463 2613 1734 2675 munitam
1769 2628 1895 2670 esse
1938 2628 2029 2669 as-

438 2718 573 2768 sertt
618 2710 897 2766 Gerardus
944 2708 1189 2765 Joannes
1223 2706 1471 2764 Vossius.
1497 2706 1597 2778 (5).
1632 2707 1840 2762 Textus
1874 2705 2027 2762 Grae—

437 2819 537 2860 cus
564 2802 846 2872 Panopliae
880 2801 1156 2873 Enthymii
1196 2800 1346 2872 typis
1383 2814 1625 2856 excusus
1659 2811 1746 2856 est
1784 2799 2024 2869 prinmm

438 2909 586 2950 anno
620 2893 783 2959 1710,
820 2892 1128 2964 Tergovisti
1170 2893 1224 2946 in
1284 2882 1593 2947 Walaehia.
1651 2890 1826 2946 Porro
1855 2890 2026 2946 Zinus

439 2982 497 3036 in
559 2996 660 3038 sua
716 2979 909 3036 Latina
944 2981 1220 3044 versione,
1278 2995 1402 3051 quae
1451 2978 1778 3052 Euthymius
1830 2991 2025 3037 contra

437 3072 670 3129 Latinos
700 3073 1020 3144 collegerat,
1065 3071 1247 3127 editor
1279 3086 1410 3127 vero
1454 3080 1639 3130 textus
1675 3070 1849 3128 Graeci
1885 3071 2028 3128 inte-

439 3183 599 3236 grum
633 3167 875 3228 titulum,
918 3164 1014 3235 qui
1049 3175 1246 3219 contra
1278 3163 1583 3220 Saracenos
1610 3173 1717 3232 est,
1758 3173 1814 3219 et
1868 3179 2028 3235 quem

440 3256 630 3312 Gru‘ce
673 3273 794 3313 cum
832 3254 1027 3310 Latina
1078 3256 1337 3311 versione
1382 3254 1616 3311 Joannis
1669 3254 1859 3312 Jacobi
1893 3255 2030 3311 Beu-

442 3349 552 3404 reri
598 3349 710 3419 jam
765 3347 1013 3405 ediderat
1060 3362 1091 3402 e
1123 3348 1248 3402 cod.
1280 3363 1385 3403 ms.
1420 3346 1674 3403 Palatino
1709 3346 2030 3403 Friderieus

446 3443 777 3511 Sylburgius
812 3442 867 3495 in
908 3438 1280 3502 Saracenic’is,
1317 3454 1531 3493 necnon
1578 3440 1739 3492 etiam
1780 3438 2029 3505 qumdam

445 3537 500 3588 in
536 3534 727 3603 primis
759 3532 961 3601 titulis,
1000 3532 1091 3586 ubi
1123 3534 1192 3586 de
1231 3531 1503 3585 Trinitatv-
1547 3531 1886 3597 disputatur,
1921 3530 2033 3597 (hic

444 3635 598 3682 certe
629 3626 859 3689 veritus,
885 3641 954 3681 ne
978 3624 1285 3679 Turcarum
1308 3623 1665 3679 oliensionem
1701 3625 2029 3690 incurreret,

446 3720 537 3773 ille
571 3735 698 3774 vero
743 3718 995 3773 fortassis
1049 3733 1120 3771 ne
1179 3717 1331 3786 operi
1382 3717 1770 3770 auctoritatem
1807 3726 1858 3769 et
1914 3730 2032 3782 pre-

444 3812 581 3865 tium
619 3810 995 3880 imminueret)
1029 3810 1526 3879 praetermiserunt.
1578 3807 1765 3877 Itaque
1823 3807 2029 3860 nullam

448 3903 715 3957 habemus
756 3903 1021 3958 hactenus
1072 3900 1371 3972 perfectam
1424 3898 1704 3968 Panoplite
1756 3897 2031 3970 Euthymii

447 3993 788 4062 editionem;
839 3993 1092 4065 quamvis
1144 3992 1272 4046 huic
1313 3991 1648 4046 adornandae
1695 3992 1880 4061 plures
1923 4007 2031 4046 non

448 4088 631 4142 desint
673 4087 894 4142 codices
924 4087 977 4140 in
1023 4085 1378 4140 bibliothecis
1408 4085 1753 4154 superstites.
1794 4084 2033 4154 Insignis

444 4172 596 4232 inter
617 4192 713 4233 eos
739 4185 823 4232 est
850 4176 1022 4231 codex
1053 4175 1340 4231 Caesareus
1372 4174 1834 4240 Vindobonensis,
1870 4190 2031 4243 quem

447 4274 572 4340 ipsa
600 4269 880 4340 Euthymii
905 4277 1066 4325 :etate
1087 4269 1358 4339 scriptum
1393 4277 1549 4336 putat
1569 4266 1890 4347 Lambecius
1914 4267 1988 4339 (4)
2016 4284 2031 4324 :

451 4377 552 4417 nec
592 4362 793 4416 minori
839 4362 893 4416 in
926 4362 1105 4431 pretio
1141 4360 1379 4416 fortasse
1409 4368 1495 4415 est
1522 4359 1809 4416 habendus
1846 4360 2033 4430 regius

448 4454 799 4515 Parisiensis,
830 4468 993 4522 quem
1027 4452 1215 4507 laudat
1246 4451 1558 4507 Richardus
1605 4450 1889 4506 Sitnonius
1930 4450 2033 4520 t5),

449 4554 504 4601 et
532 4560 694 4615 quem
731 4560 760 4599 a
809 4543 928 4598 Ziui
973 4544 1221 4598 editione
1248 4543 1302 4598 in
1332 4544 1584 4612 pluribus
1616 4542 1839 4599 differre
1869 4551 2039 4598 testa-

452 4652 563 4691 tur.
589 4635 862 4692 Praeterea
900 4635 1068 4690 alium
1111 4634 1355 4690 codicem
1408 4634 1929 4704 praestantissimum
1969 4649 2035 4688 ex

452 4728 679 4793 Oriente
708 4742 896 4785 secum
938 4728 1126 4783 attulit
1151 4725 1380 4783 Michael
1413 4726 1656 4781 Encmau
1699 4725 1934 4794 Soccus,
1971 4725 2039 4780 de

452 4837 565 4890 quo
592 4820 711 4877 fuse
758 4821 1016 4877 edisserit
1051 4817 1294 4874 Joannes
1323 4819 1587 4880 Albcrtns
1622 4818 1907 4874 Fabricius
1938 4816 2041 4890 (6).

455 4915 632 4971 Etiam
657 4913 995 4970 Bibliotheca
1021 4914 1285 4968 Vaticana
1321 4913 1507 4982 plures
1539 4913 1894 4982 suppeditare
1922 4928 2042 4982 pus-

457 5018 542 5064 set
603 5007 849 5073 codices,
911 5007 1101 5076 utique
1154 5022 1261 5060 non
1294 5005 1678 5074 spernendos;
1710 5022 1851 5074 quos
1895 5004 2042 5059 inter

456 5111 649 5158 notatu
678 5101 875 5171 dignus
926 5098 1201 5171 praecipue
1252 5108 1359 5160 est,
1409 5099 1502 5166 qui
1559 5114 1710 5151 num.
1780 5096 1919 5150 MU
1966 5096 2042 5152 si-

532 5310 609 5374 (1)
656 5308 719 5362 In
755 5306 1214 5376 Chronographia.
1555 5374 1563 5376 _
1661 5373 1689 5376 _
1784 5340 1789 5351 ι

532 5373 612 5443 (*2)
649 5378 899 5434 Alexiad.
935 5373 1032 5431 li'h.
1067 5373 1160 5440 sv,
1199 5392 1320 5444 pag.
1349 5376 1477 5431 490.
1504 5374 1633 5429 edit.
1659 5373 1795 5433 Rea.

536 5451 612 5513 (5)
656 5451 729 5503 De
767 5450 1055 5503 Historicis
1090 5448 1290 5503 Gra'cis
1319 5448 1411 5501 lib.
1449 5463 1513 5512 tt,
1544 5464 1663 5515 cap.
1695 5446 1786 5500 ‘27.

534 5521 611 5587 (4)
639 5520 797 5575 Tom.
841 5521 905 5585 V,
941 5535 1059 5589 pag.
1095 5520 1181 5572 51.

535 5590 613 5653 (5)
639 5588 951 5644 Bibiiutltec.
979 5588 1179 5649 εὲΙεεΙ..
1207 5601 1338 5644 toto.
1376 5589 1413 5648 Ι,
1448 5605 1567 5658 pag.
1593 5588 1679 5641 49.

534 5662 612 5732 (li)
655 5659 905 5713 Biblioth.
945 5660 1153 5725 Cra'ca,
1189 5665 1294 5715 vol.
1327 5657 1593 5729 \’l|,’pag.
1626 5657 1752 5712 161.

2123 582 2363 639 gnatur;
2395 572 2599 627 ctenim
2628 568 2910 626 Pachomii
2944 569 3229 639 cujusdam
3263 569 3518 623 monachi
3551 570 3712 625 scho-

2125 667 2195 720 lia
2242 673 2296 720 ct
2344 664 2732 720 adnotationcs
2775 665 2828 718 in
2869 663 3148 735 Euthymii
3194 662 3511 730 Panopliam
3563 679 3715 716 com-

2125 756 2405 826 plectitur.
2459 754 2688 810 Demum
2745 754 3191 810 animadvertere
3230 755 3388 824 juvat
3440 752 3712 822 Patmplize

2125 848 2346 902 titulum
2414 864 2577 913 χχιιι,
2621 848 2710 903 ubi
2758 848 2827 902 de
2864 847 3160 918 Bogomilis
3207 846 3411 915 agitur,
3477 846 3711 901 seorsim

2125 940 2486 1010 descriptum,
2533 939 2702 994 veluti
2756 939 3091 1010 singularem
3150 937 3398 991 libellum
3437 938 3714 1006 reperisse

2127 1033 2178 1086 in
2212 1033 2400 1087 codice
2437 1031 2734 1087 Bodleiano
2762 1029 2886 1086 Joh.
2935 1030 3397 1100 Christopborunt
3430 1028 3714 1096 Wolfium,

2124 1137 2178 1180 ct
2207 1126 2339 1179 hinc
2376 1124 2450 1178 ita
2491 1126 2643 1180 illum
2667 1125 2908 1180 edidisse
2942 1122 3132 1179 Graece
3156 1133 3210 1178 et
3237 1122 3432 1177 Latine
3455 1125 3509 1176 in
3542 1121 3719 1176 histu-

2129 1220 2205 1272 tia
2240 1217 2675 1288 Bogomilorum,
2728 1217 3125 1273 eruditissimis
3176 1217 3322 1271 notis
3359 1215 3714 1293 illustratum.

2196 1335 2281 1391 111.
2318 1334 2522 1391 Praeter
2554 1333 2900 1405 Panopliam,
2955 1333 3287 1401 Euthymius
3329 1332 3500 1387 multa
3547 1331 3715 1385 etiam

2125 1428 2229 1482 alia
2271 1427 2503 1497 digessit
2540 1441 2730 1496 opera,
2783 1425 3060 1495 praecipue
3102 1425 3155 1478 in
3216 1438 3407 1479 sacras
3452 1422 3712 1485 Litteras.

2126 1519 2591 1574 Commentarium
2653 1519 2708 1572 in
2760 1532 2954 1572 onmes
3003 1517 3275 1577 Psalmos.
3307 1526 3361 1571 et
3421 1516 3476 1569 in
3542 1528 3716 1568 sacrae

2127 1610 2424 1677 Scriptura:
2449 1610 2676 1665 Cantica
2710 1608 2968 1663 Latinum
3002 1606 3129 1661 fecit
3177 1606 3464 1677 Philippus
3514 1605 3716 1660 Saulus
3804 1676 3810 1689 ι

2126 1703 2418 1772 episcopus
2446 1699 2868 1772 Brugnatensis,
2898 1708 2955 1755 et
2989 1707 3114 1768 post
3144 1697 3268 1767 ejus
3310 1697 3525 1752 obitum
3573 1696 3718 1750 hanc

2129 1794 2437 1848 versionem
2480 1791 2746 1848 Paulinus
2793 1790 3073 1846 Turchius
3121 1790 3334 1845 ordinis
3388 1788 3719 1843 Praedicato-

2129 1902 2250 1941 rum
2272 1885 2757 1956 vulgavitVeronte
2777 1899 2923 1939 anno
2946 1884 3243 1954 1550,quae
3266 1884 3355 1953 plu
3366 1883 3474 1937 ries
3497 1881 3717 1947 deinde,

2129 1992 2346 2049 semper
2384 1988 2568 2033 tamen
2600 1978 2721 2033 sine
2763 1976 2953 2034 Graeco
2999 1986 3152 2033 textu
3203 1978 3305 2045 (α),
3364 1991 3559 2031 recusa
3608 1983 3717 2030 est.

2131 2068 2490 2125 Solummodo
2524 2069 2929 2140 praefationem,
2988 2083 3099 2138 qua
3141 2077 3335 2123 auctor
3374 2067 3443 2122 de
3492 2076 3715 2128 natura,

2130 2178 2258 2227 usu,
2296 2176 2488 2233 scopo,
2518 2160 2811 2231 multiplici
2851 2160 3200 2217 Psalmorum
3242 2174 3463 2228 genere,
3510 2159 3721 2214 obscu—

2130 2255 2315 2317 ritate,
2363 2255 2645 2324 variisque
2673 2253 3022 2308 versionihus
3054 2250 3266 2307 Graecis
3300 2250 3592 2320 diligenter
3621 2247 3723 2303 ad-

2132 2332 2365 2398 modum
2397 2344 2666 2414 disputat,
2731 2341 2923 2398 Graece
2978 2351 3033 2397 et
3080 2341 3278 2396 Latine
3338 2340 3547 2411 publici
3577 2339 3723 2408 juris

2134 2434 2264 2489 fecit
2311 2434 2624 2505 Stephanus
2670 2433 2921 2506 Moynins
2954 2434 3053 2505 ('7).
3084 2432 3318 2503 Scripsit
3359 2431 3525 2487 etiam
3557 2429 3722 2485 Com-

2132 2528 2462 2583 tneutarium
2514 2528 2569 2582 in
2600 2534 2841 2597 quatuor
2873 2526 3170 2597 Evangelia
3200 2541 3263 2581 ex
3299 2524 3718 2596 Chrysostomo,

2132 2620 2257 2674 aliis
2279 2636 2385 2691 que
2407 2619 2660 2675 Patrihus
2677 2621 3098 2685 concinnatum,
3113 2636 3176 2673 ex
3202 2633 3312 2688 quo
3331 2618 3449 2674 loca
3469 2617 3717 2686 quantam

2131 2712 2319 2770 Grtece
2335 2713 2507 2771 edidit
2529 2712 2842 2769 Richardus
2871 2711 3153 2768 Simonius
3175 2711 3253 2783 (8)
3276 2730 3289 2766 :
3315 2721 3367 2766 et
3386 2724 3548 2780 quem
3577 2709 3721 2763 inte.

2132 2824 2288 2876 grum
2319 2809 2584 2865 habemus
2641 2807 3023 2863 tantummodo
3074 2804 3328 2860 Latinum
3365 2818 3431 2859 ex
3464 2801 3722 2857 versione

2131 2901 2360 2957 Joannis
2391 2900 2672 2965 Hentenii,
2704 2901 2911 2956 editum
2944 2899 3172 2955 Lovanii
3235 2912 3382 2952 anno
3432 2895 3594 2959 1544,
3657 2908 3723 2947 ac

2134 2995 2335 3052 deinde
2365 3012 2616 3052 recusum
2649 2996 2848 3052 iterum
2873 2996 3185 3063 iterumque
3215 2990 3446 3046 diversis
3472 2988 3525 3043 in
3560 2986 3719 3053 locis.

2104 3090 2362 3177 ‘GI'ECIIS
2394 3090 2561 3160 hujus
2593 3088 2985 3145 Commentarii
3019 3098 3206 3144 textus
3222 3090 3410 3140 exstat
3439 3082 3494 3135 in
3529 3082 3721 3134 codice

2136 3182 2400 3236 Vaticano
2440 3182 2568 3249 665,
2617 3197 2849 3236 mancus
2899 3188 3106 3245 tamen,
3159 3181 3288 3249 quia
3325 3181 3466 3233 duos
3503 3187 3717 3231 tantum

2138 3273 2350 3341 priores
2408 3273 2776 3345 evangelistas
2827 3272 3221 3343 complectitur
3286 3271 3599 3324 Mattbmum
3663 3275 3720 3320 et

2134 3365 2405 3421 Marcum.
2449 3365 2775 3436 Explanatio
2803 3366 3054 3433 qntedam
3088 3366 3141 3418 in
3174 3363 3461 3418 Canticum
3508 3359 3722 3414 Zacha-

2137 3455 2254 3516 rite,
2296 3469 2420 3523 qua:
2451 3455 2507 3508 in
2559 3455 2754 3510 codice
2810 3452 3081 3509 Vaticano
3126 3453 3231 3509 669
3278 3452 3384 3507 sub
3442 3447 3718 3521 Euthymii

2139 3547 2358 3599 nomine
2391 3545 2666 3617 descripta
2711 3546 3007 3615 reperitur,
3049 3560 3116 3598 an
3157 3559 3282 3612 pars
3317 3543 3388 3598 sit
3429 3541 3721 3596 Commen-

2138 3636 2263 3690 tarii
2316 3637 2365 3689 in
2405 3635 2758 3707 Evangelium
2811 3635 2991 3702 Lucae,
3034 3650 3102 3689 an
3140 3634 3325 3704 potius
3376 3630 3522 3686 aliud
3556 3645 3722 3700 pecu-

2138 3731 2271 3784 liare
2331 3729 2659 3798 Opusculum
2725 3729 2859 3782 mihi
2902 3732 3065 3782 ’nunc
3121 3737 3273 3781 certo
3319 3741 3424 3779 non
3479 3729 3716 3778 constat.

2139 3823 2269 3879 item
2306 3822 2360 3877 in
2390 3822 2652 3891 epistolas
2680 3821 2838 3875 Pauli
2868 3820 3339 3876 Commentarium
3367 3834 3434 3874 ex
3462 3816 3720 3872 Patrihus

2138 3914 2384 3970 studiose
2417 3911 2746 3984 Euthymius
2779 3912 3021 3982 collegit,
3058 3911 3217 3982 cujus
3272 3910 3499 3966 Grmcus
3549 3909 3721 3965 codex

2138 4007 2192 4060 in
2248 4005 2436 4060 eadem
2472 4002 2738 4058 Vaticana
2793 4004 3120 4060 bibliotheca
3154 4018 3308 4058 num.
3347 4002 3452 4057 656
3498 4008 3720 4057 notatus

2139 4104 2480 4151 asserratur.
2514 4094 2564 4149 ls
2603 4110 2702 4149 nec
2748 4094 2959 4161 Grmce,
3016 4111 3116 4151 nec
3169 4094 3368 4150 Latine
3399 4093 3582 4148 editus
3611 4100 3718 4153 est,

2139 4189 2245 4273 nisi
2280 4203 2452 4258 pauca
2479 4188 2726 4258 quardam
2770 4189 3031 4259 excipias,
3073 4205 3196 4260 qua:
3225 4203 3288 4244 ex
3313 4184 3723 4243 Commentario

2140 4282 2194 4336 in
2229 4279 2526 4349 Epistolam
2563 4280 2629 4333 ad
2675 4279 3023 4335 Timotheum
3060 4280 3218 4335 aliert
3255 4296 3323 4334 ex
3354 4279 3547 4332 eodem
3581 4275 3725 4328 forte

2135 4371 2323 4427 codice
2357 4373 2464 4426 Leo
2495 4372 2732 4425 Allatius
2781 4371 2883 4442 (9).
2947 4372 3190 4427 Tandem
3245 4370 3520 4439 Epistolas
3552 4368 3719 4422 etiam

2135 4464 2448 4517 Catholiras
2509 4478 2613 4517 suo
2676 4462 3087 4517 Commentario
3141 4461 3527 4521 adornaverat,
3583 4464 3725 4509 teste

2139 4555 2435 4611 Guillelmo
2468 4554 2670 4609 Caveio
2712 4552 2851 4623 (10),
2878 4554 2972 4609 sed
3001 4553 3123 4624 ejus
3167 4552 3355 4606 nullus
3403 4549 3536 4603 mihi
3576 4545 3728 4602 Grac-

2141 4662 2239 4700 cus
2273 4646 2441 4699 codex
2479 4645 2794 4700 innotescit.

2216 4733 2304 4789 IV.
2339 4733 2499 4790 Hisce
2531 4734 2710 4797 libris.
2740 4735 2832 4804 qui
2879 4732 3154 4803 Euthymii
3209 4747 3426 4788 sacram
3457 4728 3725 4785 eruditio-

2142 4840 2267 4879 nem
2304 4832 2598 4889 testantur,
2653 4824 2840 4893 plures
2882 4823 3178 4887 accedunt,
3231 4837 3297 4878 ex
3354 4820 3557 4891 quibus
3607 4818 3728 4888 ejus

2140 4915 2323 4971 elucet
2354 4916 2634 4987 ingenium
2667 4924 2725 4970 et
2761 4914 3101 4985 eloquentia.
3132 4913 3347 4968 Etenim
3398 4910 3731 4982 disputatim

2144 5022 2265 5060 nem
2302 5006 2597 5077 quamdam
2630 5007 2804 5063 edidit
2838 5007 2907 5062 de.
2936 5007 3041 5061 ﬁde
3069 5021 3194 5061 cum
3225 5005 3508 5061 Saraceno
3544 5003 3728 5075 philo-

2144 5100 2316 5170 s0pho
2348 5100 2401 5154 in
2429 5101 2564 5154 urbe
2588 5099 2952 5171 Cappadociae
2981 5099 3237 5156 Melitene
3266 5098 3533 5165 habitam,
3562 5109 3728 5169 quam

2225 5308 2302 5376 (7)
2350 5310 2472 5366 Var.
2513 5314 2691 5380 Sacra,
2724 5325 2856 5369 tom.
2890 5315 2928 5368 1.
2967 5329 3088 5382 pag.
3128 5308 3249 5366 150.

2226 5382 2302 5449 (8)
2343 5383 2484 5439 Hist.
2521 5376 2692 5441 critic.
2738 5385 2876 5440 Novi
2908 5376 3136 5439 Τεέιᾶητ.
3176 5383 3272 5437 lib.
3328 5395 3367 5447 t,
3422 5394 3543 5450 pag.
3604 5376 3729 5444 ΗΟ,

2150 5450 2289 5518 HE};
2324 5454 2416 5505 lib.
2446 5475 2525 5523 Ill,
2559 5475 2678 5527 ραι.
2715 5457 2802 5512 34.

2222 5527 2297 5595 (9)
2333 5528 2406 5581 De
2452 5518 2752 5585 interstitiis
2794 5529 2989 5586 Ordin.
3026 5526 3168 5595 apud
3220 5522 3457 5585 (Συ-(εσσε,
3496 5535 3551 5587 P-

2221 5589 2334 5673 (10)
2368 5602 2570 5657 Hister.
2603 5603 2769 5656 litter.
2801 5589 3071 5664 scriptor]
3093 5597 3412 5657 ccc!esiast.,
3448 5607 3572 5662 pag.
3602 5589 3728 5646 567.

525 5862 595 5927 ((ι)
623 5864 879 5914 Prodierat
904 5870 1065 5915 tamen
1088 5864 1314 5915 Vcnctiis
1335 5878 1460 5915 anno
1488 5863 1623 5924 1765,
1654 5875 1763 5913 cum
1789 5860 2139 5924 'l‘lteophylacti
2163 5855 2416 5919 "[If‘l‘lbus,
2448 5860 2502 5902 (τι
2524 5854 2629 5901 haec
2648 5846 2900 5901 δετὶιὶεδίιι
2935 5845 3208 5909 ιόεείυὶυς
3254 5833 3606 5927 ηοξξῖῗλῖξξῖξ

3328 5903 3409 5951 lim
3420 5918 3440 5950 ι’
3490 5900 3614 5948 l‘aru
3631 5932 3638 5945 .

3832 6408 3890 6484 TI
