4146 6428
404 452 481 515 25
1752 451 2330 515 PROLEGUMENA
3622 451 3697 514 26

408 566 575 621 habet
606 565 838 623 Graecus
890 566 1194 625 Vaticanus
1227 570 1393 623 codex
1430 569 1537 625 952
1576 568 1688 640 (ll)
1743 579 1799 624 et
1851 584 1994 639 quae,

412 666 555 711 teste
589 655 892 711 Lambceio
948 657 1089 727 (12).
1141 669 1460 715 asservatur
1493 661 1659 714 etiam
1705 660 1759 714 in
1807 659 2001 715 Grtero

409 749 604 805 codice
651 749 1005 806 bibliotheca:
1042 750 1512 808 Vindobonensis.
1570 752 1842 808 Praeterea
1900 755 2005 808 sub

409 842 662 911 ejusdem
695 845 927 899 nomine
960 845 1208 903 occurrit
1242 845 1295 899 in
1332 843 1603 900 Vaticano
1657 846 1846 901 codice
1898 847 2005 900 820

412 936 533 1005 (l3)
559 937 762 999 oratio,
794 936 960 1006 cujus
990 937 1155 992 etiam
1195 938 1444 993 meminit
1490 937 1723 992 Allatius
1770 939 1883 1008 (11)
1914 940 1999 992 in-

410 1028 625 1097 scripta
656 1045 672 1082 :
718 1028 1036 1099 Ἐγκώμιον
1067 1030 1145 1094 εἰς
1171 1029 1272 1100 τὴν
1304 1033 1680 1100 προσκύνησιν
1698 1031 1797 1101 τῆς
1833 1032 2004 1101 ὑπερ-

410 1122 585 1188 αγὶας
642 1121 939 1185 Θεοτόκου,
998 1123 1096 1177 καὶ
1157 1126 1239 1185 εἰς
1283 1123 1356 1177 τὰ
1396 1125 1648 1192 ὲγκαίνια
1696 1124 1798 1194 τῆς
1844 1125 2007 1193 ἁγίας

408 1214 588 1285 αὐτῆς
633 1215 798 1285 σοροῦ
840 1217 943 1285 τῆς
976 1217 1036 1270 ὲν
1074 1217 1541 1287 Χαλκοπρατίοις.
1595 1216 1911 1270 Encomium
1942 1220 2008 1272 de

409 1304 561 1358 cultu
600 1306 928 1361 beatissime
965 1307 1213 1379 Deiparw
1251 1310 1580 1379 prwstando,
1608 1320 1659 1365 et
1689 1310 1756 1363 de
1786 1311 2007 1365 dedica-

409 1385 558 1451 tione
604 1408 803 1452 sancta:
842 1401 960 1468 ejus
998 1403 1129 1463 sori,
1178 1418 1297 1472 qua:
1351 1413 1428 1455 est
1489 1405 1543 1456 in
1593 1402 2007 1471 Citalcopratiis.

412 1490 624 1544 8.ιιι‹·ιει
668 1506 833 1548 sortis
876 1496 958 1548 vel
1015 1507 1205 1548 sancta
1263 1495 1420 1549 theca
1479 1495 1861 1565 appellabatur
1893 1507 2008 1549 tum

411 1600 586 1653 capsa
647 1586 807 1655 ipsa,
875 1588 1009 1656 qua’
1057 1590 1229 1642 vestis
1286 1598 1340 1641 et
1396 1588 1606 1644 lodices
1674 1588 2010 1659 sepulcrales

412 1669 480 1725 B.
548 1671 729 1726 Maria:
796 1671 1042 1745 Virginis
1101 1676 1567 1742 continebantur,
1649 1688 1767 1734 tum
1841 1679 2008 1745 a-des,

310 1802 329 1821 .
413 1765 473 1818 in
509 1780 620 1832 qna
653 1766 922 1835 depositas
966 1767 1075 1823 illae
1122 1769 1369 1839 reliquiae
1398 1772 1848 1826 asservabantur.
1882 1773 2011 1827 Dum

407 1869 599 1910 autem
625 1868 785 1912 erant
811 1858 895 1912 hae
918 1859 1112 1923 thecae,
1149 1860 1321 1915 altera
1353 1862 1407 1916 in
1437 1863 1551 1918 aede
1587 1862 1996 1933 ltlacbernensi,

409 1950 847 2020 'lbeophauonis
883 1953 1144 2024 Augustae
1174 1956 1437 2026 religione
1482 1957 1682 2029 inclyta
1730 1958 1870 2029 (15),
1914 1960 2006 2014 ubi

408 2045 830 2114 omophoriuni,
890 2061 989 2102 seu
1034 2049 1215 2102 velum
1251 2048 1500 2120 Deiparte
1557 2053 2002 2117 custodiebatur,

410 2140 589 2194 altera
636 2140 690 2194 in
752 2139 870 2195 aede
930 2141 1107 2196 beatae
1165 2140 1407 2212 Virgin‘s
1464 2142 2002 2215 Chalcopratiorum,

408 2231 507 2286 ubi
540 2239 754 2287 creterae
778 2242 963 2288 vestes
1013 2242 1067 2289 ct
1094 2233 1281 2290 fasciaa
1327 2236 1584 2307 religiose
1620 2241 2008 2295 custodieban-

405 2329 523 2377 tur.
556 2318 678 2375 Jam
707 2323 947 2393 quisque
982 2323 1259 2395 intelligit,
1316 2332 1432 2379 tum
1489 2326 1841 2393 Blachernas,
1888 2340 2003 2384 tum

405 2413 831 2483 Cbalcopratios
860 2417 1094 2470 nomina
1120 2432 1243 2473 esse
1264 2418 1512 2473 locorum
1548 2420 1705 2476 urbis
1728 2422 2006 2478 Constan-

406 2505 750 2575 tinopoleos,
801 2507 856 2562 in
894 2510 1099 2576 quibus
1133 2525 1293 2565 sacra
1348 2511 1464 2567 haec
1514 2514 1713 2583 templa
1761 2515 2007 2585 Deiparae

408 2598 671 2655 dedicata
726 2601 1118 2670 assurgebant.
1199 2601 1494 2674 Disputant
1550 2607 1755 2662 eruditi
1821 2624 1892 2663 au
1950 2610 2006 2665 hi

408 2692 785 2763 Chalcopratii
836 2696 995 2750 vicus
1025 2696 1276 2765 quidam,
1309 2712 1408 2753 seu
1442 2698 1620 2769 platea
1671 2700 1901 2769 fuerint,
1948 2704 2003 2759 in

410 2787 617 2857 quibus
646 2788 855 2843 aerariae
902 2788 1139 2844 ofﬁcina:
1181 2793 1303 2846 sitae
1328 2801 1537 2855 essent,
1589 2809 1659 2848 an
1697 2797 1882 2866 potius
1931 2797 2007 2853 le-

410 2881 652 2950 gendum
685 2879 759 2935 sit
785 2878 1186 2950 Chartopratii,
1217 2882 1403 2953 ibique
1425 2884 1736 2941 chartarias
1757 2886 2005 2944 oliicinas

408 2971 699 3027 exstitisse
753 2970 1110 3027 arbitremur.
1162 2970 1363 3028 Verum
1423 2977 1782 3044 quaestionem
1839 2979 2002 3045 hanc,

409 3073 609 3136 utpote
634 3063 762 3119 huic
795 3065 918 3121 loco
958 3064 1146 3123 minus
1202 3078 1597 3137 opportunam,
1647 3070 1825 3127 libens
1862 3088 2003 3144 prat-

408 3157 738 3212 termittam.
769 3156 885 3213 Nec
919 3158 1133 3215 diutius
1164 3160 1577 3218 immorandum
1623 3181 1843 3237 quoque
1876 3167 2001 3238 opi-

409 3265 524 3306 nor
554 3250 608 3305 iu
641 3250 1010 3335 perquirendo
1035 3252 1173 3310 tedis
1222 3255 1390 3325 hujus
1439 3258 1750 3327 conditore,
1793 3262 1863 3315 de
1894 3277 2006 3332 quo

412 3358 530 3396 non
554 3342 696 3398 bene
723 3342 871 3399 inter
900 3358 960 3398 se
985 3346 1325 3401 conveniunt
1363 3348 1648 3419 Byzantini
1682 3350 2004 3422 scriptores;

408 3434 474 3487 id
516 3449 687 3489 unum
724 3435 888 3491 modo
922 3435 1059 3490 satis
1103 3438 1176 3492 sit
1220 3438 1541 3506 adnotasse,
1591 3458 1786 3499 omnes
1841 3444 1893 3497 in
1941 3461 2007 3500 eo

410 3524 753 3590 convenire,
828 3528 1096 3598 templum
1173 3531 1281 3584 hoc
1314 3530 1635 3602 -antiquius
1695 3533 2008 3592 Theodosio

414 3615 656 3673 Juniore
701 3634 809 3674 non
842 3619 1038 3675 fuisse.
1078 3619 1195 3677 Hoc
1226 3632 1412 3678 autem
1445 3626 1676 3683 omnino
1727 3632 2009 3696 praaterire

411 3723 529 3762 non
558 3708 710 3773 licet,
733 3709 988 3765 Alexium
1013 3707 1037 3764 Ι
1061 3711 1427 3780 Comnenum,
1485 3732 1636 3784 cum,
1677 3721 1875 3775 aerario
1909 3738 2007 3776 ex-

412 3800 645 3867 hausto,
674 3802 1093 3860 imminentibus
1129 3805 1351 3877 imperii
1378 3810 1806 3868 necessitatibus
1838 3815 2007 3870 satis-

412 3895 606 3951 facere
660 3912 770 3951 non
805 3907 1019 3967 posset,
1060 3911 1351 3971 argenteas
1391 3904 1603 3979 valvas,
1659 3921 1724 3961 ac
1763 3921 1891 3962 vasa
1921 3910 2010 3964 in-

410 4003 585 4059 super
619 3989 883 4045 nonnulla
937 4006 1003 4046 ex
1061 3992 1166 4047 hoc
1224 3995 1433 4065 templo
1485 3998 1828 4056 abstulisse:
1863 4005 2007 4071 quod

411 4094 545 4133 cum
565 4095 712 4150 aegre
740 4081 1004 4137 tulissent
1034 4084 1296 4148 cives,’ac
1327 4084 1382 4140 in
1406 4086 1791 4155 imperatorem
1826 4108 2008 4149 ruino-

414 4189 508 4230 res
526 4172 750 4243 iniquos
765 4184 1110 4244 spargerent,
1135 4177 1254 4247 ipse
1271 4181 1588 4235 convocatis
1604 4183 1923 4251 proceribus
1938 4185 2009 4241 ab

410 4268 529 4321 hoc
550 4267 782 4322 crimine
806 4282 1041 4338 purgare
1069 4284 1129 4324 se
1155 4268 1391 4334 studuit,
1420 4271 1720 4342 jussitque,
1746 4284 1804 4328 ut
1824 4275 1875 4329 in
1909 4291 2012 4347 po-
2076 4322 2087 4336 ,

411 4370 632 4415 sterum
656 4374 723 4414 ex
752 4360 953 4416 aerario
979 4363 1130 4432 regio
1150 4377 1397 4417 annuum
1416 4366 1649 4436 vectigal
1672 4370 2013 4436 persolvere-

414 4461 533 4514 tur.
559 4461 621 4507 ut
658 4453 692 4506 ii
724 4453 1029 4518 alerentur,
1065 4454 1159 4524 qui
1193 4455 1249 4510 in
1276 4457 1379 4510 hac
1398 4456 1645 4528 Deiparaa
1671 4459 2018 4520 aadedivinas

411 4544 615 4601 laudes
643 4545 895 4615 quotidie
922 4546 1283 4603 celebrabant
1335 4548 1473 4620 (16).
1512 4550 1599 4605 Ad
1645 4552 1812 4621 hujus
1833 4554 2023 4626 itaque

410 4638 608 4707 templi
636 4638 1039 4695 dedicationem
1066 4639 1303 4709 pertinet
1329 4642 1682 4712 panegyricis,
1704 4643 1774 4700 de
1801 4658 1908 4715 qua
1937 4634 2026 4702 ni-

411 4730 670 4800 quimur,
701 4728 982 4802 Euthymii
1016 4730 1219 4797 oratio,
1243 4731 1299 4786 in
1323 4747 1455 4801 qua,
1476 4742 1540 4786 ut
1569 4749 1635 4789 ex
1663 4734 1786 4804 ejus
1817 4737 2022 4794 inscri-

416 4825 613 4893 ptione
655 4830 899 4885 constat,
938 4823 1098 4893 plura
1117 4823 1286 4901 etiam
1312 4824 1382 4880 de
1411 4825 1561 4880 cultu
1600 4827 1845 4897 Deiparte
1881 4845 2023 4899 prte-

413 4915 620 4972 stando
650 4914 982 4986 disputavit.
1008 4914 1118 4972 Nec
1144 4917 1286 4971 male
1325 4915 1603 4982 fortassis,
1652 4935 1776 4977 meo
1796 4923 2020 4991 quidem

406 5010 650 5079 judicio,
671 5009 951 5078 conjicere
977 5011 1105 5079 quis
1151 5016 1360 5080 posset,
1390 5011 1460 5067 ad
1485 5012 1588 5068 hoc
1619 5012 1763 5069 idem
1785 5014 2024 5073 Cbalcov

413 5102 729 5173 pratiorum
759 5099 1009 5171 Deiparte
1038 5102 1304 5173 templum
1344 5118 1469 5159 esse
1492 5103 1842 5160 referendum
1868 5108 2017 5164 aliud

412 5190 704 5262 Euthymii
752 5189 1068 5245 Encomium
1116 5192 1174 5246 in
1210 5208 1403 5246 zonam
1432 5192 1712 5248 [ληπτὴν
1759 5193 2014 5265 Virginis,

410 5280 566 5353 quod
584 5281 732 5336 inter
749 5296 854 5337 ms.
875 5280 1189 5337 Bodleianaa
1206 5282 1554 5339 bibliotheca:
1570 5283 1793 5341 codices
1822 5302 2016 5343 recen-

411 5384 595 5433 setur.
627 5372 687 5430 In
713 5389 783 5430 eo
805 5384 1050 5446 namque
1079 5375 1307 5445 templo,
1337 5381 1668 5449 utsuperius
1701 5380 2008 5452 innuimus,

413 5476 607 5524 vestes
634 5479 828 5521 omnes
854 5482 921 5522 ac
944 5466 1131 5523 fasciae
1146 5467 1323 5523 beatae
1349 5465 1590 5539 Virginis
1608 5471 2001 5533 servabantur.

496 5651 614 5720 (ll)
646 5651 780 5722 γης.
824 5650 947 5722 tu.

526 5723 613 5795 12)
638 5719 795 5795 Tom.
935 5739 1057 5795 pag.
1091 5719 1220 5775 206.

525 5794 612 5860 15)
648 5792 774 5861 Pag.
806 5794 933 5847 501.

527 5864 613 5937 id)
642 5862 1075 5937 _De_Sgnreonum
1104 5865 1338 5933 scriptis.
1367 5881 1490 5937 pag.
1524 5866 1643 5922 108.

492 5932 610 6007 (ιδ)
642 5932 761 5991 Vid.
792 5934 1041 6006 Thcopb.
1070 5932 1358 6010 page-as.

2193 570 2253 623 V.
2297 568 2495 625 Utrum
2524 584 2654 624 vero
2699 568 3028 624 ascrihenda
3083 566 3379 640 Euthymio
3408 575 3598 625 nostro
3625 572 3698 626 sit

2106 664 2269 717 etiam
2313 664 2586 727 Honodia,
2615 663 2731 719 sive
2761 666 2930 717 oratio
2975 663 3212 732 funebris
3251 681 3270 713 ε
3309 663 3374 718 ad
3424 664 3696 718 tumulum

2108 755 2444 809 sanctissimi
2479 754 2999 815 Thessalonicensis
3043 755 3447 824 archiepiscopi
3480 756 3691 809 domini

2108 846 2398 912 Eustathii,
2435 848 2625 918 paucis
2666 848 2735 902 ab
2782 847 2902 916 ejus
2937 847 3089 902 obitu
3146 846 3343 903 diebus
3374 847 3624 912 recitata,
3670 867 3689 899 ι

2107 955 2229 1007 quae
2263 940 2366 992 sub
2396 941 2518 1008 ejus
2544 943 2764 995 nomine
2799 942 2850 993 in
2897 939 3089 995 codice
3118 939 3425 994 Bodleiano
3485 940 3699 995 descri-

2110 1027 2287 1093 bitur,
2329 1045 2510 1099 neque
2545 1047 2670 1083 cum
2700 1031 2822 1085 aliis
2854 1031 3127 1084 aﬂirmare
3156 1031 3356 1095 ausim,
3391 1046 3490 1085 nec
3547 1034 3700 1086 solus

2108 1120 2364 1175 iniiciari.
2407 1120 2462 1173 Si
2496 1136 2624 1174 vere
2661 1122 2725 1174 ad
2776 1137 2900 1176 cum
2967 1122 3229 1189 pertinet,
3281 1138 3343 1174 ex
3388 1138 3450 1175 ea
3494 1123 3701 1175 intelli-

2108 1214 2256 1283 gitur
2289 1225 2498 1283 exaetzve
2538 1214 2834 1267 admodum
2862 1214 3041 1267 mtatis
3069 1213 3427 1285 Euthymiutn
3459 1214 3692 1270 obiisse.

2109 1307 2244 1362 Cum
2275 1308 2418 1362 enini
2451 1308 2623 1361 Alexii
2659 1307 2860 1376 [jussu
2912 1307 3231 1377 Panopliani
3285 1308 3531 1362 scribere
3568 1325 3696 1363 sus-

2110 1399 2316 1467 ceperit
2347 1414 2490 1454 anno
2533 1400 2694 1467 1118,
2735 1399 2894 1455 facile
2915 1409 2999 1455 est
3031 1400 3132 1456 sibi
3169 1401 3695 1469 persuaderelpsum

2112 1494 2316 1546 tnncin
2370 1493 2547 1562 primo
2571 1496 2763 1547 saltem
2815 1493 3248 1565 juvenue’ilore
3304 1494 3496 1548 fuisse.
3558 1494 3700 1559 Quia

2112 1601 2244 1641 vero
2294 1584 2626 1642 Eustathius
2663 1602 2812 1641 anno
2864 1587 3024 1652 1194,
3072 1587 3128 1641 in
3178 1586 3382 1655 templo
3412 1585 3470 1640 S.
3508 1585 3702 1640 Deme-

2113 1679 2204 1732 t'rii
2239 1680 2497 1751 martyris
2531 1679 2829 1750 Miroblytze
2880 1682 3207 1734 concionem
3248 1679 3439 1734 habuit
3473 1679 3542 1733 ad
3596 1695 3693 1748 po-

2116 1772 2325 1842 pulum,
2353 1772 2753 1842 [concedamus
2806 1772 2956 1838 licet,
3009 1772 3155 1840 quod
3221 1773 3326 1826 hoc
3380 1772 3499 1842 ipso
3553 1788 3698 1826 anno
3761 1772 3775 1791 '

2107 1872 2339 1921 mortem
2368 1865 2589 1930 obierit,
2620 1866 2738 1934 ejus
2770 1866 3051 1921 funebrem
3079 1863 3449 1920 laudationem
3484 1862 3695 1935 Euthy-~

2114 1958 2258 2012 mius
2290 1957 2398 2013 nisi
2428 1967 2657 2012 centum
2689 1958 2803 2012 fere
2831 1973 3004 2013 annos
3039 1970 3206 2012 natus
3231 1957 3509 2011 conficere
3547 1956 3695 2011 haud

2112 2052 2460 2124 potuit.Quin
2520 2054 2685 2107 etiam
2750 2058 2974 2107 centum
3050 2066 3226 2107 annos
3270 2059 3698 2121 prmtergressus

2111 2147 2358 2216 profecto
2382 2146 2738 2211 confecisset,
2767 2148 2813 2202 si
2843 2145 3099 2201 habenda
3126 2154 3272 2201 esset
3299 2143 3432 2200 fides
3457 2145 3696 2199 Alexan-

2110 2241 2211 2296 dro
2245 2239 2449 2296 Politio
2482 2241 2622 2313 (17).
2669 2241 2762 2309 qui
2809 2239 3158 2295 Eustathiuin
3219 2239 3507 2311 Xipltilino
3554 2254 3701 2293 anno

2112 2332 2252 2388 H98
2284 2349 2315 2388 e
2350 2333 2491 2388 vivis
2519 2341 2776 2401 exempto
2815 2332 3169 2401 superstitem
3197 2338 3376 2401 putat,
3428 2329 3558 2399 quia
3582 2330 3702 2399 ipse

2111 2435 2453 2480 memoratur
2484 2424 2552 2478 ab
2570 2421 2782 2479 Joanne
2800 2423 2933 2479 Citri
2962 2422 3225 2493 episeopo
3250 2422 3302 2476 in
3319 2420 3700 2491 responsione,

2112 2533 2277 2589 quam
2307 2517 2460 2573 dedit
2484 2516 2854 2573 Constantino
2884 2516 3158 2572 Cahasilze
3183 2517 3330 2570 circa
3358 2514 3609 2569 ordinem
3644 2513 3699 2567 in

2109 2610 2507 2667 ecclesiasticis
2543 2609 2750 2666 Oﬂiciis
2774 2594 3129 2665 servandum.
3169 2608 3303 2663 Nam
3333 2623 3459 2662 cum
3482 2614 3702 2675 protec-

2110 2707 2265 2763 dicus
2291 2724 2387 2763 seu
2411 2706 2605 2779 judex,
2657 2707 2712 2761 in
2748 2705 3131 2761 criminalibus
3152 2701 3339 2758 causis
3368 2699 3700 2756 clericorum

2110 2800 2253 2857 inter
2282 2800 2494 2854 minora
2528 2798 2703 2852 oﬂicia
2730 2797 2884 2867 prius
2915 2801 3349 2852 connumeratus
3373 2831 3388 2857 ,
3419 2791 3485 2847 ad
3526 2790 3700 2859 majo—

2113 2907 2225 2946 rem
2258 2891 2488 2960 gradum
2533 2890 2602 2944 ab
2627 2888 2839 2945 Joanne
2869 2886 3152 2958 Xiphilino
3212 2883 3406 2940 fuisset
3453 2891 3701 2945 evectus,

2113 2985 2278 3055 idque
2300 2984 2610 3053 aliquorum
2628 2996 2917 3038 censuram
2941 2979 3291 3043 suscitasset,
3313 2976 3366 3030 in
3389 2990 3453 3030 ea
3475 2989 3705 3043 respon-

2110 3080 2268 3134 sione
2324 3075 2568 3132 Joannes
2596 3075 2733 3130 Citri
2763 3072 3059 3144 episcopus
3089 3070 3291 3140 inquit,
3330 3067 3382 3123 id
3431 3066 3637 3137 optime
3671 3081 3701 3119 a

2110 3168 2389 3239 Xiphiliuo
2404 3168 2574 3224 fuisse
2596 3165 2981 3228 constitutum,
3000 3172 3164 3234 atque
3182 3163 3380 3218 adeam
3396 3160 3705 3215 innovatio-

2109 3250 2233 3316 nein
2264 3256 2942 3329 Eustathiiauctoritatem
2972 3253 3296 3316 accessisse,
3328 3250 3424 3320 qui
3458 3249 3512 3305 id
3546 3262 3700 3302 sutu-

2110 3366 2338 3422 tnopere
2374 3349 2885 3406 commendaverat.
2919 3344 3124 3401 Verum
3158 3345 3262 3399 hoc
3307 3359 3414 3398 non
3470 3340 3701 3406 evincit,

2110 3451 2170 3497 ut
2197 3442 2409 3497 Politus
2439 3440 2679 3507 censuit,
2715 3437 3072 3493 Eustathium
3098 3433 3384 3504 Xiphilino
3409 3431 3579 3487 fuisse
3605 3446 3701 3485 su-

2111 3534 2419 3607 perstitem,
2463 3544 2521 3589 et
2562 3548 2736 3603 usque
2767 3531 2833 3585 ad
2863 3528 3096 3584 Joannis
3122 3528 3270 3583 illius
3300 3525 3541 3597 episcopi
3566 3532 3704 3578 teni—

2117 3643 2254 3698 pora
2287 3626 2640 3697 pervenisse;
2703 3623 2800 3679 sed
2849 3623 3036 3694 potius
3099 3620 3390 3690 Xiphilino
3444 3618 3574 3672 dum
3625 3617 3701 3671 ita

2113 3720 2426 3776 faciendum
2465 3719 2738 3779 decrevit,
2797 3732 2960 3772 suum
3030 3714 3336 3783 praebuisse
3383 3726 3699 3767 assensum.

2113 3815 2271 3881 Quod
2303 3813 2528 3881 quidem
2568 3828 2630 3868 ex
2657 3812 2835 3882 ipsius
2868 3806 3336 3879 quoqueJoannis
3368 3805 3551 3860 verbis
3581 3804 3702 3857 erui

2112 3922 2271 3978 posse
2288 3906 2502 3961 videtur
2524 3922 2538 3968 ;
2563 3904 2692 3958 dum
2713 3905 2859 3958 enim
2888 3900 3165 3956 Eustathii
3194 3897 3462 3961 meminit,
3482 3913 3545 3952 ea
3571 3912 3708 3965 pra:-

2066 4038 2070 4043 -
2113 3983 2465 4055 mittitverba
2491 3995 2588 4050 τοῦ
2629 3998 2686 4049 ὲν
2715 3995 2920 4062 ἀγίοιςέ
2950 4010 3072 4064 qua:
3098 4009 3222 4047 eum
3248 3991 3363 4062 jam
3399 3990 3706 4063 decessisse

2115 4091 2382 4155 indicant,
2414 4089 2679 4159 quoniam
2726 4088 2929 4156 probos
2955 4093 3289 4152 sanctosque
3314 4083 3465 4137 viros
3498 4081 3707 4151 inpare

2114 4181 2318 4235 Christi
2352 4179 2700 4249 quiescentes
2730 4178 2806 4231 ita
2833 4177 3166 4246 compellare
3210 4184 3630 4229 consueverant.

2186 4364 2280 4419 Vl.
2315 4362 2591 4420 Hactenus
2624 4360 2898 4433 Euthymii
2926 4359 3116 4415 laudes
3152 4356 3430 4428 prosecuti
3485 4368 3704 4419 sumus,

2120 4461 2214 4514 sed
2244 4455 2633 4526 faterioportet
2663 4453 2982 4509 Graecorum
3028 4450 3321 4509 schismati
3363 4446 3703 4503 adhaesisse:

2119 4551 2267 4623 quod
2288 4549 2636 4621 potissimum
2655 4554 2953 4604 constatex
2977 4545 3164 4601 libello
3182 4544 3270 4599 cui
3294 4543 3523 4597 titulus:
3551 4540 3709 4596 Κατὰ

2117 4643 2230 4698 τῶν
2282 4642 2383 4714 τῆς
2445 4643 2688 4707 παλαιᾶς
2729 4640 2975 4711 Ῥώμης,
3017 4641 3138 4710 ἦτοι
3180 4638 3291 4691 τῶν
3329 4636 3572 4698 Ἰταλῶν.
3624 4636 3709 4689 ὅτι

2121 4736 2223 4790 οὐκ
2261 4736 2327 4789 ὲκ
2370 4735 2469 4788 τοῦ
2518 4732 3075 4803 Υἱοῦ“ὲκπορεύεται
3136 4731 3197 4784 τὸ
3248 4730 3405 4798 ἅγιον
3459 4727 3705 4799 Πνεῦμα.

2121 4826 2384 4885 Adversus
2414 4826 2597 4880 Roma:
2636 4826 2827 4879 veleris
2859 4825 3020 4901 cives,
3053 4824 3159 4883 sire
3188 4822 3382 4887 Italos,
3436 4820 3576 4892 quod
3602 4837 3708 4875 non

2118 4920 2184 4975 ea:
2217 4917 2361 4973 Filio
2385 4918 2622 4989 procedit
2648 4915 2885 4987 Spirims
2917 4925 3159 4972 sanctus.
3192 4915 3304 4969 Leo
3331 4914 3566 4968 Allatius
3591 4913 3704 4983 (18)

2119 5012 2371 5084 pluribus
2402 5008 3175 5066 contenderatortbodoxiam
3230 5005 3509 5079 Euthymii
3545 5020 3703 5060 com-

2119 5106 2375 5176 probare,
2401 5102 2495 5157 sed
2523 5099 2819 5157 abJoanne
2840 5102 3088 5156 Auberto
3117 5101 3383 5165 monitus,
3416 5114 3476 5154 se
3505 5097 3707 5166 hujus-

2124 5198 2271 5254 modi
2315 5196 2561 5253 libellum
2598 5196 2654 5250 in
2682 5196 3021 5251 bibliotheca
3045 5193 3345 5250 Parisiensi
3402 5189 3703 5253 invenisse,

2124 5306 2233 5347 non
2264 5305 2388 5346 esse
2426 5288 2664 5361 amplius
2688 5288 2996 5346 defensioni
3032 5288 3213 5342 locum
3240 5284 3423 5339 fassus
3479 5288 3587 5335 est.
3644 5279 3703 5335 In

2118 5398 2239 5439 eam
2255 5383 2584 5439 sententiam
2615 5382 2851 5438 Allatius
2869 5377 3255 5440 descenderat,
3277 5373 3423 5444 quod
3443 5373 3496 5426 in
3552 5371 3705 5427 edita

2117 5474 2396 5547 Panoplize
2423 5475 2545 5531 Zini
2582 5476 2835 5532 versione
2861 5472 2996 5529 nihil
3019 5471 3303 5525 invenerat
3340 5466 3487 5537 quod
3513 5464 3705 5521 catho-

2225 5657 2309 5721 16)
2339 5656 2457 5712 Viti.
2479 5657 2693 5711 Annam
2724 5655 2988 5710 Comnen.
3008 5649 3538 5717 Alexiad.iib.xv,p.
3569 5650 3693 5706 157.

2225 5658 2309 5721 16)
2339 5658 2457 5712 Vill.
2479 5658 2693 5711 Annam
2724 5658 2988 5710 Comnen.
3008 5658 3538 5717 Alexiad.iib.xv,p.
3569 5658 3693 5706 157.

2191 5658 2215 5798 ἱ
2222 5726 2305 5798 17)
2345 5728 2409 5782 In
2439 5726 2666 5795 Prw/ut.
2686 5729 2757 5780 ad
2774 5725 3068 5780 Comment.
3095 5722 3367 5777 Eustathii
3397 5724 3453 5777 in
3475 5725 3695 5778 Homer.

2119 5797 2241 5871 pag.
2270 5800 2421 5871 16‘ct
2457 5797 2540 5871 17.

2187 5858 2297 5939 (l8)
2336 5868 2407 5920 De
2435 5870 2659 5937 ntriusq.
2701 5865 2903 5923 Eccles.
2944 5884 3181 5922 consciis.
3210 5865 3303 5922 lib.
3336 5865 3572 5935 Μίθρῃ.
3613 5858 3696 5924 to,

2116 5938 2236 6011 pag.
2274 5938 2402 5996 61⁸2,
