4146 6500
382 473 454 537 27

378 590 499 644 licaa
543 585 664 654 fidei
698 592 751 640 et
788 585 997 640 Latinae
1031 584 1288 642 Ecclesia:
1320 585 1750 652 adversaretur;
1781 587 1840 640 at:
1902 578 1964 638 in

381 680 570 734 codice
625 677 835 741 Graeco,
867 694 1031 748 quem
1085 693 1250 747 supra
1317 677 1684 742 laudavimus,
1717 663 1965 732 Michae-

384 773 450 827 lis
478 773 741 836 Eneman,
768 779 948 826 exstat
985 772 1174 825 titulus
1251 787 1375 833 xm,
1414 771 1508 841 qui
1549 786 1614 826 ex
1649 771 1845 828 Pbotio
1865 769 1964 826 dc-

386 873 610 935 cerptus
639 874 740 926 est,
774 873 1031 933 totusque
1071 873 1265 918 contra
1323 863 1604 918 Romanos
1654 865 1967 932 processio-

387 972 509 1011 nem
543 956 779 1026 Spiritus
813 957 987 1010 sancti
1014 972 1044 1012 a
1071 956 1231 1010 Patre
1247 965 1300 1009 et
1331 953 1467 1010 Filio
1492 963 1805 1012 asserentes
1827 970 1965 1009 con-

388 1049 649 1116 scriptus.
712 1046 952 1114 ldipsum
981 1047 1260 1101 invenitur
1294 1046 1350 1100 in
1386 1045 1493 1099 alio
1550 1044 1718 1100 etiam
1773 1044 1965 1098 codice

385 1153 489 1190 ms.
528 1136 823 1205 Panoplize,
857 1137 948 1205 qui
981 1145 1160 1191 exstat
1186 1137 1240 1190 in
1273 1136 1604 1191 bibliotheca
1637 1133 1804 1203 Regia
1860 1133 1964 1185 Pa-

390 1227 633 1293 risiensi,
665 1244 817 1282 num.
843 1227 972 1281 1251
997 1245 1012 1295 ;
1045 1236 1098 1281 et
1125 1228 1254 1282 hinc
1283 1237 1524 1293 constat,
1551 1228 1876 1297 prmdictum
1898 1223 1966 1278 li-

386 1319 588 1373 bellum
644 1320 776 1373 nihil
830 1336 952 1374 esse
1003 1319 1174 1385 aliud,
1203 1320 1306 1374 nisi
1357 1320 1578 1374 titulum
1628 1334 1723 1372 xm
1781 1317 1965 1370 Pano-

387 1410 512 1476 pliae
544 1411 838 1480 separatim
887 1411 1246 1478 descriptum,
1276 1417 1401 1464 tum
1437 1413 1492 1464 in
1527 1409 1746 1463 duobus
1815 1407 1968 1464 cedi-

389 1499 548 1552 cibus
586 1500 750 1568 regiis
785 1501 920 1569 (19),
976 1515 1209 1566 quorum
1268 1514 1414 1555 unus
1459 1498 1523 1553 ad
1571 1515 1768 1554 manus
1816 1495 1968 1552 venit

389 1589 638 1652 Auberti,
665 1601 776 1643 tum
811 1590 864 1644 in
927 1592 1101 1646 tribus
1157 1590 1439 1646 Vaticanis
1471 1590 1606 1659 (20),
1641 1589 1732 1659 qui
1776 1603 1967 1644 omnes

391 1680 669 1736 miscellas
693 1683 958 1749 quasdam
983 1683 1262 1738 variorum
1295 1690 1683 1752 excerptorum
1712 1681 1958 1752 comple-

392 1784 636 1830 ctuntur.
699 1774 812 1830 lloc
875 1775 1145 1848 Bigotium
1198 1777 1329 1830 olim
1385 1773 1843 1829 animadvertisse
1879 1781 1968 1828 te-

393 1877 573 1920 statur
603 1868 858 1936 epistola,
888 1884 1052 1938 quam
1108 1868 1161 1922 in
1220 1867 1559 1922 Bibliotheca
1615 1865 1804 1920 critica
1853 1864 1966 1934 (21)

393 1959 566 2014 edidit
604 1959 970 2030 Saingiorius.
1000 1959 1274 2013 Praeterea
1314 1961 1480 2012 alium
1515 1972 1732 2026 quoque
1758 1955 1970 2026 Euthy-

394 2052 489 2103 mii
523 2050 763 2105 libellum
798 2051 1064 2106 habemus
1095 2051 1148 2105 in
1184 2067 1286 2106 ms.
1314 2050 1503 2106 codice
1555 2048 1826 2105 Vaticano
1867 2047 1971 2101 Pa-

395 2144 569 2198 latino
596 2144 721 2208 361,
761 2145 816 2198 in
853 2161 961 2215 quo
997 2146 1088 2200 ille
1115 2145 1421 2208 contendit,
1474 2143 1750 2199 Christum
1776 2154 1974 2213 magna

394 2235 588 2304 quinta
639 2235 773 2290 feria
817 2252 940 2291 cum
976 2236 1265 2304 discipulis
1294 2235 1411 2292 suis
1447 2235 1616 2306 legale
1643 2234 1855 2289 Pascha
1879 2247 1972 2287 ce-

398 2328 684 2394 lehrasse;
739 2335 793 2384 et
816 2329 1318 2398 hincintelligitur,
1356 2341 1468 2382 non
1493 2329 1658 2382 modo
1693 2324 1974 2380 defensio-

396 2435 522 2474 nem
559 2423 869 2492 suscepisse
893 2438 1142 2478 errorum
1168 2421 1368 2485 Photii,
1397 2421 1494 2476 sed
1519 2421 1686 2475 etiam
1718 2432 1973 2474 errorum

399 2510 455 2564 in
487 2527 626 2579 quos
652 2513 844 2568 incidit
866 2513 1096 2568 Michael
1128 2513 1491 2569 Caerularius.
1529 2514 1613 2566 An
1643 2512 1731 2565 hic
1757 2525 1979 2580 quoque

399 2604 617 2658 libellus
651 2620 717 2658 ex
753 2605 1012 2671 PanOplia
1048 2614 1339 2674 excerptus
1371 2605 1467 2666 sit,
1504 2611 1654 2657 certo
1708 2600 1980 2655 aiiirmare

404 2711 515 2748 non
542 2697 742 2758 audeo,
777 2710 898 2749 cum
930 2698 1205 2766 integrum
1239 2694 1306 2749 ad
1362 2711 1561 2750 manus
1584 2710 1694 2750 non
1749 2695 1978 2748 habeam

403 2785 654 2842 Gra'eum
697 2796 904 2842 textum
937 2789 1231 2857 Panoplite.
1275 2788 1529 2843 Attamen
1569 2789 1643 2841 ita
1674 2801 1796 2841 esse
1818 2785 1984 2840 vehe-

403 2889 618 2934 menter
649 2881 900 2948 suspieor
951 2896 1015 2935 ex
1057 2894 1124 2934 eo
1187 2879 1334 2948 quod
1380 2880 1614 2949 scriptor
1672 2877 1898 2933 Graecus
1944 2891 1974 2930 a

405 2969 589 3025 Leone
615 2972 818 3027 Allatio
853 2971 966 3042 (22)
1005 2973 1204 3027 citatus
1237 2982 1446 3038 narrat,
1474 2972 1722 3025 Alexium
1750 2971 1985 3025 (Somne-

405 3079 534 3116 num
563 3062 842 3131 Zigabeno
873 3062 1183 3132 Joannique
1236 3061 1422 3116 Furno
1466 3063 1706 3132 jussisse
1747 3064 1812 3114 ὲκ
1842 3062 1980 3115 πάν-

405 3173 516 3209 των
543 3155 652 3208 τῶν
684 3155 844 3208 Θεὶων
893 3155 1093 3226 βίϐλων
1139 3155 1338 3223 λόγους
1405 3153 1790 3226 ἐρανισάμενοι
1839 3154 1984 3208 κατὰ

404 3247 516 3301 τῶν
539 3248 804 3318 αἱρέσεων
836 3248 935 3319 τὴν
957 3249 1294 3319 δσγματικὴν
1315 3249 1627 3303 Πανοπλίαν
1653 3247 1982 3312 συνέταξανο

408 3342 504 3392 καὶ
523 3342 646 3394 κατ’
677 3341 857 3395 αὐτῶν
890 3341 953 3411 δὴ
995 3342 1218 3395 Ἰταλῶν
1245 3343 1331 3396 διὰ
1362 3341 1460 3412 τὴν
1517 3341 1839 3412 προσθήκην
1891 3340 1986 3394 τοῦ

410 3433 568 3499 ἁγίου
593 3433 874 3504 Συμϐόλου
899 3434 991 3487 κα).
1022 3434 1093 3486 τὰ
1122 3434 1328 3502 ἄζυμα,
1355 3445 1410 3488 ιιι
1433 3449 1498 3489 ex
1523 3435 1764 3490 omnibus
1797 3436 1988 3488 divinis

405 3525 806 3577 commentariis
873 3525 1161 3578 sententias
1221 3525 1522 3595 coiligentes
1552 3537 1738 3578 contra
1771 3525 1990 3579 (aereae:

412 3611 770 3679 dogmaticam
793 3609 1111 3677 Panopliam
1143 3625 1550 3681 componerent;
1585 3625 1632 3668 et
1663 3624 1850 3666 contra
1879 3630 1994 3667 eos-

411 3701 533 3756 dem
571 3702 739 3757 Italos
763 3713 975 3773 propter
998 3704 1324 3758 additionem
1346 3706 1399 3758 in
1434 3724 1591 3759 sacro
1657 3704 1910 3775 Symbolo
1943 3716 1992 3760 et

417 3813 631 3866 azyma.
667 3796 822 3862 Quod
853 3799 898 3852 si
927 3796 995 3853 de
1020 3800 1232 3868 azymis
1261 3798 1590 3870 Euthymius
1623 3801 1678 3852 in
1731 3798 1995 3868 Panoplia

418 3889 664 3958 scripsit,
697 3887 903 3944 frustra
935 3905 1066 3944 sane
1089 3890 1201 3945 Leo
1228 3891 1464 3948 Allatius
1492 3891 1606 3959 (25)
1647 3892 1888 3946 asseruit
1929 3906 1998 3945 ex

422 3981 528 4034 hoc
555 3980 735 4050 capite
769 3982 974 4035 erroris
1014 3981 1166 4050 argui
1242 3981 1592 4052 Euthymium
1650 3997 1758 4034 non
1814 3996 1998 4050 posse,

420 4076 549 4144 quia
573 4073 927 4142 adiaphoram
947 4075 1305 4143 quaestionem
1332 4069 1658 4142 prosecutus
1681 4081 1849 4128 esset.
1865 4072 2001 4128 Cum

421 4167 569 4220 enim
602 4164 920 4234 Panopliam
949 4165 1017 4220 ad
1038 4164 1405 4219 conl‘utandas
1426 4165 1709 4219 haereticas
1743 4164 2004 4235 quaestio-

420 4277 522 4317 nes
563 4259 896 4323 exaraverit,
929 4259 1224 4315 manifesto
1253 4262 1440 4315 statim
1480 4261 1635 4328 argui
1665 4267 1871 4329 potest,
1895 4258 2001 4312 La-

417 4351 666 4405 rtinorum
707 4349 1063 4415 sententiam,
1099 4357 1152 4404 et
1177 4349 1340 4404 ritum
1375 4349 1450 4403 ita
1507 4365 1879 4420 oppugnasse,
1943 4357 2004 4403 ut

419 4442 574 4496 illam
598 4441 874 4497 haereseos
914 4441 1337 4506 insimulaverit,
1369 4451 1423 4494 et
1483 4440 1627 4494 hunc
1673 4440 1836 4493 modo
1890 4454 1999 4494 non

419 4535 708 4601 illicitum,
739 4535 837 4590 sed
872 4533 1040 4588 etiam
1079 4533 1160 4588 uti
1198 4532 1500 4586 invalidum
1531 4540 1585 4585 et
1618 4531 1828 4585 nullum
1861 4530 2004 4599 reje-

416 4627 607 4692 cerit;
639 4627 694 4680 in
725 4641 836 4696 quo
871 4625 1144 4694 praecipue
1211 4623 1443 4678 Michael
1479 4622 1813 4678 Caerularius
1856 4621 2008 4692 ejus-

419 4731 535 4783 que
565 4724 916 4771 sectatoresa
943 4724 1095 4770 recta
1127 4714 1230 4770 iide
1261 4713 1612 4779 aberrabam,
1655 4721 1709 4766 et
1732 4713 1803 4768 ob
1841 4727 2006 4782 quam

423 4808 779 4880 potissimum
806 4822 1025 4864 causam
1056 4821 1152 4863 eos
1177 4805 1288 4862 Leo
1326 4802 1402 4859 IX
1429 4804 1681 4862 Pontifex
1734 4804 2010 4862 refutave-

424 4909 516 4956 πει
569 4907 737 4969 atque
772 4898 1171 4954 damnaverat.
1426 4881 1430 4885 ⁴

500 5040 618 5096 V11.
648 5039 769 5095 Jam
797 5054 952 5105 vero,
980 5047 1043 5094 ut
1065 5038 1132 5094 ad
1161 5035 1516 5109 opusculum,
1540 5035 1685 5105 quod
1713 5037 1873 5090 modo
1895 5035 2016 5088 vul-

427 5133 674 5203 gandum
710 5133 1123 5204 est,'proprius‘
1153 5129 1442 5195 accedam,
1478 5126 1803 5198 Euthymius
1820 5136 2014 5182 contra

511 5363 624 5431 (19)
647 5361 785 5418 Cod.
823 5362 984 5424 137i,
1008 5377 1063 5417 n.
1092 5361 1185 5424 21,
1221 5367 1276 5414 et
1301 5359 1438 5431 Cod.
1483 5358 1648 5431 2782,
1683 5355 1922 5431 num.__5.

513 5427 626 5503 (20)
664 5433 800 5488 Cod.
836 5432 960 5491 579.
1001 5448 1126 5503 pag.
1158 5431 1310 5496 189.,
1332 5430 1470 5485 Cod.
1497 5430 1624 5496 680,
1641 5443 1766 5498 pag.
1787 5427 1915 5490 458,
1963 5433 2020 5479 et

442 5505 584 5561 Cod.
628 5505 753 5567 ιιι,
791 5504 1065 5572 pag.199.

516 5574 630 5642 (211
672 5570 830 5628 Tom.
856 5571 943 5637 111,
976 5589 1096 5641 cap.
1128 5572 1220 5636 21,
1247 5587 1370 5642 pag.
1407 5570 1496 5625 97.

514 5634 631 5715 (22)
658 5643 730 5715 De
751 5634 1027 5715 utriusque
1047 5634 1262 5698 Εοειεὲξ
1279 5634 1520 5697 εόηδεηε.
1546 5639 1646 5706 lib,
1670 5652 1750 5705 xt,
1777 5651 1900 5706 cap.
1929 5634 2018 5700 10,

445 5714 735 5788 93%;“?-

521 5785 633 5854 (23)
665 5784 738 5854 De
762 5801 1030 5849 consens.,
1053 5800 1108 5854 ιι.
1139 5784 1265 5839 462.

525 5849 639 5924 (21)
683 5853 925 5925 Insignia
975 5849 1218 5908 itinerar.
1255 5854 1432 5910 Italic.
1478 5868 1603 5924 pag.
1642 5849 1744 5908 106
1774 5857 1828 5907 et
1865 5862 2019 5917 seqq.

527 5923 643 6002 (25)
667 5923 824 5982 Tom.
856 5923 945 5994 ili,
971 5942 1094 5998 pag.
1132 5925 1224 5982 71.

1707 462 2268 532 PROIJLJO‘JENA

3558 462 3630 523 28

2067 581 2376 653 Bogomilos
2419 584 2552 638 illud
2582 581 2936 638 concinnavit
2964 593 3195 650 quorum
3253 575 3504 631 han'esim
3528 578 3634 629 alio

2058 691 2282 746 quoque
2319 677 2587 747 singulari
2620 675 2890 745 opusculo
2953 674 3257 728 insectatus
3318 680 3424 730 est,
3487 671 3631 736 quod

2055 767 2332 840 integrum
2367 767 2556 823 Graece
2585 778 2640 822 et
2683 764 2878 820 Latine
2922 762 3269 828 eruditisque
3333 759 3479 812 notis
3535 773 3635 808 au-

2060 867 2208 917 ctum
2232 869 2286 916 et
2319 860 2654 915 illustratum
2691 875 2755 912 ex
2781 856 2973 912 codice
2999 849 3418 906 Vindobonensi
3443 850 3498 901 in
3525 863 3635 915 quo

2060 955 2214 1009 velut
2262 953 2532 1024 appendix
2587 950 2860 1019 Panopliaa
2916 948 3140 1018 legitur,
3183 943 3356 998 edidit
3397 941 3639 994 Jacobus

2062 1047 2272 1102 Tollius
2310 1046 2452 1117 (21).
2493 1044 2828 1114 Inscriptum
2861 1050 2978 1098 est:
3020 1038 3281 1103 Victoria,
3313 1051 3410 1090 seu
3448 1035 3644 1086 trium-

2061 1139 2194 1208 phus
2225 1139 2290 1193 de
2317 1138 2481 1206 impia
2523 1136 2974 1191 Massalianorum
2999 1141 3165 1194 secta,
3203 1129 3328 1198 quia
3361 1128 3414 1179 in
3440 1142 3506 1180 eo
3531 1139 3640 1178 non

2066 1232 2347 1287 rationum
2379 1230 2676 1286 momentis
2710 1227 3121 1299 Bogomilorum
3177 1236 3396 1278 errores
3460 1219 3647 1272 discu-

2065 1325 2282 1380 tiuntur
2322 1340 2386 1379 ac
2414 1323 2745 1385 refutantur,
2780 1322 2874 1378 sed
2903 1319 3129 1389 singuli,
3152 1317 3230 1371 uti
3257 1315 3370 1386 jam
3401 1310 3646 1374 refutati,

2069 1416 2629 1470 anathematizantur.
2663 1415 2927 1468 Codicem
2968 1411 3122 1466 illum
3156 1407 3644 1464 Vindobonensem

2064 1504 2176 1575 jam
2205 1504 2575 1575 descripserat
2595 1503 2920 1559 Lambecius
2947 1501 3085 1571 (25),
3113 1510 3168 1555 et
3187 1495 3504 1566 speciminis
3527 1493 3652 1546 loco

2068 1601 2284 1669 primos
2344 1608 2459 1656 tres
2526 1595 3020 1652 anathematismos
3075 1592 3417 1661 vulgaverat.
3503 1584 3651 1638 Idem

2071 1690 2403 1747 Lambecius
2429 1690 2545 1759 (26)
2577 1704 2680 1744 nos
2710 1688 2872 1744 docet
2915 1687 2970 1740 in
3004 1685 3346 1740 bibliotheca
3373 1679 3654 1734 Vindobo-

2077 1780 2234 1838 nensi
2289 1781 2504 1850 aliquas
2570 1780 2737 1834 etiam
2800 1777 3101 1848 reperiisse
3161 1773 3427 1843 epistolas
3463 1777 3656 1825 contra
3745 1793 3764 1810 ι

2073 1873 2560 1945 Phundagiagitas,
2589 1889 2685 1928 seu
2713 1872 3026 1943 Bogomilos
3041 1868 3406 1941 conscriptas,
3428 1865 3659 1919 missas—

2072 1981 2178 2036 que
2200 1981 2229 2019 a
2257 1967 2589 2022 monasterio
2624 1966 2943 2033 Peribleptzc
2969 1965 3022 2017 in
3053 1961 3286 2032 patriam
3315 1974 3495 2021 suam,
3520 1973 3660 2024 qua-

2077 2073 2196 2110 rum
2225 2058 2580 2127 epigraphem
2615 2057 2824 2111 Tollius
2858 2055 3047 2110 Grzece
3079 2056 3276 2108 recitat
3313 2066 3438 2108 cum
3467 2051 3661 2105 Latina

2075 2131 2348 2213 versione,
2397 2150 2449 2202 in
2498 2163 2608 2218 qua
2658 2149 2826 2203 verba
2885 2147 2983 2216 τῆς
3031 2145 3203 2217 μονῆς
3247 2145 3349 2214 τῆς
3403 2143 3666 2212 Περιϐλέ-

2078 2258 2215 2294 mou
2249 2239 2481 2294 illustris
2516 2238 2744 2294 cwuobii
2775 2238 2967 2293 Latine
2996 2237 3238 2292 reddidit
3265 2253 3281 2299 ;
3310 2234 3406 2290 sed
3454 2235 3664 2289 rectius

2078 2348 2211 2400 sane
2243 2330 2570 2386 reddidisset
2602 2329 2821 2384 emnobii
2864 2327 3197 2397 Peribleptte,
3222 2329 3368 2380 hanc
3421 2326 3667 2380 Graecam

2077 2439 2265 2478 vocem
2283 2423 2544 2477 intactam
2568 2421 2906 2492 relinquens,
2929 2421 3054 2490 quia
3079 2427 3162 2474 est
3179 2419 3345 2474 veluti
3364 2432 3666 2488 cognomen

2080 2517 2230 2571 illius
2273 2515 2533 2577 emnobii,
2575 2529 2688 2583 quo
2752 2515 3050 2569 utebantur
3107 2523 3368 2581 tanquam
3425 2510 3670 2579 epitheto

2083 2604 2328 2674 Virginis
2353 2604 2623 2674 Deiparaa,
2648 2605 2737 2660 cui
2767 2603 3082 2660 cmuobium
3111 2603 3218 2658 hoc
3271 2609 3390 2657 erat
3445 2601 3669 2655 dedica-

2084 2702 2222 2756 tum,
2254 2701 2312 2747 ut
2343 2692 2411 2746 ab
2437 2692 2560 2745 aliis
2589 2707 2710 2759 qum
2736 2701 2898 2745 erant
2950 2689 3457 2757 Constantinopoli,
3480 2703 3673 2743 emno-

2084 2785 2190 2840 biis
2221 2799 2284 2838 ac
2302 2783 2516 2852 templis
2544 2783 2981 2852 cidemDeiparaa
3009 2782 3184 2837 sacris
3215 2780 3672 2848 distingueretur.

2154 2917 2294 2974 Vill.
2327 2919 2427 2984 Qui
2455 2918 2659 2973 fuerint
2682 2919 3093 2987 Bogomilorum
3120 2933 3364 2982 errores,
3400 2931 3663 2971 necessa-
3699 2917 3704 2922 ’

2085 3012 2228 3066 rium
2295 3028 2404 3067 non
2461 3005 2541 3067 e'st
2604 3011 2693 3066 hic
2755 3027 3054 3080 exponere,
3089 3011 3351 3079 quoniam
3378 3011 3462 3063 vel
3501 3025 3566 3063 ex
3600 3009 3670 3066 iis

2089 3105 2289 3165 solum.
2317 3118 2439 3172 quae
2460 3103 2514 3157 in
2545 3103 2649 3157 hoc
2675 3103 2859 3157 libello
2890 3108 3079 3156 narrat
3127 3101 3478 3171 Euthymius,
3533 3103 3673 3156 satis

2090 3197 2470 3252 innotescunt.
2530 3195 2968 3265 Appellabantur
3027 3201 3212 3248 autem
3284 3193 3550 3263 Bogomili
3609 3208 3676 3247 ex

2090 3304 2222 3341 voce
2263 3287 2391 3358 Bog,
2423 3302 2546 3358 qua
2579 3287 2938 3358 Bulgarorum
2968 3287 3157 3357 lingua
3185 3285 3459 3357 significat
3488 3285 3676 3350 Deum,

2092 3388 2145 3434 et
2175 3395 2308 3434 voce
2343 3379 2551 3444 aniilui,
2583 3393 2692 3448 quo
2716 3378 2888 3432 verbo
2919 3376 3060 3446 apud
3093 3377 3316 3432 eosdem
3343 3374 3674 3443 exprimitur

2094 3476 2361 3536 miserere,
2417 3472 2574 3542 quasi
2614 3471 2692 3525 illi
2737 3479 2923 3526 essent
2955 3469 3050 3538 qui
3104 3468 3197 3521 Dei
3235 3467 3675 3523 misericordiam

2095 3564 2465 3632 implorabant
2498 3562 2636 3634 (27).
2676 3561 2842 3616 Iidem
2870 3558 3140 3628 Bogomili
3172 3557 3307 3612 dicti
3337 3566 3468 3611 sunt
3503 3555 3671 3608 etiam

2097 3654 2510 3725 Phundagialae.
2569 3653 2653 3708 vel
2712 3651 3039 3705 Phundaita‘.
3096 3665 3162 3704 ex
3217 3664 3304 3713 eo,
3364 3656 3424 3701 ut
3456 3646 3686 3713 eonjicit

2097 3747 2400 3801 Cotelerius
2466 3745 2619 3813 (28),
2671 3743 2819 3815 quod
2891 3743 3167 3811 marsupia
3225 3739 3292 3794 ad
3348 3737 3687 3807 colligendas

2102 3841 2485 3908 eleemosynas
2533 3839 2833 3906 gerebant:
2865 3835 3070 3904 φοῦνδα
3099 3833 3248 3887 enim
3283 3832 3426 3903 apud
3461 3830 3686 3885 Graacos

2102 3933 2374 4002 sequioris
2423 3931 2522 3984 aevi
2556 3931 2857 3998 scriptores
2897 3942 2998 3997 pro
3050 3925 3335 3994 marsupio
3384 3923 3686 3978 indicando

2104 4026 2400 4095 reperitur.
2431 4024 2705 4078 Praeterea
2752 4021 2879 4076 aliis
2914 4020 3080 4076 etiam
3126 4018 3446 4073 nominibus
3483 4015 3690 4070 distin—

2106 4117 2442 4187 guebantur,
2484 4127 2613 4167 nam
2643 4119 2699 4168 et
2735 4110 3080 4172 Massaliani,
3110 4116 3166 4164 et
3202 4107 3474 4171 Euchitae,
3499 4114 3552 4160 et
3581 4102 3696 4158 En-

2107 4209 2413 4271 thusiastae,
2451 4213 2506 4261 et
2540 4205 2861 4268 Encratltze,
2896 4212 2952 4259 et
2977 4201 3322 4257 Marcionita
3345 4198 3693 4260 dicebantur,

2108 4310 2174 4356 ut
2202 4316 2268 4356 ex
2291 4300 2481 4353 eodem
2517 4295 2813 4367 Euthymio
2843 4301 3059 4350 constat
3091 4311 3104 4346 :
3137 4307 3258 4362 quae
3291 4290 3474 4344 omnia
3516 4289 3695 4358 Bogo-

2112 4394 2369 4448 milorum
2431 4390 2656 4445 nomina
2707 4387 2922 4458 prolixe
2958 4385 3253 4441 admodum
3307 4389 3361 4436 et
3395 4379 3612 4436 erudite
3642 4379 3696 4432 in

2113 4483 2566 4542 adnotationibus
2589 4481 2708 4536 suis
2748 4479 2961 4534 Tollius
2997 4477 3116 4548 (29)
3153 4474 3431 4545 exposuit.
3485 4472 3554 4526 At
3585 4484 3698 4540 pra:

2112 4578 2325 4634 caeteris
2366 4582 2560 4629 notatu
2598 4571 2826 4642 dignum
2859 4579 2949 4625 est
2996 4583 3237 4631 nomen,
3289 4564 3439 4636 quod
3490 4563 3700 4632 Euthy-

2115 4671 2262 4726 mius
2297 4670 2350 4724 in
2379 4668 2484 4722 hoc
2553 4665 2827 4736 epusculo
2859 4662 3061 4717 asserit
3108 4658 3426 4728 Bogomilos
3451 4655 3557 4712 sibi
3603 4655 3703 4709 tri-

2115 4763 2326 4826 buisse,
2391 4775 2586 4829 nempe
2639 4756 3075 4824 Christopolitas,
3109 4769 3206 4810 seu
3267 4750 3467 4808 Christi
3523 4749 3702 4809 cives;

2122 4855 2230 4910 hoc
2255 4855 2403 4910 enim
2439 4851 2683 4913 nomine.
2716 4865 2828 4919 quo
2859 4847 3154 4919 specialem
3199 4858 3328 4914 erga
3377 4858 3472 4898 eos
3495 4838 3701 4897 Christi

2121 4943 2472 5000 dilectionem
2530 4941 2910 5008 ostentabant,
2966 4935 3233 5008 appellari
3258 4931 3599 5005 gaudebant,
3641 4935 3703 4982 ut

2122 5036 2341 5091 facilius
2404 5007 2773 5102 simpliciores
2811 5030 2868 5086 in
2901 5007 3097 5084 eorum
3137 5039 3356 5082 errores
3415 5020 3704 5093 pertrahe-

2123 5133 2248 5182 rent
2279 5124 2414 5194 (50).
2449 5122 2629 5193 Atque.
2669 5120 2918 5177 eamdem
2945 5119 3111 5173 etiam
3138 5117 3210 5172 ob
3255 5128 3483 5171 causam
3517 5126 3709 5167 mona-

2196 5352 2467 5423 (26)Τοιιι.
2503 5353 2567 5414 ν,
2597 5367 2698 5423 pag
2746 5351 2838 5417 58,
2874 5349 3159 5423 127,131.
3357 5415 3396 5423 _
3510 5413 3522 5423 ε
3649 5411 3661 5423 θ

2191 5413 2306 5495 (27)
2337 5413 2923 5495 Υιάηοὶςρῖωξιιὶειη
2979 5418 3316 5495 Stephanum
3357 5413 3703 5495 yprgiam’in

2122 5482 2417 5551 Comment.
2455 5494 2519 5547 de
2548 5493 2717 5547 Cruce
2767 5492 2937 5546 Valic.
2963 5482 3092 5558 cap:
3125 5489 3175 5548 7,
3206 5503 3328 5558 pag.
3357 5484 3447 5558 79.
3483 5482 3705 5550 'adn.(b)

2124 5567 2287 5691 6(28
2336 5564 2392 5617 In
2446 5567 2592 5618 notis
2643 5564 2708 5617 ad
2755 5577 2880 5632 pag.
2915 5555 3044 5623 144,
3098 5555 3231 5613 tom.
3276 5557 3318 5622 1,
3372 5555 3706 5608 Monumeut.

2173 5653 2300 5691 nec.

2173 5653 2300 5691 νωσ.

2205 5704 2318 5778 (29)
2353 5704 2595 5778 Insignia
2634 5704 2811 5778 itiner.
2842 5700 2974 5778 ιιαι.
3014 5715 3135 5771 pag.
3169 5699 3290 5762 110,
3323 5703 3389 5778 ρι’
3416 5710 3568 5764 seqq.

2205 5767 2318 5847 (30".
2352 5767 2591 5847 Consule
2613 5767 3044 5847 adnotationem,
3080 5767 3258 5847 quam
3272 5769 3338 5822 ad
3378 5767 3480 5822 hoc
3513 5776 3711 5820 nomen

2134 5832 2394 5920 apposuit
2423 5832 2655 5910 Tollius,
2690 5859 2812 5915 pag.
2846 5841 2972 5910 122,
3006 5832 3158 5896 num.
3197 5838 3283 5894 12.
