4146 6424
396 404 471 470 29
1735 426 2326 488 PROLEGOMENA.
3585 432 3659 491 30

397 525 592 580 sticam
629 522 795 578 vitam
828 525 1256 593 proﬁtebantur,
1291 536 1610 606 tantamque
1662 539 1976 593 sanctitatis

397 617 633 683 speciem
659 617 907 672 exterius
936 618 1292 683 simulabant,
1331 633 1390 680 ut
1428 631 1587 697 quasi
1639 632 1821 685 omnis
1851 647 1976 699 per-

396 706 652 760 fectionis
683 706 927 762 cultores
951 707 1288 764 viderentur.
1319 709 1468 769 lianc
1506 734 1696 774 eorum
1734 721 1856 773 vita!
1885 736 1976 772 ra-

397 801 603 852 tionem
659 798 724 852 ad
782 800 969 854 vivmn
1011 811 1066 855 et
1125 803 1403 873 eleganter
1436 807 1704 864 describit
1759 814 1976 866 oculata

399 890 564 942 testis
612 888 765 943 Anna
836 889 1116 945 Comnena
1182 892 1315 964 (3|),
1358 899 1520 970 cujus
1565 911 1749 958 tamen
1811 904 1976 958 verba

397 981 565 1033 modo
587 981 675 1036 hic
713 982 913 1036 aﬂ'erre
949 999 1055 1038 non
1091 995 1272 1041 vacat.

475 1071 562 1124 lX.
593 1073 987 1140 lnquirendnm
1015 1078 1304 1147 estpotius
1345 1083 1618 1148 quomodo
1667 1083 1830 1152 impia
1877 1083 1979 1138 Bo~

398 1167 729 1232 gomilorum
787 1169 1040 1236 dogmata
1097 1170 1415 1243 Pcriblepue
1448 1177 1980 1232 iuouachosinfece-

397 1258 532 1310 rint.
577 1259 839 1328 Equidem
895 1263 948 1314 in
986 1277 1046 1316 ea
1074 1279 1195 1319 sum
1233 1267 1528 1329 sententia,
1578 1268 1894 1338 Bogomilos
1922 1270 1976 1324 in

397 1367 572 1402 unum
601 1352 875 1419 quoddam
935 1355 1220 1425 collegium
1281 1359 1573 1422 c0aluissc,
1624 1362 1674 1416 in
1702 1379 1827 1431 -quo
1861 1379 1980 1417 m0-

397 1445 675 1497 nasticum
737 1446 862 1499 vita:
933 1447 1246 1504 institutum
1326 1452 1568 1520 proﬁteri
1626 1455 1974 1512 simularent.

395 1535 638 1590 Causam
671 1553 772 1591 cur
808 1539 882 1591 ita
943 1543 1293 1597 sentiendum
1319 1547 1576 1616 suspicor
1608 1548 1810 1616 praibet
1841 1549 1976 1602 mihi

397 1629 639 1695 prinmm
668 1630 1184 1702 Christopolitarnm
1228 1653 1446 1702 nonnen,
1480 1639 1626 1708 quod
1667 1655 1855 1695 eorum
1885 1656 1978 1696 so-

396 1719 589 1773 cielati
645 1722 929 1791 fecerunt;
979 1743 1041 1780 ae.
1098 1729 1299 1784 deinde
1342 1732 1511 1785 Anna!
1543 1733 1974 1805 Comuena:(52)

396 1813 669 1877 narratio,
728 1817 1024 1873 scribentis
1087 1819 1351 1875 Basilium
1399 1839 1548 1878 novae
1603 1825 1767 1890 huius
1811 1835 1976 1882 secta:

397 1913 684 1996 auctorem
740 1905 1032 1963 duodecim
1087 1911 1188 1966 sibi
1243 1912 1550 1984 discipulos
1609 1917 1972 1985 adjunxisse,

396 2009 539 2062 quos
562 2003 616 2048 et
638 1999 940 2064 apostolos,
975 2002 1040 2054 all
1071 2001 1300 2058 Manetis
1345 2007 1682 2076 exemplum,
1719 2009 1976 2062 nomina-

396 2093 576 2138 verat.
611 2085 687 2140 Ex
712 2089 815 2143 hac
885 2091 1033 2146 enim
1084 2096 1401 2151 narratione
1435 2099 1622 2152 statim
1655 2099 1806 2154 subit
1853 2102 1972 2169 opi-

397 2179 515 2240 nio.
538 2194 634 2234 eos
657 2196 764 2236 non
797 2197 1144 2240 communem
1172 2202 1297 2242 cum
1325 2189 1450 2244 aliis
1483 2189 1769 2246 monachis
1807 2191 1973 2244 vitam

399 2273 603 2342 egisse,
635 2275 726 2328 sed
765 2275 906 2330 inter
941 2293 1001 2331 se
1035 2285 1250 2332 tantum
1282 2281 1474 2336 iniisse
1505 2283 1863 2346 societatem;
1911 2299 1976 2338 eo

401 2365 580 2433 magis
641 2368 786 2436 quod
839 2371 1108 2438 quasdam
1147 2374 1309 2438 etiau)
1357 2373 1662 2444 discipulas
1706 2376 1774 2431 iis
1803 2375 1977 2431 fuisse

401 2456 676 2515 immistas
710 2461 780 2516 ab
814 2462 1003 2517 eadem
1059 2463 1210 2520 Anna
1257 2465 1578 2522 aﬁirmatur.
1618 2469 1687 2522 At
1717 2484 1841 2523 vero
1877 2484 1976 2538 pa-

403 2549 603 2605 tefacta
635 2552 854 2606 demum
884 2553 1288 2622 Bogomilorum
1342 2560 1536 2615 liarresi
1579 2576 1642 2614 ac
1675 2561 1975 2632 hypocrisi,

401 2653 456 2698 ct
495 2642 718 2710 Basilio,
754 2646 914 2714 jussu
961 2647 1138 2702 Alexii
1175 2649 1464 2717 Comneni,
1511 2653 1564 2707 in
1601 2653 1977 2722 llippodromo

401 2737 566 2807 regire
624 2739 776 2793 urbis
821 2751 1039 2806 exusto,
1095 2743 1259 2813 impia
1292 2745 1406 2799 hrcc
1440 2747 1678 2802 societas
1709 2747 1977 2803 dissoluta

401 2840 486 2884 cst
521 2845 586 2885 ac
609 2830 876 2899 dispersa,
909 2834 1140 2904 ejusque
1174 2852 1391 2893 errores
1425 2839 1692 2896 damnati.
1721 2844 1976 2899 Attamen

403 2923 568 2976 sicuti
588 2924 836 2990 quotidie
863 2927 1158 2982 usuvenire
1176 2931 1575 2998 conspicimus.
1605 2945 1661 2987 ut
1685 2934 1730 2988 si
1756 2937 1979 3004 quando

402 3028 562 3067 error
590 3015 785 3090 aliquis
823 3021 990 3070 menti
1022 3019 1327 3088 cujuspiam
1366 3023 1646 3088 insederit,
1680 3042 1785 3080 non
1822 3027 1979 3082 facile

404 3106 625 3161 animus
657 3107 724 3160 ab
755 3123 821 3162 eo
854 3110 1188 3172 retrahitur,
1216 3112 1289 3166 ita
1325 3112 1392 3168 de
1423 3112 1717 3186 Bogomilis
1761 3119 1977 3174 accidit.

403 3194 540 3252 Nam
575 3214 667 3252 sex
714 3207 767 3253 et
795 3199 987 3268 viginti
1022 3215 1192 3256 annos
1239 3211 1528 3273 postquam
1561 3221 1750 3260 eorum
1806 3209 1980 3264 haere-

402 3289 484 3342 sis
516 3289 774 3344 damnata
805 3291 1006 3355 fuerat,
1040 3292 1218 3362 Nipho
1246 3296 1466 3366 quidam
1495 3301 1802 3356 monachus
1826 3302 1974 3356 illam

403 3395 602 3436 rursus
643 3383 903 3437 innovare
931 3384 1043 3452 jam
1075 3393 1341 3456 cmperat,
1379 3403 1488 3442 non
1523 3391 1711 3459 paucis
1741 3393 1792 3446 in
1823 3409 1980 3448 suam

403 3475 734 3530 sententiam
767 3477 1078 3545 pertractis.
1111 3477 1270 3544 Quod
1300 3469 1443 3534 'cmu
1470 3482 1710 3537 delatum
1741 3497 1888 3540 esset
1913 3487 1980 3540 ad

402 3561 708 3618 Hannelem
769 3567 1104 3619 Comnenum
1140 3606 1158 3634 ,
1195 3569 1371 3622 Alexii
1437 3571 1457 3624 1
1504 3589 1570 3625 ex
1624 3571 1732 3626 ﬁlio
1773 3573 1983 3631 Joanne

405 3663 686 3724 nepotem,
721 3657 812 3725 qui
862 3666 993 3712 tunc
1039 3659 1366 3728 imperabat,
1401 3662 1670 3732 synodum
1705 3664 1978 3721 Constan-

403 3747 631 3816 tinopoli
695 3748 812 3818 cogi
871 3747 1060 3817 jussit,
1093 3758 1150 3802 ut
1177 3749 1448 3820 Niphonis
1476 3767 1640 3806 causa
1675 3755 1982 3810 discutere-

404 3848 517 3892 tur.
557 3837 896 3908 Congregata
925 3855 987 3893 ea
1021 3839 1261 3910 synodus
1292 3839 1397 3894 fuit
1435 3857 1580 3896 anno
1619 3843 1772 3904 ll“,
1803 3843 1981 3910 pridie

401 3927 534 3982 ldus
565 3925 841 3989 Octobris,
891 3928 944 3982 in
995 3928 1283 3984 Thomaite
1330 3944 1424 3984 Seu
1475 3931 1822 4001 patriarchali
1885 3933 1984 3986 tri-

402 4019 595 4080 clinio,
652 4017 982 4087 pra-sidente
1042 4017 1304 4073 Michaele
1332 4018 1491 4074 Oxita
1538 4023 1882 4091 patriarcha,
1917 4041 1982 4079 ac

402 4111 654 4180 .‘danuelc
707 4111 991 4165 Comneuo
1041 4111 1392 4181 imperatore,
1453 4114 1814 4185 pluribusque
1863 4119 1982 4186 cpi-

402 4202 590 4269 scapis
629 4210 681 4255 et
733 4202 1094 4268 optimatibus
1134 4204 1530 4269 assidentihus,
1585 4209 1676 4274 qui
1713 4209 1981 4262 accersito

405 4292 676 4362 Niphone,
724 4301 780 4348 et
829 4294 892 4348 de
947 4293 1069 4362 ejus
1125 4296 1416 4350 sententiis
1467 4298 1794 4366 perquisito,
1856 4315 1981 4353 cum

400 4385 548 4439 male
573 4402 696 4438 eum
737 4385 792 4439 in
850 4385 955 4440 ﬁde
1010 4387 1211 4441 sentire
1243 4387 1754 4455 deprehendissent,
1785 4389 1838 4443 in
1871 4405 1978 4444 mo-

401 4478 708 4532 nasterium
762 4478 1084 4548 Perihleptze
1138 4471 1357 4533 interim
1421 4481 1775 4550 relegandum
1845 4499 1979 4538 cen-

399 4585 586 4632 suere,
620 4579 902 4624 monentes
948 4570 1221 4632 abbatem,
1258 4578 1600 4641 cmterosque
1652 4577 1979 4640 monachos,

401 4664 463 4709 ut
489 4671 665 4724 neque
698 4655 800 4724 ipsi
835 4673 958 4710 cum
987 4672 1053 4711 eo
1097 4657 1564 4726 colloquerentur,
1598 4677 1776 4732 neque
1803 4664 1980 4725 cuivis

397 4757 557 4802 extra
593 4747 982 4802 monasterium
1015 4749 1227 4821 degenti
1270 4750 1338 4805 ad
1365 4769 1488 4806 eum
1529 4753 1712 4808 aditus
1749 4757 1982 4826 permit-

402 4847 601 4893 terent.
634 4840 738 4894 lies
772 4850 951 4894 tamen
989 4857 1098 4895 non
1127 4843 1294 4898 cessit
1321 4859 1386 4897 ex
1421 4854 1572 4900 voto.
1609 4845 1780 4915 Nipho
1809 4849 1980 4913 enim,

400 4942 619 4999 arrepta
643 4934 954 4998 occasiOne,
987 4949 1109 4987 cum
1133 4936 1468 5004 quibusdam
1501 4936 1826 5009 Peribleptm
1868 4959 1984 4996 mo-

400 5021 600 5076 nachis
623 5023 882 5091 paulatim
915 5025 1082 5093 cmpit
1134 5026 1428 5081 instituere
1458 5027 1757 5098 colloquia,
1787 5040 1840 5084 et
1870 5031 1982 5086 ha:-

399 5127 592 5167 reseos
623 5128 736 5167 suae
766 5113 917 5167 virus
949 5115 1028 5168 eis
1058 5116 1394 5185 propinare;
1421 5117 1492 5170 ob
1521 5133 1687 5187 quam
1744 5135 1970 5175 causam

396 5204 650 5272 ejusdem
672 5205 867 5276 synodi
891 5203 1102 5270 Patres,
1135 5223 1202 5262 ne
1241 5208 1413 5276 pestis
1445 5207 1533 5262 illa
1577 5210 1974 5264 monachorum

398 5305 619 5352 mentes
655 5300 996 5368 depasceret,
1055 5299 1358 5368 Niphonem
1401 5303 1741 5358 monasterio
1798 5313 1982 5358 extra-

393 5401 576 5453 cmm,
601 5405 664 5445 ac
685 5394 809 5462 igne
841 5398 896 5445 et
919 5407 1061 5461 aqua
1085 5393 1440 5448 interdictum
1467 5395 1681 5465 longius
1729 5399 1983 5453 exsulare

470 5569 588 5643 l5!)
624 5571 868 5643 Alexiad.
907 5571 1112 5643 libJV,
1149 5587 1271 5643 pag.
1303 5572 1428 5628 486.

472 5641 588 5707 βε)
628 5640 795 5705 lbid.,
834 5657 958 5710 pag,
983 5641 1105 5696 8n.

467 5712 691 5787 (3329:
713 5713 945 5780 utriusq.
986 5712 1185 5769 Eccles.
1214 5730 1453 5772 censeas.
1477 5715 1572 5770 lib.
1639 5732 1698 5781 ιι,
1730 5729 1850 5787 cap.
1892 5717 1974 5780 l2,

389 5797 522 5853 pag.
555 5781 679 5853 680.
696 5791 751 5838 et
773 5797 928 5853 seqq.

464 5852 582 5923 (Si)
615 5853 734 5909 για.
761 5852 974 5909 Annam
994 5855 1183 5910 Cnmn.
1211 5855 1455 5914 Alexiad.
1475 5857 1567 5916 lib.
1593 5875 1679 5923 xv,
1708 5873 1827 5929 pag.
1847 5858 1974 5916 487.

2079 549 2395 609 coegerunt.
2444 537 2746 607 Utrumque
2771 537 3034 609 synodale
3060 537 3364 601 decretum,
3396 555 3506 607 quo
3537 538 3655 595 hmc

2079 641 2197 686 acta
2232 631 2646 700 constitutaque
2673 629 2921 696 fuerunt,
2946 630 3136 685 Graece
3163 639 3218 683 et
3248 629 3440 683 Latine
3486 631 3657 684 edidit

2082 723 2190 777 Leo
2229 724 2464 777 Allatius
2492 725 2626 794 (53).
2651 722 3018 788 Quamobrem
3058 737 3165 776 non
3217 723 3373 784 male,
3414 731 3470 774 ut
3500 723 3653 776 arbi-

2079 825 2217 880 tror,
2251 816 2525 886 conjicere
2553 817 2677 884 quis
2707 815 2928 886 poterit,
2951 825 3062 868 tum
3092 815 3325 884 primum
3356 831 3418 868 ex
3451 813 3656 882 Nipha-

2080 910 2167 964 nis
2223 907 2625 964 consuetudine
2668 908 2937 976 quosdam
2988 907 3318 976 Pcrihlepla‘
3355 905 3656 961 monachos

2080 1000 2486 1070 Bogomilorum
2517 1015 2734 1056 errores
2761 1000 2930 1054 fuisse
2960 1008 3262 1069 amplexos.

2147 1093 2215 1150 Χ.
2249 1092 2498 1159 Quanam
2521 1109 2653 1148 vero
2683 1092 2898 1146 ratione
2923 1092 3254 1162 Euthymius
3296 1092 3494 1145 horum
3539 1107 3656 1144 mo-

2081 1185 2379 1241 nachorum
2407 1185 2730 1256 pravitatem
2775 1183 3071 1246 detexerit,
3097 1199 3402 1252 eorumque
3459 1183 3660 1237 delira-

2083 1285 2263 1331 menta
2314 1275 2594 1331 didicerit.
2629 1275 2742 1343 ipse
2787 1273 2840 1326 in
2888 1273 2995 1328 hoc
3021 1273 3210 1327 libello
3244 1273 3462 1339 longius
3486 1287 3656 1326 enar-

2082 1369 2312 1421 randum
2387 1367 2723 1437 aggreditur.
2777 1366 2955 1433 Atque
3017 1366 3107 1421 hic
3173 1365 3406 1420 adnotes
3474 1365 3660 1427 velim,

2077 1457 2458 1529 Euthymium,
2523 1466 2583 1512 ut
2627 1457 2824 1512 melius
2874 1473 2989 1511 rem
3049 1465 3216 1510 totam
3272 1463 3656 1525 cognosceret,

2080 1551 2350 1604 imitatum
2387 1549 2555 1604 fuisse
2579 1549 2830 1604 Alexium
2871 1549 3234 1615 Comnenum,
3272 1548 3364 1618 qui
3397 1547 3656 1602 Basiliqu

2079 1645 2309 1699 comiter
2339 1644 2394 1698 in
2436 1643 2638 1713 palatio
2675 1643 2890 1714 excepit
2915 1644 3182 1700 simulans
3209 1642 3362 1696 cordi
3396 1641 3498 1696 sibi
3533 1655 3659 1696 esse

2078 1736 2195 1806 ejus
2223 1736 2478 1806 dogmata
2529 1733 2794 1799 ediscere,
2855 1742 2915 1786 nt
2957 1733 3050 1788 ille
3083 1732 3383 1800 impietatis
3414 1745 3527 1784 sure
3563 1744 3657 1784 vo-

2081 1844 2283 1882 nenum
2329 1825 2700 1882 conﬁdentius
2749 1833 3030 1880 evomeret
3065 1825 3202 1894 (54).
3253 1823 3428 1877 Porro
3463 1821 3658 1890 pracci-

2080 1937 2250 1992 puum
2284 1921 2690 1990 Bogomilorum
2736 1919 2934 1989 dogma
2972 1926 3145 1974 totum
3202 1933 3266 1971 ex
3306 1915 3537 1969 Manetis
3563 1906 3686 1966 do?

2079 2013 2257 2067 ctrina
2283 2013 2631 2081 desumptum
2664 2020 2817 2076 erat;
2851 2011 2957 2062 duo
2991 2009 3135 2064 enim
3191 2008 3485 2078 principia,
3518 2021 3656 2073 quo-

2081 2121 2200 2158 rum
2232 2121 2399 2160 unum
2437 2111 2586 2158 esset
2642 2104 2871 2167 bonum,
2925 2101 3159 2155 alterum
3193 2099 3415 2164 malum,
3449 2107 3661 2152 astrue-

2079 2198 2234 2251 bant.
2267 2196 2603 2265 Principium
2650 2195 2854 2250 malum
2905 2193 2994 2247 Dei
3019 2187 3257 2248 'nominc
3297 2191 3657 2254 decorabant,

2082 2305 2146 2344 ac
2168 2289 2371 2342 divinis
2406 2287 2764 2357 percolebant
2795 2286 3117 2350 honoribus,
3161 2292 3219 2336 ut
3249 2283 3302 2336 in
3339 2283 3440 2336 hoc
3477 2282 3662 2337 libello
3727 2334 3730 2335 ν

2080 2381 2260 2436 innuit
2294 2380 2638 2451 Euthymius.
2667 2394 2731 2434 ac
2757 2378 3093 2432 luculentins
3125 2375 3359 2459 aliirmat
3387 2375 3440 2428 in
3472 2374 3653 2427 Pano-

2080 2471 2190 2540 plia
2241 2471 2377 2535 (55),
2442 2469 2532 2522 ubi
2575 2467 2754 2535 inquit
2807 2465 3119 2536 Bogomilos
3179 2463 3470 2516 damonem
3521 2461 3662 2515 Filio

2087 2561 2256 2615 Verbo
2327 2571 2458 2614 ιιαιιι
2517 2559 2820 2623 maiorem,
2870 2560 3422 2629 prmiantiaremque,
3482 2565 3667 2622 utpote

2085 2653 2538 2723 Primogenimm,
2587 2652 2914 2706 credidisse.
2959 2650 3202 2721 Insurgit
3245 2651 3334 2706 hic
3391 2649 3662 2704 adversus

2081 2744 2436 2815 Enthymium
2495 2743 2867 2798 Beausobrins
2930 2745 2984 2798 in
3037 2759 3158 2804 sua,
3213 2759 3378 2813 quam
3430 2742 3665 2810 digessn

2083 2835 2512 2891 .‘llanichzeorum
2544 2835 2775 2889 historia
2811 2834 2949 2904 (36),
3002 2835 3277 2903 nimisque
3317 2833 3666 2903 impudenter

2083 2927 2307 2989 asserit,
2335 2940 2460 2980 eum
2492 2925 2619 2980 dolo
2647 2925 2791 2979 malo
2833 2932 3038 2979 tantam
3068 2924 3372 2994 Bogomilis
3416 2923 3671 2992 impieta-

2088 3028 2198 3076 tem
2256 3019 2536 3074 tribuisse.
2591 3016 2804 3073 Nemini
2850 3019 3020 3081 enim,
3051 3026 3111 3072 ut
3165 3018 3280 3086 ipse
3323 3016 3525 3086 inquit,
3559 3015 3664 3069 erit

2085 3126 2434 3181 persuasum,
2485 3111 2858 3166 Christianam
2925 3118 3166 3174 sectam,
3214 3125 3338 3179 qum
3396 3108 3548 3163 cruci
3611 3117 3667 3162 ct

2086 3203 2418 3271 imaginibus
2449 3217 2667 3256 omnem
2710 3202 2918 3256 cultum
2954 3212 3218 3271 praastare
3241 3201 3526 3264 renuehat,
3560 3199 3664 3254 Sa-

2084 3308 2265 3349 tanam
2323 3293 2505 3348 Verbo
2561 3294 2992 3362 praestantiorem
3050 3293 3370 3350 credidisse.
3431 3296 3500 3345 At
3536 3308 3670 3346 vero

2085 3394 2260 3440 totum
2305 3383 2621 3439 Beausobrii
2652 3383 2936 3452 sophisma
2975 3383 3207 3447 corruit,
3239 3384 3284 3438 si
3317 3384 3666 3438 advertamns

2086 3477 2441 3542 Manichaeos,
2471 3491 2706 3545 quarum
2736 3491 2958 3542 germen
2995 3485 3152 3531 erant
3179 3475 3466 3547 Bogomili,
3490 3476 3669 3539 cruci,

2086 3567 2354 3632 Dcipat‘aa,
2406 3575 2460 3620 ct
2514 3565 2846 3637 imaginibus
2897 3565 3108 3620 cultum
3163 3565 3286 3620 ideo
3335 3566 3666 3636 denegasse,

2083 3660 2213 3728 quia
2269 3660 2422 3713 illum
2479 3667 2740 3727 tanquam
2787 3658 3158 3712 idololatriam
3216 3660 3384 3728 impie
3435 3675 3666 3728 respue-

2086 3753 2234 3806 bant.
2291 3752 2504 3808 Etenim
2562 3751 2832 3820 sacrilega
2894 3752 3010 3807 haec
3061 3761 3212 3807 secta
3271 3752 3549 3805 Christum
3600 3768 3665 3806 ex

2087 3842 2253 3896 Maria
2285 3841 2508 3912 Virgine
2540 3857 2640 3895 nec
2673 3842 2843 3912 gigni,
2889 3857 2990 3896 nec
3021 3843 3172 3912 nasci
3217 3843 3466 3911 potni~se
3525 3841 3673 3894 alii:-

2085 3935 2288 3997 mabat,
2333 3935 2460 4003 quia
2499 3934 2544 3987 si
2583 3948 2708 3987 vere
2730 3934 2971 4002 genitus,
3003 3941 3278 4001 natusque
3307 3934 3523 3996 fuisset,
3553 3949 3661 3987 non

2085 4024 2188 4077 nisi
2223 4039 2318 4092 per
2338 4023 2555 4078 Satanae
2587 4023 2805 4075 vincula
2843 4022 2996 4076 carni
3031 4023 3226 4091 illigari
3257 4023 3549 4090 potuisset.
3587 4023 3668 4076 Ex

2084 4128 2192 4181 quo
2221 4112 2411 4167 eodem
2469 4111 2746 4180 principio
2808 4109 3128 4164 statuebant
3179 4125 3416 4178 quoque,
3462 4110 3667 4163 Christi

2088 4209 2320 4254 mortem
2359 4217 2465 4254 non
2500 4213 2708 4264 veram,
2762 4198 2858 4254 sed
2930 4199 3206 4262 fallacem,
3239 4208 3293 4252 et
3351 4200 3668 4253 simulatam
3702 4194 3718 4204 ’

2091 4294 2284 4348 fuisse.
2313 4291 2476 4346 Plura
2511 4292 2653 4346 hanc
2698 4293 2749 4344 in
2806 4308 2920 4344 rem
2954 4293 3234 4360 congessit
3265 4304 3457 4346 contra
3496 4291 3672 4342 Beau-

2089 4387 2335 4440 sobrium
2383 4387 2561 4456 ipsum
2616 4387 2667 4438 in
2718 4385 3024 4453 Alphabeto
3079 4385 3349 4438 'l‘ibetano
3392 4387 3474 4440 vir
3511 4387 3670 4453 longe

2087 4480 2444 4536 doctissimus
2485 4479 2830 4548 Augustinus
2879 4479 3155 4534 Antonius
3208 4478 3477 4550 Georgius
3528 4480 3666 4548 (57).

2087 4574 2163 4626 Ex
2212 4572 2299 4628 his
2331 4581 2514 4627 autem
2579 4571 2739 4626 facile
2799 4571 3037 4641 quisque
3084 4571 3373 4641 intelligit,
3435 4575 3679 4641 pseudo~

2084 4665 2444 4718 christianam
2471 4663 2616 4716 illam
2638 4669 2842 4716 sectam
2869 4676 2969 4714 nec
2989 4659 3296 4736 Deiparam,
3322 4675 3422 4714 nec
3444 4675 3675 4713 crucem

2088 4755 2338 4809 venerari
2367 4755 2478 4808 ullo
2509 4754 2670 4807 modo
2697 4753 2982 4811 debuisse.
3031 4751 3161 4822 quia
3191 4751 3451 4807 Christus
3486 4768 3585 4806 nec
3614 4752 3677 4804 in.

2089 4848 2312 4918 Virgine
2340 4864 2564 4902 carnem
2641 4855 2986 4915 susceperat,
3041 4862 3143 4899 nec
3185 4845 3239 4900 in
3273 4847 3462 4900 crucis
3519 4847 3683 4916 ligno-

2085 4955 2215 4995 vere
2241 4939 2473 4994 obierat.
2511 4939 2751 5008 ldipsum
2798 4938 3111 4992 sentiebant
3142 4939 3306 4992 etiam
3351 4939 3418 4991 ile
3459 4941 3684 4993 sanctis

2085 5049 2209 5086 cum
2241 5033 2463 5088 Christo
2487 5031 2538 5085 iu
2573 5032 2728 5086 cwlis
2761 5031 3140 5102 regnantibus,
3178 5046 3318 5100 quos
3369 5031 3497 5085 item
3547 5043 3670 5084 tan-

2091 5141 2255 5195 quam
2296 5125 2711 5180 idololatrarum
2748 5126 2966 5178 inventa
2998 5124 3418 5178 aversabantur.
3463 5123 3667 5176 Contra

2091 5234 2220 5272 vero
2246 5217 2369 5286 quis
2395 5232 2501 5270 non
2532 5216 2699 5282 videt,
2724 5216 2848 5270 ideo
2881 5224 3087 5269 tantam
3119 5231 3246 5286 erga
3279 5214 3538 5268 Satanam
3573 5212 3670 5264 ha-

2089 5309 2277 5365 buisse
2299 5309 2689 5374 reverentiam,
2719 5307 2864 5378 quod
2892 5309 2937 5364 is
2970 5318 3227 5377 tanquam
3262 5306 3401 5359 Deus
3440 5304 3661 5357 habitus

2092 5406 2235 5473 apud
2267 5402 2390 5457 illos
2419 5401 2604 5466 fuerit,
2652 5409 2922 5470 tantaque
2975 5399 3233 5469 praeditus
3283 5393 3549 5469 potentia,
3609 5406 3670 5452 ut

2165 5578 2277 5644 (55)
2301 5577 2470 5632 Titul.
2500 5597 2656 5634 χχιιι.
2687 5579 2790 5649 §6.

2155 5649 2264 5734 (ξφ.)
2285 5643 2765 5734 Ηίειοζζςισνὶιίᾁιιε
2786 5651 2848 5705 de
2876 5644 3168 5710 Manio/ide,
3196 5651 3298 5700 etc.
3329 5643 3421 5710 lilt,
3440 5659 3520 5710 Ill,
3542 5657 3677 5716 cap.

2083 5718 2138 5781 5,
2171 5719 2252 5842 go
2282 5735 2402 5788 pag.
2445 5720 2570 5773 εει.
2683 5718 2687 5719 ⁷

2155 5787 2175 5858 (
2219 5789 2268 5858 7)
2301 5789 2426 5858 Pag.
2457 5788 2734 5852 207,903.
