4146 6470
441 444 509 509 3i
1782 444 2380 514 PROLEGOMENA.
3649 444 3721 512 3⁵2

444 565 619 620 eidem
647 565 837 621 mundi
869 566 1036 634 hujus
1063 567 1367 637 Opificium,
1397 554 1754 640 hominisque
1791 567 2033 622 creatio-

450 674 573 712 nem
610 659 952 713 tribuerint?
980 659 1211 730 Negavit
1243 669 1394 717 certe
1457 662 1691 718 callidus
1755 661 2033 717 Calvinia-

450 760 574 811 nus,
631 745 953 803 Manichacus
1006 766 1243 819 unquam
1307 752 1611 821 principem
1680 754 2030 808 tenebrarum

448 837 544 891 Dei
577 838 797 893 nomine
829 838 1148 903 honorasse.
1208 851 1265 895 at
1326 859 1488 913 quam
1537 845 1815 899 immerito
1858 845 1909 899 id
1953 843 2034 899 fe-

451 930 609 994 cerit,
643 930 897 985 laudatus
929 932 1199 1005 Georgius
1237 936 1345 1006 (58)
1382 938 1518 992 satis
1551 938 1796 992 edocuit.

521 1020 614 1076 Xl.
648 1021 877 1078 Prtcstat
922 1027 1086 1081 modo
1120 1030 1454 1099 pra‘cipuum
1510 1030 1826 1087 Beausobrii
1871 1049 2035 1104 arguo

453 1124 696 1169 mentum
727 1130 1022 1186 exponere,
1059 1136 1169 1189 quo
1206 1122 1399 1176 nititur
1429 1125 1830 1187 demonstrare,
1867 1125 2041 1196 Bego-

452 1205 616 1261 tnilos
638 1206 767 1261 dum
800 1207 1056 1264 Satanam
1090 1211 1267 1266 Verbo
1300 1225 1430 1269 natu
1462 1219 1724 1283 majorem
1763 1217 2038 1282 dixerunt,

449 1306 601 1352 recte
640 1299 695 1353 in
731 1299 837 1355 [ide
865 1304 1124 1367 sensisse,
1174 1304 1638 1377 Euthymiumque
1699 1308 1864 1378 hujus
1914 1326 2042 1365 sen-

455 1390 646 1445 tentiae
680 1406 902 1448 sensum
960 1410 1025 1450 ex
1077 1397 1343 1452 industria
1386 1400 1758 1469 pervertisse,
1809 1410 1868 1454 ut
1915 1401 2044 1455 inde

453 1488 662 1535 tantam
691 1482 958 1541 adversus
993 1501 1091 1543 eos
1134 1489 1468 1544 calumniam
1515 1492 1875 1561 contingeret.
1914 1493 2045 1547 Duze

456 1590 610 1645 sunt,
640 1579 839 1651 inquit,
885 1584 1193 1646 sententiae.
1235 1601 1375 1656 quas
1428 1588 1595 1657 aliqui
1642 1597 1856 1643 veteres
1906 1589 2045 1643 scri-

457 1677 647 1738 plores
690 1673 944 1729 catholici
976 1677 1152 1732 secuti
1191 1688 1364 1744 sunt;
1409 1679 1582 1747 prima
1634 1679 1847 1735 scilicet
1901 1678 2047 1748 quod

455 1760 703 1815 divinum
765 1764 997 1819 Verbum
1051 1767 1386 1838 hypostasitn
1461 1771 1740 1841 prOpriam
1793 1771 2048 1825 habuerit

459 1852 698 1922 primum
730 1869 760 1906 a
799 1858 986 1911 mutuli
1014 1862 1296 1915 creatione
1325 1901 1340 1925 ,
1387 1863 1592 1929 altera,
1632 1862 1779 1932 quod
1810 1861 2043 1916 Satanas

458 1954 514 1999 et
559 1946 737 2016 angeli
788 1948 1040 2016 pluribus
1081 1960 1209 2007 ante
1249 1955 1511 2007 mundum
1568 1953 1717 2008 hunc
1766 1954 2038 2009 visibilem

460 2037 678 2091 saeculis
713 2039 1046 2094 exstiterint.
1082 2041 1273 2113 Itaque
1309 2059 1432 2099 cum
1455 2042 1751 2115 Bogomilis
1774 2046 2043 2116 placuerit

460 2126 776 2198 angelorum
807 2132 1139 2187 creationem
1161 2143 1288 2191 ante
1313 2137 1577 2191 mundum
1606 2146 1870 2201 statuere,
1889 2152 2045 2192 cum-

462 2235 572 2287 que
612 2219 852 2278 Verbum
906 2208 1152 2280 divinum
1197 2230 1252 2282 in
1304 2229 1492 2283 mundi
1536 2231 1817 2285 creatione
1870 2233 2044 2301 hypo-

465 2310 658 2383 stasim
706 2315 980 2383 prepriam
1013 2316 1217 2372 habere
1242 2320 1515 2389 coeperit,
1558 2321 1685 2375 inde
1716 2322 1996 2376 concludit
2024 2360 2040 2385 ,

459 2400 606 2470 quod
638 2402 756 2457 sine
786 2406 978 2460 tueresi
1016 2405 1052 2459 ii
1089 2406 1363 2465 allirmare
1415 2420 1750 2478 potuerunt,
1782 2408 2042 2465 Satanam

466 2491 641 2547 Verbo
692 2504 821 2549 natu
862 2495 1130 2565 majorem
1165 2513 1309 2554 esse.
1359 2499 1479 2554 Hoc
1512 2509 1695 2556 tamen
1741 2502 2046 2556 Calviniani

463 2584 704 2640 hominis
743 2585 1200 2653 deliramentum,
1237 2590 1383 2659 quod
1438 2591 1613 2660 prima
1676 2591 1854 2647 fronte
1904 2593 2043 2647 sim-

463 2675 788 2744 plicioribus
814 2677 1051 2734 fortasse
1082 2691 1266 2749 posset
1305 2680 1490 2736 fucum
1526 2683 1702 2739 facere
1729 2723 1744 2746 ,
1795 2683 1838 2738 si
1883 2684 2048 2755 paulo

465 2770 891 2838 perpendamus,
923 2771 1129 2826 nullius
1167 2787 1397 2842 prorsus
1436 2787 1521 2832 est
1560 2776 1794 2831 roboris.
1831 2779 2007 2848 Atque
2030 2816 2048 2844 ,

467 2867 526 2913 ut
555 2860 624 2913 ab
649 2876 715 2915 eo
748 2863 1025 2928 exordiar,
1063 2864 1209 2932 quod
1241 2867 1450 2936 absque
1481 2868 1588 2922 ulla
1640 2869 1920 2938 religionis
1962 2868 2049 2924 in-

464 2956 613 3026 juria
649 2957 910 3013 allii-mari
943 2970 1154 3028 posset,
1186 2963 1411 3032 angelos
1436 2979 1633 3035 nempe
1650 2966 1901 3034 pluribus
1925 2976 2053 3021 ante

468 3049 730 3102 mundum
764 3050 911 3104 hunc
943 3051 1213 3105 visibilem
1245 3055 1459 3110 smculis
1502 3054 1675 3110 fuisse
1711 3066 1928 3111 creatos
1952 3097 1966 3119 ,
2000 3056 2050 3111 ei

470 3141 615 3194 ultro
651 3142 972 3197 concedam.
1003 3143 1162 3209 Quod
1196 3161 1325 3201 vero
1358 3148 1426 3201 ad
1460 3149 1687 3202 alteram
1716 3149 2049 3204 sententiam

469 3235 688 3300 attinet,
727 3252 891 3307 quam
924 3253 1023 3307 pro
1052 3240 1328 3296 catholica
1362 3241 1704 3298 conﬁdenter
1754 3242 2003 3296 obtrudit
2036 3283 2052 3309 ,

470 3328 770 3382 notandum
803 3337 887 3383 est
924 3344 1022 3400 per
1055 3338 1272 3387 veteres
1304 3331 1428 3388 illos
1477 3332 1775 3403 scriptores
1823 3332 2057 3388 catholi-

471 3434 570 3475 cos
627 3420 922 3476 Tatianum
982 3410 1327 3493 potissimum
1374 3432 1429 3479 et
1465 3425 1867 3496 Athenagoram
1908 3423 2057 3480 desio

473 3528 642 3581 gnare
688 3516 976 3577 voluisse.
1022 3519 1179 3586 quasi
1237 3531 1428 3572 eorum
1490 3515 1657 3572 fuerit
1709 3516 1944 3587 opinio,
1998 3524 2059 3572 ut

473 3605 709 3662 credidit
734 3608 901 3661 etiam
936 3607 1193 3664 Petavius
1228 3608 1364 3679 ('59),
1395 3607 1631 3663 Verbum
1661 3609 1911 3664 divinum
1944 3624 2052 3663 non

473 3710 600 3757 ante
631 3702 817 3757 mundi
849 3703 1185 3758 creationem
1231 3705 1508 3774 propriam
1557 3705 1896 3776 hypostasim
1958 3705 2058 3759 ha-

478 3797 682 3852 buisse.
716 3798 825 3861 At,
858 3796 987 3851 licet
1034 3797 1327 3853 obscurius
1375 3805 1587 3853 veteres
1639 3797 1691 3852 hi
1749 3797 1943 3853 Patres
1994 3799 2063 3854 de

478 3887 641 3943 Verbi
667 3889 1019 3958 generatione
1044 3890 1209 3942 locuti
1227 3889 1358 3953 sint,
1384 3905 1663 3959 nunquam
1685 3898 1867 3946 tamen
1899 3892 2063 3961 quid:

477 3997 641 4050 quam
672 3980 929 4035 dixerunt
958 4019 974 4043 ,
1005 3980 1151 4050 quod
1179 3980 1298 4050 ejus
1327 3980 1602 4036 divinitati
1631 4022 1646 4047 ,
1686 3981 1978 4037 aeternitati
2011 3990 2065 4037 et

481 4073 861 4142 personalitati
920 4074 1093 4142 possit
1141 4067 1380 4129 oliicere.
1434 4074 1513 4129 Ac
1553 4089 1741 4129 revera
1793 4074 1940 4145 quod
1997 4074 2066 4129 ad

480 4162 769 4219 Tatianum
807 4164 1061 4232 pertinet,
1095 4165 1171 4217 ait
1199 4180 1353 4226 sane,
1407 4164 1461 4218 in
1512 4165 1786 4235 principio
1826 4164 2064 4221 Verbum

482 4256 652 4312 fuisse
685 4254 740 4310 in
770 4254 929 4309 Patre
955 4296 970 4322 ,
1003 4256 1194 4326 utique
1224 4267 1281 4311 ut
1330 4257 1385 4311 in
1420 4271 1653 4326 persona
1693 4258 2068 4312 consubstan-

440 4387 445 4393 ς
482 4351 622 4415 tiali,
653 4365 777 4405 cum
806 4364 916 4420 quo
943 4350 1126 4404 omnia
1158 4334 1507 4423 sustentabat
1531 4367 1546 4417 ;
1575 4349 1779 4419 quibus
1804 4350 1859 4404 in
1885 4350 2070 4405 verbis

485 4442 781 4505 manifesto
802 4441 920 4512 ejus
938 4442 1278 4497 divinitatem
1303 4451 1467 4511 atque
1489 4443 1855 4497 aeternitatem
1883 4450 2076 4496 osten-

485 4536 581 4589 dit.
616 4533 751 4588 Dum
788 4547 918 4588 vero
949 4532 1101 4587 addit
1125 4570 1143 4595 ι
1169 4530 1314 4602 quod
1350 4531 1585 4587 Verbum
1626 4545 1694 4586 ex
1742 4530 1906 4587 Patre
1949 4547 2076 4602 pro-

485 4627 650 4682 dierit
674 4626 893 4696 quando
949 4626 1017 4679 ad
1071 4624 1261 4678 mundi
1312 4623 1652 4678 creationem
1702 4637 2070 4693 progressum

485 4730 593 4787 est,
625 4721 902 4792 intelligit,
944 4719 1090 4792 quod
1129 4720 1270 4776 Deus
1302 4734 1397 4790 per
1430 4718 1630 4774 Filium
1683 4720 1945 4774 omnibus
1976 4736 2075 4790 pa-

488 4817 660 4873 ternis
693 4816 831 4871 ideis
849 4814 1197 4882 etjattributis
1224 4816 1554 4869 instructum
1577 4814 1759 4868 omnia
1783 4815 2074 4869 creaverit.

490 4910 571 4963 Ac
599 4906 854 4976 quamvis
890 4906 1035 4961 inter
1080 4905 1241 4960 Verbi
1293 4905 1732 4976 progressionem
1782 4919 2078 4974 rerumque

488 4999 824 5056 creationem
855 4997 1222 5052 necessariam
1250 5006 1414 5066 ponat
1443 4996 1866 5060 connexiouem,
1891 5005 2075 5051 tamen

486 5092 644 5156 juxta
668 5088 919 5145 eumdem
955 5086 1247 5141 Tatianum
1307 5087 1380 5141 ita
1434 5087 1673 5142 Verbum
1720 5102 1750 5141 a
1800 5087 1961 5143 Patre
2021 5088 2075 5140 in

491 5198 673 5239 rerum
699 5180 980 5237 creatione
1002 5193 1350 5250 progressum
1374 5187 1482 5243 est,
1507 5188 1566 5232 ut
1588 5178 1655 5233 ab
1677 5194 1741 5232 eo
1765 5178 2075 5233 abscissum

491 5286 547 5331 et
568 5282 881 5346 separatum
908 5286 1015 5326 non
1046 5272 1233 5336 fuerit,
1266 5272 1394 5341 quia
1421 5270 1463 5327 si
1491 5270 1799 5327 abscissum
1856 5271 2076 5338 fuisset,

494 5369 652 5424 Pater
677 5368 871 5437 ἄλογος
906 5366 1069 5422 foret.
1114 5365 1304 5436 Itaque
1338 5364 1478 5420 falso
1519 5366 1745 5421 omnino
1787 5365 2078 5430 asscrilur,

495 5460 787 5514 Tatianum
821 5459 1091 5525 sensisse,
1138 5457 1385 5513 divinum
1439 5455 1677 5512 Verbum
1739 5459 2079 5528 hypostasim

501 5555 773 5623 propriam
802 5552 1063 5608 habuisse
1119 5550 1173 5606 in
1219 5549 1408 5605 mundi
1463 5551 1790 5605 creatione:
1844 5565 1969 5604 nam
2028 5549 2081 5604 id

1698 5631 1708 5655 I

574 5781 688 5851 (38)
719 5779 956 5851 Histoire
978 5776 1205 5851 critique
1230 5775 1293 5831 de
1316 5774 1594 5851 Manichée
1619 5773 1717 5831 lib.
1743 5786 1825 5839 ιιι,
1853 5785 1975 5843 pag.
2001 5768 2092 5825 25.

576 5845 687 5919 (3m
721 5850 793 5903 De
836 5848 1033 5901 Triuit.
1070 5847 1165 5901 lib.
1194 5863 1233 5915 ι,
1271 5862 1393 5918 cap.
1423 5845 1480 5900 ὖ.

581 5925 692 5993 ιιι»)
730 5924 935 5987 Quaest.
980 5919 1069 5972 63.

2140 576 2354 625 tantum
2392 571 2634 638 astruit,
2668 568 2910 626 Verbum
2942 567 3098 630 illud,
3133 567 3277 638 quod
3312 566 3380 620 ab
3412 578 3617 621 attento
3668 566 3721 619 in

2138 663 2299 719 Patre
2332 664 2515 719 omnia
2545 664 2896 721 sustentabat
2925 707 2940 730 ,
2983 670 3096 715 tum
3132 661 3188 716 in
3225 676 3408 717 rerum
3444 659 3724 714 creatione

2137 773 2202 812 ex
2238 755 2397 812 Patre
2421 757 2716 827 prodiisse,
2743 755 2871 825 quia
2894 756 3077 809 omnia
3101 754 3386 825 peripsum
3413 752 3553 806 facta
3572 762 3723 805 sunt.

2141 847 2342 902 Eadem
2379 848 2489 904 fere
2526 854 2740 903 ratione
2765 848 3149 916 Athenagoras
3198 858 3417 916 quoque
3463 846 3529 898 de
3565 842 3725 897 Verbi

2141 940 2429 996 divinitate
2480 940 2758 995 disseruit.
2799 939 2941 993 Dicit
2986 938 3133 993 enim
3173 935 3318 1007 quod
3370 933 3573 1000 Deus,
3603 946 3726 985 cum

2142 1033 2212 1086 sit
2242 1048 2394 1087 mens
2428 1041 2653 1099 aeterna,
2685 1030 2879 1085 habuit
2912 1031 2978 1085 ab
3005 1039 3212 1084 attento
3253 1029 3307 1082 in
3364 1026 3549 1095 seipse
3592 1022 3728 1077 Ver-

2143 1125 2296 1189 bum,
2340 1132 2529 1194 utpote
2571 1124 2638 1177 ab
2681 1132 2889 1177 aeterno
2940 1120 3268 1174 rationalis:
3320 1124 3374 1172 et
3422 1116 3568 1185 quod
3623 1116 3729 1169 hoc

2145 1216 2382 1273 Verbum
2420 1217 2716 1286 prodierit,
2774 1226 2833 1270 ut
2875 1215 3122 1270 omnium
3170 1220 3486 1267 creatarum
3542 1224 3728 1263 rerum

2145 1306 2290 1368 idea,
2323 1315 2376 1359 et
2406 1305 2655 1374 operatio
2684 1305 2999 1359 exsisteret.
3025 1302 3256 1358 Constat
3280 1308 3462 1355 autem
3494 1298 3736 1353 voluisse

2145 1387 2549 1466 Athenagoram
2586 1397 2740 1453 hisce
2770 1397 2824 1450 in
2878 1397 3058 1451 verbis
3102 1396 3207 1449 hoc
3252 1393 3428 1450 solum
3473 1392 3673 1446 docere
3717 1430 3735 1456 ,

2147 1507 2245 1561 per
2289 1489 2529 1546 Verbum
2581 1506 2670 1546 res
2728 1506 2924 1544 omnes
2975 1498 3190 1544 creatas
3242 1503 3409 1552 esse,
3473 1486 3738 1556 quoniam

2147 1583 2320 1640 Filius
2348 1585 2532 1654 aliquo
2564 1584 2727 1638 modo
2775 1583 2881 1639 dici
2914 1590 3094 1650 potest
3144 1579 3239 1649 Dei
3294 1579 3435 1634 ratio
3466 1618 3482 1641 .
3537 1593 3693 1633 mens
3721 1615 3740 1640 .

2150 1677 2416 1749 sapientia
2443 1719 2459 1743 ,
2488 1687 2542 1734 et
2572 1678 2856 1748 operativa
2915 1675 3157 1746 potentia
3182 1713 3198 1737 ,
3233 1690 3357 1744 qua;
3405 1673 3641 1743 primum
3678 1670 3740 1725 in

2153 1784 2335 1824 rerum
2365 1772 2646 1825 creatione
2681 1769 2926 1825 exterius
2960 1767 3186 1839 prodiit.
3217 1766 3365 1821 lianc
3403 1764 3742 1821 sententiam

2149 1861 2404 1931 probavit
2429 1877 2654 1930 quoque
2688 1859 2746 1915 S.
2777 1861 3147 1932 Augustinus,
3174 1858 3268 1913 ubi
3319 1856 3452 1911 illud
3499 1853 3744 1909 Joannis

2152 1952 2217 2007 In
2243 1954 2500 2020 principio
2535 1964 2651 2009 erat
2693 1952 2920 2008 Verbum
2949 1967 3263 2021 exponens:
3294 1948 3409 2004 Hoc
3443 1948 3557 2003 loco
3586 1988 3601 2012 ,
3655 1946 3748 1999 in—

2152 2047 2270 2115 quit
2299 2045 2435 2115 (40),
2467 2045 2660 2099 ηιθιὲιιε
2699 2043 2925 2099 Verbum
2951 2045 3364 2111 interpretamur
3388 2081 3402 2105 .
3439 2051 3496 2094 ut
3526 2040 3745 2110 signiﬁ-

2150 2149 2297 2192 cetur
2324 2155 2425 2191 non
2461 2138 2635 2192 solum
2665 2136 2739 2191 ad
2766 2136 2985 2191 Patrem
3017 2145 3283 2202 respectus
3310 2174 3325 2199 ,
3381 2133 3473 2188 sed
3525 2133 3597 2187 ad
3645 2131 3749 2186 illa

2154 2232 2332 2286 etiam.
2357 2247 2473 2300 qua:
2490 2246 2581 2297 per
2608 2229 2834 2284 Verbum
2856 2230 3003 2301 facta
3027 2238 3172 2294 sunt,
3193 2228 3461 2296 operativa
3482 2225 3748 2295 potentia.

2160 2321 2365 2378 llahuit
2410 2338 2541 2390 ergo
2587 2321 2820 2377 Verbum
2878 2321 3150 2391 propriam
3188 2335 3250 2373 ac
3294 2319 3607 2373 distinctam
3642 2318 3752 2388 by-

2158 2417 2419 2488 postasim
2467 2416 2535 2471 ab
2575 2425 2780 2469 aeterno
2832 2415 2960 2468 dum
3023 2413 3203 2465 omnia
3253 2427 3377 2465 cum
3431 2409 3591 2463 Patre
3644 2424 3751 2464 su—

2156 2508 2451 2572 stentabat,
2497 2508 2590 2562 sed
2622 2509 2675 2560 in
2721 2521 2902 2562 rerum
2935 2505 3212 2560 creatione
3243 2503 3416 2573 patuit
3470 2500 3753 2568 quodam-

2158 2602 2340 2666 modo,
2383 2601 2509 2671 quia
2540 2600 2722 2653 omnia
2753 2613 2849 2668 per
2881 2595 3118 2650 Verbum
3155 2596 3293 2649 facta
3327 2602 3475 2650 sunt.
3503 2592 3582 2647 Ad
3604 2592 3751 2653 hate.

2166 2701 2227 2749 ut
2262 2695 2434 2763 magis
2456 2693 2668 2746 eluceat
2696 2688 2883 2744 infelix
2916 2686 3237 2743 Bcausobrii
3272 2683 3539 2748 vafritit-s,
3566 2683 3756 2736 anim-

2159 2788 2442 2841 advertere
2490 2784 2668 2856 juvat,
2703 2785 2846 2855 quod
2897 2783 3060 2837 etiam
3101 2779 3345 2835 admisso
3393 2778 3497 2832 hoc
3534 2791 3757 2840 errore,

2161 2877 2398 2933 Verbum
2435 2876 2710 2946 propriam
2738 2875 3002 2929 habuisse
3034 2870 3372 2942 hypostasim
3428 2884 3492 2922 ex
3549 2882 3749 2921 rerum

2161 2969 2460 3033 creatione,
2500 2983 2713 3024 necnon
2744 2968 2834 3021 illa
2868 2967 3140 3021 sententia
3171 2963 3395 3034 angelos
3425 2968 3551 3015 ante
3588 2975 3758 3015 mun-

2164 3062 2293 3117 dum
2318 3069 2532 3117 creatos
2550 3076 2692 3124 esse,
2725 3058 3041 3113 nullatenus
3070 3053 3754 3124 scqnercturanteriorcm

2160 3152 2331 3210 fuisse
2359 3153 2489 3209 huic
2516 3151 2797 3223 hypostasi
2833 3148 3136 3214 Satanam;
3179 3158 3312 3202 tunc
3341 3146 3486 3200 enim
3508 3144 3759 3199 Verbum

2156 3264 2267 3304 non
2300 3247 2354 3302 in
2390 3247 2600 3311 mundi,
2633 3245 2728 3301 sed
2780 3245 2835 3298 in
2884 3244 3203 3311 angelorum
3247 3239 3529 3295 creatione
3575 3236 3758 3307 hypo-

2160 3342 2349 3398 stasim
2380 3340 2685 3403 habuisset,
2716 3338 2842 3408 quia
2865 3345 2998 3391 tunc
3020 3346 3171 3390 extra
3190 3333 3401 3388 Patrem
3422 3327 3753 3401 prodiisset:

2162 3450 2225 3488 ac
2283 3433 2509 3503 proinde
2570 3445 2785 3500 semper
2851 3427 3009 3483 Verbi
3076 3424 3387 3497 hyposmsis
3420 3423 3747 3495 angelorum

2163 3527 2495 3581 creationem
2532 3522 2923 3593 prtecessisset.

2234 3618 2350 3673 XII.
2388 3618 2595 3672 Caetera
2629 3610 2977 3685 Bogomilica:
3007 3618 3169 3664 secL'e
3225 3607 3423 3676 placita
3480 3614 3761 3661 memorat

2167 3715 2219 3769 in
2251 3714 2354 3768 hoc
2382 3712 2565 3766 libello
2598 3707 2951 3778 Euthymius.
2995 3718 3172 3773 neque
3200 3710 3281 3757 est
3334 3715 3472 3769 opus
3521 3699 3588 3754 de
3640 3701 3763 3756 sin-

2166 3805 2307 3875 gulis
2335 3779 2625 3858 disserere.
2664 3797 2935 3853 Fortassis
2969 3793 3268 3850 distinctim
3308 3792 3397 3844 illa
3430 3791 3764 3867 Euthymius

2168 3897 2522 3963 relutavcrat,
2560 3893 2652 3950 sed
2698 3894 2749 3947 in
2789 3889 2982 3945 codice
3016 3886 3284 3942 Vaticano
3325 3884 3501 3939 solum
3550 3899 3760 3953 supcr-

2170 3999 2300 4044 sunt
2339 3995 2658 4058 argumenta
2687 4026 2701 4047 ,
2743 3981 2945 4052 quibus
2986 3986 3142 4047 urget
3200 3975 3507 4045 Bogomilos
3555 3975 3609 4026 in
3646 3990 3715 4027 eo
3748 4014 3765 4039 ,

2169 4081 2314 4153 quod
2348 4080 2583 4151 pertinet
2639 4076 2708 4130 ad
2767 4081 3112 4128 mortuorum
3166 4066 3645 4121 resurrectionem.
3692 4063 3769 4120 Ut

2171 4184 2351 4230 autem
2387 4186 2507 4227 eam
2537 4176 2685 4224 certe
2721 4166 2960 4221 futuram
2996 4163 3230 4234 probet,
3263 4159 3491 4230 opponit
3521 4159 3767 4227 primum

2172 4264 2427 4322 haeretica
2455 4261 2577 4317 ﬁdei
2622 4259 2855 4316 Nicaeum
2885 4255 3197 4327 symbolum
3244 4257 3619 4306 trecentorum
3661 4249 3769 4304 de-

2174 4374 2292 4415 cem
2324 4364 2379 4412 et
2423 4364 2549 4410 octo
2582 4352 2803 4407 Patrum
2840 4349 3171 4405 auctoritate
3205 4344 3481 4409 ﬁrmatum
3513 4358 3530 4407 ;
3561 4340 3769 4397 deinde

2173 4465 2310 4505 vero
2342 4447 2636 4503 concilium
2666 4442 3141 4502 Chalcedonense,
3172 4436 3333 4506 cujus
3364 4433 3682 4489 auctoritati
3709 4441 3771 4486 ut

2179 4540 2349 4610 magis
2386 4541 2543 4592 tidem
2596 4533 2889 4594 conciliet,
2939 4528 3265 4584 miraculum
3321 4525 3599 4596 quoddam
3662 4524 3766 4579 de.

2177 4629 2414 4685 scribita
2438 4625 2545 4681 Deo
2562 4632 2834 4695 patratum
2861 4634 2955 4690 per
2979 4618 3037 4671 S.
3064 4613 3418 4685 Euphemiam
3446 4620 3745 4680 martyrem

2179 4722 2234 4775 in
2263 4719 2425 4788 cujus
2458 4716 2686 4772 basilica
2728 4712 2895 4789 hujus
2929 4707 3148 4765 concilii
3185 4707 3377 4789 Patres
3412 4703 3479 4757 ab
3514 4702 3744 4771 impera

2180 4825 2297 4870 tore
2325 4812 2604 4867 Marciano
2640 4807 2958 4877 congregati
2988 4804 3234 4859 fuerunt.
3263 4799 3592 4868 Complures
3625 4798 3737 4853 seri

2181 4916 2366 4978 plores
2392 4904 2640 4976 ejusdem
2684 4898 2938 4955 miraculi
2974 4894 3294 4956 meminere,
3336 4891 3429 4945 sed
3455 4891 3547 4943 alii
3596 4889 3739 4958 ipsiu

2179 4997 2396 5055 concilii
2420 5007 2685 5065 tempore,
2721 4991 2811 5044 alii
2841 4989 3095 5045 absoluto
3123 4986 3346 5039 demum
3367 4982 3606 5037 concilio
3640 4981 3773 5035 illud.

2180 5090 2432 5147 evenisse
2470 5095 2718 5141 narrant.
2777 5080 3147 5138 Posteriorem
3204 5075 3534 5131 sententiam
3599 5074 3770 5130 secuti

2183 5190 2312 5238 sunt
2346 5178 2580 5237 Michael
2610 5172 2938 5247 UlycasUl)
2958 5186 3024 5225 ac
3049 5169 3297 5222 Zonaras
3328 5164 3441 5238 (42)
3470 5182 3485 5219 :
3521 5162 3727 5219 scribo:
3754 5171 3775 5214 t

2189 5276 2336 5332 enim
2405 5270 2548 5343 quod
2615 5282 2739 5322 cum
2790 5262 3053 5336 Eutychis
3108 5257 3465 5326 Dioscoriquc
3527 5254 3774 5308 fautores

2184 5365 2406 5419 decreta
2440 5356 2659 5416 concilii
2683 5355 3115 5417 subsannarent,
3140 5349 3366 5419 ejusque
3385 5344 3769 5400 auctoritatem
3809 5375 3825 5384 η

2276 5768 2387 5837 (Η)
2418 5765 2615 5822 Annal.
2651 5765 2776 5837 Par.
2806 5776 2882 5825 Iv,
2917 5773 3041 5828 pag.

2271 5827 2383 5911 (42)
2414 5837 2612 5893 Annal.
2644 5834 2738 5889 lib.
2775 5846 2894 5898 xm,
2925 5827 3050 5897 cap.
3074 5827 3167 5881 25.
