4146 6420
362 407 434 470 33
1728 403 2328 468 PROLEGOMENA-
3596 407 3668 470 34

361 533 571 590 rentur,
610 523 910 581 Anatolius
946 524 1282 596 patriarcha.
1315 525 1648 584 adversariis
1696 539 1967 582 convoca-

367 629 439 674 tis
467 659 482 682 ,
526 617 825 688 proposuit
867 626 930 671 ut
984 611 1517 689 utraquzeque"'pars
1577 621 1812 690 propria:
1844 618 1966 673 ﬁdei

367 711 678 782 symbolum
726 711 916 765 libello
969 711 1336 777 inscriberet,
1366 722 1420 767 et
1453 714 1507 766 in
1541 713 1722 768 loculo
1758 711 1815 766 S.
1858 711 1968 764 Eu-

368 805 602 874 phemim
633 814 872 872 uterque
909 805 1126 859 libellus
1158 807 1529 874 deponeretur
1550 845 1564 869 ,
1617 813 1677 860 ut
1727 805 1965 876 gloriosa

372 899 489 951 haec
521 905 728 967 martyr
758 895 827 950 de
857 898 1089 952 veritate
1120 907 1280 952 rectm
1314 897 1436 952 ﬁdei
1470 897 1742 964 judicium
1801 896 1970 951 I'er'ret

371 1005 438 1044 ac
493 989 894 1045 testimonium.
969 988 1082 1044 lloc
1131 999 1314 1045 autem
1377 991 1672 1045 consilium
1733 1005 1858 1044 cum
1915 999 1968 1044 et

376 1082 651 1136 lizrreticis
691 1082 1040 1149 placuisset,
1083 1091 1296 1137 remoto
1325 1081 1508 1152 lapide
1531 1119 1547 1144 ,
1606 1081 1698 1151 qui
1733 1081 1968 1135 loculum

371 1175 686 1235 claudebat.
711 1175 824 1229 duo
853 1174 1020 1230 libelli
1057 1190 1222 1245 supra
1254 1185 1459 1230 sanctae
1490 1175 1750 1244 martyris
1780 1183 1971 1244 pectus

373 1269 542 1336 positi
575 1276 743 1330 sunt,
795 1276 850 1320 et
878 1266 1080 1322 deinde
1130 1269 1343 1322 loculus
1387 1283 1495 1323 non
1549 1267 1711 1322 modo
1771 1267 1968 1322 iterum

370 1364 625 1427 clausus,
654 1363 748 1416 sed
775 1362 942 1415 etiam
979 1361 1268 1430 utriusque
1296 1362 1470 1431 partis
1501 1362 1698 1432 sigillis
1721 1362 1968 1416 munitus

366 1464 420 1506 et
478 1453 821 1519 obsignatus.
879 1452 1011 1506 Post
1062 1453 1304 1508 triduum
1357 1468 1479 1508 cum
1531 1455 1967 1521 convenissent,

366 1544 706 1612 imperatore
734 1544 900 1596 etiam
938 1551 1243 1612 praesente,
1285 1553 1476 1613 aperto
1519 1545 1704 1600 loculo
1733 1587 1747 1611 ,
1790 1547 1967 1601 luere-

367 1640 609 1690 ticorum
638 1637 855 1693 libellus
884 1639 950 1691 ad
999 1640 1162 1708 pelles
1194 1641 1456 1709 martyris
1489 1640 1803 1709 projectus,
1831 1641 1971 1696 alter

364 1746 503 1784 vero
529 1731 583 1784 in
618 1746 782 1784 manu
814 1732 936 1799 ejus
967 1731 1158 1810 destra
1194 1733 1451 1787 iuventus
1503 1741 1609 1789 est.
1658 1732 1858 1788 Verum
1896 1750 1964 1790 ne

370 1823 508 1876 huic
564 1822 792 1878 Zonaras
833 1823 1123 1896 Glycmque
1162 1827 1465 1878 narrationi
1517 1825 1770 1895 protinus
1807 1826 1966 1880 Iidem

367 1927 616 1970 nostram
650 1927 978 1982 praestemus
1012 1918 1266 1987 prohibet
1299 1918 1512 1985 Evagrii
1545 1960 1560 1982 ,
1596 1919 1965 1989 aliorumque,

369 2010 468 2076 qui
495 2009 562 2062 de
591 2011 830 2064 concilio
861 2010 1297 2067 Chalcedonensi
1329 2012 1622 2081 scripsere,
1649 2011 1924 2066 silentium
1948 2029 1964 2080 ;

368 2114 499 2154 cum
529 2101 712 2155 minus
736 2108 885 2156 certe
913 2102 1196 2170 probabile
1223 2101 1477 2156 videatur
1503 2116 1615 2155 rem
1636 2101 1772 2155 adeo
1801 2102 1967 2155 mira-

369 2192 536 2247 bilem
571 2233 586 2257 ,
621 2209 684 2248 ac
725 2193 1112 2248 recordatione
1145 2194 1542 2262 dignissimam
1575 2202 1688 2247 tttm
1745 2194 1964 2249 demum

373 2295 453 2340 tot
507 2301 537 2338 a
572 2286 809 2341 concilio
851 2287 1060 2356 elapsis
1092 2286 1309 2341 saeculis
1341 2286 1576 2353 primum
1632 2287 1963 2343 innotuisse.

371 2380 441 2430 At
501 2395 629 2432 vero
685 2379 860 2448 magis
897 2378 1090 2448 procul
1137 2378 1309 2433 dubio
1352 2394 1382 2431 a
1430 2380 1658 2432 veritate
1709 2379 1968 2434 abhorret

371 2470 646 2524 Theodori
700 2471 845 2525 Βελειί
875 2513 890 2537 ,
949 2481 1003 2526 et
1061 2469 1413 2525 Constantini
1457 2468 1544 2526 Tii
1574 2471 1818 2542 epiSCOpi
1852 2472 1965 2544 (45)

370 2563 584 2631 opinio.
613 2578 780 2632 quam
814 2563 1141 2633 Euthymius
1170 2576 1391 2633 quoque
1422 2562 1710 2632 amplexus
1740 2570 1846 2626 est,
1871 2564 1965 2634 qui

374 2655 480 2709 hoc
515 2655 844 2710 miraculum
885 2655 1066 2724 ipsius
1110 2655 1331 2710 concilii
1381 2662 1631 2728 tempore
1678 2664 1962 2725 operatum

374 2746 548 2801 fuisse
622 2745 917 2801 allirmant.
972 2745 1042 2802 Ut
1097 2747 1242 2802 enim
1299 2747 1518 2817 egregie
1581 2747 1966 2803 animadvertit

373 2836 651 2893 Beronius
678 2837 817 2909 (Η),
851 2839 898 2894 si
927 2839 1029 2894 hoc
1060 2838 1182 2894 ﬁdei
1210 2840 1648 2909 experimentum
1681 2854 1711 2894 a
1739 2840 1963 2895 concilii

372 2927 635 2986 Patribus
662 2939 932 2985 tentatum
968 2931 1180 2997 luisset,
1211 2945 1345 2986 sane
1366 2939 1488 2986 acta
1519 2941 1650 2986 tunc
1675 2932 1965 3002 diligenter

373 3021 690 3092 conscripta
717 3029 930 3078 tantum
961 3022 1066 3078 hoc
1100 3023 1426 3079 miraculum
1490 3024 1640 3079 nullo
1680 3025 1844 3079 modo
1871 3019 1986 3080 si-‘

375 3113 634 3169 luissent.
661 3114 888 3169 Accedit
915 3114 1160 3184 insuper,
1197 3115 1342 3184 quod
1370 3131 1653 3187 nunquam
1688 3117 1878 3172 Patres
1909 3117 1964 3170 in

377 3207 740 3263 cecuuuenicis
768 3207 1022 3262 conciliis
1071 3223 1137 3261 ex
1167 3209 1450 3265 miraculis
1498 3209 1835 3279 quaesierunt
1869 3209 1969 3264 do-

373 3311 620 3370 guratum
653 3301 964 3364 veritatem,
996 3315 1160 3371 quam
1199 3317 1264 3356 ex
1292 3302 1494 3357 divinis
1526 3303 1794 3370 imprimis
1817 3301 1968 3357 Scri-

376 3391 579 3462 pturis,
597 3401 652 3447 et
672 3390 911 3459 antiquis
933 3391 1195 3448 Ecclesiae
1225 3392 1634 3457 traditionibus,
1655 3408 1720 3448 ac
1741 3392 1964 3448 demum

376 3499 444 3536 ex
480 3491 798 3537 sanctorum
835 3481 1062 3536 Patrum
1094 3484 1500 3539 assertionibus
1527 3499 1797 3554 quaerere,
1839 3500 1965 3555 pro-

377 3593 624 3647 ponere,
657 3578 924 3632 afﬁrmare
951 3618 967 3642 ,
1027 3587 1192 3648 atque
1241 3578 1493 3634 stabilire
1541 3589 1964 3634 consueverunt.

379 3667 727 3738 Quapropter
767 3668 1000 3724 eruditis
1051 3669 1184 3724 viris
1220 3663 1457 3724 libenter
1499 3659 1776 3724 assentior
1801 3709 1817 3735 ,
1871 3670 1965 3741 qui

377 3759 586 3830 Opinati
618 3768 749 3815 sunt
800 3760 905 3815 hoc
937 3761 1266 3816 miraculum
1302 3760 1702 3830 posterioribus
1750 3763 1969 3817 saeculis

377 3854 553 3908 fuisse
583 3853 810 3907 omnino
841 3853 1136 3907 conlictum
1167 3892 1182 3919 ,
1218 3853 1476 3923 piamque
1523 3852 1666 3907 banc
1713 3852 1967 3909 fabellam

377 3961 443 4000 cx
476 3944 613 4014 ipsis
636 3943 860 3998 concilii
925 3943 1062 4000 actis
1095 3958 1206 3999 non
1242 3944 1382 3999 bene
1411 3943 1708 4000 intellectis
1757 3943 1968 4014 proﬂu-

378 4037 549 4091 xisse.
599 4034 790 4091 Patres
835 4051 1075 4105 namque
1131 4035 1655 4103 Chalcedonenses,
1717 4037 1970 4092 absoluto

380 4128 640 4191 concilio,
677 4137 736 4182 ut
761 4127 1114 4184 ostenderent
1160 4125 1348 4182 omnia
1378 4168 1392 4190 ,
1443 4143 1566 4197 quas
1623 4127 1677 4180 in
1733 4128 1971 4183 concilio

380 4221 614 4275 feliciter
661 4231 814 4292 gesta
853 4223 1069 4275 fuerant
1095 4259 1126 4295 υ
1145 4221 1458 4288 patrocinio
1514 4230 1569 4274 et
1606 4220 1876 4291 auspiciis
1911 4217 1968 4273 S.

381 4311 697 4380 Euphemiaa
733 4327 854 4366 esse
889 4310 1197 4375 referenda,
1227 4311 1302 4364 ita
1331 4310 1385 4364 in
1421 4309 1617 4365 litteris
1640 4309 1707 4364 ad
1735 4307 1795 4363 S.
1821 4307 1962 4364 Leo-

384 4419 513 4459 nc-m
549 4404 859 4471 pontiﬁcem
913 4402 1058 4456 datis
1101 4404 1401 4471 loquuntur
1459 4401 1571 4470 (45)
1603 4417 1616 4455 :
1649 4403 1791 4456 Deus
1826 4403 1964 4455 enim

377 4504 498 4550 erat
531 4496 622 4564 qui
655 4496 970 4566 aperabatur
992 4534 1006 4559 ,
1037 4505 1084 4547 et
1115 4510 1231 4564 qua:
1281 4510 1377 4547 suo
1422 4493 1656 4548 thalamo
1692 4493 1972 4548 concilium

381 4589 656 4642 coronarit
705 4596 896 4641 ornata
952 4586 1136 4640 decore
1176 4587 1412 4639 victoria:
1468 4585 1756 4652 Eupliemia
1790 4601 1808 4638 :
1857 4601 1974 4656 qua:

383 4694 640 4749 tanquam
682 4681 954 4749 promiam
1007 4680 1390 4749 confessionem
1437 4677 1564 4746 ﬁdei
1611 4678 1970 4744 deﬁnitionem

387 4773 678 4838 suscipiens
709 4789 739 4824 a
763 4773 932 4833 nobis,
957 4787 1053 4824 suo
1091 4788 1284 4839 sponso
1334 4787 1424 4836 per
1468 4770 1766 4835 piissimum
1807 4771 1973 4838 impe-

386 4877 639 4927 ratorem,
674 4875 721 4918 et
746 4866 974 4916 amicam
1002 4863 1205 4918 Christi
1233 4862 1523 4932 Augustam
1541 4863 1746 4924 obtulit,
1770 4879 1972 4916 omnem

383 4958 594 5026 quidem
614 4956 1061 5023 perturbationem
1090 4956 1478 5008 contrariorum
1503 4957 1715 5019 sedans,
1736 4955 1973 5010 veritatis

386 5058 565 5100 autem
588 5046 964 5116 confessionem
991 5044 1273 5106 roborans,
1309 5051 1363 5094 ut
1395 5042 1660 5105 amicam,
1707 5051 1753 5095 et
1786 5033 1978 5108 manu,

385 5161 449 5198 ac
480 5143 666 5212 lingua
709 5143 1072 5195 universorum
1114 5139 1337 5192 decretis
1393 5154 1486 5202 pro
1531 5137 1973 5194 demonstratione

381 5234 744 5293 subscribens.
797 5233 1063 5287 Praeterea
1114 5229 1523 5285 observandum
1579 5238 1662 5283 est
1708 5245 1925 5299 quoque
1955 5268 1971 5294 ,

329 5398 350 5406 _
384 5334 627 5403 pictores
652 5336 887 5391 veteres,
923 5333 982 5379 ut
1017 5325 1117 5378 hoc
1145 5325 1324 5392 ipsum
1367 5320 1681 5405 Euphemize
1710 5323 1971 5392 martyris

382 5439 516 5494 erga
574 5421 866 5475 concilium
929 5417 1295 5488 patrocinium
1364 5415 1790 5483 exprimerent,
1851 5428 1970 5469 eam

380 5518 640 5571 volumen
670 5529 832 5566 manu
859 5520 1134 5566 tenentem
1177 5507 1506 5578 quandoque
1555 5507 1608 5560 in
1660 5505 1860 5561 tabulis
1893 5506 1971 5562 ef-

385 5608 640 5672 ﬁnxisse,
665 5617 924 5675 tanquam
963 5602 1086 5656 ﬁdei
1115 5599 1517 5669 professionem
1550 5597 1774 5653 Patrum
1809 5598 1971 5654 Chal-

456 5815 572 5880 (45)
610 5832 671 5865 .n
703 5813 928 5865 historia
964 5805 1440 5880 iiiijeiitionis._ctc.
1469 5817 1623 5857 num.
1661 5816 1737 5855 tx.

457 5874 572 5957 (44)
607 5888 682 5939 Ad
719 5897 923 5938 annum
958 5878 1085 5945 (iiii,
1117 5892 1264 5931 num.
1301 5874 1422 5928 lit?"

2073 509 2467 578 cedonensium
2526 520 2635 576 Deo
2697 519 3064 587 offerentem;
3107 520 3307 574 etenim
3381 519 3664 590 probabile

2073 616 2233 670 valde
2257 615 2474 670 videtur
2495 613 2640 686 quod
2666 613 2980 682 huiusmodi
3014 614 3179 668 etiam
3204 613 3432 684 picturae
3455 615 3663 672 Graecis

2073 707 2350 777 sequioris
2373 707 2472 762 :nvi
2501 706 2825 762 miraculum
2856 706 2989 762 illud
3015 706 3471 762 comminiscendi
3521 723 3663 778 pra:-

2074 800 2294 855 buerint
2323 809 2732 871 argumentum.

2143 891 2284 947 XIII.
2309 891 2422 948 Nec
2459 891 2657 947 falsum
2689 901 2776 947 est
2809 895 2991 946 minus
3022 891 3192 956 aliud,
3232 892 3376 962 quod
3437 892 3651 965 Euthy-

2076 985 2222 1042 mius
2254 987 2438 1042 statim
2479 986 2688 1052 subdit,
2717 987 2774 1040 S.
2811 985 3004 1040 Basilii
3033 985 3385 1052 miraculum,
3415 988 3520 1042 etsi
3544 1003 3667 1042 om-

2077 1081 2246 1135 nibus
2275 1081 2637 1136 manil‘esmm
2671 1091 2911 1136 asserat.
2947 1081 3083 1150 Ejus
3115 1095 3331 1135 summa
3388 1080 3502 1135 lucc
3557 1089 3664 1136 est.

2073 1173 2213 1228 Cum
2252 1174 2442 1228 Ariani
2475 1173 2728 1230 Valentis
2760 1173 3114 1243 imperatoris
3148 1172 3272 1227 freti
3297 1173 3564 1242 potentia,
3595 1189 3666 1228 ex

2072 1267 2292 1322 Nicaana
2352 1267 2586 1323 ecclesia
2638 1265 2948 1321 catholicos
2981 1266 3209 1320 militari
3241 1280 3405 1320 manu
3460 1265 3664 1335 eiecis-

2075 1369 2218 1427 sent,
2251 1351 2598 1416 orthodoxus
2641 1360 2881 1430 populus
2917 1359 2986 1414 ad
3029 1358 3084 1414 S.
3123 1357 3386 1413 Basilium
3421 1357 3666 1413 accurrit

2074 1453 2256 1506 multo
2287 1451 2526 1507 clamore
2558 1451 2912 1522 imperatoris
2973 1449 3230 1520 injuriam
3285 1449 3665 1518 expostulans,

2071 1543 2144 1599 ob
2168 1547 2334 1614 quam
2375 1559 2602 1600 causam
2639 1545 3029 1614 imperatorem
3063 1542 3351 1597 Valentem
3380 1541 3472 1596 ille
3501 1541 3663 1605 adiit,

2073 1650 2138 1690 ac
2169 1644 2323 1690 tanta
2341 1653 2465 1691 cum
2495 1637 2809 1705 eloquentia
2841 1644 3102 1704 tanquam
3130 1635 3317 1689 violati
3339 1634 3482 1704 juris
3513 1650 3665 1688 reum

2074 1719 2250 1776 libere
2291 1723 2624 1795 increpavit,
2660 1735 2721 1778 ut
2752 1725 3056 1793 imperator
3105 1724 3183 1777 rei
3230 1722 3497 1793 judicium
3560 1724 3666 1792 ipsi

2075 1813 2132 1868 S.
2164 1815 2369 1872 Basilio
2404 1818 2772 1873 commiserit.
2800 1815 3080 1873 Reversus
3106 1814 3292 1886 itaque
3314 1817 3376 1874 S.
3420 1817 3662 1872 Basilius

2069 1907 2305 1963 Nicaeam
2335 1919 2560 1980 pactum
2593 1925 2718 1964 cum
2749 1911 2974 1965 Arianis
3024 1910 3286 1972 ﬁrmavit,
3349 1919 3410 1964 ut
3458 1911 3666 1966 clausis

2071 2002 2556 2071 ecclesiaejanuis,
2585 2003 2878 2073 sigilloque
2915 2003 3249 2073 obsignatis,
3307 2003 3415 2057 utri
3457 2003 3667 2074 p0pulo

2071 2103 2195 2160 post
2230 2093 2474 2147 triduum
2502 2109 2578 2149 eae
2606 2103 2807 2164 sponte
2835 2097 3173 2166 patuissent,
3209 2097 3256 2152 is
3302 2097 3543 2153 ecclesia
3568 2113 3668 2168 po-

2071 2186 2293 2241 tiretur.
2339 2186 2475 2241 Cum
2552 2197 2736 2244 autem
2799 2181 2988 2245 Ariani
3037 2200 3150 2246 tres
3196 2191 3312 2247 dies
3363 2202 3668 2264 noctesque

2074 2278 2357 2347 precando
2417 2281 2875 2350 insumpsissent,
2915 2283 3011 2338 sed
3074 2284 3201 2340 inde
3261 2285 3538 2354 supplices
3593 2286 3664 2341 ad

2071 2371 2365 2426 ecclesiam
2404 2372 2684 2429 incassum
2719 2375 2993 2445 progressi
3043 2384 3252 2441 essent,
3311 2384 3447 2431 tunc
3504 2375 3667 2432 Basi-

2070 2462 2177 2518 lius
2231 2467 2495 2535 templum
2546 2467 2606 2522 S.
2664 2466 2943 2522 Diomedis
3002 2469 3262 2538 martyris
3316 2477 3475 2525 extra
3523 2469 3666 2525 civi-

2071 2564 2236 2610 tatem
2305 2565 2573 2614 oraturus
2633 2559 2922 2630 ingressus
2979 2569 3087 2625 est,
3135 2567 3190 2616 et
3237 2561 3453 2632 expleta
3503 2571 3666 2618 nocte

2072 2649 2326 2720 pervigili
2365 2653 2628 2720 pupulum
2661 2653 2727 2706 ad
2772 2652 2962 2708 urbem
3019 2653 3286 2722 reduxit;
3328 2664 3382 2710 et
3438 2670 3564 2710 cum
3595 2655 3664 2709 ad

2065 2741 2356 2797 ecclesiam
2389 2743 2745 2811 accessisset,
2805 2745 3012 2799 clausa:
3068 2745 3483 2817 obsignaueque
3543 2746 3667 2817 ejus

2069 2835 2215 2892 fores
2280 2837 2464 2890 statim
2544 2846 2748 2907 apertae
2818 2848 2950 2894 sunt
3026 2849 3286 2908 tanquam
3358 2839 3664 2897 vehementi

2067 2941 2203 2981 aura
2237 2927 2426 2997 pulsae,
2457 2935 2513 2982 et
2539 2927 2606 2982 ad
2643 2945 2833 2984 muros
2861 2930 3042 2984 illisae.
3086 2929 3213 2987 Hch
3273 2940 3359 2987 est
3389 2932 3658 2995 historia,

2067 3033 2230 3088 quam
2267 3033 2365 3088 pro
2427 3028 2578 3073 certa
2634 3031 2690 3074 et
2726 3021 3054 3077 inconcussa
3090 3023 3416 3079 inmedium
3469 3023 3667 3080 allerre

2068 3125 2178 3165 non
2210 3109 2429 3164 dubitat
2459 3111 2813 3182 Euthymius,
2865 3114 2963 3168 sed
3021 3130 3145 3183 quae
3191 3115 3444 3186 profecto
3498 3117 3666 3173 nimis

2069 3202 2354 3257 imbecillo
2415 3204 2614 3258 nititur
2671 3204 3052 3262 fundamento.
3111 3205 3365 3277 Scriptor
3414 3205 3663 3274 Graccus,

2069 3293 2162 3363 qui
2189 3295 2398 3363 primus
2423 3294 2680 3350 miraculi
2711 3295 2876 3364 hujus
2901 3297 3176 3363 meminit,
3201 3307 3285 3353 est
3313 3299 3668 3356 auctorVita:

2072 3385 2130 3440 S.
2165 3384 2376 3448 Basilii,
2412 3401 2536 3455 qua:
2562 3387 2772 3442 szrculo
2803 3403 2922 3449 vttt.
2950 3389 3033 3444 vel
3109 3390 3295 3460 p0tius
3325 3408 3381 3446 ιι
3440 3392 3663 3462 prodiit.

2069 3479 2249 3534 Fuere
2271 3479 2498 3550 quidem
2540 3481 2818 3547 nonnulli,
2843 3482 2937 3553 qui
3011 3484 3156 3539 hanc
3201 3486 3382 3541 Vitam
3434 3485 3495 3548 S.
3537 3487 3668 3543 Am-

2071 3573 2361 3642 philochio
2385 3573 2664 3630 Iconiensi
2693 3575 2978 3644 episcopo,
3007 3575 3229 3647 ipsique
3263 3577 3472 3635 Basilio
3502 3580 3667 3635 fami-

2072 3668 2376 3724 liarissimo
2416 3670 2583 3726 facile
2625 3672 2966 3739 tribuerunt,
3009 3674 3142 3744 quia
3176 3675 3229 3728 in
3286 3691 3420 3730 mss.
3457 3677 3668 3732 codici-

2075 3762 2178 3817 bus
2211 3763 2316 3818 sub
2347 3762 2720 3832 Amphilochii
2754 3765 2984 3820 nomine
3041 3767 3319 3836 reperitur
3361 3766 3666 3838 descripta,

2071 3864 2128 3910 et
2179 3855 2311 3924 quia
2341 3864 2497 3910 certo
2521 3855 2734 3912 scimus
2767 3854 2824 3912 S.
2853 3857 3304 3927 Amphilochium
3337 3859 3664 3929 episcopum

2071 3947 2417 4003 Iconiensem
2443 3949 2724 4018 quoddam
2765 3951 3081 4006 encomium
3115 3948 3174 4006 S.
3208 3950 3400 4026 Basilii
3431 3953 3668 4022 posteris

2073 4041 2394 4110 reliquisse.
2442 4039 2649 4097 Verum
2702 4044 3019 4098 encomium
3053 4043 3159 4098 hoc
3195 4043 3261 4098 ad
3327 4058 3428 4099 nos
3489 4059 3666 4113 usque

2074 4133 2348 4202 pervenit,
2368 4140 2424 4188 et
2441 4132 2510 4187 ab
2531 4132 2638 4188 hac
2652 4134 2762 4188 vita
2786 4133 2932 4204 stylo
2963 4133 3166 4197 diﬂ'ert,
3187 4141 3242 4189 et
3265 4133 3453 4189 rebus.
3481 4133 3597 4200 Qua
3608 4149 3666 4188 re

2075 4225 2386 4280 communis
2413 4225 2738 4280 criticorum
2772 4235 2857 4282 est
2879 4225 3179 4291 sententia,
3215 4225 3662 4297 Amphilochium

2078 4313 2214 4370 Viue
2248 4314 2310 4369 S.
2348 4315 2536 4371 Basilii
2595 4317 2923 4386 scriptorem
2991 4327 3118 4384 post
3179 4325 3425 4390 tempora
3501 4317 3663 4386 longa

2077 4406 2145 4461 ab
2175 4415 2338 4462 actate
2364 4407 2545 4462 sancti
2581 4405 2832 4464 doctoris
2890 4407 3120 4473 vixisse,
3181 4415 3236 4462 ct
3264 4423 3354 4463 res
3413 4423 3522 4462 non
3555 4422 3665 4464 asc

2075 4499 2246 4564 visas,
2277 4499 2373 4554 sed
2408 4499 2466 4552 in
2494 4499 2694 4570 vulgus
2722 4515 2951 4569 sparsas
3008 4501 3132 4556 sine
3192 4499 3407 4554 delectu
3452 4499 3665 4556 descri-

2077 4593 2280 4662 psisse.
2311 4601 2366 4647 et
2409 4592 2648 4649 fortasse
2697 4594 3068 4669 Amphilocbii
3129 4609 3332 4648 nomen
3402 4595 3510 4650 sibi
3570 4609 3665 4650 as-

2077 4684 2495 4752 sumpsissc,ut
2545 4687 2696 4754 operi
2732 4701 2836 4740 suo
2892 4685 3280 4740 auctoritatem
3336 4685 3666 4740 conciliaret

2076 4781 2131 4824 et
2159 4773 2345 4842 ﬁdem.
2407 4773 2698 4827 Communi
2753 4774 2884 4828 huic
2928 4773 3142 4843 judicio
3200 4773 3527 4830 adversatus
3579 4782 3668 4830 est.

2080 4863 2412 4919 Franciscus
2437 4863 2826 4930 Combeﬁsius,
2854 4866 2942 4920 cui
2968 4866 3108 4920 hanc
3137 4880 3359 4936 quoque
3387 4863 3566 4920 Vitam
3601 4864 3663 4921 S.

2076 4954 2268 5010 Basilii
2304 4954 2360 5010 S.
2381 4957 2771 5027 Ampliilochio
2805 4957 3066 5028 episcopo
3099 4957 3304 5028 placuit
3336 4957 3620 5013 vindicare
3647 4975 3662 5024 ;

2076 5049 2394 5119 compulsus
2421 5058 2507 5104 est
2537 5057 2718 5104 tamen
2737 5059 2792 5104 et
2839 5050 2956 5119 ipse
2992 5047 3158 5103 fateri
3225 5048 3396 5104 fuisse
3452 5049 3601 5102 illam
3631 5062 3661 5100 a

2079 5141 2393 5202 monachis,
2430 5155 2528 5209 per
2553 5155 2791 5210 quorum
2835 5155 3035 5194 manus
3070 5141 3307 5194 decursu
3347 5148 3659 5208 temporum

2078 5233 2322 5298 transiit,
2358 5233 2770 5302 interpolatam,
2800 5244 2854 5286 et
2883 5232 3205 5303 vulgaribus
3241 5229 3660 5290 traditionibus,

2077 5324 2131 5378 ni
2196 5329 2370 5379 mavis
2436 5325 2602 5379 etiam
2666 5324 2918 5380 conﬁctis
2979 5324 3048 5376 ad
3099 5331 3354 5376 ornatum
3418 5319 3664 5374 miriﬁcis

2077 5419 2493 5474 narrationibus
2561 5422 2934 5482 commistam,
3005 5423 3059 5468 et
3117 5422 3356 5466 auctam.
3413 5411 3659 5466 Griecum

2076 5508 2241 5579 huju's
2273 5510 2406 5565 Vita:
2433 5519 2640 5564 textum
2686 5509 2876 5563 Latine
2900 5506 3132 5562 reddidit
3165 5503 3362 5568 Ursus,
3397 5503 3454 5557 S.
3487 5501 3551 5555 R.
3597 5504 3658 5556 E.

2043 5624 2046 5627 ·
2075 5601 2476 5666 subdiaconus,
2501 5601 2794 5656 Anastasio
2843 5599 3266 5654 Bibliothecario
3316 5609 3577 5660 coaevus;
3609 5601 3664 5647 et

2132 5802 2244 5876 (45)
2269 5802 2619 5881 littcrEpist.
2655 5801 2715 5856 S.
2751 5798 2941 5856 Leonis
2977 5795 3184 5868 Magni,
3207 5814 3294 5868 ep.
3328 5797 3420 5863 98,
3455 5802 3588 5850 tom.
3614 5791 3659 5842 l.
