4146 6420
507 408 581 469 35
1840 387 2252 448 PROLEGOM
2264 388 2440 447 ENA.
3694 380 3761 444 36

504 512 636 581 quia
664 506 819 574 plura
849 510 1151 558 occurrunt
1176 502 1229 555 in
1247 503 1349 553 hac
1374 498 1630 553 versione
1656 496 1739 552 vel
1766 497 2076 560 innnutata,
2255 496 2399 552 XIV.
2428 494 2552 552 llaec
2583 502 2735 556 sunt,
2793 494 2877 547 vir
2932 491 3028 557 cl.,
3061 506 3185 561 qua:
3247 492 3301 547 in
3361 492 3499 547 meis
3545 491 3767 547 schedis

506 603 592 658 vel
618 600 848 667 adjecta,
878 598 958 647 Vel
997 594 1228 657 omissa,
1269 607 1500 647 necesse
1558 600 1648 646 est
1699 588 1883 642 dicere
1934 587 2080 656 quod
2188 592 2586 645 adnotaveram
2625 588 2691 642 de
2726 586 3019 658 Euthymio
3049 584 3350 655 Zigabeno,
3393 594 3451 639 et
3519 584 3589 640 de
3642 585 3765 654 ejus

508 694 685 749 Ursus
711 701 806 745 aut
831 690 1078 744 codicem
1114 688 1178 741 ad
1240 700 1435 740 manus
1491 684 1739 738 habuerit
1784 681 2084 751 puriorem,
2190 683 2332 736 libro
2363 682 2643 735 invectivo
2672 692 2865 741 contra
2903 679 3243 749 Bogomilos,
3277 679 3435 748 cujus
3486 677 3768 748 fragmen-

510 796 604 842 aut
636 786 779 853 quod
811 798 1030 853 aequum
1062 782 1379 847 bonumque
1403 776 1627 831 duxerit
1660 790 1769 827 non
1798 776 1958 825 modo
2005 771 2091 823 in-
2191 786 2305 830 tum
2339 773 2627 838 iueditum,
2659 787 2686 825 a
2718 788 2803 826 me
2830 786 2897 827 ex
2940 769 3210 826 Vaticano
3263 772 3452 826 codice
3492 772 3621 826 olim
3669 771 3767 827 de-

512 880 770 948 terpretis
805 882 907 931 sibi
949 887 1131 944 partes
1180 892 1420 939 sumere,
1478 874 1575 929 sed
1642 875 1805 927 etiam
1862 871 2088 939 judicis.
2193 868 2487 935 scriptum,
2524 864 2839 933 nuncjuris
2876 864 2956 918 tui
2990 864 3168 918 libens
3202 863 3366 918 facio.
3429 863 3596 918 Plura
3629 863 3769 932 adji-

511 972 680 1024 l’orro
709 973 837 1039 quia
874 972 1016 1024 inter
1050 971 1256 1023 omissa
1288 969 1390 1021 huc
1422 969 1601 1037 ipsqu
1655 974 1739 1018 est
1773 965 1840 1017 ab
1879 962 2088 1032 Euthy-
2190 978 2316 1016 cere
2346 960 2652 1028 potuissem
2686 974 2701 1021 ;
2730 956 2825 1011 sed
2851 966 3001 1011 esset
3054 954 3303 1025 profecto
3338 963 3536 1025 printer
3568 970 3768 1023 propo-

512 1066 620 1117 mio
682 1075 1043 1117 memoratum
1134 1063 1485 1125 miraculum,
1552 1057 1844 1113 manifesto
1920 1065 2088 1126 patet,
2188 1052 2355 1107 situm
2390 1060 2546 1104 tuum
2583 1049 2793 1121 edendi
2825 1058 3071 1102 veterum
3106 1048 3444 1116 scriptorum
3472 1046 3764 1108 anecdota,

509 1156 674 1209 ctiam
708 1165 835 1208 ante
862 1155 1142 1226 Euthymii
1177 1163 1392 1208 aetatem
1432 1153 1562 1206 illud
1596 1152 1677 1205 vel
1711 1166 1813 1219 pro
1859 1151 2084 1217 penitus
2188 1144 2233 1200 si
2255 1144 2351 1198 tibi
2383 1144 2656 1197 mitterem
2685 1142 2959 1211 prolixum
3012 1138 3082 1196 de
3112 1139 3511 1211 Bogomilorum
3539 1137 3767 1193 historia

513 1247 673 1312 falso,
699 1247 781 1301 vel
812 1248 1003 1303 saltem
1056 1264 1153 1315 pro
1189 1247 1346 1302 valde
1387 1246 1555 1300 dubio
1590 1244 1762 1299 fuisse
1813 1242 2085 1296 habitum.
2186 1248 2504 1294 tractatum.
2528 1235 2682 1291 Vale.

1001 1628 2112 1811 EUTHYMII
2263 1617 3295 1799 ZIGABENI

1713 2008 2591 2103 COMMENTABIA

1320 2319 1597 2523 IN
1739 2308 2970 2519 PSALMOS

1134 2822 1405 2907 ANT.
1515 2814 2367 2911 BONGIOVANNI
2469 2813 3151 2908 PRIEFATIO.

596 3180 654 3238 Si
708 3180 833 3253 quis
883 3180 1025 3237 scire
1046 3181 1197 3251 cupit
1256 3180 1383 3251 quid
1418 3180 1474 3236 in
1534 3196 1699 3238 causa
1734 3182 1897 3238 nobis
1928 3180 2114 3245 fuerit,
2168 3181 2527 3251 quamobrem
2562 3180 2698 3238 istos
2732 3180 2994 3253 Zigabeni
3019 3181 3465 3242 Commentarios
3493 3189 3546 3241 in
3582 3185 3778 3244 Theo-

527 3276 763 3347 phylacti
794 3289 1021 3345 operum
1051 3276 1293 3330 editione
1351 3277 1666 3332 locaremus
1699 3276 1777 3347 (a)
1808 3293 1823 3342 ;
1868 3278 1912 3332 si
1950 3276 2169 3346 paulum
2205 3277 2251 3331 is
2290 3275 2587 3329 attenderit
2621 3276 2688 3329 ad
2719 3292 2781 3331 ea
2813 3292 2936 3346 qua:
2968 3277 3023 3331 in
3058 3276 3390 3334 Praefatione
3426 3294 3592 3350 supra
3636 3282 3787 3336 dixi-

529 3386 679 3434 mus,
718 3370 771 3425 id
802 3371 921 3441 ipse
951 3386 1044 3439 per
1077 3386 1136 3425 se
1174 3372 1335 3425 facile
1366 3370 1655 3440 intelliget.
1686 3370 1821 3425 Cum
1855 3370 2002 3423 enim
2028 3366 2692 3435 deessent'l‘heophylacti
2716 3365 3121 3422 Commentaria
3160 3370 3214 3424 in
3245 3379 3452 3440 septem
3478 3375 3789 3445 prophetas

538 3463 819 3527 minores;
853 3477 1027 3531 eaque
1053 3476 1176 3531 quae
1206 3463 1262 3516 in
1303 3462 1496 3516 codice
1521 3461 1790 3516 Bavarico
1824 3461 2258 3524 continerentur,
2290 3475 2397 3513 non
2442 3459 2858 3529 Theophylacti,
2890 3461 2983 3515 sed
3019 3460 3349 3517 Theodoreti
3381 3478 3507 3519 esse
3527 3480 3790 3538 comper-

527 3566 644 3610 tum
676 3555 1053 3619 habuerimus,
1100 3570 1329 3609 necesse
1365 3566 1656 3625 prepterea
1686 3555 1786 3609 fuit
1815 3556 1882 3608 ad
1934 3555 2080 3609 aliud
2133 3554 2362 3608 alterius
2416 3553 2707 3622 scriptoris
2754 3568 2894 3623 opus
2926 3554 3243 3624 confugere,
3272 3571 3382 3625 quo
3434 3563 3671 3626 quartus
3697 3560 3791 3621 hic

528 3662 709 3705 tomus
742 3650 1137 3720 compleretur.
1171 3648 1335 3703 Multa
1371 3664 1536 3719 porro
1593 3650 1754 3704 nobis
1780 3666 1846 3705 ex
1883 3649 2273 3719 manuscriptis
2330 3648 2616 3707 codicibus
2663 3648 3033 3718 suppetebant
3068 3651 3446 3718 pra-stantium
3483 3660 3789 3712 auctorum

525 3758 719 3812 Opera,
750 3744 995 3799 nondum
1032 3745 1276 3813 vulgata,
1309 3746 1493 3799 omnia
1516 3759 1650 3799 sane
1672 3744 1834 3813 digna
1866 3758 1990 3811 quae
2016 3741 2071 3795 in
2097 3744 2272 3796 lucem
2304 3740 2704 3812 proferrentur.
2738 3737 2816 3792 Ex
2843 3739 2931 3793 his
2956 3749 3138 3794 tamen
3169 3740 3470 3811 delegimus
3502 3740 3793 3816 Euthymii

526 3840 790 3909 Zigabeni
814 3841 1229 3895 tiommentaria
1262 3844 1317 3895 in
1348 3841 1623 3904 Psalmos,
1659 3840 1875 3896 duabus
1898 3841 1966 3896 de
1992 3841 2212 3895 causis:
2250 3839 2421 3893 altera
2448 3838 2591 3909 quod
2623 3835 3030 3906 Theophylacto
3054 3850 3154 3907 par
3179 3836 3397 3908 ingenio
3426 3846 3510 3894 est
3542 3838 3787 3910 Zigabe-

528 3947 674 3995 nus;
704 3933 898 3996 altera,
922 3933 1065 4000 quod
1098 3934 1150 3988 id
1181 3948 1321 4003 opus
1349 3933 1597 4001 ejusdem
1628 3933 1790 4005 plane
1811 3934 2028 4005 generis
2052 3943 2160 3999 est,
2191 3933 2352 4003 cujus
2382 3930 2781 4002 Theophylacti
2831 3930 3063 4000 scripta,
3094 3947 3217 4003 qua:
3247 3935 3301 3987 in
3326 3934 3506 3990 sacris
3537 3934 3797 4007 Scriptu-

526 4029 606 4085 ris
637 4029 1065 4099 interpretandis
1094 4040 1469 4086 versarentur.

603 4124 775 4182 Venio
808 4143 953 4183 nunc
982 4129 1047 4183 ad
1078 4128 1324 4183 Latinam
1358 4128 1895 4199 interpretationem.
1956 4128 2031 4182 Ea
2062 4137 2148 4184 est
2182 4127 2357 4193 Sauli,
2414 4125 2662 4197 episcopi
2694 4124 3109 4196 Brugnatensis,
3141 4125 3256 4196 qui,
3294 4137 3353 4182 ut
3377 4126 3487 4182 fere
3517 4128 3597 4192 fit,
3624 4129 3795 4200 plura

526 4218 714 4284 modo,
743 4222 906 4276 modo
935 4223 1191 4291 pauciora
1229 4222 1284 4277 in
1325 4222 1518 4277 codice
1559 4237 1662 4277 suo
1695 4223 1922 4290 reperit,
1947 4236 2109 4291 quam
2149 4222 2203 4275 in
2270 4221 2459 4275 codice
2492 4221 2703 4274 Veneto
2729 4222 3095 4288 reperiantur.
3137 4218 3412 4274 Interdum
3445 4222 3611 4274 etiam
3644 4238 3798 4290 (pue-

524 4312 655 4365 dam
686 4328 750 4365 ex
783 4315 1002 4383 ingenio
1026 4329 1126 4368 suo
1157 4314 1330 4377 addit,
1355 4315 1758 4383 explanationis
1792 4314 1989 4385 gratia.
2021 4313 2155 4377 Qua:
2177 4315 2359 4382 itaque
2386 4312 2604 4367 duobus
2626 4311 2786 4365 uncis
2818 4312 2938 4368 istis
2966 4313 3008 4380 ()
3041 4311 3394 4373 clauduntur,
3421 4326 3485 4365 ea
3515 4310 3568 4364 in
3596 4314 3801 4370 codice

529 4408 741 4461 Veneto
788 4408 1201 4473 desiderantur;
1235 4423 1358 4476 quae
1379 4424 1508 4463 vero
1540 4409 1714 4477 signis
1744 4409 1829 4463 his
1853 4428 1908 4461 «ι
1948 4418 2230 4471 notantur,
2268 4424 2331 4463 ea
2387 4409 2585 4463 desunt
2622 4410 2674 4462 in
2706 4409 2915 4467 codice.
2944 4423 3054 4476 quo
3088 4422 3220 4461 usus
3259 4415 3343 4460 est
3370 4404 3599 4462 Latinus
3646 4411 3796 4467 idem

530 4499 811 4566 interpres
839 4513 854 4562 ;
885 4512 1061 4566 eaque.
1088 4513 1154 4551 ex
1187 4498 1386 4552 codice
1414 4496 1624 4552 Veneto
1657 4498 1843 4553 Grazce
1870 4508 1924 4552 et
1948 4498 2144 4552 Latine
2174 4498 2333 4568 primi
2364 4499 2580 4552 damus.
2610 4499 2734 4554 Haec
2769 4498 2937 4555 semel
2970 4500 3071 4553 hoc
3093 4498 3212 4552 loco
3236 4500 3513 4555 monuisse
3532 4500 3797 4575 sufﬁciat,

531 4606 603 4644 ne
639 4590 825 4644 eadem
856 4589 1088 4659 singulis
1126 4591 1239 4645 fere
1276 4592 1510 4661 paginis,
1549 4592 1713 4661 idque
1745 4593 1966 4661 sazpius,
2002 4592 2287 4656 iterantes,
2323 4591 2602 4647 fastidium
2632 4594 2939 4664 legentibus
2981 4606 3320 4647 moveamus.

603 4680 723 4736 1am
750 4697 878 4736 vero
912 4683 979 4736 de
1011 4681 1193 4752 operis
1222 4685 1535 4754 praestantia
1588 4699 2055 4754 supervacaneum
2086 4694 2171 4740 est
2204 4685 2410 4739 dicere.
2449 4683 2597 4740 Satis
2628 4687 2773 4740 enim
2800 4701 2859 4740 se
2897 4685 3073 4753 ipsum
3113 4683 3408 4752 legentibus
3436 4689 3805 4761 commendal

526 4772 1041 4841 commendavitque
1080 4788 1293 4839 semper
1316 4774 1508 4829 merito
1565 4790 1668 4830 suo
1725 4776 2079 4844 auctorisque
2101 4777 2184 4830 sui
2228 4776 2589 4843 celebritate;
2628 4792 2737 4846 quo
2788 4776 2982 4829 merito
3006 4790 3181 4843 qttave
3214 4774 3532 4829 celebritate
3579 4775 3800 4831 factum

530 4870 641 4923 est,
669 4869 729 4913 ut
760 4863 960 4929 saepius
994 4864 1368 4918 recnderetur.
1391 4863 1584 4919 Plures
1612 4865 1755 4919 enim
1779 4876 1904 4918 ante
1923 4864 2064 4919 hanc
2092 4867 2211 4936 ejus
2230 4865 2413 4935 operis
2442 4865 2713 4921 editiones
2735 4864 2939 4919 Latina:
2959 4865 3311 4934 prodierunt;
3342 4864 3510 4917 altera
3534 4863 3801 4935 Veronae,

529 4954 707 5008 altera
730 4952 992 5018 Venetiis,
1018 4954 1243 5011 Parisiis
1264 4957 1405 5021 alite,
1432 4957 1550 5012 alia:
1578 4957 1700 5013 aliis
1734 4959 1788 5012 iu
1812 4957 1969 5019 locis,
2011 4956 2153 5022 Quid
2182 4958 2285 5011 hoc
2316 4956 2419 5011 sibi
2451 4957 2601 5011 vult?
2629 4956 2682 5010 Id
2715 4971 2853 5026 opus
2886 4955 3144 5010 nimirum
3177 4969 3299 5009 esse
3327 4956 3486 5024 longe
3520 4959 3804 5024 optimum

531 5057 701 5115 atque
726 5050 1243 5115 prmstantissimum
1269 5065 1283 5103 :
1308 5052 1362 5105 ni
1394 5052 1540 5107 enim
1578 5052 1683 5106 tale
1706 5060 1874 5117 esset,
1909 5050 2125 5122 placere
2158 5059 2446 5120 tantopere
2482 5066 2591 5105 non
2639 5052 2932 5121 potuisset,
2970 5050 3130 5119 idque
3156 5062 3393 5117 semper,
3423 5055 3477 5101 et
3511 5053 3808 5118 omnibus,

532 5147 592 5193 et
630 5139 857 5208 ubique.
890 5140 1047 5207 Quod
1098 5145 1142 5197 si
1202 5153 1491 5215 tantopere
1544 5145 1746 5227 placuit
1776 5146 1969 5200 Latine
2006 5155 2240 5207 tantum,
2292 5155 2481 5199 extera
2514 5144 2726 5214 lingua,
2761 5145 2969 5199 auctori
3011 5158 3112 5198 suo
3144 5142 3299 5212 plane
3336 5142 3545 5210 ignota,
3592 5157 3807 5211 quanto

537 5234 736 5302 magis,
774 5241 958 5302 putas,
997 5234 1048 5287 id
1087 5236 1322 5304 placebit
1355 5238 1542 5292 Grates
1579 5239 1783 5307 lingua,
1813 5253 1920 5306 qua
1954 5245 2147 5291 auctor
2180 5237 2434 5307 egregius
2469 5236 2739 5306 scripsit?
2770 5235 2909 5289 Cum
2949 5234 3143 5288 Latina
3178 5234 3341 5287 verba
3376 5232 3531 5300 legis,
3570 5232 3806 5293 Saulum

532 5324 735 5391 audis;
770 5341 892 5379 cum
939 5326 1127 5381 Graeca
1149 5368 1163 5392 ,
1197 5329 1555 5399 Zigabeuum.
1590 5330 1825 5385 Tantum
1881 5345 2048 5401 porro
2077 5330 2219 5384 inter
2257 5329 2361 5385 hoc
2402 5339 2564 5400 atque
2597 5330 2726 5384 illud
2774 5330 3024 5394 interest,
3059 5336 3318 5397 quantum
3345 5327 3484 5379 inter
3517 5327 3807 5388 hominem

538 5415 777 5480 intersit,
806 5427 860 5471 et
887 5418 1006 5486 ejus
1038 5420 1353 5491 imaginem,
1388 5438 1507 5492 quae
1539 5423 1590 5476 in
1618 5425 1840 5492 speculo
1871 5432 2322 5491 repraesentetur.
2350 5424 2427 5477 Ex
2466 5425 2690 5493 optimis
2719 5439 2883 5495 porro
2912 5422 3155 5477 fontibus
3191 5420 3369 5474 hausit
3393 5429 3592 5475 auctor
3617 5436 3813 5482 noster

538 5513 815 5579 egregius,
848 5523 905 5566 ut
934 5518 1269 5582 experientia
1298 5519 1443 5573 docti
1499 5527 1842 5589 compertum
1907 5518 2195 5574 habemus.
2222 5519 2488 5576 Praeclare
2520 5520 2740 5588 quidem
2776 5520 2822 5573 is
2854 5518 3076 5573 disserit
3108 5517 3163 5570 in
3187 5514 3520 5570 versiculum
3559 5519 3811 5586 primum

539 5602 731 5669 psalmi
764 5603 922 5671 primi
956 5602 1152 5659 Beatus
1184 5608 1284 5673 vir,
1317 5608 1520 5664 docens
1560 5624 1655 5678 per
1696 5609 1872 5663 virum
1908 5624 2014 5664 non
2046 5609 2267 5663 excludi
2304 5611 2585 5665 mulierem
2613 5627 2628 5676 ;
2658 5622 2714 5663 at
2744 5609 2883 5675 hazc,
2915 5618 2971 5663 ut
3007 5608 3265 5679 pleraque
3299 5607 3426 5675 alia,
3461 5607 3814 5683 deprompsit

598 5804 669 5865 (α)
705 5803 825 5865 Οιιρη
868 5806 1247 5871 Thcopbylacti,
1275 5811 1454 5861 Venet.
1484 5812 1703 5861 17358-65.
1738 5840 1788 5849 --
1819 5811 2117 5873 Patroloqia?
2149 5818 2266 5862 tom.
2296 5810 2714 5861 CXXIII-CXXVI.
