4146 6426
399 418 464 480 ἓἿ
1757 412 2352 476 PROLEGOMENA.
3613 407 3686 472 38

403 547 472 584 es
515 530 725 590 Basilio
757 531 860 604 (α),
900 533 987 589 vel
1039 531 1408 587 Theodoreto.
1438 529 1588 586 Scite
1621 530 1764 586 idem
1800 531 2197 598 interpretatur
2231 525 2563 582 versiculum
2598 527 2819 580 tertium
2865 535 2920 582 et
2955 540 3160 582 nonum
3189 526 3386 597 psalmi
3425 526 3682 592 secundi,

408 617 802 691 Dirumpamus
825 623 1040 677 vincula
1068 639 1250 677 corum
1278 639 1296 677 :
1331 639 1476 692 reges
1512 638 1599 676 eos
1624 622 1676 675 in
1709 621 1854 692 virga
1877 621 2073 690 ferrea,
2113 633 2210 687 per
2240 618 2512 672 \inculum
2545 615 2830 671 Judaicam
2857 618 3053 688 legem,
3083 634 3180 688 per
3211 618 3418 688 virgam
3455 631 3681 672 crucem

411 714 729 786 intelligens
772 725 872 772 :at
911 717 1046 782 hec,
1085 727 1142 772 ut
1189 718 1292 771 alia
1326 719 1465 772 bene
1495 716 1686 780 utulta,
1742 713 2081 783 deprompsit
2126 729 2190 767 ex
2245 727 2440 782 magno
2473 712 2775 767 Athanasio
2811 713 2905 779 (ὁ).
2927 713 3168 783 Egregie
3198 727 3417 782 quoque
3452 711 3684 766 disserit

415 813 486 866 de
545 823 752 882 septem
809 828 1093 869 sacrarum
1135 814 1547 883 Scripturarum
1579 813 1937 875 editionibus,
1967 825 2075 879 quo
2115 825 2345 878 qureque
2377 817 2646 877 tempore,
2680 820 2731 862 et
2763 823 2792 860 a
2825 823 2936 876 quo
2967 809 3186 876 Scriptis-
3213 808 3442 860 (statim.
3473 804 3675 859 Verum

414 906 533 959 bare
569 905 874 976 desumpsit
903 921 969 960 ex
1006 917 1238 961 auctore
1263 906 1588 976 Synopseos,
1653 921 1776 975 qua:
1805 919 2000 975 magno
2028 901 2202 956 eidem
2238 901 2542 954 Athanasio
2569 901 2854 954 tribuitur.
2879 900 3014 964 Qua“:
3036 913 3164 954 vero
3189 900 3256 952 de
3291 897 3578 954 Psalterio.
3619 895 3691 949 de

413 1002 545 1066 ode,
594 1004 661 1056 de
699 1003 1092 1072 diapsalmate,
1159 1003 1225 1056 de
1255 1003 1491 1057 caneris
1531 1003 1784 1058 edisserit
1815 1001 1865 1054 in
1906 998 2175 1069 prommio
2218 997 2552 1065 Zigabenns,
2580 1012 2666 1058 ea,
2699 999 2758 1050 ut
2788 998 2892 1050 alia
2934 996 3242 1063 complura,
3277 991 3560 1056 αὐτολεξεὶ
3590 995 3688 1044 dc-

417 1095 697 1163 prompsit
725 1111 788 1148 ex
820 1093 1043 1149 Eusebii
1069 1092 1336 1162 Pamphili
1357 1103 1703 1164 argumento,
1741 1093 2079 1162 reliquisque
2105 1090 2517 1143 commentariis
2553 1090 2606 1142 in
2637 1089 2898 1143 i’salmos.
2938 1087 3204 1153 Quoniam
3238 1095 3416 1138 autem
3446 1085 3512 1148 in,
3537 1083 3689 1138 hunc

412 1189 601 1240 locum
647 1189 962 1250 incidimus,
1000 1201 1180 1254 operae
1210 1187 1442 1254 pretium
1475 1188 1734 1242 ducimus
1772 1187 1859 1240 hic
1908 1185 2174 1239 exhibere
2215 1183 2524 1254 argumenti
2587 1183 2761 1251 ipsius
2793 1182 3033 1245 initium,
3063 1177 3210 1248 quod
3243 1177 3295 1230 in
3329 1177 3689 1232 celeberrima

413 1280 717 1334 clarissimi
762 1278 1160 1335 Montl‘auconii
1208 1277 1451 1332 editione
1499 1276 1864 1332 desideratur.
1916 1275 1970 1328 Id
2027 1285 2208 1329 autem
2254 1274 2652 1343 exscripsimus
2678 1288 2742 1326 ex
2776 1273 3154 1354 vetustissimo
3178 1275 3368 1328 codice
3414 1266 3687 1324 Bernardi

415 1370 803 1432 Nani..Yeneti
831 1372 1129 1435 senatoris,
1154 1387 1330 1440 nuper
1379 1369 1538 1440 (proh
1570 1369 1728 1424 dolor
1753 1370 1766 1422 l
1791 1369 1808 1438 )
1832 1368 1945 1422 fato
1983 1369 2181 1430 functi,
2246 1369 2314 1423 de
2350 1384 2408 1421 re
2432 1366 2696 1420 litteraria
2736 1366 2941 1436 optime
2977 1365 3178 1428 meriti,
3209 1367 3303 1437 qui
3335 1381 3458 1421 cum
3487 1364 3689 1418 multos

415 1461 666 1531 undique
695 1458 916 1516 codices
951 1459 1344 1530 conquisisset,
1371 1474 1536 1530 opera
1574 1456 1760 1512 Jacobi
1790 1457 1998 1520 fratris,
2030 1458 2236 1512 strenui
2271 1457 2393 1523 viri,
2427 1457 2642 1511 navium
2675 1455 2937 1526 praefecti,
2964 1471 3059 1510 eos
3095 1456 3250 1523 mihi,
3288 1465 3546 1524 tanquam
3573 1473 3685 1512 rem

417 1571 624 1614 meam,
655 1553 886 1609 utendos
919 1554 1316 1610 humanissime
1342 1555 1637 1610 concessit.
1679 1554 1753 1608 Ex
1781 1555 1866 1608 his
1915 1555 2098 1626 itaque
2122 1554 2427 1622 codicibus,
2467 1555 2558 1624 qui
2583 1568 2812 1608 numero
2851 1548 3044 1605 XXXII
3072 1553 3315 1620 notatur,
3349 1553 3430 1609 sic
3463 1552 3688 1609 Eusebii

414 1658 802 1716 argumentum
834 1649 885 1700 in
911 1646 1157 1704 Psalmos
1182 1648 1403 1703 exhibet
1428 1664 1441 1700 :

1441 1742 1758 1807 ’Υπόθεσις
1791 1742 2088 1795 Εὐσεόίου
2117 1743 2208 1806 εἰς
2235 1739 2300 1795 τὸ
2331 1739 2677 1810 Διάψαλμα.

493 1829 763 1894 Πολλάκις
791 1831 1033 1905 ζητήσας
1052 1835 1151 1905 τὴν
1173 1836 1354 1888 αἰτίαν
1372 1834 1466 1888 τοῦ
1493 1837 1897 1906 ἐπιγράφεσθαι
1932 1834 2136 1906 μεταξύ
2167 1853 2331 1888 τινων
2357 1834 2592 1904 ψαλμῶν
2616 1833 2920 1904 διαψαλμα,
2943 1831 3169 1902 ὕστερον
3201 1835 3605 1904 παρατηρήσας
3629 1835 3686 1888 ἐν

411 1922 495 1992 τῷ
533 1922 832 1994 Ἐϐραῖκῷ,
865 1926 960 1980 καὶ
997 1926 1363 1991 συνεξετάσας
1394 1927 1544 1998 αὑτῴ
1570 1929 1631 1981 τὸ
1674 1927 2011 1999 Ἑλληνικὸν,
2037 1923 2219 1998 εὖρον,
2250 1927 2486 1980 ὃτιόπου
2535 1927 2818 1998 Ἐϐραϊστὶ
2845 1925 2956 1989 σὲλ,
3005 1925 3312 1996 Ἑλληνιστὶ
3336 1925 3392 1978 δὲ
3423 1926 3534 1990 ἀεὶ,
3563 1929 3688 1998 ἦτοι

413 2017 648 2087 τοιοὺτῳ
675 2017 1058 2090 ἰσοδυναμοῦν,
1087 2023 1203 2075 ἐκεῖ
1224 2023 1273 2074 οἱ
1301 2017 1378 2089 0',
1403 2023 1500 2075 καὶ
1524 2022 1844 2088 Θεοδοτίων,
1867 2025 1961 2076 καὶ
1987 2019 2286 2094 Σύμμαχος
2307 2023 2505 2096 ἔταξαν
2533 2021 2594 2075 τὸ
2616 2020 2920 2092 διάψαλμα.
2956 2019 3244 2089 Ἐγραψαν
3274 2019 3455 2073 τοίνυν
3481 2021 3541 2074 τὸ
3570 2021 3689 2075 διά·
3747 2057 3769 2071 .

412 2112 612 2182 ψαλμα
642 2131 695 2168 κ.
732 2133 786 2169 τ.
829 2115 880 2170 λ.

499 2205 627 2261 llaec
654 2207 816 2264 dirus
853 2209 1219 2282 Hieronymus
1248 2210 1319 2282 (c)
1359 2211 1432 2266 ita
1459 2210 1655 2266 Latine
1685 2209 1944 2264 reddidit.

499 2317 516 2348 ο
556 2298 711 2368 δωρε
741 2317 993 2370 qurerens
1023 2314 1242 2366 causas,
1281 2318 1379 2356 cur
1403 2303 1455 2355 in
1483 2301 1814 2371 quibusdam
1873 2301 2098 2370 psalmis
2144 2303 2523 2372 interponatur
2558 2302 2886 2370 diapsalma,
2950 2303 3236 2356 observavi
3273 2301 3689 2372 diligentissime

417 2393 475 2442 in
547 2388 796 2457 Hebraeo,
836 2403 890 2448 et
949 2407 1074 2448 cum
1127 2391 1320 2448 Grzeco
1381 2395 1612 2457 contuli,
1678 2393 1972 2463 iuvenique
2019 2397 2147 2463 quia
2197 2395 2288 2447 ubi
2325 2395 2505 2464 lingua
2544 2394 2770 2449 Hebraea
2814 2393 2938 2448 Sela
2969 2396 3092 2465 (ms.
3127 2394 3238 2464 Sel)
3291 2397 3472 2459 habet,
3503 2395 3688 2450 Grm-a

421 2499 556 2536 τοιτο
606 2501 830 2552 semper,
879 2493 971 2540 aut
1027 2485 1232 2557 aliquid
1269 2486 1604 2550 istiusmodi,
1651 2485 1722 2540 ibi
1768 2485 2150 2556 Septuaginta,
2187 2485 2626 2552 etTheodotiun,
2661 2496 2716 2541 et
2747 2485 3114 2564 Symmachus
3143 2488 3540 2541 transtulerunt
3575 2488 3692 2539 diuo

418 2576 650 2643 psalmo.
676 2598 693 2629 ι

501 2673 624 2728 llaec
660 2676 951 2737 Eusebius,
981 2675 1048 2730 ab
1078 2674 1312 2747 Origene
1341 2683 1622 2729 mutuatus
1652 2673 1719 2728 ad
1747 2673 1998 2727 verbum.
2025 2671 2084 2726 Id
2117 2683 2296 2727 autem
2329 2671 2694 2730 libentissime
2743 2674 2960 2741 damus,
3002 2689 3176 2744 eoque
3215 2675 3377 2729 etiam
3413 2674 3692 2736 libentius.

422 2771 571 2837 quod
605 2767 820 2824 Eusebii
861 2771 1079 2824 nomine
1111 2768 1655 2838 nondumvulgatum
1696 2773 1802 2830 est,
1841 2765 2097 2834 quodque
2121 2773 2236 2818 tum
2279 2761 2539 2830 Eusebio,
2581 2772 2693 2819 tum
2742 2766 3059 2838 Euthymio,
3094 2775 3208 2822 tum
3243 2770 3406 2823 etiam
3451 2767 3695 2842 Origeui.

424 2857 578 2910 unde
604 2870 881 2928 sumptum
921 2868 1028 2923 est,
1069 2859 1396 2914 ill’ustrando
1452 2858 1746 2928 plurimum
1779 2855 2015 2912 confert.
2042 2855 2117 2909 Ex
2150 2855 2236 2911 his
2270 2856 2437 2926 igitur
2487 2858 2746 2913 omnibus
2784 2858 2968 2913 hausit
3004 2858 3336 2927 Zigabe-ius,
3387 2877 3488 2913 nec
3517 2878 3578 2914 ex
3610 2863 3697 2914 bis

423 2953 630 3014 solum,
665 2951 758 3006 sed
791 2953 958 3003 etiam
993 2965 1058 3004 ex
1100 2949 1246 3011 aliis,
1279 2959 1513 3018 quorum
1545 2960 1711 3015 opera
1746 2955 1842 2999 aut
1894 2946 2316 3009 interciderunt,
2350 2957 2444 2999 aut
2473 2948 2524 2999 in
2565 2946 2913 3003 bibliothecis
2943 2952 3319 3018 manuscripts
3345 2951 3695 3008 delitescunt.

434 3044 600 3114 Lege,
645 3044 689 3096 si
721 3045 921 3112 placet.
953 3041 1206 3112 Origenis
1231 3039 1523 3110 Exegetica
1551 3041 1606 3092 in
1637 3039 1907 3099 Psalmos,
1944 3052 2207 3107 percurre
2239 3035 2423 3092 Basilii
2448 3038 2915 3106 Commentarios,
2951 3042 3172 3096 revolve
3205 3041 3462 3114 Ilesychii
3503 3043 3703 3098 Hiero-

427 3137 747 3208 solymitani
784 3135 1043 3199 Scholia;
1074 3135 1159 3189 adi
1191 3134 1252 3188 S.
1281 3133 1551 3188 Joannem
1585 3131 2061 3202 Chrysostomum,
2102 3129 2158 3185 S.
2200 3129 2462 3201 Cyrillum
2494 3131 2951 3200 Alexandrinum,
2983 3142 3212 3189 czrleros
3237 3133 3290 3187 in
3330 3137 3511 3189 aureis
3534 3137 3705 3190 (late—

429 3235 521 3288 nis
556 3232 948 3300 mannScriptis
981 3230 1182 3286 Griecaa
1212 3229 1272 3284 ί).
1307 3228 1472 3283 Marci
1513 3227 1878 3289 bibliotheca),
1909 3241 1972 3279 ex
2006 3225 2204 3294 quibus
2231 3226 2488 3280 on'iuibus
2522 3227 2689 3280 multa
2724 3225 3509 3298 Zigabenum-deprompsisse
3536 3247 3700 3284 com-

424 3325 634 3396 peries.
661 3301 797 3376 Cum
833 3324 1018 3392 itaque
1037 3321 1495 3390 praestantissimo
1525 3319 1746 3389 ingenio
1769 3316 2185 3386 sitZigabenus,
2212 3331 2336 3369 cum
2367 3331 2430 3369 ex
2461 3317 2683 3386 optimis
2719 3318 2836 3386 ipse
2860 3317 3106 3374 fontibus
3143 3320 3410 3384 hauserit,
3443 3322 3698 3391 Origene,

427 3414 758 3479 Athanasio,
786 3413 1007 3470 Basilio.
1035 3412 1454 3484 Chrysostomo,
1484 3410 1778 3481 llesycbio,
1815 3409 2033 3465 caeteris
2069 3425 2083 3460 :
2141 3422 2324 3470 nemo,
2358 3408 2576 3476 Opinor,
2606 3411 2842 3480 amplius
2877 3413 3190 3478 mirabitur,
3223 3413 3370 3481 quod
3404 3425 3510 3468 tam
3539 3431 3698 3484 egre-

428 3507 522 3575 gia
557 3505 668 3559 sint
698 3507 820 3573 eius
853 3503 1262 3558 Commentaria
1296 3503 1350 3556 in
1385 3501 1660 3565 Psalmos,
1692 3500 1950 3571 quodque
1992 3501 2124 3556 viris
2154 3504 2388 3560 eruditis
2446 3513 2733 3576 tantopere
2758 3520 2976 3576 semper
3003 3508 3332 3575 placuerint.
3367 3508 3520 3572 Quod
3574 3525 3698 3563 cum

427 3603 510 3655 ita
531 3603 625 3664 sit,
678 3609 1022 3672 pergratum,
1079 3599 1299 3670 opinor,
1335 3613 1546 3670 perque
1572 3598 1877 3669 jucundum
1910 3599 2170 3656 omnibus
2202 3602 2308 3655 erit
2343 3601 2395 3655 id
2434 3616 2595 3672 opus,
2632 3601 2776 3672 quod
2810 3600 2916 3665 ipsi
2953 3601 3118 3672 primi
3149 3602 3340 3658 Graece
3370 3603 3590 3668 damus,
3622 3619 3686 3656 ea

431 3705 634 3762 scrape
667 3692 874 3763 lingua,
903 3706 1008 3762 qua
1041 3701 1238 3746 auctor
1271 3691 1360 3745 hic
1388 3690 1627 3746 eximius
1661 3690 2015 3760 conscripsit.
2052 3690 2234 3760 Equo
2263 3693 2432 3763 igitur
2471 3693 2657 3748 animo
2684 3691 2812 3754 viri.
2847 3700 3120 3763 quotquot
3169 3695 3303 3750 estis
3335 3694 3387 3748 in
3419 3694 3553 3749 orbe
3588 3706 3704 3747 ter-

430 3799 623 3841 rarum
657 3784 885 3850 eruditi,
907 3785 1098 3851 istbec
1124 3783 1343 3854 egregia
1378 3791 1492 3837 tum
1518 3781 1934 3855 Theophylacti,
1971 3793 2084 3839 tum
2117 3784 2377 3855 Zigabeni
2408 3799 2598 3856 opera,
2623 3800 2746 3856 quae
2772 3785 3016 3841 nondum
3040 3785 3525 3856 lucem_viderunt,
3551 3791 3708 3841 exci-

431 3882 571 3952 pite.

509 3972 709 4029 Verum
738 3980 1030 4042 antequam
1064 3968 1281 4042 prmiari
1314 3969 1532 4037 desino,
1566 3985 1734 4024 unum
1761 3969 1944 4025 adhuc
1974 3985 2191 4032 moneo,
2224 3987 2420 4042 nempe
2443 3971 2910 4028 Commentarium
2936 3971 2990 4026 in
3016 3968 3284 4037 Psahnos,
3313 3972 3406 4042 qui
3448 3971 3502 4026 in
3537 3973 3705 4027 Calan

439 4068 569 4137 lego
607 4067 872 4121 librorum
923 4074 978 4122 et
1005 4065 1510 4136 manuscriptorum
1541 4065 1888 4120 bibliothecae
1914 4063 2454 4135 Regio-Parisiensis
2496 4064 2907 4136 Theophylacto
2944 4074 3138 4119 nostro
3169 4065 3518 4128 inscribitur,
3554 4065 3709 4120 hunc

431 4162 692 4216 eumdem
742 4173 887 4223 esse,
941 4172 1104 4227 quem
1159 4158 1248 4212 hic
1307 4157 1547 4218 edimus,
1583 4154 1861 4226 Euthymii
1897 4154 2182 4225 Zigabeni,
2211 4170 2485 4224 quemque
2526 4169 2670 4224 saepe
2693 4153 3313 4222 Parisiispromissum,
3347 4163 3400 4208 et
3431 4155 3703 4221 nondum,

430 4268 560 4309 cum
592 4253 786 4306 tertius
815 4251 1072 4305 ederetur
1094 4257 1301 4316 tomus,
1329 4263 1358 4302 a
1391 4249 1554 4302 nobis
1583 4255 1869 4317 acceptum
1904 4246 2098 4311 fuisse,
2129 4251 2343 4300 monuit
2371 4246 2465 4316 qui
2494 4247 2549 4300 in
2579 4245 2758 4316 ipsum
2789 4244 3050 4314 praefatus
3083 4254 3166 4299 est
3193 4253 3328 4300 sect.
3363 4243 3506 4299 Xll‘l.
3545 4243 3713 4299 δοίη-

430 4355 523 4400 eet
551 4359 616 4400 ea
675 4343 962 4415 inscriptio
1009 4357 1108 4397 nos
1143 4341 1200 4396 in
1232 4356 1384 4412 spem
1417 4349 1692 4403 erexerat,
1726 4349 1946 4395 exstare
1993 4340 2229 4411 aliquem
2263 4339 2662 4410 'l‘heophylacti
2693 4339 2746 4392 in
2797 4335 3048 4394 Psalmos
3072 4338 3565 4400 Commentarium,
3596 4354 3708 4408 quo

433 4441 591 4494 istaec
642 4438 812 4492 editio
843 4445 1037 4493 nostra
1101 4444 1291 4505 posset
1339 4434 1666 4504 locupletari
1705 4445 1872 4504 atque
1922 4435 2212 4504 compleri.
2251 4433 2432 4501 Quare
2465 4434 2678 4488 nullum
2709 4448 2816 4488 non
2850 4435 3090 4504 lapidem
3124 4435 3421 4499 movimus,
3467 4443 3526 4488 ut
3551 4436 3712 4491 illius

430 4537 722 4600 compotes
747 4529 1028 4586 lieremus.
1067 4527 1269 4584 Verum
1303 4544 1452 4594 cum,
1485 4529 1659 4582 multo
1691 4530 1976 4597 insumpta
2025 4536 2273 4594 tempore
2314 4543 2378 4582 ac
2435 4528 2643 4593 labore,
2672 4528 2891 4582 tandem
2924 4527 3075 4582 illius
3107 4527 3296 4598 prima:
3329 4527 3539 4597 pagina:
3571 4542 3708 4597 apo-

432 4625 707 4691 graphum
735 4623 802 4676 ad
847 4637 947 4677 nos
971 4622 1238 4692 perlatum
1268 4621 1748 4688 esset,collatioue
1775 4620 1916 4674 facta
1951 4624 2347 4692 comperimus,
2378 4637 2442 4678 eo
2467 4623 2655 4677 codice
2678 4637 2786 4675 non
2817 4623 2968 4677 aliud
2997 4623 3296 4686 contineri,
3332 4623 3440 4679 nisi
3486 4633 3703 4679 textum

432 4712 707 4778 Grecam,
741 4727 979 4784 eumque
1006 4715 1297 4781 ineditnm,
1329 4713 1724 4771 Connuentarii
1760 4711 2039 4784 Euthymii
2084 4715 2285 4782 saepius
2316 4714 2430 4784 jam
2464 4713 2658 4770 Latine
2691 4715 2850 4770 editi.
2892 4715 3032 4781 Quid
3060 4714 3444 4770 doctissimum
3480 4717 3619 4772 alias
3651 4727 3710 4773 et

433 4811 862 4868 solertissimum
883 4811 1130 4883 pradicti
1169 4811 1420 4883 Catalogi
1453 4818 1736 4866 auctorem
1769 4811 1824 4865 in
1851 4824 2096 4866 errorem
2134 4811 2441 4876 induxerit,
2498 4821 2560 4866 ut
2592 4812 2740 4867 hunc
2789 4811 3262 4868 Commentarium
3287 4810 3708 4884 Theophylacto

433 4903 731 4969 tribueret,
766 4918 870 4961 nec
901 4903 1155 4960 divinare
1187 4918 1506 4976 possumus,
1532 4919 1707 4974 neque
1733 4902 1786 4957 id
1817 4904 2124 4974 disquirere
2154 4911 2343 4960 nostra
2369 4903 2615 4959 interest.
2649 4903 2758 4958 Hoc
2786 4917 2968 4959 tamen
2997 4920 3222 4960 monere
3250 4920 3431 4976 operte
3463 4907 3706 4975 pretium

433 5000 721 5064 duximus,
752 5015 820 5054 ne
850 4999 977 5069 quis
1009 5001 1262 5054 eumdem
1289 4999 1606 5070 Catalognm
1639 5013 1996 5069 percurrens,
2046 5006 2218 5069 atque
2266 4999 2732 5054 Commentariun)
2778 4999 2830 5053 in
2878 4999 3123 5055 l‘salmos
3169 4999 3588 5070 Tbeophylacto
3626 5003 3711 5055 in-

432 5091 705 5160 scriptum
745 5091 1118 5160 comperiens,
1150 5106 1386 5162 eumque
1418 5092 1472 5145 in
1508 5091 1753 5145 editione
1813 5103 2002 5145 nosua
2040 5107 2147 5146 non
2191 5092 2406 5158 videns,
2439 5102 2493 5146 et
2532 5092 2672 5147 hanc
2697 5101 2754 5146 ut
2793 5093 3174 5163 imperfectam
3227 5094 3442 5148 minore
3477 5095 3708 5148 haberet

430 5182 489 5236 in
529 5185 728 5252 pretio,
750 5191 806 5237 et
836 5197 934 5237 nos
961 5198 1061 5236 ceu
1096 5183 1150 5236 in
1186 5184 1573 5254 perquirendis
1602 5181 2039 5254 colligendisque
2099 5164 2346 5254 ejttsdetti
2379 5181 2776 5256 TbeOphylacti
2818 5186 3075 5254 operibus
3112 5186 3297 5240 minus
3329 5196 3618 5240 aecuratos
3643 5198 3709 5238 ac

431 5275 661 5330 desides
691 5275 1124 5332 condemnaret.

511 5466 587 5538 (ιι)
623 5466 781 5523 Com.
818 5463 1056 5538 in_Psal.
1094 5464 1160 5538 ad
1189 5479 1314 5538 eum
1352 5463 1558 5538 locum.
2198 5464 2269 5536 (ε)
2302 5463 2401 5535 Ep.
2424 5464 2492 5520 ad
2524 5464 2743 5524 Marcel.
2777 5465 2841 5520 Τ.
2875 5464 2893 5518 Ι
2923 5464 3055 5519 edit.
3091 5463 3363 5529 Vallarsii,
3393 5479 3446 5533 p.
3481 5463 3605 5520 133.

502 5535 580 5609 (ο)
604 5538 759 5593 Com.
794 5538 852 5592 in
882 5536 1028 5591 Psal.
1055 5536 1122 5590 ad
1155 5535 1339 5590 eumd.
1367 5535 1565 5589 locum.
2210 5535 2213 5536 ν
2250 5535 2255 5536 κ
2637 5607 2649 5634 ³
