4146 6420
477 392 547 451 39
1847 381 2114 444 PROLEI

2122 382 2447 442 TIOMENA.
2975 367 2982 372 ’
3091 417 3093 419 ι
3637 464 3651 476 .
3689 373 3759 437 40

1939 515 1948 523 .
1959 510 3056 525 -md

498 523 634 532 .—————

837 875 1235 938 EPISTOLA
1301 872 1924 934 NUNCUPATORIA
1983 871 2090 932 AD
2136 870 2634 933 CLEMENTEM
2709 872 3127 934 SEPTIMUM
3206 876 3275 938 P.
3317 877 3397 936 Μ.

1632 1040 1926 1102 Editioni
1970 1039 2211 1100 Latina:
2250 1040 2600 1118 pratmissa.

547 1398 642 1454 Illi
677 1394 960 1466 imprimis,
994 1391 1152 1447 Pater
1184 1390 1504 1455 beatissime,
1535 1389 1678 1442 omni
1708 1389 1903 1442 honore
1929 1387 2436 1457 suntprasequendi,
2461 1385 2552 1457 qui
2578 1385 2752 1439 divino
2779 1383 3012 1439 Numine
3042 1385 3227 1456 afﬂati,
3262 1394 3312 1440 et
3345 1389 3543 1455 proprii
3572 1385 3768 1460 ingenii

479 1493 874 1552 exercitatione,
909 1488 1089 1542 divina
1122 1485 1272 1538 nobis
1303 1481 1515 1536 tradere
1542 1491 1859 1536 curaverunt
1902 1498 1920 1534 :
1950 1481 2135 1550 quales
2168 1480 2399 1550 Moyses,
2439 1478 2634 1545 David,
2667 1476 2865 1543 Isaias,
2909 1476 3138 1540 Paulus,
3182 1496 3245 1533 ac
3268 1481 3446 1532 ca’teri
3483 1483 3766 1534 canonico-

478 1602 596 1640 rum
629 1582 889 1636 librorunt
916 1579 1200 1646 scriptores
1236 1591 1254 1630 :
1291 1592 1322 1628 a
1362 1575 1548 1646 quibus
1581 1590 1684 1626 non
1714 1574 1866 1643 longe
1900 1571 2093 1625 absunt
2125 1573 2222 1625 alii
2255 1571 2660 1641 quamplurimi,
2692 1573 2782 1639 qtti
2811 1570 2992 1624 eodem
3035 1571 3207 1624 edocti
3261 1569 3490 1640 Spiritu,
3524 1591 3642 1643 qua:
3672 1589 3765 1640 per

480 1681 603 1732 illos
640 1675 844 1729 tradita
904 1681 1048 1733 sunt,
1079 1688 1174 1740 pro
1199 1671 1430 1724 hominis
1467 1679 1624 1736 captu
1651 1669 1940 1732 intellecta,
1976 1677 2032 1720 ut
2059 1669 2182 1723 aliis
2214 1684 2416 1738 quoque
2451 1678 2620 1721 essent
2653 1668 2853 1734 pervia,
2898 1683 2993 1720 suo
3023 1668 3230 1737 ingenio
3259 1679 3308 1720 et
3347 1665 3613 1722 laboribus
3641 1670 3768 1739 effe-

493 1787 612 1824 cere
645 1785 664 1825 :
699 1785 789 1822 ceu
833 1768 1142 1838 Dionysius,
1171 1765 1522 1827 Athanasius,
1565 1763 1823 1827 Basilius,
1857 1761 2285 1834 Chrysostomus,
2321 1760 2575 1831 multique
2605 1760 2724 1822 alii,
2756 1763 2846 1830 qui
2882 1760 3002 1815 vita:
3035 1777 3097 1814 ac
3130 1778 3336 1815 morum
3365 1762 3653 1815 sanctitate
3684 1763 3768 1814 itt-

476 1862 670 1931 signes,
702 1871 749 1914 et
787 1857 1197 1926 incomparabili
1226 1855 1472 1909 doctrina
1507 1853 1804 1922 conspicui,
1843 1854 2055 1906 eximiis
2081 1851 2406 1913 actionibus,
2431 1850 2809 1903 eruditissimis
2849 1849 2998 1904 libris
3024 1869 3055 1904 a
3080 1868 3134 1906 se
3165 1853 3479 1917 conscriptis
3504 1851 3770 1908 Christia-

478 1970 602 2005 nam
648 1968 815 2021 remp.
855 1950 1221 2003 illustrarunt.
1252 1949 1290 2001 Λ
1333 1963 1556 2017 quorum
1591 1945 1812 2000 lectione
1861 1961 2116 2006 cessasse,
2149 1952 2197 1998 et
2225 1943 2440 1996 monitis
2468 1941 2763 2004 recessisse,
2797 1941 3064 1994 malorum
3089 1945 3322 1996 omnium
3351 1944 3565 1998 occasio
3623 1943 3770 1997 nobis

401 2045 414 2056 ’
480 2051 610 2119 fuit.
650 2049 790 2104 Hinc
822 2049 961 2101 enim
1019 2047 1283 2100 innumeri
1324 2060 1531 2100 errores
1561 2053 1609 2097 et
1641 2045 1887 2107 hareses,
1925 2043 2046 2096 hinc
2077 2043 2198 2096 vita:
2235 2040 2525 2110 neglectus,
2561 2048 2890 2107 contemptus
2917 2040 3196 2102 virtutum,
3220 2043 3470 2095 vitiorum
3504 2045 3771 2111 tyrannis,

480 2147 703 2200 ittitiunt
738 2145 946 2213 pariter
974 2151 1022 2197 et
1058 2144 1436 2196 incrementum
1467 2156 1755 2208 sumpsere.
1783 2139 1914 2205 Quis
1937 2138 2079 2191 enim
2111 2137 2295 2190 horum
2317 2135 2528 2188 lectioni
2560 2135 2814 2187 attentius
2851 2150 3066 2201 vacans,
3099 2136 3152 2188 in
3178 2135 3284 2204 ﬁde
3317 2147 3460 2192 recta
3489 2154 3552 2191 ac
3581 2139 3773 2204 pietate

480 2258 582 2296 non
639 2241 904 2310 proﬁciat,
954 2239 1191 2293 animum
1223 2241 1386 2301 colat,
1419 2239 1742 2292 charitatem
1776 2245 2150 2306 prosequatur,
2192 2231 2646 2295 misericordiam,
2699 2232 3099 2299 liberalitatem,
3136 2234 3412 2304 justitiam
3447 2246 3772 2305 ca'terasque

479 2341 697 2393 virtutes
734 2341 759 2393 ?
789 2337 1086 2391 Avaritiam
1118 2352 1259 2403 vero,
1295 2336 1575 2398 invidiam,
1612 2334 1910 2399 luxuriam,
1943 2331 2308 2393 iracundiam,
2339 2329 2578 2399 aliosque
2609 2329 2918 2397 hujusmodi
2949 2333 3121 2386 animi
3161 2336 3373 2388 morbos
3405 2335 3572 2388 multo
3601 2334 3772 2404 ntagis

479 2447 639 2496 quant
671 2439 934 2498 serpentes
967 2445 1028 2482 ac
1051 2437 1272 2481 mortem
1311 2427 1534 2497 fugiatf?
1566 2425 1681 2490 Quo
1713 2426 1796 2492 ﬁt,
1833 2435 1890 2478 ut
1922 2425 2138 2478 credam
2176 2423 2309 2476 nihil
2344 2426 2530 2479 utilius
2563 2422 2889 2481 Christiana:
2925 2424 3058 2490 reip.
3095 2423 3280 2492 afferri
3317 2441 3490 2492 posse,
3523 2441 3682 2496 quam
3713 2435 3773 2479 ut

482 2509 520 2573 ii
549 2520 700 2574 nobis
735 2521 1053 2584 reddantur,
1110 2537 1202 2588 per
1253 2535 1385 2588 quos
1413 2518 1540 2571 olim
1571 2518 1669 2571 Dei
1702 2517 1971 2578 Ecclesia,
1994 2517 2156 2570 etiam
2187 2515 2324 2570 inter
2363 2517 2650 2570 acerrimos
2687 2516 3047 2580 adversarios,
3083 2515 3298 2582 pietatis
3339 2517 3606 2582 doctrina,
3654 2516 3774 2569 vitta

482 2612 686 2665 meritis
714 2619 763 2665 et
793 2627 1011 2664 numero
1053 2609 1276 2663 crevisse
1306 2608 1662 2678 dignoscitur.
1701 2606 1857 2673 Quod
1884 2623 2011 2660 sane
2039 2609 2245 2661 utinam
2281 2607 2608 2661 attenderent
2644 2609 2800 2662 multi
2845 2617 3149 2660 nostrorunt
3183 2618 3499 2675 temporum,
3548 2609 3637 2679 qui
3673 2608 3770 2660 hoc

485 2705 653 2775 ofﬁcio
691 2703 1021 2756 commodius
1062 2703 1213 2772 fungi
1243 2709 1495 2770 possent:
1526 2700 1843 2769 ntallentque
1873 2699 2060 2753 horum
2087 2700 2341 2769 vertendo
2371 2701 2562 2768 libros,
2605 2701 2830 2770 publica:
2866 2699 3092 2753 utilitati
3133 2700 3428 2765 consulere,
3455 2717 3614 2772 quant
3645 2717 3772 2771 pro-

481 2817 602 2871 prsa
628 2813 818 2855 temere
848 2798 1192 2870 effundenda,
1215 2799 1440 2866 privata'
1465 2797 1652 2866 gloriw
1683 2797 1981 2850 deservire!
2006 2797 2049 2850 Α
2079 2815 2306 2866 quorum
2335 2798 2572 2867 profecto
2604 2795 2830 2852 consilio
2860 2796 3012 2866 longe
3036 2796 3218 2851 aberat
3237 2795 3514 2864 Philippus
3549 2796 3771 2862 Saulus,

482 2893 760 2962 episcopus
818 2890 1228 2962 Brugnatensis,
1264 2891 1345 2944 vir
1384 2904 1513 2943 sane
1545 2889 1734 2956 priscis
1762 2889 1871 2941 illis
1919 2891 2200 2954 Patribus,
2238 2891 2496 2943 virtutum
2533 2899 2724 2942 ornatu
2754 2897 2804 2943 et
2854 2905 3134 2944 sacrarunt
3192 2887 3524 2943 Litterarum
3577 2889 3774 2957 peritia

489 2989 905 3052 comparandus,
935 2985 1026 3054 qui
1066 2984 1188 3038 huic
1229 2983 1586 3038 saluberrimo
1609 2984 1854 3038 instituto
1881 3001 2041 3054 quam
2070 2986 2301 3040 maxime
2342 2986 2578 3038 intentus
2609 2994 2750 3039 erat.
2787 2983 2932 3038 Nam
2978 2985 3025 3038 si
3055 3000 3185 3054 quos
3225 2983 3349 3038 huic
3378 2985 3523 3053 operi
3557 2985 3773 3038 idoneos

489 3087 677 3134 nactus
727 3089 885 3144 esset,
923 3077 1217 3142 excitabat,
1253 3079 1520 3142 monebat,
1558 3078 1802 3149 rogabat,
1849 3088 1898 3133 et
1938 3079 2127 3150 quibus
2157 3089 2330 3147 posset
2372 3081 2543 3134 modis
2593 3080 2662 3133 ad
2700 3080 2800 3134 hoc
2839 3078 3154 3146 compellere
3186 3094 3288 3131 non
3317 3077 3619 3132 omittebat.
3651 3077 3772 3146 Ipse

485 3181 780 3228 verotanto
820 3171 979 3241 hujus
1011 3171 1087 3224 rei
1117 3171 1293 3226 studio
1332 3171 1634 3234 tenebatur,
1669 3183 1724 3224 ut
1766 3172 1878 3226 dies
1911 3189 1971 3224 ac
2021 3181 2197 3226 noctes
2235 3189 2444 3226 summa
2475 3190 2593 3227 cunt
2620 3173 2892 3241 voluptate
2944 3172 2998 3224 in
3043 3172 3140 3224 hoc
3189 3171 3500 3226 insumeret.
3542 3169 3776 3226 Alt.hoc

485 3266 718 3337 profecto
759 3265 958 3335 optimo
1005 3265 1116 3318 viro
1163 3263 1324 3334 plura
1369 3273 1419 3318 et
1459 3265 1668 3334 egregia
1700 3279 1915 3331 sperare
1941 3272 2271 3331 poteramus,
2316 3264 2420 3318 nisi
2451 3265 2633 3319 divina
2667 3263 3015 3318 Providentia
3041 3261 3194 3316 illum
3223 3279 3255 3316 a
3288 3263 3438 3317 nobis
3477 3272 3772 3328 avocasset,

487 3361 798 3430 felicitatem
829 3361 911 3415 illi
955 3361 974 3429 (
1006 3369 1063 3413 ut
1095 3361 1282 3414 merito
1321 3376 1600 3428 speramus
1645 3359 1663 3429 )
1705 3371 1842 3414 recte
1875 3369 2135 3414 anteacta:
2160 3363 2278 3414 vita:
2309 3361 2586 3428 prcemium
2615 3361 2833 3432 benigne
2877 3358 3174 3435 conferens,
3211 3359 3362 3415 nobis
3397 3375 3516 3413 vero
3547 3366 3775 3426 paterna

485 3455 766 3508 clementia
811 3453 890 3523 (ut
924 3453 1074 3520 puto)
1109 3453 1412 3522 indulgens,
1437 3469 1500 3507 ne
1535 3455 1770 3507 acriores
1795 3453 1926 3505 dare
1951 3468 2132 3520 poenas
2167 3465 2364 3509 nostra:
2406 3459 2632 3524 ignavia:
2670 3473 3001 3529 cogeremur,
3034 3463 3126 3532 qui
3155 3458 3292 3513 tanti
3329 3460 3432 3513 viri
3462 3458 3701 3529 exemplo
3725 3464 3777 3512 et

486 3548 706 3604 monitis
739 3546 914 3601 minus
952 3545 1346 3614 proﬁceremus.
1398 3548 1500 3600 Hic
1529 3547 1953 3614 elegantissimos
1997 3548 2408 3602 commentarios
2465 3547 2740 3621 Euthyntii
2795 3555 3059 3621 monachi,
3116 3554 3304 3609 Patris
3344 3555 3674 3609 sanctissimi
3725 3558 3777 3606 et

492 3636 874 3702 eruditissimi,
900 3653 1067 3706 nuper
1090 3635 1314 3690 Latinos
1343 3635 1564 3704 fecerat,
1595 3653 1730 3704 puro
1763 3635 1975 3708 quidem
2003 3653 2066 3690 ac
2091 3638 2327 3705 simplici
2357 3639 2568 3694 dicendi
2597 3659 2804 3712 genere,
2836 3662 2967 3714 quos
3004 3645 3299 3698 immatura
3344 3657 3510 3698 morte
3543 3659 3778 3712 praeven-

489 3745 597 3794 tus,
631 3731 687 3784 itt
723 3728 892 3782 lucem
919 3728 1070 3782 edere
1101 3745 1206 3782 non
1239 3729 1432 3794 potuit.
1466 3727 1575 3799 Ego
1607 3745 1746 3794 vero,
1782 3729 1872 3798 qui
1907 3728 2020 3798 ejus
2051 3728 2314 3784 doctrina:
2349 3747 2411 3784 ac
2443 3735 2756 3788 sanctitatis
2793 3737 2940 3790 testis
2971 3736 3176 3790 diutius
3209 3736 3442 3806 fueram,
3473 3735 3777 3790 studiorum

489 3841 684 3892 comes,
725 3826 1070 3880 consiliorum
1103 3826 1377 3889 conscius,
1420 3826 1590 3881 nimia
1623 3827 1788 3895 ipsius
1820 3825 2155 3882 humanitate
2180 3845 2391 3884 summa
2422 3831 2506 3884 illi
2539 3834 2923 3887 necessitudine
2947 3835 3217 3889 devinctus
3238 3851 3256 3888 :
3290 3835 3416 3888 talis
3461 3835 3642 3899 amici,
3674 3851 3778 3903 quo

489 3921 757 3975 meliorem
795 3936 857 3972 ne
887 3918 1190 3973 desiderare
1215 3918 1426 3988 quidem
1462 3917 1676 3983 licebat,
1703 3928 1812 3971 tam
1845 3931 2060 3973 sanctos
2091 3919 2300 3974 labores
2334 3921 2595 3990 deperire,
2617 3940 2710 3978 nos
2745 3941 2866 3978 vero
2895 3935 3046 3979 tattto
3073 3927 3324 3981 thesauro
3350 3927 3602 3996 fraudari
3627 3941 3776 3995 sequo

489 4017 671 4070 aninto
694 4014 831 4081 ferre
872 4030 975 4067 non
997 4024 1260 4083 poteram.
1311 4010 1561 4066 Converti
1601 4030 1680 4066 me
1715 4013 1882 4084 igitur
1934 4013 2002 4066 ad
2045 4012 2311 4068 Joannem
2365 4016 2698 4083 Matt/tivum,
2741 4021 3042 4090 episcopum
3087 4021 3455 4090 Veronensem,
3520 4023 3778 4076 bonorum

491 4108 727 4161 omnium
759 4118 838 4175 rut
873 4108 1069 4174 optime
1099 4105 1260 4172 nosti)
1297 4121 1457 4175 quant
1491 4108 1722 4158 maxime
1751 4105 2076 4171 studiosum,
2100 4106 2274 4171 ipsum
2299 4106 2546 4162 hortatus
2585 4111 2790 4178 pariter
2817 4123 2865 4164 et
2900 4125 3172 4180 precatus,
3198 4124 3254 4168 ut
3289 4116 3427 4168 tanti
3465 4113 3590 4169 boni
3622 4114 3773 4168 nobis

491 4211 680 4256 auctor
703 4201 856 4271 ﬁeret
887 4215 906 4254 :
939 4209 1089 4253 ratus
1119 4199 1256 4268 quod
1293 4200 1414 4262 erit,
1458 4206 1513 4250 ut
1544 4198 1640 4252 ltoc
1673 4209 1830 4266 pacto
1861 4199 2020 4252 amici
2053 4198 2292 4266 defuncti
2333 4212 2532 4255 sanctae
2575 4205 2867 4266 memoriae,
2897 4214 2943 4257 et
2982 4206 3200 4260 viventis
3223 4206 3388 4274 justas
3426 4207 3675 4270 mercedi,
3727 4213 3776 4259 et

491 4296 761 4350 communi
793 4294 1030 4346 ontniunt
1067 4293 1323 4345 bonorum
1357 4291 1584 4344 utilitati
1617 4307 1773 4358 quam
1799 4291 1991 4359 optime
2019 4290 2352 4345 consulatur.
2389 4291 2621 4362 Benigne
2659 4296 2846 4348 annuit
2874 4299 3197 4351 venerandus
3220 4297 3480 4365 pontifex,
3510 4308 3568 4350 ut
3593 4307 3673 4351 est
3706 4296 3778 4350 ad

491 4393 638 4439 recta
665 4382 842 4435 omnia
865 4390 912 4435 et
939 4381 1158 4434 honesta
1185 4379 1366 4433 studia
1400 4396 1558 4448 quant
1587 4379 2040 4447 promptissimus,
2071 4395 2272 4451 suaque
2294 4383 2815 4451 auctoritate,jussu
2847 4395 2895 4438 et
2925 4387 3173 4450 impensis
3205 4389 3394 4457 effecit,
3426 4399 3481 4442 ut
3513 4390 3774 4457 egregium

493 4479 588 4531 hoc
627 4492 758 4546 opus
787 4489 946 4544 quam
977 4472 1174 4542 optime
1209 4470 1530 4539 dispositum
1559 4470 1799 4537 prodiret
1820 4471 1872 4523 in
1906 4469 2172 4538 publicum
2201 4485 2218 4524 :
2246 4486 2399 4538 opus,
2425 4471 2664 4540 inquam,
2696 4491 2727 4526 a
2751 4477 2956 4529 nemine
2987 4476 3118 4530 satis
3149 4493 3246 4542 pro
3273 4479 3526 4545 dignitate
3543 4479 3774 4532 laudan-

493 4572 641 4635 duttt,
674 4572 720 4624 si
744 4568 926 4623 eximii
956 4565 1088 4620 vatis
1119 4563 1353 4618 divinam
1385 4572 1608 4616 mentem
1640 4573 1688 4614 et
1721 4561 2125 4631 intelligentiam
2158 4564 2419 4630 suspicias
2457 4580 2470 4616 :
2507 4565 2554 4617 si
2581 4563 2926 4635 interpretum
2947 4568 3299 4623 eruditionem
3319 4569 3568 4636 etﬁdem,
3592 4572 3638 4624 si
3663 4587 3780 4624 cor-

494 4665 713 4720 rectoris
743 4675 789 4717 et
829 4661 1052 4730 artiﬁcis
1083 4661 1331 4729 peritiam
1359 4667 1409 4710 et
1431 4657 1764 4726 diligentiam
1789 4656 2165 4714 attendas.Cui
2190 4673 2307 4710 vero
2326 4659 2501 4726 aptius
2519 4670 2848 4728 nuncupetur
2864 4677 3020 4731 quam
3051 4662 3217 4726 tibi,si
3250 4666 3328 4718 vel
3354 4666 3461 4732 ipse
3475 4645 3775 4732 respiciaris

494 4757 571 4811 vel
612 4759 698 4811 ille
730 4757 754 4810 .7
805 4755 885 4809 Tu
947 4755 1089 4808 enim
1150 4752 1446 4806 Christiani
1479 4751 1661 4820 populi
1689 4760 1848 4816 caput
1872 4767 1923 4806 es
1951 4760 2000 4805 et
2028 4761 2181 4820 pater
2213 4769 2231 4808 :
2263 4754 2347 4806 cui
2399 4763 2449 4807 et
2493 4753 2754 4823 dignitate
2787 4772 2890 4826 qua
2924 4757 3217 4828 insigniris,
3265 4766 3314 4812 et
3349 4760 3618 4828 probitate
3672 4773 3776 4826 qua

495 4855 688 4926 fulges,
722 4853 858 4906 bona
894 4861 1084 4904 cuncta
1115 4861 1162 4903 et
1201 4866 1358 4902 sacra
1395 4849 1587 4902 nterito
1607 4848 1714 4902 sint
1743 4849 2016 4902 dicanda:
2054 4865 2174 4901 cum
2206 4851 2473 4919 praecipue
2503 4850 2750 4904 humana:
2787 4860 2836 4904 et
2879 4852 3072 4906 divina:
3120 4852 3316 4907 litterte
3351 4855 3668 4909 clarissimae
3694 4853 3780 4922 fac

495 4952 660 5004 milia:
697 4958 800 5002 tua:
833 4945 1085 5001 Medicetv
1107 4946 1398 5015 plurimunt
1422 4945 1666 5009 debeant,
1699 4943 1848 5012 cujus
1878 4945 2145 5012 praecipuo
2174 4944 2350 4998 studio
2381 4955 2431 4999 et
2458 4962 2619 5015 opera
2660 4947 2988 5002 densissimis
3027 4961 3183 5004 antea
3233 4966 3433 5019 pressa:
3465 4952 3688 5004 tenebris
3725 4959 3775 5004 et

496 5043 648 5113 quasi
683 5043 925 5110 sepultas,
962 5043 1016 5093 in
1041 5040 1209 5093 lucem
1234 5049 1355 5092 sunt
1387 5039 1624 5092 reddita’.
1654 5036 1753 5090 Ille
1780 5053 1899 5092 vero
1930 5039 2118 5092 domus
2147 5049 2252 5092 tute
2279 5038 2529 5092 alumnus
2559 5050 2632 5094 tot
2662 5042 2925 5109 tantisque
2946 5041 3212 5108 beneﬁciis
3230 5053 3304 5096 est
3323 5043 3566 5111 affectus,
3600 5053 3657 5097 ut
3688 5060 3777 5098 ne-

498 5137 666 5190 sciam
698 5134 935 5202 ntagisne
961 5133 1027 5185 sit
1057 5133 1414 5200 perspicuum,
1452 5140 1543 5183 tua
1581 5131 1902 5199 benignitate
1931 5131 2103 5199 ipsum
2130 5147 2240 5185 esse
2267 5130 2406 5202 quod
2438 5139 2516 5184 est
2542 5147 2561 5184 :
2593 5148 2660 5184 an
2691 5133 2898 5186 nullum
2924 5133 3161 5186 studium
3204 5133 3284 5187 illi
3317 5133 3625 5202 propensius
3665 5151 3777 5189 esse

497 5243 648 5292 posse
681 5242 834 5295 quant
870 5234 1060 5277 cuncta
1092 5223 1301 5292 efﬁcere
1323 5239 1441 5291 quw
1469 5221 1537 5274 ad
1569 5221 1796 5275 salutem
1818 5231 1866 5275 et
1889 5221 2120 5291 gloriam
2149 5231 2299 5275 tuam
2325 5231 2567 5291 spectare
2603 5221 2902 5276 videantur.
2927 5222 3046 5276 Tibi
3068 5224 3233 5293 igitur
3259 5220 3517 5276 Pontiﬁci
3540 5221 3776 5275 Maximo

496 5323 734 5374 divinum
769 5325 864 5374 hoc
899 5336 1029 5388 opus
1062 5323 1302 5373 dicamus
1330 5327 1381 5372 et
1415 5317 1708 5385 mittimus,
1741 5333 1842 5389 quo
1874 5328 1963 5373 tuo
1991 5317 2290 5387 patrocinio
2315 5317 2588 5386 etjudicio
2612 5319 2897 5385 munitum,
2936 5318 3172 5374 securius
3216 5327 3265 5371 et
3291 5316 3507 5372 liberius
3532 5315 3774 5370 omnibus

500 5432 552 5470 se
583 5416 860 5488 legendum
883 5416 1147 5471 exhibeat.
1205 5411 1353 5467 Vale.
