  <div class='ocr_page' id='page_1' title='image "/cluster/home/n/w/nwhite01/storage/ocr_20150623/128:no.1/coo.31924054870336/029.png"; bbox 0 0 4146 6484; ppageno 0'>
   <div class='ocr_carea' id='block_1_1' title="bbox 535 322 2082 413">
    <p class='ocr_par' dir='ltr' id='par_1_1' title="bbox 535 322 2082 393">
     <span class='ocr_line' id='line_1_1' title="bbox 535 322 2082 393; baseline 0.006 -9"><span class='ocrx_word' id='word_1_1' title='bbox 535 322 606 385; x_wconf 72' lang='grc'>43</span> <span class='ocrx_word' id='word_1_2' title='bbox 1773 330 2082 393; x_wconf 85' lang='lat' dir='ltr'><strong>EUTHYM</strong></span> 
     </span>
    </p>
   </div>
   <div class='ocr_carea' id='block_1_2' title="bbox 2184 322 3799 413">
    <p class='ocr_par' dir='ltr' id='par_1_2' title="bbox 2196 332 3799 413">
     <span class='ocr_line' id='line_1_2' title="bbox 2196 332 3799 413; baseline 0.006 -21"><span class='ocrx_word' id='word_1_3' title='bbox 2196 332 2563 395; x_wconf 81' lang='lat' dir='ltr'><strong>ZIGABENI</strong></span> <span class='ocrx_word' id='word_1_4' title='bbox 3728 349 3799 413; x_wconf 71' lang='grc'>44</span> 
     </span>
    </p>
   </div>
   <div class='ocr_carea' id='block_1_3' title="bbox 533 440 2082 531">
    <p class='ocr_par' dir='ltr' id='par_1_3' title="bbox 533 440 2082 514">
     <span class='ocr_line' id='line_1_3' title="bbox 533 440 2082 514; baseline 0.006 -23"><span class='ocrx_word' id='word_1_5' title='bbox 533 454 634 493; x_wconf 79' lang='lat' dir='ltr'><strong>mer</strong></span> <span class='ocrx_word' id='word_1_6' title='bbox 661 450 1103 493; x_wconf 80' lang='lat' dir='ltr'><strong>courtmmreruut</strong></span> <span class='ocrx_word' id='word_1_7' title='bbox 1126 440 1461 510; x_wconf 76' lang='lat' dir='ltr'><strong>psalterium.</strong></span> <span class='ocrx_word' id='word_1_8' title='bbox 1495 442 1769 514; x_wconf 72' lang='lat' dir='ltr'><strong>Sapientia</strong></span> <span class='ocrx_word' id='word_1_9' title='bbox 1798 461 1941 500; x_wconf 84' lang='lat' dir='ltr'><strong>cntm</strong></span> <span class='ocrx_word' id='word_1_10' title='bbox 1976 448 2082 501; x_wconf 90' lang='lat' dir='ltr'><strong>nibi</strong></span> 
     </span>
    </p>
   </div>
   <div class='ocr_carea' id='block_1_4' title="bbox 2184 440 3798 531">
    <p class='ocr_par' dir='ltr' id='par_1_4' title="bbox 2184 448 3798 531">
     <span class='ocr_line' id='line_1_4' title="bbox 2184 448 3798 531; baseline 0.008 -28"><span class='ocrx_word' id='word_1_11' title='bbox 2184 448 2444 518; x_wconf 71' lang='lat' dir='ltr'><strong>_tijptor.</strong></span> <span class='ocrx_word' id='word_1_12' title='bbox 2482 448 2654 520; x_wconf 80' lang='grc' dir='ltr'>Σοφία</span> <span class='ocrx_word' id='word_1_13' title='bbox 2689 450 2794 522; x_wconf 81' lang='grc' dir='ltr'><strong>γὰρ</strong></span> <span class='ocrx_word' id='word_1_14' title='bbox 2836 452 2987 506; x_wconf 70' lang='grc' dir='ltr'>οὐδὲν</span> <span class='ocrx_word' id='word_1_15' title='bbox 3017 453 3226 525; x_wconf 77' lang='grc' dir='ltr'>ἕτερον,</span> <span class='ocrx_word' id='word_1_16' title='bbox 3263 457 3294 529; x_wconf 84' lang='grc' dir='ltr'><strong>ῆ</strong></span> <span class='ocrx_word' id='word_1_17' title='bbox 3331 456 3569 528; x_wconf 81' lang='grc' dir='ltr'><strong>ἁρμονία</strong></span> <span class='ocrx_word' id='word_1_18' title='bbox 3620 459 3798 531; x_wconf 83' lang='grc' dir='ltr'>λόγων</span> 
     </span>
    </p>
   </div>
   <div class='ocr_carea' id='block_1_5' title="bbox 533 530 2109 604">
    <p class='ocr_par' dir='ltr' id='par_1_5' title="bbox 533 530 2109 604">
     <span class='ocr_line' id='line_1_5' title="bbox 533 530 2109 604; baseline 0.008 -22"><span class='ocrx_word' id='word_1_19' title='bbox 533 530 679 584; x_wconf 82' lang='lat' dir='ltr'><strong>aliud</strong></span> <span class='ocrx_word' id='word_1_20' title='bbox 709 541 813 597; x_wconf 87' lang='lat' dir='ltr'><strong>est,</strong></span> <span class='ocrx_word' id='word_1_21' title='bbox 849 547 1009 602; x_wconf 88' lang='lat' dir='ltr'><strong>quam</strong></span> <span class='ocrx_word' id='word_1_22' title='bbox 1053 534 1334 587; x_wconf 78' lang='lat' dir='ltr'><strong>harmonia</strong></span> <span class='ocrx_word' id='word_1_23' title='bbox 1370 535 1638 604; x_wconf 78' lang='lat' dir='ltr'><strong>quaedam,</strong></span> <span class='ocrx_word' id='word_1_24' title='bbox 1669 546 1723 591; x_wconf 88' lang='lat' dir='ltr'><strong>et</strong></span> <span class='ocrx_word' id='word_1_25' title='bbox 1763 538 2109 595; x_wconf 86' lang='lat' dir='ltr'><strong>concinnitas</strong></span> 
     </span>
    </p>
   </div>
   <div class='ocr_carea' id='block_1_6' title="bbox 532 621 2109 685">
    <p class='ocr_par' dir='ltr' id='par_1_6' title="bbox 532 621 2109 685">
     <span class='ocr_line' id='line_1_6' title="bbox 532 621 2109 685; baseline 0.006 -10"><span class='ocrx_word' id='word_1_26' title='bbox 532 621 810 675; x_wconf 86' lang='lat' dir='ltr'><strong>dictorum</strong></span> <span class='ocrx_word' id='word_1_27' title='bbox 860 638 924 676; x_wconf 89' lang='lat' dir='ltr'><strong>ac</strong></span> <span class='ocrx_word' id='word_1_28' title='bbox 957 623 1246 678; x_wconf 88' lang='lat' dir='ltr'><strong>factormn.</strong></span> <span class='ocrx_word' id='word_1_29' title='bbox 1296 624 1565 681; x_wconf 78' lang='lat' dir='ltr'><strong>Praeterea</strong></span> <span class='ocrx_word' id='word_1_30' title='bbox 1618 628 1759 681; x_wconf 85' lang='lat' dir='ltr'><strong>inter</strong></span> <span class='ocrx_word' id='word_1_31' title='bbox 1817 628 2109 685; x_wconf 87' lang='lat' dir='ltr'><strong>rationales</strong></span> 
     </span>
    </p>
   </div>
   <div class='ocr_carea' id='block_1_7' title="bbox 530 717 2109 793">
    <p class='ocr_par' dir='ltr' id='par_1_7' title="bbox 530 717 2109 793">
     <span class='ocr_line' id='line_1_7' title="bbox 530 717 2109 793; baseline 0.006 -25"><span class='ocrx_word' id='word_1_32' title='bbox 530 717 815 780; x_wconf 78' lang='lat' dir='ltr'><strong>scientias,</strong></span> <span class='ocrx_word' id='word_1_33' title='bbox 871 718 1082 772; x_wconf 89' lang='lat' dir='ltr'><strong>musice</strong></span> <span class='ocrx_word' id='word_1_34' title='bbox 1133 719 1336 788; x_wconf 89' lang='lat' dir='ltr'><strong>optima</strong></span> <span class='ocrx_word' id='word_1_35' title='bbox 1375 729 1480 786; x_wconf 87' lang='lat' dir='ltr'><strong>est,</strong></span> <span class='ocrx_word' id='word_1_36' title='bbox 1508 732 1560 776; x_wconf 92' lang='lat' dir='ltr'><strong>et</strong></span> <span class='ocrx_word' id='word_1_37' title='bbox 1583 736 1794 776; x_wconf 87' lang='lat' dir='ltr'><strong>summa</strong></span> <span class='ocrx_word' id='word_1_38' title='bbox 1828 724 2109 793; x_wconf 73' lang='lat' dir='ltr'><strong>sapientize</strong></span> 
     </span>
    </p>
   </div>
   <div class='ocr_carea' id='block_1_8' title="bbox 528 812 2108 884">
    <p class='ocr_par' dir='ltr' id='par_1_8' title="bbox 528 812 2108 884">
     <span class='ocr_line' id='line_1_8' title="bbox 528 812 2108 884; baseline 0.008 -28"><span class='ocrx_word' id='word_1_39' title='bbox 528 822 658 875; x_wconf 80' lang='lat' dir='ltr'><strong>pars</strong></span> <span class='ocrx_word' id='word_1_40' title='bbox 697 823 710 859; x_wconf 92' lang='lat'><strong>:</strong></span> <span class='ocrx_word' id='word_1_41' title='bbox 747 822 869 877; x_wconf 75' lang='lat' dir='ltr'><strong>qum</strong></span> <span class='ocrx_word' id='word_1_42' title='bbox 917 812 1156 877; x_wconf 80' lang='lat' dir='ltr'><strong>seipsam</strong></span> <span class='ocrx_word' id='word_1_43' title='bbox 1219 824 1349 873; x_wconf 88' lang='lat' dir='ltr'><strong>una,</strong></span> <span class='ocrx_word' id='word_1_44' title='bbox 1409 820 1464 864; x_wconf 82' lang='lat' dir='ltr'><strong>et</strong></span> <span class='ocrx_word' id='word_1_45' title='bbox 1515 826 1705 867; x_wconf 88' lang='lat' dir='ltr'><strong>omnes</strong></span> <span class='ocrx_word' id='word_1_46' title='bbox 1751 813 2108 884; x_wconf 76' lang='lat' dir='ltr'><strong>pltilOSOphiae</strong></span> 
     </span>
    </p>
   </div>
   <div class='ocr_carea' id='block_1_9' title="bbox 526 901 2105 973">
    <p class='ocr_par' dir='ltr' id='par_1_9' title="bbox 526 901 2105 973">
     <span class='ocr_line' id='line_1_9' title="bbox 526 901 2105 973; baseline 0.006 -21"><span class='ocrx_word' id='word_1_47' title='bbox 526 907 733 969; x_wconf 88' lang='lat' dir='ltr'><strong>partes,</strong></span> <span class='ocrx_word' id='word_1_48' title='bbox 773 908 935 969; x_wconf 79' lang='lat' dir='ltr'><strong>atque</strong></span> <span class='ocrx_word' id='word_1_49' title='bbox 960 907 1279 954; x_wconf 81' lang='lat' dir='ltr'><strong>ornamenta</strong></span> <span class='ocrx_word' id='word_1_50' title='bbox 1309 910 1364 955; x_wconf 93' lang='lat' dir='ltr'><strong>et</strong></span> <span class='ocrx_word' id='word_1_51' title='bbox 1394 901 1497 956; x_wconf 83' lang='lat' dir='ltr'><strong>sibi</strong></span> <span class='ocrx_word' id='word_1_52' title='bbox 1530 901 1654 973; x_wconf 83' lang='lat' dir='ltr'><strong>ipsi,</strong></span> <span class='ocrx_word' id='word_1_53' title='bbox 1680 917 1734 958; x_wconf 88' lang='lat' dir='ltr'><strong>et</strong></span> <span class='ocrx_word' id='word_1_54' title='bbox 1768 907 1892 958; x_wconf 91' lang='lat' dir='ltr'><strong>aliis</strong></span> <span class='ocrx_word' id='word_1_55' title='bbox 1916 913 2105 961; x_wconf 88' lang='lat' dir='ltr'><strong>mutuo</strong></span> 
     </span>
    </p>
   </div>
   <div class='ocr_carea' id='block_1_10' title="bbox 526 992 2104 1067">
    <p class='ocr_par' dir='ltr' id='par_1_10' title="bbox 526 992 2104 1067">
     <span class='ocr_line' id='line_1_10' title="bbox 526 992 2104 1067; baseline 0.005 -21"><span class='ocrx_word' id='word_1_56' title='bbox 526 1007 623 1061; x_wconf 85' lang='lat' dir='ltr'><strong>per</strong></span> <span class='ocrx_word' id='word_1_57' title='bbox 659 992 1134 1046; x_wconf 83' lang='lat' dir='ltr'><strong>se&#39;accommodat</strong></span> <span class='ocrx_word' id='word_1_58' title='bbox 1183 1000 1237 1047; x_wconf 92' lang='lat' dir='ltr'><strong>et</strong></span> <span class='ocrx_word' id='word_1_59' title='bbox 1285 1002 1502 1064; x_wconf 87' lang='lat' dir='ltr'><strong>coaptat</strong></span> <span class='ocrx_word' id='word_1_60' title='bbox 1536 1012 1550 1048; x_wconf 88' lang='lat'><strong>:</strong></span> <span class='ocrx_word' id='word_1_61' title='bbox 1589 996 2021 1067; x_wconf 78' lang='lat' dir='ltr'><strong>symphoniaque</strong></span> <span class='ocrx_word' id='word_1_62' title='bbox 2051 1009 2104 1054; x_wconf 92' lang='lat' dir='ltr'><strong>ct</strong></span> 
     </span>
    </p>
   </div>
   <div class='ocr_carea' id='block_1_11' title="bbox 523 1086 2104 1161">
    <p class='ocr_par' dir='ltr' id='par_1_11' title="bbox 523 1086 2104 1161">
     <span class='ocr_line' id='line_1_11' title="bbox 523 1086 2104 1161; baseline 0.004 -23"><span class='ocrx_word' id='word_1_63' title='bbox 523 1095 823 1139; x_wconf 71' lang='lat' dir='ltr'><strong>concentus</strong></span> <span class='ocrx_word' id='word_1_64' title='bbox 855 1086 1074 1156; x_wconf 89' lang='lat' dir='ltr'><strong>quidam</strong></span> <span class='ocrx_word' id='word_1_65' title='bbox 1110 1088 1323 1142; x_wconf 64' lang='lat' dir='ltr'><strong>catteris</strong></span> <span class='ocrx_word' id='word_1_66' title='bbox 1360 1088 1614 1144; x_wconf 83' lang='lat' dir='ltr'><strong>omnibus</strong></span> <span class='ocrx_word' id='word_1_67' title='bbox 1642 1098 1749 1153; x_wconf 86' lang='lat' dir='ltr'><strong>est,</strong></span> <span class='ocrx_word' id='word_1_68' title='bbox 1786 1099 1839 1146; x_wconf 88' lang='lat' dir='ltr'><strong>et</strong></span> <span class='ocrx_word' id='word_1_69' title='bbox 1873 1106 2104 1161; x_wconf 89' lang='lat' dir='ltr'><strong>propor-</strong></span> 
     </span>
    </p>
   </div>
   <div class='ocr_carea' id='block_1_12' title="bbox 523 1174 2102 1245">
    <p class='ocr_par' dir='ltr' id='par_1_12' title="bbox 523 1174 2102 1245">
     <span class='ocr_line' id='line_1_12' title="bbox 523 1174 2102 1245; baseline 0.008 -19"><span class='ocrx_word' id='word_1_70' title='bbox 523 1175 617 1229; x_wconf 91' lang='lat' dir='ltr'><strong>tio.</strong></span> <span class='ocrx_word' id='word_1_71' title='bbox 652 1174 754 1239; x_wconf 79' lang='lat' dir='ltr'><strong>Qui</strong></span> <span class='ocrx_word' id='word_1_72' title='bbox 782 1175 949 1245; x_wconf 81' lang='lat' dir='ltr'><strong>igitur</strong></span> <span class='ocrx_word' id='word_1_73' title='bbox 978 1175 1120 1231; x_wconf 86' lang='lat' dir='ltr'><strong>hanc</strong></span> <span class='ocrx_word' id='word_1_74' title='bbox 1149 1178 1394 1233; x_wconf 81' lang='lat' dir='ltr'><strong>musicen</strong></span> <span class='ocrx_word' id='word_1_75' title='bbox 1423 1178 1712 1236; x_wconf 87' lang='lat' dir='ltr'><strong>confessus</strong></span> <span class='ocrx_word' id='word_1_76' title='bbox 1742 1179 1906 1236; x_wconf 79' lang='lat' dir='ltr'><strong>fuerit</strong></span> <span class='ocrx_word' id='word_1_77' title='bbox 1933 1182 2102 1238; x_wconf 89' lang='lat' dir='ltr'><strong>fuisse</strong></span> 
     </span>
    </p>
   </div>
   <div class='ocr_carea' id='block_1_13' title="bbox 525 1265 2097 1338">
    <p class='ocr_par' dir='ltr' id='par_1_13' title="bbox 525 1265 2097 1338">
     <span class='ocr_line' id='line_1_13' title="bbox 525 1265 2097 1338; baseline 0.005 -19"><span class='ocrx_word' id='word_1_78' title='bbox 525 1268 580 1320; x_wconf 89' lang='lat' dir='ltr'><strong>in</strong></span> <span class='ocrx_word' id='word_1_79' title='bbox 640 1265 838 1331; x_wconf 84' lang='lat' dir='ltr'><strong>David,</strong></span> <span class='ocrx_word' id='word_1_80' title='bbox 896 1268 1187 1324; x_wconf 89' lang='lat' dir='ltr'><strong>universas</strong></span> <span class='ocrx_word' id='word_1_81' title='bbox 1236 1270 1285 1324; x_wconf 89' lang='lat' dir='ltr'><strong>ei</strong></span> <span class='ocrx_word' id='word_1_82' title='bbox 1356 1271 1547 1338; x_wconf 84' lang='lat' dir='ltr'><strong>etiam,</strong></span> <span class='ocrx_word' id='word_1_83' title='bbox 1618 1287 1799 1326; x_wconf 87' lang='lat' dir='ltr'><strong>rerum</strong></span> <span class='ocrx_word' id='word_1_84' title='bbox 1851 1275 2097 1328; x_wconf 87' lang='lat' dir='ltr'><strong>omnium</strong></span> 
     </span>
    </p>
   </div>
   <div class='ocr_carea' id='block_1_14' title="bbox 518 1359 2096 1431">
    <p class='ocr_par' dir='ltr' id='par_1_14' title="bbox 518 1359 2096 1431">
     <span class='ocr_line' id='line_1_14' title="bbox 518 1359 2096 1431; baseline 0.004 -19"><span class='ocrx_word' id='word_1_85' title='bbox 518 1359 779 1414; x_wconf 85' lang='lat' dir='ltr'><strong>scientias</strong></span> <span class='ocrx_word' id='word_1_86' title='bbox 832 1360 979 1415; x_wconf 80' lang='lat' dir='ltr'><strong>brevi</strong></span> <span class='ocrx_word' id='word_1_87' title='bbox 1026 1360 1284 1416; x_wconf 78' lang='lat' dir='ltr'><strong>ascribat.</strong></span> <span class='ocrx_word' id='word_1_88' title='bbox 1338 1362 1751 1418; x_wconf 80' lang='lat' dir='ltr'><strong>Observandum</strong></span> <span class='ocrx_word' id='word_1_89' title='bbox 1804 1381 1930 1421; x_wconf 90' lang='lat' dir='ltr'><strong>vero</strong></span> <span class='ocrx_word' id='word_1_90' title='bbox 1993 1378 2096 1431; x_wconf 89' lang='lat' dir='ltr'><strong>est,</strong></span> 
     </span>
    </p>
   </div>
   <div class='ocr_carea' id='block_1_15' title="bbox 520 1450 2096 1526">
    <p class='ocr_par' dir='ltr' id='par_1_15' title="bbox 520 1450 2096 1526">
     <span class='ocr_line' id='line_1_15' title="bbox 520 1450 2096 1526; baseline 0.008 -25"><span class='ocrx_word' id='word_1_91' title='bbox 520 1464 628 1520; x_wconf 90' lang='lat' dir='ltr'><strong>qua</strong></span> <span class='ocrx_word' id='word_1_92' title='bbox 655 1450 866 1505; x_wconf 88' lang='lat' dir='ltr'><strong>ratione</strong></span> <span class='ocrx_word' id='word_1_93' title='bbox 895 1451 1088 1508; x_wconf 88' lang='lat' dir='ltr'><strong>beatus</strong></span> <span class='ocrx_word' id='word_1_94' title='bbox 1121 1452 1308 1518; x_wconf 85' lang='lat' dir='ltr'><strong>David,</strong></span> <span class='ocrx_word' id='word_1_95' title='bbox 1363 1468 1570 1525; x_wconf 88' lang='lat' dir='ltr'><strong>organo</strong></span> <span class='ocrx_word' id='word_1_96' title='bbox 1614 1457 1836 1526; x_wconf 84' lang='lat' dir='ltr'><strong>quidem</strong></span> <span class='ocrx_word' id='word_1_97' title='bbox 1900 1472 2096 1514; x_wconf 76' lang='lat' dir='ltr'><strong>manus</strong></span> 
     </span>
    </p>
   </div>
   <div class='ocr_carea' id='block_1_16' title="bbox 517 1541 2093 1620">
    <p class='ocr_par' dir='ltr' id='par_1_16' title="bbox 517 1541 2093 1620">
     <span class='ocr_line' id='line_1_16' title="bbox 517 1541 2093 1620; baseline 0.007 -26"><span class='ocrx_word' id='word_1_98' title='bbox 517 1551 572 1594; x_wconf 88' lang='lat' dir='ltr'><strong>et</strong></span> <span class='ocrx_word' id='word_1_99' title='bbox 600 1541 835 1596; x_wconf 81' lang='lat' dir='ltr'><strong>faciendi</strong></span> <span class='ocrx_word' id='word_1_100' title='bbox 878 1544 1133 1598; x_wconf 83' lang='lat' dir='ltr'><strong>virtutem</strong></span> <span class='ocrx_word' id='word_1_101' title='bbox 1160 1545 1489 1615; x_wconf 85' lang='lat' dir='ltr'><strong>simpliciter</strong></span> <span class='ocrx_word' id='word_1_102' title='bbox 1540 1549 1797 1618; x_wconf 86' lang='lat' dir='ltr'><strong>ascripsit</strong></span> <span class='ocrx_word' id='word_1_103' title='bbox 1832 1567 1845 1602; x_wconf 92' lang='lat'><strong>:</strong></span> <span class='ocrx_word' id='word_1_104' title='bbox 1887 1550 2093 1620; x_wconf 84' lang='lat' dir='ltr'><strong>psalte-</strong></span> 
     </span>
    </p>
   </div>
   <div class='ocr_carea' id='block_1_17' title="bbox 520 1633 2093 1710">
    <p class='ocr_par' dir='ltr' id='par_1_17' title="bbox 520 1633 2093 1710">
     <span class='ocr_line' id='line_1_17' title="bbox 520 1633 2093 1710; baseline 0.007 -25"><span class='ocrx_word' id='word_1_105' title='bbox 520 1633 602 1685; x_wconf 82' lang='lat' dir='ltr'><strong>rio</strong></span> <span class='ocrx_word' id='word_1_106' title='bbox 639 1648 766 1688; x_wconf 87' lang='lat' dir='ltr'><strong>vero</strong></span> <span class='ocrx_word' id='word_1_107' title='bbox 795 1634 1022 1704; x_wconf 81' lang='lat' dir='ltr'><strong>digitos,</strong></span> <span class='ocrx_word' id='word_1_108' title='bbox 1082 1635 1624 1706; x_wconf 84' lang='lat' dir='ltr'><strong>concinnitatetnque</strong></span> <span class='ocrx_word' id='word_1_109' title='bbox 1656 1649 1822 1710; x_wconf 88' lang='lat' dir='ltr'><strong>atque</strong></span> <span class='ocrx_word' id='word_1_110' title='bbox 1873 1641 2093 1697; x_wconf 83' lang='lat' dir='ltr'><strong>harmo-</strong></span> 
     </span>
    </p>
   </div>
   <div class='ocr_carea' id='block_1_18' title="bbox 517 1724 2088 1798">
    <p class='ocr_par' dir='ltr' id='par_1_18' title="bbox 517 1724 2088 1798">
     <span class='ocr_line' id='line_1_18' title="bbox 517 1724 2088 1798; baseline 0.006 -22"><span class='ocrx_word' id='word_1_111' title='bbox 517 1724 686 1779; x_wconf 87' lang='lat' dir='ltr'><strong>niam.</strong></span> <span class='ocrx_word' id='word_1_112' title='bbox 726 1724 864 1791; x_wconf 85' lang='lat' dir='ltr'><strong>Quia</strong></span> <span class='ocrx_word' id='word_1_113' title='bbox 894 1725 1105 1780; x_wconf 87' lang='lat' dir='ltr'><strong>scilicet</strong></span> <span class='ocrx_word' id='word_1_114' title='bbox 1130 1740 1396 1796; x_wconf 78' lang='lat' dir='ltr'><strong>organum</strong></span> <span class='ocrx_word' id='word_1_115' title='bbox 1423 1727 1734 1798; x_wconf 88' lang='lat' dir='ltr'><strong>simplicius</strong></span> <span class='ocrx_word' id='word_1_116' title='bbox 1753 1729 2088 1786; x_wconf 86' lang='lat' dir='ltr'><strong>instrumen-</strong></span> 
     </span>
    </p>
   </div>
   <div class='ocr_carea' id='block_1_19' title="bbox 2214 542 3797 619">
    <p class='ocr_par' dir='ltr' id='par_1_19' title="bbox 2214 542 3797 619">
     <span class='ocr_line' id='line_1_19' title="bbox 2214 542 3797 619; baseline 0.008 -26"><span class='ocrx_word' id='word_1_117' title='bbox 2214 542 2310 594; x_wconf 78' lang='grc' dir='ltr'><strong>καὶ</strong></span> <span class='ocrx_word' id='word_1_118' title='bbox 2340 544 2709 612; x_wconf 83' lang='grc' dir='ltr'>πραγμάτων.</span> <span class='ocrx_word' id='word_1_119' title='bbox 2760 544 2971 609; x_wconf 77' lang='grc' dir='ltr'>’Λλλως</span> <span class='ocrx_word' id='word_1_120' title='bbox 3001 564 3057 598; x_wconf 90' lang='grc' dir='ltr'><strong>τε</strong></span> <span class='ocrx_word' id='word_1_121' title='bbox 3093 549 3367 617; x_wconf 65' lang='grc' dir='ltr'>κάνίταῖς</span> <span class='ocrx_word' id='word_1_122' title='bbox 3402 552 3644 619; x_wconf 79' lang='grc' dir='ltr'>λογικαῖς</span> <span class='ocrx_word' id='word_1_123' title='bbox 3676 557 3797 607; x_wconf 82' lang='grc' dir='ltr'>ἐπι-</span> 
     </span>
    </p>
   </div>
   <div class='ocr_carea' id='block_1_20' title="bbox 2216 633 3794 715">
    <p class='ocr_par' dir='ltr' id='par_1_20' title="bbox 2216 633 3794 715">
     <span class='ocr_line' id='line_1_20' title="bbox 2216 633 3794 715; baseline 0.01 -30"><span class='ocrx_word' id='word_1_124' title='bbox 2216 633 2456 705; x_wconf 81' lang='grc' dir='ltr'>στήμαις</span> <span class='ocrx_word' id='word_1_125' title='bbox 2485 636 2760 707; x_wconf 82' lang='grc' dir='ltr'>ἁρμονικὴ</span> <span class='ocrx_word' id='word_1_126' title='bbox 2789 638 2848 689; x_wconf 82' lang='grc' dir='ltr'><strong>τὸ</strong></span> <span class='ocrx_word' id='word_1_127' title='bbox 2875 639 3165 693; x_wconf 74' lang='grc' dir='ltr'>κάλλιστόν</span> <span class='ocrx_word' id='word_1_128' title='bbox 3205 648 3263 694; x_wconf 84' lang='grc' dir='ltr'><strong>τε</strong></span> <span class='ocrx_word' id='word_1_129' title='bbox 3295 645 3391 696; x_wconf 76' lang='grc' dir='ltr'><strong>καὶ</strong></span> <span class='ocrx_word' id='word_1_130' title='bbox 3421 645 3794 715; x_wconf 81' lang='grc' dir='ltr'>κορυφαιότα-</span> 
     </span>
    </p>
   </div>
   <div class='ocr_carea' id='block_1_21' title="bbox 2210 725 3796 806">
    <p class='ocr_par' dir='ltr' id='par_1_21' title="bbox 2210 725 3796 806">
     <span class='ocr_line' id='line_1_21' title="bbox 2210 725 3796 806; baseline 0.007 -27"><span class='ocrx_word' id='word_1_131' title='bbox 2210 741 2301 779; x_wconf 84' lang='grc' dir='ltr'><strong>τον</strong></span> <span class='ocrx_word' id='word_1_132' title='bbox 2330 725 2431 794; x_wconf 81' lang='grc' dir='ltr'>τῆς</span> <span class='ocrx_word' id='word_1_133' title='bbox 2460 726 2802 795; x_wconf 79' lang='grc' dir='ltr'>φιλοσοφίας,</span> <span class='ocrx_word' id='word_1_134' title='bbox 2831 729 2969 798; x_wconf 70' lang='grc' dir='ltr'>αὐτή</span> <span class='ocrx_word' id='word_1_135' title='bbox 3005 747 3064 783; x_wconf 81' lang='grc' dir='ltr'><strong>τε</strong></span> <span class='ocrx_word' id='word_1_136' title='bbox 3097 731 3296 803; x_wconf 80' lang='grc' dir='ltr'>ἑαυτὴν</span> <span class='ocrx_word' id='word_1_137' title='bbox 3341 735 3438 787; x_wconf 79' lang='grc' dir='ltr'>καὶ</span> <span class='ocrx_word' id='word_1_138' title='bbox 3472 735 3633 787; x_wconf 84' lang='grc' dir='ltr'>πάνθ’</span> <span class='ocrx_word' id='word_1_139' title='bbox 3656 737 3796 806; x_wconf 76' lang='grc' dir='ltr'>ὁμοῦ</span> 
     </span>
    </p>
   </div>
   <div class='ocr_carea' id='block_1_22' title="bbox 2208 816 3795 894">
    <p class='ocr_par' dir='ltr' id='par_1_22' title="bbox 2208 816 3795 894">
     <span class='ocr_line' id='line_1_22' title="bbox 2208 816 3795 894; baseline 0.004 -26"><span class='ocrx_word' id='word_1_140' title='bbox 2208 816 2278 869; x_wconf 75' lang='grc' dir='ltr'>τὰ</span> <span class='ocrx_word' id='word_1_141' title='bbox 2310 819 2411 887; x_wconf 79' lang='grc' dir='ltr'>τῆς</span> <span class='ocrx_word' id='word_1_142' title='bbox 2448 816 2768 885; x_wconf 70' lang='grc' dir='ltr'><strong>φιλοσοφίας</strong></span> <span class='ocrx_word' id='word_1_143' title='bbox 2802 817 2944 889; x_wconf 80' lang='grc' dir='ltr'>μέρη</span> <span class='ocrx_word' id='word_1_144' title='bbox 2980 819 3075 871; x_wconf 79' lang='grc' dir='ltr'><strong>καὶ</strong></span> <span class='ocrx_word' id='word_1_145' title='bbox 3124 821 3319 892; x_wconf 81' lang='grc' dir='ltr'><strong>κάλλη,</strong></span> <span class='ocrx_word' id='word_1_146' title='bbox 3359 821 3452 875; x_wconf 78' lang='grc' dir='ltr'>καὶ</span> <span class='ocrx_word' id='word_1_147' title='bbox 3491 824 3658 894; x_wconf 77' lang='grc' dir='ltr'>ἑαυτῇ</span> <span class='ocrx_word' id='word_1_148' title='bbox 3699 825 3795 876; x_wconf 69' lang='grc' dir='ltr'><strong>καὶ</strong></span> 
     </span>
    </p>
   </div>
   <div class='ocr_carea' id='block_1_23' title="bbox 2210 909 3792 982">
    <p class='ocr_par' dir='ltr' id='par_1_23' title="bbox 2210 909 3792 982">
     <span class='ocr_line' id='line_1_23' title="bbox 2210 909 3792 982; baseline 0.004 -22"><span class='ocrx_word' id='word_1_149' title='bbox 2210 909 2458 975; x_wconf 71' lang='grc' dir='ltr'>ἀλλήλοις</span> <span class='ocrx_word' id='word_1_150' title='bbox 2491 911 2559 963; x_wconf 86' lang='grc' dir='ltr'>δι’</span> <span class='ocrx_word' id='word_1_151' title='bbox 2591 911 2792 980; x_wconf 78' lang='grc' dir='ltr'>ἑαυτῆς</span> <span class='ocrx_word' id='word_1_152' title='bbox 2824 910 3169 980; x_wconf 75' lang='grc' dir='ltr'><strong>ἁρμόζουσα,</strong></span> <span class='ocrx_word' id='word_1_153' title='bbox 3217 913 3511 982; x_wconf 82' lang='grc' dir='ltr'><strong>συμφωνία</strong></span> <span class='ocrx_word' id='word_1_154' title='bbox 3539 932 3623 972; x_wconf 79' lang='grc' dir='ltr'><strong>τις</strong></span> <span class='ocrx_word' id='word_1_155' title='bbox 3653 911 3792 967; x_wconf 81' lang='grc' dir='ltr'>οὖσα</span> 
     </span>
    </p>
   </div>
   <div class='ocr_carea' id='block_1_24' title="bbox 2209 1000 3789 1075">
    <p class='ocr_par' dir='ltr' id='par_1_24' title="bbox 2209 1000 3789 1075">
     <span class='ocr_line' id='line_1_24' title="bbox 2209 1000 3789 1075; baseline 0.005 -24"><span class='ocrx_word' id='word_1_156' title='bbox 2209 1001 2395 1065; x_wconf 83' lang='grc' dir='ltr'>πᾶσιν,</span> <span class='ocrx_word' id='word_1_157' title='bbox 2419 1000 2451 1072; x_wconf 79' lang='grc' dir='ltr'><strong>ἦ</strong></span> <span class='ocrx_word' id='word_1_158' title='bbox 2479 1000 2757 1068; x_wconf 76' lang='grc' dir='ltr'>ἀναλογία.</span> <span class='ocrx_word' id='word_1_159' title='bbox 2787 1002 2847 1054; x_wconf 87' lang='grc' dir='ltr'>Ὀ</span> <span class='ocrx_word' id='word_1_160' title='bbox 2866 1002 2994 1070; x_wconf 76' lang='grc' dir='ltr'>γοῦν</span> <span class='ocrx_word' id='word_1_161' title='bbox 3012 1002 3215 1073; x_wconf 84' lang='grc' dir='ltr'>ταύτην</span> <span class='ocrx_word' id='word_1_162' title='bbox 3238 1005 3382 1074; x_wconf 74' lang='grc' dir='ltr'>ἔχειν</span> <span class='ocrx_word' id='word_1_163' title='bbox 3410 1005 3750 1075; x_wconf 79' lang='grc' dir='ltr'><strong>ὁμολογήσας</strong></span> <span class='ocrx_word' id='word_1_164' title='bbox 3771 1045 3789 1071; x_wconf 91' lang='grc'><strong>,</strong></span> 
     </span>
    </p>
   </div>
   <div class='ocr_carea' id='block_1_25' title="bbox 2207 1092 3789 1168">
    <p class='ocr_par' dir='ltr' id='par_1_25' title="bbox 2207 1092 3789 1168">
     <span class='ocr_line' id='line_1_25' title="bbox 2207 1092 3789 1168; baseline 0.004 -23"><span class='ocrx_word' id='word_1_165' title='bbox 2207 1093 2387 1146; x_wconf 82' lang='grc' dir='ltr'>πᾶσαν</span> <span class='ocrx_word' id='word_1_166' title='bbox 2410 1093 2468 1145; x_wconf 78' lang='grc' dir='ltr'>ὲν</span> <span class='ocrx_word' id='word_1_167' title='bbox 2495 1092 2688 1164; x_wconf 85' lang='grc' dir='ltr'>βραχεῖ</span> <span class='ocrx_word' id='word_1_168' title='bbox 2710 1095 2808 1164; x_wconf 84' lang='grc' dir='ltr'>τὴν</span> <span class='ocrx_word' id='word_1_169' title='bbox 2836 1095 3069 1165; x_wconf 85' lang='grc' dir='ltr'>θεωρίαν</span> <span class='ocrx_word' id='word_1_170' title='bbox 3094 1095 3245 1164; x_wconf 80' lang='grc' dir='ltr'>αὐτῷ</span> <span class='ocrx_word' id='word_1_171' title='bbox 3266 1097 3377 1149; x_wconf 83' lang='grc' dir='ltr'>τῶν</span> <span class='ocrx_word' id='word_1_172' title='bbox 3396 1097 3567 1151; x_wconf 77' lang='grc' dir='ltr'>ὄντων</span> <span class='ocrx_word' id='word_1_173' title='bbox 3618 1116 3789 1168; x_wconf 78' lang='grc' dir='ltr'>προσ-</span> 
     </span>
    </p>
   </div>
   <div class='ocr_carea' id='block_1_26' title="bbox 2205 1183 3787 1260">
    <p class='ocr_par' dir='ltr' id='par_1_26' title="bbox 2205 1183 3787 1260">
     <span class='ocr_line' id='line_1_26' title="bbox 2205 1183 3787 1260; baseline 0.003 -24"><span class='ocrx_word' id='word_1_174' title='bbox 2205 1183 2581 1255; x_wconf 76' lang='grc' dir='ltr'>εμαρτύρησε.</span> <span class='ocrx_word' id='word_1_175' title='bbox 2607 1186 3031 1256; x_wconf 82' lang='grc' dir='ltr'>Παρατηρητέον</span> <span class='ocrx_word' id='word_1_176' title='bbox 3063 1187 3141 1252; x_wconf 84' lang='grc' dir='ltr'>δὲ,</span> <span class='ocrx_word' id='word_1_177' title='bbox 3177 1187 3294 1250; x_wconf 78' lang='grc' dir='ltr'>πῶς</span> <span class='ocrx_word' id='word_1_178' title='bbox 3334 1186 3414 1258; x_wconf 80' lang='grc' dir='ltr'>τῷ</span> <span class='ocrx_word' id='word_1_179' title='bbox 3442 1189 3541 1258; x_wconf 82' lang='grc' dir='ltr'><strong>μὲν</strong></span> <span class='ocrx_word' id='word_1_180' title='bbox 3571 1190 3787 1260; x_wconf 82' lang='grc' dir='ltr'><strong>ὀργάνῳ</strong></span> 
     </span>
    </p>
   </div>
   <div class='ocr_carea' id='block_1_27' title="bbox 2201 1278 3786 1351">
    <p class='ocr_par' dir='ltr' id='par_1_27' title="bbox 2201 1278 3786 1351">
     <span class='ocr_line' id='line_1_27' title="bbox 2201 1278 3786 1351; baseline 0.004 -23"><span class='ocrx_word' id='word_1_181' title='bbox 2201 1278 2298 1338; x_wconf 70' lang='grc' dir='ltr'><strong>τὰς</strong></span> <span class='ocrx_word' id='word_1_182' title='bbox 2332 1279 2522 1346; x_wconf 82' lang='grc' dir='ltr'>χεῖρας</span> <span class='ocrx_word' id='word_1_183' title='bbox 2552 1278 2646 1330; x_wconf 72' lang='grc' dir='ltr'><strong>καὶ</strong></span> <span class='ocrx_word' id='word_1_184' title='bbox 2696 1279 2991 1349; x_wconf 76' lang='grc' dir='ltr'>ποιητικὴν</span> <span class='ocrx_word' id='word_1_185' title='bbox 3022 1278 3252 1349; x_wconf 88' lang='grc' dir='ltr'>δύναμιν</span> <span class='ocrx_word' id='word_1_186' title='bbox 3304 1280 3560 1350; x_wconf 80' lang='grc' dir='ltr'>ἀνέθηκε,</span> <span class='ocrx_word' id='word_1_187' title='bbox 3601 1281 3681 1351; x_wconf 80' lang='grc' dir='ltr'>τῷ</span> <span class='ocrx_word' id='word_1_188' title='bbox 3728 1283 3786 1336; x_wconf 81' lang='grc' dir='ltr'>δὲ</span> 
     </span>
    </p>
   </div>
   <div class='ocr_carea' id='block_1_28' title="bbox 2200 1368 3833 1444">
    <p class='ocr_par' dir='ltr' id='par_1_28' title="bbox 2200 1368 3833 1444">
     <span class='ocr_line' id='line_1_28' title="bbox 2200 1368 3833 1444; baseline 0.004 -23"><span class='ocrx_word' id='word_1_189' title='bbox 2200 1368 2485 1440; x_wconf 71' lang='grc' dir='ltr'>ψαλτηρίῳ</span> <span class='ocrx_word' id='word_1_190' title='bbox 2505 1370 2631 1431; x_wconf 76' lang='grc' dir='ltr'>τοὺς</span> <span class='ocrx_word' id='word_1_191' title='bbox 2651 1370 2948 1432; x_wconf 80' lang='grc' dir='ltr'>δακτύλους</span> <span class='ocrx_word' id='word_1_192' title='bbox 2972 1372 3065 1425; x_wconf 72' lang='grc' dir='ltr'><strong>καὶ</strong></span> <span class='ocrx_word' id='word_1_193' title='bbox 3088 1373 3189 1441; x_wconf 82' lang='grc' dir='ltr'>τὴν</span> <span class='ocrx_word' id='word_1_194' title='bbox 3217 1374 3521 1444; x_wconf 85' lang='grc' dir='ltr'>ἀρμονικήν</span> <span class='ocrx_word' id='word_1_195' title='bbox 3547 1390 3561 1403; x_wconf 88' lang='grc'><strong>·</strong></span> <span class='ocrx_word' id='word_1_196' title='bbox 3607 1377 3786 1427; x_wconf 80' lang='grc' dir='ltr'>ἐκεῖνο</span> <span class='ocrx_word' id='word_1_197' title='bbox 3830 1397 3833 1401; x_wconf 92' lang='grc'><strong>·</strong></span> 
     </span>
    </p>
   </div>
   <div class='ocr_carea' id='block_1_29' title="bbox 2203 1461 3781 1535">
    <p class='ocr_par' dir='ltr' id='par_1_29' title="bbox 2203 1461 3781 1535">
     <span class='ocr_line' id='line_1_29' title="bbox 2203 1461 3781 1535; baseline 0.003 -23"><span class='ocrx_word' id='word_1_198' title='bbox 2203 1461 2303 1531; x_wconf 79' lang='grc' dir='ltr'><strong>μὲν</strong></span> <span class='ocrx_word' id='word_1_199' title='bbox 2336 1462 2465 1531; x_wconf 82' lang='grc' dir='ltr'>γὰρ,</span> <span class='ocrx_word' id='word_1_200' title='bbox 2500 1461 2873 1532; x_wconf 83' lang='grc' dir='ltr'><strong>ἁπλούστερον</strong></span> <span class='ocrx_word' id='word_1_201' title='bbox 2901 1465 2992 1516; x_wconf 68' lang='grc' dir='ltr'><strong>καὶ</strong></span> <span class='ocrx_word' id='word_1_202' title='bbox 3025 1464 3357 1535; x_wconf 82' lang='grc' dir='ltr'>κοινότερον·</span> <span class='ocrx_word' id='word_1_203' title='bbox 3382 1464 3543 1518; x_wconf 80' lang='grc' dir='ltr'>τοῦτο</span> <span class='ocrx_word' id='word_1_204' title='bbox 3563 1465 3642 1528; x_wconf 84' lang='grc' dir='ltr'><strong>δὲ,</strong></span> <span class='ocrx_word' id='word_1_205' title='bbox 3672 1467 3781 1517; x_wconf 83' lang='grc' dir='ltr'><strong>τῶν</strong></span> 
     </span>
    </p>
   </div>
   <div class='ocr_carea' id='block_1_30' title="bbox 2201 1552 3780 1627">
    <p class='ocr_par' dir='ltr' id='par_1_30' title="bbox 2201 1552 3780 1627">
     <span class='ocr_line' id='line_1_30' title="bbox 2201 1552 3780 1627; baseline 0.004 -23"><span class='ocrx_word' id='word_1_206' title='bbox 2201 1552 2644 1623; x_wconf 80' lang='grc' dir='ltr'>ὲπιστημονικῶν</span> <span class='ocrx_word' id='word_1_207' title='bbox 2683 1571 2742 1607; x_wconf 89' lang='grc' dir='ltr'><strong>τε</strong></span> <span class='ocrx_word' id='word_1_208' title='bbox 2771 1554 2868 1608; x_wconf 78' lang='grc' dir='ltr'>καὶ</span> <span class='ocrx_word' id='word_1_209' title='bbox 2908 1555 3271 1625; x_wconf 82' lang='grc' dir='ltr'>λεπτοτέρων,</span> <span class='ocrx_word' id='word_1_210' title='bbox 3306 1559 3398 1610; x_wconf 69' lang='grc' dir='ltr'><strong>καὶ</strong></span> <span class='ocrx_word' id='word_1_211' title='bbox 3450 1558 3780 1627; x_wconf 71' lang='grc' dir='ltr'>ἀκριϐεστέ-</span> 
     </span>
    </p>
   </div>
   <div class='ocr_carea' id='block_1_31' title="bbox 2198 1641 3781 1717">
    <p class='ocr_par' dir='ltr' id='par_1_31' title="bbox 2198 1641 3781 1717">
     <span class='ocr_line' id='line_1_31' title="bbox 2198 1641 3781 1717; baseline 0.004 -24"><span class='ocrx_word' id='word_1_212' title='bbox 2198 1659 2297 1711; x_wconf 90' lang='grc' dir='ltr'><strong>ρας</strong></span> <span class='ocrx_word' id='word_1_213' title='bbox 2326 1641 2581 1711; x_wconf 84' lang='grc' dir='ltr'>δεόμενον</span> <span class='ocrx_word' id='word_1_214' title='bbox 2605 1645 3030 1715; x_wconf 80' lang='grc' dir='ltr'>ἐπιτεχνήσεως.</span> <span class='ocrx_word' id='word_1_215' title='bbox 3073 1646 3459 1714; x_wconf 83' lang='grc' dir='ltr'>Ἀναγωγικῶς</span> <span class='ocrx_word' id='word_1_216' title='bbox 3478 1648 3554 1709; x_wconf 82' lang='grc' dir='ltr'>δὲ,</span> <span class='ocrx_word' id='word_1_217' title='bbox 3589 1650 3781 1717; x_wconf 75' lang='grc' dir='ltr'>χεῖρας</span> 
     </span>
    </p>
   </div>
   <div class='ocr_carea' id='block_1_32' title="bbox 2198 1731 3779 1806">
    <p class='ocr_par' dir='ltr' id='par_1_32' title="bbox 2198 1731 3779 1806">
     <span class='ocr_line' id='line_1_32' title="bbox 2198 1731 3779 1806; baseline 0.001 -23"><span class='ocrx_word' id='word_1_218' title='bbox 2198 1731 2301 1801; x_wconf 84' lang='grc' dir='ltr'>μὲν</span> <span class='ocrx_word' id='word_1_219' title='bbox 2331 1731 2544 1802; x_wconf 80' lang='grc' dir='ltr'>οἰητέον</span> <span class='ocrx_word' id='word_1_220' title='bbox 2571 1734 2669 1803; x_wconf 82' lang='grc' dir='ltr'>τὴν</span> <span class='ocrx_word' id='word_1_221' title='bbox 2701 1736 3014 1803; x_wconf 80' lang='grc' dir='ltr'>πρακτικὴν</span> <span class='ocrx_word' id='word_1_222' title='bbox 3060 1736 3264 1805; x_wconf 84' lang='grc' dir='ltr'>ἀρετὴν</span> <span class='ocrx_word' id='word_1_223' title='bbox 3307 1735 3498 1806; x_wconf 83' lang='grc' dir='ltr'>ὥσπερ</span> <span class='ocrx_word' id='word_1_224' title='bbox 3544 1736 3779 1805; x_wconf 75' lang='grc' dir='ltr'>ὄργανον</span> 
     </span>
    </p>
   </div>
   <div class='ocr_carea' id='block_1_33' title="bbox 516 1799 2082 1893">
    <p class='ocr_par' dir='ltr' id='par_1_33' title="bbox 516 1819 2082 1889">
     <span class='ocr_line' id='line_1_33' title="bbox 516 1819 2082 1889; baseline 0.006 -21"><span class='ocrx_word' id='word_1_225' title='bbox 516 1824 631 1869; x_wconf 90' lang='lat' dir='ltr'><strong>tum</strong></span> <span class='ocrx_word' id='word_1_226' title='bbox 655 1825 740 1870; x_wconf 87' lang='lat' dir='ltr'><strong>est</strong></span> <span class='ocrx_word' id='word_1_227' title='bbox 771 1831 835 1871; x_wconf 88' lang='lat' dir='ltr'><strong>ac</strong></span> <span class='ocrx_word' id='word_1_228' title='bbox 862 1819 1038 1889; x_wconf 87' lang='lat' dir='ltr'><strong>magis</strong></span> <span class='ocrx_word' id='word_1_229' title='bbox 1075 1819 1300 1889; x_wconf 85' lang='lat' dir='ltr'><strong>vulgare</strong></span> <span class='ocrx_word' id='word_1_230' title='bbox 1341 1835 1356 1873; x_wconf 92' lang='lat'><strong>:</strong></span> <span class='ocrx_word' id='word_1_231' title='bbox 1399 1821 1715 1889; x_wconf 89' lang='lat' dir='ltr'><strong>psalterium</strong></span> <span class='ocrx_word' id='word_1_232' title='bbox 1754 1837 1880 1877; x_wconf 89' lang='lat' dir='ltr'><strong>vero</strong></span> <span class='ocrx_word' id='word_1_233' title='bbox 1931 1829 1985 1878; x_wconf 91' lang='lat' dir='ltr'><strong>et</strong></span> <span class='ocrx_word' id='word_1_234' title='bbox 2021 1824 2082 1878; x_wconf 87' lang='lat' dir='ltr'><strong>ad</strong></span> 
     </span>
    </p>
   </div>
   <div class='ocr_carea' id='block_1_34' title="bbox 2184 1799 3773 1893">
    <p class='ocr_par' dir='ltr' id='par_1_34' title="bbox 2193 1799 3773 1893">
     <span class='ocr_line' id='line_1_34' title="bbox 2193 1799 3773 1893; baseline -0.002 -18"><span class='ocrx_word' id='word_1_235' title='bbox 2193 1799 2567 1875; x_wconf 82' lang='grc' dir='ltr'>ἀποτελοῦσαν</span> <span class='ocrx_word' id='word_1_236' title='bbox 2599 1799 2692 1875; x_wconf 72' lang='grc' dir='ltr'><strong>τὸν</strong></span> <span class='ocrx_word' id='word_1_237' title='bbox 2717 1799 2831 1892; x_wconf 71' lang='grc' dir='ltr'>βίον</span> <span class='ocrx_word' id='word_1_238' title='bbox 2869 1799 3083 1893; x_wconf 78' lang='grc' dir='ltr'>ἐμμελῆ</span> <span class='ocrx_word' id='word_1_239' title='bbox 3100 1799 3540 1893; x_wconf 43' lang='grc' dir='ltr'>οιαὶ-σύμφωνον</span> <span class='ocrx_word' id='word_1_240' title='bbox 3567 1799 3735 1891; x_wconf 61' lang='grc' dir='ltr'>ἑαυτῇ</span> <span class='ocrx_word' id='word_1_241' title='bbox 3760 1836 3773 1849; x_wconf 92' lang='grc'><strong>·</strong></span> 
     </span>
    </p>
   </div>
   <div class='ocr_carea' id='block_1_35' title="bbox 514 1902 2090 1983">
    <p class='ocr_par' dir='ltr' id='par_1_35' title="bbox 514 1902 2090 1983">
     <span class='ocr_line' id='line_1_35' title="bbox 514 1902 2090 1983; baseline 0.003 -20"><span class='ocrx_word' id='word_1_242' title='bbox 514 1902 894 1964; x_wconf 82' lang='lat' dir='ltr'><strong>sublimiorem</strong></span> <span class='ocrx_word' id='word_1_243' title='bbox 953 1910 1242 1965; x_wconf 86' lang='lat' dir='ltr'><strong>scientiam</strong></span> <span class='ocrx_word' id='word_1_244' title='bbox 1300 1912 1559 1978; x_wconf 72' lang='lat' dir='ltr'><strong>pertinet,</strong></span> <span class='ocrx_word' id='word_1_245' title='bbox 1612 1922 1665 1967; x_wconf 91' lang='lat' dir='ltr'><strong>et</strong></span> <span class='ocrx_word' id='word_1_246' title='bbox 1709 1921 1826 1968; x_wconf 88' lang='lat' dir='ltr'><strong>arte</strong></span> <span class='ocrx_word' id='word_1_247' title='bbox 1885 1913 2090 1983; x_wconf 80' lang='lat' dir='ltr'><strong>indiget</strong></span> 
     </span>
    </p>
   </div>
   <div class='ocr_carea' id='block_1_36' title="bbox 511 2000 2085 2074">
    <p class='ocr_par' dir='ltr' id='par_1_36' title="bbox 511 2000 2085 2074">
     <span class='ocr_line' id='line_1_36' title="bbox 511 2000 2085 2074; baseline 0.001 -17"><span class='ocrx_word' id='word_1_248' title='bbox 511 2000 868 2073; x_wconf 85' lang='lat' dir='ltr'><strong>diligentiori.</strong></span> <span class='ocrx_word' id='word_1_249' title='bbox 900 2000 1060 2056; x_wconf 83' lang='lat' dir='ltr'><strong>Juxta</strong></span> <span class='ocrx_word' id='word_1_250' title='bbox 1088 2015 1368 2073; x_wconf 86' lang='lat' dir='ltr'><strong>anagogen</strong></span> <span class='ocrx_word' id='word_1_251' title='bbox 1426 2021 1440 2057; x_wconf 93' lang='lat'><strong>:</strong></span> <span class='ocrx_word' id='word_1_252' title='bbox 1479 2002 1673 2058; x_wconf 76' lang='lat' dir='ltr'><strong>Manus</strong></span> <span class='ocrx_word' id='word_1_253' title='bbox 1719 2004 2085 2074; x_wconf 86' lang='lat' dir='ltr'><strong>accipiuntur,</strong></span> 
     </span>
    </p>
   </div>
   <div class='ocr_carea' id='block_1_37' title="bbox 514 2088 2085 2161">
    <p class='ocr_par' dir='ltr' id='par_1_37' title="bbox 514 2088 2085 2161">
     <span class='ocr_line' id='line_1_37' title="bbox 514 2088 2085 2161; baseline 0.004 -20"><span class='ocrx_word' id='word_1_254' title='bbox 514 2105 614 2159; x_wconf 88' lang='lat' dir='ltr'><strong>pro</strong></span> <span class='ocrx_word' id='word_1_255' title='bbox 644 2088 849 2143; x_wconf 82' lang='lat' dir='ltr'><strong>virtute</strong></span> <span class='ocrx_word' id='word_1_256' title='bbox 879 2088 1102 2154; x_wconf 70' lang='lat' dir='ltr'><strong>factiva,</strong></span> <span class='ocrx_word' id='word_1_257' title='bbox 1137 2105 1259 2161; x_wconf 74' lang='lat' dir='ltr'><strong>qua:</strong></span> <span class='ocrx_word' id='word_1_258' title='bbox 1290 2093 1453 2146; x_wconf 85' lang='lat' dir='ltr'><strong>vitam</strong></span> <span class='ocrx_word' id='word_1_259' title='bbox 1509 2109 1572 2148; x_wconf 88' lang='lat' dir='ltr'><strong>ac</strong></span> <span class='ocrx_word' id='word_1_260' title='bbox 1607 2096 2085 2150; x_wconf 81' lang='lat' dir='ltr'><strong>conversationem</strong></span> 
     </span>
    </p>
   </div>
   <div class='ocr_carea' id='block_1_38' title="bbox 510 2186 2086 2257">
    <p class='ocr_par' dir='ltr' id='par_1_38' title="bbox 510 2186 2086 2257">
     <span class='ocr_line' id='line_1_38' title="bbox 510 2186 2086 2257; baseline 0.002 -18"><span class='ocrx_word' id='word_1_261' title='bbox 510 2193 778 2249; x_wconf 80' lang='lat' dir='ltr'><strong>nostram,</strong></span> <span class='ocrx_word' id='word_1_262' title='bbox 816 2186 972 2255; x_wconf 90' lang='lat' dir='ltr'><strong>quasi</strong></span> <span class='ocrx_word' id='word_1_263' title='bbox 1010 2200 1304 2257; x_wconf 78' lang='lat' dir='ltr'><strong>organum,</strong></span> <span class='ocrx_word' id='word_1_264' title='bbox 1349 2187 1449 2241; x_wconf 90' lang='lat' dir='ltr'><strong>sibi</strong></span> <span class='ocrx_word' id='word_1_265' title='bbox 1500 2189 1603 2257; x_wconf 82' lang='lat' dir='ltr'><strong>ipsi</strong></span> <span class='ocrx_word' id='word_1_266' title='bbox 1664 2204 1963 2243; x_wconf 80' lang='lat' dir='ltr'><strong>consonam</strong></span> <span class='ocrx_word' id='word_1_267' title='bbox 2020 2204 2086 2243; x_wconf 90' lang='lat' dir='ltr'><strong>ac</strong></span> 
     </span>
    </p>
   </div>
   <div class='ocr_carea' id='block_1_39' title="bbox 513 2275 2085 2348">
    <p class='ocr_par' dir='ltr' id='par_1_39' title="bbox 513 2275 2085 2348">
     <span class='ocr_line' id='line_1_39' title="bbox 513 2275 2085 2348; baseline 0.006 -19"><span class='ocrx_word' id='word_1_268' title='bbox 513 2276 653 2329; x_wconf 87' lang='lat' dir='ltr'><strong>bene</strong></span> <span class='ocrx_word' id='word_1_269' title='bbox 686 2275 1011 2344; x_wconf 84' lang='lat' dir='ltr'><strong>dispositam</strong></span> <span class='ocrx_word' id='word_1_270' title='bbox 1037 2276 1265 2343; x_wconf 81' lang='lat' dir='ltr'><strong>reddat;</strong></span> <span class='ocrx_word' id='word_1_271' title='bbox 1294 2278 1449 2348; x_wconf 81' lang='lat' dir='ltr'><strong>digiti</strong></span> <span class='ocrx_word' id='word_1_272' title='bbox 1499 2294 1653 2344; x_wconf 80' lang='lat' dir='ltr'><strong>vero,</strong></span> <span class='ocrx_word' id='word_1_273' title='bbox 1689 2281 2085 2337; x_wconf 85' lang='lat' dir='ltr'><strong>consideratio-</strong></span> 
     </span>
    </p>
   </div>
   <div class='ocr_carea' id='block_1_40' title="bbox 510 2367 2083 2444">
    <p class='ocr_par' dir='ltr' id='par_1_40' title="bbox 510 2367 2083 2444">
     <span class='ocr_line' id='line_1_40' title="bbox 510 2367 2083 2444; baseline 0.004 -23"><span class='ocrx_word' id='word_1_274' title='bbox 510 2382 610 2422; x_wconf 89' lang='lat' dir='ltr'><strong>nes</strong></span> <span class='ocrx_word' id='word_1_275' title='bbox 650 2380 714 2422; x_wconf 89' lang='lat' dir='ltr'><strong>ac</strong></span> <span class='ocrx_word' id='word_1_276' title='bbox 760 2367 1252 2438; x_wconf 88' lang='lat' dir='ltr'><strong>contemplationes</strong></span> <span class='ocrx_word' id='word_1_277' title='bbox 1312 2371 1663 2427; x_wconf 89' lang='lat' dir='ltr'><strong>sublimiores</strong></span> <span class='ocrx_word' id='word_1_278' title='bbox 1722 2372 2083 2444; x_wconf 66' lang='lat' dir='ltr'><strong>intelligenda:</strong></span> 
     </span>
    </p>
   </div>
   <div class='ocr_carea' id='block_1_41' title="bbox 506 2460 2082 2535">
    <p class='ocr_par' dir='ltr' id='par_1_41' title="bbox 506 2460 2082 2535">
     <span class='ocr_line' id='line_1_41' title="bbox 506 2460 2082 2535; baseline 0.001 -19"><span class='ocrx_word' id='word_1_279' title='bbox 506 2467 641 2516; x_wconf 88' lang='lat' dir='ltr'><strong>sunt</strong></span> <span class='ocrx_word' id='word_1_280' title='bbox 674 2475 689 2513; x_wconf 91' lang='lat'><strong>:</strong></span> <span class='ocrx_word' id='word_1_281' title='bbox 724 2474 847 2530; x_wconf 58' lang='lat' dir='ltr'><strong>qua;</strong></span> <span class='ocrx_word' id='word_1_282' title='bbox 881 2460 1257 2516; x_wconf 87' lang='lat' dir='ltr'><strong>intellectuale</strong></span> <span class='ocrx_word' id='word_1_283' title='bbox 1314 2463 1548 2517; x_wconf 85' lang='lat' dir='ltr'><strong>rationis</strong></span> <span class='ocrx_word' id='word_1_284' title='bbox 1574 2462 1866 2531; x_wconf 82' lang='lat' dir='ltr'><strong>judicium,</strong></span> <span class='ocrx_word' id='word_1_285' title='bbox 1925 2466 2082 2535; x_wconf 86' lang='lat' dir='ltr'><strong>quasi</strong></span> 
     </span>
    </p>
   </div>
   <div class='ocr_carea' id='block_1_42' title="bbox 507 2550 2082 2625">
    <p class='ocr_par' dir='ltr' id='par_1_42' title="bbox 507 2550 2082 2625">
     <span class='ocr_line' id='line_1_42' title="bbox 507 2550 2082 2625; baseline 0.001 -16"><span class='ocrx_word' id='word_1_286' title='bbox 507 2551 832 2624; x_wconf 81' lang='lat' dir='ltr'><strong>psalterium</strong></span> <span class='ocrx_word' id='word_1_287' title='bbox 865 2550 1139 2620; x_wconf 86' lang='lat' dir='ltr'><strong>quoddam</strong></span> <span class='ocrx_word' id='word_1_288' title='bbox 1190 2552 1531 2606; x_wconf 87' lang='lat' dir='ltr'><strong>concinnant</strong></span> <span class='ocrx_word' id='word_1_289' title='bbox 1561 2568 1574 2604; x_wconf 90' lang='lat'><strong>:</strong></span> <span class='ocrx_word' id='word_1_290' title='bbox 1603 2554 1675 2606; x_wconf 87' lang='lat' dir='ltr'><strong>ita</strong></span> <span class='ocrx_word' id='word_1_291' title='bbox 1732 2563 1792 2609; x_wconf 91' lang='lat' dir='ltr'><strong>ut</strong></span> <span class='ocrx_word' id='word_1_292' title='bbox 1842 2570 2082 2625; x_wconf 86' lang='lat' dir='ltr'><strong>superne</strong></span> 
     </span>
    </p>
   </div>
   <div class='ocr_carea' id='block_1_43' title="bbox 498 2644 2076 2714">
    <p class='ocr_par' dir='ltr' id='par_1_43' title="bbox 498 2644 2076 2714">
     <span class='ocr_line' id='line_1_43' title="bbox 498 2644 2076 2714; baseline 0.003 -16"><span class='ocrx_word' id='word_1_293' title='bbox 498 2644 808 2714; x_wconf 70' lang='lat' dir='ltr'><strong>inspiretur</strong></span> <span class='ocrx_word' id='word_1_294' title='bbox 834 2644 1211 2713; x_wconf 88' lang='lat' dir='ltr'><strong>pulseturque,</strong></span> <span class='ocrx_word' id='word_1_295' title='bbox 1236 2650 1291 2697; x_wconf 93' lang='lat' dir='ltr'><strong>et</strong></span> <span class='ocrx_word' id='word_1_296' title='bbox 1317 2644 1385 2697; x_wconf 87' lang='lat' dir='ltr'><strong>ab</strong></span> <span class='ocrx_word' id='word_1_297' title='bbox 1417 2644 1521 2699; x_wconf 87' lang='lat' dir='ltr'><strong>alio</strong></span> <span class='ocrx_word' id='word_1_298' title='bbox 1552 2645 1745 2714; x_wconf 84' lang='lat' dir='ltr'><strong>majori</strong></span> <span class='ocrx_word' id='word_1_299' title='bbox 1774 2658 2076 2702; x_wconf 87' lang='lat' dir='ltr'><strong>moveatur.</strong></span> 
     </span>
    </p>
   </div>
   <div class='ocr_carea' id='block_1_44' title="bbox 486 2733 2081 2809">
    <p class='ocr_par' dir='ltr' id='par_1_44' title="bbox 486 2733 2081 2809">
     <span class='ocr_line' id='line_1_44' title="bbox 486 2733 2081 2809; baseline 0.002 -18"><span class='ocrx_word' id='word_1_300' title='bbox 486 2737 636 2791; x_wconf 67' lang='lat' dir='ltr'><strong>Jtent</strong></span> <span class='ocrx_word' id='word_1_301' title='bbox 670 2734 796 2790; x_wconf 86' lang='lat' dir='ltr'><strong>alibi</strong></span> <span class='ocrx_word' id='word_1_302' title='bbox 822 2736 875 2788; x_wconf 87' lang='lat' dir='ltr'><strong>in</strong></span> <span class='ocrx_word' id='word_1_303' title='bbox 910 2733 1140 2790; x_wconf 86' lang='lat' dir='ltr'><strong>Psalmis</strong></span> <span class='ocrx_word' id='word_1_304' title='bbox 1164 2734 1241 2789; x_wconf 89' lang='lat' dir='ltr'><strong>ait</strong></span> <span class='ocrx_word' id='word_1_305' title='bbox 1267 2753 1280 2789; x_wconf 91' lang='lat'><strong>:</strong></span> <span class='ocrx_word' id='word_1_306' title='bbox 1316 2735 1531 2792; x_wconf 82' lang='lat' dir='ltr'><strong>Incerta</strong></span> <span class='ocrx_word' id='word_1_307' title='bbox 1554 2747 1605 2792; x_wconf 84' lang='lat' dir='ltr'><strong>et</strong></span> <span class='ocrx_word' id='word_1_308' title='bbox 1632 2740 1841 2793; x_wconf 84' lang='lat' dir='ltr'><strong>occulta</strong></span> <span class='ocrx_word' id='word_1_309' title='bbox 1867 2740 2081 2809; x_wconf 73' lang='lat' dir='ltr'><strong>sapien-</strong></span> 
     </span>
    </p>
   </div>
   <div class='ocr_carea' id='block_1_45' title="bbox 490 2826 2077 2897">
    <p class='ocr_par' dir='ltr' id='par_1_45' title="bbox 490 2826 2077 2897">
     <span class='ocr_line' id='line_1_45' title="bbox 490 2826 2077 2897; baseline 0.004 -18"><span class='ocrx_word' id='word_1_310' title='bbox 490 2828 591 2882; x_wconf 71' lang='lat' dir='ltr'><strong>tia:</strong></span> <span class='ocrx_word' id='word_1_311' title='bbox 625 2836 733 2882; x_wconf 74' lang='lat' dir='ltr'><strong>tute</strong></span> <span class='ocrx_word' id='word_1_312' title='bbox 781 2826 1143 2897; x_wconf 79' lang='lat' dir='ltr'><strong>manifestasli</strong></span> <span class='ocrx_word' id='word_1_313' title='bbox 1200 2828 1330 2881; x_wconf 78' lang='lat' dir='ltr'><strong>milii</strong></span> <span class='ocrx_word' id='word_1_314' title='bbox 1363 2828 1401 2882; x_wconf 88' lang='grc'><strong>³.</strong></span> <span class='ocrx_word' id='word_1_315' title='bbox 1447 2827 1492 2883; x_wconf 86' lang='grc'>0</span> <span class='ocrx_word' id='word_1_316' title='bbox 1549 2828 1933 2886; x_wconf 85' lang='lat' dir='ltr'><strong>admirandum</strong></span> <span class='ocrx_word' id='word_1_317' title='bbox 1984 2832 2077 2888; x_wconf 89' lang='lat' dir='ltr'><strong>Dei</strong></span> 
     </span>
    </p>
   </div>
   <div class='ocr_carea' id='block_1_46' title="bbox 472 2919 2072 2992">
    <p class='ocr_par' dir='ltr' id='par_1_46' title="bbox 472 2919 2072 2992">
     <span class='ocr_line' id='line_1_46' title="bbox 472 2919 2072 2992; baseline 0.003 -19"><span class='ocrx_word' id='word_1_318' title='bbox 472 2935 639 2989; x_wconf 81' lang='lat' dir='ltr'><strong>-opus</strong></span> <span class='ocrx_word' id='word_1_319' title='bbox 672 2919 689 2976; x_wconf 86' lang='grc' dir='ltr'><strong>ι</strong></span> <span class='ocrx_word' id='word_1_320' title='bbox 726 2935 905 2991; x_wconf 87' lang='lat' dir='ltr'><strong>neque</strong></span> <span class='ocrx_word' id='word_1_321' title='bbox 936 2921 1082 2974; x_wconf 89' lang='lat' dir='ltr'><strong>enim</strong></span> <span class='ocrx_word' id='word_1_322' title='bbox 1122 2920 1296 2977; x_wconf 91' lang='lat' dir='ltr'><strong>solam</strong></span> <span class='ocrx_word' id='word_1_323' title='bbox 1333 2920 1631 2975; x_wconf 86' lang='lat' dir='ltr'><strong>visibilium</strong></span> <span class='ocrx_word' id='word_1_324' title='bbox 1685 2922 2072 2992; x_wconf 86' lang='lat' dir='ltr'><strong>cognitionem,</strong></span> 
     </span>
    </p>
   </div>
   <div class='ocr_carea' id='block_1_47' title="bbox 2187 1911 3777 1989">
    <p class='ocr_par' dir='ltr' id='par_1_47' title="bbox 2187 1911 3777 1989">
     <span class='ocr_line' id='line_1_47' title="bbox 2187 1911 3777 1989; baseline -0.002 -17"><span class='ocrx_word' id='word_1_325' title='bbox 2187 1918 2483 1980; x_wconf 77' lang='grc' dir='ltr'>δακτύλους</span> <span class='ocrx_word' id='word_1_326' title='bbox 2519 1918 2599 1978; x_wconf 82' lang='grc' dir='ltr'><strong>δὲ,</strong></span> <span class='ocrx_word' id='word_1_327' title='bbox 2625 1919 2751 1981; x_wconf 71' lang='grc' dir='ltr'>τοὺς</span> <span class='ocrx_word' id='word_1_328' title='bbox 2783 1919 3304 1989; x_wconf 81' lang='grc' dir='ltr'>θεωρητικωτάτους</span> <span class='ocrx_word' id='word_1_329' title='bbox 3333 1917 3654 1986; x_wconf 80' lang='grc' dir='ltr'>λογισμοὺς,</span> <span class='ocrx_word' id='word_1_330' title='bbox 3686 1911 3777 1969; x_wconf 74' lang='grc' dir='ltr'>οἷα</span> 
     </span>
    </p>
   </div>
   <div class='ocr_carea' id='block_1_48' title="bbox 2184 2009 3775 2083">
    <p class='ocr_par' dir='ltr' id='par_1_48' title="bbox 2184 2009 3775 2083">
     <span class='ocr_line' id='line_1_48' title="bbox 2184 2009 3775 2083; baseline -0.014 -4"><span class='ocrx_word' id='word_1_331' title='bbox 2184 2009 2489 2081; x_wconf 62' lang='grc' dir='ltr'><strong>Ψαλτήριον</strong></span> <span class='ocrx_word' id='word_1_332' title='bbox 2518 2012 2883 2083; x_wconf 73' lang='grc' dir='ltr'>ἁρμόζοντας,</span> <span class='ocrx_word' id='word_1_333' title='bbox 2933 2013 2995 2064; x_wconf 74' lang='grc' dir='ltr'>τὸ</span> <span class='ocrx_word' id='word_1_334' title='bbox 3028 2011 3216 2080; x_wconf 85' lang='grc' dir='ltr'>νοερὸν</span> <span class='ocrx_word' id='word_1_335' title='bbox 3245 2011 3340 2064; x_wconf 82' lang='grc' dir='ltr'>τοῦ</span> <span class='ocrx_word' id='word_1_336' title='bbox 3374 2011 3536 2078; x_wconf 87' lang='grc' dir='ltr'>λόγου</span> <span class='ocrx_word' id='word_1_337' title='bbox 3563 2009 3775 2078; x_wconf 66' lang='grc' dir='ltr'>ψαλτὴ.</span> 
     </span>
    </p>
   </div>
   <div class='ocr_carea' id='block_1_49' title="bbox 2189 2096 3774 2172">
    <p class='ocr_par' dir='ltr' id='par_1_49' title="bbox 2189 2096 3774 2172">
     <span class='ocr_line' id='line_1_49' title="bbox 2189 2096 3774 2172; baseline -0.005 -20"><span class='ocrx_word' id='word_1_338' title='bbox 2189 2117 2327 2172; x_wconf 84' lang='grc' dir='ltr'>ριον,</span> <span class='ocrx_word' id='word_1_339' title='bbox 2371 2100 2445 2162; x_wconf 88' lang='grc' dir='ltr'><strong>ὡς</strong></span> <span class='ocrx_word' id='word_1_340' title='bbox 2475 2099 2805 2170; x_wconf 78' lang='grc' dir='ltr'>ἐμπνεῖσθαι</span> <span class='ocrx_word' id='word_1_341' title='bbox 2833 2100 2930 2152; x_wconf 74' lang='grc' dir='ltr'><strong>καὶ</strong></span> <span class='ocrx_word' id='word_1_342' title='bbox 2980 2098 3211 2161; x_wconf 82' lang='grc' dir='ltr'>ἄνωθεν,</span> <span class='ocrx_word' id='word_1_343' title='bbox 3246 2098 3277 2168; x_wconf 75' lang='grc' dir='ltr'><strong>ἢ</strong></span> <span class='ocrx_word' id='word_1_344' title='bbox 3310 2097 3630 2168; x_wconf 82' lang='grc' dir='ltr'>κρούεσθαι,</span> <span class='ocrx_word' id='word_1_345' title='bbox 3677 2096 3774 2147; x_wconf 72' lang='grc' dir='ltr'>καὶ</span> 
     </span>
    </p>
   </div>
   <div class='ocr_carea' id='block_1_50' title="bbox 2186 2184 3774 2260">
    <p class='ocr_par' dir='ltr' id='par_1_50' title="bbox 2186 2184 3774 2260">
     <span class='ocr_line' id='line_1_50' title="bbox 2186 2184 3774 2260; baseline -0.004 -18"><span class='ocrx_word' id='word_1_346' title='bbox 2186 2189 2252 2243; x_wconf 84' lang='grc' dir='ltr'>δι’</span> <span class='ocrx_word' id='word_1_347' title='bbox 2281 2190 2471 2260; x_wconf 76' lang='grc' dir='ltr'>ἐτέρου</span> <span class='ocrx_word' id='word_1_348' title='bbox 2516 2189 2761 2259; x_wconf 78' lang='grc' dir='ltr'>μείζονος</span> <span class='ocrx_word' id='word_1_349' title='bbox 2798 2187 3226 2258; x_wconf 79' lang='grc' dir='ltr'>ἀνακρούεσθαι.</span> <span class='ocrx_word' id='word_1_350' title='bbox 3282 2187 3394 2240; x_wconf 78' lang='grc' dir='ltr'>Καὶ</span> <span class='ocrx_word' id='word_1_351' title='bbox 3446 2184 3682 2255; x_wconf 82' lang='grc' dir='ltr'>ἀλλαχοῦ</span> <span class='ocrx_word' id='word_1_352' title='bbox 3716 2184 3774 2236; x_wconf 72' lang='grc' dir='ltr'><strong>δὲ</strong></span> 
     </span>
    </p>
   </div>
   <div class='ocr_carea' id='block_1_51' title="bbox 2192 2274 3768 2350">
    <p class='ocr_par' dir='ltr' id='par_1_51' title="bbox 2192 2274 3768 2350">
     <span class='ocr_line' id='line_1_51' title="bbox 2192 2274 3768 2350; baseline -0.003 -18"><span class='ocrx_word' id='word_1_353' title='bbox 2192 2281 2344 2349; x_wconf 80' lang='grc' dir='ltr'>λέγει</span> <span class='ocrx_word' id='word_1_354' title='bbox 2369 2281 2474 2334; x_wconf 84' lang='grc' dir='ltr'><strong>τῶν</strong></span> <span class='ocrx_word' id='word_1_355' title='bbox 2508 2280 2744 2350; x_wconf 79' lang='grc' dir='ltr'>ψαλμῶν</span> <span class='ocrx_word' id='word_1_356' title='bbox 2768 2295 2783 2310; x_wconf 85' lang='grc'><strong>·</strong></span> <span class='ocrx_word' id='word_1_357' title='bbox 2828 2278 2906 2332; x_wconf 84' lang='grc' dir='ltr'><em>Τὰ</em></span> <span class='ocrx_word' id='word_1_358' title='bbox 2935 2278 3133 2346; x_wconf 75' lang='grc' dir='ltr'>ἄδηλα</span> <span class='ocrx_word' id='word_1_359' title='bbox 3177 2277 3275 2330; x_wconf 80' lang='grc' dir='ltr'><strong>καὶ</strong></span> <span class='ocrx_word' id='word_1_360' title='bbox 3306 2277 3379 2330; x_wconf 81' lang='grc' dir='ltr'>τὰ</span> <span class='ocrx_word' id='word_1_361' title='bbox 3419 2277 3639 2344; x_wconf 67' lang='grc' dir='ltr'>κρύφια</span> <span class='ocrx_word' id='word_1_362' title='bbox 3661 2274 3768 2340; x_wconf 75' lang='grc' dir='ltr'>τῆς</span> 
     </span>
    </p>
   </div>
   <div class='ocr_carea' id='block_1_52' title="bbox 2193 2367 3770 2444">
    <p class='ocr_par' dir='ltr' id='par_1_52' title="bbox 2193 2367 3770 2444">
     <span class='ocr_line' id='line_1_52' title="bbox 2193 2367 3770 2444; baseline -0.006 -17"><span class='ocrx_word' id='word_1_363' title='bbox 2193 2375 2416 2444; x_wconf 74' lang='grc' dir='ltr'>σοφίας</span> <span class='ocrx_word' id='word_1_364' title='bbox 2473 2389 2591 2428; x_wconf 88' lang='grc' dir='ltr'><strong>σου</strong></span> <span class='ocrx_word' id='word_1_365' title='bbox 2624 2371 2947 2439; x_wconf 75' lang='grc' dir='ltr'>ἐδήλωσάς</span> <span class='ocrx_word' id='word_1_366' title='bbox 2998 2389 3123 2441; x_wconf 78' lang='grc' dir='ltr'>μοι.</span> <span class='ocrx_word' id='word_1_367' title='bbox 3164 2370 3301 2423; x_wconf 72' lang='grc' dir='ltr'>Οὐαὶ</span> <span class='ocrx_word' id='word_1_368' title='bbox 3358 2369 3459 2439; x_wconf 80' lang='grc' dir='ltr'>τῆς</span> <span class='ocrx_word' id='word_1_369' title='bbox 3529 2367 3770 2437; x_wconf 81' lang='grc' dir='ltr'>μεγαλη-</span> 
     </span>
    </p>
   </div>
   <div class='ocr_carea' id='block_1_53' title="bbox 2193 2458 3769 2537">
    <p class='ocr_par' dir='ltr' id='par_1_53' title="bbox 2193 2458 3769 2537">
     <span class='ocr_line' id='line_1_53' title="bbox 2193 2458 3769 2537; baseline -0.006 -19"><span class='ocrx_word' id='word_1_370' title='bbox 2193 2467 2383 2537; x_wconf 81' lang='grc' dir='ltr'>γορίας</span> <span class='ocrx_word' id='word_1_371' title='bbox 2410 2466 2422 2518; x_wconf 89' lang='lat' dir='ltr'><strong>l</strong></span> <span class='ocrx_word' id='word_1_372' title='bbox 2451 2466 2512 2518; x_wconf 82' lang='grc' dir='ltr'><strong>οὑ</strong></span> <span class='ocrx_word' id='word_1_373' title='bbox 2546 2465 2705 2535; x_wconf 81' lang='grc' dir='ltr'>μόνον</span> <span class='ocrx_word' id='word_1_374' title='bbox 2744 2464 2854 2534; x_wconf 75' lang='grc' dir='ltr'><strong>γὰρ</strong></span> <span class='ocrx_word' id='word_1_375' title='bbox 2898 2462 3007 2515; x_wconf 84' lang='grc' dir='ltr'>τῶν</span> <span class='ocrx_word' id='word_1_376' title='bbox 3039 2461 3385 2531; x_wconf 77' lang='grc' dir='ltr'>φαινομένων</span> <span class='ocrx_word' id='word_1_377' title='bbox 3414 2459 3512 2530; x_wconf 86' lang='grc' dir='ltr'><strong>τὴν</strong></span> <span class='ocrx_word' id='word_1_378' title='bbox 3542 2458 3769 2527; x_wconf 81' lang='grc' dir='ltr'>γνῶσιν,</span> 
     </span>
    </p>
   </div>
   <div class='ocr_carea' id='block_1_54' title="bbox 2191 2549 3761 2628">
    <p class='ocr_par' dir='ltr' id='par_1_54' title="bbox 2191 2549 3761 2628">
     <span class='ocr_line' id='line_1_54' title="bbox 2191 2549 3761 2628; baseline -0.006 -17"><span class='ocrx_word' id='word_1_379' title='bbox 2191 2558 2330 2611; x_wconf 75' lang='grc' dir='ltr'>ἀλλὰ</span> <span class='ocrx_word' id='word_1_380' title='bbox 2363 2558 2458 2611; x_wconf 74' lang='grc' dir='ltr'>καὶ</span> <span class='ocrx_word' id='word_1_381' title='bbox 2485 2557 2594 2610; x_wconf 85' lang='grc' dir='ltr'>τῶν</span> <span class='ocrx_word' id='word_1_382' title='bbox 2619 2558 2946 2628; x_wconf 75' lang='grc' dir='ltr'>ἀπορρήτων</span> <span class='ocrx_word' id='word_1_383' title='bbox 2977 2554 3192 2625; x_wconf 80' lang='grc' dir='ltr'>ἐμυήθη</span> <span class='ocrx_word' id='word_1_384' title='bbox 3223 2554 3321 2623; x_wconf 82' lang='grc' dir='ltr'>τὴν</span> <span class='ocrx_word' id='word_1_385' title='bbox 3363 2552 3597 2612; x_wconf 85' lang='grc' dir='ltr'>σύνεσιν,</span> <span class='ocrx_word' id='word_1_386' title='bbox 3626 2549 3761 2615; x_wconf 79' lang='grc' dir='ltr'>οἷον,</span> 
     </span>
    </p>
   </div>
   <div class='ocr_carea' id='block_1_55' title="bbox 2189 2643 3766 2720">
    <p class='ocr_par' dir='ltr' id='par_1_55' title="bbox 2189 2643 3766 2720">
     <span class='ocr_line' id='line_1_55' title="bbox 2189 2643 3766 2720; baseline -0.004 -17"><span class='ocrx_word' id='word_1_387' title='bbox 2189 2651 2271 2703; x_wconf 79' lang='grc' dir='ltr'>ὅτι</span> <span class='ocrx_word' id='word_1_388' title='bbox 2300 2648 2460 2720; x_wconf 85' lang='grc' dir='ltr'>τριὰς</span> <span class='ocrx_word' id='word_1_389' title='bbox 2489 2649 2582 2702; x_wconf 78' lang='grc' dir='ltr'><strong>καὶ</strong></span> <span class='ocrx_word' id='word_1_390' title='bbox 2626 2647 2815 2718; x_wconf 80' lang='grc' dir='ltr'>μονὰς,</span> <span class='ocrx_word' id='word_1_391' title='bbox 2846 2648 2940 2700; x_wconf 79' lang='grc' dir='ltr'>καὶ</span> <span class='ocrx_word' id='word_1_392' title='bbox 2970 2646 3099 2716; x_wconf 67' lang='grc' dir='ltr'>περὶ</span> <span class='ocrx_word' id='word_1_393' title='bbox 3128 2646 3231 2714; x_wconf 80' lang='grc' dir='ltr'>τῆς</span> <span class='ocrx_word' id='word_1_394' title='bbox 3275 2643 3766 2713; x_wconf 79' lang='grc' dir='ltr'>ὲνανθρωπήσεως.</span> 
     </span>
    </p>
   </div>
   <div class='ocr_carea' id='block_1_56' title="bbox 2189 2732 3766 2808">
    <p class='ocr_par' dir='ltr' id='par_1_56' title="bbox 2189 2732 3766 2808">
     <span class='ocr_line' id='line_1_56' title="bbox 2189 2732 3766 2808; baseline -0.007 -14"><span class='ocrx_word' id='word_1_395' title='bbox 2189 2742 2300 2794; x_wconf 70' lang='grc' dir='ltr'>Καὶ</span> <span class='ocrx_word' id='word_1_396' title='bbox 2339 2740 2522 2794; x_wconf 82' lang='grc' dir='ltr'>πάλιν·</span> <span class='ocrx_word' id='word_1_397' title='bbox 2568 2737 2737 2808; x_wconf 81' lang='grc' dir='ltr'>Ὑπὲρ</span> <span class='ocrx_word' id='word_1_398' title='bbox 2783 2737 3015 2802; x_wconf 77' lang='grc' dir='ltr'>πάντας</span> <span class='ocrx_word' id='word_1_399' title='bbox 3039 2733 3335 2802; x_wconf 71' lang='grc' dir='ltr'>ἐσόςρισάς</span> <span class='ocrx_word' id='word_1_400' title='bbox 3364 2750 3440 2802; x_wconf 82' lang='grc' dir='ltr'><strong>με</strong></span> <span class='ocrx_word' id='word_1_401' title='bbox 3463 2733 3580 2800; x_wconf 75' lang='grc' dir='ltr'><strong>τὴν</strong></span> <span class='ocrx_word' id='word_1_402' title='bbox 3603 2732 3766 2784; x_wconf 70' lang='grc' dir='ltr'>ἐντο-</span> 
     </span>
    </p>
   </div>
   <div class='ocr_carea' id='block_1_57' title="bbox 2186 2823 3766 2903">
    <p class='ocr_par' dir='ltr' id='par_1_57' title="bbox 2186 2823 3766 2903">
     <span class='ocr_line' id='line_1_57' title="bbox 2186 2823 3766 2903; baseline -0.008 -15"><span class='ocrx_word' id='word_1_403' title='bbox 2186 2834 2309 2902; x_wconf 70' lang='grc' dir='ltr'><strong>λήν</strong></span> <span class='ocrx_word' id='word_1_404' title='bbox 2330 2848 2486 2895; x_wconf 87' lang='grc' dir='ltr'>σου,</span> <span class='ocrx_word' id='word_1_405' title='bbox 2518 2832 2648 2903; x_wconf 82' lang='grc' dir='ltr'>περὶ</span> <span class='ocrx_word' id='word_1_406' title='bbox 2705 2834 2805 2900; x_wconf 78' lang='grc' dir='ltr'>τῆς</span> <span class='ocrx_word' id='word_1_407' title='bbox 2858 2829 3170 2900; x_wconf 78' lang='grc' dir='ltr'>πρακτικῆς</span> <span class='ocrx_word' id='word_1_408' title='bbox 3228 2830 3473 2897; x_wconf 73' lang='grc' dir='ltr'>φάσκων,</span> <span class='ocrx_word' id='word_1_409' title='bbox 3517 2823 3637 2878; x_wconf 83' lang='grc' dir='ltr'>καθ’</span> <span class='ocrx_word' id='word_1_410' title='bbox 3697 2825 3766 2893; x_wconf 76' lang='grc' dir='ltr'>ἢν</span> 
     </span>
    </p>
   </div>
   <div class='ocr_carea' id='block_1_58' title="bbox 2184 2922 2718 2994">
    <p class='ocr_par' dir='ltr' id='par_1_58' title="bbox 2184 2922 2718 2994">
     <span class='ocr_line' id='line_1_58' title="bbox 2184 2922 2718 2994; baseline -0.002 -15"><span class='ocrx_word' id='word_1_411' title='bbox 2184 2924 2342 2986; x_wconf 79' lang='grc' dir='ltr'>αὖθις</span> <span class='ocrx_word' id='word_1_412' title='bbox 2380 2922 2718 2994; x_wconf 79' lang='grc' dir='ltr'>ἐπρώτευεν.</span> 
     </span>
    </p>
   </div>
   <div class='ocr_carea' id='block_1_59' title="bbox 498 3011 3762 3087">
    <p class='ocr_par' dir='ltr' id='par_1_59' title="bbox 498 3011 3762 3087">
     <span class='ocr_line' id='line_1_59' title="bbox 498 3011 3762 3087; baseline -0.002 -21"><span class='ocrx_word' id='word_1_413' title='bbox 498 3012 596 3066; x_wconf 86' lang='lat' dir='ltr'><strong>sed</strong></span> <span class='ocrx_word' id='word_1_414' title='bbox 618 3013 786 3068; x_wconf 88' lang='lat' dir='ltr'><strong>etiam</strong></span> <span class='ocrx_word' id='word_1_415' title='bbox 818 3025 1146 3067; x_wconf 87' lang='lat' dir='ltr'><strong>arcanorum</strong></span> <span class='ocrx_word' id='word_1_416' title='bbox 1190 3011 1285 3067; x_wconf 88' lang='lat' dir='ltr'><strong>Dei</strong></span> <span class='ocrx_word' id='word_1_417' title='bbox 1329 3013 1615 3067; x_wconf 88' lang='lat' dir='ltr'><strong>scientiam</strong></span> <span class='ocrx_word' id='word_1_418' title='bbox 1665 3012 1896 3070; x_wconf 88' lang='lat' dir='ltr'><strong>edoctus</strong></span> <span class='ocrx_word' id='word_1_419' title='bbox 1928 3024 2013 3070; x_wconf 93' lang='lat' dir='ltr'><strong>est</strong></span> <span class='ocrx_word' id='word_1_420' title='bbox 2053 3033 2068 3069; x_wconf 94' lang='lat'><strong>:</strong></span> <span class='ocrx_word' id='word_1_421' title='bbox 2101 3017 2246 3087; x_wconf 88' lang='lat' dir='ltr'><strong>quod</strong></span> <span class='ocrx_word' id='word_1_422' title='bbox 2277 3016 2494 3072; x_wconf 84' lang='lat' dir='ltr'><strong>scilicet</strong></span> <span class='ocrx_word' id='word_1_423' title='bbox 2532 3017 2717 3070; x_wconf 86' lang='lat' dir='ltr'><strong>unitas</strong></span> <span class='ocrx_word' id='word_1_424' title='bbox 2750 3015 2842 3082; x_wconf 92' lang='lat' dir='ltr'><strong>sit,</strong></span> <span class='ocrx_word' id='word_1_425' title='bbox 2898 3024 2951 3070; x_wconf 88' lang='lat' dir='ltr'><strong>et</strong></span> <span class='ocrx_word' id='word_1_426' title='bbox 2992 3013 3231 3077; x_wconf 85' lang='lat' dir='ltr'><strong>trinitas,</strong></span> <span class='ocrx_word' id='word_1_427' title='bbox 3303 3020 3358 3066; x_wconf 87' lang='lat' dir='ltr'><strong>et</strong></span> <span class='ocrx_word' id='word_1_428' title='bbox 3421 3020 3762 3081; x_wconf 58' lang='lat' dir='ltr'><strong>quacunque</strong></span> 
     </span>
    </p>
   </div>
   <div class='ocr_carea' id='block_1_60' title="bbox 468 3102 3760 3176">
    <p class='ocr_par' dir='ltr' id='par_1_60' title="bbox 468 3102 3760 3176">
     <span class='ocr_line' id='line_1_60' title="bbox 468 3102 3760 3176; baseline -0.002 -21"><span class='ocrx_word' id='word_1_429' title='bbox 468 3106 601 3159; x_wconf 64' lang='lat' dir='ltr'><strong>alia</strong></span> <span class='ocrx_word' id='word_1_430' title='bbox 630 3103 696 3158; x_wconf 89' lang='lat' dir='ltr'><strong>ad</strong></span> <span class='ocrx_word' id='word_1_431' title='bbox 730 3103 821 3158; x_wconf 86' lang='lat' dir='ltr'><strong>Dei</strong></span> <span class='ocrx_word' id='word_1_432' title='bbox 856 3102 1290 3157; x_wconf 85' lang='lat' dir='ltr'><strong>incarnationem</strong></span> <span class='ocrx_word' id='word_1_433' title='bbox 1322 3103 1597 3172; x_wconf 88' lang='lat' dir='ltr'><strong>pertinent</strong></span> <span class='ocrx_word' id='word_1_434' title='bbox 1624 3122 1637 3158; x_wconf 87' lang='lat'><strong>:</strong></span> <span class='ocrx_word' id='word_1_435' title='bbox 1666 3114 1720 3159; x_wconf 89' lang='lat' dir='ltr'><strong>et</strong></span> <span class='ocrx_word' id='word_1_436' title='bbox 1748 3120 1939 3162; x_wconf 90' lang='lat' dir='ltr'><strong>rursus</strong></span> <span class='ocrx_word' id='word_1_437' title='bbox 1962 3106 2071 3162; x_wconf 90' lang='lat' dir='ltr'><strong>alio</strong></span> <span class='ocrx_word' id='word_1_438' title='bbox 2127 3106 2182 3160; x_wconf 90' lang='lat' dir='ltr'><strong>in</strong></span> <span class='ocrx_word' id='word_1_439' title='bbox 2215 3108 2337 3162; x_wconf 93' lang='lat' dir='ltr'><strong>loco</strong></span> <span class='ocrx_word' id='word_1_440' title='bbox 2369 3107 2511 3162; x_wconf 81' lang='lat' dir='ltr'><strong>dixit</strong></span> <span class='ocrx_word' id='word_1_441' title='bbox 2544 3123 2557 3161; x_wconf 95' lang='lat'>:</span> <span class='ocrx_word' id='word_1_442' title='bbox 2591 3108 2764 3176; x_wconf 83' lang='lat' dir='ltr'><strong>Super</strong></span> <span class='ocrx_word' id='word_1_443' title='bbox 2792 3122 2972 3160; x_wconf 78' lang='lat' dir='ltr'><strong>omnes</strong></span> <span class='ocrx_word' id='word_1_444' title='bbox 3029 3104 3261 3159; x_wconf 80' lang='lat' dir='ltr'><strong>docuisti</strong></span> <span class='ocrx_word' id='word_1_445' title='bbox 3304 3121 3384 3157; x_wconf 75' lang='lat' dir='ltr'><strong>me</strong></span> <span class='ocrx_word' id='word_1_446' title='bbox 3451 3104 3760 3156; x_wconf 81' lang='lat' dir='ltr'><strong>mandatum</strong></span> 
     </span>
    </p>
   </div>
   <div class='ocr_carea' id='block_1_61' title="bbox 494 3192 3783 3270">
    <p class='ocr_par' dir='ltr' id='par_1_61' title="bbox 494 3192 3783 3270">
     <span class='ocr_line' id='line_1_61' title="bbox 494 3192 3783 3270; baseline -0.001 -24"><span class='ocrx_word' id='word_1_447' title='bbox 494 3208 644 3247; x_wconf 85' lang='lat' dir='ltr'><strong>tuum</strong></span> <span class='ocrx_word' id='word_1_448' title='bbox 672 3193 693 3225; x_wconf 72' lang='grc' dir='ltr'><strong>δ</strong></span> <span class='ocrx_word' id='word_1_449' title='bbox 721 3212 735 3249; x_wconf 90' lang='lat'><strong>:</strong></span> <span class='ocrx_word' id='word_1_450' title='bbox 766 3192 834 3248; x_wconf 92' lang='lat' dir='ltr'><strong>de</strong></span> <span class='ocrx_word' id='word_1_451' title='bbox 858 3208 925 3249; x_wconf 91' lang='lat' dir='ltr'><strong>eo</strong></span> <span class='ocrx_word' id='word_1_452' title='bbox 957 3193 1189 3261; x_wconf 79' lang='lat' dir='ltr'><strong>l0quens</strong></span> <span class='ocrx_word' id='word_1_453' title='bbox 1243 3194 1499 3250; x_wconf 87' lang='lat' dir='ltr'><strong>mandato</strong></span> <span class='ocrx_word' id='word_1_454' title='bbox 1528 3195 1673 3263; x_wconf 73' lang='lat' dir='ltr'><strong>Quod</strong></span> <span class='ocrx_word' id='word_1_455' title='bbox 1715 3194 1785 3249; x_wconf 88' lang='lat' dir='ltr'><strong>ad</strong></span> <span class='ocrx_word' id='word_1_456' title='bbox 1824 3198 2068 3253; x_wconf 90' lang='lat' dir='ltr'><strong>actiones</strong></span> <span class='ocrx_word' id='word_1_457' title='bbox 2113 3199 2367 3268; x_wconf 89' lang='lat' dir='ltr'><strong>pertinet,</strong></span> <span class='ocrx_word' id='word_1_458' title='bbox 2421 3200 2476 3254; x_wconf 91' lang='lat' dir='ltr'><strong>in</strong></span> <span class='ocrx_word' id='word_1_459' title='bbox 2512 3213 2622 3270; x_wconf 88' lang='lat' dir='ltr'><strong>quo</strong></span> <span class='ocrx_word' id='word_1_460' title='bbox 2685 3198 2905 3253; x_wconf 91' lang='lat' dir='ltr'><strong>virtutis</strong></span> <span class='ocrx_word' id='word_1_461' title='bbox 2967 3212 3165 3268; x_wconf 85' lang='lat' dir='ltr'><strong>genere</strong></span> <span class='ocrx_word' id='word_1_462' title='bbox 3212 3196 3420 3267; x_wconf 87' lang='lat' dir='ltr'><strong>pariter</strong></span> <span class='ocrx_word' id='word_1_463' title='bbox 3464 3194 3783 3264; x_wconf 79' lang='lat' dir='ltr'><strong>primatum‘</strong></span> 
     </span>
    </p>
   </div>
   <div class='ocr_carea' id='block_1_62' title="bbox 461 3287 760 3342">
    <p class='ocr_par' dir='ltr' id='par_1_62' title="bbox 461 3287 760 3342">
     <span class='ocr_line' id='line_1_62' title="bbox 461 3287 760 3342; baseline 0.003 -2"><span class='ocrx_word' id='word_1_464' title='bbox 461 3287 760 3342; x_wconf 79' lang='lat' dir='ltr'><strong>~obtinttit.</strong></span> 
     </span>
    </p>
   </div>
   <div class='ocr_carea' id='block_1_63' title="bbox 474 3380 2139 3458">
    <p class='ocr_par' dir='ltr' id='par_1_63' title="bbox 474 3380 2139 3458">
     <span class='ocr_line' id='line_1_63' title="bbox 474 3380 2139 3458; baseline 0.002 -25"><span class='ocrx_word' id='word_1_465' title='bbox 474 3406 479 3411; x_wconf 63' lang='grc' dir='ltr'><em>ο</em></span> <span class='ocrx_word' id='word_1_466' title='bbox 562 3381 741 3450; x_wconf 81' lang='lat' dir='ltr'><strong>Atque</strong></span> <span class='ocrx_word' id='word_1_467' title='bbox 786 3381 902 3437; x_wconf 64' lang='lat' dir='ltr'><strong>haec</strong></span> <span class='ocrx_word' id='word_1_468' title='bbox 933 3380 1154 3451; x_wconf 90' lang='lat' dir='ltr'><strong>quidem</strong></span> <span class='ocrx_word' id='word_1_469' title='bbox 1198 3381 1266 3436; x_wconf 90' lang='lat' dir='ltr'><strong>de</strong></span> <span class='ocrx_word' id='word_1_470' title='bbox 1305 3381 1594 3451; x_wconf 86' lang='lat' dir='ltr'><strong>sapientia.</strong></span> <span class='ocrx_word' id='word_1_471' title='bbox 1636 3380 1711 3437; x_wconf 90' lang='lat' dir='ltr'><strong>De</strong></span> <span class='ocrx_word' id='word_1_472' title='bbox 1744 3381 2064 3437; x_wconf 76' lang='lat' dir='ltr'><strong>fortitudine</strong></span> <span class='ocrx_word' id='word_1_473' title='bbox 2095 3398 2139 3458; x_wconf 71' lang='grc' dir='ltr'><em>ε</em></span> 
     </span>
    </p>
   </div>
   <div class='ocr_carea' id='block_1_64' title="bbox 469 3471 2066 3542">
    <p class='ocr_par' dir='ltr' id='par_1_64' title="bbox 469 3471 2066 3542">
     <span class='ocr_line' id='line_1_64' title="bbox 469 3471 2066 3542; baseline 0.001 -16"><span class='ocrx_word' id='word_1_474' title='bbox 469 3487 622 3526; x_wconf 68' lang='lat' dir='ltr'><strong>vero</strong></span> <span class='ocrx_word' id='word_1_475' title='bbox 652 3471 795 3526; x_wconf 84' lang='lat' dir='ltr'><strong>idem</strong></span> <span class='ocrx_word' id='word_1_476' title='bbox 831 3473 949 3542; x_wconf 88' lang='lat' dir='ltr'><strong>ipse</strong></span> <span class='ocrx_word' id='word_1_477' title='bbox 980 3479 1173 3527; x_wconf 89' lang='lat' dir='ltr'><strong>narrat</strong></span> <span class='ocrx_word' id='word_1_478' title='bbox 1201 3473 1393 3528; x_wconf 88' lang='lat' dir='ltr'><strong>dicens</strong></span> <span class='ocrx_word' id='word_1_479' title='bbox 1426 3490 1439 3527; x_wconf 90' lang='lat'><strong>:</strong></span> <span class='ocrx_word' id='word_1_480' title='bbox 1478 3472 1632 3527; x_wconf 70' lang='lat' dir='ltr'><strong>Exivi</strong></span> <span class='ocrx_word' id='word_1_481' title='bbox 1654 3474 1858 3527; x_wconf 84' lang='lat' dir='ltr'><strong>obviam</strong></span> <span class='ocrx_word' id='word_1_482' title='bbox 1892 3472 2066 3527; x_wconf 83' lang='lat' dir='ltr'><strong>Phili-</strong></span> 
     </span>
    </p>
   </div>
   <div class='ocr_carea' id='block_1_65' title="bbox 460 3565 2069 3636">
    <p class='ocr_par' dir='ltr' id='par_1_65' title="bbox 460 3565 2069 3636">
     <span class='ocr_line' id='line_1_65' title="bbox 460 3565 2069 3636; baseline 0 -18"><span class='ocrx_word' id='word_1_483' title='bbox 460 3575 646 3629; x_wconf 60' lang='lat' dir='ltr'><strong>‘staao,</strong></span> <span class='ocrx_word' id='word_1_484' title='bbox 683 3575 732 3619; x_wconf 84' lang='lat' dir='ltr'><strong>et</strong></span> <span class='ocrx_word' id='word_1_485' title='bbox 782 3565 1065 3619; x_wconf 75' lang='lat' dir='ltr'><strong>maledixit</strong></span> <span class='ocrx_word' id='word_1_486' title='bbox 1112 3565 1244 3619; x_wconf 83' lang='lat' dir='ltr'><strong>mihi</strong></span> <span class='ocrx_word' id='word_1_487' title='bbox 1274 3567 1327 3618; x_wconf 85' lang='lat' dir='ltr'><strong>in</strong></span> <span class='ocrx_word' id='word_1_488' title='bbox 1355 3565 1513 3619; x_wconf 78' lang='lat' dir='ltr'><strong>idolis</strong></span> <span class='ocrx_word' id='word_1_489' title='bbox 1558 3567 1692 3630; x_wconf 81' lang='lat' dir='ltr'><strong>suis,</strong></span> <span class='ocrx_word' id='word_1_490' title='bbox 1743 3582 1834 3636; x_wconf 69' lang='lat' dir='ltr'><strong>ego</strong></span> <span class='ocrx_word' id='word_1_491' title='bbox 1894 3576 2069 3619; x_wconf 70' lang='lat' dir='ltr'><strong>autem</strong></span> 
     </span>
    </p>
   </div>
   <div class='ocr_carea' id='block_1_66' title="bbox 2252 3372 3755 3451">
    <p class='ocr_par' dir='ltr' id='par_1_66' title="bbox 2252 3372 3755 3451">
     <span class='ocr_line' id='line_1_66' title="bbox 2252 3372 3755 3451; baseline -0.01 -13"><span class='ocrx_word' id='word_1_492' title='bbox 2252 3383 2417 3438; x_wconf 76' lang='grc' dir='ltr'>’Δλλά</span> <span class='ocrx_word' id='word_1_493' title='bbox 2445 3382 2621 3437; x_wconf 83' lang='grc' dir='ltr'>ταῦτα</span> <span class='ocrx_word' id='word_1_494' title='bbox 2647 3380 2747 3451; x_wconf 78' lang='grc' dir='ltr'><strong>μὲν</strong></span> <span class='ocrx_word' id='word_1_495' title='bbox 2774 3380 2903 3449; x_wconf 74' lang='grc' dir='ltr'>περὶ</span> <span class='ocrx_word' id='word_1_496' title='bbox 2930 3378 3030 3448; x_wconf 80' lang='grc' dir='ltr'>τῆς</span> <span class='ocrx_word' id='word_1_497' title='bbox 3066 3374 3284 3444; x_wconf 58' lang='grc' dir='ltr'><strong>σοφίας⁸</strong></span> <span class='ocrx_word' id='word_1_498' title='bbox 3311 3375 3380 3427; x_wconf 86' lang='grc' dir='ltr'><strong>τά</strong></span> <span class='ocrx_word' id='word_1_499' title='bbox 3406 3373 3462 3427; x_wconf 83' lang='grc' dir='ltr'>δὲ</span> <span class='ocrx_word' id='word_1_500' title='bbox 3499 3374 3629 3443; x_wconf 76' lang='grc' dir='ltr'>περὶ</span> <span class='ocrx_word' id='word_1_501' title='bbox 3656 3372 3755 3441; x_wconf 73' lang='grc' dir='ltr'>τῆς</span> 
     </span>
    </p>
   </div>
   <div class='ocr_carea' id='block_1_67' title="bbox 2179 3464 3755 3548">
    <p class='ocr_par' dir='ltr' id='par_1_67' title="bbox 2179 3464 3755 3548">
     <span class='ocr_line' id='line_1_67' title="bbox 2179 3464 3755 3548; baseline -0.01 -18"><span class='ocrx_word' id='word_1_502' title='bbox 2179 3477 2403 3548; x_wconf 79' lang='grc' dir='ltr'>ἀνδρίας</span> <span class='ocrx_word' id='word_1_503' title='bbox 2430 3476 2591 3538; x_wconf 80' lang='grc' dir='ltr'>αὐτὸς</span> <span class='ocrx_word' id='word_1_504' title='bbox 2622 3474 2787 3528; x_wconf 83' lang='grc' dir='ltr'>πάλιν</span> <span class='ocrx_word' id='word_1_505' title='bbox 2830 3473 3186 3539; x_wconf 75' lang='grc' dir='ltr'><strong>ἐκδιηγεῖται⁸</strong></span> <span class='ocrx_word' id='word_1_506' title='bbox 3210 3468 3344 3537; x_wconf 69' lang='grc' dir='ltr'>φησὶ</span> <span class='ocrx_word' id='word_1_507' title='bbox 3368 3469 3497 3536; x_wconf 82' lang='grc' dir='ltr'>γάρ·</span> <span class='ocrx_word' id='word_1_508' title='bbox 3543 3464 3755 3531; x_wconf 71' lang='grc' dir='ltr'><strong>Ἐξῆλ-</strong></span> 
     </span>
    </p>
   </div>
   <div class='ocr_carea' id='block_1_68' title="bbox 2179 3559 3747 3633">
    <p class='ocr_par' dir='ltr' id='par_1_68' title="bbox 2179 3559 3747 3633">
     <span class='ocr_line' id='line_1_68' title="bbox 2179 3559 3747 3633; baseline -0.01 -9"><span class='ocrx_word' id='word_1_509' title='bbox 2179 3572 2288 3624; x_wconf 83' lang='grc' dir='ltr'>θον</span> <span class='ocrx_word' id='word_1_510' title='bbox 2318 3571 2403 3633; x_wconf 82' lang='grc' dir='ltr'>εις</span> <span class='ocrx_word' id='word_1_511' title='bbox 2432 3565 2817 3632; x_wconf 78' lang='grc' dir='ltr'>συνάντησιν</span> <span class='ocrx_word' id='word_1_512' title='bbox 2840 3563 2920 3629; x_wconf 83' lang='grc' dir='ltr'>τῷ</span> <span class='ocrx_word' id='word_1_513' title='bbox 2952 3562 3303 3630; x_wconf 61' lang='grc' dir='ltr'>ἀλλοφύλῳ,</span> <span class='ocrx_word' id='word_1_514' title='bbox 3333 3559 3430 3613; x_wconf 77' lang='grc' dir='ltr'>καὶ</span> <span class='ocrx_word' id='word_1_515' title='bbox 3466 3559 3747 3623; x_wconf 76' lang='grc' dir='ltr'>ἐπικατη-</span> 
     </span>
    </p>
   </div>
   <div class='ocr_carea' id='block_1_69' title="bbox 488 3650 2082 3729">
    <p class='ocr_par' dir='ltr' id='par_1_69' title="bbox 488 3655 2070 3725">
     <span class='ocr_line' id='line_1_69' title="bbox 488 3655 2070 3725; baseline 0.001 -16"><span class='ocrx_word' id='word_1_516' title='bbox 488 3666 698 3709; x_wconf 72' lang='lat' dir='ltr'><strong>exserto</strong></span> <span class='ocrx_word' id='word_1_517' title='bbox 740 3655 855 3724; x_wconf 75' lang='lat' dir='ltr'><strong>ejus</strong></span> <span class='ocrx_word' id='word_1_518' title='bbox 878 3655 1083 3725; x_wconf 82' lang='lat' dir='ltr'><strong>gladio,</strong></span> <span class='ocrx_word' id='word_1_519' title='bbox 1111 3657 1372 3710; x_wconf 82' lang='lat' dir='ltr'><strong>decollan</strong></span> <span class='ocrx_word' id='word_1_520' title='bbox 1414 3672 1555 3723; x_wconf 84' lang='lat' dir='ltr'><strong>eum,</strong></span> <span class='ocrx_word' id='word_1_521' title='bbox 1587 3668 1634 3710; x_wconf 80' lang='lat' dir='ltr'><strong>et</strong></span> <span class='ocrx_word' id='word_1_522' title='bbox 1660 3657 1855 3711; x_wconf 77' lang='lat' dir='ltr'><strong>abstuli</strong></span> <span class='ocrx_word' id='word_1_523' title='bbox 1882 3672 2070 3725; x_wconf 69' lang='lat' dir='ltr'><strong>oppro-</strong></span> 
     </span>
    </p>
   </div>
   <div class='ocr_carea' id='block_1_70' title="bbox 2184 3650 3754 3729">
    <p class='ocr_par' dir='ltr' id='par_1_70' title="bbox 2184 3650 3754 3728">
     <span class='ocr_line' id='line_1_70' title="bbox 2184 3650 3754 3728; baseline -0.008 -14"><span class='ocrx_word' id='word_1_524' title='bbox 2184 3660 2403 3724; x_wconf 75' lang='grc' dir='ltr'>ράσατο</span> <span class='ocrx_word' id='word_1_525' title='bbox 2449 3658 2569 3728; x_wconf 83' lang='grc' dir='ltr'><strong>μὲν</strong></span> <span class='ocrx_word' id='word_1_526' title='bbox 2622 3659 2689 3711; x_wconf 81' lang='grc' dir='ltr'>ἐν</span> <span class='ocrx_word' id='word_1_527' title='bbox 2739 3656 2864 3721; x_wconf 88' lang='grc' dir='ltr'>τοῖς</span> <span class='ocrx_word' id='word_1_528' title='bbox 2916 3654 3208 3718; x_wconf 72' lang='grc' dir='ltr'>εὶδωλίοις</span> <span class='ocrx_word' id='word_1_529' title='bbox 3258 3651 3468 3709; x_wconf 82' lang='grc' dir='ltr'>αὑτοῦ·</span> <span class='ocrx_word' id='word_1_530' title='bbox 3526 3650 3640 3720; x_wconf 81' lang='grc' dir='ltr'><strong>ἐγὼ</strong></span> <span class='ocrx_word' id='word_1_531' title='bbox 3683 3650 3754 3702; x_wconf 75' lang='grc' dir='ltr'>δὲ</span> 
     </span>
    </p>
   </div>
   <div class='ocr_carea' id='block_1_71' title="bbox 464 3745 2066 3816">
    <p class='ocr_par' dir='ltr' id='par_1_71' title="bbox 464 3745 2066 3816">
     <span class='ocr_line' id='line_1_71' title="bbox 464 3745 2066 3816; baseline 0.001 -17"><span class='ocrx_word' id='word_1_532' title='bbox 464 3748 666 3800; x_wconf 48' lang='lat' dir='ltr'><strong>«brium</strong></span> <span class='ocrx_word' id='word_1_533' title='bbox 695 3763 726 3799; x_wconf 88' lang='lat' dir='ltr'><strong>a</strong></span> <span class='ocrx_word' id='word_1_534' title='bbox 749 3748 876 3816; x_wconf 81' lang='lat' dir='ltr'><strong>ﬁliis</strong></span> <span class='ocrx_word' id='word_1_535' title='bbox 900 3745 1076 3801; x_wconf 74' lang='lat' dir='ltr'><strong>Israel</strong></span> <span class='ocrx_word' id='word_1_536' title='bbox 1106 3748 1149 3802; x_wconf 83' lang='lat'><strong>&#39;.</strong></span> <span class='ocrx_word' id='word_1_537' title='bbox 1182 3746 1263 3801; x_wconf 93' lang='lat' dir='ltr'><strong>Tu</strong></span> <span class='ocrx_word' id='word_1_538' title='bbox 1291 3747 1453 3803; x_wconf 88' lang='lat' dir='ltr'><strong>modo</strong></span> <span class='ocrx_word' id='word_1_539' title='bbox 1500 3746 1791 3803; x_wconf 88' lang='lat' dir='ltr'><strong>considera</strong></span> <span class='ocrx_word' id='word_1_540' title='bbox 1836 3747 1927 3801; x_wconf 91' lang='lat' dir='ltr'><strong>bic</strong></span> <span class='ocrx_word' id='word_1_541' title='bbox 1958 3763 2066 3801; x_wconf 83' lang='lat' dir='ltr'><strong>non</strong></span> 
     </span>
    </p>
   </div>
   <div class='ocr_carea' id='block_1_72' title="bbox 492 3837 2064 3908">
    <p class='ocr_par' dir='ltr' id='par_1_72' title="bbox 492 3837 2064 3908">
     <span class='ocr_line' id='line_1_72' title="bbox 492 3837 2064 3908; baseline -0.002 -13"><span class='ocrx_word' id='word_1_542' title='bbox 492 3838 881 3895; x_wconf 69' lang='lat' dir='ltr'><strong>fortitudinem</strong></span> <span class='ocrx_word' id='word_1_543' title='bbox 933 3847 1172 3902; x_wconf 88' lang='lat' dir='ltr'><strong>tantum,</strong></span> <span class='ocrx_word' id='word_1_544' title='bbox 1225 3838 1319 3894; x_wconf 88' lang='lat' dir='ltr'><strong>sed</strong></span> <span class='ocrx_word' id='word_1_545' title='bbox 1346 3849 1401 3893; x_wconf 89' lang='lat' dir='ltr'><strong>et</strong></span> <span class='ocrx_word' id='word_1_546' title='bbox 1442 3838 1613 3893; x_wconf 90' lang='lat' dir='ltr'><strong>multo</strong></span> <span class='ocrx_word' id='word_1_547' title='bbox 1674 3837 1847 3908; x_wconf 85' lang='lat' dir='ltr'><strong>magis</strong></span> <span class='ocrx_word' id='word_1_548' title='bbox 1895 3838 2064 3892; x_wconf 89' lang='lat' dir='ltr'><strong>animi</strong></span> 
     </span>
    </p>
   </div>
   <div class='ocr_carea' id='block_1_73' title="bbox 468 3929 2066 3999">
    <p class='ocr_par' dir='ltr' id='par_1_73' title="bbox 468 3929 2066 3999">
     <span class='ocr_line' id='line_1_73' title="bbox 468 3929 2066 3999; baseline -0.003 -14"><span class='ocrx_word' id='word_1_549' title='bbox 468 3931 950 3986; x_wconf 82' lang='lat' dir='ltr'><strong>moderationem.</strong></span> <span class='ocrx_word' id='word_1_550' title='bbox 977 3929 1193 3999; x_wconf 85' lang='lat' dir='ltr'><strong>Quippe</strong></span> <span class='ocrx_word' id='word_1_551' title='bbox 1221 3945 1351 3984; x_wconf 91' lang='lat' dir='ltr'><strong>cum</strong></span> <span class='ocrx_word' id='word_1_552' title='bbox 1397 3929 1572 3984; x_wconf 86' lang='lat' dir='ltr'><strong>multa</strong></span> <span class='ocrx_word' id='word_1_553' title='bbox 1602 3937 1657 3982; x_wconf 90' lang='lat' dir='ltr'><strong>et</strong></span> <span class='ocrx_word' id='word_1_554' title='bbox 1689 3942 1881 3998; x_wconf 83' lang='lat' dir='ltr'><strong>magna</strong></span> <span class='ocrx_word' id='word_1_555' title='bbox 1933 3937 2066 3981; x_wconf 90' lang='lat' dir='ltr'><strong>tunc</strong></span> 
     </span>
    </p>
   </div>
   <div class='ocr_carea' id='block_1_74' title="bbox 484 4020 2063 4094">
    <p class='ocr_par' dir='ltr' id='par_1_74' title="bbox 484 4020 2063 4094">
     <span class='ocr_line' id='line_1_74' title="bbox 484 4020 2063 4094; baseline -0.002 -18"><span class='ocrx_word' id='word_1_556' title='bbox 484 4038 779 4079; x_wconf 79' lang='lat' dir='ltr'><strong>recensere</strong></span> <span class='ocrx_word' id='word_1_557' title='bbox 805 4031 989 4094; x_wconf 87' lang='lat' dir='ltr'><strong>posset</strong></span> <span class='ocrx_word' id='word_1_558' title='bbox 1026 4038 1040 4074; x_wconf 91' lang='lat'><strong>:</strong></span> <span class='ocrx_word' id='word_1_559' title='bbox 1086 4022 1447 4083; x_wconf 83' lang='lat' dir='ltr'><strong>jnimicorum</strong></span> <span class='ocrx_word' id='word_1_560' title='bbox 1483 4022 1696 4077; x_wconf 89' lang='lat' dir='ltr'><strong>scilicet</strong></span> <span class='ocrx_word' id='word_1_561' title='bbox 1723 4020 1928 4090; x_wconf 89' lang='lat' dir='ltr'><strong>copias,</strong></span> <span class='ocrx_word' id='word_1_562' title='bbox 1962 4035 2063 4074; x_wconf 90' lang='lat' dir='ltr'><strong>au-</strong></span> 
     </span>
    </p>
   </div>
   <div class='ocr_carea' id='block_1_75' title="bbox 486 4110 2063 4182">
    <p class='ocr_par' dir='ltr' id='par_1_75' title="bbox 486 4110 2063 4182">
     <span class='ocr_line' id='line_1_75' title="bbox 486 4110 2063 4182; baseline -0.003 -12"><span class='ocrx_word' id='word_1_563' title='bbox 486 4117 726 4182; x_wconf 84' lang='lat' dir='ltr'><strong>daciam,</strong></span> <span class='ocrx_word' id='word_1_564' title='bbox 783 4130 960 4180; x_wconf 87' lang='lat' dir='ltr'><strong>arma,</strong></span> <span class='ocrx_word' id='word_1_565' title='bbox 1011 4115 1237 4168; x_wconf 83' lang='lat' dir='ltr'><strong>bellicas</strong></span> <span class='ocrx_word' id='word_1_566' title='bbox 1286 4123 1454 4178; x_wconf 88' lang='lat' dir='ltr'><strong>artes,</strong></span> <span class='ocrx_word' id='word_1_567' title='bbox 1507 4126 1562 4168; x_wconf 86' lang='lat' dir='ltr'><strong>ct</strong></span> <span class='ocrx_word' id='word_1_568' title='bbox 1617 4112 1845 4168; x_wconf 86' lang='lat' dir='ltr'><strong>studia:</strong></span> <span class='ocrx_word' id='word_1_569' title='bbox 1889 4110 2063 4182; x_wconf 85' lang='lat' dir='ltr'><strong>ipsius</strong></span> 
     </span>
    </p>
   </div>
   <div class='ocr_carea' id='block_1_76' title="bbox 478 4203 2063 4276">
    <p class='ocr_par' dir='ltr' id='par_1_76' title="bbox 478 4203 2063 4276">
     <span class='ocr_line' id='line_1_76' title="bbox 478 4203 2063 4276; baseline -0.004 -14"><span class='ocrx_word' id='word_1_570' title='bbox 478 4209 651 4262; x_wconf 80' lang='lat' dir='ltr'><strong>etiam</strong></span> <span class='ocrx_word' id='word_1_571' title='bbox 708 4206 965 4276; x_wconf 88' lang='lat' dir='ltr'><strong>gigantis,</strong></span> <span class='ocrx_word' id='word_1_572' title='bbox 997 4215 1094 4261; x_wconf 87' lang='lat' dir='ltr'><strong>aut</strong></span> <span class='ocrx_word' id='word_1_573' title='bbox 1128 4205 1309 4274; x_wconf 88' lang='lat' dir='ltr'><strong>potius</strong></span> <span class='ocrx_word' id='word_1_574' title='bbox 1362 4203 1669 4274; x_wconf 80' lang='lat' dir='ltr'><strong>elephantis</strong></span> <span class='ocrx_word' id='word_1_575' title='bbox 1717 4203 1862 4259; x_wconf 90' lang='lat' dir='ltr'><strong>illius</strong></span> <span class='ocrx_word' id='word_1_576' title='bbox 1908 4217 2063 4256; x_wconf 89' lang='lat' dir='ltr'><strong>arro-</strong></span> 
     </span>
    </p>
   </div>
   <div class='ocr_carea' id='block_1_77' title="bbox 476 4293 2061 4369">
    <p class='ocr_par' dir='ltr' id='par_1_77' title="bbox 476 4293 2061 4369">
     <span class='ocr_line' id='line_1_77' title="bbox 476 4293 2061 4369; baseline -0.003 -18"><span class='ocrx_word' id='word_1_577' title='bbox 476 4299 748 4369; x_wconf 74' lang='lat' dir='ltr'><strong>gantiam,</strong></span> <span class='ocrx_word' id='word_1_578' title='bbox 785 4299 1064 4367; x_wconf 87' lang='lat' dir='ltr'><strong>peritiam,</strong></span> <span class='ocrx_word' id='word_1_579' title='bbox 1114 4297 1283 4360; x_wconf 88' lang='lat' dir='ltr'><strong>vires,</strong></span> <span class='ocrx_word' id='word_1_580' title='bbox 1339 4296 1791 4367; x_wconf 84' lang='lat' dir='ltr'><strong>magnitudinem,</strong></span> <span class='ocrx_word' id='word_1_581' title='bbox 1854 4293 2061 4349; x_wconf 69' lang='lat' dir='ltr'><strong>Judaeu-</strong></span> 
     </span>
    </p>
   </div>
   <div class='ocr_carea' id='block_1_78' title="bbox 482 4373 2093 4460">
    <p class='ocr_par' dir='ltr' id='par_1_78' title="bbox 482 4373 2093 4460">
     <span class='ocr_line' id='line_1_78' title="bbox 482 4373 2093 4460; baseline -0.004 -15"><span class='ocrx_word' id='word_1_582' title='bbox 482 4406 607 4445; x_wconf 82' lang='lat' dir='ltr'><strong>rum</strong></span> <span class='ocrx_word' id='word_1_583' title='bbox 660 4399 926 4460; x_wconf 66' lang='lat' dir='ltr'><strong>prmterea</strong></span> <span class='ocrx_word' id='word_1_584' title='bbox 973 4388 1246 4451; x_wconf 88' lang='lat' dir='ltr'><strong>timorem,</strong></span> <span class='ocrx_word' id='word_1_585' title='bbox 1301 4387 1753 4450; x_wconf 84' lang='lat' dir='ltr'><strong>sollicitudinem,</strong></span> <span class='ocrx_word' id='word_1_586' title='bbox 1779 4373 2093 4455; x_wconf 80' lang='lat' dir='ltr'><strong>ipsiusque</strong></span> 
     </span>
    </p>
   </div>
   <div class='ocr_carea' id='block_1_79' title="bbox 485 4476 2054 4548">
    <p class='ocr_par' dir='ltr' id='par_1_79' title="bbox 485 4476 2054 4548">
     <span class='ocr_line' id='line_1_79' title="bbox 485 4476 2054 4548; baseline -0.006 -14"><span class='ocrx_word' id='word_1_587' title='bbox 485 4480 618 4534; x_wconf 82' lang='lat' dir='ltr'><strong>Saul</strong></span> <span class='ocrx_word' id='word_1_588' title='bbox 672 4480 820 4548; x_wconf 87' lang='lat' dir='ltr'><strong>regis</strong></span> <span class='ocrx_word' id='word_1_589' title='bbox 882 4478 1218 4532; x_wconf 74' lang='lat' dir='ltr'><strong>anxietatem</strong></span> <span class='ocrx_word' id='word_1_590' title='bbox 1258 4494 1272 4531; x_wconf 87' lang='lat'><strong>:</strong></span> <span class='ocrx_word' id='word_1_591' title='bbox 1317 4486 1373 4531; x_wconf 90' lang='lat' dir='ltr'><strong>et</strong></span> <span class='ocrx_word' id='word_1_592' title='bbox 1406 4478 1682 4546; x_wconf 89' lang='lat' dir='ltr'><strong>quomodo</strong></span> <span class='ocrx_word' id='word_1_593' title='bbox 1711 4476 1782 4529; x_wconf 90' lang='lat' dir='ltr'><strong>ob</strong></span> <span class='ocrx_word' id='word_1_594' title='bbox 1835 4476 2054 4527; x_wconf 87' lang='lat' dir='ltr'><strong>unicum</strong></span> 
     </span>
    </p>
   </div>
   <div class='ocr_carea' id='block_1_80' title="bbox 480 4563 2051 4636">
    <p class='ocr_par' dir='ltr' id='par_1_80' title="bbox 480 4563 2051 4636">
     <span class='ocr_line' id='line_1_80' title="bbox 480 4563 2051 4636; baseline -0.006 -10"><span class='ocrx_word' id='word_1_595' title='bbox 480 4572 650 4626; x_wconf 86' lang='lat' dir='ltr'><strong>etiam</strong></span> <span class='ocrx_word' id='word_1_596' title='bbox 697 4569 1050 4625; x_wconf 64' lang='lat' dir='ltr'><strong>Philistmum</strong></span> <span class='ocrx_word' id='word_1_597' title='bbox 1099 4583 1293 4624; x_wconf 89' lang='lat' dir='ltr'><strong>omnes</strong></span> <span class='ocrx_word' id='word_1_598' title='bbox 1349 4576 1510 4623; x_wconf 84' lang='lat' dir='ltr'><strong>erant</strong></span> <span class='ocrx_word' id='word_1_599' title='bbox 1562 4565 1885 4636; x_wconf 86' lang='lat' dir='ltr'><strong>perterriti:</strong></span> <span class='ocrx_word' id='word_1_600' title='bbox 1920 4563 2051 4628; x_wconf 82' lang='lat' dir='ltr'><strong>dux,</strong></span> 
     </span>
    </p>
   </div>
   <div class='ocr_carea' id='block_1_81' title="bbox 482 4654 2052 4730">
    <p class='ocr_par' dir='ltr' id='par_1_81' title="bbox 482 4654 2052 4730">
     <span class='ocr_line' id='line_1_81' title="bbox 482 4654 2052 4730; baseline -0.004 -16"><span class='ocrx_word' id='word_1_601' title='bbox 482 4660 708 4727; x_wconf 87' lang='lat' dir='ltr'><strong>milites,</strong></span> <span class='ocrx_word' id='word_1_602' title='bbox 753 4660 1008 4730; x_wconf 81' lang='lat' dir='ltr'><strong>juvenes,</strong></span> <span class='ocrx_word' id='word_1_603' title='bbox 1058 4673 1221 4714; x_wconf 76' lang='lat' dir='ltr'><strong>senes</strong></span> <span class='ocrx_word' id='word_1_604' title='bbox 1278 4677 1294 4714; x_wconf 87' lang='lat'><strong>:</strong></span> <span class='ocrx_word' id='word_1_605' title='bbox 1363 4658 1641 4728; x_wconf 85' lang='lat' dir='ltr'><strong>quomodo</strong></span> <span class='ocrx_word' id='word_1_606' title='bbox 1702 4657 1821 4727; x_wconf 91' lang='lat' dir='ltr'><strong>ipse</strong></span> <span class='ocrx_word' id='word_1_607' title='bbox 1880 4654 2052 4709; x_wconf 76' lang='lat' dir='ltr'><strong>David</strong></span> 
     </span>
    </p>
   </div>
   <div class='ocr_carea' id='block_1_82' title="bbox 2175 3739 3748 3816">
    <p class='ocr_par' dir='ltr' id='par_1_82' title="bbox 2175 3739 3748 3816">
     <span class='ocr_line' id='line_1_82' title="bbox 2175 3739 3748 3816; baseline -0.007 -14"><span class='ocrx_word' id='word_1_608' title='bbox 2175 3746 2571 3816; x_wconf 76' lang='grc' dir='ltr'>σπασάμενος</span> <span class='ocrx_word' id='word_1_609' title='bbox 2596 3745 2711 3813; x_wconf 75' lang='grc' dir='ltr'>τὴν</span> <span class='ocrx_word' id='word_1_610' title='bbox 2729 3742 3053 3813; x_wconf 59' lang='grc' dir='ltr'>μάχαιραν,</span> <span class='ocrx_word' id='word_1_611' title='bbox 3093 3739 3514 3809; x_wconf 68' lang='grc' dir='ltr'>ἀπεκεφάλισα</span> <span class='ocrx_word' id='word_1_612' title='bbox 3539 3739 3748 3801; x_wconf 72' lang='grc' dir='ltr'>αὑτὸν,</span> 
     </span>
    </p>
   </div>
   <div class='ocr_carea' id='block_1_83' title="bbox 2172 3828 3749 3908">
    <p class='ocr_par' dir='ltr' id='par_1_83' title="bbox 2172 3828 3749 3908">
     <span class='ocr_line' id='line_1_83' title="bbox 2172 3828 3749 3908; baseline -0.007 -16"><span class='ocrx_word' id='word_1_613' title='bbox 2172 3840 2272 3892; x_wconf 81' lang='grc' dir='ltr'><strong>καὶ</strong></span> <span class='ocrx_word' id='word_1_614' title='bbox 2313 3835 2426 3908; x_wconf 80' lang='grc' dir='ltr'>ἦρα</span> <span class='ocrx_word' id='word_1_615' title='bbox 2455 3837 2688 3902; x_wconf 82' lang='grc' dir='ltr'>ὄνειδος</span> <span class='ocrx_word' id='word_1_616' title='bbox 2739 3834 2809 3898; x_wconf 83' lang='grc' dir='ltr'><strong>ἐξ</strong></span> <span class='ocrx_word' id='word_1_617' title='bbox 2838 3833 2985 3888; x_wconf 75' lang='grc' dir='ltr'>υἱῶν</span> <span class='ocrx_word' id='word_1_618' title='bbox 3027 3830 3285 3899; x_wconf 69' lang='grc' dir='ltr'>Ἰσραήλ.</span> <span class='ocrx_word' id='word_1_619' title='bbox 3329 3830 3472 3901; x_wconf 84' lang='grc' dir='ltr'>Ὅρα</span> <span class='ocrx_word' id='word_1_620' title='bbox 3525 3828 3599 3899; x_wconf 83' lang='grc' dir='ltr'>μὴ</span> <span class='ocrx_word' id='word_1_621' title='bbox 3650 3829 3749 3898; x_wconf 74' lang='grc' dir='ltr'><strong>τὴν</strong></span> 
     </span>
    </p>
   </div>
   <div class='ocr_carea' id='block_1_84' title="bbox 2173 3920 3745 3999">
    <p class='ocr_par' dir='ltr' id='par_1_84' title="bbox 2173 3920 3745 3999">
     <span class='ocr_line' id='line_1_84' title="bbox 2173 3920 3745 3999; baseline -0.008 -16"><span class='ocrx_word' id='word_1_622' title='bbox 2173 3929 2396 3999; x_wconf 80' lang='grc' dir='ltr'>ἀνδρίαν</span> <span class='ocrx_word' id='word_1_623' title='bbox 2439 3929 2619 3999; x_wconf 78' lang='grc' dir='ltr'>μόνον,</span> <span class='ocrx_word' id='word_1_624' title='bbox 2673 3926 2809 3980; x_wconf 81' lang='grc' dir='ltr'>ἀλλὰ</span> <span class='ocrx_word' id='word_1_625' title='bbox 2864 3924 2997 3976; x_wconf 77' lang='grc' dir='ltr'>πολὺ</span> <span class='ocrx_word' id='word_1_626' title='bbox 3040 3924 3254 3991; x_wconf 82' lang='grc' dir='ltr'>πρῶτον</span> <span class='ocrx_word' id='word_1_627' title='bbox 3290 3920 3387 3992; x_wconf 77' lang='grc' dir='ltr'>τὴν</span> <span class='ocrx_word' id='word_1_628' title='bbox 3421 3921 3745 3974; x_wconf 78' lang='grc' dir='ltr'>ἐπιείκειαν·</span> 
     </span>
    </p>
   </div>
   <div class='ocr_carea' id='block_1_85' title="bbox 2174 4011 3853 4092">
    <p class='ocr_par' dir='ltr' id='par_1_85' title="bbox 2174 4011 3853 4092">
     <span class='ocr_line' id='line_1_85' title="bbox 2174 4011 3853 4092; baseline -0.008 -17"><span class='ocrx_word' id='word_1_629' title='bbox 2174 4023 2346 4077; x_wconf 83' lang='grc' dir='ltr'>πολλὰ</span> <span class='ocrx_word' id='word_1_630' title='bbox 2370 4023 2477 4092; x_wconf 84' lang='grc' dir='ltr'><strong>γὰρ</strong></span> <span class='ocrx_word' id='word_1_631' title='bbox 2521 4020 2616 4073; x_wconf 72' lang='grc' dir='ltr'>καὶ</span> <span class='ocrx_word' id='word_1_632' title='bbox 2659 4018 2872 4088; x_wconf 82' lang='grc' dir='ltr'>μεγάλα</span> <span class='ocrx_word' id='word_1_633' title='bbox 2918 4017 3098 4083; x_wconf 81' lang='grc' dir='ltr'>λέγειν</span> <span class='ocrx_word' id='word_1_634' title='bbox 3132 4014 3353 4079; x_wconf 82' lang='grc' dir='ltr'>αὐτίκα,</span> <span class='ocrx_word' id='word_1_635' title='bbox 3384 4013 3459 4083; x_wconf 78' lang='grc'><strong>(1)</strong></span> <span class='ocrx_word' id='word_1_636' title='bbox 3494 4012 3600 4065; x_wconf 81' lang='grc' dir='ltr'>τῶν</span> <span class='ocrx_word' id='word_1_637' title='bbox 3646 4011 3745 4078; x_wconf 67' lang='grc' dir='ltr'><strong>μὲν</strong></span> <span class='ocrx_word' id='word_1_638' title='bbox 3835 4025 3853 4038; x_wconf 70' lang='lat'><strong>‘</strong></span> 
     </span>
    </p>
   </div>
   <div class='ocr_carea' id='block_1_86' title="bbox 2173 4102 3745 4182">
    <p class='ocr_par' dir='ltr' id='par_1_86' title="bbox 2173 4102 3745 4182">
     <span class='ocr_line' id='line_1_86' title="bbox 2173 4102 3745 4182; baseline -0.01 -15"><span class='ocrx_word' id='word_1_639' title='bbox 2173 4112 2451 4182; x_wconf 85' lang='grc' dir='ltr'>πολεμίων</span> <span class='ocrx_word' id='word_1_640' title='bbox 2481 4110 2551 4164; x_wconf 78' lang='grc' dir='ltr'>τὰ</span> <span class='ocrx_word' id='word_1_641' title='bbox 2581 4108 2784 4179; x_wconf 62' lang='grc' dir='ltr'>πλῆθος,</span> <span class='ocrx_word' id='word_1_642' title='bbox 2816 4107 2887 4160; x_wconf 82' lang='grc' dir='ltr'><strong>τὰ</strong></span> <span class='ocrx_word' id='word_1_643' title='bbox 2917 4106 3116 4177; x_wconf 87' lang='grc' dir='ltr'>θράση,</span> <span class='ocrx_word' id='word_1_644' title='bbox 3149 4105 3215 4158; x_wconf 76' lang='grc' dir='ltr'><strong>τὰ</strong></span> <span class='ocrx_word' id='word_1_645' title='bbox 3249 4104 3410 4167; x_wconf 83' lang='grc' dir='ltr'>ὅπλα,</span> <span class='ocrx_word' id='word_1_646' title='bbox 3457 4103 3552 4164; x_wconf 73' lang='grc' dir='ltr'><strong>τὰς</strong></span> <span class='ocrx_word' id='word_1_647' title='bbox 3584 4102 3745 4153; x_wconf 69' lang='grc' dir='ltr'>πολε-</span> 
     </span>
    </p>
   </div>
   <div class='ocr_carea' id='block_1_87' title="bbox 2175 4184 3743 4275">
    <p class='ocr_par' dir='ltr' id='par_1_87' title="bbox 2175 4184 3743 4275">
     <span class='ocr_line' id='line_1_87' title="bbox 2175 4184 3743 4275; baseline -0.008 -18"><span class='ocrx_word' id='word_1_648' title='bbox 2175 4203 2342 4275; x_wconf 74' lang='grc' dir='ltr'>μικὰς</span> <span class='ocrx_word' id='word_1_649' title='bbox 2388 4203 2584 4272; x_wconf 81' lang='grc' dir='ltr'>τέχνας</span> <span class='ocrx_word' id='word_1_650' title='bbox 2625 4201 2719 4253; x_wconf 76' lang='grc' dir='ltr'>καὶ</span> <span class='ocrx_word' id='word_1_651' title='bbox 2767 4199 3022 4269; x_wconf 79' lang='grc' dir='ltr'>μελέτας,</span> <span class='ocrx_word' id='word_1_652' title='bbox 3085 4184 3250 4251; x_wconf 69' lang='grc' dir='ltr'>αὑτοῦ</span> <span class='ocrx_word' id='word_1_653' title='bbox 3290 4196 3384 4250; x_wconf 80' lang='grc' dir='ltr'>τοῦ</span> <span class='ocrx_word' id='word_1_654' title='bbox 3416 4196 3670 4265; x_wconf 79' lang='grc' dir='ltr'>γίγαντος</span> <span class='ocrx_word' id='word_1_655' title='bbox 3710 4195 3743 4264; x_wconf 80' lang='grc' dir='ltr'>ἤ</span> 
     </span>
    </p>
   </div>
   <div class='ocr_carea' id='block_1_88' title="bbox 2169 4290 3740 4365">
    <p class='ocr_par' dir='ltr' id='par_1_88' title="bbox 2169 4290 3740 4365">
     <span class='ocr_line' id='line_1_88' title="bbox 2169 4290 3740 4365; baseline -0.008 -15"><span class='ocrx_word' id='word_1_656' title='bbox 2169 4296 2459 4365; x_wconf 75' lang='grc' dir='ltr'>ἐλέφαντος</span> <span class='ocrx_word' id='word_1_657' title='bbox 2498 4292 2710 4345; x_wconf 82' lang='grc' dir='ltr'>ἐκείνου</span> <span class='ocrx_word' id='word_1_658' title='bbox 2744 4291 2843 4361; x_wconf 75' lang='grc' dir='ltr'>τὴν</span> <span class='ocrx_word' id='word_1_659' title='bbox 2897 4291 3239 4357; x_wconf 76' lang='grc' dir='ltr'>ἀλαζονείαν,</span> <span class='ocrx_word' id='word_1_660' title='bbox 3288 4292 3389 4361; x_wconf 77' lang='grc' dir='ltr'>τὴν</span> <span class='ocrx_word' id='word_1_661' title='bbox 3422 4290 3740 4359; x_wconf 79' lang='grc' dir='ltr'>ἐμπειρίαν,</span> 
     </span>
    </p>
   </div>
   <div class='ocr_carea' id='block_1_89' title="bbox 2168 4370 3740 4457">
    <p class='ocr_par' dir='ltr' id='par_1_89' title="bbox 2168 4370 3740 4457">
     <span class='ocr_line' id='line_1_89' title="bbox 2168 4370 3740 4457; baseline -0.006 -17"><span class='ocrx_word' id='word_1_662' title='bbox 2168 4388 2267 4457; x_wconf 77' lang='grc' dir='ltr'>τὴν</span> <span class='ocrx_word' id='word_1_663' title='bbox 2303 4387 2476 4457; x_wconf 83' lang='grc' dir='ltr'>ἰσχὺν,</span> <span class='ocrx_word' id='word_1_664' title='bbox 2506 4384 2567 4437; x_wconf 80' lang='grc' dir='ltr'>τὸ</span> <span class='ocrx_word' id='word_1_665' title='bbox 2603 4384 2854 4452; x_wconf 83' lang='grc' dir='ltr'>μέγεθος,</span> <span class='ocrx_word' id='word_1_666' title='bbox 2905 4370 3341 4436; x_wconf 80' lang='grc' dir='ltr'>τῶν”1ουδαίων</span> <span class='ocrx_word' id='word_1_667' title='bbox 3371 4382 3469 4451; x_wconf 83' lang='grc' dir='ltr'><strong>τὴν</strong></span> <span class='ocrx_word' id='word_1_668' title='bbox 3513 4381 3740 4443; x_wconf 85' lang='grc' dir='ltr'>δειλίαν,</span> 
     </span>
    </p>
   </div>
   <div class='ocr_carea' id='block_1_90' title="bbox 2114 4473 3735 4548">
    <p class='ocr_par' dir='ltr' id='par_1_90' title="bbox 2114 4473 3735 4548">
     <span class='ocr_line' id='line_1_90' title="bbox 2114 4473 3735 4548; baseline -0.006 -16"><span class='ocrx_word' id='word_1_669' title='bbox 2114 4474 2117 4475; x_wconf 16' lang='grc' dir='ltr'><em>ν</em></span> <span class='ocrx_word' id='word_1_670' title='bbox 2166 4479 2263 4548; x_wconf 84' lang='grc' dir='ltr'><strong>τὴν</strong></span> <span class='ocrx_word' id='word_1_671' title='bbox 2283 4479 2547 4545; x_wconf 87' lang='grc' dir='ltr'>ἀγωνίαν,</span> <span class='ocrx_word' id='word_1_672' title='bbox 2584 4473 2752 4527; x_wconf 80' lang='grc' dir='ltr'>αὑτοῦ</span> <span class='ocrx_word' id='word_1_673' title='bbox 2780 4474 2875 4527; x_wconf 82' lang='grc' dir='ltr'>τοῦ</span> <span class='ocrx_word' id='word_1_674' title='bbox 2912 4475 3178 4545; x_wconf 79' lang='grc' dir='ltr'>βασιλέως</span> <span class='ocrx_word' id='word_1_675' title='bbox 3213 4473 3310 4542; x_wconf 83' lang='grc' dir='ltr'>τὴν</span> <span class='ocrx_word' id='word_1_676' title='bbox 3355 4473 3612 4543; x_wconf 85' lang='grc' dir='ltr'>ἀπορίαν,</span> <span class='ocrx_word' id='word_1_677' title='bbox 3639 4475 3735 4522; x_wconf 66' lang='grc' dir='ltr'>καὶ</span> 
     </span>
    </p>
   </div>
   <div class='ocr_carea' id='block_1_91' title="bbox 2166 4565 3738 4639">
    <p class='ocr_par' dir='ltr' id='par_1_91' title="bbox 2166 4565 3738 4639">
     <span class='ocr_line' id='line_1_91' title="bbox 2166 4565 3738 4639; baseline -0.008 -15"><span class='ocrx_word' id='word_1_678' title='bbox 2166 4572 2285 4633; x_wconf 85' lang='grc' dir='ltr'><strong>πῶς</strong></span> <span class='ocrx_word' id='word_1_679' title='bbox 2319 4567 2688 4639; x_wconf 71' lang='grc' dir='ltr'>ἐπεφρίκεσαν</span> <span class='ocrx_word' id='word_1_680' title='bbox 2722 4565 2925 4630; x_wconf 84' lang='grc' dir='ltr'>πάντες</span> <span class='ocrx_word' id='word_1_681' title='bbox 2968 4568 3061 4618; x_wconf 72' lang='grc' dir='ltr'><strong>καὶ</strong></span> <span class='ocrx_word' id='word_1_682' title='bbox 3094 4566 3411 4635; x_wconf 71' lang='grc' dir='ltr'>στρατηγοὶ,</span> <span class='ocrx_word' id='word_1_683' title='bbox 3450 4565 3544 4616; x_wconf 76' lang='grc' dir='ltr'><strong>καὶ</strong></span> <span class='ocrx_word' id='word_1_684' title='bbox 3573 4580 3738 4632; x_wconf 77' lang='grc' dir='ltr'>στραο</span> 
     </span>
    </p>
   </div>
   <div class='ocr_carea' id='block_1_92' title="bbox 2164 4655 3735 4725">
    <p class='ocr_par' dir='ltr' id='par_1_92' title="bbox 2164 4655 3735 4725">
     <span class='ocr_line' id='line_1_92' title="bbox 2164 4655 3735 4725; baseline -0.006 -11"><span class='ocrx_word' id='word_1_685' title='bbox 2164 4663 2376 4725; x_wconf 80' lang='grc' dir='ltr'>τιὼται,</span> <span class='ocrx_word' id='word_1_686' title='bbox 2410 4661 2504 4713; x_wconf 76' lang='grc' dir='ltr'><strong>καὶ</strong></span> <span class='ocrx_word' id='word_1_687' title='bbox 2542 4659 2675 4723; x_wconf 77' lang='grc' dir='ltr'>νέοι,</span> <span class='ocrx_word' id='word_1_688' title='bbox 2713 4658 2803 4712; x_wconf 70' lang='grc' dir='ltr'><strong>καὶ</strong></span> <span class='ocrx_word' id='word_1_689' title='bbox 2837 4658 3081 4724; x_wconf 73' lang='grc' dir='ltr'>παλαιοὶ,</span> <span class='ocrx_word' id='word_1_690' title='bbox 3130 4657 3220 4709; x_wconf 87' lang='grc' dir='ltr'><strong>τὸν</strong></span> <span class='ocrx_word' id='word_1_691' title='bbox 3270 4655 3589 4724; x_wconf 62' lang='grc' dir='ltr'>ἀλλόφυλον,</span> <span class='ocrx_word' id='word_1_692' title='bbox 3643 4657 3735 4707; x_wconf 71' lang='grc' dir='ltr'><strong>καὶ</strong></span> 
     </span>
    </p>
   </div>
   <div class='ocr_carea' id='block_1_93' title="bbox 482 4748 2082 4822">
    <p class='ocr_par' dir='ltr' id='par_1_93' title="bbox 482 4749 2052 4822">
     <span class='ocr_line' id='line_1_93' title="bbox 482 4749 2052 4822; baseline -0.004 -17"><span class='ocrx_word' id='word_1_693' title='bbox 482 4751 806 4807; x_wconf 88' lang='lat' dir='ltr'><strong>adolescens</strong></span> <span class='ocrx_word' id='word_1_694' title='bbox 828 4760 1024 4807; x_wconf 88' lang='lat' dir='ltr'><strong>eratet</strong></span> <span class='ocrx_word' id='word_1_695' title='bbox 1047 4751 1304 4822; x_wconf 79' lang='lat' dir='ltr'><strong>pusillus,</strong></span> <span class='ocrx_word' id='word_1_696' title='bbox 1360 4750 1602 4814; x_wconf 83' lang='lat' dir='ltr'><strong>inermis,</strong></span> <span class='ocrx_word' id='word_1_697' title='bbox 1634 4750 1755 4803; x_wconf 87' lang='lat' dir='ltr'><strong>belli</strong></span> <span class='ocrx_word' id='word_1_698' title='bbox 1793 4749 2052 4818; x_wconf 82' lang='lat' dir='ltr'><strong>ignarus:</strong></span> 
     </span>
    </p>
   </div>
   <div class='ocr_carea' id='block_1_94' title="bbox 2184 4748 3732 4822">
    <p class='ocr_par' dir='ltr' id='par_1_94' title="bbox 2184 4748 3732 4819">
     <span class='ocr_line' id='line_1_94' title="bbox 2184 4748 3732 4819; baseline -0.006 -12"><span class='ocrx_word' id='word_1_699' title='bbox 2184 4754 2278 4817; x_wconf 83' lang='grc' dir='ltr'>τῶς</span> <span class='ocrx_word' id='word_1_700' title='bbox 2306 4753 2573 4813; x_wconf 85' lang='grc' dir='ltr'>νεώτατος</span> <span class='ocrx_word' id='word_1_701' title='bbox 2611 4751 2772 4815; x_wconf 78' lang='grc' dir='ltr'>αὐτὸς</span> <span class='ocrx_word' id='word_1_702' title='bbox 2814 4750 2911 4816; x_wconf 82' lang='grc' dir='ltr'>ὢν,</span> <span class='ocrx_word' id='word_1_703' title='bbox 2944 4753 3036 4802; x_wconf 69' lang='grc' dir='ltr'><strong>καὶ</strong></span> <span class='ocrx_word' id='word_1_704' title='bbox 3089 4750 3316 4819; x_wconf 79' lang='grc' dir='ltr'>βραχὺς,</span> <span class='ocrx_word' id='word_1_705' title='bbox 3370 4750 3462 4800; x_wconf 75' lang='grc' dir='ltr'><strong>καὶ</strong></span> <span class='ocrx_word' id='word_1_706' title='bbox 3511 4748 3732 4808; x_wconf 79' lang='grc' dir='ltr'>ἄοπλος.</span> 
     </span>
    </p>
   </div>
   <div class='ocr_carea' id='block_1_95' title="bbox 480 4832 2059 4899">
    <p class='ocr_par' dir='ltr' id='par_1_95' title="bbox 480 4832 2059 4899">
     <span class='ocr_line' id='line_1_95' title="bbox 480 4832 2059 4899; baseline -0.003 -2"><span class='ocrx_word' id='word_1_707' title='bbox 480 4854 539 4898; x_wconf 85' lang='lat' dir='ltr'><strong>et</strong></span> <span class='ocrx_word' id='word_1_708' title='bbox 584 4852 769 4899; x_wconf 87' lang='lat' dir='ltr'><strong>tamen</strong></span> <span class='ocrx_word' id='word_1_709' title='bbox 810 4858 981 4899; x_wconf 88' lang='lat' dir='ltr'><strong>ausus</strong></span> <span class='ocrx_word' id='word_1_710' title='bbox 1012 4844 1085 4898; x_wconf 88' lang='lat' dir='ltr'><strong>sit</strong></span> <span class='ocrx_word' id='word_1_711' title='bbox 1127 4832 1393 4897; x_wconf 81' lang='lat' dir='ltr'><strong>adversus</strong></span> <span class='ocrx_word' id='word_1_712' title='bbox 1440 4840 1741 4894; x_wconf 89' lang='lat' dir='ltr'><strong>Barbarum</strong></span> <span class='ocrx_word' id='word_1_713' title='bbox 1780 4839 1932 4892; x_wconf 87' lang='lat' dir='ltr'><strong>illum</strong></span> <span class='ocrx_word' id='word_1_714' title='bbox 1965 4837 2059 4892; x_wconf 86' lang='lat' dir='ltr'><strong>de-</strong></span> 
     </span>
    </p>
   </div>
   <div class='ocr_carea' id='block_1_96' title="bbox 479 4928 2048 5001">
    <p class='ocr_par' dir='ltr' id='par_1_96' title="bbox 479 4928 2048 5001">
     <span class='ocr_line' id='line_1_96' title="bbox 479 4928 2048 5001; baseline -0.004 -15"><span class='ocrx_word' id='word_1_715' title='bbox 479 4943 694 4987; x_wconf 81' lang='lat' dir='ltr'><strong>certare</strong></span> <span class='ocrx_word' id='word_1_716' title='bbox 723 4949 737 4986; x_wconf 90' lang='lat'><strong>:</strong></span> <span class='ocrx_word' id='word_1_717' title='bbox 773 4931 917 4985; x_wconf 89' lang='lat' dir='ltr'><strong>unde</strong></span> <span class='ocrx_word' id='word_1_718' title='bbox 946 4932 1159 5001; x_wconf 86' lang='lat' dir='ltr'><strong>dejecta</strong></span> <span class='ocrx_word' id='word_1_719' title='bbox 1194 4941 1348 4985; x_wconf 88' lang='lat' dir='ltr'><strong>tanta</strong></span> <span class='ocrx_word' id='word_1_720' title='bbox 1383 4930 1478 4983; x_wconf 91' lang='lat' dir='ltr'><strong>illa</strong></span> <span class='ocrx_word' id='word_1_721' title='bbox 1513 4930 1653 4984; x_wconf 88' lang='lat' dir='ltr'><strong>turri</strong></span> <span class='ocrx_word' id='word_1_722' title='bbox 1679 4943 1742 4982; x_wconf 88' lang='lat' dir='ltr'><strong>ac</strong></span> <span class='ocrx_word' id='word_1_723' title='bbox 1776 4929 1872 4981; x_wconf 90' lang='lat' dir='ltr'><strong>tali</strong></span> <span class='ocrx_word' id='word_1_724' title='bbox 1909 4928 2048 4993; x_wconf 86' lang='lat' dir='ltr'><strong>fera,</strong></span> 
     </span>
    </p>
   </div>
   <div class='ocr_carea' id='block_1_97' title="bbox 483 5018 2054 5091">
    <p class='ocr_par' dir='ltr' id='par_1_97' title="bbox 483 5018 2054 5091">
     <span class='ocr_line' id='line_1_97' title="bbox 483 5018 2054 5091; baseline -0.002 -14"><span class='ocrx_word' id='word_1_725' title='bbox 483 5022 700 5078; x_wconf 79' lang='lat' dir='ltr'><strong>facilem</strong></span> <span class='ocrx_word' id='word_1_726' title='bbox 749 5024 862 5091; x_wconf 89' lang='lat' dir='ltr'><strong>regi</strong></span> <span class='ocrx_word' id='word_1_727' title='bbox 895 5023 1182 5077; x_wconf 85' lang='lat' dir='ltr'><strong>victoriam</strong></span> <span class='ocrx_word' id='word_1_728' title='bbox 1210 5021 1466 5091; x_wconf 68' lang='lat' dir='ltr'><strong>praestitit</strong></span> <span class='ocrx_word' id='word_1_729' title='bbox 1502 5037 1515 5073; x_wconf 89' lang='lat'><strong>:</strong></span> <span class='ocrx_word' id='word_1_730' title='bbox 1549 5020 1750 5090; x_wconf 88' lang='lat' dir='ltr'><strong>quippe</strong></span> <span class='ocrx_word' id='word_1_731' title='bbox 1779 5018 1870 5089; x_wconf 87' lang='lat' dir='ltr'><strong>qui</strong></span> <span class='ocrx_word' id='word_1_732' title='bbox 1904 5019 2054 5074; x_wconf 88' lang='lat' dir='ltr'><strong>illius</strong></span> 
     </span>
    </p>
   </div>
   <div class='ocr_carea' id='block_1_98' title="bbox 476 5111 2055 5195">
    <p class='ocr_par' dir='ltr' id='par_1_98' title="bbox 476 5111 2055 5195">
     <span class='ocr_line' id='line_1_98' title="bbox 476 5111 2055 5195; baseline -0.003 -25"><span class='ocrx_word' id='word_1_733' title='bbox 476 5115 660 5184; x_wconf 78' lang='lat' dir='ltr'><strong>capite</strong></span> <span class='ocrx_word' id='word_1_734' title='bbox 693 5129 721 5167; x_wconf 88' lang='lat' dir='ltr'><strong>a</strong></span> <span class='ocrx_word' id='word_1_735' title='bbox 757 5115 968 5185; x_wconf 88' lang='lat' dir='ltr'><strong>reliquo</strong></span> <span class='ocrx_word' id='word_1_736' title='bbox 994 5129 1222 5195; x_wconf 75' lang='lat' dir='ltr'><strong>corpore</strong></span> <span class='ocrx_word' id='word_1_737' title='bbox 1263 5116 1479 5178; x_wconf 89' lang='lat' dir='ltr'><strong>avulso,</strong></span> <span class='ocrx_word' id='word_1_738' title='bbox 1524 5122 1689 5182; x_wconf 79' lang='lat' dir='ltr'><strong>atque</strong></span> <span class='ocrx_word' id='word_1_739' title='bbox 1717 5113 1818 5165; x_wconf 90' lang='lat' dir='ltr'><strong>boc</strong></span> <span class='ocrx_word' id='word_1_740' title='bbox 1851 5111 2055 5180; x_wconf 84' lang='lat' dir='ltr'><strong>ipsius-</strong></span> 
     </span>
    </p>
   </div>
   <div class='ocr_carea' id='block_1_99' title="bbox 483 5203 2049 5277">
    <p class='ocr_par' dir='ltr' id='par_1_99' title="bbox 483 5203 2049 5277">
     <span class='ocr_line' id='line_1_99' title="bbox 483 5203 2049 5277; baseline -0.003 -17"><span class='ocrx_word' id='word_1_741' title='bbox 483 5216 592 5263; x_wconf 87' lang='lat' dir='ltr'><strong>tnet</strong></span> <span class='ocrx_word' id='word_1_742' title='bbox 646 5207 883 5277; x_wconf 78' lang='lat' dir='ltr'><strong>gigantis</strong></span> <span class='ocrx_word' id='word_1_743' title='bbox 916 5207 1118 5277; x_wconf 86' lang='lat' dir='ltr'><strong>gladio,</strong></span> <span class='ocrx_word' id='word_1_744' title='bbox 1175 5206 1426 5261; x_wconf 84' lang='lat' dir='ltr'><strong>timorem</strong></span> <span class='ocrx_word' id='word_1_745' title='bbox 1467 5220 1685 5261; x_wconf 89' lang='lat' dir='ltr'><strong>omnem</strong></span> <span class='ocrx_word' id='word_1_746' title='bbox 1735 5203 1991 5256; x_wconf 79' lang='lat' dir='ltr'><strong>dissolvit</strong></span> <span class='ocrx_word' id='word_1_747' title='bbox 2035 5221 2049 5256; x_wconf 89' lang='lat'><strong><em>:</em></strong></span> 
     </span>
    </p>
   </div>
   <div class='ocr_carea' id='block_1_100' title="bbox 472 5296 2050 5368">
    <p class='ocr_par' dir='ltr' id='par_1_100' title="bbox 472 5296 2050 5368">
     <span class='ocr_line' id='line_1_100' title="bbox 472 5296 2050 5368; baseline -0.005 -14"><span class='ocrx_word' id='word_1_748' title='bbox 472 5300 656 5354; x_wconf 67' lang='lat' dir='ltr'><strong>caedes</strong></span> <span class='ocrx_word' id='word_1_749' title='bbox 676 5309 836 5354; x_wconf 89' lang='lat' dir='ltr'><strong>antea</strong></span> <span class='ocrx_word' id='word_1_750' title='bbox 863 5300 978 5353; x_wconf 84' lang='lat' dir='ltr'><strong>fieri</strong></span> <span class='ocrx_word' id='word_1_751' title='bbox 1008 5299 1199 5355; x_wconf 85' lang='lat' dir='ltr'><strong>solitas</strong></span> <span class='ocrx_word' id='word_1_752' title='bbox 1237 5298 1501 5368; x_wconf 81' lang='lat' dir='ltr'><strong>repressit</strong></span> <span class='ocrx_word' id='word_1_753' title='bbox 1535 5314 1548 5348; x_wconf 96' lang='lat'>:</span> <span class='ocrx_word' id='word_1_754' title='bbox 1582 5296 1906 5357; x_wconf 78' lang='lat' dir='ltr'><strong>exercitum,</strong></span> <span class='ocrx_word' id='word_1_755' title='bbox 1946 5297 2050 5347; x_wconf 89' lang='lat' dir='ltr'><strong>du-</strong></span> 
     </span>
    </p>
   </div>
   <div class='ocr_carea' id='block_1_101' title="bbox 2161 4839 3734 4915">
    <p class='ocr_par' dir='ltr' id='par_1_101' title="bbox 2161 4839 3734 4915">
     <span class='ocr_line' id='line_1_101' title="bbox 2161 4839 3734 4915; baseline -0.006 -16"><span class='ocrx_word' id='word_1_756' title='bbox 2161 4848 2255 4899; x_wconf 77' lang='grc' dir='ltr'><strong>καὶ</strong></span> <span class='ocrx_word' id='word_1_757' title='bbox 2291 4845 2541 4915; x_wconf 85' lang='grc' dir='ltr'>πολέμων</span> <span class='ocrx_word' id='word_1_758' title='bbox 2569 4845 2815 4914; x_wconf 66' lang='grc' dir='ltr'>ἄπειρος,</span> <span class='ocrx_word' id='word_1_759' title='bbox 2852 4841 3233 4912; x_wconf 72' lang='grc' dir='ltr'>κατεθάῥρησε</span> <span class='ocrx_word' id='word_1_760' title='bbox 3278 4841 3371 4892; x_wconf 77' lang='grc' dir='ltr'>τοῦ</span> <span class='ocrx_word' id='word_1_761' title='bbox 3433 4839 3734 4909; x_wconf 76' lang='grc' dir='ltr'>βαρϐάρου,</span> 
     </span>
    </p>
   </div>
   <div class='ocr_carea' id='block_1_102' title="bbox 2160 4929 3734 5006">
    <p class='ocr_par' dir='ltr' id='par_1_102' title="bbox 2160 4929 3734 5006">
     <span class='ocr_line' id='line_1_102' title="bbox 2160 4929 3734 5006; baseline -0.006 -18"><span class='ocrx_word' id='word_1_762' title='bbox 2160 4933 2248 4989; x_wconf 79' lang='grc' dir='ltr'><strong>οἷα</strong></span> <span class='ocrx_word' id='word_1_763' title='bbox 2278 4936 2458 5006; x_wconf 80' lang='grc' dir='ltr'>νεκρῷ</span> <span class='ocrx_word' id='word_1_764' title='bbox 2499 4934 2576 5004; x_wconf 80' lang='grc' dir='ltr'>τῷ</span> <span class='ocrx_word' id='word_1_765' title='bbox 2628 4933 2865 5003; x_wconf 84' lang='grc' dir='ltr'>τοσούτῳ</span> <span class='ocrx_word' id='word_1_766' title='bbox 2922 4930 3282 5001; x_wconf 42' lang='grc' dir='ltr'>πύργῳμκαὶ</span> <span class='ocrx_word' id='word_1_767' title='bbox 3330 4929 3561 4998; x_wconf 80' lang='grc' dir='ltr'>τοιούτῳ</span> <span class='ocrx_word' id='word_1_768' title='bbox 3607 4930 3734 4995; x_wconf 64' lang='lat' dir='ltr'><strong>(mp:</strong></span> 
     </span>
    </p>
   </div>
   <div class='ocr_carea' id='block_1_103' title="bbox 2160 5018 3727 5097">
    <p class='ocr_par' dir='ltr' id='par_1_103' title="bbox 2160 5018 3727 5097">
     <span class='ocr_line' id='line_1_103' title="bbox 2160 5018 3727 5097; baseline -0.006 -18"><span class='ocrx_word' id='word_1_769' title='bbox 2160 5026 2530 5097; x_wconf 70' lang='grc' dir='ltr'>χρησάμενος,</span> <span class='ocrx_word' id='word_1_770' title='bbox 2596 5024 3010 5095; x_wconf 80' lang='grc' dir='ltr'>κατηγωνίσατο</span> <span class='ocrx_word' id='word_1_771' title='bbox 3056 5023 3209 5091; x_wconf 74' lang='grc' dir='ltr'>ῥᾷον,</span> <span class='ocrx_word' id='word_1_772' title='bbox 3245 5020 3338 5072; x_wconf 80' lang='grc' dir='ltr'><strong>καὶ</strong></span> <span class='ocrx_word' id='word_1_773' title='bbox 3394 5022 3462 5089; x_wconf 85' lang='grc' dir='ltr'>τῇ</span> <span class='ocrx_word' id='word_1_774' title='bbox 3517 5018 3727 5070; x_wconf 72' lang='grc' dir='ltr'>ἐκείνου</span> 
     </span>
    </p>
   </div>
   <div class='ocr_carea' id='block_1_104' title="bbox 2165 5108 3730 5186">
    <p class='ocr_par' dir='ltr' id='par_1_104' title="bbox 2165 5108 3730 5186">
     <span class='ocr_line' id='line_1_104' title="bbox 2165 5108 3730 5186; baseline -0.006 -17"><span class='ocrx_word' id='word_1_775' title='bbox 2165 5117 2408 5186; x_wconf 72' lang='grc' dir='ltr'>μαχαίρᾳ</span> <span class='ocrx_word' id='word_1_776' title='bbox 2443 5117 2542 5186; x_wconf 83' lang='grc' dir='ltr'>τὴν</span> <span class='ocrx_word' id='word_1_777' title='bbox 2570 5114 2810 5184; x_wconf 78' lang='grc' dir='ltr'>κεφαλὴν</span> <span class='ocrx_word' id='word_1_778' title='bbox 2840 5112 2933 5166; x_wconf 76' lang='grc' dir='ltr'>τοῦ</span> <span class='ocrx_word' id='word_1_779' title='bbox 2970 5108 3220 5181; x_wconf 84' lang='grc' dir='ltr'>σώματος</span> <span class='ocrx_word' id='word_1_780' title='bbox 3250 5111 3485 5179; x_wconf 57' lang='grc' dir='ltr'>ἀτξελὼν,</span> <span class='ocrx_word' id='word_1_781' title='bbox 3540 5109 3730 5161; x_wconf 64' lang='grc' dir='ltr'>ἔλυσεν</span> 
     </span>
    </p>
   </div>
   <div class='ocr_carea' id='block_1_105' title="bbox 2159 5203 3722 5280">
    <p class='ocr_par' dir='ltr' id='par_1_105' title="bbox 2159 5203 3722 5280">
     <span class='ocr_line' id='line_1_105' title="bbox 2159 5203 3722 5280; baseline -0.004 -21"><span class='ocrx_word' id='word_1_782' title='bbox 2159 5209 2251 5259; x_wconf 74' lang='grc' dir='ltr'><strong>τὸν</strong></span> <span class='ocrx_word' id='word_1_783' title='bbox 2285 5208 2470 5276; x_wconf 80' lang='grc' dir='ltr'>φόϐον,</span> <span class='ocrx_word' id='word_1_784' title='bbox 2494 5206 2689 5280; x_wconf 76' lang='grc' dir='ltr'>ἔστησε</span> <span class='ocrx_word' id='word_1_785' title='bbox 2719 5207 2811 5260; x_wconf 75' lang='grc' dir='ltr'><strong>τὸν</strong></span> <span class='ocrx_word' id='word_1_786' title='bbox 2840 5207 3019 5277; x_wconf 76' lang='grc' dir='ltr'>φόνον,</span> <span class='ocrx_word' id='word_1_787' title='bbox 3047 5205 3218 5259; x_wconf 75' lang='grc' dir='ltr'>ἔσωσε</span> <span class='ocrx_word' id='word_1_788' title='bbox 3250 5207 3310 5258; x_wconf 84' lang='grc' dir='ltr'><strong>τὸ</strong></span> <span class='ocrx_word' id='word_1_789' title='bbox 3335 5203 3722 5276; x_wconf 83' lang='grc' dir='ltr'>στρατόπεδον,</span> 
     </span>
    </p>
   </div>
   <div class='ocr_carea' id='block_1_106' title="bbox 2158 5296 3727 5372">
    <p class='ocr_par' dir='ltr' id='par_1_106' title="bbox 2158 5296 3727 5372">
     <span class='ocr_line' id='line_1_106' title="bbox 2158 5296 3727 5372; baseline -0.004 -19"><span class='ocrx_word' id='word_1_790' title='bbox 2158 5302 2254 5354; x_wconf 73' lang='grc' dir='ltr'><strong>καὶ</strong></span> <span class='ocrx_word' id='word_1_791' title='bbox 2284 5301 2374 5353; x_wconf 80' lang='grc' dir='ltr'><strong>τὸν</strong></span> <span class='ocrx_word' id='word_1_792' title='bbox 2400 5300 2663 5371; x_wconf 74' lang='grc' dir='ltr'>ἡγεμόνα,</span> <span class='ocrx_word' id='word_1_793' title='bbox 2715 5300 2809 5353; x_wconf 68' lang='grc' dir='ltr'><strong>καὶ</strong></span> <span class='ocrx_word' id='word_1_794' title='bbox 2839 5299 3119 5372; x_wconf 80' lang='grc' dir='ltr'>προγόνων</span> <span class='ocrx_word' id='word_1_795' title='bbox 3150 5299 3372 5368; x_wconf 77' lang='grc' dir='ltr'>τάφους,</span> <span class='ocrx_word' id='word_1_796' title='bbox 3405 5299 3502 5350; x_wconf 76' lang='grc' dir='ltr'>καὶ</span> <span class='ocrx_word' id='word_1_797' title='bbox 3530 5296 3727 5367; x_wconf 74' lang='grc' dir='ltr'>νόμους</span> 
     </span>
    </p>
   </div>
   <div class='ocr_carea' id='block_1_107' title="bbox 536 5481 2192 5556">
    <p class='ocr_par' dir='ltr' id='par_1_107' title="bbox 536 5481 2192 5556">
     <span class='ocr_line' id='line_1_107' title="bbox 536 5481 2192 5556; baseline 0.001 -21"><span class='ocrx_word' id='word_1_798' title='bbox 536 5487 571 5517; x_wconf 82' lang='grc'><strong>·³</strong></span> <span class='ocrx_word' id='word_1_799' title='bbox 602 5482 744 5537; x_wconf 80' lang='lat' dir='ltr'><strong>Psal.</strong></span> <span class='ocrx_word' id='word_1_800' title='bbox 781 5498 833 5545; x_wconf 85' lang='lat' dir='ltr'><strong>L,</strong></span> <span class='ocrx_word' id='word_1_801' title='bbox 882 5482 937 5536; x_wconf 89' lang='lat'><strong>8.</strong></span> <span class='ocrx_word' id='word_1_802' title='bbox 976 5483 992 5512; x_wconf 61' lang='grc' dir='ltr'><strong>ί</strong></span> <span class='ocrx_word' id='word_1_803' title='bbox 1027 5481 1173 5538; x_wconf 83' lang='lat' dir='ltr'><strong>Psal.</strong></span> <span class='ocrx_word' id='word_1_804' title='bbox 1225 5499 1418 5552; x_wconf 76' lang='lat' dir='ltr'><strong>cxvttt,</strong></span> <span class='ocrx_word' id='word_1_805' title='bbox 1460 5485 1551 5540; x_wconf 84' lang='lat'><strong>66.</strong></span> <span class='ocrx_word' id='word_1_806' title='bbox 1611 5486 1633 5516; x_wconf 78' lang='grc'><strong><em>⁵</em></strong></span> <span class='ocrx_word' id='word_1_807' title='bbox 1675 5486 1693 5541; x_wconf 90' lang='lat' dir='ltr'><strong>l</strong></span> <span class='ocrx_word' id='word_1_808' title='bbox 1729 5484 1864 5556; x_wconf 81' lang='lat' dir='ltr'><strong>Reg.</strong></span> <span class='ocrx_word' id='word_1_809' title='bbox 1928 5497 2061 5546; x_wconf 79' lang='lat' dir='ltr'><strong>xm,</strong></span> <span class='ocrx_word' id='word_1_810' title='bbox 2100 5481 2192 5536; x_wconf 74' lang='grc'>45.</span> 
     </span>
    </p>
   </div>
   <div class='ocr_carea' id='block_1_108' title="bbox 1809 5620 2370 5683">
    <p class='ocr_par' dir='ltr' id='par_1_108' title="bbox 1809 5620 2370 5683">
     <span class='ocr_line' id='line_1_108' title="bbox 1809 5620 2370 5683; baseline 0 -2"><span class='ocrx_word' id='word_1_811' title='bbox 1809 5621 2006 5681; x_wconf 77' lang='lat' dir='ltr'><strong>Varim</strong></span> <span class='ocrx_word' id='word_1_812' title='bbox 2038 5620 2370 5683; x_wconf 75' lang='lat' dir='ltr'><strong>lectiones.</strong></span> 
     </span>
    </p>
   </div>
   <div class='ocr_carea' id='block_1_109' title="bbox 538 5741 2375 5820">
    <p class='ocr_par' dir='ltr' id='par_1_109' title="bbox 538 5741 2375 5820">
     <span class='ocr_line' id='line_1_109' title="bbox 538 5741 2375 5820; baseline 0.003 -24"><span class='ocrx_word' id='word_1_813' title='bbox 538 5741 623 5813; x_wconf 65' lang='lat' dir='ltr'><strong>ll)</strong></span> <span class='ocrx_word' id='word_1_814' title='bbox 678 5743 1024 5801; x_wconf 84' lang='lat' dir='ltr'><strong>Desideratur</strong></span> <span class='ocrx_word' id='word_1_815' title='bbox 1055 5746 1172 5811; x_wconf 68' lang='grc' dir='ltr'>ἐξὸν</span> <span class='ocrx_word' id='word_1_816' title='bbox 1208 5750 1291 5805; x_wconf 87' lang='lat' dir='ltr'><strong>vel</strong></span> <span class='ocrx_word' id='word_1_817' title='bbox 1337 5748 1655 5820; x_wconf 69' lang='grc' dir='ltr'>δυνάμενος,</span> <span class='ocrx_word' id='word_1_818' title='bbox 1715 5755 1798 5805; x_wconf 89' lang='lat' dir='ltr'><strong>vel</strong></span> <span class='ocrx_word' id='word_1_819' title='bbox 1858 5759 2004 5803; x_wconf 87' lang='lat' dir='ltr'><strong>certe</strong></span> <span class='ocrx_word' id='word_1_820' title='bbox 2032 5749 2375 5803; x_wconf 85' lang='lat' dir='ltr'><strong>subauditur.</strong></span> 
     </span>
    </p>
   </div>
  </div>
