4146 6420
430 371 506 436 ιιι
1599 367 1991 432 COMMENT.
2030 367 2114 429 IN
2153 366 2514 432 PSALMOS;
3624 358 3692 426 1.6

417 482 733 555 πατρῴους,
798 482 895 535 καὶ
938 482 1080 551 ιερὰ,
1132 482 1225 535 καὶ
1286 485 1488 550 γονεῖς,

418 579 576 646 γένη,
613 577 708 629 καὶ
738 574 979 645 ἡλικίας⁸
1012 577 1040 628 6
1074 574 1130 627 δὲ
1174 573 1380 627 τούτων
1436 576 1535 644 μὲν
1589 576 1744 629 οὐδὲν
1805 577 2009 645 ἐμεγα-

422 667 721 739 λαύχησεν,
753 666 1147 720 ἐπιεικέστατα
1190 666 1246 718 δὲ
1300 666 1441 720 πάνυ
1489 664 1732 738 διεξῆλθε
1776 665 1839 718 τδ
1872 665 2008 736 πρὸς

422 760 519 813 τὸν
555 757 750 812 Γολιὰθ
784 757 1143 829 μονομάχιον.

506 942 651 995 Ἀλλ’
688 936 846 1004 οὗτος
898 941 928 995 6
971 940 1231 1004 τοσοῦτος
1273 941 1368 994 καὶ
1400 941 1741 1008 τηλικοῦτος,
1800 943 1886 995 ἵνα
1933 943 2008 1013 μὴ

417 1035 657 1088 ῑκαστον
702 1032 969 1105 διατρίϐω
1017 1033 1211 1101 λόγον,
1266 1031 1661 1099 ὲξευτελίζεται
1713 1035 1812 1105 μὲν
1857 1036 2009 1106 παρὰ

420 1126 522 1180 τοῖ’
562 1126 793 1196 πατρὸς.
821 1124 922 1197 τὴν
942 1124 1137 1196 ἀρχὴν.
1174 1166 1187 1178 .
1224 1165 1237 1179 .
1271 1165 1286 1180 .
1321 1126 1597 1196 αινομὲνῳ
1619 1126 2006 1197 προσέχοντος,

424 1217 798 1272 ἁποόάλλεται
831 1217 879 1270 δ’
916 1218 997 1279 είς
1036 1216 1324 1287 ποιμένας,
1376 1216 1470 1270 καὶ
1512 1217 1591 1285 (2)
1642 1215 1849 1269 τούτων
1898 1217 2009 1279 τοῖς

420 1314 484 1364 ἐν
529 1312 645 1372 τοῖς
689 1308 1076 1378 λοχευομένοις
1133 1307 1384 1362 ὄπισθεν.
1435 1308 1545 1360 Καὶ
1607 1310 1634 1361 6
1679 1309 1781 1373 μὲν
1826 1312 2009 1378 πατὴρ

422 1401 639 1471 ὥσπερ.
672 1440 687 1456 .
737 1442 750 1454 .
791 1437 807 1455 .
849 1400 953 1452 ἔθει
978 1401 1244 1463 κάτωθεν,
1274 1402 1303 1452 6
1329 1399 1386 1452 δὲ
1415 1399 1547 1463 Θεὸς
1591 1400 1800 1453 ἀνωθεν
1832 1400 2007 1453 υίοθέ·

419 1502 529 1557 ττι,
582 1491 836 1561 καθάπερ
889 1489 1174 1560 βασιλικὸν
1220 1491 1388 1543 παῖδα
1425 1490 1526 1558 τὴν
1567 1490 1875 1561 βασιλικὴν,
1908 1492 2007 1542 είτ¹

417 1580 519 1637 οὖν
547 1581 916 1652 ποιμαντικὴν
943 1583 1254 1652 ἐπιστήμην
1287 1581 1507 1652 πρῶτον
1548 1586 1606 1634 ἐν
1632 1584 1745 1645 τοῖς
1793 1582 2011 1648 ἀλόγοις

418 1674 726 1745 ἑκμελιτᾷν
780 1677 1220 1743 παρεσκεύασεν,
1272 1676 1669 1744 ἐπαγρυπνεῖν,
1724 1675 2008 1745 πολεμεῖν,

419 1764 757 1820 κινδυνεύειν
785 1766 888 1834 τῆς
916 1765 1175 1834 ποίμνης,
1219 1764 1667 1834 παρατάττεσθαι
1718 1765 1854 1834 πρὸς
1909 1767 2008 1835 θῆ-

1546 485 1647 536 καὶ
1706 483 2004 554 σύμπαντα

2115 499 2251 547 cem,
2284 483 2548 552 patriam,
2614 480 2881 552 majorum
2925 478 3208 552 sepulcra,
3260 480 3408 550 leges
3462 481 3689 550 patrias,

2117 577 2339 644 templa,
2379 581 2637 645 parentes
2672 575 2843 641 ipsos,
2877 583 2931 629 et
2956 588 3176 629 omnem
3199 572 3438 642 denique
3476 581 3690 626 aetatem

2110 667 2348 721 servavit
2387 685 2399 721 :
2437 669 2553 738 ipse
2585 676 2764 723 tamen
2803 669 2856 722 in
2917 666 3004 723 his
3050 666 3187 723 nihil
3255 666 3524 738 gloriatus
3582 675 3690 728 est,

2111 760 2206 815 sed
2240 760 2521 830 singulare
2554 768 2854 823 certamen,
2909 759 3053 829 quod
3106 759 3209 814 sibi
3261 758 3365 813 fuit
3405 773 3529 813 cum
3575 758 3692 827 ipso

2110 852 2351 918 Goliath,
2390 862 2602 907 tantum
2660 852 3062 908 modestissime
3095 852 3360 906 narravit.

2185 944 2574 999 Verumtamen
2608 946 2699 999 hic
2726 953 2914 1000 noster
2966 952 3155 999 tantus
3187 960 3251 1000 ac
3308 944 3435 999 talis
3492 942 3689 1009 David,

2112 1051 2181 1092 ne
2217 1037 2398 1092 omnia
2430 1053 2528 1108 per
2553 1037 2765 1108 singula
2797 1052 3117 1107 persequar,
3152 1037 3447 1109 negligitur
3474 1053 3501 1091 a
3534 1045 3693 1107 patre

2113 1128 2228 1198 (qui
2257 1127 2415 1182 initio
2440 1129 2711 1183 exteriora
2751 1138 2962 1183 tantum
2990 1128 3291 1197 spectabat)
3325 1140 3377 1183 et
3405 1129 3469 1182 ad
3495 1145 3692 1199 greges

2113 1219 2349 1272 mittitur
2412 1226 2467 1273 et
2517 1218 2582 1272 ad
2639 1228 2934 1274 armenta:
2973 1219 3222 1288 quinimo
3277 1219 3472 1274 horum
3522 1220 3687 1274 etiam

2113 1305 2277 1363 fcetas
2311 1324 2441 1362 oves
2479 1307 2836 1377 sequebatur.
2874 1306 2935 1361 Et
2962 1306 3374 1378 pater'quidem
3427 1307 3481 1361 in
3539 1315 3690 1362 terra

2112 1415 2238 1453 cum
2308 1400 2647 1469 abjiciebat,
2725 1399 2867 1455 Deus
2891 1415 3020 1455 vero
3073 1400 3309 1468 desuper
3372 1398 3690 1465 adoptabat.

2111 1480 2349 1561 eumque
2397 1491 2565 1545 veluti
2620 1490 2830 1561 regium
2881 1505 3135 1559 puerum,
3191 1490 3393 1561 regali,
3454 1489 3555 1544 hoc
3609 1499 3693 1543 est

2114 1581 2376 1648 pastorali
2418 1580 2663 1635 scientiae
2691 1580 2928 1649 primum
2979 1595 3197 1645 vacare,
3230 1582 3372 1634 inter
3397 1578 3692 1633 irrationa-

2113 1673 2185 1727 lia
2219 1672 2548 1743 praeparavit
2578 1690 2591 1725 :
2617 1673 2845 1742 vigilare
2875 1672 3101 1740 scilicet,
3141 1679 3355 1727 certare
3382 1687 3480 1742 pro
3505 1684 3689 1741 grege.

2118 1765 2384 1834 periculis
2434 1780 2493 1819 se
2526 1779 2821 1834 opponere.
2854 1766 3191 1819 contendere
3226 1765 3492 1819 adversus
3524 1762 3689 1825 feras,

420 1876 547 1931 ρας,
576 1857 713 1928 πρὸς
750 1856 977 1930 λῃστὰς,
1009 1856 1145 1926 πρὸς
1177 1857 1440 1919 κλέπτας,
1479 1857 1615 1925 πρὸς
1644 1858 1823 1927 λιμὸν,
1870 1858 2008 1926 πρὸς

2115 1858 2381 1918 latrones,
2427 1856 2597 1922 fures,
2625 1855 2850 1919 famem,
2873 1855 3100 1926 frigora,
3139 1855 3412 1909 flammam
3446 1872 3462 1905 -.
3494 1855 3695 1925 praeire.

416 1950 656 2020 κρυμὸν,
681 1949 819 2018 πρὸς
848 1948 1048 2017 φλόγα,
1079 1948 1464 2017 προηγεῖσθαι,
1489 1948 1835 2018 παρακαλεῖν
1868 1946 2005 2017 πρὸς

415 2040 625 2109 νομάς,
678 2040 817 2109 πρὸς
874 2040 1056 2103 σκιὰς,
1105 2040 1185 2101 είς
1242 2040 1484 2109 κρήνας,
1542 2041 1625 2101 είς
1678 2040 2002 2107 ποταμοὺς,

417 2133 499 2202 (3)
528 2128 948 2199 άνακομεῖσθαι,
983 2130 1260 2198 συνάγειν,
1292 2133 1360 2201 τῇ
1384 2130 1681 2202 βακτηρίᾳ,
1730 2132 1797 2201 τῇ
1824 2132 2003 2200 φωνῇ,

414 2226 486 2292 τῇ
521 2222 660 2295 ᾠδῇ,
690 2224 757 2292 τῇ
791 2220 1037 2291 σύριγγι,
1071 2222 1318 2293 τέρπειν,
1355 2222 1567 2288 φοϐεῖν,
1593 2220 1827 2289 διαιτᾷν,
1858 2236 2004 2288 φαρ-

419 2314 706 2385 μακεύειν,
735 2308 812 2367 ὧν
864 2312 1123 2366 ἁπάντων
1168 2311 1357 2374 τέλος,
1397 2311 1475 2381 μὴ
1532 2311 1786 2365 πιότατον
1844 2310 2004 2379 μόνον

414 2407 701 2470 ἀποδείξαι
732 2405 797 2459 τὸ
820 2404 1094 2475 ποίμνιον,
1116 2392 1254 2460 ἀλλᾶ
1289 2404 1385 2458 καὶ
1432 2403 1879 2474 σωφρονέστερον
1908 2403 2004 2455 καὶ

412 2497 927 2552 εὐπαιδευτότατον.
977 2496 1140 2550 Ἀλλὰ
1171 2497 1225 2549 τί
1251 2498 1334 2549 δεῖ
1384 2494 1690 2566 μηκύνεινς
1739 2495 2002 2566 Ἔρχεται

420 2591 545 2659 μετ’
592 2588 776 2657 ὀλίγον
807 2591 837 2643 6
892 2588 1148 2660 χρίστης,
1195 2585 1536 2658 ἐπιξητεῖται
1566 2588 1621 2640 δὲ
1651 2590 1679 2641 6
1712 2587 2005 2657 χρισθῆναι

419 2680 660 2750 μέλλων⁸
700 2679 982 2750 ἐξέρχεται
1014 2679 1071 2732 δὲ
1097 2680 1125 2731 6
1153 2678 1314 2750 x096;
1347 2678 1457 2731 τῶν
1497 2678 1730 2742 παίδων,
1778 2678 1806 2729 6
1834 2676 2005 2739 πολὺς

415 2770 652 2835 ἐκεῖνος,
687 2770 715 2823 6
746 2769 908 2832 καλὸς
941 2769 1032 2822 καὶ
1063 2769 1338 2839 λαμπρὸς,
1373 2769 1676 2823 ἐπιτίθεται
1708 2768 1770 2821 τὸ
1807 2769 2000 2839 κέρας,

419 2862 828 2933 ὑπερτίθεταιὸ
866 2861 1020 2925 8εός³
1070 2861 1461 2931 ἀποδοκιμάζει
1516 2861 1762 2924 τούτους,
1815 2860 2005 2930 ὥσπερ

416 2955 489 3026 δὴ
527 2956 558 3008 6
587 2955 770 3026 πατὴρ
815 2954 910 3008 τὸν
963 2952 1146 3009 Δασίδ.
1212 2954 1609 3023 ’Λναγκάζεται
1657 2955 2006 3023 παραγαγεῖν

419 3044 591 3106 αὐτὸς
618 3045 647 3096 6
671 3042 972 3110 ὲξουθενῶν
1021 3042 1115 3096 τὸν
1155 3042 1624 3110 ὲξουθενούμενον·
1668 3044 2004 3114 παράγεται,

419 3134 640 3206 χρίεται
675 3135 771 3188 καὶ
823 3133 1017 3204 ἄμφω,
1056 3132 1336 3205 βασιλείαν
1380 3135 1477 3187 καὶ
1526 3136 1887 3205 προφητείαν·
1924 3136 2005 3206 τῷ

417 3227 535 3297 γάρ
560 3226 754 3297 κέρατι
785 3225 877 3279 καὶ
917 3226 999 3296 τῷ
1036 3225 1332 3294 πνεύματι.
1372 3225 1629 3294 Σύμϐολα
1689 3227 1786 3280 καὶ
1838 3227 2013 3280 ταῦτα

418 3318 521 3372 τοῦ
546 3319 803 3389 Σωτῆρος
842 3317 1023 3386 Ἰησοῦ
1052 3317 1370 3389 χρισθέντος
1409 3317 1640 3389 ὓστερον
1671 3321 1750 3382 εἰς
1783 3317 2014 3389 βασιλέα

419 3427 487 3465 τε
509 3412 606 3464 καὶ
642 3411 795 3466 Θεόν.
831 3412 897 3464 Τί
923 3411 1055 3478 γοῦν
1078 3411 1139 3464 τὸ
1169 3410 1312 3482 μετὰ
1339 3410 1537 3476 τοῦτο;
1588 3410 1832 3481 Πόλεμος
1859 3410 2017 3464 ἁλλο-

422 3503 616 3574 φύλων
646 3502 938 3571 ἐφίσταται
967 3501 1132 3565 πολὺς
1168 3501 1265 3556 καὶ
1301 3502 1516 3572 ἄμαχος
1564 3501 1661 3554 καὶ
1691 3502 1971 3572 ἀμήχανος
1995 3517 2011 3534 θ

424 3596 526 3649 ἐπὶ
555 3594 717 3666 ξυροῦ
771 3595 830 3647 δὲ
873 3593 954 3664 τῷ
1006 3593 1219 3665 βασιλεῖ
1275 3593 1371 3646 καὶ
1417 3593 1496 3662 τῷ
1547 3591 1692 3646 ἔθνει
1752 3593 1915 3648 παντὶ
1944 3592 2015 3647 τὰ

422 3688 754 3757 πράγματα.
788 3685 1129 3756 Παρίτταται
1161 3684 1220 3737 δὲ
1272 3686 1301 3738 6
1344 3682 1582 3755 ρύστης,
1642 3685 1671 3737 6
1727 3686 2015 3755 προφήτης

421 3779 567 3848 ὁμοῦ
622 3778 721 3832 καὶ
758 3777 1106 3848 στρατιώτης
1161 3775 1260 3829 καὶ
1301 3774 1580 3845 βασιλεύς.
1619 3775 2014 3840 Ἐξουθενεῖται

424 3874 619 3938 πάλιν,
652 3870 1024 3926 άποϐάλλεται
1062 3871 1226 3925 πάλιν
1255 3887 1270 3903 ο
1305 3870 1636 3942 ὑπερϐάλλει
1692 3871 1857 3925 πάλιν
1888 3871 2014 3934 τοὺς

421 3966 717 4034 ἀδελφοὺς,
753 3968 820 4037 τῇ
849 3963 1225 4035 κακροθυμίαο
1259 3963 1353 4017 τὸν
1384 3964 1583 4029 Σαοὺλ,
1615 3966 1681 4034 τῇ
1713 3963 2006 4033 ἀπολογίᾳ·

422 4056 524 4109 τὸν
547 4053 763 4118 Γολιὰθ,
816 4056 884 4125 τῇ
925 4053 1138 4125 ἀνδρία·
1167 4053 1382 4118 πάντας
1415 4052 1554 4124 ἅμα,
1609 4053 1857 4115 καὶτοὺς
1907 4051 2015 4123 πρὸ

425 4145 625 4212 αὐτοῦ,
655 4147 752 4199 καὶ
793 4145 922 4209 τοὺς
946 4145 1068 4213 μετ’
1101 4144 1267 4198 αὐτὸν
1323 4148 1389 4216 τῇ
1449 4145 1720 4215 ὑπερφυεῖ
1761 4161 2015 4215 γιγαντο-

431 4238 628 4310 μαχίᾳ·
656 4236 822 4302 σώζει
852 4237 1060 4300 πάντας
1090 4233 1173 4302 εἷς
1219 4239 1410 4308 φανεὶς
1461 4237 1605 4308 ὑπὲρ
1641 4237 1885 4304 πάντων,
1919 4239 2016 4290 κα)⁸

427 4331 558 4385 ἀντὶ
581 4330 823 4393 πάντων,
850 4330 946 4384 καὶ
970 4329 1112 4400 ὑπὲρ
1161 4331 1392 4391 πάντας.
1444 4326 1578 4383 Εἶτα
1611 4330 1701 4395 τίς
1734 4329 2016 4399 Συμὸασι-

426 4420 1157 4492 λεύιιγσυνεκστρατεύει,
1213 4421 1620 4493 συγκατορθοῖ·
1689 4422 1888 4492 μᾶλλον
1934 4422 2012 4487 δὲ,

2115 1949 2279 2002 etiam
2304 1955 2359 2001 et
2393 1945 2665 2001 advocare
2693 1947 2759 2001 ad
2793 1961 3018 2017 pascua,
3049 1946 3114 2001 ad
3149 1945 3401 2009 umbras,
3452 1945 3521 1999 ad
3565 1942 3690 1998 fon-

2117 2046 2218 2104 tes,
2247 2036 2315 2092 ad
2352 2036 2575 2092 ﬂumina
2611 2054 2625 2092 :
2659 2053 2919 2092 revocare
2962 2038 3115 2101 item,
3146 2044 3201 2092 et
3259 2036 3314 2090 in
3367 2051 3534 2089 unum
3593 2034 3692 2088 ad—

2116 2129 2344 2192 ducere,
2377 2130 2548 2198 virga,
2591 2142 2744 2195 voce,
2797 2139 2967 2182 cantu
3028 2136 3082 2181 et
3146 2126 3348 2191 ﬁstula,
3422 2125 3692 2181 delectare

2113 2221 2276 2275 etiam
2312 2236 2376 2275 ac
2407 2230 2716 2289 perterrere
2755 2239 2769 2275 :
2815 2220 3029 2274 vivendi
3059 2234 3306 2273 normam
3342 2220 3604 2288 praebere,
3633 2227 3689 2271 et

2115 2313 2344 2380 mederi,
2385 2314 2618 2383 quorum
2650 2313 2897 2367 omnium
2926 2314 2972 2367 is
3006 2322 3088 2367 est
3125 2312 3268 2378 linis,
3310 2321 3371 2365 ut
3421 2327 3527 2366 non
3570 2311 3694 2379 pin-

2114 2421 2272 2476 guem
2306 2405 2494 2471 modo,
2524 2406 2619 2460 sed
2651 2412 2711 2460 ut
2759 2403 3260 2459 moderatissimum
3295 2402 3480 2465 etiam,
3511 2411 3563 2456 et
3598 2416 3693 2455 ρος

2112 2496 2537 2567 stigatissimum
2573 2510 2790 2567 gregem
2820 2493 3155 2551 ostenderet.
3192 2493 3300 2550 Sed
3351 2494 3484 2563 quid
3516 2494 3690 2562 pluri-

2113 2590 2216 2644 bus
2243 2604 2381 2659 opus
2413 2588 2538 2644 est?
2568 2587 2726 2644 Venit
2759 2574 2919 2657 paulo
2969 2596 3091 2656 post
3126 2595 3324 2641 unctor
3353 2603 3368 2642 :
3403 2583 3693 2657 ungendus

2113 2682 2472 2752 perquiritur.
2523 2678 2786 2735 Procedit
2839 2681 3098 2750 copiosus
3155 2679 3265 2744 ille,
3326 2677 3577 2748 pulcher,
3636 2689 3693 2731 et

2107 2774 2290 2828 clarus
2330 2772 2563 2827 filiorum
2595 2772 2796 2827 chorus
2831 2789 2844 2826 :
2878 2772 3177 2841 imponitur
3230 2784 3427 2835 cornu,
3496 2784 3693 2838 supero

2114 2867 2340 2939 ponitur
2409 2864 2554 2921 Deus
2620 2884 2633 2919 :
2698 2876 2753 2919 et
2813 2863 3276 2935 quemadmodum
3332 2870 3491 2916 antea
3541 2870 3694 2931 pater

2112 2959 2294 3028 ipsum
2323 2957 2517 3023 David,
2546 2957 2626 3013 sic
2651 2965 2706 3012 et
2742 2955 2883 3011 Deus
2915 2971 3108 3012 omnes
3158 2954 3297 3009 alios
3352 2953 3690 3023 reprobavit.

2113 3050 2338 3121 Cogitur
2361 3059 2518 3121 pater
2541 3051 2634 3119 qui
2662 3050 2995 3119 neglexerat,
3023 3048 3329 3118 neglectum
3366 3062 3395 3101 a
3420 3047 3643 3101 lducere
3675 3065 3691 3100 :

2117 3142 2413 3199 adducitur
2464 3143 2674 3211 itaque,
2738 3148 2793 3196 et
2851 3142 3078 3206 ungitur
3131 3137 3198 3193 ad
3250 3147 3542 3207 utrumque
3577 3153 3591 3190 :
3624 3137 3693 3190 ad

2116 3253 2343 3309 regnum
2379 3237 2660 3299 nimirum,
2701 3244 2758 3289 et
2790 3234 2857 3289 ad
2890 3233 3232 3304 prophetiam
3270 3248 3480 3288 :cornu
3519 3232 3694 3303 siqui-

2112 3329 2259 3392 dem,
2289 3336 2343 3383 et
2370 3328 2589 3397 spiritu.
2629 3326 2829 3397 Figura
2874 3335 3033 3381 erant
3079 3325 3194 3380 haec
3255 3323 3555 3379 Salvatoris
3597 3340 3693 3379 oo-

2113 3420 2213 3475 stri
2235 3418 2367 3474 Jesu
2394 3418 2626 3484 Christi,
2692 3418 2782 3486 qui
2818 3417 2871 3471 in
2924 3430 3107 3487 regem
3156 3414 3444 3486 ungendus
3472 3420 3611 3479 erat,
3641 3423 3695 3469 et

2113 3514 2171 3569 in
2205 3513 2396 3568 Deum.
2448 3511 2589 3578 Quid
2627 3510 2794 3582 igitur
2843 3520 2965 3580 post
3024 3509 3176 3565 haec?
3223 3509 3425 3565 bellum
3482 3507 3693 3562 adesta

2113 3602 2431 3668 Philistaais,
2464 3604 2696 3668 bellum,
2728 3603 2980 3673 inquam,
3015 3602 3225 3673 grande
3254 3622 3266 3656 :
3311 3601 3563 3670 quinimo
3593 3599 3694 3653 im-

2114 3711 2365 3753 mensum
2395 3703 2450 3752 et
2493 3695 2884 3766 insuperabile.
2921 3694 3119 3748 Omnia
3154 3701 3263 3748 tam
3326 3693 3490 3763 regis,
3524 3706 3695 3762 quam

2115 3786 2393 3842 universa:
2422 3785 2602 3857 gentis
2643 3785 2857 3858 negotia
2904 3785 2959 3839 in
3009 3799 3227 3841 summo
3275 3795 3437 3840 erant
3488 3784 3695 3839 discri-

2115 3880 2263 3935 mine
2313 3897 2327 3933 :
2388 3879 2509 3947 ipse
2573 3889 2757 3934 autem
2798 3877 3060 3934 liberator
3125 3879 3347 3933 advenit
3401 3868 3693 3949 propheta,

2119 3970 2301 4035 miles,
2363 3971 2574 4040 pariter
2628 3978 2683 4025 et
2740 3984 2859 4025 rex.
2916 3966 3222 4040 Negligitur
3276 3985 3468 4025 rursus
3531 3979 3695 4038 atque

2117 4062 2375 4134 abjicitur
2411 4078 2425 4114 :
2465 4071 2519 4116 et
2570 4076 2766 4116 rursus
2813 4060 2956 4129 ipse,
3002 4061 3268 4130 patientia
3323 4075 3423 4116 sua
3475 4062 3693 4119 fratres.

2117 4165 2386 4221 responso
2418 4147 2575 4213 Saul,
2604 4149 2929 4205 fortitudine
2956 4147 3197 4212 Goliath,
3227 4156 3282 4203 et
3315 4162 3509 4203 omnes
3544 4149 3695 4203 insu-

2117 4258 2235 4312 per,
2269 4242 2360 4312 qui
2414 4250 2546 4296 tunc
2584 4240 2868 4311 temporis,
2925 4247 2981 4293 et
3030 4247 3191 4293 antea
3242 4253 3307 4293 ac
3349 4240 3695 4308 postmodum

2119 4335 2366 4398 fuerunt,
2404 4333 2673 4388 immensa
2714 4335 2816 4385 hac
2857 4332 3109 4402 gigantea
3147 4347 3326 4402 pugna
3361 4332 3643 4402 superavit
3679 4345 3695 4357 ·

2119 4440 2375 4496 unusque
2436 4440 2537 4495 pro
2591 4423 2875 4487 omnibus,
2929 4432 3121 4477 contra
3184 4436 3400 4486 omnes,
3458 4424 3695 4478 servavit

433 4513 699 4585 κατορθοῖ
726 4514 798 4567 τὰ
818 4514 1079 4568 λείποντα
1098 4531 1113 4546 ·
1144 4517 1275 4585 νικᾷ
1302 4517 1426 4578 τοὺς
1463 4514 1559 4584 μὲν
1588 4514 1694 4580 ἔξω
1722 4514 2010 4593 πολεμίους

2120 4534 2333 4575 omnes.
2368 4519 2475 4573 Sed
2503 4516 2637 4586 quid
2670 4516 2934 4586 deinceps
2965 4517 2990 4569 ?
3046 4514 3222 4569 Simul
3270 4522 3479 4584 regnat,
3534 4514 3696 4569 simul

428 4607 548 4669 τοῖς
580 4605 788 4669 ὅπλοιςσ
820 4605 914 4658 τὸν
956 4605 1107 4659 ἔνδον
1157 4606 1238 4669 δὲ,
1289 4605 1350 4658 τὸ
1404 4606 1621 4672 πνεῦμα
1667 4606 1870 4677 δηλαδὴ
1914 4605 2011 4659 τοῦ

433 4697 635 4761 Σαοὺλ,
666 4699 734 4768 τῇ
769 4697 1009 4770 μελῳδίᾳ
1031 4714 1090 4751 τε
1116 4697 1309 4766 καὶτῷ
1332 4696 1622 4768 πνεύματι·
1653 4697 2014 4767 στεφανοῦται

432 4790 535 4845 καὶ
561 4789 888 4860 εύερημεῖται
923 4790 1075 4862 παρὰ
1126 4792 1372 4856 πάντων,
1424 4790 1519 4844 καὶ⁵
1568 4789 1710 4861 ὑπὲρ
1761 4789 2009 4854 πάνταςο

433 4881 550 4952 ᾠδὴ
580 4883 791 4949 γίνεται
815 4882 911 4936 καὶ
936 4885 1058 4945 ταῖς
1082 4881 1349 4950 γυναιξίνο
1392 4879 1688 4946 Ἑπάταξε
1712 4881 1911 4936 Σαοὺλ
1942 4882 2013 4936 ἐν

434 4972 691 5042 χιλιάσι,
725 4972 824 5027 καί
848 4973 1027 5027 dae-’18
1058 4975 1129 5027 ἐν
1162 4973 1433 5044 μυριάσι.
1489 4975 1771 5028 Φθονεῖται
1827 4973 2011 5038 πάλιν,

434 5061 714 5126 διώκεται,
747 5063 964 5132 φεύγει,
991 5063 1320 5133 κρύπτεται,
1355 5062 1676 5128 κυκλοῦται,
1706 5063 1900 5118 κυκλοῖ
1929 5063 2023 5115 τὸν

434 5151 822 5217 κυκλώσαντα,
857 5157 953 5208 καί
1007 5156 1105 5225 οὐχ
1136 5156 1378 5226 ἁρπάζει
1404 5155 1497 5210 τὸν
1542 5157 1755 5227 καιρὸν,
1789 5157 1852 5209 οὐ
1883 5155 2027 5224 λαμ-

431 5247 593 5301 ϐάνει
624 5247 722 5301 τοῦ
757 5246 999 5317 πολέμου
1037 5247 1218 5316 λύσιν,
1250 5249 1352 5303 οὐκ
1380 5250 1653 5319 ἀμύνεται
1676 5251 1767 5303 τὸν
1790 5249 1985 5320 ἐχθρὸν
2004 5288 2020 5316 ,

431 5337 639 5409 ἀμύνει
679 5339 874 5409 τούτῳ,
927 5338 1168 5409 φεύγων,
1202 5343 1293 5395 οὑ’
1327 5342 1402 5412 μή
1454 5360 1508 5396 τι
1566 5341 1728 5397 πάθοι
1778 5341 1975 5414 μᾶλλον
2004 5383 2018 5409 ,

531 5480 603 5535 'l
643 5482 776 5553 lleg.
816 5496 970 5547 xvtn,
1005 5482 1058 5536 Ἰ.

2119 4612 2423 4668 exercitum
2452 4610 2628 4674 ducit,
2653 4609 2819 4665 simul
2849 4609 3035 4677 dirigit
3082 4619 3247 4678 atque
3300 4608 3650 4663 administrat
3678 4625 3696 4670 ;

2123 4707 2234 4761 imo
2269 4718 2403 4758 vero
2434 4718 2555 4774 quae
2583 4701 2795 4772 reliqua
2834 4711 2985 4764 sunt,
3019 4700 3135 4770 ipse
3184 4716 3329 4757 unus
3359 4704 3697 4763 moderatur,

2121 4805 2177 4852 et
2212 4804 2432 4851 exteros
2460 4792 2680 4864 quidem
2715 4792 2988 4858 inimicos,
3029 4792 3218 4858 armis,
3255 4808 3386 4849 suos
3412 4806 3560 4856 vero,
3595 4792 3699 4847 hoc

2122 4895 2208 4943 est
2243 4888 2419 4957 ipsius
2454 4883 2588 4940 Saul
2626 4883 2898 4953 malignos
2930 4885 3181 4954 spiritus,
3233 4885 3467 4940 melodia
3508 4887 3698 4946 simul,
3761 4894 3767 4900 '

2122 4992 2188 5032 ac
2218 4976 2444 5047 spiritu,
2482 4982 2729 5044 superat.
2775 4972 3092 5029 Coronatur
3121 4974 3304 5045 itaque
3350 4983 3405 5028 et
3447 4975 3698 5029 laudatur

2125 5069 2194 5124 ab
2215 5069 2497 5131 omnibus,
2547 5075 2601 5121 et
2631 5079 2796 5134 supra
2830 5079 3045 5127 omnes,
3095 5063 3149 5118 in
3200 5073 3534 5133 cautumque
3566 5064 3698 5134 ipsis

2123 5161 2288 5215 etiam
2309 5158 2537 5215 effectus
2560 5171 2645 5214 est
2670 5158 2994 5213 mulieribus
3025 5174 3039 5212 :
3069 5156 3336 5211 Percussit
3368 5154 3500 5209 Sani
3530 5155 3696 5215 mille.

2122 5262 2171 5306 et
2224 5250 2395 5306 David
2425 5250 2599 5307 decem
2624 5248 2794 5303 millia
2828 5249 2870 5304 ‘.
2906 5248 3192 5303 invidetur
3232 5260 3447 5308 rursus,
3509 5259 3695 5314 perseo

2123 5343 2399 5399 cntionem
2443 5344 2672 5414 patitur,
2709 5340 2867 5412 fugit,
2926 5338 3264 5402 occultatur,
3295 5334 3695 5401 circumdatur,

1776 5608 1977 5673 Variae
2012 5611 2343 5679 lectiones.

508 5742 585 5815 (2)
620 5742 771 5799 Adde
798 5742 1053 5815 πρόὸατα
1078 5741 1287 5815 autaut
1322 5747 1377 5797 et
1407 5753 1606 5797 sensus
1651 5737 1918 5811 postulat,
1970 5745 2010 5793 et

2115 5742 2293 5798 atinus
2322 5742 2450 5812 legit
2484 5741 2777 5814 interpres.

508 5810 586 5886 (5)
611 5817 814 5882 Ἴσως,
846 5810 1304 5884 ἆνακομίςεσθαι.
