4146 6424
465 324 536 389 (7
1693 325 2082 388 EUTHYMII
2115 330 2491 391 ZIGABEN’I
3659 334 3731 396 48

461 458 514 502 et
549 448 665 519 ipsc
697 443 1131 499 circumdantcm
1171 443 1499 506 circumdat,
1539 458 1637 499 nec
1672 454 1851 499 tamen
1877 462 2037 502 occa-

2144 449 2279 503 ἀλλά
2315 452 2391 520 μή
2441 468 2493 502 τι
2535 450 2722 521 δράσοι
2749 450 3087 523 φοϐούμενος
3123 451 3231 507 τῶν
3261 443 3448 523 ὧνπερ
3479 453 3731 523 ἐφοϐεῖτο

463 542 676 595 sionem
713 537 929 606 arripit,
964 551 1063 591 nec
1096 536 1225 591 belli
1276 535 1610 590 solutionem
1647 535 1901 601 attendit,
1932 554 2040 592 non

467 631 756 687 ulciscitur
820 630 1106 684 inimicum
1142 647 1155 683 :
1190 628 1442 698 quiuimo
1500 628 1655 682 illum
1697 629 1920 698 adjuvat
1953 629 2041 685 fu-

461 730 618 800 giens
644 743 708 783 ac
743 727 961 789 timens,
1011 740 1120 782 non
1162 732 1221 777 ut
1247 724 1364 791 ipse
1397 722 1541 778 male
1571 721 1855 792 quidpiam
1886 734 2042 792 pate-

468 829 643 884 retur,
709 818 805 874 sed
852 817 1054 887 potius,
1112 832 1181 870 nc
1232 816 1500 872 adversus
1559 816 1777 871 Sanlcm
1835 815 2040 886 aliquid

460 926 651 966 eorum
681 910 905 971 faceret,
938 922 1058 977 quae
1084 906 1187 962 sibi
1214 907 1281 961 ab
1312 907 1406 961 illo
1434 907 1867 964 intentabantur.
1894 908 2040 961 Adeo

460 1003 607 1057 enim
649 999 927 1056 contraria
955 998 1073 1052 haec
1105 1012 1211 1052 una
1251 997 1602 1067 temperavit,
1655 996 2041 1051 mansuetudio

465 1109 588 1149 nem
641 1092 860 1147 scilicet
890 1100 943 1146 et
985 1089 1391 1155 fortitudinem,
1436 1097 1495 1142 ut
1546 1088 1813 1143 fortitudo
1868 1089 1922 1143 in
1974 1102 2040 1143 eo

461 1185 642 1256 major
679 1199 843 1255 quam
877 1185 930 1237 in
962 1183 1177 1238 caeteris
1205 1199 1219 1235 :
1250 1189 1302 1236 et
1331 1180 1693 1236 mansuetudo
1715 1181 1830 1248 ipsa
1862 1181 2029 1235 etiam

464 1278 790 1334 fortitudine
837 1277 1017 1346 major
1060 1276 1495 1345 conspiceretur.
1540 1272 1681 1339 Quid
1719 1273 1878 1327 tum?
1935 1271 2038 1326 Re-

462 1379 594 1441 qnat
623 1385 637 1423 :
668 1367 986 1439 prophetias
1011 1366 1257 1436 praedicit
1284 1382 1297 1419 :
1330 1364 1537 1419 fatetur
1562 1374 1727 1435 atque
1749 1371 2042 1418 attestatur

462 1461 661 1527 Deum,
697 1468 752 1515 et
788 1454 1167 1514 testimonium
1199 1456 1277 1511 illi
1316 1454 1642 1526 perhibetur
1669 1471 1697 1508 a
1740 1454 1876 1516 Deo,
1911 1469 2040 1524 pro-

462 1553 811 1620 mittiturque
861 1550 953 1614 ei,
1004 1550 1151 1620 quod
1192 1557 1450 1602 arteruam
1509 1547 1692 1602 sedem
1752 1547 2037 1601 habiturus

462 1649 557 1705 sit,
625 1652 680 1699 et
730 1643 1054 1699 hmrcditate
1113 1650 1285 1696 totum
1340 1640 1526 1695 orbem
1592 1647 2033 1694 consecuturus:

460 1740 715 1807 ipsasque
744 1735 953 1802 stellas,
981 1732 1336 1788 multitudine
1362 1747 1427 1786 ac
1459 1730 1875 1801 pulchritudine
1902 1729 2038 1783 filio-

2150 540 2362 594 παθεῖν.
2401 541 2668 595 Τοσοῦτον
2714 543 2948 614 ἐκέρασε
3003 546 3287 612 τάναντία,
3324 545 3609 614 πραότητα
3637 549 3728 599 καὶ

2146 630 2244 701 τὴν
2269 632 2516 702 ἀνδρίαν,
2550 631 2627 695 ὡς
2668 629 2810 687 εἶναι
2855 634 2954 705 τὴν
2986 635 3087 706 μὲν
3130 636 3355 707 ἀνδρίαν
3384 636 3554 690 αὐτοῦ
3612 637 3723 704 μείο

2146 721 2274 786 ζονα
2300 723 2408 775 τῶν
2443 724 2500 776 ὲν
2547 722 2728 786 ἄλλοις
2748 740 2762 753 ·
2792 725 2965 792 αὐτῆς
3010 726 3067 778 δέ
3092 742 3153 793 γε
3182 726 3390 794 ταύτης
3434 722 3589 789 αὖθις
3630 725 3731 797 τὴν

2143 812 2472 868 ἐπιείκειαν.
2496 814 2562 866 Τί
2585 813 2695 881 Eu;
2733 813 3041 881 Βασιλεύει,
3067 817 3429 889 προφητεύει,
3456 817 3731 889 μαρτυρεῖ

2143 905 2298 971 Θεὸν,
2351 908 2713 978 μαρτυρεῖται
2760 907 2912 978 παρὰ
2953 907 3112 974 Θεοῦ,
3163 906 3601 979 διαμαρτύρεται
3633 907 3726 961 τὸν

2143 997 2334 1069 θρόνον
2393 1000 2612 1052 αἰώνιον
2659 998 2826 1065 ἕξειν,
2860 999 2953 1052 τὸν
3008 1000 3216 1070 κόσμον
3262 1000 3725 1071 κληρονομήσειν,

2141 1090 2268 1152 τοὺς
2297 1091 2537 1161 ἀστέρας
2572 1090 3016 1161 ὑπερϐάλλεσθαι
3042 1092 3119 1161 τῷ
3151 1093 3348 1164 πλήθει
3372 1093 3470 1148 καὶ
3492 1094 3572 1166 τῷ
3599 1095 3730 1150 κάλ’

2141 1181 2224 1235 iter
2251 1180 2360 1235 τῶν
2397 1183 2626 1236 παίδων.
2662 1181 2819 1249 Εἶτα,
2858 1184 3025 1254 βαϐαὶ
3057 1187 3156 1255 τῆς
3183 1188 3510 1257 συμφορᾶςί
3562 1188 3727 1258 βαϐαὶ

2143 1274 2241 1344 τῆς
2274 1273 2625 1344 μεταϐολῆςί
2679 1277 2708 1329 6
2757 1276 3037 1344 ἐκλεκτὸς,
3075 1277 3231 1346 ἄφνω
3274 1279 3484 1348 μοιχός·
3516 1281 3546 1332 6
3590 1294 3727 1348 προ-

2141 1363 2346 1434 φήτης,
2380 1363 2621 1435 ἔκφρωνε
2656 1366 2684 1419 6
2706 1364 3060 1438 θεοφόρητος,
3090 1369 3361 1439 ἐκμανὴς
3388 1369 3418 1421 6
3445 1367 3725 1436 ἀληθινὸς,

2140 1456 2379 1527 δολερὸςυ
2432 1459 2460 1510 6
2502 1456 2729 1529 ποιμὴν,
2782 1457 3007 1530 λῃστής·
3050 1460 3080 1512 ό
3132 1458 3335 1530 σωτὴρ,
3375 1459 3724 1530 ἀνδροφόνος.

2152 1548 2439 1601 Ἐντεῦθεν
2465 1549 2498 1618 ἠ
2533 1549 2806 1620 μεταϐολή
2836 1553 2951 1604 ἐστι
2979 1550 3078 1620 τῆς
3101 1552 3347 1621 γνώμης,
3384 1551 3478 1604 καὶ
3507 1555 3575 1603 τὰ
3606 1548 3726 1603 τολ-
3824 1577 3829 1585 ·

2142 1639 2374 1709 μήματα
2396 1656 2408 1670 ο
2441 1641 2652 1694 ἐκεῖθεν
2688 1642 2722 1711 ἡ
2771 1641 2944 1713 ὲποχὴ
2989 1642 3097 1695 τῶν
3152 1643 3516 1713 κρουμάτων,
3554 1640 3650 1693 καὶ
3689 1642 3723 1709 ἡ

2139 1747 2232 1786 του
2269 1732 2584 1802 πνεύματος
2642 1733 2898 1805 συστολὴν
2940 1732 3191 1787 ἐντεῦθεν
3243 1734 3276 1803 ἡ
3328 1729 3599 1802 unum;
3627 1731 3722 1784 τοῦ

460 1844 583 1883 rum
617 1837 1003 1899 superaturus.
1059 1824 1266 1880 Deinde
1298 1824 1356 1894 (0
1386 1824 1772 1889 calamitatem,
1811 1837 1844 1876 ο
1891 1822 2037 1876 cclc-

2144 1823 2287 1894 βίου,
2319 1826 2411 1879 καὶ
2442 1826 2475 1892 ἠ
2514 1825 2622 1878 τῶν
2655 1825 2839 1878 κακῶν
2878 1825 3147 1878 θάλασσα·
3178 1823 3431 1877 ἐντεῦθεν
3458 1823 3519 1876 ού
3560 1822 3724 1892 μόνον

448 1936 575 1978 rem
610 1919 1053 1989 mutationem!)
1089 1918 1182 1988 qui
1215 1925 1375 1971 antea
1397 1917 1604 1971 electus
1632 1923 1771 1981 erat,
1812 1922 2033 1984 repente

445 2012 699 2069 edicitur
742 2012 963 2066 adulter
994 2028 1007 2064 :
1041 2009 1136 2080 qui
1192 2008 1483 2080 prOpheta,
1520 2022 1711 2062 amcns
1744 2024 1758 2059 :
1787 2007 1877 2075 qui
1927 2005 2034 2059 Deo

464 2103 682 2161 afﬂatus
731 2111 871 2168 erat,
931 2103 1160 2158 insanus
1193 2116 1206 2153 :
1241 2099 1335 2170 qui
1390 2114 1581 2161 verax,
1646 2097 1869 2151 dolosus
1898 2112 1912 2149 :
1942 2097 2032 2165 qui

458 2211 667 2268 pastor,
713 2198 855 2251 latro
892 2214 905 2250 :
946 2197 1038 2265 qui
1092 2201 1365 2258 servator,
1397 2190 1692 2246 homicida.
1730 2185 1877 2245 Hinc
1903 2203 2036 2244 con-

456 2291 565 2347 silii
597 2290 825 2344 mutatio
850 2296 904 2341 et
932 2295 1044 2341 tam
1078 2284 1316 2357 grandes
1349 2298 1519 2339 ausus
1555 2301 1570 2338 :
1608 2282 1761 2337 illinc
1793 2281 2032 2337 musices

443 2381 719 2444 cessatio,
750 2387 806 2433 et
838 2377 1151 2432 contractio
1209 2376 1449 2447 spiritus
1485 2391 1501 2428 :
1534 2374 1663 2430 hinc
1688 2383 1740 2429 et
1777 2375 1900 2429 vine
1932 2375 2036 2427 im-

369 2470 373 2474 ’
448 2473 714 2550 mutatio,
748 2479 804 2526 et
832 2468 1198 2539 plurimorum
1237 2467 1504 2520 malorum
1544 2480 1694 2520 mare
1728 2482 1741 2518 :
1783 2465 1912 2520 hinc
1939 2465 2033 2534 qui

456 2563 692 2619 nurnine
725 2570 845 2616 erat
880 2560 1205 2623 instinctus,
1237 2574 1343 2613 non
1370 2558 1534 2612 modo
1570 2558 1820 2627 privatur
1860 2556 2033 2626 inspi-

459 2654 675 2708 ratione
701 2652 792 2706 illa
844 2664 1085 2721 superna
1126 2664 1139 2700 :
1174 2648 1271 2705 sed
1305 2658 1359 2703 et
1390 2648 1485 2719 qui
1518 2660 1676 2718 pater
1707 2657 1843 2715 erat,
1875 2648 2035 2702 orba-

454 2755 549 2798 tur
575 2743 787 2798 liberis.
849 2741 915 2795 Et
966 2739 1230 2804 filiorum,
1289 2738 1382 2793 alii
1435 2738 1655 2808 quidem
1710 2737 1930 2793 scelesti
1976 2746 2035 2792 et

448 2850 713 2891 sororum
748 2842 1104 2904 corruptores
1143 2850 1156 2887 :
1193 2832 1285 2886 alii
1323 2833 1406 2888 his
1437 2833 1602 2886 etiam
1658 2830 2031 2891 molestiores,

457 2927 753 2982 fratricida:
798 2926 1010 2982 scilicet
1049 2940 1114 2980 ac
1146 2925 1437 2996 parricida:
1480 2926 1615 2980 tiuut
1644 2944 1662 2980 :
1698 2936 1752 2981 et
1795 2927 1889 2994 qui
1938 2940 2030 2979 rex

458 3027 603 3085 erat,
637 3020 987 3075 errabundus
1029 3017 1087 3071 fit
1114 3033 1129 3070 :
1161 3017 1253 3085 qui
1290 3026 1568 3085 pugnator
1595 3017 1858 3088 Optimus,
1892 3016 2033 3085 fugi-

443 3113 604 3167 stivus
630 3129 649 3166 ς
674 3111 769 3182 qui
796 3121 1005 3182 pastor,
1030 3111 1397 3177 montivagus.
1427 3108 1870 3177 Omnisdenique
1902 3123 2037 3176 pra:-

2141 1918 2169 1970 6
2198 1916 2408 1979 ἔνθους,
2440 1917 2668 1981 ἄπνους,
2721 1918 2822 1987 τὴν
2867 1916 3077 1971 ἄνωθεν
3106 1916 3251 1984 λέγω
3288 1914 3534 1979 πνεῦσιν,
3589 1914 3726 1968 ἀλλὰ

2142 2009 2240 2061 καὶ
2268 2009 2296 2059 ὁ
2328 2008 2534 2077 πατὴρ,
2581 2009 2772 2071 ἄπαις,
2827 2009 2921 2062 καὶ
2951 2009 3000 2061 οί
3042 2007 3255 2073 παῖδες,
3285 2008 3334 2060 οἱ
3383 2008 3488 2077 μὲν
3536 2008 3726 2077 μιαροὶ

2141 2097 2237 2151 καὶ
2266 2098 2683 2167 ἀδελφοφθόροι·
2710 2101 2757 2152 οί
2780 2099 2862 2162 δὲ,
2885 2100 2979 2151 καὶ
3010 2097 3345 2169 μιαρώτεροι
3368 2098 3597 2163 τούτων,
3629 2098 3726 2151 καὶ

2142 2186 2548 2259 ἀδελφοκτόνοι,
2577 2190 2675 2243 καὶ
2699 2189 3048 2260 πατραλοίαιο
3081 2189 3179 2243 καὶ
3204 2190 3481 2260 βασιλεὺς,
3509 2190 3725 2259 πλανή-

2138 2298 2239 2352 της
2262 2298 2277 2313 ’
2312 2281 2461 2335 καὶὸ
2491 2282 2769 2353 ἀριστεὺς,
2808 2280 3007 2349 φυγάς
3045 2281 3141 2334 καὶ
3188 2283 3217 2334 6
3264 2282 3493 2353 ποιμὴν,
3541 2283 3727 2353 69nd-

2138 2374 2328 2437 λωτος⁶
2368 2374 2466 2427 καὶ
2490 2375 2597 2437 πᾶς
2624 2375 2654 2427 6
2674 2374 2932 2445 λαμπρὸς
2961 2368 3110 2437 οἶκος
3143 2376 3353 2437 ἐκεῖνος
3386 2374 3481 2427 καὶ
3512 2374 3725 2445 θρόνος,

2138 2466 2220 2527 είς
2263 2465 2367 2536 γῆν
2404 2466 2875 2536 κατερραγμένος.
2926 2464 3207 2518 Ἐντεῦθεν
3257 2469 3286 2519 6
3337 2464 3496 2535 λιμὸς
3543 2466 3640 2519 καὶ
3690 2469 3723 2534 ἡ

2140 2557 2295 2626 τῆξις
2326 2558 2422 2610 καὶ
2462 2558 2493 2610 ὁ
2528 2556 2701 2620 δεινὸς
2738 2556 3051 2627 μετάμελος
3082 2576 3188 2612 των
3220 2558 3601 2629 πραχθέντων
3633 2558 3725 2610 sv-

2138 2649 2330 2702 τεῦθεν
2357 2651 2390 2719 ἠ
2419 2648 2581 2720 καινὴ
2632 2649 2725 2702 καὶ
2768 2650 2972 2721 τριπλῆ
3018 2653 3117 2705 καὶ
3146 2649 3496 2721 καθημερινὴ
3523 2648 3684 2702 θυσία
3704 2661 3719 2676 ⁸

2139 2743 2249 2795 τῶν
2281 2742 2381 2813 μὲν
2441 2741 2738 2812 ὀφθαλμῶν
2790 2745 2839 2796 οί
2873 2742 3176 2813 νυκτερινοὶ
3213 2742 3432 2809 κρουνοὶ
3474 2742 3568 2794 καὶ
3596 2739 3724 2793 λου-

2140 2833 2330 2903 τῆρες·
2362 2833 2463 2901 τῆς
2484 2832 2540 2885 δὲ
2572 2832 2803 2903 καρδίας
2824 2834 2860 2903 ἡ
2895 2833 3159 2904 συντριὸὴ
3195 2837 3292 2887 καὶ
3324 2831 3719 2899 οί.στεναγμοίο

2139 2926 2239 2993 τῆς
2271 2922 2330 2975 δὲ
2357 2920 2611 2992 γλώσσης
2636 2924 2668 2992 ἡ
2696 2923 2953 2993 διηνεκὲς
2981 2923 3117 2992 εὐχὴ
3163 2926 3256 2977 καὶ
3291 2924 3685 2994 ἐξομολόγησις
3703 2938 3720 2953 ·

2141 3014 2330 3066 ἐκεῖνα
2358 3015 2425 3066 τὰ
2448 3013 2762 3085 τραύματα,
2788 3014 2961 3067 ταῦτα
2994 3014 3064 3067 τὰ
3110 3014 3405 3085 φάρμακα,
3434 3013 3468 3083 ἦ
3500 3014 3553 3066 oi
3582 3029 3723 3068 και.)⁴

2139 3106 2331 3175 τῆρες,
2358 3105 2390 3157 ἢ
2424 3106 2481 3157 al.
2506 3104 2696 3175 τομαί.

418 3196 603 3256 ὀΙπε
631 3200 723 3254 illa
762 3199 981 3261 domus,
1015 3213 1077 3252 ac
1108 3196 1290 3260 sedes.
1334 3197 1387 3251 in
1442 3206 1643 3251 terram
1699 3198 2013 3251 collabitur.
2052 3190 2190 3248 lline
2240 3196 2405 3249 etiam
2465 3201 2519 3248 et
2551 3192 2747 3258 farues,
2779 3195 3184 3263 ettabefactio,
3250 3202 3304 3250 et
3357 3195 3542 3266 gravis
3593 3210 3721 3265 pec-

440 3294 1058 3364 ‘catoruut'penitentia
1097 3311 1112 3349 :
1152 3293 1281 3347 hinc
1345 3292 1543 3362 triplex
1594 3292 1752 3360 illud,
1825 3300 1878 3344 et
1931 3302 2252 3361 perpetuum
2327 3290 2719 3344 sacriﬁcium:

2802 3291 3091 3345 oculorum
3157 3291 3405 3347 videlicet
3465 3293 3719 3347 nocturni

444 3392 639 3445 -tluxus
693 3400 760 3441 ac
816 3387 1056 3443 latices:
1093 3388 1276 3442 cordis
1327 3388 1590 3442 contritio
1639 3395 1695 3442 et
1751 3388 2026 3457 gemitus:
2074 3386 2381 3453 linguaeque
2427 3384 2665 3438 assidua:
2725 3400 2934 3455 preces,
2964 3393 3020 3441 et
3067 3395 3330 3442 constans
3387 3385 3718 3446 confessio:

445 3486 553 3541 .ilta
584 3478 804 3548 quidem
836 3479 1086 3545 vulnera,
1134 3479 1240 3533 ista
1271 3487 1454 3534 autem
1485 3480 1871 3542 medicamina,
1903 3477 2241 3541 adustiones,
2276 3476 2598 3532 inrisiones.

528 3576 635 3631 Sed
666 3591 749 3630 me
784 3575 988 3627 interea
1023 3572 1138 3625 hac
1169 3580 1507 3635 narrantem,
1541 3586 1677 3640 pene
1711 3570 1856 3640 quod
1891 3570 2039 3624 iuce-
2065 3575 2106 3631 C

447 3682 670 3739 (peram,
696 3666 857 3735 fugit,
895 3664 1169 3718 orationis
1199 3662 1572 3733 propositum,
1598 3663 1727 3717 dum
1761 3661 2033 3730 pluribus,

460 3776 583 3829 quae
621 3774 747 3814 sese
776 3756 1036 3821 otferunt,
1069 3769 1289 3825 semper
1335 3754 1612 3811 detineor.
1650 3756 1809 3808 Astat
1846 3767 2037 3808 rursus

457 3858 587 3920 post
619 3858 927 3919 peccatum,
956 3846 1222 3916 propheta
1252 3842 1555 3914 prephctrc,
1589 3844 1759 3897 veluti
1790 3842 2038 3897 medicus

458 3943 674 3996 medico
712 3940 996 4010 :rgrotanti
1026 3953 1090 3993 ac
1115 3938 1387 3993 dubitanti
1426 3955 1439 3990 :
1490 3945 1545 3991 et
1575 3935 2033 4006 quemadmodum

459 4045 617 4088 antea
661 4040 857 4087 unctor
884 4031 1160 4096 astiterat,
1208 4030 1286 4084 ita
1311 4039 1370 4083 et
1420 4044 1567 4082 nunc
1595 4044 1702 4082 non
1735 4027 1898 4083 modo
1954 4025 2037 4081 di-

448 4129 745 4199 gnitatem,
781 4124 876 4182 scd
907 4125 1162 4196 spiritum
1195 4124 1363 4179 etiam
1397 4123 1709 4187 ablaturus,
1744 4123 1790 4177 si
1841 4122 1895 4175 in
1932 4121 2035 4174 ali-

452 4236 573 4291 quo
626 4202 981 4289 deliquisset;
1030 4215 1179 4286 quod
1242 4215 1310 4270 ad
1366 4215 1643 4285 propriam
1690 4213 2035 4270 sanationem

453 4312 764 4385 pertineret
798 4331 811 4365 :
848 4311 892 4366 si
929 4309 1127 4365 vulnus
1173 4309 1429 4372 celasset,
1470 4309 1520 4361 si
1578 4305 1904 4376 reprehendi
1939 4319 2037 4358 ne-

456 4403 744 4472 glexisset.
773 4401 1004 4454 Astabat
1038 4399 1264 4469 pariter,
1287 4398 1539 4452 vindicta:
1569 4396 1737 4465 hujus
1761 4395 2035 4459 minister,

463 4495 604 4549 sicut
632 4500 791 4546 antea
822 4502 1014 4549 custos
1048 4501 1102 4544 et
1128 4489 1348 4558 adjutor
1384 4488 1622 4552 validus,
1668 4487 1747 4540 ita
1794 4495 1849 4542 et
1892 4502 2038 4541 nunc

462 4587 663 4640 vindex
696 4583 961 4639 terribilis
992 4582 1243 4651 angelus,
1276 4591 1496 4636 exserto
1537 4578 1723 4650 gladio
1752 4597 1764 4633 :
1792 4587 1844 4633 et
1869 4580 2036 4633 ictum

464 4673 672 4729 inferre
704 4672 1107 4742 paratissimus,
1135 4669 1239 4725 nisi
1273 4670 1364 4723 ille
1389 4676 1581 4723 contra
1614 4683 1676 4723 se
1715 4665 2033 4737 suffragium

465 4765 707 4829 tulisset,
749 4777 815 4817 ac
871 4762 1094 4833 propria
1146 4761 1421 4815 sententia
1485 4759 1727 4814 divinam
1781 4758 2038 4814 solvisset

462 4859 816 4913 sententiam.
850 4856 915 4909 Et
944 4855 1069 4909 hinc
1093 4852 1315 4923 quidem
1345 4852 1575 4907 aderant
1610 4868 1624 4905 :
1652 4850 1741 4906 ille
1768 4851 1956 4921 iudicii
1984 4860 2039 4905 et

2224 3568 2367 3620 Ἀλλ’
2398 3571 2425 3621 ὀ
2465 3568 2566 3638 μὲν
2598 3569 2692 3623 καὶ
2738 3569 2944 3639 μεταξὺ
2991 3571 3335 3642 παρέδραμε,
3370 3572 3467 3625 καὶ
3492 3573 3522 3625 6
3561 3570 3721 3640 λόγος

2140 3662 2480 3731 παρήνεγκε,
2514 3660 2624 3714 τῶν
2661 3660 2803 3715 κατά
2827 3662 2998 3725 πόδας
3021 3663 3118 3718 ἀεὶ.
3139 3663 3421 3733 ἐχόμενος.
3464 3664 3720 3733 Ἑφίστα-

2137 3768 2229 3804 ται
2261 3752 2400 3820 μετά
2428 3752 2528 3821 τὴν
2562 3751 2771 3805 πτῶσιν
2804 3751 2968 3807 πάλιν
2997 3753 3076 3823 τῷ
3117 3754 3376 3827 προφήτῃ
3409 3758 3716 3827 προφήτης,

2138 3842 2393 3913 καθάπερ
2426 3842 2613 3912 ἰατρὸς
2637 3841 2809 3913 ἰατρῷ
2836 3842 3081 3895 νοσοῦντι
3117 3843 3212 3896 καὶ
3260 3844 3579 3915 ἀποροῦντι,
3621 3845 3718 3899 καὶ

2137 3933 2329 4005 ὥσπερ
2358 3935 2584 4005 χρίστης
2610 3934 2671 3987 τὸ
2701 3935 2988 4005 πρότερον,
3019 3935 3163 3990 οὕτω
3198 3936 3294 3990 νῦν
3329 3939 3633 4010 ἀφαιρέτης
3653 3940 3718 3992 οὐ

2135 4024 2233 4078 τοῦ
2262 4025 2571 4096 ἀξ.ώματος
2603 4026 2789 4095 μόνον,
2823 4026 2965 4080 ἀλλά
3005 4029 3298 4087 καὶηαύτοῦ
3328 4030 3425 4083 τοῦ
3469 4031 3717 4100 πνεύμα-

2137 4134 2253 4182 τος,
2276 4116 2330 4169 εἴ
2354 4134 2409 4169 τι
2441 4118 2810 4188 κακουργήσει
2849 4118 2978 4190 περὶ
3011 4120 3109 4190 τὴν
3146 4121 3414 4192 ἰατρείαν,
3457 4123 3555 4176 καὶ
3585 4124 3720 4176 ἀπο-

2138 4210 2340 4294 κρύψει
2373 4211 2433 4263 τὸ
2457 4211 2705 4281 τραῦμα,
2733 4212 2829 4265 καὶ
2868 4212 3310 4283 ἀποδυσπετήοει
3352 4215 3444 4269 τὸν
3470 4214 3715 4285 ἔλεγχον.

2142 4302 2539 4371 Συνεφίσταται
2587 4303 2646 4356 δὲ
2697 4306 2792 4357 καὶ
2823 4303 3099 4375 ὑπουργὸς
3124 4306 3290 4375 τῆσδε
3320 4307 3418 4375 τῆς
3447 4307 3716 4373 ἐκδικίας,

2141 4395 2397 4465 καθάπερ
2422 4396 2483 4448 τὸ
2520 4398 2653 4466 πρὶν
2687 4393 2863 4463 φύλαξ
2908 4398 3004 4449 καὶ
3052 4396 3247 4466 βοηθὸς
3298 4398 3543 4468 ἰσχυρὸς,
3574 4398 3721 4453 οῦτω

2141 4485 2237 4537 καὶ
2254 4485 2349 4538 νῦν
2374 4487 2616 4557 τιμωρὸς
2645 4485 2897 4554 ἄγγελος,
2915 4489 3016 4557 τὴν
3048 4489 3321 4556 ῥομφαίαν
3344 4489 3440 4542 καὶ
3461 4506 3720 4559 κατενεγ-

2139 4581 2258 4631 κεῖν
2286 4578 2507 4649 ἕτοιμος
2555 4579 2655 4642 ὢν,
2709 4584 2758 4631 εἰ
2803 4581 2882 4649 μὴ
2937 4581 3191 4644 κάκεῖνος
3226 4582 3345 4635 καθ’
3382 4582 3579 4637 ἑαυτοῦ
3616 4584 3720 4655 τὴν

2141 4670 2320 4740 ψῆφον
2360 4670 2687 4739 ἐξενεγκὼν,
2741 4671 2891 4724 λύσει
2950 4674 3051 4741 τὴν
3098 4674 3372 4743 ἀπόφααιν
3421 4677 3719 4746 ἀποφάσει.

2156 4761 2436 4815 Ἐντεῦθεν
2467 4762 2495 4814 6
2528 4763 2830 4833 ὑποκριτὴς
2856 4763 2956 4832 τῆς
2995 4763 3174 4834 δίκης,
3214 4767 3312 4818 καὶ
3352 4766 3382 4818 6
3424 4767 3722 4839 ἑκδικητὴς

2143 4854 2395 4922 ἄγγελος·
2448 4853 2660 4907 ἐκεῖθεν
2695 4857 2724 4906 6
2773 4856 3279 4927 ἀπροσωπόληπτος
3312 4857 3597 4927 δικαστὴς,
3624 4861 3721 4913 καὶ

455 4965 645 5006 causa:
684 4948 959 5003 conﬁctor
990 4943 1228 5009 Nathan,
1262 4953 1319 5000 et
1366 4945 1565 4999 vindex
1586 4944 1812 5014 angelus
1843 4965 1857 4998 :
1886 4944 2035 5015 illinc

2144 4946 2266 5000 καθ’
2287 4945 2483 4998 ἑαυτοῦ
2511 4946 2609 5016 τὴν
2639 4946 2866 5017 γνώμην
2893 4948 3165 5019 ἐκφέρων.
3188 4952 3282 5003 καὶ
3309 4952 3720 5023 συντομώτερον

460 5051 643 5096 autem
704 5040 820 5109 ipse
875 5038 1040 5105 judex
1077 5035 1270 5104 David,
1318 5050 1673 5106 personarum
1724 5050 1836 5089 non
1887 5051 2037 5091 acce-

2141 5036 2342 5103 ἐξελὼν
2373 5036 2434 5091 τό
2464 5036 2641 5107 βέλος,
2661 5038 2807 5107 ἥπερ
2839 5038 3080 5105 ἐδέξατο,
3113 5041 3208 5094 καὶ
3237 5043 3266 5093 6
3289 5042 3422 5107 Θεὸς
3440 5047 3503 5098 οὐ
3535 5062 3722 5100 συνου-

458 5142 609 5203 pter,
642 5142 699 5185 et
719 5130 813 5198 qui
843 5130 1108 5184 adversus
1132 5143 1192 5183 se
1220 5129 1344 5182 tulit
1370 5126 1722 5192 sententiam,
1746 5143 1855 5198 qua
1884 5127 2042 5196 jacu-

460 5223 569 5275 lum
618 5222 782 5276 citius
837 5220 1060 5284 evulsit,
1121 5235 1284 5288 quam
1344 5219 1671 5289 suscepisset

458 5314 663 5384 pariter
695 5331 707 5366 :
745 5313 838 5383 qui
870 5312 1180 5367 cicatricem
1213 5311 1424 5365 vulneri
1467 5324 1577 5365 non
1630 5319 1844 5366 tantum
1882 5311 2043 5365 indu-

460 5407 567 5474 xit,
620 5407 715 5461 sed
778 5406 956 5475 ipsum
1021 5404 1186 5458 etiam
1245 5403 1447 5458 vulnus
1487 5417 1712 5472 prorsus
1765 5403 1967 5457 delevit
2016 5419 2030 5456 :

464 5511 641 5567 neque
696 5496 843 5550 enim
885 5494 1266 5549 tantummodo
1301 5494 1545 5564 pepercit
1579 5511 1594 5551 :
1630 5495 1723 5550 scd
1757 5502 1810 5549 et
1842 5495 2035 5548 abstu-

454 5588 520 5642 lit
548 5597 849 5657 pcccatum.
882 5584 1094 5640 Rursus
1125 5586 1311 5664 itaque
1336 5585 1521 5640 divina
1547 5586 1725 5654 gratia
1789 5598 1844 5640 et
1878 5600 2073 5642 rursus
2114 5588 2346 5656 spiritus
2379 5608 2393 5643 :

2143 5128 2251 5181 λῶν
2289 5130 2471 5199 μόνον,
2509 5128 2649 5182 ἀλλά
2676 5128 2773 5182 καὶ
2806 5128 3106 5201 ὲξαλείφων
3122 5133 3187 5186 τὸ
3223 5136 3469 5205 τραῦμα.
3500 5138 3594 5208 Μὴ
3611 5140 3721 5210 γὰρ

1722 5236 1736 5274 :
1784 5227 1841 5274 et
1898 5218 2045 5274 Deus
2143 5220 2444 5290 συγχωρῶν
2477 5220 2661 5290 μόνον,
2702 5220 2841 5276 ἀλλὰ
2871 5223 2965 5275 καὶ
2998 5224 3256 5296 ἀφαιρῶν
3284 5227 3346 5279 τὸ
3384 5230 3717 5301 ἁμάρτημα.

2141 5313 2314 5367 Πάλιν
2336 5312 2396 5364 τὸ
2421 5312 2688 5383 χάρισμα,
2719 5314 2880 5368 πάλιν
2908 5316 2969 5369 τὸ
2997 5317 3237 5388 πνεῦμα,
3272 5319 3436 5374 πάλιν
3466 5322 3536 5375 τὰ
3563 5324 3723 5390 xpeti-

2147 5420 2314 5473 ματα,
2356 5404 2520 5457 πάλιν
2547 5403 2608 5457 τὸ
2649 5408 2791 5460 κατά
2840 5409 3063 5464 πάντων
3098 5412 3320 5482 κράτος,
3370 5417 3463 5469 καὶ
3507 5418 3565 5471 al
3599 5435 3723 5471 συν-

2142 5495 2329 5565 θῆκαι,
2365 5497 2581 5567 καὶτῆς
2605 5499 2905 5571 υίοθεσίας,
2938 5504 3035 5556 καὶ
3067 5505 3166 5575 τῆς
3197 5505 3584 5581 θεοπατορίας.

2487 5608 2682 5652 rursus
2736 5596 2855 5650 soni
2920 5611 2983 5650 ac
3032 5606 3229 5654 cantus
3265 5616 3278 5653 :
3313 5616 3507 5659 rursus
3557 5619 3723 5674 supra

460 5695 651 5736 clunes
675 5687 912 5748 potestas
937 5695 954 5729 :
988 5692 1179 5735 rursus
1217 5681 1487 5751 promissa
1517 5687 1571 5737 et
1602 5693 1781 5750 pacta,
1817 5691 1925 5737 tam
1996 5682 2064 5740 de
2094 5684 2216 5756 ejus
2266 5687 2581 5761 adoptione,
2610 5707 2776 5762 quam
2841 5692 2991 5763 quod
3040 5694 3109 5752 de
3152 5695 3273 5766 ejus
3330 5699 3493 5756 etiam
3555 5703 3722 5772 stirpe

458 5774 613 5831 nasci
643 5774 861 5831 deberet
884 5772 1047 5829 Deus.
