4146 6430
481 465 555 531 19
1647 464 2036 529 COMMENT.
2066 463 2146 524 IN
2185 463 2548 525 PSALMOS.
3678 463 3747 524 50

551 575 720 642 υῦτος
765 573 860 632 οὗν
895 580 924 633 6
959 580 1128 634 πολλὰ
1190 581 1287 650 μὶν
1336 579 1546 649 παθὼν,
1595 581 1767 634 πολλὰ
1813 582 1870 658 δὲ
1929 600 2048 635 κατ-

2239 578 2336 633 llic
2384 578 2551 649 igitur
2581 579 2672 648 qui
2712 579 2878 631 multa
2928 591 3128 648 passus
3163 584 3268 642 est,
3305 587 3357 633 et
3389 578 3542 647 plura
3580 580 3745 633 etiam

479 671 746 741 ορθώσας,
805 674 1015 744 μυρίας
1069 675 1125 727 δὲ
1171 674 1380 744 τροπὰς
1425 677 1677 746 τραπεὶς,
1740 679 1922 729 πᾶσαν
1963 677 2064 745 τὴν

480 765 605 818 καθ’
628 767 824 818 ἑαυτὸν
858 768 1128 836 ἱστορίαν,
1150 768 1247 820 καὶ
1275 769 1374 829 τὰς
1399 768 1762 838 περιπετείας
1795 770 1853 820 ἐν
1885 767 2063 837 τούτῳ

482 857 820 926 παραδίδωσι
866 859 945 928 τῷ
988 859 1402 929 συγγράμματι.
1447 861 1554 914 Καὶ
1603 863 1795 932 πρώτη
1831 864 1932 933 μέν
1977 881 2063 927 τις

481 949 762 1015 ὑπόθεσις,
805 951 900 1003 καὶ
934 951 1136 1015 σκοπὸς
1168 953 1344 1005 ταῦτα
1378 953 1472 1007 τοῦ
1504 956 1820 1024 πονήματος
1846 974 1858 987 ·
1937 957 2062 1010 δεύ-

479 1057 639 1110 τερον
689 1040 746 1092 δὲ
809 1041 1130 1109 κεφάλαιον,
1180 1045 1211 1113 η
1278 1045 1378 1113 τῆς
1407 1045 1816 1116 ἀρχαιολογίας,
1858 1048 1919 1102 οὗ
1958 1049 2060 1118 τῆς

491 1131 792 1202 Ἐϐραῖκῆς
834 1135 1021 1202 μόνον,
1070 1134 1208 1188 ἀλλὰ
1257 1139 1352 1190 καὶ
1396 1139 1498 1206 τῆς
1562 1139 1644 1192 ἔτι
1695 1141 2058 1213 παλαιοτέροις

481 1223 743 1294 ἐξήγησις
774 1237 790 1252 ⁸
820 1226 1044 1290 διέξεισι
1073 1229 1182 1298 γὰρ
1216 1229 1273 1282 ὲν
1308 1231 1524 1294 πολλοῖς
1553 1235 1668 1296 τοῖς
1697 1233 1934 1305 ψαλμοῖς
1962 1237 2060 1307 τὴν

480 1315 758 1385 γέννησιν,
789 1318 887 1388 τὴν
920 1320 1122 1389 πρᾶξιν
1146 1323 1256 1374 τῶν
1288 1326 1671 1395 πατριαρχῶν,
1699 1330 1798 1398 τὴν
1827 1328 2054 1400 πλάνην,

480 1405 579 1476 τὴν
611 1411 1177 1484 μετανάστασιν,’τὴν
1199 1416 1278 1476 εἰς
1330 1418 1605 1484 Αἴγυπτον
1662 1419 1909 1486 κάθοδον,
1959 1424 2058 1493 τὴν

476 1496 745 1562 δουλείαν,
786 1501 885 1569 τὴν
911 1502 1114 1568 ἔξοδον,
1153 1505 1252 1574 τὴν
1281 1509 1622 1576 νομοδοσίαν,
1676 1512 1777 1578 τὴν
1828 1515 2055 1585 σκηνὴν,

473 1590 902 1661 τῆνίερατείαν,
941 1599 1070 1661 τοὺς
1132 1599 1447 1670 ’Λριθμοὺς,
1501 1602 1562 1654 τὸ
1613 1606 2057 1676 Δευτερονόμιον,

472 1684 571 1734 τὸν
634 1685 856 1754 Ἰησοῦν,
918 1688 1017 1758 τὴν
1079 1693 1458 1761 κληροδοσίαν,
1513 1695 1639 1758 τοὺς
1695 1699 1925 1766 Κριτὲς,
1957 1701 2056 1764 τὰς

475 1775 784 1842 Βασιλείας,
821 1780 916 1832 καὶ
975 1783 1028 1834 εῐ
1059 1799 1110 1833 τι
1163 1783 1374 1848 τούτοις
1425 1785 1735 1840 ἀκόλουθον.
1767 1788 1983 1856 Τρίτον,
2022 1793 2054 1861 ἡ

475 1865 797 1932 φυσιολογία
833 1869 958 1936 περὶ
988 1869 1219 1940 οὐρανοῦ
1255 1874 1348 1924 καὶ
1373 1872 1480 1924 τῶν
1507 1877 1626 1926 κατ’
1647 1875 1891 1944 οὐρανὸν,
1925 1879 2055 1946 περὶ

474 1958 580 2028 γῆς
605 1958 700 2010 καὶ
726 1960 836 2011 τῶν
871 1960 1016 2013 κατὰ
1048 1965 1183 2030 γῆν,
1211 1965 1339 2036 περὶ
1369 1965 1543 2029 ζώων,
1582 1968 1712 2036 περὶ
1746 1971 2050 2040 στοιχείων,

472 2049 570 2102 καὶ
599 2050 786 2112 ἁπλῶς
814 2053 942 2121 περὶ
974 2053 1071 2123 τῆς
1103 2054 1231 2122 ὅλης
1258 2056 1637 2130 δημιουργίας.
1689 2061 1977 2131 Τέταρτον,
2019 2066 2051 2134 ἡ

475 2141 608 2210 περὶ
655 2142 750 2194 τοῦ
817 2145 1072 2214 Σωτῆρος
1117 2149 1452 2216 προφητεία,
1489 2151 1804 2220 οἰκονομίας
1836 2155 2053 2207 πάντων

469 2231 965 2305 ἔκφαντικώτερον,
993 2238 1098 2290 ὅσα
1121 2239 1251 2307 περὶ
1281 2240 1381 2310 τὴν
1407 2240 1713 2311 Παρθένον,
1759 2245 1860 2297 ὃσα
1922 2248 2053 2315 περὶ

469 2323 574 2394 τὴν
610 2325 908 2394 σαρκωσιν,
956 2328 1024 2382 τὰ
1063 2331 1203 2383 κατὰ
1233 2330 1334 2403 τὴν
1363 2333 1728 2406 δωροφορίαν,
1757 2338 1824 2389 τὰ
1859 2337 1955 2406 τῆς
1974 2339 2054 2401 εἰς

471 2419 750 2484 Αἴγυπτον
773 2421 1109 2492 ἀποδημίας,
1144 2425 1238 2478 καὶ
1265 2427 1545 2492 ἐπανόδου,
1587 2431 1682 2483 καὶ
1707 2431 2054 2496 ἀναδείξεως,

471 2513 568 2564 καὶ
582 2512 956 2577 διδασκαλίας,
983 2518 1079 2569 καὶ
1100 2517 1554 2586 θαυματοποιίας,
1581 2521 1650 2573 τὰ
1681 2521 1781 2588 τῆς
1803 2539 2050 2592 συναγω-

469 2603 602 2671 γῆς,
663 2603 732 2658 τὰ
773 2605 872 2658 τοῦ
934 2607 1155 2674 φθόνου,
1189 2611 1283 2664 καὶ
1329 2611 1431 2680 τῆς
1457 2612 1772 2682 ἐπιϐουλῆς,
1815 2616 1911 2668 καὶ
1952 2620 2051 2687 τῆς

469 2694 786 2762 προδοσίας,
817 2697 912 2751 καὶ
944 2699 1046 2768 τῆς
1085 2701 1410 2772 ἀπαγωγῆς,
1469 2704 1698 2759 καὶτῶν
1745 2710 2050 2777 μαστίγων,

470 2784 566 2834 καὶ
591 2785 702 2836 τῶν
716 2787 1072 2856 ἐμπαιγμῶν,
1113 2791 1182 2845 τὰ
1203 2791 1298 2844 τοῦ
1324 2795 1560 2864 σταυροῦ
1597 2795 1693 2848 καὶ
1716 2797 1813 2865 τῆς
1842 2799 2051 2870 ὀρυγῆς

466 2874 584 2939 τῶν
631 2876 831 2948 χειρῶν
870 2879 964 2931 καὶ
1004 2881 1204 2947 ποδῶν,
1257 2883 1326 2936 τὰ
1370 2884 1464 2938 τοῦ
1513 2886 1880 2958 διαμερισμοῦ
1937 2893 2051 2945 τῶν

469 2967 707 3034 ἱματίων
735 2969 827 3022 καὶ
873 2971 969 3024 τοῦ
1001 2973 1226 3044 κλήρου,
1255 2977 1351 3029 καὶ
1395 2978 1494 3047 τῆς
1526 2983 1730 3050 πικρᾶς
1785 2983 2048 3052 γεύσεως,

467 3056 566 3108 καὶ
593 3057 692 3126 τῆς
720 3060 1128 3126 ἀποπνεύσεως,
1162 3067 1256 3118 καὶ
1294 3067 1492 3135 ταφῆς,
1531 3069 1626 3120 καὶ
1675 3071 2046 3136 ἀναστάσεως,

466 3148 566 3200 καὶ
596 3149 676 3212 είς
723 3151 988 3220 οὐρανοὺς
1009 3155 1222 3218 ἀνόδου,
1280 3159 1377 3211 καὶ
1407 3160 1509 3222 τῆς
1543 3162 1607 3214 ἐκ
1664 3161 1854 3227 δεξιῶν
1914 3165 2051 3217 καθ-

2170 673 2387 741 propria
2413 673 2612 726 virtute
2637 671 3056 736 administravit,
3084 672 3318 740 atquein
3347 673 3524 725 varias
3555 673 3746 725 incidit

2169 773 2344 818 status
2395 763 2479 818 sui
2543 764 2875 818 mutationes
2932 779 3148 818 omnem
3201 764 3269 819 de
3319 780 3377 818 se
3435 765 3743 827 historiam,

2167 869 2359 909 omnes
2392 854 2516 908 vitta
2559 870 2672 909 sua:
2708 853 3024 919 varietates,
3059 855 3111 907 iu
3148 855 3249 909 hoc
3282 855 3615 923 conscripsit
3649 870 3746 907 vo-

2167 946 2392 1000 lumine.
2425 946 2484 1001 Et
2514 947 2748 1016 primunt
2785 945 3006 1015 quidem
3044 947 3413 1016 propositum,
3443 955 3496 1001 et
3535 946 3744 1015 primus

2164 1039 2348 1107 operis
2383 1051 2586 1108 scapus
2616 1047 2720 1100 est,
2753 1037 2819 1092 de
2864 1038 3105 1107 propriis
3152 1038 3414 1092 aerumnis
3450 1053 3514 1092 ac
3548 1038 3746 1091 labori-

2166 1133 2269 1187 bus
2298 1142 2537 1187 tractare
2577 1151 2590 1188 :
2624 1133 2822 1188 deinde
2850 1134 2916 1187 de
2956 1133 3379 1201 antiquitatibus
3411 1145 3520 1185 non
3552 1129 3744 1184 Judai-

2163 1227 2243 1281 cis
2276 1227 2458 1289 modo,
2487 1225 2581 1280 sed
2618 1225 3034 1280 vetustioribus.
3072 1226 3130 1278 In
3182 1225 3366 1278 multis
3397 1223 3544 1277 enim
3591 1226 3740 1291 psal-

2162 1321 2268 1374 mis
2301 1319 2554 1372 edisserit
2581 1319 2989 1388 generationem
3013 1328 3066 1371 ct
3095 1327 3245 1387 gesta
3279 1316 3739 1386 patriarcharum,

2163 1411 2656 1482 peregrinationes,
2689 1410 3068 1481 migrationes,
3116 1409 3442 1463 descensum
3483 1408 3539 1462 in
3572 1407 3740 1478 Egy-

2161 1511 2336 1573 ptum,
2363 1502 2703 1564 servitutem,
2729 1500 2939 1554 exitum
2965 1516 3028 1554 ex
3061 1499 3319 1571 IEgypto,
3346 1499 3518 1563 legem
3549 1501 3739 1560 tatam,

2161 1596 2599 1660 tabernaculum,
2641 1594 3034 1660 sacerdotium,
3074 1592 3364 1657 Numeros,
3403 1591 3743 1647 Deuterono-

2161 1691 2352 1756 mium,
2379 1689 2562 1744 Jesum
2585 1689 2749 1751 Nave,
2775 1689 3219 1743 distributionem
3242 1688 3529 1756 promissa:
3551 1696 3736 1749 terrm,

2158 1779 2402 1844 Judices,
2449 1779 2647 1850 Reges,
2680 1789 2732 1834 et
2765 1780 2943 1848 siquid
2976 1780 3121 1833 aliud
3145 1786 3227 1833 est
3257 1780 3341 1834 his
3371 1793 3738 1848 consequens.

2159 1872 2366 1932 Tertio.
2429 1873 2760 1926 naturalium
2829 1886 3013 1925 rerum
3073 1871 3342 1926 rationem
3400 1871 3609 1925 tradit:
3671 1869 3740 1922 de

2159 1963 2306 2018 coelo
2334 1969 2388 2016 et
2438 1961 2757 2017 coelestibus
2793 1977 2806 2014 :
2839 1961 2907 2016 de
2959 1971 3098 2016 terra
3145 1970 3199 2016 et
3247 1961 3621 2024 terrestribus,
3673 1962 3740 2015 de

2157 2053 2516 2118 animalibus,
2535 2053 2602 2108 de
2623 2053 2934 2114 elementis.
2962 2062 3017 2107 et
3049 2055 3375 2123 generaliter
3396 2053 3462 2108 de
3481 2054 3740 2108 universo

2159 2144 2252 2199 Dei
2288 2144 2530 2213 opiﬁcio.
2558 2144 2788 2211 Quarto.
2825 2145 3110 2217 prophetia
3142 2147 3208 2200 de
3248 2146 3430 2202 crucis
3454 2145 3740 2216 dispensa-

2158 2237 2307 2291 tione
2333 2237 2387 2289 in
2435 2239 2538 2291 hoc
2564 2250 2756 2306 Opere,
2787 2238 3002 2292 caeteris
3025 2236 3286 2292 omnibus
3312 2251 3371 2292 se
3396 2237 3738 2291 manifestio-

2156 2342 2269 2382 rem
2295 2326 2541 2381 ostendit
2574 2339 2587 2384 :
2642 2335 2694 2381 ct
2734 2341 3075 2397 quaecunque
3118 2325 3184 2379 ad
3225 2335 3441 2396 partum
3469 2326 3734 2396 Virginis,

2156 2419 2222 2471 ad
2257 2419 2722 2482 incarnationem,
2766 2420 2832 2472 ad
2860 2419 3141 2490 Magorum
3174 2419 3338 2482 dona,
3370 2418 3434 2471 ad
3469 2418 3649 2489 fugam
3683 2419 3733 2472 in

2157 2510 2473 2581 Egyplum,
2499 2517 2554 2564 et
2575 2510 2724 2564 illinc
2742 2510 3144 2579 regressum,ad
3173 2510 3378 2564 Christi
3401 2509 3735 2575 doctrinam,

2154 2603 2220 2656 ad
2253 2601 2539 2664 miracula,
2580 2608 2636 2654 et
2667 2601 2732 2652 ad
2765 2599 3110 2670 Synagogam
3142 2599 3416 2668 pertinent
3448 2616 3462 2652 :
3519 2599 3735 2653 invidia:

2156 2695 2284 2749 item
2311 2703 2361 2748 et
2388 2692 2752 2762 proditiones,
2783 2692 3018 2756 insidiae,
3050 2699 3298 2760 captura,
3333 2689 3572 2758 ﬂagella,
3607 2689 3734 2744 illu-

2152 2787 2358 2850 siones,
2410 2801 2569 2850 crux,
2631 2800 2889 2840 manuum
2947 2799 3012 2852 ac
3075 2786 3275 2853 pedum
3326 2783 3733 2851 confessiones,

2151 2878 2350 2933 divisio
2415 2886 2470 2932 et
2523 2878 2741 2933 sortitio
2797 2878 3270 2942 indumentorum,
3326 2891 3514 2930 amara
3559 2880 3732 2945 potio,

2151 2967 2473 3036 exspiratio,
2514 2968 2820 3036 sepultura,
2847 2969 3200 3030 resurrectio,
3257 2968 3531 3032 ascensio,
3575 2967 3734 3022 sedes

2152 3073 2182 3114 a
2213 3060 2423 3114 dextris
2451 3059 2633 3114 Patris
2663 3077 2677 3112 :
2711 3069 2766 3114 et
2814 3075 2980 3130 supra
3025 3059 3234 3123 omnia,
3285 3060 3514 3114 victoria
3551 3068 3606 3113 et
3643 3074 3733 3112 re-

2153 3165 2345 3221 gnum,
2370 3150 2515 3220 quod
2565 3152 2620 3204 in
2665 3151 2808 3206 calo
2833 3160 2999 3221 atque
3040 3153 3093 3205 in
3135 3159 3280 3206 terra
3313 3151 3418 3206 sibi
3475 3150 3732 3205 Christus

465 3239 657 3308 ἕδρας.
690 3244 783 3296 καὶ
804 3243 906 3312 τῆς
927 3263 995 3298 κα
1005 3248 1069 3300 τὰ
1100 3248 1318 3302 πάντων
1341 3252 1436 3304 καὶ
1453 3253 1592 3325 ὑπὲρ
1609 3254 1868 3308 ἁπάντων
1895 3257 2048 3325 νίκης

2154 3243 2386 3313 paravit,
2444 3242 2748 3298 clarissime
2815 3243 2904 3300 hic
2968 3243 3406 3312 conspiciuntur.
3473 3242 3731 3308 Quinto,

464 3331 568 3383 καὶ
604 3331 906 3400 βασιλείας.
940 3337 1220 3406 Πέμπτον,
1256 3343 1288 3410 ἠ
1321 3342 1432 3395 τῶν
1465 3347 1606 3414 μετὰ
1637 3347 1809 3400 ταῦτα
1832 3366 2046 3418 προφη-

461 3423 611 3484 τεία,
645 3424 754 3476 τῶν
781 3426 954 3480 ἐθνῶν
993 3429 1260 3501 ἡκῖῆσις,
1295 3432 1406 3487 τῶν
1439 3436 1700 3506 μαθητῶν
1735 3440 1765 3508 ἡ
1801 3439 1947 3504 δόξα,
1979 3442 2047 3495 τὰ

465 3512 748 3581 θαύματα,
818 3517 916 3586 τῆς
963 3519 1068 3589 γῆς
1117 3522 1150 3591 ἠ
1202 3523 1474 3592 ὑποταγὴν
1504 3528 1604 3595 τῆς
1656 3528 2046 3602 Ἐκκλησίαςή

462 3605 633 3673 πῆξις
681 3609 774 3660 καὶ
833 3609 1098 3675 ἐπίδοσις,
1163 3615 1195 3681 ἡ
1264 3614 1375 3668 τῶν
1441 3614 1730 3686 Ῥωμαίων
1761 3621 1908 3689 νίκη,
1939 3623 2048 3678 τῶν

476 3697 758 3753 Ἰουδαίων
782 3702 815 3767 ή
843 3703 1214 3773 αἰχμαλωσία,
1250 3707 1320 3760 τὰ
1348 3709 1490 3761 κατὰ
1525 3710 1628 3779 τὴν
1657 3712 1924 3784 δευτέραν
1953 3719 2049 3772 καὶ

462 3789 708 3859 φρικτὴν
737 3791 832 3844 τοῦ
867 3795 1123 3866 Σωτῆρος
1167 3797 1414 3863 κάθοδον,
1447 3803 1542 3856 καὶ
1581 3803 1680 3858 ὅσα
1729 3807 1858 3875 περὶ
1913 3808 2047 3862 ἀνα-

463 3882 715 3975 στασεως
748 3886 842 3937 καὶ
866 3887 1103 3956 χρίσεως
1126 3889 1220 3942 καὶ
1251 3891 1695 3960 ἀνταποδόσεως.
1743 3899 1967 3965 Ἕκτον,
2012 3905 2044 3975 ἡ

459 3973 719 4040 θεολογία
750 3977 878 4045 περὶ
907 3979 1140 4048 Πατρὸς,
1178 3980 1274 4034 καὶ
1307 3982 1456 4046 Tia-5,
1488 3985 1582 4037 καὶ
1609 3987 1765 4053 ἁγίου
1796 3973 2048 4061 Πνεῦμα-ξ

461 4079 581 4125 τος.
609 4065 896 4135 Ἕϐδομον,
923 4070 1023 4122 ὅσα
1071 4071 1199 4140 περὶ
1233 4073 1440 4143 νοερῶν
1490 4078 1829 4146 κτισμάτων,
1879 4083 2046 4149 ἀγγέ-

463 4154 577 4206 λων
593 4157 688 4208 καὶ
725 4158 1020 4226 δαιμόνων,
1056 4163 1149 4216 καὶ
1176 4164 1268 4216 νοῦ
1305 4166 1396 4218 καὶ
1422 4167 1622 4236 ψυχῆς,
1659 4171 1752 4222 καὶ
1807 4171 2045 4241 ψυχικῆς

459 4245 752 4315 δυνάμεως
780 4249 1183 4319 καὶκινήσεως,
1225 4255 1472 4324 Ὄγδοον,
1521 4257 1622 4309 ὅσα
1685 4260 1784 4328 τῆς
1847 4261 2044 4332 ἠθικῆς

462 4335 870 4406 παῖδαγωγίας,
909 4342 1038 4409 περὶ
1067 4343 1292 4412 ἀρετῆς,
1336 4346 1466 4416 περὶ
1517 4347 1738 4413 κακίας,
1785 4351 1880 4403 καὶ
1933 4351 2044 4403 τῶν

462 4424 751 4482 τοιούτων.
796 4429 1049 4496 Ἐνατσν,
1089 4435 1217 4502 περὶ
1267 4433 1566 4506 λογισμῶν,
1621 4441 1715 4492 καὶ
1771 4441 2043 4511 δαιμόνων

460 4516 782 4587 ἐπιϐουλῆς,
817 4521 914 4574 καὶ
947 4523 1076 4591 περὶ
1092 4525 1328 4594 τροπῶν,
1353 4527 1483 4597 περὶ
1507 4528 1804 4598 θεραπείας
1826 4533 2038 4598 παθῶν,

462 4611 566 4662 καὶ
589 4614 690 4679 τῆς
711 4613 836 4666 κατ’
875 4615 1060 4668 αὐτῶν
1099 4617 1280 4687 πάλης
1317 4619 1411 4672 καὶ
1450 4624 1806 4691 στρατηγίας.
1868 4626 2040 4679 Δέκα-

459 4717 580 4764 τσν,
608 4703 637 4754 6
660 4705 790 4773 περὶ
811 4704 919 4757 τῶν
945 4705 1175 4760 ἐντολῶν
1196 4708 1356 4776 λόγος
1377 4711 1773 4780 ἀκριϐέστατός
1826 4733 1887 4768 τε
1946 4720 2041 4771 καὶ

460 4789 824 4858 ὑψηλότατος.
853 4795 950 4847 καὶ
980 4796 1180 4866 μικρὸν
1208 4797 1240 4868 ἢ
1271 4797 1393 4853 οὐδὲ
1417 4797 1743 4871 λειπόμενος
1790 4804 1902 4860 τῶν
1946 4807 2039 4859 εὐ-

458 4883 778 4950 αγγελικῶν
800 4885 1118 4951 διατάξεων.

536 5147 700 5207 Οὗτοι
720 5153 818 5222 μὲν
839 5148 932 5208 οὗν
952 5158 1000 5208 οἱ
1023 5157 1253 5213 καθόλου
1289 5159 1438 5228 λόγοι
1468 5165 1565 5232 τῆς
1590 5162 1901 5228 ὑποθέσεως
1930 5167 2039 5220 τῶν

453 5247 719 5317 ψαλμῶν,
748 5250 827 5308 εἰς
843 5249 978 5302 δέκα
1013 5252 1515 5322 συναριθμούμενοι
1555 5256 1850 5323 κεφαλαια,
1884 5250 1966 5321 οἷς
2006 5260 2038 5326 ἡ

457 5339 574 5393 τῶν
601 5338 834 5410 ψαλμῶν
864 5342 1050 5394 ἇπασα
1087 5344 1406 5414 περιέχεται
1437 5347 1792 5414 πραγματεία
1821 5364 1833 5376 ·
1857 5347 2040 5402 ίδικὼν

453 5448 597 5501 τερα
629 5431 686 5486 δὲ
714 5432 810 5485 καὶ
834 5433 991 5497 ἄλλα,
1017 5429 1128 5489 οἷον
1173 5438 1203 5489 6
1255 5437 1690 5507 δοξολογητικὸς,
1723 5441 1752 5492 6
1808 5439 2034 5509 εὐχαρι-

457 5523 704 5594 στήριος,
731 5527 762 5578 6
794 5526 1070 5595 εὐκτικὸς,
1098 5529 1130 5599 ἢ
1156 5532 1590 5598 προσευκτικδς,
1638 5533 1668 5584 6
1714 5533 2040 5602 παραμυθη-·

454 5615 635 5678 τικὸς,
663 5617 694 5670 6
724 5619 1152 5687 προτρεπτικὸς,
1178 5621 1276 5674 καὶ
1323 5621 1417 5674 ἐπὶ
1441 5624 1607 5676 πᾶσιν
1658 5624 1686 5676 ὁ
1734 5623 2037 5691 μεθοδικάς.

460 5706 543 5758 Οὐ
573 5706 733 5776 μόνον
756 5707 866 5779 γὰρ
897 5712 1267 5780 παραγγέλλει
1302 5714 1419 5766 τόδε
1451 5717 1646 5777 ποιεῖν,
1671 5715 1702 5784 ἢ
1741 5713 1815 5784 μὴ
1844 5717 2038 5780 ποιεῖν,

452 5796 598 5850 ἀλλὰ
631 5798 726 5852 καὶ
753 5800 846 5852 τὸν
866 5802 1068 5870 τρόπον
1108 5804 1398 5874 ὑποτίθησι
1425 5807 1518 5860 καὶ
1550 5808 1641 5859 τὸν
1668 5809 1877 5878 χρόνον.
1931 5811 2039 5862 Καὶ

455 5890 598 5956 ὅλως
629 5896 807 5949 κοινόν
840 5897 956 5948 ἐστι
985 5898 1150 5950 πᾶσιν
1181 5901 1416 5963 ἰατρεῖον
1440 5902 1637 5964 παντὸς
1684 5901 1906 5966 πάθους,
1951 5919 2041 5956 κε-

2149 3333 2444 3404 prophetia
2477 3349 2664 3389 earum
2697 3349 2879 3389 rerum
2912 3349 3032 3403 qua:
3074 3342 3200 3403 post
3253 3334 3512 3402 pradicta
3547 3333 3730 3386 omnia

2147 3424 2498 3491 contigerunt
2556 3439 2571 3482 :
2636 3423 2882 3492 gentium
2913 3422 3168 3478 videlicet
3203 3421 3508 3485 advocatio,
3553 3420 3722 3474 disci-

2149 3514 2404 3584 pulorum
2434 3513 2640 3570 Christi
2670 3513 2869 3580 gloria,
2900 3513 3182 3577 miracula,
3216 3511 3554 3582 praedicatio,
3579 3509 3730 3564 orhis

2146 3612 2308 3660 terra
2370 3603 2665 3670 subiectio,
2700 3603 2961 3659 Ecclesia:
3011 3604 3281 3659 stabilitas
3333 3610 3499 3672 atque
3551 3603 3731 3656 incre-

2150 3709 2420 3764 mentum,
2457 3697 2833 3752 Romanorum
2867 3696 3120 3759 victoria,
3157 3695 3472 3751 Judaorum
3497 3693 3728 3763 captivi-

2148 3799 2254 3856 tas,
2295 3799 2350 3845 et
2372 3805 2718 3860 quaecunque
2753 3791 2918 3844 etiam
2964 3789 3032 3847 ad
3075 3789 3378 3844 secundum
3409 3796 3464 3842 et
3499 3786 3730 3841 horren-

2148 3885 2278 3939 dum
2314 3883 2520 3940 Christi
2553 3882 2871 3948 adventura,
2896 3881 2963 3936 ad
2994 3883 3480 3945 resurrectionem,
3525 3880 3592 3935 ad
3631 3880 3726 3948 ju-

2149 3974 2378 4039 dicium,
2429 3984 2484 4030 et
2518 3974 2588 4030 ad
2625 3975 3061 4045 uniuscujusque
3105 3973 3524 4028 retributionem
3557 3972 3728 4041 perti-

2149 4073 2302 4119 nent.
2334 4064 2524 4128 Sesto,
2563 4064 2836 4134 theologis
2877 4065 2945 4118 de
2974 4063 3138 4119 Patre
3168 4073 3222 4118 et
3251 4063 3390 4117 Filio
3426 4072 3482 4116 et
3515 4062 3726 4130 Spiritu

2147 4163 2361 4210 sancto.
2393 4157 2663 4224 Septimo,
2704 4169 3051 4224 quaecunque
3085 4155 3377 4208 traduntur
3419 4155 3485 4208 de
3516 4155 3728 4209 intelle-

2147 4246 2426 4301 etualibus
2474 4247 2770 4312 creaturis,
2809 4247 2878 4300 de
2941 4232 3174 4315 angelis,
3243 4244 3602 4308 daamonibus,
3658 4246 3727 4299 de

2149 4340 2428 4394 intellectu
2463 4348 2516 4392 et
2543 4339 2747 4401 anima,
2784 4348 2839 4392 et
2876 4337 2945 4392 de
2969 4337 3165 4392 anima:
3185 4337 3425 4392 motibus
3451 4346 3505 4393 et
3534 4341 3726 4406 poten-

2150 4431 2261 4485 tiis.
2295 4429 2521 4492 Octavo,
2557 4444 2681 4499 quae
2705 4429 2771 4484 ad
2817 4445 3032 4485 morum
3056 4429 3405 4498 disciplinam
3437 4440 3493 4483 et
3537 4429 3602 4484 ad
3640 4429 3725 4482 iu-

2149 4522 2512 4584 stitutionem,
2547 4536 2669 4590 quae
2723 4521 2792 4576 ad
2856 4521 3111 4577 virtutem
3162 4530 3217 4574 et
3275 4520 3467 4576 vitium
3510 4521 3725 4590 aliaque

2148 4614 2350 4669 similia
2375 4614 2667 4683 pertinent.
2688 4613 2866 4679 Nono,
2894 4614 2958 4668 de
2988 4612 3431 4682 cogitationibus,
3447 4621 3501 4666 et
3518 4615 3724 4668 daemo-

2147 4721 2276 4762 num
2309 4704 2529 4761 insidiis
2599 4716 2652 4759 et
2687 4703 3109 4760 circuitionibus
3161 4721 3176 4759 :
3215 4704 3285 4759 de
3333 4705 3624 4759 sanatione
3669 4711 3725 4760 et

2143 4817 2277 4859 cura
2309 4800 2627 4871 passionum
2659 4815 2673 4850 :
2718 4801 2785 4853 de
2813 4813 2996 4868 pugna
3027 4805 3081 4852 et
3107 4797 3412 4852 certamine
3452 4795 3722 4852 adversus

2145 4889 2462 4960 huiusmodi
2507 4890 2817 4958 passiones.
2865 4887 3108 4952 Decimo,
3146 4887 3528 4943 mandatorum
3581 4887 3724 4942 ratio

2145 4985 2282 5040 adeo
2316 4983 2408 5038 hic
2453 4980 2740 5050 diligenter
2770 4981 3028 5045 traditur,
3071 4991 3130 5034 ut
3184 4995 3397 5048 parum,
3445 4989 3541 5035 aut
3587 4979 3721 5036 nihil

2145 5074 2216 5128 ab
2248 5072 2581 5142 evangelicis
2617 5072 2906 5141 prazceptis
2945 5072 3140 5128 abesse
3166 5071 3436 5126 videatur.

2221 5165 2343 5222 llaec
2370 5166 2534 5237 igitur
2583 5173 2713 5245 sunt
2745 5173 3065 5236 argumenta
3096 5163 3463 5233 psalmorum,
3503 5161 3719 5220 redacta

2148 5261 2202 5312 in
2235 5257 2424 5313 decem
2464 5258 2642 5326 capita
2665 5255 2866 5323 quibus
2889 5265 3003 5310 tota
3051 5255 3384 5325 psalmorum
3412 5251 3720 5312 lucubratio

2146 5347 2481 5411 continetur,
2521 5361 2840 5417 quanquam
2885 5355 2942 5401 et
2972 5347 3080 5402 alia
3121 5346 3235 5401 sint
3267 5344 3439 5414 magis
3484 5343 3716 5411 privata,

2144 5455 2268 5510 qua;
2295 5438 2350 5494 in
2385 5438 2466 5493 eis
2495 5438 2825 5494 habeantur.
2862 5438 3000 5493 Sunt
3031 5449 3267 5503 namque
3311 5444 3366 5490 et
3394 5433 3588 5502 psalmi
3625 5435 3716 5503 qui

2149 5531 2361 5586 laudem
2393 5539 2447 5586 et
2485 5532 2714 5602 gloriam
2747 5530 2842 5586 Dei
2876 5536 3101 5594 canunt,
3135 5529 3230 5596 qui
3272 5528 3481 5597 gratias
3527 5537 3698 5596 agunt

2146 5625 2240 5694 qui
2281 5624 2558 5679 orationes
2583 5623 2815 5678 {inlidunt
2847 5629 2902 5676 et
2936 5630 3077 5676 vota.
3118 5620 3259 5675 Sunt
3312 5631 3366 5674 et
3407 5621 3714 5676 consolato-

2150 5719 2210 5770 rii
2247 5726 2300 5771 et
2335 5715 2645 5770 exhortata:
2665 5715 2721 5766 ii.
2751 5713 2828 5767 Ad
2857 5713 2970 5766 lucc
2989 5713 3198 5777 omnia,
3230 5723 3356 5768 sunt
3379 5721 3431 5767 et
3460 5711 3550 5782 qui
3579 5712 3714 5764 viam

2147 5809 2211 5860 ad
2256 5810 2510 5861 Virtutem
2549 5805 2816 5860 tradunt:
2860 5804 3062 5874 quique
3114 5821 3220 5860 non
3266 5815 3473 5859 unitum
3521 5803 3712 5858 admo-

2154 5905 2283 5952 nent
2331 5897 2432 5950 hoc
2466 5897 2663 5964 facere,
2697 5906 2788 5953 aut
2824 5897 2954 5953 illud
2992 5897 3218 5965 evitare,
3265 5900 3358 5957 sed
3395 5907 3448 5955 et
3496 5896 3710 5951 modum
