  <div class='ocr_page' id='page_1' title='image "/cluster/home/n/w/nwhite01/storage/ocr_20150623/128:no.1/coo.31924054870336/033.png"; bbox 0 0 4146 6418; ppageno 0'>
   <div class='ocr_carea' id='block_1_1' title="bbox 418 427 3700 494">
    <p class='ocr_par' dir='ltr' id='par_1_1' title="bbox 418 427 3700 494">
     <span class='ocr_line' id='line_1_1' title="bbox 418 427 3700 494; baseline 0.002 -10"><span class='ocrx_word' id='word_1_1' title='bbox 418 427 494 489; x_wconf 66' lang='grc' dir='ltr'><strong>ι51</strong></span> <span class='ocrx_word' id='word_1_2' title='bbox 1682 429 2067 490; x_wconf 77' lang='lat' dir='ltr'><strong>EUTHYMH</strong></span> <span class='ocrx_word' id='word_1_3' title='bbox 2101 431 2465 494; x_wconf 75' lang='lat' dir='ltr'><strong>ZlGABENI</strong></span> <span class='ocrx_word' id='word_1_4' title='bbox 3630 438 3700 491; x_wconf 68' lang='lat'><strong>{1‘2</strong></span> 
     </span>
    </p>
   </div>
   <div class='ocr_carea' id='block_1_2' title="bbox 421 541 2014 618">
    <p class='ocr_par' dir='ltr' id='par_1_2' title="bbox 421 541 2006 612">
     <span class='ocr_line' id='line_1_2' title="bbox 421 541 2006 612; baseline 0.001 -17"><span class='ocrx_word' id='word_1_5' title='bbox 421 542 624 597; x_wconf 90' lang='lat' dir='ltr'><strong>docent</strong></span> <span class='ocrx_word' id='word_1_6' title='bbox 649 549 702 597; x_wconf 90' lang='lat' dir='ltr'><strong>et</strong></span> <span class='ocrx_word' id='word_1_7' title='bbox 730 547 964 612; x_wconf 98' lang='lat' dir='ltr'><strong>tempus.</strong></span> <span class='ocrx_word' id='word_1_8' title='bbox 1001 542 1060 596; x_wconf 87' lang='lat' dir='ltr'><strong>lu</strong></span> <span class='ocrx_word' id='word_1_9' title='bbox 1124 556 1338 597; x_wconf 87' lang='lat' dir='ltr'><strong>summa</strong></span> <span class='ocrx_word' id='word_1_10' title='bbox 1386 541 1477 597; x_wconf 85' lang='lat' dir='ltr'><strong>hic</strong></span> <span class='ocrx_word' id='word_1_11' title='bbox 1526 541 1664 597; x_wconf 89' lang='lat' dir='ltr'><strong>liber</strong></span> <span class='ocrx_word' id='word_1_12' title='bbox 1709 556 2006 597; x_wconf 86' lang='lat' dir='ltr'><strong>cummuue</strong></span> 
     </span>
    </p>
   </div>
   <div class='ocr_carea' id='block_1_3' title="bbox 2121 541 3701 618">
    <p class='ocr_par' dir='ltr' id='par_1_3' title="bbox 2121 544 3701 618">
     <span class='ocr_line' id='line_1_3' title="bbox 2121 544 3701 618; baseline 0 -22"><span class='ocrx_word' id='word_1_13' title='bbox 2121 547 2386 615; x_wconf 76' lang='grc' dir='ltr'>κτημένον</span> <span class='ocrx_word' id='word_1_14' title='bbox 2409 548 2728 618; x_wconf 77' lang='grc' dir='ltr'>φάρμακον,</span> <span class='ocrx_word' id='word_1_15' title='bbox 2763 545 2856 600; x_wconf 69' lang='grc' dir='ltr'><strong>καὶ</strong></span> <span class='ocrx_word' id='word_1_16' title='bbox 2892 546 3095 610; x_wconf 84' lang='grc' dir='ltr'>πάντες</span> <span class='ocrx_word' id='word_1_17' title='bbox 3124 545 3175 599; x_wconf 90' lang='grc' dir='ltr'><strong>οί</strong></span> <span class='ocrx_word' id='word_1_18' title='bbox 3201 544 3353 613; x_wconf 80' lang='grc' dir='ltr'>λόγοι</span> <span class='ocrx_word' id='word_1_19' title='bbox 3383 544 3554 599; x_wconf 80' lang='grc' dir='ltr'>πᾶσιν</span> <span class='ocrx_word' id='word_1_20' title='bbox 3601 544 3701 596; x_wconf 88' lang='grc' dir='ltr'><strong>ἀν-</strong></span> 
     </span>
    </p>
   </div>
   <div class='ocr_carea' id='block_1_4' title="bbox 422 634 2009 705">
    <p class='ocr_par' dir='ltr' id='par_1_4' title="bbox 422 634 2009 705">
     <span class='ocr_line' id='line_1_4' title="bbox 422 634 2009 705; baseline 0.001 -19"><span class='ocrx_word' id='word_1_21' title='bbox 422 642 508 690; x_wconf 70' lang='grc' dir='ltr'>ιιει</span> <span class='ocrx_word' id='word_1_22' title='bbox 542 634 820 705; x_wconf 84' lang='lat' dir='ltr'><strong>quoddam</strong></span> <span class='ocrx_word' id='word_1_23' title='bbox 854 635 1142 691; x_wconf 69' lang='lat' dir='ltr'><strong>medicinae</strong></span> <span class='ocrx_word' id='word_1_24' title='bbox 1181 637 1647 705; x_wconf 89' lang='lat' dir='ltr'><strong>promptuarium,</strong></span> <span class='ocrx_word' id='word_1_25' title='bbox 1691 645 1745 691; x_wconf 91' lang='lat' dir='ltr'><strong>et</strong></span> <span class='ocrx_word' id='word_1_26' title='bbox 1790 636 2009 703; x_wconf 84' lang='lat' dir='ltr'><strong>passio-</strong></span> 
     </span>
    </p>
   </div>
   <div class='ocr_carea' id='block_1_5' title="bbox 426 727 2009 796">
    <p class='ocr_par' dir='ltr' id='par_1_5' title="bbox 426 727 2009 796">
     <span class='ocr_line' id='line_1_5' title="bbox 426 727 2009 796; baseline 0 -17"><span class='ocrx_word' id='word_1_27' title='bbox 426 741 557 780; x_wconf 89' lang='lat' dir='ltr'><strong>num</strong></span> <span class='ocrx_word' id='word_1_28' title='bbox 610 727 858 782; x_wconf 89' lang='lat' dir='ltr'><strong>omnium</strong></span> <span class='ocrx_word' id='word_1_29' title='bbox 908 727 1284 783; x_wconf 89' lang='lat' dir='ltr'><strong>certissimum</strong></span> <span class='ocrx_word' id='word_1_30' title='bbox 1348 727 1693 782; x_wconf 81' lang='lat' dir='ltr'><strong>remedium:</strong></span> <span class='ocrx_word' id='word_1_31' title='bbox 1748 727 2009 796; x_wconf 87' lang='lat' dir='ltr'><strong>illiusque</strong></span> 
     </span>
    </p>
   </div>
   <div class='ocr_carea' id='block_1_6' title="bbox 424 818 2010 889">
    <p class='ocr_par' dir='ltr' id='par_1_6' title="bbox 424 818 2010 889">
     <span class='ocr_line' id='line_1_6' title="bbox 424 818 2010 889; baseline 0.003 -21"><span class='ocrx_word' id='word_1_32' title='bbox 424 818 592 873; x_wconf 83' lang='lat' dir='ltr'><strong>verba</strong></span> <span class='ocrx_word' id='word_1_33' title='bbox 641 820 807 889; x_wconf 90' lang='lat' dir='ltr'><strong>(quod</strong></span> <span class='ocrx_word' id='word_1_34' title='bbox 827 818 991 874; x_wconf 91' lang='lat' dir='ltr'><strong>etiam</strong></span> <span class='ocrx_word' id='word_1_35' title='bbox 1025 818 1184 874; x_wconf 84' lang='lat' dir='ltr'><strong>valde</strong></span> <span class='ocrx_word' id='word_1_36' title='bbox 1209 819 1596 874; x_wconf 87' lang='lat' dir='ltr'><strong>admirandum</strong></span> <span class='ocrx_word' id='word_1_37' title='bbox 1625 828 1731 885; x_wconf 88' lang='lat' dir='ltr'><strong>est,</strong></span> <span class='ocrx_word' id='word_1_38' title='bbox 1760 827 1817 873; x_wconf 84' lang='lat' dir='ltr'><strong>et</strong></span> <span class='ocrx_word' id='word_1_39' title='bbox 1845 818 2010 888; x_wconf 89' lang='lat' dir='ltr'><strong>hujus</strong></span> 
     </span>
    </p>
   </div>
   <div class='ocr_carea' id='block_1_7' title="bbox 423 909 2011 983">
    <p class='ocr_par' dir='ltr' id='par_1_7' title="bbox 423 909 2011 983">
     <span class='ocr_line' id='line_1_7' title="bbox 423 909 2011 983; baseline 0.001 -21"><span class='ocrx_word' id='word_1_40' title='bbox 423 911 608 979; x_wconf 87' lang='lat' dir='ltr'><strong>operis</strong></span> <span class='ocrx_word' id='word_1_41' title='bbox 640 909 949 980; x_wconf 87' lang='lat' dir='ltr'><strong>proprium)</strong></span> <span class='ocrx_word' id='word_1_42' title='bbox 975 912 1240 967; x_wconf 90' lang='lat' dir='ltr'><strong>omnibus</strong></span> <span class='ocrx_word' id='word_1_43' title='bbox 1270 922 1589 983; x_wconf 79' lang='lat' dir='ltr'><strong>congruunt</strong></span> <span class='ocrx_word' id='word_1_44' title='bbox 1622 920 1787 980; x_wconf 81' lang='lat' dir='ltr'><strong>atque</strong></span> <span class='ocrx_word' id='word_1_45' title='bbox 1818 922 2011 981; x_wconf 87' lang='lat' dir='ltr'><strong>aptan-</strong></span> 
     </span>
    </p>
   </div>
   <div class='ocr_carea' id='block_1_8' title="bbox 427 1002 2012 1075">
    <p class='ocr_par' dir='ltr' id='par_1_8' title="bbox 427 1002 2012 1075">
     <span class='ocr_line' id='line_1_8' title="bbox 427 1002 2012 1075; baseline 0.003 -21"><span class='ocrx_word' id='word_1_46' title='bbox 427 1015 519 1058; x_wconf 86' lang='lat' dir='ltr'><strong>tur</strong></span> <span class='ocrx_word' id='word_1_47' title='bbox 572 1003 910 1060; x_wconf 89' lang='lat' dir='ltr'><strong>hominibus.</strong></span> <span class='ocrx_word' id='word_1_48' title='bbox 968 1002 1125 1059; x_wconf 89' lang='lat' dir='ltr'><strong>Nulla</strong></span> <span class='ocrx_word' id='word_1_49' title='bbox 1195 1017 1280 1061; x_wconf 86' lang='lat' dir='ltr'><strong>est</strong></span> <span class='ocrx_word' id='word_1_50' title='bbox 1341 1006 1510 1075; x_wconf 77' lang='lat' dir='ltr'><strong>igitur</strong></span> <span class='ocrx_word' id='word_1_51' title='bbox 1560 1006 1704 1060; x_wconf 87' lang='lat' dir='ltr'><strong>inter</strong></span> <span class='ocrx_word' id='word_1_52' title='bbox 1760 1005 2012 1059; x_wconf 88' lang='lat' dir='ltr'><strong>homines</strong></span> 
     </span>
    </p>
   </div>
   <div class='ocr_carea' id='block_1_9' title="bbox 426 1094 2011 1167">
    <p class='ocr_par' dir='ltr' id='par_1_9' title="bbox 426 1094 2011 1167">
     <span class='ocr_line' id='line_1_9' title="bbox 426 1094 2011 1167; baseline 0 -18"><span class='ocrx_word' id='word_1_53' title='bbox 426 1094 593 1159; x_wconf 87' lang='lat' dir='ltr'><strong>actio,</strong></span> <span class='ocrx_word' id='word_1_54' title='bbox 644 1095 796 1150; x_wconf 84' lang='lat' dir='ltr'><strong>nulla</strong></span> <span class='ocrx_word' id='word_1_55' title='bbox 842 1096 1006 1157; x_wconf 91' lang='lat' dir='ltr'><strong>ratio,</strong></span> <span class='ocrx_word' id='word_1_56' title='bbox 1057 1096 1206 1151; x_wconf 89' lang='lat' dir='ltr'><strong>nulla</strong></span> <span class='ocrx_word' id='word_1_57' title='bbox 1243 1096 1480 1162; x_wconf 75' lang='lat' dir='ltr'><strong>affectio,</strong></span> <span class='ocrx_word' id='word_1_58' title='bbox 1533 1097 1682 1152; x_wconf 90' lang='lat' dir='ltr'><strong>nulla</strong></span> <span class='ocrx_word' id='word_1_59' title='bbox 1729 1098 2011 1167; x_wconf 69' lang='lat' dir='ltr'><strong>agitatio,</strong></span> 
     </span>
    </p>
   </div>
   <div class='ocr_carea' id='block_1_10' title="bbox 425 1187 2012 1259">
    <p class='ocr_par' dir='ltr' id='par_1_10' title="bbox 425 1187 2012 1259">
     <span class='ocr_line' id='line_1_10' title="bbox 425 1187 2012 1259; baseline 0.001 -18"><span class='ocrx_word' id='word_1_60' title='bbox 425 1187 585 1254; x_wconf 73' lang='lat' dir='ltr'><strong>cuius</strong></span> <span class='ocrx_word' id='word_1_61' title='bbox 604 1187 932 1242; x_wconf 88' lang='lat' dir='ltr'><strong>medicinam</strong></span> <span class='ocrx_word' id='word_1_62' title='bbox 968 1188 1058 1243; x_wconf 93' lang='lat' dir='ltr'><strong>hic</strong></span> <span class='ocrx_word' id='word_1_63' title='bbox 1084 1189 1329 1243; x_wconf 88' lang='lat' dir='ltr'><strong>invenire</strong></span> <span class='ocrx_word' id='word_1_64' title='bbox 1360 1205 1469 1243; x_wconf 91' lang='lat' dir='ltr'><strong>non</strong></span> <span class='ocrx_word' id='word_1_65' title='bbox 1506 1190 1689 1259; x_wconf 89' lang='lat' dir='ltr'><strong>possis</strong></span> <span class='ocrx_word' id='word_1_66' title='bbox 1722 1189 2012 1243; x_wconf 88' lang='lat' dir='ltr'><strong>:cumulus</strong></span> 
     </span>
    </p>
   </div>
   <div class='ocr_carea' id='block_1_11' title="bbox 428 1264 2009 1349">
    <p class='ocr_par' dir='ltr' id='par_1_11' title="bbox 428 1264 2009 1349">
     <span class='ocr_line' id='line_1_11' title="bbox 428 1264 2009 1349; baseline 0 -17"><span class='ocrx_word' id='word_1_67' title='bbox 428 1278 574 1332; x_wconf 84' lang='lat' dir='ltr'><strong>enim</strong></span> <span class='ocrx_word' id='word_1_68' title='bbox 623 1285 677 1332; x_wconf 91' lang='lat' dir='ltr'><strong>et</strong></span> <span class='ocrx_word' id='word_1_69' title='bbox 728 1294 960 1334; x_wconf 82' lang='lat' dir='ltr'><strong>acervus</strong></span> <span class='ocrx_word' id='word_1_70' title='bbox 1009 1281 1231 1349; x_wconf 89' lang='lat' dir='ltr'><strong>quidam</strong></span> <span class='ocrx_word' id='word_1_71' title='bbox 1282 1264 1466 1336; x_wconf 85' lang='lat' dir='ltr'><strong>rerum</strong></span> <span class='ocrx_word' id='word_1_72' title='bbox 1499 1281 1781 1347; x_wconf 88' lang='lat' dir='ltr'><strong>est,on.ui</strong></span> <span class='ocrx_word' id='word_1_73' title='bbox 1816 1281 2009 1349; x_wconf 88' lang='lat' dir='ltr'><strong>plenus</strong></span> 
     </span>
    </p>
   </div>
   <div class='ocr_carea' id='block_1_12' title="bbox 426 1369 2012 1443">
    <p class='ocr_par' dir='ltr' id='par_1_12' title="bbox 426 1369 2012 1443">
     <span class='ocr_line' id='line_1_12' title="bbox 426 1369 2012 1443; baseline 0.004 -24"><span class='ocrx_word' id='word_1_74' title='bbox 426 1369 553 1423; x_wconf 71' lang='lat' dir='ltr'><strong>vitae</strong></span> <span class='ocrx_word' id='word_1_75' title='bbox 579 1371 1023 1433; x_wconf 85' lang='lat' dir='ltr'><strong>conversatione,</strong></span> <span class='ocrx_word' id='word_1_76' title='bbox 1045 1373 1191 1426; x_wconf 90' lang='lat' dir='ltr'><strong>omni</strong></span> <span class='ocrx_word' id='word_1_77' title='bbox 1218 1373 1682 1443; x_wconf 82' lang='lat' dir='ltr'><strong>contemplatione</strong></span> <span class='ocrx_word' id='word_1_78' title='bbox 1714 1391 1727 1426; x_wconf 91' lang='lat'><strong>:</strong></span> <span class='ocrx_word' id='word_1_79' title='bbox 1753 1388 1817 1427; x_wconf 88' lang='lat' dir='ltr'><strong>ac</strong></span> <span class='ocrx_word' id='word_1_80' title='bbox 1844 1371 2012 1427; x_wconf 85' lang='lat' dir='ltr'><strong>veluti</strong></span> 
     </span>
    </p>
   </div>
   <div class='ocr_carea' id='block_1_13' title="bbox 424 1460 2010 1534">
    <p class='ocr_par' dir='ltr' id='par_1_13' title="bbox 424 1460 2010 1534">
     <span class='ocr_line' id='line_1_13' title="bbox 424 1460 2010 1534; baseline 0.001 -20"><span class='ocrx_word' id='word_1_81' title='bbox 424 1476 571 1527; x_wconf 91' lang='lat' dir='ltr'><strong>penu</strong></span> <span class='ocrx_word' id='word_1_82' title='bbox 597 1460 873 1531; x_wconf 87' lang='lat' dir='ltr'><strong>quoddam</strong></span> <span class='ocrx_word' id='word_1_83' title='bbox 915 1462 1179 1519; x_wconf 74' lang='lat' dir='ltr'><strong>doctrina:</strong></span> <span class='ocrx_word' id='word_1_84' title='bbox 1211 1465 1517 1533; x_wconf 88' lang='lat' dir='ltr'><strong>publicum,</strong></span> <span class='ocrx_word' id='word_1_85' title='bbox 1554 1465 1850 1533; x_wconf 71' lang='lat' dir='ltr'><strong>unicuique</strong></span> <span class='ocrx_word' id='word_1_86' title='bbox 1884 1471 2010 1534; x_wconf 88' lang='lat' dir='ltr'><strong>apta</strong></span> 
     </span>
    </p>
   </div>
   <div class='ocr_carea' id='block_1_14' title="bbox 424 1553 2014 1624">
    <p class='ocr_par' dir='ltr' id='par_1_14' title="bbox 424 1553 2014 1624">
     <span class='ocr_line' id='line_1_14' title="bbox 424 1553 2014 1624; baseline 0.001 -19"><span class='ocrx_word' id='word_1_87' title='bbox 424 1561 478 1606; x_wconf 90' lang='lat' dir='ltr'><strong>et</strong></span> <span class='ocrx_word' id='word_1_88' title='bbox 524 1555 908 1608; x_wconf 82' lang='lat' dir='ltr'><strong>convenientia</strong></span> <span class='ocrx_word' id='word_1_89' title='bbox 950 1554 1254 1609; x_wconf 83' lang='lat' dir='ltr'><strong>distribuit.</strong></span> <span class='ocrx_word' id='word_1_90' title='bbox 1292 1553 1430 1608; x_wconf 84' lang='lat' dir='ltr'><strong>Nam</strong></span> <span class='ocrx_word' id='word_1_91' title='bbox 1475 1564 1525 1609; x_wconf 89' lang='lat' dir='ltr'><strong>et</strong></span> <span class='ocrx_word' id='word_1_92' title='bbox 1557 1555 1783 1624; x_wconf 80' lang='lat' dir='ltr'><strong>antiqua</strong></span> <span class='ocrx_word' id='word_1_93' title='bbox 1813 1562 2014 1624; x_wconf 80' lang='lat' dir='ltr'><strong>purgat</strong></span> 
     </span>
    </p>
   </div>
   <div class='ocr_carea' id='block_1_15' title="bbox 429 1644 2016 1717">
    <p class='ocr_par' dir='ltr' id='par_1_15' title="bbox 429 1644 2016 1717">
     <span class='ocr_line' id='line_1_15' title="bbox 429 1644 2016 1717; baseline 0.003 -21"><span class='ocrx_word' id='word_1_94' title='bbox 429 1644 681 1708; x_wconf 66' lang='lat' dir='ltr'><strong>vulnera,</strong></span> <span class='ocrx_word' id='word_1_95' title='bbox 715 1656 773 1701; x_wconf 91' lang='lat' dir='ltr'><strong>et</strong></span> <span class='ocrx_word' id='word_1_96' title='bbox 796 1662 972 1716; x_wconf 83' lang='lat' dir='ltr'><strong>nuper</strong></span> <span class='ocrx_word' id='word_1_97' title='bbox 1004 1647 1170 1702; x_wconf 87' lang='lat' dir='ltr'><strong>illatis</strong></span> <span class='ocrx_word' id='word_1_98' title='bbox 1202 1647 1439 1703; x_wconf 87' lang='lat' dir='ltr'><strong>celerem</strong></span> <span class='ocrx_word' id='word_1_99' title='bbox 1468 1647 1845 1702; x_wconf 84' lang='lat' dir='ltr'><strong>liberationem</strong></span> <span class='ocrx_word' id='word_1_100' title='bbox 1876 1661 2016 1717; x_wconf 47' lang='lat' dir='ltr'><strong>prae-</strong></span> 
     </span>
    </p>
   </div>
   <div class='ocr_carea' id='block_1_16' title="bbox 342 1737 2016 1810">
    <p class='ocr_par' dir='ltr' id='par_1_16' title="bbox 342 1737 2016 1810">
     <span class='ocr_line' id='line_1_16' title="bbox 342 1737 2016 1810; baseline -0.001 -19"><span class='ocrx_word' id='word_1_101' title='bbox 342 1788 345 1791; x_wconf 89' lang='lat'><strong>.</strong></span> <span class='ocrx_word' id='word_1_102' title='bbox 425 1745 555 1793; x_wconf 83' lang='lat' dir='ltr'><strong>stat.</strong></span> <span class='ocrx_word' id='word_1_103' title='bbox 590 1737 824 1807; x_wconf 87' lang='lat' dir='ltr'><strong>Insuper</strong></span> <span class='ocrx_word' id='word_1_104' title='bbox 852 1739 996 1809; x_wconf 83' lang='lat' dir='ltr'><strong>quod</strong></span> <span class='ocrx_word' id='word_1_105' title='bbox 1028 1740 1300 1810; x_wconf 79' lang='lat' dir='ltr'><strong>integrum</strong></span> <span class='ocrx_word' id='word_1_106' title='bbox 1326 1748 1437 1806; x_wconf 85' lang='lat' dir='ltr'><strong>est,</strong></span> <span class='ocrx_word' id='word_1_107' title='bbox 1482 1753 1675 1793; x_wconf 87' lang='lat' dir='ltr'><strong>sanum</strong></span> <span class='ocrx_word' id='word_1_108' title='bbox 1709 1738 2016 1793; x_wconf 88' lang='lat' dir='ltr'><strong>sincerum-</strong></span> 
     </span>
    </p>
   </div>
   <div class='ocr_carea' id='block_1_17' title="bbox 424 1830 2013 1899">
    <p class='ocr_par' dir='ltr' id='par_1_17' title="bbox 424 1830 2013 1899">
     <span class='ocr_line' id='line_1_17' title="bbox 424 1830 2013 1899; baseline -0.003 -15"><span class='ocrx_word' id='word_1_109' title='bbox 424 1844 532 1892; x_wconf 76' lang='lat' dir='ltr'><strong>que</strong></span> <span class='ocrx_word' id='word_1_110' title='bbox 582 1840 921 1885; x_wconf 74' lang='lat' dir='ltr'><strong>conservat:</strong></span> <span class='ocrx_word' id='word_1_111' title='bbox 963 1831 1373 1886; x_wconf 82' lang='lat' dir='ltr'><strong>multitudinem</strong></span> <span class='ocrx_word' id='word_1_112' title='bbox 1413 1845 1541 1886; x_wconf 89' lang='lat' dir='ltr'><strong>vero</strong></span> <span class='ocrx_word' id='word_1_113' title='bbox 1576 1830 1752 1899; x_wconf 86' lang='lat' dir='ltr'><strong>ipsam</strong></span> <span class='ocrx_word' id='word_1_114' title='bbox 1786 1842 2013 1899; x_wconf 84' lang='lat' dir='ltr'><strong>prorsus</strong></span> 
     </span>
    </p>
   </div>
   <div class='ocr_carea' id='block_1_18' title="bbox 424 1920 2015 1994">
    <p class='ocr_par' dir='ltr' id='par_1_18' title="bbox 424 1920 2015 1994">
     <span class='ocr_line' id='line_1_18' title="bbox 424 1920 2015 1994; baseline -0.001 -20"><span class='ocrx_word' id='word_1_115' title='bbox 424 1920 600 1976; x_wconf 86' lang='lat' dir='ltr'><strong>allicit</strong></span> <span class='ocrx_word' id='word_1_116' title='bbox 625 1937 691 1977; x_wconf 91' lang='lat' dir='ltr'><strong>ac</strong></span> <span class='ocrx_word' id='word_1_117' title='bbox 720 1923 917 1979; x_wconf 84' lang='lat' dir='ltr'><strong>suadet</strong></span> <span class='ocrx_word' id='word_1_118' title='bbox 957 1925 1112 1977; x_wconf 85' lang='lat' dir='ltr'><strong>suavi</strong></span> <span class='ocrx_word' id='word_1_119' title='bbox 1142 1923 1376 1994; x_wconf 90' lang='lat' dir='ltr'><strong>quadam</strong></span> <span class='ocrx_word' id='word_1_120' title='bbox 1412 1936 1536 1977; x_wconf 91' lang='lat' dir='ltr'><strong>cum</strong></span> <span class='ocrx_word' id='word_1_121' title='bbox 1567 1921 1934 1977; x_wconf 82' lang='lat' dir='ltr'><strong>delectatione</strong></span> <span class='ocrx_word' id='word_1_122' title='bbox 1961 1926 2015 1972; x_wconf 87' lang='lat' dir='ltr'><strong>et</strong></span> 
     </span>
    </p>
   </div>
   <div class='ocr_carea' id='block_1_19' title="bbox 422 2012 2011 2085">
    <p class='ocr_par' dir='ltr' id='par_1_19' title="bbox 422 2012 2011 2085">
     <span class='ocr_line' id='line_1_19' title="bbox 422 2012 2011 2085; baseline 0 -20"><span class='ocrx_word' id='word_1_123' title='bbox 422 2013 661 2069; x_wconf 82' lang='lat' dir='ltr'><strong>honesta</strong></span> <span class='ocrx_word' id='word_1_124' title='bbox 690 2017 971 2085; x_wconf 83' lang='lat' dir='ltr'><strong>voluptate</strong></span> <span class='ocrx_word' id='word_1_125' title='bbox 1004 2033 1017 2069; x_wconf 89' lang='lat'><strong>:</strong></span> <span class='ocrx_word' id='word_1_126' title='bbox 1059 2017 1195 2070; x_wconf 89' lang='lat' dir='ltr'><strong>adeo</strong></span> <span class='ocrx_word' id='word_1_127' title='bbox 1234 2023 1291 2069; x_wconf 92' lang='lat' dir='ltr'><strong>ut</strong></span> <span class='ocrx_word' id='word_1_128' title='bbox 1330 2029 1425 2083; x_wconf 86' lang='lat' dir='ltr'><strong>per</strong></span> <span class='ocrx_word' id='word_1_129' title='bbox 1466 2013 1720 2068; x_wconf 88' lang='lat' dir='ltr'><strong>blandam</strong></span> <span class='ocrx_word' id='word_1_130' title='bbox 1748 2020 1802 2066; x_wconf 90' lang='lat' dir='ltr'><strong>et</strong></span> <span class='ocrx_word' id='word_1_131' title='bbox 1836 2012 2011 2066; x_wconf 84' lang='lat' dir='ltr'><strong>lenem</strong></span> 
     </span>
    </p>
   </div>
   <div class='ocr_carea' id='block_1_20' title="bbox 420 2103 2015 2172">
    <p class='ocr_par' dir='ltr' id='par_1_20' title="bbox 420 2103 2015 2172">
     <span class='ocr_line' id='line_1_20' title="bbox 420 2103 2015 2172; baseline -0.003 -14"><span class='ocrx_word' id='word_1_132' title='bbox 420 2104 577 2159; x_wconf 86' lang='lat' dir='ltr'><strong>illam</strong></span> <span class='ocrx_word' id='word_1_133' title='bbox 638 2121 852 2172; x_wconf 89' lang='lat' dir='ltr'><strong>vocem,</strong></span> <span class='ocrx_word' id='word_1_134' title='bbox 910 2107 1204 2161; x_wconf 89' lang='lat' dir='ltr'><strong>utilitatem</strong></span> <span class='ocrx_word' id='word_1_135' title='bbox 1257 2117 1313 2160; x_wconf 91' lang='lat' dir='ltr'><strong>et</strong></span> <span class='ocrx_word' id='word_1_136' title='bbox 1361 2104 1709 2161; x_wconf 84' lang='lat' dir='ltr'><strong>commodum</strong></span> <span class='ocrx_word' id='word_1_137' title='bbox 1780 2103 2015 2157; x_wconf 85' lang='lat' dir='ltr'><strong>latenter</strong></span> 
     </span>
    </p>
   </div>
   <div class='ocr_carea' id='block_1_21' title="bbox 2116 630 3703 710">
    <p class='ocr_par' dir='ltr' id='par_1_21' title="bbox 2116 630 3703 710">
     <span class='ocr_line' id='line_1_21' title="bbox 2116 630 3703 710; baseline -0.001 -21"><span class='ocrx_word' id='word_1_138' title='bbox 2116 637 2358 707; x_wconf 82' lang='grc' dir='ltr'>θρώποις</span> <span class='ocrx_word' id='word_1_139' title='bbox 2384 640 2719 710; x_wconf 74' lang='grc' dir='ltr'>ἀρμόζουσιν</span> <span class='ocrx_word' id='word_1_140' title='bbox 2761 640 2790 692; x_wconf 83' lang='grc' dir='ltr'><strong>ὃ</strong></span> <span class='ocrx_word' id='word_1_141' title='bbox 2822 639 2919 692; x_wconf 81' lang='grc' dir='ltr'><strong>καὶ</strong></span> <span class='ocrx_word' id='word_1_142' title='bbox 2942 630 3427 708; x_wconf 79' lang='grc' dir='ltr'>θαυμασιώτατον,</span> <span class='ocrx_word' id='word_1_143' title='bbox 3462 636 3557 690; x_wconf 77' lang='grc' dir='ltr'><strong>καὶ</strong></span> <span class='ocrx_word' id='word_1_144' title='bbox 3602 635 3703 703; x_wconf 79' lang='grc' dir='ltr'>τῆς</span> 
     </span>
    </p>
   </div>
   <div class='ocr_carea' id='block_1_22' title="bbox 2117 724 3704 801">
    <p class='ocr_par' dir='ltr' id='par_1_22' title="bbox 2117 724 3704 801">
     <span class='ocr_line' id='line_1_22' title="bbox 2117 724 3704 801; baseline -0.002 -20"><span class='ocrx_word' id='word_1_145' title='bbox 2117 729 2301 800; x_wconf 77' lang='grc' dir='ltr'>βίϐλου</span> <span class='ocrx_word' id='word_1_146' title='bbox 2336 730 2542 801; x_wconf 80' lang='grc' dir='ltr'>ταύτης</span> <span class='ocrx_word' id='word_1_147' title='bbox 2567 730 2885 787; x_wconf 77' lang='grc' dir='ltr'>ίδιαίτατον.</span> <span class='ocrx_word' id='word_1_148' title='bbox 2908 730 3024 783; x_wconf 78' lang='grc' dir='ltr'><strong>Οὐκ</strong></span> <span class='ocrx_word' id='word_1_149' title='bbox 3058 729 3205 783; x_wconf 77' lang='grc' dir='ltr'>ἔστιν</span> <span class='ocrx_word' id='word_1_150' title='bbox 3247 724 3343 781; x_wconf 74' lang='grc' dir='ltr'><strong>οὗν</strong></span> <span class='ocrx_word' id='word_1_151' title='bbox 3380 730 3438 781; x_wconf 81' lang='grc' dir='ltr'><strong>ὲν</strong></span> <span class='ocrx_word' id='word_1_152' title='bbox 3488 726 3704 798; x_wconf 85' lang='grc' dir='ltr'>ἀνθρώ-</span> 
     </span>
    </p>
   </div>
   <div class='ocr_carea' id='block_1_23' title="bbox 2115 820 3700 894">
    <p class='ocr_par' dir='ltr' id='par_1_23' title="bbox 2115 820 3700 894">
     <span class='ocr_line' id='line_1_23' title="bbox 2115 820 3700 894; baseline -0.001 -20"><span class='ocrx_word' id='word_1_153' title='bbox 2115 839 2260 886; x_wconf 87' lang='grc' dir='ltr'>ποις,</span> <span class='ocrx_word' id='word_1_154' title='bbox 2288 824 2349 875; x_wconf 80' lang='grc' dir='ltr'>οὐ</span> <span class='ocrx_word' id='word_1_155' title='bbox 2390 823 2614 894; x_wconf 78' lang='grc' dir='ltr'>πρᾶξις,</span> <span class='ocrx_word' id='word_1_156' title='bbox 2648 824 2707 877; x_wconf 82' lang='grc' dir='ltr'>οὐ</span> <span class='ocrx_word' id='word_1_157' title='bbox 2746 824 2928 890; x_wconf 84' lang='grc' dir='ltr'>λόγος,</span> <span class='ocrx_word' id='word_1_158' title='bbox 2959 824 3021 876; x_wconf 85' lang='grc' dir='ltr'>οὐ</span> <span class='ocrx_word' id='word_1_159' title='bbox 3063 824 3256 886; x_wconf 79' lang='grc' dir='ltr'>πάθος,</span> <span class='ocrx_word' id='word_1_160' title='bbox 3310 822 3373 874; x_wconf 77' lang='grc' dir='ltr'>οὐ</span> <span class='ocrx_word' id='word_1_161' title='bbox 3404 820 3700 890; x_wconf 81' lang='grc' dir='ltr'><strong>διανόημα,</strong></span> 
     </span>
    </p>
   </div>
   <div class='ocr_carea' id='block_1_24' title="bbox 2115 907 3703 985">
    <p class='ocr_par' dir='ltr' id='par_1_24' title="bbox 2115 907 3703 985">
     <span class='ocr_line' id='line_1_24' title="bbox 2115 907 3703 985; baseline -0.003 -19"><span class='ocrx_word' id='word_1_162' title='bbox 2115 907 2177 966; x_wconf 75' lang='grc' dir='ltr'><strong>οὗ</strong></span> <span class='ocrx_word' id='word_1_163' title='bbox 2212 914 2285 983; x_wconf 86' lang='grc' dir='ltr'>μὴ</span> <span class='ocrx_word' id='word_1_164' title='bbox 2316 914 2415 983; x_wconf 78' lang='grc' dir='ltr'>τὴν</span> <span class='ocrx_word' id='word_1_165' title='bbox 2451 915 2696 985; x_wconf 76' lang='grc' dir='ltr'>ἰατρείαν</span> <span class='ocrx_word' id='word_1_166' title='bbox 2724 913 2878 984; x_wconf 76' lang='grc' dir='ltr'>εὖροι</span> <span class='ocrx_word' id='word_1_167' title='bbox 2916 933 3002 976; x_wconf 79' lang='grc' dir='ltr'><strong>τις</strong></span> <span class='ocrx_word' id='word_1_168' title='bbox 3038 913 3276 966; x_wconf 76' lang='grc' dir='ltr'>ἐνταῦθα</span> <span class='ocrx_word' id='word_1_169' title='bbox 3308 929 3322 943; x_wconf 90' lang='grc'><strong>·</strong></span> <span class='ocrx_word' id='word_1_170' title='bbox 3359 912 3703 981; x_wconf 73' lang='grc' dir='ltr'><strong>συμφόρημα</strong></span> 
     </span>
    </p>
   </div>
   <div class='ocr_carea' id='block_1_25' title="bbox 2116 1002 3702 1077">
    <p class='ocr_par' dir='ltr' id='par_1_25' title="bbox 2116 1002 3702 1077">
     <span class='ocr_line' id='line_1_25' title="bbox 2116 1002 3702 1077; baseline -0.005 -16"><span class='ocrx_word' id='word_1_171' title='bbox 2116 1008 2227 1077; x_wconf 83' lang='grc' dir='ltr'><strong>γάρ</strong></span> <span class='ocrx_word' id='word_1_172' title='bbox 2265 1010 2382 1060; x_wconf 80' lang='grc' dir='ltr'>ἐστι</span> <span class='ocrx_word' id='word_1_173' title='bbox 2441 1006 2626 1077; x_wconf 79' lang='grc' dir='ltr'>πάσης</span> <span class='ocrx_word' id='word_1_174' title='bbox 2678 1005 2919 1076; x_wconf 73' lang='grc' dir='ltr'>ἔμπλεον</span> <span class='ocrx_word' id='word_1_175' title='bbox 2978 1004 3214 1074; x_wconf 81' lang='grc' dir='ltr'><strong>Θεωρίας</strong></span> <span class='ocrx_word' id='word_1_176' title='bbox 3269 1003 3366 1056; x_wconf 73' lang='grc' dir='ltr'><strong>καὶ</strong></span> <span class='ocrx_word' id='word_1_177' title='bbox 3400 1002 3702 1065; x_wconf 75' lang='grc' dir='ltr'><strong>πολιτείας,</strong></span> 
     </span>
    </p>
   </div>
   <div class='ocr_carea' id='block_1_26' title="bbox 2116 1087 3703 1169">
    <p class='ocr_par' dir='ltr' id='par_1_26' title="bbox 2116 1087 3703 1169">
     <span class='ocr_line' id='line_1_26' title="bbox 2116 1087 3703 1169; baseline -0.006 -18"><span class='ocrx_word' id='word_1_178' title='bbox 2116 1099 2379 1168; x_wconf 81' lang='grc' dir='ltr'>δημόσιον</span> <span class='ocrx_word' id='word_1_179' title='bbox 2402 1100 2628 1169; x_wconf 83' lang='grc' dir='ltr'>ταμεῖον</span> <span class='ocrx_word' id='word_1_180' title='bbox 2660 1094 3014 1159; x_wconf 77' lang='grc' dir='ltr'><strong>διδασκαλίας</strong></span> <span class='ocrx_word' id='word_1_181' title='bbox 3044 1093 3428 1162; x_wconf 79' lang='grc' dir='ltr'><strong>παρεχόμενον</strong></span> <span class='ocrx_word' id='word_1_182' title='bbox 3464 1087 3703 1143; x_wconf 78' lang='grc' dir='ltr'>ἐνταῦθα</span> 
     </span>
    </p>
   </div>
   <div class='ocr_carea' id='block_1_27' title="bbox 2117 1180 3705 1261">
    <p class='ocr_par' dir='ltr' id='par_1_27' title="bbox 2117 1180 3705 1261">
     <span class='ocr_line' id='line_1_27' title="bbox 2117 1180 3705 1261; baseline -0.007 -18"><span class='ocrx_word' id='word_1_183' title='bbox 2117 1192 2177 1243; x_wconf 85' lang='grc' dir='ltr'>τὸ</span> <span class='ocrx_word' id='word_1_184' title='bbox 2205 1191 2519 1261; x_wconf 74' lang='grc' dir='ltr'><strong>πρόσφορον</strong></span> <span class='ocrx_word' id='word_1_185' title='bbox 2552 1205 2565 1218; x_wconf 88' lang='grc'><strong>·</strong></span> <span class='ocrx_word' id='word_1_186' title='bbox 2598 1189 2667 1242; x_wconf 88' lang='grc' dir='ltr'><strong>τά</strong></span> <span class='ocrx_word' id='word_1_187' title='bbox 2696 1207 2753 1241; x_wconf 90' lang='grc' dir='ltr'><strong>τε</strong></span> <span class='ocrx_word' id='word_1_188' title='bbox 2776 1187 2885 1258; x_wconf 80' lang='grc' dir='ltr'><strong>γὰρ</strong></span> <span class='ocrx_word' id='word_1_189' title='bbox 2915 1185 3126 1239; x_wconf 74' lang='grc' dir='ltr'>παλαιὰ</span> <span class='ocrx_word' id='word_1_190' title='bbox 3167 1183 3463 1255; x_wconf 76' lang='grc' dir='ltr'>τραύματα</span> <span class='ocrx_word' id='word_1_191' title='bbox 3505 1180 3705 1234; x_wconf 83' lang='grc' dir='ltr'>καθαί-</span> 
     </span>
    </p>
   </div>
   <div class='ocr_carea' id='block_1_28' title="bbox 2122 1272 3702 1351">
    <p class='ocr_par' dir='ltr' id='par_1_28' title="bbox 2122 1272 3702 1351">
     <span class='ocr_line' id='line_1_28' title="bbox 2122 1272 3702 1351; baseline -0.007 -18"><span class='ocrx_word' id='word_1_192' title='bbox 2122 1299 2225 1350; x_wconf 86' lang='grc' dir='ltr'>ρει,</span> <span class='ocrx_word' id='word_1_193' title='bbox 2259 1281 2353 1333; x_wconf 70' lang='grc' dir='ltr'>καὶ</span> <span class='ocrx_word' id='word_1_194' title='bbox 2380 1278 2459 1351; x_wconf 82' lang='grc' dir='ltr'><strong>τῷ</strong></span> <span class='ocrx_word' id='word_1_195' title='bbox 2490 1280 2774 1350; x_wconf 87' lang='grc' dir='ltr'>νεοτρώτῳ</span> <span class='ocrx_word' id='word_1_196' title='bbox 2809 1280 3036 1348; x_wconf 84' lang='grc' dir='ltr'>ταχεῖαν</span> <span class='ocrx_word' id='word_1_197' title='bbox 3082 1275 3300 1329; x_wconf 87' lang='grc' dir='ltr'>δίδωσιν</span> <span class='ocrx_word' id='word_1_198' title='bbox 3356 1272 3702 1341; x_wconf 76' lang='grc' dir='ltr'>ἀπαλλαγὴν,</span> 
     </span>
    </p>
   </div>
   <div class='ocr_carea' id='block_1_29' title="bbox 2118 1362 3705 1442">
    <p class='ocr_par' dir='ltr' id='par_1_29' title="bbox 2118 1362 3705 1442">
     <span class='ocr_line' id='line_1_29' title="bbox 2118 1362 3705 1442; baseline -0.006 -18"><span class='ocrx_word' id='word_1_199' title='bbox 2118 1374 2212 1425; x_wconf 69' lang='grc' dir='ltr'><strong>καὶ</strong></span> <span class='ocrx_word' id='word_1_200' title='bbox 2244 1372 2306 1425; x_wconf 77' lang='grc' dir='ltr'>τὸ</span> <span class='ocrx_word' id='word_1_201' title='bbox 2324 1372 2582 1442; x_wconf 79' lang='grc' dir='ltr'><strong>ἀκέραιον</strong></span> <span class='ocrx_word' id='word_1_202' title='bbox 2615 1372 2891 1442; x_wconf 82' lang='grc' dir='ltr'>συντηρεῖ,</span> <span class='ocrx_word' id='word_1_203' title='bbox 2925 1369 3021 1423; x_wconf 73' lang='grc' dir='ltr'><strong>καὶ</strong></span> <span class='ocrx_word' id='word_1_204' title='bbox 3038 1368 3267 1422; x_wconf 75' lang='grc' dir='ltr'><strong>καθόλου</strong></span> <span class='ocrx_word' id='word_1_205' title='bbox 3295 1369 3403 1421; x_wconf 85' lang='grc' dir='ltr'>πᾶν</span> <span class='ocrx_word' id='word_1_206' title='bbox 3429 1363 3601 1427; x_wconf 80' lang='grc' dir='ltr'>πάθος</span> <span class='ocrx_word' id='word_1_207' title='bbox 3626 1362 3705 1434; x_wconf 76' lang='grc' dir='ltr'><strong>(Ιι)</strong></span> 
     </span>
    </p>
   </div>
   <div class='ocr_carea' id='block_1_30' title="bbox 2117 1445 3705 1531">
    <p class='ocr_par' dir='ltr' id='par_1_30' title="bbox 2117 1445 3705 1531">
     <span class='ocr_line' id='line_1_30' title="bbox 2117 1445 3705 1531; baseline -0.005 -18"><span class='ocrx_word' id='word_1_208' title='bbox 2117 1462 2444 1531; x_wconf 77' lang='grc' dir='ltr'>ἐξαιρεῖται,</span> <span class='ocrx_word' id='word_1_209' title='bbox 2469 1458 2741 1513; x_wconf 72' lang='grc' dir='ltr'>καὶτοῦτο</span> <span class='ocrx_word' id='word_1_210' title='bbox 2771 1445 2911 1529; x_wconf 85' lang='grc' dir='ltr'>μετά</span> <span class='ocrx_word' id='word_1_211' title='bbox 2935 1476 3079 1522; x_wconf 87' lang='grc' dir='ltr'>τινος</span> <span class='ocrx_word' id='word_1_212' title='bbox 3106 1456 3382 1528; x_wconf 83' lang='grc' dir='ltr'><strong>ἐμμελοῦς</strong></span> <span class='ocrx_word' id='word_1_213' title='bbox 3436 1454 3705 1525; x_wconf 70' lang='grc' dir='ltr'>ψυχαγω-</span> 
     </span>
    </p>
   </div>
   <div class='ocr_carea' id='block_1_31' title="bbox 2118 1546 3707 1623">
    <p class='ocr_par' dir='ltr' id='par_1_31' title="bbox 2118 1546 3707 1623">
     <span class='ocr_line' id='line_1_31' title="bbox 2118 1546 3707 1623; baseline -0.006 -16"><span class='ocrx_word' id='word_1_214' title='bbox 2118 1555 2244 1621; x_wconf 81' lang='grc' dir='ltr'>γίας</span> <span class='ocrx_word' id='word_1_215' title='bbox 2279 1555 2375 1607; x_wconf 75' lang='grc' dir='ltr'><strong>καὶ</strong></span> <span class='ocrx_word' id='word_1_216' title='bbox 2411 1552 2693 1623; x_wconf 72' lang='grc' dir='ltr'>σώφρονος</span> <span class='ocrx_word' id='word_1_217' title='bbox 2740 1552 2960 1622; x_wconf 68' lang='grc' dir='ltr'>ήδονῆς,</span> <span class='ocrx_word' id='word_1_218' title='bbox 3018 1552 3105 1603; x_wconf 82' lang='grc' dir='ltr'><strong>ἵνα</strong></span> <span class='ocrx_word' id='word_1_219' title='bbox 3162 1549 3242 1619; x_wconf 81' lang='grc' dir='ltr'>τῷ</span> <span class='ocrx_word' id='word_1_220' title='bbox 3288 1549 3556 1614; x_wconf 77' lang='grc' dir='ltr'><strong>προσηνεῖ</strong></span> <span class='ocrx_word' id='word_1_221' title='bbox 3612 1546 3707 1599; x_wconf 72' lang='grc' dir='ltr'><strong>καὶ</strong></span> 
     </span>
    </p>
   </div>
   <div class='ocr_carea' id='block_1_32' title="bbox 2117 1636 3708 1716">
    <p class='ocr_par' dir='ltr' id='par_1_32' title="bbox 2117 1636 3708 1716">
     <span class='ocr_line' id='line_1_32' title="bbox 2117 1636 3708 1716; baseline -0.005 -19"><span class='ocrx_word' id='word_1_222' title='bbox 2117 1646 2245 1716; x_wconf 81' lang='grc' dir='ltr'>λείῳ</span> <span class='ocrx_word' id='word_1_223' title='bbox 2271 1647 2370 1715; x_wconf 81' lang='grc' dir='ltr'>τῆς</span> <span class='ocrx_word' id='word_1_224' title='bbox 2386 1645 2559 1715; x_wconf 80' lang='grc' dir='ltr'>ἀκοῆς</span> <span class='ocrx_word' id='word_1_225' title='bbox 2590 1644 2897 1713; x_wconf 80' lang='grc' dir='ltr'><strong>λεληθότως</strong></span> <span class='ocrx_word' id='word_1_226' title='bbox 2929 1640 3319 1712; x_wconf 80' lang='grc' dir='ltr'>ὑποδεξώμεθα</span> <span class='ocrx_word' id='word_1_227' title='bbox 3347 1640 3445 1710; x_wconf 82' lang='grc' dir='ltr'><strong>τὴν</strong></span> <span class='ocrx_word' id='word_1_228' title='bbox 3492 1640 3556 1691; x_wconf 79' lang='grc' dir='ltr'>ἐκ</span> <span class='ocrx_word' id='word_1_229' title='bbox 3596 1636 3708 1691; x_wconf 84' lang='grc' dir='ltr'><strong>τῶν</strong></span> 
     </span>
    </p>
   </div>
   <div class='ocr_carea' id='block_1_33' title="bbox 2116 1729 3705 1807">
    <p class='ocr_par' dir='ltr' id='par_1_33' title="bbox 2116 1729 3705 1807">
     <span class='ocr_line' id='line_1_33' title="bbox 2116 1729 3705 1807; baseline -0.006 -17"><span class='ocrx_word' id='word_1_230' title='bbox 2116 1737 2292 1805; x_wconf 78' lang='grc' dir='ltr'>λόγων</span> <span class='ocrx_word' id='word_1_231' title='bbox 2324 1738 2619 1807; x_wconf 74' lang='grc' dir='ltr'>ὠφέλειαν,</span> <span class='ocrx_word' id='word_1_232' title='bbox 2650 1740 2795 1790; x_wconf 77' lang='grc' dir='ltr'>κατᾶ</span> <span class='ocrx_word' id='word_1_233' title='bbox 2824 1737 2950 1799; x_wconf 60' lang='grc' dir='ltr'>τοὺς</span> <span class='ocrx_word' id='word_1_234' title='bbox 2984 1736 3182 1804; x_wconf 63' lang='grc' dir='ltr'>σοφοὺς</span> <span class='ocrx_word' id='word_1_235' title='bbox 3210 1732 3321 1786; x_wconf 83' lang='grc' dir='ltr'>τῶν</span> <span class='ocrx_word' id='word_1_236' title='bbox 3350 1730 3575 1802; x_wconf 74' lang='grc' dir='ltr'>ἰατρῶν,</span> <span class='ocrx_word' id='word_1_237' title='bbox 3624 1729 3705 1781; x_wconf 86' lang='grc' dir='ltr'>οῖ-</span> 
     </span>
    </p>
   </div>
   <div class='ocr_carea' id='block_1_34' title="bbox 2117 1821 3709 1901">
    <p class='ocr_par' dir='ltr' id='par_1_34' title="bbox 2117 1821 3709 1901">
     <span class='ocr_line' id='line_1_34' title="bbox 2117 1821 3709 1901; baseline -0.007 -19"><span class='ocrx_word' id='word_1_238' title='bbox 2117 1847 2264 1892; x_wconf 82' lang='grc' dir='ltr'>τινες</span> <span class='ocrx_word' id='word_1_239' title='bbox 2293 1830 2389 1882; x_wconf 72' lang='grc' dir='ltr'><strong>ἐπὶ</strong></span> <span class='ocrx_word' id='word_1_240' title='bbox 2422 1829 2530 1883; x_wconf 82' lang='grc' dir='ltr'><strong>τῶν</strong></span> <span class='ocrx_word' id='word_1_241' title='bbox 2562 1830 2990 1901; x_wconf 75' lang='grc' dir='ltr'>αὑστηροτέρων</span> <span class='ocrx_word' id='word_1_242' title='bbox 3025 1827 3363 1898; x_wconf 82' lang='grc' dir='ltr'>φαρμάκων,</span> <span class='ocrx_word' id='word_1_243' title='bbox 3401 1821 3579 1894; x_wconf 81' lang='grc' dir='ltr'>μέλιτι</span> <span class='ocrx_word' id='word_1_244' title='bbox 3607 1825 3709 1890; x_wconf 80' lang='grc' dir='ltr'>τὴν</span> 
     </span>
    </p>
   </div>
   <div class='ocr_carea' id='block_1_35' title="bbox 2120 1916 3709 1991">
    <p class='ocr_par' dir='ltr' id='par_1_35' title="bbox 2120 1916 3709 1991">
     <span class='ocr_line' id='line_1_35' title="bbox 2120 1916 3709 1991; baseline -0.004 -19"><span class='ocrx_word' id='word_1_245' title='bbox 2120 1920 2320 1974; x_wconf 78' lang='grc' dir='ltr'>κύλικα</span> <span class='ocrx_word' id='word_1_246' title='bbox 2354 1921 2755 1991; x_wconf 83' lang='grc' dir='ltr'>περιχρίουσιν.</span> <span class='ocrx_word' id='word_1_247' title='bbox 2789 1920 2947 1974; x_wconf 78' lang='grc' dir='ltr'>Οὕτω</span> <span class='ocrx_word' id='word_1_248' title='bbox 2976 1919 3108 1988; x_wconf 83' lang='grc' dir='ltr'>γοῦν</span> <span class='ocrx_word' id='word_1_249' title='bbox 3135 1918 3214 1989; x_wconf 84' lang='grc' dir='ltr'>τῷ</span> <span class='ocrx_word' id='word_1_250' title='bbox 3251 1917 3350 1988; x_wconf 81' lang='grc' dir='ltr'>μὲν</span> <span class='ocrx_word' id='word_1_251' title='bbox 3380 1916 3578 1977; x_wconf 84' lang='grc' dir='ltr'>δοκεῖν,</span> <span class='ocrx_word' id='word_1_252' title='bbox 3607 1930 3709 1981; x_wconf 66' lang='grc' dir='ltr'>μευ</span> 
     </span>
    </p>
   </div>
   <div class='ocr_carea' id='block_1_36' title="bbox 2121 2005 3709 2083">
    <p class='ocr_par' dir='ltr' id='par_1_36' title="bbox 2121 2005 3709 2083">
     <span class='ocr_line' id='line_1_36' title="bbox 2121 2005 3709 2083; baseline -0.004 -19"><span class='ocrx_word' id='word_1_253' title='bbox 2121 2011 2403 2083; x_wconf 72' lang='grc' dir='ltr'>λιρδοῦμεν</span> <span class='ocrx_word' id='word_1_254' title='bbox 2436 2030 2450 2046; x_wconf 87' lang='grc'><strong>·</strong></span> <span class='ocrx_word' id='word_1_255' title='bbox 2485 2016 2551 2083; x_wconf 86' lang='grc' dir='ltr'><strong>τῇ</strong></span> <span class='ocrx_word' id='word_1_256' title='bbox 2586 2013 2630 2067; x_wconf 75' lang='grc' dir='ltr'>δ’</span> <span class='ocrx_word' id='word_1_257' title='bbox 2658 2012 2914 2083; x_wconf 84' lang='grc' dir='ltr'>ἀληθεία,</span> <span class='ocrx_word' id='word_1_258' title='bbox 2946 2012 3045 2073; x_wconf 83' lang='grc' dir='ltr'>τὰς</span> <span class='ocrx_word' id='word_1_259' title='bbox 3076 2010 3255 2080; x_wconf 78' lang='grc' dir='ltr'>ψυχὰς</span> <span class='ocrx_word' id='word_1_260' title='bbox 3304 2005 3709 2077; x_wconf 83' lang='grc' dir='ltr'>παιδευόμεθα,</span> 
     </span>
    </p>
   </div>
   <div class='ocr_carea' id='block_1_37' title="bbox 2123 2100 3610 2175">
    <p class='ocr_par' dir='ltr' id='par_1_37' title="bbox 2123 2100 3610 2175">
     <span class='ocr_line' id='line_1_37' title="bbox 2123 2100 3610 2175; baseline -0.002 -20"><span class='ocrx_word' id='word_1_261' title='bbox 2123 2104 2216 2156; x_wconf 77' lang='grc' dir='ltr'><strong>καὶ</strong></span> <span class='ocrx_word' id='word_1_262' title='bbox 2248 2105 2347 2173; x_wconf 82' lang='grc' dir='ltr'><strong>τὴν</strong></span> <span class='ocrx_word' id='word_1_263' title='bbox 2385 2105 2610 2175; x_wconf 81' lang='grc' dir='ltr'>μνήμην</span> <span class='ocrx_word' id='word_1_264' title='bbox 2635 2103 2747 2158; x_wconf 85' lang='grc' dir='ltr'><strong>τῶν</strong></span> <span class='ocrx_word' id='word_1_265' title='bbox 2780 2104 2957 2171; x_wconf 90' lang='grc' dir='ltr'>λόγων</span> <span class='ocrx_word' id='word_1_266' title='bbox 2983 2103 3183 2173; x_wconf 77' lang='grc' dir='ltr'>ἔχομεν</span> <span class='ocrx_word' id='word_1_267' title='bbox 3213 2100 3610 2175; x_wconf 59' lang='grc' dir='ltr'>ἀνςξάληπτον.</span> 
     </span>
    </p>
   </div>
   <div class='ocr_carea' id='block_1_38' title="bbox 425 2193 3709 2271">
    <p class='ocr_par' dir='ltr' id='par_1_38' title="bbox 425 2193 3709 2271">
     <span class='ocr_line' id='line_1_38' title="bbox 425 2193 3709 2271; baseline -0.002 -18"><span class='ocrx_word' id='word_1_268' title='bbox 425 2200 594 2255; x_wconf 87' lang='lat' dir='ltr'><strong>etiam</strong></span> <span class='ocrx_word' id='word_1_269' title='bbox 654 2211 1019 2271; x_wconf 73' lang='lat' dir='ltr'><strong>reportamus,</strong></span> <span class='ocrx_word' id='word_1_270' title='bbox 1059 2201 1210 2270; x_wconf 81' lang='lat' dir='ltr'><strong>juxta</strong></span> <span class='ocrx_word' id='word_1_271' title='bbox 1270 2198 1599 2269; x_wconf 82' lang='lat' dir='ltr'><strong>prudentum</strong></span> <span class='ocrx_word' id='word_1_272' title='bbox 1656 2194 2001 2250; x_wconf 87' lang='lat' dir='ltr'><strong>medicorum</strong></span> <span class='ocrx_word' id='word_1_273' title='bbox 2042 2205 2334 2264; x_wconf 82' lang='lat' dir='ltr'><strong>praecepta,</strong></span> <span class='ocrx_word' id='word_1_274' title='bbox 2359 2199 2476 2266; x_wconf 86' lang='lat' dir='ltr'><strong>qui,</strong></span> <span class='ocrx_word' id='word_1_275' title='bbox 2502 2197 2557 2252; x_wconf 92' lang='lat' dir='ltr'><strong>in</strong></span> <span class='ocrx_word' id='word_1_276' title='bbox 2592 2197 2994 2252; x_wconf 89' lang='lat' dir='ltr'><strong>austerioribns</strong></span> <span class='ocrx_word' id='word_1_277' title='bbox 3052 2194 3382 2263; x_wconf 86' lang='lat' dir='ltr'><strong>pharmacis,</strong></span> <span class='ocrx_word' id='word_1_278' title='bbox 3449 2193 3709 2262; x_wconf 77' lang='lat' dir='ltr'><strong>poculum</strong></span> 
     </span>
    </p>
   </div>
   <div class='ocr_carea' id='block_1_39' title="bbox 428 2285 3710 2366">
    <p class='ocr_par' dir='ltr' id='par_1_39' title="bbox 428 2285 3710 2366">
     <span class='ocr_line' id='line_1_39' title="bbox 428 2285 3710 2366; baseline -0.003 -17"><span class='ocrx_word' id='word_1_279' title='bbox 428 2296 620 2366; x_wconf 70' lang='lat' dir='ltr'><strong>inungi</strong></span> <span class='ocrx_word' id='word_1_280' title='bbox 669 2295 863 2366; x_wconf 84' lang='lat' dir='ltr'><strong>jubent</strong></span> <span class='ocrx_word' id='word_1_281' title='bbox 895 2295 1053 2350; x_wconf 85' lang='lat' dir='ltr'><strong>melle</strong></span> <span class='ocrx_word' id='word_1_282' title='bbox 1088 2314 1101 2348; x_wconf 91' lang='lat'>:</span> <span class='ocrx_word' id='word_1_283' title='bbox 1139 2295 1210 2348; x_wconf 85' lang='lat' dir='ltr'><strong>ita</strong></span> <span class='ocrx_word' id='word_1_284' title='bbox 1263 2301 1317 2349; x_wconf 92' lang='lat' dir='ltr'><strong>et</strong></span> <span class='ocrx_word' id='word_1_285' title='bbox 1365 2307 1489 2355; x_wconf 90' lang='lat' dir='ltr'><strong>nos,</strong></span> <span class='ocrx_word' id='word_1_286' title='bbox 1533 2297 1859 2361; x_wconf 88' lang='lat' dir='ltr'><strong>apparenter</strong></span> <span class='ocrx_word' id='word_1_287' title='bbox 1890 2285 2134 2358; x_wconf 78' lang='lat' dir='ltr'><strong>quidem,</strong></span> <span class='ocrx_word' id='word_1_288' title='bbox 2161 2287 2322 2344; x_wconf 88' lang='lat' dir='ltr'><strong>dulce</strong></span> <span class='ocrx_word' id='word_1_289' title='bbox 2355 2304 2419 2344; x_wconf 90' lang='lat' dir='ltr'><strong>ac</strong></span> <span class='ocrx_word' id='word_1_290' title='bbox 2447 2305 2618 2345; x_wconf 87' lang='lat' dir='ltr'><strong>suave</strong></span> <span class='ocrx_word' id='word_1_291' title='bbox 2641 2289 2843 2345; x_wconf 89' lang='lat' dir='ltr'><strong>melos-</strong></span> <span class='ocrx_word' id='word_1_292' title='bbox 2885 2291 3136 2346; x_wconf 90' lang='lat' dir='ltr'><strong>cauimus</strong></span> <span class='ocrx_word' id='word_1_293' title='bbox 3170 2308 3187 2347; x_wconf 90' lang='lat'><strong>:</strong></span> <span class='ocrx_word' id='word_1_294' title='bbox 3249 2304 3310 2344; x_wconf 88' lang='lat' dir='ltr'><strong>re</strong></span> <span class='ocrx_word' id='word_1_295' title='bbox 3379 2287 3497 2357; x_wconf 89' lang='lat' dir='ltr'><strong>ipsa</strong></span> <span class='ocrx_word' id='word_1_296' title='bbox 3583 2300 3710 2340; x_wconf 81' lang='lat' dir='ltr'><strong>vero</strong></span> 
     </span>
    </p>
   </div>
   <div class='ocr_carea' id='block_1_40' title="bbox 426 2381 2959 2455">
    <p class='ocr_par' dir='ltr' id='par_1_40' title="bbox 426 2381 2959 2455">
     <span class='ocr_line' id='line_1_40' title="bbox 426 2381 2959 2455; baseline -0.002 -11"><span class='ocrx_word' id='word_1_297' title='bbox 426 2390 642 2445; x_wconf 82' lang='lat' dir='ltr'><strong>aniiuas</strong></span> <span class='ocrx_word' id='word_1_298' title='bbox 664 2388 976 2455; x_wconf 85' lang='lat' dir='ltr'><strong>erudimus,</strong></span> <span class='ocrx_word' id='word_1_299' title='bbox 1009 2396 1063 2442; x_wconf 92' lang='lat' dir='ltr'><strong>et</strong></span> <span class='ocrx_word' id='word_1_300' title='bbox 1091 2388 1402 2442; x_wconf 78' lang='lat' dir='ltr'><strong>divinorum</strong></span> <span class='ocrx_word' id='word_1_301' title='bbox 1428 2386 1774 2453; x_wconf 83' lang='lat' dir='ltr'><strong>eloquiorum</strong></span> <span class='ocrx_word' id='word_1_302' title='bbox 1797 2381 2120 2438; x_wconf 80' lang='lat' dir='ltr'><strong>memoriam</strong></span> <span class='ocrx_word' id='word_1_303' title='bbox 2163 2383 2511 2440; x_wconf 71' lang='lat' dir='ltr'><strong>indelebilem</strong></span> <span class='ocrx_word' id='word_1_304' title='bbox 2540 2400 2959 2441; x_wconf 83' lang='lat' dir='ltr'><strong>conservamus.</strong></span> 
     </span>
    </p>
   </div>
   <div class='ocr_carea' id='block_1_41' title="bbox 501 2477 2013 2540">
    <p class='ocr_par' dir='ltr' id='par_1_41' title="bbox 501 2477 2013 2540">
     <span class='ocr_line' id='line_1_41' title="bbox 501 2477 2013 2540; baseline -0.005 -3"><span class='ocrx_word' id='word_1_305' title='bbox 501 2481 758 2537; x_wconf 85' lang='lat' dir='ltr'><strong>Psalmus</strong></span> <span class='ocrx_word' id='word_1_306' title='bbox 797 2497 982 2537; x_wconf 89' lang='lat' dir='ltr'><strong>sermo</strong></span> <span class='ocrx_word' id='word_1_307' title='bbox 1016 2493 1071 2536; x_wconf 91' lang='lat' dir='ltr'><strong>et</strong></span> <span class='ocrx_word' id='word_1_308' title='bbox 1097 2481 1449 2536; x_wconf 86' lang='lat' dir='ltr'><strong>conversatio</strong></span> <span class='ocrx_word' id='word_1_309' title='bbox 1477 2488 1561 2535; x_wconf 82' lang='lat' dir='ltr'><strong>est</strong></span> <span class='ocrx_word' id='word_1_310' title='bbox 1589 2494 1712 2534; x_wconf 88' lang='lat' dir='ltr'><strong>cum</strong></span> <span class='ocrx_word' id='word_1_311' title='bbox 1747 2477 1877 2540; x_wconf 90' lang='lat' dir='ltr'><strong>Deo,</strong></span> <span class='ocrx_word' id='word_1_312' title='bbox 1902 2490 2013 2529; x_wconf 87' lang='lat' dir='ltr'><strong>an-</strong></span> 
     </span>
    </p>
   </div>
   <div class='ocr_carea' id='block_1_42' title="bbox 427 2569 2014 2645">
    <p class='ocr_par' dir='ltr' id='par_1_42' title="bbox 427 2569 2014 2645">
     <span class='ocr_line' id='line_1_42' title="bbox 427 2569 2014 2645; baseline -0.004 -17"><span class='ocrx_word' id='word_1_313' title='bbox 427 2575 680 2645; x_wconf 65' lang='lat' dir='ltr'><strong>gelorum</strong></span> <span class='ocrx_word' id='word_1_314' title='bbox 737 2573 977 2637; x_wconf 87' lang='lat' dir='ltr'><strong>allectio,</strong></span> <span class='ocrx_word' id='word_1_315' title='bbox 1042 2573 1224 2628; x_wconf 86' lang='lat' dir='ltr'><strong>alacer</strong></span> <span class='ocrx_word' id='word_1_316' title='bbox 1248 2573 1443 2627; x_wconf 74' lang='lat' dir='ltr'><strong>animm</strong></span> <span class='ocrx_word' id='word_1_317' title='bbox 1500 2569 1637 2627; x_wconf 90' lang='lat' dir='ltr'><strong>ordo</strong></span> <span class='ocrx_word' id='word_1_318' title='bbox 1700 2584 1766 2625; x_wconf 87' lang='lat' dir='ltr'><strong>ac</strong></span> <span class='ocrx_word' id='word_1_319' title='bbox 1815 2576 2014 2631; x_wconf 85' lang='lat' dir='ltr'><strong>status,</strong></span> 
     </span>
    </p>
   </div>
   <div class='ocr_carea' id='block_1_43' title="bbox 429 2658 2012 2734">
    <p class='ocr_par' dir='ltr' id='par_1_43' title="bbox 429 2658 2012 2734">
     <span class='ocr_line' id='line_1_43' title="bbox 429 2658 2012 2734; baseline -0.005 -13"><span class='ocrx_word' id='word_1_320' title='bbox 429 2665 618 2721; x_wconf 88' lang='lat' dir='ltr'><strong>diurni</strong></span> <span class='ocrx_word' id='word_1_321' title='bbox 650 2665 858 2721; x_wconf 85' lang='lat' dir='ltr'><strong>laboris</strong></span> <span class='ocrx_word' id='word_1_322' title='bbox 889 2665 1069 2734; x_wconf 83' lang='lat' dir='ltr'><strong>quies,</strong></span> <span class='ocrx_word' id='word_1_323' title='bbox 1104 2663 1360 2719; x_wconf 89' lang='lat' dir='ltr'><strong>nocturni</strong></span> <span class='ocrx_word' id='word_1_324' title='bbox 1397 2663 1613 2719; x_wconf 88' lang='lat' dir='ltr'><strong>timoris</strong></span> <span class='ocrx_word' id='word_1_325' title='bbox 1652 2658 2012 2732; x_wconf 89' lang='lat' dir='ltr'><strong>propulsatio,</strong></span> 
     </span>
    </p>
   </div>
   <div class='ocr_carea' id='block_1_44' title="bbox 427 2752 2016 2829">
    <p class='ocr_par' dir='ltr' id='par_1_44' title="bbox 427 2752 2016 2829">
     <span class='ocr_line' id='line_1_44' title="bbox 427 2752 2016 2829; baseline -0.004 -16"><span class='ocrx_word' id='word_1_326' title='bbox 427 2761 696 2829; x_wconf 74' lang='lat' dir='ltr'><strong>iuvenum</strong></span> <span class='ocrx_word' id='word_1_327' title='bbox 750 2765 807 2813; x_wconf 90' lang='lat' dir='ltr'><strong>et</strong></span> <span class='ocrx_word' id='word_1_328' title='bbox 856 2773 1028 2828; x_wconf 74' lang='lat' dir='ltr'><strong>nuper</strong></span> <span class='ocrx_word' id='word_1_329' title='bbox 1076 2758 1521 2813; x_wconf 88' lang='lat' dir='ltr'><strong>iutroductorum</strong></span> <span class='ocrx_word' id='word_1_330' title='bbox 1582 2755 1794 2827; x_wconf 76' lang='lat' dir='ltr'><strong>regula,</strong></span> <span class='ocrx_word' id='word_1_331' title='bbox 1845 2752 2016 2824; x_wconf 84' lang='lat' dir='ltr'><strong>proli-</strong></span> 
     </span>
    </p>
   </div>
   <div class='ocr_carea' id='block_1_45' title="bbox 431 2843 2012 2919">
    <p class='ocr_par' dir='ltr' id='par_1_45' title="bbox 431 2843 2012 2919">
     <span class='ocr_line' id='line_1_45' title="bbox 431 2843 2012 2919; baseline -0.005 -15"><span class='ocrx_word' id='word_1_332' title='bbox 431 2851 696 2906; x_wconf 88' lang='lat' dir='ltr'><strong>cientium</strong></span> <span class='ocrx_word' id='word_1_333' title='bbox 762 2850 1143 2919; x_wconf 89' lang='lat' dir='ltr'><strong>adjumentum</strong></span> <span class='ocrx_word' id='word_1_334' title='bbox 1180 2889 1197 2915; x_wconf 94' lang='lat'><strong>,</strong></span> <span class='ocrx_word' id='word_1_335' title='bbox 1268 2848 1638 2919; x_wconf 81' lang='lat' dir='ltr'><strong>perfecturum</strong></span> <span class='ocrx_word' id='word_1_336' title='bbox 1708 2843 2012 2909; x_wconf 84' lang='lat' dir='ltr'><strong>solidatio,</strong></span> 
     </span>
    </p>
   </div>
   <div class='ocr_carea' id='block_1_46' title="bbox 433 2935 2016 3011">
    <p class='ocr_par' dir='ltr' id='par_1_46' title="bbox 433 2935 2016 3011">
     <span class='ocr_line' id='line_1_46' title="bbox 433 2935 2016 3011; baseline -0.004 -18"><span class='ocrx_word' id='word_1_337' title='bbox 433 2942 660 3011; x_wconf 81' lang='lat' dir='ltr'><strong>clypeus</strong></span> <span class='ocrx_word' id='word_1_338' title='bbox 688 2941 1105 3011; x_wconf 80' lang='lat' dir='ltr'><strong>insuperabilis,</strong></span> <span class='ocrx_word' id='word_1_339' title='bbox 1128 2949 1516 2996; x_wconf 82' lang='lat' dir='ltr'><strong>ornamentum</strong></span> <span class='ocrx_word' id='word_1_340' title='bbox 1539 2935 2016 2999; x_wconf 85' lang='lat' dir='ltr'><strong>decentissimum,</strong></span> 
     </span>
    </p>
   </div>
   <div class='ocr_carea' id='block_1_47' title="bbox 434 3010 2019 3105">
    <p class='ocr_par' dir='ltr' id='par_1_47' title="bbox 434 3010 2019 3105">
     <span class='ocr_line' id='line_1_47' title="bbox 434 3010 2019 3105; baseline -0.006 -17"><span class='ocrx_word' id='word_1_341' title='bbox 434 3010 679 3103; x_wconf 74' lang='lat' dir='ltr'><strong>regibus.</strong></span> <span class='ocrx_word' id='word_1_342' title='bbox 707 3010 959 3104; x_wconf 84' lang='lat' dir='ltr'><strong>privatis.</strong></span> <span class='ocrx_word' id='word_1_343' title='bbox 984 3010 1360 3105; x_wconf 68' lang='lat' dir='ltr'><strong>’principibus,</strong></span> <span class='ocrx_word' id='word_1_344' title='bbox 1394 3030 1638 3101; x_wconf 88' lang='lat' dir='ltr'><strong>populis,</strong></span> <span class='ocrx_word' id='word_1_345' title='bbox 1669 3028 1939 3082; x_wconf 87' lang='lat' dir='ltr'><strong>militibus</strong></span> <span class='ocrx_word' id='word_1_346' title='bbox 1962 3033 2019 3082; x_wconf 89' lang='lat' dir='ltr'><strong>et</strong></span> 
     </span>
    </p>
   </div>
   <div class='ocr_carea' id='block_1_48' title="bbox 316 3120 2023 3197">
    <p class='ocr_par' dir='ltr' id='par_1_48' title="bbox 316 3120 2023 3197">
     <span class='ocr_line' id='line_1_48' title="bbox 316 3120 2023 3197; baseline -0.005 -16"><span class='ocrx_word' id='word_1_347' title='bbox 316 3172 333 3181; x_wconf 86' lang='lat'><strong>_</strong></span> <span class='ocrx_word' id='word_1_348' title='bbox 433 3127 562 3180; x_wconf 80' lang='lat' dir='ltr'><strong>belli</strong></span> <span class='ocrx_word' id='word_1_349' title='bbox 597 3126 826 3197; x_wconf 80' lang='lat' dir='ltr'><strong>ignaris,</strong></span> <span class='ocrx_word' id='word_1_350' title='bbox 866 3125 1214 3194; x_wconf 85' lang='lat' dir='ltr'><strong>sapientibus</strong></span> <span class='ocrx_word' id='word_1_351' title='bbox 1246 3131 1301 3180; x_wconf 90' lang='lat' dir='ltr'><strong>et</strong></span> <span class='ocrx_word' id='word_1_352' title='bbox 1338 3123 1595 3186; x_wconf 88' lang='lat' dir='ltr'><strong>rudibus,</strong></span> <span class='ocrx_word' id='word_1_353' title='bbox 1639 3120 1925 3176; x_wconf 80' lang='lat' dir='ltr'><strong>monachis</strong></span> <span class='ocrx_word' id='word_1_354' title='bbox 1964 3126 2023 3175; x_wconf 87' lang='lat' dir='ltr'><strong>et</strong></span> 
     </span>
    </p>
   </div>
   <div class='ocr_carea' id='block_1_49' title="bbox 424 3209 2019 3284">
    <p class='ocr_par' dir='ltr' id='par_1_49' title="bbox 424 3209 2019 3284">
     <span class='ocr_line' id='line_1_49' title="bbox 424 3209 2019 3284; baseline -0.001 -17"><span class='ocrx_word' id='word_1_355' title='bbox 424 3215 670 3280; x_wconf 89' lang='lat' dir='ltr'><strong>.civibus,</strong></span> <span class='ocrx_word' id='word_1_356' title='bbox 735 3215 1113 3271; x_wconf 81' lang='lat' dir='ltr'><strong>sacerdmibus</strong></span> <span class='ocrx_word' id='word_1_357' title='bbox 1177 3222 1233 3269; x_wconf 86' lang='lat' dir='ltr'><strong>ct</strong></span> <span class='ocrx_word' id='word_1_358' title='bbox 1288 3213 1562 3284; x_wconf 90' lang='lat' dir='ltr'><strong>plebibus,</strong></span> <span class='ocrx_word' id='word_1_359' title='bbox 1614 3209 2019 3265; x_wconf 88' lang='lat' dir='ltr'><strong>habitatoribus</strong></span> 
     </span>
    </p>
   </div>
   <div class='ocr_carea' id='block_1_50' title="bbox 2186 2478 3707 2551">
    <p class='ocr_par' dir='ltr' id='par_1_50' title="bbox 2186 2478 3707 2551">
     <span class='ocr_line' id='line_1_50' title="bbox 2186 2478 3707 2551; baseline 0 -20"><span class='ocrx_word' id='word_1_360' title='bbox 2186 2478 2442 2546; x_wconf 74' lang='grc' dir='ltr'>Ψαλμὸς,</span> <span class='ocrx_word' id='word_1_361' title='bbox 2480 2479 2668 2550; x_wconf 80' lang='grc' dir='ltr'>ὁμιλία</span> <span class='ocrx_word' id='word_1_362' title='bbox 2726 2480 2865 2551; x_wconf 69' lang='grc' dir='ltr'>πρὸς</span> <span class='ocrx_word' id='word_1_363' title='bbox 2903 2480 3057 2543; x_wconf 86' lang='grc' dir='ltr'>Θεδν,</span> <span class='ocrx_word' id='word_1_364' title='bbox 3116 2478 3365 2547; x_wconf 82' lang='grc' dir='ltr'>ἀγγέλων</span> <span class='ocrx_word' id='word_1_365' title='bbox 3419 2479 3707 2548; x_wconf 77' lang='grc' dir='ltr'>ἐπαγωγὴ.</span> 
     </span>
    </p>
   </div>
   <div class='ocr_carea' id='block_1_51' title="bbox 2115 2568 3711 2641">
    <p class='ocr_par' dir='ltr' id='par_1_51' title="bbox 2115 2568 3711 2641">
     <span class='ocr_line' id='line_1_51' title="bbox 2115 2568 3711 2641; baseline -0.002 -17"><span class='ocrx_word' id='word_1_366' title='bbox 2115 2570 2389 2639; x_wconf 80' lang='grc' dir='ltr'>δαιμόνων</span> <span class='ocrx_word' id='word_1_367' title='bbox 2423 2571 2723 2641; x_wconf 86' lang='grc' dir='ltr'><strong>ἀπαγωγὴ,</strong></span> <span class='ocrx_word' id='word_1_368' title='bbox 2756 2570 2957 2640; x_wconf 46' lang='grc' dir='ltr'>ψυχῆς,</span> <span class='ocrx_word' id='word_1_369' title='bbox 2985 2568 3150 2640; x_wconf 81' lang='grc' dir='ltr'>ἱλαρὰ</span> <span class='ocrx_word' id='word_1_370' title='bbox 3187 2570 3544 2633; x_wconf 85' lang='grc' dir='ltr'>κατάστασις,</span> <span class='ocrx_word' id='word_1_371' title='bbox 3599 2568 3711 2621; x_wconf 82' lang='grc' dir='ltr'>τῶν</span> 
     </span>
    </p>
   </div>
   <div class='ocr_carea' id='block_1_52' title="bbox 2117 2659 3709 2733">
    <p class='ocr_par' dir='ltr' id='par_1_52' title="bbox 2117 2659 3709 2733">
     <span class='ocr_line' id='line_1_52' title="bbox 2117 2659 3709 2733; baseline -0.001 -18"><span class='ocrx_word' id='word_1_372' title='bbox 2117 2662 2217 2731; x_wconf 82' lang='grc' dir='ltr'>τῆς</span> <span class='ocrx_word' id='word_1_373' title='bbox 2248 2663 2462 2733; x_wconf 80' lang='grc' dir='ltr'>ἡμέρας</span> <span class='ocrx_word' id='word_1_374' title='bbox 2500 2664 2680 2715; x_wconf 89' lang='grc' dir='ltr'>πόνων</span> <span class='ocrx_word' id='word_1_375' title='bbox 2704 2662 3043 2727; x_wconf 81' lang='grc' dir='ltr'>ἀνάπαυσις,</span> <span class='ocrx_word' id='word_1_376' title='bbox 3079 2661 3191 2713; x_wconf 85' lang='grc' dir='ltr'><strong>τών</strong></span> <span class='ocrx_word' id='word_1_377' title='bbox 3223 2661 3323 2731; x_wconf 80' lang='grc' dir='ltr'>τῆς</span> <span class='ocrx_word' id='word_1_378' title='bbox 3375 2661 3573 2723; x_wconf 73' lang='grc' dir='ltr'>νυκτὸς</span> <span class='ocrx_word' id='word_1_379' title='bbox 3614 2659 3709 2728; x_wconf 77' lang='grc' dir='ltr'>φό-</span> 
     </span>
    </p>
   </div>
   <div class='ocr_carea' id='block_1_53' title="bbox 2119 2752 3709 2823">
    <p class='ocr_par' dir='ltr' id='par_1_53' title="bbox 2119 2752 3709 2823">
     <span class='ocr_line' id='line_1_53' title="bbox 2119 2752 3709 2823; baseline 0.001 -18"><span class='ocrx_word' id='word_1_380' title='bbox 2119 2755 2230 2807; x_wconf 71' lang='grc' dir='ltr'><strong>ϐων</strong></span> <span class='ocrx_word' id='word_1_381' title='bbox 2257 2754 2640 2823; x_wconf 78' lang='grc' dir='ltr'>ἀλεξητήριον,</span> <span class='ocrx_word' id='word_1_382' title='bbox 2674 2752 3052 2823; x_wconf 72' lang='grc' dir='ltr'>εἰσαγομένων</span> <span class='ocrx_word' id='word_1_383' title='bbox 3094 2754 3458 2823; x_wconf 86' lang='grc' dir='ltr'>στοιχείωσις,</span> <span class='ocrx_word' id='word_1_384' title='bbox 3511 2768 3709 2821; x_wconf 79' lang='grc' dir='ltr'>προκο-</span> 
     </span>
    </p>
   </div>
   <div class='ocr_carea' id='block_1_54' title="bbox 2124 2844 3709 2917">
    <p class='ocr_par' dir='ltr' id='par_1_54' title="bbox 2124 2844 3709 2917">
     <span class='ocr_line' id='line_1_54' title="bbox 2124 2844 3709 2917; baseline -0.004 -16"><span class='ocrx_word' id='word_1_385' title='bbox 2124 2849 2368 2901; x_wconf 83' lang='grc' dir='ltr'>πτόντων</span> <span class='ocrx_word' id='word_1_386' title='bbox 2399 2846 2649 2917; x_wconf 68' lang='grc' dir='ltr'>αὔξησις,</span> <span class='ocrx_word' id='word_1_387' title='bbox 2723 2844 3124 2916; x_wconf 81' lang='grc' dir='ltr'>τελειουμένων</span> <span class='ocrx_word' id='word_1_388' title='bbox 3179 2845 3493 2916; x_wconf 81' lang='grc' dir='ltr'>ὲδραίωσις,</span> <span class='ocrx_word' id='word_1_389' title='bbox 3541 2846 3709 2898; x_wconf 72' lang='grc' dir='ltr'>ὅπλον</span> 
     </span>
    </p>
   </div>
   <div class='ocr_carea' id='block_1_55' title="bbox 2122 2926 3706 3009">
    <p class='ocr_par' dir='ltr' id='par_1_55' title="bbox 2122 2926 3706 3009">
     <span class='ocr_line' id='line_1_55' title="bbox 2122 2926 3706 3009; baseline -0.004 -17"><span class='ocrx_word' id='word_1_390' title='bbox 2122 2926 2356 3009; x_wconf 76' lang='grc' dir='ltr'>ἄμαχον,</span> <span class='ocrx_word' id='word_1_391' title='bbox 2403 2939 2609 3008; x_wconf 87' lang='grc' dir='ltr'>κόσμος</span> <span class='ocrx_word' id='word_1_392' title='bbox 2658 2937 2968 3001; x_wconf 81' lang='grc' dir='ltr'>κάλλιστος,</span> <span class='ocrx_word' id='word_1_393' title='bbox 3028 2936 3345 3005; x_wconf 82' lang='grc' dir='ltr'>βασιλεῦσιν</span> <span class='ocrx_word' id='word_1_394' title='bbox 3373 2977 3388 3003; x_wconf 93' lang='grc'>,</span> <span class='ocrx_word' id='word_1_395' title='bbox 3442 2934 3706 2999; x_wconf 79' lang='grc' dir='ltr'>ἰδιώταις,</span> 
     </span>
    </p>
   </div>
   <div class='ocr_carea' id='block_1_56' title="bbox 2122 3023 3706 3101">
    <p class='ocr_par' dir='ltr' id='par_1_56' title="bbox 2122 3023 3706 3101">
     <span class='ocr_line' id='line_1_56' title="bbox 2122 3023 3706 3101; baseline -0.006 -17"><span class='ocrx_word' id='word_1_396' title='bbox 2122 3030 2405 3101; x_wconf 80' lang='grc' dir='ltr'>ἄρχουσιν,</span> <span class='ocrx_word' id='word_1_397' title='bbox 2435 3027 2785 3098; x_wconf 77' lang='grc' dir='ltr'>ἀρχομένοις,</span> <span class='ocrx_word' id='word_1_398' title='bbox 2834 3026 3227 3099; x_wconf 82' lang='grc' dir='ltr'>στρατιώταις,</span> <span class='ocrx_word' id='word_1_399' title='bbox 3285 3023 3706 3096; x_wconf 77' lang='grc' dir='ltr'>ἀστρατεύτοις,</span> 
     </span>
    </p>
   </div>
   <div class='ocr_carea' id='block_1_57' title="bbox 2125 3114 3706 3190">
    <p class='ocr_par' dir='ltr' id='par_1_57' title="bbox 2125 3114 3706 3190">
     <span class='ocr_line' id='line_1_57' title="bbox 2125 3114 3706 3190; baseline -0.004 -15"><span class='ocrx_word' id='word_1_400' title='bbox 2125 3124 2330 3190; x_wconf 79' lang='grc' dir='ltr'>σοφοῖς,</span> <span class='ocrx_word' id='word_1_401' title='bbox 2385 3120 2652 3190; x_wconf 80' lang='grc' dir='ltr'>ἀμαθέσι,</span> <span class='ocrx_word' id='word_1_402' title='bbox 2715 3122 3033 3190; x_wconf 80' lang='grc' dir='ltr'>μονασταῖς,</span> <span class='ocrx_word' id='word_1_403' title='bbox 3088 3118 3411 3180; x_wconf 77' lang='grc' dir='ltr'>πολιτικοῖς,</span> <span class='ocrx_word' id='word_1_404' title='bbox 3475 3114 3706 3184; x_wconf 78' lang='grc' dir='ltr'>ἱερεῦσι,</span> 
     </span>
    </p>
   </div>
   <div class='ocr_carea' id='block_1_58' title="bbox 2123 3205 3709 3285">
    <p class='ocr_par' dir='ltr' id='par_1_58' title="bbox 2123 3205 3709 3285">
     <span class='ocr_line' id='line_1_58' title="bbox 2123 3205 3709 3285; baseline -0.005 -18"><span class='ocrx_word' id='word_1_405' title='bbox 2123 3214 2351 3280; x_wconf 77' lang='grc' dir='ltr'>λαῖκοῖς,</span> <span class='ocrx_word' id='word_1_406' title='bbox 2384 3212 2748 3285; x_wconf 80' lang='grc' dir='ltr'>ἡπειρὼταις,</span> <span class='ocrx_word' id='word_1_407' title='bbox 2805 3211 3127 3281; x_wconf 78' lang='grc' dir='ltr'>νησιώταις,</span> <span class='ocrx_word' id='word_1_408' title='bbox 3173 3211 3462 3281; x_wconf 68' lang='grc' dir='ltr'>γεωργοῖς,</span> <span class='ocrx_word' id='word_1_409' title='bbox 3521 3205 3709 3262; x_wconf 82' lang='grc' dir='ltr'>ναυτί-</span> 
     </span>
    </p>
   </div>
   <div class='ocr_carea' id='block_1_59' title="bbox 435 3300 2014 3378">
    <p class='ocr_par' dir='ltr' id='par_1_59' title="bbox 435 3300 2014 3374">
     <span class='ocr_line' id='line_1_59' title="bbox 435 3300 2014 3374; baseline -0.003 -15"><span class='ocrx_word' id='word_1_410' title='bbox 435 3305 773 3361; x_wconf 85' lang='lat' dir='ltr'><strong>continentis</strong></span> <span class='ocrx_word' id='word_1_411' title='bbox 798 3314 961 3374; x_wconf 84' lang='lat' dir='ltr'><strong>atque</strong></span> <span class='ocrx_word' id='word_1_412' title='bbox 989 3303 1286 3369; x_wconf 65' lang='lat' dir='ltr'><strong>insulanis,</strong></span> <span class='ocrx_word' id='word_1_413' title='bbox 1313 3302 1596 3374; x_wconf 79' lang='lat' dir='ltr'><strong>agricolis,</strong></span> <span class='ocrx_word' id='word_1_414' title='bbox 1636 3301 1840 3369; x_wconf 89' lang='lat' dir='ltr'><strong>nautis,</strong></span> <span class='ocrx_word' id='word_1_415' title='bbox 1882 3300 2014 3356; x_wconf 88' lang='lat' dir='ltr'><strong>arti-</strong></span> 
     </span>
    </p>
   </div>
   <div class='ocr_carea' id='block_1_60' title="bbox 2121 3300 3706 3378">
    <p class='ocr_par' dir='ltr' id='par_1_60' title="bbox 2121 3301 3706 3378">
     <span class='ocr_line' id='line_1_60' title="bbox 2121 3301 3706 3378; baseline -0.008 -16"><span class='ocrx_word' id='word_1_416' title='bbox 2121 3308 2255 3375; x_wconf 91' lang='grc' dir='ltr'>λοις,</span> <span class='ocrx_word' id='word_1_417' title='bbox 2285 3307 2578 3378; x_wconf 80' lang='grc' dir='ltr'>τεχνίταις,</span> <span class='ocrx_word' id='word_1_418' title='bbox 2612 3307 2878 3377; x_wconf 82' lang='grc' dir='ltr'>ἀτέχνοις,</span> <span class='ocrx_word' id='word_1_419' title='bbox 2912 3305 3165 3374; x_wconf 81' lang='grc' dir='ltr'>ἀνδράσι,</span> <span class='ocrx_word' id='word_1_420' title='bbox 3196 3302 3435 3374; x_wconf 77' lang='grc' dir='ltr'>γυναιξὶ,</span> <span class='ocrx_word' id='word_1_421' title='bbox 3456 3301 3706 3370; x_wconf 79' lang='grc' dir='ltr'>γέρουσι,</span> 
     </span>
    </p>
   </div>
   <div class='ocr_carea' id='block_1_61' title="bbox 437 3395 2012 3466">
    <p class='ocr_par' dir='ltr' id='par_1_61' title="bbox 437 3395 2012 3466">
     <span class='ocr_line' id='line_1_61' title="bbox 437 3395 2012 3466; baseline -0.001 -15"><span class='ocrx_word' id='word_1_422' title='bbox 437 3397 631 3452; x_wconf 80' lang='lat' dir='ltr'><strong>licibus</strong></span> <span class='ocrx_word' id='word_1_423' title='bbox 652 3405 706 3451; x_wconf 86' lang='lat' dir='ltr'><strong>et</strong></span> <span class='ocrx_word' id='word_1_424' title='bbox 733 3397 934 3451; x_wconf 87' lang='lat' dir='ltr'><strong>artium</strong></span> <span class='ocrx_word' id='word_1_425' title='bbox 959 3396 1189 3466; x_wconf 80' lang='lat' dir='ltr'><strong>ignaris.</strong></span> <span class='ocrx_word' id='word_1_426' title='bbox 1223 3396 1380 3460; x_wconf 87' lang='lat' dir='ltr'><strong>viris,</strong></span> <span class='ocrx_word' id='word_1_427' title='bbox 1399 3395 2012 3459; x_wconf 84' lang='lat' dir='ltr'><strong>mulieribus,senihus,</strong></span> 
     </span>
    </p>
   </div>
   <div class='ocr_carea' id='block_1_62' title="bbox 436 3486 2021 3557">
    <p class='ocr_par' dir='ltr' id='par_1_62' title="bbox 436 3486 2021 3557">
     <span class='ocr_line' id='line_1_62' title="bbox 436 3486 2021 3557; baseline -0.001 -15"><span class='ocrx_word' id='word_1_428' title='bbox 436 3489 883 3543; x_wconf 85' lang='lat' dir='ltr'><strong>adolescentibus</strong></span> <span class='ocrx_word' id='word_1_429' title='bbox 914 3507 928 3541; x_wconf 92' lang='lat'><strong>:</strong></span> <span class='ocrx_word' id='word_1_430' title='bbox 985 3488 1136 3541; x_wconf 89' lang='lat' dir='ltr'><strong>omni</strong></span> <span class='ocrx_word' id='word_1_431' title='bbox 1163 3487 1404 3557; x_wconf 88' lang='lat' dir='ltr'><strong>denique</strong></span> <span class='ocrx_word' id='word_1_432' title='bbox 1436 3495 1666 3551; x_wconf 67' lang='lat' dir='ltr'><strong>natura),</strong></span> <span class='ocrx_word' id='word_1_433' title='bbox 1707 3486 1879 3551; x_wconf 68' lang='lat' dir='ltr'><strong>aetati,</strong></span> <span class='ocrx_word' id='word_1_434' title='bbox 1907 3487 2021 3542; x_wconf 82' lang='lat' dir='ltr'><strong>for-</strong></span> 
     </span>
    </p>
   </div>
   <div class='ocr_carea' id='block_1_63' title="bbox 437 3578 2020 3650">
    <p class='ocr_par' dir='ltr' id='par_1_63' title="bbox 437 3578 2020 3650">
     <span class='ocr_line' id='line_1_63' title="bbox 437 3578 2020 3650; baseline -0.003 -15"><span class='ocrx_word' id='word_1_435' title='bbox 437 3595 605 3646; x_wconf 62' lang='lat' dir='ltr'><strong>tuna,</strong></span> <span class='ocrx_word' id='word_1_436' title='bbox 665 3579 972 3650; x_wconf 87' lang='lat' dir='ltr'><strong>proposito.</strong></span> <span class='ocrx_word' id='word_1_437' title='bbox 1023 3591 1073 3633; x_wconf 90' lang='lat' dir='ltr'><strong>et</strong></span> <span class='ocrx_word' id='word_1_438' title='bbox 1130 3578 1500 3634; x_wconf 88' lang='lat' dir='ltr'><strong>communiter</strong></span> <span class='ocrx_word' id='word_1_439' title='bbox 1557 3590 1612 3633; x_wconf 88' lang='lat' dir='ltr'><strong>et</strong></span> <span class='ocrx_word' id='word_1_440' title='bbox 1667 3579 1923 3648; x_wconf 88' lang='lat' dir='ltr'><strong>privatim</strong></span> <span class='ocrx_word' id='word_1_441' title='bbox 1965 3588 2020 3632; x_wconf 84' lang='lat' dir='ltr'><strong>et</strong></span> 
     </span>
    </p>
   </div>
   <div class='ocr_carea' id='block_1_64' title="bbox 439 3668 2018 3740">
    <p class='ocr_par' dir='ltr' id='par_1_64' title="bbox 439 3668 2018 3740">
     <span class='ocr_line' id='line_1_64' title="bbox 439 3668 2018 3740; baseline -0.001 -16"><span class='ocrx_word' id='word_1_442' title='bbox 439 3686 678 3740; x_wconf 87' lang='lat' dir='ltr'><strong>semper,</strong></span> <span class='ocrx_word' id='word_1_443' title='bbox 722 3678 830 3724; x_wconf 91' lang='lat' dir='ltr'><strong>tam</strong></span> <span class='ocrx_word' id='word_1_444' title='bbox 871 3670 1017 3724; x_wconf 88' lang='lat' dir='ltr'><strong>domi</strong></span> <span class='ocrx_word' id='word_1_445' title='bbox 1061 3685 1226 3739; x_wconf 87' lang='lat' dir='ltr'><strong>quam</strong></span> <span class='ocrx_word' id='word_1_446' title='bbox 1274 3669 1329 3723; x_wconf 90' lang='lat' dir='ltr'><strong>in</strong></span> <span class='ocrx_word' id='word_1_447' title='bbox 1378 3668 1521 3735; x_wconf 83' lang='lat' dir='ltr'><strong>foro,</strong></span> <span class='ocrx_word' id='word_1_448' title='bbox 1564 3669 1618 3723; x_wconf 91' lang='lat' dir='ltr'><strong>in</strong></span> <span class='ocrx_word' id='word_1_449' title='bbox 1649 3669 1922 3732; x_wconf 84' lang='lat' dir='ltr'><strong>ecclesiis,</strong></span> <span class='ocrx_word' id='word_1_450' title='bbox 1965 3671 2018 3724; x_wconf 87' lang='lat' dir='ltr'><strong>in</strong></span> 
     </span>
    </p>
   </div>
   <div class='ocr_carea' id='block_1_65' title="bbox 435 3760 2018 3832">
    <p class='ocr_par' dir='ltr' id='par_1_65' title="bbox 435 3760 2018 3832">
     <span class='ocr_line' id='line_1_65' title="bbox 435 3760 2018 3832; baseline 0.003 -20"><span class='ocrx_word' id='word_1_451' title='bbox 435 3762 608 3832; x_wconf 76' lang='lat' dir='ltr'><strong>agris,</strong></span> <span class='ocrx_word' id='word_1_452' title='bbox 645 3761 698 3815; x_wconf 93' lang='lat' dir='ltr'><strong>in</strong></span> <span class='ocrx_word' id='word_1_453' title='bbox 730 3760 1144 3829; x_wconf 87' lang='lat' dir='ltr'><strong>solitudinibus,</strong></span> <span class='ocrx_word' id='word_1_454' title='bbox 1178 3762 1233 3817; x_wconf 91' lang='lat' dir='ltr'><strong>in</strong></span> <span class='ocrx_word' id='word_1_455' title='bbox 1271 3761 1561 3818; x_wconf 90' lang='lat' dir='ltr'><strong>itincribus</strong></span> <span class='ocrx_word' id='word_1_456' title='bbox 1589 3769 1645 3817; x_wconf 89' lang='lat' dir='ltr'><strong>et</strong></span> <span class='ocrx_word' id='word_1_457' title='bbox 1682 3761 1940 3818; x_wconf 89' lang='lat' dir='ltr'><strong>omnibus</strong></span> <span class='ocrx_word' id='word_1_458' title='bbox 1964 3762 2018 3817; x_wconf 91' lang='lat' dir='ltr'><strong>in</strong></span> 
     </span>
    </p>
   </div>
   <div class='ocr_carea' id='block_1_66' title="bbox 438 3854 2021 3924">
    <p class='ocr_par' dir='ltr' id='par_1_66' title="bbox 438 3854 2021 3924">
     <span class='ocr_line' id='line_1_66' title="bbox 438 3854 2021 3924; baseline -0.001 -15"><span class='ocrx_word' id='word_1_459' title='bbox 438 3855 623 3910; x_wconf 81' lang='lat' dir='ltr'><strong>locis:</strong></span> <span class='ocrx_word' id='word_1_460' title='bbox 675 3862 731 3908; x_wconf 83' lang='lat' dir='ltr'><strong>et</strong></span> <span class='ocrx_word' id='word_1_461' title='bbox 771 3865 856 3910; x_wconf 86' lang='lat' dir='ltr'><strong>est</strong></span> <span class='ocrx_word' id='word_1_462' title='bbox 915 3854 1155 3923; x_wconf 77' lang='lat' dir='ltr'><strong>denique</strong></span> <span class='ocrx_word' id='word_1_463' title='bbox 1211 3855 1373 3910; x_wconf 90' lang='lat' dir='ltr'><strong>sicuti</strong></span> <span class='ocrx_word' id='word_1_464' title='bbox 1428 3855 1572 3910; x_wconf 89' lang='lat' dir='ltr'><strong>aeris</strong></span> <span class='ocrx_word' id='word_1_465' title='bbox 1621 3854 1877 3924; x_wconf 86' lang='lat' dir='ltr'><strong>spiratio,</strong></span> <span class='ocrx_word' id='word_1_466' title='bbox 1926 3862 2021 3908; x_wconf 83' lang='lat' dir='ltr'><strong>aut</strong></span> 
     </span>
    </p>
   </div>
   <div class='ocr_carea' id='block_1_67' title="bbox 438 3945 2020 4017">
    <p class='ocr_par' dir='ltr' id='par_1_67' title="bbox 438 3945 2020 4017">
     <span class='ocr_line' id='line_1_67' title="bbox 438 3945 2020 4017; baseline 0.001 -18"><span class='ocrx_word' id='word_1_467' title='bbox 438 3945 582 4001; x_wconf 89' lang='lat' dir='ltr'><strong>lucis</strong></span> <span class='ocrx_word' id='word_1_468' title='bbox 610 3945 827 4010; x_wconf 84' lang='lat' dir='ltr'><strong>ell‘usio,</strong></span> <span class='ocrx_word' id='word_1_469' title='bbox 849 3956 943 4000; x_wconf 89' lang='lat' dir='ltr'><strong>aut</strong></span> <span class='ocrx_word' id='word_1_470' title='bbox 969 3962 1098 4002; x_wconf 89' lang='lat' dir='ltr'><strong>usus</strong></span> <span class='ocrx_word' id='word_1_471' title='bbox 1141 3947 1282 4016; x_wconf 78' lang='lat' dir='ltr'><strong>ignis</strong></span> <span class='ocrx_word' id='word_1_472' title='bbox 1313 3955 1368 4002; x_wconf 91' lang='lat' dir='ltr'><strong>et</strong></span> <span class='ocrx_word' id='word_1_473' title='bbox 1396 3961 1572 4015; x_wconf 80' lang='lat' dir='ltr'><strong>aquae,</strong></span> <span class='ocrx_word' id='word_1_474' title='bbox 1613 3954 1709 4000; x_wconf 91' lang='lat' dir='ltr'><strong>aut</strong></span> <span class='ocrx_word' id='word_1_475' title='bbox 1737 3947 2020 4017; x_wconf 74' lang='lat' dir='ltr'><strong>quodtun-</strong></span> 
     </span>
    </p>
   </div>
   <div class='ocr_carea' id='block_1_68' title="bbox 436 4037 2022 4108">
    <p class='ocr_par' dir='ltr' id='par_1_68' title="bbox 436 4037 2022 4108">
     <span class='ocr_line' id='line_1_68' title="bbox 436 4037 2022 4108; baseline 0 -17"><span class='ocrx_word' id='word_1_476' title='bbox 436 4052 548 4107; x_wconf 87' lang='lat' dir='ltr'><strong>que</strong></span> <span class='ocrx_word' id='word_1_477' title='bbox 585 4037 734 4092; x_wconf 86' lang='lat' dir='ltr'><strong>aliud</strong></span> <span class='ocrx_word' id='word_1_478' title='bbox 790 4053 984 4093; x_wconf 88' lang='lat' dir='ltr'><strong>eorum</strong></span> <span class='ocrx_word' id='word_1_479' title='bbox 1020 4053 1140 4108; x_wconf 74' lang='lat' dir='ltr'><strong>qua:</strong></span> <span class='ocrx_word' id='word_1_480' title='bbox 1189 4038 1345 4092; x_wconf 84' lang='lat' dir='ltr'><strong>valde</strong></span> <span class='ocrx_word' id='word_1_481' title='bbox 1412 4038 1727 4092; x_wconf 86' lang='lat' dir='ltr'><strong>communia</strong></span> <span class='ocrx_word' id='word_1_482' title='bbox 1786 4046 1918 4092; x_wconf 86' lang='lat' dir='ltr'><strong>sunt</strong></span> <span class='ocrx_word' id='word_1_483' title='bbox 1969 4048 2022 4092; x_wconf 87' lang='lat' dir='ltr'><strong>ct</strong></span> 
     </span>
    </p>
   </div>
   <div class='ocr_carea' id='block_1_69' title="bbox 438 4129 2018 4199">
    <p class='ocr_par' dir='ltr' id='par_1_69' title="bbox 438 4129 2018 4199">
     <span class='ocr_line' id='line_1_69' title="bbox 438 4129 2018 4199; baseline -0.002 -14"><span class='ocrx_word' id='word_1_484' title='bbox 438 4131 617 4186; x_wconf 87' lang='lat' dir='ltr'><strong>utilia.</strong></span> <span class='ocrx_word' id='word_1_485' title='bbox 670 4129 939 4198; x_wconf 83' lang='lat' dir='ltr'><strong>Quodque</strong></span> <span class='ocrx_word' id='word_1_486' title='bbox 971 4130 1338 4185; x_wconf 88' lang='lat' dir='ltr'><strong>admiratione</strong></span> <span class='ocrx_word' id='word_1_487' title='bbox 1388 4130 1622 4184; x_wconf 80' lang='lat' dir='ltr'><strong>maxime</strong></span> <span class='ocrx_word' id='word_1_488' title='bbox 1646 4130 1873 4199; x_wconf 81' lang='lat' dir='ltr'><strong>dignum</strong></span> <span class='ocrx_word' id='word_1_489' title='bbox 1910 4138 2018 4195; x_wconf 88' lang='lat' dir='ltr'><strong>cst,</strong></span> 
     </span>
    </p>
   </div>
   <div class='ocr_carea' id='block_1_70' title="bbox 434 4224 2022 4295">
    <p class='ocr_par' dir='ltr' id='par_1_70' title="bbox 434 4224 2022 4295">
     <span class='ocr_line' id='line_1_70' title="bbox 434 4224 2022 4295; baseline -0.001 -14"><span class='ocrx_word' id='word_1_490' title='bbox 434 4226 776 4295; x_wconf 87' lang='lat' dir='ltr'><strong>psalmorum</strong></span> <span class='ocrx_word' id='word_1_491' title='bbox 806 4234 1000 4280; x_wconf 85' lang='lat' dir='ltr'><strong>cautus</strong></span> <span class='ocrx_word' id='word_1_492' title='bbox 1049 4239 1156 4278; x_wconf 89' lang='lat' dir='ltr'><strong>non</strong></span> <span class='ocrx_word' id='word_1_493' title='bbox 1179 4224 1530 4294; x_wconf 85' lang='lat' dir='ltr'><strong>interrumpit</strong></span> <span class='ocrx_word' id='word_1_494' title='bbox 1558 4239 1737 4293; x_wconf 82' lang='lat' dir='ltr'><strong>neque</strong></span> <span class='ocrx_word' id='word_1_495' title='bbox 1761 4224 2022 4280; x_wconf 85' lang='lat' dir='ltr'><strong>distrahit</strong></span> 
     </span>
    </p>
   </div>
   <div class='ocr_carea' id='block_1_71' title="bbox 437 4316 2021 4385">
    <p class='ocr_par' dir='ltr' id='par_1_71' title="bbox 437 4316 2021 4385">
     <span class='ocr_line' id='line_1_71' title="bbox 437 4316 2021 4385; baseline 0.001 -17"><span class='ocrx_word' id='word_1_496' title='bbox 437 4318 507 4370; x_wconf 88' lang='lat' dir='ltr'><strong>ab</strong></span> <span class='ocrx_word' id='word_1_497' title='bbox 537 4316 801 4384; x_wconf 83' lang='lat' dir='ltr'><strong>Operibus</strong></span> <span class='ocrx_word' id='word_1_498' title='bbox 830 4335 842 4369; x_wconf 93' lang='lat'><strong>:</strong></span> <span class='ocrx_word' id='word_1_499' title='bbox 878 4316 1126 4384; x_wconf 84' lang='lat' dir='ltr'><strong>quinimo</strong></span> <span class='ocrx_word' id='word_1_500' title='bbox 1159 4317 1540 4382; x_wconf 85' lang='lat' dir='ltr'><strong>operantibus,</strong></span> <span class='ocrx_word' id='word_1_501' title='bbox 1592 4316 1711 4385; x_wconf 87' lang='lat' dir='ltr'><strong>ipsa</strong></span> <span class='ocrx_word' id='word_1_502' title='bbox 1744 4316 2021 4371; x_wconf 79' lang='lat' dir='ltr'><strong>suavitate</strong></span> 
     </span>
    </p>
   </div>
   <div class='ocr_carea' id='block_1_72' title="bbox 436 4407 2017 4477">
    <p class='ocr_par' dir='ltr' id='par_1_72' title="bbox 436 4407 2017 4477">
     <span class='ocr_line' id='line_1_72' title="bbox 436 4407 2017 4477; baseline 0.001 -16"><span class='ocrx_word' id='word_1_503' title='bbox 436 4422 504 4461; x_wconf 88' lang='lat' dir='ltr'><strong>ac</strong></span> <span class='ocrx_word' id='word_1_504' title='bbox 565 4407 822 4470; x_wconf 83' lang='lat' dir='ltr'><strong>tnelodia,</strong></span> <span class='ocrx_word' id='word_1_505' title='bbox 883 4409 1262 4461; x_wconf 86' lang='lat' dir='ltr'><strong>austeritatem</strong></span> <span class='ocrx_word' id='word_1_506' title='bbox 1319 4407 1449 4461; x_wconf 89' lang='lat' dir='ltr'><strong>lenit</strong></span> <span class='ocrx_word' id='word_1_507' title='bbox 1496 4408 1746 4462; x_wconf 88' lang='lat' dir='ltr'><strong>laborum</strong></span> <span class='ocrx_word' id='word_1_508' title='bbox 1780 4422 2017 4477; x_wconf 84' lang='lat' dir='ltr'><strong>quorum</strong></span> 
     </span>
    </p>
   </div>
   <div class='ocr_carea' id='block_1_73' title="bbox 435 4497 2021 4568">
    <p class='ocr_par' dir='ltr' id='par_1_73' title="bbox 435 4497 2021 4568">
     <span class='ocr_line' id='line_1_73' title="bbox 435 4497 2021 4568; baseline 0.001 -16"><span class='ocrx_word' id='word_1_509' title='bbox 435 4498 681 4552; x_wconf 89' lang='lat' dir='ltr'><strong>omnium</strong></span> <span class='ocrx_word' id='word_1_510' title='bbox 724 4512 872 4552; x_wconf 90' lang='lat' dir='ltr'><strong>unus</strong></span> <span class='ocrx_word' id='word_1_511' title='bbox 900 4508 987 4553; x_wconf 89' lang='lat' dir='ltr'><strong>est</strong></span> <span class='ocrx_word' id='word_1_512' title='bbox 1012 4497 1139 4552; x_wconf 83' lang='lat' dir='ltr'><strong>linis</strong></span> <span class='ocrx_word' id='word_1_513' title='bbox 1170 4514 1184 4551; x_wconf 90' lang='lat'><strong>:</strong></span> <span class='ocrx_word' id='word_1_514' title='bbox 1237 4507 1295 4551; x_wconf 92' lang='lat' dir='ltr'><strong>ut</strong></span> <span class='ocrx_word' id='word_1_515' title='bbox 1329 4498 1548 4553; x_wconf 87' lang='lat' dir='ltr'><strong>scilicet</strong></span> <span class='ocrx_word' id='word_1_516' title='bbox 1577 4499 1891 4568; x_wconf 89' lang='lat' dir='ltr'><strong>hujusmodi</strong></span> <span class='ocrx_word' id='word_1_517' title='bbox 1933 4500 2021 4554; x_wconf 56' lang='lat' dir='ltr'><strong>di.</strong></span> 
     </span>
    </p>
   </div>
   <div class='ocr_carea' id='block_1_74' title="bbox 436 4587 2020 4657">
    <p class='ocr_par' dir='ltr' id='par_1_74' title="bbox 436 4587 2020 4657">
     <span class='ocr_line' id='line_1_74' title="bbox 436 4587 2020 4657; baseline 0.003 -14"><span class='ocrx_word' id='word_1_518' title='bbox 436 4588 686 4657; x_wconf 89' lang='lat' dir='ltr'><strong>scipulus</strong></span> <span class='ocrx_word' id='word_1_519' title='bbox 734 4588 934 4652; x_wconf 88' lang='lat' dir='ltr'><strong>bonus,</strong></span> <span class='ocrx_word' id='word_1_520' title='bbox 958 4589 1176 4656; x_wconf 81' lang='lat' dir='ltr'><strong>sapiens</strong></span> <span class='ocrx_word' id='word_1_521' title='bbox 1196 4587 1484 4652; x_wconf 81' lang='lat' dir='ltr'><strong>elliciatur,</strong></span> <span class='ocrx_word' id='word_1_522' title='bbox 1512 4598 1565 4644; x_wconf 92' lang='lat' dir='ltr'><strong>et</strong></span> <span class='ocrx_word' id='word_1_523' title='bbox 1600 4588 1760 4646; x_wconf 80' lang='lat' dir='ltr'><strong>Deus.</strong></span> <span class='ocrx_word' id='word_1_524' title='bbox 1787 4591 2020 4649; x_wconf 85' lang='lat' dir='ltr'><strong>Abunde</strong></span> 
     </span>
    </p>
   </div>
   <div class='ocr_carea' id='block_1_75' title="bbox 435 4679 2018 4753">
    <p class='ocr_par' dir='ltr' id='par_1_75' title="bbox 435 4679 2018 4753">
     <span class='ocr_line' id='line_1_75' title="bbox 435 4679 2018 4753; baseline 0.003 -20"><span class='ocrx_word' id='word_1_525' title='bbox 435 4679 606 4749; x_wconf 80' lang='lat' dir='ltr'><strong>igitur</strong></span> <span class='ocrx_word' id='word_1_526' title='bbox 626 4679 866 4734; x_wconf 77' lang='lat' dir='ltr'><strong>diximus</strong></span> <span class='ocrx_word' id='word_1_527' title='bbox 900 4694 1150 4749; x_wconf 82' lang='lat' dir='ltr'><strong>quaenam</strong></span> <span class='ocrx_word' id='word_1_528' title='bbox 1197 4691 1252 4734; x_wconf 91' lang='lat' dir='ltr'><strong>et</strong></span> <span class='ocrx_word' id='word_1_529' title='bbox 1301 4692 1438 4750; x_wconf 90' lang='lat' dir='ltr'><strong>quot</strong></span> <span class='ocrx_word' id='word_1_530' title='bbox 1481 4682 1591 4736; x_wconf 89' lang='lat' dir='ltr'><strong>sint</strong></span> <span class='ocrx_word' id='word_1_531' title='bbox 1620 4682 1785 4752; x_wconf 79' lang='lat' dir='ltr'><strong>hujus</strong></span> <span class='ocrx_word' id='word_1_532' title='bbox 1832 4686 2018 4753; x_wconf 88' lang='lat' dir='ltr'><strong>operis</strong></span> 
     </span>
    </p>
   </div>
   <div class='ocr_carea' id='block_1_76' title="bbox 436 4772 2016 4844">
    <p class='ocr_par' dir='ltr' id='par_1_76' title="bbox 436 4772 2016 4844">
     <span class='ocr_line' id='line_1_76' title="bbox 436 4772 2016 4844; baseline -0.003 -17"><span class='ocrx_word' id='word_1_533' title='bbox 436 4773 795 4838; x_wconf 81' lang='lat' dir='ltr'><strong>intentiones,</strong></span> <span class='ocrx_word' id='word_1_534' title='bbox 837 4781 887 4825; x_wconf 91' lang='lat' dir='ltr'><strong>el</strong></span> <span class='ocrx_word' id='word_1_535' title='bbox 919 4782 1123 4842; x_wconf 87' lang='lat' dir='ltr'><strong>quanta</strong></span> <span class='ocrx_word' id='word_1_536' title='bbox 1152 4787 1217 4826; x_wconf 82' lang='lat' dir='ltr'><strong>ex</strong></span> <span class='ocrx_word' id='word_1_537' title='bbox 1249 4772 1336 4827; x_wconf 87' lang='lat' dir='ltr'><strong>his</strong></span> <span class='ocrx_word' id='word_1_538' title='bbox 1372 4773 1662 4827; x_wconf 88' lang='lat' dir='ltr'><strong>commoda</strong></span> <span class='ocrx_word' id='word_1_539' title='bbox 1703 4787 2016 4844; x_wconf 85' lang='lat' dir='ltr'><strong>consequa.</strong></span> 
     </span>
    </p>
   </div>
   <div class='ocr_carea' id='block_1_77' title="bbox 434 4861 2013 4932">
    <p class='ocr_par' dir='ltr' id='par_1_77' title="bbox 434 4861 2013 4932">
     <span class='ocr_line' id='line_1_77' title="bbox 434 4861 2013 4932; baseline 0.001 -15"><span class='ocrx_word' id='word_1_540' title='bbox 434 4878 581 4925; x_wconf 88' lang='lat' dir='ltr'><strong>mur,</strong></span> <span class='ocrx_word' id='word_1_541' title='bbox 639 4870 694 4918; x_wconf 89' lang='lat' dir='ltr'><strong>et</strong></span> <span class='ocrx_word' id='word_1_542' title='bbox 737 4864 861 4932; x_wconf 86' lang='lat' dir='ltr'><strong>quis</strong></span> <span class='ocrx_word' id='word_1_543' title='bbox 905 4862 1051 4918; x_wconf 80' lang='lat' dir='ltr'><strong>ﬁnis.</strong></span> <span class='ocrx_word' id='word_1_544' title='bbox 1105 4861 1296 4916; x_wconf 82' lang='lat' dir='ltr'><strong>Restat</strong></span> <span class='ocrx_word' id='word_1_545' title='bbox 1357 4877 1505 4916; x_wconf 88' lang='lat' dir='ltr'><strong>nunc</strong></span> <span class='ocrx_word' id='word_1_546' title='bbox 1546 4873 1606 4916; x_wconf 94' lang='lat' dir='ltr'><strong>ut</strong></span> <span class='ocrx_word' id='word_1_547' title='bbox 1646 4863 2013 4931; x_wconf 73' lang='lat' dir='ltr'><strong>disseramus,</strong></span> 
     </span>
    </p>
   </div>
   <div class='ocr_carea' id='block_1_78' title="bbox 434 4954 2014 5026">
    <p class='ocr_par' dir='ltr' id='par_1_78' title="bbox 434 4954 2014 5026">
     <span class='ocr_line' id='line_1_78' title="bbox 434 4954 2014 5026; baseline 0.004 -19"><span class='ocrx_word' id='word_1_548' title='bbox 434 4971 504 5008; x_wconf 90' lang='lat' dir='ltr'><strong>an</strong></span> <span class='ocrx_word' id='word_1_549' title='bbox 540 4956 796 5026; x_wconf 84' lang='lat' dir='ltr'><strong>proprius</strong></span> <span class='ocrx_word' id='word_1_550' title='bbox 820 4956 891 5009; x_wconf 82' lang='lat' dir='ltr'><strong>sit</strong></span> <span class='ocrx_word' id='word_1_551' title='bbox 924 4956 1010 5009; x_wconf 90' lang='lat' dir='ltr'><strong>hic</strong></span> <span class='ocrx_word' id='word_1_552' title='bbox 1048 4956 1186 5009; x_wconf 85' lang='lat' dir='ltr'><strong>liber</strong></span> <span class='ocrx_word' id='word_1_553' title='bbox 1216 4954 1356 5010; x_wconf 85' lang='lat' dir='ltr'><strong>beati</strong></span> <span class='ocrx_word' id='word_1_554' title='bbox 1395 4955 1585 5020; x_wconf 85' lang='lat' dir='ltr'><strong>David,</strong></span> <span class='ocrx_word' id='word_1_555' title='bbox 1623 4966 1677 5010; x_wconf 88' lang='lat' dir='ltr'><strong>et</strong></span> <span class='ocrx_word' id='word_1_556' title='bbox 1704 4956 1773 5011; x_wconf 88' lang='lat' dir='ltr'><strong>ab</strong></span> <span class='ocrx_word' id='word_1_557' title='bbox 1798 4971 1863 5010; x_wconf 87' lang='lat' dir='ltr'><strong>eo</strong></span> <span class='ocrx_word' id='word_1_558' title='bbox 1894 4959 2014 5013; x_wconf 89' lang='lat' dir='ltr'><strong>solo</strong></span> 
     </span>
    </p>
   </div>
   <div class='ocr_carea' id='block_1_79' title="bbox 434 5047 2012 5121">
    <p class='ocr_par' dir='ltr' id='par_1_79' title="bbox 434 5047 2012 5121">
     <span class='ocr_line' id='line_1_79' title="bbox 434 5047 2012 5121; baseline 0.001 -18"><span class='ocrx_word' id='word_1_559' title='bbox 434 5047 721 5104; x_wconf 79' lang='lat' dir='ltr'><strong>confectus</strong></span> <span class='ocrx_word' id='word_1_560' title='bbox 751 5048 842 5121; x_wconf 85' lang='lat' dir='ltr'><strong>[an</strong></span> <span class='ocrx_word' id='word_1_561' title='bbox 865 5050 1028 5103; x_wconf 84' lang='lat' dir='ltr'><strong>etiam</strong></span> <span class='ocrx_word' id='word_1_562' title='bbox 1058 5050 1127 5103; x_wconf 89' lang='lat' dir='ltr'><strong>ab</strong></span> <span class='ocrx_word' id='word_1_563' title='bbox 1158 5048 1306 5120; x_wconf 87' lang='lat' dir='ltr'><strong>aliis]</strong></span> <span class='ocrx_word' id='word_1_564' title='bbox 1338 5066 1352 5103; x_wconf 92' lang='lat'><strong>:</strong></span> <span class='ocrx_word' id='word_1_565' title='bbox 1383 5064 1547 5119; x_wconf 90' lang='lat' dir='ltr'><strong>quam</strong></span> <span class='ocrx_word' id='word_1_566' title='bbox 1591 5050 2012 5118; x_wconf 87' lang='lat' dir='ltr'><strong>appellationem</strong></span> 
     </span>
    </p>
   </div>
   <div class='ocr_carea' id='block_1_80' title="bbox 436 5141 2012 5213">
    <p class='ocr_par' dir='ltr' id='par_1_80' title="bbox 436 5141 2012 5213">
     <span class='ocr_line' id='line_1_80' title="bbox 436 5141 2012 5213; baseline 0.003 -19"><span class='ocrx_word' id='word_1_567' title='bbox 436 5141 654 5197; x_wconf 62' lang='lat' dir='ltr'><strong>habeat.</strong></span> <span class='ocrx_word' id='word_1_568' title='bbox 701 5141 840 5208; x_wconf 85' lang='lat' dir='ltr'><strong>Quid</strong></span> <span class='ocrx_word' id='word_1_569' title='bbox 896 5142 965 5195; x_wconf 85' lang='lat' dir='ltr'><strong>sit</strong></span> <span class='ocrx_word' id='word_1_570' title='bbox 1016 5141 1364 5210; x_wconf 76' lang='lat' dir='ltr'><strong>psalterium,</strong></span> <span class='ocrx_word' id='word_1_571' title='bbox 1420 5141 1548 5209; x_wconf 90' lang='lat' dir='ltr'><strong>quid</strong></span> <span class='ocrx_word' id='word_1_572' title='bbox 1597 5145 1831 5210; x_wconf 85' lang='lat' dir='ltr'><strong>psaltus,</strong></span> <span class='ocrx_word' id='word_1_573' title='bbox 1880 5144 2012 5213; x_wconf 81' lang='lat' dir='ltr'><strong>quid</strong></span> 
     </span>
    </p>
   </div>
   <div class='ocr_carea' id='block_1_81' title="bbox 432 5228 2009 5306">
    <p class='ocr_par' dir='ltr' id='par_1_81' title="bbox 432 5228 2009 5306">
     <span class='ocr_line' id='line_1_81' title="bbox 432 5228 2009 5306; baseline 0.003 -23"><span class='ocrx_word' id='word_1_574' title='bbox 432 5228 703 5297; x_wconf 82' lang='lat' dir='ltr'><strong>psalmus,</strong></span> <span class='ocrx_word' id='word_1_575' title='bbox 752 5230 883 5299; x_wconf 90' lang='lat' dir='ltr'><strong>quid</strong></span> <span class='ocrx_word' id='word_1_576' title='bbox 919 5229 1260 5298; x_wconf 85' lang='lat' dir='ltr'><strong>psalmodus,</strong></span> <span class='ocrx_word' id='word_1_577' title='bbox 1305 5230 1437 5299; x_wconf 89' lang='lat' dir='ltr'><strong>quid</strong></span> <span class='ocrx_word' id='word_1_578' title='bbox 1489 5230 1824 5300; x_wconf 82' lang='lat' dir='ltr'><strong>diapsalma,</strong></span> <span class='ocrx_word' id='word_1_579' title='bbox 1872 5233 2009 5306; x_wconf 87' lang='lat' dir='ltr'><strong>quid</strong></span> 
     </span>
    </p>
   </div>
   <div class='ocr_carea' id='block_1_82' title="bbox 433 5319 2008 5391">
    <p class='ocr_par' dir='ltr' id='par_1_82' title="bbox 433 5319 2008 5391">
     <span class='ocr_line' id='line_1_82' title="bbox 433 5319 2008 5391; baseline 0.004 -18"><span class='ocrx_word' id='word_1_580' title='bbox 433 5319 881 5391; x_wconf 86' lang='lat' dir='ltr'><strong>canticum,quid</strong></span> <span class='ocrx_word' id='word_1_581' title='bbox 913 5321 1173 5391; x_wconf 87' lang='lat' dir='ltr'><strong>hymnus,</strong></span> <span class='ocrx_word' id='word_1_582' title='bbox 1203 5321 1335 5388; x_wconf 86' lang='lat' dir='ltr'><strong>quid</strong></span> <span class='ocrx_word' id='word_1_583' title='bbox 1370 5321 1511 5387; x_wconf 90' lang='lat' dir='ltr'><strong>laus,</strong></span> <span class='ocrx_word' id='word_1_584' title='bbox 1547 5322 1678 5390; x_wconf 89' lang='lat' dir='ltr'><strong>quid</strong></span> <span class='ocrx_word' id='word_1_585' title='bbox 1705 5323 2008 5389; x_wconf 81' lang='lat' dir='ltr'><strong>confessio,</strong></span> 
     </span>
    </p>
   </div>
   <div class='ocr_carea' id='block_1_83' title="bbox 433 5412 2009 5485">
    <p class='ocr_par' dir='ltr' id='par_1_83' title="bbox 433 5412 2009 5485">
     <span class='ocr_line' id='line_1_83' title="bbox 433 5412 2009 5485; baseline 0.003 -19"><span class='ocrx_word' id='word_1_586' title='bbox 433 5413 568 5480; x_wconf 84' lang='lat' dir='ltr'><strong>quid</strong></span> <span class='ocrx_word' id='word_1_587' title='bbox 606 5413 807 5477; x_wconf 87' lang='lat' dir='ltr'><strong>oratio,</strong></span> <span class='ocrx_word' id='word_1_588' title='bbox 864 5413 994 5481; x_wconf 82' lang='lat' dir='ltr'><strong>quid</strong></span> <span class='ocrx_word' id='word_1_589' title='bbox 1033 5421 1242 5475; x_wconf 87' lang='lat' dir='ltr'><strong>votum,</strong></span> <span class='ocrx_word' id='word_1_590' title='bbox 1274 5412 1407 5482; x_wconf 90' lang='lat' dir='ltr'><strong>quid</strong></span> <span class='ocrx_word' id='word_1_591' title='bbox 1450 5415 1725 5469; x_wconf 83' lang='lat' dir='ltr'><strong>canticum</strong></span> <span class='ocrx_word' id='word_1_592' title='bbox 1766 5417 2009 5485; x_wconf 81' lang='lat' dir='ltr'><strong>psalmi:</strong></span> 
     </span>
    </p>
   </div>
   <div class='ocr_carea' id='block_1_84' title="bbox 435 5503 2014 5576">
    <p class='ocr_par' dir='ltr' id='par_1_84' title="bbox 435 5503 2014 5576">
     <span class='ocr_line' id='line_1_84' title="bbox 435 5503 2014 5576; baseline 0.002 -17"><span class='ocrx_word' id='word_1_593' title='bbox 435 5505 569 5575; x_wconf 86' lang='lat' dir='ltr'><strong>quid</strong></span> <span class='ocrx_word' id='word_1_594' title='bbox 597 5507 840 5574; x_wconf 86' lang='lat' dir='ltr'><strong>psalmus</strong></span> <span class='ocrx_word' id='word_1_595' title='bbox 870 5505 1068 5561; x_wconf 85' lang='lat' dir='ltr'><strong>cantici</strong></span> <span class='ocrx_word' id='word_1_596' title='bbox 1096 5523 1109 5558; x_wconf 88' lang='lat'><strong>:</strong></span> <span class='ocrx_word' id='word_1_597' title='bbox 1142 5515 1272 5573; x_wconf 88' lang='lat' dir='ltr'><strong>quot</strong></span> <span class='ocrx_word' id='word_1_598' title='bbox 1298 5503 1406 5561; x_wconf 88' lang='lat' dir='ltr'><strong>sint</strong></span> <span class='ocrx_word' id='word_1_599' title='bbox 1429 5505 1623 5573; x_wconf 85' lang='lat' dir='ltr'><strong>psalmi</strong></span> <span class='ocrx_word' id='word_1_600' title='bbox 1647 5514 1701 5562; x_wconf 88' lang='lat' dir='ltr'><strong>et</strong></span> <span class='ocrx_word' id='word_1_601' title='bbox 1733 5521 1903 5576; x_wconf 85' lang='lat' dir='ltr'><strong>quare</strong></span> <span class='ocrx_word' id='word_1_602' title='bbox 1932 5516 2014 5562; x_wconf 91' lang='lat' dir='ltr'><strong>tot</strong></span> 
     </span>
    </p>
   </div>
   <div class='ocr_carea' id='block_1_85' title="bbox 436 5597 2008 5667">
    <p class='ocr_par' dir='ltr' id='par_1_85' title="bbox 436 5597 2008 5667">
     <span class='ocr_line' id='line_1_85' title="bbox 436 5597 2008 5667; baseline 0.001 -14"><span class='ocrx_word' id='word_1_603' title='bbox 436 5597 569 5660; x_wconf 80' lang='lat' dir='ltr'><strong>sint,</strong></span> <span class='ocrx_word' id='word_1_604' title='bbox 598 5605 654 5651; x_wconf 91' lang='lat' dir='ltr'><strong>et</strong></span> <span class='ocrx_word' id='word_1_605' title='bbox 690 5613 718 5650; x_wconf 83' lang='lat' dir='ltr'><strong>a</strong></span> <span class='ocrx_word' id='word_1_606' title='bbox 749 5612 990 5667; x_wconf 82' lang='lat' dir='ltr'><strong>quonam</strong></span> <span class='ocrx_word' id='word_1_607' title='bbox 1033 5597 1239 5651; x_wconf 81' lang='lat' dir='ltr'><strong>fuerint</strong></span> <span class='ocrx_word' id='word_1_608' title='bbox 1265 5597 1479 5652; x_wconf 88' lang='lat' dir='ltr'><strong>collecti</strong></span> <span class='ocrx_word' id='word_1_609' title='bbox 1509 5615 1523 5661; x_wconf 91' lang='lat'><strong>;</strong></span> <span class='ocrx_word' id='word_1_610' title='bbox 1559 5611 1695 5667; x_wconf 69' lang='lat' dir='ltr'><strong>qutot</strong></span> <span class='ocrx_word' id='word_1_611' title='bbox 1725 5609 2008 5667; x_wconf 85' lang='lat' dir='ltr'><strong>cantores,</strong></span> 
     </span>
    </p>
   </div>
   <div class='ocr_carea' id='block_1_86' title="bbox 2122 3393 3708 3470">
    <p class='ocr_par' dir='ltr' id='par_1_86' title="bbox 2122 3393 3708 3470">
     <span class='ocr_line' id='line_1_86' title="bbox 2122 3393 3708 3470; baseline -0.008 -17"><span class='ocrx_word' id='word_1_612' title='bbox 2122 3400 2287 3464; x_wconf 84' lang='grc' dir='ltr'>νέοις,</span> <span class='ocrx_word' id='word_1_613' title='bbox 2311 3398 2463 3470; x_wconf 79' lang='grc' dir='ltr'>πάσῃ</span> <span class='ocrx_word' id='word_1_614' title='bbox 2488 3397 2651 3467; x_wconf 73' lang='grc' dir='ltr'>φύσει</span> <span class='ocrx_word' id='word_1_615' title='bbox 2685 3398 2781 3451; x_wconf 79' lang='grc' dir='ltr'><strong>καὶ</strong></span> <span class='ocrx_word' id='word_1_616' title='bbox 2810 3396 3023 3467; x_wconf 77' lang='grc' dir='ltr'>ἡλικία,</span> <span class='ocrx_word' id='word_1_617' title='bbox 3061 3397 3157 3449; x_wconf 77' lang='grc' dir='ltr'><strong>καὶ</strong></span> <span class='ocrx_word' id='word_1_618' title='bbox 3187 3394 3349 3465; x_wconf 76' lang='grc' dir='ltr'>τύχῃ,</span> <span class='ocrx_word' id='word_1_619' title='bbox 3385 3393 3480 3446; x_wconf 76' lang='grc' dir='ltr'><strong>καὶ</strong></span> <span class='ocrx_word' id='word_1_620' title='bbox 3511 3407 3708 3461; x_wconf 85' lang='grc' dir='ltr'>προαι-</span> 
     </span>
    </p>
   </div>
   <div class='ocr_carea' id='block_1_87' title="bbox 2126 3483 3708 3562">
    <p class='ocr_par' dir='ltr' id='par_1_87' title="bbox 2126 3483 3708 3562">
     <span class='ocr_line' id='line_1_87' title="bbox 2126 3483 3708 3562; baseline -0.006 -19"><span class='ocrx_word' id='word_1_621' title='bbox 2126 3492 2300 3562; x_wconf 84' lang='grc' dir='ltr'>ρέσει,</span> <span class='ocrx_word' id='word_1_622' title='bbox 2327 3490 2628 3559; x_wconf 76' lang='grc' dir='ltr'>καὶκοινῇ,</span> <span class='ocrx_word' id='word_1_623' title='bbox 2654 3489 2750 3542; x_wconf 68' lang='grc' dir='ltr'><strong>καὶ</strong></span> <span class='ocrx_word' id='word_1_624' title='bbox 2781 3488 2907 3558; x_wconf 74' lang='grc' dir='ltr'>ἰδίᾳ,</span> <span class='ocrx_word' id='word_1_625' title='bbox 2940 3488 3035 3541; x_wconf 72' lang='grc' dir='ltr'><strong>καὶ</strong></span> <span class='ocrx_word' id='word_1_626' title='bbox 3069 3488 3322 3551; x_wconf 77' lang='grc' dir='ltr'>πάντοτε,</span> <span class='ocrx_word' id='word_1_627' title='bbox 3380 3484 3475 3538; x_wconf 77' lang='grc' dir='ltr'><strong>καὶ</strong></span> <span class='ocrx_word' id='word_1_628' title='bbox 3519 3485 3577 3537; x_wconf 79' lang='grc' dir='ltr'><strong>ὲν</strong></span> <span class='ocrx_word' id='word_1_629' title='bbox 3630 3483 3708 3535; x_wconf 71' lang='lat' dir='ltr'><strong>ol-</strong></span> 
     </span>
    </p>
   </div>
   <div class='ocr_carea' id='block_1_88' title="bbox 2123 3575 3707 3651">
    <p class='ocr_par' dir='ltr' id='par_1_88' title="bbox 2123 3575 3707 3651">
     <span class='ocr_line' id='line_1_88' title="bbox 2123 3575 3707 3651; baseline -0.008 -13"><span class='ocrx_word' id='word_1_630' title='bbox 2123 3602 2262 3646; x_wconf 87' lang='grc' dir='ltr'>κοις.</span> <span class='ocrx_word' id='word_1_631' title='bbox 2318 3585 2414 3637; x_wconf 64' lang='grc' dir='ltr'><strong>καὶ</strong></span> <span class='ocrx_word' id='word_1_632' title='bbox 2463 3583 2519 3636; x_wconf 81' lang='grc' dir='ltr'>ἐν</span> <span class='ocrx_word' id='word_1_633' title='bbox 2567 3582 2820 3651; x_wconf 87' lang='grc' dir='ltr'>ἀγοραῖς,</span> <span class='ocrx_word' id='word_1_634' title='bbox 2868 3580 2964 3634; x_wconf 73' lang='grc' dir='ltr'><strong>καὶ</strong></span> <span class='ocrx_word' id='word_1_635' title='bbox 3022 3581 3081 3631; x_wconf 77' lang='grc' dir='ltr'>ἐν</span> <span class='ocrx_word' id='word_1_636' title='bbox 3127 3577 3470 3647; x_wconf 78' lang='grc' dir='ltr'>ἐκκλησίαις,</span> <span class='ocrx_word' id='word_1_637' title='bbox 3510 3575 3608 3629; x_wconf 69' lang='grc' dir='ltr'><strong>καὶ</strong></span> <span class='ocrx_word' id='word_1_638' title='bbox 3647 3577 3707 3627; x_wconf 79' lang='grc' dir='ltr'><strong>ὲν</strong></span> 
     </span>
    </p>
   </div>
   <div class='ocr_carea' id='block_1_89' title="bbox 2124 3667 3707 3747">
    <p class='ocr_par' dir='ltr' id='par_1_89' title="bbox 2124 3667 3707 3747">
     <span class='ocr_line' id='line_1_89' title="bbox 2124 3667 3707 3747; baseline -0.006 -16"><span class='ocrx_word' id='word_1_639' title='bbox 2124 3678 2338 3747; x_wconf 82' lang='grc' dir='ltr'>ἀγροῖς,</span> <span class='ocrx_word' id='word_1_640' title='bbox 2372 3675 2467 3729; x_wconf 73' lang='grc' dir='ltr'><strong>καὶ</strong></span> <span class='ocrx_word' id='word_1_641' title='bbox 2495 3680 2552 3727; x_wconf 81' lang='grc' dir='ltr'>ἐν</span> <span class='ocrx_word' id='word_1_642' title='bbox 2589 3674 2871 3745; x_wconf 80' lang='grc' dir='ltr'>ἐρημίαις,</span> <span class='ocrx_word' id='word_1_643' title='bbox 2904 3674 2997 3726; x_wconf 76' lang='grc' dir='ltr'><strong>καὶ</strong></span> <span class='ocrx_word' id='word_1_644' title='bbox 3026 3675 3085 3726; x_wconf 84' lang='grc' dir='ltr'><strong>ὲν</strong></span> <span class='ocrx_word' id='word_1_645' title='bbox 3113 3672 3272 3737; x_wconf 80' lang='grc' dir='ltr'>ὁδοῖς,</span> <span class='ocrx_word' id='word_1_646' title='bbox 3305 3669 3403 3724; x_wconf 76' lang='grc' dir='ltr'><strong>καὶ</strong></span> <span class='ocrx_word' id='word_1_647' title='bbox 3428 3667 3707 3737; x_wconf 80' lang='grc' dir='ltr'>πανταχῆ,</span> 
     </span>
    </p>
   </div>
   <div class='ocr_carea' id='block_1_90' title="bbox 2124 3760 3708 3839">
    <p class='ocr_par' dir='ltr' id='par_1_90' title="bbox 2124 3760 3708 3839">
     <span class='ocr_line' id='line_1_90' title="bbox 2124 3760 3708 3839; baseline -0.003 -16"><span class='ocrx_word' id='word_1_648' title='bbox 2124 3770 2376 3839; x_wconf 81' lang='grc' dir='ltr'>καθάπερ</span> <span class='ocrx_word' id='word_1_649' title='bbox 2405 3768 2567 3836; x_wconf 82' lang='grc' dir='ltr'>ἀέρος</span> <span class='ocrx_word' id='word_1_650' title='bbox 2588 3765 2882 3835; x_wconf 80' lang='grc' dir='ltr'>πνεῦσις.ἢ</span> <span class='ocrx_word' id='word_1_651' title='bbox 2909 3765 3087 3835; x_wconf 79' lang='grc' dir='ltr'>φωτὸς</span> <span class='ocrx_word' id='word_1_652' title='bbox 3115 3764 3292 3836; x_wconf 79' lang='grc' dir='ltr'>χύσις,</span> <span class='ocrx_word' id='word_1_653' title='bbox 3316 3764 3349 3833; x_wconf 86' lang='grc' dir='ltr'><strong>ἦ</strong></span> <span class='ocrx_word' id='word_1_654' title='bbox 3378 3763 3549 3834; x_wconf 80' lang='grc' dir='ltr'>πυρὸς</span> <span class='ocrx_word' id='word_1_655' title='bbox 3572 3760 3708 3832; x_wconf 77' lang='grc' dir='ltr'><strong>χρῆ-</strong></span> 
     </span>
    </p>
   </div>
   <div class='ocr_carea' id='block_1_91' title="bbox 2125 3855 3708 3931">
    <p class='ocr_par' dir='ltr' id='par_1_91' title="bbox 2125 3855 3708 3931">
     <span class='ocr_line' id='line_1_91' title="bbox 2125 3855 3708 3931; baseline -0.004 -17"><span class='ocrx_word' id='word_1_656' title='bbox 2125 3878 2208 3925; x_wconf 89' lang='grc' dir='ltr'><strong>σις</strong></span> <span class='ocrx_word' id='word_1_657' title='bbox 2246 3861 2341 3914; x_wconf 68' lang='grc' dir='ltr'><strong>καὶ</strong></span> <span class='ocrx_word' id='word_1_658' title='bbox 2377 3859 2650 3931; x_wconf 50' lang='lat' dir='ltr'><strong>ﬁda-rogi}</strong></span> <span class='ocrx_word' id='word_1_659' title='bbox 2684 3860 2784 3911; x_wconf 83' lang='grc' dir='ltr'>ὅσα</span> <span class='ocrx_word' id='word_1_660' title='bbox 2806 3859 2914 3909; x_wconf 78' lang='grc' dir='ltr'><strong>τῶν</strong></span> <span class='ocrx_word' id='word_1_661' title='bbox 2958 3856 3271 3925; x_wconf 78' lang='grc' dir='ltr'>παγκοίνων</span> <span class='ocrx_word' id='word_1_662' title='bbox 3313 3872 3374 3907; x_wconf 83' lang='grc' dir='ltr'><strong>τε</strong></span> <span class='ocrx_word' id='word_1_663' title='bbox 3419 3855 3517 3908; x_wconf 75' lang='grc' dir='ltr'>καὶ</span> <span class='ocrx_word' id='word_1_664' title='bbox 3565 3868 3708 3920; x_wconf 85' lang='grc' dir='ltr'>παγ-</span> 
     </span>
    </p>
   </div>
   <div class='ocr_carea' id='block_1_92' title="bbox 2124 3945 3707 4023">
    <p class='ocr_par' dir='ltr' id='par_1_92' title="bbox 2124 3945 3707 4023">
     <span class='ocr_line' id='line_1_92' title="bbox 2124 3945 3707 4023; baseline -0.006 -18"><span class='ocrx_word' id='word_1_665' title='bbox 2124 3954 2393 4023; x_wconf 74' lang='grc' dir='ltr'>χρήστων.</span> <span class='ocrx_word' id='word_1_666' title='bbox 2432 3953 2541 4004; x_wconf 69' lang='grc' dir='ltr'>Καὶ</span> <span class='ocrx_word' id='word_1_667' title='bbox 2570 3951 2630 4003; x_wconf 77' lang='grc' dir='ltr'>τὸ</span> <span class='ocrx_word' id='word_1_668' title='bbox 2660 3948 3134 4022; x_wconf 79' lang='grc' dir='ltr'>παραδοξώτατον,</span> <span class='ocrx_word' id='word_1_669' title='bbox 3168 3946 3290 4017; x_wconf 82' lang='grc' dir='ltr'>μηδ’</span> <span class='ocrx_word' id='word_1_670' title='bbox 3320 3945 3707 4015; x_wconf 80' lang='grc' dir='ltr'>ἀφισταμένων</span> 
     </span>
    </p>
   </div>
   <div class='ocr_carea' id='block_1_93' title="bbox 2123 4035 3705 4113">
    <p class='ocr_par' dir='ltr' id='par_1_93' title="bbox 2123 4035 3705 4113">
     <span class='ocr_line' id='line_1_93' title="bbox 2123 4035 3705 4113; baseline -0.005 -16"><span class='ocrx_word' id='word_1_671' title='bbox 2123 4045 2232 4097; x_wconf 82' lang='grc' dir='ltr'><strong>τῶν</strong></span> <span class='ocrx_word' id='word_1_672' title='bbox 2259 4043 2456 4113; x_wconf 78' lang='grc' dir='ltr'>ἔργων,</span> <span class='ocrx_word' id='word_1_673' title='bbox 2483 4042 2621 4095; x_wconf 72' lang='grc' dir='ltr'>ἀλλὰ</span> <span class='ocrx_word' id='word_1_674' title='bbox 2653 4043 2750 4095; x_wconf 62' lang='grc' dir='ltr'><strong>καὶ.</strong></span> <span class='ocrx_word' id='word_1_675' title='bbox 2776 4040 2905 4103; x_wconf 81' lang='grc' dir='ltr'>τοὺς</span> <span class='ocrx_word' id='word_1_676' title='bbox 2935 4040 3217 4111; x_wconf 81' lang='grc' dir='ltr'>καμάτους</span> <span class='ocrx_word' id='word_1_677' title='bbox 3243 4038 3332 4092; x_wconf 67' lang='grc' dir='ltr'><strong>διὰ</strong></span> <span class='ocrx_word' id='word_1_678' title='bbox 3376 4036 3475 4106; x_wconf 81' lang='grc' dir='ltr'>τῆς</span> <span class='ocrx_word' id='word_1_679' title='bbox 3529 4035 3705 4105; x_wconf 80' lang='grc' dir='ltr'>μελῳ-</span> 
     </span>
    </p>
   </div>
   <div class='ocr_carea' id='block_1_94' title="bbox 2121 4126 3706 4205">
    <p class='ocr_par' dir='ltr' id='par_1_94' title="bbox 2121 4126 3706 4205">
     <span class='ocr_line' id='line_1_94' title="bbox 2121 4126 3706 4205; baseline -0.008 -14"><span class='ocrx_word' id='word_1_680' title='bbox 2121 4139 2236 4198; x_wconf 75' lang='grc' dir='ltr'>δίας</span> <span class='ocrx_word' id='word_1_681' title='bbox 2270 4133 2721 4205; x_wconf 80' lang='grc' dir='ltr'>ὲπικουφίζουσιν</span> <span class='ocrx_word' id='word_1_682' title='bbox 2757 4151 2771 4166; x_wconf 87' lang='grc'><strong>·</strong></span> <span class='ocrx_word' id='word_1_683' title='bbox 2826 4129 2902 4189; x_wconf 85' lang='grc' dir='ltr'>ὧν</span> <span class='ocrx_word' id='word_1_684' title='bbox 2934 4133 3157 4186; x_wconf 88' lang='grc' dir='ltr'>πάντων</span> <span class='ocrx_word' id='word_1_685' title='bbox 3177 4131 3334 4194; x_wconf 90' lang='grc' dir='ltr'>τέλος</span> <span class='ocrx_word' id='word_1_686' title='bbox 3365 4129 3446 4192; x_wconf 84' lang='grc' dir='ltr'><strong>ἒν,</strong></span> <span class='ocrx_word' id='word_1_687' title='bbox 3501 4126 3706 4196; x_wconf 80' lang='grc' dir='ltr'>ἀγαθὸν</span> 
     </span>
    </p>
   </div>
   <div class='ocr_carea' id='block_1_95' title="bbox 2123 4215 3706 4295">
    <p class='ocr_par' dir='ltr' id='par_1_95' title="bbox 2123 4215 3706 4295">
     <span class='ocr_line' id='line_1_95' title="bbox 2123 4215 3706 4295; baseline -0.006 -16"><span class='ocrx_word' id='word_1_688' title='bbox 2123 4227 2379 4295; x_wconf 79' lang='grc' dir='ltr'>γενέσθαι</span> <span class='ocrx_word' id='word_1_689' title='bbox 2433 4225 2527 4277; x_wconf 77' lang='grc' dir='ltr'>τὸν</span> <span class='ocrx_word' id='word_1_690' title='bbox 2571 4223 2779 4277; x_wconf 76' lang='grc' dir='ltr'>τούτων</span> <span class='ocrx_word' id='word_1_691' title='bbox 2839 4220 3120 4293; x_wconf 82' lang='grc' dir='ltr'>μαθητὴν,</span> <span class='ocrx_word' id='word_1_692' title='bbox 3178 4223 3275 4274; x_wconf 54' lang='grc' dir='ltr'><strong>καὶ⁵</strong></span> <span class='ocrx_word' id='word_1_693' title='bbox 3346 4218 3551 4288; x_wconf 78' lang='grc' dir='ltr'>σοφὸν,</span> <span class='ocrx_word' id='word_1_694' title='bbox 3611 4215 3706 4270; x_wconf 77' lang='grc' dir='ltr'>καὶ</span> 
     </span>
    </p>
   </div>
   <div class='ocr_carea' id='block_1_96' title="bbox 2123 4308 3703 4385">
    <p class='ocr_par' dir='ltr' id='par_1_96' title="bbox 2123 4308 3703 4385">
     <span class='ocr_line' id='line_1_96' title="bbox 2123 4308 3703 4385; baseline -0.008 -12"><span class='ocrx_word' id='word_1_695' title='bbox 2123 4318 2277 4374; x_wconf 81' lang='grc' dir='ltr'>Θεόν.</span> <span class='ocrx_word' id='word_1_696' title='bbox 2298 4318 2454 4380; x_wconf 82' lang='grc' dir='ltr'>Τίνες</span> <span class='ocrx_word' id='word_1_697' title='bbox 2486 4316 2584 4385; x_wconf 85' lang='grc' dir='ltr'>μὲν</span> <span class='ocrx_word' id='word_1_698' title='bbox 2611 4314 2703 4369; x_wconf 80' lang='grc' dir='ltr'><strong>οὖν</strong></span> <span class='ocrx_word' id='word_1_699' title='bbox 2724 4316 2774 4368; x_wconf 90' lang='grc' dir='ltr'><strong>οί</strong></span> <span class='ocrx_word' id='word_1_700' title='bbox 2809 4316 3003 4368; x_wconf 71' lang='grc' dir='ltr'>σκοποὶ</span> <span class='ocrx_word' id='word_1_701' title='bbox 3034 4314 3136 4382; x_wconf 83' lang='grc' dir='ltr'>τῆς</span> <span class='ocrx_word' id='word_1_702' title='bbox 3162 4312 3446 4382; x_wconf 80' lang='grc' dir='ltr'>παρούσης</span> <span class='ocrx_word' id='word_1_703' title='bbox 3494 4308 3703 4378; x_wconf 75' lang='grc' dir='ltr'>βίϐλου,</span> 
     </span>
    </p>
   </div>
   <div class='ocr_carea' id='block_1_97' title="bbox 2123 4398 3704 4476">
    <p class='ocr_par' dir='ltr' id='par_1_97' title="bbox 2123 4398 3704 4476">
     <span class='ocr_line' id='line_1_97' title="bbox 2123 4398 3704 4476; baseline -0.008 -12"><span class='ocrx_word' id='word_1_704' title='bbox 2123 4411 2217 4464; x_wconf 78' lang='grc' dir='ltr'>καὶ</span> <span class='ocrx_word' id='word_1_705' title='bbox 2249 4409 2432 4472; x_wconf 80' lang='grc' dir='ltr'>πόσοι,</span> <span class='ocrx_word' id='word_1_706' title='bbox 2467 4408 2558 4460; x_wconf 69' lang='grc' dir='ltr'>καὶ</span> <span class='ocrx_word' id='word_1_707' title='bbox 2580 4407 2704 4459; x_wconf 83' lang='grc' dir='ltr'>τίνα</span> <span class='ocrx_word' id='word_1_708' title='bbox 2731 4406 2801 4458; x_wconf 82' lang='grc' dir='ltr'>τὰ</span> <span class='ocrx_word' id='word_1_709' title='bbox 2833 4407 3104 4476; x_wconf 79' lang='grc' dir='ltr'>χρήσιμα,</span> <span class='ocrx_word' id='word_1_710' title='bbox 3129 4404 3228 4456; x_wconf 78' lang='grc' dir='ltr'><strong>καὶ</strong></span> <span class='ocrx_word' id='word_1_711' title='bbox 3252 4403 3407 4455; x_wconf 87' lang='grc' dir='ltr'>ποῖον</span> <span class='ocrx_word' id='word_1_712' title='bbox 3436 4399 3498 4453; x_wconf 73' lang='grc' dir='ltr'><strong>τὸ</strong></span> <span class='ocrx_word' id='word_1_713' title='bbox 3525 4398 3704 4466; x_wconf 83' lang='grc' dir='ltr'>τέλος,</span> 
     </span>
    </p>
   </div>
   <div class='ocr_carea' id='block_1_98' title="bbox 2124 4492 3704 4572">
    <p class='ocr_par' dir='ltr' id='par_1_98' title="bbox 2124 4492 3704 4572">
     <span class='ocr_line' id='line_1_98' title="bbox 2124 4492 3704 4572; baseline -0.009 -14"><span class='ocrx_word' id='word_1_714' title='bbox 2124 4505 2327 4565; x_wconf 81' lang='grc' dir='ltr'>ἱκανῶς</span> <span class='ocrx_word' id='word_1_715' title='bbox 2357 4501 2689 4572; x_wconf 80' lang='grc' dir='ltr'>εἰρήκαμεν.</span> <span class='ocrx_word' id='word_1_716' title='bbox 2715 4497 2917 4551; x_wconf 84' lang='grc' dir='ltr'>Λοιπὸν</span> <span class='ocrx_word' id='word_1_717' title='bbox 2956 4497 3002 4550; x_wconf 91' lang='grc' dir='ltr'>δ’</span> <span class='ocrx_word' id='word_1_718' title='bbox 3044 4496 3111 4550; x_wconf 85' lang='grc' dir='ltr'><strong>ἃν</strong></span> <span class='ocrx_word' id='word_1_719' title='bbox 3142 4495 3228 4565; x_wconf 76' lang='grc' dir='ltr'>εἴη</span> <span class='ocrx_word' id='word_1_720' title='bbox 3263 4494 3463 4561; x_wconf 84' lang='grc' dir='ltr'>λέγειν,</span> <span class='ocrx_word' id='word_1_721' title='bbox 3495 4492 3545 4545; x_wconf 84' lang='grc' dir='ltr'>εἰ</span> <span class='ocrx_word' id='word_1_722' title='bbox 3575 4507 3704 4561; x_wconf 81' lang='grc' dir='ltr'>γνη-</span> 
     </span>
    </p>
   </div>
   <div class='ocr_carea' id='block_1_99' title="bbox 2124 4584 3704 4665">
    <p class='ocr_par' dir='ltr' id='par_1_99' title="bbox 2124 4584 3704 4665">
     <span class='ocr_line' id='line_1_99' title="bbox 2124 4584 3704 4665; baseline -0.009 -14"><span class='ocrx_word' id='word_1_723' title='bbox 2124 4598 2213 4651; x_wconf 85' lang='grc' dir='ltr'><strong>σία</strong></span> <span class='ocrx_word' id='word_1_724' title='bbox 2239 4597 2334 4649; x_wconf 72' lang='grc' dir='ltr'><strong>καὶ</strong></span> <span class='ocrx_word' id='word_1_725' title='bbox 2361 4596 2525 4665; x_wconf 84' lang='grc' dir='ltr'>μόνου</span> <span class='ocrx_word' id='word_1_726' title='bbox 2561 4590 2726 4645; x_wconf 72' lang='grc' dir='ltr'>Δαϐὶδ</span> <span class='ocrx_word' id='word_1_727' title='bbox 2751 4592 2784 4659; x_wconf 83' lang='grc' dir='ltr'>ἡ</span> <span class='ocrx_word' id='word_1_728' title='bbox 2817 4589 3019 4658; x_wconf 78' lang='grc' dir='ltr'>βίῦλος,</span> <span class='ocrx_word' id='word_1_729' title='bbox 3045 4589 3240 4643; x_wconf 73' lang='grc' dir='ltr'>ὁποίαν</span> <span class='ocrx_word' id='word_1_730' title='bbox 3261 4603 3321 4640; x_wconf 87' lang='grc' dir='ltr'><strong>τε</strong></span> <span class='ocrx_word' id='word_1_731' title='bbox 3345 4585 3538 4655; x_wconf 72' lang='grc' dir='ltr'>κλῆσιν</span> <span class='ocrx_word' id='word_1_732' title='bbox 3568 4584 3704 4654; x_wconf 79' lang='grc' dir='ltr'>ἔχει,</span> 
     </span>
    </p>
   </div>
   <div class='ocr_carea' id='block_1_100' title="bbox 2127 4668 3705 4756">
    <p class='ocr_par' dir='ltr' id='par_1_100' title="bbox 2127 4668 3705 4756">
     <span class='ocr_line' id='line_1_100' title="bbox 2127 4668 3705 4756; baseline -0.01 -11"><span class='ocrx_word' id='word_1_733' title='bbox 2127 4691 2221 4745; x_wconf 73' lang='grc' dir='ltr'><strong>καὶ</strong></span> <span class='ocrx_word' id='word_1_734' title='bbox 2256 4690 2308 4742; x_wconf 85' lang='grc' dir='ltr'><strong>τί</strong></span> <span class='ocrx_word' id='word_1_735' title='bbox 2339 4693 2454 4742; x_wconf 78' lang='grc' dir='ltr'>ἐστι</span> <span class='ocrx_word' id='word_1_736' title='bbox 2485 4668 2820 4756; x_wconf 71' lang='grc' dir='ltr'>Ψαλτὴριον,</span> <span class='ocrx_word' id='word_1_737' title='bbox 2845 4685 2939 4738; x_wconf 69' lang='grc' dir='ltr'><strong>καῖ⁵</strong></span> <span class='ocrx_word' id='word_1_738' title='bbox 2963 4683 3016 4736; x_wconf 85' lang='grc' dir='ltr'><strong>τί</strong></span> <span class='ocrx_word' id='word_1_739' title='bbox 3040 4683 3264 4752; x_wconf 51' lang='lat' dir='ltr'><strong>enim.</strong></span> <span class='ocrx_word' id='word_1_740' title='bbox 3300 4681 3396 4734; x_wconf 71' lang='lat' dir='ltr'><strong>xui.</strong></span> <span class='ocrx_word' id='word_1_741' title='bbox 3445 4678 3500 4732; x_wconf 87' lang='grc' dir='ltr'><strong>τί</strong></span> <span class='ocrx_word' id='word_1_742' title='bbox 3563 4678 3705 4746; x_wconf 84' lang='grc' dir='ltr'>ψαλ-</span> 
     </span>
    </p>
   </div>
   <div class='ocr_carea' id='block_1_101' title="bbox 2129 4767 3704 4848">
    <p class='ocr_par' dir='ltr' id='par_1_101' title="bbox 2129 4767 3704 4848">
     <span class='ocr_line' id='line_1_101' title="bbox 2129 4767 3704 4848; baseline -0.008 -16"><span class='ocrx_word' id='word_1_743' title='bbox 2129 4781 2252 4848; x_wconf 80' lang='grc' dir='ltr'>μδς,</span> <span class='ocrx_word' id='word_1_744' title='bbox 2289 4780 2384 4832; x_wconf 79' lang='grc' dir='ltr'><strong>καὶ</strong></span> <span class='ocrx_word' id='word_1_745' title='bbox 2410 4778 2462 4830; x_wconf 90' lang='grc' dir='ltr'><strong>τί</strong></span> <span class='ocrx_word' id='word_1_746' title='bbox 2486 4775 2801 4846; x_wconf 75' lang='grc' dir='ltr'>ψαλμῳδὺς,</span> <span class='ocrx_word' id='word_1_747' title='bbox 2822 4775 2919 4827; x_wconf 74' lang='grc' dir='ltr'><strong>καὶ</strong></span> <span class='ocrx_word' id='word_1_748' title='bbox 2946 4773 2998 4825; x_wconf 87' lang='grc' dir='ltr'><strong>τί</strong></span> <span class='ocrx_word' id='word_1_749' title='bbox 3023 4771 3327 4841; x_wconf 79' lang='grc' dir='ltr'>διάψαλμα,</span> <span class='ocrx_word' id='word_1_750' title='bbox 3353 4769 3450 4823; x_wconf 74' lang='grc' dir='ltr'><strong>καὶ</strong></span> <span class='ocrx_word' id='word_1_751' title='bbox 3481 4768 3534 4822; x_wconf 89' lang='grc' dir='ltr'><strong>τί</strong></span> <span class='ocrx_word' id='word_1_752' title='bbox 3567 4767 3704 4839; x_wconf 82' lang='grc' dir='ltr'>ᾠδὴ,</span> 
     </span>
    </p>
   </div>
   <div class='ocr_carea' id='block_1_102' title="bbox 2126 4858 3702 4938">
    <p class='ocr_par' dir='ltr' id='par_1_102' title="bbox 2126 4858 3702 4938">
     <span class='ocr_line' id='line_1_102' title="bbox 2126 4858 3702 4938; baseline -0.008 -14"><span class='ocrx_word' id='word_1_753' title='bbox 2126 4874 2221 4924; x_wconf 80' lang='grc' dir='ltr'><strong>καὶ</strong></span> <span class='ocrx_word' id='word_1_754' title='bbox 2236 4872 2288 4923; x_wconf 87' lang='grc' dir='ltr'><strong>τί</strong></span> <span class='ocrx_word' id='word_1_755' title='bbox 2320 4869 2508 4938; x_wconf 77' lang='grc' dir='ltr'>ὕμνος,</span> <span class='ocrx_word' id='word_1_756' title='bbox 2528 4868 2620 4920; x_wconf 74' lang='grc' dir='ltr'><strong>καὶ</strong></span> <span class='ocrx_word' id='word_1_757' title='bbox 2640 4868 2692 4919; x_wconf 81' lang='grc' dir='ltr'><strong>τί</strong></span> <span class='ocrx_word' id='word_1_758' title='bbox 2715 4860 2883 4928; x_wconf 79' lang='grc' dir='ltr'>αἴνος,</span> <span class='ocrx_word' id='word_1_759' title='bbox 2908 4866 3001 4918; x_wconf 70' lang='grc' dir='ltr'><strong>καὶ</strong></span> <span class='ocrx_word' id='word_1_760' title='bbox 3017 4865 3070 4918; x_wconf 87' lang='grc' dir='ltr'><strong>τί</strong></span> <span class='ocrx_word' id='word_1_761' title='bbox 3092 4864 3503 4932; x_wconf 79' lang='grc' dir='ltr'>ἐξομολόγησις,</span> <span class='ocrx_word' id='word_1_762' title='bbox 3529 4860 3627 4913; x_wconf 78' lang='grc' dir='ltr'><strong>καὶ</strong></span> <span class='ocrx_word' id='word_1_763' title='bbox 3648 4858 3702 4911; x_wconf 85' lang='grc' dir='ltr'><strong>τί</strong></span> 
     </span>
    </p>
   </div>
   <div class='ocr_carea' id='block_1_103' title="bbox 2126 4953 3705 5032">
    <p class='ocr_par' dir='ltr' id='par_1_103' title="bbox 2126 4953 3705 5032">
     <span class='ocr_line' id='line_1_103' title="bbox 2126 4953 3705 5032; baseline -0.008 -16"><span class='ocrx_word' id='word_1_764' title='bbox 2126 4960 2428 5032; x_wconf 78' lang='grc' dir='ltr'>προσευχὴ,</span> <span class='ocrx_word' id='word_1_765' title='bbox 2450 4960 2541 5011; x_wconf 76' lang='grc' dir='ltr'><strong>καῖ</strong></span> <span class='ocrx_word' id='word_1_766' title='bbox 2555 4958 2605 5011; x_wconf 85' lang='grc' dir='ltr'><strong>τί</strong></span> <span class='ocrx_word' id='word_1_767' title='bbox 2627 4958 2780 5027; x_wconf 77' lang='grc' dir='ltr'>εὐχὴ,</span> <span class='ocrx_word' id='word_1_768' title='bbox 2809 4958 2903 5010; x_wconf 67' lang='grc' dir='ltr'><strong>καὶ</strong></span> <span class='ocrx_word' id='word_1_769' title='bbox 2920 4957 2972 5008; x_wconf 89' lang='grc' dir='ltr'><strong>τί</strong></span> <span class='ocrx_word' id='word_1_770' title='bbox 2992 4956 3103 5026; x_wconf 77' lang='grc' dir='ltr'><strong>ᾠδὴ</strong></span> <span class='ocrx_word' id='word_1_771' title='bbox 3126 4954 3365 5024; x_wconf 77' lang='grc' dir='ltr'>ψαλμοῦ,</span> <span class='ocrx_word' id='word_1_772' title='bbox 3389 4955 3482 5007; x_wconf 67' lang='grc' dir='ltr'><strong>καὶ</strong></span> <span class='ocrx_word' id='word_1_773' title='bbox 3503 4954 3554 5006; x_wconf 87' lang='grc' dir='ltr'><strong>τί</strong></span> <span class='ocrx_word' id='word_1_774' title='bbox 3569 4953 3705 5021; x_wconf 66' lang='grc' dir='ltr'>ψαλο</span> 
     </span>
    </p>
   </div>
   <div class='ocr_carea' id='block_1_104' title="bbox 2129 5045 3700 5125">
    <p class='ocr_par' dir='ltr' id='par_1_104' title="bbox 2129 5045 3700 5125">
     <span class='ocr_line' id='line_1_104' title="bbox 2129 5045 3700 5125; baseline -0.007 -19"><span class='ocrx_word' id='word_1_775' title='bbox 2129 5055 2226 5125; x_wconf 85' lang='grc' dir='ltr'>μὸς</span> <span class='ocrx_word' id='word_1_776' title='bbox 2273 5052 2460 5122; x_wconf 80' lang='grc' dir='ltr'>ᾠδῆς,</span> <span class='ocrx_word' id='word_1_777' title='bbox 2538 5050 2693 5102; x_wconf 81' lang='grc' dir='ltr'>πόσοι</span> <span class='ocrx_word' id='word_1_778' title='bbox 2749 5048 2991 5118; x_wconf 70' lang='grc' dir='ltr'>ψαλμοὶ,</span> <span class='ocrx_word' id='word_1_779' title='bbox 3046 5047 3166 5102; x_wconf 58' lang='grc' dir='ltr'>καῖε</span> <span class='ocrx_word' id='word_1_780' title='bbox 3207 5045 3347 5099; x_wconf 64' lang='lat' dir='ltr'><strong>amt</strong></span> <span class='ocrx_word' id='word_1_781' title='bbox 3418 5045 3700 5108; x_wconf 74' lang='grc' dir='ltr'>τοσοίτοι,</span> 
     </span>
    </p>
   </div>
   <div class='ocr_carea' id='block_1_105' title="bbox 2123 5136 3704 5214">
    <p class='ocr_par' dir='ltr' id='par_1_105' title="bbox 2123 5136 3704 5214">
     <span class='ocr_line' id='line_1_105' title="bbox 2123 5136 3704 5214; baseline -0.008 -14"><span class='ocrx_word' id='word_1_782' title='bbox 2123 5147 2218 5200; x_wconf 77' lang='grc' dir='ltr'><strong>καὶ</strong></span> <span class='ocrx_word' id='word_1_783' title='bbox 2256 5147 2408 5214; x_wconf 84' lang='grc' dir='ltr'><strong>παρὰ</strong></span> <span class='ocrx_word' id='word_1_784' title='bbox 2432 5144 2573 5206; x_wconf 80' lang='grc' dir='ltr'>τίνος</span> <span class='ocrx_word' id='word_1_785' title='bbox 2624 5142 3013 5209; x_wconf 80' lang='grc' dir='ltr'>συνελέγησαν,</span> <span class='ocrx_word' id='word_1_786' title='bbox 3043 5142 3197 5193; x_wconf 85' lang='grc' dir='ltr'>πόσοι</span> <span class='ocrx_word' id='word_1_787' title='bbox 3237 5140 3499 5211; x_wconf 76' lang='grc' dir='ltr'>ἀρχῳδοὶ,</span> <span class='ocrx_word' id='word_1_788' title='bbox 3548 5136 3704 5190; x_wconf 84' lang='grc' dir='ltr'>πόσοι</span> 
     </span>
    </p>
   </div>
   <div class='ocr_carea' id='block_1_106' title="bbox 2125 5230 3703 5309">
    <p class='ocr_par' dir='ltr' id='par_1_106' title="bbox 2125 5230 3703 5309">
     <span class='ocr_line' id='line_1_106' title="bbox 2125 5230 3703 5309; baseline -0.005 -22"><span class='ocrx_word' id='word_1_789' title='bbox 2125 5237 2299 5309; x_wconf 72' lang='grc' dir='ltr'>χοροὶ,</span> <span class='ocrx_word' id='word_1_790' title='bbox 2328 5237 2424 5289; x_wconf 77' lang='grc' dir='ltr'><strong>καὶ</strong></span> <span class='ocrx_word' id='word_1_791' title='bbox 2457 5235 2523 5286; x_wconf 79' lang='grc' dir='ltr'>ἐκ</span> <span class='ocrx_word' id='word_1_792' title='bbox 2554 5233 2744 5295; x_wconf 83' lang='grc' dir='ltr'>ποίων,</span> <span class='ocrx_word' id='word_1_793' title='bbox 2777 5234 2874 5286; x_wconf 68' lang='grc' dir='ltr'><strong>καὶ</strong></span> <span class='ocrx_word' id='word_1_794' title='bbox 2910 5231 3055 5286; x_wconf 81' lang='grc' dir='ltr'>διατί</span> <span class='ocrx_word' id='word_1_795' title='bbox 3088 5231 3355 5298; x_wconf 82' lang='grc' dir='ltr'>τοσοῦτοι,</span> <span class='ocrx_word' id='word_1_796' title='bbox 3378 5230 3473 5284; x_wconf 84' lang='grc' dir='ltr'><strong>καὶ</strong></span> <span class='ocrx_word' id='word_1_797' title='bbox 3507 5231 3572 5283; x_wconf 83' lang='grc' dir='ltr'><strong>ὲκ</strong></span> <span class='ocrx_word' id='word_1_798' title='bbox 3617 5244 3703 5280; x_wconf 71' lang='grc' dir='ltr'>το-</span> 
     </span>
    </p>
   </div>
   <div class='ocr_carea' id='block_1_107' title="bbox 2124 5322 3703 5397">
    <p class='ocr_par' dir='ltr' id='par_1_107' title="bbox 2124 5322 3703 5397">
     <span class='ocr_line' id='line_1_107' title="bbox 2124 5322 3703 5397; baseline -0.005 -14"><span class='ocrx_word' id='word_1_799' title='bbox 2124 5330 2352 5390; x_wconf 79' lang='grc' dir='ltr'>σούτων,</span> <span class='ocrx_word' id='word_1_800' title='bbox 2366 5328 2444 5391; x_wconf 82' lang='grc' dir='ltr'><strong>τίς</strong></span> <span class='ocrx_word' id='word_1_801' title='bbox 2469 5329 2502 5397; x_wconf 72' lang='grc' dir='ltr'>ἡ</span> <span class='ocrx_word' id='word_1_802' title='bbox 2517 5325 2750 5397; x_wconf 81' lang='grc' dir='ltr'>διαφορά</span> <span class='ocrx_word' id='word_1_803' title='bbox 2767 5324 3154 5396; x_wconf 78' lang='grc' dir='ltr'>τοῦ’ψαλτῆρος</span> <span class='ocrx_word' id='word_1_804' title='bbox 3173 5324 3310 5397; x_wconf 77' lang='grc' dir='ltr'>πρὸς</span> <span class='ocrx_word' id='word_1_805' title='bbox 3329 5322 3398 5375; x_wconf 82' lang='grc' dir='ltr'><strong>τὰ</strong></span> <span class='ocrx_word' id='word_1_806' title='bbox 3417 5322 3553 5378; x_wconf 70' lang='grc' dir='ltr'>ἄλλα</span> <span class='ocrx_word' id='word_1_807' title='bbox 3576 5337 3703 5392; x_wconf 75' lang='grc' dir='ltr'>μου·</span> 
     </span>
    </p>
   </div>
   <div class='ocr_carea' id='block_1_108' title="bbox 2125 5414 3701 5491">
    <p class='ocr_par' dir='ltr' id='par_1_108' title="bbox 2125 5414 3701 5491">
     <span class='ocr_line' id='line_1_108' title="bbox 2125 5414 3701 5491; baseline -0.006 -16"><span class='ocrx_word' id='word_1_808' title='bbox 2125 5421 2256 5475; x_wconf 83' lang='grc' dir='ltr'><strong>σικά</strong></span> <span class='ocrx_word' id='word_1_809' title='bbox 2275 5419 2509 5491; x_wconf 83' lang='grc' dir='ltr'>ὄργανα,</span> <span class='ocrx_word' id='word_1_810' title='bbox 2525 5420 2608 5481; x_wconf 79' lang='grc' dir='ltr'><strong>τίς</strong></span> <span class='ocrx_word' id='word_1_811' title='bbox 2623 5421 2656 5489; x_wconf 78' lang='grc' dir='ltr'><strong>ἡ</strong></span> <span class='ocrx_word' id='word_1_812' title='bbox 2673 5419 2830 5483; x_wconf 81' lang='grc' dir='ltr'>τάσις</span> <span class='ocrx_word' id='word_1_813' title='bbox 2854 5417 2962 5471; x_wconf 80' lang='grc' dir='ltr'><strong>τῶν</strong></span> <span class='ocrx_word' id='word_1_814' title='bbox 2973 5417 3228 5488; x_wconf 72' lang='grc' dir='ltr'>ψαλμῶν,</span> <span class='ocrx_word' id='word_1_815' title='bbox 3248 5414 3331 5476; x_wconf 76' lang='grc' dir='ltr'><strong>τίς</strong></span> <span class='ocrx_word' id='word_1_816' title='bbox 3353 5417 3386 5484; x_wconf 86' lang='grc' dir='ltr'>ὴ</span> <span class='ocrx_word' id='word_1_817' title='bbox 3410 5418 3467 5467; x_wconf 79' lang='grc' dir='ltr'><strong>ὲν</strong></span> <span class='ocrx_word' id='word_1_818' title='bbox 3488 5414 3701 5476; x_wconf 83' lang='grc' dir='ltr'>πολλοῖς</span> 
     </span>
    </p>
   </div>
   <div class='ocr_carea' id='block_1_109' title="bbox 2121 5504 3701 5581">
    <p class='ocr_par' dir='ltr' id='par_1_109' title="bbox 2121 5504 3701 5581">
     <span class='ocr_line' id='line_1_109' title="bbox 2121 5504 3701 5581; baseline -0.006 -16"><span class='ocrx_word' id='word_1_819' title='bbox 2121 5515 2233 5565; x_wconf 79' lang='grc' dir='ltr'>τῶν</span> <span class='ocrx_word' id='word_1_820' title='bbox 2261 5512 2494 5581; x_wconf 78' lang='grc' dir='ltr'>ψαλμῶν</span> <span class='ocrx_word' id='word_1_821' title='bbox 2520 5511 2782 5578; x_wconf 73' lang='grc' dir='ltr'>ἀσάφεια,</span> <span class='ocrx_word' id='word_1_822' title='bbox 2818 5510 2983 5564; x_wconf 84' lang='grc' dir='ltr'>πόσαι</span> <span class='ocrx_word' id='word_1_823' title='bbox 3006 5508 3304 5580; x_wconf 69' lang='grc' dir='ltr'>μεταϐολαὶ</span> <span class='ocrx_word' id='word_1_824' title='bbox 3333 5506 3434 5576; x_wconf 85' lang='grc' dir='ltr'>τῆς</span> <span class='ocrx_word' id='word_1_825' title='bbox 3475 5504 3701 5573; x_wconf 75' lang='grc' dir='ltr'><strong>Ἑϐρατ·</strong></span> 
     </span>
    </p>
   </div>
   <div class='ocr_carea' id='block_1_110' title="bbox 2119 5594 3697 5674">
    <p class='ocr_par' dir='ltr' id='par_1_110' title="bbox 2119 5594 3697 5674">
     <span class='ocr_line' id='line_1_110' title="bbox 2119 5594 3697 5674; baseline -0.008 -15"><span class='ocrx_word' id='word_1_826' title='bbox 2119 5604 2208 5665; x_wconf 77' lang='grc' dir='ltr'><strong>δος</strong></span> <span class='ocrx_word' id='word_1_827' title='bbox 2245 5603 2529 5662; x_wconf 74' lang='grc' dir='ltr'>διαλέκτου</span> <span class='ocrx_word' id='word_1_828' title='bbox 2554 5601 2690 5674; x_wconf 70' lang='grc' dir='ltr'>πρὸς</span> <span class='ocrx_word' id='word_1_829' title='bbox 2726 5600 2825 5672; x_wconf 76' lang='grc' dir='ltr'><strong>τὴν</strong></span> <span class='ocrx_word' id='word_1_830' title='bbox 2867 5598 3173 5670; x_wconf 73' lang='grc' dir='ltr'>Ἑλληνίδα,</span> <span class='ocrx_word' id='word_1_831' title='bbox 3208 5597 3308 5651; x_wconf 77' lang='grc' dir='ltr'><strong>καὶ</strong></span> <span class='ocrx_word' id='word_1_832' title='bbox 3338 5594 3492 5668; x_wconf 76' lang='grc' dir='ltr'>παρὰ</span> <span class='ocrx_word' id='word_1_833' title='bbox 3515 5597 3697 5652; x_wconf 76' lang='grc' dir='ltr'>τίνων,</span> 
     </span>
    </p>
   </div>
   <div class='ocr_carea' id='block_1_111' title="bbox 1772 5714 2334 5777">
    <p class='ocr_par' dir='ltr' id='par_1_111' title="bbox 1772 5714 2334 5777">
     <span class='ocr_line' id='line_1_111' title="bbox 1772 5714 2334 5777; baseline -0.005 -2"><span class='ocrx_word' id='word_1_834' title='bbox 1772 5716 1971 5775; x_wconf 78' lang='lat' dir='ltr'><strong>Varie</strong></span> <span class='ocrx_word' id='word_1_835' title='bbox 2000 5714 2334 5777; x_wconf 84' lang='lat' dir='ltr'><strong>lectiones.</strong></span> 
     </span>
    </p>
   </div>
   <div class='ocr_carea' id='block_1_112' title="bbox 512 5810 2011 5879">
    <p class='ocr_par' dir='ltr' id='par_1_112' title="bbox 512 5810 2011 5879">
     <span class='ocr_line' id='line_1_112' title="bbox 512 5810 2011 5879; baseline 0.001 -14"><span class='ocrx_word' id='word_1_836' title='bbox 512 5811 589 5878; x_wconf 71' lang='grc'><strong>(4)</strong></span> <span class='ocrx_word' id='word_1_837' title='bbox 618 5810 803 5866; x_wconf 70' lang='lat' dir='ltr'><strong>GrteCa</strong></span> <span class='ocrx_word' id='word_1_838' title='bbox 844 5813 1001 5864; x_wconf 82' lang='lat' dir='ltr'><strong>verba</strong></span> <span class='ocrx_word' id='word_1_839' title='bbox 1044 5812 1116 5863; x_wconf 88' lang='lat' dir='ltr'><strong>ita</strong></span> <span class='ocrx_word' id='word_1_840' title='bbox 1146 5821 1343 5866; x_wconf 87' lang='lat' dir='ltr'><strong>sonant</strong></span> <span class='ocrx_word' id='word_1_841' title='bbox 1374 5830 1386 5866; x_wconf 88' lang='lat'><strong>:</strong></span> <span class='ocrx_word' id='word_1_842' title='bbox 1437 5810 1552 5867; x_wconf 74' lang='lat' dir='ltr'><strong>Uno</strong></span> <span class='ocrx_word' id='word_1_843' title='bbox 1607 5812 1758 5867; x_wconf 71' lang='lat' dir='ltr'><strong>verba</strong></span> <span class='ocrx_word' id='word_1_844' title='bbox 1789 5829 2011 5879; x_wconf 72' lang='lat' dir='ltr'><strong>pravum</strong></span> 
     </span>
    </p>
   </div>
   <div class='ocr_carea' id='block_1_113' title="bbox 440 5880 2019 5954">
    <p class='ocr_par' dir='ltr' id='par_1_113' title="bbox 440 5880 2019 5954">
     <span class='ocr_line' id='line_1_113' title="bbox 440 5880 2019 5954; baseline 0.004 -21"><span class='ocrx_word' id='word_1_845' title='bbox 440 5882 687 5953; x_wconf 56' lang='lat' dir='ltr'><strong>affectum</strong></span> <span class='ocrx_word' id='word_1_846' title='bbox 729 5897 930 5935; x_wconf 81' lang='lat' dir='ltr'><strong>omnem</strong></span> <span class='ocrx_word' id='word_1_847' title='bbox 961 5880 1122 5948; x_wconf 82' lang='lat' dir='ltr'><strong>tollit,</strong></span> <span class='ocrx_word' id='word_1_848' title='bbox 1159 5883 1314 5954; x_wconf 80' lang='lat' dir='ltr'><strong>idque</strong></span> <span class='ocrx_word' id='word_1_849' title='bbox 1349 5888 1498 5937; x_wconf 81' lang='lat' dir='ltr'><strong>suavi</strong></span> <span class='ocrx_word' id='word_1_850' title='bbox 1524 5886 1755 5953; x_wconf 78' lang='lat' dir='ltr'><strong>quadam</strong></span> <span class='ocrx_word' id='word_1_851' title='bbox 1784 5901 1898 5939; x_wconf 77' lang='lat' dir='ltr'><strong>cum</strong></span> <span class='ocrx_word' id='word_1_852' title='bbox 1928 5885 2019 5939; x_wconf 81' lang='lat' dir='ltr'><strong>do-</strong></span> 
     </span>
    </p>
   </div>
   <div class='ocr_carea' id='block_1_114' title="bbox 1996 5974 2024 5981">
    <p class='ocr_par' dir='ltr' id='par_1_114' title="bbox 1996 5974 2024 5981">
     <span class='ocr_line' id='line_1_114' title="bbox 1996 5974 2024 5981; baseline 0 0"><span class='ocrx_word' id='word_1_853' title='bbox 1996 5974 2024 5981; x_wconf 35' lang='lat' dir='ltr'><strong>ﬂ.</strong></span> 
     </span>
    </p>
   </div>
   <div class='ocr_carea' id='block_1_115' title="bbox 2121 5809 3697 5883">
    <p class='ocr_par' dir='ltr' id='par_1_115' title="bbox 2121 5809 3697 5883">
     <span class='ocr_line' id='line_1_115' title="bbox 2121 5809 3697 5883; baseline 0.001 -17"><span class='ocrx_word' id='word_1_854' title='bbox 2121 5814 2423 5868; x_wconf 73' lang='lat' dir='ltr'><strong>Icclatiom’.</strong></span> <span class='ocrx_word' id='word_1_855' title='bbox 2450 5815 2651 5872; x_wconf 83' lang='lat' dir='ltr'><strong>Saulus</strong></span> <span class='ocrx_word' id='word_1_856' title='bbox 2673 5824 2853 5869; x_wconf 78' lang='lat' dir='ltr'><strong>autem</strong></span> <span class='ocrx_word' id='word_1_857' title='bbox 2877 5813 3007 5883; x_wconf 79' lang='lat' dir='ltr'><strong>legit</strong></span> <span class='ocrx_word' id='word_1_858' title='bbox 3034 5809 3255 5883; x_wconf 78' lang='grc' dir='ltr'>πλῆθος,</span> <span class='ocrx_word' id='word_1_859' title='bbox 3286 5810 3697 5875; x_wconf 72' lang='lat' dir='ltr'><strong>multitudinem,</strong></span> 
     </span>
    </p>
   </div>
   <div class='ocr_carea' id='block_1_116' title="bbox 2128 5888 2515 5941">
    <p class='ocr_par' dir='ltr' id='par_1_116' title="bbox 2128 5888 2515 5941">
     <span class='ocr_line' id='line_1_116' title="bbox 2128 5888 2515 5941; baseline -0.003 -1"><span class='ocrx_word' id='word_1_860' title='bbox 2128 5888 2309 5941; x_wconf 82' lang='lat' dir='ltr'><strong>minus</strong></span> <span class='ocrx_word' id='word_1_861' title='bbox 2348 5894 2515 5941; x_wconf 83' lang='lat' dir='ltr'><strong>recte.</strong></span> 
     </span>
    </p>
   </div>
  </div>
