4146 6428
446 373 516 434 55
966 367 973 374 ’
1676 380 2028 444 EUTHYMI

2133 385 2461 447 ZIGABENI
3636 364 3719 447 δι’

447 484 731 539 nominum
790 485 1229 560 inscriptionem,
1264 491 1519 560 privatim
1556 494 1622 548 ad
1678 496 2017 564 psallendum

2133 499 2417 570 ἀλλοτρίας
2440 498 2775 570 ἐπιγραφὰς,
2808 498 2869 552 οὗ
2901 497 2998 552 τοῦ
3031 498 3222 561 δεῖνος,
3253 496 3389 551 ἀλλὰ
3443 498 3523 569 τῷ
3568 499 3707 554 δεῖνι

447 576 521 629 sit
550 578 788 632 traditus
817 596 829 632 :
858 593 982 634 cum
1013 581 1103 635 alii
1144 584 1337 651 psalmi
1362 584 1430 639 ab
1481 586 1760 642 universis
1787 588 2029 642 cantori-

449 670 574 732 hus,
626 681 792 741 alque
844 674 898 727 in
963 688 1259 730 commune
1307 685 1659 733 canerentur.
1722 678 1803 733 illi
1863 680 2031 750 igitur

448 761 669 825 psalmi,
703 763 795 831 qui
847 764 1104 833 privatim
1140 766 1209 821 ab
1249 767 1438 837 aliquo
1498 784 1689 825 eorum
1754 772 2027 827 decantati

449 861 601 914 sunt,
636 855 878 910 cantoris
909 857 993 911 sui
1029 856 1442 928 inscriptionem
1490 864 1797 918 retulerunt
1826 882 1839 918 :
1882 864 2030 934 quod

447 945 615 1000 etiam
650 946 993 1004 manifestius
1045 950 1095 1003 iit
1129 967 1193 1006 ex
1238 953 1324 1008 his
1373 971 1492 1022 qua:
1544 955 1599 1009 in
1633 957 1775 1011 libro
1818 956 2029 1011 Parali-

446 1051 722 1105 pomenon
774 1039 1071 1110 legimus".
1102 1040 1324 1108 Cecinit,
1372 1046 1570 1114 inquit,
1619 1052 1882 1103 canticum
1935 1049 2030 1102 hoc

445 1133 503 1184 in
590 1148 752 1186 manu
814 1133 1014 1202 Asaplr.
1082 1136 1223 1201 Quin
1305 1138 1467 1193 etiam
1542 1140 1613 1194 ab
1670 1141 2032 1211 inscriptione

448 1223 648 1291 psalmi
673 1239 904 1289 xxxvnt,
939 1240 1062 1294 quae
1093 1227 1404 1294 lmjusmodi
1440 1236 1524 1286 est
1547 1230 1589 1297 θ,
1625 1230 1690 1285 In
1722 1233 1883 1301 ﬁnem
1912 1232 2031 1285 Idi-

452 1313 602 1368 thum
628 1317 894 1369 canticum
924 1317 1026 1385 ipsi
1056 1316 1247 1372 David.
1284 1319 1659 1389 Compositum
1702 1324 1904 1393 quippe
1930 1325 2031 1378 iuit

451 1404 505 1457 id
550 1405 886 1461 canticuma
933 1407 1096 1463 beato
1152 1410 1345 1475 David,
1402 1420 1459 1466 et
1513 1413 1581 1468 ab
1643 1429 1709 1468 eo
1771 1416 2029 1469 traditum

448 1497 710 1565 ldithum,
748 1510 806 1553 ut
839 1501 966 1555 illud
1022 1513 1266 1557 caueret.
1308 1503 1560 1560 Psalmus
1599 1507 1762 1561 etiam
1791 1524 1919 1563 xmu
1950 1510 2029 1564 sic

448 1590 776 1646 inscribitur
814 1592 856 1623 ¹⁰
889 1611 901 1646 :
940 1592 1005 1646 In
1040 1594 1198 1663 ﬁnem
1248 1594 1380 1662 ﬁiiis
1432 1593 1583 1662 Core,
1627 1597 1866 1666 psalmus
1926 1601 2030 1669 ipsi

400 1746 403 1747 ν
454 1679 644 1735 David.
671 1682 940 1739 Przeterea
967 1685 1161 1755 psalmi
1197 1700 1416 1752 omnes,
1449 1688 1542 1757 qui
1575 1688 1805 1744 aliorum
1837 1690 2029 1746 inscri-

449 1773 665 1842 ptiones
712 1774 936 1841 habent,
969 1793 1078 1831 non
1107 1794 1203 1848 per
1233 1781 1534 1850 genitivum
1562 1795 1770 1848 casum,
1806 1781 1900 1837 sed
1934 1798 2027 1852 per

2131 592 2596 662 ἐπιτετράφαται,
2635 592 2664 644 ὃ
2698 592 2792 646 καὶ
2832 591 2964 645 αὐτὸ
3021 592 3246 662 σημεῖον
3310 592 3564 661 ἐναργὲς,
3623 595 3704 647 ὅτι

2128 683 2206 753 τῷ
2226 684 2391 737 Δαϐὶδ
2423 684 2761 753 ποιηθέντες,
2821 684 3036 746 τούτοις
3094 684 3382 753 ἰδιαίτερον
3446 685 3582 753 πρὸς
3641 685 3706 739 τὸ

2128 777 2353 846 ψάλλειν
2381 777 2725 845 ὲνετέθησαν.
2752 779 2817 830 Εἰ
2848 776 2893 829 δ’
2919 778 3063 829 εῐποι
3096 792 3200 840 τις,
3245 777 3329 830 ὅτι
3358 776 3454 830 καὶ
3480 778 3587 847 μὴν
3613 780 3709 831 καὶ

2128 862 2342 932 ψαλμδς
2368 863 2446 933 τῷ
2471 864 2639 917 Δαόὶδ
2660 864 3071 934 ἐπιγέγραπται
3096 865 3212 928 τοῖς
3240 864 3505 926 πλείοσιν,
3556 866 3708 934 ἐροῦ-

2134 971 2253 1023 μεν,
2284 954 2366 1006 ὅτι
2406 954 2499 1007 καὶ
2530 953 2746 1016 πολλοῖς
2768 953 2953 1017 πάλιν,
2990 951 3203 1022 ψαλμὸς
3229 951 3324 1005 τοῦ
3358 952 3542 1015 Δαϐὶδ,
3567 953 3707 1021 ὅπερ

2130 1046 2224 1097 ἐπὶ
2257 1044 2365 1097 τῶν
2419 1044 2596 1098 ἄλλων
2647 1046 2744 1114 οὐχ
2800 1045 3078 1114 εὑρήσεις,
3113 1044 3201 1097 ἵνα
3224 1043 3463 1113 γνῶμεν,
3488 1045 3570 1097 ὅτι
3609 1043 3711 1098 τοῦ

2130 1135 2294 1189 Δαϐἰδ
2330 1136 2438 1188 εἰσι
2474 1135 2571 1189 καὶ
2604 1137 2984 1205 πεποιημένοι,
3017 1135 3077 1188 ού
3125 1135 3401 1205 δεδομένοι
3431 1136 3526 1189 καὶ
3571 1136 3675 1187 ἀνα
3690 1164 3709 1175 ι-

2131 1228 2411 1297 κείμενοι·
2444 1226 2601 1280 τοῦτο
2636 1226 2744 1297 γὰρ
2773 1225 2872 1296 τὴν
2904 1225 3168 1296 διαφορὰν
3205 1228 3524 1295 εἰσήγαγεν.
3566 1226 3623 1279 '0
3664 1225 3710 1278 δ’

2131 1320 2211 1381 εἰς
2240 1319 2330 1370 τὸν
2370 1318 2609 1387 Μωῦσῆν
2658 1317 3085 1387 ἀναφερόμενος,
3136 1316 3395 1386 τοιαύτην
3456 1314 3570 1385 ἔχει
3608 1315 3710 1382 τὴν

2131 1410 2445 1479 ἐπιγραφήν
2478 1425 2494 1441 ο
2575 1407 2895 1478 Προσευχὴ
2970 1406 3197 1475 Μωῠσῇ
3255 1406 3547 1475 ἀνθρώπῳ
3600 1407 3710 1461 τοῦ

2134 1501 2303 1562 Θεοῦ,
2353 1501 2635 1570 μονονουχὶ
2685 1499 3168 1566 διδάσκουσαν,ὠς
3211 1500 3238 1552 ὀ
3279 1499 3495 1576 ψαλμὺς
3550 1494 3709 1561 οὗτος

2131 1590 2364 1660 ἁρμόζει
2402 1595 2515 1654 τοῖς
2543 1593 2632 1645 διὰ
2668 1591 2763 1645 τοῦ
2802 1592 2947 1646 θείου
2975 1592 3189 1654 ὕδατος,
3248 1591 3366 1661 ἦτοι
3399 1591 3493 1645 τοῦ
3528 1608 3710 1659 σωτηα

2136 1683 2251 1752 ρίου
2293 1684 2693 1753 βαπτίσματος,
2720 1682 3029 1754 ἀνθρώποις
3054 1683 3146 1736 τοῦ
3178 1682 3315 1736 Θεοῦ
3357 1682 3663 1751 γινομένοις
3689 1694 3709 1711 ·

2130 1774 2369 1843 Μωῦτῆς
2415 1772 2523 1844 γὰρ
2595 1770 2848 1841 ληφθεὶς
2908 1773 2978 1837 ἐξ
3030 1770 3250 1836 ὕδατος
3322 1767 3711 1840 ἑρμηνεύεται.

446 1864 689 1920 dativum
749 1865 1177 1922 inscribuntur:
1216 1886 1340 1938 quae
1400 1885 1488 1925 res
1524 1870 1742 1926 abunde
1793 1870 2021 1933 indicat,

2133 1867 2517 1935 Λαμϐᾰνονται
2541 1866 2597 1919 δὲ
2638 1866 2696 1932 ἐξ
2729 1864 2942 1932 ὓδατος,
2974 1868 3067 1918 καὶ
3096 1864 3233 1917 Θεοῦ
3258 1864 3536 1943 ἄνθρωποι
3570 1878 3711 1930 χρη-

447 1954 691 2022 psalmos
717 1956 941 2025 quidem
977 1974 1006 2013 a
1051 1960 1210 2015 beato
1246 1961 1417 2016 David
1453 1961 1624 2018 fuisse
1657 1965 2021 2033 conscriptos.

447 2047 545 2102 sed
577 2048 687 2102 illis
738 2050 1057 2105 cantoribus
1122 2052 1374 2120 privatim
1432 2055 1665 2110 traditos
1718 2054 1786 2109 ad
1831 2069 2026 2109 canen-

447 2136 603 2190 dum.
632 2137 788 2204 Quod
809 2138 855 2195 si
878 2141 1004 2209 quis
1033 2150 1248 2208 contra,
1271 2142 1403 2198 illud
1428 2142 1618 2199 dicat:
1649 2144 1836 2215 plures
1859 2147 2023 2200 etiam

447 2245 569 2285 esse
602 2232 867 2299 psalmos,
924 2235 1017 2303 qui
1070 2235 1124 2287 in
1174 2230 1536 2306 inscriptione
1582 2238 1789 2293 habent
1828 2253 2023 2292 nomen

450 2322 639 2386 David,
664 2324 715 2379 in
740 2327 903 2381 tertio
933 2341 1090 2392 casu,
1125 2329 1378 2385 videlicet
1411 2327 1660 2384 Psalmus
1695 2330 1795 2400 ipsi
1820 2328 2025 2385 David:

2132 1957 2467 2028 ματεζουσιν.
2501 1960 2551 2011 οἱ
2598 1958 3005 2029 βαπτιζόμενοι.
3031 1954 3172 2019 Τοὺς
3203 1954 3259 2007 δὲ
3291 1954 3384 2007 τοῦ
3426 1953 3712 2019 Σολομῶν-

2127 2067 2216 2112 τος
2244 2049 2571 2120 λεγομένους
2623 2050 2706 2102 εἰς
2766 2049 2856 2102 τὸν
2900 2048 3137 2118 Χριστὸν
3192 2046 3450 2116 εἰρῆσθαί
3505 2063 3709 2113 φαμεν.

2127 2141 2382 2212 Σολομὼν
2441 2141 2550 2210 γὰρ
2601 2141 3063 2209 εῐρηνικὼτιιτος
3116 2138 3513 2211 ἑρμηνεύεται,
3573 2139 3712 2206 ὅπερ

2128 2234 2277 2288 ἐστὶν
2327 2235 2354 2287 6
2412 2232 2669 2303 Χριστὸς,
2711 2233 2854 2286 κατὰ
2890 2232 3054 2302 φύσιν
3086 2232 3185 2296 τὴν
3232 2233 3458 2302 εἰρήνην
3518 2229 3657 2299 ἔχων
3695 2245 3706 2259 ·

2129 2320 2397 2394 Εἰρήνην
2425 2322 2555 2394 γὰρ,
2602 2324 2761 2394 φησὶ,
2824 2325 2940 2391 τὴν
2979 2325 3135 2394 ἐμὴν
3155 2322 3365 2392 δίδωμι
3408 2323 3574 2383 ὑμῖν,
3632 2324 3727 2385 εῖτ

444 2408 838 2483 replicabimus
865 2420 1072 2474 multos
1103 2436 1226 2475 esse
1257 2423 1423 2477 etiam
1452 2424 1545 2493 qui
1593 2439 1689 2493 per
1719 2425 2024 2480 secundmn

2133 2415 2324 2483 ρήνην
2350 2415 2468 2482 τὴν
2498 2415 2653 2484 ἐμὴν
2676 2416 2889 2485 ἀφίημι
2921 2416 3083 2483 ὑμῖν.
3118 2412 3256 2487 Περὶ
3284 2413 3341 2467 δὲ
3382 2412 3492 2467 τῶν
3522 2415 3713 2467 ἀνεπιυ

445 2520 633 2561 casum
665 2502 917 2577 inscripti
944 2514 1105 2563 sunt:
1142 2510 1394 2566 videlicet
1447 2506 1695 2569 Psalmus
1726 2516 1892 2582 ipsius
1929 2512 2030 2568 Da-

444 2595 533 2648 vid
565 2612 584 2649 :
615 2597 759 2666 quod
782 2607 959 2652 tamen
986 2599 1038 2652 in
1069 2601 1194 2659 aliis
1226 2601 1546 2656 nominibus
1572 2617 1679 2656 non
1712 2604 1982 2673 reperitur
2009 2620 2021 2657 :

448 2697 511 2741 ut
549 2686 794 2746 sciamus
825 2691 972 2761 quod
1012 2692 1079 2745 ab
1112 2693 1233 2762 ipso
1267 2693 1488 2761 quidem
1524 2692 1692 2749 David
1727 2696 2028 2762 conscripti

449 2788 747 2845 sunt,non
781 2782 829 2837 ei
873 2783 986 2836 dati
1036 2789 1132 2836 aut
1162 2778 1329 2836 oblati
1370 2803 1383 2838 :
1418 2785 1525 2839 hoc
1581 2784 1726 2840 enim
1774 2783 2030 2839 differen-

450 2872 581 2925 tiam
613 2866 934 2927 introduxit.
972 2873 1067 2928 Ille
1104 2884 1288 2928 autem
1320 2874 1569 2943 psalmus
1618 2876 1708 2945 qui
1743 2875 1908 2946 Moysi
1948 2875 2030 2929 in-

450 2960 734 3029 scribitur,
751 2962 1067 3032 huiusmodi
1098 2963 1264 3023 habet
1293 2964 1708 3033 inscriptionem
1733 2966 1774 2997 ”
1803 2980 1816 3017 :
1844 2964 2028 3018 Oratio

451 3053 554 3122 ipsi
586 3052 760 3123 Moysi
792 3054 993 3109 homini
1031 3055 1150 3118 Dei,
1176 3071 1298 3125 quae
1328 3057 1617 3126 inscriptio
1647 3055 1846 3113 docere
1872 3058 2027 3113 video

2132 2506 2382 2576 γράφων,
2406 2506 2578 2559 πολλὰ
2605 2506 2716 2558 τῶν
2751 2505 3058 2576 Ἐὄραῖκῶν
3098 2506 3451 2576 ἀντιγράφων
3511 2522 3712 2575 συνημ-

2136 2598 2294 2667 μένον
2353 2599 2537 2669 ἐχουσι
2579 2594 2657 2668 τῷ
2709 2597 2911 2668 πρώτῳ
2973 2597 3175 2668 ψαλμῷ
3217 2598 3309 2651 τὸν
3338 2596 3612 2666 δεύτερον,
3648 2596 3710 2649 ού

2132 2690 2534 2759 προσκειμένου
2570 2692 2685 2752 τοῖς
2727 2688 2966 2759 ψαλμοῖς
3005 2689 3240 2761 ἀριθμοῦ
3296 2689 3427 2759 παρ’
3482 2690 3664 2751 αὐτοῖς
3694 2704 3710 2718 ·

2131 2783 2160 2835 6
2187 2777 2244 2835 δὲ
2273 2781 2547 2852 δεύτερος,
2581 2781 2990 2852 ἀναντιῤῥήτως
3024 2781 3118 2835 τοῦ
3150 2781 3333 2836 Δαὸἱδ.
3387 2782 3494 2835 Καὶ
3520 2781 3711 2834 τούτου

2135 2874 2415 2945 μάρτυρες
2444 2873 2493 2925 οἱ
2514 2872 2826 2937 ἀπόστολοι,
2862 2872 3112 2939 λέγοντες
3152 2873 3289 2944 πρὸς
3343 2874 3435 2926 τὸν
3484 2872 3617 2926 Θεὸν
3654 2872 3714 2925 ὲν

2131 2966 2252 3027 ταῖς
2276 2962 2550 3034 Πράξεσιν
2572 2980 2586 2996 ’
2628 2966 2695 3018 '0
2725 2965 2824 3018 διὰ
2853 2967 3155 3033 στόματος
3181 2964 3361 3018 Δαϐὶδ
3404 2964 3513 3019 τοῦ
3571 2977 3712 3018 παι-

2131 3054 2240 3122 δός
2269 3071 2385 3109 σου
2418 3054 2602 3110 εἰπών
2626 3073 2640 3087 ·
2673 3056 2808 3110 Ἵνα
2837 3057 2894 3109 τι
2922 3056 3236 3125 ἐφρύαξαν
3278 3057 3443 3123 ἔθνη,
3496 3057 3589 3108 καὶ
3644 3056 3713 3109 τὰ

452 3154 546 3196 ιιιι·
567 3143 714 3214 quod
739 3143 827 3199 illc
857 3142 1103 3206 psalmus
1137 3146 1205 3201 iis
1229 3155 1516 3216 congruat,
1543 3147 1636 3216 qui
1663 3161 1757 3216 per
1783 3147 2024 3203 divinam

2134 3146 2279 3217 ἑξῆς.
2308 3146 2799 3201 Συναποδεὶκνυται
2825 3138 2918 3200 οὖν
2940 3148 3035 3200 καὶ
3065 3150 3092 3200 6
3123 3146 3341 3216 πρῶτος
3372 3145 3587 3217 ψαλμδς
3616 3145 3711 3199 τοῦ

451 3247 673 3301 aquam,
706 3235 809 3290 hoc
838 3241 923 3289 est
966 3249 1063 3305 per
1100 3235 1346 3292 Salutare
1405 3237 1683 3293 lavacrum
1728 3239 2030 3309 baptisma-

452 3327 541 3391 tis,
572 3324 823 3382 homines
878 3324 975 3382 Dei
1015 3327 1192 3384 eﬂ‘eeti
1237 3342 1385 3385 sunt.
1435 3328 1652 3401 Moyses
1709 3332 1911 3402 quippe
1946 3332 2031 3385 in-

450 3424 809 3486 terpretatur,
863 3428 1171 3485 assumptus
1222 3435 1289 3475 ea:
1346 3434 1509 3489 aqua.
1580 3418 1659 3474 Ex
1705 3435 1845 3489 aqua
1905 3435 2031 3475 vero

450 3516 814 3563 assumuntur
862 3526 1056 3567 utnues
1112 3508 1204 3579 qui
1263 3510 1634 3580 baptizantur.
1669 3508 1822 3566 Unde
1867 3513 2031 3565 etiam

453 3598 547 3654 Dei
603 3598 856 3655 homines
910 3600 1105 3654 merito
1177 3602 1667 3670 cognominantur.
1721 3601 1830 3656 Eos
1904 3617 2033 3657 vero

450 3692 714 3760 psalmos,
764 3693 858 3762 qui
917 3690 1230 3748 Salomonis
1285 3693 1573 3761 dicuntur,
1627 3694 1682 3747 in
1748 3693 2029 3751 Christum

452 3783 627 3840 fuisse
675 3783 1025 3854 compositos
1076 3792 1421 3856 reputamus.
1482 3784 1744 3842 Salomon
1794 3801 2033 3858 namque

453 3877 848 3946 interpretatur
879 3877 1158 3947 paciﬁcus.
1193 3874 1395 3933 Verum
1458 3878 1715 3950 quisnam
1744 3880 1888 3935 alius
1921 3888 2030 3934 tam

453 3966 558 4021 fuit
607 3967 891 4037 paciﬁcus,
934 3978 1099 4038 quam
1158 3969 1458 4025 Christus?
1507 3971 1601 4039 qui
1659 3979 1855 4025 natura
1914 3970 2032 4041 ipsa

449 4066 638 4126 pacem
664 4058 861 4114 habet?
890 4062 932 4092 ¹²
966 4062 1182 4125 Pacem,
1204 4061 1371 4127 enim,
1397 4060 1780 4131 inquit,meam
1793 4062 1859 4116 do
1873 4063 2029 4130 vobis,

446 4162 627 4216 pacem
640 4158 811 4206 meant
828 4152 1065 4223 relinquo
1083 4153 1573 4224 vobis.De'psnlmis
1590 4157 1682 4225 qui
1702 4155 1820 4210 sine
1834 4155 2033 4211 inscri-

449 4243 638 4309 ptione
667 4252 825 4309 sunt,
856 4245 991 4300 illud
1033 4247 1086 4300 in
1137 4247 1328 4315 primis
1383 4247 1671 4302 sciendum
1718 4255 1829 4315 est,
1883 4248 2030 4318 quod

451 4336 623 4389 multa
654 4330 1012 4392 Hebraeorum
1043 4338 1409 4406 exemplaria,
1440 4339 1798 4408 coniunctum
1829 4339 2034 4395 habent

447 4427 753 4483 secundum
809 4430 1085 4499 psalmum
1141 4444 1269 4483 cum
1321 4431 1498 4497 primo
1530 4446 1542 4482 :
1572 4445 1696 4484 cum
1751 4432 1892 4502 apttd
1936 4446 2031 4487 eos

2134 3238 2298 3292 Δαόὶδ
2328 3234 2489 3293 εἶναι.
2522 3239 2585 3292 El
2617 3238 2673 3292 δὲ
2700 3239 2795 3292 καὶ
2818 3240 2845 3291 6
2876 3239 3088 3308 πρῶτος
3121 3240 3215 3291 καὶ
3239 3241 3267 3292 6
3300 3238 3554 3311 δεύτερος
3602 3237 3712 3291 τῶν

2132 3328 2543 3399 ἁνεπιγράφων,
2578 3327 2673 3381 τοῦ
2699 3327 2881 3393 Δαϐἱδ,
2924 3330 3017 3382 καὶ
3048 3330 3096 3382 οἱ
3120 3327 3270 3382 ἄλλοι
3296 3330 3496 3391 πάντες
3526 3327 3715 3380 averti-

2132 3437 2356 3492 γραφοι,
2381 3420 2522 3475 καθὰ
2557 3422 2730 3491 δήπου
2754 3420 2847 3474 καὶ
2877 3422 2903 3473 6
2929 3420 3284 3490 ἐνενηκοστὺς
3334 3420 3614 3489 τέταρτος,
3635 3419 3712 3482 ὡς

2137 3515 2407 3583 μαρτυρεῖ
2425 3515 2453 3565 6
2477 3512 2776 3575 ἀπόστολος
2816 3511 3029 3576 Παῦλος
3055 3514 3113 3565 ὲν
3140 3514 3204 3582 τῇ
3238 3512 3374 3582 πρδς
3425 3510 3715 3580 Ἐϐραίους

2147 3596 2458 3672 Ἐπιστολῇ,
2495 3602 2723 3671 φάσκων
2752 3617 2765 3630 ⁸
2815 3601 2951 3655 Τινὰ
2973 3598 3147 3669 ὁρίζει
3182 3601 3410 3669 ἡμέραν
3447 3598 3717 3667 σήμερον

2133 3692 2204 3747 ἐν
2239 3691 2435 3756 Δαόὶδ,
2468 3690 2663 3760 λέγων
2694 3693 2846 3759 μετὰ
2898 3690 3193 3744 τοσοῦτον
3242 3691 3488 3758 χρόνον,
3522 3689 3717 3756 καθὼς

2133 3784 2366 3853 εἴρηται
2406 3801 2421 3817 °
2459 3786 2733 3853 Σήμερον
2771 3783 2880 3837 ἐὰν
2917 3780 3027 3848 τῆς
3063 3780 3273 3852 φωνῆς
3301 3781 3504 3836 αὐτοῦ.
3541 3782 3717 3835 ἀκού-

2134 3888 2304 3944 σητε,
2338 3879 2427 3946 μὴ
2461 3877 2852 3945 σκληρύνητε
2891 3875 2997 3941 τὰς
3049 3875 3302 3943 καρδίας
3355 3871 3544 3942 ὑμῶν.
3607 3872 3718 3928 Καὶ

2136 3969 2186 4021 οἱ
2220 3967 2493 4038 ἀνώνυμοι
2524 3969 2582 4023 δὲ
2638 3968 2802 4023 Δαὸίδ
2841 3970 3000 4029 εἰσιν,
3028 3966 3104 4029 ὡς
3146 3966 3391 4020 διδάσκει
3441 3966 3717 4032 Στέφανος

2133 4062 2161 4113 6
2190 4060 2592 4130 πρωτομὰρτυς
2622 4062 2682 4113 ἐν
2718 4061 2840 4123 ταῖς
2889 4057 3130 4129 Πράξεσι
3159 4074 3173 4091 ·
3239 4057 3374 4130 φησὶ
3432 4056 3540 4127 γὰρ
3580 4059 3718 4127 πρὶς

2149 4152 2480 4216 Ἰουδαίους·
2516 4148 2673 4216 Ἕως
2716 4150 2835 4205 τῶν
2890 4150 3129 4221 ἡμερῶν
3186 4150 3387 4215 Δασὶδ,
3440 4150 3510 4217 ὃς
3577 4147 3718 4217 εὗρε

2135 4243 2317 4312 χάριν
2355 4242 2618 4297 ἐνώπιον
2648 4236 2758 4297 τοῦ
2807 4242 2980 4309 Θεοῦ,
3031 4242 3132 4296 καὶ
3167 4241 3441 4309 ᾐτήσατο
3514 4238 3718 4306 εὑρεῖν

2134 4332 2427 4404 σκήνωμα
2464 4333 2545 4401 τῷ
2584 4331 2708 4399 Θεῷ
2743 4334 2960 4389 Ἰακώϐ.
2994 4333 3168 4387 Τοῦτο
3205 4333 3263 4386 δὲ
3317 4334 3377 4385 τὸ
3422 4332 3586 4402 ῥητὸν
3621 4330 3717 4383 τοῦ

2137 4426 2251 4497 ρλα¹
2278 4425 2519 4497 ψαλμοῦ,
2553 4426 2710 4495 δῆλόν
2732 4428 2901 4490 ἐστιν,
2924 4426 3000 4489 ὡς
3030 4424 3177 4479 ἔστιν
3194 4416 3500 4493 ἀνώνυμος.
3553 4421 3716 4475 Ἀλλὰ

448 4532 558 4575 non
590 4521 664 4576 sit
685 4535 949 4576 numerus
969 4521 1023 4575 in
1057 4522 1282 4591 psalmis
1320 4540 1332 4575 :
1368 4524 1642 4579 secundus
1676 4533 1887 4589 autem,
1910 4523 2028 4598 sine

2137 4521 2229 4573 καὶ
2248 4520 2299 4571 οἱ
2328 4520 2388 4572 τὸ
2426 4519 2789 4588 Ἀλληλούϊα
2819 4515 3303 4587 ἐπιγεγραμμένον
3333 4515 3546 4584 ἔχοντες
3620 4508 3715 4566 τοῧ

446 4611 906 4673 contradictione.
973 4612 1328 4683 conscriptus
1400 4613 1505 4669 fuit
1542 4630 1572 4669 a
1622 4617 1779 4670 beato
1832 4615 2023 4671 David.

444 4700 620 4770 Cujus
655 4703 734 4759 rei
789 4710 961 4774 testes
1016 4705 1284 4760 habemus
1340 4707 1638 4775 apostolos,
1695 4707 1749 4760 iu
1795 4708 2026 4762 Actibus

445 4796 692 4850 dicentes
745 4795 812 4849 ad
864 4796 1033 4851 Deum
1070 4814 1085 4852 :
1122 4799 1166 4831 “
1205 4797 1285 4851 Tu
1317 4800 1411 4869 qui
1440 4815 1533 4868 per
1577 4816 1634 4853 os
1670 4799 1841 4852 David
1873 4802 2025 4868 pueri

448 4881 528 4934 tui
570 4881 760 4936 dixisti
786 4898 804 4937 :
833 4883 1013 4948 Quare
1036 4887 1443 4942 insurrexerunt
1472 4897 1672 4957 gentes,
1724 4898 1830 4944 etc.
1868 4888 2027 4945 Unde

445 4969 610 5024 etiam
638 4971 1049 5029 demonstratur
1076 4977 1316 5046 primum
1372 4979 1645 5048 psalmum
1685 4978 1802 5048 pari
1864 4979 2028 5035 modo

445 5063 622 5131 ipsius
640 5078 765 5121 esse
798 5065 1011 5122 David:
1043 5068 1189 5138 quod
1224 5071 1267 5124 si
1327 5070 1566 5138 primum
1615 5078 1670 5123 et
1723 5054 2026 5125 secundum

441 5149 746 5224 psalmum,
800 5161 896 5229 qui
923 5171 1116 5216 carent
1170 5162 1551 5230 inscriptione,
1607 5162 1847 5217 dicimus
1903 5172 2029 5218 esse

444 5240 640 5311 David,
681 5256 1088 5319 consequenter
1112 5252 1202 5304 alii
1251 5265 1469 5316 omnes,
1503 5252 1597 5321 qui
1646 5253 1769 5307 sine
1823 5252 2026 5309 inscri-

450 5339 642 5405 ptione
684 5350 834 5407 sunt,
885 5343 1131 5414 ejusdem
1165 5354 1328 5398 erunt
1363 5361 1376 5395 :
1417 5343 1582 5398 sicuti
1610 5344 1755 5399 inter
1792 5355 2029 5400 caeteros

2137 4611 2303 4665 Δαϐίδ
2326 4608 2465 4665 εἰσιν
2505 4626 2519 4640 ⁸
2557 4610 2758 4665 αὐτίκα
2787 4610 2897 4681 γὰρ
2934 4611 2963 4661 6
2990 4608 3212 4678 πρῶτος
3241 4605 3446 4672 αὐτῶν,
3479 4607 3508 4659 6
3550 4604 3627 4677 p6'
3653 4605 3714 4657 ὲν

2134 4704 2245 4768 τοῖς
2288 4704 2795 4774 Παραλειπομένοις
2831 4702 2909 4773 τῷ
2929 4698 3095 4755 Δαῦὶδ
3126 4690 3457 4769 πεποιῆσθαι
3507 4699 3717 4766 γέγρα-

2134 4810 2286 4851 πται.
2317 4801 2475 4852 Δοκεῖ
2506 4796 2601 4852 οὖν
2629 4790 2782 4850 αἰτία
2811 4794 2906 4849 τοῦ
2941 4795 3040 4866 μὲν
3070 4782 3210 4847 εἷναι
3240 4809 3393 4855 τινας
3415 4788 3718 4860 ἀνεπιγρά-

2135 4904 2290 4957 φους,
2317 4889 2401 4941 ὅτι
2430 4889 2532 4943 οὐκ
2574 4889 2655 4950 εἰς
2684 4886 2861 4956 ὗνομα
2910 4886 3032 4950 ὲνδς
3077 4884 3264 4949 ἔθνους
3313 4885 3547 4946 ἕκαστος
3603 4882 3714 4935 τῶν

2135 4980 2392 5033 τοιούτων
2426 4980 2647 5047 λέγεται
2678 4994 2692 5008 ο
2725 4979 2821 5031 τοῦ
2874 4979 2932 5031 δὲ
2971 4977 3311 5047 ἀνωνύμους,
3356 4977 3438 5030 ὅτι
3490 4977 3570 5037 εἰς
3623 4974 3716 5027 τὸν

2137 5071 2344 5141 Κύριον
2382 5070 2633 5141 εἴρηνται
2656 5083 2671 5098 °
2700 5067 2797 5121 τοῦ
2826 5068 2884 5122 δὲ
2915 5069 3107 5139 φέρειν
3180 5066 3571 5136 “amnicum,
3632 5066 3715 5118 ὅτι

2135 5161 2274 5232 πρὸς
2298 5162 2430 5214 Θεόν
2457 5163 2599 5215 εἰσιν
2622 5163 2945 5234 εὐχαριστία
2980 5161 3073 5214 καὶ
3104 5158 3295 5230 ὕμνος.
3328 5160 3435 5213 Καὶ
3457 5157 3586 5229 περὶ
3615 5157 3714 5228 μὲν

2131 5255 2325 5305 τούτου
2348 5252 2626 5308 τοσαῦτα’
2691 5253 2887 5324 καιρὸς
2942 5253 2998 5307 δὲ
3055 5253 3233 5306 εἰπεῖν
3278 5252 3375 5306 καὶ
3428 5250 3560 5321 περὶ
3602 5250 3714 5304 τῶν

2130 5344 2329 5398 ἄλλων.

448 5444 574 5483 esse
595 5431 802 5486 scimus
845 5432 1120 5501 psalmum
1171 5434 1586 5501 ncnagesimum
1642 5443 1920 5503 quartum,
1965 5447 2023 5488 ut
2063 5444 2353 5491 attestatur
2406 5436 2701 5506 Apostolus
2748 5438 2800 5491 in
2838 5432 3079 5507 Epistula
3131 5453 3228 5493 sua
3288 5436 3355 5489 ad
3424 5426 3707 5509 liebraaos,

449 5519 639 5575 dicens
663 5524 708 5567 Ῥ
742 5540 755 5575 :
792 5522 996 5579 lterum
1026 5526 1314 5593 quamdam
1340 5526 1657 5580 determinat
1689 5543 1829 5581 atem
1851 5529 2004 5582 nodie
2034 5529 2087 5581 in
2132 5527 2322 5591 David,
2347 5530 2527 5584 dicens
2555 5540 2673 5599 post
2717 5539 2921 5583 tantum
2966 5539 3167 5599 tempus
3193 5543 3211 5582 :
3241 5527 3393 5581 hodie
3432 5527 3479 5581 si
3530 5541 3708 5579 vocem

446 5618 565 5686 (jus
596 5623 893 5686 audieritis,
922 5624 1084 5677 noiite
1112 5622 1375 5676 obdurare
1411 5638 1572 5678 corna
1607 5625 2024 5681 nestra.l’saltui
2061 5640 2282 5695 quoque
2323 5626 2417 5695 qui
2479 5637 2607 5682 sunt
2640 5628 2761 5682 sine
2808 5625 3055 5688 nomine,
3129 5623 3308 5679 eidem
3369 5622 3683 5677 ascrihendi

516 5734 536 5758 '
575 5731 720 5788 Psal.
770 5750 934 5799 “xv,
991 5736 1073 5789 l5.
1162 5738 1182 5767 ’
1215 5735 1355 5790 Psal.
1413 5754 1641 5804 xsxvm,
1685 5741 1735 5794 i.

451 5802 494 5835 “
524 5807 643 5859 Act.
693 5821 766 5871 tv,
794 5804 884 5869 25,
957 5805 999 5835 ’⁵
1047 5805 1209 5863 liehr.
1246 5810 1402 5878 ιιιηὸ.

1835 5740 1876 5771 ¹⁰
1918 5738 2060 5794 Psal.
2112 5754 2331 5806 uxmv,
2378 5740 2427 5795 i.
2493 5741 2707 5795 “.i’sal.
2767 5753 2991 5809 unus,
3044 5737 3094 5793 i.
3174 5738 3215 5769 "
3270 5735 3420 5792 loau.
3471 5751 3581 5804 11v,
3614 5733 3707 5793 27.
