4146 6478
378 419 442 482 51
1550 421 1935 483 COMMENT.
1976 420 2062 483 IN
2097 403 2472 486 PSALMOS.‘
3591 425 3662 486 58

379 538 527 597 sum,
579 540 640 587 ut
682 533 848 590 docet
873 534 1070 591 beatus
1133 532 1446 604 Stephanus
1481 544 1851 605 protomartyr
1902 536 1957 590 in
1986 535 2219 593 Actibus
2245 534 2440 592 dicens
2463 532 2531 591 ad
2562 532 2823 592 Iudaeos:
2865 536 2908 569 "
2948 532 3126 604 Usque
3179 534 3252 590 ad
3295 535 3408 592 dies
3465 535 3660 605 David,

338 636 356 646 ‘
383 631 469 697 qui
496 630 686 684 inuenit
717 631 957 700 gratiam
980 647 1163 685 eorum
1194 630 1326 695 Deo,
1348 639 1400 686 et
1422 632 1596 700 petiit,
1658 640 1719 684 at
1784 631 2042 687 inveniret
2084 631 2490 687 tabernaculum
2527 630 2636 686 Deo
2661 629 2857 688 Iacob.
2898 631 3056 697 Quod
3108 631 3317 686 dictum
3370 634 3663 689 manifeste

384 731 665 793 sumptum
690 729 779 776 est
805 738 872 778 ex
899 721 1116 793 psalmo
1167 732 1355 789 onst,
1393 724 1488 793 qui
1534 723 1783 780 auctoris
1816 732 1971 781 caret
2007 724 2257 782 nomine.
2290 724 2468 779 Simili
2485 723 2649 780 modo
2677 727 2842 779 etiam
2873 724 3094 794 psalmi,
3117 725 3213 794 qui
3277 726 3400 780 loco
3456 726 3660 782 inscri¢

382 814 587 885 ptionis
650 814 859 870 habent
906 815 1165 879 Alleluia,
1241 814 1418 883 ipsius
1478 814 1649 870 David
1720 815 2011 885 reputandi
2071 823 2243 871 sunt:
2277 815 2550 885 siquidem
2587 829 2777 871 eorum
2816 815 3026 885 primus
3070 814 3163 885 qui
3212 822 3296 873 est
3336 831 3446 878 CIV,
3482 815 3663 869 mani-

381 904 524 963 feste
567 905 636 958 ab
682 920 753 959 eo
807 903 913 961 fuit
971 905 1328 975 compositus,
1379 915 1442 961 ut
1493 906 1729 977 legimus
1756 909 1814 963 in
1870 909 2014 964 libro
2081 907 2572 980 Paralipomenon.
2623 907 2787 962 Ratio
2849 916 3052 973 autem,
3105 923 3275 978 quare
3322 910 3660 979 psalmorum

384 1003 555 1074 aliqui
596 1009 794 1057 carent
840 1003 1226 1073 inscriptione,
1285 1004 1507 1059 videtur
1553 1018 1615 1059 ea
1661 1018 1805 1067 esse,
1875 1004 2002 1074 quia
2045 1019 2153 1059 non
2195 1005 2250 1058 in
2303 1005 2472 1060 unius
2502 1011 2713 1059 tantum
2775 1004 2957 1072 gentis
3000 1003 3243 1069 nomine,
3281 1007 3662 1075 unusquisque

385 1110 581 1152 eorum
622 1096 807 1151 dictus
849 1105 935 1151 est
977 1113 993 1161 ;
1024 1096 1169 1165 quod
1198 1107 1330 1152 vero
1364 1097 1477 1154 sint
1504 1096 1629 1154 sine
1672 1096 1917 1163 nomine,
1959 1111 2023 1153 ea
2054 1097 2277 1153 videtur
2310 1112 2437 1154 esse
2464 1098 2632 1161 ratio,
2699 1097 2830 1166 quia
2866 1096 2922 1150 in
2966 1096 3145 1164 ipsum
3180 1097 3471 1153 Dominum
3523 1099 3660 1155 dicti

384 1197 556 1242 sunt:
590 1187 738 1256 quod
779 1188 984 1243 habent
1014 1188 1269 1255 Alleluia,
1294 1188 1439 1245 ratio
1476 1195 1581 1253 est,
1614 1189 1744 1258 quia
1803 1187 2107 1257 gratiarum
2134 1188 2381 1243 actiones
2407 1195 2463 1244 et
2495 1187 2689 1243 laudes
2721 1188 2775 1241 in
2839 1186 3008 1241 Deum
3094 1190 3402 1244 continent.
3456 1188 3657 1245 Verum

381 1281 453 1336 de
482 1280 572 1335 bis
604 1280 720 1335 hac
745 1280 892 1336 dicta
920 1281 1197 1339 sufﬁciant
1229 1297 1242 1337 :
1270 1291 1490 1353 tempus
1524 1293 1629 1346 est,
1674 1291 1734 1339 ut
1775 1284 1844 1340 de
1867 1282 2084 1339 caeteris
2110 1283 2273 1340 etiam
2296 1291 2617 1340 tractemus.

452 1376 678 1437 Ψαλτδς
702 1375 827 1445 μὶν.
850 1376 881 1428 ὀ
907 1375 1167 1445 ᾁδόμενσς
1195 1375 1327 1438 ϐοός
1348 1391 1361 1404 ’
1386 1375 1604 1446 catae;
1624 1378 1703 1441 δὲ,
1727 1377 1791 1430 τδ
1817 1392 1959 1446 wom-

2085 1430 2098 1445 ,
2152 1375 2375 1433 Psaltns
2407 1377 2635 1449 quidem
2661 1378 2808 1434 Deus
2841 1382 2927 1432 est
2965 1375 3061 1444 qui
3094 1375 3320 1431 canitur
3357 1393 3373 1431 :
3408 1375 3659 1447 psalmus

385 1469 586 1539 μάτων
614 1468 707 1522 καὶ
738 1469 800 1521 τὸ
833 1467 999 1536 μέλος
1030 1469 1199 1522 αὐτοῦ
1219 1484 1234 1499 ·
1260 1468 1549 1541 ψαλμιμδδς
1575 1470 1655 1533 δὲ,
1683 1474 1712 1525 ὁ
1737 1472 1975 1541 ποιητὴς

379 1560 628 1613 τούτων’
678 1558 959 1627 ψαλτῳδὸς
1011 1559 1091 1619 δὲ.
1127 1559 1155 1612 ὀ
1185 1558 1404 1628 ψάλλων
1462 1559 1622 1616 τοῦτο
1665 1561 1826 1632 χορός
1849 1577 1865 1592 σ
1909 1561 1972 1614 τὸ

383 1652 576 1721 μέντοι
610 1650 895 1718 διάψαλμα
956 1650 1263 1720 μεταὸολὴν
1292 1651 1550 1721 σημαίνοι
1599 1653 1892 1723 νοήματος,
1935 1653 1968 1723 ἢ

382 1741 610 1811 μέλους,
649 1741 684 1813 ἦ
723 1740 995 1811 ἀναϐολήν
1030 1759 1152 1796 τινα
1205 1744 1538 1813 κρούματος,
1571 1743 1604 1814 ἢ
1662 1744 1969 1814 τηνικαῦτα

379 1833 533 1887 θείου
593 1834 916 1905 Πνεύματος
982 1834 1254 1906 ἔλλαμψιν
1316 1837 1398 1900 είς
1450 1836 1578 1900 τοὺς
1625 1837 1927 1906 ψάλλοντας
1950 1853 1965 1869 ο

380 1928 777 1998 ἀπεγράφοντο
818 1928 929 1999 γὰρ
955 1926 1128 1981 ταῦτα
1171 1928 1352 1983 πάντα
1388 1929 1477 1983 διὰ
1505 1930 1606 2000 τὴν
1654 1930 1962 2002 ἀκρίϐειαν.

392 2014 560 2069 Ἀλλὰ
587 2015 800 2088 ψαλμὺς
834 2017 935 2086 μὲν
990 2017 1217 2092 κυρίως,
1251 2018 1282 2071 ὁ
1314 2019 1453 2089 μετὰ
1503 2020 1800 2089 ὀργανικοῦ
1830 2021 1969 2092 ψαλ-

376 2106 577 2177 τηρίου
628 2106 886 2177 ὲμμιλῶς
936 2108 1383 2179 ὲκφωνούμενος·
1418 2111 1534 2183 ᾠδὴ
1563 2112 1642 2179 δὲ,
1696 2115 1849 2183 φωνή
1881 2130 1967 2178 τις

381 2199 624 2270 μουσική
678 2214 739 2254 τε
767 2200 861 2254 καὶ
915 2201 1262 2273 ἐναρμόνιος,
1314 2202 1423 2258 ἀπὸ
1474 2204 1637 2274 μόνου
1668 2208 1961 2271 στόματος.

376 2291 992 2364 Καταχρηστικὼτσρον
1037 2294 1095 2347 δὲ
1143 2293 1361 2363 λέγεται
1395 2297 1645 2361 κάκεῖνος
1684 2297 1816 2368 ᾠδὴ,
1870 2298 1964 2353 καὶ

373 2378 523 2451 αὕτη
538 2380 784 2452 ψαλμόςσ
815 2383 1178 2457 ἀρχαιότερον
1199 2386 1256 2441 δὲ
1285 2388 1317 2458 ἠ
1350 2387 1462 2459 ᾠδή
1484 2405 1498 2420 ·
1541 2388 1769 2460 καὶγὰρ
1793 2391 1963 2445 Mem?-

379 2473 490 2541 σῆς
534 2470 673 2544 ἦρξε
702 2475 936 2546 ταύτης,
978 2477 1077 2531 καὶ
1104 2477 1397 2549 διήρκεσεν
1439 2478 1545 2544 ἓως
1572 2481 1757 2538 Δασίδ.
1790 2477 1964 2549 Οὗτος

374 2566 437 2620 δὲ
461 2566 681 2636 πρῶτος
712 2568 918 2639 ἤρξατο
940 2570 1055 2623 τῶν
1083 2570 1314 2640 ψαλμῶν
1336 2589 1350 2603 ·
1404 2575 1453 2626 εί
1480 2574 1592 2644 γὰρ
1637 2576 1730 2629 καὶ
1762 2576 1962 2648 περιῆν

2076 1483 2209 1523 vero
2241 1484 2434 1539 poema
2498 1476 2555 1523 ct
2604 1484 2827 1524 carmen
2902 1468 3050 1538 quod
3108 1469 3173 1522 de
3228 1483 3296 1523 eo
3356 1469 3656 1525 canimus:

2074 1561 2418 1630 psalmodiis,
2449 1568 2609 1632 poeta
2638 1569 2724 1618 est
2760 1559 2855 1632 qui
2893 1560 3010 1616 haec
3063 1560 3286 1616 coniicit
3343 1561 3590 1616 carmina
3641 1578 3658 1616 :

2074 1660 2131 1709 et
2160 1651 2480 1720 Psaltodus,
2543 1653 2750 1708 chorus
2804 1651 3119 1707 canentium
3179 1652 3471 1722 psalmos:
3538 1652 3659 1707 dia-

2073 1745 2309 1816 psalma,
2334 1746 2702 1802 mutationem
2733 1743 3046 1805 sentcntiae,
3073 1753 3171 1799 aut
3222 1753 3420 1800 cantus
3482 1743 3659 1815 signiv

2072 1837 2197 1892 ﬂcat
2226 1846 2354 1894 :aut
2372 1853 2731 1908 pausam.seu
2751 1839 3188 1908 interiectionem
3217 1837 3509 1907 quamdam
3531 1839 3658 1909 pul-

2071 1932 2328 1999 sationis,
2359 1933 2445 1986 vel
2475 1933 2775 2004 fulgorem,
2831 1942 2996 2003 atque
3050 1932 3511 1988 illuminationem
3572 1932 3661 1986 di-

2069 2024 2182 2080 vini
2214 2025 2479 2096 Spiritus,
2538 2041 2660 2095 quae
2721 2034 2855 2082 tunc
2912 2024 3242 2081 canentibus
3296 2024 3654 2094 apparebat:

2068 2116 2458 2171 scribebantur
2484 2119 2632 2172 enim
2665 2117 2851 2172 omnia
2880 2115 2998 2171 haec
3061 2115 3130 2170 ab
3190 2115 3271 2170 eis
3336 2114 3652 2183 diligenter.

2066 2206 2324 2264 Psalmus
2352 2208 2575 2279 proprie
2605 2217 2691 2265 est
2715 2207 2847 2263 illud
2877 2222 3125 2275 carmen,
3165 2207 3311 2276 quod
3338 2206 3501 2262 simul
3527 2220 3654 2260 cum

2068 2299 2323 2355 Psalterii
2373 2301 2745 2356 instrumento
2802 2300 2959 2356 suavi
3013 2314 3151 2355 voce
3201 2298 3657 2368 proferturzode

2068 2404 2165 2445 seu
2192 2392 2496 2457 canticum,
2527 2406 2633 2446 vox
2673 2389 2923 2461 quaedam
2949 2382 3035 2444 est
3075 2390 3287 2443 musica
3328 2404 3455 2443 cum
3523 2388 3655 2442 bar-

2067 2482 2277 2548 monia,
2317 2482 2436 2537 solo
2484 2495 2583 2537 ore
2642 2482 2885 2551 prolata.
2949 2494 3288 2549 quamquam
3349 2479 3655 2547 improprie

2065 2573 2250 2641 ipsum
2321 2572 2600 2628 canticum
2652 2585 3029 2649 saepenumero
3104 2569 3358 2624 Psalmus
3413 2568 3655 2623 dicatur.

373 2657 683 2729 ψαλτήριον
706 2659 963 2731 ὄργανον,
995 2661 1114 2716 ἀλλ’
1146 2662 1373 2734 ἄτεχνον
1397 2664 1490 2718 καὶ
1534 2665 1824 2730 ίδιωτικὸν.
1866 2668 1959 2721 καὶ

2069 2664 2167 2721 Est
2198 2674 2383 2721 autem
2444 2663 2724 2723 canticum
2787 2663 3000 2732 psalmo
3074 2656 3401 2733 antiquius:
3439 2660 3654 2730 Moyses

375 2751 520 2821 πρὸς
546 2752 683 2822 μόνα
712 2752 918 2824 ψάλλον
944 2754 1013 2808 τὰ
1047 2754 1277 2825 ποίμνια
1299 2772 1315 2788 θ
1370 2757 1536 2811 Δαὸὶδ
1558 2758 1615 2811 δὲ
1649 2760 1959 2832 σοφώτερον

2068 2757 2270 2827 quippe
2300 2757 2505 2813 cantici
2538 2763 2736 2811 auctor
2763 2755 2888 2819 fuit,
2954 2754 3218 2824 illiusque
3282 2769 3418 2810 usus
3476 2768 3656 2822 usque

375 2841 541 2895 τοῦτο
571 2844 1002 2909 κατεσκεύασεν,
1027 2843 1063 2916 ἤ
1092 2846 1359 2916 ἥρμοσεν,
1394 2850 1495 2902 καὶ
1515 2848 1615 2920 τὴν
1638 2850 1836 2921 χρῆσιν
1863 2853 1964 2906 αὐ-

372 2932 476 2987 τοῦ
509 2933 649 3005 πρὸς
676 2934 813 2988 Θεὸν
845 2936 1205 3007 μετήνεγκεν.
1243 2939 1454 3010 ’Υμνος
1492 2940 1572 3006 δὲ,
1623 2945 1655 3013 ή
1704 2944 1961 3001 ἐπιτετα-

374 3026 519 3096 μένη
552 3026 863 3093 δοξολογία·
896 3027 1043 3091 αἶνος
1081 3029 1159 3094 δὲ,
1193 3031 1223 3083 ὀ
1268 3031 1533 3103 σύντομος
1570 3034 1792 3100 ἔπαινος
1823 3050 1841 3069 ο
1878 3038 1965 3105 ἑξ-

370 3116 706 3186 ομολόγησις
732 3118 815 3184 δὲ,
846 3121 880 3190 ή
908 3123 1032 3173 κατ’
1058 3121 1311 3176 ἐπίτασιν
1339 3123 1655 3199 δμολογίαῆ
1683 3129 1867 3185 καλῶν
1884 3125 1960 3185 ὧν

371 3211 791 3281 πεποιήκαμεν,
838 3213 873 3286 ἢ
922 3213 1113 3269 κακῶν
1157 3208 1233 3270 ὧν
1263 3217 1642 3289 δεδράκαμεν
1675 3226 1959 3295 προσευχὴ

370 3300 455 3364 δὲ,
489 3302 524 3373 ἡ
551 3301 739 3375 δέησις
758 3321 774 3336 ·
803 3306 940 3378 εὐχὴ
963 3307 1044 3375 δὲ,
1074 3310 1108 3378 ἠ
1134 3309 1457 3380 ὑπόσχεσις.
1488 3312 1674 3367 Πάντα
1701 3314 1758 3369 δὲ
1780 3315 1963 3385 λέγον-

370 3407 467 3447 ται
498 3393 636 3464 πρὸς
662 3395 818 3452 Θεόν.
851 3398 921 3453 Τί
943 3399 1045 3470 μὲν
1074 3400 1168 3457 οῦν
1193 3404 1311 3456 ἔστι
1350 3402 1595 3473 ψαλμὸςζ
1614 3407 1710 3460 καὶ
1731 3407 1785 3461 τί
1822 3407 1957 3480 ᾠδὴ,

370 3486 773 3556 προσηκόντως
794 3490 1033 3560 εἴρηται.
1072 3492 1228 3564 ᾮδὰς
1249 3494 1305 3548 δὲ
1337 3495 1573 3566 ψαλμῶν
1592 3498 1957 3572 ὑποληπτέον,

368 3573 458 3629 ὃτι
491 3577 865 3646 προτάσσεται
893 3579 997 3650 μὲν
1028 3582 1154 3651 ὴδι’
1188 3582 1425 3654 ὀργάνου
1462 3589 1725 3660 μουσικὴ,
1766 3591 1958 3647 ἕπεται

369 3662 433 3718 ﬂ
457 3665 495 3736 ἡ
520 3664 612 3719 διὰ
641 3667 915 3737 στόματος
949 3673 1122 3742 φωνὴ,
1156 3671 1422 3744 δευτέραν
1448 3675 1805 3747 λαμϐάνουσα
1838 3684 1921 3752 χώ
1940 3713 1953 3724 -

374 3772 512 3827 ραν·
544 3759 754 3829 ψαλμοὶ
775 3760 832 3815 δὲ
865 3760 1041 3831 ᾠδῶν.
1073 3764 1163 3818 ὅτε
1190 3766 1503 3820 τούναντίον
1526 3769 1766 3840 γίνηται.
1798 3772 1959 3827 Κατὰ

369 3847 433 3904 δὲ
463 3849 594 3913 τοὺς
635 3849 836 3920 νόμους
874 3853 978 3921 τῆς
1008 3854 1327 3924 ἀναγωγῆς,
1367 3856 1582 3928 quam
1624 3861 1723 3930 μὲν
1755 3862 1823 3916 ἂν
1843 3865 1955 3935 εἴη,

368 3943 465 3998 ὃτι
504 3944 567 3997 τὺ
600 3944 760 4015 σῶμα
813 3945 1103 4015 τείνοντες,
1155 3948 1231 4013 ὡς
1284 3951 1577 4021 ὀργανικὸν
1633 3954 1954 4028 ψαλτήριον,

2065 2851 2132 2905 ad
2166 2851 2311 2906 beati
2343 2848 2512 2904 David
2545 2857 2795 2918 tempora
2822 2847 3203 2918 perseveravit
3238 2863 3253 2902 :
3289 2846 3383 2915 qui
3432 2847 3653 2915 primus

2064 2943 2309 3000 omnium
2337 2943 2508 3012 coepit
2572 2941 2817 3012 psalmos
2873 2940 3251 2995 conscribere.
3310 2937 3446 2993 Nam
3496 2946 3553 2992 ct
3606 2936 3655 2992 si

2063 3040 2226 3087 antea
2254 3033 2505 3103 psalterii
2553 3033 2925 3087 instrumento
2970 3038 3285 3092 uterentur,
3325 3029 3484 3084 illius
3519 3045 3655 3085 usus

2063 3135 2118 3181 et
2142 3125 2266 3179 sine
2297 3133 2414 3179 arte
2445 3123 2557 3178 ulla
2601 3131 2743 3190 erat,
2783 3130 2840 3178 et
2900 3122 3196 3177 admodum
3240 3122 3482 3190 vulgaris
3520 3138 3534 3186 ;
3580 3122 3650 3174 ad

2064 3218 2216 3273 solos
2242 3217 2388 3272 enim
2436 3231 2630 3286 greges
2683 3215 3006 3270 mulcendas
3058 3213 3407 3284 pulsabatur.
3483 3214 3653 3268 David

2064 3310 2229 3381 igitur
2260 3308 2469 3364 homini
2495 3308 2924 3363 instrumentum
2986 3306 3293 3376 sapientius
3354 3306 3654 3375 cooptavit,

2062 3412 2118 3459 et
2153 3402 2305 3457 illius
2340 3416 2502 3454 usum
2533 3400 2598 3455 ad
2629 3401 2801 3455 Deum
2857 3398 3164 3452 transtulit.
3215 3398 3463 3467 Hymnus
3520 3413 3654 3453 vero

2060 3505 2148 3551 est
2173 3494 2375 3551 divinae
2403 3494 2595 3564 gloriae
2618 3493 2902 3548 extensior
2929 3498 3097 3558 atque
3127 3490 3364 3558 amplior
3401 3489 3651 3558 quaedam

2060 3589 2205 3644 laus.
2242 3587 2374 3642 Nam
2408 3601 2535 3642 cum
2566 3586 2752 3641 laudis
2784 3598 2988 3639 nomen
3030 3582 3358 3653 simpliciter
3390 3581 3649 3645 dicimus,

2060 3679 2413 3751 vnlgariores
2475 3692 2540 3732 ac
2602 3677 2892 3732 breviores
2972 3672 3167 3728 laudes
3250 3670 3648 3739 significamus.

2058 3770 2359 3829 Confessio
2414 3771 2579 3826 etiam
2644 3769 2884 3838 amplum
2941 3766 3216 3836 quoddam
3262 3763 3648 3821 testimonium

2058 3872 2146 3919 est
2175 3872 2229 3919 et
2257 3862 2416 3922 fides,
2449 3875 2557 3930 qua
2596 3867 2691 3913 aut
2729 3858 2875 3914 bona
2902 3872 3025 3926 quae
3053 3857 3364 3922 recepimus
3390 3854 3650 3914 fatemur,

2060 3962 2154 4011 aut
2179 3954 2321 4009 mala
2351 3969 2476 4023 qum
2522 3951 2933 4006 commisimus.
2984 3947 3162 4003 Porro
3215 3947 3394 4001 oratio
3458 3959 3653 4014 preces

370 4036 473 4090 καὶ
503 4035 594 4089 διὰ
618 4035 730 4088 τῶν
758 4036 942 4089 καλῶν
980 4037 1160 4107 ἔργων
1194 4041 1551 4110 ἐπαφώμενοι
1578 4044 1781 4113 τρόπον
1810 4046 1951 4113 τινὰ,

2062 4048 2360 4117 significat,
2393 4053 2448 4100 et
2497 4052 2688 4100 votum
2759 4041 3210 4111 promissionem,
3255 4038 3549 4106 omniaque
3579 4034 3650 4088 ad

367 4130 474 4182 καὶ
500 4127 766 4198 ψαύοντες
788 4128 983 4191 αὐτοῦ,
1012 4133 1213 4201 πρᾶξιν
1240 4133 1616 4204 ἀποτελοῦμεν
1650 4137 1861 4207 ἀγαθήν
1892 4156 1953 4192 τε

367 4219 473 4274 καὶ
518 4221 862 4291 ἐναρμόνιον,
916 4224 964 4276 εί
996 4224 1092 4276 καὶ
1140 4225 1309 4293 μήπω
1359 4224 1598 4297 θεωρίας
1641 4228 1952 4299 ἐπέϐημεν

365 4309 487 4382 ᾠδὴ
513 4309 595 4377 δὲ,
618 4312 709 4365 ὅτε
736 4314 909 4383 χωρὶς
939 4313 1035 4367 τοῦ
1069 4317 1380 4384 πρακτικοῦ
1409 4317 1727 4389 θεωροῦμεν
1761 4321 1827 4374 τὰ
1854 4320 1953 4384 τῆς

364 4402 632 4474 ἀληθείας
665 4406 965 4478 μυστήρια,
1018 4410 1465 4479 γεγυμνασμένοι
1504 4413 1605 4483 ἢδη
1655 4415 1954 4485 τυγχάνον-

363 4509 494 4559 τος*
521 4495 635 4567 ᾠδὴ
664 4496 724 4550 δὲ
750 4497 993 4567 ψαλμοῦ,
1022 4501 1154 4557 ὅταν
1182 4502 1538 4573 προαγούσης
1568 4506 1783 4575 ἀγαθῆς
1810 4506 1954 4578 πρά-

363 4587 531 4653 ξεως,
583 4589 663 4651 εἰς
696 4587 933 4657 Θεωρίαν
975 4594 1432 4662 καταντήσωμεν,
1467 4596 1609 4650 κατὰ
1636 4596 1697 4649 τὸ
1724 4597 1954 4668 εἰρημέ-

364 4695 491 4733 νον·
529 4679 953 4748 Ἐπεθὺμησας
983 4684 1230 4752 σοφίαν.
1272 4684 1651 4753 διατήρησον
1673 4689 1953 4756 ἐντολὰς,

366 4772 472 4825 καὶ
501 4771 1061 4844 Κύριοςχορηγήσει
1083 4791 1184 4830 σοι
1210 4777 1426 4845 αὐτήν.
1450 4778 1680 4848 Ψαλμὺς
1705 4780 1762 4834 δὲ
1788 4781 1952 4852 ᾠδῆς,

363 4862 462 4915 ὅτε
487 4861 590 4930 τῆς
630 4862 862 4934 θεωρίας
890 4866 1298 4935 σαφηνιζούσης
1328 4870 1450 4923 τινὰ
1474 4870 1585 4923 τῶν
1628 4873 1954 4942 κεκρυμμέ-

364 4973 481 5009 νων
524 4956 755 5025 ἠθικῶν,
789 4959 869 5023 εἰς
929 4958 1197 5028 ἐργασίαν
1242 4960 1449 5013 τούτων
1501 4962 1797 5032 ἐρχόμεθα.
1845 4965 1956 5016 Καὶ

363 5048 513 5119 τάχα
534 5049 625 5101 διὰ
652 5049 813 5102 τοῦτο
843 5048 1062 5122 πρῶτον
1095 5052 1144 5104 oi
1172 5051 1401 5121 ψαλμοὶ,
1436 5049 1555 5107 εἶτα
1591 5055 1648 5109 at
1681 5055 1838 5125 ᾠδαὶ,
1870 5056 1955 5109 ὅτι

364 5140 480 5211 χρὴ
507 5140 600 5194 καὶ
626 5140 714 5194 διὰ
748 5142 848 5211 τῆς
882 5143 1199 5212 πρακτικῆς
1242 5143 1445 5209 ἰόντας,
1478 5147 1560 5208 εἰς
1600 5147 1835 5216 θεωρίαν
1862 5148 1954 5201 ἐλ-

364 5232 506 5285 θεῖν.
542 5232 738 5285 Ἔνθεν
776 5250 862 5286 τοι
886 5233 982 5287 καὶ
1011 5234 1148 5303 πρὸς
1175 5252 1255 5304 τῳ
1278 5234 1422 5290 τέλει
1456 5236 1650 5291 πολλαὶ
1669 5238 1824 5307 quae
1859 5240 1954 5294 καὶ

361 5323 506 5378 ὅπου
538 5323 879 5393 ἀναϐαθμδς,
907 5324 1145 5395 οὐδαμοῦ
1179 5326 1415 5396 ψαλμδς,
1437 5328 1562 5381 οὔτε
1598 5330 1715 5398 μετ’
1745 5330 1951 5400 ὲμπλφ

2059 4141 2229 4195 Deum
2257 4137 2555 4206 pertinent.
2610 4134 2750 4200 Quid
2789 4134 2976 4201 itaque
2998 4133 3072 4188 sit
3106 4117 3380 4199 psalmus.
3434 4139 3491 4183 ct
3515 4127 3649 4196 quid

2058 4231 2363 4294 canticum,
2382 4225 2612 4281 abunde
2631 4225 2895 4280 diximus.
2925 4223 3214 4278 Canticum
3242 4228 3426 4275 autem
3450 4219 3649 4289 psalmi

2058 4333 2191 4378 tunc
2226 4328 2332 4382 est,
2390 4319 2614 4387 quando
2647 4317 2861 4372 musice
2907 4331 3008 4386 per
3058 4313 3380 4383 organicum
3441 4314 3652 4367 instru-

2058 4421 2308 4469 mentum
2341 4412 2494 4480 prlus
2556 4408 2902 4480 disponitur,
2934 4418 2989 4462 et
3032 4406 3232 4461 deinde
3290 4403 3651 4471 consequitur

2057 4521 2158 4561 vox
2184 4520 2280 4560 ore
2331 4503 2557 4568 emissa,
2609 4518 2734 4572 qum
2787 4500 3092 4556 secundum
3150 4508 3386 4567 occupat
3444 4498 3650 4553 locum.

2059 4598 2310 4654 Psalmns
2344 4610 2473 4654 vero
2506 4596 2715 4651 cantici
2746 4602 2883 4649 tunc
2958 4593 3188 4656 dicitur,
3253 4592 3478 4670 quando
3528 4590 3650 4659 ejus

2055 4692 2205 4763 quod
2227 4706 2375 4747 nunc
2409 4690 2650 4745 diximus
2680 4686 3029 4743 contrarium
3079 4687 3159 4740 fit.
3212 4684 3379 4739 Juxta
3442 4698 3650 4752 anago-

2058 4799 2160 4855 gen
2191 4798 2256 4838 ac
2281 4783 2548 4838 moralem
2577 4795 2833 4843 sensum,
2864 4778 3136 4848 psalmum
3182 4785 3316 4831 tunc
3376 4777 3650 4839 canimus,

2056 4873 2282 4946 quando
2335 4887 2539 4942 corpus
2597 4877 2852 4926 nostrum
2914 4868 3077 4940 quasi
3135 4867 3389 4937 psalterii
3446 4868 3650 4923 instru-

2057 4975 2308 5021 mentum
2353 4962 2719 5025 intendimus,
2753 4971 2809 5017 ct
2838 4975 2940 5031 per
2979 4960 3125 5015 bona
3163 4975 3332 5030 opera
3372 4960 3649 5028 quodam-

2057 5058 2219 5112 modo
2245 5058 2424 5127 ipsum
2459 5055 2767 5125 palpantes.
2792 5055 2974 5110 bonas
3004 5068 3069 5108 ac
3097 5053 3408 5109 concinnas
3471 5053 3649 5108 actio-

2058 5164 2158 5204 nes
2184 5149 2528 5221 perflcimus,
2553 5161 2879 5217 quanquam
2926 5145 2997 5201 ad
3033 5144 3261 5201 altiores
3308 5142 3647 5212 contempla-

2058 5245 2241 5299 tiones
2265 5240 2508 5296 nondum
2540 5240 2982 5296 ascenderimus.
3016 5237 3174 5294 Oden
3196 5252 3326 5291 vero
3386 5241 3484 5289 aut
3512 5246 3647 5285 can-

2059 5334 2231 5388 ticum
2256 5346 2456 5397 canere
2482 5340 2615 5385 tunc
2649 5331 2757 5387 dici
2793 5345 3121 5399 possumus,
3153 5326 3380 5398 quando
3436 5324 3646 5391 absque

362 5418 477 5486 κῆς
517 5417 680 5489 ᾠδῆς.
727 5418 818 5471 Ἑν
845 5417 955 5490 γὰρ
984 5420 1105 5484 ταῖς
1139 5420 1469 5475 ἀναδάσεσιν
1534 5423 1585 5476 οἱ
1623 5422 1768 5492 ἆγιοι
1816 5425 1953 5497 πρὸς

2062 5424 2190 5480 ullis
2220 5422 2640 5494 operationibus
2669 5420 2923 5477 veritatis
2958 5429 3176 5476 tantum
3220 5413 3479 5485 mysteria
3506 5427 3644 5467 con-

367 5508 523 5576 μόνῳ
550 5503 628 5577 τῷ
657 5507 889 5579 θεωρεῖν
924 5509 1085 5564 εἰσιν.

2064 5516 2415 5585 templamur,
2450 5513 2627 5570 effecti
2656 5515 2771 5584 jam
2808 5514 2863 5569 in
2890 5527 2954 5567 ea
2985 5526 3044 5565 re
3106 5507 3405 5562 admodum
3433 5503 3643 5574 excrci-

363 5598 472 5653 ιτ.ιί
502 5616 518 5653 :
553 5608 607 5653 et
632 5600 913 5656 canticum
968 5603 1188 5673 psalmi,
1244 5604 1467 5673 quando
1518 5605 1958 5677 praecedentibus
1989 5607 2152 5664 bonis
2182 5608 2521 5673 actionibus,
2559 5608 2612 5661 in
2668 5602 3189 5672 contemplationem
3262 5595 3587 5651 devenimus
3626 5610 3639 5644 τ

359 5695 523 5767 juxta
547 5695 694 5765 quod
758 5695 966 5752 dicitur
1000 5717 1015 5753 :
1049 5697 1360 5769 Concupisti
1391 5699 1713 5770 sapientiam
1749 5716 1766 5755 :
1797 5717 1949 5757 serva
2024 5701 2363 5771 mandatum,
2449 5710 2499 5756 ct
2553 5699 2811 5756 Dominus
2867 5696 2962 5751 tibi
3033 5682 3150 5750 eam
3227 5689 3551 5746 ministrabit
3576 5691 3635 5743 “‘.

480 5878 527 5913 ³⁸
555 5880 678 5935 Act.
707 5893 810 5945 νιι,
850 5878 917 5935 46
1018 5880 1061 5913 ¹⁶
1092 5879 1263 5935 Eccli.
1296 5896 1335 5949 ι,
1369 5881 1459 5935 55.
