4146 6478
526 426 557 483 5
569 427 598 487 J
1316 470 1321 475 .
1760 411 2115 476 EUTHYMI

2216 409 2563 473 EIGABENI
3738 404 3814 465 60

478 574 495 599 κ,
520 537 800 592 Ρ.;ειιιιιιιηὶ
835 537 1003 592 etiam
1037 535 1239 591 cantici
1272 542 1401 590 tunc
1435 549 1562 589 vere
1592 528 2114 600 canimus,quando
2155 526 2647 596 contemplatione,
2713 524 2929 580 occulta
3003 522 3251 594 quaedam
3295 536 3431 616 qua:
3490 518 3556 616 ad
3620 534 3813 616 lno-nes

520 632 815 702 pertinent,
881 630 1039 685 nobis
1115 629 1414 692 revelantc,
1446 641 1550 680 nos
1615 624 1669 678 iu
1733 638 1927 677 eorum
1988 618 2363 688 operationem
2425 616 2793 687 procedimus.
2867 615 2977 668 llac
3027 613 3239 668 ratione
3291 611 3543 702 fortassis
3607 608 3811 679 psalmi

522 701 698 794 primo
735 724 879 787 loco,
907 731 963 776 et
991 721 1193 776 dein-le
1225 719 1444 773 cantica
1479 716 1746 771 collocata
1780 720 1914 768 sunt
1941 725 1954 762 :
1979 720 2105 761 cum
2146 704 2337 759 deccat
2376 714 2436 759 ut
2487 720 2583 775 per
2609 706 2856 759 actiones
2920 705 2987 758 ad
3077 701 3592 769 contemplationem
3648 714 3814 753 acce-

520 820 735 872 damus.
776 815 947 870 Multa
969 814 1116 869 enim
1152 813 1370 868 cantica
1401 810 1677 865 habentur
1714 806 1866 861 circa
1932 802 2096 856 linem
2141 798 2287 863 libri,
2360 813 2550 852 verum
2628 796 2721 851 ubi
2748 797 2952 867 gradus
3007 808 3117 863 est,
3181 812 3279 851 seu
3336 809 3622 861 assensus,
3686 794 3811 847 illic

520 929 791 983 nusquam
824 919 912 965 est
944 904 1951 981 psalmus,nequeetiamconjunctus
1985 911 2110 952 cum
2152 895 2418 960 cantico;
2460 895 2639 951 sancti
2699 896 2844 950 enim
2916 893 3019 949 viri
3072 894 3126 948 in
3176 893 3602 948 ascensionibus
3661 904 3814 946 con-

520 1008 862 1078 templationi
900 1016 1113 1061 tantum
1150 1007 1346 1061 intenti
1382 1013 1535 1060 sunt.
2436 1082 2441 1083 ν
2544 1077 2573 1083 _
2667 1078 2690 1083 _
2843 1081 2892 1083 4
2938 1080 2950 1083 Α
3149 1080 3159 1083 _
3191 1081 3227 1083 __
3255 1074 3267 1083 .

594 1077 735 1157 sunt
769 1101 861 1170 qui
902 1100 1153 1164 Esdram,
1207 1108 1263 1153 et
1306 1098 1400 1153 alii
1442 1100 1534 1167 qui
1572 1096 1869 1152 Ezechiam
1927 1094 2112 1148 dicant

2289 1083 2355 1136 Οἱ
2392 1082 2491 1153 μὲν
2515 1077 2607 1136 οὖν
2639 1078 2793 1134 εἷπον
2828 1080 3087 1148 Ἐσδραν,
3114 1080 3163 1133 oi
3185 1077 3535 1145 δὲ”Εζεκίαν
3563 1095 3813 1147 συναγα-

525 1195 767 1263 psalmos
809 1193 863 1246 in
924 1208 1094 1246 unum
1154 1191 1465 1261 collegisse,
1517 1190 1611 1260 qui
1691 1189 2007 1245 centenario
2058 1198 2116 1243 et

527 1286 1006 1357 quinquagenario
1061 1299 1291 1363 numero
1342 1284 1727 1339 continentur.
1753 1283 1812 1337 In
1838 1297 1948 1352 quo
2004 1297 2113 1337 nu-

532 1392 685 1432 mero
718 1388 774 1431 et
837 1374 1356 1445 quinquagenarius
1414 1388 1683 1429 numerus
1754 1373 2114 1428 Pentecostes

530 1469 742 1531 dictus,
777 1476 942 1535 atque
969 1465 1037 1519 ab
1078 1464 1323 1520 Hebraeis
1360 1476 1683 1531 veneratus,
1715 1464 1986 1545 cernitur,
2016 1480 2116 1533 per

534 1559 914 1614 hebdomadas
977 1556 1449 1611 hebdomadarum
1480 1556 1787 1626 perfectus,
1819 1555 1873 1610 id
1907 1564 1992 1611 est
2025 1571 2115 1611 se-

526 1650 784 1720 ptenario
812 1647 1240 1718 multiplicatus,
1263 1658 1320 1704 et
1373 1647 1669 1703 Trinitatis
1720 1650 1931 1717 pariter
1974 1664 2112 1704 con-

527 1738 786 1806 templari
813 1744 994 1806 potest
1023 1737 1371 1808 mysterium,
1402 1736 1587 1792 addita
1618 1738 1874 1794 videlicet
1900 1740 2114 1794 unitate

526 1837 749 1895 propter
786 1841 950 1881 unam
984 1842 1107 1896 qua:
1140 1835 1227 1882 est
1269 1828 1323 1882 in
1379 1829 1559 1885 tribus
1610 1832 1862 1901 personis
1930 1832 2113 1885 unita-

525 1932 659 1973 tem.
684 1917 989 1972 Cantorum
1018 1927 1258 1987 quatuor
1292 1927 1451 1976 erant
1504 1920 1804 1991 principes,
1873 1931 2112 1992 quatuor

523 2007 710 2063 choris
754 2007 1020 2077 praat‘ecti,
1048 2008 1118 2064 ob
1148 2010 1371 2065 totidem
1398 2012 1587 2066 mundi
1622 2013 1868 2077 climata,
1892 2014 1958 2067 ad
1989 2029 2112 2084 quae

527 2100 870 2169 psalmorum
897 2116 1065 2157 voces
1098 2111 1445 2171 perventum
1471 2113 1651 2159 erant.
1714 2104 2112 2177 Unusquisque

524 2198 708 2243 autem
745 2190 973 2259 chorus,
1000 2207 1066 2247 ex
1094 2193 1311 2251 duobus
1329 2202 1384 2250 et
1408 2199 1758 2267 septuaginta
1788 2199 2112 2255 cantoribus

524 2283 815 2338 constabat
843 2301 857 2336 :
891 2291 951 2338 ut
977 2284 1202 2354 quidam
1240 2288 1547 2342 retulerunt
1573 2305 1633 2345 se
1666 2291 1809 2360 apud
1852 2290 2111 2348 Hebraeos

527 2371 748 2441 legisse,
769 2373 926 2443 juxta
951 2375 1361 2444 proportionem
1395 2393 1460 2432 ac
1483 2394 1772 2433 numerum
1797 2380 2107 2450 linguarum

2219 1177 2339 1250 γεῖν
2369 1174 2497 1238 τοὺς
2525 1173 2799 1243 ψαλμοὺς,
2830 1174 2911 1235 είς
2948 1173 3143 1227 ἑκατὸν
3173 1175 3269 1227 καὶ
3301 1174 3643 1243 πεντήκοντα
3677 1189 3816 1225 συν-

2219 1244 2681 1339 αριθμουμὲνους.
2722 1267 2889 1339 Ὁμοῦ
2917 1267 3028 1338 γὰρ
3060 1270 3088 1321 ὁ
3122 1268 3256 1338 παρ’
3290 1268 3566 1338 Ἑϐραίοις
3601 1268 3814 1321 ὲνθεω-

2222 1363 2391 1430 ρεῖται
2468 1361 2785 1431 τιμώμενος
2836 1360 3074 1432 ἀριθμὸς
3129 1361 3228 1429 τῆς
3271 1359 3674 1430 Πεντηκοστῆς,
3701 1396 3709 1403 -
3736 1361 3809 1414 δι’

2218 1453 2513 1523 ἑϐδομάδος
2543 1453 2856 1522 ἑϐδομάδων
2897 1452 3429 1523 συμπεραινόμενος,
3453 1452 3589 1521 ὁμοῦ
3620 1452 3679 1505 δὲ
3708 1451 3810 1504 καὶ

2218 1542 2278 1596 τὸ
2333 1542 2432 1611 τῆς
2486 1540 2717 1613 Τριάδος
2773 1542 3259 1613 συνεπιθεωρεῖται
3321 1543 3643 1612 μυστήριον,
3700 1542 3810 1609 τῆς

2222 1634 2447 1703 μονάδος
2483 1634 2598 1686 ὲκεῖ
2626 1634 3084 1705 προστιθεμένης,
3115 1633 3203 1687 διὰ
3237 1633 3337 1704 τὴν
3364 1634 3492 1704 μίαν
3526 1634 3586 1686 ὲν
3619 1634 3810 1704 τρισὶν

2218 1722 2536 1795 προσώποις
2565 1723 2831 1793 Θεόττιτα.
2882 1723 3160 1792 Τέσσαρες
3201 1722 3258 1775 δὲ
3302 1723 3354 1775 οἱ
3389 1722 3644 1794 άρχῳδοὶ,
3678 1737 3815 1775 τεσ-

2218 1816 2402 1883 σάρων
2425 1816 2721 1887 ἡγούμενοι
2751 1815 2948 1887 χορῶν,
2971 1815 3061 1868 διὰ
3090 1813 3160 1866 τὰ
3193 1813 3287 1868 τοῦ
3317 1815 3525 1883 κόσμου
3553 1814 3812 1884 τέσσαρα

2215 1909 2479 1976 κλίματα,
2527 1901 2602 1963 ὧν
2655 1909 2784 1980 ἄχρι
2832 1908 3157 1977 διαδραμεῖν
3205 1906 3430 1977 ἔμελλον
3467 1907 3517 1958 οἱ
3566 1905 3807 1975 ψαλμοί.

2227 2005 2322 2056 Ἐκ
2363 2003 2457 2056 δύο
2505 2003 2564 2055 δὲ
2624 2009 2719 2057 καὶ
2771 1998 3146 2071 ἑϐδομήκοντα
3204 2001 3365 2071 χορὸς
3420 2001 3680 2062 ἕκαστος,
3730 1999 3812 2062 ὡς

2217 2094 2429 2162 ἔφασάν
2488 2111 2656 2157 τινες,
2709 2093 2819 2146 ἀπὸ
2879 2092 2976 2145 τοῦ
3020 2091 3313 2162 Ἐϐραῖκοῦ
3378 2091 3811 2160 ἀναλεξάμενοι,

2215 2191 2358 2242 κατὰ
2394 2187 2693 2255 ἀναλογίαν
2723 2186 2834 2238 τῶν
2869 2186 3262 2253 συγχυθεισῶν,
3293 2185 3326 2256 ἢ
3365 2185 3565 2254 μᾶλλον
3585 2185 3812 2255 διακρι-

2214 2280 2413 2333 θεισῶν
2463 2283 2521 2332 ὲν
2562 2281 2624 2349 τῇ
2657 2282 2996 2351 πυργοποιίᾳ
3026 2280 3312 2345 γλωσσῶν,
3362 2279 3449 2332 διὰ
3484 2280 3545 2332 τὸ
3577 2279 3809 2346 μέλλειν

2217 2375 2398 2425 πᾶσαν
2426 2371 2700 2440 γλῶσσαν,
2734 2371 2883 2443 ᾅδειν
2912 2374 3041 2434 τοὺς
3064 2371 3348 2433 τοιούτους
3378 2369 3661 2439 ψαλμούς.
3699 2370 3815 2423 Καὶ

523 2477 646 2532 quae
688 2464 740 2516 in
800 2462 1148 2535 Babylonica:
1187 2467 1360 2521 turris
1421 2468 1782 2523 aediﬁcatione
1841 2444 2107 2536 confusae,

2216 2467 2261 2518 οἱ
2315 2465 2414 2533 μὲν
2455 2464 2606 2518 ἄλλοι
2683 2464 2948 2533 σάλπῖγγι
2991 2465 3083 2518 καὶ
3124 2464 3395 2533 τυμπάνῳ
3443 2466 3537 2518 καλ⁸
3578 2465 3817 2535 ὀργάνῳ

526 2569 622 2609 seu
644 2556 828 2624 potius
850 2555 1042 2627 divisa:
1083 2556 1324 2611 fuerunt.
1361 2556 1635 2612 Futurum
1689 2561 1834 2615 enim
1880 2568 2018 2623 erat,
2050 2572 2110 2617 ut

526 2650 712 2705 omnis
763 2649 951 2720 lingua
996 2650 1315 2720 huiusmodi
1369 2651 1614 2720 psalmos
1673 2651 2012 2706 decantaret.
2042 2652 2111 2708 Et

528 2741 622 2796 alii
656 2740 879 2809 quidem
943 2750 1230 2796 cantorum
1295 2743 1449 2810 tuba,
1513 2754 1796 2815 tympano,
1879 2759 2107 2812 organo,

526 2833 817 2904 cymbalis,
871 2832 1016 2903 lyra,
1067 2839 1157 2886 aut
1203 2835 1457 2904 cythara,
1523 2836 1686 2889 dulce
1739 2851 1803 2890 ac
1867 2837 2110 2891 suaviter

526 2926 838 2980 canebant:
868 2924 1035 2979 David
1064 2940 1196 2980 vero
1247 2927 1456 2996 regium
1487 2928 1734 2997 psalterii
1771 2929 2110 2983 instrumen-

527 3026 645 3073 tum
683 3017 924 3073 tenebat.
957 3015 1148 3083 Tubze,
1204 3019 1440 3090 syringae
1489 3034 1552 3073 ac
1599 3020 1795 3075 ﬁstulae
1824 3020 2108 3085 inﬂantur,

528 3110 647 3180 lyra
677 3115 731 3162 et
757 3108 984 3178 cythara
1011 3100 1400 3170 intenduntur,
1434 3110 1683 3179 cymbala
1740 3118 1794 3165 et
1850 3120 2111 3181 tympana

531 3199 844 3269 pulsantur,
885 3210 938 3253 et
966 3200 1073 3253 alia
1129 3215 1475 3271 quaecunque
1529 3217 1727 3257 sonum
1775 3205 1959 3272 potius
2017 3206 2113 3259 ha-

527 3287 658 3342 bent
693 3303 859 3357 quam
892 3302 1080 3342 vocem
1117 3292 1476 3356 :psalterium
1555 3307 1706 3357 vero,
1761 3294 1905 3363 quod
1945 3295 2109 3348 etiam

528 3379 730 3434 alicubi
770 3368 1012 3450 cinyram
1041 3390 1094 3436 et
1115 3381 1396 3452 cytharam
1446 3391 1500 3435 et
1554 3383 1727 3453 lyram
1795 3384 2097 3453 appellant,

529 3470 596 3524 ad
631 3472 683 3526 id
716 3487 892 3542 genus
924 3474 1423 3527 instrumentorum
1479 3477 1741 3544 pertinet,
1778 3492 1897 3543 qua!
1928 3480 2112 3532 inten-

529 3562 760 3618 duntur.
795 3565 890 3618 Est
925 3576 1106 3619 tamen
1155 3566 1583 3620 instrumentum
1634 3569 1739 3622 hoc
1792 3578 2025 3635 rectum,
2056 3581 2110 3626 et

529 3668 768 3721 superne
790 3669 986 3709 causas
1016 3655 1176 3708 habet
1215 3656 1358 3710 unde
1382 3658 1597 3711 emittat
1620 3673 1817 3714 voces:
1850 3652 1913 3714 ea
1952 3661 2114 3714 nimi-

530 3758 652 3796 rum
687 3745 922 3808 ratione,
966 3752 1026 3798 ut
1079 3744 1439 3801 addiseamus
1469 3757 1524 3802 et
1551 3763 1672 3811 nos,
1741 3751 1874 3805 recti
1922 3752 2108 3806 consi-
2136 3778 2180 3841 Ο

538 3841 710 3898 atere,
746 3850 1099 3904 supernaque
1132 3851 1196 3890 ac
1229 3838 1476 3892 coelestia
1513 3840 1792 3905 meditari,
1857 3850 2021 3911 atque
2053 3851 2112 3897 ut

530 3926 637 3981 hoc
669 3939 832 3997 pacto
865 3927 1168 3983 ciliciamur
1195 3930 1485 3998 spirituale
1518 3932 1862 4000 psalterium,
1884 3949 2117 3990 consen-

534 4019 704 4073 tiente
748 4020 892 4072 intra
933 4034 1035 4073 nos
1067 4020 1119 4072 in
1147 4037 1316 4075 unum
1343 4022 1522 4075 anima
1556 4034 1611 4077 et
1663 4038 1937 4094 corpore:
1968 4026 2116 4095 ipso-

531 4123 638 4179 que
683 4116 876 4164 sancto
926 4110 1159 4179 Spiritu,
1237 4112 1405 4165 veluti
1480 4115 1820 4181 peritissimo
1875 4119 2112 4187 quodam

532 4200 769 4262 artitice,
807 4202 1064 4270 pulsante
1099 4217 1200 4257 nos
1237 4218 1301 4257 ac
1321 4206 1664 4273 percutiente
1694 4223 1707 4260 :
1739 4207 1927 4262 decem
1978 4224 2111 4264 vero

528 4292 672 4347 clavi
710 4293 764 4345 in
806 4294 980 4363 ipsius
1033 4295 1278 4362 psalterii
1336 4296 1565 4350 brachio
1609 4300 1990 4356 circumvoluti
2030 4303 2117 4355 in-

531 4382 828 4436 tendebant
917 4382 1183 4450 chordas,
1277 4401 1480 4455 easque
1601 4390 1957 4446 remittebant
2046 4395 2112 4447 ad

530 4471 705 4539 ipsius
776 4473 1110 4527 modulantia
1175 4476 1462 4530 arbitrium
1526 4493 1592 4533 ac
1623 4492 1976 4537 concentum.
2043 4485 2114 4538 Et

528 4562 753 4615 dextera
784 4562 1006 4630 quidem
1036 4577 1234 4619 manus
1263 4565 1532 4633 plectrum
1572 4569 1809 4638 tenebat,
1886 4574 2114 4631 sinistra

530 4664 658 4704 vero
751 4650 988 4719 desuper
1077 4662 1432 4712 contrectans
1499 4667 1554 4714 et
1611 4659 2014 4720 circumferens
2081 4671 2293 4732 clavos,

2219 2555 2315 2609 val.
2369 2554 2697 2624 κυμϐάλοις,
2747 2554 2952 2626 ἢλύρᾳ
3012 2556 3104 2608 καὶ
3162 2555 3368 2626 κιθάρᾳ
3431 2555 3820 2625 μελῳδοῦντες

2212 2644 2384 2718 ἦσαν·
2437 2646 2601 2700 Δαϐὶδ
2630 2646 2687 2698 δὲ
2740 2648 2802 2700 τὸ
2847 2646 3128 2717 βασιλικὸν
3172 2649 3423 2718 κατεῖχεν
3455 2648 3721 2718 ὄργα-νον,
3752 2650 3816 2703 τὸ

2211 2740 2531 2810 ψαλτήριον.
2576 2738 2881 2806 Σάλπιγγες
2938 2737 3037 2809 μὲν
3082 2737 3175 2792 οὖν
3222 2739 3316 2791 καὶ
3362 2737 3652 2809 σύριγγες,
3698 2743 3808 2810 ἑμ-

2214 2833 2489 2887 πνευστάο
2530 2831 2668 2901 λύρα
2720 2831 2777 2884 δὲ
2817 2831 2913 2884 καὶ
2969 2831 3194 2903 κιθάρα,
3255 2832 3483 2885 ὲντατά·
3541 2832 3809 2902 κύμϐαλα

2211 2924 2269 2976 δὲ
2295 2924 2391 2976 καὶ
2419 2922 2705 2992 τύμπανα,
2749 2922 2992 2991 κρουστὰ
3014 2963 3029 2982 ,
3063 2924 3159 2975 καὶ
3186 2924 3285 2976 ὅσα
3316 2924 3515 2992 μᾶλλον
3546 2925 3741 2993 ἤχους,
3770 2924 3805 2993 ἢ

2216 3016 2490 3083 φθόγγους
2514 3016 2719 3086 ἔχουσι.
2750 3014 3066 3083 Ψαλτήριον
3102 3015 3180 3079 δὲ,
3217 3015 3245 3067 δ
3283 3017 3378 3067 καὶ
3409 3016 3654 3086 ἀλλαχοῦ
3699 3035 3805 3070 κα-

2214 3108 2367 3162 λοῦσι
2397 3108 2645 3177 κινύραν,
2687 3110 2783 3161 καὶ
2816 3108 3049 3176 κιθάραν
3077 3108 3168 3160 καὶ
3193 3106 3385 3177 λύραν,
3424 3106 3532 3159 τῶν
3561 3108 3807 3161 ἐντατῶν

2217 3201 2318 3271 μὲν
2345 3217 2435 3270 ην.
2459 3200 2629 3269 Πλὴν,
2662 3199 2865 3269 δρθιον,
2896 3199 2990 3251 καὶ
3025 3198 3234 3252 ἄνωθεν
3262 3194 3375 3268 εἶχε
3404 3197 3516 3249 τῶν
3539 3199 3807 3266 φθόγγων

2214 3292 2313 3358 τὰς
2353 3292 2631 3362 ἀφορμὰς,
2685 3291 2773 3343 ἵνα
2824 3290 2922 3343 καὶ
2968 3292 3128 3360 ἡμεῖς
3160 3290 3338 3353 εὐθεῖς
3378 3284 3550 3359 ὦμεν,
3592 3292 3688 3345 καὶ
3734 3291 3807 3345 τὰ

2214 3386 2327 3440 ἄνω
2366 3384 2700 3454 μελετῶμεν,
2750 3383 2845 3436 καὶ
2894 3381 3175 3451 γινώμεθα
3207 3381 3531 3452 ψαλτήριον,
3575 3398 3808 3454 συμφω-

2215 3477 2453 3532 νούντων
2486 3480 2546 3530 ὲν
2577 3478 2712 3545 ἡμῖν
2740 3474 2920 3545 ψυχῆς
2956 3475 3052 3527 καὶ
3095 3474 3367 3543 σώματος,
3404 3474 3498 3526 καὶ⁵
3527 3475 3809 3546 πλήττον-

2215 3586 2304 3632 τος
2334 3570 2486 3640 ἡμᾶς
2529 3565 2619 3622 οἷα
2654 3567 2901 3636 τεχνίτου
2941 3564 3086 3628 τινὸς
3131 3564 3224 3617 τοῦ
3264 3564 3422 3632 ἁγίου
3456 3566 3806 3637 Πνεύματος.

2217 3666 2357 3715 Δέκα
2403 3662 2513 3733 γὰρ
2559 3660 2781 3714 κόλαϐοι
2834 3657 2987 3729 παρὰ
3015 3658 3109 3711 τον
3146 3659 3329 3728 πῆχυν
3380 3658 3475 3710 τοῦ
3522 3657 3806 3731 ψαλτῆρος

2217 3754 2596 3823 στρεφόμενοι,
2640 3751 2846 3805 ἕτεινόν
2894 3768 2952 3803 τε
3011 3749 3107 3803 καὶ⁹
3159 3750 3369 3820 ἐχάλων
3413 3751 3513 3812 τὰς
3577 3753 3803 3822 χορδὰς,

2215 3848 2353 3914 πρὸς
2404 3845 2464 3897 τὸ
2521 3842 2615 3895 τοῦ
2673 3840 3198 3912 μεταχειριζομένου
3260 3840 3509 3911 βούλημα
3552 3844 3651 3895 καὶ
3710 3843 3805 3897 τὸν

2216 3934 2441 4009 ῥυθμόν.
2476 3937 2585 3990 Καὶ
2612 3936 2644 4004 ἠ
2672 3933 2770 4003 μὲν
2800 3934 2947 3997 δεξιὰ
2969 3935 3093 4003 χεὶρ
3149 3936 3369 4003 κατεῖχε
3400 3935 3458 3987 τὸ
3486 3935 3803 4006 πλῆκτρον

2214 4032 2246 4101 ἡ
2281 4030 2326 4083 δ’
2357 4029 2648 4099 ἀριστερὰ,
2676 4025 2784 4077 τῶν
2821 4025 3069 4078 κολάϐων
3100 4024 3310 4078 ἄνωθεν
3343 4026 3685 4097 ὲπαφωμένη
3709 4028 3805 4083 καὶ

2217 4122 2680 4191 περιστρέφουσα,
2717 4115 2906 4187 βαρὺν,
2938 4117 2971 4187 ἢ
3006 4116 3154 4181 όξὶν,
3190 4117 3220 4187 ἢ
3257 4118 3602 4187 κεκραμένον
3634 4119 3805 4189 φθόγ-

2196 4220 2312 4282 ’γον
2334 4212 2642 4281 εἰργάζετο.
2678 4210 2820 4262 Δέκα
2867 4208 2924 4262 δὲ
2969 4210 3166 4280 χορδὰς
3202 4210 3605 4277 ἁντιφθόγγους
3632 4212 3804 4282 ἀλλή-

2218 4305 2326 4365 λως
2360 4299 2498 4372 εἶχε,
2532 4302 2824 4365 διδάσκων,
2854 4300 2937 4353 ὅτι
2973 4301 3055 4353 δεῖ
3096 4302 3190 4354 καὶ
3235 4302 3382 4371 ἡμᾶς
3414 4301 3474 4364 ἐξ
3505 4302 3802 4372 άντιφθόγσ

2220 4413 2332 4464 γων
2355 4394 2562 4466 χορδῶν
2600 4394 2753 4454 δέκα,
2803 4393 2912 4446 τῶν
2943 4393 3043 4462 μὲν
3086 4392 3188 4462 τῆς
3215 4391 3394 4463 ψυχῆς
3431 4392 3595 4446 πέντε
3644 4395 3803 4449 δυνά⁹

2224 4503 2388 4556 μειον,
2423 4486 2584 4538 πέντε
2615 4483 2673 4536 δὲ
2714 4482 2823 4536 τῶν
2851 4482 2946 4534 τοῦ
2985 4481 3238 4552 σώματος
3274 4483 3607 4554 αἰσθήσεων,
3644 4486 3803 4556 ἐναρ-

2225 4578 2406 4647 μόνιον
2440 4574 2597 4645 μέλος
2626 4573 3033 4646 ἀνακρούεσθαι
3059 4573 3135 4645 τῷ
3160 4574 3300 4644 Θεῷ.
3764 4568 3769 4571 ’

2385 4683 2626 4734 gravem,
2702 4676 2795 4719 aut
2862 4673 3103 4730 acutam,
3215 4681 3310 4720 seu
3347 4667 3510 4720 etiam
3581 4669 3801 4722 uiis-tam

527 4760 718 4798 vocem
784 4748 1068 4805 reddebat.
1127 4751 1321 4807 Decem
1389 4768 1654 4825 praeterea
1730 4763 1989 4829 chordas,
2056 4770 2281 4824 vocibus
2350 4770 2454 4825 sibi
2527 4767 2760 4821 invicem
2845 4768 3148 4822 contrariis
3219 4766 3492 4829 habebat,
3547 4780 3613 4819 cx
3694 4778 3802 4831 quo

526 4838 814 4899 docemur,
852 4850 1109 4910 oportere
1140 4858 1352 4908 nos,ex
1383 4848 1574 4905 decem
1607 4853 1709 4907 sibi
1769 4866 1963 4912 mutuo
1997 4861 2424 4917 adversantibus
2490 4859 2740 4924 chordis,
2782 4874 2847 4913 ex
2921 4858 3167 4928 quinque
3235 4858 3481 4927 corporis
3544 4859 3801 4914 sensibus

530 4931 940 4987 harmoniacum
985 4943 1040 4989 et
1086 4940 1420 4994 concinnum
1458 4953 1680 5000 cantum
1738 4953 1791 5001 in
1847 4952 1947 5006 hac
1997 4956 2108 5007 vita
2151 4956 2609 5024 lloopx-mludere.

598 5023 941 5078 Psahnorum
1001 5029 1251 5085 ordoille
1293 5035 1531 5103 amplius
1600 5052 1711 5091 non
1778 5051 1884 5103 est,
1958 5045 2112 5113 quia
2148 5051 2188 5104 D

528 5116 805 5186 principio
835 5116 962 5180 fuit,
995 5121 1218 5188 quando
1245 5121 1400 5180 fuere
1437 5129 1743 5198 conscripti
1778 5147 1795 5185 :
1866 5149 1964 5188 nec
2030 5144 2112 5189 ta-

528 5224 652 5263 men
675 5224 833 5275 easu,
862 5221 957 5267 aut
982 5213 1216 5271 fortuito
1244 5217 1566 5287 huiusmodi
1599 5223 1737 5275 ordo
1790 5223 1955 5279 datus
2006 5237 2115 5290 est,

529 5304 625 5359 sed
648 5307 833 5374 potius
860 5321 929 5361 ex
976 5307 1397 5378 dispensatione
1455 5313 1661 5378 divina,
1728 5330 1853 5384 quae
1910 5332 2115 5373 conse-

530 5400 817 5466 quentium
853 5410 1164 5471 temporum
1198 5403 1403 5458 nullam
1444 5405 1636 5461 habuit
1662 5409 2115 5465 rationem.Nam

529 5494 992 5560 quemadmodum
1031 5496 1086 5549 in
1112 5495 1351 5560 artibus,
1385 5504 1499 5551 tam
1562 5497 1781 5555 factivis
1830 5518 1996 5573 quam
2029 5518 2122 5558 ra-

532 5581 851 5647 tionalibus,
884 5587 991 5640 alia
1023 5595 1109 5642 est
1171 5587 1668 5645 instrumentorum
1727 5602 1782 5647 et
1839 5610 2116 5651 canonum

532 5671 776 5728 inventio
799 5684 856 5731 et
880 5678 1040 5744 ordo,
1074 5688 1241 5750 atque
1276 5682 1417 5737 alius
1468 5684 1637 5738 etiam
1701 5700 1892 5740 corum
1960 5703 2114 5753 usus,

535 5765 688 5828 iuxta
745 5768 859 5837 ipsa
898 5778 1148 5841 tempora
1204 5773 1470 5829 nimirum
1528 5785 1623 5831 aut
1687 5779 1870 5832 varias
1932 5794 2117 5834 rerum

538 5857 782 5912 rationes
837 5860 1003 5928 (alius
1055 5864 1200 5917 enim
1252 5865 1508 5923 fortassis
1562 5868 1812 5924 medicus
1880 5874 2116 5940 primurn

2304 5045 2366 5100 Ἥ
2399 5047 2454 5098 δὲ
2497 5046 2604 5098 τῶν
2650 5043 2881 5114 ψαλμῶν
2927 5043 3101 5107 τάξις,
3160 5041 3278 5096 οὗθ’
3327 5041 3404 5106 ὡς
3456 5044 3577 5096 κατ’
3628 5044 3800 5115 ἀρχὰς

2216 5138 2574 5209 ἐποιήθησαν,
2607 5135 2732 5188 οὔτε
2764 5136 2870 5204 μὴν
2898 5135 2973 5199 ὡς
3009 5137 3220 5204 ἔτυχεν,
3253 5134 3389 5189 ἀλλὰ
3419 5135 3627 5205 μᾶλλον
3657 5141 3795 5191 οἰγο-

2217 5234 2436 5304 νομικὴ,
2474 5233 2639 5303 μηδὲν
2663 5232 2766 5300 τῆς
2808 5232 3067 5302 χρονικῆς
3093 5231 3530 5301 ἐπιστρεφομένη
3574 5232 3798 5285 ἀκολουο

2214 5315 2369 5388 θίας·
2430 5323 2685 5392 καθάπερ
2739 5322 2851 5391 γὰρ
2923 5322 3016 5375 ἐπὶ
3074 5322 3184 5375 τῶν
3244 5322 3419 5375 ἄλλων
3475 5324 3799 5393 πρακτικῶι

2215 5414 2485 5487 τεχνῶνῆ
2525 5415 2782 5483 λογικῶν,
2843 5413 3006 5485 ἑτέρα
3043 5415 3168 5486 μὲν,
3209 5415 3242 5486 ἢ
3291 5416 3400 5469 τῶν
3448 5415 3722 5485 ὀργάνων,
3766 5418 3798 5485 ἣ

2215 5506 2324 5559 τῶν
2351 5505 2595 5558 κανόνων
2621 5504 2840 5575 εὕρεσις
2878 5507 2970 5558 καὶ
2999 5505 3179 5569 τάξις·
3224 5508 3387 5576 ἑτέρα
3418 5507 3496 5572 δὲ,
3533 5510 3566 5577 ἡ
3602 5508 3796 5576 χιρῆσος

2218 5599 2372 5669 παρὰ
2423 5599 2549 5660 τοὺς
2597 5598 2844 5666 καιροὺς.
2905 5596 3039 5667 ἢτὰ
3089 5596 3428 5666 πράγματα’
3476 5601 3567 5649 καὶ
3620 5600 3649 5649 ὀ
3699 5598 3798 5665 μὲν

2218 5693 2408 5759 τέμνει
2431 5691 2591 5760 τυχὸν
2626 5689 2869 5761 πρῶτον,
2898 5689 2928 5739 ὁ
2972 5688 3030 5740 δὲ
3076 5693 3445 5758 φαρμακεύει,
3485 5685 3595 5741 ὁδὲ
3631 5691 3794 5758 χρίει,

2219 5784 2314 5835 καὶ
2347 5784 2375 5834 ό
2412 5782 2511 5850 μὲν
2539 5780 2695 5848 φοϐεῖ
2730 5779 3013 5848 πρότερον,
3046 5783 3072 5831 ό
3115 5780 3170 5833 δὲ
3217 5781 3554 5851 παρακαλεῖ,
3588 5784 3679 5831 καὶ
3717 5782 3778 5832 οὺ

2216 5872 2307 5924 δὲν
2357 5873 2432 5942 τῷ
2485 5871 2700 5942 τεχνὶτῃ
2759 5868 2911 5932 μέλει
2962 5868 3058 5938 τῆς
3092 5872 3313 5924 exs-iven-
3362 5872 3599 5941 τάξεως*
3660 5868 3793 5924 ἀλλὰ
