4146 6466
306 427 383 491 61
1497 427 1884 492 COMMENT.
1931 430 2017 491 ΙΝ
2045 432 2410 496 PSALMOS.
3532 436 3603 499 6?

308 543 528 611 πρῶτον
566 540 644 612 (5)
674 540 813 595 αὐτὸ
836 542 992 595 δοκεῖ
1015 540 1079 594 τδ
1120 542 1264 597 κατὰ
1299 540 1489 610 χρείαν
1528 542 1560 613 ἢ
1592 541 1843 612 δύναμιν.
1877 542 1906 594 ὃ

2012 542 2227 607 incidit,
2252 545 2394 600 alius
2428 543 2789 614 pharmacum
2828 552 3061 613 praestat
3098 554 3154 603 et
3190 546 3349 615 ungit
3402 562 3415 599 :
3457 546 3599 606 alius

309 634 465 697 τάξιν
508 632 750 686 ἄτακτον
798 633 1059 702 λέγομεν,
1095 634 1233 703 πρὸς
1264 633 1324 685 τὸ
1348 634 1549 685 οἰκεῖον
1584 635 1902 704 συμφέρον’

306 724 456 778 οὕτω
479 724 571 778 καὶ
606 724 688 796 τῷ
732 723 996 796 ἡμετέρῳ
1039 724 1278 794 τεχνίτῃ,
1313 723 1390 794 τῷ
1426 725 1569 794 ἁγίῳ
1602 725 1901 795 Πνεύματι,

307 817 488 886 μηδὲν
517 816 613 883 τῆς
660 816 916 885 ἱστορίας
952 816 1220 886 μελῆσαν,
1250 816 1352 885 τῆς
1381 816 1649 884 ὠφελείας
1680 817 1788 870 τῶν
1815 820 1904 871 ἐν·

307 906 692 976 τυηανόντων
744 907 1043 976 ἰμέλησεν,
1089 906 1183 959 καὶ
1226 907 1376 971 ὅπως
1401 906 1464 960 τὸ
1495 908 1592 976 τῆς
1627 908 1905 978 ἡμετέρας

308 997 539 1066 ἄγαλμα
566 997 750 1067 ψυχῆς
772 997 957 1067 τλυφῇ
992 1000 1139 1050 κατὰ
1163 998 1506 1069 τρόπονςκαὶ
1540 1000 1678 1069 πρὶς
1708 999 1905 1063 κάλλος

309 1087 619 1158 ἁποξεσθῇ,
649 1091 746 1142 καὶ
776 1090 932 1153 τέλος
967 1090 1233 1159 μορφωθῇ
1258 1089 1392 1160 πρὸς
1427 1090 1582 1145 Θεόν.
1611 1090 1710 1144 Διὰ
1746 1091 1905 1145 τοῦτο

311 1174 512 1242 πρῶτα
544 1176 644 1244 μὲν
675 1176 734 1228 ὲν
783 1175 863 1245 τῷ
897 1173 1102 1244 πρώτῳ
1139 1175 1337 1245 ψαλμῷ
1365 1177 1464 1246 τῆς
1497 1176 1751 1239 ἀσεϐείας
1784 1179 1903 1247 ἅμα

307 1268 413 1318 καὶ
471 1265 752 1336 ἁμαρτίας
802 1267 1256 1339 ἀπορρήγνυσιν·
1310 1268 1368 1320 ἐν
1407 1268 1465 1321 δὲ
1513 1268 1589 1336 τῷ
1638 1270 1900 1341 δευτέρῳ,

308 1358 466 1420 τίνος
500 1357 672 1427 ἐσμὲν
715 1357 943 1428 κλῆρος,
996 1358 1091 1411 καὶ
1134 1358 1239 1410 τίνι
1272 1358 1747 1428 προσκολληθῆναι
1783 1360 1902 1413 δέον

308 1449 705 1503 ἀποδεικνύειο
749 1451 809 1503 ἐν
858 1449 917 1502 δὲ
968 1449 1051 1520 τῷ
1094 1451 1282 1522 τρίτῳ,
1332 1451 1430 1519 τὴν
1460 1451 1602 1504 κατὰ
1633 1451 1743 1504 τῶν
1781 1450 1900 1520 Θεῷ

309 1540 841 1612 προσκολληθέντων
869 1541 1165 1611 ἐπιϐουλήν
1197 1558 1256 1594 τε
1305 1540 1395 1595 καὶ
1423 1542 1731 1611 προσϐολὴν
1763 1561 1901 1612 προ-

308 1633 467 1701 λέγει
493 1632 589 1685 τοῦ
622 1633 941 1698 ἀντιπάλου,
974 1634 1068 1686 καὶ
1093 1633 1325 1701 καθεξῆς
1350 1633 1448 1696 τὰς
1471 1634 1769 1704 Θεραπείας
1792 1637 1901 1688 τῶν

306 1725 374 1776 ἐν
408 1726 545 1794 ἡμῖν
580 1725 793 1789 παθῶν,
830 1726 863 1795 ἢ
901 1725 1220 1795 προσϐολῶν
1255 1725 1599 1794 ὑποτίθησιν.

2010 635 2272 691 similiter
2296 636 2388 691 hic
2414 639 2654 706 primum
2710 647 3004 707 perterret,
3068 640 3163 695 ille
3217 639 3597 695 consolatur:

2010 726 2214 797 quippe
2249 744 2373 783 cum
2439 729 2636 785 artiﬁci
2664 730 2802 785 ordo
2833 744 2979 785 cura:
3027 746 3138 785 non
3167 731 3262 796 sit,
3316 732 3414 787 sed
3466 732 3598 787 illud

2009 819 2253 888 primum
2291 821 2363 875 ab
2392 836 2458 875 eo
2484 821 2785 889 indicetur,
2818 821 2968 892 quod
3005 823 3056 875 vi
3119 838 3185 878 ac
3238 824 3447 879 virtute
3500 840 3601 879 sua

2010 912 2165 965 novit
2192 927 2319 968 esse
2344 914 2707 983 praecipuum,
2757 924 2815 970 et
2863 914 3081 970 vulneri
3138 916 3227 971 cui
3281 916 3597 986 applicatur

2009 1002 2268 1058 conferre
2296 1022 2310 1060 :
2342 1020 2506 1074 quam
2537 1022 2678 1069 rem,
2708 1007 2957 1062 ordinem
2986 1007 3194 1077 absque
3220 1007 3416 1063 ordine
3454 1008 3599 1063 sole-

2008 1110 2132 1151 mus
2161 1097 2488 1166 appellare),
2519 1099 2599 1153 sic
2627 1107 2683 1153 et
2706 1114 2924 1154 summo
2948 1099 3078 1153 huic
3147 1108 3339 1156 nostro
3393 1086 3598 1155 artiiiei

2009 1194 2203 1240 sancto
2229 1187 2444 1243 scilicet
2485 1188 2740 1257 Spiritui,
2769 1205 2918 1243 cura:
2958 1189 3093 1253 l‘uit,
3154 1205 3265 1244 non
3327 1191 3478 1259 quod
3530 1192 3598 1245 ad

2009 1275 2323 1344 historiam,
2348 1278 2444 1334 sed
2480 1280 2624 1349 quod
2662 1280 2728 1334 ad
2763 1281 3058 1351 legentium
3089 1281 3385 1334 utilitatem
3423 1281 3600 1350 perti-

2007 1379 2187 1434 neret,
2254 1376 2423 1438 atque
2456 1378 2513 1423 ιιι
2549 1371 2664 1425 hinc
2691 1371 2892 1426 anima:
2920 1381 3124 1427 nostra:
3190 1372 3391 1443 imago,
3435 1381 3494 1425 ut
3524 1373 3600 1428 ita

2007 1459 2210 1524 dicam,
2247 1469 2571 1524 autstatua,
2617 1460 2684 1516 ad
2728 1477 2913 1518 mores
2964 1463 3331 1533 sculperetur,
3381 1463 3446 1517 ad
3481 1463 3600 1532 pul-

2006 1551 2375 1605 chritudinem
2407 1553 2768 1623 erpoliretnr,
2831 1569 2896 1609 ac
2927 1555 3153 1609 tandem
3190 1555 3520 1611 formarctur
3543 1553 3600 1609 in

2012 1641 2207 1695 Deum.
2243 1642 2324 1697 Ob
2350 1644 2493 1698 hanc
2525 1661 2751 1699 causam
2793 1649 3080 1716 propheta.
3123 1646 3176 1700 in
3236 1648 3419 1717 primo
3478 1645 3601 1714 qni-

2010 1731 2134 1786 dem
2189 1736 2425 1803 psalmo,
2477 1738 2548 1791 ab
2599 1738 2881 1808 impietate
2932 1720 3172 1806 primum
3236 1753 3338 1792 nos
3380 1747 3602 1806 separat

308 1824 370 1871 et
401 1832 431 1869 a
477 1818 725 1886 peccatis
787 1833 801 1869 :
831 1817 885 1871 in
919 1816 1164 1872 secundo
1228 1828 1408 1875 autem
1441 1817 1896 1874 subdemonstrat
1935 1822 2092 1893 cujus
2123 1826 2421 1882 lxmrcditas
2458 1829 2655 1892 simus,
2695 1830 2896 1898 cuique
2921 1828 3203 1883 adhaerere
3263 1836 3316 1881 et
3380 1824 3599 1896 adiungi

309 1916 694 1977 uosoporteat
728 1927 741 1963 :
776 1908 833 1963 in
870 1908 1060 1975 tertio,
1102 1909 1348 1978 prmdicit
1402 1909 1637 1965 insidias
1686 1921 1741 1967 et
1804 1928 2137 1984 congressus
2201 1917 2433 1980 inimici,
2503 1921 2764 1973 adversus
2821 1934 2915 1973 eos
2988 1918 3080 1988 qui
3149 1918 3260 1973 Deo
3316 1916 3599 1986 conjuncti

310 2009 448 2054 sunt
475 2016 491 2053 :
515 1999 714 2054 deinde
745 1999 1069 2054 sanationes
1097 2008 1149 2053 et
1178 2014 1343 2055 curas
1396 2000 1742 2069 passionum,
1771 2019 1894 2070 qua:
1935 2005 1991 2059 in
2029 2006 2189 2059 nobis
2223 2006 2433 2071 insunt,
2467 2015 2521 2062 et
2566 2006 2964 2070 calamitatum,
3027 2007 3278 2077 sultjicit.

390 2092 555 2146 Ἐστι
601 2089 658 2144 δὲ
713 2090 808 2145 καὶ
838 2090 997 2158 λόγος
1047 2090 1255 2160 ἕτερος,
1306 2091 1388 2142 ὅτι
1442 2092 1573 2145 ποτὲ
1625 2092 1736 2145 τῶν
1778 2095 1906 2148 ’1ου-

2084 2096 2180 2153 Est
2230 2107 2281 2149 et
2306 2098 2412 2152 alia
2444 2107 2707 2168 praetcrea
2758 2097 2922 2168 hujus
2952 2098 3163 2153 ordinis
3201 2098 3363 2150 ratio.
3396 2094 3600 2151 Juda'is

310 2183 485 2238 δαίων
537 2185 1074 2257 καταφρονησάντων
1139 2183 1231 2236 τοῦ
1287 2182 1448 2246 Θεοῦ,
1507 2186 1602 2238 καὶ
1650 2185 1759 2238 τῶν
1803 2204 1911 2240 πα-

309 2277 488 2345 τρίων
542 2275 682 2329 ἰθῶν
727 2275 1002 2331 λαὸὁντων
1058 2274 1231 2346 λήθην
1255 2314 1270 2333 .
1322 2275 1418 2328 καὶ
1480 2276 1616 2330 πολὺ
1673 2278 1910 2346 μάλιστα

309 2368 427 2422 τῶν
468 2366 704 2438 Γραφῶν
744 2366 1139 2438 παρερῤύησαν
1194 2368 1248 2419 αἱ
1295 2366 1502 2436 βίϐλοι,
1555 2368 1650 2421 καὶ
1696 2368 1913 2436 διεφθά-

315 2476 522 2530 ρησαν.
580 2459 849 2527 ’Ὕστερον
897 2459 954 2510 δὲ
1008 2457 1141 2530 περὶ
1196 2458 1295 2525 τὴν
1366 2457 1692 2527 συναγωγὴν
1733 2459 1913 2511 αὐτῶν

313 2550 652 2614 σπουδάσας.
714 2550 823 2603 εἴτε
874 2549 1134 2618 Ἔσδρας,
1177 2550 1287 2601 εἴτε
1340 2546 1610 2614 Ἑζεκίας,
1666 2549 1759 2602 καὶ
1810 2551 1911 2602 οὐκ

312 2645 558 2715 ἁθρόως.
583 2643 721 2696 ἀλλὰ
754 2640 879 2696 καθ’
923 2640 1024 2694 ἕνα
1070 2639 1291 2702 τούτους
1323 2639 1739 2711 ἀναλεγόμενος,
1775 2642 1911 2713 πρὸς

312 2736 409 2788 τὶν
435 2736 628 2807 χρόνον
660 2737 760 2804 τῆς
788 2732 1063 2804 εὑρέσεως
1092 2732 1348 2790 ἑκάστου.
1389 2731 1483 2784 καὶ
1509 2730 1609 2800 τὴν
1639 2732 1901 2802 φαινομέ-

313 2843 418 2897 νην
447 2827 609 2891 τάξιν
646 2825 916 2894 ἐπέθηκεν
942 2839 956 2855 ·
1008 2823 1070 2876 οὐ
1116 2822 1240 2875 καθ’
1283 2821 1378 2882 οὓς
1431 2821 1736 2893 ἐλέχθησαν
1777 2824 1908 2894 χρό-

312 2935 467 2986 νους,
495 2918 632 2971 ἀλλά
664 2916 791 2971 καθ’
821 2915 914 2979 οὓς
941 2915 1268 2987 εὑρέθησαν.
1313 2915 1470 2967 Ἔστι
1498 2913 1555 2966 δὲ
1608 2916 1702 2968 καὶ
1731 2914 1909 2979 ἄλλως

313 3012 518 3076 εἰπεῖν,
543 3010 626 3063 ὅτι
663 3008 737 3078 μὴ
766 3007 916 3079 παρὰ
963 3007 1091 3069 τοὺς
1125 3006 1376 3077 χρόνους,
1429 3003 1568 3058 ἀλλὰ
1605 3004 1758 3076 παρὰ
1812 3005 1911 3068 τὰς

315 3107 538 3177 ἡμέρας
571 3105 794 3175 μᾶλλον,
859 3105 918 3156 ἐν
970 3096 1060 3164 αἶς
1109 3100 1171 3153 τὸ
1218 3101 1434 3170 πρῶτον
1472 3098 1809 3173 ἐποιήθησαν
1836 3100 1909 3151 »οἱ

311 3197 550 3267 ψαλμοὶ,
589 3196 648 3250 τὸ
701 3195 841 3266 μετὰ
894 3192 1055 3247 τοῦτο
1089 3193 1483 3263 συνετάγησαν.
1527 3192 1743 3245 Γένοιτο
1771 3191 1814 3245 δ’
1844 3190 1910 3244 ἂν

312 3287 463 3341 οὕτω
478 3286 859 3358 φανερώτερον
889 3284 950 3338 τὸ
971 3283 1268 3352 λεγόμενον
1295 3299 1309 3312 ·
1348 3283 1563 3353 πρῶτον
1606 3281 1743 3335 Θεοῦ
1785 3280 1909 3334 σύλα

2015 2188 2160 2241 enim
2222 2188 2387 2242 Deum
2424 2189 2551 2243 olim
2604 2189 3026 2258 negligentibus.
3062 2203 3255 2243 omnes
3290 2187 3447 2256 patrii
3487 2203 3601 2239 mo-

2016 2296 2103 2335 res
2156 2296 2382 2349 prorsus
2437 2298 2575 2350 penc
2622 2281 2886 2338 oblivioni
2922 2281 3032 2335 dati
3062 2287 3214 2343 sunt,
3266 2280 3408 2333 unde
3435 2296 3598 2348 quam

2016 2373 2241 2442 plurimi
2274 2387 2448 2427 sacra:
2490 2372 2790 2441 Scriptura:
2817 2372 2967 2437 libri,
3000 2387 3190 2425 eorum
3225 2371 3439 2439 ignavia
3475 2385 3600 2438 pcr-

2016 2462 2220 2516 iernnt.
2276 2461 2524 2531 Cumque
2584 2462 2788 2515 Esdras
2838 2476 2934 2516 seu
3001 2460 3284 2524 Ezechias,
3346 2458 3601 2527 quisquis

2013 2573 2201 2610 eorum
2232 2556 2415 2621 fuerit,
2441 2555 2694 2609 utilitatis
2727 2555 2959 2624 publicae
2992 2562 3140 2607 certe
3161 2553 3463 2610 studiosus,
3496 2549 3602 2603 hu-

2010 2648 2251 2719 jusmodi
2292 2649 2555 2718 psalmos,
2608 2663 2717 2701 non
2747 2634 2927 2701 tamen
2968 2661 3073 2700 una
3103 2660 3319 2708 omnes,
3356 2645 3449 2699 sed
3488 2644 3602 2698 sin-

2014 2740 2235 2812 gulares
2274 2754 2340 2794 ac
2403 2739 2684 2810 dispersos
2742 2739 3062 2810 reperisset,
3105 2737 3368 2792 eollertos
3410 2747 3601 2806 postea

2011 2839 2066 2883 et
2102 2830 2157 2884 in
2188 2843 2354 2882 unum
2378 2828 2742 2897 compositos,
2765 2841 2831 2881 eo
2854 2826 3052 2880 ordine
3083 2841 3194 2894 quo
3221 2824 3422 2894 reperti
3450 2832 3600 2889 sunt,

2012 2922 2087 2976 ita
2143 2921 2199 2976 in
2257 2921 2535 2990 publicum
2592 2919 2784 2980 edidit,
2830 2919 3017 2973 habita
3065 2917 3326 2985 temporis
3368 2916 3598 2975 ratione,

2012 3029 2123 3067 non
2150 3028 2259 3083 quo
2289 3012 2524 3067 confecti
2550 3020 2698 3076 sunt,
2726 3011 2822 3067 sed
2848 3027 2957 3079 quo
2992 3009 3226 3064 inventi.
3266 3007 3401 3061 illud
3434 3007 3599 3061 etiam

2013 3103 2122 3157 dici
2179 3110 2359 3173 potest
2410 3103 2553 3169 quod
2612 3102 2805 3173 psalmi
2863 3116 2972 3155 non
3005 3101 3162 3169 juxta
3196 3108 3465 3168 tempora,
3504 3097 3600 3151 sed

2007 3195 2160 3264 juxta
2209 3195 2349 3259 dies,
2415 3195 2615 3262 quibus
2680 3193 2915 3262 primum
2971 3191 3262 3260 compositi
3312 3195 3464 3251 sunt,
3517 3182 3598 3241 ita'
3642 3235 3647 3239 .

2012 3294 2205 3356 postea
2235 3286 2288 3339 in
2321 3301 2489 3339 unum
2519 3285 2760 3339 ordinati
2801 3285 2973 3339 fuere.
3025 3281 3180 3348 Quod
3221 3282 3458 3335 dicimus
3484 3294 3599 3333 mae

313 3381 505 3450 ληψις,
541 3374 661 3433 εἶτα
698 3378 975 3448 γέννησις,
1012 3372 1130 3429 εἶτα
1160 3374 1352 3444 κλῆσις
1387 3374 1484 3427 καὶ
1511 3375 1781 3443 περιτομὴ
1808 3372 1906 3425 καὶ

2013 3376 2270 3430 nifestius
2322 3375 2411 3430 ﬁet
2434 3391 2496 3429 ex
2549 3375 2636 3429 his
2680 3391 2800 3445 quae
2846 3374 3160 3443 subjiciam.
3213 3371 3417 3427 Christi
3465 3386 3603 3424 eon-

315 3442 662 3543 προσαγωγὴ
710 3442 860 3543 πρὸς.
901 3469 994 3523 τὸν
1033 3468 1184 3535 ναὸν,
1248 3442 1342 3520 παὶ
1386 3442 1716 3536 ὑπάντησις,
1769 3464 1906 3533 μετὰ

2013 3469 2193 3535 ceptio
2243 3475 2490 3536 tempore
2515 3442 2751 3535 primum
2788 3465 2910 3531 fuit;
2937 3464 3285 3534 postmodum
3323 3463 3598 3526 nativitas.

315 3564 618 3636 τριάκοντα
641 3563 867 3633 χρόνους
890 3563 925 3630 ἡ
959 3560 1233 3629 βάπτισις.
1271 3559 1304 3627 ἡ
1337 3557 1663 3627 φανέρωσις,
1699 3558 1733 3626 ἡ
1765 3556 1909 3609 διδαο

320 3656 547 3716 σκαλία.
605 3656 674 3708 τὰ
728 3654 1007 3724 θαύματα,
1044 3652 1112 3705 τὰ
1155 3650 1463 3720 παθήματα
1490 3689 1505 3712 ,
1552 3649 1643 3701 καὶ
1692 3648 1910 3701 πάντων

321 3747 556 3818 ἔσχατον
589 3747 623 3815 ἡ
654 3745 985 3807 ἀνάστασιςο
1011 3742 1126 3796 ἀλλ’
1170 3744 1304 3812 ἡμῖν
1345 3757 1409 3808 γε
1455 3740 1765 3792 τούναντίον
1817 3740 1909 3791 ἐπὶ

319 3840 431 3893 τῶν
456 3837 664 3909 ἑορτῶν
704 3836 816 3905 ἔχει
846 3836 917 3888 τὰ
941 3834 1309 3904 διαστήματα,
1346 3830 1563 3900 πρῶτον
1621 3829 1906 3898 σύλληψιῆ

319 3928 423 3985 εἶτ’
444 3931 612 3993 εὐθὺς
656 3930 977 3991 ἀνάστασις.
1017 3926 1183 4001 Ὁρᾷς
1211 3927 1310 3996 ὅση
1340 3924 1449 3976 τῶν
1505 3921 1605 3993 μὲν
1638 3921 1842 3991 ἑορτῶν
1874 3922 1908 3992 ἠ

318 4023 650 4085 ἀπόστασις,
690 4021 799 4075 τῶν
826 4016 1128 4089 δὲήμερῶν
1168 4018 1201 4088 ἠ
1238 4017 1537 4085 συνάφεια;
1579 4013 1743 4067 πάλιν
1773 4012 1907 4065 ἀνά-

318 4117 510 4187 ληψις,
537 4114 984 4186 μεταμόρφωσις,
1024 4107 1124 4165 εἷθ’
1159 4112 1194 4180 ή
1239 4110 1517 4179 γέννησις,
1545 4103 1667 4170 εἶτα
1692 4106 1909 4158 πάντων

318 4210 561 4279 ἔσχατον
584 4208 620 4279 ἠ
660 4206 988 4276 φανέρωσις.
1037 4203 1201 4274 Ὁρᾷς
1232 4203 1333 4271 ὅση
1358 4200 1468 4253 τῶν
1507 4198 1848 4279 πραγμάτων
1878 4195 1911 4265 ἠ

320 4276 674 4362 ἐναντίωσιςς
709 4297 803 4352 καὶ
833 4298 867 4368 ὴ
891 4296 989 4367 μὲν
1012 4295 1119 4349 τῶν
1141 4296 1199 4347 ἒν
1226 4293 1392 4364 μησὶν
1419 4276 1643 4362 ἡμερῶν
1676 4286 1909 4356 διεσώθη

317 4393 502 4458 τάξις,
523 4394 557 4461 ἠ
581 4390 639 4444 δὲ
657 4390 766 4445 τῶν
793 4387 1132 4458 πραγμάτων
1165 4385 1344 4440 αὐτῶν
1390 4382 1616 4453 διεκόπη
1654 4380 1911 4453 μάλιστα,

321 4486 423 4539 καὶ
455 4483 652 4552 γέγονε
676 4481 832 4547 τάξις
860 4483 920 4534 ὲν
948 4479 1146 4550 ἀταξίᾳ
1176 4495 1281 4540 τις.

2012 3557 2212 3613 deinde
2236 3558 2518 3626 impositio
2548 3557 2788 3611 nominis
2821 3554 3244 3611 etcircumcisio
3273 3569 3287 3605 :
3325 3559 3446 3621 post
3485 3554 3600 3607 haec

2014 3650 2275 3704 adductio
2305 3651 2360 3703 in
2384 3650 2643 3721 templum
2668 3658 2721 3705 et
2755 3649 3070 3720 hypautesis
3097 3646 3224 3719 [hoc
3246 3656 3329 3701 est
3348 3646 3596 3708 obviatio,

2013 3756 2176 3808 quam
2202 3739 2383 3794 Latini
2417 3739 2852 3809 purificationem
2883 3736 3122 3808 Virginis
3146 3733 3442 3807 appellant]
3468 3751 3481 3800 ;
3506 3735 3602 3788 de-

2016 3846 2166 3883 mum
2216 3839 2340 3899 post
2372 3830 2595 3900 triginta
2628 3843 2805 3883 annos
2842 3827 3149 3897 baptismus
3181 3838 3235 3879 et
3277 3825 3602 3879 manifesta-

2018 3924 2095 3977 tio
2131 3924 2345 3977 Domini
2383 3941 2396 3976 :
2427 3922 2627 3977 deinde
2652 3921 2927 3983 doctrina,
2962 3919 3249 3983 miracula,
3288 3920 3599 3987 passiones,

2017 4024 2071 4070 et
2098 4024 2378 4084 postremo
2404 4013 2759 4069 resurrectio.
2792 4011 2994 4067 Verum
3041 4011 3180 4081 apud
3206 4025 3308 4064 nos
3334 4009 3604 4064 festivita-

2021 4115 2106 4160 tes
2140 4106 2258 4159 istm
2287 4105 2396 4158 alio
2418 4105 2612 4159 ordine
2653 4113 2818 4171 atque
2852 4104 2960 4157 alio
3002 4100 3296 4155 intervallo
3320 4099 3605 4153 celebran-

2021 4189 2144 4252 tur.
2165 4195 2351 4249 Primo
2399 4195 2545 4249 enim
2597 4194 3039 4263 conceptionem,
3078 4207 3140 4244 ac
3173 4190 3370 4244 deinde
3417 4189 3601 4243 statim

2020 4288 2481 4343 resurrectionem
2527 4286 2897 4340 celebramus.
2958 4282 3040 4352 (6)
3095 4280 3256 4335 Vides
3301 4289 3503 4349 quanta
3533 4280 3604 4333 sit

2022 4381 2286 4449 temporis
2332 4380 2692 4435 festivitatnm
2734 4376 2994 4431 distantia
3017 4384 3072 4428 et
3109 4373 3323 4427 dierum
3370 4372 3604 4437 conjun-

2014 4471 2148 4525 ctio.
2205 4471 2421 4526 Rursus
2464 4470 2796 4538 assumptio,
2833 4464 3273 4533 transliguratio,
3318 4461 3603 4516 nativitasv

321 4585 380 4632 et
431 4577 635 4632 deinde
678 4585 957 4647 postrema
999 4574 1243 4630 omnium
1302 4569 1576 4641 apparitio
1624 4582 1690 4622 ac
1730 4567 2103 4622 manilestatio
2148 4567 2481 4622 celebratur.
2552 4565 2717 4621 Vides
2761 4568 2965 4630 quanta
3033 4560 3107 4616 sit
3176 4573 3358 4613 rerum
3423 4556 3605 4611 diver~

322 4668 466 4722 sitas
525 4665 675 4723 Ordo
723 4666 928 4736 quippe
967 4664 1179 4718 dierum
1212 4662 1268 4715 in
1321 4661 1605 4716 mensibus
1653 4664 1905 4713 servatus
1944 4668 2050 4723 est,
2103 4671 2285 4713 rerum
2348 4666 2529 4712 autem
2565 4655 2724 4709 valde
2758 4653 3071 4723 disjunctus
3117 4667 3133 4705 :
3180 4661 3234 4705 et
3299 4648 3476 4704 lactus
3521 4661 3606 4708 est

322 4761 467 4819 ordo
497 4760 742 4830 quidam,
777 4759 936 4830 quasi
978 4758 1099 4811 sine
1128 4753 1345 4809 ordine.

410 4850 574 4905 Ἀλλὰ
601 4851 789 4920 καιρὸς
812 4847 1019 4912 διδάξαι
1050 4844 1258 4910 λοιπὸν,
1305 4843 1400 4897 καί
1419 4843 1506 4906 τίς
1542 4844 1574 4911 ἡ
1608 4841 1666 4893 ὲν
1705 4839 1906 4903 πολλοῖς

2100 4837 2207 4892 Sed
2238 4846 2455 4904 tempus
2488 4845 2570 4891 cst
2593 4835 2786 4902 utjam
2818 4831 3077 4900 deinceps
3105 4830 3423 4894 doceamus,
3456 4843 3604 4897 qum-

322 4942 438 4996 τῶν
466 4919 986 5010 ψαλμῶννωίιφεια,
1008 4938 1103 4991 καὶ
1128 4934 1294 4989 πόσαι
1330 4933 1645 5005 μεταϐολαὶ,
1679 4931 1774 4984 καὶ
1805 4948 1906 4984 πα·

2021 4944 2148 4983 nam
2190 4928 2262 4982 sit
2303 4927 2664 4981 obscuritatis
2708 4926 2870 4985 ratio,
2916 4939 3037 4993 qua:
3064 4923 3116 4974 iu
3154 4922 3342 4976 multis
3381 4919 3605 4991 psalmis

330 5035 401 5108 ρα
430 5035 597 5088 τίνων
620 5030 721 5103 τῆς
760 5028 1045 5101 Ἐὗραῖδος
1088 5025 1370 5081 διαλέκτου
1400 5024 1535 5094 πρὸς
1587 5024 1684 5093 τὴν
1706 5022 1906 5092 ’Έλλη-

2018 5022 2313 5090 reperitur,
2338 5030 2393 5073 et
2434 5028 2569 5085 quot
2617 5016 3007 5070 translationes
3048 5013 3183 5076 sint,
3236 5029 3301 5069 ex
3336 5010 3604 5067 Hebraica

325 5106 449 5182 νξδα
493 5127 802 5194 γεγόνασιν.
852 5122 1012 5176 Attia
1050 5121 1149 5190 τῆς
1202 5117 1474 5187 ἀσαφείας
1524 5116 1623 5184 τῆς
1680 5112 1906 5176 παλαιᾶς

2018 5111 2206 5182 lingua
2242 5111 2296 5165 in
2350 5109 2618 5173 Crtecam,
2652 5119 2702 5163 et
2735 5124 2764 5162 a
2802 5109 3006 5176 quibus
3042 5107 3218 5162 factm.
3250 5106 3404 5172 Quod
3442 5108 3607 5176 igitur

324 5217 554 5286 Γραφῆς
582 5257 597 5281 ,
627 5214 687 5269 τό
717 5231 777 5268 τε
807 5211 1135 5282 συμϐολικὸν
1162 5209 1273 5263 τῶν
1301 5211 1402 5261 ὅσα
1442 5205 1679 5276 Χριστὸν
1727 5205 1821 5257 καὶ
1850 5206 1906 5257 τὲ

2023 5210 2131 5253 tam
2164 5199 2333 5252 multa
2367 5201 2419 5253 in
2448 5200 2616 5252 veteri
2643 5199 2927 5267 Scriptura
2950 5199 3190 5253 obscura
3228 5195 3602 5253 inveniantur,

326 5285 479 5364 κατᾶ
510 5308 762 5379 Χριστὸν,
794 5305 890 5359 καὶ
928 5302 1115 5367 ἁπλῶς
1142 5302 1341 5361 εἰπεῖν.
1374 5299 1443 5351 τὰ
1476 5299 1575 5369 τῆς
1606 5298 1731 5359 νέας
1761 5296 1906 5368 χάρι-

2022 5293 2079 5346 in
2111 5305 2281 5346 causa
2313 5302 2441 5345 sunt
2471 5291 2677 5363 liguraa,
2709 5306 3050 5361 qna-cunque
3077 5289 3384 5346 Christum,
3421 5285 3603 5337 illius-

326 5418 425 5461 τος
457 5374 821 5470 προστύπουν,
850 5397 949 5449 καὶ
974 5395 1044 5448 τὰ
1080 5392 1348 5463 ἰδιώματα
1375 5388 1772 5460 τῆςἚὸραῖδος
1803 5388 1906 5441 δια⁴

2024 5400 2132 5455 que
2162 5388 2507 5451 actiones,et
2535 5400 2730 5439 novam
2761 5386 2991 5455 gratiam
3023 5376 3425 5450 praesignabant
3458 5374 3604 5443 (om-

324 5467 529 5542 λέκτου
563 5487 697 5558 πρὸς
742 5485 842 5555 τὴν
882 5481 1187 5553 Ἑλληνίδα.
1224 5479 1517 5549 Διαφὸροις
1552 5477 1658 5545 γὰρ
1716 5476 1906 5546 κέχρη·

2031 5479 2121 5532 nia
2156 5480 2360 5548 quippe
2390 5478 2504 5533 hac
2558 5493 2680 5547 qua:
2712 5477 2778 5530 ad
2814 5473 3059 5545 gentium
3095 5467 3436 5558 vocationem
3471 5478 3600 5540 per-

328 5596 424 5633 ται
453 5578 518 5632 τὸ
573 5556 910 5651 προφητικὸν
942 5576 1063 5639 ἔθος
1126 5576 1176 5627 εἰ
1221 5574 1317 5627 καὶ
1370 5572 1443 5642 μὴ
1493 5573 1552 5622 ἐν
1587 5571 1759 5623 πᾶσι·
1794 5587 1906 5623 συν-

2024 5569 2198 5625 tinere
2243 5570 2593 5631 videbantur,
2629 5569 2907 5639 prophetae
2937 5563 3007 5619 de
3064 5556 3328 5615 industria
3367 5556 3602 5614 obscuro

1678 5686 1876 5747 Variae
1917 5685 2246 5750 lectiones.

400 5798 490 5871 (5)
522 5798 896 5871 δαιδθιιιίιιιιι
915 5796 1150 5851 fortasse
1178 5793 1349 5871 αὐτῷ.
1437 5862 1473 5871 __
1616 5869 1624 5871 4
1800 5867 1810 5871 Δ
1902 5869 1906 5871 _

2070 5858 2083 5871 I
2265 5863 2278 5871 .
2382 5853 2434 5871 1νῖ

516 5851 842 5941 (indemne;
885 5851 1369 5937 interrogationem
1398 5862 1724 5927 ell'cruntur,
1759 5867 1818 5915 ut
1863 5868 1917 5916 et
1957 5858 2121 5933 paulo
2162 5863 2284 5927 post
2323 5871 2337 5909 :
2382 5851 2530 5907 i't‘dcs
2565 5859 2791 5921 (pta-um,
2823 5856 2935 5902 etc.
