4146 6490
529 438 601 501 63
1771 436 2161 499 EUTHYMII
2198 438 2372 499 ZIGA
2384 437 2562 498 BENI
3739 438 3812 501 61!

524 549 821 607 admodum
871 554 1286 621 pertractarunt
1328 566 1343 604 :
1375 562 1443 604 ne
1481 548 1528 604 si
1560 547 2000 604 invidentissima
2023 546 2116 601 illa

2223 552 2561 620 εσκιασμένα
2589 550 2699 620 γὰρ
2726 550 2794 605 τὰ
2833 550 3063 606 πλεῖστα
3104 551 3193 605 διὰ
3230 550 3330 621 τὴν
3362 550 3473 604 τῶν
3523 551 3812 623 ἀκροατῶν

522 642 847 698 Iudaeorum
925 657 1060 712 gens
1094 641 1336 696 futuram
1372 641 1722 712 primogeniti
1751 640 1974 695 lsraelis
2002 639 2117 693 rui-

522 750 651 789 nam
687 743 743 791 et
792 736 1038 805 gentium
1081 734 1432 804 adoptionem
1483 734 1852 805 cognovisset,
1925 745 2118 788 sacros

525 827 721 892 libros,
751 827 843 881 ubi
876 827 991 880 haec
1018 825 1281 896 praedicta
1311 835 1462 893 sunt,
1509 840 1703 880 omnes
1728 825 1839 896 igni
1875 826 2117 893 tradere,

526 927 697 987 atque
727 933 917 973 eorum
949 920 1275 975 memoriam
1301 918 1598 973 obliterare
1628 917 1902 980 studeret,
1939 931 2118 987 neque

523 1009 671 1063 enim
748 1009 994 1081 alioquin
1050 1013 1447 1068 sustinuissent
1511 1020 1662 1067 tanta
1735 1011 2002 1069 adversus
2058 1026 2120 1069 se

523 1099 659 1156 ferri
710 1104 1054 1159 testimonia.
1097 1105 1254 1161 Unde
1282 1120 1391 1160 non
1425 1107 1705 1161 mediocre
1727 1105 1987 1161 damnum
2028 1119 2121 1175 po.

529 1190 699 1249 steris
730 1194 948 1250 illatum
994 1196 1216 1264 fuisset,
1268 1200 1420 1269 quod
1444 1197 1535 1252 Dei
1565 1197 1855 1253 consilium
1880 1197 2118 1269 quodam

525 1286 581 1339 in
608 1287 730 1345 loco
764 1305 911 1347 unus
945 1292 1340 1363 prophetarum
1396 1292 1556 1348 nobis
1604 1290 1892 1356 indicavit,
1928 1290 2118 1346 dicens

524 1393 594 1434 ex
624 1395 862 1449 persona
885 1383 981 1440 Dei
999 1385 1066 1439 ad
1082 1384 1401 1441 Iudaeorum
1427 1393 1645 1456 gentem
1678 1383 1721 1417 "
1749 1398 1765 1439 :
1794 1382 1979 1454 Neque
2005 1399 2121 1437 cre-

2222 644 2508 697 ἀπείθειαν
2562 645 2657 698 καὶ
2719 644 3087 715 σκληρότητα,
3121 643 3214 697 καὶ
3264 644 3467 713 ὀλίγοις
3496 645 3604 699 τῶν
3639 646 3811 713 ἁγίων

2222 737 2754 807 παραγυμνούμενα,
2794 736 2893 789 καὶ
2914 735 3092 806 ὀρθῶς
3123 736 3232 789 ἀπὸ
3262 735 3358 788 τοῦ
3406 735 3594 796 τέλους
3645 735 3811 805 μόνου

2222 830 2539 901 κρινόμενα.
2572 829 2896 882 Τελευταίον
2934 828 2991 882 δὲ
3018 829 3214 893 αἴτιον,
3237 829 3271 899 ἠ
3300 828 3408 880 ἀπὸ
3440 830 3540 898 τῆς
3587 827 3811 897 Ἐϐραΐ-

2180 996 2189 1003 _
2221 919 2311 983 δος
2362 921 2457 973 ἐπὶ
2507 918 2609 990 τὴν
2662 918 2942 989 Ἑλληνίδα
2969 917 3217 986 γλῶτταν
3248 917 3457 971 τούτων
3498 916 3772 986 μεταϐολή
3795 932 3809 946 ·

2222 1015 2374 1069 πᾶσα
2399 1012 2509 1085 γὰρ
2535 1012 2751 1081 γλῶττα
2779 1011 3185 1082 μετατιθεμένη
3221 1012 3360 1082 πρὸς
3386 1010 3699 1079 ἀλλοτρίαν,
3735 1008 3810 1072 ὡς

2219 1104 2446 1170 ἐπίπαν,
2469 1102 2584 1176 ἔχει
2624 1104 2686 1159 τδ
2739 1103 2946 1172 ἀσαφὲς
2972 1103 3068 1158 καὶ
3098 1103 3552 1174 δυσκατανόητον.
3586 1101 3812 1171 Μεθηρ-

2222 1198 2574 1271 μηνεύθησαν
2603 1198 2661 1254 δὲ
2698 1201 2791 1253 ἐπὶ
2823 1199 3161 1270 Πτολεμαίου
3200 1197 3295 1252 τοῦ
3353 1195 3708 1264 Φιλαδέλφου,
3732 1193 3812 1246 δι-

2219 1291 2446 1354 έποντος
2475 1290 2573 1360 τῆς
2603 1289 2881 1358 Αἰγύπτου
2906 1289 3008 1359 τὴν
3061 1288 3363 1360 βασιλείαν.
3412 1286 3589 1341 Ἑπτὰ
3617 1285 3673 1338 δὲ
3704 1284 3807 1354 τῆς

2218 1381 2458 1445 παλαιᾶς
2492 1382 2719 1452 Γραφῆς
2750 1380 3219 1453 μεθερμηνεύσεις
3248 1379 3506 1449 γεγόνασι

523 1472 733 1543 didisli,
759 1493 923 1546 neque
946 1494 978 1532 α
1007 1478 1273 1547 principio
1298 1479 1482 1546 aperui
1515 1478 1611 1531 tibi
1640 1493 1822 1532 aures.
1851 1475 2119 1532 Noveram
2158 1476 2301 1531 enim
2326 1475 2467 1543 quod
2500 1473 2807 1529 inobediens
2829 1490 2931 1530 non
2962 1476 3228 1544 pareret).
3265 1474 3539 1529 Praeterea
3611 1469 3813 1525 obscu-

524 1566 710 1623 ritatis
802 1568 909 1624 alia
960 1571 1128 1626 etiam
1179 1582 1264 1627 est
1314 1573 1480 1636 ratio,
1529 1570 1734 1628 idioma
1791 1570 2003 1627 scilicet
2046 1568 2330 1626 liebraicae
2396 1569 2597 1639 linguae
2662 1568 2946 1625 diversum
2993 1583 3024 1623 a
3055 1567 3242 1624 Graeca
3280 1583 3296 1623 :
3339 1565 3508 1621 variis
3537 1563 3683 1619 enim
3752 1575 3813 1618 ac

524 1663 924 1733 multiplicibus
975 1667 1236 1739 loquendi
1296 1670 1475 1726 modis
1522 1669 1805 1742 prophetae
1868 1683 2245 1740 swpenumero
2271 1668 2356 1723 usi
2392 1673 2543 1731 sunt,
2574 1667 2913 1736 (quanquam
2972 1681 3081 1720 non
3143 1663 3224 1720 sic
3292 1658 3556 1732 semper.)
3615 1658 3813 1713 adum'

524 1755 684 1810 hrate
719 1756 883 1812 etiam
938 1760 1109 1814 multa
1170 1761 1380 1824 dixere.
1433 1763 1504 1820 oh
1567 1763 2015 1819 incredulitatem
2068 1768 2124 1817 et
2162 1759 2457 1816 'duritiem
2516 1757 2869 1813 auditorum:
2930 1773 3052 1827 quae
3095 1765 3276 1812 tamen
3342 1751 3699 1826 paucioribus
3753 1762 3829 1803 ac»

524 1848 739 1904 sanctis
793 1851 929 1908 viris
967 1855 1210 1909 revelata
1248 1864 1401 1921 sunt,
1450 1870 1683 1927 quaeque
1713 1869 1746 1910 a
1781 1855 1901 1912 solo
1931 1867 2116 1908 rerum
2156 1850 2308 1907 exitu
2358 1865 2425 1906 ac
2484 1849 2590 1904 line
2644 1855 2795 1904 recte
2849 1848 3192 1918 iudicantur.
3283 1843 3574 1902 Postremo
3644 1841 3823 1895 etiam

524 1937 617 1998 illa
659 1944 898 2000 addatur
948 1947 1115 2017 ratio,
1152 1949 1297 2019 quod
1327 1951 1397 2006 de
1429 1951 1603 2020 patria
1676 1964 1742 2005 ac
1818 1947 2043 2021 propria
2110 1944 2385 2002 Hebraica
2445 1945 2637 2016 lingua
2687 1945 2741 1999 in
2797 1945 2982 2009 aliam,
3038 1941 3265 2013 antiqua
3316 1938 3505 1995 omnia
3568 1934 3808 2006 legimus

524 2042 820 2099 translata.
871 2043 1067 2100 Omnis
1106 2054 1289 2102 autem
1334 2046 1521 2118 lingua
1555 2048 1608 2102 in
1653 2048 1813 2103 aliam
1848 2059 2137 2111 conversa,
2177 2055 2239 2099 ut
2278 2042 2605 2116 plurimum,
2637 2040 3014 2097 dimcultatem
3057 2048 3225 2109 atque
3256 2036 3651 2092 obscuritatem
3723 2048 3825 2100 gem

526 2142 706 2188 nerat.
743 2133 1060 2190 Translatio
1089 2136 1192 2192 ista
1228 2137 1373 2194 facta
1406 2147 1489 2195 est
1517 2151 1782 2211 tempore,
1809 2155 1919 2210 quo
1949 2137 2288 2194 Prolemacus
2345 2134 2768 2205 Philadelphus,
2818 2148 3048 2202 regnum
3107 2129 3328 2203 [Egypli
3369 2125 3814 2182 administrabat.

529 2227 750 2297 Septem
803 2228 950 2283 enim
1009 2227 1162 2285 fuere
1221 2232 1612 2289 translationes
1661 2232 1876 2289 Veteris
1924 2231 2287 2286 Testamenti.

595 2320 780 2374 Prima
795 2337 825 2375 a
842 2318 985 2375 LXX
1005 2321 1140 2378 viris
1166 2320 1332 2390 facta,
1351 2324 1442 2393 qui
1468 2321 1679 2379 Hebraei
1703 2332 1862 2379 erant
1885 2333 1939 2379 et
1963 2322 2116 2378 electi

2301 2322 2522 2395 Πρώτη,
2566 2325 2601 2393 ἡ
2633 2322 2741 2377 τῶν
2771 2321 3165 2392 ἑϐδομήκοντα,
3209 2320 3406 2381 οἵτινες
3455 2316 3699 2388 Ἑϐραῖοι
3726 2314 3814 2369 δν-

531 2414 776 2479 fuerunt,
839 2414 998 2485 juxta
1062 2430 1353 2481 numerum
1408 2417 1753 2486 septuaginta
1809 2414 2115 2481 seniorum,

526 2517 668 2571 quos
699 2501 862 2573 elegit
898 2500 1137 2576 Moyses.
1182 2504 1247 2558 Hi
1300 2504 1489 2576 igitur,
1523 2505 1939 2562 commemorati
1972 2505 2118 2576 regis

528 2594 783 2659 hortatu,
833 2595 900 2650 ad
958 2597 1103 2652 hanc
1135 2598 1480 2668 provinciam
1519 2600 1814 2669 designati,
1850 2601 1908 2654 in
1948 2614 2116 2654 unam

531 2701 629 2757 per
662 2688 846 2741 omnia
904 2688 1412 2760 interpretationem
1468 2706 1798 2749 convenere.
1864 2688 2119 2747 Secunda

527 2779 744 2851 Aquila!
778 2780 1128 2851 Sinopensis.
1149 2782 1247 2837 llic
1279 2782 1502 2841 Greene
1524 2785 1648 2853 fuit,
1675 2794 1842 2857 atque
1866 2800 1897 2841 e
1922 2786 2116 2853 Ponto,

530 2880 588 2927 et
628 2870 1026 2946 Hierosolymis
1054 2875 1369 2945 baptizatus
1408 2896 1423 2933 :
1456 2878 1659 2934 deinde
1703 2893 1829 2937 cum
1873 2879 2120 2937 offensus

531 2961 909 3036 inimicusque
938 2964 1169 3023 effectus
1203 2977 1352 3026 esset
1396 2970 1727 3040 quibusdam
1761 2972 2118 3038 Christianis,

531 3067 718 3126 spreto
736 3057 1085 3129 baptismate,
1105 3058 1310 3116 Judaeis
1327 3077 1386 3117 se
1407 3061 1756 3133 adjunxit,’ct
1771 3062 2118 3134 Scripturam

532 3151 817 3207 transtulit
844 3153 947 3208 sub
970 3152 1213 3209 Adriano
1268 3154 1599 3226 imperatore
1643 3171 1733 3220 eo,
1756 3156 1852 3226 qui
1910 3156 2118 3226 lepram

531 3257 732 3312 passus
766 3252 851 3322 est
879 3242 1011 3300 CCC
1042 3254 1097 3302 et
1147 3245 1299 3302 XXX
1336 3247 1499 3304 annis
1532 3257 1659 3320 post
1694 3248 2116 3304 translationem

533 3329 695 3387 LXX.
722 3330 822 3390 Hic
857 3338 1043 3404 itaque
1089 3336 1268 3393 iratus
1298 3337 1659 3403 Christianis,
1701 3339 1870 3393 multa
1897 3353 2121 3409 perver-

530 3425 618 3479 tit.
651 3423 1040 3485 Tcrtiaml‘eeit
1065 3428 1455 3500 Symmachus,
1484 3431 1663 3500 patria
1691 3430 2114 3487 Samaritanus:

529 3521 769 3588 quicum
807 3523 952 3595 apud
983 3539 1141 3588 suos,
1171 3534 1439 3595 quantum
1486 3524 1717 3582 honoris
1750 3526 1976 3595 optabat
2008 3541 2117 3583 non

531 3623 951 3684 assequcretur,
975 3614 1197 3672 Judazos
1220 3614 1376 3685 adiit,
1401 3626 1456 3673 et
1488 3633 1708 3673 rursum
1731 3608 2116 3684 circumcisus,

532 3703 588 3760 in
621 3704 1094 3764 Samaritanorum
1127 3708 1417 3772 oll‘ensam,
1448 3724 1666 3765 sacram
1724 3709 2116 3780 interpretatus

530 3803 619 3853 est
643 3796 1009 3868 Scripturam,
1055 3799 1159 3854 suh
1189 3799 1393 3855 Severo
1431 3799 1783 3870 imperatore.
1816 3802 1918 3870 Qui
1951 3802 2115 3859 etiam

531 3898 595 3944 ut
615 3888 820 3946 Iudaeis
853 3891 1113 3960 placeret,
1151 3908 1497 3963 quaecunque
1525 3892 1594 3949 ad
1627 3893 1911 3950 Christum
1946 3894 2117 3964 penti-

531 3979 761 4046 nebant,
820 3997 930 4036 non
991 3997 1123 4036 sane
1163 3984 1452 4039 transtulit
1486 4000 1499 4036 :
1538 3985 1700 4043 annis
1735 4001 1829 4042 sex
1877 3987 2116 4056 etquin—

530 4070 796 4141 quaginta
825 4082 954 4142 post
978 4072 1276 4129 editionem
1306 4073 1539 4145 Aquilae.
1577 4077 1782 4144 Quarta
1814 4078 1915 4133 fuit
1937 4078 2118 4136 Theo-

530 4164 773 4221 dotionis
821 4163 1071 4236 Ephesii,
1101 4167 1195 4236 qui
1222 4182 1347 4223 eum
1383 4183 1450 4223 ex
1482 4168 1778 4226 Marcionis
1809 4171 2001 4228 haeresi
2028 4187 2116 4229 es-

534 4265 642 4320 set.
670 4257 968 4329 aliquando
1007 4257 1254 4315 oli‘ensus
1282 4260 1402 4316 suis
1435 4261 1808 4329 cohzcreticis,
1836 4266 2114 4335 propriam

533 4349 1045 4419 interpretationem
1075 4350 1271 4415 edidit,
1303 4352 1408 4408 sub
1429 4353 1759 4423 imperatore
1788 4355 2113 4413 Commodo.

533 4441 736 4508 Quinta
767 4451 980 4497 certum
1008 4456 1119 4497 non
1137 4442 1302 4498 habet
1338 4454 1641 4512 auctorem;
1672 4446 1890 4500 inventa
1912 4456 1997 4502 est
2020 4463 2118 4503 au-

534 4542 645 4587 tem
672 4533 727 4588 in
753 4533 1036 4598 Hiericho,
1069 4532 1219 4589 dolio
1246 4544 1459 4604 operta,
1494 4535 1598 4591 sub
1630 4535 1912 4593 Caracalla
1940 4539 2118 4608 impc-

534 4634 740 4678 ratorc.
763 4624 931 4679 Sexta
958 4624 1077 4679 sine
1095 4625 1340 4680 auctoris
1364 4626 1588 4681 nomine
1609 4637 1822 4696 reperta
1842 4637 1927 4685 οει
1949 4627 2118 4684 Nico-

532 4714 668 4785 poli,
704 4713 849 4785 apud
877 4713 1111 4780 Actium,
1169 4715 1274 4769 sub
1323 4716 1633 4773 Alexandro
1664 4718 1907 4774 Mammas
1938 4721 2118 4788 impe-

531 4816 742 4864 ratore.
788 4806 1029 4878 Septima
1061 4808 1319 4878 prodiita
1347 4808 1594 4876 Luciano
1637 4827 1835 4883 magno
1882 4812 2116 4867 eremita

532 4912 590 4957 et
641 4908 886 4971 martyre
920 4918 934 4954 :
963 4900 1059 4970 qui
1126 4901 1389 4957 omnibus
1444 4901 1533 4958 his
1576 4903 1915 4961 editionibus
1955 4903 2115 4970 visis,

2220 2432 2334 2481 τες,
2390 2413 2742 2483 ὲξελέγησαν
2780 2412 2924 2466 κατὰ
2981 2411 3218 2481 ἀριθμὸν
3264 2411 3376 2464 τῶν
3411 2410 3518 2465 ὑπὸ
3570 2409 3816 2474 Μωσέως

2220 2508 2555 2575 ἐκλεγέντων
2582 2506 2955 2576 ἐϐδομήκοντα
2992 2505 3407 2576 πρεσΰυτέρων,
3438 2503 3581 2557 κατὰ
3631 2502 3815 2573 παρά-

2221 2602 2414 2669 κλησιν
2440 2598 2534 2652 τοῦ
2575 2597 2909 2667 δηλωθέντος
2948 2596 3233 2667 βασιλέως,
3279 2597 3373 2650 καὶ
3413 2596 3706 2667 σύμφωνον
3735 2595 3831 2657 είς

2220 2693 2366 2748 ἅπαν
2395 2689 2696 2764 ἑρμηνείαν
2736 2691 3001 2756 ἐξέθεντο.
3035 2690 3298 2760 Δευτέρα,
3332 2692 3365 2761 ή
3393 2688 3487 2744 τοῦ
3524 2688 3816 2753 Σινωπέως

2234 2784 2455 2839 ’Δκύλα.
2488 2775 2657 2845 Οὗτος
2687 2781 3010 2854 γὰρ’Έλλην
3031 2781 3106 2835 ὢν
3128 2781 3194 2835 ὲκ
3225 2781 3325 2851 τῆς
3355 2780 3646 2847 Ποντικῆς,
3680 2778 3814 2831 ἐϐα-

2222 2878 2426 2946 πτίσθη
2451 2878 2509 2931 ἐν
2539 2873 2943 2946 Ἱεροσολύμοις
2959 2890 2976 2906 ο
3008 2869 3128 2929 εἶτα
3145 2872 3531 2945 προσκρούσας
3554 2873 3807 2942 Χριστια-

2221 2971 2334 3033 νοῖς
2359 2986 2522 3031 τισιν,
2558 2966 2792 3038 ἠθέτησέ
2819 2984 2876 3021 τε
2904 2966 2965 3021 τὸ
3004 2966 3313 3036 βάπτισμα,
3362 2965 3456 3019 καὶ
3487 2962 3815 3036 συνδραμὼν

2235 3061 2532 3126 Ἰουδαίοις,
2580 3059 2879 3131 ἑρμηνείαν
2931 3059 3030 3131 τῆς
3088 3059 3314 3132 Γραφῆς
3375 3058 3657 3127 ἐξέδωκεν,
3720 3057 3815 3111 ἐπὶ

2234 3152 2515 3226 Ἀδριανοῦ
2548 3154 2814 3225 βασιλέως
2843 3153 2935 3209 τοῦ
2965 3152 3361 3223 λεν-τρωθέντος,
3398 3150 3497 3222 τὴν
3527 3150 3634 3203 τῶν
3670 3149 3815 3203 ἐϐδο-
3902 3154 3923 3167 ⁸

2224 3249 2494 3319 μήκοντα,
2525 3248 2825 3318 τριάκοντα
2869 3247 2966 3300 καὶ
2993 3247 3373 3316 τετρακοσίοις
3423 3245 3604 3298 ἔτεσιν
3653 3244 3812 3297 ὑστε-

2225 3339 2504 3410 ρίζουσαν.
2533 3338 2715 3392 Πολλὰ
2748 3338 2805 3391 δὲ
2856 3337 3219 3411 παρέφθειρε,
3268 3335 3621 3407 Χριστιανοϊς
3653 3336 3813 3402 ὲγκου

2220 3433 2350 3488 τῶν.
2376 3433 2570 3503 Τρίτη,
2601 3434 2635 3502 ἡ
2665 3431 2759 3486 τοῦ
2788 3432 3109 3502 Συμμάχου,
3138 3430 3195 3495 ὃς
3219 3429 3293 3485 ὢν
3321 3427 3690 3499 Σαμαρείτης,
3719 3426 3815 3487 καὶ

2225 3529 2302 3599 μὴ
2323 3527 2609 3597 τυγχάνων
2644 3526 2779 3596 ὅσης
2823 3524 3079 3579 ἔσούλετο
3110 3523 3308 3594 τιμῆς,
3350 3522 3633 3592 πρόσεισιν
3681 3522 3814 3573 Ἰου-

2158 3675 2186 3696 ﬁ
2221 3621 2415 3685 δαίοις,
2451 3620 2549 3673 καὶ
2595 3619 2849 3691 δεύτερον
2896 3615 3308 3687 περιτέμνεται,
3355 3615 3450 3669 καὶ
3499 3612 3637 3684 πρὸς
3662 3614 3813 3667 ἀντι-

2221 3713 2454 3766 πάθειαν
2492 3710 2873 3781 Σαμαρειτῶν,
2904 3710 3007 3780 τὴν
3023 3708 3177 3763 θείαν
3204 3707 3506 3780 ἐρμηνεύει
3556 3705 3808 3777 Γραφὴν,

2219 3806 2314 3860 ἐπὶ
2362 3805 2604 3877 Σεσήρου
2638 3804 2929 3874 βασιλέως.
2978 3805 3076 3866 ’ος
3119 3803 3214 3857 καὶ
3244 3804 3358 3865 τοῖς
3407 3800 3684 3873 Ἑϐραίοις
3714 3818 3814 3871 χα-

2222 3896 2524 3967 ριζόμενος,
2557 3896 2660 3949 ὅσα
2679 3889 2748 3965 ἦν
2776 3893 2907 3963 περὶ
2928 3890 3168 3963 Χριστοῦ
3201 3891 3648 3965 παρερμήνευσε,
3670 3891 3813 3962 μετὰ

2220 3987 2280 4052 ἒξ
2326 3986 2421 4057 ἐτη
2465 3986 2562 4037 καὶ
2600 3985 2943 4053 πεντήκοντα
2990 3981 3090 4052 τῆς
3122 3980 3218 4036 τοῦ
3279 3981 3481 4036 Ἀκύλα
3516 3981 3806 4045 ἐκδόσεως.

2220 4077 2472 4149 Τετάρτη
2502 4075 2597 4129 καὶ
2643 4072 2894 4142 Ἐφεσίου
2920 4070 3297 4137 Θεοδοτίωνος,
3331 4072 3391 4136 ὃς
3413 4072 3514 4143 τῆς
3542 4072 3807 4143 αἱρέσεως

2219 4168 2547 4242 Μαρκίωνος
2575 4166 2674 4231 ὣν,
2716 4166 2814 4219 καλ⁵
2870 4166 3104 4239 μηνίσας
3131 4167 3262 4220 ποτὲ
3290 4167 3402 4229 τοῖς
3454 4164 3811 4237 συναιρεσιώο

2220 4279 2362 4327 ταις,
2404 4260 2620 4313 ἔκδοσιν
2663 4258 2802 4312 ἰδίαν
2853 4258 3178 4327 ἐποιήσατο,
3232 4256 3616 4329 βασιλεύοντος
3656 4259 3810 4329 Κομ-

2222 4355 2408 4424 μόδου.
2454 4353 2521 4406 Ἦ
2543 4352 2601 4406 δὲ
2628 4351 2856 4421 πέμπτη
2878 4351 3167 4423 ἑρμηνεία,
3203 4352 3416 4420 πατέρα
3446 4351 3545 4418 μὲν
3573 4353 3673 4406 οὐκ
3695 4350 3809 4423 ἔχει

2220 4446 2520 4516 γνώριμον,
2552 4443 2751 4514 εὑρέθη
2781 4445 2825 4499 δ’
2852 4443 2945 4498 οὖν
2966 4445 3027 4496 ὲν
3059 4443 3292 4514 Ίεριχῶ,
3316 4444 3458 4514 πίθῳ
3484 4445 3808 4514 κεκρυμμέ-

2221 4556 2311 4608 νη,
2361 4536 2724 4608 Καρακάλλου
2777 4535 3174 4606 βασιλεύοντος.
3219 4535 3331 4590 Καὶ
3378 4534 3570 4606 ἠὲκτη
3606 4535 3684 4598 δὲ,
3716 4536 3811 4590 ἀν-

2221 4628 2437 4699 ώνυμος
2461 4625 2617 4694 οὖσα,
2637 4629 2736 4698 τὴν
2756 4627 2973 4699 εὕρεσιν
3009 4627 3201 4697 ὁμοίαν
3225 4627 3385 4698 ἔσχεν
3408 4629 3465 4681 ἐν
3492 4627 3811 4693 Νικοπόλει,

2221 4724 2286 4791 τῇ
2311 4719 2454 4775 κατὰ
2479 4721 2540 4773 τὸ
2567 4720 2809 4783 Ἀκτιον,
2863 4718 2958 4772 ἐπὶ
2985 4717 3339 4789 Ἀλεξάνδρου
3381 4716 3476 4771 τοῦ
3524 4708 3806 4791 Μαμαίου.

2235 4813 2468 4882 Ἑϐδόμη
2502 4810 2560 4865 δὲ
2612 4810 2823 4881 προέϐη
2878 4811 3035 4881 παρὰ
3063 4809 3369 4864 Λουκιανοῦ
3416 4809 3507 4863 τοῦ
3565 4811 3815 4881 μεγάλου

2222 4902 2467 4974 ἀσκητοῦ
2514 4902 2611 4956 καὶ
2644 4900 2944 4971 μάρτυρος,
2995 4899 3055 4962 ὃς
3083 4901 3200 4962 ταῖς
3231 4899 3667 4972 προρρηθείσαις
3690 4902 3808 4955 ὲπιο

531 5007 733 5053 etcum
768 4996 1034 5053 llcbraica
1068 4997 1300 5053 veritate
1328 4999 1778 5083 diligentissime,
1816 5008 1872 5056 ct
1911 5015 2112 5072 magno

2224 4993 2429 5062 στήσας
2462 4991 2731 5057 ὲκδόσεσι,
2763 4991 2857 5044 καὶ
2889 4991 3001 5051 τοῖς
3042 4988 3353 5057 Ἑϐραϊκοῖς
3377 4988 3808 5060 φιλοπονώτερον

533 5104 661 5144 eum
726 5089 914 5144 labore
959 5089 1200 5153 collatis,
1251 5091 1531 5159 propriam
1593 5090 1920 5156 editionem,
1975 5092 2112 5149 nihil

534 5194 792 5236 mancum
833 5188 886 5234 et
919 5180 1055 5234 nihil
1090 5179 1387 5236 habentem
1424 5178 1792 5250 superﬂuum,
1835 5181 2113 5237 Christia-

532 5275 618 5329 nis
641 5272 871 5328 tradidit
902 5288 916 5327 :
947 5286 1067 5342 quae
1110 5270 1253 5341 apud
1308 5270 1708 5333 Nicomediam.
1771 5288 1935 5328 manu
1988 5273 2112 5343 ejus

531 5365 846 5435 conscripta
891 5372 1108 5431 reperta
1144 5372 1222 5416 est
1268 5360 1322 5414 in
1355 5371 1505 5417 turre
1532 5363 1794 5431 quadam,
1837 5365 1981 5435 apud
2011 5364 2107 5419 Ju-

531 5457 677 5512 daeos
702 5456 857 5511 calce
897 5454 1056 5515 illita,
1116 5460 1238 5522 post
1289 5452 1468 5523 ipsius
1520 5454 1750 5509 aniani
1805 5466 2106 5520 certamen.

535 5557 587 5606 et
622 5559 747 5619 post
786 5549 1249 5617 persecutionem,
1296 5561 1418 5616 quae
1471 5561 1501 5600 a
1555 5544 1893 5605 Diocletiano
1932 5557 1987 5605 et
2027 5547 2106 5619 (7)

621 5729 664 5761 "
699 5723 860 5781 Deut.
918 5742 999 5792 Ill,
1030 5725 1124 5779 25.

2216 5085 2477 5157 ἐντυχὼν,
2508 5086 2603 5139 καὶ
2624 5083 3077 5155 ἀκριϐωσάμενος
3117 5081 3330 5135 ἔκδοσιν
3359 5081 3686 5152 ίδιόκληρον,
3712 5081 3806 5134 καὶ

2218 5178 2390 5250 μηδὲν
2436 5177 2685 5231 ἐλλεῖπον
2738 5174 2772 5246 ἢ
2827 5174 3084 5247 περιττὸν
3120 5173 3393 5244 ἔχουσαν,
3456 5175 3806 5245 Χριστιανοῖς

2215 5272 2533 5342 ἐποιήσατο,
2563 5268 2686 5340 ἥτις
2713 5265 2916 5338 εὑρέθη
2948 5266 3093 5321 κατὰ
3137 5267 3530 5345 Νικομήδειαν,
3562 5265 3801 5335 ίδιόγρα-

2218 5378 2318 5430 φος
2341 5358 2528 5425 αὑτοῦ,
2559 5359 2619 5411 ἐν
2648 5356 2958 5429 πυργίσκῳ,
2978 5353 3129 5424 παρᾶ
3154 5352 3428 5416 Ἰουδαίοις
3460 5350 3804 5421 κεχρισμὲνῳ

2216 5454 2532 5522 κονιάματι,
2569 5450 2705 5521 μετὰ
2756 5448 2854 5521 τὴν
2900 5447 3130 5519 ἄθλησιν
3162 5444 3351 5511 αὑτοῦ,
3383 5444 3480 5498 καὶ
3523 5442 3618 5497 τὸν
3650 5440 3805 5512 παρὰ

2216 5541 2602 5615 Διοκλητιανοῦ
2671 5543 2764 5596 καὶ
2801 5536 3147 5612 Μαξιμιανοῦ
3195 5535 3454 5607 διωγμὸν,
3513 5534 3805 5589 Κωνστανη

1917 5821 2114 5885 Variae
2148 5816 2476 5879 lectiones.

602 5927 679 6000 (Ἰ)
709 5928 843 5986 Cod.
882 5929 1015 5985 Ven.
1053 5927 1430 5998 Μαξιμιανοῦ,
1471 5913 1823 5987 Maximiani,
1879 5935 1931 5983 ct
1959 5935 2103 5981 recte
2136 5919 2375 5995 quidem.
