4146 6446
217 3291 249 3312 ρ

290 364 374 430 '65

1460 357 1865 421 COMMENT.
1894 357 1977 417 IN
2018 356 2386 419 PSALIIOS.

3468 362 3579 425 '56

292 478 445 533 τίνω
500 475 595 530 τοῦ
625 472 884 542 Μεγάλου
933 470 1037 543 τὴν
1087 469 1366 542 βασιλείαν
1414 467 1719 533 διέποντος.
1747 467 1901 536 Αὕτη

2010 465 2311 520 Maximino
2353 466 2497 522 tacta
2525 473 2632 532 est,
2669 466 2775 523 sub
2825 481 3026 538 magno
3066 469 3401 540 imperatore
3429 471 3583 528 Con-

296 567 517 638 συνᾲδει
550 568 619 636 τῇ
650 565 761 617 τῶν
780 562 1182 634 ὲόδομήκοντα,
1208 560 1279 615 τά
1303 557 1765 631 περιεφθαρμένα
1782 557 1893 614 τῶν

292 657 476 712 ἄλλων
505 653 799 711 άθετοῦσα.

382 833 597 887 Ἐκεῖνο
632 832 734 903 μὲν
757 828 853 886 οὖν
885 831 1177 903 πρόδηλον,
1207 832 1289 884 δτι
1324 829 1575 901 καθάπερ
1616 827 1686 882 τὰ
1722 826 1894 898 θρέμ-

298 942 458 995 ματα
482 927 594 987 τοῖς
625 924 960 995 αὐλήμασιν,
993 921 1136 975 οὕτω
1165 922 1223 976 δὲ
1272 923 1367 975 καὶ
1401 921 1429 974 ὁ
1470 921 1640 984 πολὺς
1683 919 1894 991 ἄνθρω-

298 1036 403 1082 πος
428 1019 621 1086 ἄγεται
668 1018 763 1070 καὶ
797 1017 1049 1070 καλεῖται
1092 1017 1303 1086 μέλεσι.
1339 1017 1481 1069 Πολὺ
1510 1017 1566 1070 δὲ
1599 1014 1729 1087 παρ’
1761 1016 1893 1084 ἡμῖν

298 1111 364 1162 τὸ
398 1110 532 1180 θῆλυ
589 1108 685 1163 τοῦ
719 1109 973 1180 ἄρρενος,
995 1110 1090 1162 καὶ¹
1124 1109 1224 1163 οὐκ
1254 1110 1476 1163 ἔλαττον
1498 1110 1558 1161 τὸ
1595 1108 1774 1176 ἄωρον
1796 1105 1891 1159 τοῦ

297 1201 728 1273 καθεστηκότος,
757 1201 817 1253 τὸ
852 1199 1044 1272 ἄγριον
1077 1200 1171 1255 τοῦ
1219 1202 1591 1273 ήμερωτέρου,
1642 1202 1703 1253 τδ
1728 1199 1894 1252 ἀπαί-

284 1293 490 1347 δευτον
518 1292 614 1347 τοῦ
648 1293 1111 1364 πεπαιδευμένου.
1147 1295 1255 1347 Καὶ
1281 1295 1341 1348 ἐν
1372 1294 1523 1365 αὑτῷ
1556 1294 1660 1364 μὲν
1688 1294 1766 1364 τῷ
1794 1287 1894 1366 ἄρα

302 1387 420 1456 ρενι
446 1384 509 1436 τὺ
538 1384 642 1453 μὲν
667 1383 886 1447 λογικὸν
915 1384 1009 1453 τῆς
1037 1384 1219 1455 ψυχῆς
1267 1384 1464 1454 μέρος·
1495 1384 1556 1436 τὸ
1586 1384 1644 1437 δὲ
1696 1384 1890 1452 άλογον

299 1476 399 1528 καὶ
433 1474 718 1546 θηριιῖιδες,
749 1467 826 1529 ὧν
847 1476 1068 1529 πάντων
1115 1476 1148 1546 ὴ
1185 1475 1348 1547 ἠδονὴ
1384 1477 1597 1546 κρατεῖ.
1630 1476 1731 1528 Διὰ
1761 1473 1890 1543 γοῦν

297 1565 475 1619 ταῦτα
502 1569 597 1618 καὶ
652 1567 813 1636 μέλος
858 1566 968 1621 τῶν
996 1565 1248 1638 ψαλμῶν,
1302 1568 1373 1621 δι’
1419 1562 1479 1622 οὗ
1540 1567 1888 1631 συνειλεῐται,

297 1657 562 1728 καθάπερ
613 1659 701 1711 διὰ
752 1658 1012 1729 περόνης,
1067 1661 1188 1723 ταῖς
1215 1658 1419 1732 ψυχαῖς
1453 1663 1487 1732 ἡ
1542 1661 1649 1714 ἀπὸ
1682 1660 1890 1713 τούτων

296 1748 564 1818 ὠφέλεια,
591 1748 652 1802 τὸ
680 1751 955 1822 αὐστηρὸν
985 1752 1094 1804 τῶν
1135 1752 1525 1824 πνευματικῶν
1554 1752 1887 1822 φαρμάκων,

295 1841 377 1904 ὡς
411 1842 632 1911 μέλιτός
660 1860 826 1908 τινος,
864 1842 1279 1911 συναλοιοῦντος
1328 1845 1542 1911 τούτου,
1579 1847 1674 1899 καὶ
1721 1863 1890 1900 κατασ

301 1933 782 2003 φαρμακεύοντος,
814 1934 912 1987 καὶ
940 1936 1057 1998 τοῖς
1101 1935 1254 2005 ἡδέσι
1285 1936 1353 1989 τὰ
1385 1934 1644 2006 λυσιτελῆ
1678 1924 1896 2005 παραρ-

300 2026 549 2089 τύοντος.
605 2027 679 2079 Τὸ
717 2026 1072 2099 χαριέστερον
1137 2029 1247 2099 γὰρ
1290 2028 1461 2099 ἡδέως
1514 2027 1893 2097 ὲγκαταδύνει,

299 2116 404 2170 καὶ
436 2114 814 2187 μονιμώτερον
839 2117 1074 2185 γίνεται.
1104 2119 1329 2190 Πρῶτον
1358 2118 1456 2189 μὲν
1485 2118 1646 2172 τοῦτο
1673 2117 1768 2172 τοῦ
1801 2119 1899 2189 μέ-

302 2206 438 2269 λους
463 2206 658 2263 αἴτιον.
680 2207 833 2260 Ἐπεὶ
858 2207 914 2262 δὲ
942 2207 1031 2262 διὰ
1065 2211 1160 2281 τῆς
1189 2209 1479 2281 ἀπατηλῆς
1508 2210 1895 2281 ἡδονῆςάπόλ-

302 2296 434 2350 luat
466 2297 558 2350 τὸν
604 2297 894 2370 ἄνθρωπον
947 2298 977 2350 δ
1041 2297 1253 2370 ἐχθρὸς,
1298 2300 1460 2353 πάλιν
1490 2298 1579 2353 διὰ
1630 2301 1730 2370 τῆς
1768 2299 1897 2353 άτέ-

308 2405 443 2457 χνου
466 2389 545 2459 (8)
584 2388 787 2461 ταύτης
808 2390 902 2444 καλ¹
923 2390 1270 2463 οἰκονομικῆς
1305 2391 1681 2455 ἀνασώζεσθαι
1708 2392 1898 2445 τοῦτον

294 2482 333 2534 ὁ
364 2480 503 2543 Θεδς
545 2481 864 2551 ἐπενόησεν.
914 2482 1097 2537 Αἴτιον
1146 2483 1240 2536 καὶ
1283 2482 1447 2536 τοῦτο
1499 2482 1755 2553 δεύτερον
1801 2479 1896 2536 τοῦ

299 2567 674 2639 μελίσματος.
702 2569 778 2624 Τδ
797 2570 855 2625 δὲ
883 2572 1087 2643 τρίτον,
1118 2573 1202 2627 ὅτι
1231 2573 1307 2645 (9)
1337 2574 1431 2627 καὶ
1458 2573 1680 2643 ἀγάπην
1710 2576 1923 2627 ὲπινε-.

307 2654 506 2725 νόηται
538 2656 635 2709 καὶ
661 2657 936 2728 ὁμόνοιαν,
981 2658 1170 2732 ὥσπερ
1197 2662 1296 2725 τὰς
1320 2660 1573 2731 γλώσσας
1600 2662 1709 2717 τῶν
1740 2663 1898 2735 ᾀδόν-

308 2761 446 2812 των,
479 2745 623 2800 οὕτω
666 2746 762 2801 καὶ
787 2749 884 2813 τὰς
911 2749 1137 2822 γνώμας
1165 2752 1243 2814 εἰς
1276 2752 1335 2805 ἓν
1366 2753 1619 2820 συνάγειν
1667 2752 1902 2823 δυνάμε-

310 2853 429 2903 νον,
464 2837 562 2892 καὶ
597 2840 1043 2912 συναρμολογεῖν,
1070 2844 1253 2906 πάσας
1282 2861 1341 2897 τε
1372 2844 1465 2897 καὶ
1494 2844 1732 2916 ἑκάστην
1771 2843 1901 2898 ἑκά-

308 2945 423 3001 στῃ
466 2932 566 2984 καὶ
618 2932 851 2997 πάσαις·
882 2935 937 2988 τί
986 2934 1095 3006 γάρ
1125 2935 1298 2999 οὕτως
1323 2934 1441 2988 ἐστὶ
1463 2934 1899 3006 διαλλακτήριον,

306 3022 393 3084 ὡς
427 3019 585 3093 ᾆσμα
614 3025 794 3077 κοινὸν
830 3026 1124 3097 ἱκετήριον,
1178 3026 1239 3091 ἐξ
1290 3027 1521 3081 ἑκάστου
1554 3027 1646 3080 καὶ
1680 3027 1899 3081 πάντων

308 3113 464 3181 ὑπὲρ
484 3115 715 3172 ἑκάστου
744 3115 841 3171 καὶ
873 3118 1092 3172 πάντων
1121 3118 1563 3189 άναφερόμενον;
1598 3119 1708 3172 Καὶ
1731 3119 1901 3190 χωρὶς

302 3205 375 3259 δὲ
396 3208 625 3274 τούτων,
664 3210 863 3282 πολλὴν
884 3210 999 3283 ἔχει
1023 3211 1084 3265 τὸ
1119 3211 1281 3283 μέλος
1308 3212 1538 3282 δύναμιν
1571 3213 1710 3282 πρὸς
1738 3213 1903 3285 ἧθους

312 3301 688 3370 κατασκευὴν,
711 3302 743 3373 ἢ
769 3302 1162 3372 ἐπανόρθωσιν,
1197 3303 1564 3374 μεταλλάττον
1596 3305 1689 3357 καὶ
1709 3303 1907 3374 ῥυθμί-

308 3390 413 3451 ζον
443 3385 610 3442 αὑτι5⁶
668 3392 986 3461 σωςιρονικά
1008 3409 1069 3445 τε
1116 3392 1227 3463 γὰρ
1258 3392 1408 3464 παρὰ
1449 3396 1559 3458 τοῖς
1616 3394 1933 3464 ἁρχαιοτέ-’

316 3500 437 3552 ροις
467 3478 612 3536 εἶναι
652 3484 765 3556 (i0)
801 3484 962 3555 μέλη,
1015 3485 1111 3539 καὶ
1139 3486 1452 3541 τούναντίον
1500 3487 1742 3557 ἐρωτικὰ
1762 3525 1779 3551 ,
1810 3488 1906 3541 καὶ¹

310 3575 687 3645 πολεμοποιὰ,
723 3577 819 3630 καὶ
846 3577 1123 3649 εἰρηνικὰ,
1175 3577 1270 3632 καὶ
1295 3577 1538 3649 λυπηρὰ,
1571 3581 1664 3633 καὶ
1690 3579 1907 3650 χαρίεν-

308 3682 404 3729 τα,
450 3668 549 3719 καὶ
583 3669 914 3737 ρωννύοντα,
969 3669 1064 3722 καὶ
1096 3669 1466 3740 ἀμϐλύνοντα.
1497 3672 1667 3725 Φασὶν
1698 3673 1781 3725 ὅτι
1807 3672 1905 3725 καὶ

312 3757 670 3829 Πυθαγόρας,
706 3762 993 3832 μειράκιον
1020 3765 1265 3827 ἐκτόπως
1299 3761 1463 3834 ἐρῶν,
1519 3764 1904 3838 μεταστρέψας

308 3851 407 3903 τὸν
450 3852 638 3918 αὐλὸν,
692 3854 1023 3926 μετέστρεφε
1068 3859 1164 3909 καὶ
1213 3856 1309 3909 τοῦ
1353 3855 1588 3926 ἔρωτος·
1626 3858 1721 3910 καὶ
1773 3855 1904 3910 ἄλλο

312 3943 463 4012 μετὰ
501 3941 687 4011 ξίφους
717 3944 906 4021 όρμῶν
929 3945 1202 4012 ἐξέλυσεν.
1231 3946 1293 4000 '0
1323 3947 1379 4000 δὲ
1404 3947 1668 4017 Τιμόθεος
1699 3945 1902 4017 μεταξῦ

306 4034 600 4104 τραπέζης
642 4035 737 4089 καὶ
779 4038 973 4108 ἡδονῆς
1004 4037 1094 4092 τὸν
1148 4038 1312 4109 νόμον
1376 4038 1514 4110 ᾄσας
1556 4039 1648 4091 τὸν
1696 4038 1901 4109 ὄρθιον,

306 4127 407 4179 τὸν
456 4125 633 4195 θυμὸν
656 4128 847 4199 ἤγειρε
885 4128 980 4182 τοῦ
1020 4129 1371 4195 Μακεδόνος,
1425 4128 1524 4183 καὶ
1577 4130 1905 4200 ἁρπάσαντα

306 4218 417 4287 τὴν
454 4217 660 4289 σκευὴν
688 4218 1038 4290 ἀναπηδῆσαι
1074 4220 1369 4290 πεποίηκε.
1400 4218 1558 4275 Οὕτω
1587 4219 1720 4288 γοῦν
1746 4218 1904 4290 ἡμῶν

309 4308 349 4376 ἠ
380 4306 552 4374 φύσις
571 4307 788 4371 οἰκείως
810 4308 926 4379 ἔχει
961 4308 1095 4380 πρδς
1120 4310 1192 4362 τὰ
1222 4309 1360 4381 μέλη
1383 4308 1493 4363 τῶν
1515 4310 1778 4382 ᾀσμάτων
1809 4310 1905 4362 καὶ

306 4395 514 4468 ἡδέως,
549 4396 626 4460 ὡς
652 4397 744 4451 καὶ
774 4400 844 4451 τὰ
881 4399 1166 4471 ὑπομὰζια
1197 4399 1388 4454 παιδία
1422 4399 1905 4472 κλαυθμυριζόμε-

1997 562 2267 615 stantium.
2302 558 2427 614 Ilico
2451 574 2577 613 cum
2606 558 2751 612 LXX
2787 559 3148 628 interpretum
3170 561 3414 619 editione
3442 579 3585 620 con-

1997 652 2191 717 sentit,
2220 660 2277 706 et
2300 665 2429 721 qua:
2459 650 2531 706 ab
2563 651 2688 706 aliis
2712 651 3007 720 depravata
3034 651 3280 718 Inerant,
3310 656 3583 724 reproba-

1997 741 2095 796 vit.

2068 833 2207 888 illud
2272 841 2457 890 autem
2520 833 2784 891 omnibus
2845 834 3198 891 manifestum
3250 846 3374 904 est,
3435 824 3619 909 quod.

1992 927 2464 996 quemadmodum
2522 941 2716 998 greges
2784 927 3008 992 ﬁstula,
3058 931 3142 984 sic
3202 931 3368 985 etiam
3423 934 3582 988 multi

1994 1017 2281 1072 hominum
2314 1025 2556 1087 aguntur
2606 1029 2661 1071 ct
2690 1018 3002 1072 mulcentur
3029 1022 3367 1079 carminibus
3397 1040 3411 1077 :
3440 1024 3588 1079 inter

1996 1108 2249 1162 homines
2285 1117 2471 1162 autem
2517 1108 2692 1161 multo
2749 1109 2923 1178 magis
2984 1110 3183 1165 femina
3242 1128 3406 1181 quam
3446 1115 3575 1180 vir;

1994 1213 2098 1253 nec
2135 1198 2320 1253 minus
2349 1198 2512 1252 etiam
2551 1201 2597 1254 is
2629 1199 2725 1269 qui
2752 1201 3055 1255 immatura:
3079 1210 3165 1257 est
3196 1204 3393 1270 aetatis,
3417 1221 3586 1274 quam

1999 1291 2093 1359 qui
2164 1289 2323 1346 senio
2408 1289 2736 1357 confectus;
2814 1299 2911 1344 aut
2983 1293 3079 1361 qui
3147 1291 3389 1349 ferocior
3460 1303 3587 1363 est,

1995 1395 2163 1451 quam
2223 1381 2318 1452 qui
2379 1382 2609 1448 mitior;
2676 1392 2769 1437 aut
2808 1382 2988 1438 .docto
3042 1383 3364 1442 indoctior:
3413 1398 3469 1445 et
3527 1390 3588 1445 in

1995 1470 2113 1539 ipso
2152 1471 2374 1541 quidem
2426 1472 2649 1526 homine
2716 1472 2825 1527 alia
2888 1483 2976 1528 est
3035 1475 3325 1532 rationalis
3387 1480 3589 1535 animus

1993 1578 2121 1633 pars
2178 1575 2235 1619 et
2292 1564 2397 1619 alia
2455 1565 2798 1620 irrationalis
2859 1580 2925 1620 ac
2974 1566 3178 1642 ferinal
3214 1583 3356 1639 quas
3394 1587 3588 1627 omines

1997 1664 2179 1710 tamen
2224 1655 2479 1725 voluptas
2521 1656 2692 1710 vincit
2728 1671 2793 1710 ac
2830 1666 3077 1726 superat.
3132 1661 3245 1717 Hac
3300 1663 3469 1731 igitur
3518 1664 3589 1719 de

2000 1748 2567 1816 causa'psalmorum
2624 1756 2823 1804 cantus
2893 1749 3244 1808 introductus
3308 1761 3435 1820 est,
3490 1770 3593 1824 per

1922 1824 2158 1908 “quem
2218 1839 2452 1906 utilitas,
2514 1855 2636 1908 quae
2694 1840 2765 1895 ab
2820 1842 2955 1909 ipsis
3010 1842 3248 1911 psalmis
3305 1848 3589 1915 provenit,

2000 1930 2259 1986 humanis
2297 1930 2500 1986 animis
2547 1930 2718 1986 veluti
2764 1946 2862 2000 per
2890 1931 3113 1987 ﬁbulam
3153 1935 3449 2004 quamdam
3486 1938 3591 1992 ad-

2000 2021 2242 2077 nectitur
2281 2030 2334 2076 et
2362 2022 2720 2093 conjungitur
2752 2043 2766 2078 :
2810 2024 2934 2093 ipso
2967 2024 3185 2079 scilicet
3212 2034 3403 2091 cantu,
3430 2027 3592 2096 quasi

2000 2114 2158 2172 melle
2188 2114 2450 2186 quodam,
2492 2115 2768 2171 alterantc
2810 2131 2879 2170 ac
2920 2116 3243 2171 moderante
3271 2118 3588 2188 spiritualia

2000 2208 2292 2264 medicina:
2329 2208 2756 2273 austeritatem,
2813 2216 2870 2264 et
2926 2208 3082 2264 utilia
3136 2209 3389 2267 dulcibus
3446 2226 3590 2268 con-

2000 2301 2206 2356 diente.
2244 2298 2380 2355 Nam
2419 2299 2565 2369 quod
2603 2309 2820 2371 gratum
2866 2310 2977 2365 est,
3018 2300 3071 2354 id
3117 2300 3419 2370 jucundius
3447 2304 3590 2380 reci:

1997 2393 2151 2464 pitur
2175 2404 2229 2448 et
2257 2393 2605 2448 constantius
2630 2391 2920 2446 retinetur.
2950 2391 3077 2446 [late
3103 2401 3190 2447 est
3224 2393 3389 2462 igitur
3412 2373 3627 2461 prima“

2000 2492 2197 2540 cantus
2230 2484 2391 2539 ratio.
2429 2481 2684 2538 Secunda
2716 2497 2849 2537 vero
2881 2482 2972 2538 illa
3011 2493 3096 2537 est
3126 2499 3142 2537 :
3175 2482 3303 2553 quia
3336 2482 3485 2564 inani
3526 2498 3593 2538 ac

2005 2576 2138 2633 falsa
2179 2576 2482 2647 voluptate,
2517 2575 2735 2630 daemon
2781 2574 3061 2629 hominem
3108 2574 3445 2644 perdiderat,
3488 2592 3589 2631 co-

2001 2669 2201 2739 gitavit
2236 2668 2380 2724 Deus
2412 2682 2514 2738 per
2552 2666 2828 2731 eamdem,
2879 2665 3185 2720 artiﬁciose
3239 2666 3590 2737 dispositam,

2003 2760 2157 2818 illum
2191 2773 2391 2816 rursus
2438 2757 2675 2815 salvare.
2726 2756 2939 2821 Tertio,
2993 2765 3196 2812 cantus
3243 2757 3312 2813 ad
3342 2748 3645 2814 mutuam”

2005 2851 2357 2909 concordiam
2395 2860 2451 2906 et
2503 2850 2855 2906 dilectionem
2909 2849 3176 2905 inventus
3219 2860 3350 2905 est:
3400 2857 3596 2920 utpote

2005 2943 2098 3013 qui
2130 2943 2324 3014 possit,
2357 2952 2418 2998 ut
2448 2941 2768 2997 canentium
2810 2953 2998 3006 voces,
3037 2941 3110 2994 ita
3142 2946 3198 2995 ct
3240 2954 3431 2995 eorum
3473 2943 3595 2997 ani-

2005 3049 2148 3098 mos,
2180 3033 2237 3088 in
2281 3047 2450 3087 unum
2478 3044 2831 3101 componere.
2863 3029 3004 3094 Ouid
3044 3023 3189 3085 enim
3226 3040 3313 3085 est
3338 3032 3486 3101 quod
3519 3033 3594 3088 ita

2007 3123 2327 3179 inimicitias
2369 3130 2619 3190 generet.
2654 3128 2715 3176 ut
2762 3130 2965 3176 contus
3002 3122 3304 3177 amicitiam
3348 3132 3408 3179 et
3439 3139 3598 3179 amo-

2012 3230 2125 3270 rem
2154 3212 2467 3269 conciliat?
2501 3212 2594 3267 ille
2629 3211 2888 3268 videlicet
2926 3221 3142 3277 cantus,
3182 3214 3276 3283 qui
3307 3228 3336 3267 a
3364 3214 3596 3284 singulis

2010 3314 2177 3376 atque
2218 3305 2287 3358 ab
2328 3301 2617 3366 omnibus,
2669 3315 2773 3372 pro
2821 3302 3055 3371 singulis
3104 3312 3159 3357 et
3198 3318 3297 3373 pro
3332 3305 3597 3360 omnibus

2009 3397 2376 3452 communiter
2412 3395 2649 3451 oﬂ'ertur
2703 3394 2836 3449 Deo.
2873 3392 3005 3466 [Aut
3039 3396 3291 3465 quisnam
3324 3396 3461 3451 adeo
3509 3402 3598 3452 est

2009 3487 2235 3543 immitis
2261 3496 2315 3543 et
2343 3488 2519 3551 ferox,
2536 3487 2640 3557 qui
2666 3485 2820 3541 illum
2848 3486 3028 3555 possit
3060 3486 3343 3541 inimicum
3367 3487 3598 3554 ducere,

2008 3593 2170 3647 quem
2229 3580 2371 3633 sciat
2402 3578 2566 3632 Deum
2606 3591 2706 3645 pro
2734 3591 2795 3633 se
2824 3575 3069 3646 placasse
3085 3574 3130 3648 τ’]
3189 3575 3414 3630 Multam
3455 3572 3643 3647 prii“

2010 3679 2156 3725 terea
2193 3669 2298 3722 vim
2349 3667 2638 3723 harmonia
2680 3668 2843 3721 habet
2903 3676 2960 3721 et
3012 3675 3230 3731 cantus,
3274 3676 3332 3721 ut
3382 3668 3597 3737 possint

2008 3766 2062 3814 et
2091 3760 2267 3814 bonos
2289 3772 2469 3815 mores
2505 3772 2730 3829 parare,
2773 3765 2829 3812 et
2874 3754 3154 3822 labantes,
3205 3764 3300 3811 aut
3352 3757 3597 3826 perditos

2008 3849 2267 3920 dirigere,
2319 3857 2486 3919 atque
2539 3848 2596 3902 in
2659 3847 2861 3902 melius
2913 3862 3268 3916 componere.
3339 3846 3595 3917 Legimus

2008 3938 2176 3993 etiam
2211 3936 2356 4007 apud
2398 3939 2659 4007 antiquos
2711 3943 2994 4001 auctores,
3036 3935 3193 3989 varia
3240 3933 3416 3990 fuisse
3465 3949 3597 3989 can-

2010 4039 2164 4085 tuum
2201 4044 2428 4100 genera,
2458 4029 2535 4083 ita
2569 4035 2628 4081 ut
2664 4027 2754 4081 alii
2793 4027 2931 4081 casti
2965 4034 3154 4082 essent
3196 4035 3250 4081 et
3283 4029 3594 4096 temperati,

2005 4120 2099 4176 alii
2140 4119 2419 4185 amatorii,
2471 4118 2565 4172 alii
2606 4119 2773 4174 etiam
2814 4117 3021 4183 bellici,
3058 4117 3140 4173 sic
3176 4125 3231 4171 et
3277 4118 3492 4187 paciﬁci
3540 4125 3598 4171 et

2007 4212 2189 4266 moesti
2243 4225 2307 4265 ac
2366 4209 2678 4281 lugubres:
2730 4208 2824 4263 alii
2876 4208 3113 4278 denique
3164 4209 3356 4274 robur,
3412 4218 3469 4263 et
3500 4209 3594 4262 alii

2008 4304 2401 4362 liebctudinem
2428 4310 2777 4374 prmstanles.
2817 4303 2988 4356 Aiunt
3028 4300 3172 4355 enim
3204 4301 3594 4373 Pythagoram,

2008 4396 2374 4453 adolescentis
2431 4394 2725 4449 immodice
2787 4393 3072 4459 amantis,
3151 4393 3375 4448 mutatis
3448 4393 3594 4448 tibia:

308 4506 405 4552 να,
459 4489 674 4552 τούτοις
717 4490 814 4543 καὶ
854 4490 1040 4559 μόνοις
1088 4489 1610 4560 κατακοιμίζεσοαιο
1661 4489 1901 4563 κατεπᾴ-

2009 4488 2207 4554 modis,
2264 4502 2507 4541 amorem
2555 4484 2720 4541 simul
2763 4492 3028 4549 mutasse,
3083 4492 3137 4538 et
3189 4483 3355 4537 alium
3411 4482 3597 4553 gladio

306 4578 467 4632 δουσι
499 4578 609 4649 γὰρ
636 4579 859 4650 ᾅσματα
889 4580 1114 4635 παιδικὰ
1141 4581 1358 4644 τούτοις
1379 4582 1433 4634 αἱ
1461 4580 1661 4645 τίτθαι,
1708 4580 1805 4634 καὶ
1835 4579 1904 4633 δι’

309 4668 501 4722 αὐτῶν
523 4670 979 4741 κατακοιμίζουσι
1001 4671 1068 4726 τὰ
1100 4673 1370 4743 βλέφαρα.
1390 4672 1501 4727 Καὶ
1532 4671 1802 4744 ὁδοιπόροι
1823 4672 1904 4738 δὲ,

309 4762 585 4825 πολλάκις
614 4764 754 4817 κατὰ
790 4763 1140 4834 μεσημϐρίαν
1182 4763 1520 4828 ἐλαύνοντες,
1551 4763 1760 4836 ᾄσματι
1803 4781 1907 4816 πα·
1938 4774 1944 4780 “

312 4851 691 4926 ραμυθοῦνται
723 4853 822 4925 τὴν
839 4854 903 4907 ὲκ
924 4853 1025 4924 τῆς
1038 4854 1350 4927 ὁδοιπορίας
1372 4853 1764 4924 ταλαιπωρίαν.
1789 4853 1903 4907 Καὶ

311 4946 663 5016 χειροτέχναι
718 4945 919 5007 πάντες
971 4946 1334 5018 ἐργαζόμενοι
1383 4945 1638 5017 ᾅδουσιν,
1692 4944 1770 5008 ὡς
1802 4944 1903 5015 τῆς

307 5040 495 5108 ψυχῆς
513 5037 593 5107 τῷ
624 5036 778 5107 μέλει
809 5036 1206 5110 κυκλουμένης,
1236 5038 1333 5091 καὶ
1366 5039 1498 5108 ῥᾷον
1528 5035 1803 5108 φερούσης
1834 5036 1906 5089 τὰ

308 5131 527 5202 ὀχληρά
558 5131 652 5183 καὶ
681 5129 937 5185 ἐπίπονα.
984 5131 1094 5184 Καὶ
1121 5132 1174 5184 τί
1203 5131 1284 5185 δεῖ
1310 5131 1493 5200 λέγειν
1525 5129 1787 5201 περὶτῶν
1818 5129 1908 5181 λο-

308 5224 532 5293 γικῶνς
569 5225 706 5277 ὅπου
762 5240 827 5293 γε
878 5223 973 5278 καὶ
1019 5226 1176 5279 ἵπποι
1216 5224 1518 5293 σάλπιγγος
1552 5224 1651 5294 μὲν
1681 5222 1908 5277 ἀκούον-

2007 4576 2344 4632 insilientem
2374 4576 2491 4645 pari
2537 4574 2701 4628 modo
2737 4574 3004 4629 molliissc
3039 4587 3103 4627 ac
3133 4571 3543 4641 compcscuisse
3575 4587 3595 4629 :

2008 4682 2063 4724 et
2109 4667 2465 4723 Timotheum
2512 4667 2567 4721 in
2614 4680 2798 4730 omna,
2833 4673 2998 4734 atque
3055 4664 3200 4718 inter
3259 4666 3597 4733 voluptates,

2010 4760 2142 4817 dum
2188 4770 2416 4816 cantum
2456 4759 2750 4829 quemdam
2781 4765 3027 4822 caneret,
3060 4756 3155 4825 qui
3186 4754 3417 4810 Orthius
3447 4754 3599 4809 dice-

2013 4854 2204 4919 batur,
2237 4853 2483 4908 animum
2512 4850 2698 4906 ferunt
2744 4848 3063 4904 Macedonis
3110 4849 3387 4901 excitasse
3428 4854 3599 4915 atque

2012 4946 2285 5013 eﬂ‘ecisse,
2332 4953 2410 5010 ut,
2446 4950 2668 5013 arrepta
2695 4951 3001 5006 armatura,
3042 4938 3296 5010 protinus
3328 4937 3595 4992 exsiliret.

2012 5039 2165 5093 Adeo
2197 5035 2346 5092 enim
2380 5036 2622 5090 humana
2651 5045 2846 5089 natura
2879 5034 3135 5088 cautibus
3164 5030 3459 5086 familiaris
3489 5038 3597 5093 est,

2014 5131 2205 5201 eisque
2239 5127 2564 5194 delectatur,
2604 5137 2665 5183 ut
2700 5127 2981 5198 vagientes
3027 5127 3193 5181 etiam
3242 5123 3482 5178 infantes
3514 5123 3598 5176 his

2012 5220 2150 5279 solis
2200 5228 2647 5291 compescautur.
2685 5217 2907 5273 Canunt
2946 5216 3150 5287 quippe
3195 5214 3302 5269 illis
3350 5212 3596 5267 nutrices

305 5332 428 5382 τες,
456 5315 594 5387 πρὸς
625 5316 863 5389 πόλεμον
892 5316 1305 5385 εύτρεπῐζονται
1325 5336 1339 5350 ·
1364 5318 1659 5390 θρέμματα
1680 5316 1737 5370 δὲ
1783 5318 1901 5378 ’ταῖς

2016 5309 2257 5382 pueriles
2314 5311 2546 5375 manias,
2599 5310 2801 5381 quibus
2850 5324 3041 5363 eorum
3089 5305 3232 5360 oculi
3279 5302 3592 5371 sopiuntur.

308 5406 570 5480 σύριγξιν
618 5408 867 5477 ἕπονταί,
913 5410 1012 5463 καὶ
1060 5411 1187 5479 τόγε
1245 5409 1409 5464 πλέον
1451 5413 1769 5482 τέρπονται,
1808 5408 1905 5461 καὶ

2024 5402 2283 5458 Viatores
2342 5411 2633 5474 praeterea,
2683 5403 2885 5472 sapius
2918 5400 2985 5454 de
3021 5396 3197 5453 media
3234 5393 3325 5446 die
3358 5390 3595 5461 fatigati,

1673 5561 1873 5626 Varim
1902 5547 2239 5623 lectiones.

393 5720 476 5790 (8)
503 5721 589 5775 ἵσ.
616 5702 892 5790 ἐντέχνου,
918 5724 1054 5790 utet
1085 5715 1315 5790 Latinus
1349 5715 1480 5787 legit
1513 5716 1802 5785 interpres.

392 5788 475 5857 (9)
511 5793 599 5846 ἴσ.
627 5792 710 5847 ὅτι
738 5788 844 5856 εἰς,
869 5788 1093 5859 exploso
1124 5788 1238 5841 καί.

2096 5709 2210 5778 (10)
2238 5706 2626 5778 iDcsideratur,
2666 5703 2748 5757 vel
2788 5710 2939 5756 certe
2986 5696 3313 5778 subapditur
3346 5692 3594 5764 verbum,

2023 5769 2134 5850 quo
2163 5769 2408 5834 inﬁnitus
2439 5769 2578 5827 εἶναι
2614 5769 2857 5839 regatur.
3080 5771 3091 5781 '
