4146 6490
273 3331 291 3345 ι
359 3312 381 3353 ι

531 393 603 459 θυι
1766 376 2119 439 EUTHYMI

2225 374 2381 436 EIGA
2391 374 2567 435 BENI
3722 376 3793 439 68

521 506 742 575 itineris
789 502 1059 566 laborem,
1102 507 1268 555 cantu
1318 510 1383 550 ac
1427 493 1672 551 carmine
1716 493 2097 548 consolantur.

2225 492 2484 545 τιαίονται
2512 507 2524 521 ·
2570 491 2785 554 πολλοῖς
2835 491 2890 544 δὲ
2926 492 3020 545 καὶ
3051 491 3326 564 θέλγητρα
3379 490 3550 545 ταῦτα
3586 492 3792 563 θηρῶν,

519 600 729 656 Omnes
783 598 947 652 etiam
1004 592 1247 648 artiﬁces
1296 589 1576 659 operando
1638 594 1886 652 cantant,
1938 585 2099 656 quasi

518 689 800 760 operantis
851 686 1067 739 animus
1100 681 1341 736 carmine
1378 680 1713 745 mulceatur,
1757 686 1812 735 et
1863 678 2110 732 canendo

520 780 735 837 facilius
764 783 1041 835 molestias
1087 791 1279 830 omnes
1326 774 1564 843 perferat
1602 788 1665 827 ac
1713 772 1954 826 labores.
2026 768 2133 825 Sed

2209 584 2305 637 καὶ
2344 584 2629 654 θήρατρα·
2664 583 2760 637 καὶ
2793 583 2885 652 ὅγε
2919 584 3255 654 μονόκερως,
3314 584 3511 654 μέλους
3542 587 3634 638 καὶ
3661 585 3793 638 κάλ-

2215 677 2340 740 λους
2365 676 2630 745 λάφυρον.

2211 770 2341 840 qnid
2411 787 2551 840 opus
2614 778 2700 825 est
2767 768 3064 824 rationales
3130 770 3383 826 homines
3460 783 3786 837 percensere

517 873 737 942 quando
785 868 1124 924 irrationalia
1163 868 1302 937 ipsa,
1342 866 1470 935 equi
1516 866 1804 926 nimirum,
1860 863 1989 918 tuba
2030 862 2097 918 ad
2138 864 2385 932 praelium
2420 872 2703 933 parentur,
2762 872 2817 917 ct
2844 877 2974 917 oves
3016 862 3256 919 ﬁstulam
3320 874 3645 932 sequantur,
3727 878 3793 918 ac

519 971 655 1018 tunc

750 961 927 1030 magis
987 959 1259 1029 gaudeant
1319 966 1373 1012 et
1426 957 1829 1028 pinguescant?
1882 966 1937 1011 et
1998 955 2131 1010 feris
2172 956 2361 1011 multis
2413 964 2608 1011 c:mtus
2665 971 2720 1011 et
2784 957 3053 1022 carmina,
3119 956 3317 1011 solatio
3363 957 3520 1021 sint,
3608 955 3800 1011 multis

518 1075 581 1117 ea
614 1059 722 1113 sint
746 1073 844 1127 pro
871 1056 1064 1127 plagis,
1102 1061 1197 1108 aut
1228 1053 1479 1124 laqueis?
1504 1053 1622 1123 ipse
1654 1053 1937 1127 siquidem
1969 1052 2257 1127 uiticortiis
2274 1054 2701 1132 pulchritudine
2737 1069 2801 1108 ac
2829 1061 2995 1107 cantu
3029 1064 3343 1122 superatur.

594 1152 800 1208 Verum
835 1153 870 1206 ii
898 1153 991 1221 qui
1031 1151 1215 1206 divina
1249 1150 1469 1204 doctius
1497 1164 1560 1203 ac
1599 1149 1893 1204 sublimius
1932 1149 2104 1203 inter-

524 1246 722 1317 prctati
754 1252 906 1307 sunt,
937 1243 1092 1297 aiunt
1137 1257 1233 1312 per
1270 1249 1489 1295 cantum
1524 1241 1848 1310 organicum
1881 1239 2108 1295 concin—

521 1338 744 1391 nitatem
771 1337 966 1389 animte
993 1335 1314 1406 signiﬁcari.
1346 1333 1553 1387 Animae
1585 1343 1769 1388 autem
1816 1331 2107 1387 concinni-

518 1442 606 1483 tas
636 1437 721 1482 est
749 1427 1115 1480 consonantia
1149 1426 1397 1495 qutcdam
1435 1434 1489 1479 ct
1536 1433 1837 1480 concentus
1882 1424 2100 1477 illarum

522 1519 760 1587 partium
794 1525 848 1571 et
878 1517 1247 1587 potentiorum
1294 1531 1417 1585 quae
1459 1515 1603 1568 intra
1636 1516 1877 1568 animam
1917 1521 2050 1569 sunt
2087 1532 2102 1569 :

521 1611 590 1665 dc
615 1625 721 1680 qua
754 1609 918 1665 latius
961 1608 1234 1663 dicemus.
1267 1606 1645 1662 Consonantia
1681 1605 1825 1660 enim
1868 1614 1953 1660 est
1985 1607 2110 1659 har-

520 1702 706 1756 monia
738 1716 921 1755 rerum
955 1699 1323 1755 diﬁ‘erentinm
1368 1701 1590 1769 quidem
1622 1714 1717 1768 per
1746 1713 1890 1765 sese,
1925 1698 2021 1753 sed
2053 1700 2104 1752 in

521 1811 689 1849 unam
718 1800 905 1862 postea
930 1793 1401 1848 consentientium
1429 1803 1485 1847 et
1510 1792 1962 1846 convenientium
1988 1807 2107 1844 ine-

520 1886 745 1940 lodiam.
776 1885 889 1955 Hoc
918 1893 1101 1939 autem
1136 1884 1323 1938 videre.
1350 1884 1563 1946 licebit,
1595 1885 1815 1953 quando
1840 1884 2112 1953 praecipue

529 1980 1022 2033 consonantiarnm
1055 1981 1318 2040 rationes,
1354 1977 1714 2032 interioribus
1749 1979 1949 2031 anima:
1986 1992 2112 2045 par-

523 2069 673 2123 tibus
700 2069 1064 2139 congruerint
1097 2084 1111 2121 :
1147 2076 1201 2123 et
1257 2068 1405 2123 aliud
1463 2067 1680 2135 quidem
1727 2070 1781 2122 in
1832 2069 2010 2139 primo
2042 2069 2113 2122 sit

523 2158 742 2223 ordine,
774 2168 827 2210 ct
857 2157 1238 2211 tantummodo
1267 2159 1524 2226 imperet,
1582 2171 1861 2227 nunquam
1910 2159 2118 2212 serviat

525 2252 871 2321 (rationalem
895 2261 1097 2319 partem
1130 2248 1163 2303 d
1191 2249 1299 2317 co),
1334 2246 1478 2302 aliud
1506 2258 1686 2302 autem
1721 2246 1872 2318 (pars
1905 2248 2116 2303 scilicet

525 2342 853 2411 irascihilis)
916 2341 1155 2395 medium
1212 2343 1389 2395 locum
1449 2341 1669 2404 haheat,
1719 2352 1772 2395 et
1823 2350 2047 2411 regatur
2085 2354 2116 2394 a

527 2433 727 2501 primo,
764 2435 941 2503 ipsum
973 2441 1157 2487 autem
1192 2433 1488 2503 posteriori
1520 2432 1785 2510 imperet:
1813 2433 1960 2502 quod
1987 2448 2116 2487 vero

525 2531 833 2581 extremum
880 2533 1032 2580 tenet
1079 2526 1290 2587 locum,
1356 2539 1487 2594 pars
1539 2524 1611 2579 sit
1650 2525 2115 2594 concupiscihilis,

527 2632 649 2686 quae
683 2625 898 2670 tantum
949 2626 1162 2685 pareat,
1217 2629 1496 2684 nunquam
1562 2615 1816 2684 imperet.
1856 2615 2012 2670 Tunc
2040 2617 2119 2670 εἱ-

527 2709 753 2778 quidem
781 2710 977 2761 animze
1021 2708 1392 2762 consonantia
1446 2706 1687 2762 inveniri
1745 2709 1949 2773 poterit
2006 2709 2120 2780 (ra-

527 2801 755 2856 tionalis
784 2800 912 2853 dico
944 2800 1113 2870 partis
1136 2801 1203 2853 ad
1229 2798 1615 2870 irascihilcm),
1647 2808 1706 2853 ut
1733 2800 1854 2869 ejus
1873 2801 2113 2865 chordae,

529 2905 653 2961 quae
686 2888 911 2960 Hypatae
940 2889 1164 2951 dicitur.
1207 2889 1273 2942 ad
1312 2888 1516 2944 Mosen.
1552 2887 1700 2945 Hanc
1731 2890 1877 2943 enim
1915 2904 2115 2960 supre-

533 2996 676 3036 mam
721 2990 775 3035 ct
824 2981 1208 3051 gravissimam
1239 2994 1427 3034 vocem
1458 2979 1752 3049 appellant,
1784 2995 1905 3051 quae
1939 2990 2125 3036 servat

529 3075 953 3128 consonantiam
993 3072 1337 3127 diatessaron
1372 3089 1386 3139 ;
1437 3071 1692 3129 similiter
1732 3081 1787 3127 et
1825 3073 2124 3130 irascihilis

534 3165 604 3220 ad
633 3164 1137 3234 concupiscihilem,
1171 3173 1229 3217 ut
1261 3163 1421 3219 Messe
1457 3163 1699 3232 chordae,
1737 3163 1804 3219 ad
1834 3180 1952 3221 eam
2001 3180 2123 3235 qua

516 3253 741 3307 'dicitur
772 3252 907 3308 the
939 3270 953 3308 :
986 3254 1127 3308 hanc
1153 3262 1334 3309 autem
1363 3255 1691 3310 altissimam
1724 3264 1891 3327 atque
1919 3260 2122 3312 acutis-

536 3346 732 3401 simam
762 3362 949 3400 vocem
988 3348 1298 3410 nominant,
1339 3362 1461 3417 quae
1482 3356 1565 3404 est
1597 3348 1876 3420 diapente.
1913 3350 2118 3406 Eodem

537 3439 703 3495 modo
756 3440 920 3493 etiam
977 3439 1274 3495 irascihilis
1333 3439 1401 3492 ad
1460 3442 1993 3510 concupiscibilem,
2061 3451 2123 3497 ut

539 3530 962 3592 clrordmillius,
1031 3545 1198 3600 quam
1247 3529 1491 3600 llypaten
1538 3532 1780 3588 diximus
1829 3534 1895 3587 ad
1924 3531 2120 3598 Neten,

539 3623 683 3675 hanc
724 3621 996 3689 siquidem
1024 3635 1236 3686 vocem,
1263 3636 1387 3690 quae
1415 3623 1481 3676 de
1514 3624 1814 3691 gravisima
1868 3625 2125 3679 acutissi-

543 3706 742 3780 ma'que
772 3711 1085 3777 conﬁcitur,
1113 3712 1389 3781 Diapason
1422 3713 1725 3783 appellant.
1755 3713 1913 3780 Quod
1944 3716 2007 3770 εἰ·
2027 3731 2124 3784 par

539 3814 644 3866 est,
701 3818 808 3856 non
868 3804 1010 3866 loca,
1068 3812 1163 3858 aut
1224 3803 1469 3868 nomina,
1530 3807 1836 3871 attendere,
1888 3809 1983 3862 sed
2013 3809 2124 3862 vim

542 3894 727 3964 potius
758 3893 933 3963 ipsam
977 3893 1154 3963 sequi,
1186 3903 1240 3949 et
1275 3908 1460 3949 rerum
1506 3894 1803 3950 etlicaciam
1837 3913 1850 3951 :
1885 3897 2128 3953 rationa-

543 3985 611 4039 lis
647 4000 771 4054 pars
796 4001 928 4040 sane
958 3986 1142 4054 potius
1181 3983 1329 4040 Mese
1358 3986 1682 4056 appellanda
1731 3995 1836 4052 est,
1882 4004 1948 4044 eo
1979 3990 2125 4060 quod

543 4077 609 4130 ad
635 4077 988 4141 irascihilem,
1023 4077 1181 4146 quasi
1213 4078 1278 4131 ad
1316 4078 1577 4132 chordam
1612 4077 1782 4134 then
1816 4081 1955 4151 (haec
1976 4084 2121 4137 enim

542 4168 857 4223 acutissima
889 4180 971 4223 est
1006 4178 1060 4224 et
1096 4168 1532 4223 concitatissima
1573 4170 1770 4224 animae
1824 4174 1971 4241 pars)
2005 4190 2124 4228 eam

545 4259 815 4313 rationem
870 4260 1248 4315 consonantia:
1296 4259 1493 4314 haheat
1543 4275 1666 4330 quae
1700 4274 1787 4317 est
1825 4263 2125 4334 Diapontc;

542 4359 597 4405 et
622 4351 689 4405 ad
740 4352 1233 4421 concupiscibilem
1295 4360 1357 4406 ut
1401 4353 1468 4407 ad
1498 4354 1747 4422 llypaten
1804 4355 1942 4423 (haec
1981 4356 2125 4410 enim

542 4441 720 4496 laxior
767 4452 849 4497 est
902 4450 956 4496 et
1002 4441 1245 4512 mollior)
1300 4443 1569 4496 rationem
1626 4456 1742 4497 eam
1789 4453 1971 4499 servat
2008 4462 2129 4516 qua:

2299 1132 2615 1218 ‘Aiikfoi'ye
2671 1132 2738 1203 τὰ
2810 1151 2930 1204 Beia
2983 1150 3325 1221 κομψότερον
3378 1149 3801 1220 ἑρμηνεύοντες,

2215 1245 2371 1314 φασὶ,
2404 1244 2489 1296 διὰ
2513 1242 2606 1296 τοῦ
2637 1241 2933 1313 ὀργανικοῦ
2972 1242 3171 1312 μέλους
3202 1243 3300 1310 τὴν
3337 1242 3641 1311 ἐμμέλειαν
3671 1240 3838 1317 ὑποοίΔ

2217 1335 2585 1404 σημαίνεσθαι
2637 1335 2738 1402 τῆς
2770 1335 2971 1405 ψυχῆς.
3026 1333 3381 1403 Μουσουργία
3414 1334 3468 1385 δὲ
3513 1333 3713 1403 ψυχῆς,
3768 1337 3799 1400 ἡ

2215 1429 2324 1483 τῶν
2376 1430 2523 1483 ἔνδον
2551 1429 2720 1496 αὐτῆς
2761 1428 2942 1498 μερῶν
2977 1426 3293 1495 συμφωνία,
3328 1426 3456 1495 περὶ
3480 1421 3547 1496 ἧς
3573 1425 3806 1496 ἐροῦμεν

2214 1519 2573 1591 πλατύτερον.
2614 1518 2911 1587 Συμιρωνία
2965 1517 3073 1586 γάρ
3110 1518 3258 1569 ἐστιν
3289 1517 3527 1587 ἁρμονία
3557 1516 3809 1585 διαφερο-

2212 1613 2389 1683 μένων
2430 1614 2547 1683 μὲν,
2581 1610 2990 1681 ὁμολογούντων
3033 1610 3125 1662 δέ·
3166 1609 3325 1660 τοῦτο
3368 1609 3425 1660 δὲ
3465 1609 3614 1661 ἔστιν
3657 1610 3804 1673 ἰδεῖν,

2212 1704 2340 1756 ὅταν
2386 1706 2434 1756 οἱ
2480 1703 2760 1755 κάλλιστοι
2793 1699 2900 1752 τῶν
2951 1698 3283 1767 συμφωνιῶν
3315 1698 3467 1765 λόγοι
3515 1701 3627 1761 τοῖς
3659 1699 3744 1751 ἕνὸ
3778 1716 3808 1751 ν

2214 1795 2310 1864 τῆς
2340 1794 2518 1865 ψυχῆς
2541 1793 2762 1863 μέρεσιν
2793 1792 3173 1860 ἐφαρμόσωσε,
3202 1791 3296 1841 καὶ
3318 1792 3377 1843 τὸ
3411 1791 3510 1860 μὲν
3535 1792 3631 1860 τὴν
3658 1792 3808 1861 πρὼ·

2214 1903 2315 1956 την
2343 1885 2441 1956 ἔχῃ
2472 1887 2646 1950 τάξιν,
2688 1884 2782 1937 καὶ
2808 1884 2969 1953 μόνον
2998 1882 3165 1952 ἄρχῃ,
3211 1883 3358 1949 λέγω
3392 1882 3447 1934 δὲ
3476 1882 3535 1935 τὸ
3563 1883 3805 1951 λογιστι-

2217 1977 2312 2030 κόν
2337 1994 2349 2006 ·
2385 1978 2445 2029 τὸ
2466 1977 2521 2029 δὲ
2546 1977 2647 2045 τὴν
2675 1976 2868 2045 μέσην,
2902 1968 3014 2026 οἷον
3046 1975 3106 2026 τὸ
3133 1973 3384 2044 θυμικὸν,
3407 1973 3512 2026 ὑπὸ
3535 1973 3626 2025 τοῦ
3658 1974 3808 2043 πρώ-

2216 2089 2310 2123 του
2348 2071 2446 2140 μὲν
2483 2071 2809 2141 ἀρχόμενον,
2837 2069 3003 2139 ἄρχον
3045 2066 3101 2119 δὲ
3147 2066 3241 2119 τοῦ
3280 2066 3593 2118 τελευταίου
3619 2083 3630 2093 ·
3663 2063 3722 2119 τὸ
3749 2066 3808 2118 δὲ

2218 2161 2317 2233 τὴν
2342 2162 2599 2230 ἐσχάτην,
2624 2160 2698 2224 ὡς
2729 2158 2790 2212 τὸ
2816 2157 3235 2228 ἐπιθυμητικὸν,
3270 2157 3572 2226 ἀρχόμενον
3605 2157 3804 2226 μόνως.

2219 2256 2354 2307 Τότε
2370 2254 2487 2324 ’γὰρ
2524 2252 2587 2306 ἂν
2615 2253 2699 2321 εἴη
2738 2252 2832 2304 καὶ
2865 2251 3156 2319 συμφωνία
3186 2249 3366 2317 ψυχῆς
3389 2264 3402 2277 ·
3449 2249 3545 2301 τοῦ
3580 2249 3678 2318 μὲν
3720 2249 3781 2301 λυ

2221 2346 2471 2414 γιστικοῦ
2498 2343 2635 2415 πρὸς
2665 2343 2725 2395 τὸ
2751 2342 3053 2413 θυμοειδὲς,
3088 2342 3163 2403 ὡς
3199 2340 3412 2410 ὑπάτης
3443 2342 3580 2408 πρὸς
3612 2340 3807 2409 μέσην,

2176 2472 2179 2475 η
2223 2439 2380 2491 τοῦτο
2440 2437 2545 2506 γὰρ
2592 2434 2684 2487 τὸν
2738 2432 3011 2488 ἀνώτατον
3062 2433 3154 2486 καὶ
3210 2431 3515 2501 βαρύτατον
3580 2431 3808 2485 καλοῦσι

2225 2531 2485 2601 φθόγγον,
2538 2528 2639 2596 τὴν
2682 2528 2769 2581 διὰ
2799 2526 3084 2597 τεσσάρων
3142 2524 3465 2593 συμφωνίαν
3512 2521 3807 2586 σώζοντος·

2222 2622 2317 2675 τοῦ
2355 2621 2414 2673 δὲ
2460 2617 2778 2690 Θυμοειδοῦς
2814 2618 2949 2688 πρὸς
2979 2617 3039 2670 τὸ
3086 2615 3505 2685 ἐπιθυμητικὸν,
3533 2614 3607 2678 ὡς
3639 2615 3814 2683 μέσης

2225 2715 2362 2784 πρὸς
2390 2713 2580 2783 νήτην,
2613 2710 2772 2763 τοῦτο
2823 2710 2932 2779 γὰρ
2963 2709 3055 2760 τὸν
3085 2708 3390 2777 ἀκρότατον
3422 2706 3515 2759 καὶ
3548 2705 3812 2770 ὀξύτατον

2223 2804 2553 2873 ὀνομάζουσι
2596 2801 2696 2872 τὴν
2725 2801 2812 2854 διὰ
2843 2802 3003 2853 πέντε
3032 2800 3197 2853 πάλιν
3219 2816 3232 2830 ·
3268 2799 3433 2851 αὐτοῦ
3465 2799 3521 2851 δὲ
3546 2796 3641 2850 τοῦ
3669 2795 3815 2863 λογι-

2228 2896 2415 2951 στικοῦ
2458 2894 2595 2966 πρὸς
2626 2895 2688 2947 τὸ
2722 2892 3152 2963 ὲπιθυμητικὶν,
3197 2892 3272 2954 ὡς
3306 2891 3521 2958 ὑπάτης
3557 2890 3692 2960 πρὸς
3720 2889 3817 2957 νή-

2224 3007 2325 3060 την
2343 3005 2355 3018 ·
2386 2987 2544 3042 τοῦτο
2572 2987 2682 3057 γὰρ
2714 2987 2932 3053 λέγουσι
2964 2986 3056 3037 τὸν
3094 2984 3397 3052 βαρύτατον
3419 2982 3554 3052 πρὸς
3580 2981 3672 3034 τὸν
3693 2980 3820 3045 ὀξύ-

2224 3097 2388 3132 τατον
2418 3078 2522 3148 τὴν
2569 3078 2657 3131 διὰ
2698 3077 2911 3144 πασῶν.
2946 3078 3008 3129 Εἰ
3039 3076 3094 3128 δὲ
3123 3076 3204 3128 δεῖ
3240 3075 3315 3145 μὴ
3349 3078 3462 3138 τοῖς
3502 3075 3691 3136 τόποις
3721 3079 3821 3125 καὶ

2149 3205 2192 3264 c
2230 3175 2342 3234 τοῖς
2367 3172 2596 3240 ὀνόμασι
2627 3169 2936 3239 προσέχειν,
2964 3167 3098 3221 ἀλλὰ
3129 3170 3250 3229 ταῖς
3295 3168 3558 3238 δυνάμεσι
3588 3169 3821 3229 καὶτοῖς

2231 3264 2624 3333 ὲνεργήμασιν,
2666 3260 2751 3329 εἴη
2792 3260 2859 3313 ἂν
2914 3259 3054 3329 μέση
3117 3259 3320 3327 μᾶλλον
3366 3259 3427 3312 τὸ
3475 3259 3818 3325 λογιστικόν·

2231 3355 2369 3422 πρὸς
2401 3354 2501 3422 μὲν
2530 3353 2589 3405 τὸ
2620 3352 2876 3421 θυμικὸν,
2927 3351 3002 3414 ὡς
3043 3351 3182 3420 πρὸς
3210 3352 3401 3421 νήτην,
3430 3351 3592 3403 τοῦτο
3619 3351 3728 3420 γάρ
3757 3350 3819 3402 τ’)

2231 3447 2510 3513 ὀξύτατον,
2540 3447 2635 3498 καὶ
2663 3445 3120 3515 ὁρμητικώτατον
3149 3444 3249 3511 τῆς
3273 3443 3451 3512 ψυχῆς
3486 3444 3652 3512 μέρος
3690 3444 3819 3504 τοὺς

2229 3537 2423 3604 λόγους
2454 3535 2553 3605 τῆς
2581 3533 2670 3587 διὰ
2696 3535 2858 3586 πέντε
2890 3531 3063 3596 σῶζον
3094 3532 3413 3600 συμφωνίας
3442 3547 3457 3562 ⁶
3506 3533 3642 3603 πρὸς
3671 3533 3725 3584 δὲ
3759 3534 3822 3585 τὸ

2232 3630 2650 3701 ἐπιθυμητικὸν,
2683 3628 2757 3691 ὡς
2783 3627 2921 3698 πρὸς
2950 3627 3184 3695 ὑπάτην,
3222 3626 3382 3680 τοῦτο
3412 3627 3519 3698 γάρ
3544 3629 3713 3697 αὐτῆς
3759 3627 3824 3681 τδ

2233 3722 2618 3793 χαλαρώτερον
2673 3720 2766 3773 καὶ
2815 3719 3165 3789 χαυνότερον,
3200 3720 3328 3780 τοὺς
3365 3719 3463 3787 τῆς
3514 3720 3600 3771 διὰ
3629 3720 3827 3772 τεσσά-

2238 3832 2378 3886 ρων·
2413 3812 2667 3867 κὰκείνου
2700 3812 2797 3881 μὲν
2828 3812 2927 3881 τὴν
2955 3810 3230 3873 ὲπίτασιν,
3265 3810 3455 3864 τούτου
3488 3811 3545 3864 δὲ
3576 3812 3675 3882 τὴν
3702 3812 3825 3866 ἆνε-

2235 3925 2320 3961 σιν
2352 3904 2615 3977 ρυθμίξον
2638 3905 2733 3956 καὶ
2770 3901 3142 3969 κατακιρνῶν,
3199 3901 3497 3970 καλλίστην
3553 3903 3818 3972 ἁρμονίαν

2235 3997 2548 4069 ἐργάζεται.
2594 3992 2812 4046 Τούτων
2842 3991 2936 4044 οὖν
2991 3992 3518 4062 προαποδεδομὲνων
3554 3995 3705 4063 ἡμῖν,
3742 3994 3823 4045 ἔτι

2236 4085 2585 4155 παραστῆσαι
2609 4081 2880 4152 βούλεται,
2904 4079 2935 4150 ἢ
2958 4080 3162 4148 μᾶλλον
3196 4081 3378 4132 εἰπεῖν
3407 4078 3676 4142 λείπεται,
3703 4079 3823 4138 πῶς

2235 4176 2293 4230 ἓν
2322 4174 2383 4229 ὃν
2412 4175 2473 4228 τὸ
2499 4176 2647 4226 θεῖον
2684 4170 2935 4241 Πνεῦμα,
2966 4170 3100 4222 ποτὲ
3155 4168 3253 4238 μὲν
3285 4169 3552 4233 ὲνίςεται·
3583 4166 3758 4235 Πνεῦ,
3787 4182 3827 4219 a

2236 4268 2375 4339 γὰρ,
2410 4268 2566 4352 φησι,
2591 4266 2808 4332 Κυρίου
2837 4263 2932 4315 ἐπ’
2956 4263 3080 4330 ἐμὲ,
3114 4257 3184 4316 οὗ
3219 4260 3429 4314 ἕνεκεν
3474 4258 3680 4327 ἔχρισέ
3712 4275 3823 4352 με·

2235 4361 2362 4413 καί·
2396 4347 2465 4410 Τῦ
2504 4353 2746 4423 Πνεῦμά
2778 4369 2896 4407 σου
2937 4353 3004 4405 τὸ
3040 4352 3217 4420 ἅγιον
3247 4349 3330 4419 μὴ
3358 4348 3691 4417 datm—exne
3722 4347 3827 4403 ἀπ’

2236 4451 2420 4523 ἐμοῦ·
2468 4448 2594 4502 καί·
2640 4445 2729 4512 Τῷ
2780 4446 3087 4512 Πνεύματι
3119 4443 3224 4496 τοῦ
3276 4444 3577 4509 στόματος
3614 4440 3825 4502 αὐτοῦ,

542 4541 629 4586 est
678 4531 1053 4597 Diatcssaron,
1112 4532 1589 4604 intensionemque
1640 4533 1812 4601 illius,
1862 4546 1915 4591 et
1960 4538 2121 4609 hujus

2234 4543 2402 4598 πᾶσα
2450 4541 2489 4608 ἡ
2544 4539 2800 4606 δύναμις
2850 4533 3089 4589 αὐτῶν·
3146 4534 3277 4586 ποτὲ
3337 4533 3394 4586 δὲ
3454 4531 3825 4601 πληθύνεται·

546 4624 930 4678 remissionem
964 4633 1181 4693 coaptat
1208 4634 1373 4694 atque
1394 4626 1689 4680 concinnat
1715 4642 1730 4693 ;
1756 4642 1865 4696 qua
1899 4629 2132 4686 mistura

398 4713 809 4789 Aptimam
843 4714 1191 4769 harmoniam
1221 4714 1457 4785 perﬁcit.
1499 4717 1594 4771 His
1646 4717 1831 4788 itaque
1882 4720 1963 4776 sic
1991 4738 2130 4792 prae-

547 4804 756 4871 missis,
792 4813 959 4860 restat
992 4812 1052 4859 ut
1112 4806 1389 4872 dicamus,
1432 4810 1709 4877 quomodo
1748 4811 1971 4868 divinus
2008 4814 2132 4884 Spi-

548 4898 690 4953 ritus
722 4913 865 4953 unus
905 4914 1029 4954 cum
1076 4899 1171 4965 sit,
1227 4883 1531 4970 aliquando
1577 4903 1842 4973 singulari
1900 4883 2129 4962 numero

535 4989 766 5045 ‘dicatur
798 5008 813 5045 :
840 4999 900 5045 ut
929 4992 1062 5046 illud
1096 4992 1139 5024 ¹⁸
1177 5009 1193 5046 :
1245 4992 1482 5062 Spiritus
1516 4994 1731 5049 Domini
1791 5012 1949 5065 super
2010 5014 2129 5052 me:

547 5092 824 5150 propterea
875 5084 1030 5137 unxit
1058 5100 1190 5150 me;
1249 5085 1378 5139 item
1410 5086 1454 5117 ¹⁹
1507 5101 1520 5137 :
1585 5085 1847 5155 Spiritum
1886 5082 2132 5142 sanctum

546 5184 699 5231 tuum
729 5193 792 5230 ne
822 5180 1038 5247 auferas
1071 5193 1103 5231 a
1146 5168 1266 5232 me’:
1301 5180 1430 5233 item
1464 5179 1510 5210 ¹⁰
1549 5196 1562 5232 :
1618 5178 1684 5231 Et
1734 5178 1967 5248 Spiritus
2026 5183 2136 5236 oris

547 5269 663 5334 ejus
710 5270 881 5322 omnis
922 5270 1088 5322 virtus
1119 5285 1350 5335 eorum;
1407 5279 1461 5325 ct
1522 5270 1824 5339 aliquando
1880 5273 2077 5343 plurali
2114 5291 2128 5328 :

553 5358 811 5427 Spiritus,
850 5362 1027 5431 inquit
1059 5362 1126 5426 “,
1180 5363 1557 5431 prophetarum
1593 5366 1860 5433 prophetis
1906 5365 2133 5434 subjecti

550 5464 672 5505 sunt
706 5469 725 5517 ;
761 5453 889 5506 item
918 5454 963 5485 ¹¹
1005 5469 1018 5508 :
1057 5451 1401 5522 Requiescent
1431 5469 1589 5521 super
1615 5470 1730 5507 eum
1763 5464 1957 5524 septem
1978 5457 2136 5520 spiri-

551 5556 657 5600 tus.
694 5533 1050 5601 manifestum
1084 5553 1169 5600 est
1195 5554 1378 5599 autem
1413 5544 1678 5616 Spiritum
1709 5547 1931 5616 quidem
1962 5563 2132 5601 unum

552 5651 675 5689 esse
730 5637 1193 5705 quemadmodum
1253 5645 1308 5691 et
1357 5653 1523 5692 unum
1578 5638 1882 5704 Artiﬁcem,
1936 5639 2144 5694 inStru-

555 5734 738 5781 menta
769 5739 950 5783 autem
985 5733 1162 5797 plura.
1214 5726 1433 5798 Organa
1465 5729 1611 5783 enim
1656 5729 1897 5785 Artiﬁcis
1933 5727 2154 5784 fuerunt

632 5841 675 5873 ³³
695 5841 840 5898 Psal.
873 5861 1016 5907 κων,
1043 5846 1094 5901 8.

1175 5846 1215 5877 "
1243 5844 1390 5902 Psal.
1425 5860 1477 5907 ι,
1511 5846 1598 5903 15.
1658 5847 1705 5878 ²⁰
1751 5849 1897 5903 l’sal.
1934 5860 2111 5908 xxx".
2139 5848 2192 5904 6.

2240 4630 2558 4698 Πνεὺματα
2589 4627 2722 4696 γὰρ,
2744 4625 2900 4696 φησὶ,
2925 4623 3270 4692 προφητῶν,
3299 4623 3635 4691 προφήταις
3676 4624 3829 4675 ὐπο-

2238 4724 2529 4776 τάσσεται
2549 4735 2563 4751 ·
2591 4718 2718 4770 καί·
2763 4716 3294 4771 Ἐπαναπαύσεται
3335 4713 3429 4765 ἐπ’
3459 4712 3648 4765 αὑτὸν
3677 4710 3830 4763 ἐπτὰ

2237 4814 2568 4881 πνεύματα.
2599 4810 2768 4880 Δῆλον
2798 4803 2893 4861 οὖν
2936 4808 3019 4859 ὅτι
3050 4806 3110 4859 τι
3143 4806 3241 4876 μὲν
3269 4804 3495 4874 Πνεῦμα
3526 4803 3608 4866 ἓν,
3659 4801 3829 4856 καθά-

2237 4924 2344 4976 περ
2390 4906 2483 4958 xui.
2513 4905 2541 4957 ὀ
2573 4902 2836 4971 Τεχνίτης
2890 4894 3003 4960 εἷς·
3040 4898 3245 4967 ὄργανα
3295 4896 3375 4961 δὲ,
3427 4896 3599 4948 πολλά
3624 4911 3635 4925 ·
3672 4894 3832 4947 τοῦτο

2239 4997 2349 5066 γὰρ
2375 4997 2425 5048 οἱ
2452 4996 2751 5065 προφῆται,
2780 4992 2870 5043 καὶ
2893 4989 2982 5042 διὰ
3004 4990 3161 5041 τοῦτο
3193 4988 3429 5060 διάφορα
3454 4989 3549 5041 καλ
3567 4987 3637 5041 τὰ
3664 4987 3832 5057 κρού-

2245 5106 2412 5160 ματα,
2445 5086 2480 5156 ἢ
2511 5083 2900 5155 ὲμπνεύματα.
2956 5083 3066 5134 Καὶ
3116 5081 3216 5133 οὐκ
3265 5083 3359 5133 ἐπὶ
3401 5080 3615 5133 πολλῶν
3665 5082 3828 5151 μόνον

2245 5181 2437 5242 πολλὰ,
2474 5179 2608 5230 ἀλλὰ
2636 5178 2731 5228 καὶ
2763 5176 2858 5227 ἐπὶ
2886 5173 2981 5227 τοῦ
3022 5173 3188 5227 αὐτοῦ
3243 5174 3416 5226 πολλὰ
3449 5174 3541 5226 καὶ
3573 5173 3830 5242 διάφορα,

2238 5272 2347 5339 τοῦ⁸
2368 5268 2624 5338 Τεχνίτου
2658 5266 2724 5318 τὰ
2759 5266 2857 5335 μὲν
2891 5264 3145 5327 ὲνιέντος,
3175 5264 3241 5316 τά
3279 5264 3323 5316 δ’
3353 5262 3740 5325 ἐπιτείνοντος,
3765 5264 3834 5315 τά

2240 5361 2297 5414 δὲ
2332 5357 2785 5430 μεταϐάλλοντος,
2823 5355 2894 5408 τὰ
2922 5355 2979 5408 δὲ
3013 5357 3110 5407 καὶ
3146 5353 3445 5424 κιρνῶντος
3472 5369 3484 5383 ’
3521 5354 3699 5407 πάντα
3734 5353 3833 5421 μὲν

2243 5453 2336 5508 οὖν
2359 5450 2609 5520 οὐδαμῶς
2629 5468 2641 5480 ’
2682 5450 2765 5511 τίς
2795 5448 2906 5518 γὰρ
2930 5446 3110 5500 αὐτῶν
3139 5445 3359 5513 ἀτόμων
3394 5446 3427 5515 ἡ
3473 5444 3674 5514 γνῶσις
3700 5461 3714 5510 ;
3766 5447 3833 5497 τὰ

2244 5542 2587 5613 γενικώτατα
2639 5540 2715 5605 δὲ,
2781 5542 2946 5608 μέχρι
3001 5537 3112 5590 τῶν
3178 5535 3516 5601 ἰδικωτάτων
3574 5534 3831 5605 ὥρισται,

2252 5636 2391 5691 κατά
2416 5651 2474 5688 τε
2509 5634 2770 5702 ποιότητα
2798 5633 2891 5685 καὶ
2938 5630 3214 5700 ποσότητα
3235 5645 3249 5658 ·
3284 5629 3595 5701 περαιτέρω
3629 5630 3738 5700 γάρ
3771 5627 3832 5679 οὐ

2263 5728 2479 5798 πρόεισι
2508 5726 2615 5779 τῶν
2645 5726 2805 5779 ἑπτά.

2271 5847 2313 5878 ²¹
2346 5845 2363 5900 1
2397 5844 2524 5901 Cor.
2558 5858 2670 5907 xiv,
2712 5838 2799 5895 '59..
2868 5840 2912 5871 ²²
2946 5836 3053 5893 lsa.
3088 5852 3165 5905 xi,
3196 5835 3251 5889 2.
