4146 6474
345 320 425 431 ss
1551 370 1944 432 COMMENT.
1994 368 2073 429 1N
2136 365 2502 428 PSALM‘OS.
3594 368 3666 432 ro

355 478 667 549 propheta,
694 478 854 535 unde
879 488 935 535 et
961 482 1138 536 vari:c
1167 490 1299 538 sunt
1331 496 1670 554 organorum
1712 494 1874 534 voces
1899 493 1966 534 ac
1997 477 2144 540 soni,
2205 491 2307 532 nec
2335 484 2548 530 tantum
2588 474 2641 531 in
2701 476 2872 531 variis
2932 476 3321 537 instrumentis
3356 482 3505 536 varia
3551 486 3665 538 haec

360 586 483 627 esse
514 573 908 643 reperiuntur,
940 578 1041 630 sed
1092 577 1145 630 in
1200 592 1309 631 uno
1351 587 1516 646 atque
1546 577 1740 630 eodem
1773 572 2094 643 multiplicia
2127 584 2192 624 ac
2217 570 2454 633 diversa,
2507 568 2731 624 Artiﬁce
2762 570 2973 624 scilicet
3018 571 3133 626 btec
3171 572 3413 640 laxante,
3448 574 3538 629 illa
3584 577 3665 630 in-

369 663 650 729 tendente,
713 668 827 722 alia
883 670 1239 735 immutante,
1311 671 1420 725 alia
1465 670 1634 723 etiam
1722 668 1996 723 miscente
2049 679 2115 720 ac
2167 670 2529 732 temperante.
2588 661 2785 716 Omnia
2829 678 2957 718 vero
3017 671 3072 718 et
3130 664 3346 734 singula
3415 664 3658 736 Spiritus

368 771 573 826 organa
614 758 840 813 deliniri
872 775 985 814 non
1016 769 1272 831 possunt,
1314 776 1438 814 cum
1482 761 1634 814 nulla
1702 759 1777 815 sit
1840 756 2255 813 individuorum
2297 755 2542 823 cognitio
2599 769 2615 806 :
2668 760 2903 821 possunt
2975 761 3157 808 tamen
3207 771 3397 808 eorum
3447 758 3660 813 diversa

370 867 572 923 genera
607 863 663 908 et
696 854 919 924 species
960 855 1271 910 secundum
1314 855 1639 925 qualitatem
1699 863 1755 909 et
1817 853 2186 924 quantitatem
2235 847 2478 914 deliniri,
2518 854 2685 916 atque
2723 847 2844 901 ideo
2889 861 2998 902 non
3062 850 3201 919 plus;
3235 863 3399 918 quam
3449 861 3659 921 septem

370 957 501 1001 esse
548 945 782 999 dicuutu
794 962 841 1000 r.

444 1040 649 1094 Λοιπὸν
683 1039 779 1093 οῦν
837 1041 1088 1112 ἔλθωμεν
1138 1043 1231 1096 ἐπὶ
1266 1045 1391 1108 τοὺς
1427 1045 1664 1115 τρόπους
1691 1046 1792 1115 τῆς
1828 1062 1948 1116 προ-

2143 1038 2414 1094 Caaterum
2431 1040 2496 1092 de
2521 1038 2821 1109 prophetiae
2845 1040 3022 1095 modis
3041 1039 3290 1095 dicamus
3315 1058 3328 1092 :
3347 1042 3489 1098 alius
3511 1045 3659 1100 enim

370 1132 604 1201 (θητείας
629 1148 643 1164 ·
677 1132 708 1184 6
745 1132 845 1201 μὲν
866 1132 977 1202 γὰρ
1004 1134 1112 1187 τῶν
1136 1135 1540 1205 παρελθόντων,
1576 1138 1605 1187 6
1647 1136 1703 1188 δὲ
1744 1135 1852 1187 τῶν
1878 1137 1967 1187 ὲν-

371 1220 657 1284 ιττώτων,
687 1221 716 1274 6
737 1220 795 1273 δὲ
816 1221 927 1274 τῶν
956 1223 1261 1293 μελλόντων
1291 1226 1391 1293 τὴν
1423 1224 1624 1292 γνῶσιν
1647 1223 1878 1293 ἔσχηκεν
1898 1240 1912 1255 ⁸
1938 1225 1967 1275 6

374 1310 505 1378 μὲν,
538 1313 661 1363 τόδε
685 1329 737 1363 τι
786 1313 986 1379 λέγων,
1038 1315 1066 1366 6
1103 1313 1182 1375 δὲ,
1216 1314 1335 1367 τόδε
1374 1332 1426 1366 τι
1463 1320 1718 1384 πράττων
1761 1331 1775 1347 ⁸
1809 1315 1903 1367 καὶ
1938 1316 1966 1367 6

370 1403 501 1471 μὲν,
534 1404 815 1471 ἐναργῶς·
845 1405 875 1455 6
901 1404 979 1469 δὲ,
1014 1406 1454 1475 αἰνιγματωδῶς.
1490 1407 1600 1458 Καὶ
1628 1407 1825 1477 τρόποι
1856 1407 1961 1459 πά-

365 1492 454 1545 λιν
504 1490 713 1544 τούτων
757 1493 867 1545 τῶν
894 1496 1116 1564 τρόπων
1151 1496 1327 1565 ἕτεροι
1352 1512 1365 1526 ⁸
1398 1496 1425 1547 6
1456 1495 1555 1565 μὲν
1603 1494 1669 1548 δι’
1697 1496 1960 1565 ὁράσεως,

364 1586 397 1634 ὁ
432 1583 494 1635 δὲ
522 1584 593 1635 δι’
624 1582 818 1650 ἀκοῆς,
860 1586 888 1635 6
917 1585 976 1636 δὲ
1004 1585 1070 1637 δι’
1096 1587 1419 1656 ὀσφρήσεως
1454 1585 1552 1639 καὶ
1607 1587 1897 1649 συνέσεως,
1925 1588 1958 1658 ἢ

363 1673 540 1743 ἁφῆς,
565 1675 766 1745 νοερῶς
786 1674 969 1727 πάντα
992 1690 1004 1703 ⁸
1040 1675 1301 1728 τοσαῦται
1336 1676 1446 1745 γὰρ
1480 1677 1575 1729 καὶ
1607 1675 1725 1738 νοὸς
1760 1676 1961 1746 αἰσθή-

367 1783 511 1830 πις,
529 1764 665 1820 ’ὅσαι
716 1769 812 1820 καὶ
847 1767 1102 1838 σώματος
1127 1783 1142 1796 ⁸
1178 1768 1294 1821 ἀλλ’
1324 1769 1546 1838 ὁράσεις
1572 1767 1823 1836 λέγονται
1854 1770 1961 1822 πᾶ-

366 1873 485 1919 σαι,
517 1860 664 1912 κατὰ
701 1859 762 1912 τὸ
810 1859 1197 1931 γενικώτερον,
1232 1862 1264 1933 ἢ
1298 1861 1648 1931 τιμιώτερον.
1696 1861 1829 1931 Ὁρᾷ
1861 1861 1960 1931 μὲν

360 1947 461 2003 οἷν
516 1951 813 2021 ’1εζεκιήλ·
856 1952 966 2006 Καὶ
1012 1953 1230 2021 ἐώρων,
1290 1956 1458 2023 φησὶ,
1508 1955 1605 2009 καὶ
1640 1954 1961 2009 ἀνέϐαινον

362 2040 620 2108 σάρκες.
637 2043 739 2097 καὶ
765 2045 1148 2112 παρετείνετο
1173 2045 1378 2114 δέρμα,
1404 2048 1499 2100 καὶ
1534 2048 1601 2099 τὰ
1630 2046 1756 2115 ἑξῆς
1775 2064 1788 2077 ⁸
1824 2046 1959 2100 ἀλλὰ

360 2136 463 2188 καὶ
493 2135 722 2189 ἁκπὶοειυ
759 2136 870 2190 Καὶ
902 2137 1009 2200 σὺ,
1052 2140 1237 2209 φησὶν,
1270 2137 1363 2191 υἱὲ
1403 2138 1741 2207 ἀνθρώπου,
1774 2139 1961 2193 ἄκουε

362 2224 474 2279 τοῦ
508 2226 855 2294 λαλοῦντος
892 2230 1045 2296 πρὸς
1072 2228 1148 2283 σέ
1174 2244 1190 2260 ⁸
1230 2229 1369 2283 ἀλλὰ
1423 2231 1519 2284 καὶ
1548 2229 1772 2299 γεύεται
1794 2247 1809 2262 ⁸
1843 2231 1957 2285 Kal

359 2317 659 2387 ἐψώμισε,
707 2323 864 2392 φησὶ,
921 2323 1040 2390 τὴν
1070 2323 1368 2391 κεφαλίδα
1399 2323 1649 2387 ταύτην,
1689 2324 1789 2379 καὶ
1826 2325 1959 2380 εἷπε

2069 1130 2348 1201 praeterita
2365 1138 2575 1196 narrat,
2603 1131 2745 1185 alius
2764 1132 3075 1199 praesentia,
3093 1133 3298 1188 ctalius
3320 1134 3499 1190 futura
3526 1153 3662 1206 prae-

2069 1223 2237 1276 dicit:
2265 1232 2319 1275 et
2346 1221 2433 1275 hic
2456 1212 2676 1293 quidem
2705 1223 3151 1293 aliquid'dicens,
3179 1225 3266 1280 ille
3302 1241 3432 1281 vero
3451 1229 3658 1298 aliquid

2072 1310 2305 1377 faciens,
2332 1312 2474 1369 alius
2499 1313 2629 1368 item
2658 1314 2966 1379 manifeste,
2993 1317 3137 1371 alius
3161 1332 3293 1372 vero
3319 1319 3553 1375 obscure
3576 1332 3660 1374 at-

2070 1417 2178 1470 que
2225 1402 2568 1472 azmgniatice
2602 1421 2615 1456 :
2652 1404 2844 1457 horum
2885 1405 3049 1459 etiam
3098 1407 3411 1474 modorum,
3465 1425 3657 1465 rursus

2034 1528 2038 1533 λ
2067 1493 2159 1547 alii
2192 1495 2515 1558 suntlmodi.
2559 1494 2658 1550 llic
2681 1512 2775 1565 per
2798 1497 3092 1562 visionem,
3122 1499 3211 1554 ille
3234 1515 3329 1568 per
3384 1501 3655 1568 auditum,

2065 1584 2209 1639 alius
2229 1600 2324 1653 per
2347 1585 2661 1651 odoratum,
2685 1587 2826 1643 alius
2850 1603 2946 1657 per
2970 1600 3215 1658 gustum,
3239 1600 3294 1645 et
3324 1606 3419 1661 per
3443 1600 3650 1646 tactum

2067 1674 2213 1729 alius
2248 1693 2261 1729 :
2297 1676 2485 1730 omnia
2525 1685 2716 1733 tamen
2753 1680 3061 1733 secundum
3115 1681 3474 1737 intellectum.
3505 1682 3657 1738 Toli-

2066 1765 2190 1821 dem
2213 1767 2359 1822 enim
2403 1783 2601 1824 sensus
2642 1769 2955 1825 intellectus
2991 1771 3176 1836 habet,
3212 1783 3348 1843 quot
3399 1790 3607 1845 corpus
3636 1794 3650 1829 :

2062 1870 2255 1919 verum
2287 1872 2481 1914 omnes
2505 1860 2559 1913 bi
2592 1861 2739 1915 modi
2775 1860 3020 1917 visiones
3068 1863 3235 1918 etiam
3275 1866 3650 1934 appellantur,
3731 1856 3734 1858 ’

2065 1950 2150 2002 vel
2180 1950 2308 2018 quia
2341 1951 2649 2019 generalior
2706 1953 2780 2007 sit
2835 1955 3067 2010 visionis
3131 1958 3349 2023 modus,
3394 1958 3475 2012 vel
3525 1962 3651 2028 quia

2064 2039 2313 2109 dignior.
2346 2040 2496 2097 Vidit
2523 2043 2744 2113 quidem
2778 2045 3031 2100 Ezechiel
3069 2066 3082 2101 :
3121 2046 3188 2101 Et
3218 2049 3341 2114 t-idi,
3377 2048 3573 2118 inquit,
3600 2062 3652 2106 et

2061 2132 2419 2187 ascendebant
2449 2150 2662 2201 carnes,
2686 2144 2735 2191 et
2761 2137 3147 2192 ostendebatur
3176 2142 3314 2193 cutis
3348 2142 3414 2195 ⁸³.
3441 2140 3645 2196 Verum
3708 2141 3710 2145 ’

2061 2232 2117 2277 et
2147 2223 2276 2278 alibi
2304 2225 2539 2290 audivit,
2591 2241 2718 2281 cum
2768 2228 2891 2282 ait:
2936 2229 3042 2295 Tu,
3076 2231 3159 2298 ﬁli
3210 2232 3465 2294 hominis,
3521 2232 3651 2287 audi

2060 2330 2180 2368 eum
2209 2317 2300 2385 qui
2329 2316 2567 2386 loquitur
2605 2318 2674 2370 ad
2726 2330 2774 2373 te
2801 2322 2867 2374 “.
2899 2321 3043 2375 Alibi
3091 2325 3258 2376 etiam
3294 2322 3538 2391 gustavit
3561 2324 3647 2378 di-

358 2412 517 2477 πρός
542 2427 622 2479 με
647 2428 662 2443 ⁸
695 2412 791 2465 Υἱὲ
834 2411 1172 2481 ἀνθρώπου,
1201 2414 1268 2466 τὸ
1296 2415 1490 2482 στόμα
1516 2429 1635 2468 σου
1686 2416 1948 2485 ςράγιεται¹

2060 2421 2193 2468 cens
2228 2424 2241 2460 :
2287 2405 2354 2459 Et
2382 2408 2575 2462 cibavit
2630 2425 2709 2462 me
2729 2410 2822 2463 illo
2862 2411 3143 2474 volumine,
3172 2422 3223 2465 et
3254 2413 3387 2466 dixit
3414 2413 3483 2467 ad
3513 2431 3594 2468 me
3627 2430 3649 2468 :

361 2502 461 2553 καὶ
500 2502 540 2568 ἡ
593 2503 795 2556 κοιλία
831 2517 953 2557 σου
1007 2503 1433 2572 πλησθήσεται
1464 2503 1574 2573 τῆς
1624 2508 1956 2575 κεφαλίδας

359 2588 622 2655 ταύτης·
654 2588 716 2643 τὺ
752 2592 853 2661 μὲν
886 2591 1059 2667 ᾅκρον
1088 2594 1181 2646 καὶ
1215 2594 1653 2666 δραστικώτερον
1705 2598 1799 2651 τοῦ
1833 2599 1954 2662 νοὸς

361 2678 544 2749 στόμα
599 2681 808 2747 καλῶν,
850 2682 914 2736 τὺ
971 2684 1065 2737 καὶ
1099 2685 1333 2754 πρώτως
1382 2685 1791 2757 ἀπογενόμενον
1843 2689 1952 2743 τῶν

363 2766 526 2821 θείων
558 2768 873 2840 βρωμάτων
894 2789 909 2804 ⁸
939 2774 1005 2826 τὸ
1031 2774 1287 2845 δεύτερον
1324 2776 1380 2832 δὲ
1443 2778 1538 2830 καὶ
1562 2778 1951 2849 χωρητικὼτε-

359 2876 481 2929 ρον,
514 2862 638 2933 ἦτοι
674 2864 772 2935 τὴν
793 2863 1055 2932 διάνοιαν,
1077 2860 1284 2920 κοιλίαν
1304 2867 1612 2938 ὀνομάζων,
1648 2869 1714 2940 ἢν
1748 2871 1843 2923 καὶ
1865 2872 1951 2924 λέ-

357 2966 471 3017 yet:
492 2951 873 3024 Πλησοήσεται
895 2955 999 3026 τῆς
1024 2957 1334 3026 κεφαλιδος,
1359 2958 1436 3022 ὡς
1458 2959 1520 3012 ἐκ
1543 2960 1757 3030 μικρῶν
1779 2979 1949 3032 σπερ-

358 3041 554 3110 μάτων
587 3043 683 3096 τοῦ
708 3046 1046 3116 Πνεῦματος,
1067 3048 1277 3101 πολλῶν
1308 3049 1696 3122 πληρουμένην
1727 3053 1839 3121 ἄρα
1863 3054 1948 3107 λο-

354 3132 518 3199 γίων.
537 3135 672 3206 Ὀρᾷ
690 3136 747 3189 δὲ
779 3138 876 3190 καὶ
907 3137 1097 3192 ἀκούει
1122 3140 1214 3193 καὶ
1240 3142 1492 3204 Ἡσαΐας
1523 3143 1638 3209 Τίς,
1668 3147 1822 3214 φησὶ,
1840 3163 1941 3199 πο-

344 3225 637 3291 ρεύσεται
665 3230 814 3295 πρὸς
843 3228 953 3282 τὸν
976 3232 1134 3283 ,λαὸν
1149 3231 1405 3298 maror;
1426 3232 1535 3286 Καὶ
1555 3229 1749 3297 εἷπον,
1789 3235 1945 3290 Ἰδοὺ

348 3315 495 3380 ἐγὼ,
526 3315 728 3382 Κύριε.
759 3315 874 3369 Νῦν
902 3318 932 3371 6
982 3318 1197 3373 ἀκούων
1220 3335 1233 3348 ⁸
1266 3320 1349 3382 τίς
1382 3321 1439 3373 δὲ
1471 3323 1499 3373 6
1544 3321 1798 3391 βλέπων;
1835 3325 1943 3378 Καὶ

347 3407 552 3473 ἐώρων
571 3407 685 3473 ἕως
713 3409 913 3477 θρόνοι
934 3411 1251 3479 ἐτέθησαν,
1282 3412 1381 3466 καὶ
1413 3412 1678 3479 Παλαιὸς
1708 3414 1945 3482 ἡμερῶν

346 3498 677 3567 adducar,
713 3502 919 3571 ἀμφοῖν
956 3502 1167 3557 τούτοιν
1215 3504 1312 3558 τοῦ
1342 3488 1441 3575 μὲν
1490 3507 1590 3577 τὴν
1617 3507 1939 3574 ἀνάστασιν,

347 3591 448 3644 τοῦ
478 3592 535 3645 δὲ
556 3592 655 3662 τὴν
686 3595 869 3661 κρίσιν
901 3596 1284 3666 μερισαμένων
1312 3598 1447 3669 (ll).
1478 3598 1655 3653 Πολλὰ
1680 3598 1814 3666 γοῦν
1843 3599 1937 3655 τοῦ

2058 2496 2164 2551 Fili
2203 2499 2453 2565 hominis,
2486 2516 2543 2554 os
2571 2510 2717 2554 tuum
2750 2502 3006 2564 comedet,
3042 2514 3222 2557 venter
3253 2512 3373 2558 tuus
3398 2505 3644 2573 implebio

2059 2599 2147 2644 tur
2174 2591 2271 2645 hoc
2308 2592 2573 2647 volumine
2603 2609 2622 2647 :
2660 2608 2931 2656 summam
2964 2595 3113 2649 illam
3169 2596 3429 2650 nimirum
3463 2595 3647 2651 elIiea-

2054 2679 2451 2750 cissimamque
2473 2696 2539 2736 ac
2562 2682 2868 2752 principem
2900 2694 3114 2753 partem
3147 2683 3487 2748 intellectus,
3518 2700 3641 2755 qua:

2055 2768 2274 2824 divinos
2299 2771 2453 2827 cibos
2481 2771 2718 2841 primum
2747 2782 2951 2843 gustat,
2983 2790 3070 2841 os,
3100 2776 3398 2830 secundam
3431 2792 3564 2832 vero
3590 2786 3647 2832 ct

2055 2859 2396 2928 capaciorem
2428 2860 2747 2928 admodum,
2784 2872 3022 2919 mentem
3055 2863 3200 2931 dico,
3236 2876 3477 2920 ventrem
3539 2880 3640 2936 ap-

2055 2952 2295 3020 pellans,
2335 2966 2499 3022 quam
2558 2953 2841 3009 volumine
2895 2953 3225 3024 implendam
3283 2967 3406 3011 esse
3456 2955 3642 3012 dixit:

2053 3042 2213 3110 quasi
2242 3026 2313 3097 ei
2338 3042 2580 3098 minimis
2609 3043 2850 3114 Spiritus
2883 3045 3059 3099 sancti
3093 3045 3422 3113 seminibus,
3450 3048 3640 3102 multis

2060 3134 2278 3204 impleri
2332 3136 2563 3190 deberet
2620 3136 2823 3191 divinis
2860 3138 3117 3207 eloquiis.
3154 3136 3318 3194 Videt
3369 3140 3531 3194 etiam
3588 3149 3644 3196 et

2057 3227 2211 3281 audit
2238 3227 2410 3282 Isaias
2444 3244 2459 3281 :
2492 3227 2647 3293 Quis,
2700 3229 2902 3298 inquit,
2929 3214 3138 3284 accedet
3164 3231 3232 3283 ad
3290 3232 3428 3284 hunc
3467 3247 3640 3309 popu-

2053 3318 2165 3371 lum
2192 3318 2285 3371 "?
2316 3316 2383 3371 Et
2415 3317 2531 3371 dixi
2557 3332 2577 3371 :
2609 3317 2746 3372 Ecce
2766 3336 2878 3389 ego,
2909 3319 3149 3374 Domine.
3172 3321 3329 3376 Nunc
3353 3322 3518 3391 igitur
3545 3338 3640 3376 au-

2052 3405 2210 3471 divit,
2270 3405 2398 3460 alibi
2432 3421 2559 3460 vero
2591 3406 2750 3461 vidit.
2784 3406 2850 3460 Et
2879 3408 3006 3475 vidi,
3040 3408 3244 3478 inquit,
3265 3408 3431 3463 donec
3451 3412 3639 3478 positae

2048 3506 2175 3551 sunt
2231 3498 2400 3563 sedes,
2461 3507 2510 3553 et
2558 3500 2649 3569 qui
2701 3500 2964 3570 Antiquus
3030 3510 3144 3555 erat
3203 3502 3431 3567 dierum,
3481 3502 3637 3556 sedit.

2049 3585 2258 3644 llorum
2288 3597 2471 3643 autem
2503 3590 2735 3644 duorum
2773 3591 3185 3660 prophetarum,
3213 3600 3270 3645 ut
3294 3593 3467 3658 vides,
3496 3593 3636 3646 alter

348 3683 599 3745 ἀκούειν,
632 3686 724 3738 καὶ
760 3686 1004 3755 βλέπειν,
1043 3689 1135 3741 καὶ
1165 3688 1428 3756 γεύεσθαι
1451 3690 1521 3742 τὰ
1552 3691 1942 3761 παραδείγμα-

2053 3681 2542 3743 resurrectionem,
2563 3689 2618 3734 et
2647 3680 3080 3751 alterjudicium
3134 3683 3241 3739 sibi
3270 3685 3455 3754 partiti
3485 3693 3635 3740 sunt.

347 3790 436 3825 τα.
475 3774 612 3827 Τίνα
643 3775 701 3829 δὲ
738 3777 833 3830 καὶ
868 3779 964 3831 τοῦ
998 3777 1302 3845 ἃπτεσθαις
1337 3779 1450 3850 (i2)
1482 3780 1681 3849 Ναοὺμ
1713 3781 1774 3834 τὸ
1800 3779 1942 3835 Θεῑον
1974 3837 1983 3845 _

347 3862 551 3933 λῆμμα
573 3865 671 3935 τὴν
695 3866 984 3938 θεοληψίαν
1016 3867 1160 3922 οὕτω
1184 3870 1501 3938 καλοῦντος,
1527 3871 1781 3940 καθάπερ
1839 3873 1939 3925 επ·-

356 3955 658 4024 αφωμένου
693 3956 786 4011 τοῦ
821 3960 1152 4030 ἡγεμονικοῦ
1187 3960 1288 4031 τῆς
1316 3960 1513 4033 ψυχῆς,
1546 3963 1638 4016 καὶ
1662 3961 1941 4033 τυπουμέ-

346 4066 444 4101 νου
473 4049 687 4103 καὶτοῦ
720 4051 875 4119 ἁγίου
908 4050 1250 4122 Πνεύματος.

2050 3772 2221 3826 Multa
2251 3773 2357 3828 alia
2388 3782 2540 3838 sunt,
2572 3773 2818 3838 auditus,
2847 3774 2999 3830 visus
3037 3784 3089 3830 et
3126 3783 3318 3845 gustus
3359 3781 3633 3848 exempla.

2051 3862 2257 3919 Tactus
2292 3866 2609 3934 exemplum
2666 3864 2839 3919 babes
2876 3866 3023 3936 apud
3080 3865 3254 3922 Naum
3287 3885 3300 3922 :
3329 3871 3420 3938 qui
3472 3867 3630 3937 juxta

2050 3955 2473 4011 translationem
2528 3953 2696 4021 LXX,
2758 3957 2903 4025 quod
2950 3957 3043 4009 alii
3090 3960 3425 4028 interpretes
3484 3957 3631 4013 Onus

2049 4047 2243 4102 Ninive
2270 4047 2651 4111 reddiderunt,
2691 4047 3116 4117 Assumptionem
3162 4051 3351 4106 A’inire
3387 4053 3629 4122 appella-

348 4143 431 4195 vit
461 4156 481 4193 :
522 4144 954 4212 assumptionem
1001 4145 1294 4214 quamdam
1336 4145 1596 4213 divinam,
1634 4144 2038 4216 principalioris
2073 4140 2270 4195 animae
2321 4140 2492 4209 partis
2566 4140 2898 4210 intelligens,
2970 4156 3077 4194 non
3121 4156 3283 4197 secus
3352 4158 3417 4198 ac
3481 4146 3527 4198 si
3596 4157 3626 4194 a

351 4243 555 4289 sancto
588 4235 820 4304 Spiritu,
877 4236 1134 4292 manibus
1201 4237 1531 4307 quibusdam
1594 4247 1935 4295 contrectata
1975 4235 2172 4290 fuisset
2198 4239 2252 4286 et
2277 4232 2532 4284 formata.

434 4329 583 4382 ’Δλὶθ
625 4331 715 4383 ἵνα
774 4333 1022 4402 εἴπωμεν
1092 4333 1528 4406 συντομώτερον,
1591 4335 1768 4390 ἄλλων
1816 4332 1937 4387 κατ’

345 4422 513 4476 ἄλλον
545 4420 962 4491 ἐνεργουμένων
1026 4423 1122 4475 ναὶ
1168 4425 1358 4495 χρόνον
1393 4425 1488 4478 καὶ
1538 4424 1780 4496 τρόπον),
1843 4423 1938 4476 καὶ

348 4509 551 4581 κομιδῇ
580 4526 642 4578 γε
673 4510 871 4577 ὀλίγων
908 4512 1004 4565 καὶ
1037 4513 1126 4565 ἐπ’
1161 4515 1368 4583 ὀλίγου,
1420 4517 1561 4569 κατὰ
1594 4515 1689 4569 δύο
1739 4515 1935 4586 μόνους

344 4600 670 4673 χρόνους,ῆ
714 4602 811 4654 καὶ
837 4604 1095 4671 τρόπους,
1157 4606 1416 4670 πολλάκις
1467 4610 1614 4678 τρεῖς
1642 4623 1658 4641 ·
1707 4607 1866 4677 μόνος
1909 4608 1938 4659 6

345 4690 643 4759 ὑεοπάτωρ
676 4685 827 4752 οὗτος
843 4690 1055 4759 λέγοιτο
1079 4694 1123 4746 δ’
1139 4695 1206 4748 ἂν
1237 4697 1329 4749 καὶ
1359 4697 1818 4768 προφητοπάτωρ,
1842 4699 1929 4753 δ.ὰ

346 4779 573 4833 πάντων
603 4775 735 4850 ἦ).οε
767 4781 860 4834 καὶ
884 4781 1091 4852 χρόνων
1149 4785 1244 4837 καὶ
1280 4785 1498 4857 τρόπων
1532 4804 1546 4819 ⁸
1578 4792 1672 4839 καὶ
1703 4788 1797 4841 νῦν
1826 4791 1926 4851 μὲν

342 4871 496 4938 ὶέγεε
524 4872 597 4922 τὰ
631 4870 993 4944 παρελθόντα,
1017 4871 1115 4929 νῦν
1163 4874 1219 4929 δὲ
1280 4875 1349 4930 τὰ
1412 4877 1563 4941 ὄντα,
1605 4878 1695 4930 νῦν
1739 4878 1794 4930 δὲ
1857 4878 1927 4931 τὰ

344 4961 645 5032 μέλλοντα,
681 4963 778 5016 καὶ
800 4962 897 5017 νῦν
932 4965 1033 5035 μὲν
1060 4966 1200 5038 όρᾷ⁸
1246 4967 1353 5022 Kal
1400 4964 1544 5034 εἶδε,
1607 4970 1765 5041 φησὶ,
1819 4971 1927 5025 τὸν

2131 4326 2338 4383 Verum
2374 4332 2431 4379 ut
2462 4324 2703 4379 breviter
2749 4340 3059 4381 sermonem
3091 4325 3470 4396 expediamus,
3499 4342 3623 4382 cum

2035 4429 2357 4476 creterorum
2458 4418 2845 4489 prepbctarum
2948 4418 3039 4472 alii
3095 4434 3190 4488 per
3254 4420 3404 4474 varia
3490 4429 3620 4475 tem-

2035 4529 2167 4585 pora
2198 4521 2254 4567 et
2293 4511 2528 4565 modos:
2563 4521 2729 4580 atque
2781 4510 2836 4564 lii
2881 4510 3100 4580 quidem
3162 4511 3320 4581 pauci
3367 4522 3420 4567 et
3473 4528 3620 4579 raro,

2035 4605 2236 4675 quippe
2278 4617 2403 4657 cum
2431 4617 2527 4671 per
2571 4601 2680 4655 duo
2717 4611 2928 4655 tantum
2964 4608 3232 4672 tempora,
3265 4603 3349 4656 vel
3401 4604 3616 4674 modos,

2039 4697 2107 4750 ad
2140 4680 2587 4757 summum'tres,
2617 4694 2698 4763 agi
2740 4690 2821 4749 eis
2861 4695 3175 4763 contigerit,
3212 4695 3365 4750 solus
3400 4694 3490 4749 hic
3526 4713 3619 4749 no-

2035 4796 2167 4849 ster,
2194 4784 2288 4839 Dei
2308 4794 2358 4839 et
2371 4785 2752 4852 prophetarum
2769 4782 3134 4853 etiamgPater,
3152 4784 3333 4837 omnia
3349 4787 3618 4853 percurrit

2037 4884 2288 4947 tempora
2342 4883 2400 4931 et
2457 4875 2649 4930 medus
2688 4892 2703 4930 ε
2743 4883 2798 4929 et
2858 4891 3006 4929 nunc
3059 4876 3279 4944 quidem
3341 4877 3616 4946 praeterita

2034 4966 2188 5032 dicit,
2216 4980 2361 5019 nunc
2394 4963 2706 5033 prmsentia,
2738 4962 2900 5017 modo
2930 4963 3093 5017 etiam
3129 4962 3340 5027 futura,
3368 4970 3423 5017 et
3453 4964 3617 5018 modo

340 5051 654 5122 Reiper
697 5051 768 5106 τὰ
801 5052 894 5107 τοῦ
934 5033 1151 5127 Κυρίου
1175 5056 1334 5111 ’νῦν
1380 5058 1437 5112 δὲ
1491 5033 1681 5115 ἀέιοῦει
1717 5077 1729 5089 ⁸
1756 5056 1924 5127 Eine,

2051 5060 2205 5116 ridet.
2245 5056 2414 5124 Vidit,
2448 5056 2650 5127 inquit,
2697 5055 2869 5109 David
2926 5056 3232 5126 Dominum,
3277 5062 3371 5110 aut
3402 5070 3466 5111 ea
3495 5072 3614 5126 quae

340 5143 479 5214 γὰρ,
503 5144 662 5215 φησὶ,
699 5145 915 5213 Κύριος
942 5145 1022 5211 τῷ
1055 5146 1235 5201 Δαϐίδ
1260 5167 1275 5183 ·
1311 5149 1408 5202 νῦν
1436 5150 1490 5204 δὲ
1528 5152 1760 5206 ἅπτεται
1789 5168 1802 5182 ⁸
1860 5152 1923 5206 Ἠ
1959 5225 1975 5230 ’

341 5234 603 5304 γλῶσσά
649 5253 772 5307 μου
803 5237 1077 5307 κάλαμος
1126 5245 1510 5313 ποαμματέως
1553 5245 1922 5315 ὀξυγράφου,

343 5327 600 5396 γλῶτταν
617 5328 679 5382 οὐ
705 5328 802 5401 τὴν
819 5328 926 5393 ἔξω
954 5330 1149 5401 λέγων,
1176 5333 1357 5403 λέγειν
1387 5336 1495 5408 γὰρ
1523 5336 1590 5390 ἂν
1617 5336 1786 5408 αὐτὴν
1811 5336 1923 5408 (15)

2033 5149 2247 5205 Domini
2271 5156 2400 5203 sunt
2427 5165 2443 5205 :
2472 5148 2635 5203 modo
2658 5147 2846 5202 audit:
2880 5147 3046 5213 Dixit,
3082 5148 3251 5213 enim,
3281 5147 3478 5217 inquit,
3508 5148 3613 5200 Do-

2039 5243 2214 5296 minus
2246 5245 2313 5295 ad
2353 5241 2520 5294 David
2545 5241 2590 5273 “
2621 5257 2634 5294 :
2660 5238 2817 5295 Nunc
2848 5243 3022 5309 tangit
3066 5258 3078 5295 :
3120 5240 3326 5311 Lingua
3358 5250 3495 5296 mea.
3531 5239 3607 5291 in.

2041 5337 2183 5407 quit,
2220 5334 2459 5389 calamus
2482 5333 2668 5391 scribae
2689 5333 2939 5388 velociter
2982 5332 3259 5389 scribentis
3291 5348 3311 5385 :
3346 5332 3609 5400 linguam,

407 5458 459 5492 ¹⁸
491 5457 693 5518 Ezecb.
725 5478 940 5530 xxxv",
977 5465 1032 5519 8.
1106 5466 1156 5500 ”
1193 5468 1391 5524 Ezecb.
1426 5486 1469 5535 ι,
1503 5472 1554 5534 1,
1580 5472 1635 5526 5.
1711 5472 1758 5503 "
1777 5473 1885 5527 lsa.
1915 5487 1993 5535 vt.
2025 5472 2080 5528 8.
2156 5473 2203 5505 “
2225 5471 2372 5528 Psal.
2395 5487 2541 5535 λων,
2563 5471 2620 5525 2.

1570 5646 1577 5653 _
1677 5564 1878 5626 Varias
1921 5564 2245 5628 lectiones.

556 5650 645 5727 τσ.
684 5656 1099 5727 μερισαμένοιν.

403 5722 521 5792 (l2)
564 5720 904 5782 Graecorum
946 5732 1239 5786 verborum
1287 5747 1486 5788 sensus
1538 5741 1625 5789 est
1665 5751 1679 5788 :
1734 5732 1918 5789 Naum

328 5790 545 5851 quidem
593 5792 844 5851 divinum
897 5799 1094 5856 lemma
1145 5804 1294 5858 dicit.
1344 5802 1576 5859 divinam
1627 5807 1916 5863 quamdam

2024 5665 2418 5734 preliensionem
2438 5664 2514 5718 sic
2536 5663 2828 5733 appellans,
2848 5662 3000 5731 quasi
3022 5659 3260 5730 princeps
3291 5656 3456 5709 animi
3474 5671 3602 5721 pars

2025 5736 2455 5808 prehenderetur.
2498 5803 2511 5808 _
2606 5802 2620 5808 ,
2896 5800 2916 5808 _
3064 5800 3076 5808 ,
3133 5799 3166 5808 ..
3233 5798 3278 5808 ..
3345 5796 3357 5808 .
3543 5794 3572 5808 .-

2104 5807 2214 5867 (ίῦ)
2236 5804 2408 5865 Adde.
2432 5803 2514 5861 vel
2538 5802 2768 5860 subaudi
2794 5800 2981 5866 ἐγοῆν,
2998 5800 3078 5856 vcl
3100 5799 3245 5856 aliud
3267 5795 3597 5866 huiusmodi.
