4146 6452
521 331 586 407 7i
1749 337 2135 398 EUTIIYMII
2193 337 2560 398 ZIGABENI
3723 336 3793 401 τε

524 461 766 527 inquam,
801 469 912 508 non
943 453 1092 507 hanc
1125 437 1456 506 exteriorem
1512 450 1863 522 intelligens;
1900 451 2103 522 quippe

2213 451 2438 520 μᾶλλον,
2472 449 2589 503 ἀλλ’
2623 450 2654 520 ἢ
2698 449 2956 522 γράφειν,
2988 450 3124 504 ἀλλὰ
3155 451 3254 521 τὴν
3283 450 3376 504 τοῦ
3411 452 3552 504 νοεῖν
3597 452 3790 522 δηλον-

521 563 643 604 eum
681 546 832 616 loqui
860 561 980 600 eam
1026 545 1208 615 potius
1237 559 1402 614 quam
1438 543 1684 598 scribere
1729 558 1830 612 par
1879 543 2097 608 fuisset,

523 642 614 696 sed
647 640 965 693 interiorem
1001 638 1312 691 intellectus
1346 635 1611 705 linguam,
1641 650 1763 703 quae
1818 649 1959 699 novo
2019 643 2101 687 at-

523 749 628 799 que
667 731 926 784 ineffabili
961 729 1200 799 quodam
1233 730 1413 790 modo,
1453 729 1629 797 ipsum
1682 727 1945 796 Spiritum
1977 737 2102 779 tau-

525 826 707 894 gebat,
743 824 1108 893 palpabatque
1138 837 1202 876 eo
1241 822 1506 874 nimirum
1557 819 1739 884 modo,
1769 835 1879 888 quo
1909 833 1936 870 a
1963 818 2101 872 scri-

525 926 680 985 ptore
734 917 974 984 tangitur
1035 915 1450 981 calamus:per
1507 927 1695 981 quem,
1747 927 1811 964 ea
1867 909 2103 980 quaailli

525 1009 762 1062 revelata
795 1015 976 1072 erant,
1009 1009 1291 1076 eleganter
1315 1004 1595 1059 scribebat
1636 1021 1652 1058 :
1690 1020 1867 1073 neque
1894 1005 1944 1058 id
1977 1014 2101 1057 tan-

521 1109 660 1166 tum,
691 1100 786 1154 sed
817 1112 872 1153 et
904 1100 1164 1152 velociter
1195 1098 1244 1151 id
1271 1099 1484 1168 agebat.
1512 1095 1666 1151 Unde
1697 1106 1752 1150 et
1779 1096 2100 1151 manifesta-

521 1191 722 1244 llOIIt'm
754 1189 1050 1258 prophetia:
1077 1188 1304 1250 indicat,
1332 1195 1386 1242 et
1410 1187 1786 1242 vehementem
1815 1189 2007 1249 etiam,
2039 1200 2102 1238 ac

523 1283 756 1335 validam
796 1280 1042 1350 Spiritus
1085 1281 1536 1344 concitationem,
1578 1279 1710 1333 dum
1755 1278 2102 1332 velocissimo

524 1375 720 1430 scriba:
760 1391 884 1428 eam
943 1383 1244 1442 comparat.
1309 1372 1452 1426 Alibi
1496 1381 1714 1440 gustum
1770 1371 1876 1424 sibi
1908 1368 2102 1422 adesse

519 1477 817 1522 attestatur
846 1468 1037 1522 dicens
1067 1484 1080 1518 :
1117 1466 1287 1530 Quam
1319 1465 1498 1516 dulcia
1527 1463 1772 1532 {nu-cibus
1809 1462 1935 1515 meis
1987 1461 2102 1515 elo-

523 1561 648 1628 quia
680 1571 769 1614 tua
800 1575 956 1627 super
1008 1563 1108 1611 mel
1134 1558 1214 1611 ori
1248 1573 1358 1611 meo
1385 1559 1455 1610 ".
1491 1556 1664 1624 Ipsius
1695 1554 1899 1609 ctenim
1936 1553 2100 1607 intel-

526 1653 704 1706 lectus
767 1666 827 1704 os
891 1667 949 1703 ac
1009 1651 1198 1703 fauces
1259 1649 1701 1710 delectabantur,
1739 1660 1864 1698 cum
1915 1645 2100 1698 divina

518 1744 878 1797 oraculorum
917 1739 1133 1809 eloquia
1163 1739 1483 1806 deglutiret.
1523 1752 1587 1791 ac
1639 1752 1831 1791 rursus
1877 1751 2103 1791 revoca-

517 1935 637 1978 tum
675 1924 981 1978 revocando
1012 1923 1355 1992 percipiebat
1383 1923 1742 1990 voluptatem.
1783 1921 1902 1976 Alio
1937 1921 2100 1977 etiam

517 2017 577 2071 in
612 2018 733 2070 loco
752 2026 1039 2069 eructasse
1063 2015 1197 2068 dicit
1219 2029 1316 2067 cor
1345 2029 1505 2068 suum
1530 2014 1760 2068 verbum
1783 2014 1988 2068 bonum
2013 2013 2059 2042 "'
2085 2028 2102 2066 :

521 2107 632 2161 vim
659 2107 953 2174 quamdam
989 2096 1301 2160 intellectus
1322 2104 1832 2174 prolundissimam,
1859 2115 1915 2159 et
1940 2113 1997 2158 ut
2030 2105 2103 2158 ita

519 2201 728 2263 dicam,
762 2200 1013 2254 omnium
1047 2200 1468 2269 capacissimum
1489 2200 1571 2254 sic
1605 2198 1907 2268 appellans,
1935 2196 2102 2252 veluti

523 2307 649 2360 (litae
685 2293 950 2346 orttnihus
999 2290 1179 2345 sancti
1229 2291 1472 2359 Spiritus
1509 2289 1652 2343 cibis
1711 2288 1778 2343 ad
1823 2303 2106 2343 summum

523 2385 686 2453 plena
718 2393 884 2439 esset.
922 2383 1120 2438 Rarior
1149 2383 1202 2436 in
1239 2396 1304 2437 eo
1346 2381 1450 2435 fuit
1475 2380 1738 2435 odoratus
1764 2381 1976 2450 ﬁgura:
2010 2381 2106 2435 sed

525 2474 744 2529 caeteris
772 2474 1032 2528 euntibus
1064 2474 1240 2527 multo
1267 2472 1573 2525 molestior.
1616 2469 1756 2524 Nam
1795 2470 1942 2540 quod
1975 2472 2110 2539 legi-

524 2580 654 2620 mus
703 2563 979 2633 :Hyrrha
1032 2573 1080 2618 et
1119 2573 1286 2616 stacte
1345 2572 1395 2616 et
1453 2563 1630 2614 cassia
1693 2578 1725 2613 a
1785 2563 2107 2616 uestimentis

528 2659 632 2711 tuis
663 2658 729 2722 ²⁹,
770 2658 821 2710 id
850 2657 919 2710 ab
962 2671 1028 2710 eo
1060 2656 1266 2709 dictum
1292 2663 1400 2717 est,
1432 2668 1553 2707 cum
1598 2651 1888 2725 [adversus
1916 2662 2108 2721 putre-

523 2747 712 2800 dinem
743 2757 796 2800 et
829 2745 1242 2814 corruptionem
1272 2743 1595 2798 cicatricum
1623 2743 1872 2814 suarum]
1907 2743 2108 2797 bonum

529 2854 594 2893 ac
620 2853 842 2892 suavem
873 2837 1079 2892 Christi
1110 2833 1333 2889 odorem
1363 2835 1771 2904 praesensisset.
1808 2832 1920 2887 Hoc
1948 2839 2110 2901 pacto

531 2946 629 3000 per
669 2930 855 2984 omnia
886 2929 1200 2984 intellectus
1237 2928 1511 2993 sensoria,
1547 2928 1806 2982 scient-ias
1835 2940 1900 2978 ac
1935 2926 2108 2977 virtu-

534 3033 616 3076 tes
656 3037 850 3076 omnes
911 3020 1230 3089 spirituales
1294 3020 1527 3089 adeptus
1583 3029 1690 3076 est.
1724 3019 2108 3074 Conditionem

528 3124 736 3177 autem,
779 3123 946 3179 atque
985 3111 1236 3180 habitum
1300 3109 1612 3179 Pr0phetae,
1653 3111 1906 3165 oratione
1943 3118 2108 3179 atque

2209 545 2315 607 ότι,
2351 543 2537 618 καινόν
2582 561 2702 596 τινα
2762 545 2963 612 τρόπον
2995 545 3380 613 ἐφαπτομένην
3419 544 3514 600 τοῦ
3547 545 3794 615 πνεῦμα.

2210 653 2322 698 τος.
2350 635 2428 692 ὡς
2458 637 2826 706 ὑπογραφὲως
2861 637 3130 706 κάλαμος,
3154 636 3221 689 δ.’
3245 637 3417 706 αὐτῆς
3436 637 3537 699 τὰς
3559 637 3791 704 γνώσεις

2213 729 2740 800 καλλιγραφοῦντος,
2786 730 2881 783 καὶ
2918 731 2977 782 οὐ
3028 728 3188 783 τοῦτο
3233 729 3418 797 μόνον,
3481 728 3617 783 ἀλλά
3697 731 3795 782 καὶ

2210 819 2650 889 όξυγραφοῦντος
2689 836 2702 850 ο
2731 820 2877 872 οὕτω
2907 821 2998 875 διὰ
3033 823 3132 890 μὲν
3161 822 3276 874 τῶν
3302 823 3652 892 γραμμάτων
3694 822 3794 892 τὴν

2211 913 2504 984 ἐνάργειαν
2528 913 2625 981 τῆς
2661 914 3002 983 προφητείας
3035 914 3304 984 ἐδήλωσεν
3337 932 3349 946 ·
3399 914 3499 985 τὴν
3557 914 3795 986 ὀξύτητα

2206 1003 2286 1070 δὲ,
2315 1004 2403 1058 διὰ
2432 1005 2534 1074 τῆς
2565 1002 2922 1077 όξυγραφίας.
2949 1005 3064 1060 Νῦν
3090 1007 3147 1059 δὲ
3182 1007 3281 1078 τὴν
3299 1009 3597 1078 γευστικὴν
3615 1007 3796 1076 ἑαυτῷ

2213 1100 2634 1167 προσμαρτυρεῖ
2668 1097 2902 1166 δύναμιν
2936 1111 2949 1126 ⁶
3024 1100 3123 1165 Ὠς
3175 1101 3405 1169 γλυκέα
3469 1101 3600 1170 γάρ,
3639 1103 3796 1171 φησὶ,

2210 1154 2292 1252 τῶ
2322 1154 2580 1258 λαρίθγγίί
2601 1206 2721 1256 μου
2758 1154 2828 1242 τά
2860 1191 3037 1259 λόγια
3059 1154 3197 1248 σρυί
3261 1194 3371 1245 Καὶ
3390 1154 3497 1264 γὰρ
3530 1154 3851 1282 ξδ’νὲηὲδνξῗ

2212 1277 2434 1346 ἡδύνετο
2466 1279 2662 1345 στόμα,
2689 1278 2758 1333 τά
2797 1279 2953 1346 λόγια
2979 1281 3088 1334 τῶν
3149 1284 3413 1352 χρησμῶν
3469 1277 3823 1349 uarat-rivom:

2212 1371 2308 1421 καὶ
2336 1366 2404 1422 αὖ
2438 1371 2734 1441 ἁναφέρον,
2773 1371 2976 1442 πολλῆς
3007 1373 3196 1442 ἡδονῆς
3236 1374 3364 1444 περί
3397 1391 3456 1426 τε
3484 1373 3581 1443 τὴν
3629 1377 3798 1427 κατά-

2213 1476 2372 1512 ποσιν
2399 1462 2494 1513 καὶ
2533 1465 2632 1531 τὴν
2660 1463 2916 1516 ἀνάδοσιν
2948 1463 3345 1534 αἰσθανόμενος
3374 1483 3387 1496 ·
3454 1465 3689 1535 ἀλλαχοῦ
3741 1467 3799 1519 δὲ

2213 1551 2305 1603 καὶ
2333 1549 2432 1620 τὴν
2464 1552 2691 1620 καρδίαν
2734 1555 3105 1624 ἐρευγομένην
3137 1555 3290 1621 λέγει
3343 1556 3402 1607 τὸ
3435 1557 3666 1622 ἀγαθὸν,
3694 1557 3798 1626 τὴν

2215 1642 2550 1711 βαθυτάτην,
2591 1643 2666 1706 ὼς
2697 1645 2762 1697 ἂν
2792 1646 2992 1709 εἴποις.
3027 1647 3121 1699 καὶ
3154 1647 3520 1716 ὑποδεκτικὴν
3578 1648 3800 1701 πάντων

2206 1735 2303 1787 τοῦ
2324 1735 2441 1799 v0.5;
2473 1735 2728 1804 δύναμιν,
2757 1737 2832 1800 ὼς
2861 1738 3530 1810 ὑπερεμπεπληρωμένην
3551 1739 3684 1808 ὃλην
3704 1742 3802 1792 καὶ

431 1859 434 1863 ·
526 1843 634 1886 ret.
672 1831 964 1886 Maximam
989 1831 1141 1884 enim
1176 1832 1464 1899 propheta,
1486 1839 1604 1882 tum
1633 1828 1988 1898 deglutiendo
2017 1843 2102 1892 ea,

2213 1827 2348 1879 ὅλων
2376 1827 2484 1880 τῶν
2514 1827 2739 1894 ἀγαθῶν
2775 1831 3090 1899 βρωμάτων
3115 1829 3209 1882 τοῦ
3253 1832 3602 1900 Πνεύματος.
3653 1831 3803 1884 Σπά-

2203 1934 2319 1980 νιος
2348 1918 2378 1971 ὁ
2405 1919 2507 1987 τῆς
2541 1919 2919 1990 ὀσφραντικῆς
2955 1922 3015 1976 ὲν
3055 1921 3208 1990 αὐτῷ
3273 1921 3465 1986 τύπος,
3522 1923 3616 1976 καὶ
3664 1922 3800 1974 πολὺ

2205 2013 2318 2064 τῶν
2344 2012 2518 2066 ἄλλων
2552 2012 3054 2082 δυσφωρατώτερος
3085 2031 3098 2044 ’
3147 2017 3412 2084 Σμύρνα,
3487 2016 3641 2084 φησι,
3699 2015 3804 2068 καὶ

2205 2104 2464 2172 στακτὴ,
2496 2104 2596 2158 καί
2645 2106 2899 2170 κασσία,
2931 2105 3051 2160 ἀπὸ
3080 2104 3198 2160 τῶν
3249 2108 3495 2176 ἱματίων
3531 2124 3671 2169 σου,
3703 2107 3804 2174 τῆς

2208 2196 2438 2258 εὐωδίας
2467 2196 2570 2266 τῆς
2593 2196 2736 2250 κατά
2763 2197 3014 2268 Χριστὸν
3054 2199 3614 2268 ἀντιλαμϐανόμενος.
3642 2197 3802 2251 Οὕτω

2205 2289 2276 2344 δι’
2310 2288 2450 2342 ὅλων
2484 2288 2578 2341 τοῦ
2599 2290 2717 2350 νοὸς
2743 2288 2854 2342 τῶν
2888 2289 3221 2358 αἰσθήσεων,
3244 2289 3354 2346 τῶν
3408 2290 3500 2344 τοῦ
3551 2290 3804 2360 Πνεῦμα-

2208 2398 2302 2444 τος
2330 2380 2470 2434 ὅλων
2512 2381 2868 2446 ἀντελάϐετο,
2901 2381 3000 2436 καὶ
3029 2381 3290 2448 γνώσεων
3347 2383 3441 2435 ναὶ
3488 2382 3800 2452 δυνάμεων.

2209 2471 2373 2540 Δηλοῖ
2392 2471 2449 2524 δὲ
2480 2472 2582 2542 τὴν
2617 2473 2969 2544 προφητικὴν
3037 2472 3151 2536 ἕξιν
3193 2472 3280 2526 διὰ
3340 2471 3431 2526 τοῦ
3491 2472 3672 2540 λόγου,
3712 2473 3805 2526 καὶ

2210 2563 2366 2617 οὐδὲν
2407 2564 2556 2632 αὑτῴ
2582 2563 2844 2634 διαφέρον
2875 2565 2942 2617 τά
2975 2564 3320 2635 παρελθόντα
3372 2563 3485 2633 (Η)
3544 2563 3747 2631 λέγειν,
3769 2565 3804 2634 ἢ

2211 2654 2312 2707 καὶ
2349 2652 2422 2705 τὰ
2456 2653 2747 2722 μέλλοντα.
2775 2653 3047 2718 Πολλάκις
3122 2653 3256 2721 γοῦν
3317 2653 3641 2708 ὲναλλάττει
3706 2652 3805 2721 τὴν

2209 2747 2367 2810 τάξιν
2387 2763 2400 2776 ·
2432 2748 2526 2798 καὶ
2555 2747 2616 2799 τὸ
2649 2748 2770 2817 μὲν,
2803 2748 2877 2810 ὡς
2909 2748 3009 2818 ἤδη
3044 2747 3311 2816 γεγονότα
3351 2747 3498 2816 λέγει
3537 2747 3606 2800 τά
3641 2764 3803 2817 γενη-

2213 2838 2419 2906 σόμενα
2454 2853 2468 2869 ο
2496 2838 2560 2890 τὸ
2585 2839 2639 2890 δὲ
2673 2839 2991 2891 τούναντίον
3017 2856 3030 2869 ⁸
3095 2837 3240 2892 οὕτω
3281 2837 3394 2907 γὰρ
3455 2839 3516 2890 τό
3541 2854 3555 2869 ο
3587 2837 3721 2891 Ἵνα
3750 2838 3804 2890 τί

2207 2931 2326 2999 μὲν
2353 2929 2668 2997 ἐφρύαξαν
2702 2930 2870 2996 ἔθνη,
2910 2930 3011 2982 καὶ
3057 2929 3456 2997 παρέστησαν
3503 2928 3599 2981 καί
3651 2944 3802 2982 συνο

2213 3018 2520 3087 ἤχθησαν,
2557 3021 2651 3072 καὶ
2686 3020 2819 3072 ἄλλα
2845 3019 3095 3087 τοιαῦτα,
3137 3019 3260 3072 ἀντὶ
3288 3021 3380 3072 τοῦ
3435 3019 3801 3090 Φρυάξονται,

2216 3114 2303 3162 καὶ
2339 3113 2820 3183 Παραστήσονται,
2857 3114 2952 3166 καὶ
2972 3113 3432 3183 Συναχθήσονται.
3465 3112 3539 3165 Τὸ
3563 3112 3620 3164 δέ
3645 3128 3658 3142 ·
3708 3112 3802 3167 Ἐν

526 3219 781 3258 sermone
809 3219 911 3258 suo
945 3203 1158 3256 clarum
1195 3201 1346 3267 facit,
1387 3216 1512 3255 cum
1543 3202 1681 3255 nihil
1722 3200 1942 3255 diﬂ‘erat
1964 3202 2105 3270 apud

2217 3201 2463 3270 ποταμῷ
2479 3203 2901 3258 διελεύσονται
2919 3205 3085 3271 ποδι,
3105 3207 3227 3259 ἀντὶ
3250 3205 3364 3270 τοῦ,
3383 3203 3800 3276 Διεληλύθεσαν,

523 3310 673 3360 eum,
697 3296 980 3364 praesentia
1003 3295 1205 3359 dicere,
1231 3305 1325 3348 aut
1348 3294 1553 3348 futura.
1579 3295 1968 3362 Saepenumero
1997 3309 2107 3348 non

525 3391 770 3444 ordinem
800 3391 1073 3450 immutat,
1111 3397 1164 3440 et
1197 3385 1404 3454 aliquid
1435 3393 1500 3438 ut
1539 3385 1652 3453 ja-m
1677 3384 1886 3438 (actum
1920 3393 2110 3438 narrat

2215 3293 2244 3346 ὃ
2270 3295 2366 3348 καὶ
2389 3297 2481 3348 τοῦ
2521 3296 2667 3349 θείου
2702 3298 3021 3367 Πνεύματος
3081 3298 3376 3351 ίδιαίτατον
3397 3337 3412 3362 ,
3461 3299 3625 3367 μηδὲν
3659 3313 3801 3366 παρ-

2218 3385 2478 3455 εληλυθδς
2508 3387 2731 3458 ἔχειν,ἢ
2762 3389 2975 3457 μέλλον,
3005 3389 3119 3442 ἀλλ’
3150 3390 3422 3442 ἐνεστῶτα
3444 3390 3646 3442 πάντα.

523 3483 670 3550 quod
699 3483 939 3534 futurum
976 3489 1060 3534 est
1095 3495 1110 3532 :
1147 3490 1339 3534 contra
1374 3479 1536 3533 etiam
1564 3479 1859 3547 aliquando
1883 3477 2066 3530 futura
2091 3478 2323 3548 projam
2359 3478 2537 3543 iactis,
2561 3481 2868 3550 cujusmodi
2902 3482 3031 3535 illud
3059 3489 3170 3536 est:
3198 3482 3375 3544 Quare
3405 3483 3802 3536 insurrexerunt

524 3585 698 3647 gentes
721 3575 787 3636 ³⁰,
817 3573 886 3644 [et
913 3572 1092 3642 populi
1126 3573 1370 3624 meditati
1440 3579 1565 3624 sunt
1636 3569 1902 3640 inauia?]
1981 3569 2052 3623 Et
2120 3572 2404 3625 astiterunt
2475 3590 2618 3643 reges
2678 3587 2866 3640 terrae,
2917 3585 2967 3628 et
3024 3577 3288 3643 principes
3339 3582 3692 3627 convenerunt
3745 3574 3800 3626 in

523 3683 706 3728 unum,
738 3678 867 3725 e1c.,
913 3678 1012 3733 pro
1062 3678 1126 3715 eo
1166 3665 1307 3731 quod
1347 3673 1451 3726 est,
1513 3662 1816 3731 Insurgent,
1871 3660 2292 3732 meditabantur,
2327 3667 2599 3733 astabant,
2661 3670 2989 3720 convenient.
3045 3667 3178 3722 item
3247 3666 3416 3721 illud:
3460 3666 3527 3720 In
3582 3667 3801 3736 ﬂumine

522 3759 917 3828 pertransibunt
959 3757 1086 3825 pede
1112 3757 1181 3820 ³⁸,
1215 3757 1317 3808 hoc
1374 3767 1450 3810 est
1492 3756 1954 3825 pertransicrunl.
2002 3755 2095 3809 Est
2135 3760 2280 3813 enim
2321 3762 2423 3812 hoc
2451 3760 2623 3813 divini
2652 3760 2888 3828 Spiritus
2949 3762 3246 3828 peculiare,
3284 3769 3342 3815 ut
3399 3760 3537 3815 nihil
3577 3772 3801 3830 praetcr-

527 3856 660 3908 itum
693 3855 877 3915 ducat,
906 3860 1001 3904 aut
1053 3849 1322 3913 futurum,
1352 3865 1476 3903 cum
1509 3850 1587 3904 illi
1630 3850 1816 3903 omnia
1853 3853 2150 3918 praesentia
2191 3852 2322 3906 sint.

597 3948 692 4002 llis
716 3950 975 4002 eninibus
1009 3946 1400 4009 consideratis,
1434 3947 1767 4003 accedamus
1822 3949 1887 4003 ad
1943 3951 2110 4019 parti-

525 4044 768 4096 cularcm
818 4039 1256 4108 uniuscujusque
1313 4041 1508 4108 psalmi
1569 4041 2104 4111 interprelatiouem,

525 4148 636 4187 uno
664 4139 874 4186 tantum
905 4130 1215 4185 necessario
1239 4140 1290 4185 et
1319 4132 1555 4200 generali
1586 4133 1735 4187 dicto
1767 4134 1944 4187 adhuc
1971 4150 2111 4203 prae-

525 4223 697 4278 misso
728 4238 741 4274 :
771 4223 914 4291 quod
952 4237 1060 4275 non
1098 4221 1280 4273 omnia
1317 4221 1483 4282 dicta,
1516 4236 1627 4275 uno
1653 4223 1813 4274 modo
1841 4223 2111 4290 interpre-

525 4316 799 4379 tabimur,
856 4315 1112 4368 videlicet
1148 4313 1451 4368 secundum
1495 4312 1811 4378 historiam,
1871 4323 1966 4366 aut
2018 4329 2109 4368 se-

527 4405 768 4461 cundum
795 4407 1158 4475 prophetiam,
1187 4413 1283 4457 aut
1312 4404 1614 4458 secundum
1643 4404 1978 4472 allegoriam,
2015 4412 2110 4457 aut

528 4501 832 4554 secundum
895 4498 1161 4551 moralem
1218 4514 1440 4552 sensum
1499 4497 1638 4551 :sed
1710 4513 1880 4550 unum
1946 4509 2109 4565 atque

528 4593 670 4645 idem
699 4592 929 4655 dictum,
965 4606 1346 4660 szepenumero
1381 4591 1541 4644 variis
1562 4591 1818 4645 sensibus
1846 4591 2102 4660 subjicie-

2291 3950 2546 4003 Τοσαῦτα
2593 3951 3154 4022 παραθεωρήσαντες,
3195 3953 3287 4006 ἐπὶ
3340 3953 3440 4025 τὴν
3471 3954 3612 4007 κατά
3652 3953 3797 4018 λέξιν

2216 4041 2553 4112 ὁρμήσωμεν
2591 4041 2701 4092 τῶν
2735 4041 2975 4112 ψαλμῶν
3031 4043 3320 4113 ἐξήγησιν,
3367 4047 3545 4098 ἐκεῖνο
3605 4048 3802 4110 κοινῶς

2219 4135 2315 4187 καὶ
2347 4134 2665 4200 ἀναγκαίως
2693 4136 3131 4206 ἀποφηνάμενοι,
3191 4137 3267 4201 ὡς
3324 4139 3421 4208 οὐχ
3470 4139 3685 4193 ἅπαντα
3733 4140 3800 4193 τὰ

2222 4225 2363 4296 ρητά
2396 4225 2519 4278 καθ’
2553 4227 2651 4279 ἕνα
2686 4227 2892 4297 τρόπον
2951 4229 3400 4299 ἐξετασθήσεται,
3470 4226 3583 4282 οἷον
3614 4232 3646 4298 ἢ
3677 4231 3798 4284 καθ’

2223 4318 2465 4386 ἱστορίαν
2496 4319 2679 4388 μόνον,
2718 4319 2750 4389 ἢ
2795 4321 2936 4373 κατὰ
2990 4321 3412 4391 προφητείαν,ἢ
3456 4324 3599 4375 κατά
3629 4323 3799 4394 ἀλλη-

2215 4407 2432 4477 γορίαν,
2463 4409 2495 4476 ἢ
2533 4408 2675 4460 κατὰ
2729 4408 2828 4479 τὴν
2867 4409 3065 4480 ἠθικὴν
3118 4410 3506 4464 διδασκαλίανο
3573 4413 3711 4465 ἀλλά
3738 4414 3801 4465 τὸ

2217 4500 2348 4552 αὐτὸ
2387 4500 2652 4563 πολλάκις
2686 4501 2906 4564 πολλοῖς
2945 4502 3040 4554 καὶ
3083 4501 3366 4572 διαφόροις
3404 4505 3628 4572 τρόποις
3661 4504 3799 4556 ὑπο-

2219 4589 2578 4661 ϐληθήσεται,
2612 4593 2708 4646 καὶ
2740 4591 2936 4662 ὥσπερ
2961 4594 3018 4647 ἐν
3049 4593 3310 4663 δένῗροις,
3347 4595 3458 4646 εἴτε
3505 4595 3600 4647 καὶ
3631 4595 3802 4664 σπέρσ-

529 4701 672 4739 mus.
699 4683 834 4738 Nam
867 4684 1333 4753 quemadmodum
1379 4684 1433 4738 in
1467 4684 1762 4738 arboribus
1794 4691 1852 4737 et
1882 4682 2105 4737 semini-

2223 4699 2377 4752 μασι,
2417 4683 2614 4736 πολλαί
2643 4700 2790 4743 τινες
2822 4685 2878 4736 αἱ
2913 4683 3173 4752 ἐκφύσεις
3205 4687 3299 4736 καὶ
3329 4685 3594 4753 δυνάμεις
3625 4699 3641 4714 ⁸
3704 4685 3802 4737 καὶ

529 4779 656 4843 bus,
695 4778 851 4846 plura
891 4792 953 4829 ac
977 4775 1134 4828 varia
1165 4783 1296 4829 sunt
1337 4775 1586 4844 germina
1619 4784 1673 4828 et
1723 4773 1892 4839 vires,
1935 4772 2112 4842 siqui-

530 4871 653 4925 dem
697 4872 748 4923 in
779 4871 974 4923 arbore
1005 4877 1060 4922 et
1091 4869 1242 4922 radix
1272 4852 1383 4933 est,
1407 4879 1460 4921 et
1491 4875 1754 4931 truncus;
1793 4865 1920 4920 item
1949 4866 2112 4932 rami,

531 4972 740 5026 cortex,
773 4961 901 5015 folia
947 4969 1001 5014 et
1033 4960 1270 5014 medulla
1302 4977 1316 5013 :
1356 4968 1410 5013 et
1463 4959 1516 5012 in
1553 4957 1883 5022 seminibus,
1917 4956 2110 5021 herba,

532 5054 756 5121 stipula,
817 5053 1023 5116 aristzc,
1087 5051 1450 5121 squannnulze
1507 5050 1807 5103 etfructus
1867 5063 1963 5117 pro
1989 5064 2114 5102 ,ιιιιο

532 5146 964 5200 innumerabiles
1008 5163 1020 5198 :
1065 5145 1143 5198 sic
1169 5146 1334 5198 etiam
1380 5153 1436 5199 et
1481 5143 1654 5195 multo
1699 5141 1874 5210 magis
1930 5143 1983 5196 in
2026 5143 2111 5196 his

529 5255 652 5308 qua:
685 5248 812 5293 sunt
847 5240 1093 5308 spiritus.
1129 5238 1315 5308 Neque
1361 5237 1649 5291 accusabis
1706 5243 1985 5290 auctorem
2042 5235 2112 5290 de

531 5334 788 5394 inventis.
825 5336 918 5387 sed
950 5333 1202 5401 ignosces
1231 5331 1413 5401 potius
1440 5330 1496 5383 in
1522 5329 1765 5384 omissis.
1799 5329 1933 5394 Quis
1961 5329 2109 5383 enim

533 5425 679 5494 quod
709 5425 846 5480 satis
881 5441 944 5480 ac
969 5425 1182 5494 justum
1218 5433 1303 5478 est
1331 5423 1494 5493 digne
1523 5422 1760 5478 dixerit?
1789 5420 1848 5475 ln
1890 5422 2113 5475 univcr-

604 5593 648 5624 ’⁷
680 5590 826 5646 Psal.
863 5607 1051 5658 (ιιι-ιιι,
1100 5591 1222 5649 105.
1305 5590 1351 5621 ’⁸
1407 5589 1556 5644 Psal.
1617 5607 1762 5654 των,
1797 5591 1853 5646 ‘2.

1930 5591 1975 5622 ³³
2034 5588 2181 5642 l’sal.
2224 5604 2370 5654 κων,
2399 5589 2452 5643 9.

2217 4775 2326 4844 γὰρ
2358 4777 2416 4826 ἐν
2455 4773 2655 4844 δένδρῳ
2685 4774 2833 4843 ῥίζα,
2870 4776 2965 4826 καὶ
2999 4775 3272 4843 στέλεχος,
3307 4775 3401 4826 καὶ
3451 4775 3670 4836 κλάδος,
3705 4773 3801 4826 καὶ

2221 4866 2430 4935 φλοιὸς,
2466 4868 2560 4919 καὶ
2593 4867 2792 4934 φύλλα,
2819 4867 2916 4919 καὶ
2933 4866 3230 4936 ὲντεριώνη
3259 4883 3272 4896 ·
3310 4866 3404 4918 καὶ
3424 4869 3484 4918 ἐν
3517 4867 3800 4935 σπέρμασι

2218 4960 2374 5030 χλόη,
2407 4961 2506 5013 καὶ
2535 4960 2806 5028 κάλαμος,
2841 4961 2935 5011 καὶ
2953 4958 3291 5029 ἀνθερίσκοι,
3325 4962 3418 5012 καὶ
3439 4959 3627 5025 λέπος,
3651 4961 3745 5012 καὶ
3772 4961 3801 5012 6

2219 5051 2433 5121 καρπὸς
2475 5051 2593 5104 ἀνθ’
2626 5052 2744 5114 ἑνὸς
2803 5049 3023 5120 μυρίος,
3078 5049 3222 5103 οὕτω
3265 5053 3358 5104 καὶ
3403 5051 3582 5121 πολλῷ
3636 5051 3800 5103 πλέον

2221 5145 2315 5195 ἐπὶ
2339 5143 2433 5196 τοῦ
2469 5142 2809 5211 Πνεύματος.
2843 5144 2951 5195 Καὶ
2974 5145 3032 5195 οὐ
3063 5143 3268 5213 μέμιιις
3301 5143 3411 5196 τῶν
3438 5142 3798 5214 εὗρε-θέντων,

2220 5236 2357 5288 ἀλλὰ
2421 5234 2720 5304 συγγνώμη
2785 5234 2898 5288 τῶν
2970 5236 3466 5306 παρευρεθέντων·
3533 5236 3630 5304 τῆς
3690 5235 3800 5304 γὰρ

2220 5328 2375 5391 ἀξίας
2403 5329 2579 5390 οὐδεὶς
2607 5327 2673 5380 ἂν
2702 5327 2928 5391 δικαίως
2948 5329 3213 5397 ἐφίκοιτο.
3233 5329 3480 5382 Καθόλου
3511 5329 3568 5382 δὲ
3597 5329 3796 5392 εἰπεῖν,

2224 5419 2508 5488 δυνάμεθα
2533 5420 2658 5482 τοὺς
2681 5417 2932 5490 ψαλμοὺς
2972 5420 3405 5490 προσαρμόζειν,
3448 5420 3678 5491 ἐχθροὺς
3700 5417 3796 5473 τοῦ

2535 5590 2578 5622 ³⁸
2608 5591 2756 5645 Psal.
2787 5605 2846 5654 ιι,
2883 5589 2929 5643 l.
3014 5590 3053 5620 ³¹
3085 5588 3234 5645 Psal.
3269 5603 3398 5655 ων,
3433 5587 3489 5644 θ.

1875 5706 2084 5766 Variae
2137 5705 2470 5767 lectiones.

608 5809 722 5883 (14)
767 5809 953 5867 Crtecc
1004 5808 1367 5881 παρελθόντα,
1399 5810 1693 5876 prrrterila.
1743 5807 1944 5864 Saulus
1991 5808 2120 5878 legit
2159 5807 2423 5873 παρόντα.
