4146 6440
430 319 509 382 7'3
950 342 969 352 ’
1605 322 1996 387 COMMENT.
2028 325 2108 384 ΙΝ
2146 325 2505 388 PSALMOS.
3642 329 3711 389 74

434 435 678 504 Χριστοῦ
703 434 954 499 νοοῦντες
1021 436 1150 499 τοις
1200 435 1429 506 ἐχθροὺς
1494 435 1605 489 τῶν
1675 436 2008 506 Χριστιανῶι

2127 453 2248 491 sum
2284 438 2417 492 illud
2454 438 2621 493 etiam
2656 438 2729 493 sit
2754 438 2982 504 dictum,
3011 438 3157 508 quod
3192 452 3491 509 possumus
3516 438 3711 512 [nobis

434 526 725 597 δαίμονας,
758 525 854 578 καὶ
906 525 1083 579 Σαοὺλ
1135 527 1229 579 καὶ
1276 522 1621 596 Ἀϐεσαλὼμ,
1670 528 1764 580 καὶ
1829 526 1882 578 εἴ
1943 542 2027 588 τις

432 617 733 689 τύραννος,
798 617 964 671 αὐτὸν
998 617 1174 688 δήπου
1230 616 1323 671 τὸν
1379 617 1649 684 διάϐολον,
1710 619 1807 672 καὶ
1866 618 2029 672 πάλιν

434 708 765 772 ἐπιϐούλους
802 708 896 762 καὶ
940 706 1224 772 ὒλίϐοντας
1255 707 1352 763 καὶ
1410 706 1873 772 καταδιώκοντας,
1931 707 2029 762 καὶ

432 803 539 855 ὅσα
570 801 823 866 τοιαῦτα,
849 802 981 865 τοὺς
1012 801 1276 870 δαίμονας
1307 815 1323 832 °
1362 801 1527 854 Δα6“ιδ
1560 800 1639 865 δὲ,
1675 801 1772 854 καὶ
1804 801 2027 872 χριστὸν

432 894 534 947 καὶ
569 893 825 963 βασιλέα,
859 893 953 945 τὸν
1000 892 1125 946 καθ’
1172 891 1407 947 ἕκαστον
1457 893 1651 964 ἡμῶν·
1688 892 1878 962 ὥσπερ
1918 894 2026 965 γὰρ

431 985 650 1044 ἐκεῖνος
687 982 918 1053 ὲχρίσθη
953 982 1032 1054 τῷ
1067 982 1232 1054 ἐλαίῳ
1254 983 1354 1053 τῆς
1382 984 1559 1054 ἀρχῆς
1591 986 1673 1047 εἰς
1722 983 2022 1054 βασιλείαν,

390 1070 587 1125 ὀὕτω
617 1074 713 1125 καὶ
743 1074 904 1142 ἡμεῖς
934 1074 1012 1143 τῷ
1048 1073 1214 1143 ἐλαίῳ
1248 1072 1343 1127 τοῦ
1380 1074 1754 1145 βαπτίσματος
1801 1078 1881 1140 εἰς
1924 1076 2023 1147 βα-

433 1164 652 1219 σιλείαν
686 1166 731 1197 ⁸⁵
761 1166 871 1219 τῶν
921 1167 981 1219 ιν
1012 1166 1285 1237 οὐρανοῖς.
1324 1168 1466 1220 Ὅσα
1494 1167 1551 1220 δὲ
1580 1169 1689 1221 τῶν
1755 1170 1935 1240 ῥητῶν
1961 1171 2023 1223 οὐ

428 1256 914 1328 προσαρμόζουσι,
956 1257 1135 1312 ταῦτα
1164 1259 1524 1328 ἐκφωνοῦμεν
1558 1257 1770 1323 ἁπλῶς,
1804 1259 1881 1323 ὡς
1906 1276 2022 1327 φω-

426 1347 534 1409 νὰς
580 1346 675 1400 τοῦ
729 1348 889 1414 ἁγίου
944 1347 1283 1419 Πνεύματος,
1324 1349 1646 1417 ἁγιάζον-τες
1687 1349 1776 1404 διὰ
1812 1352 2023 1405 τούτων

424 1436 691 1505 ἑαυτοὺς,
741 1440 905 1494 ὁποῖα
940 1439 1010 1493 τὰ
1053 1440 1147 1493 τοῦ
1182 1438 1435 1510 δευτέρου
1487 1439 1707 1511 ψαλμοῦ
1764 1441 1861 1495 καὶ
1912 1443 2022 1495 τῶν

427 1532 725 1587 τοιούτων.
779 1532 1185 1605 Ἀνεπίγραςρος
1209 1533 1309 1604 μὲν
1334 1528 1427 1587 οὖν
1461 1534 1596 1605 παρ’
1645 1533 1923 1605 Ἑϐραίοις
1946 1534 2022 1589 ἂν

421 1627 455 1677 6
486 1625 707 1696 πρῶτος
733 1623 972 1695 ψαλμὸς,
1035 1627 1157 1679 οὐδὲ
1198 1625 1351 1697 παρὰ
1400 1626 1509 1680 τῶν
1560 1626 2021 1698 ἐρμηνευσάντων

2128 528 2292 602 ipsis]
2330 544 2526 585 omnes
2566 530 2810 599 psalmos
2840 531 3262 586 accmumodare
3289 549 3304 585 :
3337 546 3437 603 pro
3466 532 3709 587 inimicis

2130 618 2355 686 Christi,
2413 620 2691 676 daemones
2743 621 3232 678 Christianorum:
3293 622 3547 679 inimicos
3614 640 3713 696 pro

2131 710 2298 766 Saule
2313 711 2549 769 etiamet
2575 714 2871 781 Absalone,
2900 725 2994 768 aut
3021 714 3066 769 si
3103 717 3228 786 quis
3250 714 3486 771 aliusest
3509 716 3712 786 hujus—

2123 803 2340 859 cemodi
2356 812 2648 876 tyrannus,
2667 805 2970 860 daemonem
2991 807 3104 876 pari
3125 809 3285 862 modo
3303 807 3670 878 intelligentes
3697 827 3710 863 :

2128 911 2268 963 quos
2326 911 2520 953 omnes
2572 898 2627 951 in
2656 897 2827 968 ﬁgura
2882 898 3130 970 signatos
3177 913 3301 955 csse
3334 900 3709 969 intelligimus,

2128 1004 2229 1058 per
2261 989 2406 1043 beati
2444 988 2612 1045 David
2649 998 3068 1060 persecutorum
3121 1000 3283 1060 atque
3316 990 3707 1046 insidiatorum

2127 1095 2415 1151 personas.
2449 1082 2581 1148 Quae
2608 1097 2743 1136 vero
2768 1081 2872 1151 ipsi
2908 1082 3071 1135 beato
3116 1081 3287 1137 David
3343 1092 3396 1136 et
3445 1093 3612 1137 uncto
3656 1092 3712 1136 et

2126 1172 2243 1244 regi
2274 1173 2635 1237 conveniunt,
2668 1187 2731 1227 ea
2774 1175 3073 1243 unicuique
3113 1181 3362 1228 nostrum
3392 1188 3710 1229 accommo-

2125 1265 2412 1327 dabimus;
2458 1279 2583 1319 nam
2643 1265 3107 1336 quemadmodum
3159 1266 3251 1321 ille
3309 1266 3459 1336 regio
3496 1265 3618 1321 oleo
3650 1265 3706 1320 in

2125 1372 2311 1425 regem
2338 1365 2542 1412 unctus
2564 1365 2673 1422 est,
2716 1357 2792 1411 ita
2824 1365 2877 1411 ct
2909 1373 3011 1413 nos
3059 1358 3182 1413 oleo
3234 1358 3585 1429 baptismatis
3636 1362 3704 1413 ad

2124 1463 2355 1520 regnum
2382 1449 2671 1504 C(Blorum.
2706 1449 3062 1519 Quaecunque
3110 1458 3293 1504 autem
3342 1460 3498 1505 recte
3548 1450 3707 1505 nobis

2123 1554 2430 1610 congruere
2465 1554 2573 1593 non
2608 1549 2865 1610 possunt,
2895 1555 2959 1596 ca
2992 1541 3319 1611 simpliciter
3344 1543 3504 1612 quasi
3530 1545 3705 1595 sancri

2128 1629 2373 1699 Spiritus
2407 1643 2569 1685 voces
2627 1629 2947 1694 eﬂ'eremus,
2985 1630 3303 1699 huiusmodi
3345 1630 3529 1686 verbis
3581 1648 3709 1685 nos-

423 1716 627 1785 ετυχον
692 1720 1033 1789 ἐπιγραφῆς.
1082 1716 1239 1772 Ἐστι
1294 1717 1352 1771 δὲ
1435 1718 1498 1770 οὐ
1583 1718 1745 1788 μόνον
1804 1719 2008 1788 ἡθικὸς,

2125 1722 2387 1789 metipsos
2404 1720 2834 1785 sanctiﬁcantes,
2862 1723 3042 1792 qualia
3072 1731 3201 1777 sunt
3232 1738 3353 1793 quae
3382 1724 3437 1778 in
3465 1725 3708 1778 secundo

422 1808 574 1860 am
604 1808 699 1860 καὶ
738 1785 1072 1879 δογνματικός
1097 1827 1112 1842 ·
1148 1812 1208 1863 οὐ
1245 1811 1407 1881 μόνον
1436 1785 1700 1883 παραινεῖ
1725 1785 2008 1882 προσέχειν

2125 1822 2258 1869 sunt
2290 1796 2505 1884 psalmo
2552 1824 2607 1868 et
2653 1817 2706 1869 in
2745 1815 2867 1871 aliis
2919 1816 3213 1872 similibus.
3260 1814 3477 1871 Primos
3537 1815 3707 1885 igitur

421 1902 544 1960 toi;
573 1898 745 1961 Θείοις
787 1897 993 1969 λόγοις,
1025 1900 1164 1955 ἀλλὰ
1184 1902 1280 1955 καὶ
1312 1900 1550 1967 ἀσεϐῶν,
1578 1900 1801 1955 καὶτῶν
1836 1901 2008 1956 ἄλλων

2125 1905 2371 1974 psalmus
2404 1905 2869 1975 quemadmodum
2897 1908 3039 1976 apud
3072 1909 3333 1964 Hebmos
3358 1909 3478 1963 sine
3509 1909 3707 1963 inscri-

419 1989 798 2060 ἁμαρτωλῶν,
833 1992 1085 2063 περιέχει
1111 1993 1457 2065 κατηγορίαν
1481 1994 1581 2047 καὶ
1602 1994 1899 2064 τιμωρίαν.

2123 1994 2312 2065 ptione
2356 1996 2611 2060 habetur,
2655 1997 2730 2050 ita
2761 1996 2833 2051 ab
2889 1998 3149 2053 omnibus
3199 1998 3590 2069 interpretibus
3619 2006 3706 2052 cst

420 2083 721 2138 dimissus.
775 2079 871 2139 Est
902 2093 1112 2150 autem,
1182 2102 1288 2141 non
1351 2085 1578 2141 moralis
1614 2091 1853 2150 tantum,
1913 2087 2004 2142 sed
2048 2087 2324 2158 dogmatis
2355 2088 2520 2143 etiam
2556 2088 2831 2149 refertus:
2889 2106 3069 2162 neque
3096 2091 3243 2147 enim
3314 2100 3533 2148 tantum
3601 2090 3704 2145 atl-

423 2186 636 2240 mouct.
666 2190 725 2235 ut
749 2179 953 2235 divinis
1004 2178 1325 2235 iusistamus
1351 2179 1607 2250 eloquiis,
1659 2179 1755 2235 sed
1798 2179 2120 2250 impiorum,
2158 2192 2213 2235 et
2279 2181 2518 2237 aliorum
2587 2174 3041 2253 delinquentium
3094 2185 3504 2240 accusationem
3564 2199 3703 2239 con—

421 2277 563 2333 tinet
586 2288 640 2333 ct
667 2279 964 2351 supplicia.

1757 2371 1963 2434 Variae
1992 2372 2324 2435 lectiones.

482 2474 603 2541 (15)
627 2476 718 2529 τσ.
741 2478 862 2546 τήν.

1915 2836 2214 2922 ΑΡΧΗ

1258 3035 1602 3163 ΤΗΣ
1692 3027 2801 3172 ἘΞΗΓΗΣΕΩΣ.

1812 3443 2315 3536 INl'l‘IUM

1455 3655 2413 3793 EXPOSITION
2423 3667 2618 3797 IS.

2005 3939 2075 3952 ἡ

966 4068 1257 4127 ΨΔΛΜΟΣ
1284 4070 1363 4127 A'.

2683 4067 3008 4126 PSALMUS
3058 4071 3103 4125 Ι.

480 4161 792 4231 Μακάριος
843 4162 1003 4232 ἀνὴρ
1058 4163 1127 4230 ὃς
1168 4167 1279 4221 οὐκ
1326 4165 1622 4235 ἐπορεύθη
1680 4166 1751 4219 ἐν
1788 4166 1998 4236 ,βουλῇ

2178 4157 2343 4214 Vens.
2374 4159 2423 4212 l.
2463 4158 2658 4212 Beatus
2676 4160 2979 4228 uirquinon
2997 4158 3129 4213 abiit
3165 4159 3220 4213 in
3242 4159 3465 4213 consilio
3492 4160 3695 4227 impio:

406 4254 676 4317 ἀσεϐῶν,
718 4255 817 4309 καὶ
844 4256 914 4308 ἐν
946 4254 1064 4320 ὀδῷ
1086 4254 1452 4325 ἁμαρτωλῶν
1488 4259 1601 4311 οὐκ
1663 4257 1837 4325 ἔστη,
1898 4263 1999 4312 καὶ

2112 4270 2241 4320 rum,
2258 4265 2306 4307 et
2328 4253 2385 4306 in
2406 4255 2489 4307 uia
2501 4261 2842 4321 peccatorum
2871 4267 2977 4307 non
3002 4250 3170 4314 stetit,
3184 4259 3235 4305 et
3252 4250 3308 4303 in
3323 4251 3576 4305 cathedra
3590 4267 3680 4319 pe-

405 4346 514 4399 ἐπὶ
545 4345 802 4414 καθέδρᾳ
825 4345 1052 4417 λοιμῶν
1076 4349 1188 4401 οὐκ
1216 4347 1539 4416 ἐκάθησεν.
1584 4348 1872 4420 Μακάριος
1900 4365 1999 4402 κυ-

2112 4345 2350 4399 ttilentiw
2370 4360 2475 4399 non
2496 4346 2653 4400 sedit.
2670 4344 2868 4399 Beatus
2887 4343 3104 4413 proprie
3118 4341 3264 4399 Deus
3285 4350 3392 4409 est,
3417 4352 3480 4398 ut
3504 4344 3679 4416 inquit

410 4437 551 4505 ρίως
592 4438 692 4507 μὲν
720 4441 748 4490 6
775 4437 931 4503 Θεὸς,
961 4437 1145 4502 καθώς
1172 4456 1339 4511 φησιν
1370 4442 1400 4493 6
1438 4439 1666 4505 παῦλος,
1735 4441 1789 4494 '0
1799 4440 1996 4510 pani-

2112 4436 2329 4502 Paulus,
2386 4438 2454 4492 de
2515 4451 2582 4492 eo
2624 4436 2818 4492 dicens
2842 4436 2929 4490 ":
2971 4434 3075 4502 Qui
3110 4434 3293 4490 beatus
3328 4444 3410 4490 est
3444 4444 3495 4490 et
3531 4438 3678 4492 solus

398 4543 563 4593 ριος,
624 4527 821 4594 λέγων,
873 4527 973 4581 καὶ
1003 4528 1192 4597 μόνος
1234 4526 1566 4598 δυνάστης.
1620 4531 1993 4603 Παρεχώρησε

2112 4537 2281 4582 cotem
2303 4537 2394 4582 :et
2421 4538 2601 4581 tamen
2624 4524 3045 4596 appellationem
3080 4526 3222 4580 hanc
3244 4525 3405 4581 nobis
3427 4524 3678 4590 indulsit,

404 4618 466 4671 δὲ
495 4617 591 4671 διὰ
616 4620 715 4687 τῆς
749 4620 1123 4689 προσηγορίας
1137 4619 1344 4691 ταύτης
1368 4621 1465 4675 καὶ
1492 4624 1651 4692 ἡμῖν,
1668 4622 1742 4685 ὡς
1773 4623 1867 4676 καὶ
1894 4624 1994 4693 τῆς

406 4708 566 4773 Θιὸς,
596 4709 675 4772 ὡς
706 4709 799 4762 τό·
841 4709 983 4781 Ἐγὼ
1025 4706 1186 4777 εἶπα,
1214 4710 1349 4766 Θεοί
1385 4712 1528 4766 ἐστε
1550 4752 1566 4776 ,
1631 4712 1727 4766 καὶ
1779 4711 1992 4766 πολλῶν

406 4800 593 4853 ἄλλων
626 4801 911 4857 τοιούτων.
941 4802 1016 4855 Τὸ
1034 4803 1166 4870 γοῦν
1192 4803 1364 4872 ὄνομα
1401 4803 1581 4865 τοῦτο,
1612 4800 1714 4872 τῆς
1737 4804 1839 4873 μὲν
1866 4802 1989 4856 κατ’

403 4890 614 4962 ἀρετὴν
638 4892 978 4964 τελειότητος
1006 4895 1244 4965 ὑπάρχει
1277 4896 1491 4966 καρπός
1512 4910 1525 4925 ο
1583 4895 1737 4965 δηλοί
1780 4894 1837 4948 δὲ
1896 4896 1991 4950 τὸν

402 4984 742 5055 ἀνώλεθρον,
804 4986 881 5050 ὼς
928 4987 1300 5058 ἐστερημένον
1349 4987 1533 5057 πάσης
1584 4986 1777 5058 κηρὸς,
1825 4987 1919 5041 τοῦ
1947 5005 1989 5056 μ

402 5076 840 5140 πλεονάσαντοςσ
867 5076 1388 5148 συμπεριλαμϐάνει
1417 5074 1474 5130 δὲ
1499 5078 1594 5130 καὶ
1618 5077 1719 5147 τὴν
1749 5078 1986 5145 γυναῖκα

400 5168 627 5227 πάντως
676 5167 706 5219 6
756 5165 1231 5237 μακαρισμδς,ὠς
1294 5165 1403 5220 ἀπὸ
1457 5164 1660 5234 μέρους
1726 5164 1788 5217 τὸ
1837 5166 1983 5218 πᾶν

398 5253 655 5324 Hemi;
689 5257 793 5325 μὲν
822 5257 931 5327 γὰρ
952 5257 1243 5326 γυναικὸς
1281 5260 1314 5311 ό
1349 5255 1530 5325 ἀνὴρ,
1558 5254 1698 5309 κατὰ
1728 5256 1820 5309 τὸν
1842 5257 1986 5309 θεῖον

411 5349 744 5403 ’Δπόστολον
765 5365 782 5381 ⁸
824 5350 1161 5404 συνάπτεται
1215 5349 1274 5403 δὲ
1322 5351 1390 5421 τῇ
1451 5348 1662 5419 κεφαλῇ
1716 5352 1784 5402 τὰ
1842 5347 1983 5417 μέρη

2098 4619 2556 4686 quemadmodum
2582 4626 2637 4673 et
2680 4616 2828 4671 illam
2863 4614 2960 4670 Dei
2990 4615 3036 4647 ³³
3070 4634 3086 4672 :
3132 4615 3243 4688 Ego
3279 4617 3449 4682 enim,
3474 4617 3675 4687 inquit,

2096 4712 2215 4764 dixi
2252 4726 2271 4764 :
2323 4710 2409 4764 Dii
2435 4711 2562 4765 estis
2595 4707 2687 4782 [et
2721 4708 2823 4779 ﬁlii
2857 4707 3072 4763 Excelsi
3119 4706 3337 4780 omnes]
3364 4722 3380 4775 ;
3408 4717 3466 4763 et
3502 4711 3675 4763 multa

2096 4801 2203 4855 alia
2249 4801 2565 4871 huiusmodi
2622 4803 2848 4856 nomina
2902 4800 3066 4856 nobis
3120 4800 3348 4870 largitus
3400 4812 3504 4858 est.
3558 4799 3675 4857 Hoc

2095 4902 2278 4948 autem
2305 4892 2664 4949 beatitudinis
2690 4906 2911 4957 nomen,
2953 4889 3172 4947 fructus
3196 4899 3282 4948 est
3314 4891 3463 4948 illius
3494 4892 3673 4962 perte.

2092 4982 2297 5039 ctionis
2320 5022 2338 5048 ,
2372 4997 2495 5053 quae
2526 4983 2731 5039 virtute
2764 4989 2982 5037 constat
3025 4997 3041 5036 :
3095 4990 3152 5036 et
3190 4981 3348 5052 juxta
3370 4981 3549 5038 Graeci
3577 4998 3672 5038 no—

2092 5074 2260 5128 minis
2327 5073 2712 5145 etymologiam
2785 5072 3254 5128 immortalitatem
3327 5072 3602 5142 signiﬁcat
3652 5092 3668 5127 :

2093 5174 2353 5235 tanquam
2432 5173 2710 5237 expertem
2777 5165 2972 5221 mortis
3038 5165 3224 5221 omnis
3251 5203 3270 5229 ,
3326 5165 3669 5220 redundante

2094 5273 2134 5327 μ
2152 5273 2167 5322 ;
2193 5271 2504 5327 quanquam
2521 5255 2627 5313 sub
2643 5257 2946 5312 masculina
2964 5273 3097 5313 voce
3114 5256 3465 5327 propheticus
3484 5270 3667 5309 sermo

2090 5347 2338 5417 prolatus
2373 5348 2469 5414 sit,
2502 5349 2763 5404 feminam
2793 5359 2974 5406 tamen
3006 5338 3449 5416 comprehendit,
3497 5345 3664 5399 veluti

394 5441 494 5496 τοῦ
522 5439 781 5511 σώματος
802 5458 817 5471 ν
853 5443 949 5495 καὶ
981 5434 1059 5496 ὧν
1086 5444 1120 5513 ὴ
1157 5440 1516 5512 ἀνθρωπότης
1552 5440 1729 5511 κοινὴ,
1773 5440 1980 5493 τούτων

2113 5447 2265 5492 οῑυιη
2330 5455 2360 5493 a
2434 5451 2609 5509 parte.
2673 5440 2809 5496 Nam
2886 5439 3189 5496 secundum
3249 5437 3574 5508 Apostolqu
3620 5436 3663 5470 ’δ

394 5534 492 5588 καὶ
523 5535 593 5588 τὰ
623 5534 766 5606 ἔργα
792 5535 886 5587 καὶ
910 5537 941 5587 6
982 5533 1195 5605 μισθός.
1229 5533 1310 5604 Τῇ
1361 5532 1522 5601 φύσει
1574 5531 1632 5587 δὲ
1652 5531 1759 5585 τῶν
1801 5546 1983 5601 πραγ-

464 5733 515 5767 ⁸¹
545 5734 569 5791 Ι
603 5732 748 5789 τίηιτ.
778 5748 857 5797 VI,
897 5732 987 5787 15.

723 5829 1007 5889 Ρηιιοι.
1056 5825 1177 5888 Gn.
1227 5827 1548 5890 CXXVIII.

2092 5528 2336 5588 Hulieris
2365 5543 2519 5605 caput
2548 5542 2625 5590 est
2654 5536 2733 5590 vir
2765 5551 2782 5590 :
2814 5532 3225 5604 conjunguntur
3265 5537 3447 5585 autem
3492 5530 3659 5600 capiti

1071 5732 1116 5765 ³³
1148 5732 1291 5790 Psal.
1321 5749 1511 5798 ικκκι,
1557 5733 1614 5791 6.
1699 5731 1750 5766 ⁸⁸
1781 5732 1984 5804 Ephes.
2017 5751 2071 5803 ν,
2112 5735 2208 5793 23.
