4146 6436
437 318 511 380 ’15
1650 319 2036 381 EUTHYMII
2074 321 2436 384 ZlGABENi
3646 335 3720 396 '76

440 439 638 483 caztera
670 429 919 499 corporis
950 428 1192 484 membra
1225 446 1237 483 :
1275 436 1330 482 et
1363 427 1565 499 quibus
1593 430 1904 486 communis
1934 437 2019 485 est

2128 429 2318 500 μάτων
2384 433 2655 502 ἑπόμενος
2685 437 2713 490 ὁ
2771 437 2960 503 Δαϐὶδ,
2999 435 3155 507 τάξιν
3196 443 3317 497 τινὰ
3378 447 3493 510 τοῖς
3533 448 3722 518 ῥητοῖς

438 520 792 579 humanitas.
845 521 917 575 iis
954 521 1116 575 etiam
1153 536 1314 590 opera
1373 521 1687 575 communia
1737 530 1865 576 sunt
1903 563 1917 589 ,
1972 531 2026 577 et

435 613 682 681 praemia.
723 611 926 667 Rerum
967 628 1094 668 vero
1124 621 1373 666 naturam
1408 621 1634 669 secutus
1685 611 1879 669 lreatu's
1926 613 2027 667 Da-

435 703 525 757 vid
554 743 570 767 ,
590 704 901 775 ‘cougruutu
942 703 1228 773 quemdam
1243 703 1489 757 ordinem
1520 703 1763 759 servavit
1788 703 1843 759 in
1864 704 2026 759 dictis

434 797 578 853 suis.
633 795 944 852 Consilium.
970 796 1106 853 Nam
1133 797 1279 869 quod
1308 799 1363 853 in
1394 796 1558 853 corde
1600 797 1826 862 residet,
1869 798 2026 853 radix

432 898 522 945 est
559 891 937 960 operationum
978 890 1230 960 corporis
1272 906 1287 946 :
1333 888 1796 960 quemadmodum
1840 897 1894 944 et
1923 888 2028 944 Do-

435 984 621 1039 minus
649 982 809 1038 docet
838 1022 854 1049 ,
887 983 1036 1038 intus
1067 999 1190 1039 esse
1216 1020 1231 1048 .
1272 983 1523 1053 inquiens
1544 1022 1560 1049 ,
1624 995 1689 1037 ea
1716 996 1840 1052 qum
1868 982 2026 1036 coin-

433 1075 665 1145 quinant
697 1074 995 1129 hominem.
1028 1071 1184 1129 Unde
1209 1073 1388 1143 primo
1418 1072 1789 1137 consulimus;
1823 1071 2027 1127 deinde

388 1197 395 1204 -
433 1169 725 1225 consilium
760 1165 1063 1230 ﬁrmamus,
1094 1179 1157 1221 ac
1192 1166 1413 1221 demum
1462 1163 1758 1219 obﬁrmato
1786 1164 2024 1221 consilio

434 1259 764 1316 insistimus.
793 1257 929 1326 Quia
964 1259 1124 1312 etiam
1171 1257 1371 1326 impius
1400 1256 1447 1312 is
1487 1255 1693 1310 dicitur
1720 1295 1736 1321 ,
1787 1256 1881 1325 qui
1940 1257 2022 1312 vel

442 1353 613 1409 Deum
650 1366 756 1406 non
789 1350 961 1415 colit,
992 1351 1075 1403 vel
1105 1351 1290 1418 plures
1322 1349 1451 1405 colit
1496 1369 1510 1403 :
1564 1357 1621 1404 et
1651 1357 1909 1418 peccator
1935 1349 2025 1404 ille

437 1454 519 1497 cst
544 1480 561 1506 ,
592 1442 682 1511 qtti
713 1441 842 1494 licet
875 1439 1050 1494 ﬁdelis
1080 1440 1152 1492 sit
1176 1478 1191 1501 ,
1236 1440 1421 1507 pravis
1454 1447 1637 1492 tamen
1674 1453 1739 1491 ac
1794 1438 2022 1507 perditis

437 1543 525 1590 est
552 1535 798 1588 moribus
831 1549 848 1588 ;
884 1540 939 1587 et
967 1532 1136 1601 pestis
1184 1532 1380 1586 merito
1412 1533 1458 1585 is
1524 1531 1630 1587 diei
1668 1538 1886 1600 potest,
1926 1530 2019 1601 qui

437 1641 550 1679 non
577 1624 697 1692 ipse
727 1632 937 1676 tantum
976 1630 1186 1691 peccat.
1224 1621 1317 1675 sed
1352 1622 1543 1677 morho
1593 1635 1697 1676 suo
1727 1621 1864 1676 alios
1896 1622 2022 1676 inli-

441 1716 515 1770 cit
549 1734 562 1770 :
603 1713 812 1770 idcirco
844 1712 1117 1784 Propheta
1150 1712 1339 1768 beatos
1373 1727 1470 1769 eos
1502 1713 1757 1783 appellat,
1789 1713 1882 1782 qui
1919 1712 2020 1767 tria

2135 521 2374 592 ἐπέθηκε
2417 523 2561 593 (16).
2601 526 2755 590 Ῥίζα
2782 530 2892 600 γὰρ
2922 532 2956 603 ἡ
2991 533 3051 585 ὲν
3080 536 3145 603 τῇ
3171 535 3368 607 καρδίᾳ
3391 536 3580 608 βουλὴ,
3609 538 3720 590 τῶν

2136 610 2225 664 διὰ
2253 613 2347 666 τοῦ
2390 615 2645 684 σώματος
2669 619 3092 691 ἐνεργημάτων,
3120 624 3195 686 ὡς
3220 628 3317 678 καὶ
3338 629 3366 679 ό
3412 627 3618 698 Κύριος
3634 628 3723 681 ἔν-

2134 700 2225 754 δον
2248 706 2384 789 φησι
2415 704 2485 758 τὰ
2512 707 2822 765 κοινοῦντα.
2850 712 3012 765 Ὅθεν
3035 714 3404 786 βουλευόμεθα
3454 720 3554 788 μὲν
3580 721 3721 789 πρό-

2132 806 2313 862 τερον,
2336 788 2459 847 εἶτα
2513 795 2754 867 ἱστῶμεν
2790 801 2852 855 τὸ
2898 801 3206 875 βούλευμαο
3254 802 3357 859 εἶθ’
3407 808 3551 863 οὕτω
3604 788 3722 874 τοῖς

2135 881 2512 953 βουλευθεῖσιν
2552 889 2992 964 ὲναπομένομεν.
3038 894 3194 949 Ἐπεὶ
3216 897 3273 951 δὲ
3323 899 3528 970 ἀσεϐὴς
3594 899 3719 969 μὲν,

2132 976 2161 1028 ό
2189 973 2373 1041 ἄθεος,
2436 978 2468 1049 ἢ
2508 980 2774 1047 πολύθεος
2806 1000 2820 1015 ·
2889 987 3214 1058 ἁμαρτωλὸς
3261 990 3340 1057 δὲ,
3397 992 3427 1043 ό
3486 992 3720 1063 εὐσεϐὴς

2136 1074 2258 1146 μὲν,
2295 1079 2688 1151 παράνομονδὲ
2719 1081 2815 1135 καὶ
2852 1080 3255 1153 διεφθαρμένον
3294 1082 3411 1153 βίον
3450 1087 3719 1157 αἱρούμε-

2133 1187 2223 1233 νος
2250 1188 2265 1203 ο
2302 1171 2494 1241 λοιμὸς
2514 1172 2594 1237 δὲ,
2635 1174 2664 1226 ό
2699 1173 2774 1244 μὴ
2808 1175 2972 1244 μόνον
3003 1175 3168 1238 αὐτὸς
3206 1178 3555 1249 ἁμαρτωλὸς,
3581 1180 3718 1235 ἀλλὰ

2132 1263 2228 1316 καὶ
2250 1261 2448 1326 ἄλλους
2468 1262 2825 1336 διαφθείρων,
2860 1267 2958 1320 καὶ
2992 1266 3093 1333 τῆς
3119 1269 3279 1321 νόσου
3311 1271 3518 1338 ταύτης
3549 1290 3719 1341 μετα-

2130 1350 2339 1416 διδούς·
2371 1353 2667 1425 μακαρίζει
2698 1357 2793 1407 τὸν
2820 1357 2915 1408 καὶ
2956 1357 3076 1419 τοὺς
3133 1361 3283 1426 τρεῖς
3336 1361 3714 1427 ἀποφυγόντα,

2131 1445 2227 1498 καὶ
2257 1445 2398 1515 μήτε
2431 1448 2532 1515 τῆς
2557 1448 2670 1509 τοῖς
2716 1446 2942 1500 ἀσεϐέσι
2990 1447 3188 1518 βουλῆς
3219 1453 3361 1503 κατὰ
3414 1451 3511 1503 τοῦ
3561 1451 3715 1515 ὄντος

2129 1536 2266 1590 Θεοῦ
2301 1539 2735 1609 κοινωνήσαντα,
2782 1541 2906 1610 μηδ’
2965 1542 3091 1595 ὅσον
3136 1545 3194 1596 ἐν
3247 1544 3504 1614 παρόδῳ·
3558 1543 3729 1597 τοῦτο

2128 1629 2240 1700 γὰρ
2272 1626 2430 1700 οἶμαι
2456 1630 2559 1702 τὴν
2614 1634 2840 1703 πορείαν
2898 1632 3137 1689 ἐνταῦθα
3197 1636 3525 1705 σημαίνειν’
3577 1637 3716 1705 μήτε

2131 1723 2244 1786 τοῖς
2279 1721 2631 1792 ἁμαρτωλοῖς
2657 1724 2758 1793 τῆς
2781 1724 2985 1778 ὲπὶτοῦ
3009 1725 3185 1780 κακοῦ
3240 1727 3507 1787 στάσεως,
3539 1727 3586 1778 εἰ
3617 1725 3713 1777 καί

440 1806 557 1860 inec
589 1806 715 1858 vitia
748 1818 975 1875 prorsus
1011 1803 1304 1859 vitaverint
1339 1823 1353 1859 :
1405 1805 1497 1872 qui
1537 1804 1793 1861 videlicet
1842 1806 2025 1875 impiis

2129 1829 2251 1878 πως
2323 1791 2730 1885 συναρπαγείη,
2781 1821 2920 1887 μήτε
2970 1820 3086 1880 τοῖς
3132 1817 3342 1887 λοιμοῖς
3390 1818 3490 1887 τῆς
3536 1818 3594 1871 ἐν
3634 1814 3716 1886 τῷ

440 1896 690 1953 consiliis
722 1894 882 1967 (qua
908 1895 1182 1952 adversus
1213 1896 1535 1966 religionem
1567 1897 1621 1950 in
1651 1896 1820 1952 Deum
1854 1897 2025 1969 sunt)

2128 1899 2355 1978 τοιοῦτῳ
2383 1906 2546 1960 πάθει
2581 1909 2945 1979 μονιμότητος
2975 1908 3127 1978 (17)·
3159 1909 3316 1963 τοῦτο
3347 1911 3452 1979 γὰρ
3478 1909 3598 1978 ἢέν
3613 1924 3718 1962 κα-

445 2003 554 2043 non
585 1988 1117 2043 communicaverint
1142 2028 1156 2053 ,
1205 2002 1275 2042 ne
1302 1988 1479 2043 obiter
1508 1989 1731 2058 quidem
1774 2000 1938 2060 atque
1970 1992 2024 2046 in

2129 1998 2308 2068 θέὸρᾳ
2333 1998 2605 2070 βούλεται.
2645 2001 2803 2053 Ἔστι
2843 2000 2898 2053 δὲ
2932 2000 3026 2053 καὶ
3074 2000 3273 2064 ἄλλω,
3342 2001 3540 2072 βουλὴν
3617 2000 3715 2069 μὲν

443 2079 679 2132 transitu
703 2077 800 2147 (ita
830 2078 976 2133 enim
1008 2086 1140 2148 puto
1171 2078 1481 2148 signiﬁcare
1510 2079 1829 2148 dictionem,
1849 2082 2025 2154 abiit),

2129 2089 2349 2144 ἀσεϐῶν
2392 2089 2453 2143 τὸ
2499 2090 2780 2162 συνέδριον
2847 2091 3031 2145 αὐτῶν
3086 2092 3516 2161 ὑπολαμϐάνειν,
3576 2093 3651 2152 ὡς
3685 2089 3717 2143 δ

441 2173 649 2239 quique
673 2184 797 2227 cum
830 2169 1215 2239 peccatoribus
1239 2168 1295 2223 in
1328 2183 1497 2240 pravo
1524 2169 1713 2240 aliquo
1744 2187 1909 2241 opere
1933 2174 2025 2229 diu

2142 2181 2376 2245 ’Δκὺλας
2433 2183 2528 2236 καὶ
2584 2185 2614 2236 ό
2657 2182 2955 2237 Θεοδοτίων
3027 2183 3384 2254 ήρμήνευσαν
3414 2199 3430 2215 ·
3497 2181 3616 2235 ὁδὸν
3658 2180 3715 2234 δὲ

440 2275 555 2315 non
587 2260 984 2315 constiterint:
1039 2261 1259 2316 tametsi
1306 2260 1581 2316 modicum
1622 2262 1755 2331 quid
1810 2266 2025 2336 propria

2130 2271 2496 2342 ἁμαρτωλῶν,
2529 2273 2623 2327 τὸν
2654 2272 2921 2326 διάϐολον
2954 2275 2984 2326 ὁ
3011 2274 3119 2344 γὰρ
3147 2274 3221 2344 μὴ
3252 2274 3387 2335 στὰς
3431 2274 3490 2327 ὲν
3539 2271 3714 2343 αὐτῷ,

441 2351 758 2405 inlirmitate
788 2350 1085 2422 aliquando
1112 2350 1263 2406 adid
1292 2352 1433 2421 rapti
1463 2352 1574 2407 sint
1601 2372 1614 2407 :
1649 2362 1703 2408 et
1728 2366 2026 2425 postremo,

443 2443 537 2510 qui
572 2458 697 2497 cum
758 2442 1145 2511 pestilentibus
1186 2441 1504 2498 hominibus
1543 2460 1652 2497 non
1712 2461 2031 2515 persevera-

443 2536 621 2588 verint
654 2550 669 2584 :
700 2548 824 2587 cum
858 2533 943 2586 his
972 2573 987 2598 ,
1032 2533 1256 2605 inquam
1290 2572 1304 2597 ,
1341 2533 1433 2601 qui
1474 2534 1528 2586 in
1566 2537 2029 2606 concupiscentiis

443 2638 509 2679 ac
540 2623 691 2678 vitiis
756 2624 873 2677 suis
924 2624 1332 2679 constantiores
1375 2633 1503 2680 sunt
1552 2640 1616 2681 ac
1664 2626 2024 2682 stabiliores:

440 2724 499 2771 et
527 2715 620 2786 qui
652 2731 747 2785 per
779 2716 1098 2769 cathedram
1126 2730 1155 2768 a
1192 2715 1466 2787 Propheta
1498 2717 1808 2788 subsignari
1833 2718 2027 2773 viden-

443 2817 557 2863 tur.
589 2805 688 2864 νει
713 2808 871 2862 aliter
909 2825 925 2862 :
977 2809 1281 2865 Consilium
1317 2810 1611 2881 itnpiorum
1668 2827 1767 2880 pro
1793 2813 2026 2872 consilio

442 2909 498 2955 et
536 2908 809 2954 conventu
853 2899 1265 2972 intelligendum
1315 2903 1798 2973 (quemadmodum
1829 2906 2025 2978 Aquila

441 3002 496 3046 et
518 2993 862 3048 'l'heodotion
904 2994 1243 3063 interpretati
1275 2994 1465 3067 sunt):
1503 2997 1646 3052 viam
1680 3013 1810 3055 vero
1837 3015 2031 3071 pecca-

2130 2365 2269 2436 πρδς
2301 2363 2509 2434 Κύριον
2534 2365 2678 2435 ἥξει,
2714 2367 2809 2419 τὸν
2835 2365 3093 2419 είπόντω
3138 2363 3288 2435 Ἕγὼ
3319 2367 3436 2431 εἶμι
3488 2366 3527 2433 ἡ
3554 2362 3715 2429 ὁδὸς,

2126 2456 2193 2509 δι’
2227 2452 2296 2527 ἧς
2333 2455 2643 2525 βαδίζουσιν
2672 2457 2752 2520 είς
2787 2456 2990 2529 ἀρετὴν
3012 2458 3062 2511 oi.
3094 2456 3373 2528 ἄνθρωποι
3400 2473 3413 2485 ·
3443 2457 3714 2526 καθέδραν

2128 2549 2206 2612 δὲ,
2235 2549 2336 2609 τὴν
2366 2547 2728 2602 διδασκαλίαν
2774 2547 2883 2601 τῶν
2929 2549 3213 2619 πονηρῶν.
3262 2547 3483 2611 Ἐπειδὴ
3523 2549 3581 2601 δὲ
3612 2546 3716 2600 οὐκ

2130 2638 2349 2707 ἀπόχρη
2368 2639 2449 2700 είς
2479 2636 2687 2707 ἀρετῆς
2729 2636 3014 2690 τελείωσιν
3055 2638 3091 2706 ή
3142 2637 3242 2704 τῆς
3278 2636 3480 2698 κακίας
3531 2634 3709 2703 φυγή·

2134 2724 2472 2779 Ἐκκλινον
2496 2724 2625 2794 γὰρ,
2657 2725 2844 2794 φησὶν,
2884 2724 3003 2780 ἀπὸ
3044 2726 3257 2793 κακοῦ,
3313 2724 3411 2778 καί
3452 2726 3717 2779 ποίησεν

2129 2816 2363 2886 ἀγαθόν
2386 2830 2400 2845 ν
2426 2817 2524 2868 καὶ
2564 2816 2592 2867 ὁ
2639 2816 2869 2880 Ἡσαΐας
2898 2834 2912 2847 ·
2944 2817 3274 2872 Παύσασθε
3301 2817 3421 2872 ἀπὸ
3463 2815 3585 2870 τῶν
3605 2830 3715 2867 πε-

2130 2907 2360 2977 νηριῶν
2386 2906 2819 2979 ὑμῶν,.μάθοτε
2848 2909 3041 2964 καλὸν
3061 2908 3277 2965 ποιεῖν’
3309 2909 3455 2981 μάλα
3485 2907 3714 2970 εἰκότως

2131 3005 2414 3072 ἐπήγαγεν
2438 3017 2456 3034 ο

443 3093 647 3151 tormn,
672 3074 1151 3142 daemonemNam
1171 3089 1263 3157 qui
1288 3089 1342 3145 in
1366 3088 1615 3146 daenrone
1640 3105 1748 3145 non
1778 3095 2016 3161 steterit,
2057 3094 2123 3151 ad
2167 3093 2450 3150 Christum
2501 3091 2726 3157 veniet,
2786 3092 2878 3163 qui
2931 3091 3069 3145 dixit
3099 3092 3182 3156 ³⁸,
3219 3090 3332 3159 Ego
3393 3106 3511 3145 sum
3577 3088 3664 3144 via
3694 3101 3712 3141 :

441 3194 548 3248 qua
599 3181 856 3233 nimirum
915 3180 1163 3236 homines
1224 3181 1293 3235 ad
1347 3181 1606 3236 virtutem
1663 3185 2013 3253 perveniunt.
2061 3186 2195 3242 ltetn
2224 3183 2543 3240 cathedram
2583 3181 2911 3250 pestilentiae
2987 3197 3085 3250 pro
3143 3178 3393 3236 doctrina
3419 3195 3529 3235 non
3552 3193 3710 3243 sana;

441 3280 537 3332 sed
588 3277 846 3348 quoniam
920 3276 985 3330 ad
1052 3276 1442 3347 perfectionem
1495 3278 1718 3336 virtutis
1784 3283 2269 3352 consequendam,
2331 3295 2438 3336 non
2504 3278 2639 3334 satis
2689 3288 2772 3334 est
2835 3278 3020 3348 iugere
3076 3291 3113 3329 ea
3175 3277 3358 3340 ma’o,
3413 3272 3631 3330 Declina
3666 3273 3713 3307 ³⁸

441 3374 611 3436 enim,
639 3371 835 3440 inquit,
871 3387 902 3423 a
929 3371 1069 3423 malo
1095 3380 1143 3423 et
1186 3371 1271 3439 [ac
1314 3371 1542 3439 bonum;
1571 3380 1627 3428 et
1669 3370 1838 3430 Isaias
1868 3375 1910 3406 ³⁷
1942 3390 1958 3429 :
1999 3374 2208 3431 Cessate
2249 3373 2313 3426 ab
2356 3371 2724 3443 iniquitatibus
2754 3373 2961 3436 vestris,
2995 3379 3046 3425 et
3072 3369 3261 3424 discite
3299 3370 3435 3423 bona
3476 3369 3652 3437 facere
3690 3380 3711 3420 :

441 3468 651 3522 idcirco
671 3463 828 3519 valde
855 3474 1260 3532 consequenter
1287 3464 1539 3533 adjttnxit
1580 3484 1595 3519 :

524 3556 689 3607 Vens.
714 3555 776 3605 ‘2.
817 3549 920 3606 Sed
951 3555 1003 3605 in
1036 3552 1145 3621 lege
1182 3551 1395 3605 Domini
1423 3553 1671 3608 voluntas
1717 3555 1833 3624 ejus
1884 3565 1933 3608 et
1973 3557 2024 3609 in
2056 3566 2099 3623 α

440 3653 553 3718 Lege
582 3646 697 3713 ejus
732 3641 1081 3697 meditabitur
1098 3644 1185 3696 die
1221 3660 1283 3697 ac
1315 3653 1492 3698 nocte.
1539 3643 1758 3711 Beatus,
1825 3646 2024 3717 inquit,

441 3738 534 3793 ille
561 3738 655 3806 qui
684 3750 792 3791 non
820 3734 983 3788 modo
1006 3735 1459 3790 commemoratis
1489 3734 1639 3792 vitiis
1700 3751 1812 3791 non
1870 3752 2026 3792 com-

445 3828 773 3891 municavit,
811 3828 905 3883 sed
937 3826 1040 3897 legi
1073 3827 1237 3880 etiam
1290 3826 1489 3885 divinae
1511 3842 1668 3882 suam
1734 3829 2026 3898 conjunxit

442 3921 806 3982 voluntatem,
836 3918 1023 3972 eadem
1051 3918 1260 3985 volens,
1275 3932 1396 3987 quae
1414 3918 1572 3988 jubet
1592 3920 1697 3975 lex.
1726 3918 1839 3975 Hoc
1856 3935 2023 3976 unum

442 4025 709 4082 perpetuo
739 4007 1057 4074 meditatur,
1116 4024 1292 4080 eaque
1347 4010 1704 4067 meditatione
1755 4015 1921 4068 vitam
1961 4029 2026 4069 ac

440 4101 913 4157 conversationem
941 4100 1278 4167 moderatur,
1343 4109 1399 4156 et
1455 4102 1660 4172 dirigit.
1713 4101 1828 4158 Hoc
1870 4104 2022 4159 enim

439 4193 573 4247 illud
608 4202 713 4258 est,
741 4191 886 4262 quod
921 4205 1019 4260 per
1038 4189 1278 4261 Moysetn
1308 4193 1439 4246 olim
1479 4193 1643 4250 nobis
1679 4193 1824 4250 Deus
1866 4209 2022 4249 man-

437 4285 591 4339 davit
617 4284 809 4339 dicens
844 4282 893 4315 ³⁸
924 4300 938 4337 :
972 4282 1039 4336 Et
1065 4291 1219 4337 erunt
1258 4283 1416 4338 verba
1455 4285 1614 4354 hujus
1657 4287 1787 4356 legis
1824 4302 2023 4355 semper

439 4379 491 4431 in
517 4392 607 4431 ore
638 4387 752 4441 tuo,
783 4386 836 4429 et
866 4375 1200 4428 meditaberis
1230 4392 1316 4441 ea,
1353 4394 1389 4429 s.
1411 4377 1561 4442 dens,
1587 4390 1830 4447 surgens,
1862 4388 1907 4431 et
1931 4395 2023 4432 cu-

440 4472 573 4523 bans
597 4483 615 4521 :
643 4476 691 4521 et
718 4465 933 4519 habebis
971 4480 1033 4517 ea
1064 4466 1120 4518 in
1162 4482 1325 4519 manu
1362 4475 1476 4530 tua,
1513 4478 1768 4535 eruntque
1833 4470 2023 4523 inuno-

439 4560 569 4613 bilia
597 4567 722 4612 ante
746 4558 926 4611 oculos
954 4565 1094 4610 tuos.
1123 4555 1332 4611 Deinde
1358 4559 1449 4628 qui
1483 4558 1700 4613 fructus
1731 4559 2018 4614 iudcoria-

440 4660 529 4703 tur
559 4648 821 4704 ostendit.

509 4823 677 4879 Vsus.
702 4824 758 4877 3.
792 4822 860 4876 Et
894 4824 995 4877 erit
1016 4831 1269 4892 tanquam
1303 4822 1688 4893 lignunt,lquod
1719 4824 2018 4893 plumatum

2212 3553 2391 3607 ,Αλλε
2418 3553 2456 3621 ἢ
2484 3551 2554 3605 ἐν
2584 3549 2662 3616 τῷ
2690 3552 2855 3620 νόμῳ
2885 3549 3107 3617 Κυρίου
3139 3549 3204 3601 τὸ
3231 3546 3460 3617 θέλημα
3499 3549 3708 3612 αὐτοῦ,

2130 3646 2229 3702 καὶ
2257 3647 2328 3700 ἐν
2346 3645 2423 3711 τῷ
2445 3646 2605 3715 νόμῳ
2635 3643 2823 3699 αὐτοῦ
2845 3640 3167 3713 μελετήσει
3198 3641 3424 3711 ἡμέρας
3456 3642 3555 3695 καὶ
3603 3660 3711 3696 rv-

2129 3734 2292 3798 κτός.
2349 3732 2659 3803 Μακάριος,
2719 3731 2906 3799 φησιν,
2960 3730 3019 3794 ὃς
3070 3730 3130 3782 οὺ
3193 3730 3354 3800 μόνον
3398 3732 3576 3785 οὐδενὶ
3600 3730 3713 3785 τῶν

2129 3822 2551 3892 προειρημένων
2581 3819 2965 3890 ἐκοινώνησεν,
3021 3818 3158 3872 ἀλλὰ
3192 3820 3284 3871 καὶ
3332 3821 3390 3872 ὲν
3433 3819 3511 3891 τῷ
3559 3820 3710 3891 νόμῳ

2129 3915 2337 3983 Κυρίου
2354 3914 2414 3966 τὸ
2453 3915 2652 3965 οἰκεῖον
2677 3912 2892 3982 θέλημα
2932 3913 3269 3980 συνήρμοσε,
3310 3909 3482 3964 ταῦτα
3514 3911 3705 3975 θέλων,

2132 4003 2279 4074 ἆπερ
2316 4004 2522 4065 ἐκεῖνος
2563 4002 2924 4072 ὑπαγορεύει,
2983 4004 3078 4057 καὶ
3134 4002 3298 4057 τοῦτο
3361 4003 3450 4057 διὰ
3496 4006 3704 4069 παντὸς

2128 4091 2471 4162 ὲμμελετῶν,
2505 4093 2585 4154 είς
2633 4091 2724 4145 τὸν
2753 4090 2949 4144 ἑαυτοῦ
2981 4091 3093 4162 βίον
3116 4092 3369 4147 ἐντεῦθεν
3400 4094 3707 4165 ῥυθμίζων.

2127 4185 2289 4240 Οὕτω
2319 4185 2428 4256 γὰρ
2460 4187 2555 4238 καὶ
2579 4186 2606 4238 ό
2633 4185 2766 4249 Θεὸς
2796 4187 2886 4241 διὰ
2937 4184 3182 4249 Μωσέως
3235 4188 3568 4259 ἐνομοθέτει,
3617 4189 3707 4242 λέ-

2125 4294 2238 4346 γων
2258 4290 2273 4306 ⁵
2316 4276 2427 4332 Καὶ
2451 4275 2625 4331 ἔσται
2660 4279 2731 4332 τὰ
2751 4277 2995 4346 ῥήματα
3020 4277 3125 4333 τοῦ
3150 4280 3341 4348 νόμου
3371 4282 3589 4335 τούτου
3611 4279 3709 4334 διὰ

2125 4368 2353 4434 παντὸς
2383 4367 2443 4421 ἐν
2478 4367 2558 4433 τῷ
2587 4370 2845 4436 στόματί
2893 4386 3032 4434 σου,
3076 4369 3174 4423 καὶ
3221 4371 3585 4440 μελετήσας
3638 4374 3708 4425 ἐν

2124 4456 2307 4522 αὐτῷ,
2333 4454 2692 4525 καθήμενος,
2722 4456 2817 4509 καὶ
2841 4456 3265 4527 ἀνιστάμενος,
3296 4460 3395 4513 καὶ
3447 4459 3708 4520 κοιταζό-

2117 4565 2327 4617 μενος,
2371 4547 2468 4601 καί
2495 4546 2846 4615 ἀπαρτίσεις
2872 4546 3022 4601 κατὰ
3066 4549 3173 4616 τῆς
3191 4549 3388 4617 χειρός
3416 4566 3556 4615 σου,
3605 4550 3703 4602 καὶ

2123 4639 2294 4692 ἔσται
2312 4637 2623 4692 ἀσάλευτα
2652 4638 2764 4706 πρὸ
2790 4638 3117 4708 ὀφθαλμῶν
3143 4655 3281 4693 σου.
3310 4634 3441 4692 Εἶτα
3462 4639 3703 4691 δείκνυσι

2123 4728 2214 4780 τὸν
2246 4726 2455 4781 ἐκεῖθεν
2484 4729 2754 4798 φυόμενον
2778 4728 3013 4799 καρπόν.

2195 4821 2302 4873 Καὶ
2327 4819 2497 4874 ἔσται
2526 4821 2606 4886 ὡς
2631 4819 2698 4874 τὸ
2727 4821 2919 4886 ξύλον
2953 4821 3014 4873 τύ
3036 4816 3495 4890 πεφυτευμένον
3542 4819 3704 4888 παρά

435 4926 516 4973 est
547 4930 694 4970 secus
729 4913 983 4969 decursus
1025 4930 1312 4984 aquarum,
1373 4916 1514 4983 quod
1565 4915 1801 4983 fraetum
1862 4930 2017 4968 suum

2128 4910 2232 4977 τὰς
2262 4910 2581 4979 διεξόδους
2604 4912 2725 4966 τῶν
2758 4911 3017 4977 ὑδάτων,
3046 4911 3077 4965 δ
3102 4911 3209 4964 τὸν
3235 4913 3471 4980 καρπὸν
3515 4912 3702 4966 αὐτοῦ

437 5006 589 5059 dabit
618 5007 672 5057 in
705 5013 939 5074 tempore
956 5020 1074 5067 suo,
1111 5013 1159 5057 et
1193 5004 1377 5072 folium
1418 5005 1532 5071 eius
1565 5021 1669 5057 non
1711 5005 1931 5073 tie/luet,
1962 5014 2011 5058 et

2128 5004 2296 5058 δώσει
2318 5004 2388 5057 ὲν
2417 5005 2602 5073 καιρῷ
2626 5004 2814 5057 αὐτοῦ
2838 5020 2850 5032 ·
2884 5004 2981 5056 καὶ
3014 5003 3082 5056 τό
3110 5004 3354 5072 φύλλον
3376 5002 3565 5058 αὑτοῦ
3591 5005 3702 5057 οὐκ

438 5098 619 5151 omnia
647 5113 968 5168 qumcunque
990 5096 1148 5165 faciet
1178 5098 1656 5164 prosperubuutur.
1691 5096 1797 5162 Qui
1844 5097 1917 5150 ita
1951 5111 2012 5152 se

436 5207 496 5243 se
530 5190 715 5255 habet,
740 5199 800 5243 ut
824 5190 1090 5255 diximus,
1138 5189 1189 5242 is
1229 5189 1405 5243 instar
1437 5188 1656 5242 arhoris
1712 5190 2016 5258 plantatus,

439 5281 592 5350 iuxta
621 5281 823 5335 ﬂuenta
843 5280 1190 5353 eloquiurum
1212 5279 1305 5335 Dei
1324 5287 1490 5349 atque
1511 5278 1729 5334 illorum
1756 5281 2008 5335 doctrina

507 5464 550 5494 ³⁵
594 5465 750 5523 Joan.
779 5483 888 5533 xw,
924 5466 981 5521 6.
1053 5467 1100 5499 “
1124 5466 1268 5523 Psal.
1300 5478 1484 5530 nam,
1515 5466 1605 5520 27.
1669 5465 1714 5499 ³⁷
1740 5458 1845 5520 Ιειιζ
1879 5483 1916 5531 ι,
1959 5466 2043 5521 i7.

2115 5096 2584 5166 ἀπορῤυήσεται,
2612 5098 2710 5150 καί
2745 5095 2943 5149 πάντα
2978 5095 3097 5149 ὅσα
3142 5093 3222 5152 ἂν
3265 5095 3431 5165 ποιῇ,
3491 5112 3703 5150 κατευ-

2115 5187 2510 5253 οδωθήσεται.
2558 5187 2618 5240 ’0
2650 5188 2757 5255 γὰρ
2791 5187 2967 5251 οὕτως
3009 5187 3172 5259 ἔχων,
3199 5182 3313 5240 οἷον
3365 5203 3699 5259 παραπεφυο

2121 5282 2385 5346 τευμένος
2416 5282 2530 5345 τοῖς
2574 5281 2681 5333 τῶν
2710 5279 2873 5335 θείων
2904 5279 3101 5347 λογίων
3148 5280 3407 5350 νεύμασι,
3460 5280 3556 5333 καὶ
3614 5279 3703 5334 διὰ

2123 5464 2170 5498 ³⁸
2192 5465 2351 5521 Deut.
2392 5482 2465 5529 γι,
2497 5467 2548 5520 7.

1793 5582 1995 5644 νει-ιω
2023 5581 2357 5646 lectiones.

511 5681 623 5763 (lii)
648 5683 795 5737 Adde
826 5683 1043 5756 βουλὴν,
1084 5694 1141 5738 ιιι
1180 5686 1233 5740 in
1263 5685 1452 5743 codice
1498 5701 1601 5742 suo
1636 5687 1763 5756 legit
1787 5696 1841 5743 et
1873 5686 2023 5743 Lati-

443 5768 550 5807 nus
587 5763 882 5821 interpres.

2204 5690 2317 5759 (l7)
2348 5689 2533 5744 Graeca
2569 5690 2731 5744 verba
2751 5688 2824 5745 ita
2849 5697 3048 5746 sonant
3074 5704 3088 5743 :
3123 5684 3193 5740 Id
3225 5687 3363 5742 enim
3389 5683 3489 5740 sibi
3519 5682 3699 5738 uolunt

2127 5762 2282 5813 verba
2320 5760 2375 5814 in
2400 5760 2680 5814 cathedra.
