4146 6502
539 410 615 477 ’Π
1682 402 2074 464 COMMENT.
2119 403 2199 462 IN
2245 402 2605 465 PSALIlmS.
3734 395 3806 454 73

539 530 645 598 τῆς
670 523 1025 586 διδασκαλίας
1054 519 1235 575 αὐτῶν
1268 514 1588 589 ἀρδόμενος,
1625 513 1810 572 θάλλει
1846 516 1946 568 καὶ
1996 530 2130 584 προ-

2252 523 2500 583 )erpetuu
2537 511 2820 582 irrigatus,
2859 506 3212 580 geminabit,
3241 504 3593 575 fructumque
3634 502 3809 573 (ipsas

544 622 772 684 κόπτει,
799 616 961 685 δίκην
988 613 1211 685 δένδρου
1245 608 1813 682 παραπεφυτευμένου
1876 608 1988 670 τοῖς
2016 606 2127 659 τῶν

552 712 766 767 ὑδάτων
794 707 1054 780 ῥεύμασι,
1095 703 1307 776 καρπὸν
1346 703 1448 774 μὲν
1477 701 1577 765 τὰς
1604 701 1805 772 ἀρετάς
1857 699 2038 772 φέρων
2069 701 2128 754 ἐν

544 799 728 873 καιρῷ
758 798 837 870 τῷ
860 797 1216 869 προσήκοντι,
1248 794 1349 848 οὐκ
1368 792 1692 848 ἀποϐάλλων
1724 791 1781 846 δὲ
1807 791 1875 846 τὰ
1925 790 2125 862 φύλλα,

544 891 754 963 δηλαδὴ
778 889 875 961 τὴν
904 892 1217 943 σκέπουσαν
1247 887 1345 941 καὶ
1369 884 1749 957 συντηροῦσαν
1804 882 1976 947 αὐτὰς
2030 901 2129 936 τα-

544 980 1007 1053 πεινοφροσύνην.
1034 981 1104 1032 Ἦ
1135 978 1347 1050 καρπὸν
1396 978 1497 1049 μὲν
1535 976 1875 1048 ὑποληπτέον
1898 975 1990 1030 τὸν
2024 974 2133 1028 ἀπὸ

558 1075 673 1129 τῶν
728 1074 912 1126 πόνων
978 1068 1378 1140 συλλεγόμενον
1443 1067 1822 1138 πνευματικὸν
1877 1065 2130 1128 πλοῦτον,

550 1166 730 1235 φύλλα
763 1164 821 1219 δι
853 1163 955 1235 τὴν
977 1162 1384 1216 ὲπιθὰλπουσαν
1418 1161 1610 1214 ante:
1631 1160 1732 1230 τῆς
1756 1159 2033 1230 σωτηρίας
2065 1153 2133 1230 ἧς

550 1257 749 1312 οὐδένα
769 1255 963 1328 καιρὸν
993 1255 1345 1325 ἀφίστανται,
1379 1252 1478 1324 τὴν
1502 1252 1755 1323 αἴσθησιν
1777 1252 1886 1305 τῶν
1910 1250 2138 1322 ἀλγηδό-

551 1369 664 1406 νων
703 1347 1134 1420 ἀφαιρουμένης.
1162 1346 1402 1409 Εἰκότως
1426 1345 1483 1398 δὲ
1514 1344 1586 1399 τά
1608 1344 1729 1398 θεῖα
1758 1344 1919 1414 λόγια
1951 1343 2138 1398 ὕδασιν

551 1441 879 1506 ἀπείκασεν,
906 1437 1072 1492 διὰτὸ
1105 1437 1347 1501 ποτίζειν
1387 1436 1483 1489 καὶ
1510 1436 1747 1490 πιαίνειν
1790 1436 1890 1497 τὰς
1936 1432 2136 1504 ψυχὰς,

548 1534 633 1596 ὡς
661 1535 845 1585 ἐκεῖνα
883 1529 952 1583 τὰ
978 1529 1245 1598 φυόμενα.
1274 1527 1434 1582 Οὕτω
1466 1526 1565 1582 καὶ
1589 1528 1618 1580 ὀ
1645 1527 1881 1597 Χριστὸς
1905 1525 2001 1596 τὴν
2058 1525 2138 1579 ol-

556 1626 718 1680 κείαν
744 1622 1093 1677 διδασκαλίαν
1148 1621 1438 1675 ἐκάλεσεν
1476 1620 1551 1674 ΕΖ
1594 1638 1685 1684 τις
1724 1618 1896 1687 διψᾷ,
1944 1618 2138 1686 λέγων,

554 1715 827 1785 ἐρχέσθω
863 1715 1014 1783 πρός
1031 1731 1128 1784 με,
1160 1715 1257 1768 καί
1288 1713 1538 1767 πινέτω’
1571 1712 1666 1766 καί
1699 1729 1714 1744 ·
1753 1710 1817 1764 '0
1837 1710 2145 1764 πιστεύων

555 1812 650 1875 είς
674 1809 800 1878 ἐμὲ,
816 1808 1033 1872 ὕδατος
1054 1805 1267 1873 ζῶντος
1296 1806 1548 1874 ποταμοὶ
1563 1805 1908 1873 ῥεύσουσιν
1933 1803 2002 1857 ἐκ
2026 1802 2141 1870 τῆς

555 1900 795 1964 κοιλίας
837 1897 1023 1951 αὑτοῦ
1048 1912 1063 1925 θ
1091 1896 1207 1949 καί·
1253 1896 1350 1961 ’ος
1371 1894 1424 1947 δ’
1449 1894 1528 1949 ἂν
1549 1895 1657 1961 πίῃ
1692 1893 1761 1947 ἐκ
1790 1891 1897 1947 τοῦ
1922 1891 2141 1958 ὕδατος

553 1988 635 2047 οὗ
661 1991 776 2060 ἐγὼ
797 1982 967 2043 δώσω
989 1985 1169 2057 αὐτῷ,
1202 1989 1274 2042 οὐ
1298 1986 1384 2057 μὴ
1413 1986 1662 2057 διψήσει
1691 1988 1779 2053 είς
1799 1985 1909 2040 τὸν
1930 1982 2140 2039 αἰῶνα.

557 2083 655 2152 Τῷ
696 2084 755 2136 δὲ
809 2082 1040 2150 τοιούτῳ
1095 2078 1250 2150 ἀνδρὶ
1315 2079 1461 2134 καὶὸ
1505 2078 1638 2143 Θεὸς
1697 2074 2143 2147 συνεργεϊ⁸πρὸς

555 2177 765 2232 πάντα.
847 2173 1009 2244 Ποιρά
1040 2170 1245 2242 Κυρίου
1267 2170 1396 2240 γάρ,
1418 2168 1574 2240 φησι,
1603 2168 1673 2223 τά
1703 2168 2020 2238 διαδήματα
2045 2164 2144 2218 αύ-

555 2269 679 2334 tot"),
710 2266 1122 2327 κατευθύνεται,
1157 2265 1250 2317 καὶ
1280 2263 1381 2331 τὴν
1409 2263 1528 2316 ὁδον
1557 2259 1721 2315 αὑτοῦ
1743 2259 1964 2332 θελήσει
1998 2257 2138 2327 σφό-

556 2358 682 2428 δρα.
710 2356 821 2410 Καὶ
846 2355 875 2407 ό
893 2350 1222 2414 Ἀπόστολος
1249 2348 1307 2403 δὲ
1332 2350 1486 2418 λέγει
1522 2348 1705 2402 ⁴πάλιν
1731 2363 1747 2379 ·
1815 2345 1947 2414 Τοῖς
1994 2346 2143 2416 ἀγα-

560 2446 720 2500 πῶσι
744 2445 853 2499 τὸν
890 2442 1042 2498 Θεὸν
1077 2441 1275 2495 πάντα
1302 2438 1589 2509 συνεργεῖ
1630 2440 1718 2504 είς
1774 2436 1842 2491 τὸ
1893 2437 2142 2507 ἀγαθόν.

562 2539 643 2592 Τὸ
671 2538 756 2603 δὲ,
806 2535 1030 2600 πάντα,
1083 2533 1422 2606 πρόσκειται
1459 2531 1599 2603 μετά
1627 2528 1945 2602 ἀκριϐείας·
1976 2528 2004 2581 ὁ
2035 2525 2146 2599 γὰρ

560 2631 646 2693 εἰς
677 2628 837 2682 τοῦτο
868 2627 1107 2696 φθάσας,
1139 2623 1401 2678 οὐδέποτέ
1440 2640 1493 2676 τι
1519 2622 1692 2677 κακὸν
1723 2622 1949 2691 ποιῆσαι
1985 2619 2147 2691 θελή-

563 2736 685 2775 σει’
721 2720 805 2774 διὸ
842 2718 940 2772 καὶ
968 2716 1251 2770 εύοδοῦται
1281 2716 1341 2768 ὲν
1383 2717 1521 2768 πᾶσι
1558 2713 1715 2785 παρὰ
1760 2712 1924 2767 Θεοῦ.
1985 2711 2146 2766 Οὕτω

559 2812 658 2865 διὰ
713 2811 824 2866 τῶν
884 2808 1111 2876 ἀγαθῶν
1159 2805 1475 2879 προτρέψας
1520 2807 1602 2871 εἰς
1650 2806 1876 2877 ἀρετὴν,
1919 2804 2013 2857 καὶ
2057 2803 2148 2860 διὰ

524 1138 546 1172 9

561 2905 677 2957 τῶν
709 2900 974 2956 ἐναντίων
1034 2898 1248 2969 ἀλείφει
1280 2899 1408 2964 τοὺς
1441 2898 1684 2969 ἀθλητὰς
1717 2899 1777 2952 ὲν
1806 2896 1885 2968 τῷ
1922 2897 2104 2950 εἰπεῖν
2129 2910 2147 2927 ⁸
2191 2893 2200 2901 ’

646 3080 769 3147 Οὐκ
794 3077 981 3145 οὕτως
1006 3079 1066 3132 οἱ
1092 3077 1357 3145 ἀσεϐεῖς,
1405 3078 1521 3147 οὐχ
1554 3076 1767 3144 οὕτως.
1828 3077 1874 3130 Τ
1875 3075 2147 3146 οντέστιν,

564 3169 671 3239 οὐχ
715 3169 791 3231 ὡς
813 3169 843 3221 δ
866 3170 1268 3240 προειρημένος
1283 3167 1423 3239 ἀνὴρ
1454 3166 1712 3222 θάλλουσι
1743 3167 1839 3220 καὶ
1863 3182 2151 3237 καρποφο-

572 3262 752 3333 ροῦσι,
786 3261 882 3314 καὶ
920 3260 1030 3316 τῶν
1058 3262 1235 3316 ἄλλων
1291 3259 1704 3316 ἀπολαύσουσιν
1750 3258 1999 3329 ἀγαθῶν.
2052 3259 2153 3314 Διά

566 3357 629 3410 δὲ
678 3352 1221 3427 τοῦ.διπλασιασμο⁴ύ
1275 3355 1375 3428 τὴν
1442 3354 1833 3426 ,ἀπαγόρευσιν
1885 3352 2152 3407 ἐϐεϐαίω-

570 3463 690 3503 σεν.

655 3630 843 3686 Ἀλλὰ
874 3629 1018 3684 ὡσεὶ
1066 3629 1272 3699 χνοῦς,
1321 3629 1396 3684 ὃν
1440 3628 1703 3699 expiaret
1729 3630 1762 3683 ὁ
1785 3628 2010 3699 ἄνεμος
2034 3628 2154 3684 ἀπὸ

569 3724 903 3792 προσώπου
945 3722 1058 3792 τῆς
1077 3721 1209 3792 γῆς.
1258 3722 1473 3794 Ὠσπερ
1501 3724 1529 3775 ὁ
1559 3722 1761 3793 ἄνεμος
1799 3722 2153 3792 προσπεσὼν,

573 3818 709 3887 ῥᾷον
764 3815 1065 3885 μεταφέρει
1096 3814 1188 3868 τόν
1217 3814 1350 3884 χοῦν
1380 3814 1475 3868 καὶ
1507 3813 1976 3878 διασκεδάννυσιν,
2012 3811 2157 3866 οὕτω

574 3912 674 3963 καὶ
706 3910 831 3972 τοὺς
867 3908 1086 3971 ἀσεϐεῖς
1115 3910 1164 3960 οί
1195 3908 1585 3970 ἀντιπνέοντες
1612 3906 1891 3979 δαίμονες.
1926 3907 2156 3977 Πρόσω-

573 4020 682 4055 πον
712 4002 767 4054 δὲ
788 4002 885 4070 τῆς
917 4001 1045 4071 γῆς,
1069 4000 1131 4054 τὸ
1174 4001 1502 4072 φαινόμενον
1550 3999 1725 4070 αὐτῆς
1782 3998 2025 4070 νοητὲον.
2084 3998 2159 4051 Τὸ

574 4093 712 4147 αύτό
743 4094 801 4147 δὲ
826 4096 921 4147 καὶ
946 4093 1115 4156 νῶτα,
1154 4093 1245 4148 διά
1274 4094 1336 4146 τὸ
1383 4091 1680 4163 βαστάζειν
1731 4091 1801 4145 τὰ
1855 4091 1945 4145 ἐπ’
1981 4090 2158 4161 αὐτῆς

576 4188 850 4255 σώματαο
895 4185 1150 4252 καθάπερ
1195 4186 1293 4240 καὶ
1340 4185 1563 4250 κόλπος,
1607 4183 1670 4237 τὸ
1708 4183 1915 4253 ταύτης
1972 4181 2158 4253 βάθος.

2232 617 2430 673 nempe
2461 600 3053 670 virtuteslopportuuo
3103 596 3289 652 ferens
3340 602 3613 666 tempore,
3677 593 3845 649 folia‘

2232 706 2342 746 non
2364 691 2604 746 dimittet
2628 707 2653 761 ,ε
2700 691 2805 746 hoc
2830 698 2918 746 est
2971 688 3337 744 humilitatem
3380 701 3491 742 non
3550 687 3806 757 deponet.

2232 798 2353 854 quae
2383 783 2615 837 virtutes
2645 796 2863 847 omnes,
2923 795 3034 836 non
3062 794 3227 837 secus
3259 792 3325 834 ac
3373 777 3629 849 proprios
3691 775 3809 832 fru-

2233 883 2359 930 ctus
2394 873 2629 944 protegit
2658 881 2826 942 atque
2859 877 3174 927 conservat.
3199 867 3297 925 Vel
3332 868 3508 937 aliter,
3552 882 3648 938 per
3693 866 3813 921 fru-

2233 977 2382 1023 ctum
2404 966 2712 1036 intelligere
2744 980 3042 1037 possumus
3094 963 3382 1021 universas
3412 963 3539 1018 illas
3592 962 3815 1021 divitias

2234 1073 2356 1129 qua:
2377 1056 2446 1112 de
2494 1056 2881 1128 spiritualibus
2937 1054 3218 1112 laboribus
3277 1064 3716 1128 congregantur:
3764 1063 3818 1109 et

2234 1166 2336 1222 per
2373 1151 2525 1215 folia,
2553 1149 2917 1205 vii-escentem
2947 1164 3099 1220 spem
3124 1149 3357 1206 salutis:
3381 1165 3502 1221 qua:
3518 1165 3645 1227 cum
3670 1164 3819 1204 nun-

2236 1257 2402 1310 quam
2447 1235 2696 1307 deﬁciat,
2751 1239 2998 1296 omnium
3051 1238 3306 1296 dolorum
3371 1254 3599 1297 sensum
3650 1240 3819 1295 tollit.

2239 1334 2432 1391 Merito
2457 1343 2636 1388 autem
2667 1332 2853 1388 divina
2881 1332 3099 1404 eloquia
3123 1333 3284 1406 aquis
3309 1334 3677 1404 comparavit,
3692 1350 3817 1390 cum

2238 1442 2352 1482 non
2386 1426 2571 1482 minus
2637 1426 2833 1482 animae
2887 1426 2997 1482 illis
3045 1426 3349 1499 irrigentur
3402 1435 3568 1498 atque
3625 1427 3823 1499 impia-

2247 1525 2509 1588 guentur,
2547 1532 2710 1588 quam
2740 1517 2897 1588 aquis
2926 1519 3161 1589 plantae:
3198 1518 3342 1574 unde
3362 1526 3418 1575 et
3444 1518 3700 1576 Christus
3721 1520 3824 1575 do-

2240 1611 2474 1667 ctrinam
2501 1625 2658 1666 suam
2708 1610 3024 1680 appellavit.
3056 1611 3278 1667 dicens:
3316 1611 3361 1645 ³⁸
3401 1610 3463 1667 Si
3511 1613 3629 1682 quis
3685 1613 3823 1680 sitit,

2242 1701 2420 1756 ueniat
2456 1700 2527 1755 ad
2563 1716 2643 1755 me
2675 1710 2726 1756 et
2758 1700 2938 1756 bibat:
2966 1710 3017 1756 et
3046 1702 3138 1772 qui
3153 1703 3321 1757 credit
3345 1704 3400 1758 in
3450 1720 3554 1771 me,
3593 1705 3824 1773 ﬂumina

2243 1791 2460 1845 viventis
2512 1806 2664 1860 aqua:
2691 1790 2859 1859 ﬂuent
2898 1792 2962 1845 de
2991 1800 3173 1846 ventre
3198 1795 3314 1862 ejus
3349 1809 3370 1847 :
3426 1802 3476 1848 et
3507 1795 3599 1864 qui
3637 1794 3826 1848 biberit

2244 1882 2311 1935 de
2338 1897 2502 1952 aqua,
2527 1899 2691 1952 quam
2713 1900 2808 1954 ego
2832 1882 2970 1936 dabo
2997 1884 3068 1947 ei,
3100 1901 3206 1939 non
3251 1886 3399 1940 sitiet
3442 1903 3501 1940 tn
3544 1899 3828 1943 teternum.

2244 1972 2641 2044 Hujuscemodi
2667 1974 2834 2045 igitur
2869 1974 3009 2040 viro,
3044 1973 3188 2032 Deus
3212 1986 3546 2048 cooperator
3568 1978 3622 2032 in
3642 1978 3829 2033 ninni-

2243 2063 2348 2122 bus
2398 2083 2415 2121 :
2469 2065 2514 2121 Α
2536 2063 2765 2122 Domino
2798 2064 2943 2121 enim
2979 2082 3206 2138 gressus
3242 2069 3361 2137 ejus
3409 2069 3738 2142 dirigentur,
3774 2078 3832 2125 et

2245 2158 2391 2215 viam
2408 2159 2530 2227 ejus
2565 2158 2713 2214 volet
2729 2157 2906 2215 valde.
2935 2158 3057 2229 Ipse
3082 2159 3247 2216 etiam
3279 2160 3579 2230 Apostolus
3607 2179 3621 2216 :
3654 2162 3699 2195 “
3736 2163 3831 2216 Di-

2248 2247 2530 2319 ligentibus
2571 2244 2765 2318 Deum,
2817 2247 3021 2318 inquit,
3054 2250 3238 2303 omnia
3285 2261 3640 2319 cooperantur
3664 2254 3719 2307 in
3743 2254 3835 2306 bo-

2248 2356 2397 2395 num.
2438 2339 2621 2395 Dictio
2651 2340 2845 2406 etlam,
2880 2341 3083 2407 omnia,
3118 2341 3209 2397 hic
3273 2358 3384 2398 non
3437 2345 3617 2399 otiose
3662 2344 3834 2415 jacet.

2248 2431 2384 2488 Nam
2437 2431 2533 2504 qui
2561 2432 2629 2487 ad
2663 2431 2814 2487 hunc
2836 2447 3012 2503 usque
3050 2433 3277 2491 virtutis
3314 2436 3599 2491 cumulum
3644 2455 3836 2508 perve-
3953 2484 3963 2494 .

2251 2527 2420 2591 nerit,
2457 2525 2662 2581 malum
2700 2526 2940 2604 amplius
2969 2526 3176 2596 aliquid
3203 2525 3383 2584 facere
3416 2545 3682 2601 nusquam
3711 2549 3837 2590 sus-

2250 2616 2448 2671 tinebit
2481 2630 2496 2669 :
2543 2630 2650 2687 qua
2699 2617 2918 2672 ratione
2946 2631 2976 2670 a
3010 2616 3122 2673 Deo
3150 2618 3205 2673 in
3230 2620 3488 2677 omnibus
3540 2638 3836 2695 prospera-

2249 2707 2400 2763 bitur
2424 2725 2439 2763 :
2468 2723 2662 2763 verum
2686 2722 2812 2763 cum
2845 2723 2947 2779 per
2967 2708 3113 2765 bona
3144 2710 3211 2766 ad
3244 2711 3502 2769 virtutem
3530 2717 3837 2787 superiori-

2250 2798 2354 2855 bus
2375 2799 2701 2856 exhortatus
2726 2800 2818 2868 sit,
2839 2800 3123 2871 deinceps,
3165 2805 3324 2874 quasi
3382 2805 3609 2863 virtutis
3661 2810 3840 2866 athle-

2253 2901 2386 2957 tam,
2433 2892 2555 2948 oleo
2602 2893 2841 2963 inungit,
2881 2893 3013 2949 dum
3052 2908 3118 2950 ex
3165 2897 3461 2954 contrariis
3516 2902 3717 2968 munit,
3752 2902 3838 2958 di-

2250 2996 2429 3036 cons:

2323 3074 2494 3131 Vens.
2525 3074 2581 3131 4.
2612 3074 2739 3131 Non
2769 3077 2845 3133 sic
2872 3077 3046 3147 impii,
3081 3094 3185 3132 non
3214 3079 3314 3136 sic.
3342 3078 3465 3137 Non
3531 3081 3607 3138 ita
3645 3083 3844 3142 ﬂorent

2257 3166 2434 3239 impii,
2463 3166 2665 3237 inquit,
2694 3184 2798 3224 nec
2821 3171 3137 3240 germinant
3165 3182 3262 3227 aut
3325 3172 3568 3231 fructum
3628 3177 3836 3246 ierunt,

2259 3276 2361 3316 nec
2392 3262 2563 3319 tantis
2610 3262 2872 3318 fruuntur
2903 3262 3089 3332 bonis,
3143 3265 3369 3335 quantis
3423 3268 3509 3323 vir
3547 3270 3638 3326 ille
3674 3288 3838 3342 quem

2260 3354 2483 3409 beatum
2511 3354 2752 3410 diximus
2779 3372 2794 3409 :
2827 3368 2882 3410 et
2908 3354 3039 3410 dum
3074 3357 3420 3428 negationem
3444 3363 3664 3432 repetit,
3690 3369 3837 3436 quod

2259 3455 2513 3517 negatum
2544 3458 2631 3503 est
2666 3447 2839 3517 magis
2867 3448 3179 3504 conﬁrmat.
3208 3448 3523 3522 [Quomodo
3552 3464 3740 3511 autem
3776 3458 3844 3513 il-

2258 3536 2327 3591 lis
2350 3537 2620 3609 agendum
2651 3538 2725 3594 sit
2753 3538 3025 3612 subjicit.]

2334 3627 2445 3685 Sed
2477 3641 2735 3702 tanquam
2763 3632 2938 3701 puluis
2983 3648 3135 3704 quem
3163 3636 3382 3706 proficit
3427 3648 3609 3696 ventus
3640 3657 3672 3696 a
3706 3642 3847 3712 facie

2266 3731 2443 3778 terrae.
2471 3723 2948 3790 Quemadmodum
2983 3725 3261 3785 irruentes
3311 3730 3482 3797 venti,
3538 3731 3699 3789 facile
3725 3736 3848 3804 pul-

2262 3830 2447 3870 verem
2503 3817 2847 3873 transierunt
2897 3824 2953 3873 et
2988 3816 3336 3891 dispergunt,
3365 3821 3437 3877 ita
3468 3833 3523 3880 et
3542 3824 3842 3883 adversarii

2263 3905 2546 3962 alzeutones
2584 3906 2788 3978 impios
2811 3923 3064 3980 quosque
3104 3909 3268 3968 facile
3316 3911 3693 3986 dissipabunt.
3741 3919 3845 3974 Per

2265 3996 2460 4053 faciem
2485 4014 2616 4055 vero
2640 4008 2822 4066 terrae,
2847 4001 2970 4071 ejus
2998 4004 3348 4072 superﬁciem
3376 4005 3647 4076 intellige:
3675 4024 3841 4078 quam

2268 4099 2428 4145 terra:
2447 4090 2712 4147 humeros
2744 4094 2911 4148 etiam
2943 4095 3247 4165 appellant,
3297 4112 3367 4153 eo
3403 4100 3551 4168 quod
3608 4100 3748 4156 ierat
3782 4118 3845 4158 ac

2271 4180 2544 4236 sustineat
2573 4196 2806 4252 corpora
2827 4183 3013 4240 omnia
3043 4200 3167 4257 quae
3201 4186 3257 4242 in
3287 4202 3351 4245 ea
3380 4200 3509 4245 sunt
3541 4209 3556 4247 :
3597 4194 3760 4249 sicuti
3791 4206 3847 4251 ct

589 4275 835 4339 Ἀσεϐεῖς
869 4275 926 4329 δὲ
974 4276 1206 4331 ἐνταῦθα
1249 4275 1459 4340 πάντας
1482 4275 1741 4344 ὀνομάζει
1766 4275 1892 4338 τοὺς
1921 4276 2036 4329 ἀνω
2060 4276 2151 4346 ρη-

2268 4278 2430 4326 ιοιτω
2457 4271 2642 4327 sinum
2670 4286 2794 4328 eam
2830 4281 3039 4343 partem
3064 4275 3278 4345 dicunt,
3312 4292 3436 4349 quae
3463 4280 3520 4336 in
3547 4296 3613 4337 ea
3667 4286 3844 4357 magis

579 4369 799 4431 θέντας,
863 4369 1268 4439 κοινωσάμενος
1312 4369 1374 4420 τδ
1412 4367 1731 4439 πρόσρημα.
1767 4366 1992 4421 Νοοῖντο
2027 4366 2072 4419 δ’
2093 4364 2161 4420 ἂν

578 4457 802 4521 ἀσεϐεῖς
836 4458 932 4512 καὶ
962 4460 1012 4511 oi
1051 4458 1320 4523 Ἰουδαῖοι,
1348 4459 1400 4511 οί
1449 4457 1526 4529 μὴ
1554 4458 1843 4529 σεϐόμενοι
1882 4457 1976 4512 τὸν
2006 4457 2157 4522 Υίὸν,

2268 4359 2561 4431 profunda.
2600 4360 2803 4433 lmpios
2828 4378 2961 4419 vero
3017 4368 3431 4426 communicato
3489 4374 3715 4431 nomine
3756 4377 3845 4433 hic

2269 4468 2367 4510 eos
2394 4468 2591 4510 omnes
2623 4456 2888 4526 appellat,
2916 4471 3056 4528 quos
3078 4459 3343 4530 superius
3398 4462 3602 4535 triplici
3652 4469 3847 4525 ordine

578 4547 631 4601 οῖ
679 4548 1199 4620 διεσκορπίσθησαν,
1263 4547 1358 4604 τοῦ
1410 4549 1768 4622 κηρύγματος
1824 4550 1935 4604 τῶν
1991 4548 2151 4621 ἱερῶν

2262 4545 2529 4618 distingui
2564 4559 2597 4600 a
2637 4544 2913 4617 Propheta
2958 4547 3272 4607 docuimus.
3325 4550 3630 4613 Possumus
3677 4559 3845 4616 etiam

580 4640 902 4695 ἀποστόλων
924 4642 1279 4706 πνεύσαντος.

651 4912 756 4966 Διά
783 4909 961 4966 τοῦτο
983 4912 1095 4966 οὐκ
1111 4910 1568 4979 ἀναστήσονται
1590 4910 1832 4978 ἀσεϐεῖς
1848 4910 1919 4965 ἐν
1939 4912 2161 4979 κρίσει.

581 5009 731 5079 Ὅρα
756 5007 852 5060 τοῦ
882 5006 1026 5059 θείου
1059 5007 1377 5077 Πνεύματος
1401 5005 1499 5078 τὴν
1528 5006 1817 5077 ἀκρίϐειαν
1837 5024 1853 5040 ·
1885 5008 1987 5063 οὐκ
2007 5003 2163 5061 εἶπεν

581 5098 793 5161 ἁπλῶς,
817 5099 940 5151 Οὐκ
963 5097 1440 5167 ἀναστήσονται,
1477 5096 1614 5152 ἀλλά
1646 5098 1742 5152 καὶ
1772 5098 1855 5165 τὸ,
1897 5097 2002 5153 Ἔν
2032 5097 2160 5167 κρί-

578 5208 701 5254 σει,
735 5190 1097 5262 προσέθηκεν.
1140 5191 1567 5262 Ἀναστήσονται
1606 5190 1707 5260 μὲν
1732 5190 1842 5261 γὰρ
1871 5191 1965 5243 καὶ
1991 5185 2160 5258 οὗτοι,

577 5282 720 5337 ἀλλὰ
749 5282 848 5352 οὐχ
888 5282 974 5335 ῐνα
996 5280 1225 5353 κριθῶσι
1245 5295 1262 5312 ο
1287 5279 1404 5344 πῶς
1426 5278 1535 5353 γὰρ
1553 5279 1664 5352 (l8)
1689 5280 1803 5350 οἶγε
1827 5281 1976 5351 αὐτῷ
2005 5281 2172 5336 κατά·-

2264 4654 2363 4709 per
2383 4638 2604 4710 impios,
2630 4637 2850 4696 Judaeos
2874 4640 3199 4714 intelligere,
3225 4645 3319 4716 qui
3342 4646 3538 4705 Filium
3572 4666 3682 4707 non
3713 4653 3849 4708 ado-

2268 4740 2414 4801 rant,
2444 4741 2493 4787 et
2529 4732 2731 4803 spiritu
2758 4733 3164 4802 praedicationis
3186 4748 3510 4796 sanctorum
3563 4747 3848 4815 apostolo-

2269 4840 2390 4879 rum
2426 4839 2526 4895 per
2564 4832 2740 4880 totum
2771 4825 2963 4883 orbem
3010 4827 3249 4898 dispersi
3273 4841 3429 4889 sunt.

2344 4916 2518 4972 Vens.
2550 4917 2606 4974 5.
2681 4916 2812 4973 Ideo
2876 4935 2981 4974 non
3023 4932 3303 4992 resurgent
3343 4926 3495 4993 impii
3528 4929 3585 4984 in
3620 4931 3845 5002 judicio.

2273 5006 2408 5064 Vide
2433 5010 2771 5080 exquisitum
2805 5012 2981 5067 sancti
3011 5010 3257 5083 Spiritus
3286 5017 3550 5089 loquendi
3570 5008 3842 5081 modum:

2269 5114 2380 5156 non
2412 5100 2740 5171 simpliciter
2766 5102 2924 5169 dixit,
2957 5100 3081 5159 Non
3103 5119 3380 5180 resurgent
3405 5127 3425 5165 :
3447 5113 3542 5168 sed
3567 5116 3844 5185 apposuit,

2272 5190 2340 5246 In
2366 5192 2593 5261 judicio.
2626 5194 2934 5265 Resurgent
2955 5196 3158 5267 quippe
3188 5209 3245 5255 et
3274 5200 3449 5273 impii,
3469 5217 3581 5257 non
3618 5213 3674 5257 ut
3695 5203 3850 5273 judi-

2274 5290 2493 5349 centur,
2514 5290 2702 5353 utpote
2721 5284 2815 5354 qui
2834 5284 2949 5354 jam
2970 5286 3318 5343 condemnati
3343 5299 3474 5345 sunt
3500 5308 3515 5343 :
3545 5292 3589 5322 "
3614 5291 3721 5357 Qui
3743 5309 3846 5347 non

580 5390 801 5445 κριτοι;
856 5373 920 5427 '0
934 5375 1045 5442 γὰρ
1065 5373 1151 5443 μὴ
1182 5373 1487 5428 πιστεύων
1529 5374 1619 5440 εις
1648 5372 1773 5442 ἐμὲ,
1835 5373 2024 5445 φησιν,
2054 5372 2151 5441 ἦδι

2278 5377 2445 5430 credit
2478 5376 2535 5431 in
2561 5392 2664 5444 me,
2698 5377 2900 5448 inquit,
2908 5377 3027 5448 jam
3041 5377 3322 5447 judicatus
3347 5389 3472 5434 est:
3505 5380 3602 5435 sed
3632 5392 3690 5437 ut
3721 5399 3851 5455 sup-

581 5467 860 5535 κέκριται
883 5482 898 5497 ο
928 5464 1047 5519 ἀλλ’
1079 5465 1171 5520 ἵνα
1205 5462 1585 5536 τιμωρηθῶσι.
1642 5465 2079 5536 Παρατηρητέον
2106 5465 2165 5518 δὲ

2271 5467 2453 5538 pliciis
2493 5467 2827 5540 plectantur.
2866 5467 3285 5526 Observandum
3317 5478 3402 5527 est
3430 5480 3637 5543 autem,
3689 5477 3839 5546 quod

620 5603 667 5637 ³⁹
695 5599 862 5659 Joan.
899 5617 995 5666 ιιι,
1020 5600 1112 5667 57,
1142 5602 1233 5658 '58.
1294 5603 1341 5635 ιθ
1367 5602 1527 5657 Rom.
1566 5617 1685 5671 vtu,
1713 5600 1806 5656 εδ.
1867 5601 1910 5634 ⁸¹
1943 5599 2103 5658 Joan.
2139 5619 2221 5671 ιιι,
2249 5602 2339 5659 18.

1918 5720 2120 5783 νει-ἰῶ
2151 5720 2481 5788 lectiones.

654 5844 769 5918 (ιδ)
805 5843 998 5900 Grates
1018 5844 1098 5900 sic
1128 5859 1142 5898 :
1180 5841 1283 5909 Qui
1308 5843 1448 5901 enim
1474 5845 1569 5901 hoc
1598 5846 1697 5916 ﬁat
1720 5845 1745 5899 .9
1763 5860 1880 5901 cum
1896 5846 2017 5917 jam
2041 5848 2377 5904 condemnati
2414 5848 2543 5905 sint.
