4146 6420
355 302 423 363 79
1534 320 1925 388 EUTHYMU
1967 329 2332 392 ZIGABENI
3551 338 3622 405 80

293 442 323 464 ι
351 436 474 473 eum
526 420 737 492 Moyses
808 425 875 479 de
938 433 1349 485 resurrectione
1391 434 1527 487 nihil
1566 438 1724 491 nobis
1752 441 1919 494 mani-

2034 445 2139 508 ὅτι,
2178 447 2344 516 μηδὲν
2383 447 2477 501 τοῦ
2520 451 2761 514 Μωσέως
2797 454 2926 522 περὶ
2951 454 3303 519 ἀναστάσεως
3345 458 3616 522 εἰπόντος.

344 512 491 568 τρειο
523 516 837 583 tradiderit,
873 520 1085 588 primus
1114 522 1362 576 omnium
1394 522 1566 581 David
1605 544 1724 581 eam
1776 546 1927 600 aper

349 603 459 657 tius
488 620 589 659 nos
613 607 814 662 docere
846 610 1071 678 incepit.

418 695 600 768 Neque
629 713 927 765 peccatores
962 707 1013 758 in
1042 709 1264 763 consilio
1289 710 1594 777 justorum.
1660 711 1927 768 Peccatoo

344 802 434 842 res
469 791 571 844 hoc
606 794 660 845 in
700 794 818 849 loco
855 798 1090 867 appellat
1120 815 1237 867 eos,
1272 804 1364 872 qui
1394 804 1543 872 impii
1574 804 1793 873 quidem
1821 822 1928 860 non

344 890 496 947 sunt,
522 888 615 939 sed
646 890 923 954 perversis
959 893 1205 949 moribus
1239 904 1452 950 scatent
1486 915 1497 949 :
1557 899 1651 963 qui
1709 898 1925 968 judica-

342 973 550 1030 liuntur
579 977 704 1044 sali,
734 988 786 1035 et
831 984 1207 1052 condemnati,
1244 990 1433 1057 procul
1468 1007 1496 1043 a
1521 990 1683 1060 justis
1714 993 1927 1063 relega-

340 1072 566 1127 buntur.
588 1074 885 1132 Consilium
946 1094 1128 1137 autem
1162 1084 1356 1154 Aquila
1377 1096 1430 1139 et
1450 1081 1793 1143 Tlteodotion
1818 1089 1924 1154 hic,

335 1165 605 1233 justorunt
639 1173 1098 1240 congregationem
1130 1175 1478 1245 interpretati
1514 1189 1645 1233 sunt
1679 1196 1693 1232 :
1733 1196 1925 1234 verum

333 1259 517 1326 jusms
556 1259 842 1333 Scriptura
878 1262 1155 1337 appellare
1206 1270 1345 1324 solet
1392 1286 1629 1326 noneos
1683 1280 1923 1339 tantum,

337 1353 434 1418 qui
456 1353 510 1405 in
545 1358 763 1424 propria
794 1374 856 1411 ac
882 1361 1147 1427 peculiari
1176 1362 1412 1429 iustitiae
1459 1364 1660 1418 virtute
1710 1366 1926 1419 exerci-

337 1442 432 1494 tati
464 1454 613 1506 sunt,
641 1444 734 1498 sed
769 1462 962 1502 omnes
993 1460 1219 1504 sanctos
1251 1454 1612 1520 generaliter,
1665 1462 1923 1525 tanquam

329 1532 669 1601 jnstilicatos
697 1553 725 1589 a
755 1536 886 1593 Deo.

408 1623 571 1683 Vens.
606 1627 657 1684 6.
699 1630 964 1697 Quoniam
997 1637 1138 1691 norit
1169 1634 1427 1692 Dominus
1454 1639 1593 1693 viam
1613 1641 1920 1709 justorum.

336 1713 809 1775 Docctneminem
848 1739 1011 1793 posse
1063 1725 1231 1780 Deum
1286 1727 1477 1784 latere.
1542 1728 1756 1785 Etenim
1811 1733 1925 1788 vias

2034 538 2253 608 πρῶτος
2285 542 2312 592 ὸ
2351 540 2519 594 Δαϐιδ
2543 542 2785 608 ἐδίδαξεν
2815 546 2944 617 περὶ
2966 546 3194 617 ταύτης.

2048 770 2049 773 η
2106 711 2261 765 Οὐδὲ
2282 715 2618 782 ἁμαρτωλοὶ
2644 718 2714 770 ἐν
2753 716 2961 786 ,ϐουλῇ
3018 718 3284 775 δικαίων.
3333 722 3619 791 Ἀμαρτω-

2031 801 2177 867 λοὺς,
2205 805 2265 857 τό
2297 823 2359 873 γε
2389 806 2484 859 νῦν
2529 807 2672 877 ἕχον,
2707 810 2906 873 κοινῶς
2948 809 3106 863 καλεῖ
3134 812 3261 874 τοὺς
3299 814 3373 883 μὴ
3402 813 3619 877 ἀσεϐεῖς

2035 895 2156 966 μὲν,
2194 897 2369 960 ἄλλως
2394 899 2448 950 δὲ
2484 899 2922 970 διεφθαρμένους
2950 903 3046 956 καὶ
3103 904 3364 971 φαύλους,
3420 906 3617 968 οἵτινες

2032 987 2381 1057 κριθήσονται
2423 989 2596 1057 μόνοι,
2622 992 2717 1043 καὶ
2745 992 2934 1064 «tum
2966 993 3076 1046 τῶν
3109 994 3330 1048 δικαίων
3362 997 3618 1065 ἀποπεμ-

2033 1077 2351 1146 φθήσονται.
2391 1078 2640 1146 Βουλὶιν
2664 1079 2773 1149 γάρ
2808 1084 2835 1133 ὁ
2874 1081 3108 1145 ’Λκύλας
3141 1084 3237 1136 καὶ
3259 1086 3291 1136 ὀ
3319 1085 3618 1139 Θεοδοτίων

2031 1167 2147 1234 τὴν
2165 1171 2535 1237 συναγωγὴν
2569 1168 2678 1223 τῶν
2705 1171 2929 1225 δικαίων
2954 1174 3329 1244 ἡρμήνευσαν.
3363 1176 3619 1239 Δικαίους

2030 1253 2083 1309 δὲ
2116 1257 2299 1310 καλεῖν
2339 1257 2459 1322 ἔθος
2491 1262 2555 1328 τῇ
2592 1260 2712 1330 θείᾳ
2732 1261 2943 1332 Γραφῇ,
2970 1265 3029 1315 οὐ
3056 1264 3217 1333 μόνον
3235 1266 3361 1327 τοὺς
3393 1267 3493 1336 τὴν
3523 1267 3619 1320 ιδι-

2030 1348 2132 1417 κὴν
2172 1349 2376 1420 ἀρετὴν
2406 1351 2508 1420 ’τῆς
2538 1352 2890 1423 δικαιοσύνης
2920 1354 3296 1421 ἀσκήσαντας,
3329 1355 3468 1410 ἀλλά
3526 1361 3619 1411 καὶ

2031 1441 2263 1493 καθόλου
2284 1444 2491 1507 πάντας
2519 1445 2645 1508 τοὺς
2677 1446 2887 1515 ἁγίους,
2916 1445 2991 1510 ὼς
3024 1447 3481 1518 δεδικαιωμένους
3513 1450 3619 1504 ὑπὸ

2030 1529 2191 1585 Θεοῦ.

2103 1621 2231 1673 Ὅτι
2257 1621 2540 1690 γινώσκει
2572 1624 2789 1692 Κύριος
2814 1625 2961 1680 ὁδὸν
2988 1627 3263 1685 δικαίων.
3308 1628 3615 1694 Δείκνυσιν,

2030 1711 2105 1774 ὡς
2135 1711 2312 1776 οὐδεὶς
2349 1714 2608 1768 λανθάνει
2637 1717 2770 1769 Θεόν
2793 1735 2806 1748 ·
2858 1721 2952 1770 καὶ
2975 1720 3086 1789 γὰρ
3143 1720 3245 1782 τὰς
3302 1721 3402 1791 μὲν
3461 1721 3616 1784 ὁδοὺς

331 1813 551 1880 quidem
583 1814 860 1884 iustorum
885 1820 1056 1884 novit,
1078 1821 1208 1876 alibi
1229 1822 1394 1878 etiam
1424 1825 1500 1878 ait
1523 1828 1569 1857 "
1598 1843 1612 1879 :
1640 1824 1800 1880 Nouit
1823 1826 1919 1880 Do

2031 1803 2141 1856 τῶν
2180 1800 2407 1858 δικαίων
2444 1801 2620 1859 οἶδεν*
2654 1808 2953 1863 Γινώσκει
3002 1812 3133 1880 γὰρ,
3189 1813 3344 1881 φησὶ,
3397 1815 3616 1881 Κύριος

329 1907 504 1961 minus
528 1909 1165 1970 viasimmaculatorum:
1193 1917 1322 1971 item
1349 1918 1480 1972 alibi
1499 1920 1543 1950 ⁸³
1572 1935 1586 1973 :
1623 1917 1783 1975 Nouit
1808 1920 1919 1973 Dod-

328 2000 506 2054 minus
542 2017 629 2055 eos
655 2005 747 2073 qui
779 2007 864 2059 sui
892 2018 1047 2061 sunt:
1082 2024 1210 2062 nam
1283 2025 1408 2064 cum
1440 2008 1529 2082 [ut
1584 2011 1717 2067 alibi
1763 2013 1924 2084 dixin]

329 2092 671 2162 ipsesitvia,
714 2111 939 2152 necesse
974 2108 1058 2154 est
1115 2109 1174 2153 ut
1202 2115 1399 2155 omnes
1441 2101 1625 2157 videat
1674 2103 1768 2173 qui
1829 2120 1926 2172 per

330 2192 534 2256 ipsum,
566 2187 617 2242 id
650 2198 733 2243 est
760 2203 855 2261 per
889 2193 1141 2246 mandata
1176 2194 1296 2263 ejus
1326 2193 1590 2250 incedunt
1619 2212 1631 2247 :
1670 2207 1925 2265 peccato.

330 2291 418 2330 res
468 2293 597 2331 vero
631 2294 945 2349 quanquam
983 2299 1089 2335 non
1139 2286 1322 2338 minus
1364 2287 1582 2340 noverit
1628 2289 1924 2356 quatn‘iu-

327 2380 667 2435 stos,tauien
696 2374 861 2427 veluti
906 2375 1223 2445 cognitione
1278 2392 1380 2433 sua
1435 2378 1699 2449 indignos
1762 2382 1921 2450 igno-

328 2477 452 2517 rare
475 2463 720 2519 simulat.
764 2464 876 2521 liae
931 2469 1145 2524 ratione
1201 2483 1326 2523 cum
1380 2480 1666 2539 peccasset
1721 2472 1917 2542 Adam,

326 2554 691 2626 interrogavit
718 2557 806 2613 ubi
833 2570 980 2614 esset
1012 2560 1099 2615 “z
1139 2561 1284 2631 quod
1313 2562 1627 2618 observavit
1655 2565 1820 2618 etiam
1864 2566 1918 2620 in

325 2647 482 2709 Cain,
519 2658 573 2701 et
610 2647 662 2703 in
690 2647 879 2705 multis
904 2647 1051 2705 aliis.

401 2736 467 2792 Et
500 2740 602 2794 iter
626 2741 911 2810 impiorum
940 2744 1160 2813 peribit.
1195 2742 1447 2803 Virtutes
1471 2748 1751 2818 jnstorum
1796 2765 1920 2818 per-

326 2840 578 2898 manent,
604 2834 770 2888 veluti
795 2850 986 2890 eorum
1024 2837 1233 2893 divitiae
1269 2841 1520 2909 quasdam
1555 2855 1620 2895 ac
1651 2856 1911 2897 coronae:

324 2932 585 2994 perversa
620 2933 803 2980 autent
839 2922 1134 2996 impiorum
1170 2930 1383 2985 scelera
1437 2940 1605 3002 atque
1663 2934 1915 2993 actiones

324 3017 659 3072 delabuntur
691 3028 859 3089 atque
892 3020 1086 3076 inanes
1111 3021 1433 3091 reddentur,
1467 3025 1716 3082 actiones
1741 3027 1911 3092 enim,

2030 1896 2134 1962 τὰς
2178 1896 2358 1964 ὀδοὺς
2412 1898 2845 1970 τώνὰμώμωνυ
2889 1905 2982 1955 καὶ
3029 1903 3227 1957 πάλιν·
3258 1905 3456 1974 Ἔγνω
3501 1906 3615 1959 Κύ-

2021 2007 2157 2058 ριος
2190 1990 2335 2057 τοὺς
2387 1991 2571 2058 ὄντας
2626 1994 2855 2049 αὐτοῦ’
2905 1996 3028 2047 ἐπεὶ
3081 2000 3175 2049 καὶ
3223 1997 3386 2061 αὐτὸς
3437 1993 3613 2066 εἶπεν,

2040 2077 2188 2149 Ἐγώ
2232 2083 2350 2150 εἰμι
2385 2082 2423 2147 ἢ
2481 2081 2622 2148 ὁδός
2649 2100 2662 2113 ·
2698 2086 2791 2137 καὶ
2829 2079 2939 2139 οἶδε
2971 2087 3102 2150 τοὺς
3130 2087 3219 2140 διὰ
3262 2087 3431 2143 αὐτοῦ
3465 2088 3615 2159 βαδὶ-

2027 2169 2244 2238 ξοντας,
2283 2173 2403 2243 ἦτοι
2430 2174 2539 2228 τῶν
2575 2175 2739 2229 αὐτοῦ
2808 2178 3253 2249 προσταγμάτων
3278 2195 3293 2209 ·
3345 2181 3414 2234 τὰ
3467 2179 3614 2234 κακὰ

2023 2265 2082 2319 δὲ
2110 2266 2248 2336 (19),
2281 2266 2357 2333 ὡς
2389 2270 2586 2337 ἀνάξια
2645 2273 2744 2341 τῆς
2799 2273 3014 2326 ἐκείνου
3064 2273 3340 2342 γνώσεως,
3396 2277 3612 2343 ἀγνοεῖν

2025 2363 2429 2431 προσποιεῖται.
2485 2356 2562 2417 Οὗ
2616 2365 2779 2435 χάριν
2843 2367 2938 2420 καὶ
2993 2368 3384 2437 ἡμαρτηκότος
3433 2370 3608 2438 Ἀδὰμ

2025 2454 2380 2516 πυνθάνεται,
2407 2456 2511 2508 ποῦ
2541 2457 2683 2511 ἐστι.
2758 2457 2931 2509 Τοῦτο
2953 2457 3010 2511 δὲ
3040 2458 3134 2510 καὶ
3182 2459 3277 2511 ἐπὶ
3307 2458 3469 2525 Κάῖν,
3518 2461 3612 2514 καὶ

2020 2545 2115 2600 ἐπὶ
2146 2545 2323 2600 ἄλλων
2364 2549 2639 2617 πεποίηκε
2683 2548 2915 2602 πολλῶν.

2094 2734 2200 2788 Καί
2231 2733 2374 2801 ὁδὸς
2407 2734 2645 2801 ἀσεϐῶν
2678 2734 3015 2790 ἀπολεῖται.
3075 2736 3197 2789 Τῶν
3230 2735 3331 2806 μὲν
3375 2731 3484 2805 γᾶρ
3531 2736 3608 2790 δι⁸

2020 2831 2197 2883 καίων
2229 2832 2287 2883 αἱ
2317 2831 2512 2901 ἀρεταὶ
2546 2830 2827 2900 μένουσιν,
2858 2831 2934 2894 ὡς
2988 2830 3221 2893 πλοῦτος
3273 2832 3454 2884 αὐτῶν
3513 2835 3610 2885 καὶ

2019 2921 2314 2989 στέφανοςο
2359 2922 2471 2974 τῶν
2514 2921 2571 2974 δὲ
2609 2920 2830 2990 φαύλων
2864 2920 3124 2991 ἡπρᾶξις
3150 2922 3299 2991 καὶὴ
3348 2922 3608 2993 πονηρία,

2017 3012 2165 3083 ἅπερ
2195 3013 2315 3066 ὁδὸν
2339 3012 2598 3082 ὠνόμασε
2632 3012 2751 3080 νῦν,
2781 3012 3144 3082 ἀφανίζονται
3180 3013 3278 3066 καὶ
3308 3014 3609 3083 ἀνενέργη-

326 3108 547 3164 itineris
590 3109 835 3173 nomine,
866 3112 1067 3166 iterum
1096 3114 1398 3182 expressit.
1436 3114 1577 3171 Huic
1610 3126 1797 3171 autem
1824 3116 1905 3172 di-

2024 3123 2096 3158 τοι
2141 3105 2406 3173 γίνονται.
2456 3106 2645 3173 Τούτῳ
2675 3107 2734 3160 δὲ
2765 3107 2862 3160 καὶ
2910 3105 2971 3159 τὸ
3021 3106 3379 3160 ἀποστολικδν
3432 3105 3611 3161 ἔοικεν

323 3199 565 3253 etnillnd
603 3199 848 3270 Apostoli
899 3205 1193 3261 consimile
1239 3214 1324 3263 est
1343 3205 1430 3262 ⁸⁵ε
1467 3206 1529 3263 Si
1571 3208 1726 3279 cujus
1776 3228 1909 3280 opus

325 3294 544 3361 urserit,
573 3296 955 3352 detrimentum
985 3299 1247 3364 patietur.

891 3409 1220 3466 PSALMUS
1279 3411 1343 3468 ΙΙ.

396 3518 689 3576 Secundus
725 3521 892 3576 etiam
925 3521 1174 3591 psalmus
1232 3522 1375 3592 apud
1420 3523 1682 3580 Hebraeos
1715 3525 1914 3581 inseri-

322 3614 511 3685 ptione
543 3628 772 3684 prorsus
801 3621 958 3668 caret
995 3622 1052 3667 et
1082 3615 1244 3670 titulo
1271 3629 1286 3667 :
1316 3617 1410 3685 qui
1447 3618 1697 3684 praedicit
1729 3631 1912 3673 autem

324 3722 519 3761 eorum
578 3706 810 3763 insidias
842 3705 953 3775 qui.
988 3702 1281 3761 Dominum
1338 3708 1668 3764 occiderunt
1702 3726 1717 3763 :
1751 3725 1914 3765 vora-

327 3798 535 3852 tiouem
596 3796 761 3857 etiam
842 3796 1090 3869 gentium
1146 3806 1201 3851 et
1264 3795 1580 3855 Judaaorum
1649 3801 1915 3872 perditio-

322 3904 472 3943 ηοιιι.

393 3980 554 4035 Vens.
569 3980 591 4034 1
606 4024 620 4047 ,
635 3981 690 4037 2.
705 3980 906 4053 ﬂuore
923 3982 1320 4038 insurrexerunt
1337 3992 1538 4055 gentes,
1553 3984 1794 4055 etpopuli
1811 4002 1911 4040 me-

325 4073 488 4126 ditati
517 4083 639 4126 sunt
665 4073 851 4127 inania
874 4090 891 4136 ;
911 4076 1191 4129 astiterunt
1212 4092 1355 4147 reges
1375 4086 1551 4144 ιρι-ηε,
1576 4086 1626 4131 et
1651 4079 1913 4147 principes

325 4177 675 4220 convenerunt
705 4167 761 4220 in
793 4183 954 4221 unum
978 4168 1004 4221 γ
1034 4166 1381 4237 Proplteticis
1430 4169 1613 4223 oculis
1667 4167 1911 4224 furorem

325 4274 389 4313 ac
427 4259 629 4313 tabiem
684 4275 877 4315 eorum
936 4260 1281 4329 perspiciens
1334 4261 1530 4315 beatus
1562 4259 1944 4324 David,ctun‘

325 4350 723 4408 lamentatione.
749 4350 990 4420 quadam
1035 4365 1101 4405 ac
1131 4350 1263 4405 ﬂetu
1297 4365 1611 4407 sermonem
1638 4351 1861 4407 inchoat
1895 4369 1909 4404 :

327 4445 443 4497 lien
479 4458 585 4505 me,
626 4442 826 4512 inquit;
853 4457 954 4495 cur
994 4449 1151 4496 tanto
1180 4452 1306 4495 cum
1364 4441 1550 4497 furore
1598 4445 1912 4498 tumultuatl

325 4535 495 4589 sunt?
531 4550 632 4589 cur
677 4544 875 4589 cuneta
935 4524 1355 4602 perturbarunt,
1400 4546 1464 4587 ac
1514 4542 1626 4588 tam
1680 4537 1908 4604 grandia

327 4635 649 4695 arrogantes
704 4634 1180 4695 praesumpserant
1213 4623 1504 4678 facinora?
1547 4624 1625 4679 Ita
1655 4626 1801 4680 enim
1831 4627 1908 4681 sic

326 4718 601 4789 gniﬁcare
642 4718 801 4776 aiunt
858 4716 1110 4779 verbum,
1145 4715 1576 4782 insurrexerunt,
1617 4717 1676 4784 ii,
1721 4716 1815 4788 qni
1842 4733 1909 4774 ex

330 4812 595 4866 llebraica
646 4810 700 4863 in
728 4808 974 4865 Griecam
1028 4807 1269 4877 linguam
1330 4817 1721 4865 eonverterunt
1761 4826 1776 4862 :
1819 4826 1914 4881 per

329 4912 522 4973 gentes
558 4917 708 4964 vero,
763 4896 1048 4955 Romanos
1074 4899 1287 4954 milites
1338 4900 1604 4971 intellige,
1641 4901 1734 4971 qui
1787 4915 1910 4955 cum

327 4995 505 5048 Pilato
556 5000 713 5047 erant
744 5008 758 5046 :
791 5001 845 5047 et
896 5006 995 5062 per
1041 4990 1272 5061 populos
1321 4989 1581 5058 Judazos,
1642 4994 1736 5061 qui
1791 5008 1913 5046 cum

325 5087 483 5139 Anna
510 5097 564 5140 et
593 5085 799 5153 Caiplia
839 5100 852 5136 :
888 5100 981 5153 per
1011 5098 1167 5154 reges
1214 5090 1269 5136 et
1307 5085 1607 5151 principes,
1645 5083 1913 5137 Herodem

327 5190 382 5234 et
419 5179 671 5240 Pilatum,
714 5185 775 5229 ut
808 5177 980 5230 Actus
1014 5177 1389 5244 apostolorum
1417 5178 1701 5230 dcclarant
1735 5194 1748 5229 :
1779 5191 1914 5243 quo—
1950 5194 1957 5199 ’

326 5286 448 5325 rum
477 5272 615 5325 alter
643 5285 739 5325 rex
773 5278 912 5335 erat,
947 5278 1001 5323 et
1036 5270 1176 5323 alter
1202 5270 1476 5339 princeps.
1513 5268 1670 5334 Quod
1709 5270 1752 5323 si
1789 5271 1912 5338 plu-
1956 5270 1961 5275 ’

325 5365 427 5418 rali
479 5379 710 5419 numero
763 5364 1039 5419 dictiones
1078 5378 1106 5415 a
1146 5361 1416 5432 Propheta
1472 5364 1699 5431 prolatze
1756 5371 1910 5424 sunt,

323 5455 480 5527 juxta
518 5455 796 5512 Πριηοοὶοω
853 5457 1053 5527 lingua:
1111 5456 1566 5511 consuetudinem
1604 5454 1654 5508 id
1704 5453 1911 5509 factum

403 5594 450 5626 “
488 5593 639 5649 Psal.
670 5608 859 5662 xxxw,
894 5592 982 5647 18.
1060 5591 1105 5624 ⁵⁸
1136 5589 1156 5643 1
1194 5591 1336 5646 Tim.
1373 5606 1433 5655 ll,
1466 5591 1551 5646 l9.
1628 5589 1678 5622 “
1704 5589 1840 5645 Gen.
1867 5603 1953 5653 tu,
1989 5590 2060 5655 9;
2100 5609 2170 5656 tv,
2195 5591 2250 5648 9.

2022 3197 2216 3266 ῥητόν·
2246 3196 2320 3250 Εἴ
2339 3212 2503 3265 τινος
2527 3197 2593 3252 τὸ
2623 3198 2805 3267 ἔργον
2832 3197 3297 3268 κατακαήσεται,
3328 3196 3609 3269 ζημιωθή-

2019 3301 2211 3345 σεται.
3408 3326 3411 3327 '

2600 3402 2899 3457 ΨΑΛΜΟΣ
2939 3402 3018 3458 Β’.

2103 3521 2162 3573 Ὀ
2196 3519 2449 3591 δεύτερος
2479 3520 2695 3592 eam;
2730 3523 3108 3594 ἀνεπίγραφος
3154 3523 3249 3577 καὶ
3281 3514 3437 3587 οὗτος
3473 3524 3606 3595 παρ’

2030 3609 2305 3682 Ἑϐραίοις
2327 3627 2340 3642 '
2377 3613 2746 3685 προαγορεύει
2795 3613 2852 3668 δὲ
2887 3615 2987 3686 τὴν
3023 3616 3166 3668 κατά
3214 3614 3308 3668 τοῦ
3352 3615 3608 3685 Σωτῆρος

2017 3702 2125 3756 τῶν
2153 3703 2453 3758 ἀνελόντων
2512 3705 2843 3778 ἐπιϐουλήν*
2881 3705 3002 3760 εἶτα
3056 3706 3154 3761 καὶ
3192 3703 3385 3779 κλῆσιν
3410 3706 3601 3774 ἐθνῶν,

2016 3799 2110 3850 καὶ
2151 3796 2420 3852 Ἰουδαίων
2442 3798 2742 3853 ἀπώλειαν.

2091 3974 2219 4029 Ἵνα
2250 3976 2307 4029 τί
2335 3972 2650 4045 ἐφρύαξαν
2689 3972 2858 4046 ἔθνη,
2910 3995 3008 4033 καυ
3050 3980 3188 4035 λαοί
3228 3982 3606 4053 ἐμελέτησαν

2018 4066 2188 4130 κενὰ,
2252 4067 2650 4137 παρέστησαν
2686 4073 2741 4124 οἱ
2785 4072 3072 4139 βασιλεῖς
3101 4073 3213 4143 τῆς
3262 4073 3398 4145 γῆς,
3423 4076 3521 4129 καί
3549 4077 3604 4131 oi

2018 4160 2311 4229 ἄρχοντες
2342 4163 2753 4233 συνήχθησαν
2779 4166 2877 4220 ἐπὶ
2911 4166 2979 4221 τὸ
3008 4169 3159 4223 αὑτό
3175 4183 3195 4232 ;
3235 4168 3361 4232 Τοῖς
3389 4185 3604 4239 προφη-

2016 4256 2192 4317 τικοίς
2217 4252 2519 4325 ὀφθαλμοῖς
2559 4256 2704 4325 δρῶν
2759 4257 2941 4311 αὐτῶν
2990 4259 3090 4329 τὴν
3137 4258 3334 4314 λύτταν
3361 4262 3388 4313 ὁ
3415 4261 3602 4326 Δαϐιδ,

2020 4344 2452 4413 σχετλιαστικῶς
2492 4348 2586 4400 καὶ
2621 4346 2967 4417 θρηνητικῶς
2993 4347 3228 4420 προάγει
3280 4350 3372 4404 τὸν
3401 4350 3560 4419 λόγον
3585 4368 3604 4386 ο

2018 4435 2122 4501 ὅτι,
2152 4435 2293 4511 Φεῦί
2335 4438 2478 4491 διατί
2504 4438 2761 4492 τοσοῦτον
2815 4440 3077 4509 μανέντες
3116 4440 3478 4513 ἐθορύϐησαν,
3509 4444 3605 4498 καὶ

2017 4528 2198 4583 πάντα
2241 4530 2524 4601 ἐκίνησαν,
2581 4531 2675 4584 καὶ
2731 4532 3205 4601 ἠλαζονεύσαντο;
3252 4536 3437 4591 Ταυτα
3491 4539 3603 4608 γὰρ

2017 4621 2309 4691 σημαίνειν
2344 4622 2425 4687 τὸ,
2455 4623 2788 4692 ἐφρύαξαν,
2823 4625 2874 4677 oi
2906 4622 2968 4677 τδ
3019 4625 3308 4699 Ἐϐραῖκδν
3332 4627 3603 4699 ἐξελληνί·

2019 4730 2211 4778 σαντες
2260 4714 2532 4782 λέγουσιν.
2589 4716 2759 4786 Ἕθνη
2808 4717 2910 4788 μὲν
2959 4714 3077 4783 οὖν,
3106 4722 3155 4774 οἱ
3191 4720 3334 4791 ἀμφὶ
3368 4722 3459 4775 τὸν
3500 4723 3603 4776 Πι-

2018 4805 2181 4862 λᾶτον
2231 4807 2497 4878 Ῥωμαῖοι
2538 4809 2899 4881 στρατιῶται·
2969 4810 3090 4865 λαοὶ
3132 4812 3214 4878 δὲ,
3254 4815 3304 4868 οἱ
3334 4814 3476 4884 ἀμφὶ
3508 4815 3602 4868 τὸν

2020 4900 2225 4953 Ἀνναν
2271 4899 2369 4953 καὶ
2410 4901 2667 4977 Καῖάφαν
2709 4902 2987 4957 Ἰουδαῖον
3021 4904 3265 4975 βασιλεῖς
3297 4906 3375 4973 δὲ,
3423 4907 3603 4976 Ἠρώ-

2019 4991 2117 5061 δης
2154 5008 2168 5023 ο
2196 4992 2456 5063 ἄρχοντες
2480 4994 2559 5057 δὲ,
2595 4995 2824 5058 Πιλάτος
2847 5037 2860 5052 .
2898 4996 3055 5051 Οὕτω
3082 5000 3191 5070 γένρ
3213 5002 3306 5053 καί
3339 5001 3398 5053 ἐν
3423 5002 3487 5071 τῇ
3521 5001 3606 5071 βξ-

2021 5078 2134 5148 ϐλῳ
2172 5082 2279 5132 τῶν
2320 5080 2582 5151 Πράξεων
2630 5082 2935 5154 ἱστόρηται.
2978 5085 3052 5138 Τὸ
3096 5086 3382 5156 βασιλεῖς
3417 5090 3473 5143 δὲ
3506 5091 3603 5145 καὶ

2019 5173 2070 5225 οἱ
2132 5172 2428 5240 ἄρχοντες
2465 5173 2848 5244 πληθυντικῶς
2877 5177 3116 5249 εἴρηται,
3171 5182 3313 5234 κατὰ
3356 5181 3453 5251 τὴν
3499 5182 3601 5252 τῆς

2031 5268 2314 5339 Ἐϐραῖδος
2359 5270 2644 5325 διαλέκτου
2706 5273 3022 5344 συνήθειαν,
3061 5276 3448 5346 πληθυντικοῖς
3480 5280 3599 5333 ἀντὶ

2023 5361 2220 5414 ἑνικῶν
2253 5363 2545 5433 χρωμένης
2565 5379 2579 5393 ’
2609 5364 2641 5433 ἢ
2672 5366 2765 5418 καὶ
2788 5363 3096 5437 βαθυτέραν
3118 5368 3376 5441 ἐπιϐολήν
3407 5386 3421 5401 ·
3460 5372 3603 5440 μετὰ

2027 5456 2126 5526 μὲν
2155 5454 2264 5526 γὰρ
2311 5454 2403 5509 τοῦ
2442 5453 2710 5524 βασιλέως
2753 5458 2997 5529 Ἡρώδου
3031 5460 3301 5527 ὡπλίζετο
3328 5464 3423 5516 καὶ
3453 5465 3482 5517 ὁ
3510 5463 3605 5535 βα-

2329 5591 2375 5625 ⁴⁸
2410 5593 2425 5647 l
2459 5594 2581 5650 Cor.
2612 5609 2692 5661 ut,
2736 5596 2823 5650 15.

1697 5684 1898 5746 Varia:
1943 5684 2280 5747 lectiones.

403 5787 519 5846 (ιθ)
557 5786 679 5848 Vel.
712 5795 771 5842 ut
805 5785 992 5842 Grteca
1026 5793 1228 5841 sonant
1267 5801 1282 5841 :
1314 5784 1462 5840 Mala
1502 5800 1642 5853 vero,
1677 5793 1933 5855 tanquam
1975 5787 2271 5856 cognitione
2302 5802 2399 5843 sua
2432 5802 2651 5855 prorsus
2698 5784 2941 5858 indigna,
2986 5789 3233 5860 ignorare
3268 5808 3323 5848 se
3360 5792 3603 5853 simulat.
