4146 6436
299 417 367 479 93
1503 422 1890 483 EUTUYMH
1936 423 2306 483 ZIGABENI
3489 421 3557 484 84

365 531 530 587 Vens.
570 533 620 586 5.
656 533 802 588 Tunc
854 535 1096 603 loquetur
1123 538 1191 590 ad
1221 553 1308 591 eos
1351 538 1402 590 in
1437 538 1521 590 ira
1556 555 1672 590 sua.
1709 537 1864 591 Tunc
1902 543 1936 597 Α

278 621 538 694 'iutellige
573 625 820 681 locutum
859 627 924 681 ad
960 643 1054 684 eos
1109 629 1398 684 Dominum
1431 628 1623 692 fuisse,
1654 629 1872 698 quando

287 712 510 770 Judaeos
566 716 746 786 palam
806 719 1116 790 redarguit,
1170 728 1225 775 et
1290 728 1623 790 perventura
1669 719 1722 772 in
1777 735 1872 774 eos

292 807 432 860 mala
487 810 780 877 prredixit:
817 812 1041 881 quando
1099 815 1243 866 inter
1290 819 1486 866 caetera
1539 811 1747 866 dixisse
1789 811 1868 866 Ie-

287 897 460 964 gimus
498 898 594 952 ‘3:
644 897 736 952 Va:
787 901 952 966 vobis,
1011 899 1211 958 Scribce
1267 911 1318 957 et
1371 901 1639 956 Phariswi
1675 901 1868 973 chypo-

289 987 462 1050 crine,
504 989 550 1022 ⁸⁸
572 991 700 1059 quia
733 993 1010 1061 auferetur
1041 1011 1072 1047 a
1097 995 1241 1048 vobis
1271 1010 1491 1066 regnum
1529 993 1642 1057 Dei,
1672 1002 1803 1054 εις..

361 1078 427 1131 Ει
489 1083 547 1134 in
603 1083 784 1152 furore
823 1102 921 1139 suo
964 1085 1302 1140 conturbabit
1345 1103 1455 1141 eos.
1489 1084 1569 1141 Ob
1596 1098 1868 1140 summam

285 1169 503 1225 illorum
559 1175 884 1244 pravitatem
947 1176 1218 1247 Propheta
1264 1178 1605 1248 indignatus,
1651 1176 1869 1232 futuras

282 1263 365 1318 eis
406 1267 699 1321 annuntiat
747 1269 1112 1334 calamitates,
1169 1271 1749 1340 perturbationemque
1817 1277 1873 1324 et

285 1355 656 1424 suspicionem
712 1361 792 1414 eis
843 1361 1136 1430 plurimam
1171 1363 1426 1432 imponit,
1479 1360 1869 1434 [redarguente

285 1457 466 1502 autem
495 1463 594 1504 eos
614 1449 874 1524 Domino]
907 1469 1066 1522 quem
1096 1455 1413 1524 prophetam
1438 1453 1873 1519 arbitrabantur,

283 1549 379 1602 par
407 1544 492 1589 est
527 1539 731 1595 multos
784 1542 956 1597 fuisse
982 1544 1328 1612 perterritos.
1373 1543 1478 1598 Alii
1511 1557 1642 1598 vero
1677 1541 1872 1597 dicunt

287 1627 372 1681 his
404 1628 585 1684 verbis
629 1630 934 1701 signiﬁcari
989 1634 1361 1699 calamitates,
1409 1649 1532 1703 quae
1562 1649 1627 1688 ex
1683 1633 1870 1688 futura

287 1719 661 1776 Romanorum
693 1725 981 1780 obsidione
1029 1726 1111 1782 eis
1156 1725 1564 1795 impendebant.
1625 1724 1871 1781 Possunt

285 1813 447 1867 ctiam
490 1814 559 1870 de
621 1814 813 1870 futuro
859 1817 1077 1887 judicio
1126 1819 1383 1887 intelligi,
1441 1818 1664 1890 quando
1731 1819 1870 1873 tanti

277 1908 534 1965 criminis
569 1911 671 1977 rei,
717 1927 745 1965 a
778 1912 890 1967 Deo
951 1913 1324 1980 condemnati,
1374 1914 1658 1984 perpetuis
1693 1913 1871 1981 poenis

285 2001 677 2070 snbjicientur.
711 2003 792 2058 Ira
839 2014 1021 2062 autem
1063 2016 1116 2062 et
1155 2007 1306 2062 furor
1338 2009 1544 2078 (quem,
1581 2015 1637 2060 nt
1667 2005 1869 2061 (ἔβρεξε

285 2093 548 2149 dictionis
596 2093 770 2166 Θυμὸς
819 2099 1001 2152 verior
1052 2099 1383 2168 significatio
1417 2098 1678 2168 postulat,
1726 2095 1868 2150 indi-

283 2184 618 2250 gnationem,
659 2201 755 2241 seu
777 2187 957 2258 potius
989 2189 1507 2245 excandescentiam
1558 2189 1688 2258 quis
1715 2187 1864 2243 dixe-

1901 1881 1948 1939 B

2046 538 2182 590 Ὶότε
2205 537 2469 605 λαλήσει
2491 537 2640 605 πρὸς
2665 533 2889 600 αὐτοὺς
2917 533 2988 588 ἐν
3009 534 3156 602 ὀργῇ
3185 535 3395 589 αὐτοῦ.
3430 537 3561 590 Ὅτε

1971 627 2174 696 δηλαδὴ
2211 627 2464 699 φανερῶς
2524 628 2722 698 ἤλεγχε
2792 627 2918 689 τοὺς
2985 627 3300 690 Ἰουδαίους,
3364 628 3458 681 καὶ
3489 630 3559 682 τά

1974 718 2404 790 καταληψόμενα
2445 719 2671 782 τούτους
2726 719 2872 771 κακὰ
2921 719 3336 788 προεφήτευσε,
3387 718 3563 779 λέγων

1973 809 2107 863 ἄλλα
2138 829 2195 863 τε
2239 810 2430 874 πολλὰ,
2460 811 2554 865 καὶ
2582 811 2663 864 ὅτι
2695 811 2839 865 Οὐαὶ
2868 812 3032 880 ὑμῖν,
3058 811 3434 880 Γραμματεῖς
3456 812 3555 864 καὶ

1972 902 2285 969 Φαρισαῖοι
2313 902 2651 970 ὑποκριταὶ,
2694 903 2784 956 ὅτι
2814 903 3142 972 ἀρθήσεται
3179 903 3282 972 ἀφ’
3322 902 3489 972 ὑμῶν
3519 903 3558 971 1)

1969 994 2262 1056 ,βασιλειά
2284 995 2388 1050 τοῦ
2417 995 2587 1060 Θεοῦ,
2624 996 2718 1048 καί
2738 996 2807 1047 τὶι
2835 995 2985 1066 ἑξῆς.

2045 1087 2152 1142 Kal
2184 1089 2254 1142 ἐν
2283 1089 2362 1154 τῷ
2383 1089 2550 1158 θυμῷ
2576 1091 2764 1144 αὑτοῦ
2795 1089 3038 1157 ταράξει
3081 1089 3327 1153 αὐτούς.
3352 1086 3564 1155 Θυμού-

1974 1194 2134 1248 μενος
2155 1179 2265 1251 γᾶρ
2292 1180 2384 1232 ἐπὶ
2417 1183 2538 1245 ταῖς
2585 1181 2879 1252 πονηρίαις
2928 1180 3130 1244 αὐτῶν,
3162 1180 3256 1232 καὶ
3283 1177 3370 1231 διὰ
3399 1177 3563 1230 τοῦτο

1973 1271 2150 1337 λέγων
2184 1271 2476 1342 συμφορὰς
2531 1270 2858 1342 μελλούσας,
2895 1271 3137 1341 τάραχον
3183 1269 3276 1322 καὶ
3323 1266 3561 1336 ὑποψίαν

1972 1361 2185 1423 τούτοις
2225 1360 2498 1414 ἐνετίθει·
2543 1361 2729 1415 πολλοὶ
2785 1362 2895 1432 γὰρ
2959 1359 3346 1430 ὑπελάμϐανον
3401 1357 3565 1410 αὑτὸν

1975 1453 2282 1522 προφήτην.
2334 1453 2398 1504 Oi
2446 1451 2503 1505 δέ
2537 1468 2670 1515 φασι
2722 1451 2964 1522 τάραχον
3025 1450 3118 1503 τὸν
3175 1450 3564 1516 ἐπιγενόμενον

1982 1542 2212 1614 ὕστερον
2239 1543 2471 1616 θόρυϐον
2522 1545 2588 1598 ὲκ
2629 1545 2731 1614 τῆς
2793 1543 2946 1614 παρὰ
2976 1542 3086 1595 τῶν
3127 1541 3417 1610 Ῥωμαίων
3463 1557 3564 1592 πο-

1975 1636 2249 1706 λιορκίας.
2283 1637 2508 1690 Νοοῖντο
2539 1637 2582 1689 δ’
2618 1635 2684 1689 ἂν
2704 1635 2879 1691 ταῦτα
2911 1638 2980 1689 τὰ
3006 1635 3145 1705 ῥητὰ
3169 1632 3266 1686 καὶ
3305 1632 3434 1703 περὶ
3465 1631 3565 1702 τῆς

1983 1731 2288 1801 μελλούσης
2309 1730 2564 1802 κρίσεως,
2606 1732 2696 1784 ὅτε
2740 1729 3123 1793 καταδικάζων
3160 1727 3387 1790 αὐτοὺς,
3429 1726 3565 1778 ὑπο-

1975 1821 2132 1875 ϐαλεῖ
2181 1823 2498 1892 τιμωρίαις.
2563 1821 2730 1892 Ὀργὴ
2779 1821 2836 1875 δὲ
2886 1821 2983 1874 καὶ
3038 1818 3211 1888 θυμὸς
3259 1818 3391 1872 ποτὲ
3465 1818 3564 1885 μὲν

1963 1914 2141 1968 ταύτὸ
2166 1915 2515 1986 σημαίνουσι,
2539 1916 2669 1967 ποτὲ
2699 1915 2757 1966 δὲ
2779 1914 3135 1983 διαφέρουσιν
3153 1927 3166 1943 ·
3194 1911 3266 1974 ὡς
3287 1904 3428 1962 εἶναι
3447 1908 3563 1977 (ἓο)

1978 2007 2154 2076 ουμὸν
2197 2009 2335 2077 μετά
2364 2006 2462 2078 τὴν
2493 2006 2708 2077 κίνησιν
2752 2006 2851 2074 τῆς
2886 2005 3078 2074 ὀργῆς,
3101 2004 3254 2074 παρὰ
3277 2003 3370 2056 τοῦ
3397 2001 3568 2055 θύειν

1974 2099 2071 2152 καὶ
2098 2097 2322 2168 όρμᾷν·
2352 2099 2524 2170 ὀργὴν
2562 2098 2642 2163 δὲ,
2674 2097 2828 2169 παρὰ
2859 2098 2954 2150 τοῦ
2979 2095 3165 2177 όργᾷν
3192 2095 3286 2148 καὶ
3317 2090 3567 2164 σφύζειν

1973 2191 2072 2261 τὴν
2105 2191 2342 2262 σφοδρὰν
2373 2193 2466 2245 καὶ
2489 2189 2672 2256 ὀξεῖαν
2705 2189 2857 2254 ζέσιν
2889 2191 2972 2253 εἰς
3009 2189 3246 2258 ἄμυναν.

281 2279 375 2348 rit)
416 2281 710 2348 aliquando
749 2296 850 2353 pro
894 2283 1084 2337 eodem
1119 2291 1432 2352 ponuntur,
1492 2281 1790 2351 aliquando
1863 2291 1922 2336 ut
1983 2283 2225 2349 diversa,
2270 2286 2343 2338 ita
2371 2291 2429 2337 ut
2458 2282 2918 2339 excandescentia
2952 2289 3137 2335 motus
3175 2279 3249 2334 sit
3289 2278 3356 2332 ad
3399 2278 3563 2356 iram,

281 2379 335 2423 et
385 2370 542 2439 juxta
612 2372 1047 2443 etymologiam,
1100 2372 1492 2428 excitationem
1548 2383 1602 2427 et
1663 2380 1872 2427 motum
1915 2373 2347 2442 signiticet:ira
2373 2389 2525 2441 vero,
2556 2373 2712 2443 juxta
2775 2371 3023 2428 eamdem
3078 2369 3256 2426 Graeci
3324 2370 3568 2426 nominis

284 2468 669 2539 etymologiam
723 2469 1194 2525 vehementiorem
1243 2478 1298 2525 et
1345 2469 1765 2525 concitatiorem
1798 2468 1863 2523 ad
1904 2468 2206 2524 vindictam
2241 2470 2468 2525 denotet
2498 2469 2793 2525 fervorem.

361 2560 528 2615 Vsus.
568 2561 622 2617 6.
660 2559 774 2632 Ego
815 2572 992 2616 autem
1039 2565 1362 2618 constitutus
1414 2581 1533 2618 sum
1580 2580 1672 2618 rex
1696 2564 1758 2617 ab
1791 2579 1870 2616 eo.

285 2654 608 2708 Sermonem
641 2669 787 2709 nunc
827 2653 960 2710 facit
989 2670 1054 2711 ex
1082 2654 1285 2710 Christi
1312 2671 1550 2725 persona
1587 2670 1599 2706 :
1633 2656 1876 2727 prephc-

286 2757 466 2800 tarum
511 2745 658 2801 enim
695 2762 813 2803 mos
843 2755 924 2803 est
958 2756 1014 2803 et
1055 2749 1337 2814 materias,
1371 2758 1426 2802 et
1464 2763 1729 2818 personas
1777 2761 1873 2800 va-

284 2839 703 2908 riare:utpote
749 2839 841 2908 qui
894 2840 1064 2896 veluti
1116 2855 1323 2912 organa
1384 2841 1641 2912 quatdam
1704 2850 1868 2910 atque

289 2934 657 2988 instrumenta
712 2933 780 2988 ab
815 2934 1028 2990 artifice
1085 2950 1187 2990 suo
1236 2935 1540 2999 moderata,
1574 2950 1637 2989 ca
1679 2934 1868 3004 loque-

287 3024 511 3090 bantur,
538 3040 660 3094 quae
692 3036 917 3081 sanctus
956 3027 1065 3082 illis
1096 3025 1337 3096 Spiritus
1389 3026 1862 3082 subministrabat.

289 3118 596 3173 Annuntiat
640 3128 824 3174 autem
865 3120 1120 3176 Christus
1169 3136 1420 3190 regnum,
1452 3120 1598 3191 quod
1626 3121 1751 3185 sibi,
1808 3129 1868 3174 ut

288 3211 516 3273 homini,
546 3227 577 3266 a
618 3210 780 3268 Patre
808 3212 1070 3267 traditum
1105 3222 1208 3268 est.
1261 3210 1403 3266 Data
1448 3224 1525 3266 est
1563 3213 1734 3277 enim,
1781 3213 1870 3267 in—

283 3299 423 3369 quit,
454 3300 580 3352 mihi
609 3302 779 3355 omnis
810 3311 1046 3370 potestas
1071 3301 1124 3354 in
1147 3302 1276 3356 caelo
1309 3309 1358 3355 et
1390 3301 1446 3355 in
1477 3310 1623 3354 terra
1643 3301 1712 3356 ⁵ο.

361 3393 532 3461 Super
554 3391 680 3448 Sion
715 3403 941 3448 montem
972 3402 1215 3448 sanctum
1239 3393 1375 3462 ejus,
1407 3388 1704 3462 prte'dicans
1729 3410 1869 3465 pra:-

287 3496 494 3553 ceptum
532 3487 668 3555 ejus.
701 3486 745 3538 A
786 3495 969 3542 monte
1021 3487 1112 3555 qui
1148 3486 1354 3541 dicitur
1384 3485 1519 3540 Sion
1571 3495 1741 3540 totam
1776 3485 1873 3542 Ju-

290 3579 465 3631 dmum
516 3577 868 3646 significavit,
908 3585 963 3633 et
1022 3593 1220 3634 sensus
1279 3578 1402 3633 talis
1446 3585 1532 3633 est
1573 3580 1725 3650 :Ego
1772 3594 1869 3634 rex

289 3671 624 3725 constitutus
681 3685 803 3724 sum
856 3678 914 3725 ιιι
949 3671 1180 3726 doceam
1233 3672 1544 3741 evangelica
1587 3672 1867 3738 mandata,

271 3747 624 3831 'prteceptnm
680 3759 890 3815 Domini
952 3762 1230 3833 appellans
1291 3763 1405 3818 hate
1459 3762 1715 3817 mandata
1757 3780 1771 3817 ι
1812 3772 1871 3817 ιιι

292 3870 452 3906 unam
483 3864 650 3923 atque
680 3854 926 3909 eamdem
963 3870 1086 3910 esse
1120 3855 1223 3911 sibi
1259 3869 1384 3910 cum
1425 3853 1588 3910 Patre
1618 3855 1872 3910 volunta-

289 3955 398 3999 tem
457 3947 816 4002 ostenderet:
861 3948 904 4001 Α
952 3965 1034 4002 me
1083 3949 1193 4016 ipso
1224 3951 1384 4015 enim,
1423 3949 1688 4019 inquit",
1735 3949 1870 4002 nihil

290 4042 499 4092 locutus
530 4055 668 4105 sum,
703 4039 795 4094 sed
823 4056 1147 4110 quacunque
1181 4043 1341 4096 audio
1373 4059 1405 4096 a
1447 4042 1612 4097 Patre
1658 4058 1791 4098 meo.

357 4302 523 4357 Vens.
557 4302 607 4357 7.
639 4301 899 4359 Dominus
923 4304 1058 4358 dixit
1095 4307 1164 4359 ad
1196 4322 1312 4361 me:
1344 4304 1518 4361 Filius
1539 4324 1753 4362 menses
1787 4319 1864 4364 tu.

289 4394 416 4449 llaec
439 4392 607 4448 verba
646 4402 868 4466 prapter
902 4407 1160 4451 aeternam
1193 4411 1256 4450 ac
1279 4395 1521 4451 divinam
1556 4400 1866 4466 generatio-

286 4501 408 4541 nem
439 4483 581 4539 dicta
613 4495 762 4540 sunt.

358 4575 470 4646 Ego
496 4575 649 4629 hodie
681 4577 837 4646 genui
865 4583 932 4629 te.
971 4575 1099 4630 Haec
1127 4585 1349 4647 propter
1370 4577 1554 4634 carnis
1577 4577 1863 4650 dispensa-
1901 4618 1944 4674 Β

285 4671 515 4724 tionem.
561 4667 717 4735 Quod
752 4683 884 4722 vero
941 4668 1038 4734 ait,
1075 4670 1250 4738 hodie,
1309 4671 1551 4742 intellige
1586 4681 1646 4728 ut
1678 4675 1744 4730 ad
1779 4675 1867 4728 di-

287 4765 646 4820 stinctionem
696 4763 1023 4820 aeternitatis
1081 4764 1153 4819 sit
1219 4763 1469 4830 dictum,
1531 4773 1592 4819 ut
1648 4773 1866 4834 tempus

264 4841 557 4927 signaret,
589 4856 695 4910 hoc
723 4863 829 4921 est,
865 4855 921 4910 In
952 4857 1036 4909 his
1081 4839 1442 4927 temporibus.
1479 4855 1646 4910 Genui
1681 4864 1864 4911 autem

292 4949 475 5019 posuit
521 4963 619 5018 pro
654 4950 848 5002 creari.
877 4947 1040 5002 Pater
1066 4963 1305 5020 namque
1335 4958 1718 5004 creaturarum
1748 4963 1866 5002 om-

288 5043 443 5096 nium
473 5040 618 5096 Deus
645 5042 847 5096 dicitur
879 5050 937 5096 ut
963 5056 1149 5096 earum
1180 5042 1446 5098 formator
1472 5048 1526 5097 et
1556 5041 1753 5095 factor.

366 5133 530 5190 Vsus.
552 5135 605 5190 8.
640 5133 866 5189 Posluta
900 5151 931 5189 a
966 5152 1044 5188 me
1072 5145 1121 5189 et
1141 5134 1275 5190 dabo
1301 5136 1392 5188 tibi
1434 5143 1609 5205 gentes
1633 5134 1862 5190 hwredi-

289 5235 449 5278 tatem
487 5236 657 5278 tuam.
705 5224 840 5280 Cum
895 5225 1146 5281 Christus
1196 5226 1340 5295 quod
1378 5226 1444 5280 ad
1480 5241 1702 5280 carnem
1737 5227 1859 5297 ejus

288 5318 591 5387 pertinebat
635 5334 700 5374 ex
754 5318 1068 5374 Judacorum
1111 5329 1260 5374 esset
1315 5321 1666 5389 cognatione,
1711 5328 1765 5376 et
1805 5321 1858 5375 in

289 5413 508 5482 propria
539 5413 664 5467 ideo
707 5413 968 5479 venisset,
1004 5422 1063 5468 ut
1099 5423 1360 5484 cognatos
1405 5414 1650 5480 doceret,
1681 5429 1710 5468 a
1743 5417 1861 5471 suis

2061 2563 2203 2634 Ἐγὼ
2233 2563 2301 2617 δὲ
2326 2564 2712 2634 κατεστάθην
2740 2564 3046 2628 ,βασιλεὺς
3087 2561 3190 2614 ὑπ’
3220 2559 3427 2616 αὐτοῦ.
3456 2559 3563 2613 Τοῦ

1974 2655 2165 2710 λοιποῦ
2226 2657 2509 2729 προσώπῳ
2553 2656 2645 2710 τοῦ
2700 2655 2941 2726 Χριστοῦ
2975 2657 3210 2708 ποιεῖται
3240 2653 3331 2706 τὸν
3365 2652 3558 2718 λόγον·

1971 2749 2216 2802 τοιοῦτον
2266 2750 2377 2817 γὰρ
2402 2751 2436 2819 ἡ
2481 2747 2817 2817 προφητείαο
2853 2747 2983 2800 πετὲ
3023 2747 3125 2817 μὲν
3175 2745 3318 2816 ὑπὲρ
3339 2744 3559 2804 τούτου,

1973 2840 2104 2892 ποτὲ
2125 2840 2182 2893 δὲ
2214 2840 2355 2911 ὑπὲρ
2377 2838 2588 2894 εκείνου
2606 2839 2788 2906 λέγειν
2818 2841 2908 2891 καὶ
2945 2837 3283 2907 μεταπηδᾷν,
3317 2835 3390 2899 ὡς
3421 2829 3560 2888 εἶναι

1972 2933 2132 3002 δῆλον
2182 2934 2286 2997 ὅτι,
2315 2934 2568 3004 καθάπερ
2597 2933 2860 3002 ὄργανον,
2897 2931 3040 3004 ἅπερ
3093 2930 3382 3002 ἐνηχοῦντο
3409 2931 3560 3001 παρὰ

1976 3027 2070 3081 τοῦ
2130 3026 2484 3096 Πνεύματος,
2551 3029 2977 3097 ἐπεφθέγγοντο.
3045 3027 3438 3098 Προαναφωνεῖ
3502 3024 3560 3076 δὲ

1975 3120 2076 3190 τὴν
2109 3118 2408 3190 βασιλείαν,
2447 3119 2515 3189 ἣν
2551 3119 2742 3172 ἔλαϐεν
2767 3119 2918 3190 παρὰ
2967 3118 3061 3172 τοῦ
3109 3119 3340 3188 Πατρδς,
3370 3116 3445 3179 ὡς
3474 3117 3564 3168 ἄνο

1978 3211 2224 3281 ορωπος’
2277 3211 2487 3279 Ἐδόθη
2535 3229 2639 3281 μοι
2672 3212 2801 3282 γὰρ,
2871 3211 3030 3282 φησι,
3085 3208 3258 3267 πᾶσα
3304 3208 3560 3274 ἐξουσία

1894 3283 1938 3341 c
1971 3305 2057 3374 ἐν,
2082 3303 2337 3372 οὐρανῷ,
2385 3303 2484 3358 καὶ
2513 3302 2611 3356 ἐπὶ
2642 3302 2776 3373 γῆς.

2057 3398 2191 3454 Ἐπὶ
2230 3397 2386 3451 Σιὼν
2417 3396 2554 3466 ὄρος
2580 3396 2646 3450 τὸ
2682 3395 2855 3463 ἅγιον
2876 3393 3062 3448 αὐτοῦ
3088 3392 3460 3461 διαγγέλλων
3489 3391 3557 3444 τὸ

1973 3487 2329 3558 πρόσταγμα
2360 3488 2604 3556 Κιιρίου.
2658 3487 2791 3539 Ἀπὸ
2821 3485 2913 3538 τοῦ
2964 3485 3127 3557 ὅρους
3156 3484 3251 3538 τοῦ
3279 3484 3555 3553 καλουμέ-

1972 3599 2064 3636 νου
2097 3580 2236 3635 Σιὼν
2280 3580 2378 3652 τὴν
2423 3580 2554 3651 ὃλην
2596 3578 2854 3634 Ἰουδαῖαν
2881 3579 3172 3650 ἐδήλωσεν.
3221 3578 3280 3632 Ὀ
3329 3577 3385 3630 δὲ
3430 3576 3556 3640 νοῦς

1971 3673 2066 3727 τοῦ
2099 3672 2266 3744 ῥητοῦ
2298 3671 2538 3726 τοιοῦτόν
2577 3672 2748 3736 ἐστιν,
2802 3671 2884 3724 ὅτι
2922 3669 3208 3738 Κατέστην
3261 3668 3513 3740 βασιλεὺς
3536 3708 3552 3732 ,

1971 3766 2239 3821 διδάσκων
2274 3764 2374 3828 τὰς
2426 3759 2791 3831 εὑαγγελικὰς
2843 3761 3084 3824 ἐντολὰς,
3133 3760 3273 3812 κατὰ
3319 3758 3379 3812 τὸ
3426 3758 3555 3828 ὅρος

1972 3857 2137 3923 Σιὼν,
2169 3859 2288 3929 ἤτοι
2341 3857 2399 3911 ἐν
2439 3854 2817 3926 Ἰερουσαλήμ.
2857 3853 3195 3922 Πρόσταγμα
3242 3851 3297 3904 δὲ
3340 3851 3550 3921 Κυρίου

1970 3950 2070 4014 τάς
2113 3949 2333 4012 ἐντολὰς
2383 3946 2588 4007 ταύτας
2642 3945 2904 4009 ἐκάλεσε,
2961 3943 3180 4005 δεικνὺς
3224 3941 3282 3995 ἐν
3335 3942 3549 4013 Θέλημα

1971 4040 2168 4095 ἑαυτοῦ
2201 4059 2259 4095 τε
2285 4043 2378 4094 καὶ
2400 4039 2494 4094 τοῦ
2525 4038 2758 4108 Πατρός.
2800 4038 2922 4090 Ἀπ’
2947 4034 3208 4104 ἐμαυτοῦ
3238 4033 3367 4103 γὰρ,
3394 4033 3549 4103 φησὶ,

1968 4130 2139 4187 λαλῶ
2171 4129 2372 4185 οὐδέν·
2404 4129 2540 4184 ἀλλ’
2562 4129 2680 4182 ὅσα
2703 4126 2781 4183 ἂν
2813 4125 3057 4182 ἀκούσω
3083 4125 3242 4194 παρὰ
3287 4125 3394 4179 τοῦ
3428 4128 3553 4178 Ha-

1970 4225 2129 4294 τρός.

2040 4317 2260 4384 Κύριος
2288 4312 2419 4369 εἷπε
2449 4317 2598 4384 πρός
2622 4331 2701 4384 με
2723 4331 2736 4344 ⁸
2794 4315 2929 4379 Υἱός
2979 4331 3097 4383 μου
3145 4303 3204 4366 εἴ
3243 4312 3347 4366 σύ.
3379 4311 3550 4365 Τοῦτο

1969 4411 2059 4465 διὰ
2090 4411 2190 4480 τὴν
2219 4412 2550 4480 προαιώνιον
2584 4410 2859 4478 γέννησιν.

2055 4587 2197 4658 Ἐγὼ
2223 4587 2492 4657 σήμερον
2524 4585 2859 4659 γεγέννηκά
2889 4601 2984 4640 σε.
3003 4585 3176 4640 Τοῦτο
3206 4583 3295 4638 διὰ
3322 4584 3421 4653 τὴν
3457 4582 3546 4638 ἐν·

1970 4694 2175 4750 σαρκον
2201 4676 2539 4745 οἰκονομίαν.
2574 4675 2684 4728 Καὶ
2731 4675 2793 4727 τὸ
2826 4674 2927 4745 μὲν
2961 4672 3250 4742 σήμερον,
3296 4670 3419 4723 ἀντὶ
3449 4667 3545 4722 τοῦ

1965 4770 2236 4842 χρονικῶς
2265 4769 2323 4821 ὲν
2343 4770 2454 4830 τοῖς
2479 4765 2717 4839 παροῦσι
2745 4767 2980 4836 καιροῖς·
3007 4764 3070 4817 τὸ
3103 4763 3158 4816 δὲ
3187 4762 3540 4832 γεγέννηκα,

1963 4860 2086 4913 ἀντὶ
2123 4859 2216 4912 τοῦ
2249 4858 2462 4912 ἕκτισα
2486 4856 2598 4929 (21)
2627 4875 2640 4889 ο
2671 4855 2860 4927 Πατὴρ
2889 4855 2999 4926 γὰρ
3041 4856 3069 4908 ό
3113 4853 3243 4916 Θεὸς
3283 4853 3542 4922 λέγεται,

1964 4953 2058 5007 καὶ
2085 4952 2193 5006 τῶν
2221 4951 2459 5006 κτιστῶν
2482 4953 2509 5002 ὁ
2543 4950 2788 5018 πλάστης
2825 4947 2921 5000 καὶ
2948 4947 3204 5016 ποιητής.

2037 5129 2292 5194 Αἵτησαι
2325 5125 2460 5194 παρ’
2489 5123 2656 5193 ἐμοῦ,
2716 5121 2812 5175 καὶ
2865 5121 3038 5175 δώσω
3086 5134 3187 5174 σοι
3240 5121 3386 5186 ἔθνη
3429 5119 3544 5188 τὴν

1967 5219 2380 5288 κληρονομίαν
2415 5234 2553 5271 σου.
2600 5214 2818 5284 Ἐπειδὴ
2864 5214 3005 5267 κατά
3043 5213 3222 5282 σάρκα
3275 5212 3543 5281 συγγενὴς

1967 5313 2043 5365 ὢν
2069 5312 2178 5365 τῶν
2224 5311 2516 5373 Ἰουδαίων,
2553 5304 2713 5377 ἦλθεν
2758 5308 2837 5371 είς
2881 5307 2950 5360 τὰ
3001 5306 3108 5360 τδια
3153 5305 3438 5368 διδάσκων,
3491 5305 3542 5357 οἱ

1967 5404 2022 5456 δὲ
2072 5403 2169 5457 καὶ
2219 5401 2382 5455 αὐτὸν
2421 5400 2810 5454 ἀπεϐάλλοντο·
2871 5399 3098 5462 εἰκότως
3138 5395 3431 5450 οἰκειοῦται
3471 5395 3541 5448 τὰ

366 5544 414 5580 ⁸³
450 5545 584 5603 Luc.
627 5565 702 5614 χι,
731 5549 823 5607 42,
898 5550 943 5583 ’⁸⁸
985 5550 1174 5604 Matth.
1211 5567 1320 5615 χιιι,
1363 5552 1452 5604 45.
1530 5552 1576 5584 ⁸ο
1613 5551 1800 5604 Matth.
1864 5568 1871 5604 :

1975 5567 2054 5612 ιιι,
2113 5553 2199 5606 l8.
2279 5551 2320 5582 ⁸¹
2351 5550 2510 5605 Joan.
2543 5565 2656 5615 xlv,
2699 5549 2786 5606 i0.

1624 5648 1826 5708 Varia}
1855 5647 2184 5710 lectiones.

364 5744 475 5824 (‘20)
499 5745 688 5801 Graeca
720 5747 792 5824 ita
823 5759 1059 5824 sonant:
1096 5751 1183 5804 Ila
1217 5762 1274 5824 ut
1309 5755 1457 5819 furor
1484 5753 1551 5806 sit
1574 5823 1579 5824 ί
1605 5763 1719 5813 post
1751 5769 1864 5804 mo-

291 5824 415 5936 lunt.
449 5819 565 5937 ira,
601 5833 632 5870 a
669 5819 817 5872 uerbo
869 5819 1036 5886 θύειν,
1083 5823 1227 5890 quod
1262 5823 1523 5890 impetum
1565 5823 1753 5878 facere
1788 5823 1860 5876 si-

291 5901 378 5938 cut
407 5899 484 5938 tca
517 5922 531 5938 .
911 5900 918 5906 '

291 5901 531 5954 gntncat.

2047 5749 2160 5820 (2t)
2184 5749 2258 5801 Ad
2289 5760 2538 5804 naturam
2567 5752 2774 5806 scilicet
2802 5751 3120 5814 humanam,
3141 5748 3284 5818 quod
3305 5750 3536 5816 attinet;

1972 5821 2112 5873 dixit
2144 5819 2287 5872 enim
2320 5835 2579 5891 supraea
2607 5823 2770 5877 verba
2797 5820 3144 5891 intelligenda
3175 5836 3297 5877 esse
3323 5819 3408 5873 διὰ
3440 5821 3534 5891 τὴν

1970 5891 2233 5960 ἒνςαρκον
2262 5889 2595 5961 οἰκονομίαν.
