4146 6472
512 452 589 518 85
1659 454 2050 519 COMMENT.
2097 454 2181 513 IN
2214 452 2583 516 PSAIMOS.
2642 496 2649 502 -
3717 461 3788 523 86

494 571 672 638 -lilvq.
696 569 1048 641 προτραπεὶς
1099 569 1249 641 παρά
1287 568 1381 623 τοῦ
1435 567 1652 641 Πατρδς
1687 566 1986 628 αἰτεῖσθαι,
2015 565 2099 618 καλ

2217 578 2327 617 non
2371 571 2641 633 receptus.
2667 560 2793 632 jure
2833 564 3077 634 gentium
3113 566 3387 634 nationes,
3443 574 3502 623 ut
3532 582 3663 625 suas
3686 565 3794 627 sibi

522 662 709 716 λαϐεῖν
740 663 823 726 εἰς
852 661 1061 732 κλῆρον
1095 660 1289 716 ταῦτα’
1341 662 1439 715 καὶ
1468 662 1575 730 γὰρ
1604 661 1699 714 καὶ
1741 657 1979 719 κατὰτὸ
2008 657 2106 713 ἅν-

523 752 800 823 θρώπινον
832 754 963 818 Υἱὸς
994 754 1131 808 θεοῦ
1160 751 1422 822 γεγονὼς,
1451 750 1790 820 ὲπωφείλετο
1826 750 2047 819 κλῆρον.

2216 655 2514 713 vindicavit
2550 671 2565 708 :
2612 656 2886 727 praecipue
2930 670 3055 711 cum
3090 657 3252 714 Pater
3296 673 3420 715 eum
3468 658 3797 720 monuisset,

2218 755 2280 807 ut
2307 746 2429 801 illas
2461 753 2692 817 peteret,
2721 755 2780 802 et
2813 748 3095 828 pollicitus
3128 748 3325 807 inisset
3358 751 3559 822 petenti
3592 766 3652 807 se
3701 767 3797 806 eas

523 845 881 903 traditurum.
922 848 1056 904 Nam
1099 864 1165 902 ex
1196 863 1305 918 quo
1330 854 1387 902 ut
1419 847 1584 901 homo
1634 846 1738 900 alia
1778 845 1989 900 ratione
2019 842 2196 898 lactus
2227 851 2345 898 erat
2374 841 2545 898 Filius
2608 840 2723 910 Dei,
2767 856 3169 914 consequenter
3232 846 3415 917 aliqua
3462 848 3539 902 illi
3596 845 3786 903 deberi

523 939 813 994 videbatur
843 938 1158 997 hereditas.

590 1055 699 1109 Kal
735 1053 851 1120 τὴν
873 1055 1254 1124 κατάσχεσίν
1285 1070 1404 1110 σου
1432 1056 1506 1109 τὰ
1534 1053 1762 1123 πέρατα
1808 1050 1920 1120 τῆς
1969 1051 2102 1119 γῆς.

519 1144 635 1198 Καὶ
660 1144 765 1215 τὴν
798 1144 1052 1211 ἐξουσίαν
1094 1146 1196 1217 τῆς
1252 1146 1619 1217 κληρονομίας
1668 1161 1764 1198 σου
1808 1144 2107 1213 διήκουσαν

522 1234 694 1307 μέχρι
739 1234 849 1289 τῶν
885 1234 1144 1304 περάτων
1181 1237 1279 1307 τῆς
1316 1238 1442 1307 γῆς.
1498 1235 1595 1300 Είς
1649 1236 1832 1289 πᾶσαν
1865 1233 1974 1303 γὰρ
2007 1232 2107 1303 τὴν

519 1326 652 1395 γῆν,
682 1328 776 1379 καὶ
805 1327 884 1389 είς
915 1326 987 1380 τὰ
1014 1326 1229 1395 πέρατα
1257 1327 1359 1395 τῆς
1384 1327 1783 1397 οἰκουμένης,νό
1807 1325 1899 1379 τοῦ
1929 1324 2110 1393 Εὐαγ-

518 1416 708 1483 γελίου
760 1417 921 1484 λόγος
965 1417 1213 1488 ἐξῆλθεν.
1257 1418 1605 1474 ’Υποτίθεται
1644 1419 1703 1473 δὲ
1734 1421 1762 1472 ὁ
1788 1415 1978 1486 Πατὴρ
2017 1416 2106 1470 αἶ-

516 1507 756 1573 τεῖσθαι,
778 1508 854 1571 ὡς
885 1510 1124 1565 εὐδοκῶν
1170 1512 1264 1565 καὶ
1299 1510 1475 1565 θέλων
1505 1512 1606 1580 τὴν
1651 1512 1764 1564 τῶν
1798 1507 2107 1580 ἀνθρώπων

516 1595 853 1651 ἀνάπλασιν.
904 1600 1149 1653 Alesiam
1200 1600 1259 1654 δὲ
1316 1599 1525 1670 ταύτην
1567 1601 1598 1653 ὁ
1634 1598 1783 1663 Υἱὸς,
1838 1597 1915 1659 ὡς
1963 1593 2107 1664 ὑπὲρ

512 1689 681 1760 ἡμῶν
707 1690 1161 1763 ἑνανθρωπήσας,
1219 1694 1315 1746 καὶ
1356 1693 1587 1762 μεσίτης
1636 1689 1932 1759 γενόμενος
1968 1685 2105 1740 Θεοῦ

511 1780 614 1833 καί
660 1780 987 1853 ἀνθρώπων.
1047 1782 1503 1854 Αἰσχυνέσθωσαν
1558 1778 1655 1836 οὖν
1711 1781 1763 1834 oi
1831 1778 2106 1841 Ἰουδαῖοι,

513 1873 934 1944 προσαρμόζειν
957 1874 1061 1928 οὐκ
1093 1875 1309 1946 εχοντές
1333 1890 1444 1930 τινι
1493 1876 1654 1930 ταυτὶ
1685 1875 1757 1928 τὰ
1803 1872 1966 1944 ῥητά.
2004 1870 2106 1934 Τίς

510 1966 632 2033 γὰρ
660 1965 852 2036 ἔτερος
885 1965 1161 2037 τοσαύτην
1186 1969 1458 2037 ἐκτήσατο
1492 1965 1862 2036 κατάσχεσινς

512 2148 624 2203 sibi
658 2150 1074 2217 possessionem
1101 2151 1313 2221 paravit
1341 2149 1365 2203 ?

584 2262 909 2332 Ποιμανεῖς
945 2262 1170 2331 αὐτοὺς
1205 2264 1276 2318 ἐν
1298 2263 1499 2336 ῥάϐδῳ
1531 2262 1773 2335 σιδηρᾷ.
1800 2262 1973 2317 Τοῦτο
1993 2261 2102 2315 ἀπὸ

517 2353 610 2407 τοῦ
640 2357 927 2427 προφήτου
984 2356 1226 2428 λέγεται*
1257 2357 1351 2428 Μὴ
1397 2357 1733 2428 δεξαμένους
1776 2356 1906 2428 γὰρ.
1942 2353 2099 2426 φησὶ,

520 2446 639 2503 τοὺς
657 2446 855 2513 λόγους
876 2447 1008 2512 τοὺς
1040 2447 1188 2517 σοὺς,
1208 2446 1522 2512 παιδεύσεις
1544 2448 1764 2513 αὐτοὺς,
1791 2448 1850 2500 ὲν
1874 2450 2101 2517 μάστιγι

513 2539 742 2609 στεῤῥᾷο
777 2539 1034 2608 σημαίνει
1066 2539 1123 2593 δὲ
1152 2539 1252 2611 τὴν
1279 2539 1390 2593 τῶν
1427 2539 1717 2611 Ῥωμαίων
1738 2538 1937 2610 ἀρχήν.
1976 2536 2103 2607 ’Λρ-

508 2630 811 2699 νησάμενοι
847 2630 957 2700 γὰρ
992 2629 1091 2701 τὴν
1147 2631 1424 2702 βασιλείαν
1461 2630 1653 2697 αὐτοῦ,
1708 2631 1805 2685 καὶ
1842 2630 2099 2699 Καίσαρα

508 2718 659 2789 ἔχειν
686 2720 1158 2793 ὁμολογήσαντες,
1185 2722 1286 2794 τὴν
1301 2724 1580 2794 Καίσαρος
1605 2722 1919 2792 ἐπέστησαν
1944 2719 2099 2791 ἐξου-

511 2811 661 2876 σίαν,
688 2811 779 2881 ὑερ*
813 2807 881 2885 ἧς
904 2812 1299 2884 διεφθάρησαν.
1336 2814 1579 2885 Σιδηρᾶν
1607 2812 1666 2867 δὲ
1695 2812 1868 2884 αὐτὴν
1901 2812 2098 2865 ἐκάλε-

511 2917 633 2966 σεν,
663 2901 753 2954 διὰ
777 2903 840 2955 τδ
870 2903 1111 2974 ἰσχυρόν·
1136 2905 1258 2957 ἐπεὶ
1286 2905 1382 2959 καὶ
1415 2903 1618 2977 Δανιὴλ
1660 2902 1890 2976 σιδηρᾶν
1927 2900 2099 2975 αὐτὴν

507 2985 661 3044 εἶδεν
686 2993 745 3045 ἐν
771 2993 892 3057 ταῖς
925 2984 1201 3063 ὁράσεσιν.

598 3219 693 3285 Ὦς
772 3221 970 3290 σκεύη
1051 3221 1353 3290 κεραμέως
1423 3223 1784 3292 συν-τρίψεις
1845 3223 2092 3289 αὐτούς.

505 3311 685 3365 τοῦτο
712 3310 802 3367 διὰ
830 3313 931 3382 τὴν
959 3311 1162 3383 εὐχερῆ
1211 3314 1420 3368 τούτων
1455 3313 1860 3387 πανωλεθρίαν.
1909 3314 2097 3370 ’Ἄλλοι

505 3402 568 3455 δέ
622 3420 776 3471 φασι,
816 3402 917 3474 τὴν
949 3402 1009 3469 ἐξ
1053 3402 1224 3457 ἐθνῶν
1270 3404 1611 3458 αἰνίττεσθαι
1664 3405 1963 3477 σωτηρίαν,
2012 3407 2096 3461 ὅτι

2277 1046 2347 1099 Et
2379 1045 2762 1112 possessionem
2783 1054 2928 1099 tuam
2962 1048 3215 1105 terminos
3241 1057 3417 1105 terra'.
3450 1049 3517 1105 Et
3551 1061 3795 1122 potesta-

2207 1146 2337 1201 tem,
2366 1136 2566 1206 inquit,
2605 1136 2942 1194 hareditatis
2990 1147 3099 1194 tua:
3135 1156 3258 1210 qum
3296 1143 3364 1196 ad
3407 1152 3565 1200 terra:
3611 1162 3789 1216 usque

2208 1228 2345 1283 lines
2375 1228 2657 1298 pertingit.
2688 1227 2747 1282 In
2779 1242 3000 1285 omnem
3031 1232 3177 1286 enim
3201 1242 3401 1288 terram
3421 1244 3477 1290 et
3508 1237 3562 1291 in
3595 1251 3789 1293 omnes

2207 1321 2345 1377 lines
2385 1321 2539 1376 orbis
2573 1332 2736 1377 terrae
2774 1323 3128 1394 evangelicus
3162 1340 3344 1381 sermo
3373 1329 3702 1395 penetravit.
3728 1329 3800 1383 Et

2207 1413 2325 1482 ipse
2347 1411 2564 1483 quidem
2588 1411 2754 1469 Pater
2781 1427 2812 1468 a
2842 1414 3115 1485 Propheta
3141 1416 3534 1485 introducitur,
3560 1433 3799 1475 monens

2198 1519 2264 1560 re
2291 1511 2457 1574 atque
2482 1507 2696 1562 instans
2725 1516 2788 1562 ut
2820 1504 2995 1564 Filius
3017 1506 3392 1565 haereditatem
3423 1509 3564 1566 hanc
3597 1519 3749 1580 petat
3775 1528 3799 1566 :e

2207 1598 2270 1645 ut
2297 1592 2559 1648 ostendat
2598 1608 2761 1665 quam
2808 1606 3036 1666 cuperet
3075 1586 3528 1664 Pater,humani
3576 1602 3798 1671 generis

2200 1683 2687 1740 instaurationem:
2717 1685 2893 1742 Filius
2910 1702 3045 1743 vero
3065 1705 3175 1744 non
3199 1689 3474 1747 immerito
3496 1692 3658 1747 etiam
3692 1708 3796 1764 po-

2207 1776 2419 1831 stulare
2450 1776 2504 1832 id
2543 1776 2748 1833 dicitur
2774 1793 2790 1832 :
2814 1778 3038 1849 quando
3063 1780 3284 1850 quidem
3312 1790 3368 1838 et
3393 1782 3794 1840 humanitatem

2212 1867 2533 1937 sumpserit,
2551 1877 2607 1924 et
2635 1867 2733 1925 Dei
2763 1877 2929 1940 atque
2958 1856 3241 1927 hominum
3264 1873 3535 1929 mediator
3565 1873 3796 1930 eﬂeetus

2138 1957 2181 2014 Β
2214 1960 2308 2016 sit.
2333 1959 2678 2016 Erubescant
2710 1961 2883 2030 igitur
2913 1970 2971 2018 et
3008 1962 3422 2020 confundantur
3452 1964 3652 2031 Judaei,
3691 1981 3796 2022 ne-

512 2057 721 2111 minem
765 2057 1027 2113 habentes
1061 2059 1148 2114 eui
1174 2061 1339 2113 verba
1372 2059 1486 2114 haec
1526 2055 1936 2113 accommodari
1994 2051 2235 2125 possint.
2277 2052 2415 2119 Quis
2481 2052 2629 2108 enim
2700 2052 2866 2121 alius,
2917 2060 3116 2126 praeter
3165 2054 3474 2124 Christum,

3571 2066 3801 2119 tantam.

2272 2254 2438 2311 VERS.
2492 2255 2546 2311 9.
2599 2259 2799 2312 Pasca
2844 2273 2933 2313 eos
2981 2259 3037 2313 in
3068 2260 3219 2331 virga
3249 2258 3444 2330 ferrea.
3479 2260 3673 2319 Simile
3706 2272 3803 2320 est

2201 2344 2335 2401 illud
2371 2344 2932 2416 Prophetmgdieentis
2976 2365 2993 2402 :
3034 2346 3143 2406 Eos
3192 2351 3285 2419 qui
3334 2367 3622 2410 sermones
3667 2361 3804 2409 tuos

2200 2450 2312 2492 non
2376 2439 2746 2508 susceperint,
2811 2440 3113 2511 castigabis
3169 2440 3383 2513 ﬂagello
3442 2442 3678 2500 ferreo:
3736 2453 3794 2501 et

2200 2527 2518 2598 signiﬁcare
2571 2528 2706 2584 mihi
2742 2528 2960 2587 videtur
2992 2531 3084 2587 hic
3116 2533 3302 2589 verbis
3336 2533 3608 2605 Propheta
3631 2574 3648 2600 ,
3680 2535 3794 2590 Ro-

2200 2634 2489 2676 manorum
2523 2620 2840 2693 imperium.
2876 2623 3102 2680 Etenim
3151 2640 3275 2682 cum
3311 2625 3526 2684 Christi
3556 2642 3789 2699 regnum

2199 2708 2708 2780 negassentludaei,
2739 2713 2844 2770 sub
2875 2713 3108 2785 imperio
3136 2715 3374 2773 Caesaris
3401 2730 3466 2773 se
3494 2731 3620 2773 esse
3643 2716 3803 2773 οων-ι.

2200 2814 2439 2867 mantes,
2476 2800 2714 2861 Caesaris
2751 2805 2951 2861 merito
2985 2808 3285 2876 potentiam
3317 2808 3724 2875 sustinuerunt,
3759 2825 3810 2867 a.

2199 2909 2311 2967 qua
2340 2910 2575 2965 prorsus
2615 2911 2756 2966 pene
2786 2894 2991 2969 perditi
3021 2908 3173 2955 sunt.
3204 2899 3462 2956 Ferream
3507 2915 3634 2955 vero
3667 2914 3788 2955 eam

2197 2985 2355 3052 dixit,
2389 2986 2556 3041 veluti
2586 2986 2824 3042 validam
2871 3002 2937 3044 ac
2981 2987 3233 3056 fortem;
3257 3003 3382 3045 nam
3410 2999 3466 3046 et
3508 2989 3699 3046 Daniel
3733 2989 3810 3048 in;

2196 3076 2512 3134 visionibus
2540 3078 2663 3135 suis
2689 3077 2924 3135 ferream
2951 3094 3074 3135 eam
3110 3080 3275 3136 etiam
3304 3079 3626 3151 appellavit.

2274 3213 2550 3288 Tanquam
2566 3232 2696 3272 vasa
2716 3217 2870 3288 ﬁguli
2905 3218 3203 3290 confringet
3237 3236 3348 3275 eos.
3381 3219 3498 3276 Hoc
3525 3220 3788 3291 loquendi

2201 3304 2364 3359 modo
2421 3306 2697 3377 expressit
2730 3306 3027 3377 Propheta,
3060 3324 3226 3379 quam
3287 3309 3452 3365 facile
3502 3308 3700 3374 Judaei,
3729 3318 3789 3365 et

2202 3411 2367 3465 quam
2402 3394 2644 3453 funditus
2669 3412 2700 3452 a
2735 3397 2846 3455 Deo
2879 3401 3145 3471 perdendi
3186 3402 3515 3458 essent.Alii
3551 3403 3637 3457 his
3659 3417 3786 3456 ver-

506 3496 810 3564 Ποιμανεῖς
840 3495 1040 3559 αὐτοὺς
1070 3496 1129 3549 ὲν
1157 3498 1225 3568 τῇ
1259 3497 1667 3567 συμπανσθενεί
1707 3498 1958 3569 δυνάμει·
1996 3500 2093 3554 καὶ

2198 3483 2281 3542 bis
2313 3485 2613 3558 signiﬁcari
2651 3489 2813 3544 aiunt
2844 3492 3087 3562 gentium
3119 3492 3350 3547 salutem
3377 3510 3393 3551 :
3442 3494 3639 3549 Pasces
3663 3507 3783 3553 eos.

506 3586 763 3659 καθάπερ
789 3589 821 3641 ὁ
856 3585 1157 3658 κεραμεὺς,
1208 3588 1431 3644 ἐπειδὰν
1480 3587 1581 3643 ίδοι
1625 3590 1695 3645 τὰ
1730 3590 2095 3661 πεπλασμένα

508 3677 686 3747 σκεύη
722 3679 980 3750 ἀδόκιμα,
1014 3679 1292 3752 συντρίϐει
1324 3680 1498 3735 ταῦτα
1532 3680 1640 3753 πρὸ
1686 3682 1781 3736 τοῦ
1827 3699 2097 3755 προσομι-

505 3769 678 3840 λῆσαι
713 3769 867 3842 πυρὶ,
895 3770 990 3824 καὶ
1014 3769 1370 3826 ἀναπλάττει’
1400 3768 1546 3824 οὕτω
1576 3770 1673 3825 καὶ
1700 3773 1765 3824 σὺ
1792 3770 1997 3826 τούτων
2026 3770 2096 3825 τὰ

508 3861 839 3931 φρονήματα
869 3858 1184 3935 συντρίψεις
1216 3860 1295 3930 τῷ
1327 3860 1667 3930 Εὐαγγελίῳ,
1717 3862 1813 3914 καὶ
1843 3859 2094 3915 ἀναπλά-

508 3968 629 4015 σεις
671 3950 748 4022 τῷ
799 3950 1011 4024 λουτρῶ
1040 3952 1146 4022 τῆς
1196 3952 1643 4022 παλιγγενεσίας,
1698 3952 1794 4006 καὶ
1839 3952 2095 4023 στερεοὺς

506 4042 807 4118 ἀπεργάσῃ
837 4042 917 4117 τῷ
939 4044 1071 4103 θείω
1096 4044 1235 4117 πυρὶ
1259 4045 1356 4101 τοῦ
1379 4044 1519 4100 Πνεύ
1527 4061 1723 4116 ματος.

578 4354 692 4410 Καὶ
714 4355 852 4420 νῦν.
897 4357 1203 4425 βασιλεῖς,
1235 4357 1457 4413 σύνετε
1482 4373 1498 4389 ο
1524 4357 1883 4424 παιδεύθητε
1938 4355 2089 4409 πάνυ.

501 4465 609 4515 τες
637 4451 693 4503 οἱ
720 4448 1031 4518 κρίνοντες
1054 4450 1171 4519 τὴν
1196 4449 1331 4521 γῆν.
1376 4448 1451 4503 Τὸ
1484 4448 1627 4512 νῦν,
1661 4448 1786 4502 ἀντὶ
1845 4446 1960 4512 τοῦ,
1996 4447 2090 4502 διὰ

502 4541 686 4601 τοῦτο,
713 4535 758 4595 ὦ
788 4541 1027 4610 βασιλεῖς
1061 4541 1363 4611 Ῥωμαίων
1387 4542 1484 4595 καὶ
1525 4539 1636 4594 τῶν
1664 4538 1844 4595 ἄλλων
1892 4538 2086 4605 ἐθνῶν,

501 4634 603 4686 καὶ
650 4633 700 4687 οἱ
747 4634 889 4688 κατὰ
923 4635 1104 4688 πᾶσαν
1154 4632 1253 4705 τὴν
1302 4633 1405 4703 γῆν
1438 4633 1646 4703 κριταὶ,
1704 4631 1758 4684 οἱ
1807 4630 2088 4702 κρίνοντες

500 4723 638 4787 τοὺς
692 4725 918 4795 γηῖνους
968 4722 1313 4795 ἀνθρώπους,
1347 4723 1612 4793 μαθόντες
1652 4717 1765 4777 οἷαι
1807 4723 2087 4793 συμφοραὶ

2198 3575 2474 3648 inquiunt,
2507 3579 2561 3634 in
2603 3581 2783 3635 valida
2811 3597 2874 3636 ac
2902 3580 3033 3636 forti
3064 3585 3306 3653 potentia
3338 3593 3432 3639 tua
3459 3601 3473 3637 :
3508 3594 3559 3643 et
3592 3602 3787 3655 quem-

2195 3669 2491 3724 admodum
2554 3671 2754 3743 ﬁgulus
2803 3674 2895 3728 ubi
2946 3676 3181 3746 reproba
3216 3691 3341 3733 esse
3384 3677 3584 3733 viderit
3632 3693 3779 3747 vasa,

2196 3774 2318 3830 quae
2353 3760 2630 3829 formavit,
2665 3765 2902 3820 conterit
2928 3765 3019 3819 illa
3044 3805 3061 3832 ,
3101 3781 3165 3823 ea
3196 3767 3455 3823 nimirum
3478 3770 3688 3825 ratione
3721 3781 3791 3827 ιιι.

2195 3867 2398 3907 rursus
2427 3852 2540 3923 igni
2560 3853 2852 3910 admoveat
2882 3864 2937 3912 et
2973 3856 3233 3914 reformet
3267 3873 3281 3911 :
3308 3860 3380 3914 ita
3407 3869 3461 3916 et
3489 3869 3567 3926 tu,
3596 3861 3782 3916 Domi-

2194 3956 2285 4005 ne,
2347 3944 2539 3997 harum
2592 3947 2836 4014 gentium
2885 3947 3269 4019 cogitationes,
3327 3950 3624 4023 Evangelia
3683 3963 3780 4010 tuo

2195 4035 2471 4099 destrues,
2498 4042 2558 4088 ut
2591 4051 2687 4091 eas
2716 4037 3068 4105 postmodum
3095 4039 3319 4095 lavacro
3350 4045 3780 4111 regenerationis

2193 4122 2486 4193 refer-mes,
2534 4133 2590 4181 et
2622 4125 2809 4181 divino
2843 4128 3023 4185 sancti
3060 4128 3301 4198 Spiritus
3351 4130 3475 4202 igne
3523 4131 3797 4193 fortiores.

2194 4214 2415 4268 reddas.

2268 4345 2430 4400 Vsus.
2497 4347 2585 4402 l0.
2621 4347 2689 4405 Et
2748 4366 2886 4406 nunc
2938 4368 3079 4424 reges
3127 4354 3428 4425 intelligile,
3484 4357 3785 4413 erudimini

2191 4454 2370 4494 omnes
2401 4442 2492 4511 qui
2514 4442 2775 4508 iudicatis
2794 4454 3014 4500 terram.
3041 4446 3216 4502 Dictio
3243 4465 3406 4512 nunc,
3435 4451 3539 4507 huc
3565 4455 3619 4507 in
3653 4455 3776 4508 loco

2190 4534 2459 4589 rationem
2496 4535 2712 4592 reddit:
2739 4551 2806 4593 ae
2835 4539 2883 4593 si
2917 4538 3126 4595 dictum
3154 4554 3303 4597 esset
3335 4561 3350 4599 :
3384 4542 3448 4599 Et
3482 4553 3785 4617 propterea-

2192 4642 2316 4689 vos,
2364 4641 2400 4681 ο
2431 4624 2809 4684 Romanorum
2845 4635 2901 4685 et
2943 4642 3266 4687 ceterarum
3310 4635 3553 4705 gentium
3592 4652 3771 4708 reges,

2189 4734 2413 4789 vosque,
2445 4721 2715 4791 ojudices
2766 4722 2859 4792 qui
2924 4722 2981 4777 iu
3017 4724 3275 4780 universa
3318 4727 3455 4784 estis
3486 4737 3653 4795 terra,
3689 4731 3777 4786 vel

501 4812 807 4868 κατέλαϐον
837 4815 1214 4886 ἁθετήσαντας
1236 4815 1423 4877 αὐτὸν,
1459 4813 1559 4868 καὶ
1595 4811 1860 4883 μαθόντες
1891 4813 1975 4866 ὅτι
2005 4814 2086 4876 εἰς

2198 4826 2309 4878 vos,
2341 4827 2377 4868 ο
2409 4813 2504 4882 qui
2528 4823 2780 4872 terrenos
2804 4814 3063 4872 homines
3084 4816 3371 4887 iudicatis,
3420 4834 3486 4876 ex
3522 4838 3636 4893 quo
3675 4824 3776 4878 ad-

504 4903 748 4973 κλήρους
771 4903 919 4973 ὑμᾶς
945 4903 1251 4970 ἐξελέξατο,
1285 4902 1501 4957 συνετοὶ
1526 4901 1774 4971 γενέσθε,
1809 4901 1909 4973 τὴν
1954 4902 2088 4972 πρὶν

2198 4905 2403 4961 discere
2450 4907 2729 4976 potuistis,
2780 4912 3007 4979 quantis
3057 4912 3473 4972 calamitatibus
3521 4918 3775 4989 Oppressi

499 4994 696 5047 ἄνοιαν
726 4994 1155 5066 ἀπορρίψαντες
1182 4996 1278 5049 καὶ
1302 4993 1626 5061 παιδεύθητε
1657 4992 1763 5047 ἀπό
1785 5009 1846 5046 τε
1876 4992 2083 5046 τούτων

2198 4994 2398 5055 iuerint
2424 4998 2481 5061 ii,
2518 4999 2614 5068 qui
2647 4999 2928 5056 Christum
2958 5001 3106 5058 hunc
3131 5013 3337 5061 temere
3377 5010 3773 5077 reproharunt,

499 5086 602 5139 καὶ
632 5084 741 5139 ἀπὸ
767 5086 878 5140 τῶν
911 5086 1072 5141 θείων
1099 5087 1351 5158 Γραφῶν.
1382 5086 1481 5140 Διὰ
1523 5086 1632 5143 τῶν
1676 5083 1958 5156 ἀρχόντων
2026 5085 2085 5139 δὲ

2198 5098 2245 5144 et
2276 5089 2406 5143 illud
2449 5092 2656 5161 pariter
2686 5094 2863 5150 nostis
2889 5095 3034 5165 quod
3059 5111 3092 5151 a
3141 5096 3254 5153 Deo
3299 5098 3356 5154 in
3392 5099 3771 5157 hatreditatem

501 5177 803 5250 περιέλαϐε
830 5180 926 5235 καὶ
957 5179 1085 5244 τοὺς
1114 5180 1414 5251 ὑπηκόους.

2198 5181 2356 5238 electi
2376 5187 2514 5239 estis
2543 5200 2558 5238 :
2590 5199 2688 5241 vos
2712 5201 2931 5251 omnes,
2959 5188 3209 5259 inquam,
3240 5205 3462 5254 moneo,
3490 5193 3773 5262 sapientes

500 5276 703 5336 estote,
743 5280 799 5326 et
828 5273 1039 5341 abiecta
1083 5272 1255 5343 priori
1303 5272 1396 5326 illa
1435 5271 1696 5338 amentia,
1755 5270 2051 5326 erudimini
2090 5281 2200 5327 tum
2239 5275 2424 5339 abiis,
2467 5286 2584 5333 tum
2614 5293 2645 5335 a
2698 5279 3004 5349 Scripturis
3036 5285 3203 5339 etiam
3273 5284 3497 5340 divinis.
3566 5283 3770 5341 Verum

500 5363 637 5417 dum
675 5378 833 5433 reges
864 5378 930 5420 ac
993 5363 1272 5436 principes
1313 5363 1681 5420 admonentur
1737 5378 1768 5418 a
1816 5363 2113 5435 PrOpheta,
2156 5367 2306 5437 ipsos
2370 5370 2536 5426 etiam
2566 5373 2800 5444 populos
2831 5374 2912 5430 eis
2938 5374 3219 5444 subjectos
3253 5374 3535 5430 admoneri
3566 5376 3775 5447 pariter,

499 5459 870 5515 arbitrantur.

573 5601 958 5661 Δουλεύσατε
977 5599 1058 5666 τῷ
1079 5601 1275 5671 Κυρίῳ
1289 5601 1359 5655 ἐν
1376 5600 1561 5671 φόϐῳ.
1586 5598 1871 5667 Συνέντες,
1893 5599 2084 5671 φησιν,

2262 5594 2427 5653 Vens.
2461 5596 2548 5651 ‘ll.
2579 5593 2777 5651 Servite
2802 5593 3028 5651 Domino
3051 5595 3107 5650 in
3135 5595 3340 5650 timore.
3376 5594 3768 5669 lntclligentes,

498 5697 588 5750 ὃτι
618 5694 716 5749 καὶ
747 5693 884 5758 Θεός
909 5695 1053 5759 ἐστι,
1096 5694 1191 5748 καὶ
1218 5692 1533 5763 ἐκδικητὴς,
1577 5692 1674 5746 καὶ
1708 5690 1961 5764 φοϐερὸς,
1992 5693 2090 5749 καὶ

2198 5687 2394 5758 inquit,
2440 5688 2588 5757 quod
2630 5687 2913 5752 Christus,
2945 5696 3000 5742 et
3038 5685 3185 5745 Deus
3221 5696 3331 5753 est,
3372 5700 3428 5744 et
3457 5689 3679 5755 vindex,
3714 5700 3780 5747 et

495 5788 585 5841 ὅτι
612 5785 801 5857 κτῆμα
849 5783 1018 5839 αὐτοῦ
1046 5785 1142 5838 καὶ
1169 5784 1331 5855 χάρις
1379 5784 1479 5855 ἠδη
1525 5780 1957 5853 ἑχρηματίσατε,
1991 5783 2087 5837 καὶ

2198 5780 2485 5841 Ierribilis,
2538 5776 2683 5846 quod
2737 5776 2888 5832 illius
2936 5779 3220 5846 possessio
3263 5790 3316 5837 et
3347 5795 3471 5836 sors
3509 5778 3772 5849 appellati

499 5872 905 5949 ῥυθμισθέντες
959 5873 1162 5938 ἱκανῶς
1215 5873 1284 5929 τὰ
1325 5873 1451 5944 ἢθη,
1492 5872 1567 5937 ὡς
1599 5870 1845 5944 Δεσπότῃ
1870 5871 2089 5927 δουλεὸ·

2198 5880 2355 5942 atque
2390 5866 2568 5923 eli‘ecti
2611 5866 2766 5933 estis,
2817 5868 2964 5939 quod
3011 5870 3284 5942 reliquum
3329 5882 3440 5942 est,
3474 5870 3791 5931 moderatis,
