4146 6444
458 422 522 483 87
1689 420 2076 484 EUTHYMII
2103 421 2469 486 ZIGABENI
3639 440 3711 503 88

452 541 884 612 compositisque
915 541 1161 598 moribus
1194 540 1415 604 vestris,
1452 541 1655 596 servite
1687 541 1736 597 ei
1767 542 1821 593 in
1870 540 2017 595 timo-

2133 555 2262 592 σατε
2329 542 2482 616 αὐτῷ
2521 547 2579 599 ἐν
2618 546 2768 619 φόϐῳ
2791 565 2804 578 ·
2840 544 2901 604 οὗ
2956 549 3065 621 γὰρ
3117 550 3303 621 φόϐος,
3342 552 3573 610 ἐντολῶν
3611 558 3711 631 τή-

451 647 531 697 re,
568 633 737 688 veluti
786 632 1039 688 Domino.
1100 631 1159 687 In
1220 631 1419 686 timore
1469 636 1651 685 autem
1699 630 1823 686 ideo
1875 630 2019 693 «lico,

449 727 581 794 quia
624 726 714 781 ubi
748 732 834 782 est
870 724 1033 781 timor
1055 722 1174 790 Dei,
1199 721 1311 777 illic
1339 728 1392 776 et
1422 721 1804 776 mandatorum
1832 721 2023 777 obser-

451 815 620 871 vatio.
1295 818 1301 824 ’

519 906 593 962 Et
614 908 879 963 exsultate
901 908 950 963 ei
980 908 1033 963 in
1068 916 1315 962 tremore.
1359 905 1426 963 Et
1463 907 1789 969 servientes,
1821 905 2021 976 inquit,

448 1000 681 1069 gaudete
729 999 784 1054 in
849 1015 937 1066 eo,
981 1000 1148 1054 veluti
1199 999 1256 1054 in
1301 998 1591 1055 defensore
1631 1013 1696 1054 ac
1736 997 2026 1055 Salvatore

449 1100 654 1147 vestro.
680 1090 913 1148 Gaudete
950 1094 1117 1157 enim,
1149 1092 1328 1163 inquit
1370 1091 1688 1162 Apostolus,
1712 1091 1767 1144 in
1795 1089 2022 1144 Domino

447 1198 671 1250 semper,
696 1184 922 1255 gaudete
954 1186 1046 1238 "z
1083 1200 1272 1240 verum
1314 1184 1421 1239 hoc
1478 1190 1717 1238 vestrum
1761 1181 2020 1253 gaudium

448 1278 690 1328 tremore
743 1273 907 1329 etiam
968 1274 1322 1330 commistum
1363 1278 1469 1338 sit,
1501 1281 1554 1326 et
1602 1286 1711 1327 non
1761 1269 2015 1325 eti‘usum.

445 1360 733 1418 Essultate
765 1370 993 1434 propter
1015 1379 1193 1434 spem,
1225 1364 1319 1420 sed
1352 1361 1765 1418 contremiscite
1788 1360 1861 1415 ob
1891 1373 2020 1429 pec-

445 1460 653 1509 catum.
710 1452 810 1509 Est
854 1455 998 1510 enim
1040 1454 1494 1524 diligentissimus
1527 1451 1773 1507 omnium
1822 1449 2017 1518 exqui-

445 1545 606 1608 sitor,
640 1551 806 1616 atque
835 1546 1190 1619 investigator
1219 1547 1380 1612 Deus,
1408 1556 1463 1599 et
1497 1558 1659 1600 nemo
1690 1543 1864 1597 latere
1891 1555 2015 1596 eum

445 1641 644 1704 potest.

516 1727 684 1784 Vens.
738 1730 833 1784 12.
880 1729 1266 1798 Apprehendite
1317 1728 1679 1794 disciplinam.
1753 1724 2013 1791 Maiorem

444 1819 532 1875 his
556 1820 744 1877 verbis
766 1820 1135 1877 iutensionem
1162 1820 1415 1892 adiungit
1442 1820 1508 1873 ad
1538 1820 1591 1873 id
1615 1818 1759 1887 quod
1785 1817 2017 1879 dixerat,

442 1924 507 1966 ac
545 1911 591 1967 si
624 1911 830 1967 diceret
863 1930 877 1967 :
910 1911 1242 1976 Erudimini,
1293 1913 1537 1982 inquam,
1581 1925 1688 1965 non
1739 1909 1793 1962 in
1822 1921 2019 1975 super-

447 2002 619 2071 ﬁcie,
676 2002 774 2059 sed
835 2018 1051 2060 summo
1102 2004 1290 2059 studio
1343 2002 1662 2058 contendite
1713 2009 1774 2054 ut
1839 1996 2019 2069 perle-

2129 647 2310 701 ρησις.

2201 925 2309 979 Καὶ
2332 928 2708 993 ἀγαλλιᾶσθε
2729 935 2890 1001 αὐτῷ
2917 936 2989 989 ἐν
3017 940 3233 1008 τρόμῳ.
3285 940 3396 993 Καὶ
3424 940 3705 996 δουλεύον-

2128 1033 2238 1080 τες,
2289 1020 2510 1090 χαίρετε
2561 1023 2621 1075 ὲν
2667 1025 2839 1096 αὐτῷ,
2889 1027 2968 1091 ῶς
3004 1030 3262 1100 κηδεμόνι
3315 1033 3416 1086 καὶ
3462 1034 3701 1104 Σωτῆρι.

2124 1108 2368 1176 Χαίρετε
2404 1112 2535 1185 γὰρ,
2563 1115 2749 1183 φησὶν,
2781 1117 2852 1171 ὲν
2872 1121 3065 1189 Κυρίῳ
3098 1123 3380 1190 πάντοτε,
3422 1126 3662 1193 χαίρετε
3682 1142 3698 1157 ·

2126 1198 2265 1269 πλὴν
2289 1202 2322 1272 ή
2353 1203 2496 1273 χαρὰ
2525 1206 2715 1277 τρόμῳ
2741 1208 3048 1279 σύμμικτος
3075 1211 3236 1277 ἔστω,
3268 1216 3363 1267 καί
3389 1214 3465 1285 μὴ
3488 1214 3701 1279 ἄνετος.

2136 1287 2463 1356 Ἀγὰλλεσθε
2498 1295 2599 1364 μὲν
2632 1299 2762 1369 γὰρ,
2810 1299 2899 1353 διὰ
2948 1301 3046 1373 τὴν
3097 1301 3306 1356 ἐλπίδα·
3341 1304 3577 1375 τρέμετε
3618 1305 3701 1372 δὲ,

2121 1378 2210 1431 διὰ
2239 1380 2339 1450 τὴν
2368 1383 2665 1456 ἁμαρτίαν.
2715 1388 2976 1463 ’Δκριόής
3029 1392 3139 1463 γάρ
3188 1392 3341 1450 ἐστιν
3405 1393 3702 1466 ἰξεταστὴς

2123 1473 2216 1522 καὶ
2245 1471 2535 1545 ἁλάθητος.

2191 1731 2498 1799 Δράεασθε
2554 1740 2852 1809 παιδείας.
2895 1743 3071 1798 Τοῦτο
3126 1746 3379 1810 ἐπίτασίς
3428 1747 3547 1800 ἐστι
3603 1746 3701 1800 τοῦ

2125 1822 2503 1894 παιδεύθητε,
2533 1835 2801 1898 τουτέστι,
2837 1834 2914 1907 μὴ
2956 1838 3295 1905 ἐπιπόλαιον,
3326 1839 3465 1893 ἀλλὰ
3491 1839 3700 1905 τέλεον,

2126 1911 2191 1963 ὲκ
2226 1921 2545 1991 μεταφορᾶς
2573 1923 2689 1981 τῶν
2719 1928 2779 1979 ὲν
2803 1928 2882 1998 τῷ
2909 1928 3072 1998 δρακί
3095 1946 3150 1982 τι
3181 1929 3416 2000 βεϐαίως
3443 1932 3702 2002 κατεχόν-

2127 2017 2257 2056 των.

443 2103 585 2150 ctam
614 2096 871 2152 virtutem
890 2094 1329 2167 consequamini.
1356 2092 1567 2151 Dictum
1597 2101 1683 2149 est
1705 2099 1885 2146 autem
1916 2089 2021 2142 hoc
2057 2102 2123 2143 ex
2151 2095 2469 2165 metaphora
2503 2116 2692 2159 eorum
2749 2108 2843 2177 qui
2881 2125 3061 2181 pugno
3126 2109 3332 2181 aliquid
3385 2119 3704 2167 constanter

441 2202 654 2250 tenent.

516 2287 602 2344 Ne
631 2289 842 2358 quando
876 2291 1145 2345 irascatur
1179 2290 1431 2346 Dominus
1451 2296 1500 2343 et
1538 2287 1768 2358 pereatis
1820 2284 1884 2338 de
1930 2282 2017 2337 via

433 2381 607 2450 justo.
641 2381 743 2437 Per
773 2381 914 2438 viam
944 2383 1174 2454 justam,
1200 2382 1473 2453 iustorum
1502 2381 1786 2436 hominum
1822 2377 2016 2440 vitam,

442 2487 506 2528 ac
533 2475 1008 2531 conversationem
1061 2474 1339 2544 intelligit.
1389 2472 1489 2527 Via
1527 2471 1671 2526 enim
1716 2468 1860 2538 apud
1908 2466 2016 2522 [Ie-

444 2566 627 2623 brzeos
672 2566 845 2620 multa
887 2566 1195 2637 signiﬁcat;
1229 2565 1316 2621 vel
1356 2564 1520 2621 etiam
1558 2566 1687 2633 quia
1724 2561 1791 2617 ad
1838 2560 2013 2631 ipsam

441 2657 793 2722 gradiuntur.
1980 2704 1981 2713 η

513 2749 647 2803 Cum
673 2751 933 2803 exarserit
963 2751 1019 2804 in
1048 2751 1191 2804 brevi
1235 2750 1319 2805 ira
1355 2749 1493 2818 ejus.
1519 2747 1716 2804 Judicii
1752 2746 1895 2802 diem
1944 2746 2020 2802 si-

441 2840 685 2908 gniﬁcat.
718 2839 875 2906 Quod
901 2853 1031 2896 vero
1064 2843 1140 2903 ait
1174 2842 1228 2896 in
1269 2840 1432 2905 brevi,
1480 2839 1883 2897 vehementiam
1923 2837 2021 2893 de-

441 2940 597 2986 notat
656 2938 711 2987 et
752 2931 1108 2988 celeritatem.
1150 2931 1285 2987 Nam
1338 2933 1441 2988 etsi
1501 2931 1558 2986 in
1603 2929 2015 3001 praesentiarum

444 3039 589 3093 saepe
622 3025 891 3080 irascatur
935 3024 1101 3090 Deus,
1134 3025 1424 3082 remissius
1468 3031 1649 3080 tamen
1683 3023 1736 3079 id
1777 3022 1929 3087 facit,
1961 3031 2019 3077 ut

440 3115 776 3191 pt‘nnitentia:
800 3115 980 3171 locum
1017 3119 1239 3172 tribuat.

508 3203 662 3259 Beati
700 3222 878 3264 omnes
912 3206 1003 3277 qui
1034 3208 1309 3278 conﬁdunt
1337 3209 1391 3262 in
1417 3224 1496 3262 eo.
1528 3207 1629 3274 Qui
1659 3218 1871 3264 terrena
1899 3223 2016 3263 om-

438 3297 530 3355 nia
580 3307 962 3365 contemnunt,
986 3308 1040 3354 et
1070 3315 1220 3368 spem
1253 3300 1307 3355 in
1357 3315 1422 3355 eo
1465 3317 1681 3357 omnem
1718 3302 2014 3358 collocant.

441 3390 586 3444 Sunt
617 3393 707 3462 qui
737 3391 885 3449 hunc
915 3395 1187 3463 psalmum
1226 3409 1351 3448 cum
1375 3395 1642 3463 superiori
1679 3395 2017 3465 coniungen-

439 3480 569 3534 dum
606 3481 792 3537 dicant
827 3502 840 3537 :
876 3493 1037 3554 atque
1065 3485 1212 3539 illinc
1240 3485 1472 3539 maxime
1504 3484 1842 3555 probationis
1872 3485 2018 3542 vires

318 3606 339 3621 ρ
439 3579 686 3639 sumunt,
717 3573 859 3642 quod
908 3574 1106 3629 beatus
1134 3575 1305 3629 David
1333 3590 1362 3629 a
1393 3574 1728 3631 beatitudine
1764 3590 2016 3642 exorsus,

440 3664 496 3715 in
539 3663 933 3718 beatitudinem
966 3664 1205 3719 desinat.

440 3752 694 3815 Psalmus
734 3754 838 3825 ipsi
883 3754 1055 3809 David
1092 3772 1209 3809 cum
1261 3756 1459 3824 fugeret
1505 3772 1538 3809 a
1603 3755 1741 3827 facie
1781 3756 2015 3813 Absalon

1105 3847 1210 3918 ﬁlii
1248 3847 1357 3903 sui.

1006 3938 1335 3994 PSALMUS
1354 3938 1444 3994 Ill.

511 4032 803 4103 Inscriptio
860 4033 1060 4103 psaimi
1122 4033 1270 4089 clara
1310 4040 1416 4100 est,
1468 4031 1537 4088 iis
1577 4018 1875 4104 praecipue,
1921 4034 2015 4104 qui

438 4123 649 4191 Regum
683 4124 941 4180 historias
989 4124 1239 4194 legerint.
1280 4123 1532 4181 Psalmus
1562 4140 1689 4180 vero
1719 4124 2018 4194 unicuique

438 4218 601 4271 facile
632 4217 1038 4273 accommodari
1077 4225 1278 4287 potest,
1324 4217 1417 4288 qui
1448 4217 1772 4282 visibilium,
1806 4234 1901 4273 seu
1933 4218 2017 4272 in-

438 4307 730 4362 visihilium
765 4308 1111 4363 inimicorum
1143 4323 1378 4379 pugnam
1403 4309 1698 4365 sustineat.

2196 2282 2445 2351 Μήποτε
2505 2288 2760 2362 ὄργια-θῇ
2809 2295 3043 2363 Κύριος.
3102 2297 3203 2350 καί
3254 2296 3583 2352 ἀπολεῖσθε
3632 2297 3703 2362 ἐξ

2125 2371 2270 2428 ὀδοῦ
2303 2377 2563 2447 δικαίας.
2607 2382 2754 2436 Ὀδὸν
2788 2385 3005 2439 δικαίαν
3037 2386 3292 2457 ὠνόμασε
3334 2388 3434 2460 τὴν
3487 2389 3702 2459 διατρι-

2125 2465 2228 2536 δὴν
2258 2469 2352 2521 καὶ
2390 2470 2542 2536 τάξιν
2573 2473 2683 2527 τῶν
2715 2475 2960 2531 δικαίων·
2993 2478 3225 2548 διάφορα
3275 2478 3385 2550 γὰρ
3437 2479 3698 2548 σημαίνει

2124 2559 2255 2628 παρ’
2292 2560 2569 2633 Ἑϐραίοις
2622 2566 2658 2636 ἡ
2716 2567 2871 2633 ὁδός⁴
2926 2569 2958 2641 ἢ
2999 2571 3093 2624 καὶ
3146 2571 3283 2624 διότι
3338 2571 3474 2643 πρὸς
3529 2571 3698 2643 αὐτὴν

2122 2649 2420 2705 ὁδεύουσιν.

2193 2742 2383 2799 Ὅταν
2406 2746 2676 2818 ἐκκαυθῆ
2700 2749 2770 2803 ἐν
2802 2750 2971 2820 τάχει
3018 2751 3052 2805 ὁ
3105 2750 3295 2820 θυμὸς
3335 2751 3546 2807 αὐτοῦ.
3585 2751 3698 2820 Τὴν

2118 2834 2219 2903 τῆς
2254 2836 2489 2907 κρίσεως
2520 2839 2739 2909 ἡμέραν
2767 2841 3056 2913 ἐδήλωσεν.
3100 2842 3204 2898 Ἕν
3232 2841 3401 2912 τάχει
3447 2842 3504 2895 δὲ
3527 2885 3542 2905 ,
3576 2840 3699 2896 ἀντὶ

2118 2926 2211 2979 τοῦ
2239 2929 2487 2999 σφοδρῶς
2529 2929 2625 2985 καὶ
2653 2931 2843 2998 ὀξέως.
2892 2931 3009 2987 Νῦν
3041 2934 3153 3004 γὰρ
3182 2934 3231 2987 εί
3272 2934 3367 2988 καὶ
3404 2930 3695 3001 θυμοῦται,

2121 3018 2258 3073 ἀλλὰ
2307 3020 2697 3094 μαλακώτερον
2726 3024 2823 3077 καὶ
2870 3025 3269 3096 σχολαιότερον,
3301 3024 3478 3088 διδοὺς
3511 3024 3696 3093 χώραν

2043 3096 2088 3156 C
2121 3112 2185 3181 τῇ
2220 3113 2502 3185 μετανοίᾳ.

2187 3205 2481 3274 Μακάριοι
2516 3204 2738 3275 πᾶντες
2795 3211 2849 3263 οι
2896 3210 3250 3274 πεποιθότες
3280 3207 3604 3262 ἐπάὐτόν.
3632 3205 3696 3260 Ol

2119 3295 2230 3349 τῶν
2280 3298 2486 3367 γηΐνων
2535 3300 2634 3369 μὲν
2686 3301 3224 3370 καταφρονήσαντες,
3278 3298 3365 3351 ἐπ’
3420 3297 3584 3351 αὐτὸν
3639 3295 3699 3349 δὲ

2118 3387 2335 3457 θέμενοι
2391 3391 2571 3444 πᾶσαν
2618 3391 2717 3460 τὴν
2773 3389 2984 3446 ἐλπίδα.
3029 3391 3094 3445 Οί
3141 3389 3274 3459 γοῦν
3322 3389 3415 3442 τὸν
3453 3388 3698 3458 παρόντα

2116 3479 2333 3550 ψαλμὸν
2382 3482 2462 3554 τῷ
2509 3482 2712 3554 πρώτῳ
2763 3484 3151 3548 συνάπτοντες,
3198 3481 3451 3536 ἐντεῦθεν
3482 3477 3698 3551 ίσχυρίυ

2120 3572 2327 3641 ζονται,
2357 3573 2629 3644 λέγοντες,
2669 3576 2744 3641 ῶς
2782 3577 2892 3631 ἀπὸ
2932 3575 3290 3650 μακαρισμοῦ
3338 3576 3503 3631 Δαϐὶδ
3531 3574 3700 3648 ἀρξά-

2124 3682 2305 3734 μενος,
2336 3668 2418 3731 είς
2451 3669 3154 3748 μακαρισμδνλιατένληξεν.

2126 3758 2373 3830 Ψαλμός
2398 3757 2477 3826 τῷ
2505 3760 2701 3828 Δαΰίδ,
2729 3762 2829 3817 ὅτε
2849 3763 3297 3832 ἀπεδίδρασκεν
3318 3767 3437 3822 ἀπὸ
3465 3765 3699 3837 προσώ-

2454 3870 2573 3908 που
2615 3856 2953 3923 Ἀϐεσαλὼμ
2992 3856 3128 3911 υἱοῦ
3161 3856 3379 3918 αὐτοῦ.

2711 3947 3009 4002 ΨᾹΛΜΟΣ
3035 3947 3111 4003 Γ.

2193 4040 2340 4110 Δήλη
2368 4039 2468 4111 μὲν
2496 4041 2530 4111 ή
2559 4040 2842 4111 ἐπιγραφὴ
2873 4040 2968 4096 τοῦ
2993 4041 3211 4114 ψαλμοῦ
3231 4043 3344 4107 τοῖς
3365 4038 3698 4112 ἀνεγνωκόσι

2120 4133 2218 4203 τὴν
2249 4131 2490 4203 ἱστορίαν
2516 4131 2626 4186 τῶν
2668 4132 2985 4187 Βασιλειῶνο
3024 4134 3255 4206 ἁρμόζει
3298 4135 3354 4188 δὲ
3385 4136 3551 4191 παντὶ
3598 4151 3698 4188 ποο

2118 4223 2443 4294 λεμουμένῳ
2469 4225 2600 4294 παρ’
2617 4223 2853 4295 ἐχθρῶν,
2883 4224 2997 4278 εἴτε
3026 4225 3263 4296 ὁρατῶν,
3291 4226 3403 4279 εἴτε
3422 4214 3696 4298 ἀοράτων.

513 4398 677 4453 Vnus.
712 4399 771 4451 2.
801 4399 1041 4459 Domine,
1061 4399 1187 4469 quid
1206 4400 1548 4469 multiplicati
1573 4408 1694 4453 sunt
1722 4401 1812 4469 qui
1839 4401 2006 4455 tribu-

2192 4405 2400 4472 Κύριε,
2455 4403 2513 4457 τί
2566 4404 3041 4471 ἐπληθύνθησαν
3099 4405 3155 4457 οὶ
3220 4402 3531 4470 θλίϐοντές
3583 4420 3699 4474 μεῖ

440 4491 553 4544 lant
578 4505 660 4544 me
695 4492 721 4545 7
752 4488 921 4559 Egre
954 4488 1137 4545 ferens
1169 4489 1463 4560 Propheta,
1502 4491 1814 4559 huiusmodi
1853 4508 1932 4556 se,
1959 4503 2017 4548 et

442 4582 792 4635 subditorum
836 4588 891 4634 et
932 4580 1237 4634 amicorum
1272 4578 1492 4635 insidiis
1516 4578 1679 4650 alﬂigi
1697 4620 1712 4645 ,
1744 4580 1811 4634 ad
1840 4582 2018 4637 solum

440 4672 612 4726 Deum
644 4672 886 4726 animum
921 4686 1081 4726 suum
1110 4672 1422 4737 intendens,
1452 4686 1671 4726 causam
1701 4673 2019 4744 interrogat,

442 4780 546 4819 cur
568 4765 755 4819 multis
802 4765 856 4818 in
903 4763 1022 4819 dies
1070 4764 1136 4818 ad
1173 4764 1502 4834 parricidam
1548 4765 1720 4819 lilium
1779 4765 2022 4834 undique

443 4853 857 4918 accedentibus,
903 4845 1415 4923 tnultiplicarentur
1448 4854 1657 4910 inimici
1685 4865 1850 4925 atque
1882 4856 2015 4910 insi-

441 4947 685 5001 diatores
707 4945 820 5012 sui,
842 4960 969 5000 cum
990 4946 1108 5016 ipse
1127 4947 1180 5001 in
1197 4948 1470 5003 neminem
1501 4962 1690 5003 eorum
1719 4948 2016 5018 aliquando

440 5037 666 5108 iniquus
697 5038 1023 5093 exstitisset.
1052 5037 1474 5094 Possuntetiam
1506 5039 1621 5095 hinc
1654 5038 1819 5093 verba
1854 5039 2016 5094 intel-

440 5130 561 5202 ligi,
598 5140 658 5183 ut
682 5130 828 5185 dicta
852 5131 964 5184 sint
996 5137 1219 5200 prOpter
1249 5130 1554 5186 daemonum
1583 5129 1835 5186 insidias.

510 5221 676 5276 Multi
704 5221 987 5292 insurgunt
1014 5220 1296 5276 adversum
1328 5238 1429 5277 me.
1475 5221 1728 5290 Aper-tius
1760 5220 2017 5290 exprimit

439 5314 591 5384 quod
624 5315 838 5370 dixerat
859 5312 1358 5384 multiplicatisunt.

512 5402 676 5459 Vens.
699 5407 753 5460 '5.
792 5404 1156 5460 Multidicunt
1188 5406 1381 5460 anima:
1404 5420 1530 5460 mere
1550 5420 1570 5460 :
1607 5404 1729 5459 Non
1757 5416 1833 5460 est
1865 5407 2016 5461 salus

439 5496 524 5550 illi
551 5497 607 5549 in
639 5496 747 5550 Deo
777 5498 911 5566 ejus.
950 5498 1105 5554 Multi
1135 5512 1349 5563 eorum,
1389 5498 1586 5568 inquit,
1621 5499 1713 5568 qui
1770 5499 2017 5561 insurre-

446 5597 643 5643 xerunt
676 5590 966 5647 adversum
1021 5606 1131 5655 me,
1183 5602 1372 5645 mutuo
1414 5606 1473 5646 se
1527 5591 1903 5659 exhortantes,
1949 5593 2016 5648 de

444 5681 624 5735 anima
668 5698 807 5749 mea,
843 5683 946 5738 hoc
973 5692 1058 5740 est
1095 5683 1161 5740 de
1194 5699 1281 5740 me
1315 5685 1457 5757 ipso,
1503 5684 1820 5756 huiusmodi
1847 5687 2010 5741 verba

514 5862 559 5894 δ’
599 5861 833 5933 Philipp.
870 5877 943 5928 ιν,
973 5862 1025 5917 ι.

2121 4496 2536 4565 Δεινοπαθήσας
2566 4498 2595 4548 ὁ
2633 4496 2951 4566 Προφήτης,
2985 4498 3069 4549 ὅτι
3102 4494 3360 4566 τοιαύτης
3391 4495 3696 4565 ἑπειράσθη

2120 4587 2230 4640 τῶν
2257 4587 2514 4656 ὑπηκόων
2545 4587 2640 4640 καὶ
2677 4586 2850 4654 φίλων
2885 4586 3202 4655 ἐπιϐουλῆς,
3235 4587 3373 4656 πρὸς
3408 4587 3572 4656 μόνον
3607 4586 3699 4640 τὸν

2118 4679 2252 4732 Θεὸν
2285 4678 2554 4731 ἀνατείνει
2579 4677 2780 4749 ψυχὴν,
2820 4678 3045 4748 ἐρωτῶν
3081 4679 3229 4741 τίνος
3257 4676 3445 4730 ἕνεκεν
3469 4679 3519 4731 οἱ
3555 4677 3700 4747 ἀμφὶ

2119 4770 2212 4822 τὸν
2246 4768 2583 4838 πατραλοίαν
2640 4768 2962 4837 Ἀὀεσαλὼμ
3008 4769 3196 4839 ἐχθροὶ
3251 4767 3418 4822 αὑτοῦ
3451 4766 3699 4839 (τούτους

2120 4858 2230 4929 γὰρ
2255 4859 2536 4922 θλίϐοντας
2564 4857 2813 4927 ἐκάλεσε)
2875 4858 3255 4929 πληθύνονται,
3296 4861 3360 4929 τῇ
3409 4857 3700 4929 προσθήκῃ

2122 4949 2231 5002 τῶν
2250 4948 2510 5002 ἑκάστοτε
2535 4945 3022 5018 προσχωρούντων,
3045 4947 3273 5017 μηδενὸς
3303 4946 3483 5000 αὐτῶν
3508 4945 3695 5014 ἀδικη-

2122 5043 2306 5103 θέντος
2335 5040 2427 5094 ύπ’
2458 5041 2623 5095 αὐτοῦ
2652 5038 2896 5092 πώποτε.
2922 5038 2993 5091 Ἦ
3021 5039 3114 5091 καὶ
3145 5037 3275 5108 περὶ
3299 5038 3408 5090 τῶν
3428 5036 3698 5108 δαιμόνων

2118 5137 2147 5188 ὁ
2176 5135 2354 5201 λόγος.

2193 5224 2416 5280 Πολλοὶ
2456 5224 2889 5279 ἐπανίστανται
2915 5223 3006 5277 ἐπ’
3032 5223 3158 5294 ἐμέ.
3190 5222 3362 5277 Τοῦτο
3386 5237 3699 5293 σαφηνιστι-

2116 5315 2213 5368 κύν
2244 5316 2360 5371 ἐστι
2391 5313 2490 5366 τοῦ
2514 5312 3016 5381 ἐπληθύνθησαν.

2187 5403 2414 5459 Πολλοὶ
2442 5403 2693 5471 λέγουσι
2722 5400 2798 5470 τῇ
2822 5399 2996 5471 ψυχῇ
3014 5418 3154 5470 μου·
3184 5403 3306 5456 Οὐκ
3344 5400 3476 5455 ἐστι
3505 5415 3696 5466 σωτη-

2109 5500 2213 5568 ρία
2241 5494 2403 5561 αὐτῷ
2445 5496 2515 5548 ἐν
2563 5495 2644 5559 τῷ
2701 5492 2825 5560 Θεῷ
2879 5493 3091 5548 αὐτοῦ.
3134 5492 3349 5557 Πολλοὶ,
3391 5493 3545 5561 φησὶ,
3585 5490 3695 5545 τῶν

2118 5587 2666 5657 κατεξανισταμένων
2719 5602 2822 5655 μου
2880 5584 3367 5657 παραθαρῤοῦντες
3403 5583 3691 5653 ἀλλήλους,

2119 5684 2340 5750 λέγουσι
2387 5681 2515 5753 περὶ
2557 5681 2656 5751 τῆς
2688 5676 2865 5747 ψυχῆς
2907 5692 3032 5751 μου,
3055 5674 3306 5729 τουτέστι
3348 5674 3482 5745 περὶ
3533 5675 3690 5744 ἐμοῦ,
