4146 6446
332 451 406 514 ss
1563 435 1971 514 commur.’
1992 450 2075 511 IN
2116 426 2486 511 PSALMOS.
3558 452 3629 517 90

338 561 424 613 ὅτι
469 556 632 629 Ῥᾷον
660 556 814 612 οὓτω
840 559 1343 630 καταδιωκόμενος,
1374 559 1661 615 ἀπώλεσεν
1702 563 1805 634 ἥδη
1840 546 1939 631 τὴν

2056 562 2369 630 loquuntur,
2433 559 2582 632 quod
2638 558 2707 625 is,
2740 560 2834 631 qui
2873 568 2986 616 tam
3029 560 3189 616 facile
3225 560 3424 635 depelli
3457 568 3636 635 potuit

341 653 443 705 τοῦ
467 651 606 705 Θεοῦ
637 650 924 723 βοήθειαν,
961 654 1050 707 διὰ
1095 654 1192 717 τὰς
1220 655 1497 725 ἁμαρτίας
1526 655 1718 709 αὐτοῦ.
1752 655 1824 708 Ἢ
1853 654 1948 707 καὶ

340 746 535 799 πολλοὶ
562 746 674 798 τῶν
698 745 962 818 ὁρώντων
1002 747 1103 810 τὰς
1135 747 1273 818 ἐμὰς
1302 748 1612 820 συμφοράς.
1665 748 1740 802 Τὸ
1773 749 1842 802 ἐν
1868 748 1949 814 τῷ

344 833 475 900 Θεῷ
502 835 714 901 αὐτοῦ,
750 837 875 890 ἀντὶ
922 836 1021 891 τοῦ
1065 837 1156 892 Ἐν
1192 838 1272 911 τῷ
1301 838 1444 910 Θεῷ,
1491 840 1580 909 ἐφ’
1614 839 1675 894 ὃν
1723 840 1814 893 ἀεὶ
1851 841 1947 894 πέ-

343 932 559 984 ποιθεν.

420 1202 767 1274 Alcidama.
805 1204 1039 1277 Εἴρηται
1072 1206 1131 1258 ὲν
1155 1205 1233 1276 τῷ
1262 1206 1540 1278 προοιμίῳ
1565 1207 1695 1277 περὶ
1728 1206 1943 1262 τούτου.

430 1386 837 1454 Ἄγτιλήπτωρ
877 1401 1001 1455 μου
1048 1401 1123 1439 ε..
1165 1383 1395 1438 Ἐκεῖνοι
1447 1383 1549 1453 μὲν
1593 1382 1943 1453 λεγέτωσαν,

348 1479 543 1550 φησὶν,
568 1476 607 1531 ἃ
638 1477 941 1547 βούλονται·
978 1475 1045 1529 σὺ
1086 1475 1143 1529 δὲ
1181 1475 1291 1528 τῶν
1322 1474 1493 1528 ὄντων
1519 1475 1576 1528 ἐν
1609 1476 1946 1546 πειρασμοῖς

347 1575 444 1627 ἀντ
455 1570 764 1643 ιλαμεάνῃ,
787 1569 885 1624 καὶ⁵
916 1568 1141 1640 μᾶλλον,
1172 1568 1331 1639 είπερ
1356 1561 1459 1621 ὦσι
1487 1567 1585 1622 καίΙ
1606 1567 1945 1639 ἀντιλήψεως

347 1666 520 1720 ἄξιοι.

384 1704 587 1823 ’Δόξα
611 1774 756 1827 μου,
783 1754 882 1810 καί
914 1754 1094 1825 ὑψῶν
1134 1753 1249 1823 τὴν
1289 1738 1563 1825 uagaretur
1581 1772 1722 1825 μου.
1761 1752 1946 1807 ’Δλλοι

352 1851 457 1923 μὲν
488 1851 655 1916 ἄλλα,
684 1849 866 1919 γένος,
903 1848 936 1920 ἢ
969 1847 1161 1919 τύχην,
1196 1848 1228 1919 ἢ
1261 1846 1515 1910 πλοῦτον,
1544 1847 1578 1917 ἡ
1609 1863 1661 1899 τι
1701 1845 1946 1900 τοιοῦτον

351 1919 433 2009 £2;
466 1943 635 2009 δόξαν
664 1941 873 2016 ἔχουσι·
922 1919 1037 2011 ἑγὼ
1074 1941 1131 1995 δὲ
1179 1940 1273 1995 ἐπὶ
1313 1942 1397 1994 σοὶ
1429 1939 1576 2011 μόνῳ
1608 1938 1818 2011 6αρρὦ
1849 1937 1945 1993 καὶ

360 2036 509 2107 μέγα
542 2035 753 2105 φρονῶ,
789 2032 1046 2098 Δοξάζεις
1074 2032 1181 2104 γάρ
1227 2050 1316 2102 με,
1352 2030 1547 2101 βοηθός
1597 2048 1689 2101 μοι
1721 2032 1947 2101 γινόμε.

354 2146 470 2191 νος,
494 2129 593 2181 καὶ
623 2126 778 2196 bal/oi;
808 2126 908 2196 τὴν
933 2124 1181 2196 κεφαλήν
1220 2142 1346 2196 μου,
1380 2123 1493 2195 (22)
1520 2123 1783 2188 νικῶντος
1815 2122 1951 2194 πρό-

360 2240 543 2293 τερον,
567 2224 687 2284 ταῖς
716 2221 1030 2291 συμφοραῖς
1055 2219 1479 2289 καμπτομένην.

442 2312 607 2381 dum}
625 2330 745 2381 μου
770 2312 923 2380 πρὸς
946 2312 1165 2380 Κύριον
1181 2308 1498 2379 ἐκέκραξα,
1523 2309 1619 2362 καὶ
1641 2306 1951 2374 ἐπήκουσέ

368 2424 491 2477 μου
532 2405 599 2469 ἐξ
639 2405 815 2473 ὄρους
870 2404 1043 2473 ἁγίου
1096 2399 1303 2456 αὐτοῦ.
1347 2400 1583 2471 Ἐϐὁησα
1621 2401 1802 2470 μόνον,
1838 2392 1948 2451 εἴτε

368 2498 659 2569 αἰσθητῶς,
694 2496 808 2550 εἴτε
843 2493 1072 2566 νοητῶς·
1103 2494 1198 2547 καὶ
1237 2492 1454 2563 ταχέως
1496 2491 1776 2561 ὑπήκουσέ
1822 2507 1946 2560 μου,

362 2597 459 2647 καὶ
486 2594 656 2662 ἐγγὺς
705 2589 910 2661 Κύριος
937 2590 1073 2643 πᾶσι
1113 2588 1225 2650 τοῖς
1257 2584 1718 2654 ἐπικαλουμένοις
1760 2582 1946 2637 αὐτόν.

364 2687 535 2756 Ὄρος
571 2684 632 2738 δὲ
672 2684 828 2751 ἅγιον
878 2680 974 2734 καὶ
1018 2678 1118 2750 τὴν
1162 2676 1301 2731 Σιὼν
1333 2677 1614 2742 ἐκάλεσεν,
1673 2676 1755 2739 είς
1792 2672 1950 2728 τοῦτο

356 2754 470 2852 γὰρ
494 2778 790 2849 ἐπιδημεῖν
815 2775 875 2829 τὸ
901 2775 1057 2830 Θεῖον
1089 2771 1431 2837 ἐπιστεύετο,
1474 2771 1570 2823 καὶ
1602 2754 1950 2837 διαλέγεσθαι

350 2875 469 2937 τοῖς
530 2871 728 2935 ἀξίοις.
768 2869 840 2922 Ἦ
888 2869 981 2920 τὸν
1013 2865 1242 2936 οὐρανὸν
1292 2862 1436 2918 οὕτω
1465 2861 1711 2934 νοητέον,
1759 2861 1821 2915 δν
1856 2862 1951 2915 καὶ

352 2964 793 3035 κατοικητήριον
832 2960 970 3014 Θεοῦ
999 2960 1254 3028 λέγομεν.

423 3057 777 3127 Auni-alga.
809 3054 923 3107 Καὶ
959 3051 1091 3122 περὶ
1125 3050 1318 3103 τούτου
1344 3049 1692 3122 προείρηται.

436 3149 592 3219 Ἐγὼ
632 3147 684 3201 δ’
722 3144 1070 3214 excipio-nr.
1124 3140 1434 3208 ’Avéttsoov,
1472 3141 1628 3211 φησὶ,
1659 3138 1737 3210 τῷ
1769 3158 1954 3217 καρω-

350 3241 497 3314 τικῷ
526 3240 689 3312 βάρει
712 3238 819 3291 τῶν
848 3232 1081 3306 θλίψεων
1108 3231 1543 3298 κατασπασθεὶς,
1589 3231 1685 3285 καὶ
1730 3231 1954 3304 ἀνενέρο

349 3353 528 3408 γητος
564 3351 634 3404 με
642 3333 876 3405 μένηκα.

424 3430 541 3485 Kal
572 3428 848 3483 ὕπνωσα.
896 3423 1013 3495 Ἐφ’
1052 3425 1240 3479 ἱκανὸν
1265 3423 1345 3495 τῷ
1384 3421 1547 3477 πάθει
1574 3419 1751 3491 τούτῳ
1780 3435 1946 3473 κατε-

353 3524 592 3597 σχέθην.

437 3618 856 3687 Ἐξηγέρθην,
924 3615 1015 3670 ὅτι
1078 3615 1296 3683 Κύριος
1353 3609 1756 3681 ἀντιλήψεται
1806 3627 1949 3679 μου.

356 3713 699 3782 Δὶσθόμενος
732 3706 824 3763 οἷα
858 3709 1169 3778 προφήτης,
1222 3708 1305 3762 ὅτι
1353 3706 1645 3778 βοηθήσεις
1683 3723 1795 3774 μοι,
1848 3705 1950 3775 ἤδη

356 3803 419 3855 τὸ
448 3799 896 3864 καταπεπτωκὸς
918 3798 1196 3868 ἀνέστησα
1221 3797 1504 3868 φρόνημα.
1523 3797 1682 3860 Τινὲς
1702 3796 1758 3849 δέ
1792 3814 1949 3866 φασι.

357 3894 613 3964 περὶτῆς
630 3892 981 3953 ἀναστάσεως
1008 3889 1182 3945 ταῦτα
1211 3889 1413 3958 λέγειν,
1438 3889 1563 3943 ἀντὶ
1586 3888 1707 3955 τοῦ,
1739 3889 1953 3960 Κοιμη-

356 3989 614 4059 θήσομαι
642 3987 843 4052 Θανὼν,
886 3987 985 4041 καὶ
1030 3985 1268 4040 ὑπνὼσω
1308 3985 1404 4039 ἐπὶ
1440 3986 1673 4055 μακρὸν,
1708 3983 1804 4037 τοῦ
1846 3983 1953 4037 σὼ·-

358 4097 541 4151 ματος
568 4079 935 4150 ἀνενεργήτου
971 4077 1248 4148 μένοντος·
1277 4075 1716 4147 ὲξεγερθήσομαι
1745 4076 1802 4128 δὲ
1824 4074 1955 4145 χρό-

354 4191 476 4236 νοις
539 4171 797 4240 ὕστερον,
843 4170 877 4242 ἧ
924 4171 1015 4224 ὅτε
1068 4170 1305 4241 Χριστὸς
1357 4170 1439 4232 εἰς
1493 4167 1622 4240 ᾅδου
1676 4166 1956 4220 κατελθὼν

355 4265 670 4335 ἀναστήσει
701 4264 831 4328 τοὺς
858 4264 1271 4333 συνεχομένους
1307 4260 1342 4333 ἢ
1378 4261 1467 4316 ὅτε
1510 4260 1722 4323 πάντας
1771 4259 1958 4331 ἐγερεῖ

352 4361 491 4422 τοῦς
526 4358 763 4427 νεκροὺς
790 4359 851 4411 ἐν
883 4358 950 4428 τῇ
987 4354 1289 4439 συντελείᾳ.

2049 660 2105 707 et
2164 649 2340 722 fugari
2373 691 2389 716 ,
2445 651 2645 706 merito
2705 651 3109 708 existimandus
3160 654 3233 734 sit
3281 655 3353 710 ob
3411 659 3636 728 propria

2048 752 2292 813 peccata,
2329 757 2359 797 a
2416 741 2529 799 Deo
2577 743 2902 810 derelictus,
2952 745 3210 815 illiusque
3253 762 3411 818 opem
3470 764 3637 820 atque

2051 834 2320 888 auxilium
2350 833 2633 889 amisisse.
2664 832 2760 890 Vel
2797 835 2950 890 multi
2992 836 3045 891 id
3071 838 3283 905 dicunt,
3311 855 3499 895 eorum
3525 844 3637 898 sci-

2052 925 2201 989 licet,
2236 925 2331 996 qui
2363 925 2714 981 calamitates
2751 941 2906 983 meas
2936 928 3143 984 vident.
3172 931 3327 997 Quod
3375 947 3506 987 vero
3535 935 3631 993 ait.

2047 1018 2104 1070 in
2136 1016 2244 1071 Deo
2275 1016 2414 1086 ejus,
2440 1017 2582 1073 idem
2616 1018 2722 1075 sibi
2755 1019 2871 1074 vult
2893 1022 3035 1091 quod
3059 1037 3073 1074 :
3094 1021 3155 1076 In
3189 1023 3283 1076 illo
3305 1024 3412 1077 Deo
3440 1022 3494 1077 in
3524 1038 3634 1094 quo

2049 1111 2166 1180 ipse
2197 1111 2460 1180 speravit.

2121 1200 2461 1270 Diapsalma.
2495 1200 2554 1257 In
2596 1202 2865 1273 prommio
2901 1203 3086 1273 operis
3114 1204 3321 1259 dictum
3357 1211 3461 1268 est,
3500 1203 3630 1274 quid

2049 1292 2124 1348 sit
2146 1294 2474 1364 diapsalma.

2122 1385 2369 1442 “133.4.
2408 1384 2486 1440 Tu
2526 1397 2728 1453 autem,
2773 1387 3014 1449 Domine.
3063 1389 3282 1457 adjutor
3340 1407 3506 1445 meus.
3551 1391 3635 1448 lllt

2048 1480 2235 1535 dicant
2299 1480 2443 1550 quod
2504 1481 2658 1547 libet,
2714 1489 2771 1536 tu
2829 1497 2958 1536 vero
3008 1482 3334 1538 alﬂictorum
3387 1486 3632 1539 omnium

2049 1572 2271 1645 adjutor
2318 1587 2402 1638 es,
2459 1587 2651 1629 eorum
2696 1574 3005 1645 praecipue,
3057 1575 3150 1645 qui
3201 1590 3303 1646 ope
3343 1583 3434 1630 tua
3482 1576 3634 1649 digni

2049 1676 2204 1724 sunt.
3241 1729 3244 1733 .

2121 1757 2306 1814 Gloria
2342 1775 2480 1825 nica,
2512 1766 2563 1813 et
2592 1757 2838 1814 exultans
2868 1769 3027 1829 caput
3058 1778 3258 1818 meum.
3287 1762 3394 1820 Alii
3436 1779 3632 1835 genus,

2051 1850 2352 1919 fortunam,
2395 1852 2638 1914 divitias,
2669 1861 2765 1905 aut
2795 1851 2945 1906 aliud
2972 1853 3103 1923 quid
3144 1854 3344 1919 simile,
3374 1869 3634 1924 magnum

2049 1950 2103 1997 et
2126 1943 2453 2013 praeclarum
2481 1951 2679 2014 putant
2710 1954 2728 1996 :
2754 1958 2857 2013 ego
2886 1951 3068 1998 autem
3099 1943 3155 1998 in
3185 1953 3236 1999 te
3267 1945 3385 1998 solo
3417 1943 3637 1999 confido

2049 2045 2104 2090 et
2154 2034 2383 2106 glorior.
2427 2033 2563 2088 Nam
2614 2034 2659 2089 si
2711 2033 2932 2104 adjutor
2976 2033 3172 2100 fueris,
3205 2036 3436 2106 gloriam
3472 2037 3635 2090 etiam

2051 2127 2346 2198 praestabis
2385 2143 2400 2180 :
2431 2135 2487 2183 et
2522 2134 2687 2197 caput
2715 2141 2921 2193 meum,
2964 2124 3344 2197 frequentibus
3373 2127 3502 2182 olim
3539 2125 3638 2181 de-

2050 2234 2302 2286 pressum
2345 2218 2779 2282 calamitatibus,
2812 2219 3045 2275 extolles
3074 2227 3237 2290 atque
3276 2218 3564 2274 exaltabis.

2122 2310 2290 2366 Vsus.
2330 2310 2383 2365 5.
2426 2308 2562 2364 Voce
2585 2326 2699 2364 mea
2731 2309 2800 2363 ad
2822 2309 3108 2364 Dominum
3136 2311 3365 2365 clamavi
3396 2320 3445 2364 et
3466 2325 3638 2365 exau-

2051 2402 2179 2458 divit
2212 2419 2294 2457 me
2317 2402 2379 2456 de
2410 2412 2587 2456 monte
2616 2410 2800 2456 sancto
2832 2419 2948 2457 suo.
2980 2401 3216 2456 Tantum
3245 2442 3259 2467 ,
3296 2401 3497 2471 inquit,
3524 2401 3637 2455 cla-

2053 2495 2197 2550 mavi
2228 2496 2348 2568 (seu
2381 2499 2524 2562 oris,
2555 2511 2653 2551 seu
2677 2498 2879 2550 mentis
2904 2497 3198 2551 clamorem
3226 2495 3558 2563 intelligens)
3584 2500 3641 2548 ct

2053 2589 2239 2642 statim
2304 2587 2587 2643 exaudivit
2640 2604 2751 2643 me.
2808 2589 2988 2658 Prope
3038 2588 3188 2642 enim
3249 2595 3332 2643 est
3374 2586 3641 2641 Dominus

2053 2680 2445 2734 invocantibus
2484 2694 2637 2735 eum.
2684 2676 2790 2733 Per
2837 2688 3077 2735 montem
3127 2691 3308 2733 autem
3362 2688 3638 2748 sanctum,

2052 2772 2185 2828 Sion
2215 2773 2492 2844 intelligit,
2528 2773 2621 2828 ubi
2661 2772 2913 2830 habitare
2936 2773 3269 2828 credebatur
3314 2772 3477 2841 Deus,
3512 2789 3641 2844 pro-

2053 2866 2250 2936 bisque
2297 2881 2361 2921 ac
2419 2867 2600 2936 dignis
2636 2866 2749 2921 Deo
2780 2867 3096 2921 hominibus
3124 2868 3296 2936 loqui.
3333 2864 3430 2923 Vel
3457 2868 3638 2940 ipsum

2053 2960 2277 3022 malum,
2307 2959 2450 3030 quod
2479 2958 2569 3015 Dei
2610 2959 2999 3014 habitationem
3035 2958 3398 3029 appellamus.

2128 3051 2471 3121 Diupsalma.
2507 3052 2579 3108 De
2610 3053 2715 3106 hoc
2744 3068 2965 3122 qttoqne
2993 3066 3155 3121 supra
3196 3052 3399 3106 dictum
3428 3060 3535 3106 est.

2127 3142 2293 3200 Vsus.
2321 3144 2374 3200 6.
2408 3144 2520 3216 Ego
2545 3145 2793 3199 dormivi.
2824 3143 2954 3215 Ego,
2985 3143 3184 3214 inquit,
3207 3143 3359 3214 gravi
3396 3143 3644 3198 afﬂictio-

2057 3253 2185 3291 num
2237 3237 2478 3306 pondere
2530 3238 2852 3307 depressus,
2900 3236 3079 3290 decidi
3115 3233 3432 3302 admodum,
3479 3246 3644 3306 atque

1976 3295 2023 3357 (ἶ
2059 3324 2272 3380 inutilis
2297 3324 2523 3380 enectus
2559 3341 2707 3381 smn.

2126 3419 2195 3469 Et
2231 3428 2515 3486 :oporatus
2560 3433 2700 3471 sum.
2732 3416 2846 3472 lloc
2879 3427 2987 3485 est,
3016 3414 3343 3486 Huiusmodi
3387 3416 3646 3488 passione

2055 3506 2147 3563 diu
2186 3509 2442 3563 detentus
2484 3508 2586 3565 fui.

2125 3598 2194 3653 Et
2224 3602 2493 3655 resurreri
2517 3605 2642 3670 quia
2671 3601 2929 3657 Dominus
2963 3601 3242 3674 adjuvabit
3286 3618 3387 3658 me.
3414 3603 3643 3658 Praeno-

2057 3708 2243 3757 scens,
2280 3701 2336 3747 ut
2358 3694 2650 3763 propheta,
2682 3695 2827 3764 quod
2863 3695 3132 3751 Dominus
3156 3710 3313 3765 opem
3350 3694 3481 3749 mihi
3511 3693 3648 3749 alla-

2056 3796 2216 3843 turus
2273 3797 2429 3854 erat,
2481 3805 2622 3859 pene
2677 3800 2929 3846 mortuas
2979 3790 3127 3844 vires
3184 3797 3350 3859 atque
3400 3787 3644 3842 animum

2057 3881 2378 3951 languidum
2409 3882 2699 3938 suscitari.
2757 3883 2941 3952 Aliqui
2991 3883 3135 3939 dicta
3179 3883 3293 3937 Itaac
3332 3882 3648 3951 intelligunt

2059 3973 2126 4027 de
2163 3974 2598 4037 resurrectione,
2656 3984 2708 4029 et
2761 3982 2980 4046 tempus
3020 3975 3148 4047 poni
3207 3990 3307 4045 pro
3355 3983 3646 4045 tempore:

2059 4065 2165 4120 hoc
2202 4075 2326 4120 est:
2354 4067 2631 4121 Dormiam
2670 4083 2793 4137 ego,
2833 4075 2887 4122 et
2909 4085 3031 4121 cum
3063 4077 3310 4123 mortuus
3343 4068 3519 4130 fuero,
3553 4080 3649 4121 so-

2060 4172 2190 4225 pore
2217 4172 2282 4212 ac
2307 4172 2503 4213 somno
2537 4158 2850 4222 detinebar,
2883 4174 3117 4229 corpore
3142 4160 3401 4212 nimirum
3436 4159 3648 4214 viribus

2060 4248 2294 4314 defecto,
2351 4263 2416 4303 ac
2460 4250 2656 4305 deinde
2706 4265 3008 4321 resurgam,
3082 4253 3164 4305 vel
3224 4259 3471 4321 tempore
3528 4249 3646 4315 illo,

2060 4342 2287 4413 quando
2317 4341 2663 4397 descendens
2709 4342 2776 4396 ad
2808 4342 3016 4398 inferos
3067 4342 3325 4398 Christus
3358 4342 3651 4399 suscitabit

2060 4448 2156 4489 eos
2176 4436 2269 4503 qui
2299 4434 2412 4489 illic
2429 4434 2684 4500 aderunt,
2730 4437 2813 4490 vel
2847 4436 2902 4490 in
2930 4435 3409 4492 eonsuunnatione
3439 4435 3645 4502 saeculi,

2062 4526 2285 4595 quando
2313 4527 2520 4582 mortui
2548 4542 2744 4581 omnes
2777 4535 3094 4597 resurgant.

432 4622 528 4677 Οὐ
589 4619 1009 4691 φοϐηθήσομαι
1072 4620 1192 4676 ἀπὸ
1248 4618 1556 4690 μυριάδων
1626 4620 1782 4675 λαοῦ
1836 4619 1953 4675 τῶν

2139 4614 2307 4673 Vens.
2334 4617 2386 4671 7.
2418 4616 2543 4672 Non
2567 4618 2757 4673 timebo
2781 4618 2952 4671 millia
2970 4620 3312 4688 populorum,
3341 4617 3397 4670 in
3419 4617 3649 4670 circuitu

356 4717 577 4781 κύκλῳ
629 4714 1175 4782 συνεπιτιθεμένων
1228 4730 1353 4781 μοι.
1411 4713 1492 4783 Τῇ
1549 4715 1615 4784 σῇ
1677 4711 1957 4775 πεποιθὼς

354 4803 571 4874 δηλαδὴ
614 4802 923 4872 ἀντιλήψει.
974 4801 1497 4872 Συνεπιτιθεμένους
1533 4803 1592 4856 δὲ
1625 4802 1782 4856 καλεῖ
1820 4802 1949 4866 τοὺς

358 4894 893 4966 κατεπιχειροῦντας
936 4894 1143 4962 αὐτοῦ,
1180 4894 1429 4947 τουτέστι
1481 4895 1611 4957 τοὺς
1668 4895 1816 4964 ἀμφὶ
1864 4895 1957 4950 τὸν

371 4987 708 5057 ’Λϐεσαλὼμ
731 4986 1042 5058 ίστορικῶς,
1073 4987 1106 5057 ἦ
1133 4987 1497 5055 ἁναγωγικῶς
1527 4988 1653 5049 τοὺς
1674 4988 1957 5058 δαίμονας.

369 5085 498 5140 Ἐπὶ
532 5085 724 5157 μέντοι
756 5084 866 5140 τῶν
891 5085 1184 5154 δαιμόνων,
1222 5085 1370 5139 οὕτω
1393 5086 1616 5156 νοητὲον
1648 5085 1747 5155 τὴν
1772 5085 1959 5157 κύκλῳ

355 5180 633 5233 ἰπίθεσιν.
667 5176 1112 5231 Ἐπιῦουλεύουσι
1130 5179 1238 5249 γὰρ
1260 5179 1352 5232 καὶ
1367 5177 1476 5231 ἀπὸ
1496 5176 1604 5230 τῶν
1621 5176 1956 5248 ἔμπροσθεν,

354 5273 487 5325 ὁταν
518 5270 751 5328 ἐλπίδας
781 5267 1143 5322 ὑποτείνωσιν
1177 5269 1486 5339 εὐπραγίας
1507 5282 1523 5299 ο
1561 5269 1657 5321 καὶ
1693 5269 1803 5322 ἀπὸ
1846 5270 1958 5323 τῶν

350 5361 601 5426 ὄπισοεν,
652 5362 815 5415 ὅταν
852 5360 922 5429 τῇ
974 5358 1167 5430 μνήμῃ
1197 5357 1308 5413 τῶν
1349 5358 1733 5429 προλαϐόντων
1768 5359 1959 5415 παθῶν

344 5454 443 5527 τὴν
498 5455 692 5529 ψυχὴν
754 5450 1077 5523 μολύνωσιο
1123 5452 1218 5504 καὶ
1257 5451 1366 5505 ἀπὸ
1416 5452 1527 5505 τῶν
1575 5452 1787 5519 δεξιῶν,
1827 5454 1958 5507 ὅταν

333 5549 757 5624 συνεργοῦντες
795 5541 938 5613 πρὸς
980 5540 1209 5612 ἀρετὴν,
1237 5543 1320 5607 είς
1349 5541 1658 5607 κενοδοξίαν
1695 5543 1958 5641 συνελαύ-

2060 4708 2383 4763 irruentium
2421 4721 2608 4764 contra
2644 4726 2746 4765 me.
2787 4708 2930 4773 Tuo,
2973 4709 3172 4779 inquit,
3213 4709 3383 4764 fretus
3416 4708 3651 4772 auxilio,

2062 4816 2169 4855 non
2204 4801 2430 4856 timebo.
2462 4801 2567 4856 Per
2600 4802 2878 4858 irruentes
2911 4810 3096 4857 autem
3137 4808 3327 4856 contra
3370 4816 3451 4865 se,
3492 4800 3651 4871 juxta

2064 4894 2381 4960 historiam,
2427 4895 2761 4950 Absalonem
2814 4894 3072 4966 intelligit
3114 4901 3170 4951 et
3205 4894 3520 4964 complices,
3552 4892 3650 4964 qui

2066 4988 2338 5043 adversus
2362 5003 2487 5042 eum
2523 5002 2741 5057 semper
2769 4988 3098 5043 insidiarum
3123 4987 3329 5058 aliquid
3348 4986 3652 5041 molieban-

2068 5088 2156 5133 tur
2193 5097 2206 5132 :
2243 5079 2329 5133 vel
2357 5078 2639 5134 diemones
2664 5080 2819 5151 juxta
2857 5095 3163 5152 anagogcn,
3204 5080 3298 5150 qui
3331 5079 3385 5131 in
3413 5078 3649 5133 circuitu
3708 5126 3713 5131 .

2063 5170 2287 5242 aggredi
2318 5170 2554 5241 aliquem
2582 5172 2865 5238 dicuntur,
2919 5172 3179 5242 quoniam
3208 5170 3354 5226 etab
3383 5168 3650 5224 anteriori

2064 5274 2225 5336 parte
2256 5264 2486 5320 insidias
2515 5273 2752 5335 ponunt,
2788 5281 2918 5337 spes
2954 5265 3215 5320 nimirum
3252 5261 3502 5334 prosperi
3535 5260 3652 5314 exi-

2063 5369 2151 5415 tus
2179 5367 2538 5430 suggerentes
2573 5376 2588 5426 ;
2623 5369 2679 5416 et
2715 5376 2746 5415 a
2781 5371 2931 5431 tergo
2976 5357 3262 5419 invadunt,
3302 5353 3526 5424 quando
3551 5366 3652 5407 an-

2068 5452 2348 5521 tiquorum
2392 5451 2649 5507 vitiorum
2681 5450 2945 5507 memoria
2977 5449 3220 5503 animam
3245 5443 3647 5512 coinquinant;

2060 5552 2117 5599 et
2138 5560 2168 5599 a
2191 5545 2424 5612 dextris,
2451 5545 2673 5616 quando
2695 5543 2764 5598 ad
2789 5547 3050 5600 virtutem
3079 5539 3240 5596 nobis
3259 5550 3418 5608 opem
3439 5532 3651 5605 ferunt,

1698 5720 1898 5785 Varite
1931 5723 2263 5788 lectiones.

347 5870 482 5946 (gi)
521 5865 787 5925 ﬂorum
815 5860 1029 5909 sensus
1054 5848 1255 5907 clarior
1289 5849 1523 5911 estsine
1549 5851 1715 5909 verbo
1751 5853 2034 5920 νικῶντος,
2065 5852 2212 5923 quod
2253 5851 2473 5924 quidem
2543 5864 2650 5905 non
2690 5846 2891 5919 legisse
2979 5844 3192 5901 videtur
3260 5842 3494 5901 Latinus
3563 5841 3651 5901 in-

264 5960 535 6027 terprcs.
