4146 6448
601 412 672 480 91
1843 424 2232 488 summu
2261 430 2626 493 ZlGABENI
3166 390 3169 391 ί
3808 437 3877 501 ιε

602 540 665 587 ιιι
696 532 764 587 ad
786 532 1005 590 inanem
1033 548 1138 591 nos
1166 534 1398 607 gloriam
1426 534 1706 607 impellant
1733 556 1747 594 :
1775 548 1833 595 et
1862 556 1890 594 a
1921 541 2189 607 sinistris,

2294 564 2451 613 νωσι,
2489 550 2586 603 καὶ
2607 547 2717 603 ἀπὸ
2744 548 2855 603 τῶν
2878 532 3207 621 ἀριστερῶν,
3235 549 3364 605 ὅταν
3392 549 3876 621 ἀπαρακαλύπτως

609 625 834 692 quando
867 627 1017 681 omni
1063 626 1283 696 abjecto
1314 628 1610 696 velamine,
1645 632 1996 689 manifestam
2035 636 2192 691 nobis

605 713 717 767 vim
756 714 1023 770 inferunt.

672 802 937 875 Exsurge,
965 806 1217 885 Domine;
1245 808 1449 864 salvum
1481 828 1563 865 me
1585 811 1696 882 fac,
1735 812 1870 869 Dens
1903 831 2070 870 meus.
2104 816 2187 871 Tu

614 894 867 957 Domine.
914 896 1114 967 inquit,
1147 901 1240 969 qui
1280 901 1696 970 longanimitate
1746 906 2018 965 hactenus
2058 926 2190 966 usus

606 1001 690 1050 es,
732 996 791 1040 ut
846 988 1092 1044 dormire
1131 992 1540 1060 quodammodo
1587 999 1879 1064 videreris,
1930 1016 2187 1072 exsurge,

608 1089 662 1130 et
692 1081 1098 1138 commovearis
1134 1083 1402 1142 adversus
1435 1087 1691 1145 inimicos
1719 1091 2028 1159 meos..Vel
2055 1092 2192 1149 forte

552 1214 557 1219 .
613 1169 916 1227 Salvatoris
944 1170 1148 1229 Christi
1177 1179 1640 1236 resurrectionem
1678 1182 1947 1250 prmdieit,
1984 1186 2050 1239 ad
2090 1185 2192 1239 lm-

611 1261 758 1314 maui
804 1264 1026 1331 generis
1072 1268 1308 1322 salutem
1341 1284 1465 1323 eum
1497 1272 1814 1329 advocatis:
1867 1276 1939 1330 ita
1976 1286 2035 1332 ut
2082 1277 2190 1331 hu-

611 1364 787 1405 manae
819 1363 1028 1408 naturre
1053 1370 1370 1425 personam,
1405 1361 1724 1432 prophetam
1757 1363 2004 1422 induisse
2036 1364 2191 1422 dica-

614 1458 758 1497 mus.

688 1530 849 1592 Vens.
883 1537 936 1592 8.
996 1537 1260 1602 Quoniam
1312 1550 1367 1595 tu
1400 1545 1711 1611 percussisti
1767 1563 1947 1602 antnes
2000 1547 2192 1604 adver-

612 1637 792 1681 santes
825 1630 954 1683 mihi
978 1630 1093 1683 sine
1123 1648 1313 1687 causa.
1351 1634 1696 1704 Propheticis
1729 1639 1901 1695 oculis
1934 1640 2192 1696 inimico-

605 1736 728 1774 rmn
770 1738 996 1779 suorum
1028 1724 1392 1793 perditionem
1420 1729 1755 1796 praevidens.
1796 1731 1994 1789 beatus
2024 1733 2190 1788 David

609 1815 813 1885 gratias
872 1814 980 1869 Deo
1029 1815 1162 1885 agit,
1212 1825 1268 1873 et
1314 1818 1578 1874 collatum
1641 1821 1697 1877 in
1747 1838 1808 1879 se
1862 1823 2189 1881 beneﬁcium

606 1907 880 1974 agnoscit.

681 1994 876 2051 Dentes
911 2008 1251 2066 peccatorum
1297 2002 1618 2057 contrivisti.
1650 2001 1754 2058 Per
1781 2005 2000 2069 dentes,
2046 2004 2192 2072 vires

608 2086 887 2154 intelligit.
925 2086 1280 2147 Translatum
1313 2102 1398 2147 est
1449 2103 1634 2155 autem
1683 2094 1788 2150 hoc
1817 2095 2028 2158 aleris,
2070 2111 2193 2166 quae

607 2173 662 2228 in
721 2175 985 2233 dentibus
1041 2195 1318 2235 summum
1378 2182 1584 2238 habent
1634 2184 1843 2251 robur;
1877 2197 2191 2256 peccatores

606 2282 738 2321 vero
797 2269 1053 2326 inimicos
1082 2287 1276 2328 omnes
1310 2274 1570 2345 appellat,
1601 2290 1829 2345 peccare
1863 2275 1985 2331 illos
2018 2276 2191 2346 signi-

609 2357 805 2422 ﬁcans,
829 2361 956 2430 quia
985 2362 1056 2417 ob
1077 2364 1250 2419 solam
1282 2380 1495 2423 morum
1523 2367 1957 2437 perversitatem,
1983 2376 2192 2426 temere

603 2449 872 2507 adversus
903 2468 1027 2508 eum
1060 2457 1404 2526 pugnabant.

675 2539 844 2600 Vens.
872 2543 927 2598 9.
967 2544 1181 2600 Domini
1206 2557 1283 2602 est
1311 2549 1485 2604 salus.
1522 2550 1701 2619 Atque
1737 2552 1842 2607 hoc
1875 2551 1943 2607 ad
1978 2550 2190 2621 gratia-

603 2648 726 2687 rum
775 2637 1050 2691 actionem
1096 2640 1354 2707 pertinet,
1404 2648 1459 2695 et
1519 2642 1985 2725 signiﬁcattquod
2038 2643 2192 2699 solus

607 2724 772 2788 Deus,
804 2738 856 2782 et
888 2728 1075 2785 nullus
1103 2730 1245 2787 alius
1271 2747 1396 2787 eum
1427 2735 1687 2789 salvabit.

684 2815 749 2870 Et
774 2835 932 2888 super
959 2823 1213 2890 populum
1244 2832 1388 2877 tuum
1422 2824 1711 2880 benedictio
1739 2836 1851 2882 tua.
1881 2827 1947 2881 Et
1986 2826 2189 2896 veniat,

605 2905 806 2975 inquit,
857 2908 1164 2965 benedictio
1199 2921 1289 2965 tua
1338 2929 1506 2983 super
1556 2903 1820 2984 populum
1869 2926 2046 2984 tuum,
2097 2917 2192 2989 qui

603 3010 819 3051 meeum
855 2998 1062 3067 pariter
1094 3000 1447 3056 inimicorum
1486 3002 1714 3072 injurias
1741 3019 2031 3074 perpessus
2064 3016 2187 3062 est:

601 3088 685 3142 vel
739 3102 956 3144 omnem
989 3092 1248 3160 populum
1290 3093 1640 3164 simpliciter,
1671 3097 1765 3168 qui
1810 3097 1914 3153 sub
1953 3113 2077 3154 meo
2106 3106 2193 3154 est

608 3179 877 3248 imperio;
927 3182 1014 3236 vel
1052 3198 1222 3252 super
1252 3184 1493 3241 ﬁdelium
1521 3187 1966 3242 Christianorum
2015 3204 2192 3260 popu-

603 3265 741 3321 lum.
784 3268 887 3323 Per
925 3269 1365 3329 benedictionem
1399 3291 1532 3331 vero
1581 3276 1887 3346 intelligere
1929 3278 2195 3337 debemus

601 3374 789 3429 pacem
825 3372 883 3417 et
915 3363 1100 3419 divina
1132 3365 1421 3433 beneﬁcia,
1461 3384 1585 3438 quae
1625 3370 2029 3426 benedictionis
2059 3379 2195 3427 sunt

601 3465 792 3506 causa.
835 3451 1048 3523 Quippe
1097 3468 1224 3509 cum
1261 3466 1315 3510 et
1364 3460 1627 3528 populus,
1655 3469 1710 3514 et
1740 3460 2063 3530 quicunque
2096 3460 2193 3516 alii

2293 640 2374 704 εἰς
2400 640 2682 712 ἁμαρτίαν
2711 641 3038 712 βιάζωνται.

2376 816 2663 883 Ἀνάστα,
2719 818 2919 887 Κύριε⁸
2973 815 3184 873 σῶσόν
3211 836 3310 889 με,
3370 822 3404 874 ὁ
3439 819 3587 887 Θεός
3612 838 3755 889 μου.
3805 819 3881 873 “ra

2291 907 2552 973 ἀνάστα,
2583 909 2705 962 ἀντὶ
2752 907 2871 974 τοῦ,
2924 909 3196 980 Κινήθητι
3253 911 3396 964 κατὰ
3420 910 3532 964 τῶν
3578 911 3814 982 ἐχθρῶν,
3850 913 3881 964 ὁ
3914 964 3919 969 ,

2291 999 2467 1054 δοκῶν
2507 1002 2574 1071 τῇ
2620 1000 2976 1071 μακροθυμίᾳ
3013 1000 3325 1055 καθεύδειν.
3382 1002 3454 1055 Ἦ
3489 1002 3584 1056 καὶ
3636 1001 3736 1072 τὴν
3781 999 3879 1053 τοῦ

2291 1094 2547 1165 Σωτῆρος
2586 1095 2651 1147 ἐκ
2681 1093 2892 1164 νεκρῶν
2925 1094 3228 1148 ἀνάστασιν
3276 1093 3667 1166 ἀνακρούεται,
3693 1091 3881 1146 καλῶν

2293 1186 2459 1239 αὐτὸν
2498 1188 2579 1249 εἰς
2607 1185 2670 1238 τὸ
2710 1185 2884 1239 σῶσαι
2914 1184 3042 1250 τοὺς
3094 1183 3451 1257 ἀνθρώπους,
3505 1183 3600 1248 οὒς
3653 1182 3748 1237 καὶ
3789 1182 3884 1236 διὰ

2294 1278 2495 1332 ἐαυτοῦ
2527 1277 2854 1332 αἰνίττεται.

2364 1547 2488 1601 Ὅτι
2525 1545 2609 1600 σὺ
2637 1544 2943 1610 ἐπάταξας
2981 1543 3214 1609 πάντας
3268 1541 3410 1606 τοὺς
3451 1537 3889 1612 ἐχθραίνοντάς

2288 1657 2392 1708 μοι
2414 1639 2699 1708 ματαίως.
2720 1638 2850 1694 Τοῖς
2873 1636 3240 1708 προφητικοῖς
3261 1632 3563 1703 ὀφθαλμοῖς
3592 1632 3694 1703 ἤδη
3718 1634 3888 1702 προῖ-

2290 1729 2396 1783 δὼν
2428 1730 2529 1801 τὴν
2560 1728 2840 1784 ἀπώλειαν
2869 1727 2979 1782 τῶν
3032 1725 3336 1797 πολεμίων,
3383 1723 3723 1795 εὐχαριστεῖ,
3780 1719 3888 1773 καὶ

2293 1821 2699 1891 ἐξομολογεῖται
2726 1820 2827 1891 τὴν
2859 1819 3043 1888 χάριν.

2385 1997 2669 2063 Ὀδόντας
2687 1989 3057 2065 ἁμαρτωλῶν
3088 1989 3502 2056 συνέθλασας.
3543 1985 3755 2057 Δηλαδὴ
3781 1984 3896 2054 τὴν

2303 2090 2480 2161 ἰσχὺν,
2533 2090 2597 2142 ἐκ
2648 2087 2966 2158 μεταφορᾶς
3022 2083 3132 2137 τῶν
3176 2081 3406 2154 θηρίων,
3456 2080 3604 2146 ἅπερ
3649 2080 3895 2141 ἐπἰτοῖς

2299 2182 2508 2237 ὀδοῦσιν
2559 2179 2674 2252 εχει
2724 2179 2824 2250 τὴν
2878 2177 3129 2247 δύναμιν.
3198 2169 3586 2243 Ἀμαρτωλοὺς
3629 2170 3683 2223 δὲ
3732 2168 3897 2236 λέγει

2299 2276 2511 2339 πάντας
2554 2273 2682 2335 τοὺς
2733 2272 3042 2341 δυσμενεῖς,
3091 2268 3167 2333 ὡς
3225 2263 3647 2337 ἁμαρτάνοντας
3695 2263 3754 2315 ἐν
3802 2260 3888 2333 τῷ

2299 2367 2728 2441 προσπολεμεῖν,
2757 2364 2848 2418 διὰ
2873 2362 2934 2416 τὸ
2964 2361 3166 2433 μάτην,
3190 2358 3282 2414 διὰ
3322 2357 3494 2430 μόνην
3518 2354 3807 2427 πονηρίαν.

2370 2543 2483 2598 Τοῦ
2506 2542 2725 2611 Κυρίου
2749 2540 2788 2609 ἡ
2819 2537 3104 2606 σωτηρία.
3136 2535 3246 2589 Καὶ
3274 2534 3435 2589 τοῦτο
3458 2531 3892 2603 εὖχαριστήριον

2298 2635 2654 2705 ἐπιφώνημα,
2680 2631 2969 2703 δηλοῦντος
3006 2630 3088 2683 ὅτι
3120 2629 3325 2699 Κύριος
3349 2626 3553 2680 ἔσωσεν
3577 2624 3762 2689 αὐτὸν,
3788 2623 3893 2677 καὶ

2298 2726 2473 2789 οὐδεὶς
2503 2726 2592 2779 Et:
2601 2742 2713 2794 ρος.

2369 2817 2477 2872 Καὶ
2506 2817 2603 2871 ἐπὶ
2633 2815 2741 2870 τὸν
2771 2814 2927 2870 ,ιαόν
2948 2830 3065 2870 σου
3087 2814 3125 2882 ἡ
3150 2810 3400 2882 εὐλογία
3415 2826 3555 2866 σου.
3589 2807 3702 2863 Καὶ
3721 2803 3889 2881 ἦλθε,

2299 2910 2484 2983 φησιν,
2538 2911 2571 2980 ἡ
2603 2907 2824 2977 εὐλογία
2860 2924 2954 2960 σου
2987 2908 3080 2961 ἐπί
3108 2906 3200 2960 τὸν
3228 2904 3355 2957 λαόν
3403 2919 3522 2967 σου,
3558 2901 3591 2972 ἢ
3629 2901 3723 2954 τὸν
3776 2899 3881 2952 σὺν

2299 3002 2425 3074 ἐμοὶ
2454 2998 2938 3071 πολεμούμενον.ῆ
2974 2997 3160 3058 ἁπλῶς
3203 2996 3295 3049 τὸν
3327 2995 3433 3049 ὑπὸ
3461 2994 3560 3066 τὴν
3587 2993 3717 3061 ὃλην
3771 3008 3881 3061 μου

2301 3094 2601 3167 βασιλείαν,
2630 3092 2665 3165 ἢ
2685 3092 2775 3146 τὸν
2791 3090 2900 3144 τῶν
2920 3090 3144 3144 πιστῶν.
3170 3088 3436 3157 Εὐλογίαν
3455 3086 3511 3141 δὲ
3538 3083 3891 3156 ὑποληπτέον

2297 3188 2399 3258 τὴν
2427 3187 2672 3258 εἰρήνην,
2706 3183 2803 3239 καὶ
2831 3184 2932 3253 τὴν
2971 3183 3323 3255 εὐεργεσίαν,
3376 3180 3455 3243 ὡς
3504 3178 3686 3232 αἰτίαν
3723 3175 3888 3229 εὐλο-

2297 3278 2424 3346 γίας
2455 3276 2856 3346 γεγενημένην,
2913 3272 3087 3335 Αὐτός
3117 3288 3175 3325 τε
3208 3270 3318 3340 γὰρ
3359 3271 3402 3336 Δδ
3445 3267 3574 3331 λαὸς
3604 3267 3695 3321 τὸν
3745 3264 3890 3318 Θεὸν

2291 3367 2536 3434 ἐδόξασε,
2569 3365 2666 3420 καὶ
2707 3366 2756 3418 oi
2807 3364 3031 3433 ἰδόντες,
3079 3361 3203 3426 οἴας
3238 3360 3567 3433 ἀπήλαυσαν
3595 3356 3706 3429 (25)
3732 3357 3888 3427 ἀρω-

2290 3460 2417 3528 γῆς.

601 3545 839 3602 videriut
933 3550 1096 3636 quale
1152 3551 1417 3607 auxilium
1478 3565 1812 3612 consecutus
1869 3564 1954 3612 est
2012 3571 2043 3612 a
2105 3554 2219 3613 Deo
2292 3557 2490 3614 beatus
2536 3556 2731 3625 David,
2780 3554 2961 3623 daturi
3014 3566 3207 3610 omnes
3257 3549 3371 3607 sint
3427 3560 3698 3605 summam
3762 3544 3885 3599 Deo

602 3638 837 3710 gloriam

783 3731 850 3787 In
879 3734 1038 3804 ﬁnem
1072 3736 1128 3790 in
1161 3736 1367 3806 hymnis
1398 3739 1636 3807 psalmus
1666 3741 1771 3809 ipsi
1818 3740 2009 3798 David.

1153 3824 1482 3885 PSALMUS
1538 3830 1630 3887 IV.

689 3913 1016 3971 inscribitur
1048 3918 1103 3972 in
1127 3918 1285 3987 ﬁnem
1337 3919 1427 3975 hic
1469 3922 1749 3993 psalmus,
1782 3922 1913 3993 quia
1946 3930 2005 3976 ut
2048 3920 2191 3977 infe-

603 4006 721 4063 rius
749 4007 999 4066 dicemus
1023 4049 1039 4072 .
1067 4012 1494 4069 resurrectionis
1521 4014 1869 4085 prophetiam
1903 4018 2189 4080 continet,

603 4109 660 4153 et
686 4114 806 4170 qua?
845 4101 912 4155 ad
968 4100 1213 4156 futurum
1246 4105 1509 4158 steculum
1550 4105 1846 4174 pertinent,
1872 4105 2018 4177 quod
2050 4121 2192 4175 prae-

604 4192 779 4248 sentis
839 4206 962 4248 esse
1009 4194 1194 4249 saeculi
1234 4193 1397 4250 ﬁnem
1439 4211 1600 4252 nemo
1660 4198 1904 4268 ambigit.
1942 4197 2008 4252 In
2041 4198 2197 4269 Itym-

603 4285 685 4337 nis
745 4299 878 4338 vero
922 4284 1046 4340 ideo
1101 4287 1412 4356 appositum
1467 4296 1575 4351 est,
1628 4288 1757 4358 quia
1790 4289 2060 4345 mirabilia
2100 4289 2195 4344 Dei

602 4389 766 4441 opum
807 4376 1054 4430 continet
1123 4392 1138 4429 :
1196 4377 1398 4446 quibus
1452 4378 1706 4434 etl'ectum
1768 4389 1895 4443 est,
1973 4390 2029 4434 ιιι
2087 4381 2198 4435 ΑΙ)-

603 4465 812 4520 salmiis
868 4466 1212 4537 tyrannidem
1262 4473 1639 4536 superaverit,
1685 4485 1794 4539 quo
1847 4469 1992 4526 facto
2055 4487 2195 4541 prie-

603 4565 817 4609 seutem
899 4558 1176 4625 psalmum
1255 4558 1591 4616 decantat-it.
1673 4562 1939 4630 Congruit
2026 4564 2191 4618 etiam

603 4644 692 4698 hic
740 4645 984 4712 psalmus
1032 4649 1342 4720 cuicunque
1364 4667 1393 4703 a
1429 4653 1690 4721 periculis
1722 4653 1973 4709 liberato.

678 4734 840 4793 Vnus.
878 4738 931 4792 2.
970 4737 1104 4793 Cum
1140 4741 1461 4803 invocarem,
1494 4744 1767 4799 exaudivit
1799 4762 1878 4800 me
1921 4745 2063 4801 Deus
2091 4746 2187 4815 ju-

605 4829 771 4883 stitite
803 4845 952 4884 mete.
983 4830 1370 4903 Contemplare
1404 4835 1740 4891 celeritatem
1767 4879 1781 4903 ,
1833 4852 1955 4892 cum
2006 4838 2188 4893 adhuc

604 4917 884 4974 invocaret
924 4922 1214 4976 exauditus
1251 4931 1376 4989 est;
1410 4923 1555 4979 sicut
1590 4924 1718 4979 alibi
1775 4925 1941 4981 etiam
1988 4924 2129 4978 ait"
2178 4942 2192 4979 :

610 5009 797 5064 Adhuc
830 5012 1070 5081 loquente
1115 5022 1162 5068 te
1215 5014 1414 5081 dicam,
1455 5015 1587 5071 Ecce
1609 5019 1819 5072 adsum.
1839 5015 2026 5088 Neque
2048 5016 2196 5072 enim

609 5105 906 5159 verborum
941 5106 1101 5176 copia
1133 5109 1420 5176 persuadet
1455 5110 1589 5175 Deo,
1622 5111 1715 5165 sed
1751 5126 1883 5178 pura
1915 5110 2184 5179 simplicis

608 5196 805 5251 animae
837 5196 1072 5254 aﬂ‘ectio.
1113 5200 1267 5266 Quod
1300 5217 1429 5256 vero
1453 5201 1568 5257 ait:
1602 5201 1742 5255 Dens
1767 5201 2001 5270 justitia:
2038 5216 2189 5263 mere,

610 5289 1038 5345 circumlocutus
1076 5301 1160 5347 est
1188 5306 1306 5362 pro,
1346 5292 1488 5349 Deus
1523 5294 1625 5348 mei
1668 5292 1834 5347 David
1881 5308 1895 5345 :
1943 5293 2047 5347 mei
2100 5291 2191 5346 in-

606 5394 772 5448 quam
810 5382 902 5451 qui
941 5382 1203 5442 Absaloni
1234 5394 1583 5454 comparatus
1605 5384 1790 5455 justus
1846 5382 2015 5440 videri
2056 5396 2186 5454 pos-

713 5538 762 5572 ³³
792 5538 900 5596 lsa.
930 5557 1081 5609 Lvut,
1104 5543 1161 5598 9.

2367 3926 2473 3991 Είς
2507 3923 2577 3978 τὸ
2606 3922 2783 3988 τέλος
2811 3919 2910 3991 μὲν
2940 3916 3351 3988 ἐπιγέγραπται
3375 3955 3390 3979 ,
3438 3912 3526 3967 διὰ
3559 3912 3620 3965 τδ
3664 3926 3883 3981 προφηο

2296 4016 2488 4072 τεῦσαι
2519 4016 2650 4087 περὶ
2679 4014 2781 4085 τῆς
2815 4014 2881 4066 ἐκ
2905 4008 3118 4081 νεκρῶν
3144 4006 3521 4071 ἀναστάσεως,
3551 4004 3629 4067 ὡς
3655 4002 3881 4064 προῖόν-

2296 4128 2389 4175 τες
2446 4107 2812 4176 ἐπιδείξομεν,
2839 4104 2965 4176 ἥτις
3011 4101 3107 4157 τοῦ
3151 4098 3441 4171 μέλλοντός
3478 4100 3628 4152 ἐστιν
3652 4096 3878 4164 αἰῶνος,

2297 4203 2356 4256 ὃν
2378 4202 2599 4272 οἴδαμεν
2626 4199 2720 4254 τοῦ
2758 4196 3030 4269 παρόντος
3057 4194 3234 4257 τέλος.
3277 4192 3385 4247 Ἔν
3414 4191 3631 4261 ὕμνοις
3662 4189 3742 4250 δὲ,
3788 4188 3882 4242 διὰ

2298 4296 2360 4350 τὸ
2411 4294 2710 4364 κηρύττειν
2738 4289 2809 4343 τὰ
2840 4287 2937 4342 τοῦ
2991 4286 3129 4341 Θεοῦ
3178 4284 3484 4356 θαυμάσια,
3548 4282 3883 4351 ποιήσαντος

2298 4387 2463 4442 αὐτὸν
2517 4384 2823 4455 ὑπέρτερον
2856 4381 2956 4448 τῆς
3005 4373 3333 4446 Ἀὅεσαλὼμ
3373 4373 3714 4445 τυραννίδος,
3753 4369 3880 4440 μεθ’

2297 4482 2365 4551 ἢν
2395 4477 2494 4552 ᾖσε
2526 4475 2619 4528 τὸν
2649 4473 2893 4543 παρόντα
2928 4469 3170 4540 ψαλμόν.
3213 4466 3472 4539 Ἀρμόξει
3504 4465 3561 4520 δέ
3589 4463 3687 4518 καὶ
3713 4462 3883 4516 παντὶ

2299 4570 2670 4637 ἀπαλλαγέντι
2701 4566 2977 4620 κινδύνου.

2368 4730 2469 4783 Ἔν
2494 4728 2575 4793 τῷ
2607 4723 3031 4781 ἐπικαῑεῑσθαί
3054 4739 3152 4791 με,
3183 4718 3518 4790 εισήκουσέ
3534 4735 3655 4789 μου
3682 4720 3714 4772 ό
3733 4716 3884 4784 Θεὸς

2297 4823 2409 4892 τῆς
2433 4819 2832 4886 δικαιοσύνης
2857 4834 2999 4887 μου.
3029 4816 3175 4884 Ὅρα
3198 4815 3261 4867 τὸ
3280 4815 3445 4884 τάχος
3465 4829 3479 4842 ·
3526 4811 3607 4864 ἐτι
3640 4812 3735 4863 καὶ
3754 4811 3881 4862 ἐπι.

2216 4944 2231 4951 -
2294 4915 2639 4984 καλουμένου
2683 4912 3016 4982 ἐπήκουσεν.
3076 4909 3208 4962 Ἔτι
3235 4905 3368 4976 γὰρ,
3404 4904 3560 4975 φησὶ,
3612 4902 3884 4957 λαλοῦν-

2290 5009 2389 5074 τός
2419 5022 2536 5062 σου
2555 5046 2570 5072 ,
2601 5003 2714 5074 ἐρῶ
2739 5020 2753 5036 ’
2777 5002 2940 5059 Ἰδοὺ
2984 5001 3252 5069 πάρειμι.
3288 4999 3364 5053 Οὐ
3391 4999 3502 5067 γὰρ
3530 4996 3738 5066 πλῆθος
3779 4997 3881 5065 ρη-

2297 5102 2487 5175 μάτων
2532 5098 2708 5152 πείθει
2753 5097 2846 5150 τὸν
2877 5096 3013 5150 Θεὸν
3032 5136 3047 5160 ,
3073 5094 3210 5148 ἀλλὰ
3237 5093 3418 5164 ψυχῆς
3449 5089 3668 5159 καθαρά
3701 5086 3883 5141 διάθε·

2295 5211 2400 5258 σις.
2420 5193 2494 5247 Τὸ
2524 5191 2605 5256 δέ,
2636 5188 2749 5257 τῆς
2763 5186 3164 5255 δικαιοσύνης
3174 5201 3320 5254 μου,
3349 5181 3685 5254 περίφρασις
3708 5180 3880 5244 ἐστιν,

2291 5287 2414 5341 ἀντὶ
2445 5284 2564 5346 τοῦ,
2613 5282 2673 5336 Ὀ
2696 5280 2833 5344 Θεδς
2864 5278 3001 5350 ἐμοῦ
3042 5277 3137 5331 τοῦ
3170 5275 3406 5338 δικαίου,
3451 5274 3577 5327 ὅσον
3610 5271 3750 5341 πρὸς
3779 5268 3883 5338 τὴν
3908 5270 3913 5273 ”
3936 5272 3965 5299 λ

2294 5376 2511 5433 ἀδικίαν
2546 5371 2871 5444 ’Ᾱὸεσαλὼμ-
2902 5371 3173 5445 ἠδικήθην
3196 5385 3211 5400 ο
3238 5371 3332 5424 καὶ
3352 5367 3467 5439 γὰρ
3494 5367 3596 5421 οὐκ
3619 5362 3881 5435 ὴδίκησα.

1949 5681 2154 5744 Variae
2184 5678 2523 5742 lectiones.

686 5871 955 5943 (25)(1οι1.
1000 5874 1157 5931 habet
1194 5875 1538 5947 ἀπήλαυσαν,
1572 5879 1839 5933 consecuti
1867 5879 1994 5944 sint,
2034 5885 2090 5931 ut
2119 5875 2184 5931 ad
2227 5874 2481 5945 populos,
2506 5887 2611 5927 non
2648 5869 2712 5925 ad
2753 5866 3008 5923 Davidem
3037 5866 3330 5924 referatur.
