4146 6432
202 454 264 514 93
1429 452 1818 516 COMMENT.
1854 454 1935 516 IN
1972 455 2340 520 PSALMOS.
3400 457 3471 523 9i

168 592 171 597 ‘
202 569 481 642 Πολλμχοῦ
522 568 586 623 δὲ
627 568 705 640 τῷ
732 569 927 640 τρόπῳ
974 569 1152 640 τούτῳ
1195 569 1421 640 χρῆται,
1452 570 1664 627 δίκαιον
1698 574 1785 626 καὶ

1899 587 2021 629 sum
2048 615 2064 640 ,
2095 574 2227 630 dum
2254 571 2548 643 justiorem
2588 588 2810 631 causam
2850 575 3027 631 foveo.
3080 573 3266 645 Neque
3322 577 3470 632 enim

196 665 363 725 ὅσιον,
392 663 494 715 καὶ
518 661 592 714 τά
623 661 851 715 τοιαῦτα
883 663 1072 715 καλῶν
1113 662 1327 729 ἑαυτὸν,
1366 664 1429 717 οὐ
1460 665 1785 735 κομπάζων,

196 753 332 808 ἀλλά
363 753 510 825 πρὸς
558 754 661 818 τὰς
686 753 797 808 τῶν
839 752 1230 824 πολεμούντων
1277 754 1789 826 παρεξεταζόμενος

193 864 332 917 saw;
341 847 495 919 ρεας.

251 1107 377 1162 ‘Er
421 1108 639 1177 θλίψει
692 1106 1046 1176 ἐπλάτυνάς
1089 1124 1188 1178 με.
1230 1108 1419 1180 Διαχεῖ
1448 1109 1550 1178 μὲν
1598 1108 1707 1180 γὰρ
1752 1111 1786 1180 ἠ

190 1204 364 1275 χαρὰ,
404 1205 599 1256 στενοῐ
624 1201 682 1255 δὲ
706 1202 739 1272 ἠ
770 1202 955 1271 Θλιψις
980 1218 994 1233 ο
1020 1201 1121 1272 ἐμὲ
1153 1200 1229 1266 δὲ,
1255 1202 1588 1264 τούναντίον,
1621 1202 1679 1255 ὲν
1707 1202 1786 1272 τῷ

193 1293 377 1366 και.ρῷ
420 1295 528 1365 τῆς
561 1293 747 1364 λύπης
797 1292 1004 1364 μᾶλλον
1067 1294 1330 1365 ἐποίησας
1383 1295 1782 1366 μεγαλόψυχον,

189 1390 261 1452 ὡς
318 1388 418 1441 καὶ
474 1386 890 1457 παραγγέλλειν
938 1385 1222 1458 φείδεσθαι
1289 1386 1385 1442 τοῦ
1448 1386 1785 1458 πατραλοὶου

190 1482 407 1545 παιδός.

263 1661 675 1730 οἰκτείρησόν
719 1676 798 1729 με
849 1658 948 1714 καὶ
1002 1658 1377 1716 εἰσάκουσον
1430 1660 1543 1730 τῆς
1597 1677 1784 1732 προσ-

194 1754 384 1823 ευχῆς
420 1771 573 1821 μου.
622 1751 943 1822 Ἐλεηθῆναι
977 1752 1072 1806 καὶ
1096 1752 1179 1806 ἔτι
1206 1751 1471 1820 δυσωπεῖ,
1504 1754 1599 1808 καὶ
1624 1772 1783 1826 περι-

1891 667 2044 721 illum
2071 680 2193 736 ego,
2223 664 2321 722 sed
2353 664 2441 721 ille
2471 681 2557 721 me
2586 664 2772 721 affecit
2820 666 3039 735 injuria.
3104 666 3169 721 Et
3213 682 3464 737 saepenu-

1889 772 2042 812 mero
2110 756 2215 812 hoc
2275 756 2533 826 loquendi
2593 755 2757 812 modo
2813 758 2987 811 utitur
3033 755 3347 828 Propheta,
3409 768 3470 813 nt

1888 858 2141 904 sanctum
2171 863 2231 904 se
2267 857 2365 902 aut
2392 849 2601 918 justum
2630 848 2885 919 appellet,
2924 858 3017 903 aut
3067 847 3276 917 aliquid
3314 846 3468 916 ejus-

1888 940 2057 1005 modi,
2116 956 2226 995 non
2255 939 2424 996 veluti
2459 939 2848 1009 iactabundus,
2884 939 2980 997 sed
3025 940 3465 996 adversariorum

1887 1047 1948 1088 se
1971 1046 2302 1104 comparans
2338 1033 2618 1103 pravitati.

1962 1122 2027 1177 In
2066 1123 2407 1180 tribulatione
2462 1124 2714 1179 dilatasti
2758 1140 2856 1180 me.
2912 1124 3182 1180 Gaudium
3242 1124 3468 1179 dilatare

1887 1216 2027 1271 solet
2057 1224 2112 1272 et
2141 1216 2449 1273 diﬂ'undere
2481 1217 2750 1283 animum,
2790 1214 3010 1271 aﬂlictio
3040 1229 3222 1272 autem
3261 1231 3467 1286 angere

1886 1316 2053 1380 atque
2083 1319 2403 1379 angustare.
2440 1309 2640 1367 Verum
2680 1318 2760 1375 ιιι,
2804 1310 2999 1380 inquit,
3034 1310 3088 1364 in
3120 1310 3378 1365 mmroris
3398 1322 3465 1364 ac

1885 1402 2132 1457 tristitiae
2158 1410 2428 1472 tempore,
2460 1419 2568 1456 non
2602 1400 3010 1472 pusillanimem
3037 1440 3053 1464 ,
3090 1400 3186 1456 sed
3242 1415 3468 1469 magna-

1885 1496 2093 1548 nimum
2119 1495 2301 1564 potius
2335 1511 2423 1549 me
2448 1493 2625 1552 fecisti
2659 1511 2674 1550 :
2719 1494 2792 1550 ita
2828 1502 2887 1549 ut
2933 1493 3037 1563 ipsi
3091 1493 3252 1548 etiam
3282 1493 3460 1565 parri-

1883 1585 2022 1640 cidae
2062 1584 2171 1640 ﬁlio
2202 1586 2356 1656 parci
2389 1585 2786 1641 mandaverim.

1954 1675 2206 1732 Miserere
2257 1678 2358 1731 mei
2394 1689 2441 1733 et
2483 1677 2678 1732 exaudi
2728 1679 3018 1732 orationem
3045 1691 3238 1731 meam.
3272 1673 3468 1731 Adhuc

1883 1767 2055 1823 Deum
2096 1769 2273 1840 magis
2329 1769 2395 1823 ad
2449 1768 2883 1826 misericordiam
2939 1768 3151 1834 allicit,
3203 1775 3467 1835 regatque

199 1849 496 1908 πίπτοντος
536 1843 705 1906 αὖθις
752 1843 887 1907 ἴσως
933 1846 1263 1916 πειρασμοῖς
1309 1844 1384 1917 μὴ
1432 1845 1781 1917 παροφθῆναι

1889 1876 2075 1932 preces
2109 1875 2241 1916 suos
2270 1875 2379 1915 non
2408 1860 2619 1930 despici
2649 1902 2667 1928 ,
2697 1861 2744 1916 si
2795 1860 3020 1932 quando
3048 1859 3104 1913 in
3137 1857 3465 1913 tentationes

202 1935 292 2006 τὴν
320 1932 759 2004 προφερομένην
788 1932 1092 2004 τηνικαῦτα
1120 1932 1326 2002 δέησιν.

267 2029 388 2083 Υἱοὶ
419 2024 799 2096 ἀνθρώπων,
846 2025 960 2093 ἕως
989 2026 1136 2080 πότε
1172 2026 1607 2097 βαρυκὰρὸιοι;
1639 2030 1784 2099 Πρὲς

200 2122 320 2185 eois;
376 2119 575 2189 φίλους
610 2119 709 2173 καὶ
757 2119 1037 2186 γνωστοὺς
1088 2120 1117 2173 ό
1164 2118 1343 2187 λόγος,
1403 2122 1784 2191 πειρωμένους

206 2211 423 2284 βοηθεῖν
449 2214 516 2266 ὲκ
539 2211 656 2265 τῶν
690 2211 1006 2281 παρόντων,
1037 2211 1126 2265 ὅτε
1151 2211 1220 2266 τά
1244 2211 1347 2281 τῆς
1372 2216 1661 2285 συμφορᾶς
1687 2217 1787 2267 ἒπ-

213 2304 453 2373 εκράτει.
483 2304 644 2373 Λέγει
678 2302 815 2371 γοῦν
843 2303 926 2357 ὃτι
945 2302 1125 2375 Μέχρι
1159 2303 1304 2368 τινος
1332 2304 1432 2373 οὐχ
1458 2304 1656 2374 ὐψοῦτε
1685 2305 1785 2377 τὴν

215 2390 440 2457 καρδίαν
494 2390 554 2441 ὲν
600 2392 719 2453 ταῖς
753 2390 1004 2460 θλίψεσιν
1035 2393 1116 2454 εἰς
1143 2391 1300 2458 Θεὸν,
1331 2394 1470 2450 ἀλλὰ
1518 2394 1784 2466 βαρύνετε

211 2480 433 2549 ταύτην,
467 2481 866 2546 κατασπῶντες
925 2482 1298 2554 ἀνθρωπίνοις
1343 2484 1658 2557 λογισμοῖς,
1688 2489 1784 2541 καὶ

206 2575 319 2636 ταῖς
366 2575 656 2644 βιωτικαῖς
707 2574 993 2646 φροντίσις
1032 2575 1111 2631 Τδ
1152 2576 1239 2639 δὲ,
1272 2579 1393 2633 Υἱοὶ
1427 2578 1781 2648 ἀνθρώπων,

194 2661 352 2729 αὖθις
402 2665 766 2735 περίφρασις,
795 2666 918 2720 ἀντὶ
946 2665 1064 2733 τοῦ,
1121 2662 1166 2723 ὦ
1191 2668 1471 2740 ἄνθρωποι
1499 2686 1514 2702 ·
1551 2670 1784 2742 σύνηθες

192 2755 296 2827 γὰρ
328 2756 496 2810 τοῦτο
523 2761 598 2830 τῇ
629 2758 741 2812 τῶν
778 2758 1050 2830 Ἑϐραίων
1076 2758 1367 2832 διαλέκτῳ.

266 2935 464 2990 Ἰνατί
481 2935 765 3005 ἀγαπᾶτε
772 2938 1162 3006 ματαιότητα.
1183 2937 1281 2994 καὶ
1301 2936 1520 3009 ζητεῖτε
1534 2941 1787 3010 ψεῦδος

191 3027 524 3097 “mulsi;
537 3030 600 3081 al
619 3027 964 3102 ἀνθρώπιναι
981 3033 1244 3103 μηχαναὶ,
1260 3034 1356 3087 καὶ
1378 3033 1662 3089 σαίνουσαι
1685 3035 1787 3106 μὲν

194 3125 299 3185 ταῖς
314 3121 573 3189 ἐλπίσιν,
593 3122 975 3192 ἀποτυγχάνου
985 3138 1072 3176 σαι
1089 3122 1244 3179 δέ.Ἦ
1256 3124 1351 3178 καὶ
1369 3125 1459 3180 διὰ
1469 3126 1596 3190 τοὺς
1613 3144 1784 3199 προσ-

194 3214 494 3283 τετηκότας
529 3215 650 3278 τοῖς
686 3214 978 3286 παροῦσιν.
1010 3215 1086 3279 ὡς
1120 3217 1372 3287 μένουσι,
1393 3216 1568 3272 ταῦτά
1592 3236 1780 3289 φησιν,

194 3302 325 3373 ἅπερ
360 3303 472 3374 οὐχ
506 3301 808 3371 ὑφίσταται
829 3322 842 3336 -
871 3304 1133 3361 δοκοῦντα
1168 3307 1290 3377 μὲν,
1320 3306 1409 3361 διὰ
1430 3308 1491 3361 τὺ
1514 3309 1779 3381 φαινόμε·

194 3409 273 3445 νον
291 3407 308 3422 ·
325 3392 434 3446 οὐκ
468 3392 612 3446 ὄντα
633 3391 713 3460 δὲ,
745 3392 834 3447 διὰ
854 3393 957 3464 τὴν
981 3394 1309 3465 μεταϐολήν*
1335 3395 1432 3450 καὶ
1455 3395 1564 3471 γὰρ
1594 3396 1778 3466 αὐτὸς,

198 3484 453 3554 βασιλεὺς
489 3484 595 3551 ὢν,
620 3484 951 3551 ἱδιὼτευσεν,
981 3488 1076 3540 καὶ
1101 3488 1492 3543 κατεδιώκετο.

1818 1924 1860 1980 Β
1889 1951 2143 2006 fortassis
2172 1965 2369 2006 rursus
2409 1951 2687 2006 inciderit.

1955 2039 2125 2095 Vsus.
2176 2041 2230 2095 3.
2270 2038 2395 2094 Filii
2432 2031 2728 2106 hominum,
2772 2055 3040 2110 usquequo
3078 2037 3226 2108 gravi
3262 2035 3419 2090 corde
3443 2034 3470 2089 τ’

1886 2132 2202 2189 Sermonem
2232 2132 2299 2186 ad
2330 2141 2493 2189 notos
2523 2133 2650 2197 sibi,
2684 2140 2848 2202 atque
2880 2132 2945 2185 ad
2997 2134 3204 2186 amicos
3238 2129 3424 2200 dirigit
3449 2166 3466 2192 ,

1883 2224 1977 2293 qui
2007 2223 2471 2278 invalescentibus
2505 2223 2915 2278 calamitatibus
2971 2221 3270 2278 studebant
3327 2234 3467 2289 ρεςε-

1884 2309 2129 2366 sentibus
2166 2324 2231 2365 ac
2262 2311 2656 2382 temporalibus
2711 2313 2936 2368 auxiliis
2989 2312 3037 2367 ei
3089 2326 3248 2382 opem
3302 2310 3467 2373 ferre,

1886 2403 2069 2471 aitque
2101 2421 2115 2458 :
2144 2401 2441 2472 Usqueauo
2476 2404 2620 2459 inter
2646 2402 2971 2460 afﬂictionos
3001 2418 3096 2460 cor
3116 2412 3358 2458 vestrum
3397 2400 3466 2455 ad

1889 2492 2055 2547 Deum
2086 2508 2195 2547 non
2235 2492 2465 2549 tollitis?
2501 2510 2790 2564 usquequo
2825 2494 3066 2548 animum
3110 2507 3175 2547 ac
3223 2506 3318 2547 cor
3369 2506 3466 2545 ve-

1885 2591 2062 2640 strum
2095 2583 2350 2639 humanis
2380 2585 2694 2641 rationibus
2724 2585 3121 2661 gravabitis,et
3145 2582 3303 2638 vanis
3345 2581 3467 2637 dis-

1887 2676 2178 2731 trabemini
2210 2676 2676 2733 sollicitudinibus
2700 2678 2725 2731 ?
2749 2676 2906 2743 Quod
2932 2691 3065 2731 vero
3093 2674 3190 2740 ait,
3225 2672 3356 2728 Filii
3371 2674 3469 2729 L7-

1887 2765 2108 2830 minuat,
2153 2764 2491 2835 periphrasis
2520 2775 2603 2821 est
2642 2775 2697 2821 et
2747 2763 3163 2820 circumlocutio
3191 2802 3207 2829 ,
3248 2778 3346 2832 pro
3401 2776 3469 2819 ο)

1887 2855 2033 2926 quod
2053 2865 2157 2916 est,
2179 2855 2442 2913 llomiues
2463 2874 2478 2912 :
2497 2867 2690 2926 estque
2720 2857 2922 2911 idioma
2952 2855 3467 2925 llebraiczelinguae.

1957 2947 2070 3003 Cur
2097 2947 2321 3017 diligitis
2367 2950 2657 3004 vanitatem
2714 2960 2762 3004 et
2811 2948 3049 3019 quaeritis
3094 2946 3472 3003 mendacium?

1891 3039 2120 3094 Inutiles
2168 3050 2300 3096 sunt
2339 3040 2561 3095 humani
2605 3048 2879 3097 conatus:
2920 3050 2976 3096 et
3024 3041 3202 3108 primo
3247 3037 3467 3109 quidem

1888 3137 2138 3196 aspectu,
2162 3140 2443 3201 conceptae
2468 3130 2654 3185 animo
2691 3130 2805 3200 spei
2837 3130 3091 3184 videntur
3114 3127 3466 3198 applaudere,

1894 3219 1990 3276 sed
2022 3221 2371 3291 postmodum
2418 3221 2776 3277 frustrantur.
2836 3218 2932 3275 Vel
2991 3219 3245 3275 fortassis
3298 3216 3468 3272 verba

1889 3312 2006 3367 haec
2036 3312 2102 3368 ad
2135 3311 2258 3368 illos
2283 3312 2433 3369 dicta
2489 3321 2655 3376 sunt,
2703 3311 2797 3382 qui
2846 3311 3208 3382 praesentibus
3251 3309 3422 3363 rebus
3449 3348 3466 3373 ,

1889 3411 2148 3474 tanquam
2179 3405 2458 3475 perpetuis
2487 3405 2754 3469 student,
2809 3400 3030 3457 tametsi
3082 3400 3311 3457 stabiles
3356 3412 3471 3452 non

1889 3502 2060 3562 sunt;
2099 3495 2352 3551 videntur
2386 3496 2608 3566 quidem
2648 3510 2769 3551 esse
2826 3501 3048 3565 propter
3098 3491 3151 3547 id
3217 3491 3362 3563 quod
3412 3490 3469 3544 in

199 3580 491 3649 superﬁcie
524 3587 779 3648 apparet,
812 3593 1001 3634 revera
1036 3587 1216 3635 tamen
1249 3581 1321 3636 ob
1370 3580 1624 3638 assiduas
1664 3583 2004 3642 mutationes
2038 3586 2106 3641 de
2133 3586 2241 3642 illis
2303 3587 2462 3642 aliter
2520 3584 2881 3658 iudicandum
2916 3590 3039 3639 'non
3112 3589 3197 3638 est
3220 3620 3237 3647 ,
3305 3594 3468 3651 quam

194 3674 237 3726 si
269 3687 376 3727 non
408 3676 636 3726 essent.
668 3669 806 3724 Nam
832 3680 885 3726 et
924 3670 1040 3741 ipse
1066 3672 1259 3727 beatus
1293 3672 1463 3728 David
1500 3688 1596 3729 rex
1639 3683 1780 3741 erat,
1823 3686 1879 3735 et
1912 3688 2096 3734 tamen
2122 3678 2391 3746 privatam
2420 3679 2584 3737 vitam
2645 3678 2876 3751 agebat,
2906 3686 2960 3733 et
3033 3673 3471 3747 persecutionem

194 3765 534 3821 Susum-bat.

259 3860 368 3916 Kal
398 3854 604 3928 γνῶτε
641 3856 735 3911 ὅτι
771 3856 1202 3927 ἐθαυμάστωσε
1230 3859 1447 3930 Κύριος
1476 3861 1585 3917 τόν
1607 3861 1783 3918 ὅσιον

204 3951 401 4005 αὑτοῦ.
436 3948 715 4020 Περιττδς
742 3950 771 4002 ό
796 3949 896 4004 καὶ
930 3949 1228 4022 σύνδεσμος
1258 3953 1524 4007 ἐνταῦθα’
1553 3955 1649 4009 καὶ
1673 3955 1784 4027 γὰρ

212 4045 388 4113 ἰδίωμα
430 4041 540 4096 καὶ
565 4040 731 4094 τοῦτο
756 4040 856 4111 τῆς
894 4041 1175 4111 Ἐϐραῖδος
1212 4045 1452 4115 γραφῆς,
1477 4045 1555 4107 ὡς
1584 4045 1787 4100 πολλα-

215 4135 293 4202 p5
320 4131 795 4207 παρατηροῦντες
825 4133 1101 4206 εὕρωμεν,
1152 4137 1185 4206 ἦ
1222 4137 1426 4208 μᾶλλον
1468 4139 1665 4202 εἰπεῖν,
1698 4139 1789 4192 εὖ·

218 4228 482 4299 ρήσωμεν.
518 4224 744 4280 Μάθετε
779 4221 897 4288 οὖν,
930 4228 1119 4298 φησὶν,
1173 4230 1257 4282 ὅτι
1289 4230 1318 4282 ό
1349 4230 1482 4295 Θεὸς
1520 4230 1785 4302 περιϐόη-

216 4332 288 4369 τον
315 4318 595 4387 ἑποξησεν
625 4318 726 4389 ἐμὲ
758 4318 850 4372 τὸν
877 4319 1272 4393 ἀφωσιωμένον
1298 4323 1390 4375 καὶ
1425 4323 1788 4393 ἀνακείμενον

216 4406 364 4476 me,
392 4406 502 4460 καὶ
540 4405 632 4459 ἐπ’
658 4406 810 4478 αὐτῷ
843 4409 994 4479 μόνῳ
1017 4411 1116 4473 τὰς
1143 4410 1368 4479 ἐλπίδας
1406 4411 1600 4483 ἔχοντα
1628 4429 1643 4443 ο
1691 4414 1790 4468 καὶ

212 4499 313 4563 πῶς
382 4502 510 4571 γὰρ
560 4498 627 4553 οὐ
694 4500 1022 4570 περιϐόητος
1083 4502 1300 4573 γέγονε,
1363 4505 1609 4559 καθελὼν
1699 4506 1791 4560 τὸν

206 4592 528 4659 καθελόντα,
591 4591 689 4645 καὶ
717 4593 946 4662 νικήσας
971 4594 1002 4647 ὀ
1035 4594 1214 4663 φυγὰς
1242 4595 1337 4650 τὸν
1364 4595 1655 4662 διώκοντα,
1687 4598 1784 4653 καὶ

202 4685 337 4751 μετά
367 4681 783 4755 εὐαριθμήτων
831 4683 1069 4756 ἀνδρῶν,
1101 4686 1195 4741 τὸν
1222 4690 1345 4752 ταῖς
1379 4689 1608 4761 μυριάσι
1635 4689 1784 4761 χρώο

202 4791 404 4844 tum;

261 4960 492 5025 Κύριος
520 4956 957 5011 εἷο-ἀκούσεταί
982 4974 1098 5025 μου
1129 4956 1303 5025 ἐντῷ
1336 4958 1690 5029 κεκραγέναι
1718 4977 1792 5026 με

200 5050 343 5115 πρὸς
373 5049 597 5105 αὐτόν.
629 5047 674 5099 Τ
677 5047 866 5117 αχείας
897 5045 1040 5101 οὕτω
1060 5047 1239 5119 τυχὼν
1268 5051 1368 5120 τῆς
1399 5050 1647 5121 ἀρωγῆς,
1695 5054 1792 5105 καὶ

198 5142 525 5212 τηλικούτου
581 5139 834 5194 κινδύνου
882 5141 1017 5210 παρ’
1050 5141 1241 5196 ἐλπίδα
1266 5140 1578 5208 διασωθεὶς,
1608 5142 1784 5213 ἔγνων

201 5234 274 5286 ὅτι
305 5234 455 5287 ἐλεεῖ
495 5250 569 5303 με
621 5233 651 5285 ὁ
702 5232 863 5296 Θεὸς,
923 5233 1020 5287 καὶ
1053 5233 1315 5298 πέποιθα,
1349 5233 1445 5287 καὶ
1479 5233 1644 5288 πάλιν
1666 5234 1784 5286 εἰσ-

202 5323 501 5381 ακούσεταί
538 5340 651 5394 μου
681 5323 1024 5396 κεκραγότος
1068 5325 1209 5398 πρὸς
1234 5324 1401 5379 αὐτὸν
1438 5327 1497 5379 ἐν
1524 5324 1791 5396 περιστά-

210 5432 363 5473 εἰσιν.

266 5510 613 5580 Ὀργίζεσθε
641 5509 744 5564 καὶ
780 5509 871 5580 μὴ
904 5508 1294 5578 ἁμαρτάνετε.
1314 5508 1665 5581 Ὀργίζεσθαι
1692 5509 1792 5578 μὲν

214 5600 636 5678 ὀςάνθρώπους
683 5601 749 5657 οὐ
808 5600 1049 5655 κωλύει·
1105 5601 1183 5674 μὴ
1233 5602 1577 5674 ἁμαρτάνειν
1602 5600 1681 5666 δὲ,
1716 5601 1785 5671 τῇ

1953 3859 2122 3918 Vsus.
2136 3862 2190 3918 4.
2210 3860 2280 3915 Et
2296 3861 2481 3916 scitote
2492 3860 2740 3931 quoniam
2758 3855 3061 3926 miri/ienuit
3078 3852 3334 3908 Dominus
3344 3867 3475 3907 san-

1883 3964 2028 4011 clunt
2053 3971 2230 4010 suum.
2255 3954 2607 4025 Conjunctio,
2626 3962 2697 4019 et,
2721 3950 2996 4022 superﬂua
3016 3958 3100 4005 est
3120 3949 3225 4004 hoc
3246 3949 3301 4003 in
3327 3949 3472 4013 loco,
3574 3944 3581 3949 ’

1887 4044 2351 4116 quemadmodum
2380 4059 2447 4099 ex
2485 4057 2639 4098 more
2672 4040 2927 4097 llebraici
2973 4038 3250 4094 idiomatis
3298 4049 3472 4106 sarpe-

1889 4150 2119 4191 numero
2146 4133 2277 4189 alibi
2312 4134 2494 4202 aliqua
2527 4132 2875 4201 reperiuntur
2908 4127 3209 4198 superﬂua.
3268 4127 3476 4181 Discite
3516 4158 3517 4161 η

1888 4227 2076 4298 igitur,
2113 4225 2311 4295 inquit,
2348 4222 2494 4294 quod
2531 4221 2803 4277 celebrem
2839 4234 2926 4274 me
2957 4218 3103 4272 Deus
3134 4230 3197 4271 ac
3248 4214 3477 4284 conspi—

1884 4332 2050 4372 cuum
2081 4313 2358 4380 reddidit;
2393 4328 2500 4379 me,
2530 4313 2776 4382 inquam.
2822 4309 2915 4380 qui
2968 4309 3017 4364 ei
3050 4305 3428 4362 sanctificatus
3455 4345 3473 4370 ,

1888 4408 1994 4464 hoc
2049 4414 2133 4462 est
2189 4406 2409 4462 oblatus
2454 4419 2519 4458 ac
2545 4401 2829 4459 dedicatus
2872 4415 2993 4455 sum
3025 4439 3041 4465 ,
3076 4397 3281 4468 quique
3314 4395 3370 4450 in
3409 4410 3477 4450 eo

1886 4502 2007 4557 solo
2041 4514 2167 4570 spes
2207 4513 2359 4554 meas
2396 4503 2545 4552 ratas
2585 4510 2709 4551 esse
2752 4492 3014 4551 constitui
3052 4505 3069 4558 ;
3122 4506 3249 4545 vere
3295 4497 3476 4542 autem

1890 4591 2122 4649 celebris
2146 4605 2211 4646 ac
2233 4591 2418 4646 clarus
2447 4587 2548 4643 fuit
2566 4586 2759 4642 beatus
2798 4582 2987 4648 David,
3008 4581 3099 4652 qui
3124 4579 3236 4652 (9.4)
3262 4579 3480 4635 destru-

1896 4697 2102 4743 ctorem
2140 4684 2451 4747 destruxit,
2482 4680 2579 4750 qui
2630 4679 2892 4750 fugitivus
2936 4682 3352 4746 persequentem
3399 4670 3482 4726 vi-

1895 4778 1973 4833 cit
2016 4796 2031 4833 :
2068 4775 2163 4847 qui
2195 4789 2363 4846 parva
2396 4773 2630 4828 militum
2671 4785 2862 4835 manu,
2898 4768 3102 4823 multas
3133 4764 3324 4836 copias
3382 4778 3482 4819 stt-

1965 4868 2131 4922 ravit.

1965 4884 2131 4922 ravu.

1892 4884 2226 5015 ιωυοηιὶηιιε
2273 4954 2522 5013 exaudiet
2578 4968 2661 5008 me
2711 4966 2828 5006 cum
2880 4949 3179 5004 clamauero
3227 4944 3297 4999 ad
3332 4959 3476 4998 eum.

1892 5050 2187 5121 Postquam
2220 5049 2311 5105 Dei
2357 5063 2482 5118 ope,
2559 5053 2669 5099 tam
2701 5042 2955 5099 celeriter
2979 5058 3008 5095 a
3039 5049 3193 5096 tanto
3225 5037 3476 5109 periculo
3560 5110 3566 5123 ‘

1902 5160 1990 5200 tne
2021 5145 2309 5199 liberatum
2343 5141 2619 5211 perspexi,
2650 5151 2923 5193 summam
2969 5136 3026 5189 in
3056 5149 3144 5190 me
3173 5131 3268 5186 Dei
3314 5130 3483 5186 misso

1901 5236 2201 5291 ricordiam
2231 5235 2416 5289 statim
2454 5232 2686 5301 agnovi:
2726 5238 2893 5299 atque
2922 5226 3043 5282 ideo
3078 5221 3484 5290 conﬂdo,qnod

1900 5342 2094 5403 rursus
2112 5341 2199 5382 me
2220 5326 2546 5382 clamantem
2574 5329 2740 5392 atque
2767 5321 2821 5377 in
2846 5315 3237 5376 afﬂictionibus
3273 5311 3484 5368 consti-

1904 5428 2082 5474 tutum
2112 5416 2389 5474 exaudiet.

1979 5509 2145 5567 Vsus.
2183 5510 2240 5565 5.
2271 5506 2579 5563 Irascimini
2604 5513 2656 5560 et
2684 5504 2850 5559 nolite
2876 5513 3118 5572 peccare.
3150 5491 3318 5549 irasci
3359 5490 3487 5561 qui.-

1908 5603 2032 5660 dem
2092 5611 2154 5657 ut
2194 5601 2442 5658 homines
2486 5613 2598 5655 non
2647 5596 2939 5667 prohibet,
2976 5589 3072 5649 sed
3118 5585 3375 5642 admonet
3424 5590 3485 5639 ut

1548 5779 1750 5842 Varias
1785 5779 2117 5842 lectiones.

275 5890 371 5965 (Ἡ)
398 5890 533 5948 [lac
572 5887 630 5942 in
678 5883 880 5939 Graeco
914 5889 1061 5938 textu
1095 5898 1191 5953 per
1234 5872 1723 5956 interrogationem
1760 5902 1770 5938 :
1814 5882 2085 5949 Quomodo
2100 5884 2236 5939 enim
2263 5880 2475 5938 celebris
2502 5894 2601 5934 non
2629 5877 2813 5942 erasit,
2839 5872 2948 5946 qui,
2978 5878 3087 5927 etc.
