4146 6496
701 459 773 523 95
1484 460 1487 461 ⁷
1944 462 2305 524 EUTHYMI

2415 462 2745 523 L'GABENI
3917 463 4004 525 96

704 588 813 626 non
852 585 1158 639 peccemus,
1185 579 1239 626 et
1265 586 1333 626 ne
1368 570 1612 626 sinamus
1642 585 1671 624 a
1698 570 1971 639 passionis
1990 573 2285 629 vehemen-

2415 572 2484 626 τοῦ
2520 573 2730 634 πάθους
2775 569 2996 641 ὀξύτητι
3035 573 3533 642 παρασυρομένους
3565 574 3734 643 ἡμᾶς,
3764 577 3794 645 ἢ
3828 578 4009 648 πέρα

702 667 778 718 tia
813 680 914 718 nos
943 663 1218 733 pertrahi:
1253 678 1322 716 ne
1353 678 1517 733 supra
1551 662 1773 718 modum
1810 664 2151 720 irascamur:
2180 682 2287 720 neu

703 764 909 808 temere
940 754 1174 825 aliquem
1229 755 1584 810 ulciscantur.
1642 755 1846 812 Contra
1899 757 2089 811 vitium
2143 758 2289 813 enim

706 846 869 900 insita
897 854 981 902 est
997 846 1310 901 hominibus
1336 846 1437 901 ira.
1465 845 1600 901 Nam
1632 849 1723 918 qui
1754 849 2008 904 irascitur
2031 858 2092 904 ut
2114 850 2293 907 illatas

705 937 807 990 sibi
843 936 1072 1004 injurias
1108 936 1411 992 ulciscatur
1440 978 1456 1003 ,
1492 938 1752 995 irascitur
1781 981 1796 1007 ,
1822 949 1875 995 et
1895 950 2086 1010 peccat
2134 958 2149 997 :
2196 941 2292 1012 qui

706 1043 836 1082 ιρι-ο
871 1034 1081 1081 tantum
1110 1028 1394 1094 irascitur,
1438 1037 1496 1084 ut
1525 1029 1755 1086 alterum
1787 1033 2052 1102 corrigat,
2087 1032 2293 1088 irasci-

708 1131 797 1174 tur
819 1120 1072 1191 quidem,
1112 1121 1206 1177 setl
1243 1138 1349 1177 non
1404 1134 1636 1192 peccat,
1688 1125 2147 1194 quemadmodum
2192 1138 2295 1180 nec

709 1223 901 1282 peccat
932 1223 1105 1283 pater,
1144 1214 1236 1282 qui
1272 1228 1377 1268 non
1408 1216 1810 1283 obtemperanti
1865 1216 1974 1269 lilio
2009 1216 2290 1273 irascitur.

787 1303 918 1368 Qum
940 1305 1125 1359 dlcilis
1149 1307 1203 1358 in
1231 1305 1483 1360 cordibus
1514 1309 1723 1371 castris,
1744 1308 1796 1361 in
1817 1307 2078 1362 cubilibus
2108 1308 2296 1362 vestris

710 1398 1144 1467 compungimini.
1188 1398 1354 1469 Perge
1376 1437 1391 1463 ,
1430 1399 1630 1469 inquit,
1670 1400 1722 1453 in
1755 1409 1907 1455 tuum
1957 1400 2136 1457 cubile
2160 1442 2176 1466 ,
2205 1401 2294 1456 ubi

715 1487 953 1540 maxima
986 1487 1140 1542 adest
1171 1491 1439 1544 securitas
1468 1503 1483 1544 :
1539 1498 1590 1545 et
1624 1490 1739 1545 illic
1769 1490 1950 1560 amplo
2000 1507 2125 1547 cum
2180 1491 2298 1545 otio

713 1591 777 1629 ac
804 1578 983 1646 quiete
1013 1582 1246 1648 teipsum
1275 1581 1513 1651 diiudica
1542 1598 1556 1635 :
1586 1589 1640 1636 et
1677 1581 2039 1650 cogitationes
2062 1581 2296 1648 discute,

713 1684 850 1735 qttas
882 1669 1120 1726 habuisti
1157 1686 1253 1740 per
1282 1673 1461 1738 diem,
1500 1683 1666 1729 noctu
1721 1686 1982 1745 prteterea
2032 1682 2199 1744 atque
2242 1676 2297 1730 in

714 1761 879 1815 cubili
941 1770 1033 1817 tuo
1082 1771 1140 1817 ut
1185 1764 1294 1817 dixi
1350 1765 1559 1829 doleas,
1597 1775 1650 1820 et
1694 1765 2071 1835 pmuitentiam
2117 1772 2298 1818 tecum

717 1868 847 1919 agas
873 1854 945 1907 ob
974 1865 1195 1924 peccata
1227 1872 1346 1925 qua:
1381 1857 1616 1911 interdiu
1646 1857 1701 1910 in
1728 1857 1912 1910 animo
1939 1863 2036 1909 tuo
2059 1854 2295 1909 revolvi-

2393 663 2491 717 τοῦ
2550 665 2774 733 μετρίου
2814 662 3230 733 θυμουμένους,
3294 665 3709 734 προτρέπεται,
3767 667 3799 737 ἦ
3856 685 4010 720 τινα.

2395 755 2666 826 ἀκαίρως,
2722 755 2754 824 ἢ
2813 756 3073 819 ἀναιτίως
3119 756 3500 825 ἀμυνομένους
3523 774 3536 786 ·
3569 757 3712 809 κατὰ
3745 759 3848 828 τῆς
3886 776 4011 812 κα-

2395 846 2524 910 κίας
2550 847 2658 917 γὰρ
2693 848 2721 899 ὁ
2746 846 2918 916 θυμὸς
2968 845 3281 913 ἀνθρώποις
3309 847 3602 916 ἐφυτεύθη.
3643 849 3704 901 Ὀ
3738 848 3837 918 μέν
3871 850 4008 919 γὰρ

2398 938 2593 992 ἑαυτὸν
2643 937 2899 1003 ἐκδικῶν,
2953 937 3259 1009 ὀργίζεται,
3318 939 3413 991 καὶ
3447 939 3794 1008 ἁμαρτάνειο
3843 943 3877 994 ὁ
3935 941 4005 995 δὲ

2396 1031 2586 1102 ἕτερον
2614 1029 3021 1100 διορθούμενος,
3050 1028 3368 1101 ὀργίζεται,
3394 1029 3491 1084 καὶ
3523 1031 4005 1107 οὐχυὰμαρτάνει,

2399 1123 2477 1187 ὡς
2510 1121 2697 1193 πατὴρ
2731 1121 2833 1194 υἱῷ
2863 1120 3248 1192 ὀργιζόμενος.

2476 1304 2546 1358 ’.εὶ
2601 1303 2810 1372 λέγετε
2844 1302 2944 1356 ἐπὶ
2982 1300 3114 1368 ταῖς
3153 1303 3432 1371 καρδίαις
3468 1301 3657 1369 ὑμῶν,
3717 1302 3819 1355 ἐπὶ
3855 1301 4009 1367 ταῖς

2401 1398 2634 1462 κοίταις
2659 1395 2828 1464 ὑμῶν
2857 1397 3253 1466 κατανύτητε.
3289 1395 3414 1448 Ἐπὶ
3444 1394 3543 1466 τὴν
3573 1395 3764 1463 κοίτην
3790 1396 4006 1457 ἰόντες,

2403 1491 2461 1542 ἐν
2509 1483 2545 1560 ᾖ
2578 1488 2770 1558 καιρὸς
2802 1487 2990 1550 ἀδείας
3022 1487 3194 1551 ἐστὶν,
3232 1488 3561 1557 ἀνακρίνετε
3592 1488 3736 1541 κατὰ
3785 1488 4010 1556 σχολὴν

2403 1581 2632 1643 ἑαυτοὺς
2668 1579 2797 1650 περὶ
2845 1578 2954 1633 τῶν
3011 1579 3292 1649 ήμερινῶν
3340 1579 3771 1650 ἐνθυμημάτων,
3803 1581 3906 1634 καὶ
3970 1580 4012 1634 ἃ

2404 1671 2748 1741 πλημμελῶς
2806 1672 2866 1724 ὲν
2917 1671 3108 1743 ἡμέρᾳ
3161 1671 3561 1739 διαλογίζεσθε,
3617 1673 3710 1725 ἐπὶ
3770 1671 4012 1734 τούτοις

2407 1762 2807 1834 μεταμέλεσθε,
2865 1764 2960 1815 ἐπὶ
3017 1764 3110 1816 τὸν
3157 1764 3259 1834 τῆς
3308 1764 3500 1833 κοίτης
3553 1763 3771 1833 χρόνον,
3830 1762 4009 1817 Οὖτω

2404 1856 2563 1922 κάγὼ
2591 1855 2784 1921 ποιῶν,
2833 1854 3127 1923 εὑοδοῦμαι
3150 1895 3165 1919 ,
3199 1855 3294 1909 καὶ
3329 1858 3498 1927 πείρᾳ
3532 1856 3644 1926 (25)
3670 1857 3770 1927 τὴν
3802 1856 4008 1909 ἐντεῦ-

717 1947 807 1997 sti.
853 1921 985 1997 Mihi
1012 1947 1183 2011 enim,
1213 1947 1409 2017 inquit,
1452 1948 1642 2004 beatus
1678 1947 1843 2002 David
1872 1987 1889 2011 ,
1921 1948 2002 2002 sic
2037 1944 2257 2000 lacienti
2282 1985 2299 2011 ,

2415 1948 2501 2002 θεν
2560 1948 2835 2016 ὠφέλειαν
2887 1947 3099 2019 μαθὼν,
3158 1948 3318 2002 τοῦτο
3374 1952 3550 2002 ποιεῖν
3602 1948 3863 2019 παραινῶ
3902 1951 4011 2002 καὶ

720 2041 778 2084 ιιι
828 2043 878 2084 te
914 2049 1110 2087 moneo
1136 2074 1151 2100 ,
1183 2051 1443 2105 prospere
1490 2046 1699 2091 cuncta
1743 2039 2070 2092 succedunt.
2133 2034 2303 2090 Sume

720 2124 905 2193 itaque
932 2136 987 2181 et
1022 2136 1077 2182 tu
1109 2130 1544 2196 experimentum
1577 2171 1592 2196 ,
1637 2146 1760 2184 cum
1811 2146 1875 2183 ex
1917 2145 2004 2184 me
2044 2128 2306 2184 didiceris

2412 2042 2567 2112 ὕμῖν.
2630 2041 2694 2094 El
2740 2040 2799 2093 δὲ
2848 2042 2949 2101 τὰς
2982 2041 3315 2110 ἐνθυμήσεις
3362 2040 3446 2094 δεῖ
3473 2041 3742 2102 κολάζειν,
3808 2042 4011 2113 πολλῷ

2418 2132 2621 2204 μᾶλλον
2671 2132 2772 2195 τὰς
2806 2132 3058 2201 πράξεις.
3099 2132 3243 2202 Ὅρα
3302 2132 3381 2199 δέ,
3421 2132 3532 2195 πῶς
3578 2133 3672 2185 καὶ
3710 2134 4011 2203 προφυλα-

722 2217 1037 2281 huiusmodi
1067 2220 1359 2276 utilitatem
1394 2225 1697 2292 percipere.
1741 2220 1855 2276 [loc
1907 2222 2051 2275 enim
2100 2219 2201 2273 tibi
2248 2227 2308 2274 ut

2415 2224 2626 2286 κτικοϊς
2671 2221 2765 2274 καὶ
2814 2220 3190 2289 διορθωτικοϊς
3224 2221 3502 2289 ἐχρήσατο
3533 2219 3852 2289 φαρμάκοις
3875 2235 3893 2251 ο
3946 2221 4012 2272 τὸ

723 2308 893 2364 facias
924 2313 1148 2367 suadeo.
1180 2314 1334 2379 Quod
1369 2313 1414 2369 si
1448 2327 1506 2367 ut
1535 2315 1792 2383 proinheta
1816 2311 2024 2367 indicat
2056 2352 2072 2378 ,
2098 2314 2308 2383 cogita-

720 2402 927 2457 tionum
968 2418 1159 2473 pmnas
1192 2406 1372 2461 daturi
1405 2422 1619 2473 sumus,
1648 2414 1858 2475 quanto
1891 2406 2066 2475 magis
2100 2420 2301 2475 opera-

720 2493 933 2548 tionum
956 2495 979 2548 Ἰ
1004 2495 1301 2552 Considera
1328 2499 1492 2552 etiam
1522 2498 1800 2567 quomodo
1830 2505 1938 2551 tam
1969 2496 2037 2551 ad
2072 2510 2303 2564 praeser-

2415 2314 2517 2385 μὲν
2542 2314 2673 2384 γὰρ,
2713 2311 3070 2382 Ὀργίζεσοε,
3090 2311 3283 2380 καὶμὴ
3306 2311 3693 2381 ἁμαρτάνετε,
3712 2311 4012 2381 προφυλα-

2411 2404 2637 2458 κτικόν’
2689 2402 2752 2456 τὸ
2773 2401 2855 2467 δὲ,
2889 2403 2962 2455 Ἀ
2995 2402 3207 2471 λέγετε
3229 2401 3300 2455 ἐν
3332 2400 3465 2466 ταῖς
3501 2399 3775 2467 καρδίαις
3803 2399 4011 2470 ὑμῶν,

2408 2495 2510 2547 ἐπὶ
2540 2493 2675 2561 ταῖς
2711 2494 2947 2559 κοίταις
2985 2493 3154 2561 ὑμῶν
3182 2494 3585 2562 κατανὺτυητε,
3614 2492 4010 2561 διορθωτικόν.

721 2581 957 2637 vandum
1017 2599 1044 2637 a
1088 2586 1344 2654 peccatis,
1386 2602 1547 2657 quam
1594 2590 1662 2643 ad
1704 2586 2084 2658 castigandum
2117 2595 2487 2657 peecatorem,
2523 2586 2827 2657 aptissimis
2877 2584 3149 2657 Propheta
3188 2602 3323 2642 usus
3376 2586 3447 2641 sit
3488 2584 3816 2654 pharmaris.
3859 2585 4005 2639 Nam

721 2676 865 2743 quod
899 2676 996 2745 ait,
1024 2678 1329 2733 Irascimini
1353 2688 1402 2735 et
1436 2681 1601 2736 nolite
1625 2698 1866 2751 peccare,
1894 2680 2134 2736 custodit
2169 2690 2221 2737 et
2249 2686 2545 2750 prteservat
2574 2695 2605 2734 a
2638 2690 2865 2750 peccato
2891 2696 2905 2734 :
2931 2689 2986 2734 et
3014 2679 3062 2735 si
3104 2679 3352 2735 fortassis
3390 2678 3441 2733 in
3478 2679 3826 2750 peccataquis
3856 2678 4010 2733 inci-

723 2767 885 2833 derit,
929 2769 1169 2827 vicissim
1204 2773 1437 2843 castigat
1479 2787 1533 2830 et
1587 2775 1835 2847 corrigit,
1877 2775 2010 2831 dum
2051 2774 2174 2829 ait:
2230 2772 2361 2839 Qua:
2406 2772 2585 2828 dicitis
2617 2774 2673 2827 in
2723 2772 2971 2828 cordibus
3005 2773 3214 2839 castris,
3242 2774 3299 2827 in
3337 2772 3599 2828 cubilibus
3638 2773 3823 2828 vestris
3850 2786 4007 2825 contr

721 2862 1039 2930 pungimiui.

798 2953 965 3010 Vens.
991 2956 1044 3010 6.
1078 2954 1392 3027 Sacriﬁcate
1419 2961 1742 3029 sacri/icium
1764 2960 2017 3029 justitite,
2040 2970 2090 3015 et
2110 2968 2321 3030 sperate

722 3050 777 3103 in
817 3049 1057 3103 Domino.
1082 3048 1363 3104 Justitiam
1397 3061 1633 3108 vestram
1672 3054 1831 3124 quasi
1862 3053 2099 3108 fructum
2130 3070 2317 3124 quem-

725 3142 849 3195 dam
886 3141 1015 3206 Deo,
1046 3141 1248 3213 inquit,
1290 3144 1505 3209 oll’erte,
1539 3146 1815 3201 neminem
1846 3146 2049 3211 iniuria
2081 3145 2317 3201 allicien-

725 3245 807 3290 tes
834 3251 848 3290 :
889 3242 943 3291 et
976 3239 1238 3294 auxilium
1271 3255 1302 3295 a
1334 3240 1446 3296 Deo
1491 3249 1810 3311 exspectate
1834 3284 1850 3307 ,
1884 3242 1976 3311 qui
2027 3242 2309 3313 oppressis

2493 2960 2732 3015 Θύσατε
2757 2960 2985 3015 θυσίαν
3008 2957 3427 3027 δικαιοσύνης,
3459 2957 3559 3013 καὶ
3583 2957 3878 3012 ἐλπίσατε
3906 2956 4010 3013 ἐπὶ

2419 3055 2656 3122 Κύριον.
2680 3054 3160 3124 Καρποφορήσατε
3196 3052 3357 3122 μόνον
3388 3050 3738 3118 δικαιοσύνην
3759 3049 3837 3121 τῷ
3860 3050 4007 3123 Θεῷ,

2414 3134 2735 3207 ἀδικοῦντες
2766 3143 2994 3215 μηδένα,
3033 3144 3129 3197 καὶ
3161 3142 3535 3214 ἀπεκδέχεσθε
3583 3143 3685 3214 τὴν
3725 3144 3883 3214 παρὰ
3912 3142 4012 3197 τοῦ

2416 3236 2554 3290 Θεοῦ
2582 3236 2864 3307 βοήθειαν,
2890 3234 2950 3298 ὃς
2971 3238 3087 3299 τοῖς
3110 3234 3582 3307 ἐπηρεαζομένοις
3607 3233 3845 3304 μάλιστα
3876 3252 4014 3305 συμ-

724 3328 1071 3397 potissimum
1129 3331 1337 3388 auxilio
1396 3348 1520 3389 esse
1586 3334 1746 3390 solet.
1811 3333 2305 3391 Conversationem

2422 3330 2610 3399 μαχεῖ.
2651 3327 3066 3400 Προδιαγράφει
3102 3328 3199 3380 καὶ
3249 3326 3348 3399 τὴν
3397 3327 3873 3396 ἐκκλησιαστικὴν
3912 3344 4011 3380 πο-

729 3431 989 3488 ιιτιιειετοιι
1019 3438 1082 3476 ac
1112 3423 1275 3478 vitam
1306 3424 1503 3480 futurae
1525 3424 1785 3481 Ecclesia:
1808 3427 2162 3496 prtenuntiat,
2192 3442 2308 3497 quae

2416 3421 2650 3489 λιτείαν,
2701 3420 3094 3491 πνευματικῶς
3147 3420 3297 3473 θύειν
3335 3418 3638 3490 μέλλουσαν
3687 3418 3809 3473 ἀντὶ
3846 3417 4010 3482 ζώων

726 3512 847 3566 vice
884 3514 1225 3580 animalium,
1247 3517 1532 3586 spirituale
1553 3519 1818 3573 virtutum
1849 3520 2182 3575 sacriﬁcium
2206 3520 2315 3576 Deo

730 3609 848 3654 crat
885 3601 1156 3658 oblatura.
1184 3604 1467 3660 Justitiam
1495 3607 1641 3662 enim
1670 3608 1760 3663 hic
1793 3625 1900 3665 non
1923 3610 2315 3679 particularem

730 3693 986 3749 virtutem
1014 3734 1030 3760 ,
1068 3696 1161 3751 sed
1202 3699 1532 3754 cenet-aliter
1554 3715 1653 3770 pro
1703 3702 1853 3756 omni
1908 3702 2117 3758 virtute
2156 3704 2317 3760 intelc

734 3783 877 3853 ligit.

804 3875 966 3929 Mulli
981 3875 1165 3933 dicunt
1190 3894 1211 3933 :
1236 3879 1369 3946 Quis
1396 3882 1632 3938 ostendet
1666 3885 1814 3939 nobis
1848 3884 1985 3940 bona
2009 3886 2035 3940 7
2063 3886 2197 3942 Cum
2231 3889 2317 3943 sui

738 3966 988 4033 exemplo
1050 3970 1402 4026 admonuerit
1461 3980 1627 4043 atque
1689 3976 2014 4033 exhortatus
2077 3976 2150 4033 sit
2218 3992 2320 4034 nos

741 4055 1034 4126 Propheta,
1062 4070 1120 4115 ut
1170 4063 1224 4116 in
1258 4066 1639 4134 superioribus
1680 4067 1934 4132 vidimus,
1976 4069 2139 4124 modo
2165 4070 2319 4138 obic-

739 4148 979 4205 ctionem
1029 4155 1324 4220 quamdam
1374 4171 1402 4209 a
1442 4158 1887 4227 pusillaminibus
1929 4160 2045 4215 ﬁeri
2102 4163 2318 4217 solitam

743 4243 989 4310 apponit.
1023 4243 1255 4310 Quidam
1296 4251 1467 4313 enim,
1497 4250 1696 4320 inquit,
1725 4266 1847 4305 cum
1884 4253 1940 4305 iu
1982 4252 2323 4310 calamitates

738 4332 1062 4399 inciderint,
1111 4353 1255 4404 :egre
1307 4339 1568 4404 ferentes,
1621 4343 1807 4397 statim
1861 4345 2178 4413 desperant,
2217 4360 2323 4400 nec

742 4426 977 4481 credunt
1010 4427 1179 4483 Deum
1207 4445 1377 4500 prope
1403 4448 1525 4488 esse
1565 4434 1949 4491 invocantibus
1977 4452 2125 4491 eum.
2153 4438 2325 4503 Quin-

741 4520 853 4574 imo
918 4520 1067 4573 omni
1138 4536 1235 4591 spe
1297 4523 1568 4591 destituti,
1622 4528 1750 4580 talia
1820 4528 1987 4583 etiam
2036 4528 2325 4584 eﬂ’undunt

718 4614 907 4666 .verha
941 4629 955 4666 :
992 4610 1130 4678 Quis
1159 4614 1384 4683 adiutor
1406 4617 1670 4689 deinceps
1699 4620 1803 4674 erit
1837 4620 2036 4675 nobis?
2058 4621 2216 4691 quasi
2241 4620 2322 4676 di-

2417 3513 2518 3576 τὰς
2571 3512 2814 3583 ἀρετάς·
2871 3511 2989 3580 εἴγε
3042 3512 3396 3582 δικαιοσύνην
3449 3511 3550 3566 οὐκ
3606 3510 3814 3576 ίδικῶς,
3863 3510 4011 3567 ἀλλὰ

2418 3605 2651 3662 καθόλου
2686 3608 2788 3677 τὴν
2820 3607 3024 3678 ἀρετὴν
3058 3607 3241 3660 πᾶσαν
3269 3603 3690 3678 ὑποληψόμεθα.

2496 3874 2723 3931 Πολλοὶ
2749 3874 3038 3946 λέγουσι’
3093 3876 3189 3943 Τίς
3230 3874 3422 3942 δείξει
3467 3875 3614 3945 ἡμῖν
3660 3874 3733 3929 τὰ
3765 3876 3963 3943 ἀγαθά
3987 3891 4008 3940 ;

2424 3966 2806 4039 Προσαγαγὼν
2838 3967 2941 4037 τὴν
2986 3970 3317 4039 παραίνεσιν
3349 3965 3458 4020 ἀπὸ
3488 3966 3584 4019 τοῦ
3639 3967 3762 4020 καθ’
3812 3967 4011 4020 ἐαυτὸν

2425 4060 2856 4130 ὐποδείγματος,
2898 4060 3114 4130 τίθησιν
3162 4059 3442 4114 ἀντίθεσίν
3475 4076 3601 4113 τινα
3646 4059 3758 4113 τῶν
3817 4076 4014 4131 μικρο-

2422 4156 2633 4227 ψύχων.
2665 4155 2820 4218 Τινὲς
2852 4155 2982 4228 γὰρ,
3017 4155 3206 4226 φησιν,
3236 4156 3364 4209 ὅταν
3401 4153 3848 4224 προσομιλήσωσι
3883 4171 4012 4207 πει-

2428 4250 2661 4319 ρασμοῖς
2683 4289 2698 4313 ,
2750 4247 3201 4319 βαρυθυμοῦντες
3225 4288 3241 4311 ,
3291 4246 3737 4316 ἀπογινώσκουσι
3764 4285 3779 4309 ,
3810 4245 3905 4298 καὶ
3949 4246 4011 4298 οὺ

2426 4338 2780 4394 πιστεύουσιν
2833 4338 2909 4403 ὡς
2935 4340 3104 4408 ἐγγὺς
3138 4339 3346 4409 Κύριος
3384 4341 3496 4403 τοῖς
3553 4335 4011 4405 ἐπικαλουμένοις

2426 4431 2614 4492 αὐτὸν,
2674 4429 2815 4483 ἀλλὰ
2873 4429 3133 4497 λέγουσι’
3189 4429 3287 4494 Τίς
3333 4429 3596 4501 βοηθήσει
3644 4429 3809 4497 ἡμῖν;
3870 4426 4012 4498 ὅπερ

2425 4521 2663 4593 ἐσχάτης
2689 4521 3058 4591 ἀπογνώσεως
3093 4520 3173 4584 ὃν,
3233 4522 3418 4576 δίδωσι
3475 4523 3640 4587 νοεῖν,
3678 4520 3752 4583 ὡς
3809 4518 4009 4582 οὐδείς.

2427 4614 2499 4666 Ἦ
2523 4613 2620 4665 καὶ
2653 4612 2781 4681 περὶ
2805 4611 2917 4665 τῶν
2942 4611 3293 4682 φιλοσάρκων
3324 4613 3352 4665 ὁ
3375 4611 3554 4679 λόγος,
3577 4612 3775 4673 οἵτινες
3806 4608 4011 4676 ἀγαθὸν

740 4713 893 4769 cant,
916 4704 1124 4763 Nullus.
1150 4705 1281 4771 Quae
1298 4708 1463 4762 verba
1480 4718 1739 4765 extremae
1751 4713 1976 4766 omnino
1992 4712 2308 4780 desperatio

2433 4704 2731 4777 ἡγούμενοι
2753 4703 2853 4776 τὴν
2883 4705 3073 4759 ἄνεσιν
3095 4707 3189 4758 καὶ
3213 4703 3642 4777 τρυφὴν,ταῦτα
3677 4703 3814 4773 μόνα
3845 4718 4009 4771 μετα·

736 4795 828 4847 nis
859 4803 1006 4849 sunt.
1035 4794 1124 4850 Vel
1157 4799 1339 4866 aliter,
1417 4801 1487 4855 de
1530 4803 1597 4857 iis
1646 4804 1960 4857 hominibus
2005 4819 2187 4858 sermo
2211 4811 2320 4869 est,

742 4886 836 4953 qui
886 4888 1071 4943 carnis
1103 4879 1413 4961 sequuntur
1452 4893 1724 4948 desideria
1757 4913 1770 4949 :
1804 4895 1896 4963 qui
1954 4911 2076 4948 cum
2113 4895 2168 4949 in
2204 4897 2321 4951 otio

740 4986 908 5046 atque
956 4979 1010 5032 in
1054 4981 1265 5038 deliciis
1301 4999 1578 5039 summum
1622 4987 1826 5040 bonum
1873 4988 2181 5056 posuerint,
2227 5003 2323 5043 eas

2431 4797 2711 4861 διώκουσι,
2777 4797 2984 4868 σφόδρα
3051 4795 3343 4865 μισοῦντες
3377 4795 3475 4858 τὰς
3506 4790 3899 4852 κακοπαθείας,
3955 4787 4008 4841 αἶ

2431 4891 2555 4943 κατ’
2584 4889 2900 4959 οἰκονομίαν
2932 4888 3254 4959 ἐπάγονται.
3286 4888 3361 4940 Τὸ
3385 4887 3461 4951 δέ,
3494 4886 3592 4952 Τίς
3630 4883 3817 4948 δείξει
3846 4880 4008 4952 τἰμῖνς

2430 4983 2613 5054 ψυχῆς
2642 4984 2863 5054 νοητέον
2885 4984 3223 5055 ὀρεγομένης
3249 4984 3514 5045 διακαῶς.

742 5067 878 5121 totis
910 5070 1048 5124 velis
1078 5072 1448 5142 insequuntur
1481 5092 1496 5129 :
1531 5075 1857 5131 aﬂlictioncs
1901 5092 2031 5130 vero
2085 5092 2206 5147 qua“
2270 5076 2454 5130 divina
2500 5075 2914 5145 dispensatione
2967 5075 3129 5131 nobis
3209 5074 3582 5128 immittuntur
3654 5071 3812 5127 valde
3879 5070 4006 5127 odo-

735 5162 1005 5218 runt.Per
1029 5164 1118 5218 illa
1140 5166 1304 5219 etiam
1329 5168 1518 5233 verba,
1549 5167 1682 5234 Quis
1720 5166 1957 5221 ostendet
1986 5169 2137 5223 nobis
2171 5169 2346 5225 bona?
2386 5171 2583 5225 anima:
2611 5168 2855 5225 ardentis
2875 5177 3038 5239 atque
3064 5166 3356 5224 immodice
3394 5168 3702 5238 appetentis
3761 5165 4007 5223 allectum

736 5254 978 5325 intelligo
1003 5256 1398 5313 demonstrari.

808 5347 975 5404 Vens.
1011 5350 1061 5403 7.
1090 5349 1367 5422 Signatum
1400 5363 1475 5407 est
1495 5370 1654 5423 super
1676 5371 1771 5409 nos
1809 5355 1984 5409 lumen
2018 5356 2192 5409 rullus
2221 5357 2321 5421 tui,

736 5441 980 5497 Domine.
1030 5443 1234 5498 Verum
1284 5462 1408 5516 ego,
1471 5448 1670 5513 inquit,
1717 5448 1878 5519 longe
1928 5448 2089 5501 aliter
2123 5449 2323 5502 sentio.

742 5532 804 5586 lu
885 5549 971 5588 me
1044 5537 1190 5589 enim
1267 5538 1541 5609 signatum
1592 5551 1678 5593 est
1746 5540 1931 5593 lumen
2027 5543 2327 5608 protectio-

743 5622 832 5677 tz'is
872 5631 981 5679 tute
1018 5642 1033 5679 :
1080 5641 1246 5696 quam
1301 5628 1504 5694 lucem,
1556 5629 1704 5683 illam
1749 5644 1874 5685 esse
1910 5629 2324 5701 intelligendum

2525 5351 2876 5421 Εσημειώθη
2934 5351 3028 5420 ἐφ’
3059 5350 3218 5421 ἡμᾶς
3256 5349 3323 5403 τὸ
3375 5348 3503 5417 φῶς
3549 5347 3658 5402 τοῦ
3688 5344 4007 5416 προσώπου

2433 5462 2574 5507 σου,
2606 5446 2803 5512 Κύριε.
2828 5443 2974 5497 Ἀλλ’
3002 5442 3114 5510 ἐγὼ
3153 5445 3250 5513 οὐχ
3286 5440 3471 5505 ,οὕτως
3502 5439 3635 5511 ἔχω,
3665 5440 3761 5493 καὶ
3790 5437 3897 5507 γὰρ
3926 5439 4009 5489 ἐν-

2435 5554 2534 5609 εση
2547 5537 2724 5608 μάνθη
2759 5555 2851 5608 μοι
2881 5540 2913 5609 ἡ
2938 5534 3226 5608 ἀντίληψις
3250 5534 3350 5603 τῆς
3381 5537 3482 5604 σῆς
3513 5532 3855 5603 ἐπισκοπῆς
3884 5529 4010 5583 ταύ-

2434 5646 2537 5702 την
2565 5630 2675 5702 γὰρ
2700 5631 2817 5699 φῶς
2846 5629 3210 5700 ὑποληπτέον,
3253 5626 3330 5689 ὡς
3372 5627 3700 5679 διαλύουσαν
3730 5624 3792 5678 τὸ
3825 5623 4005 5683 σκότος

2115 5741 2323 5803 Variae
2358 5743 2695 5806 lectiones.

818 5836 933 5917 (25)
965 5836 1278 5917 Graecorum
1308 5840 1600 5898 verborum
1645 5859 1841 5901 sensus
1864 5852 1947 5901 cst
1983 5861 1997 5900 :
2035 5843 2202 5917 Atque
2229 5845 2554 5915 experientia
2612 5863 2729 5901 cum
2773 5857 2973 5917 qranta
3010 5846 3078 5903 sit
3137 5845 3346 5903 utilitas
3387 5842 3688 5910 didicerint,
3758 5839 3891 5899 idem
3951 5845 4004 5896 ut

743 5916 792 5960 et
828 5909 928 5976 ipsi
962 5908 1177 5977 faciatis
1212 5909 1416 5965 hortor.
