  <div class='ocr_page' id='page_1' title='image "/cluster/home/n/w/nwhite01/storage/ocr_20150623/128:no.1/coo.31924054870336/056.png"; bbox 0 0 4146 6470; ppageno 0'>
   <div class='ocr_carea' id='block_1_1' title="bbox 178 329 2336 397">
    <p class='ocr_par' dir='ltr' id='par_1_1' title="bbox 178 329 2336 397">
     <span class='ocr_line' id='line_1_1' title="bbox 178 329 2336 397; baseline 0.015 -32"><span class='ocrx_word' id='word_1_1' title='bbox 178 332 253 396; x_wconf 61' lang='lat'><strong>9-1</strong></span> <span class='ocrx_word' id='word_1_2' title='bbox 1416 329 1815 392; x_wconf 74' lang='lat' dir='ltr'><strong>COMMENT.</strong></span> <span class='ocrx_word' id='word_1_3' title='bbox 1848 329 1932 392; x_wconf 86' lang='lat' dir='ltr'><strong>IN</strong></span> <span class='ocrx_word' id='word_1_4' title='bbox 1968 332 2336 397; x_wconf 83' lang='lat' dir='ltr'><strong>PSALMOS.</strong></span> 
     </span>
    </p>
   </div>
   <div class='ocr_carea' id='block_1_2' title="bbox 3424 345 3496 411">
    <p class='ocr_par' dir='ltr' id='par_1_2' title="bbox 3424 345 3496 411">
     <span class='ocr_line' id='line_1_2' title="bbox 3424 345 3496 411; baseline -0.056 0"><span class='ocrx_word' id='word_1_5' title='bbox 3424 345 3496 411; x_wconf 80' lang='lat'><strong>93</strong></span> 
     </span>
    </p>
   </div>
   <div class='ocr_carea' id='block_1_3' title="bbox 185 440 1787 530">
    <p class='ocr_par' dir='ltr' id='par_1_3' title="bbox 185 440 1787 515">
     <span class='ocr_line' id='line_1_3' title="bbox 185 440 1787 515; baseline -0.002 -18"><span class='ocrx_word' id='word_1_6' title='bbox 185 445 278 512; x_wconf 60' lang='grc' dir='ltr'><strong>τῖίς</strong></span> <span class='ocrx_word' id='word_1_7' title='bbox 311 440 606 509; x_wconf 70' lang='grc' dir='ltr'>ἀθυμίας,</span> <span class='ocrx_word' id='word_1_8' title='bbox 667 442 766 495; x_wconf 78' lang='grc' dir='ltr'>καὶ</span> <span class='ocrx_word' id='word_1_9' title='bbox 797 442 995 515; x_wconf 80' lang='grc' dir='ltr'>ὥσπερ</span> <span class='ocrx_word' id='word_1_10' title='bbox 1039 442 1473 515; x_wconf 75' lang='grc' dir='ltr'>ἐγχαραχθεῖσα,</span> <span class='ocrx_word' id='word_1_11' title='bbox 1513 440 1787 511; x_wconf 76' lang='grc' dir='ltr'>γνὼριμόν</span> 
     </span>
    </p>
   </div>
   <div class='ocr_carea' id='block_1_4' title="bbox 1891 440 3490 530">
    <p class='ocr_par' dir='ltr' id='par_1_4' title="bbox 1902 445 3490 530">
     <span class='ocr_line' id='line_1_4' title="bbox 1902 445 3490 530; baseline 0.013 -33"><span class='ocrx_word' id='word_1_12' title='bbox 1902 452 2008 507; x_wconf 88' lang='lat' dir='ltr'><strong>est,</strong></span> <span class='ocrx_word' id='word_1_13' title='bbox 2039 460 2162 515; x_wconf 74' lang='lat' dir='ltr'><strong>qna:</strong></span> <span class='ocrx_word' id='word_1_14' title='bbox 2210 445 2472 503; x_wconf 87' lang='lat' dir='ltr'><strong>moeroris</strong></span> <span class='ocrx_word' id='word_1_15' title='bbox 2517 448 2775 506; x_wconf 85' lang='lat' dir='ltr'><strong>tenebras</strong></span> <span class='ocrx_word' id='word_1_16' title='bbox 2816 451 3121 515; x_wconf 84' lang='lat' dir='ltr'><strong>dissolvit:</strong></span> <span class='ocrx_word' id='word_1_17' title='bbox 3159 472 3391 530; x_wconf 69' lang='lat' dir='ltr'><strong>quaeque</strong></span> <span class='ocrx_word' id='word_1_18' title='bbox 3433 467 3490 517; x_wconf 90' lang='lat' dir='ltr'><strong>in</strong></span> 
     </span>
    </p>
   </div>
   <div class='ocr_carea' id='block_1_5' title="bbox 184 535 1800 607">
    <p class='ocr_par' dir='ltr' id='par_1_5' title="bbox 184 535 1800 607">
     <span class='ocr_line' id='line_1_5' title="bbox 184 535 1800 607; baseline -0.007 -15"><span class='ocrx_word' id='word_1_19' title='bbox 184 553 253 606; x_wconf 73' lang='grc' dir='ltr'>με</span> <span class='ocrx_word' id='word_1_20' title='bbox 291 535 391 590; x_wconf 73' lang='grc' dir='ltr'>καὶ</span> <span class='ocrx_word' id='word_1_21' title='bbox 418 537 539 599; x_wconf 79' lang='grc' dir='ltr'>τοῖς</span> <span class='ocrx_word' id='word_1_22' title='bbox 574 535 778 607; x_wconf 75' lang='grc' dir='ltr'><strong>πόρῤω</strong></span> <span class='ocrx_word' id='word_1_23' title='bbox 810 536 1110 607; x_wconf 73' lang='grc' dir='ltr'>πεποίηκε.</span> <span class='ocrx_word' id='word_1_24' title='bbox 1141 535 1299 599; x_wconf 81' lang='grc' dir='ltr'>Τινὲς</span> <span class='ocrx_word' id='word_1_25' title='bbox 1328 535 1386 588; x_wconf 84' lang='grc' dir='ltr'><strong>δέ</strong></span> <span class='ocrx_word' id='word_1_26' title='bbox 1414 551 1549 603; x_wconf 67' lang='grc' dir='ltr'>φασι</span> <span class='ocrx_word' id='word_1_27' title='bbox 1583 549 1800 603; x_wconf 78' lang='grc' dir='ltr'>προφη-</span> 
     </span>
    </p>
   </div>
   <div class='ocr_carea' id='block_1_6' title="bbox 177 618 1798 699">
    <p class='ocr_par' dir='ltr' id='par_1_6' title="bbox 177 618 1798 699">
     <span class='ocr_line' id='line_1_6' title="bbox 177 618 1798 699; baseline -0.003 -20"><span class='ocrx_word' id='word_1_28' title='bbox 177 628 335 689; x_wconf 76' lang='grc' dir='ltr'>τείας</span> <span class='ocrx_word' id='word_1_29' title='bbox 366 619 519 679; x_wconf 67' lang='grc' dir='ltr'>εἶναι</span> <span class='ocrx_word' id='word_1_30' title='bbox 546 625 617 679; x_wconf 83' lang='grc' dir='ltr'>τὸ</span> <span class='ocrx_word' id='word_1_31' title='bbox 644 628 816 698; x_wconf 70' lang='grc' dir='ltr'>ῥητὸν</span> <span class='ocrx_word' id='word_1_32' title='bbox 852 628 990 699; x_wconf 74' lang='grc' dir='ltr'>περὶ</span> <span class='ocrx_word' id='word_1_33' title='bbox 1016 628 1125 682; x_wconf 87' lang='grc' dir='ltr'><strong>τῶν</strong></span> <span class='ocrx_word' id='word_1_34' title='bbox 1159 626 1534 698; x_wconf 74' lang='grc' dir='ltr'><strong>Χριστιανῶν,</strong></span> <span class='ocrx_word' id='word_1_35' title='bbox 1563 618 1644 687; x_wconf 77' lang='grc' dir='ltr'>οἷς</span> <span class='ocrx_word' id='word_1_36' title='bbox 1673 625 1798 692; x_wconf 77' lang='grc' dir='ltr'><strong>ἐσηο</strong></span> 
     </span>
    </p>
   </div>
   <div class='ocr_carea' id='block_1_7' title="bbox 184 714 1807 791">
    <p class='ocr_par' dir='ltr' id='par_1_7' title="bbox 184 714 1807 791">
     <span class='ocr_line' id='line_1_7' title="bbox 184 714 1807 791; baseline -0.004 -18"><span class='ocrx_word' id='word_1_37' title='bbox 184 719 422 790; x_wconf 72' lang='grc' dir='ltr'><strong>μειώθη,</strong></span> <span class='ocrx_word' id='word_1_38' title='bbox 450 719 774 786; x_wconf 75' lang='grc' dir='ltr'>τουτέστιν,</span> <span class='ocrx_word' id='word_1_39' title='bbox 799 721 964 790; x_wconf 76' lang='grc' dir='ltr'><strong>ἐτέθη</strong></span> <span class='ocrx_word' id='word_1_40' title='bbox 1002 720 1296 791; x_wconf 75' lang='grc' dir='ltr'>γνώρισμα</span> <span class='ocrx_word' id='word_1_41' title='bbox 1323 722 1352 773; x_wconf 82' lang='grc' dir='ltr'>ὁ</span> <span class='ocrx_word' id='word_1_42' title='bbox 1378 717 1614 788; x_wconf 75' lang='grc' dir='ltr'>Χριστὸς</span> <span class='ocrx_word' id='word_1_43' title='bbox 1635 755 1649 775; x_wconf 85' lang='grc'><strong>,</strong></span> <span class='ocrx_word' id='word_1_44' title='bbox 1676 714 1807 784; x_wconf 78' lang='grc' dir='ltr'><strong>κλη-</strong></span> 
     </span>
    </p>
   </div>
   <div class='ocr_carea' id='block_1_8' title="bbox 180 807 1799 882">
    <p class='ocr_par' dir='ltr' id='par_1_8' title="bbox 180 807 1799 882">
     <span class='ocr_line' id='line_1_8' title="bbox 180 807 1799 882; baseline -0.006 -16"><span class='ocrx_word' id='word_1_45' title='bbox 180 811 317 866; x_wconf 70' lang='grc' dir='ltr'>οῑῐσι</span> <span class='ocrx_word' id='word_1_46' title='bbox 384 813 784 881; x_wconf 68' lang='grc' dir='ltr'>Χριπιανοῖς,</span> <span class='ocrx_word' id='word_1_47' title='bbox 838 815 897 877; x_wconf 80' lang='grc' dir='ltr'>ὃς</span> <span class='ocrx_word' id='word_1_48' title='bbox 931 815 1050 866; x_wconf 72' lang='grc' dir='ltr'>ἐστι</span> <span class='ocrx_word' id='word_1_49' title='bbox 1099 812 1213 882; x_wconf 75' lang='grc' dir='ltr'><strong>φῶς</strong></span> <span class='ocrx_word' id='word_1_50' title='bbox 1247 812 1342 866; x_wconf 82' lang='grc' dir='ltr'>τοῦ</span> <span class='ocrx_word' id='word_1_51' title='bbox 1384 809 1622 880; x_wconf 81' lang='grc' dir='ltr'>Πατρός.</span> <span class='ocrx_word' id='word_1_52' title='bbox 1663 807 1799 858; x_wconf 83' lang='grc' dir='ltr'>Συν-</span> 
     </span>
    </p>
   </div>
   <div class='ocr_carea' id='block_1_9' title="bbox 172 897 1801 977">
    <p class='ocr_par' dir='ltr' id='par_1_9' title="bbox 172 897 1801 977">
     <span class='ocr_line' id='line_1_9' title="bbox 172 897 1801 977; baseline -0.013 -6"><span class='ocrx_word' id='word_1_53' title='bbox 172 904 336 970; x_wconf 71' lang='grc' dir='ltr'><strong>έτειξε</strong></span> <span class='ocrx_word' id='word_1_54' title='bbox 372 907 436 958; x_wconf 64' lang='grc' dir='ltr'><strong>δὲ</strong></span> <span class='ocrx_word' id='word_1_55' title='bbox 466 906 695 969; x_wconf 78' lang='grc' dir='ltr'>τούτοις</span> <span class='ocrx_word' id='word_1_56' title='bbox 746 909 775 960; x_wconf 86' lang='grc' dir='ltr'>ὁ</span> <span class='ocrx_word' id='word_1_57' title='bbox 827 908 1128 977; x_wconf 75' lang='grc' dir='ltr'><strong>Προφήτης</strong></span> <span class='ocrx_word' id='word_1_58' title='bbox 1180 906 1400 966; x_wconf 79' lang='grc' dir='ltr'>ἑαυτὸν,</span> <span class='ocrx_word' id='word_1_59' title='bbox 1432 904 1521 958; x_wconf 79' lang='grc' dir='ltr'><strong>διὰ</strong></span> <span class='ocrx_word' id='word_1_60' title='bbox 1549 903 1650 956; x_wconf 56' lang='grc' dir='ltr'><strong>τὶν</strong></span> <span class='ocrx_word' id='word_1_61' title='bbox 1689 897 1801 952; x_wconf 85' lang='grc' dir='ltr'><strong>τῶν</strong></span> 
     </span>
    </p>
   </div>
   <div class='ocr_carea' id='block_1_10' title="bbox 167 1000 1361 1071">
    <p class='ocr_par' dir='ltr' id='par_1_10' title="bbox 167 1000 1361 1071">
     <span class='ocr_line' id='line_1_10' title="bbox 167 1000 1361 1071; baseline 0.002 -19"><span class='ocrx_word' id='word_1_62' title='bbox 167 1002 396 1069; x_wconf 80' lang='grc' dir='ltr'>ἀρετῶν</span> <span class='ocrx_word' id='word_1_63' title='bbox 434 1000 778 1068; x_wconf 72' lang='grc' dir='ltr'>συγγένειάν</span> <span class='ocrx_word' id='word_1_64' title='bbox 812 1018 873 1054; x_wconf 87' lang='grc' dir='ltr'><strong>τε</strong></span> <span class='ocrx_word' id='word_1_65' title='bbox 900 1001 997 1054; x_wconf 80' lang='grc' dir='ltr'>καὶ</span> <span class='ocrx_word' id='word_1_66' title='bbox 1022 1000 1361 1071; x_wconf 76' lang='grc' dir='ltr'>οἰκειότητα.</span> 
     </span>
    </p>
   </div>
   <div class='ocr_carea' id='block_1_11' title="bbox 167 1094 3317 1181">
    <p class='ocr_par' dir='ltr' id='par_1_11' title="bbox 167 1094 3317 1181">
     <span class='ocr_line' id='line_1_11' title="bbox 167 1094 3317 1181; baseline 0.006 -34"><span class='ocrx_word' id='word_1_67' title='bbox 167 1104 270 1147; x_wconf 82' lang='lat' dir='ltr'><strong>est.</strong></span> <span class='ocrx_word' id='word_1_68' title='bbox 337 1094 361 1167; x_wconf 87' lang='lat'><strong>[</strong></span> <span class='ocrx_word' id='word_1_69' title='bbox 391 1096 500 1152; x_wconf 84' lang='lat' dir='ltr'><strong>Per</strong></span> <span class='ocrx_word' id='word_1_70' title='bbox 533 1096 828 1153; x_wconf 81' lang='lat' dir='ltr'><strong>Christum</strong></span> <span class='ocrx_word' id='word_1_71' title='bbox 860 1099 1010 1157; x_wconf 84' lang='lat' dir='ltr'><strong>enim</strong></span> <span class='ocrx_word' id='word_1_72' title='bbox 1038 1098 1259 1154; x_wconf 83' lang='lat' dir='ltr'><strong>Patrem</strong></span> <span class='ocrx_word' id='word_1_73' title='bbox 1289 1098 1615 1168; x_wconf 78' lang='lat' dir='ltr'><strong>agnovimus</strong></span> <span class='ocrx_word' id='word_1_74' title='bbox 1644 1111 1660 1153; x_wconf 88' lang='lat'><strong>:</strong></span> <span class='ocrx_word' id='word_1_75' title='bbox 1688 1094 1793 1162; x_wconf 82' lang='lat' dir='ltr'><strong>Qui</strong></span> <span class='ocrx_word' id='word_1_76' title='bbox 1831 1094 1968 1148; x_wconf 82' lang='lat' dir='ltr'><strong>enim</strong></span> <span class='ocrx_word' id='word_1_77' title='bbox 1994 1097 2124 1150; x_wconf 85' lang='lat' dir='ltr'><strong>vidit</strong></span> <span class='ocrx_word' id='word_1_78' title='bbox 2151 1116 2249 1165; x_wconf 81' lang='lat' dir='ltr'><strong>me,</strong></span> <span class='ocrx_word' id='word_1_79' title='bbox 2281 1100 2481 1171; x_wconf 86' lang='lat' dir='ltr'><strong>inquit,</strong></span> <span class='ocrx_word' id='word_1_80' title='bbox 2516 1094 2643 1157; x_wconf 56' lang='lat' dir='ltr'><strong>uidit</strong></span> <span class='ocrx_word' id='word_1_81' title='bbox 2669 1116 2720 1160; x_wconf 79' lang='lat' dir='ltr'><strong>et</strong></span> <span class='ocrx_word' id='word_1_82' title='bbox 2750 1106 2966 1162; x_wconf 70' lang='lat' dir='ltr'><strong>Patrem</strong></span> <span class='ocrx_word' id='word_1_83' title='bbox 3029 1126 3201 1165; x_wconf 80' lang='lat' dir='ltr'><strong>meum</strong></span> <span class='ocrx_word' id='word_1_84' title='bbox 3231 1113 3317 1181; x_wconf 66' lang='grc' dir='ltr'><strong>ἰς</strong></span> 
     </span>
    </p>
   </div>
   <div class='ocr_carea' id='block_1_12' title="bbox 1904 539 3497 615">
    <p class='ocr_par' dir='ltr' id='par_1_12' title="bbox 1904 539 3497 615">
     <span class='ocr_line' id='line_1_12' title="bbox 1904 539 3497 615; baseline 0.014 -25"><span class='ocrx_word' id='word_1_85' title='bbox 1904 552 1992 592; x_wconf 89' lang='lat' dir='ltr'><strong>me</strong></span> <span class='ocrx_word' id='word_1_86' title='bbox 2025 539 2265 608; x_wconf 88' lang='lat' dir='ltr'><strong>quodam</strong></span> <span class='ocrx_word' id='word_1_87' title='bbox 2302 541 2465 597; x_wconf 87' lang='lat' dir='ltr'><strong>tnodo</strong></span> <span class='ocrx_word' id='word_1_88' title='bbox 2498 542 2792 615; x_wconf 80' lang='lat' dir='ltr'><strong>insculpta,</strong></span> <span class='ocrx_word' id='word_1_89' title='bbox 2847 559 3037 605; x_wconf 85' lang='lat' dir='ltr'><strong>notum</strong></span> <span class='ocrx_word' id='word_1_90' title='bbox 3084 567 3170 608; x_wconf 88' lang='lat' dir='ltr'><strong>me</strong></span> <span class='ocrx_word' id='word_1_91' title='bbox 3238 556 3497 612; x_wconf 88' lang='lat' dir='ltr'><strong>omnibus</strong></span> 
     </span>
    </p>
   </div>
   <div class='ocr_carea' id='block_1_13' title="bbox 1906 635 3492 715">
    <p class='ocr_par' dir='ltr' id='par_1_13' title="bbox 1906 635 3492 715">
     <span class='ocr_line' id='line_1_13' title="bbox 1906 635 3492 715; baseline 0.012 -31"><span class='ocrx_word' id='word_1_92' title='bbox 1906 645 1970 686; x_wconf 92' lang='lat' dir='ltr'><strong>ac</strong></span> <span class='ocrx_word' id='word_1_93' title='bbox 2018 636 2389 704; x_wconf 85' lang='lat' dir='ltr'><strong>conspicuum</strong></span> <span class='ocrx_word' id='word_1_94' title='bbox 2430 635 2584 702; x_wconf 82' lang='lat' dir='ltr'><strong>facit,</strong></span> <span class='ocrx_word' id='word_1_95' title='bbox 2628 638 2716 694; x_wconf 88' lang='lat' dir='ltr'><strong>his</strong></span> <span class='ocrx_word' id='word_1_96' title='bbox 2751 642 2914 695; x_wconf 74' lang='lat' dir='ltr'><strong>etiam</strong></span> <span class='ocrx_word' id='word_1_97' title='bbox 2958 645 3052 713; x_wconf 90' lang='lat' dir='ltr'><strong>qui</strong></span> <span class='ocrx_word' id='word_1_98' title='bbox 3100 648 3291 715; x_wconf 87' lang='lat' dir='ltr'><strong>procul</strong></span> <span class='ocrx_word' id='word_1_99' title='bbox 3341 659 3492 704; x_wconf 91' lang='lat' dir='ltr'><strong>sunt.</strong></span> 
     </span>
    </p>
   </div>
   <div class='ocr_carea' id='block_1_14' title="bbox 1905 721 3498 808">
    <p class='ocr_par' dir='ltr' id='par_1_14' title="bbox 1905 721 3498 808">
     <span class='ocr_line' id='line_1_14' title="bbox 1905 721 3498 808; baseline 0.014 -33"><span class='ocrx_word' id='word_1_100' title='bbox 1905 721 2142 788; x_wconf 85' lang='lat' dir='ltr'><strong>Quidam</strong></span> <span class='ocrx_word' id='word_1_101' title='bbox 2179 726 2337 782; x_wconf 88' lang='lat' dir='ltr'><strong>aiunt</strong></span> <span class='ocrx_word' id='word_1_102' title='bbox 2383 731 2654 787; x_wconf 83' lang='lat' dir='ltr'><strong>contineri</strong></span> <span class='ocrx_word' id='word_1_103' title='bbox 2699 733 2786 788; x_wconf 92' lang='lat' dir='ltr'><strong>his</strong></span> <span class='ocrx_word' id='word_1_104' title='bbox 2818 735 3001 791; x_wconf 79' lang='lat' dir='ltr'><strong>verbis</strong></span> <span class='ocrx_word' id='word_1_105' title='bbox 3048 740 3392 808; x_wconf 85' lang='lat' dir='ltr'><strong>prephetiam</strong></span> <span class='ocrx_word' id='word_1_106' title='bbox 3428 746 3498 797; x_wconf 85' lang='lat' dir='ltr'><strong>de</strong></span> 
     </span>
    </p>
   </div>
   <div class='ocr_carea' id='block_1_15' title="bbox 1903 814 3494 900">
    <p class='ocr_par' dir='ltr' id='par_1_15' title="bbox 1903 814 3494 900">
     <span class='ocr_line' id='line_1_15' title="bbox 1903 814 3494 900; baseline 0.013 -31"><span class='ocrx_word' id='word_1_107' title='bbox 1903 814 2256 885; x_wconf 83' lang='lat' dir='ltr'><strong>Christianis,</strong></span> <span class='ocrx_word' id='word_1_108' title='bbox 2300 821 2504 891; x_wconf 82' lang='lat' dir='ltr'><strong>quibus</strong></span> <span class='ocrx_word' id='word_1_109' title='bbox 2548 839 2646 893; x_wconf 89' lang='lat' dir='ltr'><strong>per</strong></span> <span class='ocrx_word' id='word_1_110' title='bbox 2675 825 2780 881; x_wconf 85' lang='lat' dir='ltr'><strong>hoc</strong></span> <span class='ocrx_word' id='word_1_111' title='bbox 2815 843 3034 894; x_wconf 90' lang='lat' dir='ltr'><strong>nomen,</strong></span> <span class='ocrx_word' id='word_1_112' title='bbox 3081 846 3192 900; x_wconf 91' lang='lat' dir='ltr'><strong>quo</strong></span> <span class='ocrx_word' id='word_1_113' title='bbox 3216 832 3494 888; x_wconf 86' lang='lat' dir='ltr'><strong>Christia-</strong></span> 
     </span>
    </p>
   </div>
   <div class='ocr_carea' id='block_1_16' title="bbox 1906 908 3493 995">
    <p class='ocr_par' dir='ltr' id='par_1_16' title="bbox 1906 908 3493 995">
     <span class='ocr_line' id='line_1_16' title="bbox 1906 908 3493 995; baseline 0.014 -35"><span class='ocrx_word' id='word_1_114' title='bbox 1906 908 1962 961; x_wconf 90' lang='lat' dir='ltr'><strong>ni</strong></span> <span class='ocrx_word' id='word_1_115' title='bbox 2011 912 2382 980; x_wconf 84' lang='lat' dir='ltr'><strong>appellantur,</strong></span> <span class='ocrx_word' id='word_1_116' title='bbox 2431 917 2647 983; x_wconf 77' lang='lat' dir='ltr'><strong>signum</strong></span> <span class='ocrx_word' id='word_1_117' title='bbox 2696 928 2862 988; x_wconf 85' lang='lat' dir='ltr'><strong>atque</strong></span> <span class='ocrx_word' id='word_1_118' title='bbox 2909 921 3173 977; x_wconf 86' lang='lat' dir='ltr'><strong>indicium</strong></span> <span class='ocrx_word' id='word_1_119' title='bbox 3218 927 3493 995; x_wconf 87' lang='lat' dir='ltr'><strong>quoddam</strong></span> 
     </span>
    </p>
   </div>
   <div class='ocr_carea' id='block_1_17' title="bbox 1916 997 3493 1097">
    <p class='ocr_par' dir='ltr' id='par_1_17' title="bbox 1916 997 3493 1097">
     <span class='ocr_line' id='line_1_17' title="bbox 1916 997 3493 1097; baseline 0.014 -47"><span class='ocrx_word' id='word_1_120' title='bbox 1916 997 2236 1066; x_wconf 83' lang='lat' dir='ltr'><strong>impositum</strong></span> <span class='ocrx_word' id='word_1_121' title='bbox 2278 1015 2384 1070; x_wconf 74' lang='lat' dir='ltr'><strong>est,</strong></span> <span class='ocrx_word' id='word_1_122' title='bbox 2417 1006 2673 1097; x_wconf 51' lang='lat' dir='ltr'><strong>Cliriitus</strong></span> <span class='ocrx_word' id='word_1_123' title='bbox 2715 1009 2998 1076; x_wconf 80' lang='lat' dir='ltr'><strong>nimirum,</strong></span> <span class='ocrx_word' id='word_1_124' title='bbox 3035 1014 3126 1081; x_wconf 89' lang='lat' dir='ltr'><strong>qui</strong></span> <span class='ocrx_word' id='word_1_125' title='bbox 3172 1013 3353 1072; x_wconf 74' lang='lat' dir='ltr'><strong>Patris</strong></span> <span class='ocrx_word' id='word_1_126' title='bbox 3401 1017 3493 1072; x_wconf 73' lang='lat' dir='ltr'><strong>lux</strong></span> 
     </span>
    </p>
   </div>
   <div class='ocr_carea' id='block_1_18' title="bbox 3396 1115 3493 1184">
    <p class='ocr_par' dir='ltr' id='par_1_18' title="bbox 3396 1115 3493 1184">
     <span class='ocr_line' id='line_1_18' title="bbox 3396 1115 3493 1184; baseline 0 -14"><span class='ocrx_word' id='word_1_127' title='bbox 3396 1115 3493 1184; x_wconf 85' lang='lat' dir='ltr'><strong>qui</strong></span> 
     </span>
    </p>
   </div>
   <div class='ocr_carea' id='block_1_19' title="bbox 170 1187 3492 1275">
    <p class='ocr_par' dir='ltr' id='par_1_19' title="bbox 170 1187 3492 1275">
     <span class='ocr_line' id='line_1_19' title="bbox 170 1187 3492 1275; baseline 0.007 -36"><span class='ocrx_word' id='word_1_128' title='bbox 170 1187 345 1240; x_wconf 64' lang='lat' dir='ltr'><strong>etiam</strong></span> <span class='ocrx_word' id='word_1_129' title='bbox 372 1190 682 1245; x_wconf 82' lang='lat' dir='ltr'><strong>character</strong></span> <span class='ocrx_word' id='word_1_130' title='bbox 706 1199 762 1243; x_wconf 89' lang='lat' dir='ltr'><strong>et</strong></span> <span class='ocrx_word' id='word_1_131' title='bbox 792 1189 971 1243; x_wconf 84' lang='lat' dir='ltr'><strong>forma</strong></span> <span class='ocrx_word' id='word_1_132' title='bbox 1013 1190 1214 1257; x_wconf 78' lang='lat' dir='ltr'><strong>Patris,</strong></span> <span class='ocrx_word' id='word_1_133' title='bbox 1281 1193 1350 1246; x_wconf 91' lang='lat' dir='ltr'><strong>ab</strong></span> <span class='ocrx_word' id='word_1_134' title='bbox 1406 1191 1673 1262; x_wconf 83' lang='lat' dir='ltr'><strong>Apostolo</strong></span> <span class='ocrx_word' id='word_1_135' title='bbox 1737 1187 2163 1256; x_wconf 71' lang='lat' dir='ltr'><strong>cognominatur</strong></span> <span class='ocrx_word' id='word_1_136' title='bbox 2193 1193 2290 1265; x_wconf 81' lang='grc'><strong>⁸⁸.]</strong></span> <span class='ocrx_word' id='word_1_137' title='bbox 2333 1192 2636 1265; x_wconf 80' lang='lat' dir='ltr'><strong>Conjunxit</strong></span> <span class='ocrx_word' id='word_1_138' title='bbox 2685 1208 2867 1256; x_wconf 90' lang='lat' dir='ltr'><strong>autem</strong></span> <span class='ocrx_word' id='word_1_139' title='bbox 2926 1204 3168 1273; x_wconf 68' lang='lat' dir='ltr'><strong>seipsum</strong></span> <span class='ocrx_word' id='word_1_140' title='bbox 3218 1203 3492 1275; x_wconf 80' lang='lat' dir='ltr'><strong>Propheta</strong></span> 
     </span>
    </p>
   </div>
   <div class='ocr_carea' id='block_1_20' title="bbox 175 1278 2683 1353">
    <p class='ocr_par' dir='ltr' id='par_1_20' title="bbox 175 1278 2683 1353">
     <span class='ocr_line' id='line_1_20' title="bbox 175 1278 2683 1353; baseline 0.002 -19"><span class='ocrx_word' id='word_1_141' title='bbox 175 1280 637 1348; x_wconf 72' lang='lat' dir='ltr'><strong>ChriStianis,ob</strong></span> <span class='ocrx_word' id='word_1_142' title='bbox 658 1284 1050 1352; x_wconf 73' lang='lat' dir='ltr'><strong>cognationem</strong></span> <span class='ocrx_word' id='word_1_143' title='bbox 1075 1283 1368 1353; x_wconf 82' lang='lat' dir='ltr'><strong>quamdam</strong></span> <span class='ocrx_word' id='word_1_144' title='bbox 1393 1298 1460 1337; x_wconf 88' lang='lat' dir='ltr'><strong>ac</strong></span> <span class='ocrx_word' id='word_1_145' title='bbox 1487 1278 1917 1335; x_wconf 79' lang='lat' dir='ltr'><strong>familiaritatem</strong></span> <span class='ocrx_word' id='word_1_146' title='bbox 1954 1279 2242 1338; x_wconf 85' lang='lat' dir='ltr'><strong>virtutum.</strong></span> <span class='ocrx_word' id='word_1_147' title='bbox 2680 1298 2683 1299; x_wconf 71' lang='lat'><strong><em>&#39;</em></strong></span> 
     </span>
    </p>
   </div>
   <div class='ocr_carea' id='block_1_21' title="bbox 239 1370 1793 1444">
    <p class='ocr_par' dir='ltr' id='par_1_21' title="bbox 239 1370 1793 1444">
     <span class='ocr_line' id='line_1_21' title="bbox 239 1370 1793 1444; baseline 0.001 -19"><span class='ocrx_word' id='word_1_148' title='bbox 239 1373 537 1440; x_wconf 71' lang='grc' dir='ltr'>ἐδωκας</span> <span class='ocrx_word' id='word_1_149' title='bbox 560 1376 971 1444; x_wconf 66' lang='grc' dir='ltr'>εὐφροσύνην</span> <span class='ocrx_word' id='word_1_150' title='bbox 996 1378 1085 1441; x_wconf 76' lang='grc' dir='ltr'>εἰς</span> <span class='ocrx_word' id='word_1_151' title='bbox 1120 1374 1236 1443; x_wconf 77' lang='grc' dir='ltr'><strong>τὴν</strong></span> <span class='ocrx_word' id='word_1_152' title='bbox 1259 1374 1517 1444; x_wconf 76' lang='grc' dir='ltr'><strong>καρδίαν</strong></span> <span class='ocrx_word' id='word_1_153' title='bbox 1540 1391 1684 1444; x_wconf 78' lang='grc' dir='ltr'>μου.</span> <span class='ocrx_word' id='word_1_154' title='bbox 1721 1370 1793 1425; x_wconf 85' lang='grc' dir='ltr'><strong>Ἦ</strong></span> 
     </span>
    </p>
   </div>
   <div class='ocr_carea' id='block_1_22' title="bbox 170 1465 1796 1540">
    <p class='ocr_par' dir='ltr' id='par_1_22' title="bbox 170 1465 1796 1540">
     <span class='ocr_line' id='line_1_22' title="bbox 170 1465 1796 1540; baseline -0.001 -20"><span class='ocrx_word' id='word_1_155' title='bbox 170 1466 261 1521; x_wconf 71' lang='grc' dir='ltr'><strong>εοιᾶ</strong></span> <span class='ocrx_word' id='word_1_156' title='bbox 289 1468 399 1535; x_wconf 75' lang='grc' dir='ltr'>τὴν</span> <span class='ocrx_word' id='word_1_157' title='bbox 432 1468 761 1539; x_wconf 69' lang='grc' dir='ltr'>ἀντίληψιν,</span> <span class='ocrx_word' id='word_1_158' title='bbox 811 1469 913 1540; x_wconf 74' lang='grc' dir='ltr'>τὴν</span> <span class='ocrx_word' id='word_1_159' title='bbox 957 1469 1319 1539; x_wconf 80' lang='grc' dir='ltr'>δηλωθείσαν,</span> <span class='ocrx_word' id='word_1_160' title='bbox 1350 1469 1384 1540; x_wconf 78' lang='grc' dir='ltr'>ἢ</span> <span class='ocrx_word' id='word_1_161' title='bbox 1438 1468 1528 1522; x_wconf 81' lang='grc' dir='ltr'><strong>διὰ</strong></span> <span class='ocrx_word' id='word_1_162' title='bbox 1557 1466 1656 1539; x_wconf 83' lang='grc' dir='ltr'>τὴν</span> <span class='ocrx_word' id='word_1_163' title='bbox 1686 1465 1796 1519; x_wconf 74' lang='grc' dir='ltr'><strong>ἀπὸ</strong></span> 
     </span>
    </p>
   </div>
   <div class='ocr_carea' id='block_1_23' title="bbox 175 1559 1225 1632">
    <p class='ocr_par' dir='ltr' id='par_1_23' title="bbox 175 1559 1225 1632">
     <span class='ocr_line' id='line_1_23' title="bbox 175 1559 1225 1632; baseline 0.001 -19"><span class='ocrx_word' id='word_1_164' title='bbox 175 1560 268 1614; x_wconf 69' lang='grc' dir='ltr'>τοῦ</span> <span class='ocrx_word' id='word_1_165' title='bbox 300 1559 561 1631; x_wconf 78' lang='grc' dir='ltr'><strong>Χριστοῦ</strong></span> <span class='ocrx_word' id='word_1_166' title='bbox 594 1562 796 1632; x_wconf 73' lang='grc' dir='ltr'>κλῆσιν</span> <span class='ocrx_word' id='word_1_167' title='bbox 818 1561 931 1615; x_wconf 83' lang='grc' dir='ltr'><strong>τῶν</strong></span> <span class='ocrx_word' id='word_1_168' title='bbox 958 1560 1225 1615; x_wconf 79' lang='grc' dir='ltr'>εὐσεϐῶν.</span> 
     </span>
    </p>
   </div>
   <div class='ocr_carea' id='block_1_24' title="bbox 248 1650 1796 1722">
    <p class='ocr_par' dir='ltr' id='par_1_24' title="bbox 248 1650 1796 1722">
     <span class='ocr_line' id='line_1_24' title="bbox 248 1650 1796 1722; baseline -0.002 -14"><span class='ocrx_word' id='word_1_169' title='bbox 248 1653 401 1708; x_wconf 66' lang='grc' dir='ltr'><strong>Ἀπὸ</strong></span> <span class='ocrx_word' id='word_1_170' title='bbox 458 1652 711 1722; x_wconf 72' lang='grc' dir='ltr'>καρποῦ</span> <span class='ocrx_word' id='word_1_171' title='bbox 757 1654 964 1719; x_wconf 83' lang='grc' dir='ltr'><strong>σίτου,</strong></span> <span class='ocrx_word' id='word_1_172' title='bbox 1010 1653 1185 1709; x_wconf 79' lang='grc' dir='ltr'>οἴνου</span> <span class='ocrx_word' id='word_1_173' title='bbox 1214 1652 1314 1708; x_wconf 79' lang='grc' dir='ltr'><strong>καί</strong></span> <span class='ocrx_word' id='word_1_174' title='bbox 1347 1653 1559 1708; x_wconf 73' lang='grc' dir='ltr'>ἐλαίου</span> <span class='ocrx_word' id='word_1_175' title='bbox 1593 1650 1796 1707; x_wconf 75' lang='grc' dir='ltr'>αὐτῶν</span> 
     </span>
    </p>
   </div>
   <div class='ocr_carea' id='block_1_25' title="bbox 182 1745 1793 1819">
    <p class='ocr_par' dir='ltr' id='par_1_25' title="bbox 182 1745 1793 1819">
     <span class='ocr_line' id='line_1_25' title="bbox 182 1745 1793 1819; baseline -0.002 -17"><span class='ocrx_word' id='word_1_176' title='bbox 182 1749 700 1816; x_wconf 68' lang='grc' dir='ltr'><strong>ἐπληθύνθησαν.</strong></span> <span class='ocrx_word' id='word_1_177' title='bbox 736 1746 877 1817; x_wconf 75' lang='grc' dir='ltr'>Περὶ</span> <span class='ocrx_word' id='word_1_178' title='bbox 902 1747 1015 1801; x_wconf 83' lang='grc' dir='ltr'><strong>τῶν</strong></span> <span class='ocrx_word' id='word_1_179' title='bbox 1044 1747 1395 1819; x_wconf 83' lang='grc' dir='ltr'>φιλοσάρκων</span> <span class='ocrx_word' id='word_1_180' title='bbox 1423 1746 1573 1815; x_wconf 84' lang='grc' dir='ltr'><strong>λέγει</strong></span> <span class='ocrx_word' id='word_1_181' title='bbox 1604 1745 1793 1812; x_wconf 79' lang='grc' dir='ltr'>πάλιν,</span> 
     </span>
    </p>
   </div>
   <div class='ocr_carea' id='block_1_26' title="bbox 1974 1371 3491 1465">
    <p class='ocr_par' dir='ltr' id='par_1_26' title="bbox 1974 1371 3491 1465">
     <span class='ocr_line' id='line_1_26' title="bbox 1974 1371 3491 1465; baseline 0.018 -41"><span class='ocrx_word' id='word_1_182' title='bbox 1974 1371 2188 1429; x_wconf 75' lang='lat' dir='ltr'><strong>Dedisti</strong></span> <span class='ocrx_word' id='word_1_183' title='bbox 2232 1376 2486 1433; x_wconf 70' lang='lat' dir='ltr'><strong>la&#39;titiam</strong></span> <span class='ocrx_word' id='word_1_184' title='bbox 2513 1383 2569 1437; x_wconf 87' lang='lat' dir='ltr'><strong>in</strong></span> <span class='ocrx_word' id='word_1_185' title='bbox 2601 1384 2758 1439; x_wconf 77' lang='lat' dir='ltr'><strong>corde</strong></span> <span class='ocrx_word' id='word_1_186' title='bbox 2787 1402 2923 1442; x_wconf 86' lang='lat' dir='ltr'><strong>meo.</strong></span> <span class='ocrx_word' id='word_1_187' title='bbox 2961 1388 3054 1443; x_wconf 84' lang='lat' dir='ltr'><strong>Vel</strong></span> <span class='ocrx_word' id='word_1_188' title='bbox 3097 1401 3321 1462; x_wconf 89' lang='lat' dir='ltr'><strong>propter</strong></span> <span class='ocrx_word' id='word_1_189' title='bbox 3351 1409 3491 1465; x_wconf 63' lang='lat' dir='ltr'><strong>prm-</strong></span> 
     </span>
    </p>
   </div>
   <div class='ocr_carea' id='block_1_27' title="bbox 1897 1461 3489 1542">
    <p class='ocr_par' dir='ltr' id='par_1_27' title="bbox 1897 1461 3489 1542">
     <span class='ocr_line' id='line_1_27' title="bbox 1897 1461 3489 1542; baseline 0.017 -26"><span class='ocrx_word' id='word_1_190' title='bbox 1897 1461 2110 1520; x_wconf 90' lang='lat' dir='ltr'><strong>dictum</strong></span> <span class='ocrx_word' id='word_1_191' title='bbox 2138 1468 2433 1536; x_wconf 82' lang='lat' dir='ltr'><strong>auxilium,</strong></span> <span class='ocrx_word' id='word_1_192' title='bbox 2487 1474 2570 1529; x_wconf 87' lang='lat' dir='ltr'><strong>vel</strong></span> <span class='ocrx_word' id='word_1_193' title='bbox 2598 1475 2670 1531; x_wconf 89' lang='lat' dir='ltr'><strong>ob</strong></span> <span class='ocrx_word' id='word_1_194' title='bbox 2699 1461 3217 1539; x_wconf 81' lang='lat' dir='ltr'><strong>denominationem</strong></span> <span class='ocrx_word' id='word_1_195' title='bbox 3245 1461 3489 1542; x_wconf 81' lang='lat' dir='ltr'><strong>ﬁdelium</strong></span> 
     </span>
    </p>
   </div>
   <div class='ocr_carea' id='block_1_28' title="bbox 1901 1555 2211 1619">
    <p class='ocr_par' dir='ltr' id='par_1_28' title="bbox 1901 1555 2211 1619">
     <span class='ocr_line' id='line_1_28' title="bbox 1901 1555 2211 1619; baseline 0.029 -9"><span class='ocrx_word' id='word_1_196' title='bbox 1901 1571 1933 1610; x_wconf 88' lang='lat' dir='ltr'><strong>a</strong></span> <span class='ocrx_word' id='word_1_197' title='bbox 1963 1555 2211 1619; x_wconf 85' lang='lat' dir='ltr'><strong>Christo.</strong></span> 
     </span>
    </p>
   </div>
   <div class='ocr_carea' id='block_1_29' title="bbox 1975 1649 3493 1733">
    <p class='ocr_par' dir='ltr' id='par_1_29' title="bbox 1975 1649 3493 1733">
     <span class='ocr_line' id='line_1_29' title="bbox 1975 1649 3493 1733; baseline 0.013 -29"><span class='ocrx_word' id='word_1_198' title='bbox 1975 1649 2141 1709; x_wconf 73' lang='lat' dir='ltr'><strong>Vsus.</strong></span> <span class='ocrx_word' id='word_1_199' title='bbox 2167 1655 2221 1710; x_wconf 92' lang='lat'><strong>8.</strong></span> <span class='ocrx_word' id='word_1_200' title='bbox 2250 1658 2290 1713; x_wconf 83' lang='lat' dir='ltr'><strong><em>A</em></strong></span> <span class='ocrx_word' id='word_1_201' title='bbox 2325 1658 2511 1729; x_wconf 82' lang='lat' dir='ltr'><strong>fructu</strong></span> <span class='ocrx_word' id='word_1_202' title='bbox 2545 1665 2804 1731; x_wconf 81' lang='lat' dir='ltr'><strong>frumenti</strong></span> <span class='ocrx_word' id='word_1_203' title='bbox 2830 1666 2941 1720; x_wconf 79' lang='lat' dir='ltr'><strong>vini</strong></span> <span class='ocrx_word' id='word_1_204' title='bbox 2969 1675 3020 1720; x_wconf 87' lang='lat' dir='ltr'><strong>et</strong></span> <span class='ocrx_word' id='word_1_205' title='bbox 3050 1665 3175 1733; x_wconf 83' lang='lat' dir='ltr'><strong>olei,</strong></span> <span class='ocrx_word' id='word_1_206' title='bbox 3204 1670 3280 1726; x_wconf 83' lang='lat' dir='ltr'><strong>eis</strong></span> <span class='ocrx_word' id='word_1_207' title='bbox 3308 1673 3493 1726; x_wconf 79' lang='lat' dir='ltr'><strong>multi-</strong></span> 
     </span>
    </p>
   </div>
   <div class='ocr_carea' id='block_1_30' title="bbox 1898 1742 3491 1819">
    <p class='ocr_par' dir='ltr' id='par_1_30' title="bbox 1898 1742 3491 1819">
     <span class='ocr_line' id='line_1_30' title="bbox 1898 1742 3491 1819; baseline 0.014 -23"><span class='ocrx_word' id='word_1_208' title='bbox 1898 1742 2090 1810; x_wconf 83' lang='lat' dir='ltr'><strong>plicati</strong></span> <span class='ocrx_word' id='word_1_209' title='bbox 2108 1758 2255 1805; x_wconf 80' lang='lat' dir='ltr'><strong>sunt.</strong></span> <span class='ocrx_word' id='word_1_210' title='bbox 2290 1749 2366 1807; x_wconf 89' lang='lat' dir='ltr'><strong>De</strong></span> <span class='ocrx_word' id='word_1_211' title='bbox 2397 1755 2715 1811; x_wconf 87' lang='lat' dir='ltr'><strong>carnalibus</strong></span> <span class='ocrx_word' id='word_1_212' title='bbox 2730 1755 3062 1815; x_wconf 81' lang='lat' dir='ltr'><strong>hominibus</strong></span> <span class='ocrx_word' id='word_1_213' title='bbox 3086 1760 3283 1816; x_wconf 88' lang='lat' dir='ltr'><strong>iterum</strong></span> <span class='ocrx_word' id='word_1_214' title='bbox 3302 1778 3491 1819; x_wconf 67' lang='lat' dir='ltr'><strong>&quot;sermo</strong></span> 
     </span>
    </p>
   </div>
   <div class='ocr_carea' id='block_1_31' title="bbox 183 1837 1787 1919">
    <p class='ocr_par' dir='ltr' id='par_1_31' title="bbox 183 1837 1787 1911">
     <span class='ocr_line' id='line_1_31' title="bbox 183 1837 1787 1911; baseline -0.003 -15"><span class='ocrx_word' id='word_1_215' title='bbox 183 1842 264 1896; x_wconf 75' lang='lat' dir='ltr'><strong>im</strong></span> <span class='ocrx_word' id='word_1_216' title='bbox 313 1842 431 1895; x_wconf 71' lang='grc' dir='ltr'><strong>Καὶ</strong></span> <span class='ocrx_word' id='word_1_217' title='bbox 453 1839 529 1893; x_wconf 77' lang='grc' dir='ltr'>τὰ</span> <span class='ocrx_word' id='word_1_218' title='bbox 562 1841 734 1911; x_wconf 76' lang='grc' dir='ltr'>γήϊνα</span> <span class='ocrx_word' id='word_1_219' title='bbox 778 1838 1076 1909; x_wconf 80' lang='grc' dir='ltr'><strong>φρονοῦσιν</strong></span> <span class='ocrx_word' id='word_1_220' title='bbox 1116 1839 1302 1903; x_wconf 81' lang='grc' dir='ltr'>αὐτοῖς</span> <span class='ocrx_word' id='word_1_221' title='bbox 1334 1838 1576 1908; x_wconf 72' lang='grc' dir='ltr'>δαψιλῶς</span> <span class='ocrx_word' id='word_1_222' title='bbox 1612 1837 1787 1891; x_wconf 77' lang='grc' dir='ltr'>πάντα</span> 
     </span>
    </p>
   </div>
   <div class='ocr_carea' id='block_1_32' title="bbox 1891 1837 3491 1919">
    <p class='ocr_par' dir='ltr' id='par_1_32' title="bbox 1900 1843 3491 1919">
     <span class='ocr_line' id='line_1_32' title="bbox 1900 1843 3491 1919; baseline 0.013 -27"><span class='ocrx_word' id='word_1_223' title='bbox 1900 1848 1988 1893; x_wconf 88' lang='lat' dir='ltr'><strong>est</strong></span> <span class='ocrx_word' id='word_1_224' title='bbox 2026 1858 2041 1895; x_wconf 89' lang='lat'><strong>:</strong></span> <span class='ocrx_word' id='word_1_225' title='bbox 2077 1843 2280 1910; x_wconf 87' lang='lat' dir='ltr'><strong>quibus</strong></span> <span class='ocrx_word' id='word_1_226' title='bbox 2324 1853 2541 1901; x_wconf 87' lang='lat' dir='ltr'><strong>terrena</strong></span> <span class='ocrx_word' id='word_1_227' title='bbox 2576 1856 2788 1904; x_wconf 86' lang='lat' dir='ltr'><strong>tantum</strong></span> <span class='ocrx_word' id='word_1_228' title='bbox 2818 1849 3236 1919; x_wconf 78' lang='lat' dir='ltr'><strong>cogitantibus,</strong></span> <span class='ocrx_word' id='word_1_229' title='bbox 3271 1853 3491 1912; x_wconf 80' lang='lat' dir='ltr'><strong>abunde</strong></span> 
     </span>
    </p>
   </div>
   <div class='ocr_carea' id='block_1_33' title="bbox 188 1930 1798 2005">
    <p class='ocr_par' dir='ltr' id='par_1_33' title="bbox 188 1930 1798 2005">
     <span class='ocr_line' id='line_1_33' title="bbox 188 1930 1798 2005; baseline -0.02 0"><span class='ocrx_word' id='word_1_230' title='bbox 188 1936 445 2005; x_wconf 69' lang='grc' dir='ltr'><strong>χορηγεῖς</strong></span> <span class='ocrx_word' id='word_1_231' title='bbox 476 1932 593 1986; x_wconf 77' lang='grc' dir='ltr'><strong>ὑπὸ</strong></span> <span class='ocrx_word' id='word_1_232' title='bbox 622 1933 727 2002; x_wconf 80' lang='grc' dir='ltr'><strong>τῆς</strong></span> <span class='ocrx_word' id='word_1_233' title='bbox 763 1931 909 2002; x_wconf 77' lang='grc' dir='ltr'>ἄταν</span> <span class='ocrx_word' id='word_1_234' title='bbox 964 1931 1424 2002; x_wconf 63' lang='grc' dir='ltr'>φιλανθρωτιίας·</span> <span class='ocrx_word' id='word_1_235' title='bbox 1460 1930 1798 2004; x_wconf 71' lang='grc' dir='ltr'><strong>ἀπαριθμεῖ.</strong></span> 
     </span>
    </p>
   </div>
   <div class='ocr_carea' id='block_1_34' title="bbox 186 2024 1792 2098">
    <p class='ocr_par' dir='ltr' id='par_1_34' title="bbox 186 2024 1792 2098">
     <span class='ocr_line' id='line_1_34' title="bbox 186 2024 1792 2098; baseline -0.001 -18"><span class='ocrx_word' id='word_1_236' title='bbox 186 2045 276 2082; x_wconf 75' lang='grc' dir='ltr'><strong>ται</strong></span> <span class='ocrx_word' id='word_1_237' title='bbox 307 2027 425 2098; x_wconf 73' lang='grc' dir='ltr'><strong>γὰρ</strong></span> <span class='ocrx_word' id='word_1_238' title='bbox 457 2027 548 2080; x_wconf 82' lang='grc' dir='ltr'>ὅτι</span> <span class='ocrx_word' id='word_1_239' title='bbox 583 2026 702 2082; x_wconf 79' lang='grc' dir='ltr'><strong>ἀπὸ</strong></span> <span class='ocrx_word' id='word_1_240' title='bbox 731 2026 953 2096; x_wconf 86' lang='grc' dir='ltr'>καρποῦ</span> <span class='ocrx_word' id='word_1_241' title='bbox 985 2026 1175 2091; x_wconf 80' lang='grc' dir='ltr'><strong>σίτου,</strong></span> <span class='ocrx_word' id='word_1_242' title='bbox 1235 2024 1383 2080; x_wconf 80' lang='grc' dir='ltr'>οἴνου</span> <span class='ocrx_word' id='word_1_243' title='bbox 1434 2025 1533 2079; x_wconf 76' lang='grc' dir='ltr'>καὶ</span> <span class='ocrx_word' id='word_1_244' title='bbox 1583 2025 1792 2091; x_wconf 75' lang='grc' dir='ltr'>ἐλαίου,</span> 
     </span>
    </p>
   </div>
   <div class='ocr_carea' id='block_1_35' title="bbox 185 2118 1794 2194">
    <p class='ocr_par' dir='ltr' id='par_1_35' title="bbox 185 2118 1794 2194">
     <span class='ocr_line' id='line_1_35' title="bbox 185 2118 1794 2194; baseline -0.002 -19"><span class='ocrx_word' id='word_1_245' title='bbox 185 2122 639 2194; x_wconf 71' lang='grc' dir='ltr'>ιπληθὺνθησαν,</span> <span class='ocrx_word' id='word_1_246' title='bbox 656 2121 950 2174; x_wconf 78' lang='grc' dir='ltr'>τουτέστιν</span> <span class='ocrx_word' id='word_1_247' title='bbox 983 2119 1426 2191; x_wconf 74' lang='grc' dir='ltr'>ἐνεπλήσθησαν,</span> <span class='ocrx_word' id='word_1_248' title='bbox 1445 2118 1651 2192; x_wconf 80' lang='grc' dir='ltr'>δηλαδὴ</span> <span class='ocrx_word' id='word_1_249' title='bbox 1682 2119 1794 2173; x_wconf 89' lang='grc' dir='ltr'><strong>τῶν</strong></span> 
     </span>
    </p>
   </div>
   <div class='ocr_carea' id='block_1_36' title="bbox 186 2203 1793 2282">
    <p class='ocr_par' dir='ltr' id='par_1_36' title="bbox 186 2203 1793 2282">
     <span class='ocr_line' id='line_1_36' title="bbox 186 2203 1793 2282; baseline -0.002 -14"><span class='ocrx_word' id='word_1_250' title='bbox 186 2212 724 2282; x_wconf 64' lang='grc' dir='ltr'>ἀπαριθμηθέντων,</span> <span class='ocrx_word' id='word_1_251' title='bbox 761 2210 835 2264; x_wconf 82' lang='grc' dir='ltr'><strong>δι’</strong></span> <span class='ocrx_word' id='word_1_252' title='bbox 867 2203 947 2265; x_wconf 81' lang='grc' dir='ltr'>ὧν</span> <span class='ocrx_word' id='word_1_253' title='bbox 987 2210 1426 2281; x_wconf 79' lang='grc' dir='ltr'>ἀναγκαιότερον</span> <span class='ocrx_word' id='word_1_254' title='bbox 1456 2211 1554 2266; x_wconf 53' lang='grc' dir='ltr'><strong>καί⁵</strong></span> <span class='ocrx_word' id='word_1_255' title='bbox 1582 2211 1631 2264; x_wconf 85' lang='grc' dir='ltr'>τ’</span> <span class='ocrx_word' id='word_1_256' title='bbox 1657 2209 1793 2265; x_wconf 78' lang='grc' dir='ltr'>ἄλλα</span> 
     </span>
    </p>
   </div>
   <div class='ocr_carea' id='block_1_37' title="bbox 195 2302 1291 2376">
    <p class='ocr_par' dir='ltr' id='par_1_37' title="bbox 195 2302 1291 2376">
     <span class='ocr_line' id='line_1_37' title="bbox 195 2302 1291 2376; baseline 0.001 -18"><span class='ocrx_word' id='word_1_257' title='bbox 195 2306 302 2358; x_wconf 69' lang='grc' dir='ltr'><strong>τῶν</strong></span> <span class='ocrx_word' id='word_1_258' title='bbox 329 2305 641 2376; x_wconf 66' lang='grc' dir='ltr'>βρωμάτων</span> <span class='ocrx_word' id='word_1_259' title='bbox 664 2303 787 2374; x_wconf 82' lang='grc' dir='ltr'><strong>ετὸη</strong></span> <span class='ocrx_word' id='word_1_260' title='bbox 826 2302 1291 2374; x_wconf 71' lang='grc' dir='ltr'>συμπεριέλασεν.</span> 
     </span>
    </p>
   </div>
   <div class='ocr_carea' id='block_1_38' title="bbox 281 2482 1790 2554">
    <p class='ocr_par' dir='ltr' id='par_1_38' title="bbox 281 2482 1790 2554">
     <span class='ocr_line' id='line_1_38' title="bbox 281 2482 1790 2554; baseline 0.003 -19"><span class='ocrx_word' id='word_1_261' title='bbox 281 2483 380 2536; x_wconf 76' lang='grc' dir='ltr'>ἐν</span> <span class='ocrx_word' id='word_1_262' title='bbox 424 2483 632 2551; x_wconf 62' lang='lat' dir='ltr'><strong>em</strong></span> <span class='ocrx_word' id='word_1_263' title='bbox 684 2482 791 2536; x_wconf 71' lang='grc' dir='ltr'><strong>ἐπὶ</strong></span> <span class='ocrx_word' id='word_1_264' title='bbox 843 2483 911 2537; x_wconf 80' lang='grc' dir='ltr'>τὸ</span> <span class='ocrx_word' id='word_1_265' title='bbox 967 2484 1115 2538; x_wconf 85' lang='grc' dir='ltr'>αὐτὸ</span> <span class='ocrx_word' id='word_1_266' title='bbox 1168 2486 1641 2554; x_wconf 74' lang='grc' dir='ltr'>κοιμηθήσομαι,</span> <span class='ocrx_word' id='word_1_267' title='bbox 1690 2488 1790 2540; x_wconf 77' lang='grc' dir='ltr'>καὶ</span> 
     </span>
    </p>
   </div>
   <div class='ocr_carea' id='block_1_39' title="bbox 195 2572 1790 2645">
    <p class='ocr_par' dir='ltr' id='par_1_39' title="bbox 195 2572 1790 2645">
     <span class='ocr_line' id='line_1_39' title="bbox 195 2572 1790 2645; baseline 0.001 -16"><span class='ocrx_word' id='word_1_268' title='bbox 195 2572 475 2630; x_wconf 55' lang='lat' dir='ltr'><strong>uanitas).</strong></span> <span class='ocrx_word' id='word_1_269' title='bbox 496 2574 643 2636; x_wconf 72' lang='grc' dir='ltr'>Τοὺς</span> <span class='ocrx_word' id='word_1_270' title='bbox 672 2573 1039 2645; x_wconf 76' lang='grc' dir='ltr'>ἑνοχλοῦντάς</span> <span class='ocrx_word' id='word_1_271' title='bbox 1073 2591 1165 2644; x_wconf 87' lang='grc' dir='ltr'>μοι</span> <span class='ocrx_word' id='word_1_272' title='bbox 1195 2576 1396 2644; x_wconf 79' lang='grc' dir='ltr'>φόϐους</span> <span class='ocrx_word' id='word_1_273' title='bbox 1428 2576 1790 2645; x_wconf 81' lang='grc' dir='ltr'><strong>ἀποθέμενος,</strong></span> 
     </span>
    </p>
   </div>
   <div class='ocr_carea' id='block_1_40' title="bbox 182 2665 1791 2737">
    <p class='ocr_par' dir='ltr' id='par_1_40' title="bbox 182 2665 1791 2737">
     <span class='ocr_line' id='line_1_40' title="bbox 182 2665 1791 2737; baseline 0.002 -17"><span class='ocrx_word' id='word_1_274' title='bbox 182 2665 487 2737; x_wconf 77' lang='grc' dir='ltr'><strong>ἀταράχως</strong></span> <span class='ocrx_word' id='word_1_275' title='bbox 518 2666 970 2737; x_wconf 76' lang='grc' dir='ltr'>κοιμηθήσομοιι,</span> <span class='ocrx_word' id='word_1_276' title='bbox 1006 2665 1103 2720; x_wconf 82' lang='grc' dir='ltr'>καὶ</span> <span class='ocrx_word' id='word_1_277' title='bbox 1131 2667 1193 2719; x_wconf 82' lang='grc' dir='ltr'>οὑ</span> <span class='ocrx_word' id='word_1_278' title='bbox 1238 2665 1401 2721; x_wconf 80' lang='grc' dir='ltr'>τοῦτο</span> <span class='ocrx_word' id='word_1_279' title='bbox 1434 2666 1616 2737; x_wconf 83' lang='grc' dir='ltr'>μόνον,</span> <span class='ocrx_word' id='word_1_280' title='bbox 1650 2668 1791 2723; x_wconf 71' lang='grc' dir='ltr'><strong>ἀλλὰ</strong></span> 
     </span>
    </p>
   </div>
   <div class='ocr_carea' id='block_1_41' title="bbox 182 2757 1792 2831">
    <p class='ocr_par' dir='ltr' id='par_1_41' title="bbox 182 2757 1792 2831">
     <span class='ocr_line' id='line_1_41' title="bbox 182 2757 1792 2831; baseline 0.002 -21"><span class='ocrx_word' id='word_1_281' title='bbox 182 2759 275 2811; x_wconf 71' lang='grc' dir='ltr'><strong>καὶ</strong></span> <span class='ocrx_word' id='word_1_282' title='bbox 307 2759 481 2831; x_wconf 75' lang='grc' dir='ltr'>μέχρι</span> <span class='ocrx_word' id='word_1_283' title='bbox 505 2758 705 2829; x_wconf 77' lang='grc' dir='ltr'>κόρου.</span> <span class='ocrx_word' id='word_1_284' title='bbox 731 2757 806 2810; x_wconf 85' lang='grc' dir='ltr'><strong>Τὸ</strong></span> <span class='ocrx_word' id='word_1_285' title='bbox 831 2757 933 2827; x_wconf 72' lang='grc' dir='ltr'><strong>μὲν</strong></span> <span class='ocrx_word' id='word_1_286' title='bbox 960 2758 1092 2829; x_wconf 84' lang='grc' dir='ltr'>γὰρ,</span> <span class='ocrx_word' id='word_1_287' title='bbox 1127 2758 1229 2812; x_wconf 73' lang='grc' dir='ltr'><strong>ἐπὶ</strong></span> <span class='ocrx_word' id='word_1_288' title='bbox 1259 2758 1327 2813; x_wconf 84' lang='grc' dir='ltr'>τὸ</span> <span class='ocrx_word' id='word_1_289' title='bbox 1345 2757 1527 2827; x_wconf 65' lang='grc' dir='ltr'>αὐτὸς</span> <span class='ocrx_word' id='word_1_290' title='bbox 1539 2759 1792 2830; x_wconf 84' lang='grc' dir='ltr'>βούλεται</span> 
     </span>
    </p>
   </div>
   <div class='ocr_carea' id='block_1_42' title="bbox 182 2850 1776 2923">
    <p class='ocr_par' dir='ltr' id='par_1_42' title="bbox 182 2850 1776 2923">
     <span class='ocr_line' id='line_1_42' title="bbox 182 2850 1776 2923; baseline 0.002 -20"><span class='ocrx_word' id='word_1_291' title='bbox 182 2853 238 2905; x_wconf 79' lang='grc' dir='ltr'><strong>τὸ</strong></span> <span class='ocrx_word' id='word_1_292' title='bbox 273 2853 398 2921; x_wconf 70' lang='grc' dir='ltr'>ἅμα</span> <span class='ocrx_word' id='word_1_293' title='bbox 424 2850 661 2922; x_wconf 74' lang='grc' dir='ltr'>δηλοῦν,</span> <span class='ocrx_word' id='word_1_294' title='bbox 697 2851 781 2905; x_wconf 84' lang='grc' dir='ltr'>ὅτι</span> <span class='ocrx_word' id='word_1_295' title='bbox 820 2852 929 2904; x_wconf 69' lang='grc' dir='ltr'><strong>Καὶ</strong></span> <span class='ocrx_word' id='word_1_296' title='bbox 947 2853 1115 2921; x_wconf 70' lang='grc' dir='ltr'><strong>ἄμφω</strong></span> <span class='ocrx_word' id='word_1_297' title='bbox 1134 2851 1306 2906; x_wconf 80' lang='grc' dir='ltr'>ταῦτα</span> <span class='ocrx_word' id='word_1_298' title='bbox 1322 2852 1558 2923; x_wconf 84' lang='grc' dir='ltr'>ποιήσω.</span> <span class='ocrx_word' id='word_1_299' title='bbox 1595 2853 1638 2905; x_wconf 92' lang='grc' dir='ltr'><strong>Τ</strong></span> <span class='ocrx_word' id='word_1_300' title='bbox 1641 2853 1669 2905; x_wconf 83' lang='grc' dir='ltr'>δ</span> <span class='ocrx_word' id='word_1_301' title='bbox 1698 2853 1776 2920; x_wconf 81' lang='grc' dir='ltr'><strong>δὲ,</strong></span> 
     </span>
    </p>
   </div>
   <div class='ocr_carea' id='block_1_43' title="bbox 184 2941 1789 3015">
    <p class='ocr_par' dir='ltr' id='par_1_43' title="bbox 184 2941 1789 3015">
     <span class='ocr_line' id='line_1_43' title="bbox 184 2941 1789 3015; baseline 0.002 -18"><span class='ocrx_word' id='word_1_302' title='bbox 184 2945 465 3009; x_wconf 61' lang='lat' dir='ltr'><strong>indico),</strong></span> <span class='ocrx_word' id='word_1_303' title='bbox 524 2945 636 3015; x_wconf 76' lang='grc' dir='ltr'>τῆς</span> <span class='ocrx_word' id='word_1_304' title='bbox 676 2941 1061 3007; x_wconf 80' lang='grc' dir='ltr'>κατακλίσεώς</span> <span class='ocrx_word' id='word_1_305' title='bbox 1104 2945 1257 2997; x_wconf 80' lang='grc' dir='ltr'>ἐστιν</span> <span class='ocrx_word' id='word_1_306' title='bbox 1278 2943 1557 3007; x_wconf 75' lang='grc' dir='ltr'>ἐπίτασις.</span> <span class='ocrx_word' id='word_1_307' title='bbox 1588 2947 1660 2999; x_wconf 86' lang='grc' dir='ltr'><strong><em>Ἥ</em></strong></span> <span class='ocrx_word' id='word_1_308' title='bbox 1691 2950 1789 3002; x_wconf 81' lang='grc' dir='ltr'>καὶ</span> 
     </span>
    </p>
   </div>
   <div class='ocr_carea' id='block_1_44' title="bbox 186 3036 1793 3108">
    <p class='ocr_par' dir='ltr' id='par_1_44' title="bbox 186 3036 1793 3108">
     <span class='ocr_line' id='line_1_44' title="bbox 186 3036 1793 3108; baseline 0.004 -21"><span class='ocrx_word' id='word_1_309' title='bbox 186 3036 530 3107; x_wconf 70' lang='grc' dir='ltr'><strong>προφητεύει</strong></span> <span class='ocrx_word' id='word_1_310' title='bbox 561 3037 699 3108; x_wconf 81' lang='grc' dir='ltr'>περὶ</span> <span class='ocrx_word' id='word_1_311' title='bbox 728 3036 832 3106; x_wconf 79' lang='grc' dir='ltr'>τῆς</span> <span class='ocrx_word' id='word_1_312' title='bbox 858 3036 1059 3091; x_wconf 78' lang='grc' dir='ltr'>ἑαυτοῦ</span> <span class='ocrx_word' id='word_1_313' title='bbox 1091 3036 1375 3108; x_wconf 80' lang='grc' dir='ltr'><strong>τελευτῆς,</strong></span> <span class='ocrx_word' id='word_1_314' title='bbox 1424 3038 1500 3103; x_wconf 82' lang='grc' dir='ltr'>ὡς</span> <span class='ocrx_word' id='word_1_315' title='bbox 1522 3041 1624 3093; x_wconf 79' lang='grc' dir='ltr'>οὐκ</span> <span class='ocrx_word' id='word_1_316' title='bbox 1651 3042 1793 3105; x_wconf 41' lang='lat' dir='ltr'><strong>duo:</strong></span> 
     </span>
    </p>
   </div>
   <div class='ocr_carea' id='block_1_45' title="bbox 1901 1931 3492 2011">
    <p class='ocr_par' dir='ltr' id='par_1_45' title="bbox 1901 1931 3492 2011">
     <span class='ocr_line' id='line_1_45' title="bbox 1901 1931 3492 2011; baseline 0.012 -27"><span class='ocrx_word' id='word_1_317' title='bbox 1901 1931 2090 1988; x_wconf 89' lang='lat' dir='ltr'><strong>omnia</strong></span> <span class='ocrx_word' id='word_1_318' title='bbox 2124 1932 2292 1989; x_wconf 85' lang='lat' dir='ltr'><strong>Deum</strong></span> <span class='ocrx_word' id='word_1_319' title='bbox 2326 1951 2437 2005; x_wconf 74' lang='lat' dir='ltr'><strong>pra:</strong></span> <span class='ocrx_word' id='word_1_320' title='bbox 2464 1952 2656 2009; x_wconf 87' lang='lat' dir='ltr'><strong>magna</strong></span> <span class='ocrx_word' id='word_1_321' title='bbox 2687 1939 3019 2011; x_wconf 73' lang='lat' dir='ltr'><strong>benignitate</strong></span> <span class='ocrx_word' id='word_1_322' title='bbox 3039 1943 3492 2003; x_wconf 87' lang='lat' dir='ltr'><strong>subministrasse</strong></span> 
     </span>
    </p>
   </div>
   <div class='ocr_carea' id='block_1_46' title="bbox 1898 2025 3491 2097">
    <p class='ocr_par' dir='ltr' id='par_1_46' title="bbox 1898 2025 3491 2097">
     <span class='ocr_line' id='line_1_46' title="bbox 1898 2025 3491 2097; baseline 0.012 -22"><span class='ocrx_word' id='word_1_323' title='bbox 1898 2030 2197 2078; x_wconf 82' lang='lat' dir='ltr'><strong>attestatur</strong></span> <span class='ocrx_word' id='word_1_324' title='bbox 2228 2025 2507 2097; x_wconf 88' lang='lat' dir='ltr'><strong>Propheta</strong></span> <span class='ocrx_word' id='word_1_325' title='bbox 2558 2045 2571 2081; x_wconf 92' lang='lat'>:</span> <span class='ocrx_word' id='word_1_326' title='bbox 2626 2039 2681 2084; x_wconf 92' lang='lat' dir='ltr'><strong>et</strong></span> <span class='ocrx_word' id='word_1_327' title='bbox 2725 2031 2869 2086; x_wconf 90' lang='lat' dir='ltr'><strong>bona</strong></span> <span class='ocrx_word' id='word_1_328' title='bbox 2920 2032 3003 2088; x_wconf 89' lang='lat' dir='ltr'><strong>eis</strong></span> <span class='ocrx_word' id='word_1_329' title='bbox 3041 2034 3239 2091; x_wconf 88' lang='lat' dir='ltr'><strong>collata</strong></span> <span class='ocrx_word' id='word_1_330' title='bbox 3280 2051 3491 2093; x_wconf 86' lang='lat' dir='ltr'><strong>connu-</strong></span> 
     </span>
    </p>
   </div>
   <div class='ocr_carea' id='block_1_47' title="bbox 1902 2116 3488 2197">
    <p class='ocr_par' dir='ltr' id='par_1_47' title="bbox 1902 2116 3488 2197">
     <span class='ocr_line' id='line_1_47' title="bbox 1902 2116 3488 2197; baseline 0.011 -29"><span class='ocrx_word' id='word_1_331' title='bbox 1902 2125 2079 2169; x_wconf 87' lang='lat' dir='ltr'><strong>merat</strong></span> <span class='ocrx_word' id='word_1_332' title='bbox 2110 2116 2328 2186; x_wconf 89' lang='lat' dir='ltr'><strong>dicens,</strong></span> <span class='ocrx_word' id='word_1_333' title='bbox 2359 2120 2505 2189; x_wconf 87' lang='lat' dir='ltr'><strong>quod</strong></span> <span class='ocrx_word' id='word_1_334' title='bbox 2535 2135 2564 2174; x_wconf 88' lang='lat' dir='ltr'><strong>a</strong></span> <span class='ocrx_word' id='word_1_335' title='bbox 2594 2120 2779 2178; x_wconf 88' lang='lat' dir='ltr'><strong>fructu</strong></span> <span class='ocrx_word' id='word_1_336' title='bbox 2801 2124 3084 2193; x_wconf 80' lang='lat' dir='ltr'><strong>frumenti,</strong></span> <span class='ocrx_word' id='word_1_337' title='bbox 3112 2129 3244 2195; x_wconf 80' lang='lat' dir='ltr'><strong>riui,</strong></span> <span class='ocrx_word' id='word_1_338' title='bbox 3275 2138 3332 2185; x_wconf 88' lang='lat' dir='ltr'><strong>et</strong></span> <span class='ocrx_word' id='word_1_339' title='bbox 3355 2133 3488 2197; x_wconf 85' lang='lat' dir='ltr'><strong>olei,</strong></span> 
     </span>
    </p>
   </div>
   <div class='ocr_carea' id='block_1_48' title="bbox 1899 2206 3487 2280">
    <p class='ocr_par' dir='ltr' id='par_1_48' title="bbox 1899 2206 3487 2280">
     <span class='ocr_line' id='line_1_48' title="bbox 1899 2206 3487 2280; baseline 0.011 -19"><span class='ocrx_word' id='word_1_340' title='bbox 1899 2206 2246 2277; x_wconf 86' lang='lat' dir='ltr'><strong>multiplicati</strong></span> <span class='ocrx_word' id='word_1_341' title='bbox 2293 2222 2425 2268; x_wconf 87' lang='lat' dir='ltr'><strong>sunt</strong></span> <span class='ocrx_word' id='word_1_342' title='bbox 2473 2213 2589 2280; x_wconf 87' lang='lat' dir='ltr'><strong>eis;</strong></span> <span class='ocrx_word' id='word_1_343' title='bbox 2645 2214 2750 2273; x_wconf 91' lang='lat' dir='ltr'><strong>hoc</strong></span> <span class='ocrx_word' id='word_1_344' title='bbox 2791 2225 2901 2275; x_wconf 83' lang='lat' dir='ltr'><strong>est.</strong></span> <span class='ocrx_word' id='word_1_345' title='bbox 2942 2218 3024 2275; x_wconf 85' lang='lat' dir='ltr'><strong>eis</strong></span> <span class='ocrx_word' id='word_1_346' title='bbox 3074 2224 3487 2279; x_wconf 82' lang='lat' dir='ltr'><strong>connumeratis</strong></span> 
     </span>
    </p>
   </div>
   <div class='ocr_carea' id='block_1_49' title="bbox 1898 2295 3486 2384">
    <p class='ocr_par' dir='ltr' id='par_1_49' title="bbox 1898 2295 3486 2384">
     <span class='ocr_line' id='line_1_49' title="bbox 1898 2295 3486 2384; baseline 0.012 -34"><span class='ocrx_word' id='word_1_347' title='bbox 1898 2295 2061 2354; x_wconf 87' lang='lat' dir='ltr'><strong>bonis</strong></span> <span class='ocrx_word' id='word_1_348' title='bbox 2108 2301 2321 2369; x_wconf 87' lang='lat' dir='ltr'><strong>repleti,</strong></span> <span class='ocrx_word' id='word_1_349' title='bbox 2357 2318 2453 2371; x_wconf 90' lang='lat' dir='ltr'><strong>per</strong></span> <span class='ocrx_word' id='word_1_350' title='bbox 2502 2319 2627 2373; x_wconf 84' lang='lat' dir='ltr'><strong>quae</strong></span> <span class='ocrx_word' id='word_1_351' title='bbox 2660 2305 2802 2362; x_wconf 87' lang='lat' dir='ltr'><strong>bona</strong></span> <span class='ocrx_word' id='word_1_352' title='bbox 2854 2317 3115 2379; x_wconf 87' lang='lat' dir='ltr'><strong>tanquam</strong></span> <span class='ocrx_word' id='word_1_353' title='bbox 3166 2326 3266 2381; x_wconf 87' lang='lat' dir='ltr'><strong>per</strong></span> <span class='ocrx_word' id='word_1_354' title='bbox 3309 2317 3486 2384; x_wconf 89' lang='lat' dir='ltr'><strong>magis</strong></span> 
     </span>
    </p>
   </div>
   <div class='ocr_carea' id='block_1_50' title="bbox 1899 2394 3342 2471">
    <p class='ocr_par' dir='ltr' id='par_1_50' title="bbox 1899 2394 3342 2471">
     <span class='ocr_line' id='line_1_50' title="bbox 1899 2394 3342 2471; baseline 0.011 -27"><span class='ocrx_word' id='word_1_355' title='bbox 1899 2394 2241 2458; x_wconf 83' lang='lat' dir='ltr'><strong>necessaria,</strong></span> <span class='ocrx_word' id='word_1_356' title='bbox 2279 2394 2489 2464; x_wconf 88' lang='lat' dir='ltr'><strong>reliqua</strong></span> <span class='ocrx_word' id='word_1_357' title='bbox 2520 2397 2768 2453; x_wconf 88' lang='lat' dir='ltr'><strong>ciborum</strong></span> <span class='ocrx_word' id='word_1_358' title='bbox 2818 2416 3020 2471; x_wconf 69' lang='lat' dir='ltr'><strong>genera</strong></span> <span class='ocrx_word' id='word_1_359' title='bbox 3050 2402 3342 2460; x_wconf 82' lang='lat' dir='ltr'><strong>intellexit.</strong></span> 
     </span>
    </p>
   </div>
   <div class='ocr_carea' id='block_1_51' title="bbox 1970 2479 3484 2563">
    <p class='ocr_par' dir='ltr' id='par_1_51' title="bbox 1970 2479 3484 2563">
     <span class='ocr_line' id='line_1_51' title="bbox 1970 2479 3484 2563; baseline 0.013 -28"><span class='ocrx_word' id='word_1_360' title='bbox 1970 2479 2136 2537; x_wconf 73' lang='lat' dir='ltr'><strong>Vens.</strong></span> <span class='ocrx_word' id='word_1_361' title='bbox 2166 2484 2219 2539; x_wconf 89' lang='lat'><strong>9.</strong></span> <span class='ocrx_word' id='word_1_362' title='bbox 2256 2483 2324 2539; x_wconf 84' lang='lat' dir='ltr'><strong>1n</strong></span> <span class='ocrx_word' id='word_1_363' title='bbox 2348 2487 2543 2554; x_wconf 84' lang='lat' dir='ltr'><strong>pacein</strong></span> <span class='ocrx_word' id='word_1_364' title='bbox 2564 2487 2795 2558; x_wconf 73' lang='lat' dir='ltr'><strong>idipsum</strong></span> <span class='ocrx_word' id='word_1_365' title='bbox 2824 2491 3091 2547; x_wconf 83' lang='lat' dir='ltr'><strong>dormiam</strong></span> <span class='ocrx_word' id='word_1_366' title='bbox 3107 2495 3484 2563; x_wconf 81' lang='lat' dir='ltr'><strong>etsoporabor.</strong></span> 
     </span>
    </p>
   </div>
   <div class='ocr_carea' id='block_1_52' title="bbox 1898 2571 3487 2659">
    <p class='ocr_par' dir='ltr' id='par_1_52' title="bbox 1898 2571 3487 2659">
     <span class='ocr_line' id='line_1_52' title="bbox 1898 2571 3487 2659; baseline 0.011 -31"><span class='ocrx_word' id='word_1_367' title='bbox 1898 2571 2160 2644; x_wconf 82' lang='lat' dir='ltr'><strong>Deposito</strong></span> <span class='ocrx_word' id='word_1_368' title='bbox 2185 2576 2405 2639; x_wconf 86' lang='lat' dir='ltr'><strong>timore,</strong></span> <span class='ocrx_word' id='word_1_369' title='bbox 2439 2595 2550 2649; x_wconf 92' lang='lat' dir='ltr'><strong>quo</strong></span> <span class='ocrx_word' id='word_1_370' title='bbox 2585 2582 2975 2659; x_wconf 81' lang='lat' dir='ltr'><strong>perturbabar,</strong></span> <span class='ocrx_word' id='word_1_371' title='bbox 3010 2585 3274 2658; x_wconf 86' lang='lat' dir='ltr'><strong>deinceps</strong></span> <span class='ocrx_word' id='word_1_372' title='bbox 3300 2588 3487 2658; x_wconf 86' lang='lat' dir='ltr'><strong>quiete</strong></span> 
     </span>
    </p>
   </div>
   <div class='ocr_carea' id='block_1_53' title="bbox 1895 2665 3485 2751">
    <p class='ocr_par' dir='ltr' id='par_1_53' title="bbox 1895 2665 3485 2751">
     <span class='ocr_line' id='line_1_53' title="bbox 1895 2665 3485 2751; baseline 0.011 -32"><span class='ocrx_word' id='word_1_373' title='bbox 1895 2665 2206 2735; x_wconf 88' lang='lat' dir='ltr'><strong>dormiam;</strong></span> <span class='ocrx_word' id='word_1_374' title='bbox 2239 2684 2343 2725; x_wconf 82' lang='lat' dir='ltr'><strong>nec</strong></span> <span class='ocrx_word' id='word_1_375' title='bbox 2375 2672 2649 2727; x_wconf 85' lang='lat' dir='ltr'><strong>dormiam</strong></span> <span class='ocrx_word' id='word_1_376' title='bbox 2689 2675 3044 2745; x_wconf 83' lang='lat' dir='ltr'><strong>simpliciter,</strong></span> <span class='ocrx_word' id='word_1_377' title='bbox 3077 2678 3175 2733; x_wconf 87' lang='lat' dir='ltr'><strong>sed</strong></span> <span class='ocrx_word' id='word_1_378' title='bbox 3215 2681 3283 2735; x_wconf 89' lang='lat' dir='ltr'><strong>ad</strong></span> <span class='ocrx_word' id='word_1_379' title='bbox 3309 2681 3485 2751; x_wconf 88' lang='lat' dir='ltr'><strong>ipsam</strong></span> 
     </span>
    </p>
   </div>
   <div class='ocr_carea' id='block_1_54' title="bbox 1898 2762 3482 2842">
    <p class='ocr_par' dir='ltr' id='par_1_54' title="bbox 1898 2762 3482 2842">
     <span class='ocr_line' id='line_1_54' title="bbox 1898 2762 3482 2842; baseline 0.009 -29"><span class='ocrx_word' id='word_1_380' title='bbox 1898 2774 2076 2828; x_wconf 88' lang='lat' dir='ltr'><strong>usque</strong></span> <span class='ocrx_word' id='word_1_381' title='bbox 2106 2763 2448 2821; x_wconf 82' lang='lat' dir='ltr'><strong>satietatem.</strong></span> <span class='ocrx_word' id='word_1_382' title='bbox 2483 2762 2621 2820; x_wconf 89' lang='lat' dir='ltr'><strong>Nam</strong></span> <span class='ocrx_word' id='word_1_383' title='bbox 2664 2770 2809 2837; x_wconf 87' lang='lat' dir='ltr'><strong>quod</strong></span> <span class='ocrx_word' id='word_1_384' title='bbox 2842 2769 2943 2835; x_wconf 88' lang='lat' dir='ltr'><strong>ait,</strong></span> <span class='ocrx_word' id='word_1_385' title='bbox 2972 2771 3026 2825; x_wconf 84' lang='lat' dir='ltr'><strong>in</strong></span> <span class='ocrx_word' id='word_1_386' title='bbox 3056 2772 3312 2842; x_wconf 82' lang='lat' dir='ltr'><strong>idipsum,</strong></span> <span class='ocrx_word' id='word_1_387' title='bbox 3337 2774 3482 2830; x_wconf 88' lang='lat' dir='ltr'><strong>idem</strong></span> 
     </span>
    </p>
   </div>
   <div class='ocr_carea' id='block_1_55' title="bbox 1895 2851 3485 2933">
    <p class='ocr_par' dir='ltr' id='par_1_55' title="bbox 1895 2851 3485 2933">
     <span class='ocr_line' id='line_1_55' title="bbox 1895 2851 3485 2933; baseline 0.009 -27"><span class='ocrx_word' id='word_1_388' title='bbox 1895 2851 2000 2908; x_wconf 88' lang='lat' dir='ltr'><strong>sibi</strong></span> <span class='ocrx_word' id='word_1_389' title='bbox 2023 2854 2140 2909; x_wconf 87' lang='lat' dir='ltr'><strong>vult</strong></span> <span class='ocrx_word' id='word_1_390' title='bbox 2161 2853 2310 2925; x_wconf 90' lang='lat' dir='ltr'><strong>quod</strong></span> <span class='ocrx_word' id='word_1_391' title='bbox 2333 2872 2440 2910; x_wconf 84' lang='lat' dir='ltr'><strong>una</strong></span> <span class='ocrx_word' id='word_1_392' title='bbox 2467 2872 2486 2911; x_wconf 91' lang='lat'><strong><em>:</em></strong></span> <span class='ocrx_word' id='word_1_393' title='bbox 2511 2871 2577 2913; x_wconf 83' lang='lat' dir='ltr'><strong>ac</strong></span> <span class='ocrx_word' id='word_1_394' title='bbox 2594 2858 2640 2913; x_wconf 88' lang='lat' dir='ltr'><strong>si</strong></span> <span class='ocrx_word' id='word_1_395' title='bbox 2658 2859 2829 2923; x_wconf 83' lang='lat' dir='ltr'><strong>dicat,</strong></span> <span class='ocrx_word' id='word_1_396' title='bbox 2858 2860 3100 2933; x_wconf 86' lang='lat' dir='ltr'><strong>Utraque</strong></span> <span class='ocrx_word' id='word_1_397' title='bbox 3123 2864 3237 2919; x_wconf 63' lang='lat' dir='ltr'><strong>hac</strong></span> <span class='ocrx_word' id='word_1_398' title='bbox 3259 2864 3485 2931; x_wconf 84' lang='lat' dir='ltr'><strong>faciam,</strong></span> 
     </span>
    </p>
   </div>
   <div class='ocr_carea' id='block_1_56' title="bbox 1894 2944 3483 3025">
    <p class='ocr_par' dir='ltr' id='par_1_56' title="bbox 1894 2944 3483 3025">
     <span class='ocr_line' id='line_1_56' title="bbox 1894 2944 3483 3025; baseline 0.009 -26"><span class='ocrx_word' id='word_1_399' title='bbox 1894 2944 2166 3000; x_wconf 87' lang='lat' dir='ltr'><strong>dormiam</strong></span> <span class='ocrx_word' id='word_1_400' title='bbox 2195 2955 2253 3001; x_wconf 88' lang='lat' dir='ltr'><strong>et</strong></span> <span class='ocrx_word' id='word_1_401' title='bbox 2282 2950 2493 3017; x_wconf 88' lang='lat' dir='ltr'><strong>pariter</strong></span> <span class='ocrx_word' id='word_1_402' title='bbox 2531 2951 2845 3019; x_wconf 77' lang='lat' dir='ltr'><strong>soporabor.</strong></span> <span class='ocrx_word' id='word_1_403' title='bbox 2878 2951 3002 3020; x_wconf 87' lang='lat' dir='ltr'><strong>Quo</strong></span> <span class='ocrx_word' id='word_1_404' title='bbox 3032 2955 3292 3025; x_wconf 87' lang='lat' dir='ltr'><strong>loquendi</strong></span> <span class='ocrx_word' id='word_1_405' title='bbox 3318 2958 3483 3013; x_wconf 88' lang='lat' dir='ltr'><strong>modo</strong></span> 
     </span>
    </p>
   </div>
   <div class='ocr_carea' id='block_1_57' title="bbox 1895 3039 3478 3120">
    <p class='ocr_par' dir='ltr' id='par_1_57' title="bbox 1895 3039 3478 3120">
     <span class='ocr_line' id='line_1_57' title="bbox 1895 3039 3478 3120; baseline 0.008 -27"><span class='ocrx_word' id='word_1_406' title='bbox 1895 3039 2282 3097; x_wconf 85' lang='lat' dir='ltr'><strong>accubationis</strong></span> <span class='ocrx_word' id='word_1_407' title='bbox 2312 3053 2367 3096; x_wconf 86' lang='lat' dir='ltr'><strong>et</strong></span> <span class='ocrx_word' id='word_1_408' title='bbox 2401 3042 2603 3117; x_wconf 79' lang='lat' dir='ltr'><strong>quietis</strong></span> <span class='ocrx_word' id='word_1_409' title='bbox 2638 3059 2753 3101; x_wconf 84' lang='lat' dir='ltr'><strong>suae</strong></span> <span class='ocrx_word' id='word_1_410' title='bbox 2783 3045 3155 3108; x_wconf 85' lang='lat' dir='ltr'><strong>intensionem</strong></span> <span class='ocrx_word' id='word_1_411' title='bbox 3185 3050 3478 3120; x_wconf 78' lang='lat' dir='ltr'><strong>expressit.</strong></span> 
     </span>
    </p>
   </div>
   <div class='ocr_carea' id='block_1_58' title="bbox 188 3127 1787 3212">
    <p class='ocr_par' dir='ltr' id='par_1_58' title="bbox 188 3127 1779 3208">
     <span class='ocr_line' id='line_1_58' title="bbox 188 3127 1779 3208; baseline 0.003 -25"><span class='ocrx_word' id='word_1_412' title='bbox 188 3130 419 3208; x_wconf 62' lang='grc' dir='ltr'>θανεῖται</span> <span class='ocrx_word' id='word_1_413' title='bbox 454 3129 691 3201; x_wconf 82' lang='grc' dir='ltr'>βιαίως,</span> <span class='ocrx_word' id='word_1_414' title='bbox 733 3129 872 3183; x_wconf 74' lang='grc' dir='ltr'><strong>ἀλλὰ</strong></span> <span class='ocrx_word' id='word_1_415' title='bbox 898 3127 1044 3183; x_wconf 83' lang='grc' dir='ltr'>κατὰ</span> <span class='ocrx_word' id='word_1_416' title='bbox 1066 3129 1250 3198; x_wconf 86' lang='grc' dir='ltr'>φύσιν,</span> <span class='ocrx_word' id='word_1_417' title='bbox 1297 3129 1429 3186; x_wconf 72' lang='grc' dir='ltr'>ἔνθα</span> <span class='ocrx_word' id='word_1_418' title='bbox 1463 3133 1561 3186; x_wconf 76' lang='grc' dir='ltr'>καὶ</span> <span class='ocrx_word' id='word_1_419' title='bbox 1585 3134 1779 3205; x_wconf 81' lang='grc' dir='ltr'>νοήσο-</span> 
     </span>
    </p>
   </div>
   <div class='ocr_carea' id='block_1_59' title="bbox 1891 3127 3481 3212">
    <p class='ocr_par' dir='ltr' id='par_1_59' title="bbox 1900 3128 3481 3212">
     <span class='ocr_line' id='line_1_59' title="bbox 1900 3128 3481 3212; baseline 0.008 -27"><span class='ocrx_word' id='word_1_420' title='bbox 1900 3128 1995 3187; x_wconf 82' lang='lat' dir='ltr'><strong>Vel</strong></span> <span class='ocrx_word' id='word_1_421' title='bbox 2032 3133 2116 3188; x_wconf 87' lang='lat' dir='ltr'><strong>his</strong></span> <span class='ocrx_word' id='word_1_422' title='bbox 2156 3133 2340 3190; x_wconf 83' lang='lat' dir='ltr'><strong>verbis</strong></span> <span class='ocrx_word' id='word_1_423' title='bbox 2370 3132 2643 3206; x_wconf 85' lang='lat' dir='ltr'><strong>Propheta</strong></span> <span class='ocrx_word' id='word_1_424' title='bbox 2675 3137 2930 3195; x_wconf 82' lang='lat' dir='ltr'><strong>fortassis</strong></span> <span class='ocrx_word' id='word_1_425' title='bbox 2974 3142 3238 3211; x_wconf 84' lang='lat' dir='ltr'><strong>praedicit,</strong></span> <span class='ocrx_word' id='word_1_426' title='bbox 3269 3158 3390 3212; x_wconf 73' lang='lat' dir='ltr'><strong>qua:</strong></span> <span class='ocrx_word' id='word_1_427' title='bbox 3413 3144 3481 3198; x_wconf 81' lang='lat' dir='ltr'><strong>ad</strong></span> 
     </span>
    </p>
   </div>
   <div class='ocr_carea' id='block_1_60' title="bbox 188 3224 1795 3299">
    <p class='ocr_par' dir='ltr' id='par_1_60' title="bbox 188 3224 1795 3299">
     <span class='ocr_line' id='line_1_60' title="bbox 188 3224 1795 3299; baseline 0.005 -24"><span class='ocrx_word' id='word_1_428' title='bbox 188 3241 276 3294; x_wconf 65' lang='lat' dir='ltr'><strong>pes</strong></span> <span class='ocrx_word' id='word_1_429' title='bbox 295 3226 381 3289; x_wconf 77' lang='grc' dir='ltr'>τὸ,</span> <span class='ocrx_word' id='word_1_430' title='bbox 421 3225 534 3280; x_wconf 71' lang='grc' dir='ltr'><strong>ἐπὶ</strong></span> <span class='ocrx_word' id='word_1_431' title='bbox 598 3224 667 3279; x_wconf 80' lang='grc' dir='ltr'>τὸ</span> <span class='ocrx_word' id='word_1_432' title='bbox 716 3224 888 3290; x_wconf 84' lang='grc' dir='ltr'>αὐτὸ,</span> <span class='ocrx_word' id='word_1_433' title='bbox 941 3224 1071 3295; x_wconf 77' lang='grc' dir='ltr'>περὶ</span> <span class='ocrx_word' id='word_1_434' title='bbox 1116 3224 1214 3278; x_wconf 80' lang='grc' dir='ltr'><strong>τοῦ</strong></span> <span class='ocrx_word' id='word_1_435' title='bbox 1262 3227 1520 3298; x_wconf 84' lang='grc' dir='ltr'>σώματος</span> <span class='ocrx_word' id='word_1_436' title='bbox 1558 3229 1652 3282; x_wconf 72' lang='grc' dir='ltr'><strong>καὶ</strong></span> <span class='ocrx_word' id='word_1_437' title='bbox 1683 3229 1795 3299; x_wconf 77' lang='grc' dir='ltr'>τῆς·</span> 
     </span>
    </p>
   </div>
   <div class='ocr_carea' id='block_1_61' title="bbox 182 3316 1784 3393">
    <p class='ocr_par' dir='ltr' id='par_1_61' title="bbox 182 3316 1784 3393">
     <span class='ocr_line' id='line_1_61' title="bbox 182 3316 1784 3393; baseline 0.003 -23"><span class='ocrx_word' id='word_1_438' title='bbox 182 3319 347 3390; x_wconf 61' lang='grc' dir='ltr'>ςυκῆς</span> <span class='ocrx_word' id='word_1_439' title='bbox 416 3317 649 3388; x_wconf 75' lang='grc' dir='ltr'>λέγειν,</span> <span class='ocrx_word' id='word_1_440' title='bbox 704 3318 789 3372; x_wconf 85' lang='grc' dir='ltr'>ὄτι</span> <span class='ocrx_word' id='word_1_441' title='bbox 840 3316 1272 3391; x_wconf 77' lang='grc' dir='ltr'>Κοιμηοήσομαι</span> <span class='ocrx_word' id='word_1_442' title='bbox 1306 3319 1364 3374; x_wconf 71' lang='grc' dir='ltr'>ἐν</span> <span class='ocrx_word' id='word_1_443' title='bbox 1390 3321 1584 3393; x_wconf 73' lang='grc' dir='ltr'>εἰρήνῃ</span> <span class='ocrx_word' id='word_1_444' title='bbox 1623 3321 1784 3391; x_wconf 83' lang='grc' dir='ltr'>ὁμοῦ,</span> 
     </span>
    </p>
   </div>
   <div class='ocr_carea' id='block_1_62' title="bbox 183 3412 1784 3487">
    <p class='ocr_par' dir='ltr' id='par_1_62' title="bbox 183 3412 1784 3487">
     <span class='ocr_line' id='line_1_62' title="bbox 183 3412 1784 3487; baseline 0.001 -22"><span class='ocrx_word' id='word_1_445' title='bbox 183 3414 267 3466; x_wconf 74' lang='lat' dir='ltr'><strong>ut</strong></span> <span class='ocrx_word' id='word_1_446' title='bbox 300 3414 455 3469; x_wconf 73' lang='grc' dir='ltr'>κατὰ</span> <span class='ocrx_word' id='word_1_447' title='bbox 503 3413 702 3483; x_wconf 80' lang='grc' dir='ltr'>σῶμα,</span> <span class='ocrx_word' id='word_1_448' title='bbox 728 3412 826 3466; x_wconf 82' lang='grc' dir='ltr'>καὶ</span> <span class='ocrx_word' id='word_1_449' title='bbox 867 3412 1012 3468; x_wconf 82' lang='grc' dir='ltr'>κατὰ</span> <span class='ocrx_word' id='word_1_450' title='bbox 1045 3413 1262 3485; x_wconf 71' lang='grc' dir='ltr'>ψυχήν*</span> <span class='ocrx_word' id='word_1_451' title='bbox 1296 3413 1491 3469; x_wconf 79' lang='grc' dir='ltr'>τούτου</span> <span class='ocrx_word' id='word_1_452' title='bbox 1519 3416 1640 3487; x_wconf 82' lang='grc' dir='ltr'>μὲν,</span> <span class='ocrx_word' id='word_1_453' title='bbox 1672 3415 1784 3469; x_wconf 86' lang='grc' dir='ltr'><strong>τῶν</strong></span> 
     </span>
    </p>
   </div>
   <div class='ocr_carea' id='block_1_63' title="bbox 181 3504 1785 3577">
    <p class='ocr_par' dir='ltr' id='par_1_63' title="bbox 181 3504 1785 3577">
     <span class='ocr_line' id='line_1_63' title="bbox 181 3504 1785 3577; baseline 0.002 -18"><span class='ocrx_word' id='word_1_454' title='bbox 181 3504 384 3577; x_wconf 71' lang='grc' dir='ltr'>ὁρατῶν</span> <span class='ocrx_word' id='word_1_455' title='bbox 416 3506 861 3575; x_wconf 77' lang='grc' dir='ltr'><strong>ἀπαλλαγέντος</strong></span> <span class='ocrx_word' id='word_1_456' title='bbox 892 3505 1107 3577; x_wconf 76' lang='grc' dir='ltr'>ἐχθρῶν</span> <span class='ocrx_word' id='word_1_457' title='bbox 1130 3524 1144 3538; x_wconf 94' lang='grc'><strong>·</strong></span> <span class='ocrx_word' id='word_1_458' title='bbox 1173 3507 1395 3577; x_wconf 74' lang='grc' dir='ltr'>ἐκείνης</span> <span class='ocrx_word' id='word_1_459' title='bbox 1427 3508 1486 3562; x_wconf 81' lang='grc' dir='ltr'>δὲ</span> <span class='ocrx_word' id='word_1_460' title='bbox 1507 3548 1522 3571; x_wconf 94' lang='grc'><strong>,</strong></span> <span class='ocrx_word' id='word_1_461' title='bbox 1554 3508 1664 3562; x_wconf 83' lang='grc' dir='ltr'><strong>τῶν</strong></span> <span class='ocrx_word' id='word_1_462' title='bbox 1691 3510 1785 3563; x_wconf 80' lang='grc' dir='ltr'><strong>ἀο-</strong></span> 
     </span>
    </p>
   </div>
   <div class='ocr_carea' id='block_1_64' title="bbox 182 3597 1786 3673">
    <p class='ocr_par' dir='ltr' id='par_1_64' title="bbox 182 3597 1786 3673">
     <span class='ocr_line' id='line_1_64' title="bbox 182 3597 1786 3673; baseline 0.001 -20"><span class='ocrx_word' id='word_1_463' title='bbox 182 3602 371 3670; x_wconf 67' lang='grc' dir='ltr'><strong>μάτων.</strong></span> <span class='ocrx_word' id='word_1_464' title='bbox 403 3598 489 3653; x_wconf 75' lang='grc' dir='ltr'><strong>Τὸ</strong></span> <span class='ocrx_word' id='word_1_465' title='bbox 520 3598 615 3663; x_wconf 75' lang='grc' dir='ltr'><strong>δὲ.</strong></span> <span class='ocrx_word' id='word_1_466' title='bbox 646 3597 917 3654; x_wconf 71' lang='grc' dir='ltr'>ὐπνώσω</span> <span class='ocrx_word' id='word_1_467' title='bbox 936 3639 953 3666; x_wconf 92' lang='grc'><strong>,</strong></span> <span class='ocrx_word' id='word_1_468' title='bbox 981 3600 1077 3654; x_wconf 81' lang='grc' dir='ltr'>τὸν</span> <span class='ocrx_word' id='word_1_469' title='bbox 1111 3599 1275 3672; x_wconf 77' lang='grc' dir='ltr'>μέχρι</span> <span class='ocrx_word' id='word_1_470' title='bbox 1300 3601 1400 3673; x_wconf 84' lang='grc' dir='ltr'>τῆς</span> <span class='ocrx_word' id='word_1_471' title='bbox 1429 3601 1786 3669; x_wconf 73' lang='grc' dir='ltr'>ἀναστάσεως</span> 
     </span>
    </p>
   </div>
   <div class='ocr_carea' id='block_1_65' title="bbox 177 3692 995 3765">
    <p class='ocr_par' dir='ltr' id='par_1_65' title="bbox 177 3692 995 3765">
     <span class='ocr_line' id='line_1_65' title="bbox 177 3692 995 3765; baseline 0.001 -18"><span class='ocrx_word' id='word_1_472' title='bbox 177 3693 390 3765; x_wconf 69' lang='grc' dir='ltr'>μικρὸν</span> <span class='ocrx_word' id='word_1_473' title='bbox 419 3692 746 3748; x_wconf 71' lang='grc' dir='ltr'><strong>αἰνίττεται</strong></span> <span class='ocrx_word' id='word_1_474' title='bbox 777 3692 995 3763; x_wconf 86' lang='grc' dir='ltr'>χρόνον.</span> 
     </span>
    </p>
   </div>
   <div class='ocr_carea' id='block_1_66' title="bbox 239 3963 1780 4034">
    <p class='ocr_par' dir='ltr' id='par_1_66' title="bbox 239 3963 1780 4034">
     <span class='ocr_line' id='line_1_66' title="bbox 239 3963 1780 4034; baseline 0.004 -14"><span class='ocrx_word' id='word_1_475' title='bbox 239 3968 372 4020; x_wconf 82' lang='grc' dir='ltr'>Ὀτι</span> <span class='ocrx_word' id='word_1_476' title='bbox 406 3964 518 4029; x_wconf 81' lang='grc' dir='ltr'><strong>σὺ,</strong></span> <span class='ocrx_word' id='word_1_477' title='bbox 548 3966 757 4033; x_wconf 74' lang='grc' dir='ltr'>Κύριε,</span> <span class='ocrx_word' id='word_1_478' title='bbox 783 3963 937 4018; x_wconf 84' lang='grc' dir='ltr'>κατὰ</span> <span class='ocrx_word' id='word_1_479' title='bbox 956 3966 1155 4034; x_wconf 82' lang='grc' dir='ltr'>μόνας</span> <span class='ocrx_word' id='word_1_480' title='bbox 1178 3966 1273 4021; x_wconf 76' lang='grc' dir='ltr'><strong>ἐπ’</strong></span> <span class='ocrx_word' id='word_1_481' title='bbox 1296 3966 1501 4025; x_wconf 73' lang='grc' dir='ltr'><strong>ἐλπίδι</strong></span> <span class='ocrx_word' id='word_1_482' title='bbox 1529 3968 1780 4034; x_wconf 79' lang='grc' dir='ltr'>κατῴκι-</span> 
     </span>
    </p>
   </div>
   <div class='ocr_carea' id='block_1_67' title="bbox 188 4058 1778 4133">
    <p class='ocr_par' dir='ltr' id='par_1_67' title="bbox 188 4058 1778 4133">
     <span class='ocr_line' id='line_1_67' title="bbox 188 4058 1778 4133; baseline 0 -17"><span class='ocrx_word' id='word_1_483' title='bbox 188 4062 285 4126; x_wconf 66' lang='grc' dir='ltr'>σάς</span> <span class='ocrx_word' id='word_1_484' title='bbox 306 4078 408 4131; x_wconf 81' lang='grc' dir='ltr'><strong>με.</strong></span> <span class='ocrx_word' id='word_1_485' title='bbox 448 4058 529 4112; x_wconf 79' lang='grc' dir='ltr'>Σύ</span> <span class='ocrx_word' id='word_1_486' title='bbox 569 4077 640 4129; x_wconf 78' lang='grc' dir='ltr'>με</span> <span class='ocrx_word' id='word_1_487' title='bbox 670 4060 841 4129; x_wconf 81' lang='grc' dir='ltr'>χωρὶς</span> <span class='ocrx_word' id='word_1_488' title='bbox 868 4058 981 4114; x_wconf 85' lang='grc' dir='ltr'><strong>τῶν</strong></span> <span class='ocrx_word' id='word_1_489' title='bbox 1006 4061 1264 4130; x_wconf 82' lang='grc' dir='ltr'>πονηρῶν</span> <span class='ocrx_word' id='word_1_490' title='bbox 1286 4061 1458 4116; x_wconf 83' lang='grc' dir='ltr'>οίκεῖν</span> <span class='ocrx_word' id='word_1_491' title='bbox 1487 4062 1778 4133; x_wconf 77' lang='grc' dir='ltr'>ἐποίησας,</span> 
     </span>
    </p>
   </div>
   <div class='ocr_carea' id='block_1_68' title="bbox 194 4151 1782 4227">
    <p class='ocr_par' dir='ltr' id='par_1_68' title="bbox 194 4151 1782 4227">
     <span class='ocr_line' id='line_1_68' title="bbox 194 4151 1782 4227; baseline 0.003 -23"><span class='ocrx_word' id='word_1_492' title='bbox 194 4154 261 4204; x_wconf 76' lang='grc' dir='ltr'><strong>ἐτ’</strong></span> <span class='ocrx_word' id='word_1_493' title='bbox 285 4154 475 4206; x_wconf 74' lang='grc' dir='ltr'>ἑλπίδι</span> <span class='ocrx_word' id='word_1_494' title='bbox 509 4152 821 4224; x_wconf 73' lang='grc' dir='ltr'>σωτηρίας.</span> <span class='ocrx_word' id='word_1_495' title='bbox 849 4151 1009 4216; x_wconf 74' lang='grc' dir='ltr'>Τινὲς</span> <span class='ocrx_word' id='word_1_496' title='bbox 1037 4151 1096 4205; x_wconf 75' lang='grc' dir='ltr'><strong>δέ</strong></span> <span class='ocrx_word' id='word_1_497' title='bbox 1130 4168 1321 4221; x_wconf 82' lang='grc' dir='ltr'>φασιν,</span> <span class='ocrx_word' id='word_1_498' title='bbox 1353 4152 1437 4207; x_wconf 82' lang='grc' dir='ltr'>ὅτι</span> <span class='ocrx_word' id='word_1_499' title='bbox 1461 4154 1624 4208; x_wconf 78' lang='grc' dir='ltr'>τοῦτο</span> <span class='ocrx_word' id='word_1_500' title='bbox 1652 4158 1782 4227; x_wconf 74' lang='grc' dir='ltr'>περὶ</span> 
     </span>
    </p>
   </div>
   <div class='ocr_carea' id='block_1_69' title="bbox 191 4241 1781 4315">
    <p class='ocr_par' dir='ltr' id='par_1_69' title="bbox 191 4241 1781 4315">
     <span class='ocr_line' id='line_1_69' title="bbox 191 4241 1781 4315; baseline 0.002 -20"><span class='ocrx_word' id='word_1_501' title='bbox 191 4244 270 4312; x_wconf 69' lang='grc' dir='ltr'>τῆς</span> <span class='ocrx_word' id='word_1_502' title='bbox 290 4246 353 4298; x_wconf 80' lang='grc' dir='ltr'>ἐκ</span> <span class='ocrx_word' id='word_1_503' title='bbox 376 4241 615 4314; x_wconf 82' lang='grc' dir='ltr'>νεκρῶν</span> <span class='ocrx_word' id='word_1_504' title='bbox 662 4241 1019 4305; x_wconf 84' lang='grc' dir='ltr'>ἀναστάσεως</span> <span class='ocrx_word' id='word_1_505' title='bbox 1058 4244 1464 4313; x_wconf 77' lang='grc' dir='ltr'>προεφήτευσε,</span> <span class='ocrx_word' id='word_1_506' title='bbox 1486 4246 1781 4315; x_wconf 67' lang='grc' dir='ltr'>,σχηματί-</span> 
     </span>
    </p>
   </div>
   <div class='ocr_carea' id='block_1_70' title="bbox 192 4333 1779 4405">
    <p class='ocr_par' dir='ltr' id='par_1_70' title="bbox 192 4333 1779 4405">
     <span class='ocr_line' id='line_1_70' title="bbox 192 4333 1779 4405; baseline 0.004 -18"><span class='ocrx_word' id='word_1_507' title='bbox 192 4353 273 4399; x_wconf 76' lang='grc' dir='ltr'>εις</span> <span class='ocrx_word' id='word_1_508' title='bbox 322 4337 422 4390; x_wconf 68' lang='grc' dir='ltr'><strong>τὸν</strong></span> <span class='ocrx_word' id='word_1_509' title='bbox 452 4336 625 4405; x_wconf 78' lang='grc' dir='ltr'>λόγον</span> <span class='ocrx_word' id='word_1_510' title='bbox 672 4335 748 4399; x_wconf 82' lang='grc' dir='ltr'>ὡς</span> <span class='ocrx_word' id='word_1_511' title='bbox 776 4335 886 4388; x_wconf 79' lang='grc' dir='ltr'><strong>ἀπὸ</strong></span> <span class='ocrx_word' id='word_1_512' title='bbox 911 4334 1006 4389; x_wconf 82' lang='grc' dir='ltr'>τοῦ</span> <span class='ocrx_word' id='word_1_513' title='bbox 1043 4333 1320 4405; x_wconf 80' lang='grc' dir='ltr'>σώματος,</span> <span class='ocrx_word' id='word_1_514' title='bbox 1353 4335 1628 4405; x_wconf 79' lang='grc' dir='ltr'>λέγοντος,</span> <span class='ocrx_word' id='word_1_515' title='bbox 1696 4338 1779 4393; x_wconf 78' lang='grc' dir='ltr'><strong>ὅτι</strong></span> 
     </span>
    </p>
   </div>
   <div class='ocr_carea' id='block_1_71' title="bbox 188 4426 1777 4501">
    <p class='ocr_par' dir='ltr' id='par_1_71' title="bbox 188 4426 1777 4501">
     <span class='ocr_line' id='line_1_71' title="bbox 188 4426 1777 4501; baseline 0.003 -22"><span class='ocrx_word' id='word_1_516' title='bbox 188 4428 268 4491; x_wconf 60' lang='grc' dir='ltr'><strong>ΣΞ,</strong></span> <span class='ocrx_word' id='word_1_517' title='bbox 311 4427 527 4499; x_wconf 72' lang='grc' dir='ltr'>Κύριε,</span> <span class='ocrx_word' id='word_1_518' title='bbox 589 4428 872 4481; x_wconf 80' lang='grc' dir='ltr'>κατοικεῖν</span> <span class='ocrx_word' id='word_1_519' title='bbox 904 4443 975 4496; x_wconf 84' lang='grc' dir='ltr'>με</span> <span class='ocrx_word' id='word_1_520' title='bbox 1003 4427 1095 4480; x_wconf 79' lang='grc' dir='ltr'>τὸν</span> <span class='ocrx_word' id='word_1_521' title='bbox 1124 4428 1297 4497; x_wconf 82' lang='grc' dir='ltr'>τάφον</span> <span class='ocrx_word' id='word_1_522' title='bbox 1327 4426 1537 4499; x_wconf 80' lang='grc' dir='ltr'>ὥρισας</span> <span class='ocrx_word' id='word_1_523' title='bbox 1603 4447 1777 4501; x_wconf 85' lang='grc' dir='ltr'>μεμο-</span> 
     </span>
    </p>
   </div>
   <div class='ocr_carea' id='block_1_72' title="bbox 186 4518 1774 4591">
    <p class='ocr_par' dir='ltr' id='par_1_72' title="bbox 186 4518 1774 4591">
     <span class='ocr_line' id='line_1_72' title="bbox 186 4518 1774 4591; baseline 0.001 -18"><span class='ocrx_word' id='word_1_524' title='bbox 186 4522 423 4591; x_wconf 73' lang='grc' dir='ltr'>νωμένον</span> <span class='ocrx_word' id='word_1_525' title='bbox 454 4519 566 4587; x_wconf 81' lang='grc' dir='ltr'>τῆς</span> <span class='ocrx_word' id='word_1_526' title='bbox 621 4518 860 4587; x_wconf 76' lang='grc' dir='ltr'>συζύγου</span> <span class='ocrx_word' id='word_1_527' title='bbox 908 4519 1120 4590; x_wconf 70' lang='grc' dir='ltr'>ψυχῆς*</span> <span class='ocrx_word' id='word_1_528' title='bbox 1169 4521 1270 4591; x_wconf 80' lang='grc' dir='ltr'><strong>οὐχ</strong></span> <span class='ocrx_word' id='word_1_529' title='bbox 1299 4521 1493 4586; x_wconf 79' lang='grc' dir='ltr'>ἁπλῶς</span> <span class='ocrx_word' id='word_1_530' title='bbox 1517 4522 1599 4586; x_wconf 78' lang='grc' dir='ltr'><strong>δὲ,</strong></span> <span class='ocrx_word' id='word_1_531' title='bbox 1655 4524 1774 4579; x_wconf 79' lang='grc' dir='ltr'><strong>ἀλλ’</strong></span> 
     </span>
    </p>
   </div>
   <div class='ocr_carea' id='block_1_73' title="bbox 182 4610 1770 4687">
    <p class='ocr_par' dir='ltr' id='par_1_73' title="bbox 182 4610 1770 4687">
     <span class='ocr_line' id='line_1_73' title="bbox 182 4610 1770 4687; baseline 0.003 -20"><span class='ocrx_word' id='word_1_532' title='bbox 182 4615 354 4667; x_wconf 69' lang='grc' dir='ltr'>ἑλπίδι</span> <span class='ocrx_word' id='word_1_533' title='bbox 386 4610 786 4675; x_wconf 73' lang='grc' dir='ltr'>ἀναστάσεως,</span> <span class='ocrx_word' id='word_1_534' title='bbox 818 4611 908 4664; x_wconf 84' lang='grc' dir='ltr'>ὅτε</span> <span class='ocrx_word' id='word_1_535' title='bbox 930 4610 1028 4663; x_wconf 72' lang='grc' dir='ltr'><strong>καὶ</strong></span> <span class='ocrx_word' id='word_1_536' title='bbox 1056 4610 1155 4682; x_wconf 82' lang='grc' dir='ltr'>τὴν</span> <span class='ocrx_word' id='word_1_537' title='bbox 1187 4610 1370 4684; x_wconf 81' lang='grc' dir='ltr'>ψυχὴν</span> <span class='ocrx_word' id='word_1_538' title='bbox 1398 4613 1770 4687; x_wconf 75' lang='grc' dir='ltr'><strong>ἀπολήψομαι.</strong></span> 
     </span>
    </p>
   </div>
   <div class='ocr_carea' id='block_1_74' title="bbox 177 4701 1776 4776">
    <p class='ocr_par' dir='ltr' id='par_1_74' title="bbox 177 4701 1776 4776">
     <span class='ocr_line' id='line_1_74' title="bbox 177 4701 1776 4776; baseline 0.001 -17"><span class='ocrx_word' id='word_1_539' title='bbox 177 4706 248 4759; x_wconf 66' lang='grc' dir='ltr'><strong>τὸ</strong></span> <span class='ocrx_word' id='word_1_540' title='bbox 278 4706 367 4771; x_wconf 74' lang='grc' dir='ltr'>δὲ,</span> <span class='ocrx_word' id='word_1_541' title='bbox 403 4704 529 4767; x_wconf 78' lang='grc' dir='ltr'>ὅτι,</span> <span class='ocrx_word' id='word_1_542' title='bbox 589 4702 871 4772; x_wconf 75' lang='grc' dir='ltr'>παρέλκον</span> <span class='ocrx_word' id='word_1_543' title='bbox 919 4701 1101 4755; x_wconf 84' lang='grc' dir='ltr'>δοκεῖ·</span> <span class='ocrx_word' id='word_1_544' title='bbox 1165 4704 1265 4757; x_wconf 80' lang='grc' dir='ltr'>καὶ</span> <span class='ocrx_word' id='word_1_545' title='bbox 1314 4704 1423 4776; x_wconf 82' lang='grc' dir='ltr'><strong>γὰρ</strong></span> <span class='ocrx_word' id='word_1_546' title='bbox 1449 4707 1508 4758; x_wconf 79' lang='grc' dir='ltr'>ἐν</span> <span class='ocrx_word' id='word_1_547' title='bbox 1554 4708 1776 4771; x_wconf 76' lang='grc' dir='ltr'>πολλοῖς</span> 
     </span>
    </p>
   </div>
   <div class='ocr_carea' id='block_1_75' title="bbox 178 4793 1774 4869">
    <p class='ocr_par' dir='ltr' id='par_1_75' title="bbox 178 4793 1774 4869">
     <span class='ocr_line' id='line_1_75' title="bbox 178 4793 1774 4869; baseline 0.001 -17"><span class='ocrx_word' id='word_1_548' title='bbox 178 4799 374 4867; x_wconf 76' lang='grc' dir='ltr'>ἰδίωμα</span> <span class='ocrx_word' id='word_1_549' title='bbox 424 4796 531 4851; x_wconf 82' lang='grc' dir='ltr'><strong>καί</strong></span> <span class='ocrx_word' id='word_1_550' title='bbox 563 4795 729 4849; x_wconf 83' lang='grc' dir='ltr'>τοῦτο</span> <span class='ocrx_word' id='word_1_551' title='bbox 755 4794 857 4865; x_wconf 82' lang='grc' dir='ltr'>τῆς</span> <span class='ocrx_word' id='word_1_552' title='bbox 890 4793 1173 4859; x_wconf 78' lang='grc' dir='ltr'>Παλαιᾶς’</span> <span class='ocrx_word' id='word_1_553' title='bbox 1224 4798 1430 4851; x_wconf 82' lang='grc' dir='ltr'>νοεῖται</span> <span class='ocrx_word' id='word_1_554' title='bbox 1459 4796 1517 4852; x_wconf 76' lang='grc' dir='ltr'><strong>δὲ</strong></span> <span class='ocrx_word' id='word_1_555' title='bbox 1546 4800 1640 4853; x_wconf 73' lang='grc' dir='ltr'>καὶ</span> <span class='ocrx_word' id='word_1_556' title='bbox 1679 4798 1774 4869; x_wconf 82' lang='grc' dir='ltr'>βε-</span> 
     </span>
    </p>
   </div>
   <div class='ocr_carea' id='block_1_76' title="bbox 177 4886 1016 4954">
    <p class='ocr_par' dir='ltr' id='par_1_76' title="bbox 177 4886 1016 4954">
     <span class='ocr_line' id='line_1_76' title="bbox 177 4886 1016 4954; baseline -0.006 -9"><span class='ocrx_word' id='word_1_557' title='bbox 177 4890 503 4953; x_wconf 74' lang='grc' dir='ltr'>δαιωτικὸν,</span> <span class='ocrx_word' id='word_1_558' title='bbox 532 4889 660 4943; x_wconf 70' lang='grc' dir='ltr'>ἀντὶ</span> <span class='ocrx_word' id='word_1_559' title='bbox 684 4887 780 4941; x_wconf 75' lang='grc' dir='ltr'><strong>τοῦ</strong></span> <span class='ocrx_word' id='word_1_560' title='bbox 804 4886 1016 4954; x_wconf 77' lang='grc' dir='ltr'><strong>ὄντως.</strong></span> 
     </span>
    </p>
   </div>
   <div class='ocr_carea' id='block_1_77' title="bbox 1896 3229 3480 3300">
    <p class='ocr_par' dir='ltr' id='par_1_77' title="bbox 1896 3229 3480 3300">
     <span class='ocr_line' id='line_1_77' title="bbox 1896 3229 3480 3300; baseline 0.008 -22"><span class='ocrx_word' id='word_1_561' title='bbox 1896 3235 2134 3280; x_wconf 87' lang='lat' dir='ltr'><strong>mortem</strong></span> <span class='ocrx_word' id='word_1_562' title='bbox 2169 3241 2327 3282; x_wconf 91' lang='lat' dir='ltr'><strong>suam</strong></span> <span class='ocrx_word' id='word_1_563' title='bbox 2356 3229 2745 3298; x_wconf 87' lang='lat' dir='ltr'><strong>pertinebant;</strong></span> <span class='ocrx_word' id='word_1_564' title='bbox 2792 3232 2939 3300; x_wconf 90' lang='lat' dir='ltr'><strong>quod</strong></span> <span class='ocrx_word' id='word_1_565' title='bbox 2968 3233 3179 3288; x_wconf 89' lang='lat' dir='ltr'><strong>scilicet</strong></span> <span class='ocrx_word' id='word_1_566' title='bbox 3209 3250 3319 3290; x_wconf 89' lang='lat' dir='ltr'><strong>non</strong></span> <span class='ocrx_word' id='word_1_567' title='bbox 3362 3236 3480 3290; x_wconf 84' lang='lat' dir='ltr'><strong>vio-</strong></span> 
     </span>
    </p>
   </div>
   <div class='ocr_carea' id='block_1_78' title="bbox 1891 3314 3482 3382">
    <p class='ocr_par' dir='ltr' id='par_1_78' title="bbox 1891 3314 3482 3382">
     <span class='ocr_line' id='line_1_78' title="bbox 1891 3314 3482 3382; baseline 0.007 -11"><span class='ocrx_word' id='word_1_568' title='bbox 1891 3314 2065 3381; x_wconf 86' lang='lat' dir='ltr'><strong>lenta,</strong></span> <span class='ocrx_word' id='word_1_569' title='bbox 2099 3318 2198 3374; x_wconf 87' lang='lat' dir='ltr'><strong>sed</strong></span> <span class='ocrx_word' id='word_1_570' title='bbox 2226 3320 2469 3375; x_wconf 88' lang='lat' dir='ltr'><strong>naturali</strong></span> <span class='ocrx_word' id='word_1_571' title='bbox 2511 3330 2692 3376; x_wconf 87' lang='lat' dir='ltr'><strong>morte</strong></span> <span class='ocrx_word' id='word_1_572' title='bbox 2749 3321 2801 3377; x_wconf 86' lang='lat' dir='ltr'><strong>ei</strong></span> <span class='ocrx_word' id='word_1_573' title='bbox 2855 3324 3201 3379; x_wconf 85' lang='lat' dir='ltr'><strong>moriendum</strong></span> <span class='ocrx_word' id='word_1_574' title='bbox 3235 3336 3374 3382; x_wconf 87' lang='lat' dir='ltr'><strong>erat.</strong></span> <span class='ocrx_word' id='word_1_575' title='bbox 3415 3326 3482 3382; x_wconf 81' lang='lat' dir='ltr'><strong>Et</strong></span> 
     </span>
    </p>
   </div>
   <div class='ocr_carea' id='block_1_79' title="bbox 1891 3408 3482 3486">
    <p class='ocr_par' dir='ltr' id='par_1_79' title="bbox 1891 3408 3482 3486">
     <span class='ocr_line' id='line_1_79' title="bbox 1891 3408 3482 3486; baseline 0.009 -25"><span class='ocrx_word' id='word_1_576' title='bbox 1891 3408 2041 3478; x_wconf 85' lang='lat' dir='ltr'><strong>quod</strong></span> <span class='ocrx_word' id='word_1_577' title='bbox 2073 3409 2205 3464; x_wconf 92' lang='lat' dir='ltr'><strong>dicit</strong></span> <span class='ocrx_word' id='word_1_578' title='bbox 2239 3410 2295 3464; x_wconf 80' lang='lat' dir='ltr'><strong>ia</strong></span> <span class='ocrx_word' id='word_1_579' title='bbox 2329 3411 2582 3479; x_wconf 84' lang='lat' dir='ltr'><strong>iaipsum,</strong></span> <span class='ocrx_word' id='word_1_580' title='bbox 2624 3413 2694 3469; x_wconf 90' lang='lat' dir='ltr'><strong>de</strong></span> <span class='ocrx_word' id='word_1_581' title='bbox 2723 3413 2905 3468; x_wconf 90' lang='lat' dir='ltr'><strong>anima</strong></span> <span class='ocrx_word' id='word_1_582' title='bbox 2951 3424 3005 3470; x_wconf 91' lang='lat' dir='ltr'><strong>et</strong></span> <span class='ocrx_word' id='word_1_583' title='bbox 3035 3430 3269 3486; x_wconf 87' lang='lat' dir='ltr'><strong>corpore</strong></span> <span class='ocrx_word' id='word_1_584' title='bbox 3319 3420 3482 3475; x_wconf 84' lang='lat' dir='ltr'><strong>intel-</strong></span> 
     </span>
    </p>
   </div>
   <div class='ocr_carea' id='block_1_80' title="bbox 1888 3498 3479 3575">
    <p class='ocr_par' dir='ltr' id='par_1_80' title="bbox 1888 3498 3479 3575">
     <span class='ocr_line' id='line_1_80' title="bbox 1888 3498 3479 3575; baseline 0.006 -25"><span class='ocrx_word' id='word_1_585' title='bbox 1888 3499 2144 3568; x_wconf 82' lang='lat' dir='ltr'><strong>ligemus.</strong></span> <span class='ocrx_word' id='word_1_586' title='bbox 2178 3498 2455 3555; x_wconf 87' lang='lat' dir='ltr'><strong>Dormiam</strong></span> <span class='ocrx_word' id='word_1_587' title='bbox 2490 3501 2638 3555; x_wconf 90' lang='lat' dir='ltr'><strong>enim</strong></span> <span class='ocrx_word' id='word_1_588' title='bbox 2673 3516 2794 3573; x_wconf 77' lang='lat' dir='ltr'><strong>ego,</strong></span> <span class='ocrx_word' id='word_1_589' title='bbox 2828 3501 3029 3573; x_wconf 88' lang='lat' dir='ltr'><strong>inquit,</strong></span> <span class='ocrx_word' id='word_1_590' title='bbox 3066 3504 3121 3559; x_wconf 90' lang='lat' dir='ltr'><strong>in</strong></span> <span class='ocrx_word' id='word_1_591' title='bbox 3157 3520 3313 3575; x_wconf 87' lang='lat' dir='ltr'><strong>pace,</strong></span> <span class='ocrx_word' id='word_1_592' title='bbox 3352 3521 3479 3561; x_wconf 81' lang='lat' dir='ltr'><strong>cer-</strong></span> 
     </span>
    </p>
   </div>
   <div class='ocr_carea' id='block_1_81' title="bbox 1890 3591 3481 3662">
    <p class='ocr_par' dir='ltr' id='par_1_81' title="bbox 1890 3591 3481 3662">
     <span class='ocr_line' id='line_1_81' title="bbox 1890 3591 3481 3662; baseline 0.003 -17"><span class='ocrx_word' id='word_1_593' title='bbox 1890 3604 2024 3659; x_wconf 89' lang='lat' dir='ltr'><strong>pore</strong></span> <span class='ocrx_word' id='word_1_594' title='bbox 2058 3591 2268 3660; x_wconf 89' lang='lat' dir='ltr'><strong>pariter</strong></span> <span class='ocrx_word' id='word_1_595' title='bbox 2294 3599 2348 3645; x_wconf 87' lang='lat' dir='ltr'><strong>et</strong></span> <span class='ocrx_word' id='word_1_596' title='bbox 2383 3592 2569 3646; x_wconf 86' lang='lat' dir='ltr'><strong>anima</strong></span> <span class='ocrx_word' id='word_1_597' title='bbox 2597 3607 2613 3646; x_wconf 90' lang='lat'><strong>:</strong></span> <span class='ocrx_word' id='word_1_598' title='bbox 2667 3606 2903 3662; x_wconf 88' lang='lat' dir='ltr'><strong>corpore</strong></span> <span class='ocrx_word' id='word_1_599' title='bbox 2932 3594 3193 3653; x_wconf 80' lang='lat' dir='ltr'><strong>nimirum</strong></span> <span class='ocrx_word' id='word_1_600' title='bbox 3229 3608 3260 3649; x_wconf 88' lang='lat' dir='ltr'><strong>a</strong></span> <span class='ocrx_word' id='word_1_601' title='bbox 3291 3595 3481 3653; x_wconf 86' lang='lat' dir='ltr'><strong>visibi-</strong></span> 
     </span>
    </p>
   </div>
   <div class='ocr_carea' id='block_1_82' title="bbox 1890 3681 3476 3747">
    <p class='ocr_par' dir='ltr' id='par_1_82' title="bbox 1890 3681 3476 3747">
     <span class='ocr_line' id='line_1_82' title="bbox 1890 3681 3476 3747; baseline 0.005 -11"><span class='ocrx_word' id='word_1_602' title='bbox 1890 3681 2062 3747; x_wconf 88' lang='lat' dir='ltr'><strong>libus,</strong></span> <span class='ocrx_word' id='word_1_603' title='bbox 2094 3692 2151 3738; x_wconf 85' lang='lat' dir='ltr'><strong>et</strong></span> <span class='ocrx_word' id='word_1_604' title='bbox 2190 3683 2373 3739; x_wconf 81' lang='lat' dir='ltr'><strong>anima</strong></span> <span class='ocrx_word' id='word_1_605' title='bbox 2406 3684 2474 3739; x_wconf 90' lang='lat' dir='ltr'><strong>ab</strong></span> <span class='ocrx_word' id='word_1_606' title='bbox 2507 3683 2881 3740; x_wconf 84' lang='lat' dir='ltr'><strong>invisibilibus</strong></span> <span class='ocrx_word' id='word_1_607' title='bbox 2930 3685 3175 3744; x_wconf 85' lang='lat' dir='ltr'><strong>inimicis</strong></span> <span class='ocrx_word' id='word_1_608' title='bbox 3221 3687 3476 3744; x_wconf 90' lang='lat' dir='ltr'><strong>liberata.</strong></span> 
     </span>
    </p>
   </div>
   <div class='ocr_carea' id='block_1_83' title="bbox 1889 3770 3480 3847">
    <p class='ocr_par' dir='ltr' id='par_1_83' title="bbox 1889 3770 3480 3847">
     <span class='ocr_line' id='line_1_83' title="bbox 1889 3770 3480 3847; baseline 0.007 -21"><span class='ocrx_word' id='word_1_609' title='bbox 1889 3770 2045 3839; x_wconf 85' lang='lat' dir='ltr'><strong>Quod</strong></span> <span class='ocrx_word' id='word_1_610' title='bbox 2075 3788 2206 3828; x_wconf 80' lang='lat' dir='ltr'><strong>vero</strong></span> <span class='ocrx_word' id='word_1_611' title='bbox 2256 3772 2356 3838; x_wconf 89' lang='lat' dir='ltr'><strong>ait,</strong></span> <span class='ocrx_word' id='word_1_612' title='bbox 2406 3773 2726 3843; x_wconf 81' lang='lat' dir='ltr'><strong>soporabor,</strong></span> <span class='ocrx_word' id='word_1_613' title='bbox 2769 3774 2998 3847; x_wconf 82' lang='lat' dir='ltr'><strong>longum</strong></span> <span class='ocrx_word' id='word_1_614' title='bbox 3051 3781 3480 3837; x_wconf 84' lang='lat' dir='ltr'><strong>resurrectionis</strong></span> 
     </span>
    </p>
   </div>
   <div class='ocr_carea' id='block_1_84' title="bbox 1888 3866 2712 3937">
    <p class='ocr_par' dir='ltr' id='par_1_84' title="bbox 1888 3866 2712 3937">
     <span class='ocr_line' id='line_1_84' title="bbox 1888 3866 2712 3937; baseline 0.004 -15"><span class='ocrx_word' id='word_1_615' title='bbox 1888 3875 2105 3937; x_wconf 89' lang='lat' dir='ltr'><strong>tempus</strong></span> <span class='ocrx_word' id='word_1_616' title='bbox 2136 3866 2452 3937; x_wconf 82' lang='lat' dir='ltr'><strong>significare</strong></span> <span class='ocrx_word' id='word_1_617' title='bbox 2473 3867 2712 3926; x_wconf 86' lang='lat' dir='ltr'><strong>videtur.</strong></span> 
     </span>
    </p>
   </div>
   <div class='ocr_carea' id='block_1_85' title="bbox 1958 3957 3479 4037">
    <p class='ocr_par' dir='ltr' id='par_1_85' title="bbox 1958 3957 3479 4037">
     <span class='ocr_line' id='line_1_85' title="bbox 1958 3957 3479 4037; baseline 0.007 -25"><span class='ocrx_word' id='word_1_618' title='bbox 1958 3957 2127 4016; x_wconf 72' lang='lat' dir='ltr'><strong>Vens.</strong></span> <span class='ocrx_word' id='word_1_619' title='bbox 2163 3958 2231 4014; x_wconf 76' lang='grc'><strong>10</strong></span> <span class='ocrx_word' id='word_1_620' title='bbox 2278 3958 2543 4026; x_wconf 82' lang='lat' dir='ltr'><strong>Quoniam</strong></span> <span class='ocrx_word' id='word_1_621' title='bbox 2576 3970 2656 4028; x_wconf 80' lang='grc' dir='ltr'>ιιι,</span> <span class='ocrx_word' id='word_1_622' title='bbox 2674 3960 2919 4029; x_wconf 83' lang='lat' dir='ltr'><strong>Domine,</strong></span> <span class='ocrx_word' id='word_1_623' title='bbox 2940 3964 3287 4037; x_wconf 78' lang='lat' dir='ltr'><strong>singulariter</strong></span> <span class='ocrx_word' id='word_1_624' title='bbox 3312 3966 3367 4021; x_wconf 85' lang='lat' dir='ltr'><strong>in</strong></span> <span class='ocrx_word' id='word_1_625' title='bbox 3388 3982 3479 4036; x_wconf 81' lang='lat' dir='ltr'><strong>spe</strong></span> 
     </span>
    </p>
   </div>
   <div class='ocr_carea' id='block_1_86' title="bbox 1890 4050 3476 4125">
    <p class='ocr_par' dir='ltr' id='par_1_86' title="bbox 1890 4050 3476 4125">
     <span class='ocr_line' id='line_1_86' title="bbox 1890 4050 3476 4125; baseline 0.008 -23"><span class='ocrx_word' id='word_1_626' title='bbox 1890 4050 2137 4105; x_wconf 79' lang='lat' dir='ltr'><strong>habitare</strong></span> <span class='ocrx_word' id='word_1_627' title='bbox 2177 4051 2352 4119; x_wconf 75' lang='lat' dir='ltr'><strong>fecisti</strong></span> <span class='ocrx_word' id='word_1_628' title='bbox 2413 4068 2516 4106; x_wconf 86' lang='lat' dir='ltr'><strong>me.</strong></span> <span class='ocrx_word' id='word_1_629' title='bbox 2548 4051 2629 4106; x_wconf 86' lang='lat' dir='ltr'><strong>Tu</strong></span> <span class='ocrx_word' id='word_1_630' title='bbox 2664 4068 2772 4121; x_wconf 91' lang='lat' dir='ltr'><strong>me,</strong></span> <span class='ocrx_word' id='word_1_631' title='bbox 2814 4055 3016 4125; x_wconf 78' lang='lat' dir='ltr'><strong>inquit,</strong></span> <span class='ocrx_word' id='word_1_632' title='bbox 3057 4056 3310 4113; x_wconf 87' lang='lat' dir='ltr'><strong>habitare</strong></span> <span class='ocrx_word' id='word_1_633' title='bbox 3337 4058 3476 4114; x_wconf 76' lang='lat' dir='ltr'><strong>fet-i-</strong></span> 
     </span>
    </p>
   </div>
   <div class='ocr_carea' id='block_1_87' title="bbox 1885 4144 3473 4217">
    <p class='ocr_par' dir='ltr' id='par_1_87' title="bbox 1885 4144 3473 4217">
     <span class='ocr_line' id='line_1_87' title="bbox 1885 4144 3473 4217; baseline 0.003 -16"><span class='ocrx_word' id='word_1_634' title='bbox 1885 4146 1956 4201; x_wconf 88' lang='lat' dir='ltr'><strong>sti</strong></span> <span class='ocrx_word' id='word_1_635' title='bbox 1985 4160 2235 4202; x_wconf 84' lang='lat' dir='ltr'><strong>seorsum</strong></span> <span class='ocrx_word' id='word_1_636' title='bbox 2263 4161 2290 4198; x_wconf 88' lang='lat' dir='ltr'><strong>a</strong></span> <span class='ocrx_word' id='word_1_637' title='bbox 2316 4144 2576 4214; x_wconf 88' lang='lat' dir='ltr'><strong>malignis</strong></span> <span class='ocrx_word' id='word_1_638' title='bbox 2608 4153 2773 4215; x_wconf 83' lang='lat' dir='ltr'><strong>atque</strong></span> <span class='ocrx_word' id='word_1_639' title='bbox 2795 4146 2850 4201; x_wconf 92' lang='lat' dir='ltr'><strong>in</strong></span> <span class='ocrx_word' id='word_1_640' title='bbox 2874 4162 2971 4217; x_wconf 90' lang='lat' dir='ltr'><strong>spe</strong></span> <span class='ocrx_word' id='word_1_641' title='bbox 2999 4147 3221 4215; x_wconf 76' lang='lat' dir='ltr'><strong>salutis.</strong></span> <span class='ocrx_word' id='word_1_642' title='bbox 3242 4149 3473 4215; x_wconf 78' lang='lat' dir='ltr'><strong>Quidam</strong></span> 
     </span>
    </p>
   </div>
   <div class='ocr_carea' id='block_1_88' title="bbox 1884 4238 3475 4311">
    <p class='ocr_par' dir='ltr' id='par_1_88' title="bbox 1884 4238 3475 4311">
     <span class='ocr_line' id='line_1_88' title="bbox 1884 4238 3475 4311; baseline 0.004 -19"><span class='ocrx_word' id='word_1_643' title='bbox 1884 4254 2016 4293; x_wconf 84' lang='lat' dir='ltr'><strong>vero</strong></span> <span class='ocrx_word' id='word_1_644' title='bbox 2071 4238 2188 4293; x_wconf 74' lang='lat' dir='ltr'><strong>haec</strong></span> <span class='ocrx_word' id='word_1_645' title='bbox 2232 4238 2301 4292; x_wconf 92' lang='lat' dir='ltr'><strong>de</strong></span> <span class='ocrx_word' id='word_1_646' title='bbox 2348 4239 2758 4293; x_wconf 87' lang='lat' dir='ltr'><strong>resurrectione</strong></span> <span class='ocrx_word' id='word_1_647' title='bbox 2806 4254 2836 4292; x_wconf 89' lang='lat' dir='ltr'><strong>a</strong></span> <span class='ocrx_word' id='word_1_648' title='bbox 2870 4240 3107 4295; x_wconf 89' lang='lat' dir='ltr'><strong>mortuis</strong></span> <span class='ocrx_word' id='word_1_649' title='bbox 3151 4240 3475 4311; x_wconf 63' lang='lat' dir='ltr'><strong>proiihetice</strong></span> 
     </span>
    </p>
   </div>
   <div class='ocr_carea' id='block_1_89' title="bbox 1882 4332 3473 4403">
    <p class='ocr_par' dir='ltr' id='par_1_89' title="bbox 1882 4332 3473 4403">
     <span class='ocr_line' id='line_1_89' title="bbox 1882 4332 3473 4403; baseline 0.003 -15"><span class='ocrx_word' id='word_1_650' title='bbox 1882 4334 2028 4389; x_wconf 89' lang='lat' dir='ltr'><strong>dicta</strong></span> <span class='ocrx_word' id='word_1_651' title='bbox 2060 4348 2189 4389; x_wconf 84' lang='lat' dir='ltr'><strong>esse</strong></span> <span class='ocrx_word' id='word_1_652' title='bbox 2214 4333 2367 4387; x_wconf 87' lang='lat' dir='ltr'><strong>aiunt</strong></span> <span class='ocrx_word' id='word_1_653' title='bbox 2396 4349 2410 4386; x_wconf 91' lang='lat'><strong>:</strong></span> <span class='ocrx_word' id='word_1_654' title='bbox 2447 4332 2707 4403; x_wconf 89' lang='lat' dir='ltr'><strong>quodque</strong></span> <span class='ocrx_word' id='word_1_655' title='bbox 2741 4333 2940 4390; x_wconf 85' lang='lat' dir='ltr'><strong>beatus</strong></span> <span class='ocrx_word' id='word_1_656' title='bbox 2975 4332 3165 4401; x_wconf 89' lang='lat' dir='ltr'><strong>David,</strong></span> <span class='ocrx_word' id='word_1_657' title='bbox 3198 4336 3366 4391; x_wconf 87' lang='lat' dir='ltr'><strong>veluti</strong></span> <span class='ocrx_word' id='word_1_658' title='bbox 3405 4353 3473 4393; x_wconf 78' lang='lat' dir='ltr'><strong>ex</strong></span> 
     </span>
    </p>
   </div>
   <div class='ocr_carea' id='block_1_90' title="bbox 1881 4422 3470 4495">
    <p class='ocr_par' dir='ltr' id='par_1_90' title="bbox 1881 4422 3470 4495">
     <span class='ocr_line' id='line_1_90' title="bbox 1881 4422 3470 4495; baseline 0.002 -16"><span class='ocrx_word' id='word_1_659' title='bbox 1881 4424 2135 4495; x_wconf 89' lang='lat' dir='ltr'><strong>corporis</strong></span> <span class='ocrx_word' id='word_1_660' title='bbox 2166 4422 2250 4479; x_wconf 87' lang='lat' dir='ltr'><strong>sui</strong></span> <span class='ocrx_word' id='word_1_661' title='bbox 2271 4436 2510 4493; x_wconf 86' lang='lat' dir='ltr'><strong>persona</strong></span> <span class='ocrx_word' id='word_1_662' title='bbox 2542 4437 2855 4478; x_wconf 86' lang='lat' dir='ltr'><strong>sermonem</strong></span> <span class='ocrx_word' id='word_1_663' title='bbox 2891 4422 3171 4492; x_wconf 82' lang='lat' dir='ltr'><strong>formavit,</strong></span> <span class='ocrx_word' id='word_1_664' title='bbox 3195 4425 3470 4484; x_wconf 85' lang='lat' dir='ltr'><strong>dicentis:</strong></span> 
     </span>
    </p>
   </div>
   <div class='ocr_carea' id='block_1_91' title="bbox 1808 4502 3475 4588">
    <p class='ocr_par' dir='ltr' id='par_1_91' title="bbox 1808 4502 3475 4588">
     <span class='ocr_line' id='line_1_91' title="bbox 1808 4502 3475 4588; baseline 0.003 -17"><span class='ocrx_word' id='word_1_665' title='bbox 1808 4502 1854 4558; x_wconf 76' lang='grc' dir='ltr'>Ῑ)</span> <span class='ocrx_word' id='word_1_666' title='bbox 1886 4517 1992 4583; x_wconf 85' lang='grc' dir='ltr'>Τυ,</span> <span class='ocrx_word' id='word_1_667' title='bbox 2024 4516 2274 4583; x_wconf 88' lang='lat' dir='ltr'><strong>Domine,</strong></span> <span class='ocrx_word' id='word_1_668' title='bbox 2310 4515 2560 4571; x_wconf 84' lang='lat' dir='ltr'><strong>habitare</strong></span> <span class='ocrx_word' id='word_1_669' title='bbox 2592 4530 2678 4570; x_wconf 84' lang='lat' dir='ltr'><strong>me</strong></span> <span class='ocrx_word' id='word_1_670' title='bbox 2708 4516 2885 4571; x_wconf 80' lang='lat' dir='ltr'><strong>iecisti</strong></span> <span class='ocrx_word' id='word_1_671' title='bbox 2921 4516 2980 4571; x_wconf 90' lang='lat' dir='ltr'><strong>in</strong></span> <span class='ocrx_word' id='word_1_672' title='bbox 3028 4520 3314 4588; x_wconf 87' lang='lat' dir='ltr'><strong>sepultura</strong></span> <span class='ocrx_word' id='word_1_673' title='bbox 3357 4537 3374 4588; x_wconf 92' lang='lat'><strong>;</strong></span> <span class='ocrx_word' id='word_1_674' title='bbox 3416 4530 3475 4576; x_wconf 90' lang='lat' dir='ltr'><strong>et</strong></span> 
     </span>
    </p>
   </div>
   <div class='ocr_carea' id='block_1_92' title="bbox 1885 4607 3472 4678">
    <p class='ocr_par' dir='ltr' id='par_1_92' title="bbox 1885 4607 3472 4678">
     <span class='ocr_line' id='line_1_92' title="bbox 1885 4607 3472 4678; baseline -0.001 -12"><span class='ocrx_word' id='word_1_675' title='bbox 1885 4609 2230 4666; x_wconf 84' lang='lat' dir='ltr'><strong>constituisti</strong></span> <span class='ocrx_word' id='word_1_676' title='bbox 2274 4623 2363 4663; x_wconf 88' lang='lat' dir='ltr'><strong>me</strong></span> <span class='ocrx_word' id='word_1_677' title='bbox 2388 4607 2723 4678; x_wconf 86' lang='lat' dir='ltr'><strong>singularem</strong></span> <span class='ocrx_word' id='word_1_678' title='bbox 2755 4622 2819 4662; x_wconf 90' lang='lat' dir='ltr'><strong>ac</strong></span> <span class='ocrx_word' id='word_1_679' title='bbox 2848 4608 3161 4664; x_wconf 85' lang='lat' dir='ltr'><strong>solitarium</strong></span> <span class='ocrx_word' id='word_1_680' title='bbox 3189 4611 3302 4664; x_wconf 89' lang='lat' dir='ltr'><strong>illic</strong></span> <span class='ocrx_word' id='word_1_681' title='bbox 3327 4627 3472 4677; x_wconf 82' lang='lat' dir='ltr'><strong>esse,</strong></span> 
     </span>
    </p>
   </div>
   <div class='ocr_carea' id='block_1_93' title="bbox 1885 4699 3469 4773">
    <p class='ocr_par' dir='ltr' id='par_1_93' title="bbox 1885 4699 3469 4773">
     <span class='ocr_line' id='line_1_93' title="bbox 1885 4699 3469 4773; baseline -0.001 -15"><span class='ocrx_word' id='word_1_682' title='bbox 1885 4719 1916 4758; x_wconf 87' lang='lat' dir='ltr'><strong>a</strong></span> <span class='ocrx_word' id='word_1_683' title='bbox 1965 4702 2301 4773; x_wconf 85' lang='lat' dir='ltr'><strong>propriaque</strong></span> <span class='ocrx_word' id='word_1_684' title='bbox 2352 4715 2417 4755; x_wconf 88' lang='lat' dir='ltr'><strong>ac</strong></span> <span class='ocrx_word' id='word_1_685' title='bbox 2462 4700 2613 4756; x_wconf 87' lang='lat' dir='ltr'><strong>socia</strong></span> <span class='ocrx_word' id='word_1_686' title='bbox 2671 4699 2805 4753; x_wconf 87' lang='lat' dir='ltr'><strong>mihi</strong></span> <span class='ocrx_word' id='word_1_687' title='bbox 2859 4700 3043 4756; x_wconf 86' lang='lat' dir='ltr'><strong>anima</strong></span> <span class='ocrx_word' id='word_1_688' title='bbox 3105 4700 3469 4769; x_wconf 83' lang='lat' dir='ltr'><strong>disjunctum.</strong></span> 
     </span>
    </p>
   </div>
   <div class='ocr_carea' id='block_1_94' title="bbox 1885 4792 3474 4865">
    <p class='ocr_par' dir='ltr' id='par_1_94' title="bbox 1885 4792 3474 4865">
     <span class='ocr_line' id='line_1_94' title="bbox 1885 4792 3474 4865; baseline -0.001 -14"><span class='ocrx_word' id='word_1_689' title='bbox 1885 4796 2090 4852; x_wconf 84' lang='lat' dir='ltr'><strong>Verum</strong></span> <span class='ocrx_word' id='word_1_690' title='bbox 2130 4794 2236 4850; x_wconf 89' lang='lat' dir='ltr'><strong>hoc</strong></span> <span class='ocrx_word' id='word_1_691' title='bbox 2262 4807 2373 4848; x_wconf 91' lang='lat' dir='ltr'><strong>non</strong></span> <span class='ocrx_word' id='word_1_692' title='bbox 2397 4792 2743 4863; x_wconf 85' lang='lat' dir='ltr'><strong>simpliciter,</strong></span> <span class='ocrx_word' id='word_1_693' title='bbox 2762 4793 2856 4848; x_wconf 87' lang='lat' dir='ltr'><strong>sed</strong></span> <span class='ocrx_word' id='word_1_694' title='bbox 2891 4793 2947 4846; x_wconf 91' lang='lat' dir='ltr'><strong>in</strong></span> <span class='ocrx_word' id='word_1_695' title='bbox 2980 4808 3080 4865; x_wconf 87' lang='lat' dir='ltr'><strong>spe</strong></span> <span class='ocrx_word' id='word_1_696' title='bbox 3107 4795 3474 4850; x_wconf 86' lang='lat' dir='ltr'><strong>resurrectio-</strong></span> 
     </span>
    </p>
   </div>
   <div class='ocr_carea' id='block_1_95' title="bbox 1882 4885 3472 4960">
    <p class='ocr_par' dir='ltr' id='par_1_95' title="bbox 1882 4885 3472 4960">
     <span class='ocr_line' id='line_1_95' title="bbox 1882 4885 3472 4960; baseline -0.004 -13"><span class='ocrx_word' id='word_1_697' title='bbox 1882 4892 2005 4957; x_wconf 86' lang='lat' dir='ltr'><strong>nis;</strong></span> <span class='ocrx_word' id='word_1_698' title='bbox 2044 4885 2497 4960; x_wconf 79' lang='lat' dir='ltr'><strong>quandoqnidem</strong></span> <span class='ocrx_word' id='word_1_699' title='bbox 2543 4886 2742 4941; x_wconf 87' lang='lat' dir='ltr'><strong>iterum</strong></span> <span class='ocrx_word' id='word_1_700' title='bbox 2800 4887 3038 4940; x_wconf 86' lang='lat' dir='ltr'><strong>animam</strong></span> <span class='ocrx_word' id='word_1_701' title='bbox 3080 4896 3472 4956; x_wconf 82' lang='lat' dir='ltr'><strong>suscepturum</strong></span> 
     </span>
    </p>
   </div>
   <div class='ocr_carea' id='block_1_96' title="bbox 171 4977 3469 5054">
    <p class='ocr_par' dir='ltr' id='par_1_96' title="bbox 171 4977 3469 5054">
     <span class='ocr_line' id='line_1_96' title="bbox 171 4977 3469 5054; baseline -0.002 -15"><span class='ocrx_word' id='word_1_702' title='bbox 171 4999 413 5054; x_wconf 71' lang='lat' dir='ltr'><strong>sperem.</strong></span> <span class='ocrx_word' id='word_1_703' title='bbox 450 4982 550 5037; x_wconf 86' lang='lat' dir='ltr'><strong>Illa</strong></span> <span class='ocrx_word' id='word_1_704' title='bbox 593 4989 776 5036; x_wconf 88' lang='lat' dir='ltr'><strong>autem</strong></span> <span class='ocrx_word' id='word_1_705' title='bbox 808 4981 996 5045; x_wconf 88' lang='lat' dir='ltr'><strong>dictio,</strong></span> <span class='ocrx_word' id='word_1_706' title='bbox 1032 4981 1309 5050; x_wconf 82' lang='lat' dir='ltr'><strong>quoniam,</strong></span> <span class='ocrx_word' id='word_1_707' title='bbox 1359 4981 1647 5038; x_wconf 87' lang='lat' dir='ltr'><strong>abundare</strong></span> <span class='ocrx_word' id='word_1_708' title='bbox 1693 4983 1916 5040; x_wconf 85' lang='lat' dir='ltr'><strong>videtur</strong></span> <span class='ocrx_word' id='word_1_709' title='bbox 1972 4983 2078 5037; x_wconf 86' lang='lat' dir='ltr'><strong>hoc</strong></span> <span class='ocrx_word' id='word_1_710' title='bbox 2150 4981 2206 5034; x_wconf 88' lang='lat' dir='ltr'><strong>in</strong></span> <span class='ocrx_word' id='word_1_711' title='bbox 2251 4979 2398 5045; x_wconf 90' lang='lat' dir='ltr'><strong>loco,</strong></span> <span class='ocrx_word' id='word_1_712' title='bbox 2459 4977 2929 5049; x_wconf 81' lang='lat' dir='ltr'><strong>quemadmodum</strong></span> <span class='ocrx_word' id='word_1_713' title='bbox 2983 4987 3039 5034; x_wconf 89' lang='lat' dir='ltr'><strong>et</strong></span> <span class='ocrx_word' id='word_1_714' title='bbox 3092 4993 3240 5048; x_wconf 72' lang='lat' dir='ltr'><strong>saepe</strong></span> <span class='ocrx_word' id='word_1_715' title='bbox 3314 4979 3469 5043; x_wconf 87' lang='lat' dir='ltr'><strong>alibi,</strong></span> 
     </span>
    </p>
   </div>
   <div class='ocr_carea' id='block_1_97' title="bbox 172 5072 3473 5150">
    <p class='ocr_par' dir='ltr' id='par_1_97' title="bbox 172 5072 3473 5150">
     <span class='ocr_line' id='line_1_97' title="bbox 172 5072 3473 5150; baseline -0.002 -12"><span class='ocrx_word' id='word_1_716' title='bbox 172 5081 328 5150; x_wconf 79' lang='lat' dir='ltr'><strong>juxta</strong></span> <span class='ocrx_word' id='word_1_717' title='bbox 381 5094 569 5137; x_wconf 70' lang='lat' dir='ltr'><strong>sacrm</strong></span> <span class='ocrx_word' id='word_1_718' title='bbox 617 5077 921 5147; x_wconf 67' lang='lat' dir='ltr'><strong>Scriptura:</strong></span> <span class='ocrx_word' id='word_1_719' title='bbox 968 5086 1136 5147; x_wconf 80' lang='lat' dir='ltr'><strong>atque</strong></span> <span class='ocrx_word' id='word_1_720' title='bbox 1185 5075 1440 5131; x_wconf 83' lang='lat' dir='ltr'><strong>liebraici</strong></span> <span class='ocrx_word' id='word_1_721' title='bbox 1491 5076 2208 5150; x_wconf 74' lang='lat' dir='ltr'><strong>idiomatis.proprietatem</strong></span> <span class='ocrx_word' id='word_1_722' title='bbox 2254 5091 2268 5127; x_wconf 88' lang='lat'><strong>:</strong></span> <span class='ocrx_word' id='word_1_723' title='bbox 2310 5087 2627 5143; x_wconf 87' lang='lat' dir='ltr'><strong>quanquam</strong></span> <span class='ocrx_word' id='word_1_724' title='bbox 2694 5086 3076 5142; x_wconf 64' lang='lat' dir='ltr'><strong>strpenumero</strong></span> <span class='ocrx_word' id='word_1_725' title='bbox 3138 5072 3308 5128; x_wconf 79' lang='lat' dir='ltr'><strong>etiam</strong></span> <span class='ocrx_word' id='word_1_726' title='bbox 3353 5073 3473 5131; x_wconf 66' lang='lat' dir='ltr'><strong>bare</strong></span> 
     </span>
    </p>
   </div>
   <div class='ocr_carea' id='block_1_98' title="bbox 173 5167 2888 5246">
    <p class='ocr_par' dir='ltr' id='par_1_98' title="bbox 173 5167 2888 5246">
     <span class='ocr_line' id='line_1_98' title="bbox 173 5167 2888 5246; baseline -0.003 -13"><span class='ocrx_word' id='word_1_727' title='bbox 173 5177 340 5233; x_wconf 75' lang='lat' dir='ltr'><strong>dittio</strong></span> <span class='ocrx_word' id='word_1_728' title='bbox 369 5174 524 5246; x_wconf 87' lang='lat' dir='ltr'><strong>apud</strong></span> <span class='ocrx_word' id='word_1_729' title='bbox 556 5171 819 5227; x_wconf 65' lang='lat' dir='ltr'><strong>llebrzos</strong></span> <span class='ocrx_word' id='word_1_730' title='bbox 856 5170 999 5225; x_wconf 91' lang='lat' dir='ltr'><strong>idem</strong></span> <span class='ocrx_word' id='word_1_731' title='bbox 1034 5169 1311 5240; x_wconf 80' lang='lat' dir='ltr'><strong>signiﬁcat</strong></span> <span class='ocrx_word' id='word_1_732' title='bbox 1335 5169 1483 5240; x_wconf 86' lang='lat' dir='ltr'><strong>quod</strong></span> <span class='ocrx_word' id='word_1_733' title='bbox 1525 5187 1661 5239; x_wconf 80' lang='lat' dir='ltr'><strong>vere,</strong></span> <span class='ocrx_word' id='word_1_734' title='bbox 1715 5182 1771 5229; x_wconf 88' lang='lat' dir='ltr'><strong>ct</strong></span> <span class='ocrx_word' id='word_1_735' title='bbox 1813 5175 2040 5244; x_wconf 74' lang='lat' dir='ltr'><strong>portitor</strong></span> <span class='ocrx_word' id='word_1_736' title='bbox 2082 5185 2182 5241; x_wconf 91' lang='lat' dir='ltr'><strong>pro</strong></span> <span class='ocrx_word' id='word_1_737' title='bbox 2213 5168 2476 5224; x_wconf 77' lang='lat' dir='ltr'><strong>adverbio</strong></span> <span class='ocrx_word' id='word_1_738' title='bbox 2500 5167 2888 5224; x_wconf 82' lang='lat' dir='ltr'><strong>conﬁrmandi.</strong></span> 
     </span>
    </p>
   </div>
   <div class='ocr_carea' id='block_1_99' title="bbox 313 5263 1614 5336">
    <p class='ocr_par' dir='ltr' id='par_1_99' title="bbox 313 5263 1614 5336">
     <span class='ocr_line' id='line_1_99' title="bbox 313 5263 1614 5336; baseline -0.005 -12"><span class='ocrx_word' id='word_1_739' title='bbox 313 5272 427 5336; x_wconf 78' lang='grc' dir='ltr'><strong>Εἲς</strong></span> <span class='ocrx_word' id='word_1_740' title='bbox 449 5266 523 5321; x_wconf 79' lang='grc' dir='ltr'>τὸ</span> <span class='ocrx_word' id='word_1_741' title='bbox 545 5264 744 5332; x_wconf 78' lang='grc' dir='ltr'>τέλος,</span> <span class='ocrx_word' id='word_1_742' title='bbox 770 5263 925 5331; x_wconf 79' lang='grc' dir='ltr'><strong>ὑπὲρ</strong></span> <span class='ocrx_word' id='word_1_743' title='bbox 946 5263 1059 5332; x_wconf 80' lang='grc' dir='ltr'>τῆς</span> <span class='ocrx_word' id='word_1_744' title='bbox 1084 5263 1614 5334; x_wconf 75' lang='grc' dir='ltr'>κληρονομούσης.</span> 
     </span>
    </p>
   </div>
   <div class='ocr_carea' id='block_1_100' title="bbox 775 5352 1188 5410">
    <p class='ocr_par' dir='ltr' id='par_1_100' title="bbox 775 5352 1188 5410">
     <span class='ocr_line' id='line_1_100' title="bbox 775 5352 1188 5410; baseline 0.002 -1"><span class='ocrx_word' id='word_1_745' title='bbox 775 5355 1072 5410; x_wconf 75' lang='grc' dir='ltr'><strong>ΨΛΛΜΟΣ</strong></span> <span class='ocrx_word' id='word_1_746' title='bbox 1111 5352 1188 5410; x_wconf 83' lang='grc' dir='ltr'><strong>Ε’.</strong></span> 
     </span>
    </p>
   </div>
   <div class='ocr_carea' id='block_1_101' title="bbox 245 5447 1775 5523">
    <p class='ocr_par' dir='ltr' id='par_1_101' title="bbox 245 5447 1775 5523">
     <span class='ocr_line' id='line_1_101' title="bbox 245 5447 1775 5523; baseline -0.008 -18"><span class='ocrx_word' id='word_1_747' title='bbox 245 5452 314 5505; x_wconf 79' lang='grc' dir='ltr'>Τί</span> <span class='ocrx_word' id='word_1_748' title='bbox 344 5453 453 5523; x_wconf 76' lang='grc' dir='ltr'><strong>μὲν</strong></span> <span class='ocrx_word' id='word_1_749' title='bbox 475 5449 818 5521; x_wconf 83' lang='grc' dir='ltr'>παρίστησιν</span> <span class='ocrx_word' id='word_1_750' title='bbox 844 5450 879 5518; x_wconf 79' lang='grc' dir='ltr'>ὴ</span> <span class='ocrx_word' id='word_1_751' title='bbox 908 5450 996 5514; x_wconf 85' lang='grc' dir='ltr'><strong>είς</strong></span> <span class='ocrx_word' id='word_1_752' title='bbox 1018 5449 1087 5503; x_wconf 84' lang='grc' dir='ltr'>τὸ</span> <span class='ocrx_word' id='word_1_753' title='bbox 1107 5447 1288 5514; x_wconf 75' lang='grc' dir='ltr'>τέλος</span> <span class='ocrx_word' id='word_1_754' title='bbox 1317 5450 1626 5523; x_wconf 78' lang='grc' dir='ltr'>ἐπιγραφὴ,</span> <span class='ocrx_word' id='word_1_755' title='bbox 1646 5468 1775 5520; x_wconf 77' lang='grc' dir='ltr'>προ.</span> 
     </span>
    </p>
   </div>
   <div class='ocr_carea' id='block_1_102' title="bbox 185 5537 1775 5616">
    <p class='ocr_par' dir='ltr' id='par_1_102' title="bbox 185 5537 1775 5616">
     <span class='ocr_line' id='line_1_102' title="bbox 185 5537 1775 5616; baseline -0.001 -20"><span class='ocrx_word' id='word_1_756' title='bbox 185 5545 416 5616; x_wconf 70' lang='grc' dir='ltr'>εἰρηται.</span> <span class='ocrx_word' id='word_1_757' title='bbox 442 5541 590 5597; x_wconf 66' lang='grc' dir='ltr'>Φασὶ</span> <span class='ocrx_word' id='word_1_758' title='bbox 615 5541 677 5594; x_wconf 77' lang='grc' dir='ltr'><strong>δέ</strong></span> <span class='ocrx_word' id='word_1_759' title='bbox 704 5555 855 5603; x_wconf 88' lang='grc' dir='ltr'>τινες</span> <span class='ocrx_word' id='word_1_760' title='bbox 883 5537 1119 5593; x_wconf 72' lang='grc' dir='ltr'>ἐνταῦθα</span> <span class='ocrx_word' id='word_1_761' title='bbox 1167 5540 1265 5603; x_wconf 83' lang='grc' dir='ltr'>τὰς</span> <span class='ocrx_word' id='word_1_762' title='bbox 1290 5539 1526 5610; x_wconf 76' lang='grc' dir='ltr'>ἐσχάτας</span> <span class='ocrx_word' id='word_1_763' title='bbox 1556 5542 1775 5613; x_wconf 71' lang='grc' dir='ltr'>ἡμέρας</span> 
     </span>
    </p>
   </div>
   <div class='ocr_carea' id='block_1_103' title="bbox 188 5630 1774 5709">
    <p class='ocr_par' dir='ltr' id='par_1_103' title="bbox 188 5630 1774 5709">
     <span class='ocr_line' id='line_1_103' title="bbox 188 5630 1774 5709; baseline -0.002 -21"><span class='ocrx_word' id='word_1_764' title='bbox 188 5635 610 5709; x_wconf 69' lang='grc' dir='ltr'>ὑποδηλοῦσθαι,</span> <span class='ocrx_word' id='word_1_765' title='bbox 639 5631 768 5687; x_wconf 73' lang='grc' dir='ltr'>καθ’</span> <span class='ocrx_word' id='word_1_766' title='bbox 796 5630 865 5695; x_wconf 80' lang='grc' dir='ltr'>ἃς</span> <span class='ocrx_word' id='word_1_767' title='bbox 894 5631 924 5682; x_wconf 84' lang='grc' dir='ltr'>ὁ</span> <span class='ocrx_word' id='word_1_768' title='bbox 963 5630 1171 5702; x_wconf 76' lang='grc' dir='ltr'>Κύριος</span> <span class='ocrx_word' id='word_1_769' title='bbox 1202 5630 1597 5705; x_wconf 76' lang='grc' dir='ltr'>ὲνηνθρὼπησε</span> <span class='ocrx_word' id='word_1_770' title='bbox 1630 5648 1646 5666; x_wconf 76' lang='grc' dir='ltr'><strong>ο</strong></span> <span class='ocrx_word' id='word_1_771' title='bbox 1677 5650 1774 5704; x_wconf 85' lang='grc' dir='ltr'><strong>τη-</strong></span> 
     </span>
    </p>
   </div>
   <div class='ocr_carea' id='block_1_104' title="bbox 233 5815 1180 5891">
    <p class='ocr_par' dir='ltr' id='par_1_104' title="bbox 233 5815 1180 5891">
     <span class='ocr_line' id='line_1_104' title="bbox 233 5815 1180 5891; baseline 0.001 -12"><span class='ocrx_word' id='word_1_772' title='bbox 233 5821 277 5853; x_wconf 75' lang='grc'>⁸⁸</span> <span class='ocrx_word' id='word_1_773' title='bbox 300 5819 463 5879; x_wconf 78' lang='lat' dir='ltr'><strong>Joau.</strong></span> <span class='ocrx_word' id='word_1_774' title='bbox 499 5836 618 5889; x_wconf 77' lang='lat' dir='ltr'><strong>xiv,</strong></span> <span class='ocrx_word' id='word_1_775' title='bbox 648 5819 707 5877; x_wconf 88' lang='lat'><strong>9.</strong></span> <span class='ocrx_word' id='word_1_776' title='bbox 787 5817 835 5855; x_wconf 84' lang='lat'>”</span> <span class='ocrx_word' id='word_1_777' title='bbox 858 5815 1027 5876; x_wconf 78' lang='lat' dir='ltr'><strong>Hebr.</strong></span> <span class='ocrx_word' id='word_1_778' title='bbox 1057 5835 1096 5891; x_wconf 85' lang='grc' dir='ltr'><strong>ι,</strong></span> <span class='ocrx_word' id='word_1_779' title='bbox 1125 5823 1180 5881; x_wconf 72' lang='grc' dir='ltr'><strong>ὅ.</strong></span> 
     </span>
    </p>
   </div>
   <div class='ocr_carea' id='block_1_105' title="bbox 1985 5262 3359 5336">
    <p class='ocr_par' dir='ltr' id='par_1_105' title="bbox 1985 5262 3359 5336">
     <span class='ocr_line' id='line_1_105' title="bbox 1985 5262 3359 5336; baseline -0.004 -15"><span class='ocrx_word' id='word_1_780' title='bbox 1985 5264 2053 5321; x_wconf 82' lang='lat' dir='ltr'><strong>In</strong></span> <span class='ocrx_word' id='word_1_781' title='bbox 2074 5265 2236 5336; x_wconf 80' lang='lat' dir='ltr'><strong>ﬁnem</strong></span> <span class='ocrx_word' id='word_1_782' title='bbox 2264 5277 2361 5331; x_wconf 72' lang='lat' dir='ltr'><strong>pro</strong></span> <span class='ocrx_word' id='word_1_783' title='bbox 2386 5278 2449 5317; x_wconf 86' lang='lat' dir='ltr'><strong>ea</strong></span> <span class='ocrx_word' id='word_1_784' title='bbox 2470 5278 2590 5333; x_wconf 77' lang='lat' dir='ltr'><strong>qua:</strong></span> <span class='ocrx_word' id='word_1_785' title='bbox 2612 5262 2979 5317; x_wconf 62' lang='lat' dir='ltr'><strong>hereditatem</strong></span> <span class='ocrx_word' id='word_1_786' title='bbox 3001 5263 3359 5334; x_wconf 72' lang='lat' dir='ltr'><strong>consequitur.</strong></span> 
     </span>
    </p>
   </div>
   <div class='ocr_carea' id='block_1_106' title="bbox 2555 5350 2970 5410">
    <p class='ocr_par' dir='ltr' id='par_1_106' title="bbox 2555 5350 2970 5410">
     <span class='ocr_line' id='line_1_106' title="bbox 2555 5350 2970 5410; baseline 0 -2"><span class='ocrx_word' id='word_1_787' title='bbox 2555 5350 2785 5408; x_wconf 84' lang='lat' dir='ltr'><strong>PSALM</strong></span> <span class='ocrx_word' id='word_1_788' title='bbox 2797 5353 2884 5410; x_wconf 87' lang='lat' dir='ltr'><strong>US</strong></span> <span class='ocrx_word' id='word_1_789' title='bbox 2899 5352 2970 5409; x_wconf 79' lang='grc' dir='ltr'>ν.</span> 
     </span>
    </p>
   </div>
   <div class='ocr_carea' id='block_1_107' title="bbox 1951 5443 3465 5528">
    <p class='ocr_par' dir='ltr' id='par_1_107' title="bbox 1951 5443 3465 5528">
     <span class='ocr_line' id='line_1_107' title="bbox 1951 5443 3465 5528; baseline 0.001 -26"><span class='ocrx_word' id='word_1_790' title='bbox 1951 5448 2110 5515; x_wconf 83' lang='lat' dir='ltr'><strong>Quod</strong></span> <span class='ocrx_word' id='word_1_791' title='bbox 2127 5447 2229 5502; x_wconf 89' lang='lat' dir='ltr'><strong>sibi</strong></span> <span class='ocrx_word' id='word_1_792' title='bbox 2249 5445 2377 5501; x_wconf 90' lang='lat' dir='ltr'><strong>velit</strong></span> <span class='ocrx_word' id='word_1_793' title='bbox 2401 5443 2693 5514; x_wconf 88' lang='lat' dir='ltr'><strong>inscriptio</strong></span> <span class='ocrx_word' id='word_1_794' title='bbox 2709 5446 2764 5498; x_wconf 83' lang='lat' dir='ltr'><strong>in</strong></span> <span class='ocrx_word' id='word_1_795' title='bbox 2779 5447 2961 5528; x_wconf 70' lang='lat' dir='ltr'><strong>ﬁnem,</strong></span> <span class='ocrx_word' id='word_1_796' title='bbox 2982 5447 3163 5516; x_wconf 91' lang='lat' dir='ltr'><strong>superi</strong></span> <span class='ocrx_word' id='word_1_797' title='bbox 3172 5462 3235 5502; x_wconf 90' lang='lat' dir='ltr'><strong>ns</strong></span> <span class='ocrx_word' id='word_1_798' title='bbox 3255 5445 3465 5504; x_wconf 87' lang='lat' dir='ltr'><strong>dictum</strong></span> 
     </span>
    </p>
   </div>
   <div class='ocr_carea' id='block_1_108' title="bbox 1881 5537 3466 5607">
    <p class='ocr_par' dir='ltr' id='par_1_108' title="bbox 1881 5537 3466 5607">
     <span class='ocr_line' id='line_1_108' title="bbox 1881 5537 3466 5607; baseline -0.003 -9"><span class='ocrx_word' id='word_1_799' title='bbox 1881 5551 1968 5598; x_wconf 88' lang='lat' dir='ltr'><strong>est</strong></span> <span class='ocrx_word' id='word_1_800' title='bbox 1999 5560 2013 5596; x_wconf 88' lang='lat'>:</span> <span class='ocrx_word' id='word_1_801' title='bbox 2054 5542 2159 5597; x_wconf 88' lang='lat' dir='ltr'><strong>hoc</strong></span> <span class='ocrx_word' id='word_1_802' title='bbox 2197 5548 2381 5595; x_wconf 88' lang='lat' dir='ltr'><strong>autem</strong></span> <span class='ocrx_word' id='word_1_803' title='bbox 2418 5538 2473 5593; x_wconf 90' lang='lat' dir='ltr'><strong>in</strong></span> <span class='ocrx_word' id='word_1_804' title='bbox 2512 5538 2634 5593; x_wconf 91' lang='lat' dir='ltr'><strong>loco</strong></span> <span class='ocrx_word' id='word_1_805' title='bbox 2660 5539 2882 5607; x_wconf 88' lang='lat' dir='ltr'><strong>quidam</strong></span> <span class='ocrx_word' id='word_1_806' title='bbox 2913 5553 3010 5605; x_wconf 87' lang='lat' dir='ltr'><strong>per</strong></span> <span class='ocrx_word' id='word_1_807' title='bbox 3052 5554 3170 5591; x_wconf 83' lang='lat' dir='ltr'><strong>eam</strong></span> <span class='ocrx_word' id='word_1_808' title='bbox 3202 5537 3359 5591; x_wconf 90' lang='lat' dir='ltr'><strong>aiunt</strong></span> <span class='ocrx_word' id='word_1_809' title='bbox 3390 5541 3466 5594; x_wconf 83' lang='lat' dir='ltr'><strong>si-</strong></span> 
     </span>
    </p>
   </div>
   <div class='ocr_carea' id='block_1_109' title="bbox 1881 5627 3461 5708">
    <p class='ocr_par' dir='ltr' id='par_1_109' title="bbox 1881 5627 3461 5708">
     <span class='ocr_line' id='line_1_109' title="bbox 1881 5627 3461 5708; baseline -0.004 -16"><span class='ocrx_word' id='word_1_810' title='bbox 1881 5633 2132 5708; x_wconf 76' lang='lat' dir='ltr'><strong>gniﬁcari</strong></span> <span class='ocrx_word' id='word_1_811' title='bbox 2174 5634 2299 5690; x_wconf 89' lang='lat' dir='ltr'><strong>illos</strong></span> <span class='ocrx_word' id='word_1_812' title='bbox 2335 5633 2476 5700; x_wconf 88' lang='lat' dir='ltr'><strong>dies,</strong></span> <span class='ocrx_word' id='word_1_813' title='bbox 2520 5629 2724 5702; x_wconf 86' lang='lat' dir='ltr'><strong>quibus</strong></span> <span class='ocrx_word' id='word_1_814' title='bbox 2771 5627 3030 5685; x_wconf 78' lang='lat' dir='ltr'><strong>Christus</strong></span> <span class='ocrx_word' id='word_1_815' title='bbox 3078 5629 3242 5684; x_wconf 86' lang='lat' dir='ltr'><strong>homo</strong></span> <span class='ocrx_word' id='word_1_816' title='bbox 3280 5627 3461 5686; x_wconf 85' lang='lat' dir='ltr'><strong>factus</strong></span> 
     </span>
    </p>
   </div>
  </div>
