4146 6468
669 340 746 408 9‘3
1933 327 2323 390 EUTHYMII
2364 323 2730 387 ZlGABENI

3832 326 3935 396 100

674 465 782 521 est,
849 447 1071 524 quando
1104 446 1298 504 umbra
1321 446 1459 517 legis
1490 440 1651 498 liuent
1678 440 1910 512 accepit,
1963 451 2127 509 atque
2158 440 2259 495 hoc

2368 437 2596 493 νικαῦτα
2625 437 2736 508 γὰρ
2762 433 2911 499 τέλος
2941 432 3132 489 ἔλαόεν
3167 435 3200 504 ἡ
3231 436 3359 489 σκιὰ
3383 432 3479 489 τοῦ
3510 433 3700 504 νόμου·
3729 436 3827 489 καὶ
3854 455 3945 490 πι-

676 563 746 602 e:
792 540 1262 613 subsequentibus
1293 533 1641 607 comprobari
1673 549 1689 601 ;
1728 548 1793 587 ex
1831 545 2066 601 persona
2111 531 2256 585 enim

678 636 877 693 futura:
918 632 1159 690 ﬁdelium
1194 627 1452 684 Ecclesize
1482 624 1758 695 Propheta
1791 623 2064 692 psalmum
2110 623 2259 677 hunc

678 728 994 798 composuit
1023 742 1037 781 :
1083 735 1397 793 quanquam
1433 728 1489 774 et
1523 717 1693 786 ipsius
1721 717 1886 771 etiam
1919 714 2060 769 beati
2090 712 2257 770 David

677 820 912 890 negotiis
944 833 1006 870 ac
1035 817 1200 870 rebus
1236 817 1504 879 congruat
1536 827 1552 875 ;
1583 810 1724 863 bane
1746 806 1909 877 igitur
1934 805 2259 871 Ecclesiam,

677 928 797 966 eam
833 925 958 965 esse
997 907 1294 975 intelliges,
1323 917 1489 973 quam
1526 899 1797 970 Propheta
1841 897 1977 952 dicit
2023 897 2256 952 haeredi-

677 1011 842 1056 tatem
888 996 1151 1067 consequi
1201 1014 1213 1047 :
1270 1009 1334 1050 ea
1399 992 1657 1047 nimirum
1709 989 1945 1054 ratione,
1989 989 2117 1057 quia
2165 1003 2261 1058 per

682 1091 940 1164 baptismi
979 1089 1449 1159 regenerationem
1483 1083 1740 1153 adoptata
1770 1090 1876 1145 est,
1923 1088 1977 1135 et
2010 1081 2261 1151 adoptio-

678 1188 767 1239 nis
820 1180 1101 1252 privilegia
1160 1186 1478 1232 consecuta.
1536 1172 1836 1227 [hereditas
1869 1187 1998 1226 vero
2036 1186 2159 1240 quae
2208 1170 2259 1224 ei

675 1275 928 1335 debetur,
964 1272 1053 1324 illa
1087 1276 1173 1323 est
1203 1282 1368 1337 quam
1398 1281 1489 1318 nec
1522 1262 1707 1317 oculus
1736 1263 1890 1326 vidit,
1925 1260 1945 1334 [
1972 1277 2063 1316 nec
2109 1262 2258 1316 auris

677 1365 880 1420 audit-it
902 1363 972 1435 ⁸⁸]
1008 1376 1115 1417 etc.
1153 1360 1230 1415 De
1272 1360 1373 1413 bac
1408 1358 1572 1411 etiam
1606 1356 1847 1411 Ecclesia
1878 1363 2137 1426 tanquam
2191 1355 2261 1410 de

677 1469 882 1524 sponsa
928 1452 1132 1506 Paulus
1177 1448 1448 1504 dicebat:
1495 1447 1688 1515 Aptari
1739 1446 1992 1516 virginem
2055 1457 2258 1499 castam

678 1546 893 1600 Christo
925 1549 1247 1602 constituere
1276 1549 1433 1615 "yet
1469 1545 1731 1613 Joannes,
1774 1546 1880 1612 Qui
1916 1545 2072 1600 habet
2101 1561 2258 1613 spon-

676 1657 814 1702 s..m,
854 1656 1076 1709 sponsus
1107 1640 1288 1706 est”;
1340 1649 1388 1695 et
1422 1639 1617 1695 beatus
1647 1638 1811 1693 David
1864 1637 1994 1692 alibi
2033 1656 2046 1694 :
2077 1638 2257 1695 Astitit

676 1728 877 1800 Regina
903 1747 935 1783 a
964 1730 1169 1785 dextris
1210 1731 1314 1783 mis
1341 1731 1409 1783 ⁸⁹.
1448 1728 1508 1782 ιιι
1543 1729 1802 1799 praesenti
1839 1742 1970 1783 vero
2013 1736 2260 1796 tempore

2365 530 2623 585 στοῦνται
2646 529 2741 583 τὸν
2790 529 2947 597 λόγον
2979 528 3089 583 ἀπὸ
3114 526 3207 583 τοῦ
3241 527 3585 599 ἐπαγομένου
3608 544 3623 559 '
3661 531 3946 602 προσώπῳ

2363 624 2472 691 γὰρ
2493 622 2590 691 τῆς
2609 621 2938 690 Ἐκκλησίας
2964 621 3074 675 τῶν
3101 619 3330 690 ὕστερον
3352 620 3562 674 πιστῶν
3584 624 3827 674 ποιεῖται
3850 624 3946 676 τὸν

2361 712 2575 782 ψαλμὸν
2618 713 2646 764 ὁ
2687 713 3001 782 Προφήτης,
3030 714 3080 764 εἰ
3113 710 3207 765 καὶ
3236 713 3349 774 τοῖς
3383 710 3505 763 κατ’
3537 712 3752 765 ἐκεῖνον
3789 712 3945 766 οὐδὲν

2361 800 2523 875 ἦττον
2553 804 2785 874 ἁρμόζει
2818 805 3130 874 πράγμασι.
3158 802 3618 874 Κληρονομοῦσαν
3643 803 3700 856 δὲ
3736 805 3945 874 ταύτην

2362 896 2669 966 ὠνόμασεν,
2702 895 2777 959 ὡς
2805 896 2894 949 διὰ
2917 897 3015 966 τῆς
3048 896 3474 964 παλιγγενεσίας
3499 897 3594 948 τοῦ
3629 895 3947 967 βαπτίσμα-

2361 1006 2454 1052 τος
2510 988 2951 1060 υίοθετηθεῖσαν·
2991 989 3196 1058 κλῆρος
3250 989 3307 1042 δὲ
3335 988 3530 1057 αὐτῆς,
3568 987 3608 1042 ἁ
3633 990 3948 1058 ὀφθαλμὸς

2364 1086 2480 1138 οὐκ
2510 1080 2657 1145 εἶδε,
2697 1084 2790 1136 καὶ
2843 1085 2912 1136 τὰ
2959 1082 3105 1153 ἑξῆς.
3142 1084 3277 1154 Περὶ
3304 1083 3530 1151 ταύτης,
3592 1085 3670 1146 ὼς
3698 1082 3947 1152 νύμφης,

2364 1176 2458 1230 καὶ
2490 1175 2704 1239 Παῦλος
2736 1174 2941 1244 ἔλεγεν·
2969 1175 3362 1244 Ἠρμοσάμην
3396 1174 3698 1242 παρθένον
3748 1176 3950 1244 ἁγνὴν

2363 1268 2760 1339 παραστῆσαι
2793 1268 3028 1337 Χριστῷ
3046 1285 3062 1300 ⁶
3087 1269 3182 1322 καὶ
3215 1267 3475 1337 Ἰωάννης
3498 1281 3512 1295 ’
3556 1267 3618 1319 '0
3646 1268 3808 1334 ἔχων
3833 1265 3949 1332 τὴν

2360 1363 2631 1431 νύμφην,
2664 1363 2928 1430 νυμφίος
2961 1362 3097 1415 ἐστι
3116 1375 3132 1392 ·
3173 1361 3269 1414 καὶ
3300 1358 3466 1422 αὐτὸς
3497 1355 3652 1420 οὗτος
3681 1360 3709 1408 ὁ
3739 1356 3906 1410 Δαίέίδ
3931 1373 3945 1388 υ

2361 1454 2625 1524 Πάρεστι
2671 1453 2710 1520 ἡ
2749 1454 3106 1518 βασίλισσα
3142 1453 3211 1506 ἐκ
3242 1449 3460 1516 δεξιῶν
3487 1464 3627 1504 σου.
3670 1448 3949 1517 Κληρονοσ

2366 1544 2575 1614 μοῦσαν
2598 1544 2677 1607 δὲ,
2703 1546 2795 1596 καὶ
2815 1544 2877 1596 οὐ
2908 1543 3417 1613 κληρονομήσασαν,
3446 1541 3480 1611 ἢ
3533 1537 3951 1609 κληρονομῆσαι

2367 1636 2671 1706 μέλλουσαν
2713 1637 2961 1707 εἴρηκεν,
3014 1637 3106 1690 διὰ
3160 1636 3221 1689 τὸ
3266 1635 3354 1689 ἀεὶ
3408 1634 3801 1705 κληρονομεῖν,
3856 1632 3950 1685 καὶ

2319 1782 2323 1787 ,
2366 1728 2639 1798 μηδέποτε
2670 1727 2884 1797 λήγειν.

678 1824 839 1891 dixit,
898 1825 1029 1890 Quae
1064 1825 1431 1881 [nereditatem
1465 1828 1828 1896 consequitur,
1868 1833 1924 1881 et
1969 1840 2078 1880 non
2115 1827 2245 1893 Quae
2283 1838 2582 1880 consecuta
2614 1834 2719 1893 est,
2746 1833 2845 1880 aut
2895 1824 3033 1892 Quae
3065 1831 3437 1894 consequetur
3481 1838 3495 1876 :
3533 1821 3666 1892 quia
3703 1816 3954 1913 [Ecclesia

676 1935 898 1990 semper
929 1925 1104 1976 Iimres
1130 1928 1239 1985 est,
1275 1921 1536 1991 illosque
1561 1920 1853 1976 baereditas
1883 1921 2046 1976 tinem
2079 1921 2250 1975 ullum
2293 1921 2550 1975 habitura
2582 1936 2865 1991 nunquam
2901 1927 3010 1976 est.
3038 1978 3048 1986 ,

755 2010 915 2067 Vens.
943 2013 998 2066 ‘2.
1036 2008 1202 2065 Verba
1240 2028 1356 2067 mea
1389 2014 1606 2066 auribus
1637 2016 1863 2081 percipe,
1900 2013 2158 2078 Domine;
2185 2016 2265 2066 in-

2445 2014 2522 2068 Ὶὰ
2546 2012 2788 2082 ῥήματά
2836 2030 2957 2081 μου
2987 2011 3287 2076 ἐνώτισαι,
3341 2011 3535 2079 Κύριε,
3587 2011 3791 2077 mit-sc
3847 2010 3958 2079 τῆς

682 2098 855 2170 ιι-ίίίθε
885 2100 1170 2154 clamorem
1203 2117 1399 2166 meum,
1434 2102 1647 2156 intende
1681 2104 1794 2157 uoci
1826 2103 2084 2157 orationis
2109 2118 2260 2158 metu.

683 2192 945 2245 Eumdem
993 2205 1218 2245 sensum
1273 2192 1396 2247 aliis
1443 2202 1609 2261 atque
1656 2192 1781 2248 aliis
1828 2192 2010 2247 verbis
2068 2193 2264 2262 repetit

682 2283 824 2336 idem
882 2283 1365 2352 :equivalentibus,
1406 2285 1869 2354 quemadmodum
1920 2300 2041 2340 mos
2081 2299 2167 2341 est
2196 2285 2263 2341 iis

681 2376 773 2444 qui
809 2391 875 2429 ex
910 2375 1077 2431 corde
1114 2376 1454 2447 supplicant.
1484 2375 1581 2432 Vel
1614 2393 1710 2448 per
1740 2378 1918 2439 verba.
1958 2393 2150 2447 preces
2175 2381 2263 2433 in-

681 2468 893 2537 tellige,
939 2475 1203 2537 tanquam
1239 2484 1549 2525 sermones.
1602 2469 1903 2526 Clamorem
1958 2486 2090 2526 vero
2135 2471 2259 2527 ideo

684 2556 916 2620 addidit,
950 2567 1004 2610 ut
1035 2572 1162 2611 cum
1197 2567 1329 2613 tono
1353 2567 1520 2628 atque
1543 2560 1855 2615 intensione
1880 2562 2106 2630 spiritus
2140 2576 2266 2631 pre-

685 2662 781 2701 crs
814 2662 874 2701 se
908 2644 1119 2702 fudisse
1154 2649 1470 2703 ostenderet
1502 2666 1517 2702 :
1555 2657 1612 2704 et
1644 2665 1820 2704 rocem
1854 2666 1915 2707 ea
1942 2652 2175 2717 ratione,
2205 2660 2267 2706 ut

683 2740 831 2792 cfare
862 2746 1030 2808 atque
1058 2749 1247 2809 aperte
1286 2755 1344 2795 se
1375 2741 1618 2796 locutum
1668 2741 1842 2798 fuisse
1882 2743 2217 2815 signiﬁcaret
2246 2763 2262 2801 :

681 2843 808 2882 cum
834 2829 1078 2899 alioquin
1110 2831 1321 2887 clamor
1345 2831 1586 2903 ignotam
1612 2834 1788 2888 soleat
1810 2849 2000 2890 vocem
2027 2834 2263 2892 eliicere.

681 2920 804 2973 Alia
831 2930 1013 2975 autem
1043 2924 1208 2978 verba
1238 2938 1361 2993 qua:
1405 2925 1490 2981 his
1520 2926 1809 2982 commista
1848 2937 2001 2993 sunt,
2032 2928 2089 2982 in
2127 2943 2251 2998 pro-

685 3013 804 3081 pria
852 3030 951 3070 sua
986 3015 1391 3086 signiﬁcatione
1434 3026 1566 3074 sunt
1610 3019 1811 3090 posita.
1841 3019 2072 3074 Auribus
2114 3020 2262 3076 enim

681 3107 907 3174 percipe,
942 3108 1138 3178 inquit,
1164 3125 1270 3163 non
1302 3110 1626 3181 simpliciter
1654 3129 1669 3166 :
1696 3113 1788 3168 sed
1810 3112 2064 3184 intellige,
2101 3121 2266 3183 atque

686 3199 811 3268 ipso
837 3202 1113 3257 intellectu
1140 3202 1360 3273 percipe
1379 3202 1513 3271 quid
1539 3203 1643 3259 sibi
1668 3204 1858 3259 volunt
1881 3219 2077 3275 preces
2104 3220 2259 3263 meas:

2363 2104 2638 2173 κραυγῆς
2663 2120 2805 2173 μου,
2859 2104 3131 2172 πρόσχες
3166 2102 3239 2170 τῇ
3298 2101 3472 2172 φωνῇ
3525 2102 3640 2169 τῆς
3687 2103 3950 2168 δεήσεως

2359 2213 2502 2266 μου.
2537 2198 2608 2250 Ἢ
2638 2197 2705 2250 τὸ
2735 2196 2872 2250 αὐτὸ
2901 2196 3056 2265 δηλοῖ
3088 2194 3158 2248 δι’
3200 2195 3378 2249 ἄλλων
3412 2195 3508 2248 καὶ
3538 2194 3718 2249 ἄλλων
3745 2192 3946 2260 λέξεων

2365 2287 2830 2358 ἰσοδυναμουσῶν,
2863 2286 2937 2349 sb;
2970 2286 3092 2349 ἔθος
3126 2289 3239 2349 τοῖς
3266 2285 3376 2339 ἀπὸ
3402 2284 3637 2357 καρδίας
3677 2283 3951 2338 ἱκετεύου-

2364 2397 2449 2433 σιν
2470 2396 2484 2411 ’
2520 2380 2554 2451 ἢ
2582 2380 2829 2449 ῥήματα
2875 2380 2978 2449 μέν
3013 2396 3149 2450 φησι
3183 2378 3282 2449 τὴν
3312 2378 3534 2446 δέησιν,
3595 2376 3672 2440 ὡς
3714 2377 3905 2444 λόγους
3930 2389 3944 2406 ·

2366 2469 2641 2539 κραυγὴν
2662 2469 2743 2536 δὲ,
2773 2469 2849 2531 ὼς
2886 2469 3027 2540 μετὰ
3075 2469 3233 2521 τόνου
3287 2465 3608 2536 πνεύματος
3643 2481 3951 2536 προσφερο-

2370 2566 2571 2633 μένην*
2605 2560 2820 2631 φωνὴν
2844 2561 2901 2615 δὲ
2930 2600 2945 2626 ,
2996 2560 3072 2624 ὡς
3103 2558 3347 2629 εὔσημον
3369 2572 3387 2589 ο
3414 2558 3627 2629 κυρίως
3674 2559 3784 2629 γὰρ
3816 2558 3951 2627 ἄση-

2371 2655 2471 2726 μός
2499 2658 2648 2709 ἐστιν
2679 2656 2714 2725 ἡ
2738 2655 2980 2724 κραυγή.
3041 2653 3151 2705 Καὶ
3177 2654 3245 2705 τὰ
3271 2650 3619 2720 ὑποκείμενα
3659 2650 3716 2704 δὲ
3741 2650 3953 2712 οἰκείως

2368 2747 2742 2816 απεδόθησαν.
2791 2746 3108 2801 Ἐνώτισαι
3154 2745 3286 2815 γὰρ,
3339 2743 3540 2813 καὶμὴ
3574 2743 3790 2807 ἁπλῶς,
3824 2741 3957 2795 ἀλλά

2369 2840 2544 2908 γνῶθι
2564 2840 2621 2892 τε
2644 2839 2929 2911 βούλονται
2953 2855 2966 2870 ·
3006 2842 3101 2893 καὶ
3131 2839 3236 2906 ἐτι,
3269 2839 3345 2911 μὴ
3377 2840 3436 2892 ὲν
3458 2838 3740 2909 παρέργῳ
3771 2834 3957 2904 θήσεις

2371 2931 2470 3003 τὴν
2501 2932 2711 3003 δέησιν,
2760 2932 2871 2986 εἴτε
2903 2932 2992 2988 διὰ
3025 2933 3274 3002 χειλέων,
3331 2931 3445 2984 εἴτε
3497 2930 3796 3001 ἀλαλήτοις
3832 2944 3963 2998 προ-

2373 3025 2628 3097 φέρεται.
2666 3026 2888 3097 Ίδίωμα
2916 3025 2973 3080 δὲ
3013 3027 3110 3080 καὶ
3144 3028 3245 3095 τῆς
3272 3023 3521 3095 Γραφῆς,
3555 3025 3659 3077 καὶ
3683 3023 3746 3075 τὸ
3775 3020 3959 3074 καλεῖν

2372 3100 2475 3180 τάξ
2525 3115 2680 3180 θείας
2727 3117 3012 3188 ἐνεργείας
3062 3115 3174 3170 ἀπὸ
3219 3116 3331 3169 τῶν
3379 3114 3760 3185 ἀνθρωπίνων,
3796 3111 3870 3175 ὡς
3898 3109 3957 3161 τὸ

2377 3212 2507 3282 περὶ
2538 3210 2747 3264 τούτων
2772 3210 3018 3265 διδάσκει
3053 3209 3365 3279 σύνταγμα.

683 3303 787 3343 nec
818 3289 1044 3345 fortuito
1075 3306 1168 3346 eas
1196 3291 1291 3345 tibi
1330 3290 1499 3348 fuisse
1524 3291 1739 3348 oblatas
1788 3304 1941 3363 puta,
2005 3308 2103 3350 seu
2159 3292 2318 3353 labiis
2357 3314 2453 3355 seu
2511 3303 2630 3371 ipso
2680 3300 2774 3356 tibi
2830 3300 2995 3356 corde
3041 3297 3365 3357 oderantur.
3416 3298 3514 3355 Est
3564 3307 3747 3354 autem
3841 3306 3957 3350 mos

687 3394 862 3435 sacrae
925 3381 1245 3453 Scripturat,
1322 3394 1383 3438 ut
1445 3382 1716 3440 humanas
1754 3396 2136 3455 smpeuumero
2181 3390 2532 3460 operationes
2588 3390 2704 3449 Deo
2747 3392 3028 3449 ascribat:
3059 3389 3519 3462 quemadmodum
3564 3389 3668 3444 hoc
3730 3387 3786 3442 in
3837 3384 3956 3438 loco

684 3476 801 3528 [icti
844 3473 1115 3528 videmus.

757 3567 877 3627 Bc;
902 3584 1046 3623 meus
1072 3578 1122 3623 et
1155 3568 1293 3623 Deus
1333 3583 1501 3624 meus.
1530 3567 1608 3625 Te
1637 3569 1786 3625 enim
1825 3568 2028 3636 solum,
2061 3572 2260 3644 inquit,
2291 3578 2337 3641 ο

687 3663 864 3717 habeo
893 3661 946 3714 in
983 3658 1206 3730 Regem,
1241 3659 1410 3713 veluti
1470 3659 1565 3728 qui
1614 3660 1718 3713 mei
1750 3660 1925 3715 solius
1963 3664 2263 3731 providen-

686 3755 821 3807 tiam
861 3761 915 3807 et
941 3751 1389 3821 procurationem
1420 3751 1593 3807 babes
1630 3769 1644 3805 :
1679 3759 1733 3806 te
1750 3754 1930 3807 solum
1965 3757 2078 3823 pari
2102 3755 2264 3810 modo

688 3854 749 3899 ut
776 3845 941 3898 Demn
974 3844 1118 3905 colo,
1139 3852 1401 3914 tanquam
1426 3858 1617 3899 verum
1643 3845 1891 3899 omnium
1921 3845 2260 3901 Creatorem.

687 3937 833 3992 ldola
866 3937 1012 3989 enim
1051 3935 1235 3989 omnia
1265 3934 1467 4005 abieci.

764 4027 929 4082 Vens.
969 4026 1024 4094 4,
1058 4026 1111 4081 5.
1156 4025 1422 4093 Quoniam
1467 4024 1537 4078 ad
1570 4034 1620 4080 te
1645 4024 1828 4090 orabo,
1886 4025 2125 4081 Domine.
2158 4023 2266 4081 Ex-

690 4120 820 4175 audi
850 4136 957 4186 me,
987 4118 1192 4189 inquit,
1221 4118 1480 4188 quoniam
1510 4117 1772 4187 deinceps
1803 4116 1870 4171 ad
1899 4125 1953 4172 te
1988 4116 2190 4179 solum,
2213 4125 2268 4170 et

689 4233 801 4272 non
836 4216 903 4271 ad
932 4217 1103 4271 alium
1144 4218 1312 4271 Deum
1361 4222 1422 4269 ιιι
1471 4222 1632 4269 antea
1686 4227 1874 4283 preces
1907 4226 2059 4267 meas
2089 4207 2290 4266 eiIun-L

687 4308 837 4362 dam.

761 4403 920 4453 Ilione
976 4397 1229 4452 emudies
1268 4410 1447 4450 uocem
1480 4410 1677 4460 meam,
1738 4411 1893 4450 mane
1937 4392 2124 4449 astabo
2173 4394 2271 4447 tibi

689 4501 736 4544 et
770 4491 966 4544 ridebis
998 4503 1098 4542 me.
1134 4488 1228 4541 Illo
1273 4488 1494 4556 inquam
1528 4500 1711 4550 mane,
1748 4502 1860 4556 quo
1913 4485 2006 4540 Sol
2038 4484 2270 4554 iustitia:

691 4580 949 4634 Christus
980 4579 1299 4633 hominibus
1330 4579 1563 4631 orietur.
1614 4576 1725 4647 Ego
1776 4577 1978 4632 etenim
2030 4586 2161 4630 tunc
2202 4591 2269 4630 ex

691 4674 919 4736 ludatis,
943 4682 1108 4742 atque
1137 4687 1200 4726 ex
1226 4670 1482 4742 gentibus
1506 4671 1902 4740 cougregabor,
1929 4676 1984 4723 et
2005 4669 2271 4723 invocabo

696 4777 769 4820 te.
799 4780 861 4817 ac
892 4763 1186 4827 laudando,
1212 4763 1761 4831 appropinquationis
1793 4762 2271 4816 conversationem

693 4856 989 4910 exhibebo.
1022 4853 1179 4909 Tune
1212 4855 1385 4924 igitur
1416 4853 1516 4908 tibi
1572 4868 1660 4908 me
1709 4855 2268 4924 apprOpinquantem,

2449 3576 2514 3628 Ὀ
2541 3575 2846 3641 ,ϐασιλεύς
2883 3592 3002 3645 μου
3048 3575 3146 3628 καὶ
3192 3577 3224 3628 ό
3257 3576 3403 3640 Θεός
3434 3590 3578 3643 μου.
3631 3574 3698 3626 Σὲ
3729 3576 3837 3645 γὰρ
3865 3575 3959 3628 καὶ

2367 3667 2528 3737 μόνον
2559 3666 2782 3734 βασιλέα
2815 3667 3034 3736 ἔχομεν,
3059 3666 3136 3729 ὡς
3183 3667 3495 3738 προνοητήν
3516 3683 3531 3697 ·
3587 3665 3721 3719 Θεὸν
3771 3666 3851 3731 δὲ,
3880 3666 3957 3729 ὡς

2368 3757 2636 3827 πλάστην,
2663 3757 2734 3809 τὰ
2755 3755 2950 3810 εἴδωλα
2984 3755 3097 3827 (26)
3138 3754 3327 3826 ῥίψας.

2447 4025 2577 4079 Ὀτι
2605 4024 2758 4093 πρὸς
2802 4023 2879 4078 σὲ
2922 4024 3353 4093 προσεύξομαι,
3394 4026 3590 4090 Κύριε.
3623 4024 3960 4081 Εἰσάκουςόν

2376 4133 2501 4187 μου,
2537 4117 2671 4171 διότι
2708 4117 2804 4170 τοῦ
2833 4116 3021 4171 λοιποῦ
3051 4118 3187 4186 πρὸς
3219 4116 3305 4181 σὲ,
3353 4117 3448 4170 καὶ
3476 4117 3538 4170 οὺ
3577 4118 3714 4188 πρὸς
3770 4118 3956 4188 ἕτερον

2373 4207 2530 4273 Θεὸν,
2559 4206 2635 4271 ὼς
2656 4209 2850 4273 πάλαι,
2877 4208 3273 4279 προσεύξομαι.

2448 4391 2522 4446 Τὸ
2547 4392 2697 4460 πρωῒ
2729 4392 3064 4459 εὶσακούσῃ
3116 4391 3230 4458 τῆς
3275 4390 3483 4459 φωνῆς
3516 4409 3659 4460 μου,
3704 4393 3771 4445 τὸ
3809 4392 3962 4460 πρωϊ

2374 4482 2841 4552 παραστήσομαι
2859 4498 2981 4546 σοι,
3014 4483 3113 4537 καὶ
3145 4483 3363 4551 ἐπόψει
3400 4500 3500 4552 με.
3528 4483 3666 4538 Τότε
3690 4485 3952 4556 δηλονότι,

2374 4580 2504 4633 ὅταν
2552 4580 2810 4650 Χριστὸς,
2861 4581 2890 4633 ὁ
2912 4579 3012 4646 τῆς
3037 4580 3386 4649 δικαιοσύνης
3417 4579 3626 4644 Ἥλιος,
3665 4580 3952 4649 ἀνατείλῃ·

2374 4671 2680 4742 ⁸εηνικαῐίτα
2710 4672 2818 4743 γὰρ
2845 4672 2907 4736 ἐξ
2934 4670 3106 4724 ἐθνῶν
3143 4671 3238 4723 καὶ
3281 4670 3555 4724 Ἰουδαίων
3590 4672 3952 4739 συστήσομαι,

2377 4762 2472 4816 καὶ
2520 4763 2915 4832 ἐπικαλέσομαί
2960 4779 3040 4828 σε,
3082 4762 3178 4816 καὶ
3221 4760 3289 4814 δι’
3345 4761 3651 4832 ἐγγύτητος
3702 4760 3956 4831 ἐναρέτου

2376 4856 2802 4927 παραστήσομαι
2852 4854 3149 4921 πολιτείας,
3198 4853 3294 4907 καὶ
3346 4853 3492 4908 οὕτω
3549 4851 3956 4923 πλησιάζουσαν

697 4957 865 5015 atque
896 4949 1246 5004 assistentem
1285 4947 1520 5002 videbis.
1553 4944 1710 5002 Oculi
1735 4947 1878 5001 enim
1916 4944 2150 5007 Domini,
2180 4946 2262 4999 in-

2374 4945 2491 5018 ίδῃς
2540 4963 2628 5016 με.
2694 4946 3016 5015 Ὀφθαλμοὶ
3072 4946 3202 5015 γὰρ,
3256 4946 3413 5015 φησι,
3457 4946 3703 5015 Κυρίου,
3739 4944 3837 4999 ἐπὶ
3867 4942 3955 4996 δι-

696 5040 842 5109 quit,
866 5055 1024 5104 super
1047 5040 1228 5109 justo:
1256 5041 1324 5094 ".
1363 5039 1624 5106 Quadam
1649 5054 1781 5093 vero
1803 5037 2138 5108 exemplaria
2173 5037 2271 5091 ha-

695 5134 849 5195 bent,
891 5129 951 5182 Et
980 5132 1216 5198 videbor,
1257 5130 1360 5186 boc
1406 5140 1513 5195 est,
1572 5128 1894 5185 Manifestus
1929 5128 2078 5182 liam.
2113 5126 2268 5195 Quod

695 5224 742 5275 si
774 5222 927 5291 juxta
965 5225 1254 5278 historiam
1308 5224 1582 5290 psalmum
1615 5236 1955 5292 exponamus
2001 5219 2069 5275 de
2112 5220 2272 5275 beato

698 5312 893 5378 David,
924 5330 1085 5370 mane
1118 5331 1218 5384 pro
1263 5315 1538 5371 matutino
1594 5323 1837 5383 tempore
1893 5312 2270 5380 accipiendum

2379 5039 2607 5103 καίους.
2637 5040 2771 5092 de
2803 5037 2860 5091 δὲ
2893 5038 3002 5091 τῶν
3039 5036 3392 5106 ἀντιγράφων
3438 5037 3501 5090 τὸ
3525 5038 3825 5106 ἐπόψομαι
3853 5033 3953 5101 φέ-

2382 5147 2591 5201 ρουσιν,
2615 5131 2738 5184 ἀντὶ
2772 5129 2866 5183 τοῦ
2891 5129 3396 5199 ὲμφανισθήσομαι.
3434 5129 3577 5198 Πρὸς
3625 5130 3804 5197 μέντοι
3856 5124 3954 5193 τὴν

2381 5220 2640 5273 ὑπόθεσιν
2669 5218 2767 5273 τοῦ
2798 5218 2984 5284 Δαϐὶδ,
3017 5217 3355 5285 ὑποληπτέον
3384 5219 3444 5272 τὸ
3472 5219 3618 5289 πρωῒ
3643 5215 3836 5282 δηλοῦν
3863 5212 3954 5263 τὸν

2381 5310 2629 5381 ὁρθρινὸν
2650 5310 2862 5382 χρόνον.
2892 5310 3004 5380 Πρὸ
3023 5310 3185 5381 ἔργου
3216 5311 3347 5381 γὰρ,
3379 5311 3534 5380 φησὶ,
3563 5310 3780 5372 παντὸς,
3802 5305 3953 5358 ἔσται

799 5468 847 5500 ³⁵
878 5468 1048 5523 lCor.
1084 5485 1139 5530 ll,
1181 5469 1233 5525 9.
1296 5470 1341 5501 ⁵⁷
1373 5468 1417 5523 ιι
1441 5469 1566 5525 Cor.
1601 5485 1681 5534 χι,
1713 5468 1768 5524 2.
1850 5470 1895 5504 δ’
1925 5468 2086 5526 Joan.
2148 5483 2230 5529 Ill,

2368 5504 2373 5519 .
2451 5467 2497 5500 "
2530 5467 2678 5523 Psal.
2720 5484 2865 5536 κων,
2913 5468 2997 5524 i0.
3053 5468 3096 5500 ‘°
3133 5469 3281 5524 Psal.
3319 5484 3513 5533 χχχιιι,
3545 5465 3630 5520 iii.

2043 5582 2245 5645 Vat-ite
2278 5580 2609 5644 lectiones.

775 5710 886 5784 (26)
926 5710 1235 5784 Legeudum
1265 5713 1496 5769 fortasse
1528 5713 1756 5784 ῥίψασα,
1785 5729 1847 5768 cx
1890 5726 2121 5783 persona
2171 5707 2452 5780 Ecclesiae,
2477 5719 2536 5765 ut
2604 5709 2767 5781 paulo
2802 5716 2924 5781 post
2956 5725 3024 5767 ex
3077 5723 3313 5781 persona
3389 5708 3628 5779 ejusdem
3694 5698 3947 5758 Ecclesiae

701 5780 861 5837 habet
891 5780 1308 5852 πλησιάζουσαν.
