4146 6440
319 316 416 383 131

1494 318 1893 381 COMMENT.
1937 314 2019 378 IN
2061 319 2418 384 PSALMOS.

3495 322 3597 388 102

315 451 409 503 μοι
431 433 494 486 τὸ
518 431 866 502 παρακαλεῖν
894 448 976 498 σε,
1001 434 1100 488 καὶ
1123 431 1190 486 τὰ
1210 432 1355 502 ἑξῆς,
1375 431 1405 486 δ
1433 435 1526 486 καὶ
1542 435 1705 504 ἡμεῖς
1739 433 1918 487 ποιοῦ-

2033 444 2123 497 3st.
2157 451 2221 492 ac
2244 437 2291 492 si
2321 438 2528 492 diceret
2559 455 2572 492 :
2597 436 2819 494 Gratius
2847 437 2978 494 mihi
3016 453 3079 494 ac
3107 437 3407 509 jucundius
3434 443 3601 498 rebus

316 543 444 596 μεν,
483 526 648 588 εὐθὺς
681 526 782 596 τῆς
818 528 1010 596 κοίτης
1042 525 1459 595 ἐξανιστάμενοι
1488 542 1502 556 ·
1560 527 1656 581 καὶ
1709 528 1808 596 οὐχ
1837 529 1919 580 ὃτι

313 620 442 672 κατ’
470 619 634 672 ἀλλον
659 619 721 671 οὗ
746 617 856 689 χρὴ
891 619 1289 689 προσεύχεσθαι
1321 619 1514 688 καιρόν
1539 635 1554 648 ’
1588 618 1922 689 Εὐλογήσω

315 713 454 781 γὰρ,
487 711 646 782 φησὶ,
677 711 788 765 τὸν
821 711 1066 778 Κύριον,
1100 709 1171 762 ἐν
1203 708 1382 762 παντὶ
1407 708 1612 776 καιρῷ.

2029 527 2290 582 omnibus
2353 528 2526 583 fuerit
2580 531 2853 585 matutino
2912 541 3155 600 tempore
3193 533 3268 586 ad
3304 543 3378 597 te,
3433 533 3600 598 Deus,

2028 619 2336 672 orationem
2371 635 2434 674 ac
2479 635 2671 688 preces
2702 637 2853 676 meas
2903 623 3184 694 proferre:
3219 625 3367 694 quod
3417 634 3472 679 ct
3504 640 3604 682 nos

2029 708 2212 766 facere
2238 713 2631 770 consuevimus
2662 716 2848 770 statim
2881 717 2972 770 ubi
3002 732 3033 772 e
3064 718 3206 772 lecto
3237 721 3603 774 consurrexi-

315 818 487 867 mus;
521 819 624 858 nec
655 815 839 859 tamen
868 803 973 857 hoc
997 800 1147 868 dico,
1169 801 1324 871 quasi
1345 801 1452 857 alio
1475 810 1721 872 tempore
1744 801 2015 856 orandum
2049 817 2161 858 non
2194 806 2266 861 sit
2299 823 2313 859 :
2342 805 2681 873 Benedicam,
2743 809 2942 878 inquit,
3004 809 3288 864 Dominum
3350 813 3404 864 in
3463 817 3609 868 omni

319 905 561 961 tempore
593 897 662 949 ⁸⁸.

395 994 532 1045 Ὀτι
566 990 703 1059 οὐχὶ
737 990 886 1056 Θεὸς
933 989 1124 1046 θέλων
1157 991 1415 1060 ἀνομίαν
1444 989 1526 1044 σὺ
1567 984 1644 1043 εἴ.
1684 989 1765 1042 Τά
1803 989 1914 1057 γὰρ

317 1084 525 1136 εἴδωλα
577 1084 680 1146 τὰς
713 1083 948 1151 ἀνομίας
993 1084 1303 1152 ἀγαπῶσιν.
1365 1082 1637 1150 Ἀνομιαν
1667 1080 1726 1133 δὲ
1759 1080 1918 1134 καλεῖ

316 1177 513 1227 πᾶσαν
538 1173 840 1244 ἁμαρτίαν.

2099 985 2368 1053 Quoniam
2429 1004 2532 1041 non
2591 988 2732 1043 Deus
2800 990 2978 1044 volens
3017 991 3350 1061 iniquitatem
3401 1003 3457 1047 tu
3517 1010 3593 1050 es.

2024 1077 2214 1148 Longe
2247 1079 2393 1133 enim
2441 1081 2568 1133 abes
2611 1081 2680 1134 ab
2741 1081 3010 1137 idolorum
3067 1086 3444 1152 perversitate,
3481 1103 3602 1154 quae

2031 1171 2355 1240 iniquitates
2408 1172 2662 1242 diligunt.
2725 1173 2826 1227 Per
2878 1176 3211 1244 iniquitatem
3263 1193 3395 1232 vero
3435 1194 3601 1234 omne

319 1269 542 1336 peccati
578 1281 758 1336 genus
797 1266 1055 1336 intelligit
1089 1265 1257 1338 [quod
1307 1273 1462 1320 extra
1498 1263 1774 1334 tequitatis
1826 1262 1900 1317 sit
1947 1276 2195 1316 normam
2235 1281 2250 1317 :
2285 1279 2407 1328 seu,
2442 1273 2501 1318 ut
2539 1266 2940 1334 significantius
2969 1265 3156 1322 Graeca
3197 1269 3364 1323 dictio
3403 1270 3608 1338 ἀνομία

317 1358 614 1426 exprimit.
643 1356 790 1426 quod
814 1359 964 1412 onmi
1001 1366 1188 1411 careat
1216 1356 1350 1426 legis
1382 1355 1618 1409 ratione.
1674 1355 1912 1423 ’Δνομος
1953 1353 2177 1423 quippe,
2213 1356 2357 1408 unde
2382 1357 2605 1424 ἀνομία,
2631 1373 2794 1427 quem
2851 1357 3080 1412 Latinus
3141 1359 3410 1430 interpres
3459 1365 3608 1417 assi-

317 1452 432 1506 due
477 1453 728 1522 iniquum
793 1453 1052 1521 appellat,
1082 1452 1314 1524 exlegem
1349 1452 1557 1521 potius,
1593 1464 1755 1520 quam
1813 1449 2052 1518 iniquum
2122 1450 2444 1520 signiﬁcat;
2514 1451 2609 1506 sed
2647 1451 2898 1504 vocabuli
2939 1451 3123 1522 inopia
3191 1451 3424 1520 ἀνομίαν
3490 1457 3600 1508 ini-

316 1549 587 1617 quitatem
623 1544 1019 1617 app¢llamus.]

384 1644 474 1696 Οὐ
505 1642 868 1709 παροικήσει
910 1655 1009 1692 σοι
1031 1642 1536 1709 πονηρευόμενος.
1565 1641 1642 1693 Οὐ
1672 1641 1834 1710 μόνον
1855 1639 1914 1693 δέ
1955 1675 1997 1730 Β

2095 1637 2264 1692 Vsus.
2317 1637 2370 1690 6.
2432 1633 2617 1701 Neque
2671 1638 2936 1690 habitabit
2973 1637 3138 1706 juxta
3196 1647 3246 1692 te
3303 1641 3599 1710 malignus.

317 1736 462 1788 εἰσιν
487 1733 763 1803 ἐμπαθεῖς
810 1734 861 1786 oi
893 1733 1007 1786 θεοὶ
1029 1733 1137 1785 τῶν
1167 1732 1358 1797 ἐθνῶν,
1381 1733 1456 1795 ὡς
1479 1733 1534 1786 αἱ
1563 1733 1688 1801 περὶ
1711 1733 1922 1784 τούτων

2033 1729 2288 1784 Gentium
2316 1728 2414 1792 dii,
2451 1743 2559 1782 non
2597 1737 2809 1782 tantum
2861 1729 2965 1798 ipsi
3004 1730 3306 1786 sceleribus
3357 1747 3422 1786 ac
3457 1733 3605 1790 vitiis

320 1824 500 1893 βίϐλοι
524 1823 912 1876 διδάσκουσινο
955 1824 1092 1876 ἀλλὰ
1141 1825 1236 1878 καὶ
1267 1824 1394 1886 τοὺς
1445 1824 1556 1876 τῶν
1586 1823 1790 1891 ὁμοίων
1826 1823 1924 1893 ζη-

316 1917 500 1979 λωτὰς
532 1916 728 1970 παθῶν
755 1915 832 1977 ὡς
863 1916 1100 1979 οἰκείους
1133 1917 1479 1984 περιέπουσι,
1514 1916 1610 1968 καὶ
1639 1917 1766 1978 τοὺς
1797 1917 1925 1968 ἑαυ-

317 2008 429 2060 τῶν
479 2007 747 2078 βεϐήλους
771 2009 934 2072 ναοὺς
961 2010 1145 2071 αὐτοῖς
1187 2009 1560 2076 ὐπανοίγουσι.
1597 2008 1697 2060 Σοῦ
1727 2008 1782 2060 δὲ
1820 2009 1921 2078 τῆς

319 2100 632 2168 inﬁt-1320;
661 2100 758 2153 xui.
786 2096 1142 2161 οἰκειώσεως,
1169 2097 1327 2151 τοῦτο
1349 2099 1460 2168 γὰρ
1495 2098 1596 2167 τὴν
1623 2098 1922 2168 παροινίαν

323 2191 418 2240 ἐπὶ
448 2188 542 2240 τοῦ
579 2188 857 2259 παρόντος
889 2187 1252 2257 ὑποληπτέον,
1289 2188 1350 2242 οὐ
1379 2188 1627 2252 τεύξεται
1661 2190 1918 2260 πονηρός.

342 2277 556 2344 Ἐττὺς
582 2280 716 2346 γὰρ,
764 2279 922 2347 φησὶ,
965 2281 1179 2347 Κύριος
1226 2281 1354 2345 τοῖς
1390 2279 1920 2348 συντετριμμένοις

339 2367 456 2430 τὴν
487 2367 754 2435 καρδίαν,
807 2370 906 2422 καὶ
960 2369 1083 2436 τοῖς
1126 2369 1523 2439 φοϐουμένοις
1565 2373 1774 2424 αὐτόν.
1822 2371 1922 2423 Διά

341 2456 436 2510 τοῦ
461 2460 690 2530 iro-timet?
722 2460 780 2513 δὲ
829 2463 1086 2514 παντοῖον
1126 2461 1450 2532 ἁμαρτωλὸν
1481 2461 1725 2534 ᾐνίξατο.

335 2552 462 2605 trito
485 2561 604 2604 sunt
629 2555 787 2609 corde
817 2555 884 2606 ⁶¹.
913 2555 1042 2610 item
1075 2572 1090 2608 :
1125 2553 1499 2609 Verumtamen
1530 2571 1690 2623 prape
1741 2555 1982 2610 timentes

331 2646 629 2715 Propheta,
677 2648 1028 2704 omnifariam
1064 2661 1406 2720 peccatorcm
1438 2651 1796 2723 subsignavit.

397 2741 556 2794 οὐδὲ
618 2742 974 2812 διαμενοῦσι
1029 2743 1363 2814 παράνομοι
1419 2745 1736 2800 κατέναντι
1800 2744 1924 2800 τῶν

328 2833 664 2903 ὀφθαλμῶν
707 2851 846 2889 σου.
880 2835 1053 2890 Τοῦτο
1084 2837 1171 2890 διὰ
1205 2840 1333 2899 τοὺς
1379 2837 1667 2903 Ἰουδαίους
1701 2856 1923 2910 προφη-

325 2927 592 2997 τευθῆναι
635 2927 909 2996 λέγουσιν,
945 2929 994 2982 οἶ
1031 2929 1191 3000 μέχρι
1222 2930 1324 3000 μὲν
1350 2929 1443 2984 τὸν
1489 2931 1656 3000 νόμον
1686 2932 1923 3000 ἐφύλατ-

322 3036 443 3082 τον,
476 3021 790 3089 ἐπισκοπῆς
812 3022 1061 3090 ἠξιοῦντο
1084 3023 1231 3086 Θείας
1251 3039 1265 3053 °
1299 3023 1616 3095 παραϐάται
1645 3023 1702 3079 δὲ
1723 3023 1917 3078 τούτου

323 3111 644 3181 γενόμενοι,
677 3111 903 3176 δικαίως
929 3110 1270 3182 ἐξώσθησαν.

409 3296 757 3364 Ἐμίσησας
824 3295 1060 3363 πάντας
1115 3296 1260 3364 τοὺς
1314 3296 1743 3367 ἐργαζομένους
1809 3297 1927 3365 τὴν

324 3389 612 3454 ἀνομίαν.
643 3387 816 3442 Τοῦτο
845 3387 934 3440 διὰ
975 3389 1045 3442 τὰ
1073 3388 1198 3458 ἔθνη
1233 3390 1301 3442 τὰ
1331 3391 1556 3454 ἄπιστα,
1591 3389 1756 3458 νόμον
1787 3388 1924 3442 Θεοῦ

328 3482 407 3552 μὴ
425 3480 728 3546 δεξάμενα.
759 3481 980 3533 Νοεῖται
1013 3481 1068 3532 δὲ
1099 3482 1190 3534 καὶ
1217 3481 1393 3544 άλλως
1413 3499 1429 3516 ο
1457 3481 1778 3551 παράνομος
1802 3481 1925 3549 μὲν,

327 3574 440 3633 πᾶς
468 3572 499 3621 ὁ
536 3558 880 3640 μεμαθηκὼς
913 3571 1004 3624 τὸν
1029 3571 1196 3641 νόμον
1215 3611 1232 3634 ,
1274 3570 1637 3641 παραϐαίνων
1667 3569 1724 3623 δέ
1751 3583 1766 3601 ⁸
1798 3570 1925 3625 ἄνο-

331 3681 432 3733 μος
457 3663 542 3726 δὲ,
577 3663 607 3714 6
661 3663 735 3732 μὴ
773 3664 966 3732 μαθεῖν
1001 3661 1392 3732 ἀνασχόμενος.
1427 3662 1696 3726 Πολλάκις
1726 3662 1783 3715 δὲ
1831 3663 1924 3717 τὸν

327 3754 657 3822 παράνομον
687 3750 963 3821 καλοῦμεν
994 3754 1091 3804 καὶ
1120 3752 1345 3821 ἄνομον,
1379 3751 1454 3814 ὠς
1485 3751 1562 3822 μὴ
1593 3751 1743 3822 νόμῳ
1780 3749 1926 3820 χρὼ-

331 3859 522 3911 μενον.
563 3843 752 3894 Εἰπὼν
775 3841 832 3894 δὲ
865 3840 1100 3895 καθόλου
1134 3844 1263 3910 περὶ
1296 3843 1407 3896 τῶν
1438 3843 1624 3905 ἁπλῶς
1653 3844 1923 3912 ἀμαρτω-

325 3935 463 3998 ὶῶν,
509 3933 786 3986 ἐκτίθεται
816 3935 911 3987 καὶ
946 3935 1089 3986 κατὰ
1119 3935 1284 4006 μέρος
1315 3934 1351 3988 ἃ
1380 3935 1597 3988 ἐδόκουν
1648 3933 1800 4004 αὑτῴ
1828 3950 1926 3987 κε-

326 4024 785 4094 φαλαιωδέστερα
815 4033 938 4078 τότε
964 4025 1074 4078 τῶν
1104 4026 1546 4096 ἁμαρτημάτων.

2033 1822 2224 1891 repleti
2260 1828 2408 1885 sunt,
2457 1819 2922 1890 quemadmodum
2985 1837 3050 1875 cx
3101 1821 3348 1891 profanis
3408 1839 3604 1880 eorum

2031 1913 2189 1967 libris
2229 1911 2495 1966 docemur
2530 1930 2542 1966 :
2574 1911 2672 1966 sed
2721 1911 2971 1967 homines
3021 1927 3289 1982 quosque,
3343 1915 3606 1970 similium

2027 2003 2289 2058 vitiorum
2322 2009 2619 2065 amatores,
2654 2001 2818 2055 veluti
2850 2016 2982 2056 suos
3011 2016 3075 2055 ac
3104 2003 3358 2071 proprios
3395 2002 3605 2070 fovent,

2030 2108 2243 2162 suaque
2278 2093 2392 2148 illis
2424 2092 2660 2162 Profana
2691 2093 2948 2162 aperiunt
2999 2092 3144 2147 fana.
3181 2092 3355 2148 Tuam
3389 2111 3542 2160 vero,
3573 2113 3608 2151 ο

2032 2185 2202 2252 Deus,
2237 2184 2699 2246 familiaritatem.
2757 2192 2852 2238 aut
2905 2184 2982 2238 tui
3017 2186 3606 2256 appropinquationem

2030 2278 2129 2348 (ita
2187 2278 2333 2332 enim
2391 2277 2698 2344 intelligere
2732 2275 2998 2332 debemus
3049 2279 3195 2347 quod
3251 2279 3374 2332 ait:
3427 2278 3610 2349 Neque

2028 2369 2288 2423 habitabit
2312 2369 2474 2437 juxta
2506 2379 2554 2422 te
2579 2367 2867 2437 malignus)
2895 2369 3061 2422 homo
3111 2369 3300 2424 nullus
3365 2386 3608 2439 unquam

2029 2472 2420 2530 consequetur.
2457 2458 2625 2526 Prope
2651 2468 2731 2513 est
2781 2460 2921 2513 enim
2978 2458 3238 2514 Dominus
3277 2462 3344 2514 iis
3369 2463 3458 2530 qui
3485 2478 3611 2515 con-

2036 2570 2157 2610 eum
2196 2554 2434 2609 salutare
2516 2551 2779 2624 ipsius“.
2850 2551 3145 2622 Malignum
3198 2552 3344 2608 enim
3423 2551 3612 2610 dicens

2107 2744 2222 2799 Nec
2249 2743 2640 2814 permanebunt
2671 2751 3091 2812 transgressores
3117 2738 3247 2811 legis
3280 2749 3405 2797 ante
3429 2742 3613 2797 oculos

2031 2845 2172 2888 tuos.
2209 2833 2308 2888 His
2354 2833 2542 2889 verbis
2576 2831 2848 2887 contineri
2904 2831 3100 2886 dicunt
3148 2832 3495 2901 prophetiam
3543 2835 3614 2890 de

2027 2924 2258 2990 Iudaeis,
2300 2925 2394 2995 qui
2423 2925 2600 2979 donec
2645 2925 2818 2993 legem
2871 2933 3230 2978 servaverunt
3270 2926 3612 2993 protectione

2030 3027 2086 3074 et
2119 3019 2375 3074 custodia
2409 3017 2499 3072 Dei
2530 3015 2679 3085 digiti
2725 3028 2852 3070 esse
2900 3014 3004 3070 visi
3057 3021 3187 3068 sunt
3223 3031 3238 3069 :
3270 3030 3459 3070 verum
3515 3016 3608 3069 ubi

2033 3109 2503 3180 illiustransgredi
2525 3116 2814 3179 cmperunt
2835 3105 3112 3171 mandata,
3147 3105 3296 3176 iuste
3320 3121 3384 3162 ac
3413 3107 3610 3163 merito

2031 3202 2100 3258 ab
2130 3218 2196 3258 eo
2231 3203 2442 3271 expulsi
2475 3214 2624 3256 sunt.

2103 3291 2270 3348 Vsus.
2307 3293 2358 3349 7.
2398 3292 2578 3348 Odisti
2609 3309 2788 3347 omnes
2825 3292 2918 3362 qui
2939 3301 3227 3360 operantur
3255 3291 3610 3362 iniquitatem.

2032 3384 2146 3440 Hoc
2179 3393 2402 3457 propter
2432 3385 2676 3440 inﬁdeles
2707 3395 2898 3455 gentes
2925 3387 3131 3440 dictum
3155 3392 3258 3449 est,
3287 3399 3409 3452 qua:
3441 3385 3610 3453 legem

2033 3477 2129 3534 Dei
2176 3494 2283 3534 non
2317 3487 2645 3549 receperunt
2675 3495 2689 3532 :
2726 3477 2803 3550 [et
2855 3495 2996 3548 quos
3035 3478 3192 3547 juxta
3220 3476 3395 3532 (Ξτωοὶ
3432 3478 3614 3530 nomi-

2035 3569 2126 3624 nis
2179 3570 2446 3626 veriorem
2507 3569 2900 3639 signiﬁcatum,
2965 3578 3024 3624 ut
3081 3569 3344 3631 diximus,
3396 3569 3614 3639 exleges

2034 3663 2218 3730 potius
2283 3663 2468 3717 dicere
2534 3677 2851 3732 possumus,
2904 3677 3066 3732 quam
3124 3662 3364 3732 iniquos.
3423 3661 3613 3714 Diﬂert

2033 3761 2216 3806 autem
2246 3761 2621 3822 transgressor
2679 3753 2815 3823 legis
2865 3756 2931 3807 ab
2987 3751 3223 3824 exlege],
3274 3752 3400 3822 quia
3451 3752 3612 3814 alter,

2031 3844 2204 3914 legem
2239 3843 2462 3913 quidem
2497 3845 2668 3908 novit,
2700 3845 2795 3898 sed
2826 3860 2934 3898 non
2968 3853 3151 3899 servat
3183 3859 3199 3899 :
3233 3844 3374 3897 alter
3403 3858 3533 3897 vero
3565 3844 3612 3896 is

2032 3938 2236 3992 dicitur
2261 3937 2354 4007 qui
2387 3936 2564 3991 nullas
2593 3936 2818 3989 omnino
2863 3935 3059 4003 recipit
3090 3936 3268 4004 leges;
3301 3949 3617 4004 quanquam

2034 4043 2414 4097 smpenumero
2454 4029 2684 4082 alterum
2753 4027 2878 4079 loco
2926 4028 3155 4081 alterius
3205 4029 3425 4096 ponitur
3456 4025 3618 4096 (27‘).

328 4118 544 4174 Verum
585 4132 711 4172 cum
755 4120 809 4173 in
852 4120 1171 4176 universum
1207 4120 1411 4177 dixerit
1453 4121 1522 4177 de
1571 4122 1980 4192 peccatoribus,
2043 4124 2413 4194 particulatim
2466 4137 2616 4178 nunc
2652 4122 2818 4176 tradit
2855 4135 2978 4190 quae
3009 4121 3112 4175 sibi
3143 4123 3259 4177 visa
3299 4129 3431 4178 sunt
3480 4137 3620 4192 prae-

328 4217 500 4286 cipua
540 4225 888 4282 peccatorum
919 4217 1123 4285 capita.

412 4307 690 4374 Ἀπολεῖς
718 4307 950 4375 πάντας
976 4309 1120 4376 τοὺς
1165 4311 1512 4376 λαλοῦντας
1561 4309 1630 4364 τὸ
1670 4309 1920 4380 ψεῦδος.

2102 4308 2299 4364 Perdes
2325 4325 2385 4363 eo
2413 4310 2503 4378 qui
2535 4310 2825 4380 loquuntur
2864 4309 3214 4364 mendacium.
3260 4307 3374 4364 lloc
3415 4309 3620 4377 princi-

328 4402 511 4456 τοῦτο
539 4401 968 4469 προηγουμένως
997 4399 1094 4470 μὲν
1115 4399 1204 4454 διὰ
1223 4403 1350 4465 τοὺς
1371 4402 1694 4468 δοξάζοντας
1737 4403 1926 4475 ἕτερον

329 4492 492 4561 παρά
523 4491 620 4544 τὸν
645 4491 771 4544 ὅντα
796 4491 948 4557 Θεὸν,
980 4492 1077 4544 καὶ
1098 4493 1227 4556 τοὺς
1253 4493 1573 4565 αίρετικούς
1593 4510 1608 4526 ο
1641 4494 1926 4564 ἑπομένως

328 4585 409 4647 δὶ,
442 4585 542 4636 καὶ
567 4583 658 4636 διὰ
683 4584 809 4645 τοὺς
858 4585 1009 4646 ὅπως
1051 4584 1252 4652 δήποτε
1299 4584 1690 4653 ψευδομένους,
1723 4586 1800 4649 ὡς
1831 4585 1927 4638 τοῦ

331 4671 589 4725 διαϐόλου
615 4672 918 4736 διακόνους,
969 4672 1152 4743 πατὴρ
1176 4674 1286 4741 γάρ
1313 4673 1409 4726 τοῦ
1437 4673 1668 4743 ψεύδους
1696 4677 1724 4728 ὁ
1753 4675 1930 4726 Σαταο

334 4766 454 4826 νὰς,
480 4762 596 4814 εἶτε
624 4763 684 4829 ἐξ
729 4763 1003 4816 Ἰουδαίων
1035 4765 1194 4830 εἰσὶν,
1244 4766 1358 4817 εττε
1405 4765 1466 4830 ἐξ
1495 4765 1690 4821 ἐθνῶν.
1743 4766 1845 4818 Διὰ
1874 4766 1933 4818 δὲ

332 4855 430 4908 τοῦ
465 4857 672 4919 είπεῖν,
736 4855 1034 4922 Ἀπολεῖς,
1065 4857 1380 4929 παρέστησε
1410 4857 1721 4929 βαρυτέραν
1757 4860 1937 4912 αὐτῶν

333 4947 435 5014 τὴν
465 4947 716 4999 κόλασιν.
763 4944 832 4999 Ἦ
859 4950 952 4999 καὶ
981 4948 1220 5016 φοϐῆσαι
1256 4949 1382 5011 τοὺς
1408 4950 1734 5020 προχείρους
1763 4951 1844 5014 είς
1877 4950 1939 5003 τὸ

332 5035 535 5103 ψεῦδος
573 5035 924 5105 βουλόμενος,
969 5036 1404 5101 ὲπιπολάζοντας
1437 5039 1532 5092 καὶ
1583 5040 1929 5109 ἀνειμένους,

329 5127 420 5180 διὰ
442 5128 507 5180 τὺ
527 5129 754 5198 piat-0w
777 5128 812 5198 ἢ
833 5128 928 5181 καὶ
941 5128 1022 5182 ὃτι
1041 5128 1116 5199 μὴ
1151 5131 1313 5198 μόνον
1339 5129 1534 5184 ἑαυτὸν
1554 5131 1667 5200 (27)
1693 5131 1899 5202 ἠχρείω
1914 5162 1931 5174 -

333 5233 457 5285 σαν,
496 5221 639 5273 ἀλλὰ
669 5220 766 5273 καὶ
808 5221 1026 5282 πολλοῖς
1056 5220 1320 5284 ἀπολείας
1353 5220 1606 5292 πρόξενοι
1631 5223 1898 5292 γίνονται.

2040 4403 2239 4472 paliter
2291 4411 2516 4472 propter
2569 4417 2665 4458 eos
2711 4403 2921 4458 dictum
2976 4412 3083 4466 est,
3135 4403 3230 4471 qui
3274 4416 3380 4455 non
3429 4418 3616 4456 verum

2036 4497 2208 4553 Deum
2239 4497 2528 4557 colebant:
2561 4507 2616 4553 ct
2654 4509 2877 4569 propter
2903 4498 3193 4552 bmreticos
3225 4513 3238 4550 :
3273 4511 3620 4565 consequen-

2041 4598 2128 4642 ter
2183 4600 2406 4658 propter
2455 4604 2651 4644 omnes
2688 4590 2825 4644 alios
2864 4591 3178 4653 mendaces,
3235 4604 3298 4644 ac
3352 4588 3618 4642 daamonis

2039 4680 2356 4744 ministros,
2378 4682 2471 4752 qui
2496 4691 2650 4751 pater
2667 4682 2872 4737 dicitur
2890 4683 3185 4745 mendacii,
3207 4697 3300 4735 seu
3324 4697 3388 4736 ex
3415 4679 3620 4736 Judasis

2038 4775 2172 4838 sint,
2198 4788 2293 4829 seu
2329 4790 2394 4828 ex
2427 4775 2704 4844 gentibus.
2735 4776 2890 4840 Quod
2922 4790 3052 4828 vero
3081 4775 3180 4836 ait,
3231 4773 3450 4838 Perdes,
3487 4789 3618 4841 grn-

2039 4865 2265 4918 vissima
2292 4879 2483 4918 eorum
2519 4874 2790 4919 tormenta
2819 4865 3120 4919 denotavit.
3163 4862 3252 4919 Vel
3288 4863 3542 4918 fortassis
3566 4862 3616 4917 id

2041 4968 2072 5008 a
2105 4954 2377 5025 Propheta
2401 4954 2614 5010 dictum
2643 4964 2750 5022 est,
2783 4965 2841 5010 ut
2865 4971 2960 5012 eos
2984 4957 3074 5026 qui
3100 4955 3363 5010 facilitate
3382 4954 3615 5025 quadam

2045 5047 2202 5116 proni
2235 5061 2299 5101 ac
2331 5047 2524 5104 labiles
2557 5057 2690 5104 sunt
2719 5049 2786 5103 ad
2843 5048 3154 5114 mendacia,
3196 5049 3300 5102 hoc
3339 5057 3496 5117 pacto
3526 5046 3622 5097 dc-

2041 5143 2298 5202 terreret,
2350 5142 2443 5206 qui
2477 5153 2589 5193 non
2619 5148 2832 5194 tantum
2865 5141 3077 5207 seipsos
3101 5120 3325 5204 laedunt,
3359 5138 3453 5192 scd
3481 5137 3620 5189 mul-

2040 5228 2114 5282 tis
2140 5228 2308 5284 etiam
2346 5231 2685 5300 perditionis
2717 5246 2887 5287 causa
2917 5232 3218 5288 exsistunt.

398 5379 443 5411 ⁸³
476 5378 633 5435 Psal.
665 5392 864 5443 sum,
894 5375 951 5431 2.
1013 5377 1058 5408 "
1087 5377 1230 5434 Psal.
1261 5393 1443 5445 csttv,
1486 5379 1576 5435 18.
1660 5380 1706 5412 ”
1732 5379 1880 5436 Psal.
1911 5395 2136 5448 uxstv,
2166 5384 2254 5439 10.

1686 5526 1886 5588 Variae
1916 5527 2250 5595 lectiones.

384 5678 506 5744 (27)
532 5675 687 5750 ϐοαί.
727 5673 954 5750 ξαυτόν,
981 5673 1263 5750 ρεὶριιιηις
1300 5673 1394 5730 sed
1438 5675 1659 5736 melius,
1684 5677 1904 5750 Opinor,

2033 5677 2196 5742 ιτούς,
2223 5686 2284 5734 ut
2319 5679 2451 5750 legit
2488 5679 2714 5734 Latinus
2743 5679 3037 5750 interpres.

379 5751 529 5821 (27')
575 5745 858 5815 Quinituo
896 5753 950 5802 et

981 5741 1210 5802 Latinus
1238 5748 1511 5818 interpres
1541 5741 1830 5815 utramque
1851 5741 2163 5806 dictionem
2186 5741 2400 5820 passiui
2421 5765 2521 5821 pro
2544 5750 2725 5816 iniquo
2753 5741 2996 5816 exponit.
