4146 6438
508 303 616 371 133
1745 303 2133 364 summu
2160 306 2528 391 ZIGABENI
3664 301 3765 371 int

573 410 742 472 Vens.
776 415 831 472 8.
877 413 1061 469 Virum
1086 415 1407 487 sanguinum
1439 423 1488 470 et
1514 415 1764 470 dolosam
1799 416 2079 471 abomina-

2259 422 2323 474 Ἀ
2336 420 2484 487 νδρα
2533 418 2795 489 αἱμάτων
2826 421 2924 475 καί
2971 420 3181 477 δόλιον
3205 421 3621 486 ,ϐδελύσσεται
3651 425 3766 478 Κύ-

503 511 649 567 bitur
676 511 952 565 Dominus.
980 508 1119 565 Vide
1142 508 1423 580 quomodo
1466 506 1801 563 interfectori
1829 508 2082 562 dolosum

2195 528 2330 574 οιος.
2371 512 2512 581 Ὅρα
2544 511 2660 576 πῶς
2696 514 2775 581 τῷ
2809 517 2979 579 φωνεῖ
3021 515 3114 567 τὸν
3143 514 3362 585 δολερὸν
3392 514 3725 585 προσέταξε)
3747 532 3763 547 ο

504 603 815 674 conjunxit.
844 601 979 657 Nam
1004 601 1098 672 qui
1128 602 1354 670 decipit,
1395 609 1450 655 et
1478 600 1532 654 in
1575 599 1820 670 pericula
1847 599 2082 668 aliquem

502 694 754 764 conjicit,
788 694 1044 749 occidere
1078 693 1244 747 etiam
1278 691 1516 747 videtur.

575 786 688 856 Ego
729 796 907 839 autent
938 787 989 839 iu
1024 784 1367 839 multitudine
1412 784 1793 838 misericordiae
1845 792 1949 837 tua:
2000 784 2086 836 iu-

505 879 751 934 troiboiu
781 881 1000 932 domum
1046 887 1215 933 tuam.
1254 877 1387 947 Ego,
1445 877 1646 946 inquit,
1719 875 1960 930 Ecclesia
2016 876 2087 931 ob

504 986 779 1024 summam
841 969 1279 1025 misericordiam
1318 976 1467 1022 tuam
1525 969 1593 1020 ab
1622 968 1908 1021 erroribus
1961 967 2086 1021 libe-

502 1068 647 1124 rata,
700 1060 754 1113 in
820 1058 1042 1114 domum
1107 1069 1282 1126 tuam,
1337 1074 1502 1128 quam
1550 1060 1677 1113 olim
1711 1058 2088 1128 imprudenter

504 1152 890 1217 destruebant,
945 1150 1254 1221 ingrediar.
1324 1149 1422 1206 Vel
1481 1151 1691 1204 aliter:
1730 1148 1973 1203 Introibo
2031 1149 2088 1202 iu

505 1244 720 1298 domum
769 1252 937 1308 tuam,
991 1245 1155 1314 digna
1212 1243 1471 1297 nimirum
1525 1242 1720 1297 ellecta
1771 1241 2086 1311 huiusmodi

510 1335 712 1389 ﬁducia
744 1334 889 1403 apud
925 1343 998 1399 te,
1027 1350 1135 1389 non
1164 1334 1235 1389 ob
1258 1350 1407 1390 meas
1438 1336 1694 1398 virtutes,
1727 1336 1820 1388 sed
1850 1334 1919 1386 ob
1937 1341 2085 1385 tuam

507 1433 717 1479 tantum
747 1425 1206 1481 misericordiam.
1235 1424 1429 1494 Aliqui
1450 1440 1546 1494 per
1573 1423 1795 1478 domum
1824 1422 1916 1476 Dei
1951 1437 2083 1476 cou-

504 1519 876 1574 versationem
918 1532 982 1572 ac
1013 1518 1179 1571 vitam
1205 1516 1516 1582 intelligunt
1548 1514 1749 1569 virtute
1778 1514 2083 1583 praeditam.

504 1610 829 1682 Ili-quiescit
862 1611 1009 1664 enim
1066 1608 1211 1663 Deus
1268 1617 1436 1676 atque
1485 1606 1698 1660 habitat
1750 1605 1805 1658 in
1865 1605 1935 1660 iis
1994 1604 2085 1674 qui

505 1701 742 1754 virtutes
803 1708 1110 1761 sectantur,
1165 1695 1632 1766 quemadmodum
1680 1698 1735 1748 in
1794 1694 2086 1764 Evangelia

504 1793 579 1846 ait
616 1808 629 1844 :
667 1791 774 1859 Ego
803 1798 852 1842 et
885 1788 1051 1842 Pater
1088 1788 1156 1842 ad
1185 1805 1302 1843 eum
1334 1788 1619 1854 veniemus,
1673 1796 1721 1841 et
1760 1789 2085 1840 mansionem

503 1885 643 1953 apud
664 1900 780 1938 eum
812 1882 1072 1951 faciemus
1104 1883 1171 1936 “.

573 1976 823 2031 Adorabo
851 1974 920 2028 ad
944 1974 1195 2043 templum
1225 1984 1467 2029 sanctum
1508 1984 1657 2029 tuum
1688 1976 1742 2028 in
1764 1976 1953 2029 timore
1976 1984 2078 2031 tuo.

503 2068 788 2136 Ingressa,
816 2068 1021 2136 inquit,
1054 2067 1222 2121 multa
1255 2082 1382 2122 cum
1414 2068 1720 2122 reverentia
1760 2068 1999 2121 adorabo
2033 2068 2086 2119 iu

507 2160 728 2214 timore.
775 2157 1066 2228 Templum
1092 2173 1223 2214 vero
1250 2166 1350 2213 aut
1380 2169 1660 2214 terrenum
1692 2159 1794 2214 hoc
1823 2160 2087 2231 intelligo,

507 2258 604 2304 aut
652 2251 878 2305 cmleste
908 2250 963 2303 in
997 2265 1109 2320 quo
1166 2250 1464 2306 adoratura
1509 2261 1615 2306 est.
1654 2249 1860 2305 Gentes
1892 2251 2094 2319 quippe

507 2340 740 2397 deorum
773 2358 1001 2398 suorum
1044 2342 1294 2398 delubris
1329 2343 1762 2413 intemperanter
1782 2343 2093 2397 abuteban-

505 2441 620 2499 tur,
650 2442 817 2503 atque
842 2433 1161 2490 inhoneste.
1195 2433 1331 2490 Cum
1353 2443 1537 2489 autem
1563 2435 1828 2489 hactenus
1849 2433 2091 2488 Ecclesia

504 2525 767 2580 vitiorum
796 2541 1023 2596 genera,
1057 2541 1183 2597 quae
1206 2526 1651 2597 adpropositum
1679 2540 1708 2578 a
1729 2541 1789 2580 se
1815 2535 2091 2595 sumptum

508 2618 884 2688 pertinebant,
941 2619 1250 2675 narraverit
1302 2634 1401 2690 per
1459 2619 1669 2689 capita,
1743 2634 1918 2688 eaque
1979 2617 2090 2673 Deo

506 2722 635 2765 esse
665 2708 973 2765 ostenderit
1007 2709 1422 2777 abominabilia,
1458 2726 1605 2765 nunc
1646 2709 1714 2764 ad
1738 2696 1975 2781 seipsam
2004 2725 2090 2765 re-

508 2800 767 2865 vertitur,
806 2816 871 2855 ac
908 2801 1202 2871 pollicetur
1255 2816 1382 2856 vere
1416 2817 1474 2857 se
1508 2811 1675 2870 atque
1734 2802 1994 2871 ingenue,
2038 2807 2095 2856 et

508 2906 620 2946 non
657 2894 808 2963 pigre
846 2894 1030 2949 divino
1085 2893 1262 2949 cultui
1301 2894 1691 2948 iuservituram
1724 2911 1738 2948 :
1772 2908 1876 2949 nec
1911 2901 2093 2949 tamen

510 2982 562 3037 id
599 2984 727 3038 dicit
766 2985 936 3041 veluti
980 3001 1102 3056 quae
1135 3001 1232 3056 per
1269 2986 1508 3055 seipsam
1540 2985 1839 3054 iustiﬁcata
1872 2988 1969 3055 sit,
1999 2988 2096 3044 sed

2187 603 2415 656 ἀπατῶν
2453 604 2561 673 γὰρ
2581 645 2595 669 ,
2629 608 2725 660 καὶ
2754 605 2963 675 ῥίπτων
2994 607 3076 669 είς
3102 606 3368 671 κίνδυνον,
3406 607 3651 675 φονεύειν
3675 610 3767 661 6ο·-

2188 697 2293 749 κεῖ.

2272 786 2419 856 Ἐγὼ
2446 787 2515 841 δὲ
2541 787 2612 842 ἐν
2634 787 2713 851 τῷ
2744 790 2960 857 πλήθει
3005 790 3112 842 τοῦ
3141 789 3321 843 ἐλέου
3356 804 3478 843 σου
3498 792 3770 843 3108.1813-

2187 895 2369 947 σομαι
2399 880 2478 944 είς
2514 880 2622 931 τὸν
2647 875 2820 932 οἶκόν
2845 894 2983 932 σου.
3018 878 3163 945 Ἐγὼ
3204 879 3262 931 δὲ
3287 879 3375 931 διὰ
3407 878 3469 930 τὸ
3497 877 3631 931 πολύ
3670 895 3767 930 σου

2186 970 2335 1033 ἔλεος
2371 970 2751 1038 ἀπαλλαγεῖσα
2779 971 2877 1041 τῆς
2906 971 3138 1041 πλάνης,
3171 971 3550 1041 εἰσελεύσομαι
3572 973 3651 1033 είς
3675 973 3768 1026 τὸν

2187 1060 2339 1117 οἶκόν
2372 1080 2488 1129 σου,
2537 1062 2599 1118 ὃν
2642 1066 2773 1133 πρὶν
2825 1063 3078 1134 ἀφρόνως
3111 1065 3519 1118 κατέσκαπτον.
3554 1065 3625 1116 ’Ἡ
3675 1064 3771 1118 καὶ⁵

2188 1155 2364 1218 ἄλλως
2382 1172 2396 1186 θ
2429 1156 2868 1223 Εἱσελεύσομαι
2898 1158 2983 1221 εἰς
3017 1157 3122 1207 τὸν
3142 1152 3311 1209 οϊκόν
3334 1171 3477 1219 σου,
3501 1157 3601 1226 τῆς
3628 1158 3772 1226 παῤ.

2190 1246 2386 1316 ρησίας
2414 1246 2619 1315 ταύτης
2635 1246 2951 1310 ἀξιωθεῖσα,
2979 1247 3040 1299 οὐ
3076 1246 3164 1299 διὰ
3185 1247 3284 1316 τὴν
3312 1247 3521 1300 οἰκείαν
3539 1248 3768 1316 ἀρετὴν,

2187 1338 2324 1391 ἀλλά
2367 1338 2456 1392 διὰ
2512 1337 2573 1390 τὸ
2612 1338 2703 1391 σὸν
2744 1336 2906 1406 μόνον
2934 1336 3105 1400 ἔλεος.
3142 1337 3297 1400 Τινὲς
3321 1337 3377 1390 δὲ
3413 1326 3664 1405 λέγδυσιν
3686 1333 3768 1389 οἷ⁴

2189 1447 2284 1484 κον
2327 1426 2464 1481 Θεοῦ
2496 1428 2590 1481 καὶ
2614 1428 2712 1497 τὴν
2742 1428 2994 1498 ἐνάρετον
3019 1425 3161 1482 εἶναι
3189 1428 3489 1481 πολιτείαν.
3532 1428 3795 1487 Ἐπανα-.

2190 1521 2424 1574 παύεται
2452 1519 2563 1590 γὰρ
2597 1521 2690 1572 καὶ
2720 1522 2921 1573 ἐνοικεῖ
2953 1520 3083 1583 Θεὸς
3116 1522 3230 1583 τοῖς
3262 1518 3539 1588 μετιοῦσιν
3571 1518 3768 1589 αὐτὴν,

2189 1615 2262 1676 ὼς
2287 1615 2383 1666 καὶ
2407 1615 2464 1666 ἐν
2486 1615 2600 1676 τοῖς
2633 1612 2985 1681 Εὑαγγελίοις
3004 1607 3159 1666 εἶπεν
3194 1615 3221 1665 ὁ
3240 1612 3430 1682 Σωτὴρ
3452 1610 3769 1673 ἐλεύσεσθαι

2194 1704 2331 1773 μετά
2354 1701 2450 1755 τοῦ
2484 1703 2717 1772 Πατρὺς,
2746 1704 2842 1757 καὶ
2883 1702 3052 1773 μονὴν
3084 1701 3421 1774 ποιήσασθαι
3468 1700 3620 1771 παρὰ
3654 1701 3772 1762 τοῖς

2190 1813 2382 1860 αςιοις.

2264 1977 2682 2047 Προσκυνήσω
2716 1978 2867 2045 πρὸς
2886 1978 3038 2033 ναὸν
3073 1976 3182 2031 τὸν
3214 1976 3388 2046 ἅγιόν
3413 1991 3530 2030 σου
3555 1991 3625 2028 εν
3660 1975 3773 2044 φό-

2194 2075 2274 2138 ϐῳ
2306 2088 2444 2125 σου.
2490 2068 2823 2122 Εἰσελοοῦσα
2860 2069 2917 2122 δὲ
2970 2070 3110 2138 μετὰ
3160 2070 3341 2139 πάσης
3375 2066 3683 2129 εὐλαϐείας,
3714 2068 3773 2118 ὲν

2195 2164 2347 2234 φόϐῳ
2376 2165 2765 2234 προσκυνήσω,
2801 2163 2913 2215 εἴτε
2950 2162 3041 2217 τὸν
3067 2161 3311 2230 ἐπίγειόν
3344 2177 3437 2215 σου
3478 2160 3625 2224 ναὸν,
3662 2158 3774 2210 εἴτε

2191 2257 2281 2308 τὸν
2314 2255 2568 2326 ούράνιον
2594 2270 2608 2285 ·
2650 2254 2720 2306 τὰ
2761 2252 2870 2325 γὰρ
2916 2253 3046 2324 ἔθνη
3096 2253 3415 2315 ἀκολάστως
3462 2254 3577 2313 τοῖς
3626 2252 3778 2312 ναοῖς

2189 2346 2299 2398 τῶν
2354 2345 2495 2398 Θεῶν
2543 2344 2724 2397 αὐτῶν
2753 2341 3225 2414 ἐνασχημονοῦσι.
3263 2340 3406 2411 Πρὸς
3443 2340 3627 2410 μέντοι
3675 2338 3777 2405 τὴν

2193 2439 2328 2492 ἰδίαν
2359 2436 2620 2490 ὑπόθεσιν
2650 2437 2678 2490 δ
2713 2436 3010 2506 Προφήτης
3041 2433 3112 2487 τά
3150 2433 3264 2503 εῖδη
3300 2433 3398 2501 τῆς
3446 2430 3646 2493 κακίας
3681 2445 3774 2481 κε-

2193 2528 2664 2599 φαλαιωδέστερον
2688 2525 2952 2591 ἐπελθὼν,
2990 2525 3085 2579 καὶ⁸
3121 2524 3306 2591 δείξας
3337 2521 3599 2592 βδελυκτὰ
3629 2518 3772 2587 Θεῷ,

2192 2620 2329 2692 πρὸς
2354 2618 2548 2673 ἑαυτὸν
2600 2618 2871 2678 ἐπάνεισι,
2909 2616 3004 2669 καὶ
3032 2613 3319 2686 λατρεύειν
3369 2610 3777 2679 ἐπαγγέλλεται

2190 2713 2431 2784 γνησίως
2471 2713 2565 2766 καὶ
2597 2708 2917 2781 προθύμως,
2939 2710 3038 2778 οὐχ
3076 2707 3151 2771 ὡς
3177 2706 3621 2774 δεδικαιωμένος,
3641 2700 3778 2756 ἀλλά

2192 2805 2268 2868 ὡς
2302 2802 2623 2874 ἠλεημένος.
2658 2803 2719 2854 Ei
2768 2800 2863 2853 καὶ
2891 2803 2947 2853 ὲν
2984 2794 3064 2863 οἷς
3092 2797 3340 2867 καταϐοᾷ
3369 2795 3479 2850 τῶν
3512 2795 3777 2865 ἀμαρτω-

2193 2897 2323 2962 λῶν,
2401 2897 2497 2949 mi
2551 2895 2742 2949 ἑαυτὸν
2789 2892 3000 2961 είσάγει
3065 2891 3144 2963 τῷ
3230 2889 3359 2960 θείῳ
3417 2888 3550 2959 ναῷ,
3614 2886 3777 2939 τοῦτο

2196 2989 2436 3043 νοεῖσθαι
2462 2986 2670 3041 δίδωσι.

511 3090 775 3145 tauquam
836 3075 1275 3133 misericordiam
1339 3088 1639 3134 consecuta
1677 3080 1974 3150 :qnamvis
2008 3080 2358 3135 inclamaudo
2389 3081 2657 3135 adversus
2685 3074 3034 3150 peccatores,
3095 3083 3150 3131 et
3219 3074 3461 3145 seipsam
3528 3073 3583 3127 in
3635 3077 3799 3159 tetu-1

510 3168 661 3233 plum
695 3166 784 3222 Dei
816 3167 1151 3230 iuducendo,
1177 3167 1431 3223 videatur
1459 3168 1863 3238 quodammodo
1893 3170 2040 3225 aliud
2079 3170 2195 3241 (‘28)
2227 3171 2557 3242 signiﬁcare.

591 3261 758 3318 Vens.
789 3264 844 3319 9.
871 3262 1096 3318 Domine
1121 3265 1286 3320 deduc
1315 3281 1395 3319 me
1418 3267 1470 3319 in
1499 3265 1721 3335 justitia
1758 3276 1872 3319 tua.
1909 3263 2092 3320 Deduc

2266 3268 2465 3334 Κύριε,
2502 3264 2614 3333 όδή
2625 3267 2901 3335 made-ys
2929 3267 3000 3319 er
3016 3262 3092 3332 τῇ
3117 3262 3476 3329 δικαιοσύνῃ
3498 3259 3785 3316 0'01).st-

517 3372 627 3421 me,
658 3356 912 3424 Domine,
970 3372 1068 3427 per
1122 3374 1348 3414 manum
1408 3357 1534 3414 Filii
1584 3360 1703 3415 tui:
1743 3359 1859 3428 qui,
1910 3368 1972 3414 ut
2020 3358 2097 3415 ait

511 3448 836 3516 Αςιλδωιιιε,
897 3448 1114 3519 iustitia
1171 3456 1282 3514 est,
1337 3457 1392 3504 et
1446 3450 1842 3514 sanctiﬁcatio,
1906 3458 1962 3503 et
2012 3464 2096 3504 re-

510 3539 757 3610 demptio
796 3541 842 3571 “
874 3556 890 3594 :
925 3541 1010 3595 vel
1042 3541 1099 3594 iu
1136 3541 1254 3611 lege
1290 3548 1385 3595 tua
1427 3556 1550 3611 qua:
1582 3549 1671 3597 est
1716 3542 1956 3595 humana
2000 3540 2095 3609 ju-

513 3632 688 3686 Stitia.

585 3722 814 3792 Propter
846 3722 1088 3778 inimicos
1142 3739 1284 3779 meos
1340 3722 1512 3794 dirige
1569 3724 1622 3777 in
1672 3741 1951 3794 conspectu
2008 3735 2096 3778 tuo

513 3817 654 3870 ciant
691 3831 886 3869 meum.
912 3816 1153 3885 Propter
1187 3816 1435 3871 visibiles
1481 3815 1735 3872 inimicos
1773 3833 1951 3882 meos,
1999 3818 2096 3888 qui

517 3909 572 3963 in
604 3909 820 3963 semitis
852 3908 990 3963 meis
1014 3907 1277 3962 scandala
1308 3908 1609 3972 seminant,
1638 3917 1692 3963 et
1726 3909 1953 3979 laqueos
1977 3917 2097 3963 ten-

516 4003 679 4066 dunt,
707 4000 965 4069 explana,
999 4014 1211 4069 quaso,
1238 3998 1491 4066 Domine,
1523 4001 1666 4054 viam
1690 4016 1866 4055 meam
1899 4001 1967 4056 ad
1999 4008 2051 4056 te
2079 4018 2095 4059 :

515 4092 592 4145 ita
634 4093 779 4146 enim
815 4090 1184 4161 Symmachus
1226 4090 1488 4148 reddidit.
1527 4090 1651 4159 Vel,
1690 4092 1872 4162 Dirige
1898 4109 1999 4160 me,
2029 4108 2099 4149 ne

515 4184 785 4240 declinem
818 4182 887 4238 ad
918 4183 1169 4237 dextram
1198 4170 1294 4238 aut
1320 4183 1600 4239 sinistram
1636 4196 1861 4254 propter
1903 4185 2097 4239 inimi-

514 4291 613 4330 cos
630 4289 803 4340 meos,
821 4275 915 4345 qui
938 4275 1175 4331 latenter
1195 4276 1250 4330 in
1275 4275 1491 4330 insidiis
1511 4291 1597 4331 me
1615 4276 1930 4331 observant.
1952 4275 2096 4330 Con-

515 4384 714 4437 grucre
742 4369 906 4422 etiam
951 4376 1184 4437 possunt
1215 4367 1331 4423 haec
1375 4369 1541 4423 verba
1578 4369 1681 4439 ipsi
1713 4370 1873 4425 beato
1904 4367 2093 4422 David.

591 4461 756 4517 Vens.
789 4462 877 4515 10.
912 4459 1178 4526 Quoniam
1217 4476 1320 4515 uon
1357 4471 1436 4516 est
1471 4462 1523 4515 in
1554 4478 1644 4516 ore
1672 4478 1850 4516 eorum
1881 4461 2095 4525 veritas,

517 4569 608 4605 cor
633 4568 814 4604 eorum
846 4568 1039 4607 nanum
1083 4562 1184 4607 est.
1244 4553 1312 4608 Et
1368 4557 1711 4610 mentiuntur
1765 4555 1989 4610 assidue
2038 4561 2099 4608 ut

2200 3359 2526 3431 ραγώγησόν
2553 3375 2646 3429 με,
2676 3358 2765 3411 διὰ
2792 3357 2885 3411 τοῦ
2909 3356 3042 3410 Υίοῦ
3071 3373 3188 3421 σου,
3210 3356 3270 3419 ὃς
3290 3356 3404 3408 ἐστι
3435 3351 3781 3421 δικαιοσύνη,

2199 3452 2294 3507 καὶ
2320 3451 2615 3521 ἁγιασμὸς,
2648 3451 2743 3503 καὶ
2772 3448 3174 3521 ἀπολύτρωσις,
3209 3447 3351 3501 κατὰ
3382 3446 3472 3500 τὸν
3518 3444 3781 3497 Ἀπόσιτο-

2198 3545 2310 3598 λον.
2345 3543 2453 3596 Καὶ
2505 3544 2562 3595 ὲν
2592 3541 2670 3612 τῷ
2729 3540 2808 3612 σῷ
2832 3541 3013 3610 νόμῳ·
3054 3538 3173 3592 ἐστι
3226 3537 3336 3606 γὰρ
3372 3537 3422 3606 η
3458 3533 3780 3603 ἀνθρωπίνη

2197 3641 2536 3712 δικαιοσύνη.
3801 3704 3807 3713 ι

2271 3736 2494 3789 Ἕνεκα
2524 3732 2643 3805 τῷν
2676 3730 2908 3801 ἐχθρῶν
2936 3747 3083 3800 μου.
3114 3727 3491 3782 κατεύθυνον
3521 3722 3782 3779 ἐνώπιόν

2197 3841 2316 3880 σου
2340 3823 2454 3893 τὴν
2481 3823 2627 3878 ὀδόν
2640 3840 2783 3888 μου.
2815 3820 2915 3873 Διὰ
2940 3819 3070 3883 τοὺς
3100 3817 3333 3890 ὁρατοὺς
3379 3815 3476 3870 καὶ
3512 3813 3784 3885 ἀοράτους

2199 3917 2428 3989 ἐχθρούς
2458 3910 2581 3987 μου,
2612 3914 2738 3976 τοὺς
2769 3910 3242 3989 κατασπείροντας
3272 3910 3331 3963 ἐν
3368 3908 3444 3977 ,τῇ
3469 3907 3644 3976 τρίϐῳ
3675 3920 3781 3975 μου

2200 4008 2475 4064 σκάνδαλα
2503 4006 2596 4060 καὶ
2627 3990 2831 4073 πάγας,
2862 4003 3202 4074 ἐξομάλησον
3225 4002 3326 4072 τὴν
3364 4000 3484 4054 ὀδόν
3516 4015 3617 4069 μου
3643 3998 3785 4067 πρὸς

2201 4104 2261 4157 σέ
2285 4119 2299 4133 ο
2328 4100 2473 4156 οὓτω
2507 4100 2620 4169 γὰρ
2667 4098 2696 4150 ὁ
2728 4097 3025 4167 Σύμμαχος
3054 4096 3117 4148 τὸ
3168 4094 3554 4149 Κατεύθυνον
3594 4089 3786 4160 ἡρμή-

2199 4188 2495 4243 νευσεν.ἺΙ
2517 4187 2657 4240 ὥστε
2687 4185 2762 4256 μὴ
2792 4184 3060 4240 ἐκκλίνειν
3087 4183 3180 4239 ἐπὶ
3195 4182 3391 4253 δεξιάῆ
3413 4182 3499 4235 ἐπ’
3516 4184 3703 4250 ἀριστε
3714 4178 3786 4247 pi

2198 4279 2287 4333 διὰ
2310 4278 2436 4341 τοὺς
2468 4275 2843 4346 ἐνεδρεύοντας
2862 4274 3201 4348 ἐπιϐούλους.
3239 4274 3501 4345 Ἀρμόζει
3526 4272 3582 4326 δὲ
3608 4267 3786 4325 ταῦτα

2199 4369 2293 4423 καὶ
2320 4368 2399 4439 τῷ
2427 4368 2612 4423 Δαϐίδ.

2274 4461 2405 4514 Ὀτι
2433 4463 2544 4514 οὐκ
2576 4460 2752 4515 ἐστιν
2781 4462 2853 4514 ἐν
2880 4459 2961 4526 τῷ
2999 4448 3251 4529 στόματι
3289 4457 3491 4514 αὐτῶν
3508 4457 3783 4522 ἀλήθεια,

2201 4549 2299 4603 καὶ
2331 4550 2370 4617 ἠ
2401 4534 2619 4618 καρδία
2665 4547 2864 4606 αὐτῶν
2899 4550 3144 4619 ματαία.
3180 4549 3481 4602 Ψεύδονται
3526 4549 3657 4617 γὰρ,
3708 4547 3787 4609 ὡς

518 4642 740 4698 fallaces
778 4661 793 4698 :
831 4651 886 4698 et
916 4643 1133 4699 inutilia
1166 4660 1381 4715 semper
1435 4660 1500 4700 ac
1554 4660 1696 4700 vana
1752 4646 2000 4716 cogitant
2038 4656 2092 4700 ut

2205 4641 2541 4708 ἀπατεῶνες,
2572 4643 2663 4696 καὶ
2691 4632 2929 4713 ἀνόνητα
2964 4641 3284 4713 μελετῶσιν,
3317 4641 3394 4705 ὡς
3424 4640 3675 4711 πονηροί.

520 4733 770 4817 maligni.

590 4810 759 4881 Vens.
794 4827 882 4882 ll.
938 4828 1255 4899 Sepulcrum
1311 4812 1494 4900 patens
1549 4842 1627 4886 est
1676 4841 1859 4901 guttur
1894 4804 2114 4887 eorum;

520 4917 750 4990 Propter
780 4931 998 4977 mortua
1026 4922 1247 4977 illorum
1279 4924 1539 4993 dogmata
1584 4924 1692 4978 hoc
1729 4924 1890 4988 dicit,
1939 4933 1990 4979 et
2028 4924 2100 4979 ob

520 5011 740 5079 putidas
772 5012 1160 5070 haereticorum
1197 5016 1587 5086 blasphemiae,
1615 5024 1671 5070 ct
1701 5016 1990 5072 inhonesta
2014 5016 2101 5070 iu-

519 5104 902 5170 tempcrantia:
925 5105 1114 5159 verba.
1149 5104 1243 5159 Vel
1275 5105 1437 5174 juxta
1467 5105 1778 5169 historiam,
1809 5106 1881 5160 ob
1911 5114 2098 5175 turpes

517 5195 909 5259 contumelias,
944 5205 1016 5271 et
1065 5197 1138 5251 ob
1166 5197 1373 5268 jurgia,
1439 5214 1562 5269 quae
1613 5199 1666 5254 iu
1718 5197 1891 5253 David
1951 5198 2111 5263 dicta,

519 5283 677 5341 fuere
711 5287 780 5342 ab
806 5288 1068 5342 inimicis.
1095 5286 1369 5359 [Quorum
1400 5299 1613 5361 guttur,
1631 5305 1739 5345 non
1760 5297 1914 5343 tecta:
1937 5295 2101 5358 atque

519 5390 726 5448 opertae
756 5382 1050 5452 sepultura:
1082 5381 1444 5450 comparavit,
1505 5381 1601 5437 sed
1644 5390 1847 5451 apertae
1922 5394 1987 5435 ac
2043 5378 2275 5450 patenti,

2222 4882 2227 4889 ,
2284 4826 2476 4896 Τάφος
2536 4808 2933 4894 ἀνεῳάθμένος,
2971 4826 3004 4877 ό
3054 4822 3291 4891 λάρυγξ
3317 4819 3539 4875 αὐτῶν.
3587 4816 3783 4882 Τοῦτο,

2204 4918 2293 4973 διὰ
2316 4918 2386 4972 τὰ
2412 4917 2585 4986 νεκρὰ
2630 4916 2876 4986 δόγματα
2902 4916 2999 4967 καὶ
3023 4915 3120 4977 τὰς
3149 4912 3406 4975 δυσώδεις
3430 4910 3785 4981 βλασφημίας

2206 5013 2316 5064 τῶν
2358 5008 2673 5080 αἱρετικῶν,
2736 5007 2769 5077 ἢ
2802 5007 2898 5060 καὶ
2925 5005 2992 5059 τὰ
3039 5004 3293 5074 μυδῶντα
3339 5003 3439 5073 τῆς
3478 5001 3786 5064 ’ἀκολασίας

2211 5103 2452 5172 ῥήματα,
2484 5100 2517 5169 ἦ
2558 5099 2652 5151 καὶ
2702 5099 2803 5161 τὰς
2826 5096 2970 5150 κατά
3000 5096 3096 5149 τοῦ
3121 5095 3285 5151 Δαϐὶδ
3313 5094 3542 5165 αἰσχρὰς
3577 5093 3787 5164 ὕϐρεις.

2211 5194 2285 5246 Οὐ
2317 5193 2426 5262 γάρ
2472 5191 2893 5270 κεκαλυμμένος
2934 5190 3115 5244 ἐστίν·
3166 5188 3310 5243 οὕτω
3336 5187 3445 5258 γὰρ
3483 5184 3594 5259 (29)
3619 5186 3792 5256 αὐτὴν

2208 5286 2508 5355 δυσοσμίαν
2539 5286 2864 5355 συνέκρυϐε.

2354 5380 2672 5447 terramque
2712 5378 2937 5432 odorem
3001 5373 3319 5448 emittenti.]
3345 5374 3480 5432 Nam
3542 5373 3591 5432 si
3632 5387 3791 5444 oper-

523 5481 637 5526 tum
681 5484 830 5528 esset
866 5474 1209 5545 sepulcrum,
1247 5473 1634 5531 immunditias
1671 5488 1866 5530 omnes
1893 5482 1949 5530 et
1968 5487 2189 5544 gravem
2220 5470 2374 5525 illum
2406 5468 2666 5542 spiritqu
2699 5469 2923 5526 celaret.

597 5589 643 5623 “
689 5589 850 5646 Juan.
882 5608 997 5656 xlv,
1031 5594 1122 5648 23.
1181 5593 1226 5625 ⁸⁸
1260 5592 1280 5647 1
1308 5593 1434 5649 Cor.
1466 5610 1503 5661 ι,
1544 5593 1634 5650 50.

1859 5657 2059 5722 Variae
2084 5657 2418 5721 lectiones.

595 5760 708 5834 (28)
735 5759 920 5819 Graece
946 5763 1125 5829 τοῦτο,
1155 5764 1271 5820 hoc.

2292 5758 2410 5832 (29}
2441 5756 2767 5815 Addendum
2800 5767 2933 5830 puto
2968 5760 3057 5816 ἄν.
