4146 6426
421 360 524 427 ὶῦὂ

1604 355 1998 419 COMMENT.
2032 352 2113 414 ΙΝ
2166 350 2531 416 PSALMOS.

3596 351 3695 420 106

493 470 633 537 Ταῖς
664 470 985 540 γλώσσαις
1032 470 1230 524 αὐτῶν
1282 470 1668 527 ἐδολιοῦσαν.
1705 470 1772 525 Εἴ
1797 487 1882 534 τις
1912 469 2014 537 μὲν

2188 463 2409 534 Linguis
2440 465 2552 517 suis
2584 463 2764 518 dolose
2788 462 3035 535 agebant.
3092 462 3271 518 Dolosr
3326 477 3517 519 omnes
3548 483 3698 519 mcu-

418 561 616 625 δόλιος,
645 555 803 623 οὗτος
832 562 927 614 καὶ
956 561 1218 630 ψεύστης·
1252 562 1351 615 οὐκ
1374 562 1428 614 εἴ
1452 563 1606 627 τιςδὲ
1636 562 1899 634 ψεύστης,
1920 556 2013 616 οὗ·

418 670 514 713 τος
538 654 634 705 καὶ
665 652 864 714 δόλιος.
916 652 979 706 Ἦ
1024 654 1133 721 γὰρ
1158 652 1249 705 τοῦ
1277 653 1452 706 δολίου
1479 654 1813 723 κακουργία,
1848 653 2011 724 χαλε-

420 738 668 811 πωτέρα.
687 739 852 807 Λέγει
885 741 1066 795 τοίνυν
1097 742 1179 793 ὅτι
1221 741 1551 808 Ἐπιϐούλως
1574 743 1694 798 κατ’
1724 742 1860 813 ἐμοῦ
1886 760 2011 797 συν-

420 832 724 901 εμιλέτων,
762 830 861 885 καὶ
886 833 1334 889 συνεσκέπτοντο.

497 948 726 1017 Κρῖνον
756 947 1006 1013 αὐτοὺς,
1033 950 1067 1001 d
1114 947 1279 1015 Θεός.
1328 947 1573 1003 Τοιαῦτα
1601 948 2010 1018 ἐργαζομένους

423 1044 754 1107 κατακρινε,
784 1040 814 1092 ὀ
844 1036 1022 1107 μισῶν
1068 1038 1277 1100 πάντας
1315 1034 1593 1100 τοιούτους
1624 1035 1701 1101 ὡς
1731 1038 1845 1107 (50)
1878 1054 2014 1108 προ-

422 1128 727 1197 εδήλωσεν.

513 1237 1022 1293 Ἀποπεσάτωσαν
1069 1238 1187 1293 ἀπὸ
1226 1237 1347 1292 τῶν
1387 1239 1749 1294 orabam/Itan»
1790 1238 2008 1295 αὐτῶν.

435 1332 860 1401 ’Δστοχητωσαν
909 1330 1018 1383 τῶν
1054 1330 1457 1402 βουλευμάτων.

497 1447 664 1498 Κατὰ
698 1443 764 1498 τὸ
792 1443 1027 1511 πλῆθος
1056 1442 1174 1496 τῶν
1204 1442 1496 1498 ἀσεϐειῶν
1524 1444 1722 1498 αυτῶν
1776 1444 2014 1508 ἕεωσον

418 1537 675 1600 αὐτούς.
715 1536 811 1589 Διὰ
832 1535 927 1606 τὴν
950 1535 1206 1590 ἀσέϐειαν
1233 1536 1414 1589 αὐτῶν
1445 1536 1727 1601 Ἔξωσον
1756 1538 2007 1602 αὐτούς·

418 1628 486 1682 ού
526 1628 642 1699 γὰρ
663 1627 864 1698 τιμῶσι
889 1644 949 1680 σε
970 1642 985 1656 ·
1014 1628 1107 1682 καὶ
1139 1630 1215 1698 μὴ
1243 1629 1310 1683 δι’
1332 1629 1455 1700 ἐμὲ,
1492 1632 1540 1684 εἰ
1566 1631 1659 1684 καὶ
1690 1630 1781 1693 σὸς
1812 1632 2015 1701 κλῆρος

419 1720 558 1788 ἐγώ.
608 1722 676 1773 ’Ἡ
713 1721 808 1773 καὶ
860 1721 1076 1785 ἄλλωςο
1132 1722 1258 1776 ὅσον
1306 1724 1445 1777 εἰσὶν
1488 1723 1727 1791 ἀσεϐεῖς,
1759 1722 2016 1777 τοσοῦτον

2122 555 2290 611 daces
2315 563 2469 619 sunt,
2505 570 2614 609 non
2648 555 2964 625 quicunque
3000 554 3232 610 ineunda:
3255 556 3421 611 etiam
3448 556 3698 612 dolosus.

2127 646 2245 702 Doli
2317 647 2523 701 etenim
2587 646 2779 700 vitium
2838 661 3136 717 perversus
3200 656 3305 702 est.
3361 648 3453 703 Ait
3509 648 3697 719 igitur,

2124 740 2270 809 quod
2302 738 2534 794 insidias
2560 748 2615 795 et
2643 737 2802 793 dolos
2838 753 2941 793 una
2973 741 3244 795 adversus
3273 755 3392 794 eam
3440 748 3701 796 contexe-

2124 830 2279 885 hant.

2192 944 2390 999 Judica
2424 944 2573 1011 illos,
2608 944 2775 999 Deus.
2831 943 2937 1009 Tu,
2994 946 3190 1015 inquit,
3249 946 3343 1015 qui
3384 944 3702 1015 huiusmodi

2124 1037 2398 1099 homines,
2429 1052 2494 1090 ac
2522 1037 2651 1090 talia
2688 1046 2980 1107 operantes
3002 1037 3192 1103 odisti,
3226 1048 3284 1093 ut
3311 1052 3477 1107 supra
3515 1046 3703 1093 osten-

2121 1127 2280 1193 disti,
2311 1142 2407 1183 eos
2433 1128 2599 1183 etiam
2630 1128 2957 1184 condemno.

2193 1240 2454 1296 Decidant
2488 1258 2520 1295 a
2546 1240 2955 1312 cogitationibus
2984 1243 3117 1297 suis.
3156 1236 3269 1300 Hoc
3298 1251 3383 1299 est
3433 1243 3705 1299 frustren-

2125 1342 2212 1388 tur
2242 1335 2481 1405 propriis
2512 1334 2784 1390 consiliis.

2195 1448 2497 1503 Secundum
2552 1447 2946 1502 multitudinem
3007 1449 3336 1518 impietatum
3384 1466 3564 1503 eorum
3612 1463 3703 1503 ex-

2123 1538 2256 1607 pelle
2281 1556 2391 1594 eos.
2430 1538 2662 1608 Propter
2694 1539 2917 1594 illorum
2975 1540 3312 1609 impietatem
3347 1555 3463 1606 eos,
3504 1541 3702 1610 inquit,

2126 1631 2369 1702 Expelle,
2397 1632 2527 1702 quia
2556 1639 2609 1685 te
2630 1646 2741 1686 non
2773 1641 3129 1687 venerantur.
3181 1632 3370 1704 Neque
3401 1634 3544 1688 enim
3570 1648 3703 1703 pro.

2125 1732 2247 1795 pter
2274 1739 2359 1778 me
2380 1723 2434 1778 id
2468 1723 2757 1793 expostulo
2793 1742 2806 1777 :
2842 1724 3056 1779 tametsi
3085 1720 3355 1794 alioquin,
3389 1741 3510 1781 sors
3539 1735 3704 1795 atque

423 1814 632 1885 πόρρω
660 1814 760 1885 τῆς
797 1814 902 1885 βῆς
945 1816 1235 1885 εὐμενείας
1286 1814 1738 1887 ἅπελαθήτωσαν.
1786 1818 2017 1886 Ἀσεὸὴς

2126 1814 2417 1870 Ιιωτεάἱῑοε
2443 1821 2531 1867 tua
2554 1828 2655 1884 ego
2682 1827 2827 1869 sum.
2852 1810 2951 1868 Vel
2975 1814 3171 1869 aliter:
3199 1813 3418 1880 Quanto
3449 1815 3526 1870 illi
3548 1815 3704 1886 impii

416 1904 502 1969 δὲ,
536 1906 601 1956 ού
634 1906 793 1974 μόνον
824 1907 852 1958 ὁ
868 1905 1050 1975 ἄθεος,
1076 1906 1212 1960 ἀλλὰ
1238 1906 1334 1960 καὶ
1359 1906 1387 1957 ὁ
1414 1906 1488 1976 μὴ
1514 1908 1901 1978 προσηκόντως
1922 1912 2013 1960 τὸν

418 1997 559 2050 Θεὸν
595 1999 906 2067 σεϐόμενος.

499 2304 619 2356 ’Ὁτι
651 2301 1107 2372 παρεπὼφανάν
1131 2317 1225 2369 σε,
1256 2304 1457 2372 Κύριε.
1490 2304 1565 2358 Οὐ
1596 2304 1751 2375 μέλει
1785 2322 1877 2376 μοι
1903 2307 2012 2375 γὰρ

437 2395 680 2449 τοσοῦτον
703 2395 847 2467 ὑπὲρ
875 2388 951 2449 ὧν
989 2395 1070 2459 εἰς
1103 2395 1203 2466 ἐμὲ
1231 2394 1498 2461 ποιοῦσιν,
1546 2395 1685 2450 ἀλλὰ
1730 2396 1877 2468 ὑπὲρ
1901 2397 2013 2451 τῶν

436 2486 539 2539 σῶν
587 2485 745 2555 ἀλγῶ
767 2502 781 2517 ο
818 2484 1242 2559 παρεπίκραναν
1267 2486 1376 2558 γάρ
1426 2503 1510 2549 σε,
1538 2486 1627 2540 διὰ
1666 2487 1737 2541 τὰ
1766 2490 2013 2561 προρρη-

427 2577 591 2632 θέντα
629 2577 837 2632 τούτων
890 2576 1323 2648 ἐπιτηδεύματα.
1364 2577 1575 2641 Ἄλλως
1612 2595 1693 2631 τε·
1730 2580 1840 2633 Καὶ
1888 2582 2013 2652 ἐμοὶ

428 2671 816 2742 πολεμοῦντες,
852 2672 949 2734 τὰς
1002 2670 1103 2734 σὰς
1159 2670 1378 2733 ἐντολὰς
1426 2669 1772 2739 φυλάττοντι,
1817 2672 1878 2726 σὲ
1923 2674 2013 2728 τὺν

424 2764 560 2833 ιμδν
596 2763 877 2835 Δεσπότην
901 2764 1427 2837 παραπικραίνουσι.

495 2966 609 3022 Kal
632 2966 1147 3035 εὐφρανθήτωσαν
1173 2967 1398 3035 πάντες
1426 2972 1481 3024 οὶ
1527 2969 1877 3034 ἐλπίζοντες
1914 2966 2014 3022 ἐπὶ

420 3058 523 3112 σέ.
559 3057 683 3110 Τῶν
713 3058 824 3111 σῶν
856 3057 966 3128 γὰρ
1014 3058 1228 3129 ἐχθρῶν
1277 3059 1620 3131 ἁνιωμένων,
1674 3060 1725 3113 οἱ
1768 3059 2015 3124 εὐσεϐεῖς

2124 1910 2298 1981 magis
2334 1920 2485 1975 sunt,
2515 1917 2670 1965 tanto
2703 1923 2733 1963 a
2765 1917 2855 1963 tua
2892 1907 3275 1963 benevolentia
3310 1910 3528 1980 longius
3562 1909 3704 1979 abji-

2119 2003 2363 2055 alantur.
2395 2002 2600 2071 Impius
2620 2014 2751 2056 vero
2776 2016 2886 2055 non
2917 2000 3009 2055 ille
3041 2009 3249 2054 tantum
3297 2011 3377 2058 est
3404 2003 3497 2073 qui
3532 2001 3702 2057 Deum

2120 2108 2230 2146 non
2257 2093 2411 2158 colit,
2450 2093 2545 2148 sed
2578 2102 2631 2147 et
2660 2094 2705 2149 is
2733 2092 2829 2162 qui
2866 2106 2976 2147 non
3009 2099 3068 2145 ut
3097 2092 3354 2162 congruit
3381 2109 3501 2147 eum
3535 2108 3704 2149 vene-

2119 2197 2292 2239 ratur.

2187 2300 2451 2365 Quoniam
2488 2302 2940 2357 exacerbaverunt
2977 2312 3049 2368 te,
3091 2303 3333 2357 Domine.
3389 2302 3506 2357 Non
3564 2302 3703 2356 adeo

2117 2393 2257 2448 mihi
2308 2408 2455 2448 cura:
2509 2402 2645 2448 sunt
2698 2406 2819 2465 qua:
2872 2394 3165 2450 adversum
3221 2410 3308 2449 me
3375 2403 3697 2465 operantur,

2115 2495 2378 2556 quantum
2411 2485 2572 2540 doleo
2592 2484 2664 2540 ob
2691 2501 2752 2541 ca
2783 2500 2903 2556 qua:
2936 2494 3129 2541 contra
3154 2494 3206 2542 te
3243 2495 3435 2558 agunt.
3463 2486 3699 2541 Exacer-

2116 2578 2319 2634 haruut
2343 2576 2492 2633 enim
2517 2586 2568 2633 te
2587 2579 2641 2633 in
2664 2577 2889 2646 studiis,
2912 2588 3075 2649 atque
3098 2578 3155 2633 in
3178 2578 3698 2635 conversationibus

2115 2674 2256 2740 suis,
2286 2688 2423 2743 quas
2454 2673 2713 2743 superius
2740 2678 3318 2732 commemoravimus.
3359 2674 3454 2731 Vel
3484 2676 3645 2731 aliter
3680 2690 3695 2725 :

2115 2762 2255 2829 Quia
2317 2766 2792 2820 cxacerbaverunt
2850 2774 2901 2819 te
2952 2763 3245 2820 Dominum
3291 2781 3499 2834 meum,
3566 2766 3698 2822 dum

2116 2854 2254 2910 mihi
2286 2857 2544 2911 mandata
2573 2864 2665 2911 tua
2689 2856 3008 2912 observanti
3042 2857 3257 2913 molesti
3291 2867 3439 2915 sunt.

2188 2967 2355 3025 Vsus.
2387 2968 2474 3025 12.
2522 2967 2589 3024 Et
2638 2976 2889 3025 twtentur
2938 2986 3116 3026 omnes
3153 2971 3244 3042 qui
3275 2982 3491 3041 sperant
3539 2972 3596 3024 in
3646 2980 3697 3025 te

2119 3060 2348 3128 Quoties
2372 3061 2585 3118 inimici
2618 3062 2715 3119 Dei
2754 3079 2992 3120 maerore
3026 3078 3089 3119 ac
3120 3064 3343 3121 tristitia
3367 3063 3699 3128 afﬁciuntur.

421 3144 731 3209 ἀντιθέτως
753 3144 1061 3214 χαίρουσιν,
1088 3147 1171 3200 ὅτι
1203 3148 1287 3202 σοὶ
1314 3149 1463 3220 μόνῳ
1484 3147 1838 3221 θαρροῦντες,
1860 3167 2011 3222 περι·

2124 3152 2310 3212 lldcles
2342 3168 2405 3210 ac
2440 3155 2512 3226 pii
2546 3156 2867 3226 quicunque
2898 3165 3027 3210 sunt
3061 3171 3127 3210 ex
3155 3155 3384 3212 adverso
3415 3155 3655 3226 gaudent
3684 3174 3699 3211 :

422 3235 676 3303 γίνονται
698 3236 808 3290 τῶν
835 3237 1109 3293 τοσούτων
1142 3240 1236 3294 καὶ
1256 3240 1614 3312 τηλικούτων.

506 3417 613 3483 Eii;
645 3423 832 3472 atwra
865 3418 1368 3488 ἁγαλλιὰσονται.
1403 3419 1551 3474 ’Λντὶ
1591 3419 1684 3475 τοῦ
1730 3421 2017 3492 διηνεκῶς,

423 3513 603 3580 ἐγγὺς
631 3511 719 3565 ἀεὶ
752 3511 851 3581 τὴν
882 3511 981 3581 σὴν
1014 3512 1364 3585 παράκλησιν
1389 3512 1630 3585 ἔχοντες.

500 3695 614 3750 Kal
642 3693 1134 3761 κατασκηνώσεις
1186 3696 1255 3749 ἐν
1286 3696 1515 3762 αὐτοῖς.
1561 3697 2021 3766 Ἐπαναπαυόμε-

427 3803 514 3840 vos
532 3788 601 3857 τῇ
638 3786 935 3857 ὡραιότητι
965 3786 1073 3840 τῶν
1095 3786 1281 3856 ψυχῶν
1310 3787 1512 3840 αὐτῶν.
1540 3788 1866 3855 Ἐνοικήσω
1891 3788 2020 3859 γὰρ,

428 3878 623 3946 φησὶν,
662 3876 732 3930 ἐν
755 3876 984 3941 αὐτοῖς,
1013 3877 1112 3931 καὶ
1145 3877 1631 3948 ἐμπεριπατήσω,
1668 3879 1767 3933 καὶ
1804 3880 2021 3949 ἔσομαι

425 3966 641 4024 αὐτῶν
669 3968 832 4036 Θεὸς,
865 3968 965 4023 καὶ
999 3969 1167 4024 αὐτοὶ
1193 3970 1442 4025 ἔσονταί
1464 3988 1570 4039 μοι
1590 3971 1761 4036 λαός.

508 4143 621 4197 Καὶ
645 4144 1059 4213 καυχήσονται
1099 4145 1168 4200 ἐν
1196 4146 1323 4214 σοι,
1354 4149 1409 4201 οἱ
1430 4147 1780 4217 ἀγαπῶντες
1804 4148 1869 4203 τὸ
1898 4150 2024 4204 ὄνο-

423 4231 520 4301 μά
547 4249 683 4287 σου.
712 4234 858 4287 Διὸτι
888 4235 1041 4306 μόνοι
1071 4236 1310 4306 συνῆκαν
1339 4237 1430 4289 τὸν
1462 4237 1715 4309 ἀληθινὸν
1740 4238 1896 4308 Θεὸν,
1926 4242 2022 4294 καὶ

429 4328 524 4386 εἰς
552 4325 745 4379 τοῦτον
771 4327 933 4397 μόνον
964 4327 1062 4391 τὰς
1090 4329 1311 4393 ἐλπίδας
1336 4330 1604 4385 ἐνέθεντο.
1632 4332 1744 4386 Καὶ
1765 4332 1941 4396 ἄλλως
1968 4333 2022 4386 δὲ

427 4423 481 4472 oi
517 4420 836 4491 Χριστιανοὶ
864 4421 1120 4475 τοσοῦτον
1153 4424 1415 4492 ἀγαπῶσι
1438 4424 1537 4494 τὴν
1564 4423 1716 4477 θείαν
1752 4422 1847 4477 τοῦ
1876 4425 2018 4495 Χρι-

2126 3246 2274 3317 quod
2303 3246 2424 3303 solo
2450 3246 2571 3302 freti
2614 3247 2742 3311 Deo,
2784 3254 2971 3302 tantos
3002 3260 3067 3302 ac
3100 3247 3239 3304 tales
3283 3258 3546 3318 superent
3591 3248 3702 3303 ini-

2126 3342 2322 3401 micos.
3728 3332 3733 3335 ⁷

2199 3432 2264 3486 In
2312 3433 2565 3488 steculum
2597 3432 2963 3488 exsultabant.
2992 3432 3105 3488 Hoc
3134 3442 3219 3489 est
3243 3448 3461 3503 semper
3491 3442 3544 3489 et
3576 3448 3702 3504 per-

2126 3532 2314 3596 petua,
2370 3541 2496 3580 cum
2558 3541 2729 3596 prope
2784 3535 2946 3596 atque
2997 3526 3221 3582 assidue
3271 3525 3701 3583 consolationem

2125 3628 2277 3674 tuam
2311 3620 2550 3675 habituri
2582 3621 2716 3675 sint.

2195 3710 2265 3765 Et
2304 3710 2572 3766 habitabis
2634 3714 2687 3767 in
2740 3713 2836 3767 eis.
2892 3711 3271 3783 Requiescens
3330 3712 3588 3767 nimirum
3645 3714 3701 3768 in

2125 3802 2538 3872 pulchritudine
2570 3804 2749 3873 latque
2796 3804 3067 3874 elegantia
3120 3804 3426 3859 animarum
3457 3819 3646 3859 eorum
3687 3821 3701 3856 :

2126 3890 2448 3946 lnhabitabo
2475 3893 2616 3947 enim
2643 3893 2795 3957 alibi,
2840 3894 3040 3963 inquit,
3094 3894 3147 3947 in
3201 3895 3297 3957 eis,
3345 3903 3395 3948 et
3459 3893 3703 3948 inambu-

2125 3983 2266 4047 labo,
2296 3992 2346 4037 et
2379 4000 2467 4038 ero
2507 3984 2728 4039 illorum
2767 3984 2933 4051 Deus,
2963 3995 3013 4039 et
3042 3986 3144 4054 ipsi
3184 3996 3338 4040 erunt
3373 3986 3503 4040 mihi
3536 4000 3688 4055 popu-

2126 4074 2208 4129 lus
2235 4076 2303 4130 “.

2202 4166 2490 4223 Vsus-.15.
2548 4172 2615 4223 Et
2675 4167 3052 4238 gloriabuntur
3098 4171 3152 4221 in
3211 4179 3280 4232 te,
3331 4173 3420 4239 qui
3473 4172 3703 4241 diligunt

2126 4274 2314 4312 nomen
2346 4267 2517 4312 tuum.
2551 4257 2689 4325 Quia
2726 4259 2936 4315 scilicet
2968 4260 3072 4330 ipsi
3118 4260 3221 4315 soli
3280 4260 3452 4315 Deum
3509 4278 3701 4318 verum

2127 4350 2543 4418 intellexerunt,
2578 4358 2744 4423 atque
2772 4352 2829 4407 in
2857 4352 2963 4408 hoc
2991 4353 3109 4408 solo
3156 4369 3308 4424 spem
3340 4369 3499 4409 suam
3532 4354 3704 4408 collo-

2127 4450 2346 4507 carunt,
2382 4441 2448 4497 Et
2482 4443 2645 4499 aliter
2694 4443 2998 4500 Christiani
3044 4445 3143 4500 viri
3198 4446 3444 4502 divinum
3492 4448 3702 4503 Christi

431 4512 567 4565 στοῦ
593 4512 805 4581 κλῆσιν,
835 4512 913 4576 ὡς
935 4512 1044 4567 ἀπὸ
1090 4514 1260 4585 μόνης
1286 4514 1494 4586 ταύτης
1527 4514 1703 4570 θέλειν
1752 4516 2017 4586 γνωρίζε-

2127 4549 2326 4590 nomen
2383 4536 2521 4591 adeo
2576 4536 2831 4607 diligunt,
2869 4546 2927 4592 ut
2982 4554 3047 4593 ex
3104 4540 3198 4595 illo
3256 4548 3467 4595 tantum
3530 4539 3704 4595 velint

432 4604 585 4669 σθαι,
636 4606 730 4657 καὶ⁵
763 4606 822 4657 ἐν
856 4604 1004 4675 μόνῳ
1064 4606 1285 4676 Χριστῷ
1341 4605 1674 4676 καυχῶνται,
1730 4606 1873 4659 κατὰ
1924 4605 2016 4658 τὸν

444 4695 777 4750 Ἀπόστολον
798 4712 813 4727 ·
867 4694 1032 4765 Ἐμοὶ
1061 4697 1192 4766 γὰρ,
1227 4698 1383 4767 φησὶ,
1403 4695 1489 4765 μὴ
1530 4695 1762 4764 γένοιτο
1794 4694 2025 4766 καυχᾶ-

431 4791 602 4853 σθαι,
627 4790 679 4842 ει
700 4788 788 4858 μὴ
816 4788 886 4842 ἐν
918 4787 999 4853 τῷ
1030 4788 1270 4858 σταυρῷ
1310 4788 1417 4843 τοῦ
1439 4789 1664 4856 Κυρίου
1709 4785 1879 4856 ήμῶν
1921 4787 2027 4857 ἰη-

430 4879 557 4933 σοῦ
596 4879 859 4950 Χριστοῦ
884 4918 902 4943 ,
945 4880 1224 4935 τουτέστιν
1256 4881 1315 4934 ὲν
1364 4879 1443 4951 τῷ
1472 4880 1842 4949 σταυρωθέντι
1882 4880 2021 4950 Χρι-

433 4989 574 5042 στῳ.

513 5064 645 5116 Ὀτι
674 5061 757 5118 σὺ
803 5061 1163 5133 εὐλογήσας
1212 5066 1470 5130 δίκαιον,
1505 5063 1703 5132 Κύριε.
1755 5062 1828 5116 Οὐ
1864 5062 2026 5133 μόνον

2127 4628 2415 4698 cognosci.
2446 4627 2503 4683 lu
2536 4630 2655 4685 solo
2687 4629 2891 4685 etenim
2925 4631 3149 4687 Christo
3169 4632 3329 4701 juxta
3380 4634 3705 4704 Apostolum

2127 4719 2462 4790 gloriantur,
2527 4720 2806 4777 dicentem
2852 4739 2865 4775 ε
2905 4721 3039 4776 Mihi
3100 4735 3280 4778 autem
3322 4725 3458 4779 absit
3498 4736 3556 4780 ut
3599 4728 3706 4798 glo-

2128 4811 2254 4875 rier,
2282 4811 2387 4865 nisi
2414 4812 2468 4866 in
2493 4828 2645 4866 cruce
2676 4811 2894 4867 Domini
2920 4814 3089 4867 nostri
3107 4812 3238 4869 Iesu
3266 4814 3465 4870 Christi
3493 4817 3535 4847 "’
3562 4832 3577 4882 ;
3606 4818 3709 4874 hoc

2143 4911 2228 4956 est
2260 4902 2365 4957 nisi
2402 4903 2455 4957 in
2481 4903 2701 4960 Christo
2736 4905 2858 4973 ipso
2892 4904 3179 4961 cruciﬁxo.

2201 5074 2468 5142 Quoniam
2498 5087 2554 5131 tu
2585 5077 2856 5133 benedices
2867 5080 3044 5148 justo,
3064 5080 3305 5137 Domine.
3342 5081 3461 5138 Non
3495 5092 3706 5140 tantum

432 5154 586 5208 κατὰ
612 5153 705 5207 τὸν
734 5156 977 5226 παρόντα
1004 5156 1117 5226 βίον
1147 5155 1543 5228 ἀνακηρύττων
1565 5154 1752 5219 αὑτὸν,
1777 5154 1912 5209 ἀλλὰ
1930 5156 2017 5209 καὶ

2129 5168 2181 5221 iu
2218 5170 2476 5238 praesenti
2511 5171 2714 5227 saeculo
2759 5180 2818 5227 tu
2845 5172 2927 5229 eis
2957 5173 3274 5239 benedices,
3303 5175 3490 5230 laudes
3516 5190 3707 5229 eorum

436 5248 586 5301 κατά
618 5245 709 5301 τὸν
734 5248 1021 5319 μέλλοντα,
1048 5250 1176 5303 ὅταν
1201 5252 1346 5318 ἐρεῖς
1366 5267 1380 5281 ’
1414 5249 1590 5305 Δεῦτε
1619 5250 1672 5302 οὶ
1692 5248 2025 5317 εὐλογημέ-

430 5358 534 5395 νοι
558 5339 667 5395 τοῦ
694 5341 930 5409 Πατρός
948 5358 1089 5412 μου.
1132 5342 1205 5395 Σὺ
1229 5340 1321 5396 οὖν
1354 5340 1672 5413 εύλογήσιις
1709 5337 1894 5406 αὐτὸν,
1928 5340 2024 5393 καὶ

516 5542 565 5575 ⁸⁸
596 5540 779 5601 Lerit.
825 5561 977 5612 τινι,
1006 5545 1113 5612 12;
1146 5544 1165 5599 l
1195 5543 1327 5601 Cor.
1362 5562 1438 5610 vl,
1474 5547 1560 5604 16.

2131 5261 2396 5319 omnibus
2434 5275 2593 5318 notas
2625 5264 2858 5329 iaciens,
2899 5267 2995 5321 sed
3032 5275 3089 5322 et
3135 5267 3189 5322 in
3223 5268 3412 5322 futuro
3444 5284 3458 5321 :
3486 5268 3709 5335 quando

2123 5353 2347 5410 vocabis
2374 5356 2703 5423 eos,dicens
2734 5373 2748 5414 :
2788 5356 2987 5425 Venite,
3012 5358 3270 5414 benedicti
3298 5357 3484 5414 Patris
3516 5361 3617 5416 mei
3639 5361 3709 5415 ⁸⁸.

1659 5550 1703 5584 ⁸⁷
1744 5548 1923 5606 Galat.
1951 5567 2025 5618 νι,
2064 5553 2152 5608 Η.
2231 5554 2278 5587 ⁸³
2304 5556 2501 5616 Matth.
2556 5577 2682 5628 xxv,
2715 5559 2802 5614 54.

1790 5668 1991 5732 Variae
2040 5670 2345 5738 lectiones

509 5790 626 5860 (30}
658 5790 745 5846 τσ.
779 5788 1195 5859 προεδήλωσας.

756 5887 1035 5950 Paeon.
1077 5887 1195 5948 Gn.
1229 5886 1555 5951 CXXVIII.
