4146 6452
462 367 584 434 ΊθἽ

1715 374 2069 438 EUTHYMI
2079 378 2106 438 Ι
2146 381 2514 447 ZIGABENI

3628 359 3744 452 its

477 480 558 534 'l‘u
597 479 780 549 itaque
815 477 1108 533 bcnc'dices
1156 478 1235 534 eis
1293 478 1511 535 tametsi
1566 481 1791 554 maligni
1838 495 2043 552 contra,

2161 493 2209 546 οί
2239 497 2470 567 πονηροὶ
2491 495 2678 552 τοῦτον
2701 497 3009 564 κακίζουσι.
3044 497 3364 570 Παρηγορεϊ
3394 497 3451 552 δὲ
3477 499 3535 554 ἐν
3565 501 3742 573 τούτῳ

475 571 557 624 eis
587 568 938 624 maledicam.
971 567 1292 638 llujnsmodi
1325 578 1508 624 autem
1537 570 1718 628 verbis
1739 587 1835 631 eos
1860 590 2055 632 conso-

477 663 621 716 latur
653 661 746 731 qui
780 670 1007 732 propter
1043 662 1314 718 virtutem
1344 661 1701 734 blasphemiis
1729 681 1792 721 ac
1826 668 2056 725 maledi-

461 755 754 810 ctionibus
792 754 977 824 impeti
1008 756 1207 810 solent.

545 845 619 900 Ut
657 857 807 901 scuto
835 847 986 902 bona:
1014 847 1306 902 voluntatis
1344 850 1614 904 coronasti
1647 867 1764 907 nos.
1810 850 1916 917 Tu,
1953 853 2058 908 Do-

475 939 643 1004 mine,
672 939 875 1010 inquit,
911 940 1162 996 muniisti
1195 955 1298 998 nos
1332 942 1512 1008 valde,
1557 955 1612 1000 et
1642 943 2054 1002 circumdedisti

462 1047 640 1090 cruce
673 1041 790 1099 tua,
825 1049 950 1104 quae
985 1046 1205 1090 scutum
1244 1045 1331 1092 est
1361 1036 1522 1092 bonne
1571 1038 1870 1094 voluntatis
1906 1058 1920 1095 :
1952 1040 2057 1096 hoc

469 1133 558 1182 est
589 1135 807 1182 scutum
853 1127 951 1183 tibi
1000 1137 1223 1200 gratum
1266 1144 1330 1184 ac
1361 1129 1647 1200 placitum.
1694 1131 2057 1187 Animadver-

467 1219 702 1275 tendum
735 1229 1034 1276 autemest
1087 1237 1209 1278 esse
1247 1222 1397 1278 hunc
1435 1223 1731 1294 quemdam
1793 1224 2053 1295 loquendi

475 1308 697 1364 modum
740 1311 885 1380 apud
919 1326 1135 1367 sacram
1169 1311 1537 1384 Scripturam,
1589 1330 1700 1383 quo
1755 1315 1928 1384 ﬁlium
1957 1331 2054 1383 po-

460 1404 652 1456 ηιινηιίω
675 1403 859 1458 dicere
886 1405 1023 1459 solet
1051 1421 1149 1474 pro
1179 1414 1456 1475 potentem
1483 1423 1498 1473 ;
1525 1418 1601 1470 et,
1635 1409 1803 1460 virum
1836 1408 2056 1477 sangui-

468 1509 598 1547 num
635 1510 734 1565 pro
763 1496 1218 1564 sanguinarium;
1263 1497 1529 1550 hominem
1560 1497 1724 1551 etiam
1757 1498 1904 1567 pacis
1953 1498 2055 1552 hoc

473 1597 557 1642 est
582 1587 870 1657 paciﬁcum
913 1606 928 1644 :
962 1590 1036 1642 ita
1090 1597 1144 1642 et
1179 1590 1286 1653 hic,
1325 1599 1536 1644 scutum
1573 1588 1726 1644 bona:
1768 1589 2052 1644 voluntatis

461 1695 575 1748 pro
619 1689 835 1733 scutum
867 1679 1131 1748 placitum
1171 1687 1224 1733 et
1262 1679 1398 1734 bene
1428 1687 1665 1750 gratum.
1707 1677 1855 1735 Ordo
1886 1683 2050 1734 etiam

465 1770 563 1822 ﬁat
592 1769 698 1825 hoc
729 1770 888 1824 modo
921 1789 934 1824 :
972 1769 1218 1825 Muniisti
1249 1786 1372 1838 nos,
1411 1771 1666 1837 Domine,
1688 1772 1932 1842 potentia
1960 1781 2052 1827 tua

2157 583 2284 647 τοὺς
2305 585 2392 639 διὰ
2431 587 2530 657 τὴν
2565 587 2764 660 ἀρετὴν
2788 587 3336 660 βλασφημουμένους.

2240 849 2339 917 Ὧς
2384 850 2550 916 ὅπλῳ
2594 853 2878 919 εὐδοκίας
2928 853 3358 924 ἐστεφάνωσας
3389 856 3566 926 ἡμας.
3609 856 3744 911 Δίαν

2155 941 2476 1006 ὲκύκλωσας
2507 949 2602 997 καὶ
2631 945 3039 1015 περιετείχισας
3074 947 3224 1015 ἡμᾶς
3253 946 3332 1017 τῷ
3380 947 3622 1021 σταυρῷ,
3659 948 3740 1020 τῷ

2155 1034 2306 1106 ὅπλῳ
2333 1035 2432 1104 τῆς
2460 1035 2730 1101 εύδοκίας,
2757 1038 2875 1108 ἤτοι
2895 1038 2996 1108 τῆς
3023 1040 3264 1111 ἀρρήτου
3287 1041 3598 1112 οἰκονομίας
3622 1057 3740 1100 σου.

2158 1127 2230 1180 Ἦ
2276 1128 2370 1180 καὶ
2395 1129 2593 1182 ὅπλον
2619 1129 2923 1197 εὐδοκίας,
2984 1131 3046 1184 τὸ
3093 1133 3382 1202 εὐδόκιμον
3415 1135 3577 1187 ὅπλον
3605 1135 3744 1188 ὐπο-

2156 1220 2413 1292 ληπτέον.
2446 1223 2693 1294 Συνήθης
2722 1223 2832 1294 γὰρ
2869 1227 2935 1296 τῇ
2969 1225 3185 1296 Παλαιᾷ
3209 1228 3302 1280 καὶ
3345 1221 3506 1290 οὗτος
3535 1229 3563 1279 ὁ
3607 1243 3744 1296 σχη-

2160 1315 2464 1385 ματισμός·
2492 1315 2629 1368 υἱὸν
2693 1316 2804 1386 γὰρ
2835 1316 2995 1370 καλεῖ
3025 1316 3339 1386 δυνάμεως
3371 1320 3459 1370 τὸν
3490 1317 3739 1384 δυνατὸν,

2156 1405 2249 1459 καὶ
2297 1405 2487 1476 ἄνδρα
2520 1407 2804 1476 αἱμάτων,
2837 1408 2930 1462 τὸν
2984 1411 3206 1478 φονικὸν
3228 1451 3243 1475 ,
3278 1413 3374 1463 καὶ
3425 1410 3743 1479 ἄνθρωπον

2154 1496 2423 1566 εἰρήνης,
2450 1497 2539 1551 τὸν
2568 1499 2864 1569 εἰρηνικόν.
2903 1497 3009 1552 Καὶ
3040 1499 3368 1552 συντακτέον
3395 1497 3569 1561 οὕτως
3588 1516 3602 1529 ·
3632 1500 3741 1551 Πε-

2157 1589 2488 1660 ριετείχισας
2515 1590 2662 1660 ἡμᾶς
2686 1591 2756 1660 τῇ
2783 1589 3014 1658 δυνάμει
3061 1606 3178 1652 σου,
3208 1587 3460 1659 καθάπερ
3490 1589 3548 1641 ὲν
3590 1588 3740 1659 ὅπλῳ

2156 1681 2426 1750 εὐδοκίμῳ
2455 1679 2550 1732 καὶ
2580 1677 2846 1749 στεῤῥεῷ.
2877 1677 3122 1747 Στεφάνη
3156 1676 3286 1746 γὰρ,
3315 1679 3342 1730 ὁ
3369 1675 3568 1738 κύκλος
3592 1693 3605 1707 ο
3639 1693 3738 1728 κυ-

2157 1769 2420 1840 κλοτερὴς
2447 1768 2526 1835 δὲ,
2557 1769 2651 1820 καὶ
2679 1770 2707 1820 ὁ
2740 1767 3040 1838 τειχισμός.

459 1864 630 1934 quasi
669 1874 825 1920 scuto
855 1865 1091 1935 quodam
1117 1865 1350 1934 probato
1383 1881 1446 1920 ac
1476 1866 1626 1922 forti.
1661 1867 1879 1923 Corona
1899 1867 2046 1924 enim
2089 1867 2380 1922 circularis
2404 1867 2596 1920 formae
2623 1873 2748 1929 est;
2781 1873 2836 1919 et
2865 1864 3202 1921 munitiones
3233 1866 3398 1921 etiam
3472 1880 3566 1936 per
3632 1864 3738 1919 cir-

463 1955 656 2010 culum
681 1964 845 2027 atque
873 1957 928 2010 in
953 1957 1192 2012 circuitu
1234 1957 1350 2012 ﬁeri
1387 1957 1588 2014 solent.

459 2048 539 2103 1η
589 2047 747 2117 ﬁnem
805 2049 859 2102 in
931 2047 1142 2118 hymnis
1211 2064 1307 2118 pro
1385 2058 1573 2103 octava
1643 2049 1882 2117 psalmus
1943 2051 2043 2120 ipsi

2149 2051 2251 2116 Είς
2285 2047 2350 2101 τὸ
2380 2044 2554 2112 τέλος
2577 2045 2894 2116 ἐντῦμνοις,
2923 2044 3077 2113 ὑπὲρ
3103 2045 3212 2113 τῆς
3230 2043 3468 2114 ὀγδόης,
3493 2045 3742 2116 Ψαλμὸς

1163 2141 1352 2196 David.

1018 2231 1343 2287 PSALMUS
1398 2232 1485 2287 Vl.

542 2322 685 2388 Quid
713 2314 988 2392 significet
1032 2322 1099 2377 In
1150 2326 1307 2392 ﬁnem
1361 2326 1571 2380 dictum
1627 2336 1711 2382 est
1751 2343 1763 2380 :
1797 2329 2049 2396 praesenti

461 2429 601 2467 vero
640 2413 854 2483 psalmo
887 2415 1071 2469 laudat
1102 2431 1165 2470 ac
1197 2417 1514 2488 magnilicat
1543 2417 1709 2474 Deum
1736 2417 2005 2490 Propheta
2032 2435 2049 2476 :

473 2514 737 2576 rogatque
767 2516 822 2562 et
854 2520 1050 2576 preces
1082 2505 1263 2561 fundit
1298 2523 1398 2578 pro
1438 2517 1657 2574 octava,
1692 2510 1798 2566 hoc
1831 2518 1914 2566 est
1949 2526 2050 2582 pro

465 2595 659 2650 futuro
685 2596 910 2651 szeculo.
944 2594 1195 2653 Praesens
1227 2598 1373 2652 enim
1421 2600 1684 2654 saeculum
1742 2601 2050 2657 revolutum

458 2703 534 2743 -ac
565 2688 915 2756 completum,
951 2699 1005 2744 et
1051 2690 1208 2759 quasi
1242 2689 1596 2745 hebdomadas
1635 2677 2053 2749 commensura-

459 2791 609 2846 tum,
644 2782 956 2850 septenario
985 2783 1240 2852 signatur
1271 2797 1526 2847 numero,
1559 2794 1612 2839 et
1640 2785 1931 2854 septimum
1965 2785 2051 2840 di-

463 2871 644 2937 citur;
683 2871 928 2926 futurum
955 2872 1371 2928 verostecnlum
1423 2883 1680 2929 octavum
1714 2877 2048 2948 appellatur,

466 2962 636 3016 ueluti
667 2962 815 3032 quod
839 2965 1136 3032 septimum
1185 2967 1458 3034 sequitur.
1499 2967 1559 3020 ln
1597 2981 1829 3035 persona
1865 2975 2046 3024 antem

469 3068 577 3108 non
603 3068 700 3108 sua
735 3061 946 3108 tantum
978 3053 1278 3124 Propheta,
1315 3059 1407 3109 sed
1433 3065 1487 3110 et
1520 3057 1770 3111 oumium
1798 3069 2046 3113 nostrum

467 3145 647 3200 fundit
685 3161 872 3215 preces
910 3147 976 3200 ad
1026 3145 1218 3212 Deum,
1253 3149 1346 3216 qui
1394 3148 1450 3202 in
1481 3148 1666 3203 l'uturo
1700 3151 1796 3205 illo
1849 3151 2050 3207 smcnlo

460 3254 657 3293 onmes
678 3238 1026 3308 judicaturns
1059 3251 1160 3294 εει.
1200 3238 1356 3295 llune
1384 3248 1565 3297 autem
1595 3243 1870 3312 psalmum
1901 3259 2047 3299 com-

2788 2137 2870 2202 τῷ
2903 2137 3102 2191 Δαϐίδ.

2751 2229 3046 2281 ΨΑΛΜΟΣ
3082 2229 3173 2294 (ζ’.

2229 2323 2294 2376 Τί
2326 2321 2424 2393 μὲν
2441 2321 2590 2392 δηλοῖ
2613 2319 2675 2374 τὸ
2706 2322 2810 2386 Εις
2835 2319 2902 2372 τὸ
2934 2317 3134 2386 τέλος,
3156 2319 3505 2391 προείρηται.
3523 2319 3742 2391 ’Υμνῶν

2157 2407 2215 2463 δὲ
2246 2414 2338 2464 καὶ
2385 2411 2706 2483 μεγαλύνων
2756 2411 2849 2465 τὸν
2887 2411 3020 2465 Θεὸν
3055 2414 3084 2464 ὁ
3115 2413 3428 2483 προφήτης,
3459 2412 3600 2483 ὑπὲρ
3641 2414 3741 2483 τῆς

2157 2503 2350 2574 ὀγδόης
2383 2504 2710 2574 παρακαλεῖ,
2755 2504 3059 2567 τουτέστιν,
3116 2505 3258 2574 ὑπὲρ
3307 2505 3402 2557 τοῦ
3455 2505 3742 2575 μέλλοντος

2154 2597 2372 2660 αἰῶνος.
2401 2597 2670 2667 Ἕϐδομος
2702 2599 2811 2668 γὰρ
2833 2598 2860 2649 6
2890 2597 3102 2666 παρὼν,
3159 2598 3307 2659 ὅστις
3342 2597 3598 2667 ἐϐδομάδι
3647 2613 3742 2667 με-

2152 2689 2477 2759 τρούμενος,
2515 2691 2609 2743 καὶ
2658 2689 3152 2760 ἀνακυκλούμενος,
3184 2689 3277 2742 καὶ
3317 2689 3743 2760 συμπληρούμε-

2153 2796 2272 2843 νος·
2301 2779 2485 2849 ὄγδοος
2509 2780 2568 2833 δὲ
2600 2782 2827 2847 ἐκεῖνος,
2861 2779 2938 2843 ὡς
2973 2780 3111 2850 μετὰ
3142 2780 3232 2833 τὸν
3269 2779 3498 2849 ἕϐδομον
3525 2781 3741 2835 τοῦτον.

2154 2871 2230 2928 Οὐ
2263 2871 2544 2942 προσώπῳ
2569 2871 2626 2924 δὲ
2657 2871 2817 2941 μόνον
2856 2870 2992 2941 ίδίῳ,
3032 2869 3167 2924 ἀλλὰ
3193 2871 3286 2923 καὶ
3327 2870 3544 2924 πάντων
3576 2871 3736 2941 ἡμῶν

2152 2962 2520 3036 προσάγειτῷ
2561 2965 2746 3034 κρῖναι
2788 2963 3090 3032 τηνικαῦτα
3126 2963 3375 3034 μέλλοντι
3415 2963 3606 3036 Κυρίῳ
3639 2967 3740 3032 τλν

2151 3058 2361 3129 δέησιν.
2403 3055 2651 3120 Ἐξέθετο
2689 3055 2746 3108 δὲ
2779 3053 2872 3108 τὸν
2923 3055 3161 3125 ψαλμὸν,
3219 3059 3548 3128 πειρασμοῖς
3583 3073 3741 3125 περι-

2156 3151 2391 3222 σχεθεὶς,
2463 3148 2836 3218 ὲπενεχθεῖσιν
2903 3147 3054 3219 αὐτῷ
3109 3149 3200 3202 διὰ
3242 3165 3367 3202 τινα
3409 3149 3739 3220 πλημμελή-

2157 3261 2324 3314 ματα.

457 3331 649 3402 posuit
682 3331 874 3387 beatus
902 3330 1070 3386 David
1096 3340 1389 3400 postquam
1417 3331 1472 3386 in
1507 3332 1799 3404 angustias
1833 3343 1997 3406 atque
2037 3334 2094 3389 in
2143 3334 2470 3390 aillictiones
2506 3333 2734 3400 decidit,
2777 3349 2901 3405 qua:
2934 3334 2987 3389 ei
3055 3335 3126 3388 ob
3163 3341 3388 3402 peccata
3463 3333 3586 3404 ejus
3636 3334 3738 3389 ob-

463 3431 750 3478 venerant.

539 3513 700 3568 Vens.
732 3515 788 3568 2.
821 3513 1066 3577 Domine,
1099 3532 1162 3566 ne
1194 3515 1245 3566 in
1271 3514 1452 3582 furore
1477 3523 1566 3568 tuo
1594 3529 1790 3584 arguas
1824 3531 1924 3580 me,
1953 3531 2043 3569 ne-

2220 3513 2420 3580 K‘épts,
2447 3510 2534 3580 μὴ
2567 3509 2646 3575 τῷ
2691 3509 2856 3579 θυμῷ
2888 3523 3006 3563 σου
3041 3509 3300 3579 ἐλέγξῃς
3323 3525 3420 3577 με,
3473 3510 3628 3578 μηδὲ
3663 3510 3737 3578 τῇ

458 3625 563 3677 que
589 3608 643 3662 in
670 3609 752 3661 ira
787 3617 877 3659 tua
911 3608 1176 3673 corripias
1212 3622 1309 3659 me.
1345 3605 1453 3661 Sed
1498 3607 1774 3676 quomodo
1815 3606 2044 3678 legimus

459 3701 607 3770 apud
653 3701 871 3754 beatum
895 3696 1000 3752 Job
1045 3716 1058 3752 :
1103 3697 1304 3752 Beatus
1359 3699 1514 3752 homo
1565 3713 1718 3769 quem
1771 3700 2043 3770 redarguit

461 3795 727 3848 .Dominus
759 3795 819 3846 in
876 3802 1017 3846 terra
1048 3793 1091 3823 δ’
1120 3810 1135 3860 ;
1173 3802 1228 3846 et
1271 3793 1550 3862 quomodo
1581 3793 1704 3864 ipse
1742 3793 1908 3848 etiam
1936 3793 2043 3848 Da-

461 3888 551 3940 vid
584 3886 709 3939 alibi
749 3885 887 3938 dixit
917 3902 930 3938 :
966 3884 1158 3937 Beatus
1198 3885 1350 3938 homo
1401 3901 1556 3953 quem
1604 3895 1662 3938 tu
1689 3885 2038 3953 corripueris,

456 3979 686 4032 .Domiue
713 3978 799 4031 7°?
826 3977 1022 4031 Verum
1047 3976 1152 4029 hoc
1191 3978 1242 4029 in
1273 3977 1396 4031 loco
1422 3977 1688 4048 Propheta
1718 3991 1826 4031 non
1853 3991 2042 4047 repre-

462 4071 626 4124 hendi
654 4071 838 4124 renuit
870 4081 964 4122 aut
1015 4069 1273 4138 castigari
1307 4083 1336 4122 a
1368 4068 1498 4134 Deo,
1534 4069 1628 4123 sed
1663 4069 1808 4138 quod
1862 4067 2040 4139 poscit

453 4165 515 4220 id
548 4173 758 4219 tantum
792 4174 899 4229 est,
941 4178 1009 4218 ue
1072 4179 1194 4218 cum
1255 4163 1633 4234 indignatione
1670 4164 2036 4234 redarguntur

459 4257 551 4312 aut
583 4271 708 4312 cum
736 4257 835 4312 ira.
867 4255 1003 4309 Nam
1032 4271 1156 4309 cum
1194 4255 1602 4310 intolerabilem
1637 4270 1766 4312 esse
1821 4255 2038 4311 noverit

447 4350 597 4402 .irain
631 4347 746 4412 Dei,
793 4348 950 4402 timet
974 4361 1041 4400 ne
1070 4347 1138 4400 ab
1177 4361 1243 4400 ea
1275 4360 1508 4416 prorsus
1565 4348 1830 4416 perdatur
1863 4362 1878 4402 :
1921 4363 2039 4401 mo-

459 4440 587 4493 dice
621 4447 816 4492 tamen
851 4437 1056 4506 corripi
1105 4443 1279 4505 optat,
1343 4445 1402 4489 ut
1458 4437 1739 4505 probatior
1784 4437 2034 4505 eil‘ectus,

453 4532 641 4585 'futuri
670 4529 864 4599 indicii
893 4544 1082 4598 pcenas
1115 4528 1312 4584 melius
1340 4526 1586 4599 ell‘ngiat.
1627 4528 2036 4597 Consequenter

455 4625 623 4678 etiam
654 4630 792 4691 post
826 4620 1300 4691 redargutionem,
1329 4620 1748 4690 correptionem
1801 4620 2034 4689 subjun~

460 4715 541 4769 ait
569 4731 582 4768 :
624 4722 679 4769 et
709 4728 1026 4784 quanquam
1054 4713 1199 4766 Deus
1228 4727 1256 4765 a
1295 4713 1480 4768 furore
1501 4723 1555 4768 et
1577 4713 1657 4767 ira
1687 4722 1742 4768 et
1779 4715 1849 4767 ab
1879 4713 2031 4768 omni

443 4822 687 4877 prorsus
734 4806 989 4876 passione
1026 4803 1163 4858 liber
1197 4805 1292 4870 sit,
1315 4807 1599 4876 prophetae
1637 4814 1817 4861 tamen
1863 4821 2032 4876 saepe-

2152 3602 2300 3673 ὀργῇ
2323 3617 2438 3658 σου
2460 3602 2794 3668 παιδεύσῃς
2823 3618 2920 3670 με.
2953 3603 3061 3653 Καὶ
3096 3600 3202 3672 μὴν
3240 3603 3297 3654 ὲν
3336 3604 3400 3672 τῇ
3431 3602 3596 3674 βίϐλῳ
3640 3605 3734 3657 τοῦ

2163 3694 2280 3748 Ἰὼϐ
2311 3695 2640 3764 γέγραπται·
2699 3690 3006 3760 Μακάριος
3037 3691 3348 3761 ἅνθρωπος
3399 3692 3473 3747 ὃν
3513 3693 3736 3764 ἤλεγξε

2149 3788 2365 3855 Κύριος
2394 3785 2492 3839 ἐπὶ
2524 3785 2636 3852 τῆς
2683 3785 2868 3854 ὀργῆς
2889 3802 2901 3816 ’
2943 3787 3038 3839 καὶ
3064 3786 3227 3849 αὐτὸς
3260 3786 3316 3839 δέ
3345 3803 3510 3857 φησιν
3537 3789 3594 3841 ἐι
3641 3789 3734 3842 ἄ).-

2149 3880 2290 3942 λοις⁶
2325 3877 2628 3946 Μακάριος
2680 3879 2994 3946 ἄνθρωπος
3023 3877 3095 3931 ὃν
3124 3878 3201 3932 ἂν
3229 3878 3588 3948 παιδεύσῃς,
3619 3881 3734 3934 Κύ-

2138 3988 2254 4042 ριε.
2295 3972 2371 4024 Ού
2410 3971 2602 4040 φεύγει
2635 3970 2766 4040 γοῦν
2791 3971 2882 4023 τὸν
2913 3971 3155 4041 ἔλεγχον,
3197 3972 3320 4024 οὐδὲ
3345 3972 3445 4044 τὴν
3482 3973 3732 4027 παιδείαν

2146 4064 2368 4126 ἀπλῶςο
2401 4063 2535 4118 ἀλλὰ
2569 4063 2658 4116 τὸν
2705 4063 2846 4134 μετὰ
2879 4063 3074 4133 θυμοῦ,
3106 4065 3201 4117 καὶ
3248 4064 3338 4117 τὸν
3372 4067 3491 4135 μετ’
3533 4066 3757 4136 ὁργῆς,’

2145 4157 2234 4211 ἵνα
2266 4157 2341 4228 μὴ
2375 4157 2453 4229 τῷ
2484 4156 2796 4227 ἀνυποίστῳ
2830 4157 3197 4228 διαφθαρείηο
3234 4157 3370 4210 ἀλλὰ
3402 4159 3479 4228 τῷ
3519 4163 3730 4230 μετρίῳ

2147 4247 2371 4319 βελτίων
2399 4249 2710 4319 γενόμενος,
2744 4247 2959 4320 ἐκφύγῃ
2990 4251 3089 4311 τὰς
3123 4250 3182 4301 ὲν
3203 4250 3268 4318 τῇ
3309 4248 3579 4322 μελλούσῃ
3614 4251 3730 4321 κρῖ-

2146 4356 2228 4393 σει
2261 4340 2531 4403 κολάσεις.
2580 4341 2914 4405 ’Λκολούθως
2944 4343 2999 4395 δὲ
3032 4341 3110 4409 τῷ
3139 4343 3346 4413 ἐλέγχῳ
3367 4345 3466 4413 τὴν
3505 4345 3728 4397 παίδευε-

2145 4450 2228 4485 σιν
2273 4432 2346 4494 ὡς
2377 4433 2652 4502 ἑπομένην
2698 4431 2947 4498 ἐπέταξε.
2980 4434 3052 4485 Τὸ
3085 4433 3239 4485 Θεῖον
3269 4435 3345 4494 δὲ,
3397 4437 3491 4488 καὶ
3522 4435 3721 4506 θυμοῦ,

2142 4520 2235 4572 καὶ
2266 4521 2464 4584 παντὸς
2521 4521 2728 4585 πάθους
2757 4522 3064 4593 ἐλεύθερον.
3118 4523 3180 4575 Οἱ
3219 4524 3502 4594 προφῆται
3536 4525 3591 4579 δὲ
3625 4527 3724 4590 τὰς

2140 4613 2393 4676 τοιαύτας
2425 4615 2602 4678 θέσεις
2652 4615 2940 4688 προσῆψαν
2979 4616 3149 4687 αὐτῷ,
3188 4616 3505 4688 βουλόμενοι
3539 4622 3723 4672 πεῖσαι

2138 4707 2250 4768 τοῖς
2275 4705 2603 4776 ἀνθρώποις,
2640 4709 2722 4760 ὅτι
2777 4711 3090 4778 προνοεῖται
3121 4708 3217 4762 τοῦ
3251 4709 3454 4772 παντὸς
3502 4714 3529 4764 ὁ
3563 4711 3716 4776 Θεὸς,

2139 4799 2236 4852 καὶ
2254 4801 2375 4870 ὁρᾷ,
2409 4802 2500 4853 καὶ
2533 4801 2744 4867 ἀκούει,
2782 4801 2874 4854 καὶ
2923 4801 3131 4871 ἥδεται,
3186 4803 3282 4855 καὶ
3317 4803 3588 4872 λυπεῖται,
3628 4807 3724 4858 καὶ

455 4913 690 4952 numero
740 4896 1059 4966 hujnsmodi
1092 4895 1432 4950 allectionem
1475 4897 1523 4951 ei
1557 4897 1888 4964 tribuerunt,
1921 4913 2043 4968 per-

2148 4890 2341 4960 κρίνει,
2379 4894 2472 4943 καὶ
2504 4890 2791 4961 θυμοῦται,
2825 4893 2918 4944 καὶ
2953 4894 3258 4963 ὀργίζεται,
3288 4896 3381 4949 καὶ
3403 4897 3504 4949 ὅσα
3539 4895 3722 4948 τοιαῦ-

442 4988 686 5044 suadere
716 4988 1002 5044 studentes
1049 4987 1354 5042 lectoribus
1397 5001 1412 5040 :
1444 4987 1589 5056 quod
1623 4988 1873 5042 omnium
1929 4988 2030 5042 ho-

436 5082 664 5134 .minum
701 5080 844 5134 Dens
873 5093 1063 5134 curam
1099 5079 1298 5147 habet;
1352 5079 1502 5148 quod
1552 5079 1737 5134 omnia
1778 5080 1927 5136 videt
1972 5091 2029 5135 et

440 5175 640 5241 audit;
673 5172 820 5243 quod
849 5173 1088 5237 laetatur,
1140 5180 1193 5227 et
1220 5173 1498 5238 tristatur,
1525 5180 1580 5226 et
1606 5173 1839 5242 judicat,
1873 5172 2028 5240 l‘urit,

2131 4999 2222 5046 τα,
2255 4981 2322 5034 ἵν’
2357 4982 2500 5036 οὕτω
2559 4983 2907 5054 φοϐηθέντες,
2941 4989 3039 5055 τῆς
3085 4987 3284 5051 κακίας
3344 4989 3716 5060 ἀπόσχωνται.

2133 5072 2344 5138 ’Ἄλλως
2369 5091 2426 5126 τε
2454 5075 2512 5126 δὲ
2544 5073 2652 5128 ἀπὸ
2682 5074 2790 5127 τῶν
2819 5075 3176 5146 ἀνθρωπίνων
3201 5080 3493 5150 ἐνεργειῶν
3519 5083 3718 5152 ἐμφαί-

2133 5183 2282 5220 νουσι
2311 5167 2410 5231 τὰς
2440 5168 2612 5232 θείας,
2654 5169 2738 5221 ὅτι
2765 5171 2857 5222 καὶ
2898 5171 2947 5223 οί
2968 5169 3221 5239 λέγοντες
3259 5174 3354 5227 καὶ
3392 5171 3445 5226 οξ
3486 5173 3718 5226 ἀκούον-

449 5274 505 5322 et
533 5267 836 5332 irascitur;
881 5275 936 5319 et
975 5278 1320 5333 quascunque
1367 5262 1472 5316 alia
1525 5264 1845 5332 huiusmodi
1901 5280 2027 5319 eum

2148 5275 2241 5322 :s;,
2274 5258 2551 5328 ἄνθρωποι
2576 5275 2590 5290 ·
2635 5262 2731 5312 καὶ
2768 5259 3152 5331 ἡάπόκρισις,
3203 5262 3549 5336 ἀνθρωπίνη.
3607 5267 3716 5318 Καὶ

445 5354 870 5420 faceredicunt,
903 5363 964 5408 ut
995 5355 1194 5410 saltem
1228 5353 1332 5407 hoc
1359 5361 1522 5422 pacto
1555 5354 1756 5408 timore
1786 5355 2024 5423 correpti

443 5447 703 5502 homines
739 5447 1128 5502 desisterenta
1168 5445 1339 5498 vitiis.
1375 5442 1442 5498 Et
1475 5445 1637 5500 aliter
1665 5461 1679 5498 :
1707 5445 1790 5500 Ab
1828 5445 2026 5499 huma-

2134 5351 2304 5415 ἄλλως
2341 5353 2441 5405 οὐκ
2469 5354 2714 5424 ἐγχειρεῖ
2743 5353 3088 5422 διαλέγεσθαι
3140 5357 3268 5418 τοὺς
3305 5357 3365 5410 ὲν
3399 5355 3634 5427 σώματι,
3667 5357 3715 5408 εί

2138 5444 2212 5516 μὴ
2265 5446 2594 5514 σωματικῶς
2615 5462 2628 5476 ’
2661 5449 2755 5500 καὶ
2784 5449 2893 5519 γὰρ
2925 5449 3019 5502 καὶ
3054 5448 3366 5518 Βαρϐάροις
3394 5448 3714 5518 διαλεγόμε-

449 5537 539 5591 nis
577 5536 998 5606 operationibus
1032 5535 1314 5607 prophetae
1367 5535 1556 5590 divina
1607 5535 1894 5590 declarant
1925 5553 1940 5591 :
1971 5545 2026 5591 et

2148 5554 2234 5599 iet.
2267 5539 2332 5608 τῇ
2364 5537 2567 5593 τούτων
2589 5539 2852 5610 χρώμεθα
2879 5541 3146 5612 διαλέκτῳ
3165 5558 3178 5571 ο
3209 5542 3301 5594 καὶ
3321 5541 3519 5612 παιδίῳ
3548 5558 3715 5611 προσ-

449 5628 579 5697 quia
609 5629 703 5682 aui
728 5629 1026 5699 loquuntur
1055 5635 1111 5682 et
1142 5628 1235 5698 qui
1288 5625 1524 5681 audiunt
1571 5627 1822 5686 homines
1866 5639 2018 5698 sunt,

507 5804 561 5833 -”
593 5801 707 5858 Job
744 5819 795 5869 γ,
840 5801 926 5856 l7.
963 5802 1010 5834 το
1042 5800 1188 5885 Ρεςιι.
1221 5815 1378 5871 1cm.
1412 5800 1500 5856 l2.

2129 5630 2436 5697 λαλοῦντες,
2485 5631 2958 5704 ὑπτιψελλίζομεψ
3010 5632 3106 5687 καὶ
3159 5633 3208 5686 εί
3267 5635 3526 5707 μυριάκις
3559 5627 3713 5704 ὦμεν
