4146 6450
371 376 474 442 “39

1558 382 1956 447 COMMENT.
2002 380 2084 445 [Ν
2126 372 2508 449 PSALMOS.

3568 380 3672 448 iii’

378 495 552 566 σοςοοὶ,
579 495 724 567 πρὸς
753 496 858 570 τὴν
888 496 1119 554 ἐκείνων
1146 479 1550 571 καταϐαίνομεν
1574 502 1967 574 ταπεινότητα.

2078 499 2329 579 humana
2360 499 2548 570 lingua
2581 496 2902 570 exprimunt
2941 497 3088 571 quod
3114 490 3440 569 loquuntur.
3476 497 3666 571 Neque

380 589 493 643 Καὶ
528 588 710 644 ταῦτα
757 606 844 644 σοι
872 590 1143 664 καθολική
1168 608 1251 653 τις
1282 593 1424 648 ἔστω
1452 593 1592 665 πρὸς
1619 593 1794 648 ταῦτα
1826 593 1976 649 διδα-

380 680 604 733 σκαλία.
633 681 709 734 Τὸ
729 680 886 750 γοῦν,
910 682 1009 753 Μὴ
1032 681 1114 748 τῷ
1142 683 1307 752 θυιιῷ
1355 700 1475 738 σου
1511 685 1852 754 παιδεύσῃς
1877 702 1974 756 με,

379 769 536 839 μηδὲ
562 769 641 840 τῇ
662 771 812 840 ὁρτῇ
843 776 983 839 dou,
1007 774 1130 827 ἀντὶ
1153 771 1271 836 τοῦ,
1293 772 1384 846 Μὴ
1404 772 1571 841 ἀξίως
1603 775 1978 847 καταδικᾶσῃς

384 878 480 933 με,
522 862 597 934 μὴ
630 863 789 929 ἀξίαν
810 864 1129 936 ἀπαιτήσῃς
1162 881 1230 937 με
1259 864 1436 936 δίκην.

2082 591 2231 646 enim
2255 590 2526 661 possibile
2549 599 2635 647 est
2668 598 2728 645 ut
2755 591 2867 646 alio
2893 590 3057 645 modo
3105 590 3428 660 loquantur,
3476 589 3570 661 qui
3613 592 3669 646 in

2084 696 2316 752 corpore
2346 689 2476 738 sunt
2527 695 2691 752 quam
2738 681 3127 752 corporaliter.
3153 679 3290 737 Nam
3339 690 3398 738 et
3456 681 3673 753 quoties

2082 774 2365 830 Barbaros
2415 773 2774 844 alloquimur,
2808 772 3030 830 illorum
3091 773 3276 844 lingua
3323 773 3573 832 utimur:
3609 780 3666 829 et

2086 880 2208 921 cum
2239 864 2429 937 pueris
2473 864 2685 934 aliquid
2717 864 2904 921 dicere
2933 864 3209 929 volumus,
3266 878 3457 921 eorum
3510 867 3667 929 mori:

382 954 1200 1028 baibutimus;etquamquam
1246 958 1405 1015 valde
1467 960 1748 1031 sapientes
1806 959 2003 1025 simus,
2088 958 2158 1013 ad
2216 958 2443 1014 illorum
2488 966 2671 1014 tamen
2729 958 3097 1013 humilitatem
3153 956 3665 1016 condescendimus.

384 1047 518 1104 llaec
572 1050 742 1122 igitur
785 1050 886 1107 tibi
933 1054 1004 1109 sit
1061 1067 1251 1119 norma
1308 1055 1555 1126 quaedam
1590 1054 1947 1111 universalis.
1988 1053 2145 1121 Quod
2179 1054 2347 1125 igitur
2375 1054 2452 1109 ait
2483 1071 2496 1107 :
2526 1051 2609 1109 Ne
2631 1055 2685 1108 in
2724 1053 2910 1122 furore
2944 1060 3036 1107 tuo
3095 1068 3293 1124 arguas
3356 1069 3459 1121 me,
3522 1052 3668 1110 idem

379 1139 492 1195 sibi
530 1141 669 1208 vult,
703 1134 851 1211 quod
884 1140 1039 1199 Nolis
1075 1158 1163 1200 me
1204 1143 1363 1214 juxta
1411 1157 1532 1200 mea
1583 1142 1779 1201 merita
1830 1138 2226 1209 condemnare,
2258 1156 2436 1212 neque
2456 1141 2669 1199 debitas
2704 1155 2735 1197 a
2765 1155 2852 1198 me
2885 1154 3077 1212 poenas
3110 1141 3353 1214 exigere.

453 1254 762 1323 Ἐλέησόν
794 1273 884 1323 με,
912 1256 1109 1327 Κύριε,
1137 1259 1227 1313 ὅτι
1272 1257 1544 1329 ἀσθενής
1579 1259 1718 1330 ειμι.
1771 1257 1836 1313 Ei
1896 1257 1974 1329 μὴ

385 1345 504 1418 γὰρ
530 1347 880 1420 ἠσθένησενὸ
907 1349 1057 1415 νοῦς,
1100 1351 1201 1407 οὐκ
1221 1352 1289 1407 ἃν
1321 1352 1390 1406 τὰ
1413 1352 1560 1424 πάθη
1588 1350 1781 1406 τούτου
1816 1367 1976 1421 περι-

376 1439 663 1505 εγένοντο.
707 1441 780 1495 Ἦ
806 1442 903 1497 καὶ
927 1442 1013 1497 ὅτι
1034 1443 1271 1517 ἀσθενής
1299 1445 1440 1516 ειμι,
1475 1446 1611 1515 πρὸς
1632 1444 1725 1498 τὸν
1743 1442 1973 1514 ἀόρατον

378 1529 606 1601 ἐχθρὸν,
648 1531 741 1585 τὸν
785 1534 1039 1604 φανερῶς
1081 1537 1176 1590 καὶ
1219 1536 1462 1607 κρύόδην
1526 1533 1968 1591 ἐπιϐουλεύοντα.

382 1623 457 1675 Ἦ
500 1625 602 1676 καὶ
635 1623 720 1678 ὅτι
770 1625 1109 1695 συντριϐεὶς,
1159 1623 1519 1699 ἐξησθένησα.
1613 1624 1970 1695 ’Υπολόγισαι

376 1713 478 1767 οὖν
505 1713 609 1784 τὴν
656 1714 798 1787 ἐμὴν
828 1716 1142 1782 ἀσθένειαν,
1199 1720 1294 1773 καὶ
1337 1718 1413 1788 μὴ
1469 1716 1843 1787 καταδικάτης
1902 1733 1971 1787 με

374 1804 590 1871 τέλεον,
628 1807 706 1871 ὡς
727 1807 996 1872 ἑκουσίως
1027 1808 1387 1881 νενικημένον
1416 1825 1431 1840 ⁸
1456 1814 1553 1880 τῆς
1580 1800 1638 1862 δὲ
1673 1802 1768 1862 τοῦ
1809 1806 1973 1863 Ἑλέ-

371 1901 543 1964 ησόθ·
561 1915 647 1969 με
670 1900 879 1971 φωνῆς,
914 1901 1118 1962 πάντες
1155 1900 1390 1957 πάντοτε
1427 1899 1662 1972 δεόμεθα
1699 1917 1712 1929 ·
1759 1897 1971 1971 προῖὼν

2159 1257 2324 1315 Vsus.
2362 1257 2417 1314 3.
2456 1255 2710 1312 Miserere
2762 1257 2887 1322 mei,
2946 1255 3193 1321 Domine,
3222 1257 3475 1325 quoniam
3515 1256 3671 1329 inﬁr-

2080 1368 2195 1405 mus
2220 1366 2361 1408 sum.
2393 1348 2452 1405 Si
2477 1350 2823 1416 intellectus,
2882 1349 3085 1420 inquit,
3145 1363 3300 1405 meus
3330 1348 3527 1405 debilis
3558 1365 3668 1405 non

2085 1441 2307 1507 fuisset,
2355 1443 2645 1512 passiones
2711 1449 2864 1499 certe
2925 1441 3079 1496 illum
3138 1456 3245 1497 non
3282 1451 3661 1512 superassent,

2087 1534 2171 1588 vel
2199 1534 2332 1604 quia
2363 1533 2619 1590 iniirmus
2645 1547 2770 1590 sum
2796 1532 3064 1589 adversus
3107 1532 3444 1588 invisibiiem
3482 1533 3669 1589 inimi-

2077 1639 2229 1693 cum,
2254 1624 2351 1696 qui
2382 1631 2438 1680 et
2472 1624 2651 1693 palam
2703 1630 2760 1680 et
2817 1622 2957 1679 ciam
2993 1623 3230 1680 insidias
3256 1623 3499 1696 disponit
3528 1645 3541 1681 :
3577 1625 3667 1682 vel

2079 1715 2208 1788 quia
2247 1715 2487 1773 assiduis
2538 1715 2931 1772 aiilictionibus
2977 1715 3300 1773 debilitatus
3336 1734 3485 1775 sum.
3520 1718 3667 1774 Con-

2079 1808 2261 1865 sidera
2291 1808 2458 1880 igitur
2477 1814 2533 1866 et
2566 1815 2647 1875 tu,
2677 1805 2845 1873 Deus,
2878 1806 3220 1863 debilitatem
3252 1822 3451 1872 meam,
3477 1815 3534 1864 et
3554 1807 3670 1865 noli

2079 1917 2167 1958 me
2204 1901 2425 1972 penitus
2472 1898 2886 1958 condemnare:
2924 1899 3083 1970 quasi
3153 1906 3349 1968 sponte
3416 1913 3536 1953 mea
3568 1914 3669 1955 su-

374 1991 487 2061 γάρ
517 2005 726 2062 φησιν’
766 1992 903 2047 Ἐὰν
948 1991 1206 2063 ἀνομίας
1246 1994 1702 2062 παρατηρήσῃς,
1767 1993 1973 2063 Κύριε,

2081 2000 2303 2063 paratus
2363 1991 2491 2049 sim.
2553 1991 2666 2047 liae
2734 1999 2916 2046 autem
2980 2004 3152 2054 voce,
3209 1988 3464 2046 Miserere
3542 1992 3665 2055 mei,

373 2080 461 2145 τίς
516 2079 974 2148 ὑποστήσεται;
1023 2079 1121 2134 καὶ.
1146 2121 1163 2149 ,
1222 2080 1355 2134 Ὀτι
1399 2081 1473 2134 οὐ
1518 2078 1979 2143 δικαιωθήσεται

376 2168 646 2223 ἐνώπιόν
663 2187 785 2225 σου
824 2168 947 2236 πᾶς
981 2168 1116 2232 ζῶν.
1160 2170 1269 2226 Καὶ
1300 2170 1463 2226 πάλιν
1495 2169 1689 2240 ἕτερος
1741 2167 1973 2239 εἴρηκεξ

386 2262 481 2327 Τίς
508 2259 887 2331 καυχήσεται
913 2258 1113 2333 ἁγνὴν
1141 2260 1308 2332 ἔχειν
1332 2258 1447 2328 τὴν
1474 2258 1763 2330 καρδίαν;
1814 2256 1854 2325 ἢ
1886 2258 1978 2323 τίς

392 2350 871 2421 ταβρησιάσεται
899 2351 1161 2422 καθαρὸς
1199 2348 1355 2407 εἶναι
1394 2350 1513 2407 ἀπὸ
1546 2351 1788 2419 ρὑου;
1834 2345 1977 2402 Πάν-

389 2459 485 2506 τες
502 2442 595 2513 μὲν
610 2439 706 2498 οὗν
742 2443 933 2506 ἐλέους
980 2443 1220 2514 δεόμεθα
1254 2460 1268 2475 ·
1289 2443 1351 2497 οὐ
1383 2442 1590 2505 πάντες
1618 2441 1677 2495 δὲ
1720 2438 1976 2510 ἐλεούμε-

386 2534 453 2589 θα
473 2552 487 2565 ·
513 2536 542 2587 ὁ
571 2533 684 2608 γὰρ
709 2535 856 2601 Θείος
881 2535 1032 2601 ἔλεος
1053 2537 1145 2591 τὸν
1171 2534 1323 2603 ἄξιον
1351 2532 1623 2604 ἐπιζητεῖ.
1664 2534 1776 2589 Καὶ
1808 2531 1971 2586 ἀσθε-

379 2630 492 2690 νεῖς
520 2627 580 2681 ἃ
609 2629 816 2693 πάντες
851 2627 978 2682 καθ’
1000 2628 1230 2693 ἑαυτοὺς
1285 2627 1474 2699 ἐσμέν.
1539 2626 1685 2682 Ἐὰν
1729 2622 1840 2697 γὰρ
1881 2623 1971 2693 μὴ

377 2720 597 2785 Κύριος
620 2717 997 2789 οἰκοδομήσῃ
1019 2714 1211 2785 οἷκον,
1243 2720 1331 2785 εις
1374 2716 1577 2789 μάτην
1630 2716 1974 2771 ἐκοπίασάν

371 2813 430 2863 οι
452 2810 940 2880 οἰκοδομοῦντες.
987 2810 1125 2865 Ἐὰν
1145 2808 1231 2882 μὴ
1255 2804 1473 2880 Κύριος
1504 2800 1750 2880 φυλάξῃ
1772 2806 1975 2883 πόλιν,

369 2902 467 2967 εις
490 2901 700 2971 μάτην
737 2902 1141 2972 ﬁrmius-near
1179 2903 1213 2958 ὁ
1236 2900 1600 2974 φυλάσσων.

2076 2098 2270 2139 omnes
2302 2097 2405 2138 nos
2436 2090 2702 2152 perpetuo
2733 2080 3061 2152 indigemus.
3096 2078 3232 2136 Nam
3262 2088 3318 2138 et
3365 2081 3496 2137 alibi
3530 2082 3609 2138 ait
3646 2099 3662 2136 :

2077 2172 2137 2228 Si
2167 2174 2472 2244 iniquitates
2494 2173 2870 2234 observaveris,
2894 2171 3400 2242 Domirte,fDomine,
3432 2174 3549 2246 quis
3573 2191 3668 2230 su-

2074 2265 2398 2319 stinebit"?
2434 2264 2565 2319 item
2597 2263 2725 2319 alibi
2766 2283 2780 2321 :
2832 2262 2957 2319 Non
3012 2263 3416 2335 justi/imbitur
3452 2265 3509 2320 in
3543 2282 3671 2322 con-

2074 2358 2255 2425 spectu
2312 2368 2403 2410 tuo
2454 2350 2626 2411 omnis
2681 2358 2852 2411 vivens
2876 2357 2970 2412 τυ.
3025 2352 3092 2411 Et
3157 2371 3356 2413 rursus
3400 2356 3667 2428 propheta

2074 2448 2217 2504 alius
2247 2465 2260 2503 :
2293 2447 2424 2516 Quis
2445 2446 2791 2519 gloriabitur,
2818 2445 3020 2516 inquit,
3054 2446 3309 2500 mundum
3334 2462 3426 2501 cor
3453 2446 3666 2513 habere,

2078 2551 2172 2595 aut
2204 2540 2322 2612 quis
2351 2539 2579 2609 conﬁdet
2605 2537 2832 2593 ntsndus
2863 2553 2977 2592 esse
3008 2555 3040 2592 (ι
3075 2534 3321 2593 sordibus
3343 2538 3389 2569 "
3414 2537 3439 2593 ?
3467 2535 3671 2595 Omnes

2076 2632 2264 2702 itaque
2321 2629 2634 2701 indigemus
2692 2628 2883 2683 divina
2947 2628 3389 2699 misericordia:
3448 2632 3669 2688 tametsi

2078 2735 2189 2777 non
2221 2735 2414 2776 omnes
2439 2720 2587 2774 illam
2613 2733 3028 2790 consequamur
3054 2761 3068 2786 ,
3111 2734 3238 2777 curn
3270 2721 3412 2778 Deus
3442 2722 3660 2793 quaerat

2080 2819 2295 2868 tantum
2324 2813 2518 2883 dignos
2574 2826 2655 2867 se.
2722 2809 2929 2868 Omnes
2989 2811 3157 2869 ctiam
3194 2828 3297 2871 nos
3328 2814 3534 2871 inﬁrmi
3568 2830 3669 2871 su-

2085 2917 2208 2958 mus
2242 2921 2256 2959 :
2288 2903 2417 2975 quia
2453 2899 2579 2957 Nisi
2626 2901 2889 2959 Dominus
2946 2902 3289 2974 wdi/icarerit
3339 2903 3576 2971 domum,
3611 2907 3667 2958 in

372 3008 572 3049 vanum
608 2994 861 3051 laborant
884 2995 976 3066 qui
998 2994 1268 3065 wdiﬁcdnt
1291 3010 1410 3050 eam
1432 2993 1500 3047 ".
1549 2987 1616 3046 Et
1653 2996 1669 3046 ἑ
1704 2990 1827 3046 Nisi
1858 2991 2118 3049 Dominus
2175 2996 2488 3051 custodierit
2555 2995 2843 3053 civitatem.
2915 2995 3122 3065 frustra
3182 2995 3367 3066 vigilat
3414 3000 3506 3069 qui
3570 3016 3667 3055 ου’
3718 3012 3726 3026 ·

370 3086 544 3145 studit
587 3087 790 3143 eam”.

444 3179 651 3235 'Iao'at
670 3195 768 3250 με.
810 3180 1009 3250 Κύριε,
1040 3176 1131 3235 ὅτι
1166 3179 1467 3250 ἐταράχθη
1514 3179 1585 3234 τὰ
1622 3178 1777 3237 ὀστᾶ
1817 3197 1958 3249 μου.

374 3270 453 3324 Τδ
492 3270 607 3325 ἀπὸ
638 3269 749 3323 τῶν
774 3268 1102 3342 πειρασμῶν
1138 3269 1325 3340 ἄλγος,
1351 3267 1448 3325 καὶ
1469 3268 1653 3324 αὐτῶν
1686 3269 1960 3340 καθήκετο

377 3363 490 3418 ’ῶν
522 3360 874 3434 ἀναισθήτων
897 3360 1106 3417 ὀστέων
1133 3379 1258 3433 μου,
1299 3362 1396 3419 καὶ
1455 3361 1751 3431 ὲκλόνησεν
1798 3359 1967 3417 αὐτὰ.
1994 3392 2039 3449 c

374 3452 482 3507 Διὰ
510 3454 676 3506 τοῦτο
707 3451 765 3506 δὲ
793 3451 1142 3524 παρέστησεν
1191 3452 1295 3525 τὴν
1342 3450 1654 3526 ὑπερϐολὴν
1708 3452 1801 3506 τοῦ
1863 3452 1971 3507 πά-

376 3544 535 3609 θους.
568 3544 643 3598 Ἢ
682 3546 776 3600 καὶ
799 3543 941 3601 ὀστᾶ
971 3544 1212 3616 νοητέον,
1255 3545 1355 3610 τὰς
1410 3545 1507 3601 τοῦ
1546 3545 1639 3600 νοῦ
1689 3544 1968 3617 δυνάμεις,

376 3634 472 3704 αἷς
501 3632 660 3704 οὗτος
692 3638 1060 3712 ἐπερείδεται.
1456 3658 1464 3667 ’

446 3821 565 3875 Kal
586 3821 628 3889 ἡ
658 3820 831 3891 ψυχή
850 3838 974 3892 μου
1005 3820 1306 3892 ἐταράχθη
1333 3820 1593 3892 σφόδρα.
1645 3820 1738 3893 Μὴ
1768 3819 1968 3892 φέρου-

378 3932 450 3969 σα
471 3913 576 3986 τὴν
606 3913 731 3986 βίαν
760 3913 1050 3983 ἀλγεινῶν.
1083 3916 1404 3986 Προσφορον
1424 3913 1483 3969 δὲ
1517 3912 1577 3967 τὸ
1629 3912 1813 3985 ῥητὸν,
1865 3914 1970 3966 καὶ

371 4008 509 4061 ὅταν
530 4006 619 4070 τις
641 4006 907 4078 οἰστρηθῇ
942 3995 1080 4076 πρὸς
1103 4000 1278 4077 θυμδν
1316 4004 1536 4074 ἄλογον,
1565 4006 1600 4079 ἢ
1629 4005 1766 4075 πρὸς
1833 4006 1961 4059 ἑπι-

375 4097 590 4168 θυμίαν
616 4097 872 4168 αἰσχράν.
910 4096 1046 4150 Τότε
1077 4096 1187 4168 γὰρ
1218 4095 1460 4160 πνεύσας
1489 4096 1658 4160 πολὺς
1703 4097 1732 4149 ὁ
1779 4093 1965 4150 διάϐο-

373 4190 496 4253 λος,
529 4189 768 4261 ἐτάραξε
787 4189 884 4244 καὶ
911 4188 975 4244 τὸ
999 4188 1178 4259 σῶμα,
1220 4189 1316 4243 καὶ
1356 4188 1458 4261 τὴν
1488 4188 1688 4258 ψυχὴν,
1745 4187 1819 4250 ὡς
1842 4186 1968 4242 ἆνε-

375 4300 484 4352 μος
544 4278 848 4347 θαλάσσας,
883 4279 1140 4353 ἐμπεσών
1162 4297 1176 4311 ·
1211 4281 1489 4336 κυκῶνται
1516 4280 1626 4353 γὰρ
1648 4281 1838 4350 ἄμφω,
1871 4278 1966 4332 καὶ

374 4372 769 4445 κυμαίνονται,
798 4372 896 4428 καὶ
920 4373 984 4426 οὐ
1023 4372 1356 4449 φυλάττουσι
1382 4372 1485 4443 τὴν
1514 4371 1727 4426 ἑαυτῶν
1781 4369 1960 4436 τάξιν,

372 4465 472 4518 καὶ
523 4465 881 4520 κατάστασιν.
1045 4459 1049 4463 ’

448 4643 564 4699 Kal
590 4641 696 4709 σὺ,
713 4643 910 4712 Κύριε,
935 4641 1049 4708 ἕως
1076 4644 1243 4696 πότε.
1266 4639 1574 4704 Τοῦτο,οὐκ
1603 4639 1967 4708 ἐγκαλοῦντός

2140 3173 2289 3229 Sana
2325 3191 2424 3241 me,
2488 3182 2710 3237 .omme,
2749 3188 3000 3243 quoniam
3035 3174 3354 3229 conturbata
3389 3185 3512 3230 sunt
3537 3188 3664 3231 ossa

2069 3282 2207 3321 mea.
2272 3265 2438 3322 Dolor
2498 3262 2595 3337 qui
2652 3266 2908 3322 summus
2961 3265 3097 3320 mihi
3140 3265 3283 3322 inest
3326 3266 3396 3322 ab
3424 3268 3664 3325 assiduis

2073 3356 2487 3420 aiilictionibus,
2549 3355 2618 3411 ad
2673 3370 2850 3427 usque
2899 3370 3029 3413 ossa
3071 3354 3185 3426 ipsa
3212 3372 3380 3413 sensu
3411 3359 3664 3415 carentia

2073 3447 2344 3518 pervenit,
2409 3450 2574 3516 atque
2623 3460 2687 3501 ea
2753 3447 3060 3502 concussit.
3121 3446 3216 3504 liis
3243 3454 3427 3504 autem
3473 3449 3659 3508 verbis

2072 3537 2347 3612 passionis
2378 3552 2493 3595 suae
2519 3538 2919 3595 vehementiam
2962 3539 3383 3596 demonstravit.
3435 3539 3534 3597 Vel
3558 3556 3659 3615 per

2070 3632 2196 3687 Ossa
2231 3629 2540 3702 intelligere
2568 3645 2865 3701 possumus
2896 3631 3040 3687 vires
3081 3645 3145 3687 ac
3182 3632 3481 3702 potentias,
3538 3634 3663 3704 qui-

2070 3722 2175 3777 bus
2207 3737 2364 3778 mens
2397 3722 2516 3792 ipsa
2551 3721 2876 3778 sustinetur.

2143 3811 2311 3868 Vsus.
2347 3811 2402 3869 4.
2442 3811 2509 3867 Et
2567 3813 2751 3868 anima
2786 3829 2902 3867 mea
2950 3812 3170 3867 turbata
3201 3822 3280 3869 est
3336 3814 3511 3870 valde.
3539 3812 3658 3872 Non

2070 3908 2351 3965 SuStinens
2425 3906 2637 3963 scilicet
2701 3904 2954 3962 dolarum
3008 3908 3141 3963 vim.
3196 3907 3660 3967 Commodissima

2069 4005 2251 4053 autem
2304 3996 2509 4051 dicitur
2564 3993 2656 4050 hic
2735 3995 3069 4063 versiculus,
3127 3996 3344 4066 quoties
3402 3998 3528 4069 quis
3589 3994 3658 4054 ad

2071 4091 2208 4145 iram
2236 4091 2479 4161 aliquam
2540 4088 3006 4154 irrationabilem,
3063 4097 3160 4144 aut
3214 4102 3414 4159 pravas
3442 4103 3657 4145 concu-

2070 4183 2371 4255 piscentias
2426 4179 2595 4235 fuerit
2640 4179 2979 4235 stimulatus.
3014 4178 3176 4234 Tunc
3206 4180 3352 4235 enim
3387 4180 3657 4237 diabolus"

2070 4276 2360 4332 immodice
2406 4273 2624 4345 spirans
2671 4272 2910 4328 animam
2940 4272 3079 4328 Solet
3110 4278 3164 4327 et
3202 4286 3405 4342 corpus
3433 4281 3654 4343 pertur-

2070 4366 2220 4433 bare,
2249 4381 2354 4421 non
2391 4374 2555 4421 secus
2588 4377 2653 4419 ac
2676 4360 2894 4418 validus
2922 4371 3119 4417 ventus
3151 4362 3206 4416 in
3237 4376 3387 4417 mare
3408 4360 3653 4419 irruens.

2068 4456 2372 4515 Miscentur
2400 4458 2549 4514 enim
2584 4470 2691 4512 una
2726 4455 2889 4510 ambo
2917 4463 3082 4524 atque
3106 4461 3362 4518 aestuant,
3390 4467 3494 4508 nec
3524 4467 3653 4523 pro-

2067 4552 2251 4621 prium
2276 4549 2511 4621 aliquem
2551 4548 2758 4614 locum,
2784 4553 2880 4602 aut
2909 4546 3160 4602 ordinem
3193 4552 3437 4600 servant.

2143 4638 2208 4694 Et
2236 4648 2313 4704 tu,
2357 4639 2598 4706 Domine,
2630 4646 2920 4709 usquequo.
2958 4635 3130 4692 Verba
3174 4635 3291 4691 haec
3337 4649 3446 4691 non
3486 4651 3656 4692 accu-

374 4737 551 4801 ἔστιν,
608 4734 724 4788 ἀλλ’
779 4734 994 4798 ὀδύναις
1057 4732 1536 4803 κατατεινομένου.
1590 4733 1797 4803 Μακρά
1846 4750 1959 4804 μοι,

2075 4732 2247 4786 santis
2298 4737 2456 4795 sunt,
2489 4728 2587 4785 sed
2635 4726 2880 4783 hominis
2912 4726 2967 4781 in
3019 4724 3302 4781 doloribus
3338 4725 3653 4782 constituti.

378 4828 542 4900 φησι,
576 4826 854 4899 γέγονενή
890 4825 1001 4880 ἀπὸ
1051 4825 1147 4880 σοῦ
1180 4826 1510 4897 παρόρασις,
1544 4822 1722 4889 οὕτως
1759 4824 1959 4896 ἔχοντι.
1996 4844 2009 4851 ’

373 4918 507 4981 Τοῖς
541 4919 645 4990 μὲν
667 4915 762 4972 οὖν
792 4910 1212 4989 πειραζομένοις
1252 4915 1315 4981 ἐξ
1334 4913 1635 4988 ἁμαρτίας,
1664 4914 1767 4971 οὐκ
1799 4917 1963 4980 εὐθὺς

373 5012 669 5082 ἐπικουρεῖ
702 5011 824 5066 κατ’
845 5009 1182 5081 οἰκονομίαν.
1213 5004 1409 5079 Καιρῷ
1435 5007 1566 5080 γὰρ,
1597 5006 1750 5078 φησι,
1776 5006 1965 5074 δεκτῷ

373 5098 709 5170 ἐπήκουσά
734 5116 854 5158 σου
873 5119 890 5136 ο
918 5103 1032 5166 τοῖς
1059 5100 1117 5155 ὁὶ
1153 5100 1213 5169 ἐξ
1251 5101 1518 5172 ἔπηρεῑας
1570 5098 1665 5153 τοῦ
1701 5098 1963 5170 πονηροῦ,

372 5195 472 5249 καὶ
497 5195 648 5265 μάλα
672 5209 690 5225 ο
722 5196 850 5250 Ἔτι
879 5195 1011 5265 γὰρ,
1048 5194 1207 5266 φησὶ,
1237 5192 1583 5257 λαλοῦντός
1634 5206 1775 5257 σου,
1811 5189 1927 5259 ἐρῶ
1949 5206 1964 5222 υ

379 5287 538 5344 Ἰδοὺ
559 5285 819 5359 πάρειμι.
1064 5296 1073 5304 ’

455 5552 892 5621 Ἐπιστρεψον,
943 5549 1153 5619 Κύριε,
1185 5548 1375 5620 ῥῦσαι
1422 5547 1781 5619 τὴν-’ψυχήν
1812 5566 1954 5618 μου.
1988 5548 2001 5557 ”

443 5798 489 5831 ⁷⁸
524 5795 673 5852 Psai.
736 5807 928 5863 cun,
972 5793 1030 5851 δι
1102 5792 1182 5829 τί*
1230 5791 1377 5850 Psal.
1453 5789 1704 5858 cxur,2.
1769 5791 1814 5825 ⁷·
1854 5787 1992 5851 ibid.

2075 4824 2200 4889 Din,
2258 4823 2460 4893 inquit,
2493 4837 2523 4875 a
2551 4830 2603 4876 te
2627 4834 2729 4892 ego
2774 4818 3058 4889 neglectus
3109 4833 3254 4882 sum,
3307 4824 3653 4875 cumtamen

2071 4914 2277 4969 auxilio
2301 4921 2396 4967 tuo
2431 4910 2752 4984 indigerem.
2791 4909 2940 4966 Deus
2962 4907 3113 4966 enim
3164 4907 3233 4965 iis
3291 4909 3383 4980 qui
3423 4917 3653 4981 propter

2074 5005 2290 5078 prOpria
2330 5011 2568 5077 peccata'
2603 5002 2938 5060 tentationes
2992 5002 3294 5067 sustinent,
3349 4986 3656 5057 non'90iet

2073 5097 2257 5152 statim
2288 5097 2543 5153 auxiliari
2589 5114 2604 5151 :
2648 5104 2813 5169 atque
2841 5095 2947 5151 hoc
2978 5109 3173 5167 magna
3194 5108 3320 5150 cum
3361 5093 3655 5164 dispensa-

2075 5189 2225 5244 tione
2247 5190 2379 5261 agit.
2418 5188 2671 5257 Tempore
2700 5191 2844 5262 enim
2875 5197 3116 5259 accepto,
3172 5184 3372 5255 inquit,
3404 5183 3655 5239 exaudiui

2073 5288 2142 5332 te.
2178 5276 2252 5334 iis
2281 5292 2412 5335 vero
2450 5279 2544 5351 qui
2603 5280 2675 5335 ob
2705 5277 2975 5334 daemonis
3013 5277 3322 5332 calumnias
3350 5273 3402 5329 id
3432 5272 3653 5343 patiun-

2066 5376 2176 5435 tur,
2218 5370 2402 5425 statim
2437 5370 2593 5427 adest
2628 5389 2642 5425 :
2677 5369 2860 5424 Adhuc
2899 5370 3067 5433 enim,
3102 5365 3300 5436 inquit,
3335 5362 3573 5430 loquente
3599 5370 3650 5416 te

2063 5454 2260 5529 dicam,
2289 5458 2421 5517 Ecce
2447 5460 2660 5517 adsum.

2136 5547 2306 5608 Vsus.
2332 5552 2384 5606 ὅ.
2400 5550 2730 5618 Convertere,
2759 5549 2997 5616 Domine,
3025 5546 3166 5617 eripe
3189 5543 3424 5600 animant
3452 5556 3648 5609 meam,

2071 5789 2116 5823 "
2156 5789 2303 5857 Psai.
2333 5803 2522 5856 cus],
2548 5788 2599 5844 i.
2668 5785 2725 5859 “_
2751 5783 2891 5843 ibid.
