4146 6444
462 357 512 416 ’Ἰ
533 354 590 417 hi

1759 348 2143 411 EUTHYMII
2192 347 2555 410 ZIGABENI

3650 337 3754 402 112

387 539 390 542 ἢ
482 475 820 526 Convertere
872 468 938 523 ad
999 481 1106 532 me,
1153 466 1366 536 inquit,
1428 467 1646 521 tametsi
1696 465 1964 521 hactenus
1995 465 2063 520 oh

2171 463 2454 535 Στράφηθι
2491 464 2627 533 πρός
2650 479 2738 534 με,
2771 461 2820 516 εἱ
2849 459 2941 515 καὶ
2967 459 3325 532 ἀπεστράφης
3378 456 3446 511 δι’
3475 455 3512 512 ἃ
3570 456 3754 526 ἥμαρ-

478 573 710 633 peccata
740 576 862 616 mea
893 575 1117 617 aversus
1157 559 1329 615 fueris
1355 573 1385 612 a
1421 572 1510 615 me
1539 575 1553 612 :
1586 568 1640 614 et
1695 559 1850 629 eripe
1881 574 1967 613 me
2000 573 2064 613 ex

487 653 900 709 :tﬂiictiouibus.

556 743 776 798 Salvum
809 758 890 796 me
922 741 1012 812 fac
1030 752 1242 810 propter
1291 739 1716 794 misericordiam
1751 750 1918 794 tuam.
1944 740 2066 795 Non

482 837 556 891 ob
577 837 808 890 virtutes
841 849 1013 898 meas,
1049 833 1250 903 inquit,
1284 831 1338 887 id
1364 843 1529 902 peto;
1556 833 1736 888 nullas
1787 833 1932 889 enim
1961 833 2064 887 ha-

479 930 592 983 .heo
626 928 828 997 quibus
858 926 911 982 id
937 941 1171 982 merear.

556 1016 724 1073 Vens.
759 1016 814 1072 6.
851 1016 1118 1084 Quoniam
1167 1033 1271 1072 non
1324 1025 1400 1072 est
1442 1017 1498 1072 in
1555 1025 1722 1071 morte
1751 1019 1840 1087 qui
1868 1033 2068 1072 memor

485 1109 552 1162 sit
588 1109 686 1162 tui.
750 1107 853 1162 Per
913 1116 1183 1175 mortem,
1229 1119 1512 1177 peccatum
1567 1107 1823 1176 intelligit
1873 1109 2068 1162 mortis

483 1201 801 1254 ministrum
836 1199 947 1265 ;ab
986 1199 1142 1254 initio
1205 1200 1354 1253 enim
1411 1207 1703 1269 peccatum
1759 1198 2066 1253 introduxit

479 1298 754 1354 mortem;
786 1289 862 1344 ait
921 1289 1110 1359 igitur,
1163 1289 1309 1360 quod
1337 1288 1430 1359 qui
1457 1297 1742 1358 peccatum
1768 1287 1919 1353 facit,
1953 1304 2064 1342 non

484 1391 570 1435 est
594 1390 721 1435 tunc
776 1378 867 1433 Dei
926 1395 1154 1435 memor.
1216 1379 1313 1433 Est
1357 1381 1504 1434 enim
1539 1379 1686 1434 velut
1738 1379 1931 1434 ebrius
1969 1387 2066 1432 aut

484 1471 814 1534 obcaecatus,
847 1470 940 1540 qui
972 1479 1182 1541 peccat.
1207 1468 1316 1525 ’νει
1375 1480 1608 1524 mortem
1667 1469 1902 1540 appellat
1929 1480 2067 1524 tem-

483 1578 585 1632 pus
614 1564 826 1626 mortis,
855 1565 986 1632 quia
1022 1563 1116 1617 ubi
1166 1561 1290 1632 quis
1322 1568 1572 1616 mortuus
1606 1563 1789 1627 fuerit,
1823 1563 2063 1617 ablatum

482 1656 530 1710 ei
563 1663 670 1718 est,
707 1665 764 1710 ut
812 1656 983 1723 possit
1013 1654 1247 1725 amplius
1285 1653 1378 1709 Dei
1421 1653 1723 1718 reminisci,
1761 1665 1857 1708 aut
1893 1655 2062 1710 Deum

463 1762 694 1815 -rogare.
733 1746 957 1801 inutiles
981 1747 1129 1800 enim
1159 1755 1289 1800 tunc
1309 1753 1500 1802 essent
1535 1759 1730 1801 omnes
1767 1761 1986 1816 preces.

553 1812 618 1890 in
685 1837 892 1907 inferno
933 1849 1109 1891 autem
1171 1839 1290 1907 quis
1328 1837 1671 1904 conﬁtebitur
1726 1812 1875 1890 tibi?
1918 1839 2062 1891 Ante
2093 1812 2138 1870 Β

482 1930 1005 1998 utortcnrpruitere
1037 1945 1197 1998 quem
1229 1929 1443 2000 potest?
1505 1937 1628 1999 post
1657 1937 1888 1982 mortem
1933 1944 2063 1985 vero

452 2019 866 2072 retributionis
899 2019 1275 2073 tantumnodo
1321 2026 1537 2087 tempus
1577 2027 1661 2072 est
1695 2017 1830 2087 (3i).

551 2109 715 2165 Vens.
753 2109 802 2162 7.
835 2109 1114 2164 ἰαίνοναυὶ
1164 2111 1218 2163 in
1276 2111 1475 2181 gemitu
1531 2126 1667 2176 meo,
1728 2110 1916 2164 lavabo
1968 2127 2063 2180 per

479 2201 718 2271 singulas
768 2212 943 2254 noctes
1002 2200 1194 2254 lectum
1253 2217 1442 2267 meum,
1475 2201 1727 2271 Iacrymis
1760 2203 1888 2256 meis
1920 2212 2064 2256 stra-

466 2303 595 2344 tum
626 2307 798 2344 meum
824 2292 1027 2361 rigabo.
1070 2291 1190 2346 Non
1215 2292 1541 2361 simpliciter
1570 2293 1832 2360 laboravi,
1859 2293 2062 2363 inquit,

467 2385 577 2439 «sed
604 2400 726 2437 cum
751 2383 1046 2454 gemitibus
1076 2400 1091 2451 ;
1124 2398 1248 2452 quae
1300 2399 1387 2437 res
1428 2383 1795 2440 iutensionem
1836 2385 2064 2441 denotat

462 2475 705 2529 ‘Iaboris.
737 2473 845 2528 Nec
904 2472 1232 2544 simpliciter
1282 2475 1448 2528 etiam
1503 2475 1644 2531 dixit
1689 2493 1704 2531 :
1773 2475 2059 2530 Eﬂuntlam

481 2568 891 2636 lacrytnas,scd
924 2563 1137 2620 Lavaba
1188 2565 1382 2619 lectum
1417 2583 1591 2622 meum
1625 2584 1642 2622 :
1675 2584 1855 2640 neque
1896 2571 1952 2623 id
1979 2585 2064 2624 se-

483 2656 592 2710 mel
623 2662 836 2708 tantum
875 2653 1098 2718 faciam,
1132 2655 1333 2724 inquit,
1368 2667 1460 2710 aut
1496 2656 1763 2723 secundo,
1817 2657 1910 2713 sed
1957 2657 2064 2712 ‘Per

482 2747 721 2817 singulas
751 2756 947 2800 noctes.
985 2746 1051 2800 Et
1077 2747 1205 2816 quia
1237 2731 1288 2800 in
1319 2747 1409 2802 die
1440 2747 1605 2802 variae
1639 2765 1726 2805 me
1771 2750 2065 2820 cogitatio-

483 2855 583 2894 nes
622 2838 962 2902 distrahunt,
996 2837 1194 2892 faciant
1245 2838 1447 2908 quietis
1497 2850 1710 2909 tempus
1759 2839 2064 2895 confessio-

485 2934 572 2988 nis
599 2947 739 2999 esse,
810 2931 1027 2987 nemine
1093 2931 1303 2985 scilicet
1375 2940 1626 2986 metune
1662 2932 2062 3002 perturbante;

483 3022 988 3081 commodissimum
1028 3023 1173 3077 enim
1206 3031 1289 3077 est
1322 3023 1388 3075 ad
1420 3021 1800 3092 pmnitentiam
1827 3021 1880 3076 id
1917 3028 2062 3077 tem-

482 3132 607 3186 pus.
646 3114 798 3182 Quoi
835 3129 961 3168 vero
993 3113 1068 3166 ait
1099 3129 1119 3170 :
1157 3112 1433 3184 Lacrymis
1468 3113 1598 3168 meis
1627 3122 1858 3167 stratum
1887 3130 2060 3168 meum

2172 572 2266 609 τον
2301 572 2314 586 υ
2347 555 2444 609 καὶ
2472 555 2660 621 ἐξελοῦ
2707 572 2774 625 με
2798 554 2906 608 τῶν
2938 553 3194 622 θλίψεων.

2240 733 2454 788 Σῶσόν
2503 751 2580 804 με
2609 734 2823 789 ἕνεκεν
2877 734 2984 788 τοῦ
3041 732 3220 787 ἐλέου
3258 749 3400 788 σου.
3433 731 3509 785 Οὐ
3539 730 3626 784 διὰ
3653 730 3753 794 τὰς

2167 825 2306 896 ἐμὰς
2336 827 2535 897 ἀρετάς
2558 843 2572 858 ·
2608 827 2708 879 οὐκ
2745 824 2854 896 ἔχω
2882 824 3012 898 γάρ.

2238 1004 2360 1056 Ὅτι
2417 1005 2529 1057 οὐκ
2587 1003 2761 1057 ἔστιν
2795 1003 2866 1056 ἐν
2914 1002 2994 1068 τῷ
3033 1001 3270 1068 θανάτῳ
3294 1003 3326 1056 ό
3347 1000 3753 1072 μνημονεύων

2165 1108 2302 1150 σου.
2365 1093 2612 1148 Θάνατον
2665 1095 2822 1148 καλεῖ
2878 1095 2975 1165 τὴν
3031 1095 3332 1166 ἁμαρτίαν,
3373 1093 3448 1157 ὡς
3513 1093 3749 1146 θανάτου

2165 1187 2457 1256 πρόξενον·
2506 1187 2788 1259 καταρχὰς
2827 1187 2935 1258 γὰρ
2979 1187 3013 1257 ἡ
3054 1185 3324 1257 ἁμαρτία,
3380 1184 3469 1238 τὸν
3515 1183 3749 1238 θάνατον

2164 1280 2561 1350 ἐπεισήγαγεν.
2613 1281 2751 1348 Φησὶ
2784 1278 2937 1347 γοῦν,
2977 1280 3054 1344 ὡς
3087 1278 3115 1329 ὁ
3141 1279 3240 1348 τὴν
3275 1276 3549 1348 ἁμαρτίαν
3575 1276 3750 1346 πράτ-

2163 1389 2294 1435 των,
2327 1373 2388 1426 οὐ
2424 1371 2760 1442 μνημονεύει
2793 1371 3099 1442 τηνικαῦτα
3138 1369 3296 1436 Θεοῦ,
3333 1369 3552 1439 μεθύων
3583 1369 3742 1438 αὐτῇ,

2164 1464 2260 1517 καὶ
2281 1462 2716 1533 πεπωρωμένος.
2768 1463 2842 1515 Ἦ
2879 1461 3109 1515 θάνατον
3147 1460 3298 1529 λέγει
3342 1460 3433 1513 τὸν
3485 1458 3594 1512 ἀπὺ
3645 1458 3748 1525 τῆς

2162 1551 2422 1620 τελευτῆς
2449 1551 2672 1621 καιρόν·
2709 1549 2830 1621 μεθ’
2859 1550 2888 1602 ὅ
2936 1550 3045 1621 γὰρ
3075 1549 3394 1620 τελευτήσει
3438 1565 3542 1610 τις,
3577 1547 3746 1616 ἀφαι-

2167 1647 2342 1717 ρεῖται
2371 1645 2433 1698 τὸ
2463 1643 2850 1715 μνημονεύειν,
2879 1645 2998 1715 ἦτοι
3042 1643 3384 1712 παρακαλεῖν
3433 1641 3525 1696 τὸν
3563 1640 3697 1694 Θεόν
3727 1654 3744 1672 ο

2163 1739 2397 1808 ἀνόνητα
2418 1739 2546 1809 γάρ.

2241 1833 2344 1884 Ἕν
2374 1830 2443 1883 δὲ
2481 1829 2562 1896 τῷ
2591 1829 2727 1900 ἅδῃ,
2760 1830 2852 1894 τίς
2890 1827 3409 1899 ἐξομολογήσεταὶ
3441 1842 3581 1890 σοι;
3635 1826 3747 1898 Πρὸ

2165 1921 2259 1975 τοῦ
2292 1921 2524 1976 θανάτου
2555 1923 2663 1993 γὰρ
2699 1924 2731 1993 ἡ
2766 1923 3028 1992 μετάνοια
3070 1921 3318 1990 γίνεται·
3376 1919 3435 1972 τὸ
3494 1917 3747 1971 ἐντεῦθεν

2163 2014 2241 2080 δὲ,
2273 2014 2463 2085 καιρὸς
2505 2015 2665 2085 μόνον
2691 2015 3124 2078 ἀνταποδόσεως.

2248 2105 2580 2160 Ἐκοπίασα
2595 2105 2663 2161 ἐν
2684 2105 2763 2171 τῷ
2796 2104 3114 2176 στεναγμῷ
3165 2123 3306 2175 μου,
3359 2104 3566 2159 λούσω
3614 2100 3746 2156 καθ’

2163 2198 2434 2268 ἑκάστην
2461 2201 2652 2255 νὺκτα
2680 2200 2796 2268 τὴν
2825 2201 3045 2267 κλίνην
3065 2217 3207 2268 μου,
3239 2199 3308 2252 ἐν
3340 2197 3605 2266 δάκρυσί
3625 2214 3746 2265 μου

2163 2291 2280 2362 τὴν
2301 2292 2642 2363 στρωμνήν
2663 2311 2784 2363 μου
2817 2292 3043 2362 βρέξω.
3095 2292 3212 2362 Οὐχ
3272 2291 3458 2354 ἁπλῶς
3511 2290 3742 2359 ἔκαμον,

2162 2383 2301 2438 ἀλλὰ
2356 2385 2451 2438 καὶ
2483 2385 2773 2451 ἐκοπίασα,
2810 2383 3087 2448 στενάζων
3120 2399 3134 2413 ⁶
3170 2382 3331 2436 τοῦτο
3383 2382 3492 2451 γὰρ
3544 2380 3742 2434 ἐπίτα-

2167 2486 2281 2538 σιςο
2313 2474 2410 2528 καλ⁸
2451 2475 2553 2546 οὐχ
2579 2474 2771 2538 ἁπλῶς
2799 2474 3076 2546 δακρύσω,
3112 2472 3252 2528 ἀλλὰ
3283 2474 3378 2527 καὶ
3425 2471 3603 2525 λούσω
3646 2470 3746 2541 τὴν

2164 2565 2354 2636 κλίνην
2395 2582 2521 2636 μου,
2551 2566 2648 2620 καὶ
2668 2565 2765 2638 οὐχ
2791 2565 2936 2632 ἅπαξ
2975 2567 3008 2638 ἢ
3057 2566 3162 2631 δὶς,
3186 2565 3323 2619 ἀλλὰ
3354 2564 3477 2618 καθ’
3505 2565 3745 2634 ἑκάστην

2164 2657 2357 2712 νύκτα.
2410 2658 2565 2712 Ἐπεὶ
2593 2658 2702 2730 γὰρ
2737 2661 2800 2712 ὲν
2829 2659 3067 2731 ἡμέραις
3091 2658 3431 2729 περισπῶσιν
3480 2657 3536 2710 αἱ
3577 2673 3744 2726 φρον-

2163 2747 2329 2812 τίδες,
2355 2746 2447 2802 τὸν
2471 2751 2572 2819 τῆς
2626 2747 2991 2812 ἀναπαύσεως
3046 2749 3258 2820 καιρὸν,
3299 2746 3746 2818 ἐξομολογήσεως

2165 2838 2360 2910 καιρὸν
2399 2838 2511 2908 ἐγὼ
2543 2839 2867 2911 ποιήσομαι,
2892 2839 3124 2911 μηδενὸς
3151 2839 3502 2910 ἐνοχλοῦντος
3527 2857 3541 2870 ·
3588 2837 3744 2890 εὔθε-

2163 2946 2256 2992 τος
2308 2928 2417 2999 γὰρ
2463 2930 2492 2984 ὁ
2541 2930 2734 3001 καιρὸς
2790 2923 2946 2996 οὗτος
3009 2932 3091 2995 εἰς
3153 2931 3464 3001 μετάνοιαν.
3519 2931 3627 2984 Τοῦ
3685 2930 3744 2983 δὲ

2163 3021 2401 3087 Λούσω,
2431 3021 2524 3077 καλ⁷
2553 3022 2661 3075 τῶν
2693 3023 2852 3094 ἑξῆς,
2881 3023 2960 3090 τὸ,
3030 3026 3132 3078 Ἐν
3163 3023 3426 3093 δάκρυσί
3465 3041 3610 3095 μου,
3648 3024 3747 3076 καὶ

2164 3113 2236 3167 τὰ
2255 3113 2405 3184 ἑξῆς,
2428 3115 2873 3186 ὲφερμηνευτικά
2895 3117 3064 3184 ἐστιν,
3081 3117 3158 3182 ὡς
3186 3117 3514 3189 σαφέστερα.
3556 3115 3750 3170 Ἀκού-

484 3205 687 3277 riga‘bo,
745 3203 1052 3275 expositive
1111 3204 1316 3258 dictum
1357 3211 1442 3258 est
1491 3203 1556 3258 ad
1591 3203 1976 3274 praecedentia,
2008 3213 2063 3258 et

2171 3220 2354 3275 σωμεν
2419 3207 2472 3260 οἱ
2529 3204 2739 3260 ἰδιῶται
2777 3206 3042 3277 βασιλέως
3085 3207 3399 3279 μετάνοιαν,
3428 3207 3522 3261 καί
3569 3206 3750 3278 ζηλώ-

484 3296 552 3350 ad
583 3297 872 3351 clariorem
930 3309 1152 3350 sensum
1204 3294 1424 3348 illorum
1473 3294 1768 3349 verborum
1803 3308 1818 3346 :
1849 3292 2061 3348 Lavabo

2172 3312 2376 3367 σωμεν.
2417 3297 2788 3367 Προὸάλλεται
2815 3298 2872 3352 δὲ
2905 3299 3086 3353 ταῦτα
3110 3303 3192 3365 εἰς
3226 3299 3483 3372 ἀφορμὴν
3539 3299 3746 3365 ἐλέους,

480 3403 574 3458 per
601 3387 840 3456 singulas
871 3393 1049 3440 noctes
1095 3385 1288 3438 lectum
1351 3400 1542 3439 meum.
1603 3384 1909 3441 Audiamus
1933 3400 2063 3441 vero

2171 3386 2259 3442 ἵνα
2298 3388 2622 3459 καὶμᾶλλον
2653 3390 2850 3463 κάμψῃ
2883 3391 2972 3445 τδν
3014 3391 3416 3463 εῠσπλαγχνον,
3480 3391 3555 3462 μή
3613 3407 3745 3444 ποτε

483 3491 586 3530 nos
647 3473 967 3529 homunculi
1009 3473 1143 3528 tanti
1196 3472 1344 3543 regis
1376 3473 1784 3544 pcenitentiam,
1829 3488 2062 3544 eamque

2169 3477 2230 3531 τὸ
2258 3479 2360 3548 τῆς
2394 3478 2768 3550 ταλαιπωρίας
2814 3482 3154 3554 ὑπερϐάλλον
3195 3482 3512 3554 καταϐάλλῃ
3542 3483 3641 3553 τὴν
3685 3481 3747 3534 ἐν

485 3568 783 3620 imitemur.
809 3562 1049 3618 Protulit
1077 3571 1256 3617 autem
1291 3563 1405 3616 haec
1435 3563 1606 3618 verba
1638 3564 1832 3620 beatus
1865 3563 2059 3631 David,

2169 3570 2319 3641 αὐτῷ
2347 3570 2598 3642 δύναμιν,
2633 3574 2728 3646 καὶ
2751 3575 3024 3647 ἄχρηστον
3053 3577 3459 3647 ἀπεργάσηται.

484 3659 550 3714 atl
574 3657 919 3714 excitandam
955 3656 1010 3710 in
1043 3671 1102 3711 se
1135 3655 1572 3710 misericordiam
1605 3657 1720 3723 Dei,
1755 3665 1923 3728 utque
1968 3661 2035 3715 ad
2071 3676 2192 3718 eam
2226 3664 2395 3722 Deum
2427 3669 2602 3740 magis
2626 3669 2868 3726 ﬂecteret
2921 3689 2934 3725 :
2993 3687 3063 3726 ne
3123 3672 3418 3742 aliquando
3487 3670 3744 3741 fortassis

485 3752 710 3822 grandis
757 3749 1137 3803 calamitatum
1171 3749 1428 3803 cumulus
1476 3750 1622 3806 vires
1648 3766 1778 3809 suas
1811 3762 2208 3827 prosterneret,
2232 3767 2395 3831 atque
2427 3778 2553 3818 eum
2587 3763 2834 3819 inutilem
2867 3765 3140 3822 redderet.

558 3843 725 3901 Vens.
757 3845 811 3900 8.
841 3843 1109 3899 Turbatus
1126 3853 1204 3898 est
1230 3860 1261 3898 a
1285 3843 1466 3913 furore
1494 3846 1680 3902 oculus
1716 3864 1880 3902 meus.
1917 3848 2064 3904 Ocu-

472 3937 570 3992 lus
603 3935 799 3990 anima:
853 3935 1090 4000 scilicet,
1155 3935 1259 3990 hoc
1306 3944 1388 3990 est
1419 3950 1574 3993 mens
1605 3953 1748 3994 mea.
1791 3938 2063 3997 Conside-

481 4042 611 4082 rans
637 4026 782 4080 enim
807 4040 928 4096 ego,
962 4025 1162 4096 inquit,
1213 4024 1456 4081 furorem
1509 4026 1778 4084 adversus
1804 4041 2062 4099 peccato-

481 4135 593 4184 res,
631 4120 684 4174 in
717 4118 804 4172 die
857 4117 1075 4188 judicii,
1109 4120 1464 4174 vehementer
1513 4095 2056 4190 perturbatus-sum.

454 4212 732 4282 :Congrue
776 4225 902 4264 vero
973 4219 1210 4266 mentem
1271 4213 1447 4280 ipsam
1477 4212 1700 4267 oculum
1739 4215 2058 4284 appellavit,

459 4305 648 4358 ~.veluti
713 4304 807 4374 qui
855 4303 1150 4358 itineribus
1208 4302 1462 4358 omnibus
1531 4303 1643 4359 dux
1691 4314 1796 4360 est.
1845 4305 1980 4360 Nam
2006 4316 2060 4362 et

481 4413 638 4453 tuens
678 4397 822 4450 videt
881 4405 939 4450 et
971 4395 1146 4449 audit.
1201 4396 1382 4464 Aliqui
1417 4397 1581 4450 etiam
1615 4397 1805 4454 dicunt
1832 4400 2055 4455 oculum

454 4489 734 4559 -t‘0l‘p0l‘is
760 4489 905 4543 beati
943 4487 1112 4542 David
1135 4487 1524 4557 perturbatum
1550 4487 1744 4557 fuisse,
1787 4507 1914 4546 cum
1943 4496 2058 4548 ira-

453 4591 584 4636 't'ts.
607 4586 756 4633 esset
780 4576 1065 4645 .adversus
1125 4578 1402 4632 inimicos.
1447 4576 1740 4648 Proprium
1801 4583 1948 4637 enim
1999 4598 2065 4639 ac

483 4670 758 4738 peculiare
796 4677 880 4723 est
919 4668 986 4724 iis
1013 4668 1112 4739 qui
1165 4668 1502 4735 irascuntur,
1533 4680 1593 4725 ut
1622 4671 1769 4726 oculi
1812 4673 1894 4729 eis
1946 4681 2063 4727 tur-

485 4761 703 4813 bentur.

556 4849 886 4904 Iuvetemtus
925 4866 1040 4904 sum
1077 4853 1211 4904 inter
1241 4851 1418 4908 omnes
1459 4854 1707 4910 inimicos
1758 4871 1922 4910 meos.
1955 4854 2062 4911 Ve-

480 4941 872 4996 torascentium
904 4943 1356 4998 vestimentorum
1391 4946 1567 5001 instar
1615 4947 1897 5016 neglectus
1935 4963 2059 5004 sum

479 5046 547 5086 ac
571 5032 872 5101 vilipeusus
918 5033 986 5087 ab
1033 5032 1449 5091 iuimicismeis
1498 5054 1513 5091 :
1573 5038 1666 5107 qui
1716 5045 1896 5095 tamen
1935 5049 2060 5094 ante

457 5123 776 5178 .-contmissa
798 5139 827 5177 a
871 5139 956 5179 me
980 5123 1199 5189 deiicta,
1233 5127 1498 5182 timebant
1532 5143 1642 5184 me.
1687 5127 1790 5184 γει
1846 5129 2053 5184 Inrete-

478 5223 628 5268 ratus
661 5231 799 5278 sum,
835 5214 937 5268 ltoc
976 5226 1062 5270 est
1106 5215 1340 5270 debilior
1383 5217 1632 5276 eﬂ‘ectus.
1690 5216 1859 5276 Senes
1905 5222 2050 5275 enim

477 5307 770 5362 debiliores
787 5307 1008 5362 .viribus
1025 5305 1180 5362 .eliici
1213 5309 1412 5364 solent.

547 5395 716 5453 Vens.
767 5399 822 5453 9.
862 5398 1127 5452 Discedite
1179 5416 1212 5453 a
1267 5415 1348 5452 me
1389 5416 1567 5455 omnes
1623 5403 1712 5473 qui
1757 5406 2048 5473 operamini

2254 3857 2580 3928 Ἐταράχθη
2612 3859 2728 3913 ἀπὸ
2754 3860 2943 3929 θυμοῦ
2967 3863 3000 3916 ὀ
3022 3861 3336 3932 ὀφθαλμός
3357 3880 3498 3950 μου.
3554 3863 3614 3916 '0
3647 3865 3747 3934 τῆς

2166 3945 2348 4017 ψυχῆς
2381 3948 2605 4021 δηλαδὴ,
2638 3952 2917 4007 τουτέστιν
2962 3953 2991 4006 ὁ
3023 3952 3147 4018 νοῦς
3174 3970 3188 3985 ο
3241 3945 3440 4009 ἐννοῶν
3499 3957 3608 4028 γὰρ
3653 3957 3744 4013 τὸν

2168 4038 2340 4110 θυμόν
2374 4057 2496 4107 σου,
2535 4041 2627 4095 τὸν
2666 4044 2924 4116 ἐνήμέρᾳ
2953 4047 3189 4118 κρίσεως
3218 4046 3358 4100 κατὰ
3404 4048 3512 4102 τῶν
3556 4049 3742 4120 ἁμαρ-

2136 4131 2376 4200 ·τωλῶν,
2435 4132 2555 4187 λίαν
2596 4134 2980 4208 τεθορύϐηται.
3040 4139 3344 4210 Προσφυῶς
3401 4140 3459 4194 δὲ
3497 4141 3587 4195 τὸν
3615 4140 3743 4195 νοῦν

2166 4221 2447 4294 ὀφθαλμὸν
2485 4225 2766 4294 ἐκάλεσεν,
2799 4215 2876 4294 ὡς
2935 4230 3236 4301 ὁδηγοῦντα
3292 4231 3386 4285 τὸν
3432 4233 3742 4304 ἄνθρωπον.

2168 4313 2318 4379 Νοῦς
2349 4317 2457 4388 γὰρ
2486 4320 2608 4390 ὁρᾷ,
2645 4322 2738 4374 καὶ
2765 4321 2889 4385 νοῦς
2923 4322 3132 4379 ἀκούει.
3195 4324 3352 4388 Τινὲς
3400 4325 3458 4380 δὲ
3501 4326 3594 4379 καὶ
3647 4326 3739 4380 τὸν

2165 4405 2261 4458 τοῦ
2296 4405 2548 4477 σώματος
2575 4409 2855 4478 ὀφθαλμὸν
2887 4412 3055 4465 αὑτοῦ
3088 4415 3222 4484 φασὶ
3246 4415 3600 4486 τεταράχθαι,
3643 4416 3742 4468 θυ-

2171 4499 2445 4567 μουμένου
2482 4499 2628 4552 κατὰ
2657 4500 2765 4553 τῶν
2789 4501 3000 4572 ὲχθρῶν
3034 4520 3049 4536 ο
3087 4504 3217 4558 [ὄιον
3263 4505 3373 4577 γὰρ
3425 4507 3579 4560 τουτὶ
3634 4506 3741 4559 τῶν

2165 4588 2307 4657 ἄγαν
2338 4589 2729 4661 ὀργιζομένων.

2247 4855 2664 4927 Ἐπαλαιώθῃν
2689 4859 2759 4914 ἐν
2792 4859 2948 4918 πᾶσι
2973 4863 3098 4932 τοῖς
3118 4864 3356 4934 ἐχθροῖς
3388 4883 3530 4937 μου.
3573 4865 3740 4938 Δίκην

2161 4947 2271 5002 τῶν
2301 4949 2774 5022 πεπαλαιωμένων
2807 4954 3038 5024 ἱματίων
3069 4957 3376 5029 ἠτιμώθην,
3420 4961 3517 5014 καὶ
3571 4978 3740 5016 κατε-

2163 5041 2441 5112 φρονήθην
2484 5041 2590 5096 ὑπὸ
2618 5041 2726 5095 τῶν
2751 5045 2986 5115 ἐχθρῶν,
3007 5048 3116 5102 τῶν
3147 5050 3499 5122 φοϐουμένων
3527 5069 3595 5122 με
3631 5053 3739 5124 πρὸ

2163 5131 2262 5201 τῆς
2294 5132 2589 5202 ἁμαρτίας.
2623 5135 2696 5186 Ἦ
2723 5135 3133 5209 ἐπαλαιώθην,
3160 5141 3282 5197 ἀντὶ
3327 5143 3422 5198 τοῦ
3474 5144 3740 5218 Ἠσθένη-

2165 5237 2234 5274 σα
2266 5238 2279 5254 ·
2310 5224 2359 5276 οἱ
2392 5225 2615 5296 γηραιοὶ
2645 5227 2777 5298 γὰρ,
2809 5229 3076 5294 ἀσθενεῖς.

2242 5401 2577 5473 Ἀπόστητε
2609 5404 2713 5461 ἀπ’
2752 5406 2900 5478 ἐμοῦ
2919 5449 2935 5475 ,
2990 5409 3216 5478 πάντες
3259 5413 3315 5468 οἱ
3363 5412 3738 5485 ἐργαζόμενοι

478 5486 830 5557 iniguitatem.
861 5488 1118 5545 Sentiens
1140 5489 1254 5560 jam
1301 5504 1366 5546 ac
1406 5505 1744 5562 cognoscens
1799 5495 2044 5552 divinum

2163 5493 2274 5564 τὴν
2310 5495 2589 5568 ἀνομίαν.
2627 5500 2960 5575 Δῑσθόμενος
2996 5504 3098 5577 ἤδη
3117 5504 3218 5577 τῆς
3245 5506 3400 5581 παρὰ
3422 5508 3557 5564 Θεοῦ
3589 5527 3736 5582 συμ-

1795 5668 1997 5730 Variae
2024 5669 2358 5735 lectiones.

545 5756 667 5830 βυ
720 5758 908 5818 Graeca
954 5765 1114 5820 verba
1160 5765 1243 5823 sic
1280 5785 1295 5823 :
1337 5765 1474 5823 Ante
1523 5777 1741 5826 mortem
1770 5771 1929 5826 «enim
1969 5772 2039 5840 ﬁt
2079 5776 2402 5833 ownitentia.
