4146 6444
512 402 615 468 115

1777 403 2162 465 EUTHYMII
2209 404 2568 467 ZIGABENI

3679 404 3777 468 illi

512 517 700 588 repias
733 515 1062 586 colligendi:
1097 516 1236 570 utin
1288 514 1445 571 libris
1490 513 1695 584 Regum
1743 513 1909 566 latius
1961 513 2086 567 scri-

2192 516 2383 581 λείας.
2412 514 2598 580 Οὕτως
2633 514 2725 568 οὖν
2756 517 2850 569 καὶ
2881 516 3010 582 υίὸς
3040 516 3265 583 δεξιᾶς,
3296 518 3324 570 6
3363 518 3534 584 δεξιός
3583 535 3642 570 τε
3684 520 3780 570 καὶ

510 617 664 681 ptum
689 609 976 677 reperitur.
1005 608 1086 664 Ab
1111 605 1425 675 liujusmodi
1459 604 1624 676 igi'ur
1651 611 1877 659 strenuo
1905 617 2094 672 opere,

512 699 936 772 appellationem
964 699 1105 753 hanc
1129 697 1295 753 Clmsi
1315 705 1646 753 consecutus
1663 704 1768 763 est,
1797 703 1857 749 ut
1880 694 2092 749 Jemeni

512 794 969 850 filiusdiceretur.
1007 791 1064 848 Si
1093 791 1312 862 quidem
1355 789 2092 859 Jcmenidexterainterpre-
2127 835 2130 839 ,

510 885 792 957 tatur(3'5).
821 885 934 940 Mos
953 899 1083 940 vero
1098 897 1183 939 est
1204 883 1500 955 Scriptura:
1520 898 1709 948 sacrae,
1734 883 1802 936 ab
1818 880 2094 936 exercitiis

511 978 788 1046 aliquibus
819 993 917 1033 seu
952 975 1178 1043 studiis,
1211 984 1470 1046 tanquam
1525 991 1553 1028 a
1578 975 1898 1044 parentibus
1950 972 2093 1027 filios

510 1069 889 1134 deuominarc,
923 1069 1091 1124 veluti
1122 1069 1296 1138 ﬁlium
1328 1069 1472 1138 pacis
1497 1107 1511 1133 ,
1548 1067 1720 1137 [ilium
1771 1065 2043 1135 sapientia:
2074 1105 2090 1130 ,

507 1166 562 1213 et
611 1159 781 1229 ﬁlium
832 1159 1193 1228 perditionis;
1249 1159 1323 1212 ita
1371 1159 1533 1214 etiam
1581 1165 1636 1212 et
1677 1156 1820 1226 ﬁlius
1866 1159 2092 1210 dextera

507 1251 600 1306 ille
628 1251 851 1313 dicitur.
886 1251 979 1322 qui
1021 1251 1214 1306 dexter
1253 1259 1308 1306 et
1358 1250 1680 1305 conuuodus
1719 1249 1897 1303 amico
1928 1246 2092 1303 fuerit

506 1340 745 1412 adjutor.
785 1342 922 1398 Illud
957 1344 1124 1398 etiam
1171 1341 1716 1397 animadvertendum
1753 1350 1835 1395 est
1863 1380 1878 1404 ,
1933 1338 2082 1410 quod

505 1434 795 1506 inscriptio
836 1435 968 1490 dicit
1000 1451 1099 1506 pro
1126 1435 1296 1490 verbis
1328 1434 1493 1490 Chusi
1518 1449 1537 1487 :
1571 1445 1620 1487 et
1649 1441 1834 1487 tamen
1884 1433 1937 1486 iu
1975 1440 2091 1488 toto

503 1528 738 1596 psalmo,
779 1526 1052 1598 Propheta
1096 1527 1300 1581 nullam
1331 1524 1500 1580 Chusi
1547 1524 1862 1578 memoriam
1923 1524 2085 1589 fecit;

504 1616 648 1671 unde
675 1616 782 1671 alia
813 1617 990 1672 oritur
1023 1616 1296 1671 dubitatio
1330 1633 1343 1669 :
1378 1613 1658 1686 quomodo
1689 1615 1900 1670 scilicet
1961 1628 2088 1684 per-

502 1707 671 1763 tineat
699 1707 764 1762 ad
799 1709 1066 1779 psalmum
1114 1707 1420 1778 inscriptio.
1459 1705 1567 1763 Nos
1597 1716 1776 1761 tamen
1823 1707 1966 1774 quod
1997 1721 2090 1762 co-

501 1798 790 1867 gnovimus
826 1815 932 1852 non
964 1798 1288 1854 celabimus.
1322 1797 1458 1854 Cum
1494 1798 1785 1868 paeniteret
1843 1798 2087 1868 Pmphe-

2197 607 2656 676 ἐπιτηδειότατος.
2701 608 2838 661 Ἀλλ’
2870 611 2902 680 ἡ
2939 610 3036 679 μὲν
3076 611 3383 680 ἐπιγραφὴ.
3434 610 3588 678 ὑπὲρ
3656 610 3777 664 τῶν

2197 699 2396 767 λόγων
2427 700 2560 767 φησὶ
2592 699 2780 753 Xovo‘l
2811 717 2826 733 '
2850 718 2922 754 πα
2935 701 2982 772 ρ’
3007 701 3128 755 ὅλον
3153 701 3210 755 δὲ
3238 702 3330 754 τὸν
3367 702 3621 771 Ψαλμδν,
3675 703 3776 756 ούκ

2198 787 2612 856 ἐμνημόνευσεν
2643 791 2670 842 6
2701 789 2867 842 Δαϐὶδ
2897 793 2990 842 τοῦ
3027 791 3217 857 Χουσὶ,
3268 791 3362 844 καὶ
3409 791 3559 844 δοκεῖ
3610 792 3772 846 πάλιν

2196 877 2423 948 ἄπορον.
2463 879 2604 932 Ἀλλ’
2629 882 2760 950 ἡμῖν
2781 881 2838 934 δὲ
2869 881 2928 934 τὸ
2952 881 3350 952 διεγνωσμένον
3378 882 3478 935 οὐκ
3533 884 3780 953 ἀποκρυ-

2194 969 2366 1023 πτέον
2388 985 2404 1001 ο
2442 972 2746 1041 μεταγνοὺς
2773 973 2882 1042 γὰρ
2918 974 2945 1024 6
2975 972 3265 1042 προφήτης
3310 971 3397 1040 ἐφ’
3423 967 3503 1036 οἷς
3543 973 3778 1044 ἤλπισεν

2195 1062 2289 1115 ἐπὶ
2313 1067 2377 1131 τῇ
2409 1064 2624 1116 συνέσει
2677 1065 2868 1125 Χουσὶ,
2920 1064 3262 1134 ὑποθεμένου
3311 1063 3477 1118 αὐτοῦ
3518 1064 3587 1116 τὰ
3649 1064 3778 1132 περὶ

2192 1155 2290 1225 τῆς
2323 1155 2541 1224 ἀπάτης
2580 1153 2922 1226 ’Λϐεσαλὼμ,
2956 1156 3149 1210 καὶτὰ
3182 1157 3311 1227 περὶ
3345 1155 3439 1208 τοῦ
3483 1156 3774 1208 διασκεδά-

2195 1263 2283 1298 σαι
2315 1246 2412 1316 τὴν
2443 1245 2640 1317 βουλὴν
2677 1245 2986 1317 Ἀχιτόφελ,
3024 1246 3116 1298 τὶν
3160 1245 3377 1315 ψαλμὸν
3434 1245 3622 1297 τοῦτον
3663 1244 3780 1316 ᾅδει

2192 1339 2270 1405 τῷ
2329 1337 2469 1411 Θεῷ,
2516 1339 2613 1410 οὐχ
2673 1341 2820 1411 ὑπὲρ
2865 1333 2939 1394 ὧν
2985 1340 3143 1411 ἔτυχε
3180 1339 3332 1410 παρὰ
3362 1339 3462 1408 τῆς
3487 1338 3578 1392 τοῦ
3609 1335 3781 1390 Χουσὶ

2197 1432 2491 1498 συνέσεως,
2550 1433 2664 1486 ἀλλ’
2723 1432 2867 1504 ὑπὲρ
2902 1427 2978 1486 ὧν
3019 1433 3121 1503 τῆς
3176 1432 3313 1503 πρὸς
3371 1431 3508 1484 Θεὸν
3565 1430 3780 1488 ἐλπίδος

2193 1523 2489 1594 ἀφέμενος,
2552 1523 2864 1597 τεθάρῤηκε
2920 1526 3034 1588 τοῖς
3097 1523 3301 1590 λόγοις,
3341 1519 3421 1584 οἷς
3474 1523 3698 1592 εἴρηκεν
3755 1522 3783 1572 6

2193 1616 2364 1670 Χουσὶ
2416 1617 2552 1686 πρὸς
2593 1615 2943 1687 Ἀϐεσαλὼμ,
3004 1615 3334 1678 ἀποσταλεὶς
3400 1615 3552 1682 παρὰ
3592 1612 3778 1667 αὑτοῦ.

2198 1709 2355 1762 Ἐστι
2388 1708 2481 1763 οὖν
2510 1708 2825 1780 ἱλαστήριος
2851 1710 2884 1780 ἡ
2911 1708 3045 1780 ᾠδὴ,
3090 1708 3184 1762 τὸν
3229 1707 3362 1761 Θεὸν
3402 1705 3784 1776 ἐξευμενίζου-

2197 1816 2288 1864 σα,
2323 1800 2415 1852 καὶ
2447 1799 2848 1869 παρακαλοῦσα
2876 1799 2955 1862 εἰς
2980 1798 3260 1869 βοήθειαν.

499 1895 633 1954 tam,
666 1890 813 1959 quod
881 1906 1032 1961 spem
1073 1891 1310 1960 aliquam
1357 1891 1632 1962 posuisset
1682 1891 1736 1945 in
1793 1890 2082 1960 prudentia
2125 1899 2180 1946 et
2205 1891 2450 1947 consiliis
2484 1891 2676 1956 Chusi,
2743 1893 2835 1963 qui
2890 1893 2938 1948 ei
2989 1899 3242 1949 suaserat
3305 1891 3661 1956 deceptorum
3723 1898 3783 1941 se

498 1980 832 2036 Absalonem
861 2019 876 2046 ,
929 1991 983 2036 et
1029 1982 1426 2050 dissipaturum
1454 1982 1685 2037 consilia
1712 1981 2038 2050 Achitopbcl
2062 2023 2077 2049 ,
2121 1981 2438 2052 bujusmodi
2469 1985 2738 2054 psalmum
2779 1985 3090 2056 composnit
3123 1992 3175 2040 et
3206 1983 3408 2039 cecinit
3469 1981 3602 2044 Deo,
3670 1991 3782 2034 non

498 2086 596 2143 pro
627 2071 906 2126 beneficiis
934 2088 1054 2144 qum
1082 2081 1413 2129 consecutus
1443 2072 1620 2128 fuerat
1684 2089 1713 2128 a
1770 2073 2064 2144 prudentia
2093 2082 2146 2130 et
2188 2075 2422 2131 consilio
2445 2073 2618 2131 Chusi
2651 2091 2664 2127 :
2708 2076 2802 2132 sed
2837 2077 2967 2147 quia
3004 2078 3121 2146 ipse
3153 2077 3355 2130 amissa
3386 2074 3474 2128 illa
3505 2089 3623 2142 spe,
3649 2087 3774 2142 qua:

502 2164 778 2235 praecipue
803 2165 856 2220 in
884 2165 1054 2220 Deum
1091 2166 1340 2221 habenda
1369 2175 1530 2233 erat,
1561 2168 1736 2237 magis
1795 2166 1968 2225 fretus
2007 2167 2080 2224 sit
2122 2168 2177 2224 in
2209 2169 2390 2226 verbis
2469 2169 2683 2236 Chusi,
2753 2185 2783 2225 a
2841 2185 2900 2226 se
2959 2170 3026 2225 ad
3074 2169 3401 2224 Absalonem
3455 2166 3631 2222 missi.
3689 2165 3782 2219 Est

499 2253 669 2324 igitur
729 2257 821 2312 bic
893 2259 1141 2329 psalmus
1198 2260 1660 2332 propitiatorius,
1717 2261 2009 2332 placatque
2057 2274 2112 2318 et
2150 2263 2476 2320 benevolum
2517 2263 2695 2319 reddit
2730 2263 2902 2319 Deum
2972 2263 3044 2318 ob
3117 2261 3473 2318 commissum
3539 2273 3784 2315 errorem

452 2379 458 2384 -
500 2349 764 2418 illumque
785 2349 839 2405 in
869 2350 1130 2405 auxilium
1164 2367 1325 2407 suum
1370 2352 1622 2408 advocat.

568 2438 740 2496 Vens.
769 2441 825 2498 2.
845 2441 1068 2496 Domine
1086 2440 1227 2496 Deus
1253 2458 1420 2507 meus,
1464 2444 1518 2496 in
1548 2452 1594 2496 te
1627 2442 1854 2510 speravi,
1887 2443 2086 2498 salvum

2269 2439 2445 2506 Κύριε
2484 2438 2517 2491 ὁ
2540 2436 2682 2501 Θεός
2709 2452 2850 2503 μου,
2877 2433 2977 2488 ἐπὶ
3024 2432 3127 2488 σοὶ
3157 2432 3396 2501 ἤλπισα
3432 2447 3446 2460 ·
3472 2430 3688 2486 σῶσόν
3707 2446 3784 2500 με

499 2551 580 2588 me
603 2533 690 2604 [ac
725 2549 790 2587 ea:
832 2533 1076 2588 omnibus
1122 2533 1550 2603 persequentibus
1589 2549 1692 2598 me,
1714 2540 1762 2588 et
1789 2533 1954 2588 libera
1983 2550 2085 2588 me.

499 2621 654 2677 Licet
680 2660 696 2686 ,
727 2620 908 2691 inquit
939 2662 954 2688 ,
985 2621 1058 2676 ob
1091 2622 1438 2691 prudentiam
1473 2621 1639 2676 Chusi
1675 2621 1899 2692 adjutus
1935 2624 2036 2680 sim
2069 2662 2083 2687 ,

497 2724 552 2770 ct
583 2712 864 2784 paululum
928 2712 1315 2783 respiraveritn
1345 2753 1360 2777 ,
1403 2720 1732 2783 tempusque
1782 2717 2085 2783 acceperim

497 2805 565 2860 ad
594 2803 1039 2875 congregandum
1075 2805 1380 2859 exercitum
1408 2842 1422 2866 ,
1475 2821 1622 2859 nunc
1683 2812 1865 2860 tamen
1900 2807 1952 2860 in
1995 2807 2087 2860 illo

499 2896 736 2965 amplius
789 2911 894 2950 non
948 2894 1165 2950 confido
1198 2912 1212 2948 :
1245 2903 1298 2949 et
1352 2911 1477 2951 cum
1540 2897 1854 2965 propediem
1887 2912 2086 2970 pugnae

497 2986 616 3043 dies
642 2987 771 3041 mihi
805 2988 1009 3052 instet,
1045 3001 1073 3039 a
1103 2993 1158 3041 te
1195 3001 1303 3040 uno
1339 2987 1549 3056 pendeo
1575 3027 1589 3052 ,
1624 2989 1678 3042 in
1715 3003 1878 3057 quem
1917 3005 2083 3043 unum

495 3093 691 3132 omnes
723 3092 848 3148 spes
880 3093 1032 3133 meas
1058 3077 1351 3133 collocavi.
1384 3079 1497 3132 Alia
1530 3079 1675 3133 enim
1712 3080 1915 3144 omnia,
1949 3082 2087 3135 ami-

496 3183 594 3224 cos
622 3168 907 3235 nimirum,
935 3169 1119 3224 socios
1143 3211 1159 3236 ,
1189 3184 1252 3224 ac
1285 3170 1486 3225 milites
1516 3213 1530 3235 ,
1558 3171 1802 3226 secundo
1857 3172 1910 3226 in
1963 3171 2085 3228 loco

496 3273 708 3330 reputo.
737 3261 1014 3332 Scriptum
1045 3268 1133 3317 est
1165 3260 1310 3317 enim
1341 3279 1354 3316 :
1414 3261 1736 3317 Maledictus
1794 3264 1946 3317 homo
1992 3267 2083 3336 qui

495 3370 639 3424 spem
673 3355 821 3422 ponit
899 3355 953 3409 in
977 3354 1187 3409 homine
1217 3355 1286 3410 ’⁸.
1326 3355 1460 3410 ltem
1495 3376 1510 3410 :
1561 3355 1762 3410 Beatus
1802 3357 1958 3412 homo
1995 3358 2086 3427 qui

493 3456 670 3512 sperat
707 3446 761 3500 in
813 3454 861 3501 te
902 3447 993 3513 ";
1051 3455 1107 3500 ct
1159 3447 1623 3516 quemadmodum
1676 3447 1842 3501 alium
1903 3449 2085 3504 colere

495 3551 660 3606 quam
734 3537 900 3592 Deum
970 3553 1079 3591 non
1135 3537 1402 3592 debemus
1433 3575 1449 3602 ,
1499 3537 1579 3592 sic
1633 3536 1796 3592 etiam
1843 3537 1898 3592 in
1949 3539 2084 3592 alios

496 3643 721 3698 sperare
750 3643 852 3684 nos
899 3644 1007 3684 non
1057 3627 1214 3683 decet
1259 3643 1424 3698 quam
1457 3629 1513 3683 in
1563 3627 1696 3682 Deo.
1747 3627 1844 3684 Ille
1897 3639 2080 3686 autem

497 3720 698 3776 salvari
717 3721 922 3776 dicitur
945 3720 1035 3790 qui
1067 3721 1121 3775 in
1143 3719 1290 3776 bello
1319 3724 1438 3776 sine
1457 3721 1683 3778 vulnere
1704 3733 2080 3792 conservatur,

2189 2533 2257 2586 ἐκ
2290 2529 2535 2584 πάντων
2563 2525 2683 2581 τῶν
2706 2526 3049 2581 διωκόντων
3074 2543 3172 2596 με,
3204 2525 3305 2579 καὶ
3348 2525 3540 2593 ρὐαι
3571 2516 3662 2593 μέ.
3718 2524 3783 2577 El

2189 2623 2286 2677 καὶ
2315 2622 2469 2691 παρὰ
2498 2622 2595 2689 τῆς
2619 2619 2715 2673 τοῦ
2743 2619 2935 2684 Χουσὶ,
2956 2616 3457 2691 φησὶν,ὠφέλημαι
3487 2617 3781 2683 συνέσεως,

2191 2713 2547 2776 ἀναπνεύσας
2576 2711 2794 2784 μικρὸν,
2817 2711 2914 2764 καὶ
2941 2709 3125 2764 λαϐὼν
3156 2708 3349 2778 καιρὸν
3396 2710 3477 2771 εἰς
3528 2708 3783 2778 παράτα-

2192 2809 2273 2873 ξιν
2304 2825 2317 2839 ’
2354 2806 2492 2860 ἀλλά
2523 2804 2618 2859 νῦν
2662 2805 2763 2858 οὐκ
2796 2803 2885 2858 ἐπ’
2940 2803 3135 2872 ἐκείνῳ
3194 2802 3435 2872 θαρρῶν,
3479 2800 3783 2868 ἀνταγωνί-

2190 2899 2380 2966 ζεσθαι
2414 2897 2596 2968 μέλλω
2623 2912 2636 2924 '
2666 2897 2835 2968 μόνης
2873 2894 2930 2948 δέ
2952 2895 3050 2965 τῆς
3080 2895 3180 2964 σῆς
3228 2893 3444 2956 ἐλπίδος
3494 2892 3780 2963 ἐκκρέμα-

2192 3011 2314 3067 μαι,
2349 2992 2580 3064 δεύτερα
2597 2989 2645 3044 τ’
2675 2989 2811 3046 ἄλλα
2844 2989 3022 3044 πάντα
3052 2987 3426 3057 λογιζόμενος,
3454 2987 3546 3039 καὶ
3567 2985 3779 3054 φίλους,

2189 3087 2285 3142 καὶ
2320 3083 2668 3154 συμμάχους,
2712 3083 2810 3136 καὶ
2850 3077 3213 3154 στρατιώτας.
3256 3079 3574 3150 Γέγραπται
3616 3076 3728 3146 γάρ
3757 3092 3774 3107 ο

2201 3174 2674 3244 Ἐπικατάρατος
2712 3173 3021 3245 ἄνθρωπος,
3066 3173 3096 3226 6
3135 3171 3369 3236 ἐλπίζων
3427 3169 3516 3222 ἐπ’
3565 3169 3777 3240 ἂνθρω-

2189 3288 2309 3324 πον.
2349 3270 2462 3324 Καὶ
2479 3268 2668 3337 ὥσπερ
2695 3267 2756 3320 ού
2787 3263 2894 3336 χρὴ
2920 3265 3050 3321 ἄλλο
3101 3281 3155 3318 τι
3192 3263 3372 3318 σέϐειν
3418 3262 3572 3332 παρὰ
3616 3261 3772 3324 Θεὸν,

2187 3362 2362 3426 οὕτως
2393 3361 2517 3415 ούδέ
2547 3361 2634 3413 ἐπ’
2679 3358 2840 3413 ἄλλον
2866 3357 3130 3422 ἐλπίζειν,
3167 3357 3199 3427 ἢ
3230 3356 3321 3410 ἐπὶ
3344 3355 3438 3408 τὸν
3469 3353 3625 3411 Θεὸν.
3660 3354 3777 3406 Καὶ

2190 3450 2422 3524 σώζεται
2462 3448 2563 3518 μέν
2596 3465 2680 3513 τις
2710 3445 3146 3517 διατηρούμενος
3179 3447 3236 3499 ἐν
3277 3446 3536 3515 πολέμοις
3589 3445 3774 3513 ἄτρω-

2186 3560 2280 3607 τος
2312 3557 2328 3575 ο
2362 3540 2553 3614 ῥύεται
2590 3540 2648 3594 δέ
2679 3539 2881 3610 πάντῃ,
2913 3540 3022 3592 τῶν
3046 3537 3447 3608 ἐπιτιθεμένων
3495 3537 3776 3592 ἀπαλλατ-

2186 3636 2434 3706 τόμενος.
2470 3633 2722 3688 Πάντων
2749 3632 2818 3685 δὲ
2850 3631 2970 3685 τῶν
2994 3631 3332 3686 διωκόντων
3363 3627 3508 3695 εἷπε,
3534 3630 3620 3684 διὰ
3648 3630 3777 3692 τοὺς

2186 3725 2265 3796 τῷ
2323 3724 2630 3796 πατραλοῖα
2686 3723 3252 3792 συναποστήσαντας,
3309 3722 3589 3790 φονῶντας
3649 3719 3774 3774 κατ’

492 3819 546 3866 et
571 3810 707 3881 eripi
745 3810 792 3866 is
827 3811 920 3883 qui
963 3812 1033 3868 ab
1057 3811 1344 3867 invasione
1375 3819 1540 3882 atque
1570 3811 1776 3883 impetu
1829 3813 2083 3872 inimico-

2190 3815 2352 3870 αὑτοῦ
2406 3817 2502 3869 καὶ
2563 3814 2838 3884 διψῶντας
2875 3815 2967 3867 τὸν
3007 3813 3202 3867 τούτου
3247 3813 3499 3867 θάνατον.
3566 3814 3636 3866 Ἦ
3681 3813 3776 3866 καὶ

497 3920 620 3959 rum
677 3904 971 3960 liberatur.
1021 3903 1103 3959 Ex
1149 3905 1393 3960 omnibus
1441 3914 1615 3960 autem
1658 3908 2083 3977 persequentibus

495 4013 600 4062 me,
635 3997 795 4063 dixit,
829 4006 1054 4067 propter
1085 4011 1181 4054 eos
1221 3999 1314 4067 qui
1377 3997 1707 4069 parricidam
1769 4000 1938 4054 lilium
1993 4016 2084 4056 se-

495 4089 834 4158 quebautur,
858 4098 914 4144 et
938 4090 1061 4160 ejus
1099 4101 1326 4145 mortem
1361 4091 1710 4162 appetebant.
1754 4090 1854 4147 Vel
1890 4092 2080 4149 aliter:

494 4181 588 4236 Ille
617 4181 818 4237 salvari
853 4181 1058 4238 dicitur
1094 4181 1186 4252 qui
1217 4181 1469 4237 intirmus
1499 4190 1626 4250 est;
1655 4182 1794 4255 eripi
1828 4199 1958 4240 vero
1983 4199 2079 4240 seu

2188 3907 2424 3971 σώζεται
2458 3905 2626 3977 μὲν,ὁ
2650 3904 2926 3958 ἀσθενῶν·
2956 3904 3147 3976 ῥύεται
3171 3904 3227 3960 δὲ
3254 3906 3282 3958 6
3310 3907 3365 3957 ἐν
3397 3905 3772 3975 αἰχμαλωσίᾳ.

2184 3996 2366 4051 Σῶσόν
2405 4013 2473 4066 με
2503 3995 2616 4061 οὖν,
2639 3995 2715 4058 ῶς
2743 3995 2948 4067 ἀσθενῆ
2983 4013 2996 4026 ’
3026 3995 3190 4067 ρύσαι
3242 4013 3335 4066 με,
3363 3995 3438 4059 ὡς
3491 3995 3776 4066 αἰχμάλω-

2181 4107 2293 4154 τον,
2337 4090 2543 4152 ἐλπίζω
2593 4090 2728 4161 γὰρ,
2788 4090 2915 4143 ὅσον
2955 4088 3145 4154 οὔπω,
3193 4088 3605 4160 σαγηνευθῆναι
3657 4089 3774 4150 τοῖς

2183 4183 2420 4255 ἐχθροῖς.
2454 4185 2522 4238 Ἢ
2548 4182 2663 4244 καὶ,
2690 4181 2872 4236 Σῶσὸν
2898 4201 2994 4254 με,
3021 4182 3209 4254 φησὶν,
3239 4180 3349 4235 ἀπὸ
3392 4180 3503 4235 τῶν
3540 4180 3774 4234 ἐνταῦθα

494 4271 718 4328 liberari
741 4273 831 4328 ille
859 4274 950 4344 qui
986 4284 1070 4330 est
1105 4275 1379 4345 captivus.
1435 4273 1594 4328 Salva
1648 4291 1733 4331 me
1797 4276 1964 4345 igitur
2023 4284 2084 4330 ut

2190 4270 2643 4326 καταδιωκόντων
2673 4271 2742 4341 μέ
2776 4270 3057 4342 πολεμίων
3086 4287 3101 4301 ο
3141 4271 3303 4343 ρύσαι
3340 4287 3408 4340 με
3431 4269 3487 4322 δὲ
3518 4270 3616 4323 καὶ
3666 4269 3773 4322 ἀπὸ

496 4364 774 4418 inflrmum
816 4381 829 4418 :
885 4372 939 4419 et
980 4366 1150 4421 libera
1195 4381 1281 4420 me
1330 4366 1484 4436 quasi
1530 4367 1846 4436 captivum;
1911 4369 2078 4423 timeo

495 4457 640 4510 enim
679 4471 748 4511 ne
787 4457 857 4511 ab
890 4457 1130 4513 inimicis
1157 4456 1612 4529 comprehendar.
1655 4456 1774 4525 Vel,
1804 4459 1954 4514 salva
1987 4473 2075 4512 me

495 4547 566 4602 ab
598 4548 843 4602 inimicis
878 4550 1170 4619 prazscntis
1198 4551 1323 4604 vita:
1361 4567 1375 4603 :
1403 4560 1458 4606 et
1486 4551 1656 4606 libera
1682 4567 1767 4606 me
1814 4551 1886 4605 ab
1931 4551 2079 4605 invi-

495 4638 750 4694 sibilibus
782 4639 1044 4704 inimicis,
1109 4641 1206 4710 qui
1240 4653 1364 4711 post
1399 4651 1631 4696 mortem
1661 4655 1836 4694 meam
1880 4642 2076 4696 animae

2186 4363 2298 4416 τῶν
2324 4363 2465 4434 μετὰ
2493 4362 2724 4417 θάνατον
2747 4362 2911 4424 εὐθὺς
2937 4360 3348 4433 ἐξερευνώντων
3396 4361 3466 4413 τὰ
3498 4360 3774 4430 στίγματα

2187 4457 2285 4526 τῆς
2316 4455 2496 4525 ψυχῆς
2524 4454 2777 4525 ἀοράτων
2817 4453 3053 4525 ἐχθρῶν,
3093 4454 3189 4507 ἐπὶ
3215 4453 3293 4525 τῷ
3334 4455 3652 4523 κατασχεῖν,
3696 4451 3771 4514 ὡς

2187 4543 2328 4601 εἶναι
2366 4547 2466 4616 τὴν
2503 4545 2689 4616 δέησιν
2723 4545 2941 4616 διπλὴν,
2992 4545 3136 4616 ὑπὲρ
3175 4545 3276 4617 τῆς
3326 4545 3634 4616 παρούσης,
3678 4543 3771 4597 καὶ

2185 4640 2284 4710 τῆς
2321 4637 2624 4709 μελλούσης
2654 4637 2822 4708 ζωῆς.

497 4745 633 4786 meae
663 4730 907 4787 maculas
946 4746 1137 4787 omnes
1235 4732 1631 4800 perscrutaturi
1684 4739 1856 4798 sunt,
1919 4730 1966 4788 si
2047 4748 2158 4801 quo
2196 4739 2358 4802 pacto
2418 4729 2654 4786 fortasse
2699 4744 2818 4785 eam
2872 4731 3152 4801 potuerint
3226 4725 3691 4802 comprehendere
3750 4753 3764 4789 :

495 4820 807 4890 duplexque
833 4830 939 4875 ent
962 4821 1119 4891 juxta
1144 4821 1289 4876 hunc
1313 4837 1536 4879 sensum
1557 4823 1768 4893 petitio,
1800 4838 1899 4892 pro
1930 4823 2182 4893 praesenti
2210 4823 2420 4879 scilicet
2447 4823 2580 4885 vita,
2614 4832 2668 4876 et
2689 4838 2789 4892 pro
2823 4820 3029 4877 futura.

565 4914 735 4971 Vens.
766 4916 820 4970 5.
857 4914 1157 4985 Nequando
1184 4917 1360 4983 rapiat
1396 4925 1452 4970 ut
1501 4915 1580 4970 leo
1614 4921 1849 4969 animam
1881 4933 2076 4970 meam.

2258 4916 2505 4985 Μήποτε
2531 4915 2775 4985 ἁρπάσῃ
2807 4916 2887 4981 ὡς
2909 4915 3068 4969 λέων
3093 4915 3209 4984 τὴν
3237 4914 3452 4984 ψυχήν
3471 4933 3613 4984 μου.
3659 4914 3767 4967 Τὸν

495 5008 844 5067 Absalonem.
905 5008 1078 5063 ﬁlium
1133 5009 1279 5065 leoni
1328 5016 1633 5078 comparat,
1688 5008 1759 5063 ob
1812 5025 2084 5065 summam

1181 5102 1462 5167 ferociam,
1522 5112 1689 5170 atque
1741 5103 2086 5173 impudentes

2190 5101 2530 5171 θρασύτητα,
2579 5100 2675 5154 καὶ
2731 5100 3094 5170 ἀναίσχυντον
3149 5101 3348 5171 ὁρμήν.
3385 5101 3456 5153 Ἦ
3524 5102 3616 5153 καὶ
3673 5099 3766 5150 τὸν

495 5099 649 5155 illius
709 5102 1096 5168 temeritatem,

2195 5007 2522 5080 Ἀϐεσαλὼμ
2553 5007 2812 5077 ὀνομάζει
2841 5007 3053 5074 λέοντα,
3086 5007 3176 5061 διὰ
3213 5006 3311 5078 τὴν
3343 5007 3650 5076 ἀγριότητα
3673 5008 3766 5059 καὶ

498 5209 695 5249 ausus.
731 5193 826 5249 Vel
861 5194 1115 5251 fortassis
1149 5193 1218 5249 de
1281 5194 1528 5250 dazmone
1586 5209 1769 5249 sermo
1822 5205 1924 5260 est,
1989 5198 2082 5266 qui

2190 5192 2433 5246 διάϐολον
2479 5192 2813 5246 αἰνίττεται’
2872 5193 3108 5256 δυσῶδες
3163 5193 3274 5262 γὰρ
3324 5191 3385 5244 τὸ
3436 5191 3613 5259 στόμα
3667 5190 3762 5243 τοῦ

498 5287 643 5342 leoni
685 5288 1078 5343 convenienter
1111 5293 1500 5354 comparatur;
1538 5287 1665 5356 quia
1720 5289 1880 5343 sicuti
1941 5289 2085 5344 leoni

2190 5285 2394 5348 λεόντος
2417 5301 2431 5316 ·
2469 5283 2704 5345 δυσῶδες
2733 5284 2791 5337 δέ
2816 5285 2908 5337 καὶ
2931 5284 2993 5338 τὸ
3039 5282 3133 5336 τοῦ
3187 5282 3457 5348 διαϐόλου,
3521 5281 3762 5351 βλασφη-

497 5397 561 5434 os
593 5395 660 5433 ac
713 5379 900 5433 fauces
941 5379 1081 5433 male
1113 5378 1280 5441 olent,
1341 5377 1414 5432 ita
1466 5379 1632 5434 etiam
1691 5395 1754 5436 os
1817 5380 2084 5437 dmmonis

2190 5377 2315 5446 μίας
2348 5376 2797 5446 ἐξερευγόμενον.
2831 5377 2944 5430 Καὶ
2983 5376 3092 5446 γὰρ
3141 5375 3169 5428 6
3216 5374 3422 5443 Κύριος
3479 5372 3618 5425 κατὰ
3670 5373 3762 5422 τὸν

501 5478 761 5524 eructans
793 5469 1167 5540 blasphemias
1206 5470 1346 5524 male
1380 5471 1510 5525 olet.
1553 5469 1748 5542 Figura
1807 5472 1970 5526 etiam
2001 5472 2084 5526 vi-

577 5647 624 5678 "
651 5645 853 5702 Jerem.
900 5661 1034 5714 xvn,
1072 5648 1124 5700 5.
1217 5646 1265 5678 ⁷⁸
1295 5643 1444 5701 Psal.
1471 5662 1704 5714 Lxxxtn,
1733 5647 1818 5701 15.

2182 5469 2376 5539 καιρὸν
2396 5469 2490 5524 τοῦ
2512 5471 2720 5534 πάθους
2760 5469 2951 5539 ἔλεγεο
2986 5468 3116 5524 Νῦν
3165 5471 3197 5523 ὀ
3256 5467 3458 5535 ἅρχων
3515 5463 3622 5519 τοῦ
3664 5462 3756 5515 κό-

1851 5735 2047 5796 Varite
2083 5732 2411 5794 lectiones.

573 5840 681 5900 (3'5)
732 5837 961 5894 Grazccc:
1012 5840 1279 5910 Siquidem
1339 5842 1500 5896 Chusi
1534 5840 1679 5896 filius
1719 5841 1959 5896 dexteras
2015 5837 2419 5905 interpretatur.
