4146 6500
417 393 521 457 119

1631 399 1953 465 EUTHYM
1964 401 2021 462 II
2063 400 2426 465 ZIGABENI

3562 409 3670 473 1ἓο

413 519 642 574 magnos
709 506 914 562 decidit
989 509 1191 565 luctus.
1253 509 1346 564 Vel
1419 513 1624 570 aliter:
1683 514 1990 570 lnvisibiles

2103 516 2378 583 ἅπέδωκα,
2414 517 2534 571 ἀνθ’
2565 509 2642 573 ὧν
2670 518 3035 590 ευηργετήθη,
3068 519 3300 574 θάνατον
3346 521 3470 589 ἐμοὶ
3499 523 3676 576 κατα-

412 597 666 654 inimicos
689 598 794 654 hoc
831 598 953 655 loco
985 601 1292 674 intelligere
1338 619 1657 674 possumus,
1709 622 1740 662 a
1799 607 2000 677 quibus

416 688 604 743 inanis
634 689 762 759 quis
797 689 1073 748 decidisse
1103 693 1320 748 dicetur
1347 705 1401 750 et
1427 711 1485 751 re
1517 695 1745 760 infecta,
1798 697 1844 752 si
1877 695 1998 751 illos

411 795 522 835 non
555 783 924 851 superaverit,
959 793 1014 839 et
1051 772 1586 842 virtutum‘suarum
1611 788 1730 843 acie
1763 803 1858 844 eos
1886 803 1995 842 non

412 872 755 927 confuderit.
809 872 936 929 Haec
989 885 1172 930 autem
1233 879 1401 932 verba
1453 895 1560 932 non
1619 878 1995 950 iactabundus

412 962 568 1029 dicit,
606 966 698 1022 sed
740 967 924 1037 potius
951 967 1055 1022 sibi
1090 969 1482 1024 conciliaturas
1512 971 1704 1037 Deum,
1761 984 1887 1024 cum
1938 970 1994 1024 in

413 1058 698 1128 angustias
735 1059 1046 1116 incidisset.
1078 1059 1164 1126 Et,
1196 1061 1240 1117 si
1271 1061 1338 1116 ad
1383 1062 1520 1118 alias
1550 1076 1816 1132 personas
1844 1060 1994 1117 refe-

411 1161 604 1210 rantur
628 1155 745 1211 hmo
781 1155 974 1212 verba:
1011 1155 1130 1211 Non
1161 1156 1315 1211 ail‘eci
1377 1173 1502 1228 ego,
1551 1157 1751 1229 inquit,
1811 1157 1994 1213 homi-

412 1261 546 1301 num
579 1247 818 1317 aliquem
853 1248 1079 1318 iujuria,
1105 1264 1207 1304 nec
1232 1248 1383 1304 Sauli
1411 1250 1504 1317 qui
1551 1251 1681 1304 milii
1714 1263 1814 1320 pro
1837 1263 1998 1305 acccc

411 1335 524 1406 ptis
554 1337 839 1394 beneﬂciis
871 1338 1162 1396 manifeste
1208 1349 1438 1396 mortem
1484 1339 1810 1405 intentabat,
1852 1340 1996 1410 inju-

411 1427 524 1484 rias
547 1428 730 1494 retuli,
763 1431 982 1486 tametsi
1009 1432 1060 1485 in
1092 1439 1424 1502 potestatem
1457 1447 1631 1487 meam
1683 1430 1986 1494 devenerit,

413 1526 474 1572 ut
507 1518 564 1573 in
591 1519 840 1577 historiis
867 1520 1077 1593 Regum
1111 1525 1444 1578 continetur.
1502 1522 1627 1576 Sive
1688 1521 1853 1590 igitur
1879 1519 1991 1576 Ab-

413 1610 589 1665 saloni
637 1613 752 1668 haec
784 1616 1089 1683 aptaveris,
1119 1623 1175 1670 et
1207 1614 1273 1669 iis
1299 1615 1393 1685 qui
1419 1629 1543 1669 cum
1574 1628 1640 1668 eo
1670 1620 1849 1679 erant,
1875 1612 1992 1668 sive

2104 609 2442 672 σκευάζοντα
2470 610 2727 682 φανερδν,
2757 611 2937 663 καίτοι
2957 610 3140 666 λαϐὼν
3166 612 3504 682 ὑποχείριον,
3529 615 3602 678 ὡς
3640 617 3674 684 ἡ

2099 698 2224 752 κατ’
2270 699 2437 753 αὐτὸν
2494 700 2824 772 παρίστησιν
2879 702 3113 774 ἱστορία.
3178 704 3305 758 Εἴτε
3361 703 3546 757 τοίνυν
3598 707 3677 778 τῷ

2109 789 2454 859 ’Λόεσαλὼμ,
2483 792 2581 845 καὶ
2605 793 2719 856 τοῖς
2756 794 2894 863 ἀμφ’
2925 795 3088 849 αὐτὸν
3144 797 3557 867 προσαρμόσειε
3584 798 3678 851 τὸν

2096 881 2280 950 λόγον,
2317 882 2429 934 εἴτε
2464 883 2560 936 καὶ
2588 883 2725 954 πρὸς
2753 885 2938 949 ἄλλον,
2972 885 3065 938 καὶ
3097 886 3189 940 τὸν
3219 888 3416 954 Σαοὺλ,
3441 889 3594 943 οὐδὲν
3610 891 3675 961 τῇ

2103 973 2336 1046 ἀληθείᾳ
2375 973 2727 1046 λυμαίνεται.
2784 977 2860 1030 Τὸ
2891 976 2950 1030 δὲ
3006 978 3224 1048 πρῶτον
3266 982 3678 1045 ἀνταποδόσεως

2092 1070 2267 1136 δνομα
2297 1072 2778 1138 καταχρηστικῶς,
2806 1071 2929 1125 ἀντὶ
2965 1069 3065 1140 τῆς
3109 1069 3430 1134 ἀποδόσεως
3472 1072 3673 1146 παρεξ-

2090 1160 2330 1229 ληπται·
2395 1160 2538 1224 δόσις
2571 1162 2672 1232 μὲν
2715 1161 2845 1234 γὰρ,
2899 1163 2932 1233 ἡ
2977 1162 3226 1235 καταρχὴ
3253 1162 3361 1233 τῆς
3400 1164 3668 1234 εὐποιίας,

2091 1253 2123 1324 ἦ
2154 1253 2452 1316 κακώσεως
2486 1269 2502 1286 ⁶
2528 1254 2782 1320 ἀπόδοσις
2819 1256 2898 1323 δὲ,
2923 1257 2955 1324 ὴ
2982 1253 3077 1309 τοῦ
3111 1257 3227 1310 τσου
3259 1256 3668 1329 ἀντιμέτρησιςθ

2090 1347 2444 1412 ἀνταπόδοσις
2480 1347 2558 1413 δὲ,
2608 1347 2838 1419 δευτέρα
2881 1363 2969 1412 τις
3040 1347 3318 1418 καταϐολὴ
3372 1347 3583 1410 κακῶν,
3631 1349 3667 1420 ἢ

2090 1441 2276 1500 καλῶν
2308 1442 2413 1497 ὑπὸ
2452 1443 2560 1496 τῶν
2614 1442 2814 1497 δόντων
2874 1443 2955 1506 εἰς
2983 1441 3111 1504 τοὺς
3154 1440 3479 1505 ἀποδόντας.
3537 1439 3673 1496 Σύν-

2089 1533 2225 1604 ηθες
2272 1533 2330 1587 δὲ
2379 1533 2476 1587 καὶ
2523 1532 2685 1588 τοῦτο
2728 1535 2795 1605 τῇ
2850 1534 3070 1606 Γραφῇ,
3127 1532 3225 1585 καὶ
3291 1531 3529 1601 μάλιστα
3589 1531 3671 1603 τῷ

2089 1625 2277 1678 Δαϐίδ.

413 1703 594 1769 alteri,
624 1706 740 1762 sive
773 1707 934 1762 etiam
962 1708 1063 1778 ipsi
1099 1708 1277 1774 Sauli,
1313 1707 1514 1763 veritas
1549 1705 1684 1760 nihil
1734 1706 1984 1762 lzedetur.
2030 1703 2438 1762 Retributionis
2463 1719 2593 1761 vero
2619 1704 2841 1761 nomine
2874 1705 2963 1762 hic
3032 1706 3215 1778 primo
3275 1706 3404 1761 loco
3467 1703 3682 1771 impro-

413 1795 528 1864 prie
560 1813 692 1852 usus
721 1805 825 1861 est,
855 1813 952 1868 pro
995 1800 1228 1854 reddidi.
1294 1797 1432 1854 Nam
1483 1799 1576 1869 qui
1636 1799 1842 1853 bonum
1901 1803 1997 1850 aut
2036 1797 2242 1852 malum
2285 1797 2507 1869 aliquod
2538 1800 2746 1868 primus
2769 1798 2955 1864 infert,
3010 1800 3056 1853 is
3122 1799 3254 1853 dare
3312 1797 3534 1861 dicitur,
3561 1796 3688 1850 red-

411 1891 543 1945 dere
572 1903 701 1944 vero
725 1890 771 1945 is
795 1891 891 1960 qui
956 1890 1101 1947 datis
1181 1907 1367 1962 parem
1432 1893 1610 1948 vicem
1682 1893 1920 1948 tribuit:
1974 1893 2279 1950 retribuere
2311 1904 2520 1960 autem,
2552 1896 2637 1951 vel
2661 1895 2844 1965 potius
2869 1895 2950 1966 (ut
2977 1893 3166 1951 Graeca
3221 1894 3391 1950 dictio
3445 1896 3686 1947 ἀνταπο-

412 1983 599 2038 δοῦναι
631 1981 1036 2052 signiﬁcantius
1089 1983 1368 2052 exprimit)
1421 1994 1614 2040 contra
1686 1986 1995 2040 retribuere
2031 1984 2080 2040 is
2109 1984 2333 2053 dicitur,
2361 1985 2455 2058 qui
2493 1986 2800 2042 secundum
2872 1987 3263 2042 beneficiorum
3297 1994 3392 2040 aut
3459 1986 3689 2055 injuria-

413 2087 534 2128 rum
559 2070 995 2125 vicissitudinem
1022 2071 1426 2142 reddit.Hujus
1454 2083 1639 2131 autem
1703 2074 1858 2130 verbi
1929 2089 2064 2129 usus
2109 2073 2373 2146 frequens
2427 2085 2514 2132 est
2583 2075 2728 2146 apud
2791 2074 3158 2146 Scripturam,
3207 2077 3482 2148 praecipue
3541 2078 3689 2148 apud

413 2164 635 2220 beatum
664 2161 856 2218 David.

484 2257 652 2316 Vsus.
684 2259 739 2315 6.
776 2258 1139 2332 Persequatur
1187 2263 1433 2318 inimicus
1469 2265 1704 2318 animam
1752 2280 1921 2319 meam
1951 2273 1998 2318 et

2174 2262 2545 2327 Καταδιώξαι
2569 2261 2685 2330 ἄρα
2713 2264 2746 2316 ὁ
2770 2260 2985 2329 ἐχθρὸς
3007 2260 3124 2328 τὴν
3157 2260 3370 2329 ψυχήν
3405 2279 3544 2330 μου,
3587 2260 3688 2318 καὶ

418 2353 848 2423 comprehendat.
886 2353 1281 2425 Persequatur,
1341 2355 1546 2426 inquit,
1575 2355 1815 2413 Absalon
1877 2356 1997 2411 ani-

416 2463 558 2502 mam
593 2463 801 2503 meam:
833 2447 940 2503 hoc
970 2458 1055 2504 est
1090 2449 1358 2519 mcipsum
1381 2448 1830 2520 (circumlocutio
1849 2447 1996 2504 enim

415 2540 548 2606 est),
590 2546 645 2594 et
667 2538 1129 2609 comprehendat.

487 2627 558 2682 Et
584 2628 852 2683 conculcet
875 2631 928 2683 in
963 2638 1102 2684 terra
1129 2631 1292 2685 vitam
1324 2647 1524 2686 meam.
1554 2629 1659 2686 Per
1689 2631 1858 2685 vitam
1892 2631 1998 2687 hoc

415 2720 632 2776 inloco
663 2721 994 2792 sanguinem
1037 2722 1318 2791 intelligit,
1345 2723 1439 2792 qui
1484 2723 1606 2776 vitae
1660 2737 1828 2778 causa
1892 2732 1996 2787 est,

415 2808 584 2865 veluti
615 2810 958 2880 praecipuum
999 2811 1337 2867 elementum
1365 2813 1508 2866 inter
1538 2822 1734 2868 caetera
1771 2825 1890 2881 quae
1942 2811 1997 2865 in

416 2918 648 2972 corpore
667 2911 821 2969 sunt,
852 2911 908 2958 et
933 2919 1056 2974 quae
1092 2904 1225 2960 illud
1261 2913 1538 2975 coaptaut.

490 2995 560 3050 Et
593 2995 824 3066 gloriam
864 3013 1034 3051 meam
1089 2997 1144 3050 in
1197 2997 1460 3067 pulverem
1515 2996 1758 3050 habitare
1812 2995 1996 3064 faciat.

419 3085 520 3142 Per
550 3087 803 3156 gloriam,
831 3086 1130 3156 gloriosum
1165 3102 1230 3140 ac
1267 3086 1450 3141 uobile
1469 3101 1670 3156 corpus
1703 3101 1865 3141 suum
1914 3085 2000 3140 in-

415 3179 616 3250 telligit
647 3196 660 3232 :
691 3178 838 3249 quod
882 3186 997 3232 tum
1033 3180 1104 3232 ob
1143 3178 1290 3234 vires
1342 3177 1462 3246 ejus
1527 3178 1817 3245 maximas,
1882 3185 1997 3232 tum

417 3271 489 3326 ob
513 3269 946 3340 magnitudinem
972 3277 1027 3323 et
1078 3269 1332 3339 gloriam,
1372 3285 1496 3339 quae
1547 3269 1597 3325 ei
1652 3269 1721 3324 ab
1769 3268 2001 3338 imperio

2101 2353 2448 2409 καταλάϐοι.
2491 2351 2860 2416 Καταδιὼξαι.
2910 2351 3099 2421 φησὶν,
3133 2352 3160 2405 ὁ
3201 2350 3524 2421 Ἀὁεσαλὼμ
3589 2354 3688 2424 τὴν

2098 2446 2282 2515 ψυχήν
2337 2462 2463 2514 μου,
2527 2444 2834 2508 τουτέστιν,
2893 2441 3019 2514 ἐμὲ,
3065 2443 3543 2512 περιφραστικῶς,
3594 2445 3712 2524 καὶ.

2101 2537 2460 2610 συλλήψοιιτο.

2171 2632 2279 2686 Καὶ
2313 2629 2734 2697 καταπατήσοι
2761 2632 2848 2694 εἰς
2881 2628 3001 2698 γῆν
3026 2628 3142 2696 τὴν
3175 2628 3330 2697 ζωήν
3361 2645 3507 2698 μου.
3535 2627 3692 2695 Ζωὴν

2100 2721 2360 2786 ἐνταῦθα,
2391 2723 2452 2774 τὸ
2477 2717 2620 2792 αἷμα
2657 2721 2945 2790 λογιστέον
2979 2736 2995 2754 ο
3029 2721 3125 2772 καὶ
3155 2719 3316 2772 τοῦτο
3371 2719 3481 2788 γὰρ
3539 2718 3689 2788 ζωῆς

2100 2813 2298 2880 αἴτιον,
2327 2811 2405 2876 ὡς
2446 2813 2915 2885 συνεκτικὼτερον
2939 2811 3049 2868 τῶν
3079 2811 3258 2867 ἄλλων
3312 2811 3484 2882 τριῶν
3539 2827 3688 2865 στοι-

2099 2905 2284 2974 χείων,
2312 2904 2349 2958 ἃ
2374 2905 2436 2958 τὸ
2462 2904 2602 2969 ζῶον
2630 2905 2936 2974 συνέχουσι.

2171 2997 2280 3050 Καὶ
2313 2996 2430 3066 τὴν
2449 2996 2643 3063 δόξαν
2691 3014 2811 3067 μου
2868 2999 2957 3064 εις
3003 2999 3158 3068 χοῦν
3199 2996 3688 3064 κατασκηνώσαι.

2101 3084 2272 3151 Δόξαν
2307 3086 2485 3155 λέγει,
2526 3085 2586 3140 τὸ
2605 3085 2816 3152 ἔνδοξον
2840 3085 3010 3141 αὑτοῦ
3044 3086 3226 3156 σῶμα,
3261 3086 3361 3140 καὶ
3421 3087 3559 3140 πᾶσι
3584 3102 3688 3139 πε-

2108 3179 2388 3250 ριϐόητον,
2425 3177 2515 3234 διά
2539 3195 2601 3232 τε
2626 3178 2724 3250 τὴν
2746 3179 2960 3251 ῥώμην,
2993 3179 3090 3234 καὶ
3123 3179 3217 3233 τὸν
3281 3180 3391 3233 ἀπὸ
3443 3179 3544 3250 τῆς
3587 3180 3692 3249 ἁρ-

2101 3274 2202 3344 χῆς
2231 3273 2740 3344 προσγεγενημένον
2767 3274 2952 3342 δγκον.
2982 3271 3418 3343 Κατασκηνώσαι
3456 3272 3540 3333 δὲ,
3559 3271 3684 3325 ἀντὶ

418 3361 715 3418 obvenerat
739 3361 883 3433 apud
920 3377 1112 3418 omnes
1141 3362 1358 3418 celebre
1406 3369 1527 3417 erat
1573 3371 1628 3417 et
1677 3369 1891 3417 notum.
1923 3359 1998 3432 .ln

2104 3365 2204 3419 τοῦ
2251 3366 2535 3436 ποιήσειαι
2604 3366 2685 3428 εἰς
2746 3365 2852 3434 γῆν
2915 3366 3157 3430 κεῖσθαι,
3207 3366 3305 3420 καὶ
3353 3363 3691 3419 διαλύεσθαι.

419 3453 703 3522 pulverem
736 3467 868 3508 vero
893 3453 1144 3508 habitare
1174 3454 1318 3508 idem
1351 3462 1435 3510 est
1486 3453 1633 3524 quod
1685 3453 1892 3523 jacere.
1947 3460 2001 3508 et

2108 3458 2267 3524 Ἔστι
2301 3456 2361 3509 δὲ
2386 3456 2653 3526 καὶπρὸς
2686 3456 2781 3510 τὸν
2809 3455 3044 3525 ἀόρατον
3076 3456 3275 3527 ἐχθρὸν
3339 3453 3689 3524 μετενεγκεῖν

423 3547 476 3599 in
551 3555 753 3599 terram
808 3545 1057 3600 dissolvi.
1119 3543 1422 3600 Possumus
1475 3545 1638 3600 etiam
1690 3559 2000 3600 sermonem

2104 3547 2197 3600 τὸν
2227 3547 2384 3614 λόγον
2436 3547 2836 3618 κατευχόμενον
2885 3547 3183 3617 διωχθῆναι
3219 3547 3352 3617 παρ’
3378 3544 3565 3609 αὐτοῦ,
3600 3543 3694 3598 καὶ

424 3638 572 3690 hunc
600 3635 666 3689 ad
704 3635 1041 3706 invisibilem
1079 3635 1363 3690 inimicum
1421 3636 1743 3701 transferre,
1809 3637 1885 3690 ita
1942 3643 2001 3690 ut

2105 3609 2545 3706 καταληφθῆναι,
2579 3609 2780 3706 μηκέτι
2831 3609 3133 3705 δυνάμενον
3197 3609 3534 3703 ἁποιρεύγειν
3591 3633 3693 3694 τὰς

423 3729 757 3796 imprecetur
815 3729 1258 3795 persecutionem
1309 3743 1368 3781 se
1412 3727 1478 3781 ab
1509 3742 1575 3782 eo
1605 3727 1901 3794 sustinere,
1943 3735 1998 3782 et

2110 3727 2386 3791 ἐπιθέσεις
2417 3726 2604 3790 αὑτοῦ,
2635 3727 2733 3780 καὶ
2763 3728 2843 3790 εἰς
2873 3728 2999 3798 γῆν,
3022 3727 3300 3781 τουτέστιν
3316 3728 3398 3790 εἰς
3424 3729 3492 3779 τὰ
3517 3725 3696 3795 γεηρά

423 3817 836 3887 comprehendi,
890 3833 993 3871 nec
1023 3833 1189 3888 posse
1243 3817 1391 3872 illius
1461 3817 1694 3874 insidias
1747 3819 2001 3883 evadere,

2113 3822 2414 3890 πράγματα
2441 3819 2539 3890 τὴν
2563 3820 2707 3890 ζωὴν
2734 3819 2899 3871 αὐτοῦ
2921 3818 3333 3890 καταλυφθῆναι
3360 3831 3377 3849 ο
3407 3816 3562 3872 τοῦτο
3583 3815 3695 3886 γὰρ

423 3910 671 3976 quinimo
724 3909 781 3966 in
839 3916 1065 3975 terram,
1130 3911 1234 3964 hoc
1275 3921 1358 3965 est
1412 3911 1465 3964 in
1516 3919 1734 3966 terrena
1791 3913 2001 3980 negotia

2115 3915 2211 3968 καὶ⁸
2245 3914 2278 3983 ἡ
2310 3911 2699 3981 καταπάτησις
2741 3911 3016 3980 βούλεται,
3041 3911 3283 3980 κειμένῳ
3303 3909 3490 3962 λοιπὸν
3524 3909 3698 3976 επεμ-

425 4003 594 4056 vitam
647 4017 803 4057 suam
863 4002 1136 4074 immergi.
1179 4002 1295 4057 Hoc
1343 4003 1489 4056 enim
1553 4003 1868 4072 significant
1917 4005 2001 4057 illa

2118 4004 2418 4070 ϐαίνοντος,
2451 4004 2546 4057 καὶ
2573 4003 2819 4074 αἰσχρῶς
2851 4002 3217 4073 ἐναλλομένου
3245 4018 3259 4032 '
3292 4001 3387 4054 καὶ
3432 3999 3508 4070 μὴ
3536 3999 3694 4068 μόνον

425 4095 590 4151 verba
627 4113 640 4150 :
684 4093 756 4148 Et
787 4095 1059 4149 conculces
1090 4096 1143 4148 in
1168 4102 1362 4149 terram
1399 4095 1562 4148 vitam
1605 4110 1799 4160 meam,
1863 4094 2001 4148 adeo

2103 4097 2164 4150 τὸ
2203 4097 2366 4166 σῶμα
2400 4095 2569 4149 τοῦτο
2594 4095 2812 4162 παθεῖν,
2871 4094 3010 4148 ἀλλὰ
3071 4094 3163 4148 καὶ
3217 4093 3316 4164 τὴν
3343 4091 3523 4156 δόξαν,
3571 4091 3696 4161 ἦτοι

428 4195 486 4240 ιιι
510 4187 720 4256 iacenti
757 4187 834 4242 illi
869 4189 1371 4258 insurgatdmmon,
1407 4202 1470 4242 ac
1500 4187 1732 4256 turpiter
1755 4185 2001 4242 insultet.

2107 4187 2200 4241 τὸν
2231 4186 2379 4253 νοῦν,
2415 4186 2547 4250 δόξα
2573 4187 2683 4258 γὰρ
2712 4173 2868 4250 οὗτος
2894 4188 2989 4239 καὶ
3029 4185 3165 4255 τιμὴ
3197 4183 3300 4253 τῆς
3355 4182 3559 4251 ψυχῆς,
3614 4181 3696 4241 εἰς

426 4277 612 4348 Neque
643 4277 746 4334 hoc
778 4287 1016 4345 tantum,
1056 4279 1255 4347 inquit,
1291 4292 1493 4346 corpus
1546 4276 1858 4336 conculcet.
1909 4275 2001 4331 sed

2112 4278 2220 4349 γῆν
2244 4278 2664 4349 κατενεχθῆναι,
2718 4280 2815 4330 καὶ
2873 4275 3305 4346 προσηλιοιθῆναι
3357 4274 3454 4327 καὶ
3508 4271 3699 4326 τοῦτον

425 4377 481 4425 ct
504 4370 737 4441 gloriam
765 4410 780 4436 ,
814 4369 919 4425 hoc
952 4378 1038 4425 est
1064 4369 1244 4439 ipsum
1284 4369 1448 4423 etiam
1510 4367 1874 4430 intellectum,
1915 4368 2001 4436 qui

2116 4369 2227 4431 τοῖς
2265 4369 2498 4436 γηῖνοις,
2536 4368 2738 4437 μηκέτι
2778 4365 2858 4436 τῷ
2889 4363 3076 4436 πτερῷ
3119 4365 3219 4435 τῆς
3259 4363 3491 4434 θεωρίας
3523 4361 3698 4432 ἀρθῆο

427 4462 624 4518 animae
645 4462 822 4518 honor
855 4471 938 4517 est
969 4469 1025 4517 et
1053 4461 1250 4530 gloria,
1293 4459 1348 4514 in
1383 4467 1588 4514 terram
1655 4459 1858 4514 deferri
1906 4459 2013 4513 im-

2118 4475 2207 4513 ναι
2239 4457 2378 4522 ποὺς
2403 4459 2540 4512 Θεὸν
2568 4457 2890 4527 δυνάμενον.

429 4567 712 4628 precatur,
735 4568 791 4615 et
822 4559 1062 4614 terrenis
1134 4557 1304 4612 rebus
1360 4555 1646 4626 applicari,
1702 4557 1779 4612 ita
1856 4565 1917 4611 ut
1959 4556 2446 4627 contemplationis
2515 4555 2618 4613 alis
2680 4557 2748 4612 ad
2804 4555 2972 4613 Deum
3029 4554 3264 4626 amplius
3322 4553 3506 4611 extolli
3588 4569 3700 4610 non

431 4653 632 4722 possit.

510 4749 670 4804 Vsus.
707 4749 756 4802 7.
786 4747 1043 4820 Exsurge,
1074 4749 1310 4814 Domine,
1345 4752 1398 4803 in
1435 4751 1518 4804 ira
1557 4759 1671 4802 tua.
1712 4749 2019 4818 Exsurgere

432 4851 615 4912 p0test
671 4841 842 4907 Deus,
900 4853 952 4896 et
997 4857 1106 4896 non
1146 4842 1199 4896 in
1247 4843 1330 4897 ira
1354 4842 1510 4911 juxta
1541 4841 1674 4895 illud
1709 4858 1723 4891 :
1765 4839 2016 4910 Exsurge

435 4933 681 5000 Domine,
712 4933 920 4988 salvum
955 4950 1035 4988 me
1060 4933 1191 5002 fac;
1226 4943 1282 4988 at
1329 4949 1474 4988 nunc
1513 4933 1580 4988 ad
1617 4932 1885 5002 supplicia
1930 4939 2016 4985 at-

2207 4748 2538 4814 Ἁνάστηθι,
2559 4746 2757 4812 Κύριε,
2778 4743 2848 4797 ἐν
2867 4741 3015 4812 ὀργῇ
3027 4743 3300 4799 σου.Ἐνι
3323 4741 3433 4811 γὰρ
3460 4741 3700 4812 ἀναστῆ-

2122 4861 2231 4908 ναι,
2261 4841 2355 4896 καὶ
2377 4841 2478 4893 οὐκ
2500 4841 2558 4892 ὲν
2607 4838 2768 4909 ὀργῇ,
2802 4835 2878 4900 ὡς
2917 4838 3048 4890 ὅταν
3081 4834 3235 4906 λέγῃ·
3281 4834 3555 4900 Ἀνάστα,
3582 4836 3699 4889 Κύ-

2110 4951 2223 5002 ριε,
2255 4931 2464 4986 σῶσόν
2494 4947 2596 4999 με,
2629 4929 2824 4994 όΘεός
2851 4945 2994 4997 μου.
3030 4926 3147 4980 Νῦν
3171 4927 3228 4981 δὲ
3263 4927 3399 4997 πρὸς
3429 4928 3703 4996 τιμωρίαν

436 5041 544 5096 que
584 5025 651 5080 ad
683 5040 876 5097 poenas
907 5042 1030 5081 eum
1064 5027 1318 5082 advocat.
1347 5025 1655 5096 Intelligere
1697 5037 1878 5079 autem
1912 5023 2001 5078 de-

2119 5027 2281 5081 αὐτὸν
2305 5024 2644 5093 ἐγκαλεῖται.
2679 5021 2946 5092 Καθάπερ
2972 5020 3028 5073 δὲ
3050 5021 3112 5074 τὸ
3143 5020 3420 5090 καθῆσθαι
3447 5020 3540 5074 ἐπὶ
3561 5018 3697 5072 Θεοῦ

434 5119 631 5174 bemus
661 5118 832 5172 Deum
866 5134 1089 5188 surgere
1138 5133 1246 5172 non
1280 5118 1662 5188 corporaliter,
1710 5117 1875 5172 sicuti
1917 5130 2001 5170 net

2118 5119 2179 5172 οὐ
2208 5115 2536 5186 σωματικῶς
2568 5114 3009 5184 ὲκλαμὸάνομεν,
3039 5113 3214 5176 οὕτως
3239 5112 3362 5165 οὐδὲ
3394 5111 3454 5165 τὸ
3480 5111 3704 5164 ἀνίστα-

435 5210 780 5280 corporalem
848 5209 1036 5266 sedem
1101 5210 1496 5280 intelligimus,
1549 5209 1766 5279 quando
1827 5207 2018 5264 sedere

437 5300 591 5355 illum
626 5301 862 5372 legimus
899 5319 912 5355 :
952 5301 1047 5356 sed
1101 5301 1305 5371 regiam
1335 5301 1457 5370 ejus
1489 5300 1808 5371 dignitatem
1843 5298 2019 5354 stabi-

437 5392 763 5462 litatenique
791 5399 846 5448 et
869 5392 1152 5462 judicandi
1185 5393 1570 5446 auctoritatem
1598 5391 1837 5460 judicari
1870 5390 2020 5443 arbi-

439 5491 674 5537 tramur.
727 5483 842 5538 Hoc
896 5491 1057 5553 pacto
1105 5484 1270 5538 etiam
1316 5497 1437 5537 cum
1485 5497 1785 5552 exsurgere
1848 5482 2015 5536 Deum

443 5570 702 5637 dicimus,
727 5573 986 5643 puniendi
1013 5581 1107 5628 aut
1129 5571 1460 5628 defendendi
1497 5573 1644 5628 illius
1676 5571 2018 5643 propositum

2119 5209 2265 5262 σθαι·
2293 5207 2434 5261 ἀλλὰ
2461 5207 2524 5261 τὸ
2551 5207 2652 5276 μὲν
2685 5205 2985 5276 καθῆσθαι,
3014 5207 3162 5276 δηλοῖ
3183 5205 3245 5259 τὸ
3281 5203 3583 5273 βασιλικὸν,
3607 5202 3703 5255 καὶ

2119 5299 2452 5367 δικαστικὸν,
2479 5301 2573 5354 καλ⁸
2599 5300 2836 5370 ἑδραῖον·
2879 5299 3019 5353 τὰδὲ
3045 5297 3389 5362 ἀνίστασθαι,
3429 5295 3491 5348 τὸ
3528 5311 3703 5364 τιμω-

2123 5391 2346 5464 ρητικὸν
2371 5393 2464 5446 καὶ
2483 5391 2896 5462 ἀντιληπτικόν.
2933 5389 3135 5462 Ὀργὴν
3157 5390 3214 5442 δὲ
3238 5388 3330 5442 ἐπὶ
3349 5386 3483 5440 Θεοῦ
3513 5385 3699 5447 πάλιν,

2118 5482 2181 5535 οὐ
2243 5481 2415 5547 πάθος
2479 5482 2713 5555 οἰητέον,
2754 5482 2893 5537 ἀλλὰ
2937 5480 3212 5552 τιμωρίαν
3248 5478 3356 5532 τῶν
3398 5477 3566 5543 ἀξίων
3600 5475 3701 5530 αὐ-

2131 5591 2259 5644 της.

444 5663 792 5720 denotamus.
826 5667 964 5719 lram
995 5666 1049 5720 in
1079 5664 1191 5721 Deo
1217 5665 1336 5736 pari
1366 5664 1527 5720 modo
1559 5679 1667 5721 non
1703 5664 2018 5735 passionem
2058 5681 2183 5722 esse
2209 5666 2588 5738 intelligimus,
2640 5665 2736 5721 sed
2767 5663 3181 5734 castigationem
3245 5670 3300 5718 et
3363 5661 3702 5732 puuitiouem

444 5757 665 5814 illorum
697 5761 790 5828 qui
820 5760 1002 5815 divina
1035 5763 1115 5816 ira
1138 5761 1288 5830 digni
1317 5769 1468 5818 sunt.

517 5851 774 5908 Exaltare
841 5854 894 5908 in
948 5852 1140 5921 ﬁnibus
1192 5842 1525 5909 inimicorum
1584 5862 1815 5911 tuorum.
1879 5852 2016 5910 Cum

2207 5850 2505 5922 ’Υψώθητι
2557 5851 2628 5905 ἐν
2681 5847 2806 5915 τοῖς
2851 5846 3070 5917 πέρασι
3124 5844 3242 5901 τῶν
3288 5841 3517 5914 ἐχθρῶν
3566 5857 3704 5897 σου.
