2073 3218
192 219 247 250 191

783 223 977 253 COMMENT.
996 223 1038 255 IN
1054 225 1239 257 PSALMOS.

1787 229 1838 261 1‘22

194 275 314 312 ’Υψηλδς
340 276 390 309 ὢν,
420 277 525 312 φάνηθι
553 279 633 305 τοῦτο
660 279 707 305 καὶ
735 281 793 310 τοῖς
820 279 983 315 ἀνθρώποις.

1042 281 1114 309 altus
1144 283 1184 311 sis
1214 288 1242 311 et
1271 283 1408 317 sublimis,
1435 284 1473 312 ita
1498 286 1582 314 etiam
1610 293 1723 321 appare,
1755 289 1838 322 atque

188 321 323 356 Φανήσεις
335 321 363 348 δὲ
375 321 458 349 τοῦτο
472 324 502 349 ὲν
517 324 574 355 τοῖς
586 324 703 355 τέλεσιν,
721 326 780 359 ἤτοι
794 326 821 351 ἐν
835 327 894 356 ταῖς
911 327 989 352 ἀναι-

192 368 286 394 οέσεσι
303 367 356 395 τῶν
366 368 474 404 ἐχθρῶν
486 377 543 395 σου·
556 369 633 400 τέλος
645 370 698 405 γὰρ
710 371 761 405 τῆς
772 371 888 397 ἑκάστου
903 372 987 405 ζωῆς,

190 416 204 440 ὁ
222 414 349 446 θάνατος·
364 415 389 441 οἱ
401 414 429 440 δὲ
443 415 507 449 ἐμοὶ
524 416 629 451 ἐχθροὶ,
650 417 698 443 καὶ
715 417 757 443 σοὶ
780 418 860 449 εἰσιν,
877 415 921 443 οἷα
939 417 988 448 τὰς

191 460 245 492 σὰς
257 460 369 492 ἐντολὰς
383 460 624 496 παραϐεϐηκότες.

231 546 432 581 Ἔξεγέρθητι,
458 549 548 582 Κύριε
576 550 592 576 ὁ
609 550 681 582 Θεός
707 560 776 585 μου,
795 551 830 577 ἐν
858 551 989 584 προστά-

187 602 276 628 γματι
300 591 325 627 ᾧ
343 594 491 622 innato.
521 596 566 630 Μὴ
597 598 817 632 μακροϐυμήσῃς
844 597 902 624 ἔτι·
929 598 986 624 ἀλλ’

188 640 297 675 ἄμυνον
310 640 356 668 διὰ
370 641 400 668 τὸ
416 642 583 676 πρόσταγμα
600 643 613 669 ὃ
627 643 763 675 ὲνετείλω,
820 644 930 678 ἐχρήσω
944 645 988 671 διὰ

187 687 325 719 Μωσέως,
340 687 371 714 τὸ
386 687 460 722 τίμα
476 688 530 715 τὸν
540 689 652 723 πατέρα
660 697 729 722 σου,
747 691 794 717 καὶ
807 691 864 723 τὴν
873 691 987 724 μητέρα

186 740 259 760 σου.
276 733 336 759 Νῦν
348 734 377 760 δὲ
387 734 401 760 ὀ
413 734 480 769 ἐμὸς
496 735 573 766 παῖς,
585 736 715 770 ἑλύττησε
728 738 797 762 κατὰ
810 737 856 762 τοῦ
872 738 985 771 πατρὸς,

187 779 269 806 Ἐστι
283 779 314 806 δὲ
328 780 376 806 καὶ
387 780 475 812 ἄλλως
490 780 615 807 ἐκλαϐεῖν
631 781 676 807 τὸν
688 782 776 816 λόγον,
792 783 833 809 ὅτι
851 784 916 816 περὶ
935 783 982 808 τοῦ

188 826 349 861 μυστηρίου
377 826 428 861 τῆς
455 827 631 858 ἀναστάσεως
657 829 671 854 ὁ
696 829 840 863 προφήτης
866 828 985 863 εὔχεται·

185 874 285 908 εἴρηκε
307 873 362 907 γὰρ
384 873 413 899 ἐν
426 874 482 904 τοῖς
500 874 678 907 Εὑαγγελὶοις
701 876 714 901 ὁ
738 875 842 910 Κύριος
858 876 922 910 περὶ
940 875 986 901 τοῦ

186 918 255 945 ἰδίου
271 919 401 953 σώματος
418 918 486 954 πρὸς
506 919 668 952 Ἰουδαίους·
694 922 813 947 Λύσατε
836 922 888 948 τὸν
911 922 986 948 ναὸν

1041 331 1157 358 ostende
1175 336 1202 359 Ie
1217 332 1376 360 hominibus
1392 341 1400 361 :
1416 333 1573 369 hujusmodi
1585 339 1675 362 autem
1689 337 1837 371 apparebis

1041 375 1068 402 in
1082 376 1193 409 finibus,
1206 377 1257 404 hoc
1280 382 1322 405 est
1344 378 1370 405 in
1399 382 1486 406 morte
1516 379 1691 407 inimicorum
1714 384 1834 408 tuorum.

1040 419 1117 448 Mors
1142 421 1244 455 quippe
1260 422 1479 457 uniuscuiusque
1496 424 1558 452 nnis
1571 431 1610 451 est
1633 433 1641 451 :
1671 432 1748 452 meos
1771 433 1836 452 vero

1040 465 1181 499 inimicos,
1210 467 1260 494 tibi
1285 468 1370 495 etiam
1395 468 1521 497 inimicos
1544 477 1605 498 esse
1631 477 1685 498 nou
1713 471 1834 506 ambigo,

1039 518 1101 538 cum
1119 512 1247 540 mandata
1261 518 1304 540 tua
1320 515 1570 548 transgrediantur.

1075 557 1207 594 Exsurge,
1230 560 1340 588 Domine
1367 560 1435 588 Deus
1454 570 1539 596 meus,
1560 563 1587 589 in
1610 568 1738 598 praecepto
1767 564 1836 598 quod

1040 605 1187 632 mandasti.
1203 604 1262 633 Noli
1282 606 1401 642 amplius
1421 615 1483 635 esse
1507 608 1683 644 longanimis.
1702 610 1748 637 sed
1764 610 1835 638 ulci—

1041 657 1118 677 scere
1142 654 1254 685 propter
1278 658 1445 687 praeceptum
1479 654 1552 687 quod
1589 653 1733 685 mandasti.
1762 654 1835 688 quod

1040 695 1167 723 videlicet
1193 696 1332 724 tradidiin
1357 705 1406 732 per
1420 697 1545 733 Moysem
1570 698 1681 732 iubens,
1707 703 1836 734 parentes

1040 741 1220 770 honorandos
1234 750 1294 770 esse
1309 751 1323 770 a
1343 743 1419 771 ﬁliis.
1437 743 1538 771 Verum
1553 744 1581 771 in
1596 745 1741 779 praesentia
1762 744 1834 772 {ilius

1039 795 1117 815 meus
1137 788 1231 816 furore
1243 789 1270 816 in
1287 793 1391 824 patrem
1411 794 1555 824 correptus
1572 794 1624 817 est.
1642 790 1794 817 Possumus
1808 795 1836 818 et

1040 834 1120 861 aliter
1131 834 1297 868 intelligere,
1313 835 1386 869 quod
1403 835 1539 867 Propheta
1555 843 1651 870 preces
1668 835 1766 862 fundat
1784 842 1834 870 pro

1040 880 1254 908 resurrectionis
1274 881 1417 916 mysterio.
1444 881 1516 908 Dixit
1537 881 1609 908 enim
1640 881 1773 908 Dominus
1799 881 1834 908 ad

1039 924 1161 956 Judmos,
1189 928 1220 951 ut
1248 925 1319 960 apud
1354 926 1538 960 evangelislas
1570 926 1707 960 legimus:
1733 925 1834 952 Soluite

184 963 241 990 τοῦ
258 964 348 996 Θεοῦ,
363 965 410 991 καὶ
427 964 463 991 ἐν
478 965 578 999 τρισὶν
591 966 714 1000 ἡμέραις
730 967 918 1001 οἰκοδομήσω
933 969 983 994 ai;—

1041 970 1168 1005 templum
1186 970 1244 1003 Dei,
1261 976 1287 998 et
1304 971 1332 998 in
1351 971 1435 998 tribus
1449 971 1542 998 diebus
1558 972 1696 1006 wdi/icabo
1711 971 1779 998 illud
1799 972 1832 998 ".

185 1009 252 1036 τόν.
275 1009 454 1045 Ἐξεγέρθητι
470 1010 516 1036 οὖν
532 1010 576 1036 διὰ
588 1010 618 1036 τὸ
635 1012 809 1046 πρόσταγμα,
823 1012 836 1038 ὃ
849 1012 983 1039 ἑνετεῖλω·

185 1053 270 1086 εἶπας
287 1056 354 1090 γάρ·
370 1056 500 1086 Λύσατε,
518 1057 566 1082 καὶ
581 1056 704 1084 λύσουσι.

223 1101 278 1128 Καὶ
294 1102 457 1136 συναγωγὴ
474 1102 558 1128 λαῶν
573 1105 723 1131 κυκλώσει
739 1114 787 1132 σε.
806 1107 836 1132 Ei
852 1107 905 1142 γὰρ
922 1109 983 1134 ἐπι-

190 1148 335 1183 κουρήσεις
352 1157 407 1182 μοι⁷
425 1148 538 1183 ὄψονται
562 1150 665 1182 πολλοὶ,
691 1151 738 1177 καὶ
770 1153 983 1187 φοϐηθήσονται,

194 1193 243 1220 καὶ
256 1193 450 1228 ἓπιατρέψουσι
474 1195 543 1229 πρὸς
563 1195 677 1230 Κύριον.
702 1198 738 1223 Τὸ
757 1198 785 1224 δέ
803 1207 834 1232 γε
862 1200 983 1226 Κυκλώ-

193 1247 311 1272 crat-alr,
328 1239 390 1266 ἀντὶ
410 1239 469 1272 τοῦ,
486 1241 579 1276 κύκλῳ
595 1243 757 1275 γενήσονται
776 1245 830 1271 τῶν
846 1246 899 1271 σῶν
913 1247 983 1272 ἐντο-

187 1285 253 1316 λῶν,
270 1285 309 1321 μὴ
320 1285 499 1321 ἀφιστάμενοι
510 1287 622 1314 τούτων·
636 1289 650 1314 ὁ
663 1289 715 1323 γὰρ
727 1290 803 1323 Θεὸς,
819 1292 981 1326 ἀπέραντος.

188 1331 244 1357 Καὶ
258 1331 304 1357 ἐπὶ
316 1332 365 1367 τῆς
380 1332 558 1365 ἀναστάσεως
570 1334 598 1361 δὲ
610 1335 640 1361 τὺ
655 1336 737 1370 ρητδν
753 1336 889 1371 δυνάμεθα
904 1338 984 1364 ἐκλα-

187 1377 263 1404 ϐεἰνι
280 1378 342 1404 τότε
367 1378 421 1414 γὰρ
448 1380 464 1414 ὴ
494 1379 550 1406 τῶν
576 1380 659 1407 ἐθνῶν
687 1383 845 1416 συναγωγὴ,
875 1384 921 1410 ἐπὶ
939 1384 983 1411 τὸν

183 1424 308 1460 Χριστὸν
324 1425 463 1459 ἐγένοντο,
484 1426 612 1462 καθάπερ
627 1428 655 1454 ὲν
674 1428 776 1463 κύκλῳ.
802 1429 857 1455 ἀπὺ
874 1430 982 1457 πάντων

182 1471 241 1497 τῶν
256 1471 386 1506 περάτων
404 1472 454 1507 τῆς
479 1473 541 1508 γῆς.
557 1473 593 1499 Ἦ
606 1473 634 1499 τδ
660 1474 813 1501 κυκλώσει
831 1483 868 1501 σε
880 1495 887 1506 ,
904 1476 980 1508 ἀντὶ,

184 1517 305 1553 ’ᾼσεται
322 1517 369 1544 καὶ
384 1518 501 1553 ὑμνήσει
516 1527 556 1546 σε.
577 1519 687 1555 Ἐπειδὴ
708 1521 762 1555 γὰρ
785 1522 814 1547 ὲν
831 1521 905 1556 χορῷ
920 1522 982 1553 τοὺς

182 1563 290 1597 ὕμνους
307 1563 450 1599 ἀνέφερον,
467 1565 522 1591 ἀπὸ
539 1565 586 1592 τοῦ
610 1566 751 1601 σχήματος
776 1567 823 1593 τοῦ
852 1568 982 1602 πράγμα-

184 1619 245 1643 τος,
262 1610 331 1638 αὐτὸ
343 1610 375 1637 τὸ
389 1612 507 1646 πρᾶγμα
522 1612 644 1647 ᾐνίξατο.
995 1631 1017 1661 c

217 1756 275 1784 Kal
291 1756 369 1790 ὑπὲρ
384 1757 497 1791 ταύτης
511 1758 557 1791 εἷς
572 1759 652 1794 ὕψος
674 1761 880 1796 ἀπόστρεψον.
902 1764 981 1790 ’Ἐνε-

182 1812 234 1830 xsv
247 1803 353 1838 ταύτης
364 1803 413 1838 τῆς
425 1805 598 1839 συναγωγῆς,
616 1807 711 1833 ἄνελθε
731 1808 798 1842 πρὸς
811 1810 855 1835 τὸν
872 1810 981 1845 Πατέρα

185 1849 316 1885 μεσίτης·
332 1849 499 1885 ὲπίστρεψον
511 1852 551 1882 εἰς
562 1852 592 1878 τὸ
609 1852 675 1887 ὕψος
688 1854 737 1888 τῆς
749 1855 839 1889 δόξης,
859 1853 892 1890 ἧς
909 1855 982 1891 εἶχες

183 1895 238 1931 πρὸ
252 1895 302 1922 τοῦ
330 1895 433 1930 κόσμον
451 1896 589 1931 γενέσθαι,
618 1899 648 1925 τὸ
674 1900 817 1935 ὰφραστον
833 1903 981 1938 πληρώσας

182 1942 235 1978 ἠδη
255 1942 420 1977 μυστήριον.

218 1998 333 2032 Κύριος
352 1999 448 2032 κρινεῖ
458 2000 564 2032 λαούς.
581 2000 618 2027 Οὔ
633 2002 789 2037 παρόψεται
801 2004 856 2038 γὰρ
870 2005 903 2031 τά
921 2005 982 2031 κατ’

182 2043 253 2079 1,μοῦ
267 2045 499 2080 μεμηχανημένα.
519 2047 554 2073 Ἣ
572 2048 618 2074 καὶ
632 2050 731 2083 κρινεῖ,
749 2050 812 2081 τοὺς
831 2051 881 2084 μὲν
896 2059 980 2084 πονη-

182 2089 250 2123 ροὺς
265 2090 451 2125 κατακρίνων,
474 2092 537 2123 τοὺς
550 2092 577 2119 δὲ
591 2093 711 2127 ἀγαθοὺς
725 2095 807 2121 ἱστῶν
823 2097 855 2122 ἐκ
871 2096 978 2128 δεξιῶν,

215 2190 330 2224 Κρῖνόν
339 2199 386 2224 με,
402 2191 500 2224 Κύριε,
518 2192 592 2219 κατὰ
606 2193 664 2226 τὴν
680 2194 883 2228 δικαιοσύνην
900 2204 975 2229 μου,

181 2238 233 2264 καὶ
249 2237 328 2264 κατὰ
342 2237 401 2270 τὴν
415 2239 525 2264 κακίαν
543 2248 603 2273 μου
625 2240 671 2266 ἐπ’
687 2240 763 2273 ἐμοί.
789 2242 899 2276 Ἐπειδὴ
918 2242 979 2277 κρί-

182 2292 254 2315 σεως
268 2283 405 2319 ἐμνήσθη,
421 2284 515 2316 Γενοῦ,
527 2285 605 2319 φησὶ,
616 2286 706 2320 κάμοῦ
723 2287 830 2321 κριτὴς,
845 2288 975 2320 ἐξετάσας
993 2308 1019 2337 D

181 2329 232 2365 τὴν
246 2329 424 2365 δικαιοσύνην
437 2339 487 2364 μου
501 2332 534 2366 ἢν
550 2332 671 2367 ἐτήρησα
688 2334 756 2368 πρός
770 2343 799 2360 τε
811 2334 856 2360 τὸν
872 2344 979 2368 πατρα-

181 2375 271 2408 λοίαν,
288 2375 338 2402 καὶ
350 2376 413 2407 τοὺς
429 2376 498 2411 ἀμφ’
515 2377 606 2410 αὐτὸν,
620 2378 660 2404 ἔτι
673 2388 704 2412 γε
717 2380 770 2415 μὴν
787 2382 833 2406 καὶ
849 2382 919 2407 κατὰ
930 2383 979 2414 τὴν

182 2421 327 2456 ἁπλότητα
343 2429 405 2456 μου,
424 2422 467 2448 ἐπ’
479 2423 542 2454 ἐμοὶ
559 2423 690 2457 γενέσθω.
719 2425 780 2456 Πῶς
797 2424 844 2452 οὖν
857 2427 976 2461 ἀλλαχοῦ

182 2467 283 2501 liram,
299 2466 347 2500 Μὴ
359 2467 501 2502 εισέλθῃς
514 2470 557 2500 εὶς
573 2470 675 2502 κρίσιν
688 2472 763 2504 μετὰ
787 2472 840 2498 τοῦ
864 2473 978 2500 δούλου

181 2521 254 2543 σου,
277 2512 397 2539 ἐνταῦθα
411 2513 511 2546 μᾶλλον
538 2513 647 2548 εὔχεται
674 2516 818 2550 κριθῆναις
836 2518 898 2544 ’Ὁτι
916 2519 976 2544 ἐκεῖ

183 2557 248 2591 μὶν,
263 2557 311 2591 Μὴ
331 2557 440 2592 κριθῇς,
459 2559 539 2593 φησὶ,
554 2559 622 2593 πρός
639 2569 672 2594 με
696 2561 739 2592 σὺ,
759 2562 825 2596 μηδὲ
849 2562 895 2588 τὸν
911 2562 977 2596 ἐμὸν

182 2604 242 2638 βίον
257 2603 328 2638 πρὸς
344 2603 393 2635 τὰς
406 2604 457 2635 σὰς
470 2606 660 2641 παρεξετάσῃς
671 2608 843 2642 εὐεργεσῑας·
860 2609 978 2635 ἐνταῦθα

179 2650 220 2682 Et,
240 2650 313 2685 πρὸς
333 2650 444 2685 ἐτέρους
459 2650 508 2685 τὴν
534 2651 624 2685 κρίσιν
643 2653 778 2688 ἐπιζητεῖ,
796 2655 859 2686 τοὺς
881 2655 978 2690 ἀδική-

181 2705 298 2728 σαντας.
311 2695 359 2723 τοῦ
378 2697 483 2723 ἀνελεῖν
501 2698 697 2732 ὲκξητοῦντας.

215 2797 454 2830 Συπελεσθήτω
477 2796 516 2830 δὴ
544 2799 672 2831 πονηρία
701 2800 894 2834 ἁμαρτωλῶν,
929 2801 977 2827 καὶ

179 2843 376 2877 κατευθυνεῒς
393 2843 524 2870 δίκαιον.
553 2844 584 2870 El
606 2844 660 2879 γὰρ
683 2846 813 2881 στήσεταί
836 2855 901 2873 ποτε
923 2848 976 2874 τῶν

216 2934 334 2962 "Joan.
361 2942 391 2964 ιι.
414 2935 458 2963 19.
500 2934 523 2950 ⁷³
542 2931 614 2961 Psal.
636 2933 759 2966 cxt.ll,2.

1039 1015 1163 1050 Exsurge
1194 1016 1289 1050 igitur,
1313 1017 1415 1050 inquit,
1434 1017 1513 1051 juxta
1545 1017 1613 1045 illud
1639 1017 1797 1044 mandatum
1823 1026 1830 1044 :

1021 1073 1025 1078 -
1037 1061 1131 1089 dixisti
1144 1062 1216 1089 enim
1230 1062 1339 1094 Soluite.
1352 1067 1379 1090 et
1392 1063 1508 1091 solvent.

1074 1108 1157 1136 Vsus.
1167 1109 1194 1136 8.
1205 1108 1238 1135 Et
1250 1110 1418 1144 congregatio
1433 1110 1591 1144 populorum
1607 1110 1779 1137 circumdabit
1796 1114 1831 1136 te.

1038 1155 1064 1183 Si
1078 1157 1150 1184 enim
1164 1156 1230 1183 mihi
1240 1157 1349 1191 adjutor
1364 1156 1459 1189 fueris,
1480 1156 1612 1184 videbunt
1621 1157 1698 1184 multi
1712 1161 1738 1184 et
1754 1157 1833 1183 time-

1037 1201 1105 1228 bunt
1115 1206 1142 1228 et
1152 1207 1345 1229 convertentur
1354 1201 1386 1228 ad
1399 1201 1554 1230 Dominum.
1564 1202 1642 1235 Quod
1653 1210 1718 1230 vero
1728 1203 1765 1229 ait
1774 1203 1833 1229 Cir-

1037 1247 1175 1276 cumdabil
1196 1248 1314 1282 le,_idcm
1330 1252 1373 1275 cst
1385 1248 1469 1282 quod,
1481 1248 1560 1275 Circa
1571 1248 1699 1275 mandata
1715 1254 1760 1275 tua
1770 1255 1832 1276 ver—

1036 1294 1181 1324 sabuntur.
1190 1298 1217 1321 et
1224 1301 1365 1329 nunquam
1375 1295 1409 1322 ab
1419 1295 1460 1322 eis
1472 1295 1619 1327 recedent;
1631 1302 1692 1322 nam
1707 1295 1829 1329 alioquin

1036 1340 1109 1367 Deus
1128 1340 1279 1368 immensus
1299 1344 1354 1372 est,
1375 1344 1402 1368 et
1418 1341 1617 1375 comprehendi
1646 1348 1700 1368 non
1726 1344 1829 1375 potest.

1034 1385 1187 1413 Possumus
1205 1385 1288 1413 etiam
1312 1386 1365 1413 hoc
1386 1386 1540 1421 intelligere
1559 1386 1594 1414 de
1615 1386 1830 1414 resurrectionis

1035 1436 1176 1466 tempore;
1197 1433 1373 1467 congregatio
1388 1433 1461 1460 enim
1485 1433 1619 1468 gentium,
1637 1432 1714 1467 quasi
1729 1440 1830 1460 corona

1034 1475 1152 1510 quadam
1166 1475 1307 1504 Christum
1331 1476 1429 1509 cinxit,
1455 1484 1518 1504 cum
1544 1476 1579 1505 ab
1606 1477 1735 1504 omnibus
1751 1481 1831 1505 terrae

1035 1521 1135 1549 ﬁnibus
1157 1527 1255 1557 gentes
1275 1522 1308 1549 ad
1326 1530 1388 1550 eum
1407 1522 1581 1550 accederent.
1607 1521 1653 1550 Vel
1676 1522 1830 1550 circumda-

1035 1567 1073 1594 bit
1092 1572 1127 1599 te,
1145 1567 1197 1595 hoc
1207 1572 1260 1601 est,
1279 1567 1365 1596 Canet
1380 1573 1407 1596 et
1419 1568 1594 1601 laudabitte;
1609 1568 1636 1596 in
1651 1569 1738 1596 choro
1756 1569 1830 1596 enim

1035 1620 1067 1640 ac
1082 1617 1167 1645 cmtu.
1194 1613 1312 1648 hymnos
1330 1621 1361 1641 ac
1374 1613 1469 1641 laudes
1493 1613 1548 1641 Deo
1567 1621 1668 1642 canere
1697 1615 1829 1642 solemus.

1033 1657 1056 1685 Α
1074 1657 1161 1685 forma
1180 1658 1265 1693 igitur
1281 1666 1329 1686 seu
1343 1658 1429 1694 ﬁgura
1449 1664 1538 1686 coetus
1559 1659 1714 1692 hominum,
1741 1659 1828 1688 Deum

1033 1703 1215 1737 laudantium,
1229 1704 1416 1731 laudationem
1428 1705 1514 1740 ipsam
1529 1704 1707 1740 signiﬁcavit.

1070 1761 1105 1787 Et
1119 1765 1226 1796 propter
1241 1762 1309 1788 hanc
1325 1761 1352 1788 in
1364 1761 1448 1789 altum
1459 1762 1729 1797 regredere.Propler
1741 1762 1824 1794 hanc,

1033 1805 1157 1840 inquam,
1182 1806 1421 1841 congregationem
1446 1807 1580 1841 gentium,
1611 1807 1729 1835 ascende
1753 1811 1793 1839 tu,
1811 1814 1828 1834 ο

1032 1852 1178 1885 Medialor,
1197 1852 1230 1879 ad
1247 1852 1367 1883 Patrem,
1390 1857 1417 1880 et
1435 1853 1580 1888 regredere
1599 1853 1627 1880 in
1653 1853 1825 1881 altitudinem

1033 1898 1128 1932 gloriae
1144 1901 1206 1930 tuae,
1229 1905 1311 1932 quam
1330 1898 1449 1926 habenas
1465 1899 1628 1934 priusquam
1642 1899 1761 1927 mundus
1785 1907 1815 1927 es

1033 1948 1086 1977 set,
1104 1948 1131 1972 et
1144 1943 1281 1971 ineffabile
1295 1944 1455 1980 mysterium
1468 1945 1577 1980 perﬁce.

1069 2000 1151 2028 Vens.
1175 2000 1202 2028 9.
1226 2000 1355 2028 Dominus
1367 2001 1506 2035 judicabit
1524 2002 1647 2030 oooulos.
1665 2002 1723 2030 Non
1741 2002 1828 2037 negli-

1033 2050 1079 2081 εει
1091 2046 1224 2073 Dominus
1238 2054 1270 2074 ea
1287 2054 1348 2081 quae
1362 2047 1494 2075 adversus
1518 2055 1562 2075 me
1582 2048 1669 2075 moliti
1690 2053 1764 2079 sunt.
1779 2049 1828 2075 sed

1032 2091 1168 2126 disquiret
1179 2091 1281 2119 omnia.
1295 2090 1352 2123 Vel.
1365 2091 1499 2126 iudicabit
1512 2092 1627 2126 populos
1639 2093 1828 2121 rondemnans

1032 2145 1143 2172 pravos,
1160 2137 1247 2165 bonos
1259 2145 1324 2164 vero
1341 2141 1466 2165 statuens
1482 2145 1497 2164 a
1517 2138 1632 2165 dextris.

1069 2194 1169 2221 Indica
1187 2194 1263 2226 mihi,
1276 2194 1398 2226 Domine,
1415 2195 1559 2222 secundum
1574 2196 1711 2230 justitiam
1728 2204 1825 2229 nteant,

1032 2246 1057 2269 et
1083 2240 1229 2268 secundum
1255 2241 1435 2268 innocentiam
1453 2249 1539 2268 meam
1567 2249 1626 2276 qua:
1652 2241 1679 2268 in
1709 2249 1750 2271 me
1775 2247 1826 2269 est.

1032 2286 1180 2321 Postquam
1202 2286 1325 2313 meminit
1343 2286 1440 2321 judicii
1462 2295 1469 2314 :
1489 2287 1564 2320 Esto,
1584 2287 1684 2321 inquit.
1705 2291 1732 2314 et
1759 2288 1825 2315 mihl

1031 2332 1126 2368 judex.
1143 2332 1302 2368 disqttirens
1324 2333 1459 2368 justitiam
1487 2341 1587 2365 meam,
1614 2341 1698 2368 quam
1714 2335 1823 2361 servavi

1032 2378 1356 2413 adversusparricidam
1384 2378 1482 2411 illium,
1513 2383 1540 2406 et
1568 2379 1728 2414 complices.
1755 2380 1827 2407 Prre-

1031 2429 1103 2453 terea
1129 2425 1211 2452 etiam
1232 2424 1259 2452 id
1277 2428 1351 2459 peto,
1382 2428 1412 2451 ut
1436 2425 1589 2452 secundum
1621 2424 1826 2459 simplicitatem

1031 2478 1133 2504 meam,
1161 2470 1203 2498 sic
1230 2470 1277 2497 ﬁat
1304 2471 1382 2499 mihi.
1408 2470 1461 2498 Sed
1493 2471 1633 2506 quomodo
1649 2470 1712 2497 alibi
1744 2470 1821 2501 dicit,

1030 2516 1066 2543 Et
1096 2525 1148 2544 non
1170 2517 1252 2544 intres
1277 2516 1305 2543 in
1330 2516 1434 2551 judicio
1462 2525 1521 2543 cum
1541 2525 1614 2544 servo
1639 2521 1683 2543 tuo
1706 2516 1739 2548 ⁷³,
1763 2522 1825 2542 cum

1032 2562 1076 2589 hic
1099 2561 1215 2596 iudicari
1246 2562 1362 2596 cupiat?
1394 2562 1463 2595 Quia
1495 2562 1601 2590 scilicet
1637 2562 1674 2589 ibi
1708 2560 1824 2596 iudicari

1031 2606 1132 2642 refugit
1146 2614 1208 2634 cum
1228 2607 1294 2639 Deo,
1315 2612 1343 2634 et
1360 2608 1444 2635 vitam
1459 2615 1537 2635 suam
1558 2615 1620 2634 cum
1638 2606 1711 2633 illius
1726 2605 1823 2632 beneﬁ-

1031 2652 1082 2680 ciis
1097 2652 1272 2687 comparari:
1293 2660 1366 2680 nunc
1382 2658 1473 2682 autem
1489 2661 1519 2681 se
1534 2652 1609 2688 [cum
1627 2650 1693 2685 lilio]
1704 2649 1823 2685 judicari

1031 2698 1129 2732 quzerit
1144 2702 1172 2724 et
1188 2705 1250 2724 cum
1267 2698 1309 2725 his
1328 2698 1374 2731 qui
1387 2698 1503 2732 injurias
1518 2698 1543 2725 ei
1561 2697 1725 2726 intulerant,
1741 2699 1824 2729 atque

1031 2744 1190 2772 interimere
1209 2752 1272 2772 eum
1290 2745 1448 2780 cupiebant.

1066 2802 1150 2830 Vens.
1169 2802 1213 2829 10.
1228 2802 1411 2830 Consumatur
1423 2801 1726 2836 nequitiapeccatorum,
1743 2803 1767 2825 et
1781 2799 1823 2825 di-

1031 2851 1098 2885 riges
1109 2849 1224 2884 justum.
1242 2848 1309 2876 Nam
1325 2849 1347 2877 si
1364 2848 1513 2883 aliquando
1536 2853 1634 2875 eorum
1663 2845 1821 2881 malignitas
