4146 6422
558 389 664 454 123

1746 400 2140 479 EUTHYMII
2183 406 2547 470 ZlGABENl

3634 478 3673 501 '
3728 408 3828 480 1°24

555 504 875 572 cessaverit,
912 505 1220 578 dirigentur
1256 506 1391 578 justi
1412 528 1437 577 ;.
1461 511 1566 567 hoc
1603 523 1691 568 est
1723 513 1932 586 absque
1965 517 2135 586 impe-

2252 521 2586 595 ᾄμαρτωλῶν
2615 524 2648 594 ἡ
2691 523 2944 594 πονηρία,
2973 523 3506 594 κατευθυνθήσονται
3536 523 3587 575 οἰ
3607 523 3830 588 δίκαιοι,
3940 506 3949 509 ⁷

558 596 801 653 dimento
830 597 882 652 in
917 608 1063 654 recta
1094 599 1314 657 virtutis
1347 602 1431 660 via
1455 603 1837 662 ambulabunt.

628 772 887 830 Scrutaris
938 777 1103 830 tarda
1157 788 1206 833 et
1249 796 1396 835 renes
1437 781 1570 837 Deus
1608 787 1776 855 justo.
1839 787 1920 841 Tu
1970 789 2138 858 Deus,

553 867 752 936 inquit,
792 869 945 938 juste
998 871 1296 942 investigas
1353 886 1518 945 atque
1574 880 1818 948 exquiris
1866 897 2026 939 rencs
2088 892 2143 939 et

553 974 673 1024 cor,
708 962 811 1016 hoc
847 973 953 1027 est,
984 967 1169 1021 omnia
1216 969 1310 1024 irae
1356 978 1522 1041 atque
1573 970 1974 1043 indignationis
2019 993 2143 1047 ger-

552 1053 715 1107 mina.
748 1070 870 1124 quae
902 1056 954 1110 in
987 1056 1156 1111 corde
1196 1073 1492 1118 versantur
1523 1082 1536 1118 :
1568 1072 1622 1119 et
1651 1081 1840 1123 omnes
1873 1070 2140 1139 concupi-

553 1143 778 1196 scentiae
836 1145 1075 1212 radices,
1129 1164 1250 1218 qua:
1313 1150 1366 1204 in
1421 1154 1649 1209 renibus
1696 1157 1882 1213 inesse
1937 1159 2139 1215 solent.

554 1233 631 1287 Ex
695 1234 781 1290 his
831 1252 1067 1308 namque
1119 1241 1212 1295 ira:
1259 1242 1520 1299 nimirum
1570 1256 1624 1303 et
1682 1251 2144 1320 concupiscentia:

554 1323 865 1393 aﬂ‘ectibus,
889 1341 1110 1398 peccata
1140 1334 1320 1387 omnia
1352 1343 1532 1391 ortum
1574 1337 1835 1395 habuere.
1865 1339 1932 1396 Et
1952 1343 2139 1399 aliter:

557 1412 701 1470 Dem
753 1430 1028 1475 scrutatur
1081 1438 1178 1477 cor
1228 1431 1280 1479 et
1336 1441 1517 1483 renes.
1565 1429 1872 1487 Dictionem
1926 1445 2135 1502 autem,

554 1502 732 1570 Iuste,
771 1512 1131 1579 sequentibus
1183 1517 1456 1588 coniunge
1487 1520 1673 1591 legens
1701 1541 1714 1578 :
1740 1522 1893 1579 Iuste
1923 1527 2139 1597 adjulo-

553 1597 695 1651 rium
727 1615 899 1655 meum
931 1620 963 1656 α
999 1604 1247 1664 Domino.

2246 615 2527 670 τουτέστιν
2558 616 2972 686 ἀνεμποδίστως
3014 618 3298 673 όδεύσουσι
3341 615 3441 688 τὴν
3480 616 3582 687 τῆς
3626 617 3829 692 ἀρετῆς

2247 708 2391 763 ὀδόν.
2708 762 2716 768 .

2331 802 2581 865 Ἐτὰζων
2603 803 2849 872 καρδίας
2895 804 2992 859 καί
3023 802 3284 874 νεφροὺς
3314 805 3348 857 ὁ
3379 801 3522 868 Θεὸς
3565 800 3828 866 δικαίως.

2260 899 2319 952 '0
2378 898 2511 961 Θεὸς
2565 898 2814 964 δικαίως,
2874 915 3031 968 φησι,
3078 896 3532 968 πολυπραγμονεῖ
3582 897 3677 950 καὶ
3731 894 3833 965 τὴν

2248 988 2477 1059 καρδίαν
2505 991 2748 1054 καὶτοὺς
2780 994 3035 1062 νεφροὺς,
3064 991 3235 1061 ἤγουν
3278 992 3379 1044 ὅσα
3424 1007 3482 1043 τε
3521 988 3615 1042 τοῦ
3654 987 3831 1056 θυμοῦ

2247 1082 2591 1151 γεννήματα,
2630 1084 2761 1152 περί
2799 1085 2899 1153 τὴν
2927 1082 3159 1154 καρδίαν
3187 1083 3295 1151 γὰρ
3321 1084 3348 1135 ὁ
3377 1081 3568 1151 θυμὸς,
3601 1080 3696 1135 καὶ
3731 1080 3833 1134 ὅσα

2249 1171 2351 1241 τῆς
2384 1172 2701 1243 ἐπιθυμίας,
2738 1173 2831 1226 καὶ
2861 1173 2999 1244 αὐτὴ
3046 1173 3156 1244 γὰρ
3205 1174 3335 1244 περὶ
3379 1173 3509 1236 τοὺς
3557 1170 3832 1243 νεφρούςέ

2251 1264 2309 1331 ἐξ
2344 1260 2441 1329 ὧν,
2491 1264 2720 1320 ἐκείνων
2772 1283 2832 1319 τε
2882 1265 3083 1337 δηλαδὴ
3137 1268 3233 1320 καὶ
3290 1266 3520 1327 τούτων,
3583 1264 3834 1333 ἁμαρτία

2251 1356 2402 1408 πᾶσα
2433 1356 2903 1426 συγκαθέστηκεν.
2940 1358 3011 1411 Ἦ
3062 1357 3158 1410 καὶ
3187 1356 3363 1418 οὕτως
3388 1373 3401 1385 ·
3449 1357 3478 1408 ό
3507 1355 3641 1418 Θεὸς
3672 1357 3832 1422 ἐρευ-

2244 1448 2359 1501 .νῶν
2385 1449 2503 1502 ἐστι
2538 1448 2634 1502 καὶ
2681 1450 3160 1519 πολυπραγμονῶν
3194 1449 3292 1502 καὶ
3324 1448 3424 1519 τὴν
3476 1449 3706 1517 καρδίαν
3737 1446 3837 1500 καὶ

2248 1540 2376 1602 τοὺς
2409 1540 2641 1611 νεφρούς
2663 1557 2677 1571 ·
2708 1541 2821 1611 (57)
2854 1542 2913 1593 τὸ
2954 1543 3008 1593 δὲ
3038 1542 3284 1605 Amale
3330 1540 3587 1609 συνάψεις
3621 1541 3657 1605 ἡ
3682 1538 3838 1605 βοή-

2251 1631 2380 1686 θειά
2430 1650 2550 1702 μου
2614 1633 2775 1702 παρὰ
2827 1633 2931 1688 τοῦ
2987 1633 3150 1696 Θεοῦ,
3199 1631 3494 1698 σώζοντος
3546 1631 3689 1697 τοὺς
3737 1634 3840 1684 εὐ·-

2152 1718 2157 1733 “
2251 1722 2368 1790 θεῖς
2422 1723 2498 1793 τῇ
2528 1725 2762 1794 καρδίᾳ.

627 1793 794 1853 Vatis.
829 1800 913 1855 ll.
948 1804 1292 1875 Adjulorium
1323 1829 1497 1867 meum
1526 1831 1558 1868 a
1589 1816 1819 1872 Domino
1843 1822 1934 1889 qui
1967 1824 2142 1880 salvos

2334 1834 2405 1889 Ἦ
2431 1835 2686 1902 βοήθειά
2703 1844 2824 1906 μου
2851 1835 3012 1905 παρὰ
3050 1836 3157 1890 τοῦ
3197 1836 3366 1902 Θεοῦ,
3405 1835 3512 1889 τοῦ
3543 1832 3840 1899 σώζοντος

552 1887 683 1956 facit
735 1904 907 1949 rectas
968 1901 1144 1954 corde.
1200 1902 1443 1974 Simplex
1476 1914 1533 1962 et
1585 1918 1768 1967 rectus
1799 1913 1964 1971 corde
2016 1932 2142 1973 cum

2252 1887 2392 1991 me}
2417 1887 2614 1992 έὺέὲέέ
2642 1887 2986 1996 ﬁssa};
3030 1926 3207 1990 Εὐθὺς
3237 1927 3313 1980 ὢν
3346 1887 3449 1997 τὴν
3478 1924 3710 1997 καρδίαν
3740 1925 3841 1978 καὶ

552 1983 685 2049 sim,
742 2000 938 2065 tneque
1001 1991 1070 2046 ad
1129 2004 1340 2049 rectum
1372 1997 1605 2068 dirigam
1658 2003 1883 2061 virtutis
1921 2008 2140 2077 callent,

556 2074 824 2129 auxilium
873 2092 1135 2149 exspecto
1191 2101 1298 2141 non
1351 2089 1653 2146 humanum
1692 2095 1908 2165 (inutile
1941 2074 2166 2171 quippe'

558 2162 694 2219 illud
715 2167 847 2238 est),
869 2170 964 2225 sed
998 2186 1028 2225 a
1061 2171 1173 2229 Deo
1203 2179 1296 2247 qui
1328 2187 1523 2250 potens
1552 2194 1638 2240 est
1671 2162 1729 2242 ut
1768 2189 1938 2245 salvet
1959 2162 2081 2249 ’πηοί

631 2362 799 2423 Vsus.
835 2370 918 2425 12.
956 2371 1096 2430 Deus
1123 2377 1294 2447 judea:
1315 2382 1490 2448 iustus
1524 2388 1681 2458 fortis
1719 2402 1768 2446 et
1796 2393 2138 2466 longanimis.

558 2451 827 2513 Videntur
858 2463 972 2518 bare
1015 2468 1082 2521 ad
1108 2484 1204 2524 eos
1243 2473 1389 2528 dicta
1428 2451 1574 2542 esse,
1607 2482 1698 2549 qui
1730 2484 1799 2539 de
1841 2451 1929 2539 Dei
1966 2490 2147 2556 provi-

558 2547 743 2604 dentia
798 2568 935 2622 pene
976 2561 1333 2620 scandalizati
1385 2547 1637 2637 fuerant,
1668 2575 1813 2643 quod
1865 2547 2184 2648 perinisis--

561 2649 644 2694 set
684 2642 850 2698 ﬁlium
881 2647 1146 2707 adversus
1180 2664 1390 2724 patrem
1418 2660 1723 2734 insurgere.
1745 2666 1937 2725 Justus
1978 2674 2146 2743 igitur

561 2734 649 2781 est
693 2730 858 2786 veluti
886 2737 977 2800 qui
1011 2741 1447 2817 uniuscujusque
1484 2730 1746 2821 ope-ribus
1779 2774 1967 2829 aequas
1997 2730 2145 2821 vices

561 2823 851 2889 rependit;
899 2828 1056 2896 fortis
1098 2848 1251 2901 vero,
1284 2842 1432 2895 velut
1462 2843 1511 2896 is
1547 2847 1637 2914 qni
1669 2823 1857 2916 potest
1885 2868 2148 2921 quaecun-

563 2926 673 2981 que
699 2916 816 2971 vult
843 2936 857 2984 ;
886 2929 942 2976 et
991 2922 1338 2995 longanimis,
1377 2943 1435 2988 ut
1475 2938 1570 3006 qui
1600 2953 1707 2993 non
1734 2916 1921 2998 statim
1953 2945 2148 3017 inﬂigit

633 3128 704 3180 Et
736 3127 869 3182 iram
913 3149 1016 3188 non
1068 3140 1290 3209 efferens
1323 3160 1418 3213 per
1445 3148 1682 3217 singulos
1722 3153 1856 3208 dies.
1909 3154 2023 3215 Hoc
2078 3160 2143 3214 ad

566 3219 906 3286 probandam
935 3225 1025 3281 Dei
1064 3231 1533 3302 longanimitatem
1558 3240 1764 3298 dictum
1793 3254 1897 3303 est.
1928 3248 2141 3306 Etenim
2168 3271 2214 3336 ο

566 3325 689 3366 cum
722 3316 941 3374 assidue
967 3320 1373 3395 delinquamus,
1407 3340 1461 3385 et
1488 3334 1610 3388 ideo
1641 3337 1838 3407 dignos
1879 3358 1977 3396 nos
2010 3360 2145 3414 sup-

566 3403 748 3472 pliciis
780 3409 1096 3479 reddamus,
1123 3417 1239 3487 ipse
1265 3428 1444 3478 tamen
1487 3403 2055 3498 tempus‘poenitendi,
2082 3403 2145 3487 ὶιί

567 3493 915 3565 longanimis,
964 3504 1173 3564 tribuit.
1230 3508 1336 3565 Per
1399 3513 1537 3570 iram
1598 3493 1763 3589 igitur
1814 3522 1907 3575 hic
1954 3540 2147 3591 paruas

566 3584 827 3657 intellige.
869 3592 1083 3650 Movent
1117 3601 1338 3667 quidam
1396 3584 1790 3667 dubitationem
1826 3630 1840 3670 :
1879 3613 1933 3668 Si
1956 3584 2149 3685 ujustus

565 3684 652 3732 est
704 3678 847 3739 Deus
895 3696 950 3741 et
996 3690 1298 3762 condignas
1368 3699 1561 3752 tribuit
1616 3718 1826 3771 poenas,
1873 3678 2149 3778 quomodo

566 3786 745 3845 potest
798 3781 904 3837 dici
958 3785 1320 3846 misericors?
1349 3794 1426 3848 Ad
1475 3799 1619 3866 quod
1668 3800 1959 3859 dicendum
2015 3819 2144 3875 est,

564 3867 774 3936 justum
822 3878 1041 3945 quidem
1080 3879 1252 3937 Deum
1306 3900 1451 3949 esse.
1498 3892 1664 3946 veluti
1704 3895 1795 3961 qui
1848 3897 2150 3969 unicuique

566 3962 866 4035 condignas
908 3969 1085 4025 reddit
1135 3990 1325 4042 poenas
1360 3994 1375 4043 ;
1417 3980 1512 4035 sed
1567 3983 1979 4042 misericordem
2025 4003 2149 4045 esse

564 4056 777 4122 etiam,
817 4059 943 4127 quia
978 4077 1087 4115 non
1127 4070 1311 4120 statim
1350 4070 1608 4138 castigat.
1653 4075 1749 4130 sed
1793 4077 2051 4143 sustinet,
2097 4090 2151 4135 et

567 4147 902 4213 paenitentiae
928 4168 992 4206 ac
1024 4159 1370 4213 conversioni
1396 4169 1616 4234 tempus
1654 4166 1867 4233 tribuit,
1900 4185 2002 4224 nec
2036 4169 2148 4228 dae-

568 4254 787 4294 monem
834 4244 968 4297 sinit
1026 4250 1209 4301 omnia
1245 4252 1529 4320 perﬁcere,
1563 4272 1685 4325 qttae
1717 4259 1809 4315 ille
1846 4269 1995 4331 eptat
2033 4281 2046 4316 :
2097 4274 2151 4320 et

564 4330 693 4398 quia
724 4334 873 4390 omni
895 4335 1132 4407 denique
1160 4356 1222 4396 ex
1258 4342 1425 4399 latere
1456 4355 1702 4403 nostram
1735 4352 1852 4405 sitit
1884 4330 2146 4410 salutem.

641 4444 805 4503 Vens.
842 4449 927 4505 l3.
985 4450 1111 4506 Nisi
1152 4458 1385 4509 conversi
1434 4458 1664 4527 fueritis,
1715 4463 1956 4533 gladium
1994 4477 2147 4521 suum

566 4542 839 4604 uitidabit,
889 4560 1073 4600 arcum
1127 4564 1280 4602 suun:
1339 4553 1557 4606 tetendit
1609 4564 1658 4608 et
1710 4560 1919 4622 paravit
1969 4550 2145 4616 illudi.

2248 2018 2542 2091 ἀπόνηρος,
2600 2019 2696 2072 καὶ
2745 2019 2883 2089 πρὸς
2932 2020 3033 2089 τὴν
3078 2018 3299 2072 εὐθεῖαν
3328 2019 3430 2088 τῆς
3464 2017 3667 2088 ἀρετῆς
3701 2015 3840 2069 ὁδὸν

2250 2111 2573 2165 ἀπευθύνων
2612 2111 2871 2182 ἐμαυτὸν,
2936 2111 3225 2182 προσδοκῶ
3272 2110 3551 2181 βοήθειαν,
3597 2110 3698 2162 οὐκ
3734 2109 3839 2161 ἀν-

2244 2203 2556 2275 θρωπίνην,
2587 2203 2863 2275 ἄχρηστος
2884 2204 3016 2275 γὰρ,
3051 2204 3188 2258 ἀλλὰ
3222 2204 3376 2276 παρὰ
3402 2202 3561 2270 Θεοῦ,
3603 2202 3699 2256 τοῦ
3725 2200 3842 2256 σώ-

2250 2292 2364 2357 ζειν
2404 2293 2708 2364 ἰσχύοντος.

2333 2405 2396 2460 '0
2434 2407 2582 2473 Θεὸς
2627 2407 2838 2475 κριτὴς
2868 2408 3120 2474 δίκαιος,
3151 2406 3251 2462 καί
3285 2405 3558 2476 ἰσχυρὸς,
3591 2407 3689 2461 καὶ
3715 2422 3843 2474 μα·

2250 2497 2572 2566 πρόθυμος.
2607 2499 2780 2552 Τοῦτο
2832 2499 3012 2568 λέγειν
3066 2497 3213 2552 ἔοικε
3264 2497 3404 2567 πρὸς
3437 2497 3563 2560 τοὺς
3599 2496 3845 2550 σκανδα-

2251 2585 2570 2657 λιζομένους
2602 2588 2697 2641 ἐπὶ
2729 2591 2796 2660 τῇ
2844 2588 3074 2659 προνοίᾳ
3112 2587 3207 2641 τοῦ
3240 2587 3397 2649 Θεοῦ,
3443 2588 3526 2641 ὅτι
3579 2585 3849 2657 παρεχώ-

2256 2697 2420 2751 ρησεν
2450 2680 2566 2733 υἰδν
2593 2681 2966 2750 ἐπαναστῆναι
2999 2680 3080 2751 τῷ
3111 2681 3303 2751 πατρί·
3349 2680 3559 2741 δίκαιος
3588 2679 3708 2750 μὲν,
3752 2681 3847 2733 ὅτι

2253 2773 2597 2844 ἀντιμετρῶν
2628 2773 2863 2844 πράξεσι
2912 2772 3011 2837 τὰς
3062 2773 3320 2843 ἀμοιϐάς·
3362 2772 3585 2842 ἰσχυρὸς
3627 2771 3708 2836 δέ,
3758 2771 3850 2836 ὡς

2251 2862 2549 2931 δυνάμενος
2586 2863 2686 2916 ὅσα
2730 2862 3010 2930 βούλεταγ
3078 2861 3434 2934 μακρόθυμος
3482 2862 3560 2928 δὲ,
3619 2861 3695 2923 ὡς
3757 2860 3850 2932 μὴ

2252 2955 2406 3026 παρὰ
2445 2954 2611 3018 πόδας
2640 2954 2870 3023 ἐπάγων
2898 2955 2999 3026 τὴν
3030 2954 3279 3008 κόλασιν.

2323 3158 2430 3213 Kal
2459 3157 2546 3228 μὴ
2594 3157 2781 3228 ὀργὴν
2834 3156 3075 3227 ἐπάγων
3107 3159 3235 3211 καθ’
3267 3155 3538 3223 ἑκάστην
3584 3153 3851 3224 ἡμέραν.

2253 3249 2426 3305 Τοῦτο
2441 3252 2540 3321 τῆς
2564 3247 2951 3321 μακροθυμίας
2971 3246 3445 3319 ἐφερμηνευτικόν
3468 3249 3607 3300 ἐστι.
3643 3245 3855 3316 Ἡμεῖς

2253 3345 2374 3415 μὲν,
2411 3344 2535 3398 καθ’
2567 3344 2809 3412 ἑκάστην
2830 3344 3047 3415 ἡμέραν
3073 3341 3504 3412 ἁμαρτάνοντες,
3540 3340 3626 3392 ἀεὶ
3655 3357 3845 3409 τιμω-

2251 3439 2376 3510 ρίας
2424 3437 2596 3507 ἐσμὲν
2650 3436 2814 3502 ἄξιοι·
2867 3436 3032 3501 αὐτὸς
3080 3435 3137 3502 δέ
3197 3432 3597 3505 μακροθυμῶν,
3648 3431 3846 3485 δίδωσι

2249 3529 2439 3602 καιρὸν
2466 3532 2545 3597 εἰς
2568 3529 2876 3599 μετάνοιαν.
2909 3526 3109 3599 ’(ὶργὴν
3132 3526 3188 3579 δὲ
3212 3527 3310 3595 τὴν
3348 3526 3571 3578 κόλασιν
3600 3522 3845 3613 ἐνταῦθα

2250 3622 2538 3691 νοήσομεν.
2582 3620 2875 3691 Ἀποροῦσι
2911 3618 2966 3672 δέ
3009 3635 3176 3685 τινες,
3218 3618 3294 3687 ὡς
3326 3619 3374 3672 εί
3422 3617 3632 3680 δὲκαιός
3684 3616 3848 3670 ἐστιν

2248 3715 2278 3767 ό
2321 3712 2477 3779 Θεὸς,
2534 3711 2702 3778 ἀξίως
2756 3711 3027 3777 κολάζων,
3083 3710 3201 3774 πῶς
3250 3712 3366 3763 ἐστι
3409 3707 3840 3797 φιλάνθρωπος;

2250 3805 2469 3867 Δίκαιος
2490 3804 2587 3875 μέν
2615 3806 2786 3868 ἐστιν,
2818 3803 2893 3867 ὡς
2921 3802 3086 3870 ἀξίως
3113 3800 3425 3890 ἀποδιδούς
3453 3799 3850 3870 φιλάνθρωπος

2249 3901 2328 3963 δέ,
2374 3899 2447 3961 ὡς
2481 3898 2556 3970 μὴ
2592 3898 2758 3961 εὐθὺς
2807 3897 3240 3967 τιμωρούμενος,
3300 3892 3419 3982 ἀλλ’
3459 3892 3846 3982 ἀνεξικακῶν,

2252 3993 2345 4045 καὶ
2378 3991 2631 4061 παρέχων
2665 3987 2922 4058 ἀφορμὰς
2952 3983 3319 4057 ἐπιστροφῆς,
3372 3988 3469 4038 καὶ
3502 3984 3575 4052 μὴ
3611 3981 3718 4037 ἐῶν
3747 3984 3851 4037 τὸν

2253 4083 2449 4155 ἐχθρὸν
2487 4083 2587 4136 ὅσα
2625 4081 2876 4152 βούλεται
2923 4080 3119 4144 ποιεῖν,
3148 4076 3251 4131 ’καὶ
3277 4077 3455 4132 πάντα
3483 4075 3687 4147 τρόπον
3718 4075 3852 4129 ἐπι-

2240 4174 2440 4245 θυμῶν
2472 4173 2573 4244 τῆς
2606 4172 2882 4245 σωτηρίας
2914 4172 3098 4243 ἡμῶν.

2334 4466 2472 4521 Ἐὰν
2517 4467 2603 4536 μὴ
2652 4462 3086 4534 ἐπιστραφῆτε,
3137 4462 3254 4531 τήν
3286 4461 3597 4531 ῥομφαίαν
3649 4460 3853 4514 αὐτοῦ

2251 4559 2597 4625 στιλόὠσει,
2624 4560 2690 4613 τὸ
2732 4557 2917 4623 τόξον
2939 4554 3121 4612 αὑτοῦ
3152 4556 3435 4618 ἐνέτεινε,
3467 4554 3563 4608 καί
3594 4552 3839 4620 ἡτοίμα-

566 4631 762 4688 Sciens
802 4635 992 4692 beatus
1042 4638 1214 4695 David
1257 4649 1318 4696 ut
1364 4647 1652 4714 propheta.
1682 4650 1827 4719 quod
1879 4653 2149 4711 universa:

2256 4670 2370 4708 σεν
2397 4653 2568 4709 αὑτό.
2597 4649 2768 4715 Εἰδὼς
2802 4648 2891 4704 οἷα
2926 4651 3214 4721 προφήτης
3249 4651 3277 4701 ὁ
3309 4646 3494 4712 Δασὶδ,
3534 4646 3617 4699 ὅτι
3658 4644 3853 4698 πάντα

564 4734 760 4796 gentes
792 4726 914 4796 ejus
940 4728 1187 4788 Psalmos
1225 4733 1278 4788 in
1313 4749 1409 4790 ore
1436 4747 1599 4807 atque
1633 4741 1685 4794 in
1718 4741 1970 4799 manibus
2001 4760 2149 4800 sem-

566 4832 665 4886 per
697 4818 968 4877 habiturae
994 4833 1175 4887 erant.
1204 4825 1551 4894 disciplinam
1585 4831 1668 4887 eis
1693 4833 1996 4893 admiscet:
2031 4838 2147 4894 Nisi

562 4910 711 4963 enim
749 4927 865 4976 vos,
898 4912 1206 4987 inquit,qui
1243 4929 1443 4975 arecto
1469 4921 1604 4976 calle
1627 4922 1946 4981 declinastis
1970 4928 2024 4982 in
2055 4944 2149 4984 er-

568 5002 716 5058 roris
736 5006 876 5069 vias,
893 5016 949 5062 et
974 5011 1228 5068 conversi
1249 5014 1383 5070 estis
1400 5015 1468 5069 ad
1492 5016 1806 5073 materiales
1819 5033 1928 5082 res,
1950 5020 2146 5077 iterum

562 5094 636 5147 ab
676 5094 764 5151 his
796 5101 1144 5155 revertemini
1191 5103 1257 5158 ad
1291 5103 1461 5159 Deum
1489 5149 1505 5173 ,
1534 5123 1724 5177 pmnas
1756 5111 2005 5178 profecto
2040 5128 2146 5169 non

563 5185 860 5259 ell'ugietis.
887 5189 992 5247 Per
1031 5193 1271 5263 gladium
1304 5206 1512 5265 autem,
1546 5201 1923 5268 acerbitatem,
1956 5214 2011 5260 et
2051 5222 2150 5277 per

567 5292 778 5341 arcum.
814 5281 1157 5339 celeritatem
1183 5288 1377 5343 mortis
1415 5289 1640 5347 indicat.
1683 5292 1929 5350 Nitidare
1963 5309 2146 5352 autem

567 5376 623 5421 ct
663 5372 909 5439 tendere,
940 5389 1226 5443 poenarum
1254 5389 1576 5447 apparatum
1611 5384 1922 5454 significant
1963 5387 2152 5458 longa-

570 5460 987 5536 nimitatemque
1021 5469 1261 5524 divinam
1289 5486 1397 5527 non
1435 5486 1751 5541 perpetuam
1785 5479 1922 5544 fore,
1951 5482 2046 5535 sed
2082 5482 2147 5535 ad

570 5565 808 5622 tempus.
854 5554 1057 5615 Parare
1106 5576 1235 5616 vero
1281 5562 1464 5619 dicere
1501 5573 1657 5633 potes
1697 5565 1894 5638 ﬂagelli
1926 5569 2151 5640 propin-

2256 4742 2325 4797 τὰ
2372 4743 2498 4815 ἔθνη
2548 4745 2674 4807 τοὺς
2717 4743 2968 4814 ψαλμοὺς
3021 4742 3188 4796 αὑτοῦ
3221 4739 3362 4810 μετά
3390 4740 3581 4809 χεῖρας
3610 4736 3804 4801 ἕξουσι
3832 4777 3850 4800 ,

2262 4838 2484 4909 μίγνυσι
2532 4839 2655 4901 ταῖς
2701 4835 2933 4898 οἰκείαις
2969 4834 3263 4888 ὑποθέσεσι
3316 4832 3409 4886 καὶ
3462 4827 3851 4892 διδασκαλίας.

2271 4928 2396 4982 Ἐἀν
2428 4927 2538 4998 γὰρ
2576 4926 2650 4998 μὴ
2673 4925 3091 4996 ἀποστραφῆτε,
3120 4925 3170 4978 οἰ
3198 4923 3301 4993 τῆς
3339 4920 3558 4982 εὐθείας
3591 4915 3857 4971 ἀποπλα-

2257 5015 2531 5087 νηθέντες,
2573 5018 2666 5068 καὶ
2717 5015 2855 5085 πρὸς
2888 5014 2987 5085 τὴν
3027 5012 3163 5082 ὕλην
3203 5012 3560 5083 στραφέντες,
3591 5007 3693 5060 οὐκ
3739 5008 3821 5060 ἐκ

2257 5108 2468 5178 φύγητε
2498 5106 2598 5179 τὴν
2634 5107 2929 5178 τιμωρίαν.
2977 5106 3254 5175 Ῥομφαία
3283 5105 3384 5176 μὲν
3424 5102 3540 5171 οὖν,
3577 5101 3606 5154 δ
3638 5099 3858 5170 πικρὸς

2258 5201 2507 5262 θάνατος·
2550 5200 2703 5269 τόξον
2732 5200 2814 5267 δὲ,
2854 5203 2882 5254 ὀ
2909 5199 3104 5271 ταχύς.
3136 5200 3247 5254 Καὶ
3296 5196 3455 5260 αὖθις
3485 5211 3502 5227 ⁸
3538 5192 3858 5258 Στίλϐωσις

2260 5295 2360 5365 μὲν
2399 5293 2758 5360 καί-ἔντασις,
2810 5295 2842 5364 ἡ
2891 5293 3216 5363 παρασκευὴ
3263 5292 3365 5392 τῆς
3401 5287 3860 5392 τιμωρίαςκκω.

2258 5385 2396 5455 πρὸς
2427 5386 2617 5456 καιρὸν
2660 5386 3013 5458 μακροθυμία
3042 5402 3056 5417 θ
3092 5384 3383 5455 ἐτοιμασία
3415 5381 3494 5448 δὲ,
3536 5384 3568 5450 ἡ
3598 5381 3861 5449 ἐγγύτης

2255 5476 2354 5547 τῆς
2412 5477 2650 5549 πληγῆς,
2693 5478 2784 5531 διὰ
2849 5478 2951 5548 τῆς
3010 5479 3134 5532 ὅσον
3152 5477 3307 5530 οὔπω
3336 5474 3581 5547 βολῆς,ἢ
3641 5470 3861 5543 ὀξύτης

2254 5571 2287 5639 ἡ
2327 5569 2626 5640 σφοδρότης
2657 5572 2756 5639 τῆς
2781 5571 3076 5641 τιμωρίαςο
3127 5569 3345 5633 ἔντασις
3372 5567 3454 5636 δὲ,
3484 5569 3519 5639 ἡ
3555 5563 3809 5636 ἐγγύτης
3834 5583 3857 5600 '

1936 5750 2135 5812 Varim
2156 5751 2490 5817 lectiones.

644 5856 759 5930 (37)
787 5860 926 5933 Lege
951 5863 1030 5933 τῷ
1052 5881 1065 5896 ·
1101 5866 1182 5922 vcl
1211 5876 1337 5936 post
1392 5867 1650 5940 συνάψεις
1691 5872 1870 5931 scribe
1910 5876 1992 5930 vel
2018 5874 2149 5932 suba

2274 5877 2352 5948 τῷ
2398 5876 2546 5949 ἑξῆς,
2578 5877 2661 5935 vel
2693 5876 2843 5933 aliud
2876 5875 3213 5949 huiusmodi.
