4146 6456
448 449 552 517 127

445 570 689 624 ritionem
748 567 941 640 ὀδύνην
972 568 1338 642 appellantes]
1368 582 1399 624 a
1440 569 1610 625 verbo
1635 570 1854 625 οίδαίνω
1880 570 2020 625 idem

446 665 669 733 proprie
686 662 1027 734 significante
1051 661 1195 731 quod
1227 673 1401 717 tumea
1420 677 1518 718 seu
1546 662 2023 732 augeseo.Etenitn

1633 454 2021 517 EUTHYMII
2058 452 2425 513 ZIGABENI

3610 442 3708 507 l‘28

2130 567 2371 641 ἔμφυτός
2403 570 2554 623 ἐστιν
2606 567 2640 638 ὴ
2684 561 2852 618 κακία
2874 603 2891 629 ,
2940 562 3054 616 ἀλλ’
3077 561 3277 627 ἔξωθεν
3305 562 3712 634 ἐμπειρομένη,

2131 662 2227 716 καὶ
2257 661 2554 732 αὐξομένη,
2582 661 2676 713 καί
2704 657 2860 711 ὠδῖσι
2895 655 3323 728 περιϐάλλουσα.

446 770 572 810 cum
602 753 786 810 infans
859 756 912 810 in
989 755 1182 812 matris
1223 767 1381 812 utero
1446 758 1725 826 perfectus
1775 763 1882 822 est,
1929 765 1987 811 et
2030 765 2252 822 auctus,
2308 756 2547 826 amplius
2602 755 2737 809 ferri
2787 770 2897 809 non
2953 760 3183 824 potest:
3247 752 3392 807 unde
3441 752 3710 807 maximus

448 843 612 898 etiicit
656 844 892 910 dolores,
930 861 1051 900 cum
1084 848 1151 901 ad
1195 848 1402 902 exitum
1453 846 1696 902 festinet.
1750 846 1855 902 Per
1911 848 2027 904 haec
2066 852 2250 904 autem
2297 850 2632 911 ostenditur,
2675 848 2805 901 vitia
2865 846 2919 900 in
2970 845 3133 901 nobis
3207 845 3533 901 naturaliter
3602 858 3711 898 non

448 948 574 988 esse
598 936 994 1004 complantata,
1030 941 1126 994 sed
1149 938 1357 996 deforis
1380 940 1542 994 insita
1575 954 1720 1006 esse,
1756 950 1812 995 et
1832 956 2026 1011 graves
2066 948 2253 1012 postea
2284 941 2504 999 dolores
2543 941 2865 1012 producere.

525 1026 776 1096 Concepit
804 1028 1034 1084 laborem
1065 1041 1116 1085 et
1154 1032 1350 1102 peperit
1383 1034 1734 1100 iniquitatem.
1766 1034 1930 1105 Atqui
1967 1034 2022 1089 in

2196 1020 2503 1090 Σὺνέλαὸε
2533 1036 2745 1100 πόνον,
2794 1033 2892 1088 καὶ
2920 1033 3126 1089 ἔτεκεν
3147 1032 3424 1102 ἀνομίαν.
3461 1030 3572 1086 Καὶ
3605 1031 3714 1102 μὴν

455 1116 577 1171 aliis
611 1117 814 1174 fetibus
855 1121 1094 1190 primum
1129 1123 1421 1194 conceptio
1460 1134 1566 1190 est,
1590 1132 1647 1179 et
1675 1124 1873 1180 deinde
1902 1140 2029 1196 par-

454 1207 649 1262 turilio
700 1213 1077 1281 consequitur,
1139 1224 1304 1270 aucto
1346 1230 1410 1271 ac
1470 1215 1717 1288 perfecto
1772 1217 2026 1275 infante:

455 1316 642 1357 verum
697 1302 751 1359 id
788 1305 868 1360 sic
891 1320 951 1360 se
990 1306 1174 1371 habet,
1215 1309 1435 1377 quando
1479 1309 1547 1366 de
1577 1312 1938 1380 conceptione
1978 1320 2032 1368 et

454 1395 824 1463 parturitione
872 1397 963 1452 illa
997 1399 1296 1470 loquimur,
1335 1417 1458 1472 qua:
1496 1402 1549 1458 in
1594 1419 1705 1458 uno
1739 1416 1906 1471 atque
1933 1420 2032 1459 eo—

456 1485 577 1539 dem
604 1483 713 1541 fetu
737 1488 1005 1560 contingit
1033 1508 1047 1545 :
1073 1507 1219 1547 nunc
1243 1500 1426 1548 autem
1453 1493 1522 1550 de
1561 1494 1796 1551 diversis
1831 1496 2033 1553 fetibus

457 1584 542 1631 est
566 1592 768 1633 sermo.
794 1578 979 1634 Primo
1000 1583 1143 1637 enim
1181 1584 1512 1640 Absalonem
1546 1586 1681 1642 dicit
1705 1589 2033 1656 parturiisse

458 1667 812 1738 injustitiam,
853 1672 1050 1728 deinde
1081 1689 1206 1729 cum
1236 1677 1305 1731 ab
1344 1692 1407 1732 ea
1436 1678 1575 1732 male
1605 1677 1831 1734 aﬂ‘ectus
1860 1690 2033 1745 esset,

459 1767 572 1813 tum
601 1762 672 1815 ob
701 1762 940 1819 rationes
964 1764 1076 1835 jam
1128 1765 1328 1831 dictas,
1366 1777 1480 1823 tum
1523 1770 1688 1825 etiam
1743 1772 1872 1841 quia
1907 1772 2035 1827 ido-

458 1865 622 1905 neum
647 1860 864 1924 tempus
897 1856 962 1911 ad
992 1859 1255 1926 patranda
1282 1861 1490 1916 scelera
1522 1861 1769 1917 nondum
1795 1863 2035 1919 invenis-

459 1950 562 2009 set,
592 1947 915 2014 concepisse
940 1961 1065 2002 eum
1113 1961 1300 2004 narrat
1331 1951 1596 2015 laborem,
1649 1954 1751 2007 hoc
1782 1962 1866 2007 est
1911 1968 2037 2009 cor-

459 2033 612 2102 poris
665 2034 945 2105 dolorem;
1009 2055 1134 2093 nam
1195 2041 1241 2096 si
1294 2042 1513 2098 animus
1567 2044 2037 2101 sollicitudinibus

462 2130 808 2195 torqueatur,
834 2130 969 2199 ipsa:
986 2132 1147 2186 etiam
1180 2135 1428 2206 corporis
1458 2137 1601 2191 vires
1615 2137 1898 2192 deficiunt.
1920 2137 2039 2194 Non

462 2225 675 2271 tantum
708 2220 875 2290 igitur
904 2222 1074 2278 animi
1124 2240 1362 2282 maerore
1402 2227 1640 2284 Absalon
1673 2229 2038 2295 detinebatur,

461 2310 559 2362 sed
593 2309 647 2364 in
671 2315 924 2384 corporis
957 2317 1124 2371 etiam
1152 2318 1371 2376 dolores
1407 2321 1699 2388 inciderat,
1723 2322 1897 2379 donec
1937 2324 2041 2379 ini-

2130 1126 2226 1181 ἐπὶ
2263 1127 2373 1180 τῶν
2431 1125 2677 1198 ὲμϐρίων
2723 1127 2945 1198 πρῶτον
2984 1124 3267 1194 σύλληψις,
3318 1123 3511 1178 ἔπειτα
3558 1122 3710 1188 ὠδὶς,

2128 1218 2227 1272 τοῦ
2265 1217 2499 1288 βρέφους
2525 1217 2917 1287 αὐξανομένου·
2947 1217 3063 1270 ἀλλ’
3096 1217 3213 1268 ἐκεῖ
3249 1216 3369 1284 μὲν,
3407 1214 3544 1283 πρὸς
3580 1213 3715 1268 αὐτὸ

2130 1312 2193 1365 τὸ
2231 1310 2459 1382 ἔμϐριον
2485 1309 2749 1381 σύλληψις
2784 1310 3028 1377 λέγεται,
3056 1309 3151 1361 καὶ
3180 1308 3328 1369 ὠδξς·
3356 1305 3592 1359 ἐνταῦθα
3630 1304 3711 1367 δὲ,

2132 1403 2270 1473 πρὸς
2299 1402 2428 1458 ἄλλο
2461 1403 2555 1457 καὶ
2587 1402 2735 1458 ἄλλο.
2785 1402 3071 1472 Ὀδινήσας
3099 1399 3334 1471 γὰρ.τὴν
3361 1399 3596 1459 ἀδικίαν,
3620 1397 3716 1449 καὶ

2133 1496 2389 1566 χαλεπῶς
2418 1496 2512 1548 ὑπ’
2540 1497 2710 1566 αὐτῆς
2750 1493 3041 1559 διατεθεὶς,
3073 1492 3165 1546 διά
3203 1509 3263 1545 τε
3312 1491 3410 1554 τὰς
3450 1507 3717 1561 προειρη-

2137 1588 2307 1658 μένας
2346 1588 2547 1651 αίτίας,
2576 1586 2672 1641 καὶ
2707 1587 2768 1640 τὸ
2798 1587 2967 1658 μήπω
2998 1585 3190 1655 καιρὸν
3216 1583 3492 1653 εὑρίσκειν
3523 1583 3716 1650 ἐπιτή-

2132 1680 2298 1743 δειον,
2331 1678 2591 1732 συνέλαϐε
2636 1678 2822 1744 πόνον,
2856 1678 3025 1748 ἤγουν
3057 1674 3363 1747 προσέλαϐε
3403 1673 3715 1742 σωματικὸν

2134 1773 2321 1842 ἄλγος·
2353 1770 2817 1841 κατατεινομένης
2842 1772 2949 1841 γὰρ
2974 1769 3075 1839 τῆς
3104 1767 3306 1838 ψυχῆς,
3340 1768 3433 1820 καὶ
3458 1764 3571 1829 ξτοῢ
3608 1763 3718 1816 σώ-

2137 1880 2308 1933 ματος
2342 1862 2772 1916 καταϐάλλονται
2796 1861 3078 1931 δυνάμεις.
3121 1860 3197 1913 Ού
3235 1860 3397 1929 μόνον
3426 1856 3519 1909 οὖν
3554 1855 3722 1925 tam

2135 1958 2195 2010 τὸ
2246 1955 2389 2009 κατὰ
2436 1956 2637 2026 ψυχὴν,
2696 1953 2834 2009 ἀλλὰ
2883 1955 2979 2007 καὶ
3043 1953 3380 2022 σωματικοῖς
3436 1949 3721 2020 ἀλγήμασι

2140 2045 2522 2115 περιέπιπτεν,
2544 2043 2651 2108 ἕως
2684 2038 2745 2097 οὗ
2767 2043 2868 2112 τὴν
2887 2041 3118 2110 ἀνομίαν
3147 2040 3460 2110 ἐγέννησεν.
3488 2040 3720 2105 Ἀτιμον

2139 2133 2249 2205 γὰρ
2276 2134 2447 2200 ὅντως
2470 2124 2739 2204 ἀτιμάσαι
2771 2134 2863 2187 τὸν
2892 2133 3132 2204 πατέρα,
3159 2133 3252 2186 καὶ
3283 2131 3495 2196 διῶξαι,
3532 2131 3722 2201 μιᾶναι

2138 2226 2237 2290 τὰς
2264 2225 2430 2280 αὐτοῦ
2484 2225 2794 2290 παλλακάς.
2847 2226 3007 2289 Τινὲς
3055 2225 3113 2278 δὲ
3155 2224 3256 2294 τὴν
3305 2221 3723 2292 ἐπιτομωτέραν

2140 2316 2446 2388 ἑρμηνείαν
2499 2317 2914 2388 ἀποδεχόμενοι,
2971 2315 3137 2369 ὠδῖνα
3194 2314 3293 2385 μὲν
3351 2312 3585 2367 ἐνταῦθα
3637 2311 3725 2365 λέ-

462 2401 731 2468 quitatem
760 2409 990 2477 peperit.
1024 2408 1200 2467 Porro
1225 2412 1357 2468 illud
1391 2414 1639 2485 iniquum
1667 2415 1767 2471 fuit
1804 2416 2036 2473 inhono-

2144 2428 2321 2481 γουσι,
2349 2410 2449 2479 τὴν
2478 2409 2711 2463 ἔννοιαν·
2752 2407 3015 2477 σύλληψιν
3043 2408 3121 2471 δὲ,
3143 2406 3243 2476 τὴν
3286 2405 3478 2460 στάσιν
3511 2403 3610 2473 τῆς
3639 2403 3726 2455 ἐν·

462 2506 589 2549 rare
618 2509 681 2551 ac
706 2501 960 2571 persequi
997 2510 1236 2573 patrem,
1269 2511 1325 2559 et
1365 2505 1513 2562 illius
1544 2508 1774 2576 pellices
1806 2508 2033 2566 violare.

462 2582 693 2650 Quidam
731 2605 859 2645 vero
890 2592 1196 2650 breviorem
1235 2597 1637 2667 expositionem
1679 2599 1878 2666 secuti,
1908 2616 2035 2671 par-

464 2677 691 2736 turiisse
718 2695 1001 2753 exponunt
1024 2701 1126 2756 pro
1159 2689 1453 2758 cogitasse.
1488 2689 1592 2745 Per
1618 2693 2033 2762 conceptionem

466 2783 595 2825 vero
628 2776 1057 2832 constantiorem
1100 2779 1247 2835 illam
1283 2782 1592 2853 tyrannidis
1626 2783 2032 2838 meditationem

2142 2505 2292 2568 νοίας
2322 2503 2427 2572 τῆς
2447 2501 2780 2573 τυραννίδος.
2802 2503 2872 2555 Ἢ
2901 2502 2996 2554 καὶ
3016 2502 3098 2554 ὅτι
3126 2499 3410 2568 ὀδυνήσας,
3436 2500 3530 2549 καὶ
3554 2493 3727 2548 πολλὰ

2144 2595 2336 2650 παθὼν
2367 2595 2473 2649 ὑπὸ
2501 2593 2655 2648 τοῦδε
2689 2591 2989 2661 λογισμοῦ,
3025 2592 3123 2645 καὶ
3163 2592 3238 2662 μὴ
3276 2587 3538 2656 ἐνεγκὼν,
3575 2584 3726 2639 συνὲ⁶

2142 2689 2276 2743 λαϐε
2308 2687 2473 2742 πάλιν
2500 2687 2690 2757 ἕτερον
2721 2685 2838 2755 ('59)
2879 2685 3013 2754 περὶ
3036 2683 3131 2736 τοῦ
3162 2680 3328 2737 αὐτοῦ
3370 2679 3726 2751 πράγματος,

2141 2780 2201 2844 ὃς
2232 2779 2327 2834 καὶ
2356 2777 2522 2842 αὐτὸς
2550 2779 2775 2847 γέγονεν
2805 2776 3123 2839 αὑτόπονος,
3160 2774 3255 2828 καὶ
3305 2769 3537 2841 δευτέρα
3571 2770 3724 2835 ὠδίς,

463 2859 799 2932 intelligunt.
828 2865 924 2922 Vel
958 2870 1156 2928 aliter:
1203 2872 1341 2929 Cum
1375 2875 1618 2932 Ahsalon
1649 2879 1891 2949 graviter
1921 2877 2108 2932 animo
2133 2881 2450 2947 angeretur,
2475 2882 2530 2929 et
2556 2874 2728 2927 multa
2781 2886 2981 2943 passus
3046 2877 3198 2925 esset
3243 2875 3464 2938 propter
3530 2863 3727 2933 hujus-

467 2951 615 3007 modi
660 2958 1048 3027 cogitationes,
1099 2978 1201 3019 nec
1256 2970 1439 3022 tamen
1480 2969 1662 3025 adhuc
1702 2971 2038 3042 quiesceret,
2079 2968 2335 3038 concepit
2365 2981 2561 3022 rursus
2587 2967 2754 3021 alium
2783 2965 3028 3020 dolorem
3051 2962 3296 3017 eamdem
3352 2960 3423 3014 ob
3476 2972 3725 3012 causam.

464 3047 561 3116 qui
604 3050 746 3106 alius
772 3054 820 3108 ei
868 3055 971 3112 fuit
1008 3058 1183 3128 labor,
1216 3073 1270 3118 et
1301 3065 1440 3120 alius
1469 3066 1647 3131 dolor,
1677 3076 1733 3124 et
1766 3069 2040 3125 secundus
2080 3077 2291 3137 parum-

541 3141 708 3200 Vens.
744 3147 834 3205 16.
872 3148 1076 3207 Latum
1118 3154 1253 3223 fodit
1282 3169 1327 3212 et
1363 3159 1555 3228 refodit
1589 3177 1731 3225 eum,
1766 3170 1814 3217 et
1854 3162 2036 3216 incidit

2211 3156 2452 3214 Λάκκον
2483 3154 2695 3225 ὤρυξε,
2719 3154 2815 3207 καί
2838 3150 3191 3217 ἀνέσκαψεν
3209 3146 3415 3210 αὑτὸν,
3436 3144 3532 3199 καί
3548 3145 3728 3215 ἐμπε-

466 3236 522 3288 in
549 3235 755 3306 foveam
790 3258 951 3308 quam
982 3245 1128 3312 fecit.
1151 3246 1485 3317 Periculum,
1519 3252 1717 3322 inquit,
1751 3254 1881 3308 mihi
1910 3271 2036 3325 pra:-

2145 3251 2337 3307 σεῗτιιι
2356 3252 2444 3315 εἰς
2467 3248 2689 3315 βόθρον
2721 3245 2794 3300 ὃν
2811 3244 3151 3313 ειργάσατο.
3172 3240 3430 3306 Κίνδυνὸν
3457 3256 3546 3310 μοι
3567 3255 3724 3290 κατε-

468 3331 701 3398 paravit,
731 3340 786 3387 et
802 3333 1068 3404 ejusmodi
1092 3340 1419 3410 periculum,
1449 3356 1508 3400 ut
1539 3345 1686 3402 abeo
1715 3346 1801 3401 vix
1829 3362 2036 3416 possem

2148 3342 2435 3403 σκεύασεν,
2462 3338 2557 3392 καὶ
2590 3337 2836 3391 κίνδυνον
2863 3333 3322 3388 δισαπάλλακτον.
3362 3329 3630 3400 Ἐδήλωσε
3665 3326 3723 3379 δὲ

473 3420 697 3477 liberari
735 3443 745 3476 :
807 3427 953 3495 quod
988 3430 1153 3488 latins
1186 3435 1551 3492 similitudine
1594 3439 1895 3495 denotavit.
1943 3440 2036 3506 Qui

2148 3435 2360 3498 τοῦτον,
2376 3432 2465 3486 διὰ
2490 3431 2589 3500 τῆς
2603 3427 2698 3482 τοῦ
2715 3428 2922 3482 λάκκου
2943 3426 3285 3497 ὁμοιότητος·
3301 3423 3376 3486 ὡς
3390 3421 3500 3490 γὰρ
3523 3423 3728 3481 ἐκεῖνος

468 3514 616 3567 οιιὶιη
653 3515 708 3570 in
738 3516 916 3573 lacum
955 3521 1170 3590 incidit,
1217 3527 1371 3581 illinc
1403 3530 1641 3599 amplius
1671 3529 1909 3602 eﬂugere
1939 3547 2036 3587 non

2148 3527 2262 3580 soi:
2287 3522 2711 3593 ἐμπεπτωκόσιν
2741 3520 2981 3589 ἄφυκτος
3012 3521 3151 3582 ἐστι,
3190 3517 3285 3571 καὶ
3320 3512 3522 3586 μᾶλλον
3557 3510 3611 3565 εἴ
3645 3527 3730 3571 τις

473 3613 655 3671 potest
688 3626 701 3661 :
737 3612 1015 3681 praecipue
1076 3616 1121 3671 si
1179 3617 1227 3672 is
1269 3618 1420 3674 lacus
1471 3636 1581 3675 non
1620 3623 1804 3677 fossus
1836 3631 2036 3677 tantum

2151 3620 2316 3671 αὑτὸν
2347 3614 2677 3684 ἀνασκάψει,
2731 3612 2980 3667 τουτέστι
3025 3609 3224 3673 δισσῶς
3246 3608 3430 3680 ὀρύξει
3476 3606 3613 3676 πρὸς
3669 3604 3729 3656 τὸ

474 3697 568 3761 sit,
602 3698 698 3753 sed
731 3701 1066 3771 refossus,et
1096 3707 1179 3763 his
1205 3718 1524 3775 evacuatus,
1551 3714 1623 3768 ita
1647 3723 1703 3767 ut
1726 3715 2036 3783 profundiou

2155 3711 2476 3783 βαθύτερον,
2507 3708 2679 3773 οὕτως
2725 3708 2818 3762 καὶ
2844 3706 2880 3761 ἂ
2911 3705 3031 3757 κατ’
3085 3702 3220 3772 ἐμοῦ
3250 3699 3657 3754 κατεσκεύασεν
3702 3696 3731 3748 ὁ

471 3789 567 3844 sit.
598 3789 919 3863 Hujusmodi
959 3804 1226 3858 adversus
1256 3819 1362 3870 me,
1413 3805 1605 3877 inquit.
1641 3808 1871 3865 insidias
1907 3810 2036 3867 filius

2155 3802 2530 3874 πατραλοίας,
2584 3800 2746 3871 βάθος
2805 3799 3069 3869 πονηρίας
3119 3795 3340 3866 ἔχουσι,
3390 3793 3485 3846 καὶ
3533 3789 3734 3843 κύκλον

475 3894 633 3971 meus
663 3885 884 3943 molitus
907 3899 1011 3956 est,
1040 3908 1162 3961 quae
1190 3904 1360 3950 vasta:
1391 3895 1552 3952 fossae
1580 3901 1756 3953 instar
1779 3902 2036 3971 quoddam

2156 3893 2556 3962 θανατηφόρον·
2598 3890 2714 3944 ἀλλ’
2753 3890 2915 3952 αὐτὸς
2967 3888 3290 3956 ἐμπεσεῖται
3341 3881 3420 3954 τῷ
3460 3880 3691 3949 κινδύνῳ
3715 3918 3731 3943 ,

476 3966 533 4021 in
585 3987 645 4026 se
686 3976 944 4032 vitiorum
981 3982 1314 4050 profundum
1350 3985 1575 4052 habent,
1609 3997 1664 4041 et
1704 3966 2036 4044 mortiferun

2157 3990 2255 4043 sui.
2284 3986 2403 4044 ἀνθ’
2436 3982 2512 4041 ὧν
2537 3987 2638 4055 ἐμὲ
2669 3983 2956 4038 συλλαϐεῖν
2983 3983 3271 4035 ἔσπευσεν.

477 4061 791 4125 circuitum.
863 4072 1063 4129 Verum
1142 4076 1234 4132 ille
1289 4078 1344 4132 in
1398 4079 1703 4149 periculum
1750 4081 1927 4150 ipsum
1984 4083 2116 4138 mihi
2158 4083 2496 4138 destinatum
2548 4078 2789 4143 decidet,
2827 4087 2882 4133 et
2928 4073 3449 4145 comprehendetur,
3488 4068 3544 4122 in
3599 4079 3738 4137 pra:—

478 4155 645 4211 mium
689 4174 880 4217 eorum
912 4181 1035 4234 quae
1087 4169 1350 4225 adversus
1389 4187 1477 4226 me
1524 4173 1701 4228 moliri
1751 4189 2032 4244 nunquam
2071 4175 2334 4231 cessavit.

553 4250 720 4309 Vt-zns.
763 4257 851 4316 17.
900 4258 1244 4317 Converletur
1281 4266 1434 4320 labor
1460 4270 1575 4335 ejus
1616 4268 1672 4323 in
1713 4276 1871 4337 caput
1911 4270 2036 4339 ejus.

2237 4258 2622 4339 Ἐπίστρέψει
2653 4271 2687 4322 ὁ
2726 4267 2915 4331 πόνος
2956 4260 3144 4317 αὑτοῦ
3173 4262 3260 4326 είς
3299 4254 3582 4327 κεφαλὴν
3629 4255 3739 4308 αὐ-

479 4348 730 4418 Utraque
784 4350 900 4407 haec
958 4354 1137 4424 reipsa
1194 4357 1270 4411 illi
1313 4361 1698 4429 contigerunt;
1753 4363 1871 4432 ipse
1910 4365 2036 4418 enin

2154 4363 2282 4419 τοῦ.
2324 4364 2438 4417 Καὶ
2480 4363 2649 4432 ἄμφω
2686 4358 3065 4429 ἀποϐεϐήκασι
3092 4370 3106 4386 ⁸
3154 4352 3388 4422 κινδύνῳ
3415 4366 3474 4403 τε
3498 4350 3611 4419 γὰρ
3643 4347 3742 4415 ὲμο

481 4442 718 4497 Absalon
789 4443 841 4497 in
893 4446 1197 4512 periculum
1257 4447 1489 4518 incidit,
1542 4459 1598 4506 et
1643 4453 1763 4522 ejus
1816 4456 2036 4511 studiun

2155 4457 2434 4521 πέπτωκε,
2464 4457 2559 4509 καὶ
2591 4453 2731 4508 κατὰ
2759 4450 3007 4518 κεφαλῆς
3029 4447 3196 4501 αὐτοῦ
3234 4443 3441 4506 καινῶς
3469 4445 3503 4509 ἠ
3537 4437 3741 4508 σπουδὴ

480 4536 703 4589 tandem
730 4535 785 4589 in
818 4535 992 4602 ipsius
1016 4546 1177 4607 caput
1209 4542 1515 4615 revolutum
1547 4554 1648 4599 est.
1678 4544 1814 4600 Nam
1841 4561 1966 4603 cum
2004 4550 2036 4604 il

2158 4547 2324 4603 αὐτοῦ
2377 4547 2749 4619 περιετράπη.
2803 4541 3060 4596 Σπεύδων
3118 4540 3227 4609 γὰρ
3295 4531 3741 4605 παραθαρρύνειν

482 4628 657 4681 aciem
717 4629 917 4685 milites
960 4631 1279 4690 hortaturus
1310 4634 1616 4700 festinaret.
1654 4639 1798 4693 inter
1830 4654 2036 4695 curren'

2157 4642 2251 4696 τὴν
2282 4643 2484 4695 οἰκεῖον
2518 4641 2577 4692 ὲν
2606 4638 2686 4708 τῷ
2715 4636 2940 4707 πολέμῳ
2968 4634 3120 4699 λαὸν,
3146 4631 3378 4692 κλάδους
3417 4625 3588 4696 φυτοῦ
3624 4623 3743 4675 δια·-

484 4717 613 4768 ιΙιιηι
671 4731 814 4787 equo
861 4730 1290 4792 praatervectus,
1331 4726 1557 4782 caesarie
1626 4743 1780 4784 ramo
1842 4731 2036 4785 arbori:

2159 4735 2300 4789 θέων
2353 4734 2614 4804 ἔφιππος,
2664 4730 2764 4801 τὴν
2804 4729 2907 4799 τῆς
2949 4725 3198 4796 κεφαλῆς
3230 4721 3508 4789 ὲνεπλάκη
3539 4717 3740 4785 κόμην,

482 4807 811 4877 complicata
869 4826 1173 4883 suspensus
1223 4818 1529 4886 remansit;
1575 4835 1686 4890 quo
1723 4830 1882 4891 pacto
1903 4838 2032 4880 acer

2162 4829 2260 4882 καὶ
2282 4826 2624 4898 κρεμασθεὶς
2651 4822 2760 4879 ἀπὸ
2793 4820 2999 4890 ταύτης
3026 4815 3265 4890 ἀνῃρέθη
3291 4811 3529 4884 πικρῶς.

485 4896 607 4953 bam
638 4912 863 4959 mortem
891 4905 1172 4961 sustinuit.

557 4996 626 5051 Et
654 4999 710 5053 in
741 5003 982 5057 verticem
1013 5004 1181 5072 ipsius
1210 5005 1475 5075 injustitia
1513 5006 1629 5074 ejus
1658 5007 1955 5062 descendet.
1995 5008 2034 5063 Ιι

2237 5000 2345 5056 Καὶ
2378 4999 2477 5053 ἐπὶ
2507 4995 2781 5066 κορυφὴν
2832 4993 3020 5049 αὑτοῦ
3047 4991 3087 5059 ἠ
3112 4989 3319 5045 ἀδικία
3345 4985 3534 5042 αὑτοῦ
3567 5000 3747 5039 κατα-

484 5106 608 5146 eum
642 5092 787 5147 enim
814 5095 989 5151 irruet
1018 5096 1311 5165 injustitia,
1332 5114 1496 5167 quam
1522 5097 1575 5151 in
1603 5097 1740 5154 alios
1777 5099 2054 5156 tendebat.

484 5184 567 5238 Ab
598 5199 661 5240 ea
693 5193 875 5241 autem
904 5188 1150 5257 corporis
1171 5196 1323 5258 parte
1348 5205 1471 5259 quae
1500 5197 1585 5244 est
1620 5189 1795 5260 magis
1815 5190 2058 5257 lethalis,

2166 5092 2444 5160 ϐήσεται.
2489 5091 2556 5143 Ἢ
2587 5090 2773 5146 ἀδικία
2801 5083 2870 5161 ἧς
2909 5084 3242 5156 κατήρξατο,
3275 5080 3363 5135 ἐπ’
3385 5079 3549 5135 αὑτὸν
3575 5093 3745 5131 καταο

2169 5184 2391 5254 σκήψει·
2420 5182 2528 5235 ἀπὸ
2556 5181 2667 5252 γὰρ
2708 5178 2806 5233 τοῦ
2846 5180 3219 5252 καιριωτάτου
3257 5173 3458 5245 μέρους
3497 5169 3603 5224 τοῦ
3642 5166 3748 5221 σῶα

484 5283 662 5333 totum
745 5278 1022 5333 hominem
1094 5280 1445 5351 significavit,
1529 5281 1696 5336 veluti
1788 5289 1963 5337 totum
2029 5302 2036 5338 :

2173 5292 2366 5346 ματος,
2407 5275 2615 5327 ἐκεῖνον
2636 5271 2943 5342 ζὲδήλωσεν.
2991 5270 3102 5324 Καὶ
3139 5268 3324 5340 μέντοι
3359 5265 3456 5319 καὶ
3477 5262 3621 5317 οὕτω
3651 5261 3747 5328 γέ-

485 5381 658 5439 parte.
709 5370 776 5426 Et
818 5387 952 5428 sane
994 5372 1068 5427 ita
1111 5382 1292 5429 actum
1337 5382 1457 5439 est;
1503 5388 1629 5428 nam
1681 5390 1805 5431 cum
1864 5376 2036 5431 bellua

2168 5382 2318 5436 γονε·
2351 5366 2592 5435 πόλεμον
2639 5366 2751 5438 γὰρ
2788 5364 3172 5436 συγκροτήσας
3203 5359 3346 5415 κατὰ
3388 5356 3485 5412 τοῦ
3540 5354 3747 5425 πατρὸς

487 5463 543 5517 in
583 5473 792 5532 patrem
823 5466 1141 5533 instrueret,
1167 5468 1282 5536 ipse
1313 5468 1365 5520 in
1401 5482 1466 5522 eo
1502 5466 1603 5521 fuit
1626 5468 2009 5537 interemptus.

561 5554 727 5612 Vens.
767 5557 854 5615 18.
884 5559 1185 5627 Conﬁtebor
1214 5559 1438 5613 Domino
1467 5560 1750 5614 secundum
1791 5560 2066 5630 justitiam

490 5645 627 5715 ejus.
671 5646 806 5716 Ego,
841 5649 1045 5720 inquit,
1094 5659 1217 5718 post
1277 5649 1592 5718 ltujusmodi
1653 5648 1779 5706 belli
1830 5651 2062 5715 exitum,

490 5740 695 5810 gratias
728 5741 837 5796 Deo
862 5756 1018 5811 agam
1050 5743 1117 5798 de
1144 5743 1293 5812 justo
1316 5743 1447 5813 ejus
1476 5741 1708 5813 judicio.

2168 5455 2358 5524 αὐτοῦ,
2391 5458 2634 5530 ἀνῃρέθη
2671 5457 2873 5529 μᾶλλον
2905 5456 3091 5520 αὑτός.

2248 5552 2798 5623 Ἐξομολογήσομαι
2828 5550 2908 5618 τῷ
2930 5551 3124 5620 Κυρίῳ
3139 5564 3288 5604 κατα
3306 5564 3423 5615 την
3440 5540 3749 5600 amatam}-

2165 5665 2286 5717 νην
2303 5646 2511 5703 αὑτοῦ.
2543 5645 2689 5715 Ἐγὼ
2702 5644 2780 5709 δὲ,
2800 5644 3043 5698 τοιοῦτον
3064 5642 3217 5705 τέλος
3228 5638 3502 5709 λαϐούσης
3524 5637 3625 5706 τῆς
3646 5632 3751 5704 μά⁶

2174 5735 2779 5811 χης,εύχαριστήσωδτῷ
2797 5735 2917 5807 Θεῷ
2938 5736 3028 5790 ἐπὶ
3044 5737 3109 5807 τῇ
3138 5731 3324 5803 δικαίᾳ
3353 5730 3535 5804 κρίσει
3556 5724 3749 5782 αὑτοῦ.

1825 5835 2024 5899 Vat-ite
2058 5834 2392 5900 lectiones.

566 5933 680 5999 (39)
714 5934 958 5993 Subaudi
988 5935 1171 5991 πόνον.
