4146 6418
402 354 518 420 ἢθ

485 467 595 524 Hal
644 464 823 536 ψαλῶ
868 464 954 531 τῷ
1003 464 1255 536 ὀνόματι
1287 464 1515 533 Κυρίου
1560 461 1671 519 τοῦ
1711 462 2007 531 ὑψίστου.

1572 348 1968 413 COMMENT.
2000 349 2084 412 ΙΝ
2123 351 2257 413 PSA
2266 352 2492 414 LMOS.

3574 350 3676 427 130

2178 460 2251 516 Et
2304 462 2539 532 psallam
2605 463 2814 520 nomini
2880 465 3095 523 Domini
3142 468 3411 526 altissimi.
3468 471 3675 528 Canam

408 560 571 632 ’ᾼσω
596 559 678 629 τῷ
703 558 933 630 ὀνόματι
977 558 1148 611 αὐτοῦ
1194 557 1264 611 τὰ
1304 558 1624 629 νικητήρια,
1672 556 1758 609 ὅτι
1789 556 1992 608 ὲπεκαυ

2116 555 2308 624 inquit,
2341 556 2553 612 nomini
2581 555 2703 627 ejus
2733 573 2831 629 pro
2859 558 3088 616 victoria
3120 576 3143 616 τ
3170 563 3299 633 quia
3327 563 3448 634 ejus
3477 580 3677 621 nomen

404 651 661 723 λεσάμην
699 649 864 705 αὐτὸν
891 650 990 704 καὶ
1025 648 1293 720 ἐϐοήθησέ
1327 665 1441 719 μοι.
1489 647 1554 701 Ei
1591 647 1702 718 γὰρ
1740 645 1801 699 τὸ
1825 646 1995 712 ὄνομα

406 744 583 799 αὐτοῦ
605 742 878 813 τοσαύτην
909 745 1028 813 ἔχει
1057 741 1310 811 δύναμιν,
1355 741 1441 804 τίς
1475 741 1578 794 οὐκ
1605 740 1673 793 ἀν
1700 739 1862 793 αὑτὸν
1900 755 1997 807 φο-

407 837 646 909 ϐηθεεης
677 835 972 904 Ὑψίστου
996 833 1075 898 δὲ,
1094 832 1188 887 τοῦ
1206 832 1348 903 ὑπὲρ
1376 832 1616 895 ἅπαντα,
1633 829 1730 884 τοῦ
1757 830 1999 900 ἀνυπερ-

409 932 636 1001 ϐλήτου,
682 929 717 1001 ἢ
754 928 851 983 καὶ
892 926 991 981 τοῦ
1031 928 1386 996 ἐπουρανίου,
1433 924 1580 979 καθά
1628 923 1998 994 προλαϐόντες

409 1023 669 1094 εἴπομεν.
702 1020 890 1076 Ταῦτα
920 1019 980 1074 δὲ
1029 1022 1093 1073 οὐ
1145 1019 1427 1090 χαίροντός
1486 1020 1638 1073 ἐστιν
1689 1017 1998 1090 ἀνθρώπων

411 1118 684 1186 σφαγαῖς,
700 1114 795 1167 καὶ
820 1112 1058 1183 μάλιστα
1099 1110 1291 1174 παιδὸς
1334 1111 1548 1181 αἵματι·
1602 1109 1720 1176 πῶς
1771 1108 1884 1181 γὰρ
1939 1110 1999 1176 ὃς

411 1209 511 1261 καὶ
538 1206 808 1276 πένθιμον
830 1205 1056 1275 ἐποίησε
1097 1204 1197 1272 τὴν
1241 1203 1459 1275 ἡμέραν
1489 1202 1594 1272 τῆς
1639 1202 1835 1272 νίκηςςη
1882 1201 1999 1256 ἀλλ’

408 1298 828 1370 ἀπδδεχομένου
871 1298 972 1368 τὴν
1021 1297 1118 1351 τοῦ
1158 1294 1314 1350 ¹Θεοῦ
1362 1295 1567 1366 ψῆφον,
1598 1295 1824 1360 δικαίως
1874 1298 2001 1361 τοὺς

408 1394 643 1455 ἀδίκους
702 1390 1253 1460 καταλαμϐάνουσαν.
1319 1389 1477 1452 Τινὲς
1527 1388 1585 1442 δὲ
1640 1388 1702 1442 τὸ
1760 1388 2003 1443 Λάκκου·

409 1485 637 1554 ὤρυξε,
667 1486 766 1538 καὶ
791 1484 860 1537 τὰ
879 1481 1029 1554 ἑξῆς,
1061 1482 1191 1553 ἀχρι
1218 1481 1315 1535 τοῦ
1354 1481 1573 1537 Ἀδικία
1601 1481 1789 1536 αὑτοῦ
1824 1497 2003 1535 κατα-

409 1577 695 1646 ϐήσεται,
744 1576 1157 1645 συντομώτερον
1227 1573 1652 1646 ἑρμηνεύοντες,
1704 1572 1866 1628 τοῦτο
1910 1572 2002 1626 λέ-

410 1686 581 1738 γουσι
607 1668 806 1739 δηλοῦν
858 1666 1262 1738 μεταφορικῶς,
1314 1667 1412 1720 ὅσα
1446 1665 1567 1721 κατ’
1607 1665 1743 1736 ὲμοῦ
1790 1667 2005 1738 ἐμηχα-

408 1764 648 1834 νήσατο,
696 1761 858 1825 αὐτὸς
886 1760 1158 1816 πείσεται.
1192 1759 1383 1815 Ταῦτα
1405 1760 1461 1815 δὲ
1502 1759 1885 1832 κατευχόμεθα
1908 1759 2003 1815 καὶ

412 1857 515 1911 τοῦ
542 1855 820 1911 διαϐόλου.

407 2038 516 2103 Εἰς
541 2034 616 2089 τὸ
643 2034 821 2101 τέλος
845 2033 999 2104 ὑπὲρ
1024 2033 1147 2089 τῶν
1168 2032 1399 2101 ληνῶν,
1427 2031 1672 2102 ψαλμὸς
1703 2029 1782 2097 τῷ
1801 2029 2004 2085 Δαϐίδ.

999 2126 1298 2180 ΨΑΛΜΟΣ
1337 2122 1420 2179 H'.

488 2222 557 2276 τί
587 2221 687 2292 μιν
728 2218 983 2290 βούλεται
1018 2217 1123 2284 Eii;
1159 2216 1225 2271 τὸ
1269 2215 1475 2282 τέλος,
1531 2217 1591 2270 ἐν
1640 2216 1755 2280 τοῖς
1804 2213 2009 2284 προλα-

431 2314 584 2367 ϐοῦσι
612 2313 965 2384 προείρηται.
992 2310 1234 2379 Λητοὺς
1256 2310 1316 2365 δὲ
1358 2309 1515 2364 καλεῖ
1547 2310 1674 2373 τοὺς
1716 2308 2007 2379 ἀπαντακῆ

434 2407 533 2474 τῆς
582 2407 904 2477 οἰκουμένης
950 2404 1137 2468 ναούς.
1192 2402 1471 2474 ’Ᾱμπελος
1500 2401 1631 2473 γὰρ,
1682 2401 1711 2453 ὀ
1760 2400 2005 2473 Κύριος·

434 2499 684 2567 κλήματα
712 2496 793 2562 δὲ,
832 2497 884 2551 οἱ
914 2495 1231 2550 ἀπόστολον
1263 2493 1463 2565 βότρυς
1483 2493 1540 2548 δὲ
1583 2493 1618 2563 ἡ
1648 2490 1849 2557 πίστις,
1884 2492 2007 2563 ἥτις

424 2585 891 2657 ἑναποθλιϐομένη
921 2587 1044 2650 ταῖς
1083 2584 1456 2655 Ἐκκλησίαις,
1496 2582 1594 2655 τὴν
1622 2581 2006 2648 διδασκαλίαν¹,

422 2677 505 2742 ὥς
529 2675 691 2748 οἶνον,
720 2678 927 2745 δίδωσι,
977 2679 1079 2741 τὰς
1122 2677 1234 2732 τῶν
1272 2677 1481 2731 πιστῶν
1509 2674 1738 2747 καρδίας
1776 2673 2010 2746 εὐφραί-

421 2788 652 2827 νουσιν.
683 2771 969 2844 [lpopr
1004 2765 1098 2826 οὖν
1129 2769 1337 2826 τούτων
1360 2769 1471 2824 τῶν
1500 2767 1888 2839 πνευματικῶν
1914 2768 2010 2839 ληο

422 2866 561 2932 νῶν,
609 2868 638 2920 ὁ
688 2866 906 2936 ψαλμδς
956 2858 1114 2930 οὗτος
1164 2864 1556 2937 ἔκπεφώνηται
1603 2863 1682 2933 τῷ
1725 2864 2006 2936 προφήτῃ.

422 2955 611 3011 Πάλαι
635 2956 737 3026 μὶν
757 2955 867 3026 γὰρ
889 2951 969 3020 εἷς
1003 2956 1132 3020 ναὸς
1161 2955 1503 3027 ᾠκοδόμητο,
1539 2954 1635 3009 καὶ
1665 2954 1724 3010 ιν
1753 2954 1836 3008 ἑνὶ
1859 2954 2013 3025 τόπῳ

417 3055 528 3122 τῆς
565 3051 956 3124 Ἰερουσαλὴμ,
990 3050 1203 3111 ὃτιῃκαὶ
1246 3049 1328 3103 ἑνὶ
1366 3048 1509 3103 ἔθνει
1539 3047 1970 3119 ἀποκεκλήρωτο
1991 3085 2008 3112 ,

420 3148 562 3219 περὶ
590 3139 654 3201 οὖ
687 3162 852 3217 φησιν
890 3145 1155 3208 Ἡσαΐας·
1196 3142 1574 3215 ’ῼκοδόμησα
1607 3143 1840 3211 πύργον
1858 3179 1875 3204 ,
1909 3140 2011 3195 καί

2099 648 2376 713 invocavi,
2422 657 2480 705 et
2520 650 2811 708 exauditus
2847 667 2990 709 sum.
3025 652 3183 719 Quod
3225 656 3274 711 si
3298 656 3447 712 illius
3479 673 3681 714 nomen

2100 748 2284 796 tantas
2317 741 2482 797 habet
2518 742 2665 798 vires
2693 782 2709 807 ,
2737 744 2863 815 quis
2893 760 3004 800 non
3034 747 3213 817 ipsum
3245 749 3537 807 Dominum
3564 751 3680 805 for-

2095 831 2328 888 midabit
2353 833 2377 887 ?
2403 833 2668 899 Altissimi
2696 845 2903 900 autem,
2935 839 2988 893 id
3018 847 3123 903 est,
3158 840 3329 906 illius,
3355 844 3448 912 qui
3476 855 3562 900 est
3587 861 3687 901 su-

2097 936 2196 993 pra
2227 923 2434 990 omnia,
2467 925 2560 995 qui
2600 926 2993 996 insuperabilis
3025 938 3131 993 est,
3157 931 3241 983 vel
3271 934 3436 988 etiam
3490 950 3684 1006 supcr-

2096 1016 2357 1080 coelestis,
2378 1024 2437 1071 ut
2452 1019 2708 1089 superius
2733 1019 2992 1077 diximus.
3020 1019 3146 1078 Haec
3174 1032 3358 1080 autem
3389 1029 3550 1082 verba
3572 1043 3685 1083 non

2098 1109 2391 1179 gaudentis
2421 1119 2549 1166 sunt
2580 1109 2812 1166 aliorum
2845 1114 3016 1177 caede,
3051 1130 3150 1170 nec
3185 1116 3281 1170 lilii
3306 1119 3682 1186 potissimum,

2101 1216 2230 1255 cutn
2278 1202 2570 1273 lugubrem
2630 1206 2805 1274 egerit
2860 1206 3013 1263 illum
3066 1208 3322 1264 victorias
3360 1209 3502 1265 diem
3525 1210 3682 1281 (40):

2101 1292 2198 1349 sed
2233 1294 2590 1364 suscipientis
2605 1297 2932 1353 sententiam
2968 1298 3083 1365 Dei,
3119 1314 3243 1370 qua:
3276 1282 3514 1366 iniustos
3564 1302 3688 1359 illos

2102 1388 2377 1442 coercuit.
2417 1388 2602 1459 Aliqui
2650 1404 2803 1457 vero,
2828 1391 2992 1447 verba
3032 1391 3128 1447 illa
3178 1390 3380 1447 Lacum
3416 1394 3576 1462 fodit,
3631 1408 3691 1464 et

2104 1492 2227 1548 qua:
2261 1490 2593 1549 sequuntur,
2628 1497 2804 1551 usque
2838 1482 2907 1538 ad
2954 1483 3068 1549 illa,
3108 1482 3392 1552 lujustitia
3431 1484 3547 1554 ejus
3591 1484 3687 1540 de-

2105 1570 2593 1633 scendet,breviori
2616 1573 2959 1642 expositione
2988 1574 3297 1643 declarant,
3328 1575 3598 1643 dicentes,
3622 1593 3693 1633 ea

2105 1662 2274 1716 verba
2307 1677 2403 1732 per
2446 1664 2830 1732 metaphoram
2879 1663 3214 1733 signiﬁcare,
3264 1666 3410 1736 quod
3443 1668 3689 1722 Absznlon

2107 1753 2223 1823 ipse
2245 1768 2309 1807 ea
2346 1767 2614 1823 passurus
2643 1762 2923 1825 erat,qua3
2958 1757 3223 1812 adversus
3256 1767 3465 1828 patrem
3499 1758 3692 1813 molie-

2109 1846 2292 1900 batur.
2352 1845 2683 1916 iiujusmodi
2736 1848 2903 1903 etiam
2956 1849 3141 1905 verbis
3168 1864 3466 1921 possumus
3505 1860 3561 1907 et
3589 1865 3694 1908 nos

2036 1914 2080 1970 Β
2109 1938 2378 1994 adversus
2403 1939 2706 1999 daemonem
2747 1939 3067 2009 imprecari.

2215 2029 2280 2085 In
2306 2031 2462 2101 liuent
2489 2047 2587 2102 pro
2612 2031 2968 2087 torcularibus
2994 2020 3233 2101 psalmus
3261 2032 3361 2101 ipsi
3385 2032 3586 2090 Dauid.

2659 2122 2978 2179 PSALMUS
3013 2124 3146 2179 Vill.

2180 2214 2322 2282 Quid
2361 2216 2466 2271 sibi
2500 2217 2671 2271 velint
2697 2215 2866 2271 verba
2900 2216 2993 2271 illa
3018 2218 3074 2270 in
3100 2217 3283 2286 ﬁnem,
3308 2217 3363 2273 in
3395 2219 3696 2290 superiori-

2110 2308 2215 2364 bus
2249 2308 2456 2363 dictum
2487 2316 2591 2364 est.
2633 2307 2951 2362 Torcularia
2980 2311 3216 2380 appellat
3245 2308 3538 2378 Ecclesiae,
3572 2327 3697 2382 quae

2111 2400 2318 2469 ubique
2355 2411 2629 2455 terrarum
2669 2409 2821 2454 sunt.
2863 2400 3121 2456 Christus
3160 2401 3308 2457 enim
3357 2401 3486 2459 vitis
3516 2412 3602 2457 est
3641 2412 3698 2458 et

2111 2495 2348 2566 apostoli
2379 2495 2636 2565 palmites
2666 2497 2713 2529 ⁸ο
2742 2512 2759 2563 ;
2798 2512 2901 2553 uva
2945 2506 3129 2551 autem
3169 2504 3225 2551 et
3261 2511 3512 2552 racemus
3536 2498 3694 2552 ﬁdem

2110 2587 2447 2660 signiﬁcant,
2476 2604 2602 2658 quae
2629 2590 2683 2644 in
2714 2584 2976 2646 Ecclesiis
3005 2603 3321 2659 compressa
3342 2628 3360 2655 ,
3387 2589 3698 2660 disciplina)

2109 2680 2441 2737 Christiana
2468 2682 2663 2738 vinum
2694 2682 2891 2737 tribuit
2919 2698 2935 2737 :
2965 2695 3075 2752 quo
3105 2680 3344 2737 ﬁdelium
3365 2681 3532 2737 corda
3563 2681 3698 2738 laeti-

2110 2771 2368 2829 ﬁcantur.
2400 2772 2478 2827 Ex
2503 2774 2927 2846 personaigitur
2946 2773 3323 2844 spiritualium
3355 2774 3553 2830 horum
3580 2783 3698 2830 tor-

2110 2865 2405 2930 cularium,
2453 2866 2559 2922 hoc
2604 2875 2690 2921 est
2752 2866 3163 2933 Ecclesiarum,
3219 2867 3312 2922 hic
3371 2867 3615 2937 psalmus
3660 2880 3699 2922 ει

2111 2957 2388 3029 Propheta
2412 2961 2763 3030 conscriptus
2786 2969 2892 3018 est.
2916 2962 3057 3017 Olim
3089 2961 3290 3033 quippe
3326 2961 3550 3018 unicum
3572 2971 3701 3017 tan-

2114 3059 2231 3106 tum
2262 3053 2528 3124 templum
2546 3063 2929 3110 constructum
2953 3064 3094 3122 erat,
3127 3055 3182 3110 in
3222 3071 3331 3110 una
3362 3061 3577 3111 tantum
3614 3055 3700 3111 ci-

2115 3145 2286 3200 vitate
2332 3143 2641 3201 Jerusalem
2693 3164 2707 3201 :
2764 3147 2893 3215 quia
2951 3146 3047 3201 uni
3104 3153 3320 3201 tantum
3378 3154 3497 3201 erat
3548 3148 3696 3216 genti

419 3240 767 3311 προλήγιον
787 3238 989 3308 ῶρυξα
1017 3238 1088 3291 ἐν
1110 3234 1292 3303 αὐτῷ,
1327 3235 1559 3304 πύργον
1588 3232 1690 3305 μὲν
1712 3232 1893 3286 καλῶν
1916 3231 2011 3286 τὸν

2116 3236 2347 3292 datum:
2394 3236 2464 3291 de
2525 3252 2636 3306 quo
2675 3234 2845 3293 Isaias
2896 3237 2976 3291 ait
3010 3252 3026 3291 :
3061 3236 3357 3306 Avidi/ictui
3387 3238 3602 3300 turrim,
3647 3246 3701 3290 et

419 3331 582 3397 ναόν,
619 3329 960 3401 Προλήνιον
995 3329 1053 3383 δὲ
1080 3327 1143 3382 τὸ
1180 3327 1589 3398 θυσιαστήριον.
1636 3325 1762 3379 Ἐπὶ
1788 3323 1933 3378 τέλει
1956 3323 2016 3379 δὲ

421 3426 543 3479 τῶν
571 3424 807 3489 αἰώνων,
856 3422 968 3494 (Li)
1003 3421 1088 3477 ῑτι
1117 3421 1213 3474 καὶ
1257 3422 1316 3474 ιν
1348 3419 1428 3491 τῷ
1457 3419 1606 3475 τέλει
1636 3421 1737 3488 τῆς
1780 3418 2017 3488 νομικῆς

422 3518 715 3589 λατρείας,
747 3516 1058 3586 καθῄρηται
1088 3513 1187 3583 μὲν
1216 3506 1371 3575 οὗτος
1391 3528 1407 3544 ·
1438 3511 1779 3582 ἀντέστησαν
1811 3508 1867 3562 δὲ
1893 3508 2017 3563 καθ’

424 3611 563 3679 ὅλης
588 3608 688 3677 τῆς
717 3607 820 3677 γῆς
847 3604 1135 3676 ἐκκλησίαι
1171 3602 1544 3673 παμπληθεῖς,
1584 3602 1668 3656 ὅτι
1704 3601 1800 3656 καὶ
1840 3600 2020 3654 πάντα

426 3702 504 3755 τὲ
530 3700 663 3767 ἔθνη
701 3697 799 3768 τὴν
827 3695 1160 3765 θεογνωσίαν
1183 3694 1483 3749 ἀπέλαϐον.

503 3881 687 3951 Κύριε
713 3881 752 3934 ὁ
770 3878 988 3947 Κύριος
1010 3874 1202 3947 ἡμῶν,
1234 3877 1316 3944 ὡς
1347 3874 1699 3945 θαυμαστὸν
1734 3875 1803 3930 τὸ
1833 3871 2023 3944 ὄνομά

429 3991 557 4032 σου
578 3974 651 4028 ἐν
669 3972 838 4042 πάσῃ
862 3971 941 4041 τῇ
963 3969 1082 4042 τῇ]
1118 3969 1240 4025 Τῶν
1276 3969 1378 4040 μὲν
1417 3969 1688 4031 ἀπίστων,
1728 3966 1809 4020 ἐνὶ
1833 3964 2023 4037 τρόπῳ

430 4065 646 4137 Κύριός
672 4064 821 4117 ἔστιν
867 4064 898 4116 ό
925 4060 1185 4132 Χριστὸς,
1233 4060 1314 4132 τῷ
1358 4058 1461 4128 τῆς
1505 4057 1784 4120 πλάσεως·
1829 4053 1939 4109 τῶν
1965 4054 2022 4108 δὲ

433 4160 674 4223 πιστῶν,
693 4155 887 4229 διπλῷ,
915 4155 995 4226 τῷ
1015 4156 1116 4222 τῆς
1145 4153 1418 4216 πλάσεως.
1445 4151 1541 4204 καὶ
1564 4147 1643 4220 τῷ
1665 4148 1763 4218 τῆς
1786 4145 2024 4215 ἐπιγνώ-

434 4265 604 4314 σεως·
633 4247 715 4302 διδ
742 4247 838 4302 καὶ
870 4244 1241 4308 ἀναδξπλωσις
1269 4239 1526 4296 ἐνταῦθα.
1556 4238 1793 4307 Λέγουσι
1824 4236 1934 4307 γὰρ
1966 4235 2025 4291 αἱ

430 4342 549 4397 τῶν
572 4339 784 4395 πιστῶν
817 4336 1160 4408 Ἐκκλησίαι·
1193 4333 1367 4405 Κύριε
1399 4328 1723 4402 δημιουργὲ,
1755 4328 1785 4381 ὁ
1819 4326 2025 4398 Κύριος

431 4433 602 4505 ἡμῶν
624 4431 753 4503 ἄρτι
785 4429 1025 4500 γεγονὼς
1059 4427 1149 4483 διά
1176 4425 1277 4496 τῆς
1301 4421 1673 4492 ἐπιγνώσεως,
1703 4421 1856 4476 Δίαν
1889 4418 2024 4474 ἐστι

433 4519 792 4592 θαυμαστὸν
810 4519 877 4573 τὸ
909 4516 1100 4588 ὄνομά
1133 4530 1253 4572 σου
1282 4516 1352 4570 ἐν
1381 4513 1554 4581 πάσῃ
1583 4510 1657 4581 τῇ
1702 4508 1802 4581 τῇ.
1846 4509 2025 4565 Μόνον

436 4580 572 4686 γάρ,
588 4580 1044 4681 ἐπικαλούμενον,
1092 4607 1387 4679 φυγαδεύει
1445 4606 1747 4677 δαίμονας,
1795 4600 2025 4674 νεκροὺς
2051 4580 2104 4643 Ῑ)

437 4709 723 4777 ἀνίστησι,
769 4705 959 4769 νόσους
988 4702 1324 4768 ἀπελαύνει,
1384 4698 1715 4772 μεταϐάλλει
1750 4697 2028 4767 στοιχεῖα,

440 4800 543 4854 καὶ
572 4798 753 4852 πάντα
777 4797 1023 4852 δύναται.
1054 4794 1131 4850 To
1162 4795 1206 4847 δ’
1234 4792 1369 4848 αὐτὸ
1396 4792 1494 4847 καὶ⁵
1520 4791 1752 4862 φοϐερὸν
1791 4787 2028 4861 ἀλλαχοῦ

439 4890 629 4944 καλεῖ.
654 4886 980 4959 Θαυμαστὸν
1008 4886 1109 4954 μὲν
1138 4883 1254 4952 οὖν,
1287 4882 1379 4937 διὰ
1415 4882 1513 4946 τὰς
1542 4883 1845 4953 ὑπερφυεῖς
1869 4882 2028 4951 ἐνερ-

439 4981 606 5047 γείας
632 4996 646 5011 ·
678 4977 912 5049 φοϐερὸν
957 4976 1038 5043 δὲ,
1084 4975 1172 5030 διὰ
1206 4975 1305 5044 τὴν
1331 4974 1570 5047 ἄρρητον
1596 4972 1854 5044 δύναμιν.
1886 4971 2032 5042 Ὅρα

440 5074 507 5127 δὲ
536 5072 654 5135 πῶς
681 5071 875 5125 ἑαυτὸν
906 5070 1037 5141 ἡμῖν
1068 5068 1360 5133 συνέταξεν
1388 5069 1417 5121 6
1450 5064 1638 5131 Δασιδ,
1693 5062 1931 5136 προϊδὼν
1971 5062 2035 5117 τὸ

445 5165 772 5237 μυστήριον,
823 5163 918 5216 καὶ
963 5160 1063 5233 τὴν
1095 5160 1278 5214 πίστιν
1309 5159 1391 5223 εἰς
1433 5158 1505 5213 τὰ
1536 5157 1641 5213 τοῦ
1678 5156 1887 5229 κόσμου
1917 5157 2036 5211 διας

443 5255 791 5326 φοιτήσασαν
816 5253 1054 5323 πέρατα.
1093 5251 1158 5303 Τί
1186 5250 1243 5305 δὲ
1288 5250 1420 5322 περὶ
1449 5250 1647 5303 τούτου
1684 5249 1953 5318 φήσουσιν
1985 5249 2035 5306 οἱ

455 5346 745 5410 Ἰουδαῖοι,
779 5345 854 5399 Τὸ
886 5345 998 5416 γὰρ
1042 5341 1137 5397 τοῦ
1184 5340 1630 5414 παντοκράτορος
1676 5338 1850 5411 ὄνομα
1883 5340 2037 5411 παρά

438 5438 563 5500 τοῖς
595 5434 806 5489 πλείοσι
848 5434 962 5489 τῶν
1011 5432 1185 5487 ὶθνῶν
1223 5430 1707 5502 εὐκαταφρόνητον
1749 5424 1853 5503 ἦν’
1899 5431 2038 5501 φησὶ

518 5529 569 5561 ⁸⁸
610 5526 801 5601 ἔθους
820 5544 891 5584 xv
956 5526 993 5582 5
1084 5524 1262 5584 “lsa.
1294 5541 1348 5591 v,
1379 5525 1437 5581 2.

2120 3330 2357 3383 torcular
2377 3327 2493 3399 fodi
2536 3329 2591 3383 in
2637 3346 2699 3384 ea
2726 3329 2810 3397 3‘;
2852 3330 3043 3383 turrim
3086 3328 3350 3398 templum
3391 3328 3700 3399 appellans,

2117 3428 2175 3476 et
2208 3422 2448 3475 torcular
2495 3420 2688 3478 altare.
2735 3420 2793 3475 lu
2847 3419 2956 3473 ﬁne
2984 3426 3167 3475 autem
3202 3418 3554 3482 sat-uictum,
3595 3418 3703 3473 hoc

2118 3518 2207 3567 est
2239 3509 2290 3562 in
2326 3508 2435 3564 ﬁne
2463 3509 2655 3578 legalis
2680 3509 2882 3569 cultus.
2926 3509 3015 3562 illa
3059 3507 3232 3561 turris
3273 3508 3555 3563 destructa
3591 3515 3702 3572 est,

2120 3610 2177 3658 et
2209 3601 2332 3656 loco
2359 3602 2481 3670 ejus
2506 3616 2601 3669 per
2632 3602 2951 3665 universum
2999 3601 3190 3656 orbem
3224 3608 3426 3656 erectae
3452 3609 3584 3655 sunt
3620 3598 3704 3653 in-

2124 3694 2496 3749 numerabiles
2518 3695 2784 3761 ecclesia:
2830 3711 2846 3748 :
2895 3694 3156 3764 quoniam
3196 3707 3395 3748 omnes
3422 3701 3615 3763 gentes
3646 3690 3707 3745 in

2124 3785 2218 3840 Dei
2258 3783 2625 3858 coquitioncm
2667 3794 2958 3842 venerunt.
3484 3850 3490 3857 ,

2197 3876 2364 3933 Vens.
2394 3878 2450 3932 2.
2484 3878 2729 3940 Domine,
2762 3877 3021 3934 Dominus
3052 3888 3233 3933 noster
3267 3894 3427 3949 quant
3475 3878 3704 3933 admira-

2126 3970 2230 4026 bile
2276 3978 2355 4024 εει
2396 3987 2582 4025 nomen
2620 3979 2768 4024 tuum
2812 3971 2867 4023 in
2899 3972 3143 4025 uniuersa
3173 3980 3316 4024 terra
3348 3971 3368 4022 !
3399 3969 3705 4025 lnﬁdelium

2124 4063 2344 4132 quidem
2372 4061 2639 4117 Dominus
2671 4061 2925 4118 Christus
2952 4062 3178 4128 dicitur,
3210 4060 3308 4117 sed
3347 4076 3455 4116 una
3492 4070 3705 4118 tantum

2127 4156 2427 4210 creationis
2447 4154 2660 4209 ratione
2685 4171 2701 4208 :
2732 4152 2971 4210 ﬁdelium
2997 4168 3126 4209 vero
3148 4154 3380 4227 duplici,
3407 4155 3707 4211 creationis

2126 4245 2342 4302 scilicet
2372 4254 2427 4300 et
2452 4245 2802 4316 cognitionis.
2839 4244 3013 4313 Quam
3037 4248 3106 4301 ob
3130 4261 3352 4301 causam
3377 4262 3576 4302 nomen
3602 4246 3709 4302 Do-

2128 4337 2262 4392 mini
2297 4336 2401 4392 hoc
2445 4337 2498 4391 in
2540 4336 2663 4392 loco
2695 4338 2862 4391 etiam
2897 4336 3231 4408 duplicatur.
3284 4336 3475 4391 Dicant
3522 4337 3708 4407 itaque

2128 4444 2322 4487 omnes
2352 4428 2596 4485 ﬁdelium
2622 4426 2884 4485 Ecclesiae
2920 4447 2936 4484 :
2976 4429 3206 4484 Domine
3249 4437 3466 4484 creator
3503 4437 3559 4483 et
3591 4430 3710 4499 opi-

2129 4521 2241 4590 l'ex,
2274 4519 2369 4590 qui
2416 4535 2593 4591 nuper
2639 4518 2805 4574 etiam
2839 4534 2938 4590 per
2973 4520 3339 4591 cognitionem
3374 4519 3552 4575 nostri
3600 4518 3704 4574 Do-

2133 4615 2317 4673 minus
2343 4614 2526 4669 iactus
2547 4628 2607 4668 es
2639 4632 2654 4668 :
2687 4613 2860 4679 Quam
2898 4612 3216 4668 adnu'rabile
3239 4622 3530 4668 estnomen
3557 4623 3736 4667 tuum.

2133 4707 2193 4761 in
2219 4708 2368 4762 omni
2404 4704 2749 4776 terra,cujus
2777 4705 2894 4761 sola
2925 4706 3204 4762 invocatio
3224 4705 3503 4763 daemones
3539 4705 3713 4777 fugat,

2136 4805 2385 4854 mortuos
2444 4797 2701 4863 suscitat,
2767 4797 3126 4869 egritudines
3186 4798 3378 4868 pellit,
3439 4798 3714 4855 elementa

2133 4896 2458 4955 commutat,
2501 4897 2559 4945 et
2604 4889 2791 4947 omnia
2842 4897 3043 4960 potest.
3085 4889 3231 4946 Alibi
3280 4904 3413 4946 vero
3467 4889 3715 4946 terribile

2136 4981 2303 5036 etiam
2357 4979 2663 5050 appellatur
2711 4993 2808 5034 seu
2855 4977 3183 5037 timendum.
3230 4978 3574 5034 Admirabile
3629 4985 3715 5033 est

2132 5073 2302 5143 igitur
2326 5071 2400 5127 ob
2433 5074 2758 5141 multalqute
2805 5086 2975 5142 supra
3023 5083 3278 5128 naturam
3329 5080 3612 5142 operatur,
3659 5074 3718 5123 et

2133 5163 2439 5221 timendum
2462 5164 2536 5220 ob
2553 5164 2884 5221 incﬂ'abilom
2915 5165 3038 5236 ejus
3062 5164 3394 5236 potentiam.
3429 5161 3538 5217 Sed
3563 5162 3716 5215 vides

2135 5254 2417 5326 quomodo
2455 5256 2649 5312 beatus
2670 5253 2839 5311 David
2866 5273 2928 5314 se
2956 5257 3121 5312 nobis
3154 5253 3387 5310 voluerit
3413 5264 3717 5306 connume-

2138 5361 2284 5414 rare,
2315 5347 2595 5403 communi
2629 5350 2855 5405 nomine
2896 5349 3190 5404 Dominum
3234 5352 3484 5405 nostrum
3526 5339 3720 5411 appel-

2132 5441 2279 5506 lans,
2306 5441 2620 5514 previdens
2651 5442 2915 5499 nimirum
2950 5440 3272 5512 mysterium
3300 5445 3356 5494 et
3388 5436 3719 5505 ﬁdem,quse

1767 5616 1973 5680 Varias
1999 5617 2332 5683 lectiones.

516 5723 631 5797 (ιο)
660 5724 789 5782 Haec
821 5724 876 5780 in
927 5721 1122 5778 Graeco
1155 5731 1305 5778 textu
1334 5736 1453 5850 €rer
1490 5721 1976 5792 interrogationem
2006 5735 2023 5777 :
2063 5718 2171 5790 Qui
2200 5722 2338 5778 enim
2366 5721 2464 5777 hoc
2487 5720 2585 5791 ﬁat
2612 5720 2639 5774 ?
2665 5734 2784 5775 cum
2814 5716 3233 5789 lugubrem,etc.

516 5796 629 5850 Mt)
669 5797 747 5850 τσ.
776 5796 926 5850 ἦτοι.
957 5803 1020 5850 ιιι
1043 5794 1240 5850 legisse
1281 5794 1331 5849 vi
1370 5800 1495 5850 etur
1521 5791 1743 5850 Saulus.
1934 5792 1959 5805 ’

515 5791 629 5866 (4t)
669 5797 747 5853 τσ.
776 5796 926 5869 ἦτοι,
957 5803 1020 5850 ιιι
1043 5794 1240 5865 legisse
1281 5791 1495 5850 videtur
1521 5791 1767 5859 Saulus.
