4146 6430
494 369 594 435 131
641 358 647 362 ’
1687 362 2068 426 EUTHYMII
2109 356 2470 421 ZIGABENI
3652 341 3753 408 132

483 485 553 540 ad
586 485 736 554 ipsos
769 478 959 536 mundi
993 479 1129 535 fines
1159 488 1278 535 erat
1319 468 1674 550 perventura.
1705 478 1846 545 Quid
1896 477 2055 547 igitur

2166 475 2272 546 γὰρ
2306 476 2333 527 ὁ
2359 473 2605 537 Ἡσαΐας,
2629 471 2712 525 ὅτι
2747 470 2816 524 Τὸ
2835 464 3026 538 ὄνομά
3049 484 3168 538 μου
3190 462 3259 532 ἐξ
3279 463 3446 536 ὑμῶν
3461 463 3751 554 βλιισφηξ

485 580 554 632 ad
581 551 685 631 h—oc
725 577 909 632 dicent
936 573 1148 629 Judaei?
1173 579 1334 628 antea
1366 572 1565 642 quippe
1598 572 1688 626 Dei
1717 572 2055 640 omnipoten-

2160 567 2362 636 -μεῖται
2395 565 2466 619 ἐν
2511 565 2638 630 τοῖς
2683 565 2947 617 ἔθνεσιν.
2987 561 3152 614 Ὥστε
3203 559 3334 630 περὶ
3366 556 3462 610 τοῦ
3514 551 3752 626 Χριστοῦ

484 672 557 726 tis
605 685 809 725 nomen
864 667 1007 739 apud
1050 667 1318 738 plurimas
1357 674 1548 735 gentes
1595 663 1878 734 despectui
1924 669 2055 718 erat.

2172 661 2268 715 νῦν
2291 661 2318 714 ὁ
2344 660 2504 728 λόγος
2530 659 2948 728 ἀναντίρῤητος.

483 765 645 828 Nam,
680 771 741 818 ut
809 735 987 830 inquit
1038 735 1248 814 Isaias:
1299 758 1526 825 Propter
1578 773 1668 813 vos
1709 773 1899 812 nomen
1953 755 2070 826 ejus
2106 753 2504 823 olasplrematur
2553 753 2690 806 inter
2744 757 2920 819 gentes
2951 747 3017 799 ι’.
3080 743 3236 799 Unde
3285 741 3406 797 sine
3472 737 3639 795 dubio
3685 735 3754 792 de

479 860 701 916 Christo
733 856 848 910 haec
885 853 1030 908 dicta
1062 866 1185 906 esse
1216 851 1644 906 convincuntur.

555 951 820 1017 Quoniam
851 951 1054 1008 elevata
1067 963 1145 1008 est
1171 953 1568 1024 magniﬁcentia
1589 964 1682 1006 tua
1703 965 1863 1021 super
1886 948 2055 1003 caelos.

2241 941 2371 996 Ὀτι
2417 938 2649 1006 ἐπήρθη
2700 935 2738 1004 ἡ
2787 927 3272 1004 μεγαλοπρέπειὰ
3314 941 3433 982 σου
3473 921 3752 1029 quaedam:

479 1043 941 1114 Magnificentiam
981 1047 1085 1102 hoc
1118 1047 1173 1101 in
1205 1047 1328 1101 loco
1360 1045 1452 1101 Dei
1489 1045 1940 1099 lrumanationem
1973 1056 2055 1110 apt

2167 1035 2288 1089 τῶν
2316 1029 2611 1099 οὐρανῶν.
2645 1024 3144 1097 Μεγαλοπρέπειαν
3183 1017 3422 1074 ἐνταῦθα
3465 1015 3564 1086 τὴν
3597 1014 3752 1114 θεῖαν

479 1137 643 1206 pellat
673 1153 686 1190 :
711 1153 831 1206 quae
853 1147 907 1192 et
931 1153 1127 1209 magna
1159 1149 1262 1203 est,
1282 1145 1336 1194 et
1367 1152 1584 1194 omnem
1611 1150 1952 1206 exsuperans
1981 1133 2055 1187 in-

2165 1125 2588 1194 ἐνανθρώπησιν
2640 1119 2921 1189 ὀνομάζει’
2967 1114 3180 1186 μεγάλη
3233 1113 3344 1183 γὰρ
3378 1110 3601 1209 Αὕντως,
3644 1103 3752 1209 ,καὶ

479 1232 780 1284 tcllectum.
833 1229 1059 1285 Elevata
1095 1232 1242 1287 enim
1289 1240 1398 1297 est,
1438 1238 1494 1286 et
1545 1228 1885 1286 transcendit
1944 1226 2055 1283 illas

2165 1219 2348 1272 πάντα
2381 1215 2507 1268 νοῦν
2558 1211 2987 1282 ὑπερϐαίνουσα.
3043 1207 3215 1277 Αὕτη,
3261 1203 3453 1297 φησὶν,
3478 1198 3746 1297 ἐπήρθη,

479 1325 646 1378 etiam
681 1333 986 1393 potestates
1027 1341 1147 1394 qua:
1185 1341 1348 1393 supra
1385 1324 1555 1380 caelos
1587 1331 1718 1379 srrnt
1752 1341 1764 1378 :
1811 1337 1878 1376 eo
1915 1318 2055 1390 qrrod

2165 1312 2261 1365 καὶ
2295 1309 2484 1370 αὐταῖς
2517 1305 2625 1359 τῶν
2652 1302 2902 1376 οὐρανῶν
2929 1300 3224 1370 δυνάμεσιν
3247 1296 3438 1365 ὥσπερ
3469 1288 3749 1361 ὐπερθαὺ-

2508 1395 2585 1403 --
2785 1393 2797 1403 .
3173 1387 3186 1403 .
3289 1387 3352 1403 .,
3449 1383 3722 1403 ...Μ-η

479 1415 550 1470 ab
581 1417 662 1470 eis
694 1418 859 1471 etiam
897 1417 1288 1487 comprehendi
1321 1433 1430 1472 non
1465 1426 1664 1488 potest.
1699 1413 1856 1470 Unde
1888 1412 2055 1467 maxi-

2168 1413 2397 1467 μαστος,
2435 1396 2531 1449 καὶ
2561 1393 2952 1462 ἀκατανὸητος.
2991 1390 3100 1442 Καὶ
3134 1387 3194 1442 οὐ
3235 1387 3410 1456 μόνονι
3442 1383 3749 1454 ἄνθρωποι,

478 1523 566 1562 me
599 1509 678 1562 eis
704 1517 788 1562 est
820 1507 1206 1575 admirationi;
1249 1523 1424 1579 neque
1463 1509 1605 1562 enim
1652 1507 1920 1562 homines.
1939 1515 2055 1559 tan-

2161 1491 2300 1547 ἀλλά
2329 1489 2424 1544 καὶ
2469 1488 2693 1558 ἄγγελοι
2725 1486 2785 1539 τὸ
2807 1483 3053 1538 τοιοῦτον
3086 1481 3487 1550 ἐκπλῆττον-,ταί
3518 1493 3614 1528 σου
3650 1492 3752 1576 μμ-

477 1610 614 1666 ιυιιι,
664 1601 759 1654 sed
814 1599 916 1667 ipsi
948 1601 1112 1654 etiam
1152 1569 1433 1670 angeli-ad
1473 1601 1576 1656 hoc
1608 1607 1827 1670 stupent
1861 1607 2055 1669 myste-

2165 1585 2408 1654 στήριον.
2440 1583 2511 1635 ’Ἡ
2561 1581 2655 1635 καὶ
2685 1579 2879 1641 ἄλλωςο
2914 1576 3156 1646 ἐμφῆναι
3194 1572 3521 1644 βουλόμενος
3553 1569 3614 1620 ea
3646 1569 3750 1670 τῆς

480 1691 648 1744 rium.
681 1691 775 1745 Vel
803 1691 964 1746 aliter
991 1709 1004 1746 ε
1033 1659 1357 1762 Significare
1384 1693 1541 1746 nobis
1570 1659 1760 1746 volens
1789 1659 2055 1761 Propheta

2163 1676 2315 1739 θείας
2373 1674 2591 1745 φύσεως
2649 1671 3121 1741 ἀπειροδύναμον,
3166 1664 3420 1735 Ὺψὼθη,
3461 1661 3650 1762 φησιν,
3712 1659 3748 1728 ἠ

475 1784 799 1838 immensam
834 1783 1029 1838 divina:
1058 1794 1266 1839 naturae
1304 1785 1606 1854 potentiam
1635 1801 1649 1837 :
1681 1782 1926 1838 Exaltata
1955 1792 2060 1849 est,

474 1876 674 1944 inquit,
730 1876 1145 1945 magnificentia
1181 1887 1274 1930 trra
1315 1891 1481 1946 super
1513 1876 1720 1940 caelos,
1757 1891 1882 1930 cum
1913 1883 2060 1928 terra

474 1983 593 2021 eam
628 1984 736 2022 non
770 1975 1011 2037 caperet.
1038 1968 1196 2032 Quod
1229 1968 1369 2022 alius
1407 1967 1673 2037 pr0pheta
1705 1966 1838 2022 dicit
1869 1985 1884 2022 :
1924 1965 2065 2035 Ope-

474 2061 584 2113 ruit
618 2060 778 2113 caelos
812 2061 978 2113 virtus
1022 2059 1162 2129 ejus,
1193 2071 1241 2114 et
1274 2059 1606 2114 laudationis
1651 2057 1766 2129 ejus
1795 2059 1952 2128 plena
1984 2068 2061 2112 est

475 2163 616 2206 terra
644 2152 734 2203 ⁸²”.

543 2242 714 2298 Vens.
752 2243 806 2298 '5.
834 2241 916 2296 Ea:
939 2259 1029 2300 ore
1051 2243 1336 2313 infantium
1361 2250 1410 2296 et
1439 2242 1751 2296 tactentium
1787 2241 2062 2311 ρει-[θείςιί

472 2335 707 2390 laudem.
729 2335 1126 2389 Laudationem
1185 2349 1476 2402 puerorum
1529 2333 1780 2404 praedicit
1831 2331 2056 2404 [factam

472 2427 527 2480 in
563 2425 814 2497 templo].
863 2425 964 2495 Ex,
994 2427 1254 2482 omnibus
1285 2435 1465 2480 autem
1497 2425 1703 2480 Christi
1752 2425 2056 2488 miraculis,

475 2517 640 2586 hujus
670 2529 880 2571 tantum
909 2517 1159 2572 meminit
1185 2516 1485 2586 Propheta,
1512 2527 1776 2586 tanquam
1815 2517 2060 2570 admira-

476 2608 626 2662 tione
662 2611 835 2678 rnagis
884 2607 1057 2679 digni.
1106 2606 1239 2662 Nam
1274 2617 1328 2663 et
1363 2617 1491 2663 ante
1520 2607 1800 2662 Christum
1855 2606 2060 2676 lcprosi

474 2698 653 2768 sanati
704 2696 944 2762 fuerant,
987 2703 1042 2752 et
1099 2697 1376 2751 daemones
1434 2697 1683 2766 expulsi,
1737 2703 1793 2752 et
1847 2695 2056 2750 mortui

475 2791 763 2856 suscitati;
844 2791 1085 2844 infantes
1141 2805 1275 2844 vero
1334 2790 1550 2844 locutos
1583 2805 1728 2854 esse,
1778 2797 1906 2844 tunc
1951 2789 2062 2858 pri-

474 2897 622 2936 mum
655 2882 910 2952 legimus.
945 2877 1130 2952 Neque
1165 2883 1310 2936 enim
1337 2883 1664 2952 simpliciter
1701 2883 1855 2953 pueri
1888 2881 2062 2938 fuisse

471 2973 754 3040 dicuntur,
787 2974 881 3030 sed
916 2974 1153 3028 infantes
1179 2983 1232 3029 et
1280 2975 1546 3030 lactentes
1575 2992 1588 3028 :
1621 2975 1767 3044 quod
1825 2976 2058 3029 maxima

2170 1761 2618 1840 μεγαλοπρέπεια
2645 1783 2741 1818 σου
2780 1763 3036 1835 ὑπεράνω
3071 1760 3183 1814 τῶν
3216 1757 3485 1830 οὐρανῶν,
3533 1755 3608 1824 μὴ
3635 1769 3748 1823 χως

2169 1863 2370 1934 ρούσης
2421 1862 2592 1931 αὐτὴν
2641 1861 2739 1931 τῆς
2775 1863 2898 1929 γῆς.
2945 1860 3011 1912 Ὃ
3068 1857 3164 1911 καὶ
3217 1855 3506 1926 προφήτης
3558 1850 3750 1919 ἔτερος

2165 1956 2372 2023 ἔλεγενο
2413 1952 2752 2023 Ἐκὰλυψεν
2789 1952 3086 2020 οὐραγοὺς
3124 1951 3163 2018 ἡ
3192 1946 3372 2017 ἀρετὴ
3419 1943 3607 2000 αὑτοῦ
3646 1939 3746 1995 καὶ

2164 2048 2274 2118 τῆς
2309 2048 2598 2112 αἰνέσεως
2626 2045 2815 2100 αὐτοῦ
2845 2044 3086 2111 πλήρης
3112 2042 3151 2110 ή
3181 2039 3282 2110 τῆ.

2247 2229 2342 2282 Ἐκ
2373 2227 2674 2295 στόματος
2696 2223 2932 2291 νηπίων
2967 2219 3066 2274 καὶ
3091 2217 3473 2288 θηλαζόντων
3525 2229 3750 2281 κατηρ-

2163 2321 2311 2374 τίσω
2359 2316 2558 2373 uiror.
2597 2315 2963 2386 Ὑμνολογίαν
2998 2311 3409 2384 προαναφωνεί.
3480 2308 3578 2364 Ἐκ
3611 2306 3747 2359 πολ-

2163 2412 2274 2465 λῶν
2299 2410 2356 2466 δέ
2391 2409 2688 2480 θαυμάτων
2725 2409 2822 2462 καὶ
2869 2405 3113 2476 σημείων
3143 2399 3224 2460 ὧν
3249 2403 3510 2472 ἐποίησεν
3534 2403 3562 2454 ὁ
3607 2400 3745 2468 Χριο

2165 2508 2306 2571 “bc.
2361 2505 2576 2558 τέθεικε
2650 2499 2810 2570 μόνον
2860 2499 2922 2553 τὸ
2983 2497 3171 2568 θαῦμα
3230 2497 3341 2550 τῶν
3387 2493 3624 2558 παίδων,
3661 2491 3740 2555 ὡς

2163 2596 2711 2672 ἐκπληκτικώτερον.
2745 2593 2858 2663 Πρὸ
2886 2591 3080 2646 τούτου
3136 2590 3236 2660 μὲν
3279 2590 3388 2658 γάρ
3413 2588 3508 2641 καὶ
3543 2583 3746 2656 νεκρὸς

2161 2693 2395 2767 ἠγέρθη,
2425 2691 2520 2746 καὶ
2555 2688 2756 2760 λεπρὸς
2790 2684 3095 2756 ἐκαθάρθη,
3124 2683 3222 2736 καὶ
3251 2679 3461 2750 δαίμων
3490 2675 3701 2748 ὴλάσθη
3723 2690 3740 2706 ο

2162 2788 2321 2858 χορὸς
2351 2785 2408 2838 δέ
2441 2783 2648 2836 παίδων
2699 2777 3044 2850 ὑπομαζίων,
3109 2775 3232 2829 τότε
3260 2771 3477 2844 πρῶτον
3520 2767 3740 2858 τρανῶς

2164 2857 2484 2947 ἐφθέγξατο.
2551 2872 2690 2927 Οὐδέ
2745 2869 2857 2941 γάρ
2918 2865 3108 2930 ἁπλῶς
3155 2861 3298 2934 ἦσαν
3359 2861 3568 2926 παῖδες,
3609 2857 3747 2947 ἀλλὰ

2163 2946 2490 3039 θηλάζοντες
2509 2981 2522 2996 ο
2557 2964 2587 3017 ὃ
2614 2964 2710 3017 καὶ
2739 2957 3218 3031 παραδοξώτατον.
3252 2951 3620 3021 Κατηρτήσω
3662 2946 3743 3011 δὲ,

472 3067 838 3122 admiratione
879 3069 1104 3137 dignum
1157 3080 1263 3122 εει.
1305 3067 1584 3140 Perfecisti
1636 3042 1841 3131 autem,
1893 3069 1944 3122 id
1971 3078 2055 3123 est

2162 3063 2296 3116 αὐτὸ
2349 3059 2511 3114 τοῦτο
2561 3057 2769 3112 τέλειον
2827 3053 3106 3125 είργάσω,
3162 3049 3222 3114 ἐξ
3268 3046 3506 3116 ἀγγέλου
3535 3042 3746 3113 στόμαο

471 3159 774 3229 perfectam
820 3160 999 3215 fecisu
1035 3160 1251 3215 laudem
1302 3159 1449 3214 illam
1481 3175 1546 3216 ex
1572 3160 1748 3230 angeli
1783 3176 1880 3215 ore
1903 3161 2055 3232 [cum

471 3251 675 3320 alioqui
707 3251 922 3304 illorum
954 3251 1139 3320 lingua
1166 3249 1347 3304 adhuc
1389 3260 1541 3306 esset
1575 3250 1946 3322 imperfecta].

542 3341 771 3414 Propter
798 3343 1045 3397 inimicos
1108 3352 1251 3409 tuos,
1291 3353 1347 3396 ut
1399 3344 1648 3398 destruas
1702 3343 1980 3397 inimicum
2006 3351 2058 3398 et

470 3438 720 3491 ultorem.
749 3435 1024 3491 Edisserit
1046 3435 1212 3490 etiam
1243 3450 1468 3491 causam
1501 3436 1776 3492 miraculi.
1829 3435 2055 3490 Factum

469 3537 574 3591 est,
605 3528 806 3598 inquit,
835 3529 888 3583 id
916 3537 1139 3598 propter
1169 3527 1431 3583 scelestos
1482 3528 1736 3583 inimicos
1794 3538 1918 3583 tuos
1955 3527 2056 3582 Ju-

470 3621 639 3675 daeos.
677 3619 736 3673 In
789 3619 914 3674 aliis
944 3621 1090 3673 enim
1123 3617 1406 3674 miraculis
1440 3618 1708 3688 suspicati
1758 3623 1890 3672 sunt
1940 3617 2056 3673 for-

471 3713 637 3767 tassis
673 3709 848 3765 Judaei
914 3711 1060 3780 quod
1119 3709 1403 3780 deciperet
1451 3708 1710 3765 Christus
1739 3718 1795 3766 et
1842 3709 2058 3766 falleret

470 3820 664 3859 eorum
691 3803 921 3869 oculos;
955 3803 1011 3856 in
1067 3802 1360 3857 infantium
1405 3817 1538 3856 vr-ro
1571 3802 1906 3867 laudatione,
1963 3801 2058 3872 qui

469 3900 614 3968 apud
646 3913 743 3952 eos
777 3895 1165 3960 versabantur,
1223 3894 1338 3948 imo
1390 3894 1483 3964 qui
1517 3910 1710 3949 eorum
1750 3894 2056 3962 erantfilii,

470 3995 650 4049 omnis
680 3993 868 4046 aberat
906 3990 1174 4060 suspicio.
1209 3987 1333 4042 Haec
1381 3995 1566 4040 autem
1620 3987 1695 4041 ita
1739 3986 2056 4058 dispensata

471 4093 599 4140 sunt
635 4101 665 4141 a
699 4085 810 4139 Deo
859 4086 925 4138 ad
962 4082 1418 4145 destructionem,
1470 4080 1576 4134 hoc
1619 4085 1704 4134 est
1748 4078 1816 4135 ad
1851 4078 2053 4134 confu-

470 4181 679 4234 sionem
701 4175 913 4232 Judaici
946 4175 1155 4245 pepuli,
1189 4174 1282 4244 qui
1316 4171 1580 4227 inimicu‘s
1614 4171 1780 4227 simul
1813 4179 1867 4228 et
1906 4173 2056 4230 ultor

473 4273 564 4326 Dei
593 4279 709 4325 erat
745 4289 758 4324 :
795 4270 1078 4334 inimicus,
1117 4269 1246 4338 quia
1274 4266 1395 4336 ejus
1439 4264 1578 4320 Filio
1615 4266 2054 4334 adversabatur;

470 4371 524 4416 et
549 4363 718 4424 ultor,
758 4360 909 4414 velut
958 4361 1005 4412 is
1044 4361 1138 4430 qui
1165 4374 1265 4429 pro
1309 4359 1417 4412 Deo
1449 4373 1508 4413 se
1545 4358 1597 4412 id
1641 4358 1823 4413 facere
1859 4359 2054 4414 existi-

2156 3173 2269 3220 τος.

2229 3339 2456 3391 ’Ἕνεκα
2487 3333 2606 3390 τῶν
2653 3330 2890 3401 ἐχθρῶν
2923 3343 3045 3384 σου
3095 3323 3203 3380 τοῦ
3254 3318 3596 3376 καταλῦσαι
3645 3315 3751 3385 ἐχι-

2157 3430 2321 3500 θρὸν,
2345 3430 2446 3484 καί
2501 3423 2856 3494 ἐκδικητὴν.
2917 3422 3202 3491 Διηγεῖται
3231 3416 3326 3470 καὶ
3353 3413 3453 3483 τὴν
3479 3409 3575 3466 τοῦ
3611 3407 3748 3461 Oari-

2160 3542 2331 3597 ματος
2384 3524 2600 3588 αἰτίαν,
2653 3522 2738 3574 ὅτι
2787 3519 2880 3572 διὰ
2937 3517 3064 3578 τοὺς
3116 3509 3389 3582 πονηροὺς
3453 3501 3747 3564 Ἰουδαίους

2155 3596 2283 3682 τοὺς
2317 3616 2547 3686 ἐχθρούς
2580 3631 2674 3666 σου
2704 3611 2962 3680 γέγονεν’
2994 3607 3088 3659 ἐπὶ
3117 3605 3216 3676 μὲν
3255 3601 3366 3672 γάρ
3397 3601 3516 3662 ταῖς
3544 3596 3738 3658 ἄλλαις

2157 3709 2462 3776 δοξοποιίας
2495 3705 2841 3766 ὑπώπτευον,
2876 3701 2953 3764 ὡς
2982 3696 3233 3767 ἐξαπατᾷ
3266 3692 3395 3758 τοὺς
3429 3687 3750 3776 ὀφθαλμοὺς
3851 3763 3860 3768 _

2157 3775 2347 3858 αὐτῶν.
2394 3800 2527 3861 ἴσως
2552 3814 2567 3830 ο
2603 3796 2697 3850 ἐπὶ
2739 3794 2798 3848 δέ
2826 3791 2906 3862 τῷ
2956 3789 3113 3861 ὕμνῳ
3138 3787 3245 3841 τῶν
3291 3783 3527 3854 νηπίων,
3559 3779 3596 3834 ἃ
3617 3775 3746 3847 παρ’

2159 3893 2342 3949 αὐτῶν
2391 3887 2534 3963 ἦσαν
2601 3887 2823 3956 ἔκγονα,
2871 3885 2966 3939 καὶ
3001 3881 3131 3954 παρ’
3180 3880 3366 3941 αὐτοῖς
3423 3875 3740 3948 ἐτρέφοντο,

2160 3990 2343 4057 πάσης
2398 3981 2712 4052 ἀντιλογίας
2779 3975 3244 4046 ἀπεκλείσθησαν.
3303 3967 3644 4043 ᾮκονομήθη
3687 3966 3745 4019 δέ

2158 4081 2338 4144 τοῦτο,
2370 4077 2506 4148 πρὸς
2537 4075 2600 4129 τὸ
2632 4070 3034 4141 καταλυθῆναι,
3063 4068 3348 4122 τουτέστιν
3378 4059 3742 4133 αἰσχυνθῆναι

2157 4177 2248 4229 τὸν
2284 4169 2576 4226 Ἰουδαϊκὸν
2627 4168 2820 4239 δῆμον,
2855 4165 2947 4218 τὸν
2979 4161 3175 4233 ἐχθρὸν
3217 4159 3358 4229 ἅμα,
3393 4157 3489 4210 καὶ
3521 4153 3746 4223 ἐκδικη-

2157 4264 2256 4334 τὴν
2301 4260 2398 4314 τοῦ
2447 4257 2607 4326 Θεοῦ,
2658 4255 2855 4327 ἐχθρὸς
2891 4255 2990 4325 μέν
3020 4253 3132 4322 γάρ
3163 4253 3334 4315 ἐστιν,
3379 4247 3455 4311 ὡς
3486 4243 3746 4314 πολεμῶν

2157 4355 2234 4426 τῷ
2266 4352 2410 4424 Υίῷ’
2445 4349 2737 4421 ἐκδικητὴς
2766 4347 2867 4416 ίδέ,
2909 4344 2985 4408 ὡς
3013 4343 3155 4414 ὑπὲρ
3192 4340 3287 4394 τοῦ
3348 4338 3562 4410 Πατρδς
3587 4335 3748 4390 τοῦτο

470 4454 678 4507 mabat.
746 4429 1268 4505 l‘ossmnus’etiam
1325 4449 1627 4505 daemonem
1666 4449 1952 4506 inimicum
1999 4458 2052 4506 et

2160 4447 2337 4500 ποιεῖν
2373 4443 2567 4497 δοκῶν.
2599 4440 2827 4511 Οίητέον
2871 4437 2929 4492 δέ
2975 4437 3071 4490 καὶ
3119 4435 3212 4488 τὸν
3243 4432 3493 4487 διάϐολον
3552 4429 3746 4501 ἐχθρὸν

472 4544 706 4598 ultorem
749 4541 840 4595 Dci
902 4541 1088 4595 dicere
1122 4558 1135 4594 :
1169 4540 1476 4602 irrinricuru,
1513 4541 1641 4610 quia
1681 4540 1803 4610 ejus
1828 4540 2058 4595 manda-

453 4633 542 4686 tis
569 4631 915 4696 adversatur,
941 4637 995 4685 et
1027 4631 1156 4699 quia
1188 4644 1410 4700 semper
1436 4629 1696 4686 infensus
1743 4637 1830 4686 est
1862 4630 2057 4687 amicis

472 4723 603 4786 Dei;
633 4721 863 4776 ultorem
889 4736 1022 4775 vero
1048 4722 1177 4790 quia
1208 4720 1276 4775 iis
1310 4720 1453 4791 quia
1493 4720 1605 4777 Deo
1632 4720 1865 4792 proiecti
1901 4730 2052 4785 sunt,

471 4811 850 4881 improperarc
874 4811 1035 4874 solet,
1059 4809 1203 4879 quod
1223 4819 1636 4881 contemptores
1679 4810 1775 4865 Dei
1809 4811 2014 4866 fuerint
2039 4825 2054 4862 :

464 4913 634 4972 atque
667 4902 788 4957 ideo
822 4903 887 4957 ad
923 4919 1139 4973 prunam
1171 4917 1267 4958 eos
1291 4902 1483 4967 trahit,
1509 4901 1656 4974 quod
1685 4902 1869 4957 divina
1891 4916 2050 4956 man-

462 4995 592 5050 data
624 4995 958 5066 transgressi
979 5007 1146 5051 sunt.
1175 4994 1248 5048 Ex
1287 5010 1350 5049 ea
1389 4995 1590 5066 qrrippe
1612 4993 1903 5048 infantium
1933 4993 2053 5048 lau-

464 5087 710 5152 datione,
771 5088 888 5156 ipse
921 5087 1084 5142 etiam
1141 5087 1353 5142 daemon
1389 5085 1656 5141 confundi
1687 5085 1840 5141 visus
1880 5094 1967 5141 est
1997 5095 2052 5141 et

463 5180 697 5235 destrui.
753 5179 958 5234 Futura
1004 5190 1186 5235 autem
1224 5179 1499 5250 Propheta
1551 5187 1742 5233 narrat
1787 5186 1849 5232 ut
1883 5177 2049 5244 facta,

464 5272 633 5325 veluti
685 5271 777 5341 qui
836 5272 1175 5341 propheticis
1233 5272 1408 5327 oculis
1465 5285 1528 5325 ea
1565 5268 1822 5338 viderat;
1863 5271 1947 5326 vel
1979 5287 2045 5326 ex

466 5376 701 5434 persona
768 5363 1193 5436 Ecclesiurumn
1227 5375 1288 5419 ut
1339 5365 1599 5426 diximus.
1663 5363 1781 5419 haec
1835 5364 2046 5433 prolata

466 5461 646 5508 sunt:
686 5455 854 5510 veluti
922 5471 1045 5525 quae
1102 5456 1172 5510 ab
1226 5457 1307 5510 eis
1359 5454 1692 5526 quandoque
1733 5457 1805 5510 ita
1860 5465 2048 5512 essent

465 5545 818 5614 proferenda.

536 5637 702 5694 Vens.
736 5640 788 5694 4.
817 5639 1081 5703 Quoniam
1117 5639 1299 5695 videbo
1331 5641 1488 5696 caelos
1546 5658 1704 5710 opera
1749 5641 2042 5712 digitorum

539 5815 584 5848 ⁸³
618 5815 723 5874 lsa.
759 5834 854 5886 ur,
912 5817 966 5874 5.
1041 5821 1107 5852 δ”
1150 5819 1354 5876 Hahae.
1386 5835 1468 5886 Ill,
1503 5821 1556 5875 '5.

2158 4539 2256 4594 καὶ
2295 4536 2595 4606 ἐκδικητὴν
2619 4550 2633 4564 ’
2679 4529 2876 4604 ἐχθρὸν
2921 4528 3043 4602 μὲν,
3075 4528 3148 4591 ὡς
3187 4523 3601 4595 ἐναντιούμενον
3623 4525 3746 4584 ταῖς

2157 4630 2397 4692 ἐντολαῖς
2413 4627 2506 4681 τοῦ
2531 4624 2690 4693 Θεοῦ,
2716 4623 2938 4686 καὶτοῖς
2956 4621 3148 4674 τούτου
3163 4618 3340 4690 φίλοις
3359 4613 3703 4686 πολεμοῦντα
3727 4627 3744 4644 ⁸

2157 4721 2454 4794 ἐκδικητὴν
2484 4719 2564 4785 δέ,
2608 4718 2684 4782 ὡς
2731 4719 2872 4788 μετά
2901 4715 2963 4770 τὸ
2996 4713 3154 4786 ῥίψαι
3183 4713 3360 4775 τινάς,
3405 4705 3744 4778 ἐγκαλοῦντα

2157 4817 2369 4880 τούτοις
2403 4815 2504 4886 τὴν
2538 4812 2632 4866 τοῦ
2651 4811 2786 4866 Θεοῦ
2818 4809 3254 4881 καταφρόνησιν,
3283 4806 3380 4858 καὶ
3408 4802 3545 4874 πρὸς
3570 4817 3747 4871 τιμω-

2160 4911 2282 4980 ρίαν
2313 4908 2544 4961 ἒλκοντα
2561 4905 2651 4958 διὰ
2671 4903 2772 4974 τὴν
2802 4903 2910 4956 τῶν
2941 4901 3103 4955 θείων
3129 4896 3362 4952 ἐντολῶν
3397 4891 3710 4965 παράϐασιν
3729 4905 3742 4920 ³

2155 4999 2402 5074 ᾐσχύνθη
2427 4999 2533 5070 γάρ
2559 4998 2679 5051 τότε
2710 4996 2805 5049 καὶ
2827 4986 3006 5061 οὗτος,
3023 4992 3120 5047 καὶ
3135 4989 3431 5058 κατελύθη.
3476 4987 3563 5050 Ὠς
3583 5001 3747 5054 γεγο-

2158 5097 2289 5150 νότα
2339 5094 2396 5148 δέ
2451 5094 2518 5147 τὰ
2577 5091 2926 5162 γενησομὲνα
2982 5088 3238 5159 τίθησιν,
3306 5080 3420 5140 οἷον
3477 5079 3744 5154 ἑωρακὼς

2158 5189 2300 5242 αὐτὰ
2338 5188 2452 5250 τοῖς
2495 5186 2857 5255 προφητικοῖς
2884 5181 3153 5252 ὄμμασιν.
3186 5180 3261 5234 Ἦ
3307 5179 3404 5232 καὶ
3438 5173 3741 5247 προσώπῳ,

2158 5278 2303 5334 καθά
2362 5279 2681 5350 δεδήλωται,
2737 5276 2848 5330 τῶν
2876 5341 2888 5348 α
2915 5272 3294 5346 Ἐκκλησιῶν,
3317 5271 3394 5334 ὡς
3425 5270 3548 5324 τότε
3581 5269 3742 5337 λεγό-

2161 5387 2325 5442 μενα.

2227 5645 2348 5698 Ὅτι
2376 5643 2597 5714 ὄψομαι
2625 5641 2766 5710 τοὺς
2821 5640 3139 5710 οὐρανοὺς,
3170 5640 3315 5709 ἔργα
3361 5637 3480 5694 τῶν
3523 5636 3743 5692 δακτύ-
