4146 6440
368 389 480 452 133

1537 389 1933 452 COMMENT.
1980 389 2063 450 ΙΝ
2106 389 2470 454 PSALlllOS.

3551 393 3657 460 134

362 509 498 561 .ιω›·
548 523 686 561 σου.
748 503 950 577 Πρὼην
1009 507 1110 577 μὲν
1156 506 1264 581 γὰρ
1315 505 1384 560 τὰ
1439 507 1593 574 ἔθνη,
1639 505 1734 561 τοῦ
1761 509 1953 575 κόσμοι

2079 514 2310 559 morum.
2367 506 2508 561 Olim
2560 514 2749 578 gentes
2784 509 3046 565 mundum
3074 525 3101 565 a
3137 509 3294 569 falsis
3327 524 3517 567 eorum
3554 511 3660 567 dits

364 597 605 669 ποιητὰς
647 598 774 660 τοὺς
822 597 1218 670 ψευδωνύμους
1272 599 1556 671 ὠνόμαζον
1647 599 1830 663 θεούς’
1861 597 1964 666 τῆς

371 691 640 761 ἀληθείας
695 691 752 744 δὲ
800 691 1123 762 λαμψάσης,
1184 693 1218 762 ἠ
1275 691 1384 745 τῶν
1415 691 1621 744 πιστῶν
1663 691 1964 760 Ἐκκλησία

363 785 574 855 φησιν’
624 782 1068 853 Ἐπιγνὼσομαι
1130 783 1264 851 τοὺς
1304 785 1622 854 οὐρανοὺς,
1671 785 1814 853 ἔργα
1847 784 1966 838 τῶν

371 874 514 927 σῶν
543 873 887 930 δακτύλων.
910 876 1218 942 Οἰορανοὺς
1240 875 1297 927 δὲ
1323 875 1495 944 λέγει,
1525 877 1617 928 τὸν
1645 877 1702 928 ὲν
1731 877 1872 946 ἀρχῇ
1903 892 1962 928 τε

367 965 692 1036 ποιηθέντα,
737 966 832 1018 καὶ
858 966 920 1018 τὸ
957 968 1276 1036 στερέωμα.
1313 968 1382 1019 “ll
1436 968 1530 1020 καὶ
1579 967 1962 1037 πληθυντικῶς

364 1055 531 1112 εἶπεν
559 1057 683 1110 ἀντὶ
731 1057 939 1122 ἑνικοῦ,
993 1042 1137 1111 κατᾶ
1191 1060 1292 1130 τὴν
1335 1058 1594 1128 Ἐὗραῒδα
1656 1059 1960 1114 διάλεκτον.

364 1149 471 1201 Διά
540 1150 727 1217 μέντοι
771 1148 866 1201 τοῦ
899 1148 1155 1220 οὐρανοῦ,
1190 1149 1267 1213 ὡς
1322 1150 1696 1222 περιεκτικοῦ,
1735 1154 1830 1205 καὶ
1857 1152 1964 1223 τὴν

366 1243 429 1292 ὲν
467 1242 622 1312 μέσῳ
661 1241 842 1294 κτίσιν
893 1224 1144 1310 Ξνέφηνε.
1178 1243 1411 1310 Λέγουσι
1464 1245 1520 1297 δέ
1555 1262 1702 1307 τινες
1744 1247 1965 1300 Δακτύ-

363 1338 496 1387 λων
529 1336 732 1397 εἰπεῖν,
780 1333 1133 1404 παραστῆσαι
1181 1335 1531 1407 βουλόμενον,
1576 1337 1652 1402 ὡς
1700 1339 1838 1409 ἔργα
1864 1340 1963 1409 τῆς

367 1426 688 1494 πολλοστῆς
725 1441 820 1478 σου
848 1425 1140 1496 δυνάμεως
1185 1429 1546 1499 τυγχάνουσιν
1573 1430 1622 1482 οἱ
1652 1429 1962 1498 τηλικοῦτοι

363 1517 466 1569 καὶ
525 1515 786 1570 τοιοῦτοι.
853 1516 1011 1586 Ἐμοὶ
1043 1518 1101 1570 δὲ
1129 1517 1279 1571 δοκεῖ
1327 1519 1622 1588 ἀδιάφορον
1647 1537 1661 1550 ·
1723 1523 1818 1574 καὶ⁴
1853 1523 1962 1592 γὰρ

363 1607 612 1676 ἀλλαχοῦ
652 1627 810 1680 φησι,
861 1609 970 1663 Καὶ
1007 1610 1151 1680 ἔργα
1191 1611 1308 1665 τῶν
1329 1611 1544 1682 χειρῶν
1577 1630 1694 1669 σου
1719 1617 1880 1669 εἰσὶν
1908 1619 1964 1669 cl

360 1702 642 1768 οὐρανοὶ,
701 1702 979 1770 σελήνην
1019 1703 1117 1758 καὶ
1155 1705 1420 1774 ἀστέρας
1469 1705 1506 1760 ἂ
1535 1706 1618 1760 σὺ
1659 1707 1962 1777 ἐθεμελίω-

359 1810 502 1859 σας.
557 1795 804 1863 Οὐρανοῦ
840 1797 1126 1866 μνησθεὶς,
1165 1801 1258 1851 καὶ
1302 1799 1395 1852 τὸν
1437 1800 1530 1852 τοῦ
1569 1801 1803 1872 οὐρανοῦ
1861 1803 1956 1854 κό-

2068 593 2268 649 factum
2336 613 2461 652 esse
2510 599 2922 655 arbitrabantur
2961 601 3097 671 (42);
3156 603 3249 658 sed
3314 603 3406 658 ubi
3459 603 3660 660 claruit

2064 687 2286 751 vetitas,
2308 688 2547 744 Ecclesia
2581 690 2818 744 ﬁdelium
2839 694 3039 748 cecinit
3076 710 3091 749 ε
3119 691 3327 748 Videbo
3353 695 3659 764 cmlos,‘qui

2063 777 2352 847 digitorum
2375 791 2594 836 tuorum
2615 800 2752 854 opus
2775 797 2922 841 sunt.
2941 786 3338 851 Ctelosautem,
3362 791 3561 844 uelum
3585 790 3663 859 ip-

2064 884 2184 922 sum
2211 872 2522 940 appellavit,
2543 877 2688 944 quod
2720 877 2879 930 initio
2901 877 3104 932 factum
3133 889 3237 942 est,
3259 889 3314 934 et
3341 884 3658 936 ﬁrmamen-

2067 970 2201 1015 tum.
2236 959 2333 1016 Vel
2374 964 2570 1033 plurali
2597 983 2830 1022 numero
2861 985 2962 1039 pro
2993 971 3262 1040 singulari
3298 970 3657 1028 Hebraeorum

2066 1067 2216 1108 more
2257 1071 2390 1111 usus
2423 1066 2530 1113 est.
2575 1057 2640 1112 Et
2692 1060 2822 1114 dum
2879 1063 3080 1116 caelum
3129 1063 3266 1118 dicit
3297 1080 3408 1134 quo
3467 1067 3654 1120 omnia

2064 1145 2529 1214 complectuntur,
2567 1157 3122 1226 ca-tcras‘creaturas
3155 1172 3277 1226 quae
3336 1161 3388 1212 in
3441 1160 3652 1214 mundo

2065 1244 2204 1290 sunt
2265 1239 2736 1308 comprehendere
2799 1243 2964 1297 etiam
3005 1245 3242 1302 videtur.
3293 1248 3494 1306 Dicunt
3525 1253 3652 1322 qui.

2065 1329 2190 1381 dum
2271 1329 2396 1384 ideo
2462 1331 2671 1388 dixisse
2725 1332 2900 1402 Opera
2959 1337 3249 1406 digitorum
3313 1352 3545 1410 tuorum,
3598 1352 3656 1398 nt

2066 1429 2213 1476 tanta
2255 1437 2319 1477 ac
2376 1424 2505 1478 talia
2542 1427 2813 1481 elementa
2866 1444 2896 1482 a
2927 1430 3170 1484 'minima
3203 1433 3404 1490 divina:
3465 1447 3656 1506 poten-

2066 1509 2153 1569 tiae
2207 1516 2472 1585 particula
2534 1517 2678 1573 facta
2738 1520 2911 1576 fuisse
2946 1523 3310 1593 significaret.
3358 1527 3472 1597 Ego
3515 1545 3648 1584 vero

2063 1605 2392 1686 Prophetam
2428 1621 2557 1678 puto
2606 1610 2987 1668 indifferenter
3034 1631 3194 1668 usum
3255 1617 3361 1671 hoc
3395 1619 3651 1688 loquendi

2067 1703 2248 1766 modo,
2278 1717 2404 1756 cum
2452 1704 2580 1758 alibi
2628 1705 2794 1759 etiam
2837 1705 3034 1762 dicat:
3071 1707 3138 1761 Et
3188 1724 3347 1776 opera
3398 1727 3654 1767 manuum

2068 1801 2286 1846 uiarum
2345 1806 2466 1848 sunt
2509 1797 2626 1851 (teli
2660 1797 2726 1852 ⁸³.
2765 1828 2836 1838 -
2864 1798 3070 1853 Lunam
3121 1811 3170 1854 et
3205 1803 3411 1867 stellas,
3439 1819 3558 1873 qua:
3598 1814 3654 1858 tu

360 1899 503 1952 σιιον
539 1886 930 1955 προσέθηκεν,
983 1889 1066 1941 ὅτι
1137 1889 1195 1942 σὲ
1271 1889 1650 1960 ἐπιγνώσομαι
1717 1892 1953 1963 ποιητὴν

2063 1885 2331 1954 fundasti.
2373 1886 2510 1941 Cum
2542 1889 2667 1942 εαξΙὶ
2700 1889 3034 1954 meminerit,
3074 1891 3222 1948 illius
3264 1895 3438 1946 etiam
3499 1893 3652 1948 addit

358 1982 457 2030 καὶ
511 1980 627 2032 τῶν
667 1981 937 2052 ἀστέρων.
994 1982 1106 2051 Τὴν
1143 1982 1376 2053 σελήνην
1403 1984 1459 2036 δὲ
1491 1984 1681 2050 τάξας,
1723 1985 1783 2037 οὐ
1813 2003 1957 2055 παρ-

356 2071 463 2137 ἧκε
505 2072 602 2124 τὸν
646 2074 833 2142 ἥλιον·
888 2073 1025 2127 ἀλλὰ
1077 2073 1146 2126 δι’
1191 2075 1361 2144 αὐτῆς
1401 2073 1636 2146 ἐδήλωσε
1682 2077 1956 2132 κάκεῖνον.

371 2163 599 2233 Ἐπειδὴ
631 2166 738 2235 γὰρ
762 2165 854 2218 ὑπ’
893 2166 1104 2219 ἐκείνου
1126 2166 1264 2237 αὐτὴ
1293 2167 1608 2236 φωτίζεται,
1634 2169 1725 2222 καὶ
1752 2186 1962 2240 συνημ-

372 2258 548 2325 μὲνιυς
579 2257 749 2326 ἄμφω
777 2260 844 2328 τῇ
887 2257 1088 2324 γνώσει
1131 2260 1240 2311 τῶν
1273 2259 1579 2329 ἀνθρώπων
1600 2259 1916 2327 σύγκεινται
1944 2276 1960 2292 ⁸

376 2344 504 2405 δυὰς
532 2352 635 2414 γὰρ
665 2348 772 2400 τῶν
807 2349 1062 2416 μεγάλων
1095 2352 1213 2403 ἐστι
1265 2353 1573 2421 φωστήρων
1594 2368 1608 2382 ⁸
1643 2351 1738 2404 καὶ
1789 2351 1950 2404 θατέ-

377 2455 477 2506 ρου
502 2437 580 2501 τὶς
610 2440 889 2508 μνησθεὶς.
922 2442 1018 2494 καὶ
1041 2440 1266 2512 θάτερον
1293 2441 1540 2509 συνάγει.
1597 2441 1861 2512 Ἀλλαχοῦ
1898 2442 1955 2495 δὲ

371 2530 535 2598 μόνον
571 2530 749 2600 τίθησι
774 2531 866 2583 τὸν
900 2532 1078 2601 ἥλιον·
1124 2534 1195 2585 Σὺ
1236 2535 1365 2603 γὰρ,
1419 2534 1575 2603 φησι,
1611 2533 1953 2602 κατηρτίσω

362 2621 600 2687 φαῡσιν
629 2623 725 2674 καὶ
760 2622 960 2691 ἥλιον,
989 2624 1063 2687 ὡς
1093 2625 1186 2677 καὶ
1222 2627 1391 2694 ἄμφω
1413 2624 1482 2677 δι’
1517 2625 1768 2690 ἀλλήλων
1794 2643 1951 2679 νοου-

363 2714 568 2782 μένων.
616 2716 683 2770 Ἀ
714 2716 791 2780 δὲ,
821 2717 1072 2771 τουτέστι
1097 2719 1166 2771 τὰ
1195 2719 1392 2786 ἄστρα,
1427 2718 1458 2788 ἢ
1488 2721 1556 2772 τὰ
1589 2718 1746 2789 ἔργα.
1796 2719 1952 2774 Ἐθε-

351 2807 669 2872 μελίωσας
698 2806 776 2870 δὲ,
809 2809 934 2861 ἀντὶ
961 2808 1058 2861 τοῦ
1089 2808 1320 2880 ἔπηξας,
1357 2809 1622 2880 ἧδρασας,
1674 2810 1748 2874 ὡς
1787 2811 1953 2882 μηδέ-

361 2915 495 2950 ποτε
528 2898 639 2951 τῶν
702 2901 1106 2971 ἀφωρισμένων
1159 2904 1340 2957 τόπων
1387 2904 1710 2968 ἐκπίπτειν,
1770 2905 1950 2957 καίτοι

353 2989 812 3060 ἐπικρεμάμενα.

2060 1992 2382 2036 ornamenta
2419 1999 2431 2034 :
2468 1983 2566 2047 Te,
2606 1984 2806 2053 inquit,
2841 1999 3170 2056 cognoscam
3221 1987 3482 2044 factorem
3513 1989 3652 2043 stel-

2063 2074 2261 2128 larum.
2323 2073 2504 2130 Solem
2567 2092 2697 2132 vero
2752 2079 3177 2146 praetermisisse
3242 2097 3351 2134 non
3412 2081 3650 2146 videtur,

2063 2162 2189 2217 dum
2222 2164 2406 2219 lunam
2448 2179 2840 2222 commemorat
2871 2183 2886 2221 :
2923 2170 3171 2238 quinimo
3203 2177 3256 2225 et.
3295 2171 3427 2225 solis
3462 2172 3627 2224 memi

2066 2256 2214 2311 uisse
2244 2257 2576 2311 credendum
2620 2267 2726 2322 est,
2779 2259 2924 2315 luna:
2954 2263 3216 2316 memoria
3269 2278 3391 2332 quae
3433 2263 3503 2318 ab
3529 2265 3652 2332 ipso

2059 2349 2173 2402 sole
2218 2349 2562 2404 illuminatur
2597 2367 2610 2404 :
2643 2367 2766 2406 cum
2822 2360 3058 2422 uterque
3111 2356 3416 2425 cognitioni
3472 2356 3652 2429 homif

2058 2451 2190 2493 num
2216 2441 2552 2510 conjunctim
2580 2443 2864 2497 inhaereat.
2902 2443 3018 2498 Duo
3048 2445 3250 2515 quippe
3287 2455 3418 2499 sunt
3453 2459 3650 2516 magna

2058 2529 2380 2595 luminaria,
2416 2547 2650 2600 quorum
2683 2535 2775 2602 qui
2821 2534 3052 2588 alterius
3090 2536 3364 2599 meminit,
3413 2537 3646 2591 alterum

2059 2624 2224 2678 simul
2264 2623 2592 2681 introducit.
2659 2624 2816 2680 Unde
2869 2612 3000 2680 alibi
3036 2628 3172 2683 solis
3214 2637 3426 2683 tantum
3456 2630 3644 2684 memi-

2060 2717 2162 2781 nit,
2215 2717 2440 2786 quando
2473 2718 2549 2771 ait
2584 2735 2594 2769 :
2631 2717 2708 2771 Tu
2757 2717 3054 2789 fabricatus
3091 2737 3145 2774 es
3182 2737 3435 2775 auroram
3469 2731 3519 2775 et
3558 2739 3648 2776 so-

2061 2807 2161 2861 lem
2186 2808 2254 2874 “,
2294 2811 2452 2878 quasi
2510 2826 2606 2878 per
2649 2811 2882 2865 alterunt
2943 2819 3242 2881 utrumque
3281 2814 3644 2884 intelligatur.

2059 2901 2324 2971 Sequitur
2357 2923 2368 2956 :
2405 2902 2538 2968 Quae
2574 2915 2641 2956 tu
2674 2903 2922 2972 fundasti
2964 2919 2982 2957 :
3023 2921 3140 2973 qua:
3168 2917 3314 2960 astra
3363 2905 3644 2969 nimirum,

2056 2995 2137 3047 vel
2173 3007 2338 3064 opera
2395 3003 2452 3048 tu
2519 2995 2808 3050 fundasti:
2844 2997 2897 3050 id
2947 3005 3052 3063 est,
3104 2997 3346 3066 (iunxisti;
3394 2999 3648 3054 stabilisti

354 3073 430 3135 ita
477 3094 531 3136 ut
568 3084 825 3140 decidere
876 3101 986 3139 non
1029 3087 1268 3152 valeant,
1301 3094 1394 3142 aut
1427 3085 1695 3142 dimoveri
1733 3105 1763 3143 e
1802 3089 1945 3155 loco,
1987 3090 2080 3144 ubi
2114 3105 2210 3160 per
2235 3100 2286 3146 te
2319 3091 2590 3146 collocata
2626 3102 2778 3158 sunt,
2808 3093 3028 3149 tametsi
3091 3109 3156 3149 ea
3194 3111 3436 3168 appensa
3505 3115 3645 3170 quo-

353 3177 658 3234 dammodo
684 3195 801 3235 esse
831 3183 1141 3235 videantur.

430 3273 532 3339 Τίς
598 3275 776 3328 ἐστιν
827 3277 1133 3346 ἅνθρωπος
1192 3277 1279 3329 ὅτι
1323 3275 1643 3346 μιμνήσκῃ
1680 3276 1953 3345 αὐτοῦ,ῆ

2137 3269 2305 3327 Vens.
2343 3271 2397 3326 5.
2451 3273 2595 3338 Quid
2623 3282 2699 3326 est
2725 3273 2880 3328 homo
2909 3276 3052 3346 quod
3083 3293 3282 3329 memor
3312 3293 3365 3332 es
3389 3278 3528 3348 ejus.
3552 3289 3646 3335 aut

353 3367 486 3431 υἱὸς
511 3366 855 3433 ἀνθρώπου,
892 3367 981 3421 ὅτι
1029 3365 1365 3435 ἐπισκέπτῃ
1400 3369 1624 3426 αὺτόνε
1659 3369 1763 3419 Καὶ
1795 3366 1952 3420 τοῦτο

351 3458 444 3509 διὰ
483 3460 585 3527 τὴν
614 3459 1026 3530 ὲνανθρώπησιν
1071 3461 1315 3530 εἴρηκεν,
1339 3459 1705 3530 προεγνωκὼς
1736 3458 1795 3511 τὺ
1817 3461 1949 3512 ταύ-

355 3566 460 3618 της
496 3551 834 3622 μυστήριονο
889 3551 956 3603 Tl
1021 3553 1150 3624 γὰρ,
1202 3553 1358 3621 φησι,
1418 3551 1674 3604 τοσοῦτόν
1719 3555 1868 3605 ἐστιν
1917 3555 1944 3605 ὁ

355 3643 674 3712 ἄνθρωπος,
728 3646 810 3697 ὅτι
842 3646 1276 3715 ἀφηνιάσαντος,
1315 3645 1410 3696 καὶ
1462 3644 1561 3712 τὴν
1605 3644 1704 3715 σὴν
1747 3644 1945 3699 δεσπο-

352 3735 506 3787 τεέαν
552 3737 942 3804 ἁγνοήσαντος,
993 3735 1141 3789 ἔλεον
1168 3737 1332 3788 αἰτοῦ
1367 3736 1700 3805 λαμϐάνεις;
1749 3737 1946 3806 Ἐσχη-

356 3828 624 3896 μάτισται
668 3830 696 3881 ὁ
753 3829 906 3897 λόγος
962 3831 1026 3882 ὲκ
1090 3831 1408 3900 μεταφορᾶς
1476 3829 1586 3882 τῶν
1647 3830 1944 3883 ἐπιλανθα-

355 3919 618 3987 νομένων
648 3919 816 3984 τινος,
868 3916 987 3972 εἶτα
1030 3919 1222 3991 μνείαν
1250 3919 1416 3972 αὐτοῦ
1462 3919 1553 3972 διὰ
1600 3920 1946 3990 συμπαθείας

349 4011 488 4063 ποτὲ
515 4009 940 4078 λαμϐανόντων·
989 4009 1173 4064 καὶού
1229 4010 1387 4062 τοῦτο
1433 4011 1617 4080 μόνον,
1655 4009 1795 4064 ἀλλὰ
1847 4011 1944 4063 καὶ

349 4100 518 4163 αὖτδς
574 4101 656 4162 εἰς
711 4097 999 4169 ἀντίληψιν
1046 4098 1446 4168 παραγίνεταισ
1480 4098 1640 4150 τοῦτο
1672 4097 1781 4167 γὰρ
1821 4097 1943 4149 ἐπι-

351 4190 570 4258 σκεψις.
607 4188 744 4242 Οὔτε
769 4193 878 4262 γὰρ
906 4190 1158 4258 ἄγγελος,
1209 4191 1271 4241 οὐ
1327 4188 1594 4259 πρέσϐυς,
1629 4187 1746 4241 ἀλλ’
1780 4187 1942 4251 αὐτὸς

349 4285 374 4334 ὁ
400 4281 616 4352 Κύριος
663 4282 854 4344 ἐλθὼν,
897 4284 1107 4336 ἔσωσεν
1153 4283 1324 4352 ἡμᾶς.
1364 4280 1430 4334 Τί
1509 4279 1644 4349 γοῦν
1683 4279 1941 4333 τοσοῦτόν

349 4375 502 4424 ἐστιν
529 4373 845 4441 ἄνθρωπος,
879 4375 965 4427 ῐνα
997 4375 1172 4428 ταῦτα
1220 4373 1289 4427 δι’
1322 4371 1488 4426 αὑτὸν
1536 4373 1798 4442 γένηται;
1847 4373 1942 4425 καὶ.

351 4469 634 4521 πεσίντων
672 4469 770 4537 μὲν
821 4469 1094 4538 ἀγγέλων,
1135 4468 1292 4523 οῦδὲν
1345 4469 1611 4536 τοιοῦτον,
1643 4469 1938 4541 ἐποίησας’

348 4560 442 4612 τοῦ
472 4559 768 4630 ἀνθρώπου
800 4561 855 4614 δὲ
885 4561 1164 4626 πεσόντος,
1209 4563 1288 4624 εἰς
1320 4561 1420 4631 τὴν
1451 4561 1728 4633 ἡμετέραν
1774 4557 1940 4632 ἦλθες

351 4651 642 4718 ἐσχατιάν.
688 4651 1008 4721 Ἀνθρωπος
1063 4653 1142 4714 δὲ,
1199 4655 1294 4705 καὶ
1328 4651 1466 4715 ,υἱὸς
1521 4650 1836 4723 ἀνθρώπου,
1874 4651 1936 4705 τὸ
1964 4634 2018 4694 D

349 4741 487 4793 αὐτὸ
518 4741 775 4812 δηλοῦσιν
806 4745 870 4797 ὲκ
897 4744 1272 4814 παραλλήλου·
1319 4744 1416 4797 καὶ⁸
1444 4742 1684 4814 συνήθης
1715 4746 1744 4796 ὁ
1774 4743 1946 4809 τύπος

350 4848 514 4894 ουτος
565 4835 720 4902 παρὰ
750 4837 816 4905 τῇ
867 4835 1118 4905 Παλαιᾷ·
1151 4835 1298 4888 δοκεί
1343 4837 1454 4905 γὰρ
1497 4834 1834 4906 περίφρασις
1886 4835 1948 4888 τὸ

353 4923 470 4985 υίὸς
500 4923 820 4993 ἀνθρώπου,
851 4925 971 4978 ἀντὶ
991 4925 1088 4980 τοῦ
1112 4925 1448 4995 ἄνθρωπος.

448 5191 824 5259 Πλὰττωσας
857 5193 1050 5248 αὐτὸν
1095 5195 1298 5264 ,ϐραχύ
1348 5211 1404 5249 τι
1434 5194 1578 5264 παρ’
1617 5195 1938 5266 ἀγγέλξ-υς.

345 5285 648 5354 Μέμνηται
697 5287 794 5340 καὶ
845 5289 953 5341 τῶν
998 5289 1063 5353 ἐξ
1087 5290 1264 5359 ἀρχῆς
1317 5288 1676 5360 εὐεργεσιῶν,
1716 5289 1826 5342 τῶν
1856 5291 1938 5353 εἰς

343 5378 440 5428 τὸν
473 5375 783 5446 ἄνθρωπον.
805 5379 1078 5442 Πλασθεὶς
1109 5382 1240 5451 γὰρ,
1263 5381 1441 5451 βραχύ
1462 5397 1518 5434 τι
1542 5381 1653 5433 τῶν
1680 5380 1932 5449 ἀγγέλων

346 5468 799 5539 ὴλάττωται,διὰ
850 5470 956 5542 τὴν
1005 5473 1332 5544 συμπλοκὴν
1377 5473 1477 5526 τοῦ
1523 5471 1804 5544 σώματος,
1838 5471 1936 5524 καὶ

419 5610 471 5642 ⁸³
505 5608 643 5666 Psal.
674 5627 747 5680 Ct,
789 5611 880 5666 26.
931 5609 980 5642 “
1017 5609 1161 5664 l‘sal.
1193 5624 1386 5676 uxtn,
1421 5608 1510 5664 l6.

2061 3365 2206 3433 ﬁlius
2265 3364 2494 3418 hominis
2550 3363 2802 3431 quoniam
2861 3365 3047 3419 visita:
3107 3366 3268 3420 eum?
3317 3365 3442 3422 Haec
3472 3369 3639 3425 etiam

2061 3464 2286 3526 propter
2345 3455 2783 3509 Incarnationent
2842 3456 2990 3510 dicta
3047 3464 3198 3513 sunt.
3274 3455 3640 3516 Prmnoscens

2055 3546 2200 3601 enim
2264 3546 2536 3614 Propheta
2599 3545 2745 3600 illius
2804 3547 3126 3618 mysterium
3169 3549 3382 3616 :Quid,
3441 3552 3642 3623 inquit,

2055 3639 2192 3694 tanti
2229 3645 2313 3694 est
2364 3639 2549 3702 homo,
2586 3648 2644 3692 ut
2691 3655 2818 3694 cum
2856 3641 3076 3696 rebellis
3111 3657 3139 3696 ι
3177 3649 3232 3698 te
3260 3642 3442 3699 factus
3463 3647 3559 3709 sit,
3586 3653 3644 3700 et

2047 3733 2341 3800 imperium
2373 3740 2527 3785 tuum
2565 3731 2977 3798 detrectaverit,
3011 3744 3066 3787 tu
3127 3741 3312 3790 tamen
3339 3735 3489 3792 illius
3538 3737 3642 3790 mi-

2054 3823 2334 3879 serearis?
2360 3822 2452 3877 Est
2481 3831 2664 3877 autem
2688 3825 2774 3877 hic
2805 3839 2988 3878 sermo
3013 3825 3446 3895 metaphoricus,
3472 3837 3638 3897 atque

2053 3917 2123 3969 ab
2150 3931 2341 3969 eorum
2387 3929 2623 3985 persona
2663 3917 2987 3980 translatus,
3045 3921 3137 3987 qui
3196 3928 3350 3972 certo
3393 3929 3639 3988 tempore

2053 4007 2364 4078 cujuspiam
2395 4007 2550 4062 obliti
2581 4015 2734 4071 sunt,
2767 4008 3037 4062 etdeiude
3058 4011 3446 4079 compassione
3477 4011 3635 4075 moti,

2051 4101 2175 4170 ejus
2210 4101 2648 4155 reminiscuntur
2687 4114 2701 4151 :
2753 4114 2855 4153 nec
2898 4110 3112 4154 tantum
3177 4102 3634 4168 reminiscuntur,

2051 4193 2145 4248 sed
2200 4193 2254 4247 in
2314 4191 2463 4246 illius
2495 4189 2758 4244 auxilium
2801 4197 2856 4245 et
2891 4190 3269 4246 defensionem
3317 4195 3481 4246 etiam
3520 4209 3636 4247 mo—

2048 4294 2264 4340 ventur.
2307 4283 2371 4338 Et
2399 4285 2513 4338 haec
2529 4293 2614 4339 est
2633 4283 2873 4338 visitatio
2890 4298 3053 4351 quam
3084 4283 3238 4338 dicit.
3262 4281 3453 4354 Neque
3484 4286 3632 4340 enim

2048 4379 2280 4446 angelus
2303 4377 2527 4446 aliquis,
2563 4388 2660 4430 aut
2691 4376 2930 4445 legatus,
2962 4376 3058 4430 sed
3087 4375 3320 4444 ipsemet
3366 4375 3634 4431 Dominus

2048 4487 2145 4541 per
2175 4485 2234 4525 se
2263 4471 2491 4524 veniens
2546 4469 2778 4522 salvavit
2809 4483 2910 4522 nos
2950 4465 3012 4520 ⁸⁵.
3077 4465 3219 4532 Quid
3270 4468 3437 4538 igitur
3475 4470 3619 4523 tanti

2047 4569 2131 4615 est
2160 4561 2344 4622 homo,
2373 4568 2433 4613 ut
2461 4570 2683 4630 propter
2717 4560 2891 4624 illum,
2916 4559 3032 4613 haac
3085 4559 3200 4613 ﬁeri
3244 4560 3522 4614 debeant?
3560 4560 3629 4615 Et

2048 4668 2172 4707 cum
2204 4652 2386 4722 angeli
2423 4653 2648 4721 quidem
2683 4653 3042 4713 cecidissent,
3069 4659 3128 4705 tu
3165 4653 3632 4721 nihil-ejusmodi

2049 4744 2253 4808 fecisti,
2281 4745 2334 4798 in
2387 4745 2627 4800 hominis
2657 4755 2840 4800 autem
2871 4747 3032 4800 ruina
3063 4755 3117 4800 et
3160 4760 3318 4812 casu,
3345 4748 3412 4802 ad
3449 4763 3632 4802 extre-

2047 4851 2192 4890 mam
2225 4835 2366 4890 hanc
2399 4836 2762 4906 dejectionem
2818 4838 3178 4896 descendisti.
3231 4838 3408 4896 Homo
3446 4851 3631 4898 autem

2044 4934 2098 4981 et
2132 4929 2276 4984 illius
2322 4929 2566 4985 hominis
2598 4930 2741 4986 idem
2774 4947 2928 5002 aeque
2986 4933 3306 5003 signiﬁcant
3334 4951 3347 4988 :
3381 4936 3628 4990 circum-

2043 5019 2191 5089 loqui
2227 5027 2410 5076 tamen
2437 5038 2580 5093 saepe
2607 5023 2688 5078 sic
2715 5025 2854 5080 solet
2879 5024 3182 5097 Scriptura,
3211 5037 3268 5081 ut
3293 5041 3393 5097 pro
3416 5030 3636 5085 homine

2043 5110 2211 5165 lilium
2241 5113 2478 5168 hominis
2506 5114 2671 5168 dicat.

2115 5197 2276 5254 Vens.
2305 5201 2362 5256 6.
2400 5201 2645 5258 Minuisti
2671 5219 2790 5259 eum
2822 5207 3086 5261 modicum
3117 5207 3244 5277 quid
3297 5206 3362 5260 ab
3394 5207 3619 5276 angelis.

2037 5291 2409 5362 Antiquorum
2469 5296 2868 5353 beneﬁciorum
2914 5301 3164 5353 tneminit
3193 5313 3316 5367 quae
3363 5300 3416 5351 in
3449 5300 3631 5351 homi-

2041 5397 2164 5436 nem
2199 5385 2399 5440 collata
2446 5397 2596 5444 sunt.
2627 5386 2861 5444 Creatns
2914 5390 3062 5444 enim
3121 5389 3285 5442 homo
3339 5387 3620 5440 modicum

2045 5476 2180 5545 quid
2212 5479 2281 5533 ab
2311 5480 2522 5551 angelis
2570 5481 2878 5539 minoratus
2910 5490 3016 5549 est,
3050 5491 3273 5551 propter
3326 5481 3630 5550 complica-

1597 5608 1643 5640 ⁸⁸
1674 5608 1778 5662 lsa.
1807 5621 1960 5670 mn,
1988 5606 2044 5662 9.

1673 5697 1870 5760 Varite
1913 5695 2246 5759 lectiones.

432 5811 518 5878 42)
547 5813 736 5872 Grzece
772 5803 1104 5878 ὠνόμαζον,
1158 5803 1526 5870 nominabant,
1560 5801 1686 5856 ςαξιί
1723 5798 1936 5855 scilicet

2056 5807 2242 5864 :tores,
2277 5812 2375 5868 pro
2403 5811 2512 5868 quo
2545 5792 2773 5852 Latinus
2811 5794 3080 5864 interpres
3139 5795 3342 5866 legisse
3409 5794 3626 5852 videtur

338 5880 586 5946 ἐνόμιζον.
