4146 6432
513 342 615 404 I35

1712 336 2103 399 EUTHYMII
2153 329 2523 392 ZIGABENI

3673 324 3776 390 136

492 453 699 506 tionem
732 451 1009 523 corporis,
1037 456 1094 507 et
1137 450 1243 506 alia
1275 465 1396 521 qua:
1426 450 1495 506 ad
1527 465 1730 522 corpus
1783 454 2083 524 pertinent.

2197 449 2266 501 τὰ
2302 449 2366 500 ὲκ
2395 445 2491 499 τοῦ
2522 444 2775 514 σώματος
2803 459 2817 473 ⁸
2874 442 3149 498 καὶτοῦτο
3174 443 3254 509 δὲ,
3287 442 3410 498 κατ’
3438 443 3777 514 οἰκονομίαν,

490 547 672 615 Atque
721 546 825 600 hoc
877 560 1011 601 sane
1071 560 1267 614 magna
1327 559 1452 598 cum
1512 545 1975 615 dispensatione:
2023 552 2083 598 ut

492 639 715 705 qu0ties
769 645 995 706 propter
1057 634 1396 689 intellectum
1455 635 1857 697 extolleretur,
1917 635 2081 688 toties

496 729 907 799 deprimeretur
938 737 1105 797 atque
1133 727 1522 780 humiliaretur
1570 736 1796 798 propter
1848 736 2079 782 terram.

492 823 626 875 Nam
655 824 698 877 si
733 823 787 875 in
823 821 1114 890 prmsentia
1155 833 1279 872 eum
1314 833 1547 887 corpore
1590 832 1906 889 gravantur,
1942 816 2079 871 adeo

2196 539 2305 603 ἵνα,
2339 539 2470 590 ὅταν
2510 536 2813 607 ἐπαίρηται
2843 535 2931 589 διὰ
2974 535 3065 588 τὸν
3108 533 3257 598 νοῦν,
3285 534 3650 600 συστέλληται
3690 533 3779 585 διὰ

2192 631 2283 683 τὸν
2316 629 2461 700 χοῦν.
2524 628 2588 682 Ei
2644 628 2754 701 γὰρ
2795 629 2891 682 καὶ
2913 627 3169 699 σώματος
3202 627 3543 698 βριθόμενος,
3578 624 3780 689 ἀλαζο-
3830 642 3849 645 '

2192 726 2411 779 νεύεται
2461 723 2755 790 τοσοῦτον,
2820 722 2903 787 τίς
2953 722 3020 776 ἂν
3059 717 3127 793 ἦν
3192 720 3613 790 πολιτευόμενος
3662 718 3783 785 δίχα

2189 818 2445 887 σώματος
2469 833 2484 884 ;

492 915 813 969 extollimur
862 922 917 968 et
967 912 1291 985 gloriamur,
1354 910 1488 980 quid
1535 910 1969 966 existimandum
2010 920 2097 963 est
2139 908 2382 965 facturos
2410 909 2603 974 fuisse,
2629 908 2675 964 si
2715 908 2925 977 absque
2962 920 3197 978 corpore
3256 907 3419 963 nobis
3485 904 3779 962 vivendum

492 1007 677 1062 esset?

565 1101 750 1155 Gloria
774 1108 823 1154 et
856 1101 1051 1153 honore
1079 1100 1349 1153 coronasti
1400 1115 1541 1153 eum.
1605 1097 1813 1164 Gloria,
1850 1097 1978 1168 quia
2014 1096 2080 1152 ad

496 1198 792 1261 imaginem
825 1202 880 1246 et
902 1193 1322 1246 similitudinem
1353 1191 1446 1245 Dei
1480 1192 1662 1246 lactus
1683 1200 1767 1247 est
1801 1207 1813 1242 :
1852 1191 2083 1255 honore,

495 1290 621 1358 quia
647 1288 831 1341 omnia
863 1286 912 1339 ei
942 1283 1191 1353 subjecta
1227 1295 1357 1338 sunt
1406 1285 1729 1361 animantia.

572 1379 739 1432 Vnus.
764 1378 819 1431 7.
868 1375 933 1430 Et
964 1376 1291 1429 constituisti
1315 1392 1433 1428 eum
1465 1392 1626 1444 super
1655 1391 1813 1444 opera
1835 1389 2089 1427 manuum

499 1484 735 1526 tuarum.
774 1470 999 1539 Elegisti
1033 1484 1154 1523 eum
1200 1468 1254 1522 in
1306 1485 1484 1538 regem
1545 1470 1713 1523 totius
1758 1478 2022 1522 creaturae
2068 1484 2082 1521 :

498 1566 728 1620 Crescite
761 1565 929 1628 enim,
990 1562 1191 1630 inquit,
1218 1570 1269 1614 et
1308 1560 1763 1627 multiplicamini,
1798 1571 1844 1614 et
1891 1559 2085 1629 replete

482 1646 718 1717 terram,
745 1668 793 1712 et
829 1655 1181 1711 dominamini
1216 1656 1265 1708 ei
1296 1654 1365 1710 ⁸⁸.

2256 1096 2415 1163 Δόξῃ
2450 1093 2549 1148 καὶ
2580 1093 2722 1163 τιμῇ
2748 1091 3185 1162 ἐστεφάνωσας
3236 1090 3442 1146 αὐτόν.
3482 1088 3621 1160 Δόξα
3656 1088 3779 1158 μὲν,

2181 1189 2270 1243 διὰ
2305 1189 2365 1241 τὸ
2408 1188 2530 1241 κατ’
2566 1187 2752 1239 εἰκόνα
2801 1185 2937 1239 Θεοῦ
2973 1185 3267 1253 γενέσοαι·
3297 1186 3431 1253 τιμῇ
3457 1183 3536 1249 δὲ,
3571 1183 3660 1235 διὰ
3681 1183 3782 1253 τὴν

2186 1282 2323 1349 πρὸς
2353 1283 2517 1336 αὐτὸν
2551 1279 2831 1349 ὑποταγὴν
2856 1278 2965 1330 τῶν
3006 1278 3161 1341 ζώων
3205 1278 3487 1331 ἁπάντων.

2260 1372 2653 1440 Κατέστησας
2722 1369 2910 1423 αὐτὸν
2951 1368 3049 1421 ἐπὶ
3091 1366 3157 1420 τὰ
3192 1366 3336 1434 ἔργα
3386 1363 3507 1420 τῶν
3566 1367 3783 1437 χειρῶν

2193 1482 2336 1522 σου.
2382 1464 2829 1535 Ἐχειροτόνησας
2856 1462 3019 1514 αὐτὸν
3051 1460 3278 1530 βασιλέα
3300 1477 3399 1528 της
3431 1459 3683 1525 κτίσεως,
3716 1461 3783 1532 ἢν

2193 1557 2495 1629 ἐποίησας’
2540 1554 2845 1620 Αὺξάνετε
2901 1554 3034 1623 γὰρ,
3079 1551 3175 1605 καὶ
3238 1554 3648 1619 πληθύνεσθε,
3683 1552 3784 1606 καὶ

2193 1646 2553 1716 πληρώσατε
2604 1645 2720 1715 τὴν
2764 1646 2902 1714 γῆν,
2959 1644 3056 1698 καὶ
3114 1642 3627 1709 κατακυριεύσατε
3672 1643 3783 1696 αὺ-

2192 1758 2324 1809 της.

570 1830 735 1885 Vsns.
782 1832 839 1884 8.
901 1830 1095 1884 Omnia
1183 1830 1456 1900 subjecisti
1526 1830 1622 1885 sub
1675 1832 1892 1899 pedibus
1943 1830 2081 1899 ejus,

2260 1832 2465 1889 Πάντα
2494 1830 2803 1897 ὑπέταξας
2852 1826 3133 1884 ὑποκάτω
3184 1826 3304 1880 τῶν
3326 1825 3531 1880 ποδῶν
3562 1823 3779 1888 αὐτοῦ,

494 1943 608 1979 oves
643 1937 687 1978 et
722 1924 872 1978 boves
914 1927 1207 1990 universas,
1260 1925 1477 1988 insuper
1541 1935 1589 1977 et
1616 1940 1808 1993 pecora
1865 1925 2083 1993 campi:

496 2019 731 2072 volucres
787 2018 948 2083 caeli,
1016 2028 1065 2071 et
1126 2019 1294 2084 pisces
1365 2018 1550 2081 maris,
1614 2033 1732 2086 qua:
1800 2016 2086 2086 perambu-

498 2112 615 2164 lant
651 2112 868 2164 semitas
901 2111 1091 2163 maris.
1136 2110 1249 2163 Hoc
1279 2110 1441 2164 etiam
1465 2125 1527 2162 ex
1566 2109 1767 2164 Genesi
1805 2121 2083 2180 sumptum

496 2212 603 2258 est.
646 2202 1029 2266 Dominamini,
1087 2202 1284 2271 inquit,
1336 2201 1571 2270 piscibus
1627 2201 1813 2265 maris,
1860 2209 1909 2252 et
1940 2201 2088 2253 volu-

501 2296 682 2347 cribus
747 2295 886 2356 caeli,
935 2303 983 2347 et
1046 2295 1288 2346 omnibus
1342 2293 1641 2362 pecoribus,
1686 2304 1735 2346 et
1792 2294 1935 2347 omni
1978 2303 2085 2347 ter-

498 2400 573 2438 m
622 2385 688 2438 ⁸⁷.
762 2384 1009 2455 Cumque
1095 2383 1366 2455 PrOpheta
1460 2386 1546 2441 hic
1610 2388 1790 2441 omnia
1866 2387 2086 2450 dixerit,

499 2476 854 2545 postmodum
893 2477 1206 2547 distinguit.
1246 2476 1310 2529 Et
1354 2476 1533 2545 primo
1576 2478 1797 2547 quidem
1834 2479 2085 2533 mitiores

497 2585 629 2623 oves
665 2571 1085 2622 connumeravit
1119 2585 1132 2621 :
1167 2584 1263 2638 per
1296 2584 1493 2637 pecora
1528 2580 1710 2624 autem
1744 2572 1928 2642 campi
1953 2588 2090 2642 qua-

498 2662 767 2730 drupedia
835 2660 1023 2714 omnia
1077 2662 1519 2730 comprehendit,
1565 2678 1687 2731 qua:
1748 2663 1803 2717 in
1880 2664 2089 2734 campis

501 2753 755 2810 habitant
800 2760 905 2807 :et
951 2753 1110 2821 juxta
1169 2750 1345 2806 Graeci
1397 2753 1642 2808 nominis
1701 2754 2086 2825 etymologiam

502 2846 764 2899 animalia
815 2845 998 2899 omnia
1026 2845 1427 2914 intelliguntur,
1452 2860 1573 2917 qua:
1604 2862 1773 2915 prona
1802 2847 1855 2900 itt
1884 2854 2087 2901 terram

501 2938 806 3007 aspiciunt.
847 2935 951 2991 Per
978 2952 1181 3008 pecora
1213 2938 1401 3007 igitur,
1436 2938 1720 2993 terrestria
1751 2939 1935 2993 omnia
1969 2938 2089 2993 ani-

500 3030 661 3083 tnalia
718 3029 1077 3098 signiﬁcavit,
1140 3045 1235 3085 seu
1273 3030 1568 3095 silvestria,
1615 3038 1669 3085 et
1715 3031 1847 3085 fera.
1892 3028 2088 3085 Omnia

2190 1926 2481 1993 πρόϐατα,
2513 1923 2610 1975 καὶ
2642 1923 2802 1987 βόας
2836 1919 3104 1986 ἁπάσας,
3133 1919 3220 1972 ἔτι
3246 1918 3315 1971 δὲ
3352 1917 3451 1971 καὶ
3484 1918 3557 1970 τὰ
3584 1916 3780 1984 κτήνη

2189 2018 2297 2072 τοῦ
2380 2016 2609 2080 πεδίου,
2694 2013 2767 2067 τὰ
2845 2014 3088 2066 πετεινὰ
3158 2012 3267 2066 τοῦ
3320 2010 3607 2079 οὐρανοῦ,
3678 2009 3781 2062 καὶ

2190 2110 2332 2176 τοὺς
2386 2109 2597 2178 ἰχθύας
2636 2106 2747 2174 τῆς
2784 2106 3128 2173 θαλάσσης,
3182 2106 3251 2160 τὰ
3305 2105 3785 2174 διαπορευόμενα

2189 2204 2431 2270 τρίϐους
2462 2196 2819 2255 θαλασσῶν.
2844 2200 2955 2252 Καὶ
2984 2197 3145 2251 τοῦτο
3183 2198 3292 2251 ἀπὸ
3347 2196 3449 2266 τῆς
3478 2198 3782 2268 Μωσαῖκῆς

2190 2296 2465 2357 Γενέσεως
2530 2293 2822 2361 εἴληπται·
2878 2292 3017 2362 φησὶ
3070 2289 3214 2361 γάρ’
3250 2290 3358 2345 Kal
3416 2290 3631 2360 ἄρχετε
3660 2289 3784 2343 τῶν

2193 2387 2418 2455 ἰχθύων
2475 2384 2586 2453 τῆς
2640 2382 2989 2451 θαλάσσης,
3031 2382 3129 2435 καὶ
3173 2381 3294 2435 τῶν
3345 2381 3638 2436 πετεινῶν
3673 2380 3782 2434 τοῦ

2191 2478 2456 2548 οὐρανοῦ
2480 2518 2495 2544 ,
2554 2476 2655 2531 καὶ
2708 2476 2955 2531 πάντων
2996 2475 3116 2529 τῶν
3147 2473 3406 2544 κτηνῶν,
3448 2476 3545 2529 καὶ
3571 2473 3783 2541 πάσης

2192 2570 2301 2639 τῆς
2333 2570 2468 2641 γῆς.
2511 2568 2696 2623 Εἰπὼν
2731 2569 2787 2623 δὲ
2819 2568 3024 2636 πάντα,
3068 2568 3267 2621 διεῖλεν
3294 2566 3456 2637 αὐτὰ,
3489 2567 3586 2621 καὶ
3625 2566 3783 2637 πρῶ-

2192 2681 2283 2716 τον
2313 2662 2422 2715 ἀπὸ
2461 2660 2569 2715 τῶν
2606 2663 2980 2733 ἡμερωτέρων
3011 2660 3217 2733 ἤρξατο
3244 2660 3557 2733 προϐάτων.
3587 2659 3779 2729 Κτήνη

2191 2755 2247 2810 δὲ
2280 2756 2427 2825 λέγει
2458 2754 2551 2808 τοῦ
2573 2755 2787 2820 πεδίου,
2828 2755 3007 2809 πάντα
3055 2754 3123 2808 τὰ
3155 2756 3269 2818 τοῖς
3304 2752 3510 2817 πεδίοις
3556 2751 3783 2822 ὲννεμό⁴

2196 2865 2333 2919 μενσ.
2376 2848 2683 2917 τετράποδα
2710 2864 2723 2879 ·
2760 2848 2957 2918 κτῆνος
2999 2848 3131 2917 γὰρ,
3186 2848 3295 2899 πᾶν
3327 2845 3389 2899 τὸ
3427 2846 3581 2900 κάτω
3624 2841 3781 2897 νεῦον

2191 2940 2547 3011 τετράποδον.
2607 2940 2708 2994 Διὰ
2773 2941 2955 3012 μέντοι
3010 2940 3120 2993 τῶν
3177 2940 3414 3009 κτηνῶν,
3473 2940 3582 2993 πᾶν
3639 2936 3781 3003 ζῶον

2192 3034 2445 3103 χερσαῖον
2496 3032 2902 3103 παρεδήλωσεν,
2949 3032 3061 3086 εἴτε
3113 3033 3347 3103 ἥμερον,
3392 3030 3503 3086 εἴτε
3546 3032 3781 3104 ἄγριον·

497 3122 701 3193 quippe
741 3122 793 3175 in
830 3122 1069 3178 hmninis
1121 3123 1490 3178 ministerium
1533 3124 1659 3177 data
1689 3133 1858 3179 sunt:
1887 3125 2085 3193 quibus

2195 3124 2375 3177 πάντα
2409 3125 2519 3194 γὰρ
2552 3128 2630 3188 εἰς
2663 3124 2971 3195 ὑπηρεσίαν
3018 3124 3115 3179 τοῦ
3155 3125 3445 3196 ἀνθρώπου
3482 3125 3780 3195 παρήχθη-

497 3217 757 3271 ommbus
804 3216 895 3270 ille
933 3217 1097 3270 etiam
1129 3218 1293 3271 homo
1334 3217 1516 3272 adhuc
1561 3216 1957 3283 dominabitur,
1991 3217 2086 3287 qui

499 3307 788 3375 pristinam
846 3308 1044 3362 anima:
1084 3323 1197 3362 sua:
1233 3309 1532 3363 servaverit
1567 3308 1916 3379 dignitatem.
1951 3309 2087 3364 (Σαξιί

498 3415 679 3460 autem
707 3402 964 3455 volucres
991 3400 1151 3463 dixit,
1173 3416 1271 3469 pro
1297 3402 1465 3456 aeris.
1509 3400 1723 3456 Caelum
1751 3402 1897 3455 enim
1944 3417 2090 3472 szepe

497 3497 718 3567 ponitur
778 3508 874 3561 pro
923 3506 1072 3556 aere,
1135 3493 1230 3561 qui
1287 3493 1412 3546 caeli
1464 3493 1640 3548 instar
1686 3495 1852 3563 capiti
1899 3505 2089 3549 nostro

499 3587 876 3641 circumfusus
908 3591 1012 3638 est.
1047 3582 1289 3637 Piscium
1335 3585 1525 3649 etiam,
1554 3570 1677 3637 cum
1712 3584 2089 3639 innumerabi-

499 3682 570 3733 lia
602 3680 737 3743 sint,
799 3692 1025 3747 genera,
1087 3691 1198 3729 uno
1246 3691 1501 3732 sermone
1537 3677 1724 3731 omnia
1765 3678 2088 3747 complexus

502 3781 589 3825 est
625 3770 816 3825 dicens
849 3768 1019 3835 :Qure
1048 3767 1423 3838 perambulant
1473 3770 1692 3823 semitas
1726 3771 1915 3825 maris.
1950 3769 2013 3824 Et
2057 3786 2085 3825 a

499 3864 807 3917 masculino
870 3879 1070 3931 genere
1133 3864 1199 3915 ad
1264 3874 1521 3916 neutrum
1600 3862 1839 3928 transiit,
1896 3866 2087 3921 volens

499 3957 605 4011 hoc
636 3967 799 4027 pacto
851 3957 1001 4012 varia
1032 3956 1267 4026 piscium
1326 3974 1524 4027 genera
1561 3958 1843 4014 denotare.
1881 3958 2085 4017 Verum

499 4052 613 4105 hanc
640 4052 707 4105 de
732 4066 870 4120 puro
901 4065 963 4105 ac
997 4050 1239 4120 simplici
1276 4050 1499 4106 homine
1530 4052 1919 4109 intelleximus.
1951 4052 2093 4107 Jux-

498 4151 549 4196 ta
589 4158 894 4214 anagogem
932 4158 1062 4197 vero
1113 4143 1180 4197 ad
1229 4143 1633 4198 immanitatem
1679 4143 1885 4199 Christi
1916 4147 2085 4216 perti-

499 4245 652 4302 nent,
702 4236 1167 4305 quemadmodum
1218 4237 1517 4305 ApOStolus
1572 4236 1641 4292 ad
1698 4237 1960 4293 Hebraeos
1991 4239 2087 4292 de-

497 4329 670 4380 clarat
698 4345 711 4379 :
751 4327 890 4393 Quid
916 4328 1084 4392 enim,
1120 4328 1323 4396 inquit,
1364 4327 1502 4380 tanti
1534 4334 1616 4381 est
1648 4326 1963 4381 humanitas
1995 4328 2085 4382 illa

500 4425 791 4485 assumpta
857 4432 886 4470 a
944 4416 1055 4471 Deo
1093 4418 1294 4482 Verbo,
1353 4416 1499 4486 quod
1549 4416 1696 4472 illius
1754 4432 1965 4471 memor
2003 4433 2080 4485 es,

2195 3234 2294 3270 σαν
2321 3233 2335 3247 ο
2369 3218 2463 3271 καὶ
2493 3218 2713 3271 πάντων
2739 3218 2922 3287 ἄρχει,
2950 3218 2978 3271 ὁ
3011 3217 3293 3281 amesz
3338 3220 3397 3271 τὸ
3426 3218 3641 3289 πρῶτον
3676 3220 3781 3289 τῆς

2191 3307 2373 3379 ψυχῆς
2405 3309 2643 3380 ἀξίωμα.
2705 3308 2939 3362 Πετεινέι
2981 3309 3037 3362 δὲ
3080 3309 3175 3362 τοῦ
3209 3309 3462 3380 οὐρανοῦ,
3505 3308 3779 3376 τουτέστι,

2192 3402 2287 3455 τοῦ
2318 3402 2480 3472 ἀέρος
2500 3420 2513 3433 ·
2548 3401 2739 3454 τοῦτον
2770 3402 2879 3473 γὰρ
2905 3402 3000 3457 νῦν
3045 3402 3276 3474 οὖρανὸν
3318 3401 3780 3473 καταχρηστικῶς

2191 3494 2499 3565 ὠνόμασεν,
2556 3494 2631 3558 ὡς
2678 3494 2820 3565 ὑπὲρ
2876 3495 3125 3564 κεφαλῆς
3162 3496 3316 3566 ὑμῶν
3362 3496 3518 3566 δίκην
3543 3494 3779 3565 οὐρανοῦ

2194 3586 2521 3657 κεχυμένον.
2568 3586 2911 3655 Ἀποϐλέψας
2942 3586 2999 3639 δὲ
3033 3586 3171 3658 πρὸς
3201 3587 3269 3641 τὰ
3297 3586 3781 3657 παμπληθέστατα

2190 3680 2300 3730 τῶν
2334 3678 2551 3749 ἰχθύων,
2586 3678 2699 3748 (45)
2721 3677 2757 3731 ἃ
2783 3678 2851 3729 δι’
2880 3677 2998 3741 ἑνὸς
3023 3678 3182 3746 λόγου
3206 3678 3384 3732 πάντα
3413 3678 3778 3748 παρέστησεν,

2193 3768 2385 3833 εἰπὼν,
2436 3769 2513 3823 Τὰ
2560 3770 3039 3838 διαπορευόμενα
3097 3771 3338 3838 τρίϐους
3396 3766 3730 3823 θαλασσῶν
3762 3784 3777 3799 ο

2188 3863 2295 3916 ἀπὸ
2354 3864 2465 3934 γὰρ
2518 3862 2611 3917 τοῦ
2658 3863 2949 3933 ἀρσενικοῦ
3004 3866 3199 3932 γένους
3266 3864 3359 3917 ἐπὶ
3401 3862 3462 3915 τὸ
3491 3863 3778 3932 οὐδέτερον

2194 3957 2594 4027 μεταϐέϐηκεν,
2644 3956 2968 4027 βουλόμενος
3000 3957 3243 4027 ἐμφῆναι
3280 3957 3339 4010 τὸ
3379 3956 3638 4026 διάφορον
3669 3953 3778 4007 τῶν

2190 4052 2248 4103 ὲν
2282 4049 2494 4121 ἰχθύσιν
2529 4050 2709 4104 εἱδῶν.
2762 4050 2924 4105 Ἀλλὰ
2960 4050 3134 4104 ταῦτα
3171 4051 3270 4121 μὲν
3304 4048 3555 4122 περὶτοῦ
3588 4047 3781 4112 ἁπλῶς

2190 4141 2485 4212 ἀνθρώπου
2512 4143 2764 4213 νοοῦμεν.
2806 4144 3123 4212 Ἀνάγονται
3152 4143 3209 4197 δὲ
3238 4143 3332 4196 καὶ
3361 4143 3441 4205 εἰς
3454 4141 3545 4195 τὸν
3563 4142 3780 4212 Κυρια-

2188 4235 2283 4286 κδν
2318 4233 2628 4304 ἄνθρωπον,
2680 4236 2755 4298 ὼς
2791 4238 2819 4289 ὁ
2861 4236 3186 4299 Ἀπόστολος
3212 4235 3516 4303 ἐξεδέξατο,
3546 4236 3779 4305 γράφων

2189 4326 2330 4397 πρὸς
2404 4326 2690 4397 Ἐϐραίους
2724 4344 2740 4362 ·
2796 4328 2861 4381 Tl
2920 4329 3051 4399 γὰρ,
3108 4330 3265 4399 φησὶ,
3322 4328 3579 4383 τοσοῦτόν
3627 4330 3779 4381 ἐστιν

2190 4418 2499 4490 ἄνθρωπος,
2523 4420 2551 4471 ὁ
2582 4420 2958 4490 προσληφθεὶς
2988 4421 3066 4491 τῷ
3089 4422 3220 4492 θείῳ
3248 4422 3430 4492 Λόγῳ,
3455 4422 3537 4475 ὅτι
3572 4422 3783 4492 μιμνήτ

498 4509 691 4562 dicens
744 4524 759 4559 :
806 4507 905 4560 Hic
943 4517 1021 4560 est
1080 4505 1256 4562 Filius
1314 4524 1458 4562 meus
1507 4508 1729 4561 dilectus
1766 4508 1859 4563 "i
1891 4507 2085 4563 Filium

2200 4526 2307 4583 σκῃ
2334 4511 2501 4563 αὐτοῦ
2521 4531 2536 4578 ;
2560 4512 2711 4581 λέγει
2736 4513 2867 4584 γὰρ,
2886 4511 3177 4581 ὅτιοῦτός
3202 4515 3377 4569 ἐστιν
3406 4517 3439 4568 ό
3477 4516 3611 4579 Υἱός
3632 4531 3778 4583 μου,

501 4607 685 4651 autem
750 4596 992 4651 hominis
1054 4598 1228 4663 dixit,
1287 4606 1345 4652 ut
1406 4613 1500 4653 eos
1578 4599 1930 4655 convinceret
1991 4601 2086 4671 qui

500 4689 708 4744 Christi
780 4704 1002 4744 carnem
1052 4705 1293 4759 superne
1348 4690 1703 4746 descendisse
1749 4699 2009 4747 asserunt
2068 4708 2084 4744 :

501 4798 610 4852 qua
646 4784 861 4836 ratione
888 4782 1006 4851 ipse
1036 4784 1200 4837 etiam
1238 4781 1502 4837 Dominus
1530 4782 1676 4852 apud
1717 4784 2088 4854 evangelistas

501 4890 879 4944 smpenumero
901 4874 1099 4928 Filium
1123 4875 1365 4931 hominis
1385 4891 1445 4931 se
1469 4876 1708 4946 appellat
1734 4893 1747 4928 :
1769 4875 2087 4946 signiﬁcans

500 4968 647 5037 quod
683 4983 745 5019 ex
780 4968 1035 5035 virginali
1075 4976 1254 5032 utero,
1309 4976 1475 5038 atque
1501 4982 1567 5020 ex
1601 4966 1914 5036 purissimis
1938 4967 2084 5021 illius

500 5060 865 5128 sanguinibus
898 5063 1013 5131 ipse
1058 5061 1163 5115 sibi
1200 5060 1463 5130 templum
1495 5060 1883 5114 constituerat.
1914 5060 2084 5115 Filius

499 5153 647 5207 enim
701 5153 941 5208 hominis
971 5155 1017 5207 is
1051 5169 1181 5208 vere
1238 5154 1463 5218 dicitur,
1504 5152 1599 5222 qui
1636 5151 1882 5208 mulieris
1911 5168 1994 5208 εει
2024 5154 2085 5207 li-

503 5244 635 5298 lius.
664 5241 797 5297 Nam
825 5252 878 5297 et
910 5246 1110 5299 mulier
1143 5260 1271 5298 vere
1300 5245 1463 5299 homo
1495 5251 1598 5298 est.
1630 5240 1885 5297 Visitavit
1907 5252 2091 5297 autem

504 5335 655 5389 illuttt
695 5335 859 5399 Deus,
884 5334 1043 5405 juxta
1070 5335 1218 5405 quod
1253 5335 1380 5389 alibi
1426 5335 1658 5405 legimus
1690 5350 1703 5387 :
1738 5332 2090 5389 Providebam

502 5423 791 5477 Dominum
816 5426 869 5477 in
906 5434 1186 5493 conspectu
1220 5440 1330 5478 meo
1362 5438 1586 5492 semper,
1620 5424 1869 5496 quoniam
1898 5442 1929 5478 a
1957 5426 2091 5480 dex-

582 5597 627 5628 ⁸⁸
659 5597 844 5651 Gcn.t
903 5599 996 5652 28.
1080 5599 1126 5632 "
1162 5597 1302 5655 Ibid.
1388 5600 1435 5632 ⁸⁸
1456 5550 1665 5659 Μιιιιιι.⁸
1695 5617 1754 5659 ιιι
1811 5603 1903 5659 17.

2189 4605 2223 4656 ό
2256 4604 2590 4673 ἀγαπητός.
2642 4606 2773 4660 Υἱὸν
2820 4607 2876 4661 δὲ
2908 4608 3200 4678 ἀνθρώπου
3254 4609 3445 4662 τοῦτον
3488 4607 3776 4672 ἐκάλεσεν,

2193 4697 2282 4751 ἵνα
2325 4699 2513 4772 παύσῃ
2562 4701 2691 4766 τοὺς
2743 4702 3175 4773 δογματίζοντας
3213 4703 3424 4758 ἄνωθεν
3462 4717 3779 4768 σννεπαγα-

2189 4791 2385 4859 γέσθαι
2418 4795 2515 4864 τὴν
2538 4794 2741 4865 σάρκα.
2771 4795 2864 4848 Διὸ
2891 4795 2987 4850 καὶ
3015 4795 3179 4859 αὐτὸς
3196 4797 3254 4848 ὲν
3279 4797 3391 4858 τοῖς
3419 4793 3780 4862 Εὐαγγελίοις

2194 4884 2465 4954 πολλαχοῦ
2497 4885 2658 4939 τοῦτο
2691 4887 2884 4941 ἑαυτὸν
2912 4887 3192 4958 ὀνομάζει,
3222 4887 3424 4958 δηλῶν,
3459 4885 3534 4948 ὡς
3563 4888 3629 4939 ἐκ
3666 4884 3779 4938 τῶν

2193 4974 2547 5042 παρθενικῶν
2604 4980 2701 5030 καὶ
2755 4979 3046 5048 ἀχράντων
3092 4979 3340 5049 αἱμάτων
3383 4978 3626 5049 ἐπήξατο
3648 4975 3778 5029 ναὸν

2195 5065 2398 5135 ἑαυτῷ.
2441 5068 2572 5128 Υἱὸς
2612 5068 2667 5121 δὲ
2695 5069 2999 5141 ἁνϐρώπουη
3018 5073 3114 5125 καὶ
3145 5073 3174 5125 ὁ
3197 5074 3264 5125 ὲκ
3284 5070 3548 5140 γυναικός
3568 5085 3580 5099 ·
3617 5069 3711 5121 καὶ
3741 5069 3779 5139 ἡ

2191 5157 2330 5226 γυνὴ
2358 5158 2486 5230 γὰρ,
2514 5160 2822 5233 ἄνθρωπος,
2865 5161 3204 5235 Ἐπισκέπτῃ
3234 5163 3291 5217 δὲ
3317 5163 3499 5227 αὐτὸν,
3529 5163 3780 5228 ὅτιΠροο

2192 5249 2465 5319 ωρώμην,
2495 5254 2651 5323 φησι,
2684 5255 2795 5308 τὸν
2825 5257 3048 5323 Κύριον
3076 5256 3334 5310 ἐνώπιόν
3355 5273 3476 5324 μου
3499 5253 3596 5307 διὰ
3624 5269 3780 5307 παν-

2192 5342 2319 5407 τὸς,
2354 5342 2445 5395 ὅτι
2473 5344 2543 5398 ἐκ
2569 5344 2789 5409 δεξιῶν
2817 5364 2939 5416 μου
2960 5348 3154 5402 ἐστίν.
3190 5376 3259 5388 -—
3294 5344 3682 5410 Ἠλάττωσας
3705 5342 3779 5395 δὲ

2193 5433 2375 5487 αὐτὸν
2398 5436 2603 5507 ,βραχύ
2637 5455 2689 5491 τι
2716 5442 2853 5509 παρ’
2884 5440 3205 5511 ἀγγέλους,
3244 5439 3334 5493 διὰ
3367 5438 3429 5493 τὸ
3459 5438 3649 5509 πεινᾷν
3676 5436 3776 5489 καὶ

1818 5700 2019 5763 Varia:
2079 5702 2383 5791 lectiones

577 5795 691 5858 (45)
714 5792 1045 5851 Redundare
1071 5793 1285 5849 videtur
1318 5796 1378 5849 τδ
1408 5798 1459 5852 ἆ.
