4146 6438
400 389 514 457 137

1581 384 1971 445 COMMENT.
2017 386 2099 445 IN
2142 385 2500 447 PSALMOS.

3586 384 3689 452 133

396 502 592 573 διψᾷι,
623 499 715 553 καὶ
738 499 850 562 τοῖς
886 495 1239 569 ἁδιαϐλήτοις
1268 495 1363 549 τοῦ
1400 492 1650 567 σώματος
1676 492 2003 548 ὑποκεῖσθαι

2108 495 2209 550 tris
2251 504 2329 550 est
2380 495 2509 549 mihi
2581 512 2643 549 ne
2694 511 3023 550 commoveor
3070 494 3115 529 ἠ
3169 536 3184 550 .
3217 493 3373 562 Quod
3404 512 3532 552 vero
3568 500 3685 555 ait:

398 596 663 650 πάθεσιν.
709 591 1183 661 Ἐστεφάνωσας
1213 589 1268 644 δὲ
1305 589 1515 653 αὐτὸν,
1549 589 1829 643 τουτέστιν
1876 590 1997 643 tito-

403 702 630 759 σμησας
652 701 667 714 ο
691 683 843 751 δόξῃ
875 683 1000 753 μὲν,
1026 685 1092 754 τῇ
1113 681 1351 751 θεότητι·
1382 679 1521 751 τιμῇ
1549 680 1607 733 δὲ
1631 681 1698 752 τῇ
1719 679 1873 752 παρὰ
1894 680 2003 734 τῶν

399 776 697 845 ἀγγέλων·
729 772 1011 843 πολλαχοῦ
1045 772 1155 845 γὰρ
1193 771 1555 844 ἐδορυφόρουν
1594 771 1764 843 αὐτῷ.
1796 772 1867 825 Ἢ
1909 771 2005 827 καὶ

402 868 701 940 ἀμφότερα
755 867 910 938 παρὰ
966 865 1079 919 τῶν
1124 862 1470 936 ἀνθρώπων·
1524 863 1658 917 Θεόν
1679 881 1741 917 τε
1780 862 1892 936 γὰρ
1953 865 2003 917 ot

405 960 767 1023 πιστεύοντες
800 960 1010 1027 Ελεγον,
1044 958 1139 1012 καὶ
1161 956 1522 1021 πανευλαϐὦς
1548 958 1775 1028 ἐτίμων.
1803 956 2007 1011 Πάντα

413 1055 480 1108 δὲ
519 1054 856 1120 ὑπέταξας,
897 1053 973 1117 ὡς
1004 1052 1112 1123 νέῳ
1155 1050 1347 1123 Ἀδὰμ,
1379 1050 1440 1104 τὺ
1466 1048 1588 1105 κατ’
1616 1051 1802 1103 εἰκόνα
1834 1049 2007 1120 φυλά-

407 1148 592 1213 ξαντι.
614 1147 768 1199 Κατὰ
791 1146 848 1199 δὲ
876 1146 968 1199 τὸν
986 1148 1083 1217 τῆς
1101 1145 1395 1215 ἀναγωγῆς
1407 1144 1586 1213 λόγον,
1608 1143 1856 1214 πρόϐατα
1880 1143 2006 1216 μὲν,
2047 1130 2055 1141 ’

403 1244 460 1294 οἱ
486 1241 547 1305 ἐξ
582 1238 753 1293 ἐθνῶν
784 1237 1239 1303 πεπιστευκότες,
1271 1235 1366 1300 οὒς
1388 1235 1481 1289 ἐπὶ
1505 1235 1575 1289 τὰ
1618 1236 1719 1307 δρη
1753 1235 1847 1288 καὶ
1878 1233 2006 1298 τοὺς

408 1333 643 1403 βουνοὺς
676 1330 1136 1402 πεπλανημένους
1152 1327 1351 1400 εὑρὼν,
1382 1329 1464 1392 εἰς
1509 1328 1610 1401 τὴν
1644 1326 1839 1381 ἑαυτοῦ
1878 1343 2005 1382 συν-

406 1431 596 1498 ήγαγε
656 1427 932 1497 μάνδρανο
1001 1425 1127 1495 βόες
1181 1422 1261 1491 δὲ,
1300 1425 1352 1477 οἱ
1391 1422 1664 1489 Ἰουδαῖοι,
1709 1422 1799 1476 τὸν
1831 1420 2005 1492 βαρὺν

407 1520 670 1579 ἕλκοντες
695 1516 790 1569 τοῦ
821 1515 987 1587 νόμου
1022 1515 1187 1584 ζυγόν
1212 1533 1226 1547 ·
1263 1516 1435 1584 κτήνη
1465 1512 1524 1566 δὲ
1549 1511 1645 1565 τοῦ
1704 1512 1913 1577 πεδίου,
1954 1512 2005 1564 οἱ
2026 1550 2039 1559 .

411 1612 558 1679 μήτε
609 1606 702 1659 τοῦ
733 1606 975 1669 Μωσέως
1024 1606 1189 1676 νόμον
1240 1604 1552 1675 δεξάμενοι,
1600 1605 1738 1674 μήτε
1776 1602 1870 1656 τὸν
1906 1603 2006 1674 τῆς

406 1701 665 1771 χάριτος,
721 1698 835 1750 ἀλλ’
871 1696 1413 1768 είδωλολατροῦντες,
1462 1697 1522 1750 ἐν
1552 1697 1618 1766 τῇ
1666 1693 1876 1749 πεδιάδι
1908 1696 2005 1749 καὶ

407 1791 800 1865 χθαμαλὸτητι
846 1791 955 1843 τῶν
1014 1790 1222 1859 ἡδονῶν
1260 1789 1355 1842 τοῦ
1401 1788 1517 1859 βίου
1551 1788 1889 1861 βαδίζοντες,
1924 1786 2005 1859 τῷ

412 1888 491 1957 μὴ
517 1884 787 1938 δύνασθαι
815 1883 1068 1937 ἀναθὲειν
1086 1885 1166 1946 εἰς
1194 1881 1330 1952 ὕψος
1366 1882 1623 1952 θεωρίας.
1652 1881 1883 1936 Πετεινὰ
1906 1882 2009 1952 μὲν
2039 1865 2083 1924 Β

406 1976 673 2047 oft-pavet"),
705 1977 753 2027 ot
788 1974 1050 2043 ἄγγελοι·
1089 1975 1272 2045 ἰχθύες
1299 1974 1356 2027 δὲ
1392 1972 1694 2044 Θαλάσσης,
1730 1974 1779 2026 οἱ
1818 1973 2006 2044 δαίμο-

406 2088 522 2134 νες,
560 2072 674 2133 τοῖς
707 2068 948 2138 κύμασιν
985 2066 1384 2138 ὲνσκιρτῶντες
1422 2065 1520 2119 τοῦ
1583 2065 1723 2136 βίου,
1745 2065 1841 2119 καὶ
1868 2065 2007 2119 ἀπο-

412 2163 624 2227 ζῶντες
681 2164 819 2231 τῇ...
873 2160 984 2233 (44)
1031 2159 1141 2213 τῶν
1188 2158 1443 2229 πονηρῶν
1503 2157 1662 2229 ἡμῶν
1699 2158 2001 2226 πράξεων⁸

417 2256 619 2316 πάντες
647 2254 757 2323 γὰρ
801 2252 1029 2323 ὕστερον
1071 2250 1516 2321 ὑποταγήσονται
1545 2249 1623 2319 τῷ
1649 2249 1892 2321 Χριστῷ,
1926 2249 2005 2302 ὅτι

374 2325 385 2339 ’
427 2348 579 2417 αξιτῷ
617 2350 720 2401 πᾶν
747 2347 877 2414 γόνυ
907 2346 1142 2415 κάμψει,
1175 2344 1539 2415 ἐπουρανίων,
1574 2342 1674 2396 καὶ
1722 2344 2005 2413 ἐπιγείων,

430 2442 523 2490 καὶ
552 2438 934 2508 καταχθονίων.
964 2438 1081 2490 Ούκ
1126 2436 1356 2507 ἄκαιρον
1377 2436 1435 2490 δὲ
1459 2438 1555 2490 καί⁵
1577 2435 1863 2506 γλαφυράν
1884 2452 2008 2489 τινα

422 2534 750 2602 παραθεῖναι
782 2532 1049 2603 ἐξήγησιν
1070 2547 1085 2561 ⁸
1116 2531 1281 2584 ὅτιτὸ
1310 2529 1716 2595 Ἠλάττωσας,
1757 2530 1818 2583 ού
1855 2530 2009 2601 παρὰ

414 2629 546 2687 τοὺς
602 2625 869 2695 ἀγγέλους
913 2625 1156 2693 λέγεται,
1206 2622 1347 2677 ἀλλὰ
1378 2623 1515 2695 πρὸς
1554 2622 1656 2694 τὴν
1709 2622 1871 2687 δόξαν
1908 2621 2006 2676 τοῦ

415 2717 658 2787 Πατρός.
713 2716 872 2770 Οὕτω
904 2716 1015 2787 γὰρ
1049 2715 1458 2784 ἀναγνωστέον·
1505 2714 2008 2781 Ἠλάττωσαςαὺ-

414 2810 749 2879 τὸνβραχύ
786 2822 867 2875 τι,
907 2809 1004 2862 τοῦ
1044 2808 1140 2862 σοῦ
1185 2807 1389 2879 δηλαδὴ
1416 2806 1752 2879 ἀξιώματος,
1791 2806 1881 2861 διὰ
1907 2807 2009 2879 τὴν

405 2906 515 2977 τῆς
544 2907 749 2974 σαρκὸς
780 2905 944 2973 φύσιν
968 2920 983 2935 ο
1012 2899 1134 2958 εἶτα
1156 2902 1216 2957 τὸ
1230 2902 1375 2972 ἑξῆς,
1396 2901 1840 2972 παρ’ἁγτέλους
1860 2900 2011 2970 δόξᾳ

407 3001 511 3054 καί
530 2999 671 3070 τιμῇ
688 2999 1119 3068 ἐστεφάνωσας
1134 2999 1343 3065 αὐτὸν,
1368 3000 1537 3069 ήγουν
1557 2999 1647 3050 ἐπὶ
1670 2996 1873 3050 πλεῖον.
1899 2996 2011 3051 Οὗ-

358 3090 383 3115 ‘
408 3094 529 3157 δεὶς
555 3092 668 3163 γὰρ
697 3095 949 3162 ἀγγέλων
979 3092 1012 3164 ἢ
1044 3092 1105 3146 τὸ
1126 3092 1267 3146 θεῖον
1284 3092 1478 3147 ἐλαϐεν
1499 3090 1695 3162 ὄνομα,
1719 3089 1755 3162 ἢ
1779 3084 2012 3161 δορυφο-

410 3187 544 3257 ρίας
577 3185 834 3258 τοιαύτης
882 3186 1175 3257 τετύχηκε.
1268 3223 1287 3240 .

2111 586 2359 642 Minuisti
2401 604 2520 642 eum
2578 588 2842 642 modicum
2884 589 3012 659 quid
3065 588 3129 642 ab
3189 590 3424 660 angelis,
3482 605 3546 645 ea
3601 606 3692 646 ra-

2111 679 2259 736 tione
2338 678 2545 735 dictum
2607 689 2740 745 est,
2802 681 2931 751 quia
2991 687 3047 736 et
3093 682 3293 736 famem
3374 682 3691 752 patiebatur

2104 770 2392 839 Christus,
2437 781 2493 826 et
2534 771 2707 836 sitim,
2762 780 2818 827 et
2865 772 3094 843 reliquis
3138 772 3398 829 omnibus
3437 774 3690 846 corporis

2108 863 2485 932 passionibus,
2502 873 2669 935 atque
2692 861 2981 920 aﬂectibus
3010 865 3353 936 subiacebat,
3377 869 3472 939 qui
3503 884 3690 940 repre-

2110 952 2411 1010 hensibiles
2445 969 2556 1010 non
2583 962 2737 1010 sunt.
2777 953 3069 1011 Coronasti
3115 967 3296 1015 autem
3320 973 3463 1026 cum,
3486 960 3590 1015 hoe
3606 970 3693 1017 est

2109 1049 2343 1115 ornasti,
2379 1049 2549 1119 gloria
2578 1047 2821 1120 quidem,
2874 1049 3180 1107 divinitatis
3214 1068 3229 1109 :
3262 1052 3461 1108 honore
3486 1064 3689 1120 autem,

2108 1157 2270 1213 quem
2301 1143 2479 1213 angeli
2527 1143 2579 1198 ei
2636 1145 2996 1215 praestabant.
3048 1144 3204 1215 Saepe
3233 1149 3382 1201 enim
3415 1148 3695 1201 ministra-

2108 1232 2243 1289 bant
2271 1233 2343 1289 ei.
2395 1231 2491 1288 Vel
2548 1235 2713 1289 etiam
2742 1237 2870 1306 quia
2909 1248 3204 1305 utrumque
3236 1236 3306 1292 ab
3371 1236 3689 1292 hominibus

2108 1326 2159 1382 ei
2218 1326 2627 1397 praestabatur,
2686 1327 2815 1398 quia
2871 1327 3158 1383 credentes
3217 1328 3269 1382 in
3315 1344 3467 1395 eunti,
3523 1329 3690 1384 Deum

2109 1419 2481 1490 appellabant,
2503 1428 2556 1474 et
2589 1420 3003 1492 religiosissime
3030 1422 3462 1477 venerabantur.
3492 1423 3693 1480 Omnia

2108 1526 2373 1583 praeterea
2427 1512 2664 1582 subjecit
2731 1512 2874 1569 Deus
2915 1516 3018 1569 sub
3055 1514 3286 1585 pedibus
3339 1517 3482 1585 ejus,
3524 1516 3694 1572 veluti

2111 1620 2256 1661 novo
2308 1606 2506 1671 Adam,
2560 1606 2653 1677 qui
2713 1606 3008 1676 imaginem
3044 1616 3099 1662 et
3138 1607 3551 1663 similitudinem
3600 1609 3693 1665 Dei

2109 1715 2237 1756 vere
2291 1700 2550 1755 servavit;
2624 1688 2790 1754 Juxta
2848 1715 3173 1772 anagogem,
3220 1716 3353 1758 oves
3397 1702 3433 1757 ii
3480 1704 3694 1759 dicendi

2110 1801 2241 1847 sunt
2271 1794 2364 1863 qui
2383 1809 2448 1849 ex
2479 1794 2732 1862 gentibus
2761 1793 3145 1848 crediderunt:
3177 1810 3317 1865 quos
3354 1798 3408 1850 in
3439 1796 3693 1860 collibus,

2110 1896 2167 1943 et
2208 1888 2490 1945 montibus
2517 1898 2768 1944 errantes
2807 1888 3063 1944 Chrisms
3088 1890 3317 1944 invenit.
3349 1900 3403 1945 ct
3433 1891 3498 1945 ad
3532 1906 3692 1944 suum

2112 1980 2259 2036 ovile
2299 1981 2677 2051 congregavit.
2720 1978 2893 2035 Boves
2938 1996 3090 2048 vero,
3131 1980 3303 2036 Judaei
3344 1990 3497 2047 sunt,
3531 1997 3697 2053 grave

2108 2073 2314 2128 veteris
2343 2073 2479 2143 legis
2509 2074 2702 2143 jugum
2735 2071 3039 2127 trahentes.
3084 2070 3153 2124 Et
3196 2088 3397 2142 pecora
3430 2074 3607 2143 campi
3635 2073 3693 2138 ii,

2108 2165 2203 2235 qui
2233 2179 2335 2219 nec.
2385 2162 2556 2236 Moysi
2589 2178 2689 2219 nec
2718 2163 2908 2234 gratiae
2953 2164 3124 2233 legem
3172 2175 3557 2235 susceperunt,
3600 2169 3694 2220 sed

2110 2258 2255 2312 idola
2291 2258 2535 2313 colentes
2592 2258 2645 2311 itt
2696 2258 2992 2328 campestri
3019 2257 3350 2322 humilitate,
3383 2272 3447 2312 ac
3481 2270 3695 2313 terrena

2110 2351 2419 2422 dejectione
2467 2352 2811 2420 voluptatum
2846 2350 3134 2422 praesentis
3188 2352 3317 2406 vita:
3345 2352 3470 2407 ideo
3507 2354 3700 2406 ambu-

2110 2445 2264 2507 lant,
2317 2444 2446 2514 quia
2517 2442 2997 2513 contemplationis
3061 2442 3457 2497 sublimitatem
3518 2444 3697 2499 susci-

2112 2553 2241 2608 pere
2268 2543 2572 2607 nequeunt,
2599 2535 2696 2591 sed
2728 2535 2887 2606 juxta
2916 2550 3037 2590 eam
3056 2549 3220 2605 quam
3250 2537 3488 2591 diximus
3523 2535 3697 2591 Graeci

2113 2630 2350 2685 nominis
2384 2629 2793 2701 etymologiam,
2827 2618 2986 2699 quasi
3035 2643 3236 2699 pecora
3283 2631 3441 2700 proni
3495 2630 3549 2683 in
3589 2637 3701 2683 ter-

2111 2740 2251 2791 ram,
2290 2724 2636 2795 inspiciunt.
2676 2723 2945 2778 Volucres
2986 2724 3153 2778 etiam
3202 2723 3326 2777 εωὶί
3364 2739 3461 2794 pro
3491 2724 3701 2793 angelis

2112 2814 2289 2885 accipi
2336 2823 2615 2884 possunt:
2651 2823 2705 2870 et
2747 2815 2928 2885 pisces
2980 2814 3152 2868 maris
3189 2828 3289 2885 pro
3322 2814 3699 2869 daemonibus:

2113 2909 2209 2980 qui
2250 2909 2389 2963 inter
2415 2908 2614 2962 ﬂuctus
2651 2908 2936 2976 prmsentis
2963 2906 3421 2969 vitaesubsiliunt,
3457 2914 3619 2976 atque
3646 2907 3701 2960 in

2114 3016 2302 3055 amara
2328 3016 2618 3070 pravarum
2650 3001 2929 3054 actionum
2953 3001 3144 3054 vivunt
3174 2999 3471 3070 salsugine.
3492 2996 3702 3053 Omnes

2114 3094 2259 3149 enim
2308 3092 2530 3149 Christo
2583 3093 2804 3147 tandem
2873 3092 3262 3161 subjicientur,
3328 3093 3587 3162 quoniam
3622 3092 3701 3146 illi

2114 3204 2279 3244 Omne
2338 3204 2479 3259 genu
2526 3186 2798 3251 ﬂectetur,
2843 3186 3178 3251 caelestium,
3247 3186 3590 3240 terrestrium
3646 3194 3703 3240 et

2117 3279 2489 3334 infernorum.
2542 3277 2846 3331 Possumus
2898 3275 3063 3330 etiam
3112 3290 3220 3329 non
3266 3276 3532 3345 ingratam
3561 3290 3703 3345 quo-

2116 3370 2369 3424 rumdam
2435 3368 2840 3438 expositionem
2904 3367 3423 3437 recenserezquod
3491 3369 3704 3424 scilicet

2116 3464 2209 3518 illa
2238 3462 2400 3516 verba
2433 3480 2445 3516 :
2474 3460 2853 3514 Minuistieum
2891 3459 3157 3511 modicum
3184 3458 3331 3528 quid,
3369 3476 3477 3514 non
3509 3459 3574 3513 ad
3604 3477 3703 3515 an-

2113 3557 2265 3628 gelos
2315 3553 2604 3609 referenda
2643 3552 2776 3617 sint,
2810 3549 2905 3605 sed
2953 3550 3019 3604 ad
3056 3549 3286 3620 gloriam
3331 3548 3423 3605 Dei
3474 3549 3657 3608 Patris
3685 3595 3699 3617 ,

2115 3660 2281 3720 atque
2312 3649 2415 3703 hoc
2448 3655 2605 3717 pacto
2648 3646 2958 3714 legendum,
2998 3641 3245 3700 Minuisti
3278 3660 3429 3711 cum,
3453 3661 3485 3700 ο
3518 3647 3698 3712 Pater,

2113 3742 2391 3797 modicum
2448 3738 2639 3809 quida
2691 3749 2783 3791 tua
2836 3736 3098 3790 nimirum
3159 3736 3426 3807 dignitate
3476 3750 3701 3807 propter

2113 3833 2302 3889 carnis
2327 3842 2618 3899 naturam;
2650 3837 2852 3898 etquae
2880 3838 3186 3898 sequuntur
3208 3844 3306 3898 per
3337 3845 3395 3883 se
3425 3829 3698 3897 legantur.

1993 3965 2008 3982 .
2110 3927 2216 3981 Sed
2254 3924 2510 3993 quoniam
2554 3922 2701 3991 quod
2746 3918 2939 3975 Latine
2987 3920 3219 3987 legimus
3255 3925 3318 3973 ab
3360 3920 3581 3990 angelis,
3644 3921 3698 3974 in

2110 4019 2300 4074 Graeco
2319 4016 2513 4087 legitur
2531 4013 2664 4085 παρ’
2685 4013 2975 4082 ἀγγέλους,
2995 4028 3114 4081 qua:
3138 4012 3297 4066 verba
3323 4012 3463 4065 ultra
3476 4027 3698 4067 sensum

1992 4149 2009 4167 .
2107 4114 2220 4182 jam
2257 4109 2553 4171 redditum,
2588 4106 2729 4159 idem
2765 4105 2931 4157 etiam
2970 4103 3303 4173 signiﬁcant,
3351 4103 3495 4173 quod
3533 4118 3699 4173 supra

2113 4206 2341 4275 angelos
2373 4218 2387 4255 :
2427 4199 2666 4269 intellige
2697 4197 2841 4266 quod
2871 4196 3041 4267 gloria
3070 4206 3121 4250 et
3151 4196 3361 4249 honore
3393 4210 3516 4248 cum
3558 4194 3699 4248 Deus

2115 4312 2283 4368 supra
2326 4293 2552 4365 angelos
2579 4291 2867 4346 coronavit
2900 4306 2913 4341 :
2963 4289 3067 4343 hoc
3097 4299 3180 4342 est
3204 4289 3497 4358 plusquam
3533 4302 3701 4358 ange-

2115 4391 2293 4445 lorum
2319 4389 2582 4457 aliqucm.
2618 4383 2814 4438 Nullus
2856 4382 3056 4452 quippe
3085 4381 3423 4453 angelorum,
3460 4388 3555 4434 aut
3582 4378 3702 4433 itu-

401 4489 661 4557 jusmodi
697 4489 789 4543 Dei
822 4505 1025 4545 noinen
1061 4500 1397 4547 consecutus
1438 4498 1547 4558 est,
1576 4498 1671 4545 aut
1712 4489 1821 4545 tale
1870 4488 2102 4543 sortitus
2136 4481 2529 4539 ministerium.
2564 4476 2957 4532 Verumtamen
3019 4475 3206 4529 dicunt
3275 4474 3432 4527 nobis
3498 4470 3696 4537 Juda-i,

408 4584 645 4652 quando
690 4584 931 4640 infantes
974 4590 1032 4637 et
1076 4582 1347 4640 lactentes
1376 4584 1533 4654 pueri
1593 4583 1812 4638 laudem
1868 4586 2017 4637 hanc
2057 4578 2318 4641 dixctint,
2346 4576 2412 4630 de
2442 4587 2546 4641 qua
2574 4585 2717 4625 none
2745 4570 2986 4639 loquitur
3015 4565 3333 4637 Propheta},
3400 4574 3454 4621 et
3507 4582 3697 4635 quem-

407 4695 540 4734 nam
600 4678 882 4733 inimicum
941 4676 1255 4746 hujusmodi
1306 4678 1426 4732 laus
1469 4676 1847 4731 destruxerit:
1889 4689 1998 4744 quo
2038 4674 2200 4728 etiam
2235 4670 2373 4724 dixit
2436 4668 2629 4723 boatu;
2692 4665 2862 4719 David
2901 4680 2913 4715 :
2961 4661 3157 4719 Videbo
3179 4661 3334 4715 cae!os
3363 4676 3521 4730 opera
3555 4660 3696 4731 digi-

410 4787 595 4831 torum
618 4787 853 4841 tuorum,
905 4791 1028 4830 cum
1057 4775 1169 4845 jam
1209 4772 1422 4844 Moyses
1446 4773 1514 4827 de
1549 4773 1635 4828 his
1675 4771 1957 4828 docuisset
1994 4788 2007 4823 :
2046 4768 2113 4822 In
2143 4767 2402 4839 principio
2422 4765 2587 4828 enim,
2609 4762 2808 4835 inquit,
2832 4760 2957 4829 fecit
2972 4758 3113 4812 Deus
3131 4757 3317 4811 carlum
3336 4766 3625 4811 etterrnm.

486 4875 678 4941 Κύριε
712 4875 742 4925 ὁ
772 4872 993 4940 Κύριος
1021 4869 1209 4940 ἡμῶν,
1231 4871 1312 4937 ὡς
1336 4869 1692 4939 θαυμαστόν
1723 4867 1790 4920 τὸ
1817 4864 2004 4935 ὄνομά

2179 4862 2349 4920 Vens.
2383 4862 2469 4916 10.
2495 4859 2716 4913 Domine
2753 4856 3009 4911 Dominus
3034 4862 3231 4919 noster,
3260 4867 3418 4922 quam
3460 4851 3701 4906 admirav

408 4983 532 5020 σου
567 4963 823 5033 ὲνπὰση
858 4962 930 5033 τῇ
969 4961 1045 5031 γῇ
1078 4963 1098 5015 !
1138 4963 1292 5016 Ἐπεὶ
1319 4963 1428 5032 γὰρ
1461 4965 1489 5016 ὁ
1519 4960 1733 5032 ψαλμδς
1772 4951 1926 5021 οὗτος
1952 4957 2011 5010 τὸ

2120 4960 2219 5014 bile
2249 4968 2325 5012 est
2369 4970 2557 5010 nomen
2586 4962 2733 5007 tuum
2760 4952 2814 5005 in
2842 4951 3086 5003 universa
3112 4958 3275 5002 terra.
3304 4944 3573 5011 Quoniam
3610 4944 3700 4998 hic

410 5058 560 5106 κατᾶ
596 5058 827 5121 Χριστὸν
878 5056 1138 5127 προλέγει
1168 5059 1495 5127 μυστήριον,
1526 5058 1555 5109 ὁ
1596 5056 1653 5110 δὲ
1684 5054 1920 5126 Χριστὸς
1950 5051 2010 5116 ἐξ

408 5148 473 5200 οὗ
483 5141 649 5215 ρανοῦ
667 5149 1031 5218 καταϐέϐηκε,
1061 5148 1153 5201 καὶ
1171 5148 1325 5213 αὖθις
1343 5150 1479 5219 πρὸς
1496 5148 1659 5202 αὐτὸν
1671 5146 2015 5215 ἀναϐέϐηκεν

408 5240 613 5305 ὥσπερ
651 5240 709 5290 ἓν
758 5238 943 5308 κύκλῳ
991 5242 1104 5311 (ιε)
1167 5244 1409 5313 σχήματι
1455 5242 1591 5310 πρὸς
1609 5242 1709 5309 τὴν
1728 5239 2012 5311 Πατρικὴν

407 5336 571 5399 5651-:
602 5333 1016 5397 ἀποκαταστέις,
1032 5334 1121 5388 διὰ
1152 5336 1322 5389 ταῦτα
1342 5336 1438 5389 καὶ
1458 5339 1485 5389 ὁ
1500 5336 1713 5406 ψαλμὸς
1734 5334 2013 5397 κυκλικῶς

482 5533 711 5586 "Pani.
766 5548 853 5590 xv.
911 5530 968 5588 8.

2118 5052 2366 5122 psalmus
2424 5046 2628 5101 Christi
2685 5042 2931 5113 prmdicit
2980 5040 3327 5110 mysterium,
3376 5036 3528 5107 quie
3558 5036 3701 5090 creto

2119 5142 2424 5206 descendit,
2445 5152 2497 5193 et
2529 5152 2722 5193 rursus
2745 5137 2799 5190 in
2825 5135 3024 5190 cretum
3048 5132 3116 5187 ad
3147 5131 3433 5185 Paternam
3468 5126 3698 5195 gloriam

2120 5236 2392 5299 ascendit,
2425 5243 2481 5287 et
2514 5229 2771 5287 circulari
2798 5226 3035 5299 quodam
3057 5232 3208 5280 motu
3242 5221 3395 5274 illine
3426 5216 3572 5272 unde
3602 5229 3700 5270 ve-

2117 5337 2275 5384 nerat
2307 5342 2558 5382 reversus
2582 5332 2686 5389 est,
2713 5322 2909 5378 merito
2938 5319 3100 5375 etiam
3132 5316 3221 5369 hic
3243 5309 3496 5366 Psalmus
3514 5304 3611 5400 qui
3630 5304 3699 5362 de

1743 5667 1941 5731 Variae
1969 5669 2301 5732 lectiones.

471 5819 592 5893 (Η.)
628 5818 837 5887 δυβρ¹⁴ε
870 5813 1237 5883 ἀῖ-μυράτητι,
1267 5824 1326 5869 ιιι
1354 5817 1555 5885 legisse
1590 5818 1803 5875 videtur
1849 5820 2000 5878 Lati.

398 5911 507 5952 nus
546 5902 851 5960 ttttvrpres.

702 5988 992 6047 ι’Λτιιυῐ..
1027 5980 1141 6038 Gn.
1172 5980 1478 6045 CXXVIII.

2186 5822 2298 5887 μδ)
2325 5821 2411 5874 το..
2430 5815 2724 5885 ἐγκυκὶίῳ,
2748 5825 2803 5868 ut
2826 5812 3020 5885 legisse
3039 5811 3253 5871 videtur
3280 5811 3445 5870 etiam
3472 5811 3698 5886 Saulus,

2126 5896 2206 5948 vel
2238 5894 2418 5947 scribe
2452 5889 2676 5941 κύκλου.
3054 5926 3055 5929 η

3186 5979 3220 6037 5
