4146 6492
479 441 582 510 181

468 575 634 630 μενος
661 575 678 587 '
735 575 994 618 επιτασις
1041 575 1101 606 οε
1147 575 1247 621 ’ἵης
1271 575 1614 620 ευφρυυυνης
1659 575 1687 617 ξι
1729 575 2054 613 αγυυιωυιυιι,

464 650 549 716 ὥς
579 648 674 704 καὶ
704 647 803 718 τὴν
832 646 1068 718 καρδίαν
1099 645 1207 698 ὑπὸ
1239 643 1339 711 τῆς
1371 643 1512 709 ἄγαν
1569 638 1832 712 ἀλλενσθαι
1855 639 2054 710 ναράς.

548 915 731 973 fuit?)
772 913 853 982 τῷ
877 913 1130 984 ὀνόματί
1159 924 1301 972 σου,
1332 907 1604 977 "rerum.
1629 903 1791 966 Ἔοος
1817 897 1886 972 ἦν
1942 903 2056 964 τοῖς

464 1007 751 1082 ἐρωτικῶς
768 1006 896 1078 περί
909 1021 1034 1060 τινα
1051 1001 1416 1072 διακειμένοις
1433 999 1658 1072 ᾄσματα
1677 999 1852 1050 ποιεῖν
1869 994 1946 1057 είς
1965 995 2061 1047 αὐ-

470 1102 589 1165 τὸν,
609 1101 704 1154 καὶ
719 1099 1072 1171 ψυχαγωγεῖν
1094 1094 1346 1149 ἐντεῦθεν
1365 1091 1457 1145 τὸν
1480 1090 1664 1143 πόθον.
1719 1087 1853 1142 ’Δπδ
1893 1103 2061 1157 μετασ-

465 1193 648 1262 «popa;
677 1189 769 1244 οὖν
793 1189 887 1244 τοῦ
918 1187 1167 1242 τοιούτου
1187 1184 1349 1240 διὰτὸ
1377 1180 1582 1250 Tali),
1600 1181 1691 1234 τὸν
1722 1178 2058 1248 ἐπιτεταμέ-

465 1301 563 1338 νον
617 1283 699 1346 εἰς
725 1279 858 1335 Θεὸν
916 1279 1102 1352 ἔρωτα
1152 1269 1814 1347 παρέστησενοέμφαίνει
1865 1267 1924 1322 δέ
1969 1266 2064 1323 καὶ

468 1374 687 1446 ῥυθμὸν
705 1371 1028 1444 ἐναρμόνιον
1050 1368 1136 1435 τὸ,
1180 1366 1385 1424 Ψαλῶ.
1417 1360 1879 1437 ’ᾼσομαιτοίνυν,
1906 1360 1966 1412 οὐ
1995 1361 2060 1428 τῇ

467 1468 638 1538 φύσει
670 1483 766 1519 σου
791 1482 804 1498 ·
843 1465 936 1520 καὶ
969 1464 1080 1534 γὰρ
1127 1459 1482 1530 ἀνεννόητος·
1545 1455 1684 1510 ἀλλὰ
1713 1454 1792 1524 τῷ
1833 1451 2062 1521 ὀνόματί

468 1576 595 1624 σου,
623 1558 844 1612 πλέκων
878 1555 1032 1626 αὺτῷ
1067 1553 1409 1622 κατάλληλον
1443 1551 1688 1604 ἔπαινον.

559 1819 671 1875 Ἐν
689 1816 1254 1888 τῷὰποστραφῆναι
1291 1815 1398 1870 τὸν
1428 1815 1652 1884 ἐχθρόν
1703 1831 1820 1882 μου
1872 1814 1960 1878 είς
1994 1809 2064 1863 τὰ

1623 431 2013 493 (ΣΟΜΜΕΝΤ.
2063 432 2144 492 1N
2188 427 2563 490 PSALMOS.

735 554 994 618 ἐπίτασις
1041 553 1101 606 δὲ
1147 549 1247 621 τῆς
1271 546 1616 620 εὐφροσύνης
1652 549 1687 617 ἡ
1729 545 2058 613 ἀγαλλίασις

2185 556 2352 598 rerum
2387 549 2472 595 est
2499 537 2788 594 solamen:
2826 528 3287 603 quemadmodum
3337 538 3393 582 et
3423 528 3576 582 solus
3620 527 3740 596 ipse

3637 408 3738 475 142

2161 639 2247 687 est
2271 631 2364 700 qui
2386 630 2640 684 homines
2663 626 2861 684 salvat.
2887 622 3199 677 Exsultatio
3229 635 3358 676 vero
3384 617 3557 684 major
3589 635 3738 688 qua:-

2160 722 2285 776 dam
2319 730 2402 776 est
2434 717 2637 772 laetitia:
2669 716 2936 769 intensio:
2991 726 3112 790 qua:
3159 724 3273 779 pra:
3316 707 3486 761 niinio
3538 704 3740 774 gaudio

2161 811 2420 868 subsilire
2461 809 2615 863 valde
2640 817 2804 877 atque
2826 805 3030 860 elevari
3072 818 3166 858 cor
3209 800 3363 854 facit.

2236 904 2479 960 Psallam
2505 900 2709 954 nomini
2733 911 2848 962 tuo,
2880 896 3176 949 Altissime.
3235 892 3354 947 illos
3375 899 3493 945 erat
3547 889 3614 944 iis
3648 889 3746 956 qui

2160 996 2431 1053 amatorie
2514 995 2571 1049 in
2625 993 2861 1061 aliquem
2943 988 3122 1044 allecti
3207 994 3416 1050 essent,
3503 984 3749 1038 carmina

2160 1100 2214 1146 et
2268 1099 2467 1144 cantus
2526 1088 2579 1142 in
2644 1099 2771 1140 eum
2839 1094 3193 1149 componere,
3255 1086 3422 1146 atque
3489 1076 3594 1130 hoc
3655 1090 3752 1144 pa-

2161 1192 2250 1240 cto
2274 1179 2441 1236 animi
2475 1177 2809 1234 desiderium
2837 1173 3047 1229 lenire:
3082 1167 3395 1240 hujusmodi
3433 1166 3751 1235 metaphora

2162 1271 2432 1345 propheta
2487 1284 2648 1335 usus,
2692 1265 3064 1323 intensionem
3123 1259 3331 1315 amoris
3373 1258 3456 1312 sui
3477 1258 3530 1311 in
3582 1259 3754 1311 Deum

2163 1363 2486 1426 declaravit,
2517 1362 2740 1417 dicens:
2769 1357 3015 1412 Psallam
3046 1353 3254 1410 nomini
3281 1364 3410 1407 tuo:
3445 1367 3567 1423 quae
3585 1350 3755 1404 dictio

2165 1462 2436 1516 musicum
2463 1473 2529 1512 ac
2576 1457 2909 1512 concinnum
2954 1461 3179 1509 cantum
3251 1450 3500 1506 denotat.
3549 1447 3757 1502 Canam

2167 1551 2360 1622 igitur,
2389 1548 2589 1619 inquit,
2624 1563 2734 1601 non
2761 1554 2970 1599 mutui-ae
3001 1555 3130 1606 tua),
3161 1540 3386 1612 quando
3415 1537 3638 1610 quidem
3668 1537 3758 1588 illa

2168 1644 2374 1716 percipi
2407 1659 2516 1698 non
2551 1648 2754 1712 potest,
2789 1637 2884 1694 sed
2922 1637 3135 1692 nomini
3181 1645 3300 1702 tuo,
3352 1634 3614 1690 decentes
3679 1626 3757 1686 illi

2168 1747 2401 1794 nectens
2425 1749 2490 1789 ac
2516 1732 2860 1802 complicans
2886 1728 3103 1784 laudes.

2247 1826 2414 1882 Vens.
2431 1825 2484 1878 4.
2506 1822 2640 1880 Cum
2664 1838 2944 1877 conversus
2962 1820 3126 1890 fuerit
3142 1818 3389 1872 inimicus
3403 1830 3547 1870 ineas
3565 1824 3640 1869 ret
3651 1830 3766 1869 ror-

469 1915 696 1981 ὀπίσω,
727 1911 1169 1978 ἀσθενήσουσι,
1199 1908 1298 1965 καί
1326 1907 1702 1964 ἀπολοῦνται
1724 1904 1843 1960 ἀπὸ
1873 1919 2066 1973 ,προσ-

2185 1938 2319 1986 tum,
2341 1917 2758 1988 inﬁrmabuntur
2777 1924 2826 1968 et
2845 1912 3087 1982 peribunt
3105 1927 3138 1964 a
3163 1910 3300 1978 facie
3324 1919 3434 1962 tua.
3451 1909 3766 1961 (lonnume—

477 2009 653 2062 ὡυτου
707 2010 846 2061 σου.
886 2005 1146 2076 ’Δρχεται
1183 2001 1510 2071 καταλέγειν
1540 2000 1606 2053 τὰ
1629 1999 1743 2068 εἴδη
1778 1996 1877 2060 τῆς
1905 1995 2063 2065 εὐερ-

471 2101 693 2170 γεσίας,
720 2097 865 2169 ὑπὲρ
891 2089 973 2151 ὧν
1003 2099 1038 2169 ἢ
1071 2094 1497 2167 ἐξομολόγησις·
1557 2091 1828 2161 ἐτόλμησε
1887 2089 1997 2159 γὰρ
2039 2088 2068 2140 ό

472 2192 743 2264 τύραννός
781 2207 912 2244 ποτε
936 2189 1200 2245 καὶκατὰ
1239 2186 1338 2242 τοῦ
1394 2187 1672 2256 Σωτῆρος,
1725 2183 1822 2237 καὶ
1855 2183 1930 2245 ὡς
1973 2183 2066 2234 άνο

481 2287 688 2358 θρὼπῳ
734 2282 881 2355 ψιλῷ
927 2281 1308 2356 προσέϐαλεν·
1373 2281 1499 2334 ἐπεὶ
1572 2278 1631 2333 δὲ
1688 2277 1771 2341 τὸ,
1827 2276 2067 2345 ’Ὕπαγε

492 2379 677 2431 ὀπίσω
735 2393 884 2447 μου,
961 2374 1222 2442 Σατανᾶ,
1265 2373 1520 2444 ἧκουσεν,
1544 2368 1742 2442 ᾔσθετο
1785 2369 2070 2438 δυνάμεως

495 2471 720 2540 ἀμάχου,
771 2471 868 2523 καὶ
895 2468 1012 2539 μετ’
1043 2461 1313 2537 αἰσχύνης
1344 2462 1712 2534 ὑπεχώρησεν
1734 2479 1748 2492 ·
1785 2462 2069 2530 ἀποστρα-

489 2563 679 2630 φέντος
709 2561 764 2613 δὲ
793 2559 891 2613 καὶ
915 2559 1222 2631 τραπέντος
1251 2555 1444 2620 αὐτοῦ,
1497 2555 1555 2609 ai
1579 2553 1671 2607 ὑπ’
1698 2552 1863 2606 αὐτὸν
1907 2548 2072 2605 δυνά-

486 2670 610 2722 μεις
661 2653 998 2724 ἡσθὲνησαν,
1046 2648 1145 2702 καὶ
1187 2645 1492 2712 ἀπώλοντο,
1545 2639 1658 2697 οἷόν
1716 2659 1839 2695 τινα
1893 2640 2072 2711 ψυχὴν

483 2745 840 2815 ἀξῃρημέναι
863 2742 962 2812 τὴν
979 2738 1294 2810 τυραννίδα.
1347 2735 1455 2790 Τοῦ
1474 2735 1655 2806 Ἰησοῦ
1678 2734 1794 2808 ,γὰρ
1818 2734 2073 2811 ἀναμαρ-

483 2837 649 2906 τήτου
702 2835 863 2905 μέχρι
920 2832 1154 2887 Θανάτου
1213 2829 1524 2901 μείναντος,
1571 2829 1668 2880 καὶ
1693 2826 1785 2878 τὸν
1826 2821 2074 2877 διάϐολον

484 2925 811 2986 καθελόντος
849 2923 1122 2985 ἐντεῦθεν,
1159 2922 1255 2976 καὶ
1301 2922 1678 2992 ἀμφιέσαντος
1732 2919 1882 2988 ἡμᾶς
1936 2915 2078 2969 ὅπλα

484 3016 787 3086 σωτηρίας,
823 3014 884 3068 τὸ
907 3015 1050 3068 θεῖον
1081 3013 1392 3085 βάπτισμα,
1424 3013 1518 3065 καὶ
1543 3011 1645 3080 τὴν
1679 3009 1916 3079 μελέτην
1985 3007 2079 3060 καὶ

483 3110 742 3179 φυλακὴν
781 3108 891 3159 τῶν
941 3106 1106 3160 θείων
1149 3105 1376 3175 λογίων,
1412 3103 1556 3157 κατά
1589 3103 1691 3172 τὴν
1721 3099 1920 3154 ἑαυτοῦ
1980 3115 2079 3151 πο-

483 3199 698 3254 λιτείαν
737 3199 1102 3260 ἀπολιπόντος
1129 3199 1262 3269 ἡμῖν
1291 3195 1412 3248 όδὸν
1444 3197 1522 3258 εἰς
1547 3195 1815 3262 οὐρανοὺς
1836 3192 2075 3260 ἀνάγουο

2171 2027 2295 2065 rare
2335 2008 2529 2078 incipit
2571 2005 2959 2062 beneﬁciorum
3007 2017 3206 2072 genera
3241 2041 3254 2064 ,
3287 2015 3386 2071 pro
3416 1999 3615 2068 quibus
3657 1995 3770 2052 Deo

2171 2103 2374 2172 gratias
2416 2102 2552 2170 agit.
2592 2097 2775 2153 Ausus
2802 2104 2888 2152 est
2932 2094 3230 2165 aliquando
3264 2101 3533 2164 tyrannus
3558 2091 3768 2142 daunon

2173 2194 2355 2264 ipsum
2398 2191 2564 2246 etiam
2607 2189 2975 2251 Salvatorem,
3028 2185 3198 2242 veluti
3246 2183 3454 2238 nudum
3488 2182 3767 2236 hominem

2174 2286 2438 2340 invadere
2473 2300 2489 2338 :
2532 2282 2627 2338 sed
2655 2281 2820 2337 simul
2843 2296 2906 2336 ac
2928 2279 3038 2336 dici
3065 2277 3316 2334 audivit:
3349 2275 3486 2331 Vade
3516 2285 3634 2344 post
3668 2289 3769 2334 me,

2177 2378 2384 2434 Satana
2397 2378 2468 2438 θ’.
2512 2384 2566 2431 et
2587 2373 3065 2444 inexpugnabilem
3091 2371 3238 2425 illius
3253 2369 3426 2426 sensit
3450 2367 3770 2436 potentiam,

2177 2482 2372 2540 magna
2408 2467 2591 2524 statim
2619 2480 2745 2520 cum
2786 2464 3086 2536 ignominia
3115 2465 3433 2519 retrocessit
3458 2481 3471 2516 :
3502 2476 3610 2532 quo
3636 2476 3775 2515 con-

2177 2573 2338 2613 verso
2390 2573 2454 2614 ac
2496 2555 2805 2630 proﬂigato,
2859 2571 3052 2626 omnes
3086 2557 3293 2627 pariter
3319 2563 3618 2626 potestates
3652 2567 3775 2623 qua:

2179 2652 2283 2706 sub
2309 2652 2428 2722 ipso
2451 2659 2632 2717 erant,
2665 2650 2961 2706 debilitata:
2985 2660 3134 2716 sunt,
3160 2662 3213 2705 et
3237 2649 3540 2720 perierunt,
3571 2649 3773 2702 amis-sa

2187 2745 2276 2799 illa
2320 2745 2580 2799 nimirum
2626 2742 2938 2814 tyrannide,
2975 2744 3139 2799 veluti
3173 2743 3410 2814 quadam
3431 2756 3620 2798 eorum
3657 2741 3778 2796 ani-

2182 2850 2290 2890 ma.
2348 2836 2482 2891 Cum
2517 2835 2665 2890 enim
2690 2833 3071 2899 vixeritJesus
3121 2836 3239 2890 sine
3261 2844 3507 2904 peccato,
3551 2834 3694 2889 unde
3721 2842 3779 2889 et

2180 2928 2482 2986 daemonem
2501 2929 2797 2994 destruxit,
2816 2938 2981 2984 etnos
3000 2928 3203 2996 pariter
3232 2927 3410 2982 induit
3435 2927 3603 2981 armis
3629 2925 3778 2980 salu-

2182 3020 2273 3073 tis:
2299 3034 2420 3074 cum
2449 3021 2614 3076 etiam
2632 3035 2850 3077 sacrum
2880 3019 3172 3089 baptisma,
3200 3034 3263 3074 ac
3285 3019 3597 3073 divinorum
3623 3033 3779 3071 man-

2188 3112 2444 3168 datorum
2477 3112 2891 3168 meditationem
2924 3122 2978 3168 et
3015 3113 3348 3176 custodiam,
3389 3111 3782 3182 prOpriamque

2185 3203 2352 3257 vitam
2376 3219 2440 3258 ac
2463 3206 2964 3271 conversationem,
2986 3220 3086 3275 pro
3113 3205 3200 3259 via
3221 3205 3378 3260 nobis
3405 3203 3707 3273 reliquerit,
3728 3211 3783 3259 et

485 3311 615 3358 σαν,
647 3290 1079 3360 κατηργήθησαν
1103 3287 1454 3342 παντάπασιν
1477 3287 1526 3339 oi
1548 3283 1827 3353 δαίμονες,
1860 3284 1957 3336 καὶ
1986 3283 2078 3335 οὐ·

2186 3294 2403 3359 semila,
2439 3309 2562 3366 qua:
2596 3296 2662 3349 ad
2686 3298 2886 3351 etnlum
2909 3296 3079 3362 ducit,
3103 3303 3508 3364 consequenter
3524 3305 3578 3350 et
3595 3298 3779 3350 caeteri

483 3384 696 3454 εεμίαν
723 3381 1151 3453 ἐχουσιδύναμιν
1182 3380 1306 3434 καθ’
1329 3378 1508 3450 ἡμῶν,
1528 3380 1576 3430 εί
1594 3378 1669 3447 μὴ
1696 3377 1784 3430 διὰ
1808 3375 2082 3447 ῥᾳθυμίας

485 3477 657 3545 ἡμεῖς
689 3475 910 3537 ἑκόντες
951 3473 1159 3535 αὐτοὺς
1220 3469 1664 3540 ὲπισπασόμεθα,
1715 3468 1825 3521 τῶν
1852 3468 2083 3520 ἐντολῶν

487 3566 894 3636 ἀμελήσαντες.
935 3565 1084 3618 Ἀπὸ
1123 3561 1454 3630 προσώπου
1493 3561 1581 3626 δὲ,
1623 3561 1929 3624 τουτέστιν,
1977 3559 2086 3611 ἀπὸ

487 3660 663 3730 φόϐου
698 3677 812 3713 σου.
853 3659 1092 3730 Φοὸερὸν
1118 3659 1226 3728 γὰρ
1250 3659 1308 3710 ἐν
1331 3655 1618 3725 πολέμοις,
1647 3655 1760 3708 τῶν
1811 3655 2085 3726 ἀριστέων

488 3756 555 3810 τὸ
589 3757 897 3826 πρόςωπον.

565 4027 702 4080 Ὅτι
722 4026 1019 4094 ἐποίησας
1039 4025 1157 4091 τὴν
1199 4024 1405 4092 κρίσιν
1428 4041 1572 4093 μου,
1604 4025 1706 4077 καί
1735 4024 1853 4092 τὴν
1905 4023 2090 4090 δίκην

487 4137 637 4190 μου.
671 4118 935 4190 Ἐκρινάς
977 4135 1047 4188 με
1089 4117 1221 4187 γὰρ,
1267 4117 1361 4170 τὸν
1422 4115 1587 4180 είςσέ
1648 4118 2087 4180 πεπιστευκότα,

494 4210 1115 4282 καταδυναστευόμενον
1139 4210 1244 4263 ὑπὸ
1269 4207 1367 4263 τοῦ
1393 4208 1648 4262 διαϐόλου
1685 4209 1976 4280 πρότερον,
1997 4211 2093 4264 καὶ

493 4305 720 4378 πικρῶς
765 4305 1206 4379 τυραννούμενον
1257 4305 1316 4372 ἐξ
1370 4304 1628 4374 ἀγνοίας⁹
1675 4305 1772 4359 καὶ
1831 4303 1957 4359 ίδὼν
2008 4305 2092 4359 ὅτι

497 4401 784 4473 φθονερῶς
811 4402 841 4455 δ
870 4401 1112 4474 πονηρὸς
1137 4400 1200 4454 τὸ
1232 4400 1326 4456 σὺν
1361 4400 1594 4471 πλάσμα
1619 4399 2088 4468 κατεδουλώσατο,

496 4494 829 4558 ὲδικαίωσάς
876 4511 968 4566 με,
998 4495 1109 4549 τῶν
1137 4493 1350 4549 ἐκείνου
1423 4493 1632 4566 χειρῶν
1691 4491 2091 4565 ὑπεξαγαγὼν,

2186 3385 2464 3442 daemones
2514 3387 2666 3444 illinc
2719 3387 2856 3442 adeo
2882 3387 3046 3443 deleti
3084 3397 3237 3454 sunt,
3264 3396 3324 3442 ut
3359 3389 3563 3443 nullam
3603 3389 3656 3443 in
3683 3404 3782 3444 nos

2189 3477 2424 3546 amplius
2445 3477 2681 3531 habeant
2705 3485 3058 3547 potestatem,
3093 3477 3200 3534 uisi
3235 3493 3336 3532 nos
3363 3478 3576 3546 ignavia
3597 3489 3781 3532 nostra

2191 3570 2444 3626 fortassis
2467 3571 2542 3626 ita
2568 3573 2838 3637 volentes,
2864 3571 3131 3641 neglectis
3153 3571 3355 3627 divinis
3380 3571 3678 3640 mandatis,
3712 3571 3780 3625 ad

2191 3655 2570 3734 nosmetipsos]
2589 3681 2686 3721 eos
2709 3666 2906 3720 iterum
2941 3665 3297 3719 traxerimus.
3318 3663 3473 3731 Quod
3502 3680 3632 3718 vero
3669 3665 3778 3715 ait:

2193 3759 2234 3810 Α
2274 3758 2413 3827 {acie
2440 3768 2557 3820 tua,
2589 3759 2734 3816 idem
2765 3765 2872 3822 est,
2900 3756 3072 3826 quod,
3109 3759 3154 3812 A
3197 3759 3398 3812 timore
3458 3768 3572 3811 tuo.
3627 3756 3783 3809 Stre-

2195 3862 2432 3902 nuorum
2464 3847 2610 3904 enim
2641 3863 2706 3902 ac
2730 3857 3018 3916 potentum
3061 3848 3305 3904 virorum
3344 3847 3539 3916 facies,
3605 3847 3786 3901 horri-

2195 3939 2324 3994 bilis
2355 3940 2599 3996 iuimicis
2641 3939 2815 3995 videri
2849 3941 2989 3996 solet
3023 3955 3088 3996 ac
3123 3940 3387 3996 timenda.

2268 4032 2431 4087 Vens.
2459 4033 2510 4089 5.
2541 4033 2810 4099 Quoniam
2840 4044 2894 4086 tu
2912 4033 3087 4102 fecisti
3097 4033 3366 4103 judicium
3387 4049 3559 4088 meum
3585 4043 3635 4088 et
3657 4052 3787 4089 cau-

2195 4143 2309 4180 sam
2338 4143 2526 4180 meam.
2548 4125 2810 4182 Judicasti
2836 4128 2981 4180 enim
3026 4141 3110 4180 me
3136 4126 3453 4181 credentem
3485 4127 3543 4181 in
3585 4139 3657 4193 te,
3685 4131 3785 4198 qui

2200 4225 2360 4273 antea
2393 4218 2497 4272 sub
2539 4225 2807 4288 potestate
2839 4227 3007 4288 atque
3035 4232 3225 4272 amara
3256 4219 3546 4288 tyrannide
3583 4221 3786 4274 daemo-

2198 4312 2286 4367 nis
2318 4311 2627 4383 ignorantia
2674 4325 2794 4366 mea
2823 4311 3133 4368 detinebar.
3165 4311 3300 4368 Nam
3329 4327 3454 4368 cum
3483 4329 3784 4384 perspexe-

2198 4403 2278 4459 ris
2305 4404 2456 4475 quod
2489 4403 2763 4474 malignus
2794 4403 2888 4460 ille
2932 4419 3018 4461 me
3056 4414 3368 4461 creaturam
3403 4415 3553 4460 tuam
3604 4407 3790 4462 invide

2199 4494 2254 4550 in
2298 4497 2618 4552 servitutem
2653 4497 2964 4567 redegerat,
3021 4513 3086 4552 ex
3139 4497 3296 4553 illius
3351 4498 3612 4556 manibus
3657 4501 3791 4553 sub.

499 4589 600 4644 καὶ
631 4589 735 4658 τῆς
768 4586 988 4658 πλάνης
1019 4585 1432 4661 ἐλευθερώσαςο
1489 4584 1649 4657 δίκην
1701 4585 1813 4657 γάρ
1870 4586 1970 4658 τὴν
2015 4586 2080 4640 δι-

2199 4587 2424 4644 ductum
2479 4574 2770 4656 atque'ab
2827 4603 3016 4646 errore
3093 4589 3386 4646 liberatum
3443 4589 3790 4661 justiﬁeasti.

498 4679 804 4750 καιοσῦνην
821 4680 1086 4735 ἐκάλεσεν
1111 4677 1373 4736 ἐνταῦθα.

587 4773 906 4839 Ἐκάθισας
952 4771 1054 4826 ἐπὶ
1118 4771 1340 4839 θρόνου
1375 4772 1409 4825 ὁ
1442 4770 1666 4840 κρίνων
1709 4770 2089 4840 δικαιούνην.

501 4863 682 4920 Τοῦτο
708 4862 804 4918 διὰ
848 4863 949 4934 τὴν
973 4863 1056 4928 είς
1081 4862 1353 4934 οὐρανοὺς
1389 4862 1666 4933 ἀνάληψιν
1695 4863 1792 4916 τοῦ
1817 4863 2098 4934 Σωτῆρος.

505 4953 816 5026 Πληρώσας
834 4953 945 5024 γὰρ
959 4953 1060 5025 τὴν
1088 4951 1354 5026 ἐνσαρκον
1383 4953 1723 5023 οίκονομίαν,
1759 4954 1840 5016 εἰς
1865 4953 1957 5007 τὸν
1979 4953 2104 5026 θρό-

505 5063 598 5102 νον
629 5044 1008 5118 ἀποκατέστη,
1039 5044 1139 5098 τὸν
1153 5045 1498 5110 δικαστικὸν,
1526 5045 1650 5116 ἤτοι
1704 5046 1814 5118 τὴν
1844 5045 2100 5111 ἐξουσίαν

505 5137 610 5208 τῆς
639 5137 916 5208 θεότητος,
944 5136 1004 5191 δν
1031 5137 1110 5208 μὴ
1124 5137 1322 5202 λιπὼν,
1343 5137 1602 5219 ἀρρήτως
1637 5138 1772 5210 πρὸς
1799 5139 1948 5210 ἡμᾶς
2003 5141 2101 5191 ἐπ-

508 5231 605 5301 εδὴ
615 5246 811 5300 μησεν.
833 5229 1200 5300 ’Δναληφθεὶς
1225 5230 1356 5302 γάρ,
1382 5232 1478 5284 καὶ
1501 5230 1732 5294 καθίσας
1746 5232 1805 5285 ἐν
1831 5229 1984 5304 δεξιᾷ
2005 5231 2100 5287 τοῦ

506 5318 744 5388 Πατρός,
781 5317 859 5382 ὡς
891 5317 1078 5372 λαϐὼν
1114 5319 1298 5372 πᾶσαν
1332 5318 1584 5383 ἐξουσίαν
1611 5320 1672 5374 ἐν
1725 5319 1945 5391 οὐρανῷ
2003 5321 2099 5374 καὶ

507 5411 608 5465 ἐπὶ
676 5413 800 5482 γῆς,
829 5410 1142 5482 ἐϐοήθησεν
1166 5411 1244 5482 τῷ
1271 5411 1390 5482 ίδέῳ
1413 5411 1723 5483 πλάσματι,
1745 5413 1890 5486 ὓπέρ
1912 5408 1974 5468 οὗ
2006 5414 2103 5468 καί⁷

506 5506 614 5574 τὴν
641 5503 915 5576 ἄχραντον
935 5503 1107 5576 ιθηκε
1162 5503 1368 5576 ψυχήν.
1430 5502 1769 5576 Θεοπρεπῶς
1829 5507 1887 5561 δὲ
1928 5507 2106 5562 ταῦτα

506 5599 760 5669 νικητέον·
796 5597 1133 5670 καθιδρῦσαι
1188 5598 1300 5670 γάρ
1352 5600 1432 5662 είς
1472 5598 1565 5654 τόν
1609 5600 1819 5671 θρόνον,
1881 5602 1976 5656 ἐπὶ
2009 5603 2105 5657 τοῦ

505 5692 677 5762 Λόγου
706 5695 802 5751 καί
823 5690 970 5748 Θεοῦ
1000 5690 1343 5762 ὑποληφθείη
1378 5691 1502 5763 ἂνή
1533 5678 1828 5766 δικαστικῆ
1863 5696 2104 5768 ἐξουσία,

559 5878 602 5912 ’³
634 5877 839 5934 Matth.
883 5886 964 5940 Iv,
992 5870 1082 5923 10.

2198 4679 2436 4736 Causam
2483 4681 2628 4736 enim
2653 4681 2756 4736 hoc
2793 4680 2848 4735 in
2889 4681 3474 4752 locojustilicatiouem
3510 4684 3772 4754 appellat.

2268 4771 2467 4828 Sedisti
2495 4788 2651 4841 super
2671 4772 2920 4828 thronum
2941 4773 3262 4844 quijudicas
3290 4776 3592 4844 justitiam.
3624 4777 3796 4848 Prop-

2199 4874 2284 4923 ter
2339 4865 2644 4923 Salvatoris
2694 4866 3097 4922 Ascensionem
3130 4867 3232 4924 hoc
3266 4868 3473 4924 dictum
3534 4879 3639 4924 est.
3687 4887 3796 4923 nn-

2200 4961 2345 5032 pleta
2373 4960 2520 5016 enim
2549 4960 2738 5016 carnis
2765 4959 3186 5033 dispensatione
3224 4961 3292 5016 ad
3339 4961 3598 5032 iudiciale
3649 4963 3798 5016 thro-

2209 5069 2343 5110 num
2371 5069 2531 5110 suum
2565 5053 2751 5120 rediit,
2773 5053 2829 5110 id
2861 5062 2968 5117 est,
3003 5053 3070 5109 ad
3092 5063 3426 5126 potestatem
3463 5054 3793 5109 Divinitatis.

2211 5144 2384 5213 Quem
2423 5146 2684 5200 thronum
2717 5155 2896 5200 tamen
2934 5161 3048 5201 non
3078 5146 3408 5216 reliquerat,
3441 5144 3666 5215 quando
3709 5159 3799 5197 ara

2209 5238 2370 5294 canis
2401 5248 2568 5310 atque
2597 5237 2975 5295 ineliabilibus
3017 5238 3196 5294 modis
3237 5238 3304 5291 ad
3344 5252 3447 5293 nos
3484 5233 3796 5290 descendit.

2210 5333 2546 5402 Assumptus
2573 5333 2720 5388 enim
2751 5343 2829 5388 est
2870 5331 2925 5386 in
2948 5332 3170 5395 ccelum,
3211 5344 3266 5386 et
3310 5329 3465 5384 sedet
3498 5329 3564 5382 ad
3604 5326 3797 5381 dexte-

2205 5435 2325 5477 ram
2385 5420 2592 5485 l’atris,
2626 5420 2799 5476 Veluti
2833 5420 2924 5491 qui
2966 5426 3296 5492 potestatem
3346 5430 3568 5472 omnem
3623 5430 3797 5468 acce-

2208 5513 2352 5584 perit
2407 5515 2462 5568 in
2489 5515 2634 5570 caelo
2698 5522 2754 5570 et
2801 5515 2857 5568 in
2916 5521 3085 5578 terra,
3125 5517 3179 5566 et
3241 5511 3480 5582 propria:
3527 5517 3805 5563 creaturae.

2209 5621 2368 5678 opem
2394 5607 2584 5664 tulerit
2617 5621 2716 5677 pro
2747 5622 2852 5676 qua
2884 5605 3294 5660 immaculatam
3357 5601 3506 5657 illam
3561 5602 3799 5656 animam

2212 5713 2497 5772 posuerat.
2524 5697 2650 5755 llaec
2679 5707 2860 5753 autem
2881 5712 2992 5754 non
3023 5700 3286 5765 humane,
3327 5695 3423 5753 sed
3474 5695 3638 5767 digne
3689 5691 3801 5748 Deo
