4146 6436
410 409 511 476 1ί3

1622 400 1726 459 EU
1746 398 2009 458 l'lIthiI
2046 399 2416 460 ZIGABENI

3588 405 3693 469 144‘

408 524 767 598 intelligenda
805 530 956 578 sunt.
989 519 1191 576 Svdet'e
1217 517 1362 571 enim
1383 514 1675 581 iutltroun,
1700 526 1794 568 aut
1822 529 1990 584 super

2109 517 2162 584 Pp:
2195 515 2289 568 καὶ
2323 514 2517 586 πρώην
2534 514 2693 585 ἔλων,
2745 516 2894 586 ὅμως
2943 514 3264 585 ἀπέκρυπτε
3296 516 3383 570 διὰ
3430 516 3528 587 τὴν
3544 520 3690 573 οἰκο-

413 626 695 682 thronum,
724 621 777 673 in
811 618 943 684 Deo,
970 627 1025 670 et
1049 616 1104 668 in
1135 613 1315 669 Verbo
1351 609 1470 675 Dei,
1521 609 1826 678 accipimus
1893 623 1994 677 pro

406 717 657 791 judiciali
691 721 999 786 potestate:
1060 723 1225 781 quam
1256 707 1363 762 etsi
1390 717 1552 761 antea
1607 703 1865 768 habebat,
1923 702 1995 757 oh

411 810 599 866 carnis
647 814 830 862 tamen
888 801 1355 872 dispensationem
1406 796 1665 862 celabat,
1757 803 1814 848 ut
1888 803 2001 850 tota

411 903 755 972 impleretur.
813 898 893 951 Tu
964 896 1142 960 luisti,
1179 894 1386 965 inquit,
1421 893 1477 947 iu
1526 889 1778 962 iudiciali
1839 898 1999 959 pote-

2102 608 2316 679 νομίαν,
2350 607 2439 661 ἵνα
2472 608 2625 661 πᾶσα
2657 608 2945 679 πληρωθῇ.
2974 609 3210 678 Γέγονας
3241 609 3337 663 οῦν
3360 613 3416 663 ἐν
3470 611 3711 683 ἐξουσίαν

2101 699 2414 772 δικαστικῇ,
2444 701 2542 754 καὶ
2564 700 2754 770 σχῆμα
2787 701 3107 766 δικάζοντος
3145 702 3428 769 ἀνέλαϐες,
3462 704 3491 755 ό
3527 703 3688 772 μόνος

2101 793 2314 859 δίκαιος
2344 794 2562 867 κριτὴς,
2588 796 2682 848 καὶ
2734 795 2839 848 ὑπὸ
2869 795 3140 866 μηδεμιᾶς
3177 796 3402 865 ἀγνοίας
3442 796 3475 867 ἢ
3501 796 3687 849 δίαθέ-

2104 902 2247 951 σεως
2276 886 2713 956 ἐμποδιζόμενος
2738 889 2819 952 εἰς
2851 887 3152 956 εὐθύτητα.

411 1008 576 1059 state,
611 1007 663 1050 et
693 991 998 1065 jndicautis
1024 1003 1318 1061 personam
1352 985 1669 1056 sumpsisti,
1701 984 1795 1053 qui
1829 985 1986 1037 solus
2015 985 2203 1052 justus
2231 996 2292 1037 es
2314 980 2513 1052 judex,
2564 982 2772 1053 quique
2799 982 2951 1036 nulla
3013 980 3323 1052 ignorantia
3376 990 3469 1034 aut
3550 979 3688 1035 απυ-

411 1104 504 1150 ctu
542 1090 852 1161 impediris,
888 1088 1189 1157 quominus
1220 1099 1440 1155 semper
1472 1084 1527 1138 in
1571 1081 1829 1152 a'quitate
1860 1093 2207 1149 perseveres.

486 1185 655 1241 Vsus.
684 1184 1050 1253 6.1ncrepa:;ti
1072 1194 1276 1252 gentes,
1302 1191 1351 1235 et
1378 1182 1532 1249 petiit
1556 1180 1774 1249 impius.
1799 1178 2001 1250 Objur-

416 1279 588 1350 gasti,
624 1276 823 1345 inquit,
864 1283 1079 1343 gentes,
1110 1273 1494 1342 improperasti
1526 1272 1607 1325 eis
1632 1285 1871 1325 errorem
1906 1286 2001 1325 eoo

418 1388 564 1433 rum,
599 1379 656 1424 et
692 1367 830 1437 fugit
867 1367 934 1421 ab
964 1366 1044 1421 eis
1074 1364 1327 1429 Satanas,
1372 1364 1660 1418 veritatem
1693 1379 1798 1417 non
1831 1364 2000 1417 susti-

416 1477 575 1517 nens.
602 1460 851 1530 Apostoli
883 1456 1178 1528 aliquando
1210 1454 1409 1510 acerbe
1440 1455 1671 1525 gentiles
1699 1455 1998 1525 reprehen-

417 1555 645 1618 tlebant,
682 1551 849 1605 veluti
880 1548 1085 1603 Paulus
1111 1549 1203 1618 qui
1240 1548 1562 1602 insensatoa
1621 1547 1849 1602 Galatas
1897 1561 1997 1616 ap-

417 1647 693 1716 pellabat:
760 1642 905 1713 quod
955 1641 1029 1694 illi
1067 1640 1388 1703 sentientes,
1426 1640 1494 1693 ab
1529 1638 1800 1695 idolorum
1855 1641 2007 1693 cultu

418 1737 769 1793 recedebant.
808 1734 1105 1789 Destructo
1137 1744 1318 1785 autem
1363 1731 1634 1785 idolorum
1703 1731 1880 1795 cultu,
1931 1731 2007 1784 si-

420 1832 533 1885 mul
559 1830 733 1883 etiam’
747 1826 935 1881 abibat
966 1840 1157 1880 eorum
1185 1824 1395 1891 praesul
1433 1824 1648 1878 daemon
1681 1841 1694 1877 :
1756 1822 1895 1878 adeo
1924 1825 2006 1879 vel

416 1922 530 1975 sola
566 1926 778 1991 poterat
798 1925 1117 1971 sanctorum
1143 1915 1472 1984 increpatio.

486 2014 687 2070 Nomen
719 2011 834 2080 ejus
867 2009 1055 2064 delesti
1076 2009 1132 2062 in
1160 2007 1416 2063 swculum
1440 2017 1489 2063 et
1519 2010 1575 2062 in
1606 2008 1863 2063 swculum
1892 2025 1994 2062 δίυ-
2032 2009 2072 2064 Β

416 2107 548 2160 culi.
581 2104 717 2159 Cum
750 2106 1018 2158 honorem
1055 2101 1303 2156 debitum
1340 2100 1446 2157 sibi
1482 2104 1757 2156 daemones
1786 2101 2006 2169 rapuis-

418 2208 563 2266 sent,
595 2197 849 2253 homines
878 2195 931 2250 in
965 2210 1156 2250 eorum
1185 2194 1504 2249 servitutem
1540 2193 1748 2249 redacti
1783 2194 2005 2248 nomina

415 2293 500 2348 eis
531 2290 833 2345 dederunt:
871 2285 1337 2358 quemadmodum
1372 2283 1643 2340 Hesiodus
1701 2286 1754 2339 in
1809 2285 2003 2355 uugaei

417 2388 511 2442 illo
535 2399 701 2455 opere
718 2382 790 2437 De
804 2382 1081 2436 nativitate
1122 2380 1340 2435 deorum
1368 2378 1553 2433 tradit.
1586 2381 1763 2449 Atque
1792 2377 1875 2450 (ut
1898 2393 2005 2432 ca:-

420 2489 532 2533 tera
557 2478 660 2531 alia
679 2474 951 2540 omittam)
974 2471 1212 2541 exempli
1239 2472 1414 2542 gratia
1442 2482 1652 2526 tantum
1689 2471 1891 2536 dicam,
1912 2468 1999 2523 Jo-

418 2574 524 2635 vis,
546 2570 756 2635 Martis,
776 2568 1066 2638 Apollinis,
1083 2566 1362 2632 Mercurii,
1376 2563 1836 2629 Dianae,Veneris,
1854 2571 1907 2617 et
1922 2579 2009 2618 co-

419 2665 589 2735 piose
617 2662 760 2716 illius
776 2659 1003 2715 deorum
1024 2657 1394 2714 multitudinis
1412 2657 1656 2721 nomina,
1673 2655 1835 2711 simul
1862 2671 1927 2710 ac
1945 2658 2008 2709 ti-

419 2757 507 2811 dei
531 2753 754 2809 verbum
780 2749 1194 2804 disseminatum
1229 2759 1335 2811 est,
1359 2748 1544 2802 statim
1567 2747 1877 2808 evanuisse.
1896 2760 2005 2800 non

419 2854 594 2907 solum
625 2850 678 2902 iu
711 2848 815 2901 hoc
848 2846 1097 2916 praesenti
1123 2845 1349 2911 saeculo,
1375 2844 1467 2899 sed
1496 2842 1661 2898 etiam
1696 2844 1748 2897 iu
1783 2841 1967 2897 loturo
1988 2884 2003 2907 ,

418 2942 565 3013 quod
594 2938 854 2995 saeculum
888 2937 1076 2991 smculi
1112 2951 1238 2992 esse
1297 2935 1716 3006 intelligendum
1774 2942 1899 3001 est,
1952 2943 2007 2989 et

422 3035 570 3102 quod
605 3034 825 3104 proprie
859 3029 1120 3085 satculum
1149 3028 1377 3092 dicitur,
1415 3032 1542 3100 quia
1583 3025 1761 3098 [iuxta
1804 3027 2009 3083 Grtreae

420 3127 686 3182 dictionis
732 3122 866 3192 vim]
908 3121 1043 3176 αἰὼν
1086 3120 1580 3191 sempiternitatem
1614 3122 1864 3176 dcn0lal.
1914 3121 2008 3176 Est

421 3229 607 3275 autem
648 3232 768 3273 mos
799 3229 973 3271 sacrae
1035 3211 1338 3281 Scriptura;
1394 3225 1489 3282 per
1553 3211 1872 3279 huiusmodi
1928 3211 2009 3266 lo-

419 3311 622 3381 quendi
651 3309 896 3372 modum,
932 3305 1293 3361 houoratiora
1325 3318 1543 3374 semper
1569 3303 1918 3375 signiﬁcare:
1950 3314 2009 3358 ut

419 3421 544 3461 cum
568 3408 644 3459 ait
659 3401 863 3458 Sancta
884 3406 1228 3462 sanctorum,
1247 3397 1473 3453 Cantica
1487 3398 1827 3453 canticorum
1841 3438 1854 3463 ,
1871 3397 2010 3453 Sab-

423 3501 551 3554 bata
584 3497 969 3558 sabbatorum,
998 3500 1053 3547 et
1088 3491 1197 3546 alia
1247 3489 1588 3560 bujusmodi.
1631 3489 1728 3545 Vel
1753 3492 1910 3545 aliter
1928 3491 2011 3546 di-

423 3605 554 3646 cere
580 3599 738 3661 potes
768 3583 950 3655 :quod
981 3597 1045 3636 ea
1076 3582 1243 3635 verba
1268 3581 1323 3633 in
1350 3580 1604 3635 swrulum
1631 3580 1814 3634 sa‘rttli
1840 3582 2015 3634 init-n-

2188 1180 2587 1250 Ἐπετίμησας
2603 1181 2831 1245 ἔθνεσι,
2849 1178 2944 1232 καί
2966 1176 3240 1233 ἀπώλετο
3254 1177 3508 1246 ἀσεϐής.
3521 1176 3690 1230 ἀνεί-

2103 1272 2288 1337 δισας,
2324 1272 2481 1343 φησὶ,
2520 1275 2635 1337 τοῖς
2666 1274 2844 1326 ἔθνεσι
2867 1270 2967 1343 τὴν
2985 1269 3216 1340 πλάνην,
3249 1271 3343 1323 καὶ
3367 1269 3569 1339 ἔφυγεν
3595 1271 3689 1322 ἀπ’

2105 1364 2287 1417 αὐτῶν
2307 1367 2334 1418 ὁ
2369 1366 2634 1431 Σατανᾶς,
2669 1367 2769 1419 οὐκ
2790 1364 3033 1432 ἐνεγκὼν
3055 1363 3153 1433 τὴν
3184 1363 3466 1432 ἀλήθειαν.
3500 1363 3562 1415 Ol
3582 1363 3690 1431 γάρ

2106 1453 2401 1506 ἀπόστολοι
2428 1456 2525 1509 καὶ
2552 1455 2885 1525 πικρότερον
2919 1453 3072 1507 ἔστιν
3118 1449 3179 1506 οὒ
3201 1452 3552 1522 καθήπτοντο
3586 1453 3692 1504 τῶν

2106 1542 2297 1611 ἐθνῶν,
2332 1545 2406 1609 ὡς
2437 1546 2465 1598 ό
2506 1545 2720 1608 Παῦλος
2744 1560 2758 1574 ⁸
2791 1541 2869 1600 Ὦ
2896 1545 3145 1613 ἀνόητοι
3175 1543 3469 1609 Fulcitur,
3504 1542 3689 1612 φησίν·

2107 1637 2491 1707 αἰσθανόμενοι
2527 1638 2660 1708 γὰρ,
2696 1637 3108 1706 ἀπηλλάττοντο
3146 1638 3247 1708 τῆς
3268 1634 3689 1704 είδωλομανίας

2106 1729 2316 1796 ταύτης
2348 1729 2407 1783 δὲ
2432 1729 2801 1792 ἀπολωλυίας,
2823 1730 2919 1783 καὶ
2946 1729 2975 1783 ὁ
2999 1730 3317 1800 προστάτης
3354 1727 3526 1800 αὐτῆς
3564 1745 3691 1780 συν·
3721 1726 3731 1734 ’

2104 1822 2407 1890 ηφανίζετο
2459 1821 2728 1886 διάϐολος.
2783 1820 3055 1876 Τοσοῦτον
3088 1823 3122 1892 ἡ
3154 1821 3473 1892 ἐπιτίμησις
3535 1819 3696 1892 μόνον

2107 1917 2392 1988 ἰσχύσατο.

2179 2012 2250 2066 Τό
2286 2010 2476 2081 ὄνομα
2506 2012 3061 2089 αὺτοῦ-ἐξήλειψας
3103 2014 3188 2079 εἰς
3212 2011 3319 2066 τὸν
3344 2010 3531 2065 αἰῶνα
3598 2007 3717 2085 καί⁵

2108 2106 2197 2171 εἰς
2249 2103 2357 2158 τὸν
2411 2104 2595 2159 αἰῶνα
2659 2103 2767 2159 τοῦ
2798 2105 3035 2172 aliIn-oc.
3081 2103 3193 2175 Τὴν
3225 2102 3320 2157 τοῦ
3359 2102 3496 2157 Θεοῦ
3531 2101 3696 2173 τιμὴν

2113 2197 2401 2265 ἁρπάσασι
2421 2200 2532 2260 τοῖς
2563 2197 2784 2265 δαίμοσι
2813 2197 2905 2251 καὶ
2929 2195 3171 2265 ὀνόματα
3212 2194 3491 2263 ἐπέθηκαν
3521 2196 3568 2247 οἰ
3600 2211 3701 2246 κα-

2107 2288 2541 2353 ταδουλωθέντες
2565 2288 2771 2355 αὐτοῖς,
2796 2287 2872 2351 ὡς
2910 2290 2944 2358 ἡ
2974 2287 3218 2359 φλύαρος
3262 2287 3510 2340 Ἠσιόίου
3564 2288 3701 2338 Θεο-

2109 2383 2283 2453 γονία
2313 2383 2647 2454 παρίστησιν
2667 2396 2681 2411 ⁸
2723 2381 2821 2435 καὶ
2845 2366 2943 2434 ἵνα
2982 2379 3152 2434 τᾶλλα
3176 2378 3361 2451 παρῶ,
3396 2378 3534 2441 τέως
3563 2374 3697 2444 γοῦν

2109 2476 2231 2539 Δία,
2268 2476 2362 2530 καὶ
2394 2476 2591 2546 Ἀρεα,
2629 2477 2723 2529 καῖ
2765 2473 3108 2537 Ἀπόλλωνα,
3163 2473 3259 2526 καὶ
3318 2470 3551 2540 Ἑρμῆν,
3603 2468 3697 2522 καὶ

2113 2570 2404 2640 Ἄρτεμιν,
2436 2567 2532 2621 καὶ
2559 2566 2911 2637 Ἀφροδίτην,
2938 2565 3032 2619 καὶ
3073 2563 3315 2618 τοιοῦτον
3337 2561 3526 2631 ἐσμδν,
3553 2559 3697 2629 ἅπερ

2108 2660 2353 2731 ὀνόματα
2391 2659 2531 2730 μετὰ
2582 2658 2643 2712 τὺ
2673 2656 3104 2729 κατασπαρῆναι
3137 2657 3228 2709 τὸν
3252 2657 3352 2725 τῆς
3381 2653 3700 2722 οἰκονοςόας

2109 2754 2290 2823 λόγον,
2317 2750 2750 2821 ἐξηλείφθησαν,
2773 2751 2834 2804 οὐ
2871 2750 3032 2821 μόνον
3056 2733 3129 2803 ’δι’
3152 2749 3276 2802 ὅλου
3310 2747 3407 2801 τοῦ
3430 2746 3700 2815 παρόντος

2110 2847 2329 2911 αἰῶνος,
2370 2843 2509 2899 ἀλλὰ
2568 2844 2663 2897 καὶ
2707 2841 2889 2914 πολλῷ
2947 2842 3185 2914 μάλιστα
3247 2839 3341 2893 τοῦ
3386 2837 3698 2909 μέλλοντος.

2109 2936 2313 2991 Τοῦτον
2339 2937 2447 3007 γάρ
2475 2935 2650 2989 αἰῶνα
2666 2935 2856 2999 αἰῶνος
2880 2933 3112 3004 οἰητέον,
3137 2932 3194 2996 ὃς
3217 2931 3422 3003 κυρίως
3454 2927 3590 2983 αἰὼν
3612 2927 3699 2981 διὰ

2109 3030 2170 3084 τὸ
2196 3026 2339 3083 εἶναι
2370 3030 2477 3084 άεί.
2506 3029 2746 3099 Σύνηθες
2805 3027 2863 3083 δὲ
2911 3029 2980 3099 τῇ
3023 3027 3221 3097 Γραφῇ
3271 3026 3341 3077 τὰ
3393 3022 3699 3093 τιμιώτερα

2110 3123 2327 3193 δηλοῦν,
2351 3121 2440 3176 διὰ
2467 3120 2562 3176 τοῦ
2592 3121 2800 3176 τοιοῦδε
2820 3124 3099 3192 σχήματος
3119 3137 3130 3151 ·
3145 3119 3281 3184 οἷον,
3302 3120 3469 3186 ’Ἅγια
3496 3115 3698 3184 ἁγίων,

2118 3215 2378 3287 ᾋσματα
2429 3214 2715 3287 ᾀσμάτων,
2773 3213 3029 3269 Σάϐϐατα
3089 3212 3405 3276 σαϐϐάτων,
3470 3210 3567 3263 καὶ
3627 3207 3696 3261 τά

2110 3308 2437 3365 τοιαῦτα.Ἢ
2470 3309 2529 3362 τὸ
2569 3311 2656 3374 εἰς
2677 3307 2781 3362 τὸν
2806 3306 2995 3362 αἰῶνα
3014 3305 3119 3361 τοῦ
3148 3304 3396 3371 αἰῶνος,
3425 3302 3701 3363 ἐπίτασις,

2121 3402 2247 3456 ἀντὶ
2278 3400 2396 3465 τοῦ,
2434 3402 2599 3474 μέχρι
2629 3400 2831 3465 παντός
2857 3418 2872 3433 ο
2922 3400 3277 3471 ὴγνοήθησαν
3308 3400 3419 3467 γάρ
3455 3394 3549 3449 τοῦ
3588 3393 3699 3445 λοι-

2121 3491 2225 3544 ποῦ
2255 3492 2606 3547 παντάπασιν
2626 3492 2682 3546 αί
2715 3491 3095 3562 δαιμονιὼδεις
3139 3488 3377 3554 τελεταὶ,
3438 3485 3699 3539 σϐεσθέν-

2120 3601 2231 3637 των
2263 3584 2449 3650 αὐτοῖς
2489 3586 2583 3639 καὶ
2613 3586 2725 3639 τῶν
2756 3585 3061 3653 ὀνομάτων.

422 3684 634 3739 sionem
666 3680 1009 3751 signiﬁcant:
1050 3693 1149 3750 pro
1180 3691 1246 3732 eo
1275 3674 1424 3745 quod
1449 3681 1558 3738 est,
1587 3672 1641 3727 in
1665 3673 2087 3744 perpetuatan
2109 3678 2441 3735 oblivionem
2497 3683 2643 3736 enim
2711 3680 2937 3752 penitus
3017 3681 3144 3735 data
3204 3687 3336 3735 sunt
3389 3678 3707 3741 daemonum

422 3776 642 3831 illorum
690 3772 852 3833 testa,
895 3785 964 3827 ac
995 3768 1386 3825 celebritates:
1442 3780 1750 3835 eorumque
1785 3766 2010 3821 nomina
2049 3769 2227 3827 deleta
2250 3771 2661 3843 quodammodo
2693 3782 2842 3840 sunt,
2878 3782 2935 3829 et
2970 3774 3265 3837 exstincta.

492 3864 658 3919 Vsus.
681 3863 735 3916 7.
763 3859 980 3916 Inimici
995 3858 1295 3930 defecerunt
1335 3858 1551 3927 framea:
1575 3871 1734 3927 usque
1780 3857 1835 3911 in
1855 3857 2015 3927 finem

2192 3862 2303 3919 Τοῦ
2364 3863 2587 3934 ἐχθροῦ
2632 3864 2923 3929 ἐξέλιπον
2957 3867 3019 3920 αἰ
3048 3864 3339 3935 ρομφαῖαι
3381 3867 3469 3932 εἰς
3506 3863 3702 3932 τέλος,

420 3967 469 4011 et
500 3956 738 4010 civitates
768 3951 1107 4008 de‘struzisti.
1131 3948 1398 4013 Framezc,
1437 3949 1541 4004 hoc
1576 3960 1659 4004 est
1692 3949 1878 4019 gladii,
1917 3965 2007 4004 seu

2114 3954 2212 4009 καί
2269 3958 2479 4022 πόλεις
2527 3956 2825 4023 καθεῖλες.
2874 3957 3200 4028 Ῥωμφαίας
3253 3958 3418 4012 αὑτοῦ
3480 3970 3704 4028 νοητεον

421 4065 573 4103 arma
616 4046 849 4110 inimici,
885 4042 1265 4114 intelligendas
1297 4048 1446 4106 sunt,
1481 4041 1863 4112 ignominiosae
1906 4041 2007 4096 illa:

2109 4047 2178 4101 τὰ
2211 4047 2361 4118 πάθη
2406 4047 2509 4118 τῆς
2541 4049 2789 4119 ἀτιμίας,
2836 4043 3004 4103 δι’ὧν
3054 4051 3087 4121 ἡ
3130 4050 3276 4122 ψυχὴ
3325 4051 3704 4122 πληττομένη,

421 4141 710 4212 passiones
762 4148 928 4209 atque
980 4135 1230 4200 affectus,
1283 4135 1482 4206 quibus
1534 4135 1776 4188 humana
1822 4134 2007 4188 anima

2109 4139 2282 4212 νεκρά
2312 4139 2448 4211 πρὸς
2481 4141 2685 4212 ἀρετὴν
2737 4141 3038 4196 ἐντέθαπτο
3097 4142 3173 4210 τῷ
3219 4141 3456 4212 σώματι,
3510 4142 3703 4211 ὥσπερ

419 4252 529 4293 non
596 4250 761 4291 secus
828 4248 892 4288 ac
950 4231 1136 4303 gladio
1196 4244 1500 4301 percussa,
1555 4237 1609 4282 et
1660 4228 1879 4298 penitus
1935 4227 2001 4280 ad

418 4330 678 4384 virtutem
717 4337 934 4381 mortua
968 4323 1185 4395 jacebat
1207 4323 1339 4378 olim
1377 4323 1697 4393 incorpore
1741 4322 1900 4392 quasi
1943 4322 2001 4376 in

416 4419 693 4491 sepulcro.
735 4415 1031 4472 Destructa
1087 4422 1268 4467 autem
1316 4414 1559 4483 gentimn
1604 4412 1905 4481 impietate,
1948 4421 2003 4467 et

415 4510 685 4568 aediﬁcata
743 4506 974 4578 pietate,
1033 4505 1333 4560 destructa:
1395 4512 1526 4558 sunt
1572 4502 1827 4557 civitates
1904 4499 2000 4557 Vel

418 4601 677 4657 civitates
712 4601 862 4669 ipsos
897 4596 1150 4651 homines
1180 4594 1443 4666 intellige.
1490 4594 1544 4649 in
1595 4592 1798 4664 quibus
1835 4603 1997 4649 antea

2108 4232 2337 4303 σήματι.
2372 4232 2730 4306 Καθῃροῦντο
2760 4234 2804 4286 δ’
2840 4236 2898 4288 αἰ
2922 4235 3126 4300 πόλεις,
3164 4236 3580 4308 καταλυομένης
3603 4236 3711 4305 τῆς

2105 4323 2362 4386 ἀσεϐείας
2401 4323 2605 4389 αὐτῶν,
2639 4325 2732 4378 καὶ
2764 4324 2862 4395 τῆς
2899 4325 3187 4389 εὐσεϐείας
3233 4326 3704 4398 ἀντῳκοδομημέ-

2105 4433 2226 4487 νης.
2260 4414 2334 4468 ’Ἦ
2360 4416 2453 4469 καὶ
2478 4415 2665 4481 πόλεις
2694 4417 3043 4487 ὑποληπτέον
3079 4420 3205 4481 τοὺς
3244 4418 3591 4489 ἀνθρώπους,
3624 4412 3706 4482 οἷς

2104 4506 2151 4556 οἱ
2180 4505 2433 4575 δαίμονες
2469 4505 2803 4560 ἐνεπαῦοντο
2839 4505 2975 4577 (46).
3038 4507 3153 4562 Οὐκ
3205 4508 3437 4579 ἄκαιρον
3469 4509 3563 4561 καὶ
3598 4508 3698 4561 πό-

2103 4594 2215 4661 λεις
2243 4599 2418 4652 εἰπεῖν
2454 4599 2548 4652 καὶ
2587 4599 2713 4663 τοὺς
2738 4601 2952 4668 ἐναγεῖ,;
2986 4603 3147 4666 ναοὺς
3178 4601 3285 4654 τῶν
3336 4601 3596 4655 εἰδώλων.

413 4694 739 4750 habitabant
772 4699 827 4746 et
859 4688 1219 4759 quiescebant
1269 4687 1569 4745 daemones.
1625 4687 1952 4759 Quanquam
1990 4698 2314 4746 extraneum
2361 4695 2530 4748 etiam
2574 4708 2685 4749 non
2731 4694 2899 4750 fuerit
2957 4711 3052 4767 per
3106 4696 3381 4762 civitates,
3441 4697 3705 4751 οϋειωιιει

412 4789 686 4844 idolorum
717 4784 944 4839 delubra
971 4782 1298 4854 intelligere.
1396 4831 1400 4834 .

490 4880 657 4935 Periit
685 4877 944 4931 memoria
994 4875 1109 4946 ejus
1168 4891 1286 4929 cum
1349 4876 1548 4930 sonitu.
1609 4873 1784 4933 Nemo
1848 4877 1995 4933 enim
2030 4882 2076 4938 D

414 4972 655 5043 amplius
696 4970 744 5024 ei
788 4968 1126 5025 sacriﬁcium
1163 4966 1365 5023 offerre
1423 4968 1602 5034 novit,
1645 4977 1740 5023 aut
1769 4971 1998 5025 omnino

413 5080 538 5122 cum
580 5065 857 5119 invocare.
916 5062 1071 5129 Quod
1111 5077 1240 5117 vero
1271 5062 1371 5127 ait,
1434 5079 1552 5117 cum
1603 5064 1801 5128 sonitu,
1856 5062 1998 5117 idem

413 5167 521 5220 est,
549 5154 695 5226 quod
733 5170 858 5209 eum
892 5154 1159 5209 clamore.
1215 5154 1522 5209 Clamantia
1555 5155 1697 5209 enim
1731 5153 1999 5209 daemonia

415 5263 444 5300 a
475 5248 708 5302 Domino
757 5246 1059 5319 fugiebant.
1091 5243 1187 5301 Vel
1240 5263 1359 5300 cum
1407 5248 1611 5313 sonitu,
1661 5247 1714 5301 id
1752 5255 1839 5303 est
1877 5263 2001 5302 cum

411 5340 673 5410 jar-tantia
731 5338 845 5403 illa,
902 5353 968 5394 ac
1009 5337 1270 5408 superbia
1308 5356 1322 5393 :
1358 5347 1452 5392 aut
1499 5352 1625 5392 cum
1665 5337 2002 5394 clamoribus

423 5431 533 5484 illis
580 5443 633 5485 et
680 5434 933 5486 cautibus
997 5429 1421 5485 sacriﬁciorum.
1488 5428 1765 5500 Singulari
1818 5408 2013 5485 autem

417 5516 752 5575 sermone‘in'
774 5522 1077 5576 daemonem
1105 5521 1407 5586 invehitur,
1434 5521 1662 5591 impium
1688 5537 1811 5579 eum
1839 5502 2011 5594 atque,

424 5603 1061 5737 initpi‘cti‘tugappellans
1092 5657 1107 5681 ,
1177 5614 1358 5684 ipsum
1417 5615 1519 5669 hoc
1569 5626 1727 5685 pacto
1769 5614 2004 5670 aliorum

428 5696 509 5725 ‘1"
568 5696 713 5737 ,δίκὲἷὲ
804 5710 816 5733 ό
2001 5696 2004 5702 ⁴

428 5696 535 5726 W-
568 5696 754 5751 ,ους-ιω
804 5710 816 5733 ε
2001 5696 2008 5703 τ

2190 4876 2495 4935 Ἀπώλετο
2546 4878 2615 4932 τὸ
2670 4879 3076 4950 μνημόσυνον
3109 4880 3312 4936 αὐτῶν
3344 4880 3474 4950 μετ’
3524 4879 3704 4949 ἤχου.

2109 4968 2299 5031 Οὐδεὶς
2328 4969 2434 5041 γὰρ
2460 4968 2610 5040 αὐτῷ
2631 4969 2824 5025 θυσίαν
2857 4972 3191 5043 προσφέρειν
3211 4966 3340 5036 οῐδε,
3365 4971 3398 5042 ἢ
3426 4971 3562 5035 ὅλως
3585 4972 3708 5024 ἐπι·

2109 5059 2419 5119 καλεῖσθαι.
2439 5060 2513 5114 Τὸ
2539 5059 2617 5129 δὲ,
2641 5063 2773 5132 μετ’
2803 5061 2982 5132 ἤχου,
3018 5063 3162 5129 ἀντὶ,
3185 5052 3325 5134 μετὰ
3343 5062 3470 5134 βοῆς
3493 5081 3506 5095 ·
3540 5062 3709 5133 βοῶντ

2109 5168 2177 5205 τα
2210 5152 2323 5224 ’γάρ
2365 5152 2595 5222 ἔφευγον
2642 5154 2713 5207 τὰ
2762 5154 3038 5225 δαιμόνια.
3073 5154 3142 5209 Ἢ
3193 5156 3288 5209 καὶ
3335 5156 3467 5224 μετ’
3518 5154 3701 5224 ἤχου,

2111 5244 2253 5313 ἀντὶ,
2298 5244 2491 5301 Ὠλετο
2547 5247 2687 5318 μετὰ
2743 5247 2844 5317 τῆς
2877 5247 3196 5312 ἀλαζονείας
3246 5245 3554 5318 ὲκείνης,ἢ
3610 5245 3704 5299 καὶ

2111 5337 2212 5407 τῆς
2262 5343 2510 5412 κραυγῆς
2563 5339 2673 5394 τῶν
2700 5340 3020 5412 ἐπιϐωμίων
3060 5340 3347 5411 ᾀσμάτων.
3388 5338 3611 5400 Ἐνικῶς
3644 5336 3703 5390 δὲ

2116 5428 2461 5484 καθάπτεται
2506 5429 2598 5483 τοῦ
2633 5431 2909 5503 δαίμονος,
2939 5431 3116 5499 ἀσεϐῆ
3149 5429 3341 5484 τοῦτον
3375 5429 3469 5483 καὶ
3502 5428 3694 5499 Ex!)in

2115 5521 2423 5592 ὀνομάζων,
2452 5523 2546 5577 τὸν
2598 5526 2911 5596 προστάτην
2962 5524 3072 5577 τῶν
3121 5523 3383 5576 ἐναντίων
3416 5521 3702 5591 δυνάμεων

2119 5614 2319 5685 μᾶλλον
2371 5617 2630 5687 ὑϐρίζων,
2665 5618 2737 5682 ὡ,
2773 5617 2870 5671 καὶ
2901 5620 3011 5682 τοῖς
3048 5615 3228 5682 ἄλλοις
3257 5616 3429 5670 αἴτιον
3459 5616 3705 5693 ιΞιποσταπ⁷

1478 5826 1511 5833 κ
1564 5834 1597 5849 η-
1626 5852 1637 5856 ρ
1769 5791 1972 5856 Variis
2004 5791 2340 5855 lectiones.

1626 5852 1761 5911 Ἀ
1788 5942 1795 5943 ,

490 5893 601 5967 (i6;
636 5891 718 5945 ἴον.
755 5892 922 5947 ἐπα-ιε
933 5891 1187 5946 παύοντο.
