4146 6424
463 380 569 447 145

1617 380 2010 447 COMMENT.
2056 381 2141 444 ΙΝ
2174 382 2536 447 PSALMOS.

3648 370 3748 438 1&5

461 496 586 558 σίας
609 491 900 562 γινόμενον
927 506 942 522 ⁸
983 492 1054 546 δι’
1083 491 1252 546 αὐτοῦ
1284 491 1363 556 δὲ,
1398 491 1494 546 καὶ
1527 492 1733 547 τούτων
1760 494 1860 565 οὐχ
1899 489 2064 564 ἦττον

2184 492 2479 547 ltemonum
2516 491 2800 561 prmsidutn
2859 494 3033 563 tt‘agis
3077 493 3399 563 obiurgans,
3450 489 3617 545 veluti
3655 492 3748 561 qui

459 588 815 659 κατατρέχει.

540 767 645 823 Kal
681 768 713 821 ό
754 766 972 837 Κύριος
1006 767 1094 833 είς
1131 766 1241 822 τὸν
1287 766 1477 827 αἰῶνα
1526 769 1723 840 μένει.
1767 771 1827 824 Ὀ
1859 772 2067 845 Κύριος

463 864 582 923 τοῖς
612 859 827 913 ἔθνεσιν
859 856 1006 913 εῖναι
1039 858 1433 933 πιστευόμενος
1462 860 1593 933 ἄχρι
1626 864 1942 930 συντελείας
1961 883 1976 898 ·
2006 865 2069 919 τὸ

463 952 810 1022 ἀμετάθετον
855 952 969 1023 γὰρ
1015 953 1117 1024 τῆς
1167 953 1455 1020 εὐσεϐείας
1485 955 1598 1010 τῶν
1629 954 1942 1029 δεξαμένων
1966 959 2068 1013 αὐ.

464 1047 573 1119 τὴν
600 1048 628 1102 ὁ
658 1045 818 1117 λόγος
840 1044 1113 1102 διδάσκει.

555 1314 912 1384 Ἡτοῐμασεν
943 1315 1015 1371 ἐν
1060 1316 1255 1387 κρίσει
1288 1318 1397 1373 τὸν
1421 1321 1641 1390 θρόνον
1684 1321 1895 1379 αὑτοῦ.
1931 1323 2072 1396 Περὶ

464 1405 576 1473 τῆς
605 1405 747 1458 κατὰ
793 1406 884 1459 τὸν
928 1407 1177 1474 παρόντα
1234 1407 1348 1479 βίον
1378 1410 1519 1482 ὑπὲρ
1549 1412 1707 1482 ἡμῶν
1749 1414 2073 1483 ἀναλήψεως

466 1498 571 1550 τοῦ
622 1497 879 1569 Σωτῆρος
933 1500 1134 1571 μικρὸν
1191 1500 1399 1555 ἄνωθεν
1434 1501 1628 1569 εἰπὼν,
1676 1503 1773 1558 νῦν
1821 1506 1920 1559 καὶ
1972 1505 2073 1577 τὴν

470 1591 787 1662 μέλλουσιν
816 1593 1137 1661 αἰνίττεται,
1180 1594 1280 1666 τὴν
1326 1595 1561 1651 καθόλου
1618 1598 1716 1652 καὶ
1749 1598 2086 1654 τελευταίαν

468 1684 574 1735 καὶ
603 1683 847 1754 φοϐερὰν
890 1686 1057 1739 αὐτοῦ
1105 1687 1414 1755 ὲπέλευσιν,
1467 1691 1598 1746 ὅταν
1624 1691 1845 1762 ἑκάστῳ
1878 1694 2071 1748 ἀποδί-

466 1776 608 1829 δωσι
660 1781 804 1831 κατὰ
833 1778 901 1833 τὰ
933 1778 1072 1851 ἔργα
1122 1782 1311 1839 αὐτοῦ.
1364 1784 1439 1839 Τὸ
1467 1785 1524 1840 δὲ
1557 1786 1940 1858 Ἦτοίμασεν,
1976 1790 2071 1844 ἀν»

468 1870 771 1940 θρωπίνως
795 1872 1034 1945 εἴρηται.

551 1962 662 2015 Kal
690 1965 877 2032 αὐτὸς
932 1967 1129 2036 κρινεῖ
1174 1969 1292 2037 τὴν
1337 1974 1703 2043 οἰκουμένην
1741 1977 1812 2031 ἐν
1842 1977 2072 2034 δικαιο-

2170 584 2488 643 rebellionis
2535 600 2701 640 causa
2758 585 2869 640 illis
2922 585 3153 649 exstitit,
3204 585 3422 640 tametsi
3471 599 3567 654 per
3623 598 3750 639 eum

2166 691 2402 737 caeteros
2428 676 2790 732 nihilominus
2818 677 2984 733 etiam
3025 686 3238 747 carpat.

2242 770 2410 827 Vens.
2463 770 2518 826 8.
2581 769 2651 824 Et
2719 769 2975 824 Dominus
3023 770 3079 823 in
3132 768 3388 824 secutum
3452 776 3748 835 permanet.

2172 866 2462 929 Dominum
2502 878 2658 930 vero,
2701 863 2899 933 inquit,
2948 863 3138 919 fideles
3168 878 3233 917 ex
3281 862 3541 932 gentibus
3576 876 3753 928 usque

2170 957 2237 1012 ad
2271 956 2812 1020 consummationem
2871 968 3294 1024 permansurum
3349 953 3599 1008 crmlunt.
3658 951 3753 1006 llis

2169 1049 2320 1103 enim
2349 1046 2556 1112 verbis,
2607 1047 2781 1102 semel
2832 1056 3071 1116 receptae
3133 1045 3258 1100 ﬁdei
3314 1046 3611 1108 stabilitas,
3666 1055 3753 1099 at-

2170 1154 2281 1210 que
2336 1138 2508 1210 ipsius
2571 1137 2839 1197 Ecclesia:
2914 1138 3450 1194 incommutabilitas
3520 1139 3754 1193 denota-

2172 1243 2285 1289 tur.

2248 1323 2468 1380 Paravit
2512 1327 2567 1380 in
2608 1325 2815 1395 judicio
2867 1326 3115 1381 thronum
3168 1339 3345 1378 ruina.
3398 1321 3534 1378 Cum
3594 1320 3757 1392 paulo

2173 1418 2430 1490 superius
2468 1419 2538 1473 de
2583 1418 2884 1473 Salvatoris
2938 1415 3139 1471 dixerit
3189 1414 3591 1485 assumptione,
3635 1426 3759 1484 quin

2176 1509 2231 1577 iu
2262 1509 2522 1580 praesenti
2563 1508 2673 1562 vita
2706 1507 2847 1563 facta
2887 1515 2994 1572 est,
3047 1521 3194 1561 nunc
3222 1502 3502 1559 defutura
3538 1503 3704 1558 tradit
3739 1520 3755 1556 :

2177 1600 2245 1655 tle
2300 1599 2498 1655 ultimo
2559 1600 2825 1655 nimirum
2889 1609 2943 1656 et
3008 1599 3246 1656 terribili
3309 1600 3431 1670 ejus
3495 1596 3757 1658 adventu,

2174 1689 2396 1760 quando
2456 1690 2753 1760 unicuique
2795 1689 2953 1760 juxta
2987 1691 3211 1761 prepria
3253 1704 3419 1760 opera
3466 1687 3756 1743 retribuet.

2179 1782 2340 1850 Quod
2364 1798 2495 1839 vero
2525 1783 2874 1848 aiLParat-it,
2923 1784 3227 1839 humanum
3268 1783 3323 1838 in
3372 1795 3581 1837 morem
3622 1794 3759 1835 con~

2106 1849 2147 1903 Β
2177 1877 2522 1934 deacendens
2546 1878 2764 1934 loculus
2790 1882 2897 1932 est.

2252 1969 2414 2027 Vuns.
2445 1969 2498 2025 9.
2542 1969 2606 2024 Et
2634 1972 2744 2039 ipse
2772 1969 3040 2040 judicabit
3063 1967 3239 2023 orbem
3270 1977 3424 2022 terrae
3446 1968 3499 2021 in
3521 1966 3759 2035 justitia,

469 2057 638 2126 σύνῃ
660 2074 675 2088 ·
712 2058 905 2125 κρινεῖ
928 2060 1121 2128 λαοὺς
1145 2062 1214 2116 ἐν
1246 2065 1548 2133 εὐρύτητι.
1579 2069 1927 2140 Οἰκουμένην
1973 2071 2074 2141 μὲν

2184 2063 2433 2128 iudicabit
2463 2063 2685 2134 populos
2732 2067 2787 2117 in
2842 2062 3178 2118 rectitudine.
3243 2059 3348 2116 Per
3396 2059 3571 2114 orbem
3611 2068 3766 2113 terra:

471 2150 629 2220 λέγει
660 2154 790 2219 τούς
814 2156 1065 2222 πιστοὺς,
1121 2159 1254 2230 παρ’
1285 2154 1368 2224 οἷς
1401 2160 1572 2215 οἰκεῖν
1622 2164 1940 2219 πιστεύεται
1970 2156 2076 2220 ’διὰ

476 2243 589 2297 τῶν
610 2245 933 2317 ἁπανταχοῦ
958 2249 1103 2303 ναῶν
1127 2267 1140 2282 ο
1174 2250 1338 2315 λαοὺς
1363 2251 1441 2314 δὲ,
1491 2255 1615 2318 τούς
1638 2255 1830 2321 ἄλλους
1861 2257 2075 2329 ἀνθρὼ-

489 2354 638 2400 πους,
680 2340 817 2407 παρ’
847 2336 931 2404 οἷς
968 2340 1163 2413 λόγχαι
1210 2343 1422 2398 δασεῖαι
1458 2345 1568 2399 τῶν
1613 2347 1829 2414 παθῶν,
1876 2344 1958 2413 οἷς
1987 2347 2085 2405 οἷα

492 2428 646 2500 θῆρες
664 2433 712 2485 οἱ
736 2432 994 2503 δαίμονες
1025 2435 1456 2505 ἐμφωλεύουσινυ
1472 2440 1648 2504 ἄλλως
1682 2442 1791 2510 γὰρ
1808 2443 2076 2511 ἐκείνους,

483 2522 576 2573 καὶ
602 2521 781 2587 ἄλλως
796 2524 1023 2590 τούτους
1053 2532 1245 2599 κρινεῖ,
1274 2529 1516 2596 δυνατῶς
1549 2533 1814 2601 δυνατοὺς
1844 2538 2076 2605 ὲτάζων,

479 2614 577 2666 καὶ
611 2613 750 2686 πρὸς
783 2616 886 2689 τὴν
929 2618 1148 2686 πίστιν,
1185 2622 1280 2675 καὶ
1314 2624 1413 2692 τὴν
1459 2626 1722 2681 ἀπιστίαν
1766 2629 1970 2684 αὐτῶν.
2006 2631 2079 2684 Ἣ

477 2706 576 2758 καὶ
604 2706 666 2761 τὸ
700 2707 896 2776 λαοὺς
930 2710 1178 2781 ἐπάγων,
1209 2714 1269 2767 τὸ
1320 2715 1424 2786 τῆς
1456 2718 1790 2791 οἰκουμένης
1813 2721 2081 2791 ἐσαφήνι-

476 2812 576 2848 σεν
596 2796 799 2869 νόημα,
832 2802 945 2856 ἀπὸ
974 2804 1072 2859 τοῦ
1106 2807 1460 2878 περιέχοντος
1488 2811 1615 2876 τοὺς
1646 2816 2079 2886 περιεχομένους

476 2891 864 2963 ὐποδηλώσας.
906 2897 987 2969 Τῇ
1048 2899 1226 2970 κρίσει
1281 2901 1359 2968 δὲ,
1415 2903 1516 2973 τὴν
1565 2905 1923 2974 δικαιοσύνην
1982 2908 2080 2962 καὶ

475 2981 582 3051 τήν
615 2982 889 3057 εὐθύτητα
942 2987 1227 3063 κηρύττει,
1284 2992 1344 3045 τὸ
1389 2991 1484 3045 τοῦ
1521 2994 1803 3065 κρίνοντος
1826 2998 2080 3070 ιίιπαρέκ⁴

476 3075 698 3130 κλιτον.
1659 3098 1666 3104 ‘

552 3347 665 3401 Kal
691 3347 929 3417 ἐγένετο
984 3352 1200 3420 Κύριος
1233 3354 1552 3425 καταφυγὴ
1595 3353 1675 3422 τῷ
1707 3357 1942 3426 πένητι.
1976 3359 2083 3414 Πέ-

478 3456 587 3510 νης
615 3442 727 3512 γὰρ
757 3444 837 3506 είς
862 3443 1149 3499 εὐσέϐειαν
1201 3447 1297 3499 καὶ
1330 3448 1536 3520 ἀρετὴν
1563 3451 1591 3502 ὁ
1621 3448 1682 3515 ἐξ
1729 3450 1900 3504 ἐθνῶν
1929 3452 2081 3519 λαὸς,

475 3526 525 3600 ᾧ
549 3537 945 3589 πεπιστευκὸτι
990 3538 1284 3612 καταφυγὴ
1315 3541 1540 3610 γέγονεν
1565 3543 1593 3594 ὁ
1619 3540 1784 3608 Θεόςο
1826 3546 1854 3597 ὁ
1884 3547 1993 3617 γὰρ
2018 3548 2080 3600 ἐν

480 3625 734 3696 χρῆμασι
784 3628 1036 3695 πλοῦτος,
1089 3631 1321 3694 ἄπιστος
1378 3635 1472 3688 καὶ
1522 3635 1796 3701 ἀϐέϐαιος.
1861 3638 1929 3694 Ἢ
1983 3642 2078 3695 καὶ

479 3717 644 3772 coitu
681 3720 930 3789 βούλεται
966 3723 1164 3794 δηλοῦν
1186 3767 1200 3792 ,
1251 3725 1326 3790 ὡς
1358 3726 1460 3781 οὐκ
1508 3727 1623 3782 ἔστι
1654 3732 1806 3804 παρὰ
1844 3732 1922 3804 τῷ
1960 3732 2081 3802 Θεῷ

480 3814 923 3883 προσωποληψία
944 3833 958 3847 ο
992 3819 1091 3870 καὶ
1118 3817 1208 3872 τὸν
1266 3820 1485 3890 πτωχὸν
1500 3821 1611 3889 γὰρ
1659 3824 2084 3895 καταφεύγοντα

479 3903 723 3972 Siler-rt,
754 3906 848 3959 καὶ
875 3908 976 3962 οὐκ
1001 3908 1433 3980 ἀποστρέφεται.

2177 2157 2300 2232 [seu
2329 2159 2511 2228 potius
2544 2170 2607 2213 ut.
2638 2158 2695 2212 in
2731 2157 2927 2214 Graeco
2957 2158 3214 2222 habetur,
3249 2170 3347 2225 per
3369 2150 3764 2224 habitabilem],

2181 2252 2370 2307 fideles
2394 2250 2672 2322 intelligit.
2706 2250 2852 2321 apud
2878 2264 3020 2319 quos
3049 2249 3304 2305 habitare
3342 2246 3487 2302 Deus
3517 2245 3769 2301 creditur

2180 2346 2237 2401 in
2266 2345 2527 2400 omnibus
2557 2343 2846 2401 Ecclesiis.
2883 2342 3124 2413 Populos
3154 2356 3286 2397 vero
3320 2350 3550 2396 eteteros
3581 2338 3764 2391 Immi-

2179 2454 2279 2494 nes
2307 2438 2565 2508 appellat,
2595 2437 2740 2504 apud
2769 2452 2911 2507 quos
2946 2437 3131 2490 densae
3186 2442 3316 2489 sunt
3376 2431 3670 2487 aliectuum
3705 2448 3769 2484 at;

2182 2532 2506 2602 passionum
2561 2530 2739 2596 silvae,
2774 2531 2830 2585 in
2882 2543 3120 2605 quorum
3183 2525 3411 2581 latebris
3465 2524 3766 2583 (linteones,

2180 2624 2420 2679 ferarum
2487 2624 2666 2680 instar
2731 2629 3171 2679 commorantur.
3221 2619 3398 2674 Aliter
3443 2618 3601 2672 euim’
3643 2616 3769 2669 illos

2184 2715 2466 2778 Dominus,
2534 2722 2721 2785 atque
2758 2713 2921 2769 aliter
2951 2712 3086 2767 istos
3152 2709 3444 2780 iudicabit,
3518 2714 3768 2778 potentes

2182 2808 2441 2863 nimirum
2472 2817 2729 2877 potenter
2767 2809 3086 2876 exquirens,
3114 2805 3273 2876 juxta
3329 2802 3546 2855 illorum
3588 2800 3770 2861 fidem,

2183 2908 2347 2969 atque
2374 2899 2783 2955 infidelitatem.
2821 2896 2918 2953 Vel
2949 2897 3081 2953 dum
3142 2893 3363 2965 populos
3394 2891 3547 2956 dicit,
3594 2889 3773 2960 magis

2182 2996 2428 3052 declarat
2462 2993 2610 3066 quod
2651 2993 2866 3048 dixerat
2901 2992 3089 3047 orbem
3145 2999 3326 3054 terrae,
3381 2998 3592 3056 ponens
3622 2983 3770 3053 quod

2184 3091 2432 3143 continet
2474 3102 2574 3158 pro
2601 3102 2667 3143 eo
2695 3101 2807 3156 quo
2841 3078 3164 3140 contentum
3193 3090 3298 3135 est.
3333 3076 3555 3132 iudicio
3590 3085 3769 3130 autem

2104 3199 2148 3258 ο
2182 3179 2459 3248 justitiam
2515 3189 2571 3234 et
2616 3176 3006 3234 rectitudinem
3064 3172 3425 3244 complicans,
3466 3168 3772 3239 judicantis

2187 3270 2559 3336 integritatem
2589 3269 2873 3339 praedicat.

2259 3363 2431 3419 Vsus.
2467 3364 2553 3418 l0.
2591 3364 2659 3419 Et
2690 3363 2866 3433 factus
2896 3371 2975 3417 est
3028 3358 3286 3414 Dominus
3325 3354 3588 3425 refugiunt
3639 3367 3776 3421 pau-

2183 3458 2318 3527 peri.
2369 3456 2584 3526 Pauper
2625 3455 2756 3510 olitu
2804 3462 2924 3510 erat
2972 3444 3228 3524 populus
3261 3450 3506 3521 gentilis,
3574 3447 3776 3503 virtute

2186 3548 2450 3603 nimirum
2485 3556 2537 3603 et
2578 3546 2852 3616 religione
2905 3562 2918 3600 :
2961 3545 3051 3599 cui
3088 3551 3214 3614 post
3268 3551 3551 3610 acceptam
3615 3537 3774 3593 fidem

2193 3644 2460 3723 Dominus
2494 3643 2675 3699 factus
2705 3652 2793 3699 est
2820 3641 3093 3712 refugium
3135 3657 3149 3691 :
3179 3637 3382 3692 divitia:
3399 3636 3543 3691 enim
3565 3648 3687 3703 qum
3720 3631 3776 3685 in

2193 3722 2444 3809 pecuniis
2484 3736 2820 3800 consistunt,
2841 3734 2968 3803 quia
3008 3732 3233 3787 incertae
3282 3739 3447 3799 atque
3489 3722 3779 3781 instabiles

2191 3840 2347 3895 sunt,
2378 3830 2579 3885 divitia:
2624 3842 2768 3883 verae
2815 3826 3027 3883 censeri
3058 3878 3059 3885 η
3086 3838 3196 3877 non
3262 3822 3488 3879 debent.
3525 3817 3618 3872 Vel
3677 3816 3783 3870 hoc

2195 3921 2358 3975 nobis
2387 3919 2531 3975 forte
2561 3919 2739 3973 voluit
2788 3918 3052 3988 prepbcta
3091 3913 3412 3985 significare
3460 3909 3606 3979 quod
3638 3907 3779 3978 apud

445 3990 660 4057 fllequ
711 3997 862 4051 nulla
924 4010 1010 4055 est
1065 4005 1316 4073 acceptio
1374 4018 1760 4074 personarum,
1827 4010 2086 4081 quodque
2123 4027 2426 4084 pauperem
2482 4026 2637 4082 teque
2685 4025 2748 4066 ac
2791 4010 3018 4065 divitem
3055 4008 3121 4063 ad
3186 4023 3247 4062 se
3282 4007 3579 4076 fugientem
3659 4016 3781 4058 sus-

482 4089 647 4157 cipit.

458 4185 467 4209 ’
506 4182 519 4189 ’
560 4183 791 4251 Βοηθὸς
838 4186 909 4239 ἐν
945 4189 1295 4256 εὐκαιρίαις,
1335 4191 1406 4245 ἐν
1462 4192 1732 4262 θλίψεσι.
1794 4196 2085 4264 Καταψεύ-

483 4287 644 4340 γοντι
674 4272 881 4344 βοηθεῖ,
907 4277 998 4330 καὶ
1032 4278 1090 4331 ἐν
1125 4277 1456 4347 εὐκαιρίαις,
1486 4282 1767 4337 τουτέστιν
1793 4285 1852 4338 ὲν
1878 4285 2083 4356 εὐημε-

487 4367 662 4437 ρίαις,
687 4368 781 4421 καὶ
807 4371 865 4422 ὲν
898 4370 1112 4441 θλίψεσι
1132 4387 1146 4402 ·
1183 4372 1307 4427 καθ’
1333 4374 1496 4428 ἑαυτὸ
1541 4375 1650 4448 γὰρ
1682 4376 1917 4431 ἕκαστον
1947 4379 2085 4432 ἀπο-

484 4458 670 4525 λύτως
702 4460 1099 4531 ἀναγνωστέον.
1149 4466 1223 4519 Οὐ
1261 4467 1423 4537 μόνον
1447 4467 1555 4539 γὰρ
1575 4470 1627 4522 οἱ
1660 4472 1717 4523 ὲν
1749 4473 2083 4542 συμφοραῖς,

485 4552 632 4605 ἀλλὰ
666 4554 760 4607 καὶ
784 4555 835 4606 oi
866 4556 923 4607 ἐν
955 4558 1309 4627 εὐπραγίαις,
1342 4558 1541 4629 βοηθοῦ
1585 4560 1825 4630 μάλιστα
1851 4563 2086 4636 χρῄζου-

489 4661 603 4711 σιν,
638 4644 729 4699 ίνα
754 4645 982 4717 βεϐαίαν
1021 4650 1120 4721 τὴν
1146 4650 1496 4721 εὐδαιμονίαν
1529 4651 1831 4722 φυλάξωσι,
1864 4655 1962 4710 καὶ
2009 4656 2086 4727 μὴ

489 4737 813 4807 ἐμπέσωσιν
868 4742 951 4805 είς
994 4741 1296 4813 ῥᾳθυμίαν,
1328 4743 1428 4815 τὴν
1485 4747 1698 4818 μητέρα
1728 4748 1836 4801 τῶν
1869 4766 2086 4819 συμφο-

494 4827 631 4901 ρῶν.
665 4830 825 4895 Τινὲς
850 4832 907 4887 δὲ
932 4833 1015 4897 τὸ,
1051 4835 1122 4888 ἐν
1140 4837 1491 4905 εὐκαιρίαις.
1522 4839 1830 4911 ἐπικαίρως
1855 4843 2086 4914 εἰρήκα-

494 4937 607 4985 σιν,
664 4922 1086 4994 ἑρμηνεύοντες,
1141 4926 1224 4981 ὅτι
1272 4929 1495 4997 ἐγένετο
1527 4929 1732 5001 Κύριος
1758 4931 1975 5004 βοηθὸς
2027 4935 2086 4988 ὲν

493 5012 747 5158 ἓλέψεσιν
777 5017 1108 5093 ἐπικαίρως,
1138 5020 1307 5093 ἤγουν
1336 5024 1420 5088 εἰς
1448 5025 1643 5095 καιρὸν
1668 5023 1924 5095 δεόμενον
1960 5025 2089 5100 βοη-

531 5122 559 5158 ε
588 5124 673 5158 ac-

531 5122 673 5171 ειας.

2265 4197 2498 4267 Atljntar
2536 4198 2589 4250 in
2619 4193 3086 4267 prosperitatibus,
3113 4192 3168 4245 in
3222 4189 3589 4244 tribulatione.
3638 4187 3782 4241 (Zou'

2194 4289 2470 4360 fugientes
2502 4289 2569 4344 ad
2606 4303 2666 4344 se
2695 4286 2838 4342 Deus
2869 4285 3119 4356 adjuvat,
3168 4282 3286 4341 sive
3312 4281 3366 4335 in
3395 4278 3786 4351 prosperitati-

2196 4386 2320 4448 bus,
2350 4385 2456 4439 hoc
2483 4391 2569 4438 est
2612 4381 2894 4438 felicitatis
2950 4388 3223 4450 tempore,
3286 4374 3635 4446 confugiant,
3669 4372 3784 4426 sive

2195 4481 2250 4536 iu
2275 4479 2653 4535 tribulatione.
2689 4472 3142 4545 Unumquodque
3168 4470 3317 4527 enim
3339 4484 3434 4540 per
3455 4482 3515 4523 se
3532 4465 3785 4522 al-solute

2194 4570 2487 4644 legendum
2520 4580 2629 4627 est.
2683 4566 2877 4638 Neque
2911 4566 3061 4621 enim
3097 4564 3137 4619 ii
3170 4563 3350 4619 solum
3383 4559 3594 4616 auxilio
3635 4557 3784 4613 indi.

2191 4675 2323 4737 gent
2364 4667 2456 4736 qui
2497 4665 2553 4721 in
2585 4661 3001 4719 calamitatibus
3037 4667 3190 4723 sunt,
3237 4657 3332 4713 sed
3362 4656 3440 4711 illi
3477 4655 3644 4710 etiam
3690 4653 3786 4723 qui

2191 4759 2248 4814 in
2291 4755 2776 4828 prosperitatibus,
2810 4762 2871 4809 ut
2898 4751 3217 4808 felicitatem
3250 4763 3405 4805 suam
3436 4754 3786 4807 conservent.
3866 4817 3872 4827 ν

2193 4858 2339 4904 etne
2374 4848 2427 4902 in
2462 4846 2762 4918 ignaviam,
2786 4843 3165 4899 calamitatum
3213 4848 3473 4903 matrem,
3506 4837 3787 4894 decidant.

2196 4941 2379 5011 Aliqui
2444 4939 2609 4996 etiam
2672 4939 2863 5010 legunt
2926 4934 2994 4990 In
3066 4931 3577 5005 opportunitatibus,
3637 4927 3786 5001 [cum

2198 5029 2387 5088 Gmca
2423 5031 2592 5087 dictio
2626 5028 2887 5100 εὐκαιρία
2913 5042 3025 5084 non
3062 5024 3492 5097 prosperitalem
3550 5029 3786 5079 tantum,

2204 5119 2301 5175 sed
2335 5119 2810 5190 opportunitatem
2850 5116 3017 5174 etiam
3060 5112 3386 5186 signiticet],
3417 5112 3788 5180 intelligcntcs

496 5200 645 5269 quod
706 5200 973 5259 Dominus
1022 5212 1339 5274 opportune
1373 5205 1427 5261 in
1473 5206 1934 5264 tribulationibus
1992 5225 2095 5267 nos
2132 5210 2365 5283 adjuvit.
2395 5211 2508 5267 lloc
2536 5221 2620 5269 est
2651 5211 2748 5268 illo
2773 5218 3025 5285 tempore
3060 5225 3173 5281 quo
3229 5218 3350 5281 ejus
3388 5202 3598 5259 auxilio
3664 5216 3792 5255 vero

496 5296 904 5365 indigebamns.

571 5391 682 5444 Kal
714 5389 1151 5445 ἐλπισάτωσαν
1184 5390 1282 5445 ἐπὶ
1319 5393 1421 5447 σοι
1465 5396 1521 5448 οι
1573 5392 1980 5463 γινώσκοντες
2024 5402 2090 5450 τὸ

497 5483 691 5553 ὄνομά
715 5499 858 5549 σου,
890 5483 981 5539 ὅτι
1007 5486 1122 5541 οὐκ
1162 5486 1553 5557 ἐγκατέλιπες
1602 5486 1746 5554 τοὺς
1776 5488 2096 5557 ἐκζητοῦν-

501 5575 608 5643 τάς
634 5591 735 5644 σε,
787 5578 988 5647 Κύριε.
1035 5578 1146 5632 Καὶ
1197 5579 1385 5633 λοιπὸν
1430 5580 1711 5633 ἐλπιοῦσιν
1751 5580 1845 5633 ἐπὶ
1873 5583 1976 5645 σοὶ,
2017 5581 2095 5645 ὡς

499 5668 647 5741 μόνῳ
669 5671 965 5744 δυναμένῳ
997 5671 1216 5737 σώζειν,
1234 5675 1281 5728 oi
1312 5673 1673 5741 γινώσκοντες
1699 5675 1761 5729 τὸ
1776 5674 1947 5745 ὄνομα
1975 5691 2091 5738 σου,

497 5770 776 5825 τουτέστιν
806 5768 890 5829 σὲ.
914 5767 1062 5822 κατὰ
1088 5767 1439 5841 περίφρασιν,
1477 5769 1646 5841 ἤγουν
1669 5771 1717 5823 oi
1747 5769 2096 5834 πιστεύοντες

486 5868 569 5933 είς
598 5867 684 5927 σέ.
722 5865 889 5932 Τινὲς
916 5865 1033 5937 γὰρ
1063 5863 1173 5919 ἀπὸ
1209 5864 1305 5920 τοῦ
1367 5863 1664 5937 Ἐϐραϊκοῦ
1696 5864 1758 5921 τὸ
1803 5865 2094 5922 Ἐλπισίὶ-

2269 5397 2438 5453 Vsus.
2466 5394 2552 5449 ll.
2585 5392 2656 5448 Et
2696 5403 2902 5462 sperent
2953 5394 3010 5447 in
3050 5399 3100 5446 te
3143 5391 3235 5461 qui
3282 5394 3538 5442 noverunt
3603 5401 3791 5440 nomen

2201 5503 2371 5557 tuum,
2414 5490 2541 5561 quia
2568 5506 2672 5543 non
2700 5486 3030 5555 dereliquisti
3079 5482 3409 5554 exquirentes
3439 5489 3507 5546 te,
3547 5479 3792 5535 Domine.

2202 5585 2499 5655 Deinceps,
2549 5580 2727 5652 inquit
2765 5597 2779 5634 :
2813 5576 3114 5647 Sperabam
3148 5575 3202 5628 in
3227 5583 3298 5641 te,
3325 5572 3492 5628 veluti
3528 5573 3582 5627 in
3609 5587 3674 5626 eo
3698 5573 3792 5639 qui

2206 5676 2359 5733 Solus
2396 5683 2572 5745 potest
2603 5672 2851 5735 salt-are;
2891 5668 2992 5733 illi,
3025 5668 3277 5736 inquam,
3334 5665 3663 5735 sperabunt,
3701 5663 3792 5730 qui

2207 5785 2409 5825 nomen
2446 5777 2626 5827 tuum,
2676 5764 2780 5817 hoc
2835 5772 2922 5814 cst
2986 5760 3223 5829 teipsum
3284 5766 3576 5813 noverunt.
3620 5756 3699 5810 Ae
3746 5754 3792 5807 si

2207 5865 2354 5920 dicat
2395 5878 2408 5918 :
2443 5860 2483 5917 li
2537 5858 2631 5932 qui
2683 5855 2919 5914 credunt
2971 5856 3029 5914 in
3080 5863 3156 5914 te.
3209 5853 3443 5923 Quidam
3493 5852 3653 5909 etiam
3694 5859 3793 5921 pro
