4146 6462
365 414 464 480 m
1604 422 1989 483 EUTllYMll
2036 425 2399 484 ZlGABENl
3554 407 3657 471 1-18

361 529 545 585 verbis
580 528 692 586 illis
730 529 956 599 Sperent
982 531 1039 584 in
1072 539 1142 594 te,
1199 546 1265 584 ex
1326 530 1560 587 Hebraeo
1605 533 1948 605 interpretati

2062 550 2285 603 τωσαν,
2339 536 2462 591 ἀντὶ
2486 535 2582 590 τοῦ
2631 534 2880 589 ὲλπιοῦσι
2934 527 3517 603 μεθηρμηνεύκαυσιν.
3586 520 3658 571 Ἦ

363 632 493 679 sunt
527 644 541 678 :
573 622 871 692 Sperabunt
895 624 949 676 in
972 631 1042 685 te.
1072 622 1258 677 futuro
1286 624 1370 678 usi
1399 634 1645 693 tempore
1664 640 1765 695 pro
1790 627 1952 681 modo

365 716 714 784 imperativo.
784 716 892 771 Sed
959 714 1236 786 PrOpheta
1306 714 1565 773 fortassis
1625 718 1953 789 imperativo

366 826 506 864 usus
554 820 637 864 est
686 808 1042 879 prmceptoris
1087 823 1153 862 ac
1207 807 1458 865 docentis
1514 825 1668 865 more
1717 825 1783 866 ea
1839 811 1952 866 fieri

359 903 586 969 jubens,
643 918 765 971 quae
807 901 982 972 probe
1047 915 1111 956 ac
1164 900 1399 957 ﬁrmiter
1450 903 1622 958 novit.
1678 904 1952 960 Praeterea

361 994 527 1051 etiam
552 1000 703 1048 recte
723 993 882 1057 dixit,
917 992 1025 1060 Qui
1064 1004 1321 1050 noverunt
1352 1012 1539 1050 nomen
1575 1006 1746 1051 tuum.
1776 994 1951 1052 Natu-

362 1100 480 1139 ram
513 1085 658 1140 enim
717 1084 812 1141 Dei
856 1087 1042 1144 nullus
1107 1089 1282 1146 novit.
1334 1089 1399 1145 Et
1447 1090 1669 1146 demum
1726 1092 1950 1147 causam

363 1178 621 1247 apposuit
644 1179 762 1248 spei
796 1194 914 1233 suae
937 1179 1127 1237 dicens
1161 1200 1176 1235 :
1206 1182 1468 1248 Quoniam
1493 1199 1597 1238 non
1623 1182 1955 1256 dereliquisti

360 1274 696 1342 exquirentes
738 1284 809 1336 te,
845 1271 1093 1328 Domine.
1122 1274 1235 1331 Nec
1285 1276 1427 1331 dixit
1477 1276 1823 1343 Quaerentes,
1855 1278 1950 1332 sed

362 1363 735 1431 Exquirentes,
783 1373 845 1417 ut
879 1364 1361 1436 investigationem
1394 1369 1692 1438 quamdam
1724 1384 1788 1424 ex
1840 1377 1951 1424 tota

363 1455 547 1508 anima
579 1454 889 1510 faciendam
931 1470 1053 1512 esse
1079 1457 1386 1514 denotaret.

445 1546 605 1602 Vens.
644 1547 731 1602 12.
776 1547 1006 1603 Psallite
1034 1549 1265 1606 Domino
1299 1553 1393 1622 qui
1430 1553 1641 1610 habitat
1692 1556 1749 1609 in
1793 1554 1947 1610 Sion.

363 1635 515 1694 Talis
551 1641 739 1709 itaque
771 1655 897 1694 cum
932 1642 1004 1696 sit
1042 1642 1311 1701 Dominus
1340 1655 1399 1701 ut
1426 1648 1686 1716 superius
1718 1648 1952 1704 demon-

2062 630 2161 684 καὶ
2184 629 2587 700 προστακτικὸς
2613 631 2641 683 6
2669 628 2851 697 λόγος,
2884 621 2970 680 οἷα
2993 621 3394 683 διδασκαλικὸς,
3426 619 3549 684 περξ
3583 608 3658 667 ὧν

2064 722 2300 793 βεϐαίως
2337 717 2480 776 οἶδεν
2533 722 2942 791 ἐντελλόμενος.
2989 718 3099 772 Καὶ
3135 715 3313 776 ἄλλως
3368 712 3425 764 δέ
3473 705 3661 770 καλῶς

2062 808 2187 869 εἷπε
2217 815 2283 869 τὸ
2324 813 2514 884 ὄνομά
2558 829 2712 868 σουο
2742 812 2843 881 τήν
2894 808 3003 881 γὰρ
3050 806 3218 862 αὑτοῦ
3268 803 3432 871 φύσιν
3480 798 3660 861 οὐδεὶς

2062 908 2383 978 ἐγνώρισεν.
2416 906 2769 980 Προσέθηκεν
2789 900 2847 959 δέ
2881 905 2977 957 καὶ
3010 901 3109 971 τήν
3138 897 3320 954 αἰτίαν
3368 895 3467 966 τῆς
3504 891 3661 947 ἐλπί-

2061 1002 2172 1069 δος,
2209 1001 2535 1070 ἐπαγαγὼν,
2577 1003 2661 1054 ὅτι
2696 1002 2820 1053 Οὐκ
2858 996 3251 1068 ἐγκατέλιπες
3296 994 3441 1055 τοὺς
3489 984 3661 1053 ἐκζη-

2062 1091 2324 1159 τοῦντάς
2346 1108 2441 1155 σε,
2476 1093 2675 1160 Κύριε.
2710 1091 2858 1161 Ὅρα
2888 1090 2946 1144 δὲ
2971 1086 3090 1151 πῶς
3127 1085 3228 1139 οὐκ
3259 1077 3383 1137 εἶπε
3416 1076 3659 1149 Ζητοῦν-

2061 1205 2184 1254 τας,
2215 1188 2333 1243 ἀλλ’
2365 1186 2822 1256 Ἕκζητοῦντας,
2850 1182 2951 1256 τήν
2982 1183 3041 1250 ἐξ
3062 1181 3193 1252 ὃλης
3210 1176 3392 1249 ψυχῆς
3429 1174 3660 1244 ζήτησιν

2060 1283 2153 1338 διὰ
2182 1283 2283 1353 τῆς
2320 1280 2639 1353 προθέσεως
2662 1278 3049 1350 παραστήσας.

2141 1551 2417 1605 Ψάλλετε
2457 1549 2537 1615 τῷ
2580 1551 2777 1617 Κυρίῳ
2820 1546 2901 1613 τῷ
2937 1543 3320 1601 κατοικοῦντι
3364 1543 3435 1596 ἐν
3484 1540 3660 1597 Σιὼν.

2061 1642 2303 1713 Ἱόιούτῳ
2323 1640 2399 1704 δὲ,
2440 1641 2627 1711 φησὶν,
2660 1641 2774 1694 ὄντι
2807 1639 2885 1711 τῷ
2906 1638 3121 1710 Κυρίῳ,
3154 1631 3268 1691 οἷον
3313 1636 3428 1691 ἄνω
3463 1634 3662 1706 μικρὸν

359 1731 678 1797 stravimus,
718 1731 967 1801 Psallite,
994 1735 1117 1802 hoc,
1154 1744 1259 1803 est,
1296 1736 1489 1796 Canite
1532 1742 1605 1797 ei.
1668 1740 1948 1797 Habitantt

2062 1740 2332 1809 ἐδήλωσα,
2369 1736 2622 1808 ψάλλετε.
2658 1734 3049 1790 Κατοικοῦντι
3105 1732 3164 1787 δὲ
3220 1726 3399 1801 εἶπεν,
3449 1729 3550 1799 οὐχ
3578 1728 3663 1783 ὃτι

358 1838 490 1877 vero
519 1824 575 1878 in
610 1822 742 1880 Sion
781 1825 944 1892 dixit,
986 1844 1096 1904 non
1147 1831 1274 1901 quia
1306 1831 1451 1889 Deus
1482 1834 1606 1891 loco
1650 1836 1948 1891 concluda-

2066 1828 2439 1904 περικλείεται
2475 1830 2626 1900 τόπῳ
2648 1828 2782 1891 Θεὸς
2802 1869 2816 1893 ,
2852 1827 2989 1881 ἀλλὰ
3021 1824 3111 1880 διὰ
3133 1822 3227 1877 τοῦ
3257 1824 3433 1875 εἰπεῖν
3465 1818 3663 1884 οὕτως,

358 1925 470 1978 tur,
501 1919 596 1971 sed
632 1925 689 1971 ut
712 1919 1013 1987 quamdam
1046 1900 1138 1977 Dei
1166 1900 1607 1981 benevolentiam
1637 1944 1764 1995 erga
1797 1929 1948 1985 illum

2062 1900 2161 1995 τὴν
2195 1922 2333 1994 πρὸς
2351 1921 2445 1976 τὸν
2464 1923 2633 1975 τόπον
2665 1920 2925 1989 ἐνέφηνεν
2942 1918 3259 1985 οἰκειότητα
3279 1931 3295 1945 °
3319 1914 3525 1968 ἐνοικεῖ
3554 1910 3663 1979 γὰρ

359 2008 540 2062 locum
573 2008 1010 2067 demonstraret.
1059 2013 1324 2071 Habitare
1352 2019 1520 2074 etiam
1552 2019 1759 2075 dicitur
1807 2020 1948 2077 Deus

2064 2017 2160 2070 καὶ.
2180 2016 2294 2077 τοῖς
2319 2014 2555 2076 πιστοῖς,
2574 2012 2672 2082 οὐχ
2684 2011 2759 2076 ὡς
2779 2011 3193 2083 περιεχόμενος,
3212 2007 3327 2061 ἀλλ’
3344 2007 3418 2069 ὡς
3445 2004 3665 2065 οἰκείως

362 2100 417 2155 in
449 2101 728 2169 ﬁdelibus,
778 2120 887 2160 non
914 2107 1061 2176 quod
1104 2109 1174 2165 ab
1217 2110 1326 2165 illis
1377 2113 1802 2183 complectatur,
1854 2115 1948 2169 sed

2062 2107 2199 2180 πρὸς
2260 2106 2460 2169 αὐτοὺς
2516 2104 2868 2175 διακείμενος
2906 2118 2920 2132 ·
2955 2102 3124 2172 ἤγουν
3174 2100 3299 2162 τοὺς
3355 2094 3664 2167 τηνικαῦτα

359 2193 529 2248 veluti
576 2194 965 2255 benevolentia
1002 2215 1067 2257 ac
1104 2202 1487 2260 familiaritate
1541 2205 1779 2275 quadam
1834 2208 1947 2264 illis

2071 2200 2359 2272 Ἐὁραίους
2440 2198 2666 2269 ψάλλειν
2731 2195 3130 2268 προτρέπεται,
3184 2196 3219 2264 ἦ
3282 2195 3376 2247 καὶ
3435 2190 3561 2252 τοὺς
3606 2186 3667 2252 ἐξ

359 2285 719 2352 conjunctus.
754 2288 1091 2347 Exhortatur
1120 2293 1285 2365 igitur
1336 2295 1611 2366 Propheta
1641 2300 1707 2355 ad
1738 2314 1945 2354 canen-

2062 2294 2272 2349 ἐθνῶν·
2328 2292 2495 2356 αὐτὸς
2532 2291 2641 2362 γὰρ
2697 2289 2852 2343 ἔσται
2898 2288 3109 2342 τούτων
3150 2287 3306 2349 Θεὸς,
3342 2285 3370 2339 6
3404 2288 3463 2338 ἐν
3521 2280 3663 2335 Σιὼν

360 2375 460 2430 das
496 2376 588 2433 Dei
625 2380 817 2437 laudes
867 2383 952 2438 vel
986 2385 1272 2454 Hebraeos,
1309 2389 1401 2457 qui
1458 2398 1591 2445 tunc
1636 2400 1816 2457 erant,
1862 2394 1947 2448 vel

2062 2387 2444 2458 χρηματίζων,
2498 2385 2593 2437 καὶ
2625 2384 2738 2446 τοῖς
2779 2380 2952 2447 ἀξίοις
2986 2380 3395 2451 διαλεγόμενος.
3459 2378 3532 2430 ’Ἡ
3568 2374 3665 2428 καὶ

360 2466 548 2524 ﬁdeles
597 2471 691 2538 qui
737 2488 884 2529 nunc
938 2482 1069 2529 sunt
1123 2492 1187 2531 ex
1226 2480 1506 2546 gentibus,
1544 2496 1779 2551 quorum
1827 2490 1947 2537 erat

2062 2481 2197 2534 Σιὼν
2250 2480 2351 2549 τὴν
2407 2477 2466 2542 ἐξ
2526 2477 2699 2529 ἐθνῶν
2785 2474 3115 2546 Ἐκκλησίαν
3182 2471 3521 2543 ὑποληπτέον
3597 2470 3665 2538 ἣν

360 2559 582 2619 futurus
611 2562 776 2620 Deus.
828 2565 934 2631 Qui
979 2567 1187 2622 habitat
1235 2570 1289 2622 in
1348 2569 1499 2637 Sion,
1557 2572 1660 2626 hoc
1704 2583 1811 2640 eSI,
1843 2573 1946 2640 Qui

2062 2575 2187 2627 ’ύστε
2195 2592 2288 2645 ρον
2321 2575 2661 2631 ὠκειώσατο.

363 2670 625 2725 responsa
656 2665 821 2728 atque
853 2660 1078 2715 oracula
1113 2662 1208 2716 dat
1242 2664 1299 2718 in
1338 2664 1495 2731 Sion,
1560 2666 1653 2720 ubi
1682 2667 1833 2721 viros
1866 2682 1928 2722 se
1963 2663 2160 2735 dignos
2186 2668 2510 2738 alloquitur.
2554 2664 2659 2720 νει
2727 2663 2858 2719 Sion
2906 2661 3208 2719 Ecclesiam
3277 2660 3345 2713 de
3408 2656 3667 2727 gentibus

358 2759 745 2821 congregatum
781 2754 1049 2824 intellige,
1084 2771 1248 2825 quam
1283 2766 1478 2827 postea
1526 2758 1795 2816 Dominus
1837 2761 2134 2817 habitavit.

443 2846 773 2901 Annuntiate
800 2849 939 2903 inter
972 2859 1153 2920 gentes
1184 2853 1369 2906 studia
1402 2856 1539 2921 ejus.
1570 2853 1698 2908 Haec
1726 2856 1789 2909 ad
1820 2871 1955 2925 apo-

359 2940 534 2994 stolos
558 2939 703 2994 dicta
733 2953 884 3004 sunt,
919 2943 1014 3011 qui
1038 2943 1453 3001 circumeuntes
1500 2947 1793 3004 universas
1823 2964 1954 3019 gen-

358 3041 444 3086 tes
483 3032 816 3088 docuerunt.
853 3033 1013 3101 Quod
1071 3051 1203 3091 vero
1259 3036 1398 3091 LXX
1465 3038 1556 3092 hic
1610 3038 1790 3093 studia
1854 3056 1948 3096 seu

2062 3043 2449 3115 ἐμαθήτευσαν
2492 3043 2671 3095 πάντα
2701 3041 2769 3094 τὰ
2801 3038 2954 3109 ἔθνη.
2998 3038 3155 3090 Ἀντλ
3188 3035 3245 3089 δέ
3286 3032 3380 3088 τοῦ
3417 3036 3490 3087 τὰ
3533 3033 3665 3086 ἐπι-

355 3123 617 3176 exercitia
647 3123 928 3187 dixerunt.
974 3126 1339 3197 Symmachus
1392 3139 1535 3183 artes
1583 3130 1861 3199 exposuit,
1898 3139 1948 3185 et

2062 3135 2421 3203 τηδεύματα,
2471 3134 2500 3185 6
2537 3134 2634 3204 μὲν
2668 3133 2970 3203 Σύμμαχος
3021 3128 3305 3200 μηχανὰς
3342 3127 3596 3198 εἴρηκενο
3635 3123 3664 3176 6

352 3215 552 3286 Aquila
608 3219 1044 3273 immutationes.
1085 3218 1369 3276 Exercitia
1410 3223 1600 3292 igitur,
1662 3231 1716 3279 ct
1766 3224 1948 3279 studia

2062 3228 2112 3282 δὲ
2156 3212 2410 3293 Ἀκύλας,
2454 3226 2821 3297 ἐναλλαγάς.
2861 3225 2950 3288 Ὡς
2998 3224 3098 3295 μὲν
3129 3221 3224 3276 οὖν
3265 3220 3516 3292 πράξεις,
3543 3218 3667 3270 ἐπι-

354 3309 836 3379 ejusanntmtiate,
869 3312 975 3367 hoc
993 3321 1081 3368 est
1103 3312 1282 3384 ipsius
1323 3326 1498 3385 gesta,
1519 3316 1603 3371 vel
1626 3316 1747 3387 ejus
1774 3325 1943 3381 artes,

2062 3320 2374 3391 τηδεύματα
2396 3336 2409 3350 ο
2438 3320 2514 3383 ὡς
2532 3320 2590 3374 δὲ
2620 3319 2807 3389 σοφαὶ,
2828 3316 3104 3389 μηχαναί·
3137 3314 3215 3378 ὡς
3241 3314 3299 3367 δέ
3320 3311 3437 3368 ἀντ’
3463 3310 3663 3375 ἄλλων,
3731 3324 3736 3331 ·

357 3403 460 3456 hoc
483 3414 567 3457 est
594 3403 975 3466 admirandam
1008 3406 1130 3475 ejus
1167 3407 1519 3476 sapientiam,
1545 3409 1630 3464 vel
1665 3407 1788 3477 ejus
1843 3411 1947 3463 im-

2062 3417 2352 3486 ἐναλλαγαί
2375 3434 2387 3446 ·
2422 3417 2531 3471 οἵτε
2566 3416 2676 3487 γὰρ
2710 3415 2922 3487 πόρῤω,
2981 3411 3280 3481 γεγόνασιν
3332 3407 3534 3476 ἐγγύς·
3570 3402 3667 3458 καὶ

355 3494 697 3549 mutationes
732 3515 745 3551 :
776 3512 900 3566 quae
929 3497 1191 3552 nimirum
1222 3498 1459 3553 aliorum
1489 3499 1612 3553 loco
1657 3514 1944 3554 successe-

2062 3509 2108 3561 ol.
2139 3509 2196 3562 ἐν
2224 3507 2302 3579 τῷ
2338 3507 2523 3561 σκότει
2568 3508 2668 3575 τῆς
2706 3506 2941 3575 πλάνης,
3000 3505 3059 3557 ἐν
3083 3501 3164 3573 τῷ
3213 3500 3357 3571 φωτὶ
3392 3498 3491 3568 τῆς
3532 3495 3668 3566 ἀλη-

354 3594 505 3641 ruut.
533 3585 668 3641 Nam
711 3588 805 3658 qui
837 3588 904 3644 de
932 3589 1091 3660 longe
1122 3598 1303 3656 erant,
1331 3589 1462 3645 facti
1494 3600 1622 3646 sunt
1647 3606 1812 3661 prope
1846 3609 1861 3646 :
1894 3599 1948 3646 et

2062 3597 2240 3661 θείας·
2272 3600 2367 3651 καὶ
2396 3598 2447 3650 οἱ
2479 3599 2537 3651 ἐν
2561 3597 2723 3669 λήθῃ,
2751 3597 2808 3649 ἐν
2846 3596 3066 3665 μνήμῃο
3100 3592 3196 3646 καὶ
3223 3592 3273 3645 οἱ
3310 3584 3667 3661 ἀπερριμμέ-

2144 2858 2572 2927 Ἀναγγείλατε
2602 2857 2671 2909 ἐν
2710 2854 2837 2921 τοῖς
2860 2855 3069 2909 ἔθνεσι
3099 2850 3174 2905 τὰ
3217 2846 3665 2916 ἐπιτηδεύματα

2058 2950 2267 3006 αὐτοῦ.
2305 2949 2479 3002 Τοῦτο
2510 2948 2649 3018 πρὸς
2674 2949 2801 3010 τοὺς
2823 2944 3180 3019 ᾁποστόλους,
3211 2943 3260 2996 οἳ
3279 2939 3662 3012 πορευθέντες,

355 3681 447 3749 qui
481 3683 535 3734 in
571 3681 817 3735 tenebris
846 3681 1080 3745 erroris,
1119 3692 1394 3736 venerunt
1426 3682 1492 3736 ad
1530 3683 1717 3737 lumen
1750 3683 1953 3737 verita-

355 3774 576 3845 tis:qui
597 3775 652 3829 in
667 3774 952 3833 oblivione
969 3783 1151 3841 erant,
1185 3774 1355 3830 habiti
1387 3784 1515 3831 sunt
1546 3778 1597 3829 in
1628 3777 1896 3831 memoria
1932 3796 1946 3831 :

354 3880 410 3925 et
448 3871 545 3941 qui
615 3876 780 3926 antea
841 3869 1044 3942 abjecti
1100 3872 1347 3940 fuerant,
1414 3876 1637 3932 tandem
1699 3879 1974 3950 assumpti
2017 3888 2152 3936 sunt

356 3974 462 4020 est.

2060 3707 2165 3756 νοι,
2213 3689 2714 3761 προσειλημμένον
2758 3689 2854 3742 καὶ
2883 3690 2911 3743 6
2963 3685 3119 3753 Θεὸς,
3156 3684 3479 3755 ἄνθρωπος’
3512 3680 3608 3734 καὶ
3637 3679 3666 3732 6

2063 3784 2161 3837 ἄνθ
2174 3801 2379 3854 ρωπος,
2416 3784 2572 3848 Θεός.

2224 3901 2237 3935 :
2306 3879 2565 3950 Deusque
2626 3880 2828 3941 homo,
2896 3887 2950 3932 et
3018 3878 3182 3932 homo
3244 3873 3391 3930 Deus
3484 3870 3662 3925 factus

2132 4065 2265 4118 Ὅτι
2304 4065 2337 4118 d
2393 4061 2659 4130 ἐκζητῶν
2705 4062 2778 4116 τὰ
2823 4062 3064 4132 αἵματα,
3118 4056 3323 4113 αὐτῶν
3358 4054 3659 4125 ἐμνήσθη.

357 4156 673 4212 recordatus
706 4166 806 4214 est.
838 4157 965 4213 Haec
990 4158 1135 4215 Deus
1181 4158 1254 4213 ita
1289 4159 1622 4229 dispensans
1651 4159 1948 4225 ordinavit,

2062 4154 2245 4212 Ταῦτα
2278 4154 2336 4210 δὲ
2376 4153 2758 4226 ᾠκονόμησεν,
2793 4152 2984 4224 ἐπειδὴ
3016 4150 3270 4223 ἐμνήσθη
3298 4146 3505 4211 αὐτῶν,
3540 4147 3663 4198 ἐπι-

360 4259 647 4321 postquam
683 4266 878 4307 eorum
909 4252 1181 4307 meminit.
1224 4251 1401 4307 Antea
1427 4254 1575 4309 enim
1607 4267 1720 4308 non
1752 4253 1948 4309 memi-

2062 4251 2407 4324 λελησμένων
2438 4252 2569 4323 πρὶν
2618 4250 2706 4304 διὰ
2737 4250 2837 4322 τήν
2879 4248 3164 4312 ἀπιστίαν,
3216 4246 3245 4299 6
3280 4243 3356 4316 μὴ
3396 4239 3661 4314 παρορῶν

358 4352 511 4398 uerat
542 4344 613 4399 ob
641 4359 835 4399 eorum
892 4344 1303 4400 inﬁdelitatem.
1345 4344 1598 4401 Meminit
1623 4354 1803 4400 autem
1841 4359 1948 4399 non

2062 4345 2122 4398 τὰ
2139 4347 2218 4409 είς
2248 4344 2444 4397 θυσίαν
2472 4342 2777 4413 ἐκχεόμενα
2799 4343 3032 4414 αἵματα,
3057 4339 3240 4411 ζητῶν
3262 4338 3439 4393 ταῦτα
3459 4337 3525 4390 ἐκ
3549 4334 3661 4389 τῶν

358 4437 544 4491 ferens
577 4438 816 4508 amplius
852 4450 1046 4493 eorum
1082 4438 1410 4508 sanguinem
1454 4438 1663 4493 effundi
1688 4439 1743 4492 in
1767 4439 1946 4494 sacri-

2062 4436 2263 4507 χειρῶν
2288 4436 2400 4488 τῶν
2433 4436 2759 4507 ἐκχεόντων,
2813 4434 2851 4489 ἃ.
2882 4436 2982 4488 οὐκ
3009 4434 3292 4488 ἐνέσαλον.
3322 4431 3530 4502 Αἴματι
3564 4429 3660 4483 καὶ

358 4529 476 4585 ticia
531 4528 949 4601 [sacriﬁcabant
979 4529 1186 4601 quippe
1213 4529 1477 4599 proprios
1513 4530 1679 4594 lilios,
1716 4539 1773 4584 et
1808 4530 1948 4587 filias

2062 4528 2159 4599 τὴν
2209 4528 2492 4598 ἐκδίκησιν
2530 4527 2776 4581 διδάσκει
2830 4526 2940 4581 τῶν
2972 4526 3401 4597 ἀλληλοφονιῶν,
3441 4523 3507 4587 ἃς
3554 4520 3660 4575 ὑπὸ

354 4621 667 4695 daemoniis]
692 4641 706 4678 :
740 4623 993 4691 quinimo
1018 4626 1087 4679 de
1108 4621 1509 4679 eﬁ‘undentium
1540 4624 1795 4678 manibus
1820 4638 1948 4678 san-

2062 4625 2168 4679 τῶν
2222 4624 2496 4694 δαιμόνων
2544 4625 2893 4696 κελευόμενοι
2946 4623 3360 4697 διεπράττοντο,
3400 4621 3477 4684 ὡς
3508 4615 3656 4673 εἶναι

354 4714 574 4781 guinem
606 4715 757 4768 illum
792 4714 1115 4783 exquisivit,
1160 4731 1325 4787 quem
1356 4716 1458 4786 ipsi
1488 4730 1601 4771 non
1647 4715 1944 4785 imposne-

2062 4718 2238 4788 δῆλον,
2272 4719 2355 4772 ὅτι
2384 4721 2493 4782 πᾶς
2542 4718 2736 4787 φονεὺς
2778 4719 2935 4783 δίκας
2992 4716 3485 4790 εἰσπραχθήσεται.
3518 4712 3659 4783 Φησὶ

354 4814 501 4860 rant.
553 4802 651 4859 Vel
706 4806 974 4862 ultionem
1046 4808 1260 4862 indicat
1311 4815 1629 4877 mutuarum
1695 4808 1948 4875 caedium,

2062 4808 2168 4881 γὰρ
2214 4811 2273 4862 ἐν
2298 4813 2365 4880 τῇ
2397 4808 2568 4881 βίϐλῳ
2597 4810 2699 4881 τῆς
2727 4811 3003 4874 Γενέσεως
3023 4825 3037 4841 ⁸
3080 4809 3153 4866 Τὸ
3182 4803 3329 4881 αἷμα
3353 4806 3523 4879 ὑμῶν
3556 4804 3657 4860 ἐκ·

357 4912 496 4961 quas
531 4898 691 4968 jussu
750 4900 1059 4954 daemonum
1114 4899 1412 4966 faciebant,
1478 4909 1541 4955 ut
1584 4900 1942 4955 manifestum
2058 4897 2315 4971 ζητήσω.
2610 4930 2613 4937 1

355 4993 468 5059 ﬁat,
515 4997 660 5065 quod
693 4998 875 5052 omnis
914 4997 1189 5054 homicida
1217 4998 1335 5055 luet
1371 5012 1608 5069 pmnas;
1663 5008 1722 5053 ut
1765 4998 1932 5053 etiam
1974 4997 2029 5052 in
2048 4996 2249 5054 Genesi
2276 4998 2548 5070 legimus:
2603 4999 2931 5071 Sanguinem
2950 5000 3087 5055 enim
3144 5007 3403 5064 uestrum,
3458 4996 3656 5068 inquit.

352 5093 630 5162 exquiram
665 5092 735 5149 ⁸⁸.

432 5186 559 5242 Νοη
592 5197 672 5243 est
725 5188 919 5244 oblitus
970 5191 1261 5247 clamorem
1314 5210 1630 5264 pauperum.
1690 5191 1940 5249 Humana

360 5280 565 5334 ctenim
603 5292 803 5338 natura
833 5285 936 5339 sub
964 5284 1327 5342 invisibilium
1384 5290 1693 5343 daemonum
1747 5296 1941 5357 tyran-

356 5369 486 5424 nido
520 5372 763 5439 detenta,
814 5374 1058 5431 clamare
1093 5377 1504 5447 quodammodo
1554 5378 1849 5434 videbatur
1877 5378 1943 5432 ad

354 5460 695 5530 Creatorem,
722 5468 793 5522 ob
815 5482 1039 5525 causam
1062 5477 1226 5526 tanta:
1248 5472 1578 5528 calamitatis
1604 5482 1657 5526 et
1687 5471 1945 5527 miseriae.

356 5549 455 5607 Vel
487 5553 621 5609 illud
675 5556 928 5616 fortaSsis
983 5563 1302 5632 signiﬁcant
1376 5565 1494 5620 hmc
1550 5565 1740 5629 verba,
1794 5566 1943 5635 quod

354 5644 639 5712 prophetas
674 5649 829 5717 olim,
862 5651 1063 5707 divinae
1096 5656 1501 5714 Incarnationis
1532 5657 1940 5729 prospicientes

358 5737 706 5806 mysterium,
740 5743 1073 5812 clamabant,
1107 5750 1508 5809 incarnandum
1539 5749 1709 5807 Deum
1752 5751 1804 5805 in
1835 5751 1936 5806 hu-

438 4060 606 4117 Vtans.
637 4062 725 4118 1⁸5.
752 4062 1024 4130 Quoniam
1047 4064 1137 4135 qui
1155 4064 1386 4135 exquirit
1406 4066 1742 4138 sanguinem,
1769 4081 1953 4121 eorum

2130 5189 2250 5243 Οὐκ
2280 5188 2610 5244 ἐπελάθετο
2642 5188 2754 5259 τῆς
2777 5188 3049 5259 κραυγῆς
3072 5188 3193 5242 τῶν
3213 5188 3513 5257 πενήτων.
3543 5188 3653 5240 Tu-
3680 5252 3693 5266 .

2057 5287 2393 5359 ραννουμένη
2430 5285 2541 5357 γὰρ
2594 5286 2629 5355 ἡ
2672 5284 2838 5353 φύσις
2867 5284 2977 5337 τῶν
3027 5282 3338 5354 ἀνθρώπων
3378 5282 3484 5336 ὑπὸ
3542 5282 3651 5335 τῶν

2053 5383 2304 5453 ἀοράτων
2361 5379 2595 5451 ἐχθρῶν,
2646 5379 2825 5433 ἐδόκει
2884 5378 3013 5450 βοᾷν
3064 5376 3203 5448 πρὸς
3252 5376 3343 5430 τὸν
3378 5375 3651 5445 πλάστην.

2053 5475 2359 5546 γενομένης
2385 5472 2524 5542 αὐτῇ
2555 5471 2806 5542 κραυγῆς
2834 5472 2933 5541 τῆς
2954 5468 3227 5541 τοσαύτης
3244 5467 3645 5538 ταλαιπωρίας.

2055 5565 2123 5620 Ἥ
2160 5564 2429 5620 καὶτοῦτο
2455 5564 2708 5635 βούλεται
2734 5563 2916 5630 λέγειν
2942 5580 2956 5593 ο
3000 5562 3076 5625 ὡς
3104 5562 3155 5615 oi
3179 5561 3456 5632 προφῆται
3483 5559 3645 5614 πάλιν

2052 5660 2115 5714 τὺ
2147 5661 2246 5730 τῆς
2287 5659 2437 5723 θείας
2468 5655 2939 5728 ἐνανθρωπήσεως
2965 5654 3289 5727 κατᾴδοντες
3318 5654 3646 5725 μυστήριον,

2050 5752 2310 5824 ἔκραζον,
2343 5750 2639 5812 καλοῦντες
2659 5749 2751 5803 τὸν
2778 5748 3276 5822 σαρκωθησόμενον
3306 5750 3387 5813 εἰς
3418 5745 3651 5816 ἀντίλη-

411 5917 455 5951 ⁹⁸
485 5914 619 5973 Gen.
646 5935 723 5987 nt,
758 5920 810 5975 ti.
