4146 6462
433 414 533 481 151

1682 426 2072 489 EUTHYMII
2104 428 2473 492 ZlGABENI

3623 435 3727 502 152

426 542 509 591 est
541 550 631 605 pes
662 551 868 592 eorum.
897 534 1016 591 Alia
1042 535 1405 593 similitudine
1428 536 1679 594 eamdem
1712 554 1908 595 rursus
1939 554 2023 595 re-

2133 540 2282 607 ποὺς
2300 540 2519 597 αὐτῶν.
2554 541 2627 596 Τὸ
2659 541 2792 599 αύτδ
2824 544 2985 599 πάλιν
3007 539 3153 613 εἷπε,
3187 547 3254 601 δι’
3287 550 3485 622 ἐτέρας
3510 555 3722 617 εἱκύνος

429 628 568 699 petit
611 629 962 694 sententiam,
988 629 1283 699 quamdam
1320 631 1731 700 quodammodo
1762 646 2016 701 pompam

427 735 601 789 agens
633 729 730 776 aut
755 722 1099 792 triumphum
1125 722 1190 777 de
1234 721 1589 778 inimicorum
1612 723 2015 779 destructione.

430 809 539 865 Per
576 813 833 882 laqueum
880 827 1013 868 vero
1044 812 1370 868 insidiarum
1403 814 1774 885 cogitationes
1807 814 2017 869 intelli-

434 906 533 973 git.
566 906 626 961 In
676 907 1127 962 occultoetenim
1162 906 1285 962 loco
1339 907 1491 962 tendi
1548 908 1730 963 solent
1780 908 2017 975 insidiae,

2130 633 2506 703 ἐμπομπεύων
2531 638 2595 705 τῇ
2632 641 2989 709 καταστροφῇ
3018 638 3127 692 τῶν
3155 640 3390 713 ἐχθρῶν.
3427 643 3637 711 Παγίδα
3663 648 3722 698 δὲ

2126 725 2277 793 λέγει
2308 726 2411 797 τὴν
2445 727 2700 799 μελέτην,
2745 730 2844 801 τὴν
2889 731 3222 803 ἐπιϐουλήν
3265 736 3417 788 πᾶσα
3446 735 3556 805 γὰρ
3613 754 3721 788 πα-

2129 820 2239 887 γ¹ις,
2274 820 2331 871 ἐν
2363 824 2571 893 κρυφῇ,
2605 820 2862 894 καθάπερ
2915 825 3011 877 καὶ
3040 824 3179 896 αὕτη
3206 842 3221 855 ·
3280 826 3558 899 λαθραίως
3610 830 3724 898 γαρ

2128 911 2602 979 ἐπιϐουλεύοντες,
2637 917 2718 979 είς
2749 916 2865 985 φῶς
2894 917 3094 986 ἐξῆγον
3117 918 3212 972 τὸν
3248 920 3432 988 φόνον.

431 1002 898 1072 quemadmodum
958 1010 1010 1060 et
1041 1005 1224 1075 laquei
1280 1007 1557 1061 :tametsi
1636 1007 1777 1061 clam
1862 1014 2142 1063 struentes
2183 1009 2441 1078 insidias,
2491 1020 2727 1068 mortem
2786 1014 3139 1084 postmodum
3198 1017 3251 1070 in
3333 1017 3512 1072 lucem
3586 1018 3722 1073 edn-

432 1105 584 1152 cant.

518 1185 690 1244 Vens.
746 1187 837 1242 l7.
894 1187 1255 1257 Cognoscetur
1323 1188 1579 1245 Dominus
1637 1191 1855 1259 judicia
1921 1194 2011 1263 fa-

434 1282 601 1335 ciens.
636 1279 859 1335 Judicia
896 1280 1001 1335 hoc
1049 1280 1106 1334 in
1156 1281 1276 1336 loco
1313 1282 1554 1338 ultiones
1604 1284 1863 1352 appellat.
1916 1282 2022 1338 Re-

433 1374 631 1429 tribuit
660 1374 809 1430 enim
838 1372 1106 1430 Dominus
1130 1375 1406 1447 condigna
1442 1377 1740 1446 unicuique
1772 1391 1873 1446 pro
1908 1392 2023 1431 me-

432 1468 581 1524 ritis.

505 1560 575 1615 ]n
613 1564 861 1632 operibus
912 1583 1171 1621 manuum
1226 1580 1450 1620 suarum
1495 1564 1898 1631 comprehensus
1938 1572 2018 1618 est

432 1665 702 1724 peccator.
742 1655 861 1713 Hoc
884 1658 1051 1713 etiam
1087 1657 1475 1729 superioribus
1500 1666 1586 1712 est
1612 1657 1818 1711 simile.
1849 1655 2019 1711 Poni-

2197 1190 2572 1246 Γινώσκεται
2613 1194 2831 1263 Κύριος
2868 1193 3126 1263 κρίματα
3186 1196 3397 1251 ποιῶν.
3454 1198 3719 1268 Κρίματα

2126 1284 2285 1337 καλεῖ
2307 1284 2406 1349 τὰς
2444 1286 2759 1358 ἐκδικήσεις
2786 1302 2802 1320 ο
2849 1288 3145 1343 ἀποδίδωσι
3170 1289 3282 1360 γὰρ
3315 1289 3538 1361 ἑκάστῳ
3581 1292 3690 1362 πρὸ

2126 1377 2310 1443 ἀξίαν.
3634 1386 3647 1405 ’

2206 1564 2313 1616 Ἔν
2340 1561 2465 1629 τοῖς
2492 1561 2688 1632 ἔργοις
2708 1559 2829 1615 τῶν
2867 1558 3088 1630 χειρῶν
3116 1560 3326 1629 αὑτοῦ,
3358 1560 3722 1631 συνελήφθη

2123 1656 2158 1708 ό
2187 1653 2560 1723 ἁμαρτωλός.
2592 1653 2702 1706 Καὶ
2727 1653 2886 1707 τοῦτο
2914 1657 3031 1719 τοῖς
3066 1655 3442 1727 προλαϐοῦσιν
3490 1657 3682 1727 ὅμοιον
3704 1672 3719 1686 ·

434 1756 525 1800 tur
548 1748 692 1802 enim
718 1764 884 1805 causa
912 1764 1086 1821 quare
1109 1760 1479 1821 cognoscatur
1514 1749 1783 1807 Dominus
1809 1751 2022 1822 judicia

2133 1746 2364 1800 τέθειται
2391 1746 2500 1818 γὰρ
2523 1746 2672 1801 αἰτία
2696 1746 2791 1801 τοῦ
2820 1747 3193 1816 γινώσκεσθαι
3223 1749 3475 1822 κρίματα
3504 1749 3727 1803 ποιοῦν-

431 1839 614 1894 facere
652 1858 667 1893 :
702 1842 831 1911 quia
864 1842 1077 1898 scilicet
1123 1858 1189 1898 ex
1255 1842 1358 1898 hoc
1426 1844 1774 1913 patissimum
1840 1847 2023 1914 iustus

2133 1856 2195 1894 τα
2225 1839 2317 1893 τὸν
2347 1838 2556 1911 Κύριον
2577 1856 2591 1870 ⁸
2627 1839 2727 1909 οὐχ
2754 1839 2960 1910 ἥκιστα
3004 1842 3059 1895 δὲ
3089 1842 3199 1895 ἀπὸ
3232 1842 3444 1896 τούτων
3466 1841 3725 1911 φαίνεται

431 1933 606 1988 videri
641 1907 841 2002 potest,
879 1936 1010 1990 dum
1070 1937 1226 2004 facit,
1262 1945 1322 1993 ut
1358 1907 1453 2009 qui
1500 1939 1625 1994 aliis
1660 1938 1893 1993 insidias
1924 1952 2023 2008 pa-

2133 1931 2336 1996 δίκαιος
2373 1907 2588 2004 κριτής,
2619 1907 3154 2004 οἷςήπαρασκευάζει
3176 1935 3306 1998 τοὺς
3334 1907 3724 2007 ἐνεδρεύοντας

430 2034 581 2091 rant,
616 2027 718 2096 ipsi
752 2029 995 2085 maxime
1020 2030 1075 2085 in
1105 2045 1202 2086 eas
1233 2032 1526 2087 incidant:
1560 2040 1615 2088 et
1640 2030 1785 2102 quod
1821 2031 1930 2085 doli
1965 2030 2021 2085 in

432 2134 564 2175 suos
622 2121 973 2190 potissimum
1031 2130 1288 2181 auctores
1342 2131 1760 2181 convertantur.
1821 2122 2025 2179 Pecca-

431 2220 608 2266 torem
642 2212 808 2267 etiam
869 2213 960 2269 hic
1000 2213 1268 2285 intellige,
1318 2231 1431 2271 uno
1491 2231 1556 2272 ex
1607 2215 1787 2271 tribus
1844 2214 2024 2270 modis

424 2303 540 2372 jam
611 2303 913 2373 praedictis,
987 2320 1115 2361 cum
1204 2322 1395 2362 vocem
1454 2316 1633 2378 gentes
1691 2307 2025 2377 interpreta-

437 2409 646 2459 remur,
684 2395 775 2452 vel
801 2396 1137 2467 generaliter
1185 2399 1377 2469 accipe
1424 2413 1525 2469 pro
1553 2412 1893 2469 quocunque
1923 2397 2023 2451 do-

430 2484 573 2541 loso.

500 2579 840 2647 Diopsalma.
865 2580 943 2637 De
980 2581 1086 2639 hoc
1114 2583 1322 2639 dictum
1347 2591 1452 2641 est.

500 2666 677 2725 Vens.
736 2670 826 2726 l8.
853 2671 1246 2729 Convertuntur
1274 2684 1576 2744 peccatores
1623 2678 1677 2732 in
1734 2680 2023 2749 infernum.

436 2756 540 2813 Per
570 2768 893 2827 peccatores
923 2762 1028 2818 hoc
1062 2764 1117 2818 in
1162 2764 1284 2821 loco
1351 2766 1600 2824 infideles
1665 2768 1940 2843 intelligit,
1972 2780 2026 2828 et

431 2865 529 2919 per
586 2851 864 2908 infernum
927 2856 1220 2926 supplicia.
1305 2857 1714 2915 Convertantur
1757 2862 2026 2932 itaqueva

435 2948 688 3013 praesenti
719 2948 977 3003 nimirum
1007 2950 1143 3015 vita,
1181 2960 1235 3006 et
1268 2953 1400 3007 illuc
1461 2955 1566 3009 sub
1620 2963 1826 3010 terram
1878 2955 2028 3013 defe-

433 3050 643 3103 rantur,
668 3042 757 3096 ubi
789 3044 1051 3098 diettntur
1080 3060 1203 3100 esse
1231 3062 1515 3116 prunarum
1541 3048 1683 3103 loca.
1715 3047 1807 3103 Vel
1838 3049 2022 3117 aliter,

432 3128 467 3180 ii
502 3131 596 3199 qui
634 3131 700 3186 dc
740 3139 886 3186 terra
935 3134 1048 3188 nati
1093 3142 1224 3191 sunt
1260 3136 1313 3191 in
1348 3137 1536 3193 eadem
1595 3148 1909 3205 versentur,
1943 3141 2028 3195 ni-

432 3220 512 3274 hil
543 3222 693 3275 aliud
717 3224 967 3281 valentes
997 3228 1243 3297 cogitare
1276 3244 1439 3297 quam
1468 3237 1711 3287 terrena.
1751 3230 1818 3285 Et
1850 3248 2019 3303 quos—

430 3326 554 3365 nam
611 3315 876 3386 intelligat
912 3332 1010 3386 per
1036 3328 1378 3388 peccatores,
1407 3337 1472 3375 ex
1496 3321 1583 3377 his
1613 3338 1737 3393 qua:
1777 3339 2027 3394 sequun-

429 3412 521 3458 tur
534 3404 777 3462 declarat
804 3409 995 3465 dicens
1026 3429 1041 3465 :

502 3495 697 3553 Omnes
726 3511 904 3569 gentes
938 3520 1057 3571 qua:
1114 3505 1508 3560 obliviscuntur
1567 3507 1755 3562 Deum.
1821 3508 2023 3565 Oblivi-

432 3598 690 3651 seuntnr,
726 3594 1045 3650 voluntaria
1082 3597 1293 3650 scilicet
1323 3600 1623 3655 oblivione.

505 3679 788 3739 Vsus.19.
822 3685 1096 3752 Quoniam
1128 3706 1231 3744 non
1287 3692 1343 3743 in
1404 3694 1562 3761 ﬁnem
1619 3695 1869 3751 oblivioni
1928 3698 2030 3752 erit

427 3790 651 3844 panper.
687 3777 831 3843 llam,
867 3780 1067 3850 inquit,
1104 3782 1419 3852 hujusmodi
1447 3788 1706 3856 gentibus
1732 3792 1984 3846 evenient
2013 3810 2026 3846 :

429 3865 560 3929 quia
594 3865 772 3921 ﬁdelis
816 3869 898 3921 vir
956 3870 1008 3924 in
1065 3872 1399 3929 oblivionem
1450 3877 1675 3931 Omnino
1732 3895 1841 3934 non
1900 3881 2027 3935 erit.

431 3954 732 4024 Paupcrem
756 3975 888 4015 vero
914 3976 1037 4016 eum
1061 3962 1217 4029 dicit,
1249 3966 1341 4035 qui
1373 3969 1775 4038 temporalibus
1806 3973 2027 4041 quidem

432 4048 641 4106 divitiis
664 4061 752 4106 est
782 4068 1012 4123 pauper,
1046 4056 1142 4110 sed
1206 4058 1469 4113 virtutum
1504 4060 1705 4130 opibus
1741 4062 1813 4117 sit
1851 4063 2025 4119 dives.

430 4140 530 4197 Vel
564 4161 861 4216 pauperem
893 4147 1028 4204 dicit
1063 4152 1325 4222 populum
1400 4168 1466 4207 ex
1535 4155 1813 4224 gentibus,
1861 4157 2028 4214 veluti

430 4236 524 4304 qui
565 4238 763 4295 animae
803 4239 1127 4311 dignitatem
1160 4246 1443 4309 amiserat,
1470 4246 1806 4318 pietatisque
1846 4249 2027 4305 virtu-

431 4340 545 4383 tum
579 4334 790 4400 pcculio
824 4335 984 4406 inops
1006 4348 1143 4393 erat.

504 4421 855 4491 Exspectatio
892 4443 1188 4497 pauperum
1228 4447 1337 4485 non
1362 4432 1553 4499 peribit
1580 4434 1633 4486 in
1679 4435 1858 4503 finem.
1885 4435 2027 4492 Pau-

429 4529 591 4584 peres
628 4517 717 4572 hic
747 4520 984 4588 gentiles
1015 4522 1171 4583 dicit,
1203 4539 1439 4593 quorum
1489 4529 1827 4597 exspectatio
1855 4545 2029 4600 usque

2130 2025 2334 2092 ἄλλοις,
2358 2028 2425 2097 τῇ
2460 2026 2609 2095 σφῶν
2634 2027 2826 2099 ἐνέδρᾳ
2862 2028 3240 2098 περιπίπτειν,
3270 2030 3335 2082 ἐκ
3355 2028 3725 2100 περιτροπῆς.

2132 2116 2237 2171 Τὸν
2267 2116 2323 2170 δὲ
2362 2116 2688 2187 ἁμαρτωλὸν
2717 2116 2971 2182 ἐλκύσεις
2996 2119 3091 2172 ἐπὶ
3131 2119 3261 2184 τοὺς
3284 2122 3437 2191 τρεῖς
3485 2121 3730 2191 τρόπους

2131 2209 2234 2280 τῆς
2251 2208 2612 2280 ἀποδοθείσης
2631 2208 2950 2281 ἐξηγήσεως
2966 2210 3078 2265 τῶν
3108 2211 3282 2268 ἐθνῶν
3300 2228 3314 2245 ·
3346 2211 3381 2284 ἢ
3410 2211 3506 2268 καὶ
3535 2211 3726 2277 ἁπλῶς

2134 2302 2461 2374 ἁμαρτωλὸν
2496 2302 2646 2371 λέγει
2670 2302 2852 2360 πάντα
2880 2303 3079 2359 δόλιον.

3745 2482 3758 2510 ι

2204 2571 2550 2640 Διάψαλμα.
2587 2570 2726 2642 Περὶ
2753 2570 2949 2626 τούτου
2982 2572 3226 2645 εἴρηται.

2221 2664 2823 2735 Ἀποστραςρήτωσαν
2844 2667 2900 2719 οἱ
2927 2665 3269 2736 ἁμαρτωλοὶ
3290 2667 3379 2733 εὶς
3410 2665 3522 2721 τὸν
3546 2666 3730 2737 ᾅδην.

2147 2758 2545 2829 Ἀμαρτωλοὺς
2615 2757 2855 2811 ἐνταῦθα
2918 2758 3047 2822 τοὺς
3089 2758 3360 2823 ἀπίστους
3420 2759 3728 2829 ὀνομάζειο

2135 2850 2272 2922 ᾅδην
2300 2850 2379 2916 δὲ,
2399 2850 2501 2920 τὴν
2528 2850 2776 2905 κόλασιν.
2811 2850 3414 2920 Ἀποστραφήτωσαν
3472 2850 3553 2916 δὲ,
3604 2850 3731 2905 ἀντὶ

2135 2944 2256 3010 τοῦ,
2311 2943 2421 2997 ἀπὸ
2466 2944 2568 3012 τῆς
2605 2942 2895 3013 παρούσης
2921 2943 3072 3015 ζωῆς
3102 2942 3545 3016 καταχθήτωσαν
3583 2959 3595 2971 ·
3622 2943 3731 2997 ὑπὸ

2136 3037 2239 3108 γῆν
2272 3034 2382 3106 γὰρ
2415 3034 2671 3103 λέγονται
2701 3033 2770 3089 τὰ
2825 3034 3165 3107 κολαστήρια
3212 3029 3373 3088 εἶναι.
3404 3036 3476 3088 Ἢ
3526 3034 3619 3089 καὶ
3674 3035 3728 3089 οἱ

2136 3131 2203 3183 ἐκ
2230 3130 2336 3198 γῆς
2367 3128 2679 3197 γεγονότες,
2711 3128 2792 3190 εἰς
2841 3127 3016 3198 αὐτὴν
3063 3128 3491 3200 στραφήτωσαν,
3555 3128 3729 3200 μηδὲν

2138 3219 2281 3290 ὑπὲρ
2332 3219 2407 3273 τὰ
2459 3220 2624 3289 γήῖνα
2673 3218 2869 3287 νοῆσαι
2919 3218 3234 3289 δυνάμενοι.
3310 3220 3467 3284 Γίνας
3524 3220 3581 3274 δέ
3638 3218 3731 3272 λέ-

2132 3329 2220 3382 γει
2271 3308 2659 3381 ἁμαρτωλοὺς,
2713 3308 2804 3363 διὰ
2860 3309 2972 3365 τῶν
3039 3308 3171 3381 ἐξῆς
3233 3311 3536 3383 ἐδήλωσεν,
3592 3311 3728 3365 ἐπε-

2133 3406 2346 3476 νεγκών
2367 3423 2383 3438 ·

2205 3500 2409 3556 Πάντα
2440 3500 2511 3554 τὰ
2542 3503 2687 3567 ἔθνη
2723 3499 2796 3554 τὰ
2833 3498 3363 3568 ἐπιλανθανόμενα
3409 3496 3517 3552 τοῦ
3550 3495 3725 3553 Θεοῦ.

2137 3594 2215 3647 Δι’
2244 3593 2493 3647 ἑκούσιον
2522 3593 2773 3660 ἄγνοιαν.

2208 3689 2331 3739 Ὅτι
2374 3689 2485 3741 οὐκ
2531 3687 2619 3749 εἰς
2655 3684 2829 3749 τέλος
2867 3681 3352 3751 ἐπιλησθήσεται
3384 3685 3417 3736 ό
3455 3682 3720 3751 πτωχός.

2136 3782 2312 3835 Τοῦτο
2332 3781 2411 3845 δὲ,
2457 3779 2610 3848 φησὶ,
2642 3778 3020 3831 πείσονταιτὰ
3067 3768 3296 3831 τοιαῦτα
3330 3777 3480 3847 ἔθνη,
3520 3778 3600 3831 ὅτι
3661 3778 3727 3830 οὔ

2139 3875 2303 3946 μέχρι
2340 3873 2537 3935 παντὸς
2566 3871 2994 3941 ἐπιλησθὴσεται
3042 3873 3070 3923 ὁ
3122 3870 3335 3933 πιστός.
3407 3869 3465 3924 '0
3511 3870 3731 3942 πτωχδς

2139 3968 2257 4037 μὲν,
2292 3965 2383 4018 τὸν
2410 3965 2520 4019 ἀπὸ
2560 3963 2864 4036 χρημάτων
2886 3962 3121 4015 πλοῦτον
3148 3978 3161 3992 ο
3197 3962 3454 4027 πλούσιος
3508 3962 3586 4027 δὲ,
3634 3962 3729 4016 τὸν

2134 4063 2192 4128 ἐξ
2223 4059 2455 4129 ἀρετῶν.
2494 4060 2565 4111 ’Ἡ
2599 4059 2694 4110 καὶ
2722 4057 2937 4126 πτωχὸν
2982 4056 3130 4123 λέγει
3166 4055 3257 4109 τὸν
3289 4054 3348 4122 ἐξ
3380 4056 3552 4109 ἐθνῶν
3572 4056 3724 4122 λαὸν,

2133 4155 2210 4216 ὡς
2245 4151 2635 4206 ἀπολωλεκότα
2672 4150 2736 4203 τὸ
2768 4150 2865 4220 τῆς
2913 4147 3096 4220 ψυχῆς
3133 4149 3373 4220 ἀξίωμα,
3433 4150 3527 4225 καὶ
3583 4166 3729 4202 πτω-

2134 4246 2409 4318 χεύσαντα
2490 4245 2589 4314 τὴν
2679 4242 3004 4313 περιουσίαν
3071 4242 3171 4313 τῆς
3259 4240 3549 4306 εὐσεϐείας
3629 4242 3725 4294 καὶ

2134 4341 2362 4412 ἀρετῆς.

2215 4434 2289 4489 Ἢ
2322 4430 2602 4502 ὑπομονὴ
2666 4428 2788 4484 τῶν
2819 4430 3097 4497 πενήτων
3130 4430 3242 4483 οὐκ
3277 4428 3593 4485 ἀπολεῖται
3639 4432 3729 4496 εις

2133 4526 2330 4591 τέλος.
2360 4526 2613 4596 Πένητας
2639 4520 2894 4576 ἐντεῦθεν
2921 4522 3049 4586 τοὺς
3079 4520 3141 4586 ἐξ
3170 4520 3343 4577 ἐθνῶν
3391 4539 3583 4593 φησιν,
3652 4514 3730 4576 ῶν

430 4608 485 4660 in
566 4608 726 4661 linem
818 4611 1000 4667 inanis
1106 4627 1215 4667 non
1298 4616 1420 4668 erit.
1480 4616 1835 4687 Exspectatio
1892 4636 2023 4676 vero

2134 4621 2166 4690 ἡ
2204 4617 2509 4689 προσδοκία
2542 4616 2602 4669 οὐ
2641 4615 2822 4686 μάτην
2846 4606 3002 4668 ἔσται
3028 4614 3195 4685 μέχρι
3251 4614 3460 4678 τέλους.
3496 4614 3729 4685 Προσδο-

430 4700 675 4768 gentium
708 4700 969 4759 Christus
999 4715 1103 4760 est.
1142 4708 1214 4761 De
1240 4724 1348 4778 quo
1376 4710 1506 4765 alibi
1559 4712 1827 4782 scriptum
1868 4726 1950 4769 est
2007 4733 2019 4769 ε

428 4789 550 4858 Ipse
583 4793 685 4846 erit
716 4799 1042 4864 exspectatio
1066 4802 1300 4869 gentium
1331 4803 1400 4878 π’,
1444 4803 1507 4857 Et
1562 4804 1633 4859 ad
1688 4822 1827 4875 quas
1892 4807 2020 4863 alibi

430 4898 529 4952 per
559 4885 727 4940 alium
770 4889 1095 4957 prophetam
1146 4894 1349 4946 clamat
1407 4896 1642 4951 dicens:
1706 4896 2023 4968 Exspectate

430 4993 513 5030 me
537 4978 590 5032 in
615 4988 846 5047 tempore
870 4986 1282 5041 resurrectionis
1320 5004 1466 5042 mete.

504 5070 669 5128 Vens.
692 5074 785 5128 20.
815 5075 1083 5147 Exsurge,
1121 5077 1378 5145 Domine;
1409 5098 1513 5135 non
1532 5083 1820 5151 praevaleat
1843 5084 2022 5140 homo.

428 5163 587 5220 Alius
620 5165 902 5237 interpres
930 5169 1186 5234 reddidit,
1224 5169 1348 5226 Non
1409 5183 1602 5229 temere
1657 5186 1784 5246 agat
1844 5176 2024 5231 homo.

2135 4711 2230 4764 κία
2280 4709 2390 4763 τῶν
2430 4707 2624 4773 ἐθνῶν,
2686 4708 2715 4761 ὁ
2768 4707 3046 4776 Χριστός’
3108 4706 3218 4761 Καὶ
3264 4705 3471 4773 αὐτὸς,
3536 4707 3727 4775 φησὶν,

2134 4804 2311 4857 ἔσται
2351 4800 2694 4871 προσδοκία
2717 4797 2936 4865 ἐθνῶν,
2965 4799 3103 4871 πρὸς
3136 4798 3232 4862 οὒς
3286 4799 3383 4853 καὶ
3431 4798 3501 4853 δι’
3534 4801 3726 4873 ἐτέρου

2135 4896 2422 4968 προφήτου
2453 4894 2583 4965 βοᾷο
2614 4892 2978 4962 Ὑπόμεινόν
3002 4908 3080 4961 με
3105 4892 3193 4956 εἰς
3223 4890 3438 4959 καιρὸν
3459 4890 3724 4946 ἀναστά-

2130 4987 2287 5055 σεώς
2302 5004 2447 5059 μου.

2216 5078 2563 5147 Ἀνάστηθι,
2600 5077 2799 5146 Κύριε,
2821 5075 2908 5145 μὴ
2938 5077 3355 5143 κραταιούσθω
3388 5077 3706 5146 ἅνθρωπος

2136 5171 2355 5235 Ἀλλος,
2384 5169 2484 5238 Μὴ
2517 5165 2942 5237 θρασυνέσθω,
2977 5167 3204 5238 εἴρηκεν
3235 5182 3251 5199 ⁸
3288 5165 3451 5220 τοῦτο
3472 5165 3528 5218 δὲ
3554 5165 3726 5233 λέγει,

430 5256 549 5313 Hoc
575 5268 758 5315 autem
785 5261 915 5316 dicit
978 5264 1240 5334 propheta
1301 5266 1373 5320 ob
1434 5275 1658 5323 mutuas
1710 5269 1855 5325 inter
1902 5286 2023 5325 sese

2133 5266 2222 5321 διὰ
2251 5264 2352 5326 τὰς
2383 5263 2508 5317 κατ’
2526 5259 2774 5333 ἀλλήλων
2804 5258 3212 5321 ἐπαναστάσεις
3245 5256 3355 5311 τῶν
3411 5255 3603 5310 ἐθνῶν.
3662 5254 3728 5308 Oi

431 5350 719 5406 hominum
754 5354 1185 5412 insurrectiones
1231 5367 1397 5426 atque
1464 5359 1814 5417 insolentias.
1866 5362 2023 5416 Veris

2135 5359 2247 5430 γὰρ
2276 5356 2579 5428 ἄνθρωποι,
2607 5355 2762 5426 παρὰ
2781 5352 2844 5407 τὸ
2879 5354 2955 5426 μὴ
3000 5352 3149 5424 ἔχειν
3185 5350 3410 5423 ἀληθεῖς
3461 5349 3721 5403 διδασκά-

431 5445 634 5514 quippe
668 5462 732 5501 ac
750 5448 902 5503 sanis
931 5458 1189 5505 carentes
1217 5453 1676 5520 praeceptoribus,
1708 5462 1870 5523 atque
1902 5453 2023 5508 ideo

2133 5454 2283 5517 λους,
2310 5451 2680 5521 ἀγνοήσαντες
2712 5448 2895 5519 ὅτιγῆ
2943 5448 3105 5512 εἰσιν,
3165 5445 3306 5515 ὑπὲρ
3353 5445 3453 5516 τὴν
3512 5443 3727 5496 ἑαυτῶν

434 5547 635 5591 terram
670 5554 730 5594 se
756 5555 819 5595 ac
850 5542 1040 5597 limum
1097 5559 1221 5598 esse
1282 5545 1621 5614 ignorantes,
1679 5561 1849 5616 supra
1890 5561 2023 5616 pro«

2136 5546 2504 5618 ἐθρασύνοντο
2532 5544 2697 5615 φύσιν
2727 5560 2741 5575 °
2780 5544 2875 5596 καὶ
2905 5542 3088 5598 πάντα
3138 5540 3473 5611 τολμῶντες,
3510 5538 3592 5591 ἔτι
3631 5540 3725 5590 καὶ

434 5632 609 5701 priam
658 5642 913 5689 naturam
978 5652 1103 5693 sese
1172 5640 1499 5694 extollentes
1577 5649 1784 5694 temere
1853 5640 2022 5694 multa

2134 5641 2214 5702 εἰς
2254 5638 2412 5701 θεοὺς
2443 5637 2671 5700 ἑαυτοὺς
2708 5635 3035 5705 ἐνέγραφον.
3073 5630 3363 5696 Ἐπέξελθε
3402 5624 3517 5692 οὖν,
3566 5627 3722 5698 φησὶ,

434 5725 670 5794 agebant
698 5742 711 5778 :
737 5736 790 5780 et
811 5729 996 5783 omnia
1025 5729 1321 5799 audentes,
1360 5731 1504 5787 inter
1544 5733 1675 5787 deos
1736 5732 1901 5787 etiam
1962 5748 2023 5789 se

2136 5733 2229 5785 ml
2254 5729 2613 5785 κατάστειλον
2654 5728 2715 5782 τὸ
2742 5726 2986 5783 τοιοῦτον
3030 5724 3324 5797 φρύαγμα.
3352 5723 3510 5778 Ἔστι
3541 5720 3596 5774 δὲ
3629 5717 3727 5772 καὶ

497 5909 543 5942 ’⁵
575 5907 712 5965 Gen.
744 5923 891 5968 nix.
928 5909 1016 5963 10.
