4146 6438
427 447 524 514 153

1603 459 2003 522 COMMENT.
2048 462 2132 522 ΙΝ
2164 463 2540 525 PSALMOS.

3616 463 3718 531 154

427 571 856 645 γλαφυρώτερον
898 576 1088 633 εἰπεῖν
1113 594 1130 611 ⁸
1168 579 1328 651 ’πρὸς
1377 579 1478 650 μὲν
1518 580 1582 633 τδ
1647 581 1770 636 κατ’
1815 583 2008 638 εἰκόνα

2129 588 2499 644 ascribebant.
2531 586 2632 644 Exi
2671 587 2958 659 itaquetu,
2994 588 3161 656 Deus,
3200 589 3399 661 inquit,
3425 597 3478 645 et
3504 596 3714 642 tan'am

425 667 550 731 θεός
580 668 731 722 ἔστιν
754 668 1064 743 ἄνθρωπος
1084 689 1100 706 ο
1137 674 1277 746 πρὸς
1308 674 1368 729 δὲ
1400 674 1472 730 τά
1500 673 1683 746 γεώδη
1715 677 1890 748 πάθη,
1923 678 2023 734 ἀν-

428 759 665 831 θρωπος.
700 761 932 819 Τούτων
971 764 1069 820 οὖν
1094 767 1545 840 ἐπικρατούντων
1577 768 1636 822 ἑν
1672 768 2021 840 ἀνθρώποις,

428 854 735 926 ἀναστῆναι
769 856 870 910 τοῦ
901 856 1143 914 θανάτου
1164 860 1479 930 παρακαλεῖ
1505 860 1599 915 τδν
1626 861 1891 934 Χριστὸν,
1945 862 2027 917 δι-

427 945 662 1013 δάξαντα
683 947 775 1002 διὰ
805 949 921 1004 τῶν
946 951 1299 1017 ἀποστόλων,
1331 951 1409 1025 μὴ
1463 953 1904 1027 κατεπαιρεσθαι
1953 954 2025 1010 τὰ

429 1040 588 1112 πάθη
637 1041 740 1112 τῆς
784 1043 990 1116 ψυχῆς,
1039 1045 1176 1117 μηδὲ
1245 1045 1340 1100 τὸν
1388 1046 1518 1118 χοῦν
1569 1046 1666 1101 τοῦ
1714 1046 1855 1113 νοός.
1911 1046 2028 1102 Καὶ

424 1134 612 1201 ἄλλως
668 1137 728 1192 δέ
761 1155 777 1172 ·
825 1140 969 1210 μετά
1016 1140 1118 1211 τὴν
1181 1140 1485 1197 ἀνάστασιν
1505 1142 1605 1198 τοῦ
1660 1140 2027 1215 κηρύγματος

427 1226 784 1295 ἀπλωθέντος
824 1232 907 1295 εἰς
931 1231 1036 1302 τὴν
1079 1232 1437 1306 οἰκουμένην,
1491 1234 1548 1288 αἱ
1601 1232 1724 1289 κατ’
1776 1231 2025 1303 ἀλλήλων

424 1320 839 1387 ἐπαναστάσεις
861 1323 972 1379 τῶν
1004 1322 1219 1379 πόλεων
1242 1326 1569 1398 ἐπαύθησαν

2129 693 2323 733 eorum
2362 677 2723 734 elevationem
2751 693 3071 750 compesce.
3105 679 3239 734 illud
3267 680 3433 734 etiam
3472 677 3581 731 dici
3616 693 3715 745 po-

2129 778 2239 827 test
2265 769 2412 842 quod
2435 786 2499 826 ea
2524 771 2762 837 ratione,
2787 786 2895 842 qua
2948 773 3017 826 ad
3055 772 3350 844 imaginem
3412 780 3467 825 et
3521 768 3717 825 simili-

2131 862 2379 919 tudinem
2411 862 2502 919 Dei
2544 863 2711 918 homo
2766 862 2943 919 factus
3001 871 3109 928 est,
3179 863 3322 918 Deus
3357 863 3562 919 dicitur
3602 877 3617 914 :
3652 876 3718 915 ea

2127 971 2260 1013 vero
2290 971 2398 1028 qua
2431 956 2665 1011 terrenis
2697 955 2988 1012 affectibus
3021 972 3085 1012 ac
3112 955 3466 1026 passiouibus
3505 954 3720 1008 detine-

2130 1053 2245 1112 tur,
2281 1045 2444 1100 homo
2467 1044 2665 1100 merito
2689 1045 3018 1117 appellatur.
3038 1039 3191 1100 'Cum
3223 1046 3407 1115 itaque
3465 1044 3547 1098 hae
3591 1060 3719 1113 pas-

2126 1137 2312 1195 siones
2342 1138 2398 1192 in
2440 1136 2760 1193 hominibus
2802 1136 3185 1209 praevalerent,
3248 1137 3505 1191 hortatur
3544 1135 3714 1189 Deum

2124 1228 2399 1300 Propheta
2430 1235 2491 1284 ut
2513 1239 2774 1302 exsurgat
2805 1245 2834 1285 a
2862 1237 3060 1295 morte,
3115 1236 3172 1285 et
3232 1237 3292 1283 ut
3355 1244 3452 1298 per
3492 1235 3715 1284 sanctos

2126 1322 2408 1393 apostolos
2438 1321 2635 1378 doceat
2669 1323 2948 1394 quomodo
2965 1322 3254 1394 passiones
3278 1338 3443 1392 supra
3475 1322 3716 1376 animam

425 1418 780 1473 seextollere
812 1434 921 1473 non
956 1418 1176 1487 debent,
1207 1437 1387 1490 neque
1420 1421 1602 1493 pulvis
1638 1435 1807 1494 supra
1859 1417 2228 1477 intellectum.
2265 1415 2360 1475 Vel
2397 1419 2561 1475 aliter
2625 1427 2747 1490 post
2818 1418 3283 1474 resurrectionem
3349 1415 3566 1470 Domini
3633 1412 3717 1468 di-

422 1511 652 1581 vulgato
683 1511 980 1585 Evangelio
1043 1514 1101 1571 in
1161 1517 1483 1572 universum
1534 1517 1751 1586 orbem,
1808 1527 2013 1572 mutua:
2052 1500 2158 1572 illa!
2195 1514 2441 1587 gentium
2489 1514 2924 1572 insurrectiones
2964 1523 3130 1585 atque
3182 1513 3492 1569 insolentia;
3558 1510 3715 1581 quie-

421 1613 650 1658 verunt.

494 1701 890 1770 Κριθήτωσαν
915 1702 1062 1773 ἔθνη
1103 1703 1363 1761 ἐνώπιόν
1389 1720 1530 1763 σου.
1567 1707 1715 1762 Ἀντὶ
1737 1706 1857 1774 τοῦ,
1896 1708 2008 1778 Τῆς

2194 1702 2518 1759 Judicentur
2548 1708 2724 1769 gentes
2755 1699 2812 1753 in
2839 1708 3125 1767 conspectu
3163 1706 3274 1751 tuo.
3320 1694 3435 1749 lloc
3467 1702 3551 1749 est
3585 1709 3711 1765 pro-

421 1798 528 1864 σῆς
585 1798 896 1868 ἐπισκοπῆς
924 1798 1341 1870 ἀξιωθήτωσαν.
1384 1801 1444 1856 ’0
1477 1802 1682 1875 κρίνων
1746 1804 1854 1876 γὰρ
1907 1805 2008 1875 ὁρᾷ

2121 1795 2357 1853 tet-tione
2391 1801 2445 1848 et
2474 1792 2730 1848 custodia
2769 1799 2861 1846 tua
2892 1791 3074 1862 dignas
3107 1789 3434 1845 elilciantur.
3457 1785 3593 1841 Nam
3616 1788 3710 1856 qui

417 1885 515 1939 τὸν
560 1887 913 1958 κρινόμενον.
971 1892 1171 1962 Κρὶσιν
1201 1892 1256 1945 δὲ
1291 1893 1390 1963 τὴν
1419 1897 1560 1949 κατὰ
1610 1896 1703 1950 τοῦ
1759 1896 2007 1950 διαϐόλου

2113 1885 2329 1971 indicat
2360 1884 2426 1939 ad
2463 1881 2715 1952 eumqui
2759 1881 3044 1952 iudicatur
3095 1881 3344 1951 aspicere
3402 1879 3558 1934 solet.
3608 1879 3711 1933 Ju-

418 1979 641 2049 νόησον,
668 1975 875 2053 περὶῆς
900 1983 993 2035 καὶ
1025 1983 1116 2037 διὰ
1151 1986 1373 2039 Ἡσαΐου
1402 1990 1568 2057 φησὶν
1593 1991 1622 2044 ὁ
1651 1988 1782 2052 Θεός
1806 2004 1823 2022 ο
1859 1989 2006 2043 Ἰδοὺ

2121 1977 2329 2032 dicium
2371 1991 2504 2031 vero
2538 1975 2671 2030 illud
2708 1974 2952 2045 intellige
2981 1973 3130 2045 quod
3175 1981 3366 2028 contra
3395 1973 3707 2027 daemonem

418 2075 620 2141 ὀπαῖς
641 2092 764 2144 μου
792 2077 864 2129 ὃν
890 2076 1164 2147 ᾑρέτισα,
1199 2082 1233 2135 d
1286 2080 1576 2150 ἐκλεκτός
1636 2101 1776 2152 μου,
1822 2086 1914 2148 εἷς
1949 2083 2008 2137 ὃν

2130 2069 2438 2124 faciendum
2477 2076 2597 2124 erat
2629 2086 2643 2123 :
2677 2068 2880 2139 dequo
2930 2083 3028 2137 per
3082 2066 3277 2121 Isaiam
3336 2065 3469 2121 dicit
3521 2064 3708 2120 Deus:

419 2166 773 2235 ηἴδόκησεν
808 2169 845 2239 ἡ
889 2169 1060 2240 ψυχή
1083 2187 1242 2240 ,ιιουο
1285 2172 1455 2241 θήσω
1488 2175 1555 2228 τὸ
1619 2174 1866 2244 Πνεῦμά
1898 2192 2008 2245 μου

2126 2161 2264 2216 Ecce
2301 2177 2432 2230 puer
2460 2177 2608 2215 meus
2637 2176 2790 2231 quem
2843 2159 2999 2231 elegi,
3038 2159 3236 2214 electus
3298 2173 3443 2212 meus
3503 2158 3556 2210 in
3605 2173 3713 2226 quo

427 2261 519 2313 ἐπ’
547 2261 726 2327 αὐτῷ,
762 2263 860 2318 καὶ
890 2264 1095 2333 κρίσιν
1121 2265 1244 2334 τοῖς
1264 2266 1511 2323 ἔθνεσιν
1540 2267 1794 2334 ἐξοίσει.

2122 2254 2445 2317 contr-Iacuit
2478 2255 2657 2307 anima
2679 2270 2813 2321 mea,
2837 2269 3032 2323 ponam
3074 2251 3333 2319 Spiritum
3357 2266 3527 2306 meum
3555 2265 3713 2320 super

2119 2366 2235 2405 eum
2271 2356 2320 2402 et
2342 2346 2606 2417 judicium
2637 2346 2822 2412 afferet
2847 2344 3087 2417 gentibus
3121 2344 3188 2400 ".

507 2440 916 2510 Κατάστησον,
973 2445 1173 2514 Κύριε,
1219 2444 1558 2515 νομοθέτην
1627 2446 1722 2499 ἐπ’
1764 2447 2008 2511 αὐτούς.

2193 2439 2362 2495 νιςιιε.
2389 2438 2482 2493 2|.
2517 2436 2817 2500 Constitue,
2854 2436 3097 2504 Domine,
3129 2435 3489 2504 legislatorem
3545 2450 3705 2499 super

442 2534 704 2588 ἐνταῦθα
735 2535 829 2589 τὸν
855 2537 1096 2607 Χριστὸν
1143 2537 1466 2599 αἰνίττεται.
1509 2537 1655 2593 κατά
1703 2540 1799 2595 τό’
1868 2539 2015 2609 Ἐγὼ

421 2626 802 2712 τατεστᾴθην
826 2628 1133 2695 βασιλεὺς
1160 2628 1264 2685 ὑπ’
1300 2629 1490 2685 αὑτοῦ
1514 2648 1528 2663 ’
1565 2631 1690 2685 νέον
1738 2629 1850 2700 γὰρ
1885 2630 2015 2685 ἔδω·

420 2734 519 2770 κεν
546 2718 733 2789 νόμον,
763 2719 856 2774 τὸν
886 2720 982 2774 τοῦ
1011 2721 1374 2791 Εὐαγγελίου.

2111 2550 2221 2591 eos.
2248 2531 2352 2587 Per
2377 2531 2746 2601 legislatorem
2780 2529 2869 2584 hic
2893 2529 3173 2585 Christum
3216 2528 3493 2597 intelligit,
3537 2526 3697 2597 juxta

2111 2625 2242 2681 illud
2276 2641 2289 2679 :
2332 2621 2442 2692 Ego
2475 2629 2651 2675 autem
2676 2621 2998 2674 constitutus
3025 2636 3142 2674 sum
3175 2617 3288 2673 Rex
3337 2620 3403 2671 ab
3462 2634 3543 2677 eo.
3601 2616 3695 2685 qui

2110 2716 2395 2787 legislalor
2423 2730 2619 2771 novam
2644 2715 2725 2770 eis
2760 2715 2934 2784 legem
2973 2712 3099 2768 tulit
3131 2728 3145 2766 :
3194 2720 3446 2766 sanctum
3478 2708 3690 2764 scilicet

2110 2807 2494 2878 Evangelium.

484 2898 830 2955 Γνώτωσαν
888 2900 1035 2969 ἔθνη
1092 2900 1183 2955 ὅτι
1261 2902 1571 2970 ἄνθρωποί
1618 2904 1803 2959 εἰσιν.
1877 2901 2008 2971 Ὀψέ

2186 2897 2522 2970 Cognoscaut
2541 2907 2717 2971 gentes
2745 2895 2885 2969 quod
2900 2898 3135 2951 homines
3162 2906 3307 2951 sunt.
3340 2894 3476 2951 Sero
3507 2893 3704 2949 saltem

405 3006 549 3043 ποτε
612 2990 961 3062 μαθέτωσαν,
1027 2993 1105 3058 ὡς
1132 2992 1415 3067 ἄνθρωποι
1472 2995 1594 3068 ζῇν,
1645 2995 1743 3049 καὶ
1787 2994 1865 3059 ώς
1929 2992 2007 3065 μὴ

2115 2990 2412 3061 aliquando
2439 2992 2732 3046 addiscant
2767 2991 2950 3046 vivere
2992 2999 3050 3044 ut
3093 2989 3371 3054 homines,
3402 2996 3453 3043 et
3494 3001 3601 3041 non
3645 2992 3711 3039 ut

405 3081 608 3153 θηρία·
2114 3082 2266 3139 ferae.
2295 3081 2417 3158 [Vel
2450 3084 2608 3139 aliter
2643 3102 2658 3138 :
2692 3083 3025 3148 Doceantur,
3051 3082 3255 3151 inquit,
3312 3080 3458 3151 quod
3507 3093 3706 3134 corru-

400 3181 637 3252 ptibiles
663 3186 813 3248 sunt,
871 3179 1130 3252 quodque
1186 3180 1348 3254 longe
1401 3189 1536 3239 sunt
1597 3198 1631 3238 a
1672 3181 1823 3240 diis:
1881 3195 2006 3253 quae
2041 3181 2269 3252 propria
2299 3195 2396 3236 eos
2420 3180 2681 3252 gloriatio
2710 3195 2777 3235 ac
2810 3179 3073 3247 superbia
3112 3177 3181 3233 de
3245 3178 3444 3247 seipsis
3511 3175 3709 3230 suadet

404 3270 711 3346 cogitare.]

478 3367 613 3424 ἰνα
644 3368 724 3431 τι,
773 3369 972 3437 Κύριε,
992 3368 1346 3440 ἀφέστηκας
1392 3371 1745 3443 μακρόθεν;
1791 3368 2008 3425 Ἐντεῦ-

2185 3363 2385 3422 PSAL.
2416 3362 2465 3418 x
2496 3361 2727 3420 JUXTA
2766 3360 3143 3418 HEBBEOS.
3179 3359 3344 3418 Vens.
3378 3363 3427 3415 ι.
3477 3359 3701 3431 thuid,

402 3458 506 3513 θεν
531 3460 620 3523 εἰς
645 3459 775 3524 τοὺς
820 3462 947 3532 περὶ
1001 3462 1267 3534 προνοίας
1307 3462 1587 3518 εἰσϐάλλει
1625 3462 1841 3532 λόγους,
1888 3461 2001 3517 τῶν

2111 3459 2351 3520 Domine,
2384 3457 2653 3512 recessisti
2683 3456 2833 3527 longe
2865 3457 2889 3511 ?
2919 3455 3117 3525 Incipit
3146 3462 3386 3509 tractare
3417 3452 3483 3508 de
3513 3453 3698 3508 divina

401 3551 674 3623 πονηρῶν
706 3550 809 3623 μὲν
826 3553 1272 3625 εὐημερούντων,
1300 3554 1765 3628 δυσπραγούντιιῖν
1803 3553 1863 3609 δὲ
1890 3554 2004 3610 τῶν

2111 3551 2457 3609 Providentia
2493 3569 2507 3605 :
2543 3564 2605 3604 ac
2625 3549 2790 3604 veluti
2815 3564 3107 3619 pravorum
3129 3548 3414 3603 hominum
3437 3564 3524 3602 res
3560 3547 3701 3602 bene

403 3643 641 3714 ἀγαθῶν
669 3660 684 3675 ’
715 3646 812 3699 καὶ
838 3644 1124 3717 προσώπῳ
1149 3647 1256 3702 τῶν
1279 3647 1617 3719 θλιϐομένων
1645 3649 1884 3702 ποιεῖται
1903 3646 2002 3719 τὴν

2111 3660 2176 3701 ac
2199 3643 2435 3700 feiiciter
2460 3644 2841 3708 succederent,
2861 3650 3048 3697 contra
3079 3650 3284 3706 autem,
3313 3641 3448 3709 justi
3482 3656 3544 3694 ac
3569 3640 3702 3694 boui

400 3736 806 3806 δικαιολογίαν.
845 3738 1025 3807 Διατί,
1046 3740 1236 3809 φησὶν,
1273 3740 1494 3811 ἀφῆκας
1524 3741 1652 3803 τοὺς
1673 3739 2001 3811 ἀνθρώπους

2111 3737 2211 3791 viri
2244 3733 2542 3790 infeliciter
2584 3734 2868 3805 degerent,
2922 3747 2989 3787 ex
3045 3738 3278 3803 persona
3329 3732 3605 3801 justotunt
3644 3729 3701 3783 in

401 3830 482 3892 ὡς
522 3829 685 3901 ἔτυχε
730 3830 1039 3902 φέρεσθαις
1089 3832 1156 3886 ἐκ
1193 3834 1512 3904 μεταφορᾶς
1554 3831 1665 3886 τῶν
1709 3830 1995 3904 πόρρωθεν

2111 3826 2498 3882 altlictionibus
2544 3826 2925 3881 exsistentium
2992 3839 3300 3879 sermonem
3370 3822 3551 3879 facit:
3640 3833 3697 3878 et

403 3921 740 3991 ἱσταμένων,
772 3923 867 3976 καὶ
893 3922 1272 3994 ἀμελούντων.

2114 3919 2393 3976 rationem
2450 3915 2862 3986 quodammodo
2933 3915 3174 3985 exquirit
3206 3930 3236 3967 a
3269 3915 3402 3978 Deo,
3459 3914 3698 3977 dicens:

400 4012 597 4078 Quare
635 4012 913 4082 permittis
945 4012 1202 4069 homines
1232 4024 1439 4070 temere
1470 4028 1548 4071 ac
1601 4029 1732 4070 casu
1759 4013 1890 4070 ferri
1919 4026 2031 4083 quo
2069 4023 2192 4066 sors
2215 4008 2391 4079 jubet.
2424 4022 2526 4063 nec
2554 4005 2719 4061 "nam
2749 4020 2937 4061 θοτιιῐη
2972 4021 3159 4060 curam
3204 4006 3372 4062 hach
3413 4007 3436 4059 ἳ
3462 4007 3606 4077 (100d
3632 4023 3699 4063 CX

398 4107 727 4177 metaphora
766 4108 986 4163 illorum
1031 4117 1311 4180 sumptum
1338 4120 1446 4178 est,
1471 4111 1566 4182 qui
1595 4110 1789 4183 procul
1823 4109 2104 4172 abierunt,
2143 4115 2200 4160 et
2223 4103 2545 4160 relictorum
2585 4102 2790 4158 nullam
2808 4117 2996 4157 curam
3035 4101 3265 4157 habent.

485 4200 815 4272 ’Υπερορᾷς
852 4201 925 4256 ἐν
955 4205 1291 4272 εὐκαιρίαις
1318 4206 1390 4260 ἐν
1412 4206 1742 4275 Odm-amr;
1792 4204 1997 4276 ’Υπερ-

2096 4214 2137 4281 ⁸,
2170 4199 2414 4270 Despicis
2446 4199 2500 4252 in
2524 4197 2970 4267 prosperitatibus
2999 4197 3052 4248 in
3080 4196 3424 4249 tribulatione
3453 4195 3478 4249 ?
3506 4195 3697 4265 Despi-

397 4296 537 4366 ορᾷν
564 4297 705 4355 ἐστι,
746 4294 808 4348 τὸ
835 4295 1261 4366 προσποιεῖσθαι
1311 4295 1387 4367 μὴ
1450 4298 1610 4367 ὁρᾷν,
1679 4294 1827 4349 ἀλλὰ.
1871 4296 1999 4359 τοὺς

2111 4305 2223 4347 cere
2259 4299 2345 4347 est
2374 4289 2752 4350 dissimulare.
2784 4303 2891 4345 non
2928 4287 3136 4350 videre,
3157 4301 3219 4340 ac
3251 4288 3410 4357 quasi
3437 4286 3694 4342 deorsum

399 4378 721 4459 ὀφθαλῖιοίις
745 4386 928 4457 αἴρειν
965 4385 1109 4459 ὑπὲρ
1133 4386 1193 4441 τὺ
1219 4386 1524 4459 ὁρώμενον.
1558 4388 1685 4444 Ἵνα
1719 4388 1996 4453 τιτοίνυν,

396 4478 567 4549 φησι,
605 4477 817 4549 παρὼν,
848 4479 1157 4548 ἀφεστάναι
1205 4479 1383 4544 δοκεῖς
1433 4480 1523 4534 διὰ
1576 4479 1677 4552 τὴν
1719 4481 2001 4551 μακροθυ-

401 4570 541 4641 pias
568 4608 585 4633 ,
610 4571 705 4624 καὶ
740 4569 958 4640 βλέπων
1009 4573 1254 4639 ἅπαντα,
1303 4576 1579 4645 προσποιῇ
1634 4573 1711 4646 μὴ
1752 4572 1996 4644 βλέπειν,

396 4659 492 4714 διὰ
519 4660 586 4713 τὸ
618 4659 695 4732 μὴ
719 4660 1025 4733 ἔωμῦνειν
1056 4664 1170 4727 τοῖς
1212 4661 1528 4734 πράγμασι,
1575 4664 1669 4717 καὶ
1712 4661 1906 4718 ταῦτα.
1937 4662 1999 4716 ἐν

399 4753 622 4823 καιροῖς
645 4751 920 4818 δεομένοις
943 4754 1048 4824 τῆς
1074 4755 1174 4825 σῆς
1213 4756 1546 4827 ἐπισκοπῆς,
1593 4754 1765 4827 ἤγουν
1797 4754 1859 4809 έν
1885 4752 1999 4808 θλί-

392 4841 530 4913 («est
559 4843 673 4897 τῶν
698 4844 885 4909 κακῶς
923 4843 1246 4916 πασχόντων
1275 4863 1292 4914 ;
1319 4846 1509 4901 Ταῦτα
1530 4846 1588 4900 δὲ
1614 4846 1770 4917 λέγει
1803 4862 1990 4919 παρα·

395 4927 615 4993 καλῶν,
643 4929 746 4983 οὐκ
770 4932 1050 5000 ἐγκαλῶν.
1077 4928 1190 4988 Εἷδ⁹
1232 4934 1302 4989 ἀν
1328 4936 1358 4989 ό
1383 4933 1519 4999 Θεὺς
1552 4933 1691 5007 πρὸς
1716 4934 1894 4990 ταῦτα
1928 4935 1993 4990 τὺ

393 5017 798 5092 γεγραμμένον
815 5039 830 5054 ο
858 5025 932 5079 Αἱ
959 5024 1240 5095 ἁμαρτίαι
1271 5024 1445 5097 ὑμῶν
1464 5024 1744 5082 διαστῶσι
1759 5024 1995 5097 μεταξὺ

389 5111 554 5182 ἐμοῦ
581 5113 678 5169 καὶ
714 5114 910 5186 ὑμῶν.
948 5118 957 5136 ‘

2099 4382 2373 4454 aspicere,
2421 4392 2613 4437 etnon
2653 4381 2719 4435 ad
2745 4394 2859 4434 rem
2909 4379 3085 4441 illam,
3148 4393 3272 4448 quae
3319 4386 3447 4433 ante
3504 4379 3696 4434 oculos

2101 4475 2281 4547 posita
2313 4478 2419 4530 est.
2471 4473 2612 4540 Quid
2675 4472 2870 4543 igitur,
2916 4471 3121 4540 inquit,
3161 4480 3217 4525 tu
3284 4471 3377 4540 qui
3434 4471 3694 4527 omnibus

2105 4581 2353 4638 praasens
2379 4580 2440 4622 es
2472 4572 2625 4621 tanta
2682 4574 2774 4619 tua
2839 4564 3262 4634 longanimitate
3315 4578 3380 4618 ac
3427 4564 3691 4635 patientia

2105 4657 2303 4715 abesse
2332 4657 2560 4723 videris,
2623 4664 2680 4712 et
2742 4671 2867 4713 cum
2927 4656 3116 4712 omnia
3171 4655 3384 4723 rideas,
3462 4657 3695 4713 Simulus

2102 4765 2212 4807 non
2239 4751 2448 4816 ridere,
2482 4758 2544 4806 ut
2567 4749 2730 4806 rebus
2761 4750 2970 4806 nostris
3004 4749 3271 4804 auxilium
3312 4764 3419 4804 non
3491 4748 3637 4806 feras
3663 4789 3682 4816 ,

2100 4851 2268 4914 atque
2303 4843 2407 4898 hoc
2442 4856 2509 4897 eo
2541 4841 2892 4912 potissimum
2927 4850 3200 4912 tempore,
3246 4841 3466 4912 quando
3508 4851 3697 4913 prote-

2099 4936 2287 4992 ctione
2318 4943 2411 4988 tua
2452 4933 2804 5004 potissimum
2853 4932 3193 5004 indigemus,
3275 4946 3427 4987 nunc
3476 4933 3694 4987 scilicet

2095 5042 2222 5084 cum
2246 5027 2302 5082 in
2327 5024 2780 5081 tribulationibus
2805 5025 3093 5081 constituti
3119 5024 3341 5080 sumus?
3361 5023 3486 5079 Haec
3505 5032 3688 5079 autem

2097 5116 2208 5177 non
2235 5134 2509 5177 accusans
2545 5129 2640 5186 aut
2701 5120 2935 5191 culpans
2982 5119 3157 5175 Deum
3217 5117 3524 5191 Propheta,
3590 5115 3688 5172 sed

392 5221 607 5278 rogans
632 5207 765 5263 dicit
781 5218 835 5263 et
857 5208 1179 5266 exhortans.
1210 5208 1348 5269 Nam
1372 5212 1618 5285 alioquin
1643 5211 1987 5283 respondere
2023 5211 2074 5268 ei
2143 5212 2292 5269 Deus
2328 5212 2626 5285 potuisset,
2679 5210 2736 5267 id
2806 5211 2954 5283 quod
3023 5211 3152 5267 alibi
3236 5217 3501 5282 scriptum
3557 5217 3686 5265 est:

389 5299 630 5357 Peccata
657 5313 833 5358 vestra
860 5303 1107 5359 dividunt
1135 5309 1385 5392 inter)“
1411 5317 1462 5362 et
1492 5325 1606 5364 vos.

483 5397 593 5451 Ἐν
619 5393 705 5461 τῷ
730 5398 1296 5469 ὑπερηφανεύεσθαι
1347 5403 1456 5458 τὸν
1484 5404 1703 5475 ἀσεϐῆ.
1742 5405 1990 5476 ἐμπυρί-

390 5485 555 5549 ζεται
586 5490 620 5543 ὁ
643 5491 1027 5560 πτωχός-,Τοῦ
1060 5493 1315 5562 ἀσεϐοῦς,
1352 5496 1543 5566 φησιν,
1596 5497 1985 5572 ἐπαιρομένου,

2163 5402 2334 5457 Vsus.
2365 5401 2423 5456 2.
2454 5399 2597 5455 Dum
2621 5400 2856 5470 superbit
2877 5399 3096 5467 impius,
3116 5395 3427 5471 incenditur
3455 5410 3681 5467 pauper.

2089 5494 2343 5565 Quando,
2384 5495 2583 5567 inquit,
2608 5495 2813 5565 aliquis
2839 5491 3147 5552 extollitur,
3175 5489 3401 5560 quando
3430 5489 3568 5545 bene
3602 5489 3681 5554 illi

386 5580 486 5635 διὰ
544 5580 608 5635 τὸ
670 5582 991 5639 εὐοδοῦσθαι
1053 5585 1192 5656 πρὸς
1252 5587 1491 5657 ἅπαντα,
1553 5590 1772 5662 βλέπων
1854 5592 1988 5647 πᾶσι

2111 5597 2290 5644 :uncta
2323 5586 2652 5649 succedunt,
2716 5592 2850 5638 tunc
2882 5583 2928 5639 si
2966 5579 3093 5650 quis
3160 5578 3401 5634 ﬁdelium
3446 5591 3553 5644 est,
3584 5578 3678 5644 qui
3734 5632 3737 5633 ν

388 5672 767 5742 προσκόπτων
797 5675 1057 5742 εὐσεϐὴς,
1121 5681 1485 5752 πυρπολεῖται
1552 5682 1632 5753 τῷ
1686 5682 1837 5755 ζήλῳ
1883 5684 1988 5754 τῆς

2111 5679 2478 5752 'requentibus
2516 5684 2782 5749 urgeatur
2811 5671 3244 5737 calamitatibus,
3282 5673 3331 5728 is
3389 5671 3508 5728 zelo
3535 5688 3679 5743 quo-

385 5761 838 5832 εὖδοκιμήσεως,
870 5759 989 5819 οἷόν
1017 5782 1143 5822 τινα
1174 5770 1385 5826 καπνὸν
1410 5771 1502 5826 τὸν
1566 5775 1871 5848 στεναγμὸν
1898 5775 1988 5830 διὰ

2111 5774 2211 5831 lam
2242 5782 2408 5845 atque
2431 5769 2781 5827 annulatione
2808 5765 3093 5838 Opinionis
3125 5781 3190 5822 ac
3244 5766 3372 5823 boui
3438 5764 3678 5822 nominis

443 5947 487 5981 ’°
509 5945 617 6005 lsa.
648 5963 805 6017 sun,
858 5948 948 6004 10.
