4146 6418
367 425 464 492 15³1

1550 424 1940 485 ΕΟΜΜΕΝΤ.
1982 424 2060 483 ΙΝ
2106 421 2473 491 PSALMOS.

3540 421 3643 490 158

358 543 454 613 Μὴ
475 538 696 597 δοκοῦντ
708 557 760 604 λς
785 538 1124 610 ρλέπεσθαι,
1146 540 1344 612 μαιραὶ
1364 541 1606 608 γίνονται
1637 541 1692 593 αἱ
1723 540 1949 609 πράξεις

2059 555 2320 614 peccator
2345 562 2445 601 sua
2477 547 2646 602 videri
2677 563 2784 602 non
2817 554 2973 618 putat
2997 547 3220 613 delicta,
3259 542 3640 616 perversiores

357 636 458 690 τοῦ
485 632 819 704 ἁμαρτω)ιοῦ
845 633 947 686 καλ⁸
979 635 1414 705 μεμολυσμέναι.

445 724 906 795 Ἄντακαιρεῖται
936 727 1010 781 τὰ
1041 726 1296 798 κρίματά
1328 740 1448 782 σου
1473 725 1957 797 ἀπὸ⁶προσὼπου

357 822 571 878 αὑτοῦ.
606 821 1003 891 Ἀφαιροῦνταί
1051 822 1110 875 αἱ
1141 821 1358 892 κρίσεις
1393 837 1491 875 σου
1524 819 1634 875 ἀπὸ
1689 817 1784 873 τοῦ
1834 817 1957 880 νοὸς

363 912 539 968 αὐτοῦ
565 930 580 946 ·
613 912 741 978 νοῦς
793 914 908 985 γὰρ
966 913 1073 987 δρᾷ
1098 928 1116 946 ·
1150 911 1431 966 τουτέστιν
1464 909 1842 974 ὲκὸάλλονται,
1880 906 1956 979 μὴ

360 1007 777 1078 ἑνθυμουμένου
810 1006 1042 1071 ταύτας,
1069 1006 1208 1078 μηδὲ
1237 1004 1618 1076 λογιζομένου,
1649 1004 1734 1058 ὅτι
1759 1002 1956 1072 κριτὴς

357 1096 414 1154 εἴ
443 1101 681 1166 δέκαιος,
716 1101 815 1154 καὶ
870 1099 1122 1170 ἰσχυρὸς,
1175 1098 1274 1154 καὶ
1331 1096 1708 1168 μακρόθυμος.
1742 1092 1958 1165 Παρέλ-

356 1209 539 1246 κουσα
563 1191 624 1245 δὲ
651 1193 686 1263 ἡ
716 1192 850 1247 ἀντι
881 1190 1142 1260 πρόθεσις
1161 1229 1178 1256 ,
1214 1190 1310 1244 καὶ
1342 1187 1952 1261 καταχρηστικώτερον,

357 1284 565 1354 ὥσπερ
599 1285 695 1337 ἐπὶ
721 1283 822 1352 τῆς
853 1282 1268 1347 ἀνταποδόσεως
1292 1281 1729 1354 ἡρμηνεύκαμεν
1750 1293 1764 1309 ·
1791 1279 1956 1351 ἢρκει

355 1377 471 1448 γὰρ
504 1378 706 1439 εζπεῖν,
743 1372 1176 1447 Ἀναιρεῖται.Ἥ
1201 1373 1294 1430 καὶ
1312 1372 1508 1438 ἄλλως*
1526 1371 1837 1441 Ἀναίρεσις
1854 1369 1954 1439 μὲν

356 1469 464 1539 τῆς
493 1469 805 1540 ἁμαρτίας,
837 1469 896 1522 αἱ
924 1467 1020 1522 τοῦ
1044 1466 1180 1522 θεοῦ
1211 1466 1444 1538 κρίσεις,
1472 1466 1540 1531 ἃς
1564 1467 1592 1520 ὁ
1622 1463 1954 1536 ἁμαρτάνων

357 1561 785 1632 ἐνθυμούμενος
842 1560 1116 1615 παύεται·
1181 1559 1570 1630 ἅνταναίρεσις
1629 1556 1686 1611 δὲ
1744 1555 1953 1610 τούτων

355 1654 544 1721 αὖθις,
587 1655 620 1724 ἡ
653 1653 791 1725 λήθη
830 1653 1034 1708 αὐτῶν.

432 1929 694 1984 Πάντων
751 1929 872 1982 τῶν
925 1926 1158 1996 ἐχθρῶν
1219 1927 1410 1983 αὑτοῦ
1457 1913 1946 1996 κατακυριεύσει.

358 2026 585 2086 Πάντας
610 2024 900 2092 ἀμυνεῖται
928 2023 1056 2085 τοὺς
1085 2021 1520 2090 ἀνθισταμένους
1548 2021 1722 2090 αὐτῷ,
1743 2021 1829 2074 διὰ
1849 2019 1951 2093 τὴν

355 2117 456 2169 τοῦ
509 2113 650 2168 Θεοῦ
686 2112 1077 2186 μακροθυμίαν
1129 2113 1635 2186 παραχωροῦμενος
1686 2113 1951 2178 πολλάκις

359 2211 522 2278 νικᾷν
549 2208 647 2261 καὶ
670 2209 730 2261 ὲν
755 2209 872 2271 τοῖς
900 2207 1185 2276 πολέμοις.

443 2298 624 2354 Εἶπεν
659 2300 771 2370 γὰρ
800 2301 871 2354 ἐν
895 2299 1111 2368 καρδίᾳ
1144 2301 1335 2356 αὑτοῦ
1360 2315 1374 2331 ·
1418 2302 1501 2356 Οὐ
1525 2299 1613 2370 μὴ
1641 2295 1946 2354 σαλευθῶ.

376 2392 688 2462 Παρὰμονον
716 2394 940 2462 ἐνόμισε
973 2393 1071 2463 τὴν
1115 2393 1461 2465 εὐημερίαν⁹
1505 2391 1833 2462 σαλευθῆναι
1867 2390 1945 2458 δὲ,

373 2485 435 2537 τὺ
453 2471 862 2555 μετατραπῆναι
892 2485 996 2555 τῆς
1025 2485 1334 2556 δυνάμεως.

446 2666 592 2722 Ἀπὸ
616 2665 830 2735 γενεᾶς
857 2669 946 2733 εις
988 2667 1204 2736 γενεὰν
1243 2665 1392 2722 ἄνευ
1417 2666 1632 2722 κακοῦ.
1663 2666 1855 2720 Asius:
1886 2665 1950 2719 τὸ

350 2761 650 2832 haudid]
681 2761 1042 2832 διαϐήσομαι
1067 2762 1358 2832 ’ἐνενόησε
1398 2761 1508 2831 γὰρ
1545 2762 1628 2815 ὅτι
1667 2761 1949 2828 ἀνέπαφος

343 2853 513 2905 ἕσται
545 2852 870 2922 κακώσεῳς,
930 2851 1042 2906 ἀπὸ
1083 2854 1279 2922 γενεᾶς
1308 2854 1388 2916 εἰς
1415 2853 1634 2922 γενεὰν,
1672 2853 1944 2915 τουτέστι,

345 2946 487 3015 παρ’
539 2944 672 3015 ὃλην
701 2944 882 3016 ζωήν·
941 2945 1137 3014 γενεὰν
1182 2947 1301 3014 γὰρ
1350 2946 1590 3000 ἐνταῦθα
1643 2947 1743 3018 τὴν
1793 2947 1942 3016 ζωὴν

347 3038 598 3108 οἰητέον,
658 3042 961 3104 τουτέστιν,
992 3039 1103 3094 ἀπὸ
1133 3041 1230 3110 τῆς
1261 3039 1456 3094 ἑαυτοῦ
1509 3041 1639 3112 ἄχρι
1687 3041 1790 3112 τῆς
1823 3039 1948 3111 μετ’
1993 3075 1996 3080 -

349 3130 542 3185 αὐτόν.

414 3313 505 3372 Οὔ
553 3316 708 3384 ἀρᾶς
742 3317 812 3371 τὸ
853 3318 1052 3386 στόμα
1076 3317 1266 3373 αὐτοῦ
1300 3313 1484 3388 τέμει,
1540 3317 1639 3372 καὶ
1677 3316 1942 3385 πικρίας,

350 3409 455 3464 καὶ
489 3408 706 3464 δόλου.
740 3403 988 3473 Οὖτινος
1025 3409 1215 3464 αὐτοῦ
1251 3409 1321 3463 τὸ
1355 3409 1583 3478 στόμαο
1617 3407 1850 3479 σύνηθες
1886 3403 1946 3460 δὲ

349 3498 451 3553 καὶ
478 3499 641 3552 τοῦτο
668 3500 730 3553 τδ
753 3500 943 3570 σχῆμα
976 3501 1044 3570 τῇ
1076 3497 1184 3553 τῶν
1233 3497 1502 3572 Ἐϐραίων
1533 3498 1824 3569 διαλέκτῳ,
1848 3497 1945 3552 καὶ

351 3589 634 3660 πολλαχοῦ
691 3593 970 3660 κείμενον,
1039 3591 1187 3660 λέγω
1231 3589 1298 3663 δὴ
1355 3592 1416 3646 τὸ
1469 3589 1827 3658 συζευγνύειν
1875 3587 1945 3643 τὰ

346 3679 534 3748 ἄρθρα
594 3681 716 3743 ταῖς
768 3679 1172 3750 ἁντωνυμῐαις,
1195 3678 1282 3746 ὡς
1315 3681 1378 3735 τό
1405 3697 1420 3715 ·
1458 3680 1764 3749 Μακάριος
1793 3675 1870 3737 οὗ
1909 3682 1944 3734 ό

357 3773 506 3835 Θεὸς
541 3769 751 3826 Ἰακὼϐ
792 3773 1027 3841 ,βοηθὸς
1058 3773 1252 3830 αὐτοῦ
1272 3789 1289 3807 ·
1348 3775 1445 3829 uel.
1476 3774 1540 3828 τό
1560 3789 1578 3804 ·
1638 3773 1944 3844 Μακάριος

352 3863 516 3933 ἀνὴρ
537 3904 552 3927 ,
597 3858 647 3932 ᾦ
689 3865 864 3919 ἐστιν
901 3865 1234 3935 ἀντίληψις
1264 3865 1426 3932 αὐτῷ
1455 3866 1617 3935 παρὰ
1657 3865 1798 3922 σοῦ.
1841 3867 1945 3920 He-

355 3958 681 4028 πλησμένον
705 3958 760 4012 δέ
789 3960 942 4012 ἐστιν
999 3961 1162 4030 ἀρᾶς,
1195 3961 1592 4031 καταρωμένου
1625 3959 1762 4016 πᾶσι
1791 3977 1806 3992 ο
1850 3963 1946 4016 καὶ

351 4052 620 4120 πικρίας,
643 4049 882 4119 ὀργίλως
911 4045 1293 4122 φθεγγομένου
1313 4067 1329 4084 ο
1355 4053 1451 4106 καὶ
1480 4051 1657 4116 δόλου,
1692 4052 1768 4118 μὴ
1796 4069 1946 4123 χρω-

357 4141 528 4211 μένου
563 4141 677 4194 τοῖς
707 4139 766 4194 λο
779 4157 887 4209 τοις
907 4142 1050 4196 κατὰ
1080 4141 1180 4212 τὴν
1211 4143 1468 4215 καρδίαν,
1495 4143 1615 4198 ἀλλ’
1645 4143 1809 4215 ἕτερα
1841 4143 1944 4214 μὲν

352 4233 638 4303 λιγοντος,
669 4233 838 4306 ’ἐτερα
866 4233 927 4287 δὲ
957 4233 1314 4306 κρύπτοντος.

437 4415 595 4471 ’Υκύ
624 4415 741 4485 τὴν
766 4413 1061 4487 γλῶσσαν
1086 4418 1280 4474 αὐτοῦ
1334 4418 1527 4487 κόπος
1582 4420 1684 4476 καὶ
1725 4421 1936 4501 πόνος.

2060 650 2278 705 semper
2310 645 2478 708 atque
2506 639 2910 708 inquinatiores
2947 641 3084 694 liunt
3111 637 3232 707 ejus
3267 651 3472 692 mores.

2133 730 2466 801 Auferuntur
2487 731 2702 800 judicia
2733 742 2822 786 tua
2847 750 2879 787 a
2917 732 3056 799 [acie
3097 732 3238 800 ejus.
3267 729 3510 794 Iudicia,
3553 731 3642 785 in-

2057 825 2200 894 quit,
2235 835 2327 880 tua
2364 825 2434 880 ab
2463 825 2586 894 ejus
2613 825 2898 880 intellectu
2938 824 3290 880 auferuntur.
3321 822 3437 890 lpse
3462 823 3642 890 siqui-

2057 915 2182 970 dem
2240 916 2556 972 intellectus
2606 914 2798 971 oculos
2833 915 2998 969 etiam
3035 927 3170 969 suos
3217 913 3402 967 habet.
3437 911 3638 965 Verum

2059 1007 2380 1077 bujusmodi
2420 1007 2756 1076 delinquens
2784 1015 2950 1061 tanta:
2977 1007 3243 1060 caecitatis
3267 1015 3373 1068 est,
3407 1002 3641 1070 utjudi-

2060 1098 2168 1164 cia,
2199 1113 2321 1168 qua:
2353 1113 2384 1153 a
2417 1107 2468 1154 te
2498 1097 2879 1169 proferuntur.
2912 1113 3022 1152 non
3057 1097 3260 1159 videat,
3298 1112 3406 1150 non
3457 1094 3642 1149 consi-

2057 1191 2234 1258 deret,
2263 1207 2372 1246 uou
2403 1191 2824 1252 animadvertat,
2859 1199 2913 1246 te
2934 1189 3172 1255 justum,
3202 1187 3400 1243 fortem
3434 1197 3488 1241 et
3514 1187 3639 1240 lon-

2059 1283 2334 1355 ganimem
2355 1283 2596 1352 judicem
2627 1299 2774 1339 esse.
2812 1281 3108 1338 Redundat
3135 1292 3317 1335 autem
3357 1277 3642 1351 praeposi-

2057 1380 2137 1432 tio
2164 1377 2309 1441 ἀντὶ,
2346 1383 2402 1432 et
2445 1376 2671 1433 abusive
2723 1385 3048 1447 usurpatur,
3089 1384 3150 1432 ut
3193 1374 3247 1429 in
3289 1389 3424 1428 voce
3475 1373 3640 1425 ἀντα-

2062 1470 2337 1533 ποδόσεως
2369 1469 2715 1538 interpretati
2746 1485 2961 1524 sumus.
2998 1467 3094 1522 Sat
3128 1466 3273 1522 enim
3302 1474 3422 1521 erat
3450 1465 3636 1520 dicere

2056 1564 2389 1634 ἀναιρεῖται.
2421 1559 2519 1616 Vel
2550 1561 2655 1616 alia
2687 1563 2902 1616 ratione
2933 1577 2947 1614 :
2976 1558 3194 1616 Peccati
3221 1559 3440 1627 quidem
3464 1558 3635 1612 oblit-

2057 1655 2254 1708 teratio
2281 1660 2412 1708 sunt
2445 1650 2540 1707 Dei
2569 1651 2804 1720 judicia,
2850 1652 3056 1724 quippe
3087 1667 3211 1720 qum
3244 1651 3553 1720 recogitans
3586 1651 3634 1705 is

2055 1747 2148 1814 qui
2185 1755 2398 1815 peccat,
2435 1760 2462 1798 a
2496 1756 2724 1814 peccato
2752 1744 2990 1800 desistit.
3029 1741 3355 1798 Divinarum
3391 1741 3635 1798 vicissim

1975 1875 2026 1936 Β
2055 1839 2386 1894 oblitteratio
2411 1837 2744 1909 judiciorum
2781 1849 2864 1893 est
2894 1852 3082 1893 eorum
3117 1836 3347 1892 oblivio.

2121 1933 2378 1987 Omnium
2416 1933 2771 1987 inimicorum‘
2807 1949 3028 1986 suorum
3061 1931 3443 1985 dominabitur.
3476 1927 3632 1984 Ulci-

2053 2033 2241 2082 scetur
2285 2040 2480 2080 omnes
2533 2025 2626 2094 qui
2679 2024 2951 2080 adversus
3004 2040 3130 2080 eum
3182 2025 3632 2084 insurrexerunt.

2053 2119 2184 2185 Deo,
2237 2119 2657 2190 longanimitate
2688 2132 2809 2182 sua,
2844 2118 3203 2187 permittente
3237 2118 3391 2172 illum
3422 2115 3632 2186 saepius

2051 2216 2107 2268 in
2141 2214 2280 2268 bella
2306 2214 2558 2268 inimicos
2588 2228 2719 2267 suos
2754 2227 3039 2284 superare.

2129 2304 2290 2362 Vens.
2322 2305 2374 2360 6.
2417 2305 2561 2360 Dixit
2601 2305 2740 2359 enim
2774 2304 2827 2357 in
2856 2303 3012 2358 corde
3034 2317 3167 2356 suo:
3197 2299 3320 2355 Non
3363 2300 3626 2354 movebar.

2049 2399 2218 2453 Putat
2282 2397 2603 2452 felicitatem
2669 2409 2825 2450 suam
2859 2395 2953 2448 diu
3007 2409 3133 2450 esse
3186 2405 3630 2462 permansuram.

2052 2491 2258 2549 Moveri
2295 2490 2439 2545 enim
2476 2489 2588 2552 hic,
2643 2488 2893 2558 intellige
2948 2501 3049 2555 pro
3095 2486 3320 2546 mutari,
3383 2498 3412 2537 a
3459 2483 3629 2554 priori

2047 2586 2314 2640 nimirum
2352 2580 2599 2652 petentia
2632 2587 2796 2649 atque
2828 2595 2856 2632 a
2885 2577 3124 2646 propriis
3153 2578 3378 2631 viribus.

2064 2715 2082 2722 --
2121 2680 2164 2731 Α
2201 2676 2537 2748 generatione
2586 2674 2641 2728 in
2693 2673 3089 2743 generationem
3122 2671 3235 2723 sine
3276 2668 3440 2721 malo.
3489 2665 3634 2720 Sub-

2049 2772 2298 2842 intellige
2352 2770 2585 2824 verbum
2644 2784 2756 2832 ero,
2813 2767 2898 2820 vel
2947 2765 3279 2833 pertransibo
3310 2777 3329 2816 :
3363 2761 3629 2823 coxitavit

2045 2868 2197 2924 enim
2233 2874 2495 2935 peccator
2534 2861 2623 2916 ille
2651 2868 2706 2916 et
2736 2859 2992 2921 credidit,
3033 2874 3092 2914 se
3126 2873 3153 2911 a
3197 2855 3548 2926 generatione
3574 2853 3630 2906 iu

2049 2960 2482 3030 generationem,
2535 2956 2638 3009 hoc
2673 2962 2758 3009 est
2808 2968 2905 3023 per
2953 2959 3119 3004 tutam
3155 2951 3343 3012 vitam,
3383 2947 3626 3000 futurum

2046 3054 2264 3122 absque
2292 3048 2588 3104 afﬂictione
2622 3047 2833 3116 aliqua.
2875 3042 3298 3098 Generationem
3350 3039 3492 3092 enim
3539 3035 3631 3090 hic

2044 3145 2236 3216 posuit
2264 3157 2367 3213 pro
2391 3143 2550 3195 vitae:
2592 3138 2750 3210 quasi
2780 3138 2952 3200 dicat,
3011 3134 3079 3188 ab
3112 3132 3234 3204 ejus
3264 3131 3374 3186 vita
3409 3129 3476 3184 ad
3508 3144 3628 3184 eam

1971 3221 2014 3279 (ἶ
2047 3251 2171 3308 quae
2199 3236 2304 3290 erit
2335 3242 2462 3304 post
2493 3232 2614 3302 ejus
2639 3238 2897 3284 mortem.

2116 3328 2289 3384 Vsus.
2318 3327 2371 3381 ’1.
2432 3323 2606 3394 Cujus
2654 3320 3032 3376 malediuioue
3065 3331 3122 3372 os
3157 3315 3272 3384 ejus
3300 3313 3536 3382 plenum,
3577 3317 3628 3363 et

2044 3421 2410 3478 amaritudine
2442 3427 2492 3473 et
2526 3417 2672 3473 dolo.
2696 3412 2875 3471 Verba
2923 3412 3016 3466 illa
3055 3409 3136 3466 'Os
3160 3409 3296 3479 ejus,
3332 3420 3483 3461 more
3523 3403 3630 3457 He-

2045 3514 2223 3573 braici
2263 3510 2550 3567 idiomatis
2578 3507 2758 3580 posita
2785 3515 2938 3568 sunt,
2969 3502 3436 3575 quemadmodum
3485 3496 3630 3551 mul-

2047 3609 2122 3665 tis
2163 3609 2220 3662 iu
2247 3606 2386 3661 locis
2427 3603 2727 3675 reperitur.
2775 3594 2967 3654 Solent
2993 3597 3139 3653 enim
3173 3591 3384 3649 Hebraei
3422 3603 3628 3660 prono-

2045 3702 2194 3756 mina
2227 3696 2483 3754 articulis
2517 3693 2890 3764 conjungere;
2924 3685 3235 3760 cujusmodi
3259 3693 3313 3740 et
3343 3682 3476 3738 illud
3502 3687 3624 3736 est:

2047 3795 2245 3849 Beatus
2267 3789 2424 3860 cujus
2449 3787 2592 3842 Beus
2613 3784 2782 3839 Iacob
2812 3782 2942 3852 adju
2955 3791 3035 3834 tor
3062 3777 3262 3848 ejus”.
3295 3775 3424 3830 item
3448 3771 3581 3828 illud
3607 3785 3626 3824 :

2045 3885 2242 3941 Beatus
2269 3883 2351 3937 vir
2377 3879 2464 3934 cui
2487 3887 2566 3934 est
2597 3876 2864 3931 auxilium
2896 3875 2945 3928 ei
2979 3872 3076 3926 abs
3107 3881 3154 3925 te
3175 3867 3244 3922 ”.
3300 3865 3403 3921 Est
3433 3876 3623 3918 autem

2045 3976 2439 4034 maledictione
2472 3973 2697 4044 plenum
2726 3985 2812 4033 os,
2840 3982 2965 4023 cum
2996 3964 3256 4022 omnibus
3290 3957 3624 4014 maledicat:

2045 4079 2100 4127 et
2131 4065 2520 4128 amaritudine,
2546 4079 2670 4119 cum
2699 4059 2964 4116 iracunde
3007 4057 3076 4112 ad
3122 4069 3315 4111 omnes
3341 4053 3626 4120 loquatur.

2045 4164 2181 4220 Dolo
2207 4163 2372 4217 etiam
2398 4159 2617 4229 plenum
2648 4155 2874 4218 dicitur,
2910 4167 3038 4208 cum
3084 4165 3192 4204 non
3221 4163 3287 4201 ex
3317 4143 3484 4198 corde
3511 4154 3630 4195 ser-

2046 4267 2266 4311 monem
2301 4248 2570 4322 proferat,
2602 4245 2700 4303 sed
2739 4245 2846 4300 alia
2873 4243 3055 4308 dicat,
3081 4247 3135 4296 et
3169 4239 3274 4293 alia
3307 4236 3361 4290 in
3406 4237 3627 4290 secreto

2043 4341 2213 4400 animi
2250 4341 2472 4397 habeat.

2032 4467 2037 4470 -
2115 4436 2222 4493 Sub
2257 4437 2443 4506 lingua
2472 4433 2588 4502 ejus
2625 4430 2778 4485 labor
2803 4436 2854 4483 et
2881 4425 3056 4480 dolor.
3116 4419 3210 4487 Ea,
3268 4417 3487 4485 inquit,
3546 4410 3630 4506 lo-

365 4512 595 4566 Ἐκεῖνα
626 4509 952 4580 φθέγγεται,
989 4509 1028 4566 ἃ
1058 4511 1230 4566 κόπον
1259 4513 1353 4566 καὶ
1384 4513 1549 4569 πόνον
1565 4515 1682 4578 τοῖς
1714 4515 1942 4569 ἐπιϐου-

2050 4530 2254 4601 quitur,
2287 4504 2412 4597 qua:
2461 4525 2702 4580 laborem
2731 4529 2787 4576 et
2814 4519 3059 4575 dolorem
3116 4515 3185 4570 iis
3216 4514 3462 4585 pariunt,
3499 4504 3628 4619 qui-

349 4603 678 4674 λενομινοις
703 4604 1061 4674 παρέχουσιν.
1098 4607 1170 4660 Ἦ
1197 4605 1296 4660 καὶ
1314 4607 1378 4660 -ὲν
1399 4609 1466 4678 τῇ
1494 4606 1818 4679 διδασκαλίᾳ
1839 4608 1942 4660 αὺ-

2051 4597 2154 4678 bus
2195 4617 2433 4675 insidias
2453 4615 2639 4671 tendit
2671 4630 2686 4667 :
2725 4613 2813 4668 vel
2844 4610 2970 4681 quia
3018 4608 3073 4662 in
3104 4604 3220 4675 ejus
3254 4601 3506 4658 doctrina
3545 4597 3626 4648 la-

353 4698 448 4752 τοῦ
488 4697 743 4767 κάματος
766 4698 862 4750 καὶ
891 4695 1079 4769 ὀδύνη,
1111 4693 1188 4752 ὧν
1217 4697 1541 4768 μεθέξουσιν
1572 4699 1623 4752 οἳ
1649 4697 1800 4769 αὐτῷ
1823 4716 1945 4753 πει-

353 4788 604 4858 θόμενοι,
665 4784 744 4858 μὴ
790 4785 1140 4857 εὑρίσκοντες
1167 4787 1267 4859 τὴν
1298 4789 1508 4844 ἄνεσιν.
1559 4790 1630 4843 Ἦ
1662 4789 1759 4844 καὶ
1787 4789 1944 4863 κάμῃ

351 4881 448 4933 καὶ
495 4878 898 4949 όδυνηθήσεται
946 4880 982 4950 ή
1023 4879 1246 4948 γλῶσσα
1293 4879 1498 4946 αὑτοῦ,
1537 4881 1623 4935 ’τὰ
1656 4881 1801 4936 κατὰ
1834 4881 1943 4935 τῶν

354 4973 620 5044 πολέμων
677 4972 1052 5046 φθεγγομένη.
1105 4975 1206 5030 Διᾶ
1267 4975 1326 5029 δὲ
1387 4976 1489 5044 τῆς
1552 4975 1944 5045 γλωσσαλγίας

351 5065 561 5135 ταύτης
591 5064 693 5136 τὴν
725 5065 1013 5136 συνέχειαν
1040 5065 1153 5120 τῶν
1182 5066 1362 5135 λόγων
1395 5068 1691 5139 ἐδήλωσεν.

435 5345 790 5414 ἐτ-κάθηται
829 5345 903 5396 ἐν
933 5343 1147 5414 ἐνέδρᾳ
1171 5363 1324 5416 μετα
1344 5349 1680 5404 πλουσίων.
1712 5351 1946 5422 Ἔνεδρά

351 5439 469 5491 ἔστι
498 5438 666 5501 τόπος
698 5436 956 5508 κρύφιος,
981 5428 1026 5504 ᾧ
1050 5453 1137 5500 τις
1174 5438 1668 5510 ὲγκαταδυόμενος,
1717 5444 1944 5511 ἀφανῶς

353 5529 660 5586 ἐπιτίθεται
711 5533 829 5593 τοῖς
863 5528 1148 5598 παριοῦσι.
1184 5531 1496 5600 Καταλέγει
1523 5533 1582 5585 δὲ
1601 5535 1639 5592 ,ὁ
1659 5534 1816 5603 λόγος
1845 5537 1944 5601 τὰς

353 5623 650 5689 πολυειδεῖς
681 5623 894 5684 κακίας
929 5620 1042 5674 τῶν
1075 5613 1329 5692 πονηρῶν
1348 5665 1363 5688 ,
1397 5623 1464 5688 ἃς
1489 5629 1665 5680 ποιεῖν
1695 5628 1939 5694 εἰώθασι,

353 5718 471 5782 τοὺς
501 5717 710 5784 δόλους,
742 5716 850 5778 τὰς
896 5713 1213 5780 ἐπιϐουλὰς,
1245 5715 1341 5779 τὰς
1375 5717 1656 5788 ἁρπαγὰς,
1693 5723 1814 5785 τοὺς
1844 5723 1941 5792 φό-

838 5896 870 5910 u

394 5901 588 5960 "l‘sal.
619 5915 794 5965 στιν,
835 5896 896 5952 5.
949 5894 996 5923 ’³
1015 5891 1159 5948 Psal.
1186 5908 1414 5962 Luxttt,
1460 5895 1518 5953 (ᾖ,

2048 4715 2149 4770 bar
2182 4721 2270 4768 est
2319 4719 2375 4765 et
2405 4709 2585 4771 dolor,
2616 4719 2853 4775 quorum
2886 4709 3054 4757 erum
3099 4696 3400 4770 participes
3449 4689 3544 4761 qui
3575 4689 3629 4745 ei

2048 4807 2456 4874 obtemperant,
2479 4799 2609 4854 dum
2631 4796 2843 4850 nullam
2871 4794 2924 4848 in
2947 4793 3069 4863 ejus
3095 4789 3348 4846 doctrina
3378 4782 3627 4854 requiem

2050 4897 2371 4960 invenient;
2407 4893 2494 4948 vel
2519 4891 2574 4945 in
2600 4890 2794 4944 labore
2829 4895 2884 4943 et
2903 4886 3095 4940 dolore
3117 4891 3238 4939 erat
3267 4882 3452 4950 lingua
3481 4877 3628 4944 ejus,

2047 4991 2261 5048 laboris
2300 4988 2566 5043 nimirum
2622 4993 2677 5038 et
2705 4975 2936 5038 'dol'oris
2987 4978 3156 5034 verba
3214 4974 3481 5031 adversus
3530 4984 3628 5024 eos

2053 5083 2344 5158 proferens
2381 5094 2522 5150 quos
2551 5076 2936 5146 impugnabat.
2970 5071 3300 5143 Hujusmodi
3335 5074 3528 5158 autem
3551 5064 3633 5117 lo-

2054 5155 2261 5244 quendi
2293 5169 2458 5228 modo
2483 5168 2876 5240 loquacitatem
2911 5163 3159 5219 iliiusac
3181 5155 3626 5214 maledicentiam

2052 5263 2337 5322 iudicavit.

2126 5355 2291 5412 Vens.
2315 5355 2369 5410 8.
2403 5353 2561 5410 Sedet
2601 5355 2654 5407 in
2685 5350 2896 5406 insidiis
2920 5364 3045 5402 tum
3068 5342 3339 5396 divitibus.
3363 5338 3465 5392 Per
3497 5334 3632 5388 insi-

2048 5447 2169 5502 dias
2217 5445 2499 5500 occultum
2564 5442 2892 5496 insidiarum
2929 5437 3110 5490 locum
3159 5429 3430 5500 intelligit,
3480 5423 3626 5479 unde

2048 5540 2404 5596 insidiatores
2434 5523 2670 5592 latenter
2713 5533 2897 5589 solent
2930 5529 3191 5597 impetum
3221 5521 3426 5576 facere.
3470 5518 3624 5572 Conso

2049 5641 2305 5688 numerat
2327 5639 2511 5686 autem
2537 5628 2812 5696 Propheta
2834 5623 2948 5686 hic,
2964 5615 3296 5686 multiplicia
3329 5625 3623 5684 pravorum

2049 5724 2334 5783 hominum
2380 5721 2536 5784 vitia,
2572 5719 2728 5774 dolos
2761 5714 3034 5778 videlicet,
3079 5708 3336 5772 insidias,
3373 5704 3623 5776 rapinas,
