4116 6412
309 367 409 431 ιρι

1485 371 1884 431 COMMENT.
1931 368 2011 428 ΙΝ
2051 368 2408 432 PSALMOS.

3496 373 3600 438 162

306 491 412 556 τὴν
450 481 764 552 ἐπισκοπὴν
810 481 984 536 αὑτοῦ
1021 502 1028 512 '
1081 483 1222 536 ὥστε
1269 483 1344 554 μὴ
1384 484 1603 554 βλέπειν
1644 487 1685 538 εἰ
1706 503 1780 548 ως
1837 485 1904 537 τὰ

2014 498 2118 550 que
2147 483 2479 548 custodiunt,
2511 491 2566 539 et
2601 483 2998 554 protectionem
3032 486 3278 541 suamita
3311 492 3598 550 averterit.

305 580 577 648 γινόμενα
605 592 622 609 ·
649 576 710 630 τὸ
735 578 846 645 γὰρ
878 579 971 642 εις
998 577 1194 643 τέλος,
1227 577 1303 646 πῆ
1335 578 1455 647 μὲν,
1485 578 1546 630 τὸ
1605 578 1734 649 ἄχρι
1770 595 1908 633 παν-

306 673 429 735 τὸς,
479 670 559 738 πῆ
595 670 676 730 δὲ,
703 667 766 722 τὸ
793 668 935 732 ὅλως
968 668 1220 738 ἐμφαίνει
1255 687 1268 700 ·
1293 670 1492 724 ταύτὸν
1517 670 1574 723 δὲ
1605 671 1698 724 καὶ
1737 671 1906 740 ἄμφω

304 763 564 829 δύναται,
596 767 710 827 τοῖς
750 763 1102 836 λεπτώτερον
1136 763 1646 834 ὲπισκεπτομένοις.
1706 764 1828 836 Χρὴ
1851 765 1905 817 δὲ

305 855 631 924 γινώσκειν,
663 857 745 910 ὅτι
769 859 840 910 τὰ
869 856 1254 929 προρρηθέντα
1281 855 1529 910 νοοῦνται
1574 855 1669 910 καὶ
1704 859 1784 920 εἰς
1815 858 1906 909 τὶν

325 946 629 1000 Ἰουδαϊκὸν
680 947 855 1016 δῆμον
909 949 1005 1000 καὶ
1048 949 1142 1001 τὸν
1191 948 1450 1019 Χριστὸν,
1515 949 1905 1018 προσαρμοζο-

310 1055 460 1108 μενα
494 1037 640 1091 κατὰ
664 1040 852 1110 μέρος.
909 1041 1022 1094 Καὶ
1058 1034 1215 1104 οὗτος
1261 1040 1371 1111 γὰρ
1443 1041 1701 1111 ἐνήδρευε
1769 1041 1908 1111 μετὰ

307 1131 424 1182 τῶν
459 1130 746 1200 ἀρχόντων
785 1132 882 1185 τοῦ
913 1133 1044 1186 λαοῦ
1081 1134 1170 1186 τὸν
1207 1133 1386 1204 ἀθῷον
1434 1134 1543 1188 ἀπὸ
1601 1135 1902 1204 ἁμαρτίας,

309 1222 406 1272 τὸν
431 1221 502 1273 δι’
533 1224 684 1292 ἡμᾶς
718 1224 1137 1294 πτωχεύσαντα,
1169 1225 1267 1278 καὶ
1294 1226 1384 1280 ἀεὶ
1431 1225 1755 1296 παρετήρει,
1812 1226 1906 1278 καὶ

312 1315 494 1366 πάντα
531 1316 732 1378 ἐποίει,
765 1315 860 1368 καὶ
902 1317 1057 1379 τέλος
1096 1317 1184 1369 ὅτε
1217 1316 1384 1369 αὐτὸν
1434 1317 1750 1382 ἀπέκτεινε,
1811 1319 1906 1370 καὶ

307 1408 437 1466 τοὺς
462 1409 802 1471 ἀποστόλους
826 1408 1037 1472 ἐδίωξε,
1065 1409 1186 1462 τότε
1229 1409 1324 1462 καὶ
1355 1409 1518 1472 αὐτὸς
1571 1411 1742 1481 ἄρδην
1799 1411 1906 1464 ὑπο

315 1501 620 1570 Ῥωμαίων
652 1502 1052 1574 ὲξωλοθρεύθη.

393 1679 747 1748 Ἀνάστηθι,
799 1683 976 1751 Κύριε
1019 1686 1051 1736 ό
1117 1685 1264 1750 Θεός
1327 1703 1471 1754 μου,
1537 1687 1836 1755 eumeum
1865 1689 1903 1756 ἡ

306 1773 444 1838 zer'p
468 1788 612 1826 σου.
651 1773 944 1844 Κινήθητι,
981 1777 1167 1844 φησὶν,
1209 1780 1290 1839 είς
1330 1779 1613 1847 ἐκδίκησιν
1651 1793 1664 1807 °
1723 1781 1786 1834 τὸ
1825 1782 1902 1847 δὲ,

317 1835 645 1934 ’λ’έπωθήτω
674 1867 709 1933 ἡ
737 1835 867 1936 χὲιρ
890 1835 1056 1933 (rati,-
1076 1835 1217 1922 κατὰ
1267 1835 1602 1942 μεταφορὰν.
1664 1835 1903 1928 Είώοασί
1940 1835 1980 1891 Β

307 1958 420 2027 γὰρ
451 1960 501 2009 οἱ
530 1957 857 2022 κολάζοντές
896 1977 1049 2024 τινας
1082 1962 1335 2032 ἐπαίρειν
1373 1964 1473 2029 τὴν
1513 1968 1696 2034 χεῖρα,
1728 1984 1903 2020 κατα-

311 2050 596 2118 φέρουσιν
617 2052 717 2120 τὴν
761 2053 1024 2122 μάστιγα.
1075 2055 1142 2106 Ἥ
1174 2057 1269 2108 καὶ⁵
1299 2055 1501 2126 ὑψηλὴ,
1523 2060 1709 2128 φησιν,
1746 2055 1902 2122 οὖσα,

313 2147 411 2194 καὶ
441 2144 762 2215 susp-sepia;
795 2146 826 2214 ἡ
868 2144 1100 2215 δύναμίς
1135 2164 1251 2212 σου,
1279 2148 1373 2202 νῦν
1410 2149 1648 2218 μάλιστα
1689 2152 1749 2205 τὸ
1773 2154 1906 2206 αὐτὸ

319 2235 584 2305 δειχθήτω
611 2254 624 2266 ·
651 2241 808 2308 χεῖρα
835 2240 946 2309 γὰρ
977 2239 1112 2292 Θεοῦ
1144 2239 1350 2311 ταύτην
1380 2243 1747 2314 ὑποληπτέον.

402 2506 496 2571 Μὴ
519 2507 772 2577 saeuior]
804 2507 925 2562 τῶν
952 2511 1229 2578 πενήτων
1273 2526 1392 2566 σου
1434 2515 1523 2578 εἰς
1596 2513 1790 2581 τέλος.
1832 2515 1907 2568 Τὸ

322 2597 414 2660 εις
447 2597 641 2664 τέλος.
665 2603 786 2654 ἀντὶ
811 2603 929 2668 τοῦ,
963 2603 1128 2672 μέχρι
1162 2605 1386 2668 παντός.

397 2689 644 2743 Ἕνεκεν
675 2693 837 2758 τίνος
869 2694 1253 2764 παρώργισεν
1272 2702 1304 2752 ὀ
1332 2699 1563 2767 ἀσεϐὴς
1592 2698 1700 2754 τὸν
1723 2702 1905 2763 Θεόν;

316 2782 540 2853 Σίὸδρα
573 2786 970 2858 δεινοπαθήσας
1000 2790 1092 2842 ἐπὶ
1113 2793 1227 2854 τοῖς
1260 2791 1531 2855 τοιούτοις
1575 2793 1686 2846 τῶν
1733 2809 1906 2863 πονη-

312 2874 434 2942 ρῶν
470 2877 838 2946 τολμήμασιν,
870 2882 949 2943 είς
1001 2881 1272 2952 ἐρώτησιν
1301 2882 1636 2954 χρηματίζει
1675 2883 1768 2938 τὸν
1820 2883 1909 2938 λό-

310 2983 414 3034 γον
453 2985 467 2998 θ
504 2963 627 3022 εἶτα
652 2970 770 3025 λύει
807 2974 907 3042 τὴν
934 2974 1189 3045 ἀπορίαν,
1213 2975 1514 3044 ἐπαγαγών
1533 2992 1548 3007 ⁶

2016 584 2076 627 ιιι
2131 589 2358 642 prorsus
2413 590 2520 628 non
2577 574 2758 630 videat
2809 592 2934 646 qua:
2980 577 3133 632 liant.
3175 577 3330 643 Quod
3366 594 3494 632 vero
3525 579 3602 632 ait

2014 665 2069 716 in
2109 665 2288 732 ﬁnem,
2318 665 2443 719 alibi
2472 681 2570 735 pro
2589 682 2958 738 usquequaque
2988 670 3284 739 accipitur;
3314 670 3443 724 alibi
3477 686 3601 725 vero

2014 772 2115 826 pro
2141 759 2376 811 omnino.
2411 758 2718 830 Utrumque
2748 771 2928 815 tamen
2958 762 3022 815 ad
3051 762 3194 814 idem
3223 763 3398 816 tendit
3453 773 3600 816 recte

2015 850 2392 904 consideranti
2429 868 2443 905 :
2471 867 2658 907 verum
2690 855 2946 922 praedicta
2977 856 3163 909 omnia
3201 856 3428 925 intelligi
3470 872 3598 926 pos—

2014 952 2145 995 sunt
2169 943 2237 998 de
2267 944 2468 1015 p0pulo
2502 943 2817 1001 Judaeorum
2846 988 2861 1013 ,
2915 955 2968 1002 et
3006 950 3074 1002 de
3109 947 3350 1003 Christo.
3384 949 3598 1019 Quippe

2014 1047 2139 1085 cum
2173 1035 2408 1102 populus
2449 1036 2615 1090 simul
2663 1053 2788 1092 cum
2850 1039 3193 1108 principibus
3246 1040 3593 1095 innocentem

2016 1122 2299 1178 Christum
2327 1164 2341 1188 ,
2383 1134 2436 1180 et
2468 1137 2694 1197 peccato
2725 1130 2872 1182 omni
2905 1145 3134 1199 prorsus
3187 1140 3465 1185 carentem
3494 1173 3508 1194 ,
3544 1141 3600 1185 et

2013 1228 2313 1284 pauperem
2349 1229 2572 1287 propter
2602 1234 2701 1274 nos
2751 1220 3001 1274 ell’ectum
3035 1265 3048 1287 ,
3091 1223 3356 1278 insidiose
3408 1223 3596 1278 obser-

2014 1307 2198 1359 varint
2231 1317 2291 1361 ut
2323 1321 2578 1380 caperent
2608 1351 2622 1375 ,
2674 1315 2966 1383 omniaque
3005 1316 3109 1368 alia
3158 1315 3432 1382 fecerint,
3479 1331 3600 1385 qum

2015 1398 2271 1466 superius
2303 1399 2446 1454 dicta
2481 1411 2643 1457 sunt:
2675 1412 2725 1458 et
2767 1405 2984 1460 tandem
3026 1415 3313 1476 postquam
3343 1423 3466 1462 eum
3499 1424 3596 1462 oc-

2013 1487 2265 1542 ciderunt
2296 1531 2312 1558 ,
2348 1494 2626 1561 apostolus
2659 1497 2821 1550 etiam
2853 1499 3130 1566 persecuti
3157 1501 3270 1552 sint
3305 1517 3318 1553 :
3377 1501 3594 1571 ipsi-pte

2013 1590 2292 1651 postremo
2325 1602 2353 1638 a
2382 1585 2646 1642 Bouianis
2682 1589 2928 1644 funditus
2972 1591 3175 1644 fuerint
3233 1593 3418 1648 deleti.

2084 1672 2252 1729 Vens.
2288 1675 2374 1730 12.
2407 1675 2666 1750 Exsurge,
2689 1681 2912 1736 Domine
2955 1684 3091 1738 Deus
3115 1703 3281 1752 meus,
3331 1689 3588 1742 exaltetur

2016 1775 2207 1818 manus
2237 1775 2350 1821 tua.
2401 1767 2850 1839 C'omtnovearis,
2907 1775 3086 1844 in:;uit
3113 1817 3128 1841 ,
3169 1779 3236 1831 ad
3275 1779 3592 1833 vindictam.

2008 1854 2161 1922 Quod
2203 1873 2331 1913 vero
2367 1861 2443 1915 ait
2474 1880 2486 1916 :
2524 1864 2809 1918 Exaltetur
2844 1883 3028 1920 manus
3061 1880 3173 1934 tua,
3199 1885 3292 1938 per
3311 1873 3595 1940 metapho-

2010 1963 2126 2002 ram
2157 1950 2363 2005 dictum
2391 1962 2496 2008 est.
2524 1955 2713 2009 Solent
2745 1959 2887 2013 enim
2912 1960 3002 2027 qui
3031 1962 3269 2030 aliquem
3295 1965 3592 2031 castigant,

2008 2055 2230 2096 manum
2266 2045 2498 2114 erigere.
2529 2059 2585 2101 ut
2633 2050 2819 2118 plagas
2854 2067 2918 2106 ac
2945 2053 3169 2106 verbera
3204 2053 3464 2109 inferant.
3505 2057 3594 2109 \‘el

2010 2131 2170 2186 aliter
2203 2151 2217 2188 :
2244 2135 2380 2190 Cum
2424 2140 2666 2206 potentia
2699 2151 2789 2194 tua
2813 2143 3027 2197 excelsa
3060 2158 3277 2212 semper
3298 2147 3391 2208 sit,
3415 2156 3468 2200 et
3501 2162 3597 2200 su-

2009 2221 2216 2290 blimis,
2245 2241 2391 2280 nunc
2428 2229 2700 2297 praecipue
2741 2246 2950 2300 quaeso,
2979 2232 3158 2303 inquit
3187 2274 3201 2296 ,
3235 2237 3305 2288 ita
3338 2239 3595 2292 erunibus

2009 2327 2294 2383 appareat.
2328 2316 2432 2374 Per
2477 2336 2702 2375 manum
2732 2327 2878 2377 enim
2933 2325 3074 2392 Dei,
3121 2328 3244 2395 ejus
3294 2331 3594 2397 potentiam

2010 2407 2318 2479 intelligere
2343 2411 2633 2468 debemus.

2086 2500 2170 2556 Ne
2195 2501 2522 2559 obliviscaris
2552 2521 2842 2574 pauperum
2873 2517 3086 2561 tuorum
3119 2513 3173 2562 in
3208 2509 3389 2579 ﬁnem.
3426 2510 3489 2564 In
3530 2513 3599 2581 ﬁ-

2009 2609 2150 2659 nem,
2185 2595 2290 2650 huc
2323 2605 2430 2658 est,
2460 2597 2513 2650 in
2545 2606 2892 2668 perpetuum.

2087 2685 2251 2742 Vens.
2283 2687 2372 2746 15.
2419 2687 2642 2758 Propter
2669 2691 2797 2760 quid
2838 2690 3075 2747 irritavit
3133 2692 3328 2760 impius
3375 2693 3542 2746 Deum
3573 2695 3599 2748 .’

2014 2776 2177 2848 Egre
2211 2778 2391 2835 ferens
2446 2778 2718 2850 Propheta
2743 2789 2854 2836 tam
2904 2783 3138 2852 grandes
3171 2799 3460 2850 pravorum
3499 2789 3599 2840 to-

2013 2869 2224 2923 minum
2258 2885 2448 2939 ausus,
2476 2887 2572 2942 per
2606 2874 2828 2928 modum
2866 2874 3318 2946 interrogationis
3372 2893 3592 2931 seruio-

2013 2976 2134 3016 nem
2167 2961 2401 3017 format:
2436 2973 2488 3018 et
2506 2964 2765 3036 deinceps
2791 2965 3190 3022 dubitationem
3212 2971 3600 3038 respondendo

2015 3053 2197 3116 solvit,
2234 3054 2450 3110 dicens:

378 3145 537 3203 Εἶπε
590 3150 698 3220 γὰρ
733 3152 805 3205 ἐν
858 3154 1070 3223 καρδίᾳ
1120 3155 1344 3212 αὑτοῦ·
1404 3159 1528 3212 Οὐκ
1572 3158 1905 3230 ἐκζητήσει.

2089 3145 2230 3200 Dixit
2253 3149 2390 3202 enim
2413 3149 2463 3202 in
2497 3150 2651 3203 corde
2679 3166 2796 3214 suo,
2821 3149 2942 3204 Non
2970 3152 3225 3222 exquiret.
3261 3150 3374 3214 Est,
3399 3155 3596 3223 inquit,

313 3241 519 3305 Τοῦτο,
548 3244 705 3312 φησὶ,
744 3243 844 3314 τῆς
879 3248 1267 3317 ἀνοσιουργίας
1292 3249 1444 3303 ἐστὶν
1469 3249 1641 3303 αἴτιον
1666 3265 1680 3280 ·
1738 3251 1911 3306 οἴεται

315 3338 450 3407 γὰρ,
481 3335 563 3397 ὡς
590 3329 690 3390 οὐκ
725 3337 972 3403 ἐξετάσει
996 3338 1130 3404 Θεὸς
1165 3340 1235 3393 τὰ
1261 3340 1536 3412 δρώμενα.

385 3430 677 3495 Βλέπεις,
715 3431 804 3484 ὅτι
839 3433 922 3486 σὺ
959 3433 1154 3487 πόνον
1191 3434 1289 3488 καὶ
1322 3435 1520 3505 θυμὸν
1572 3437 1910 3504 κατανοεῖς,

314 3521 427 3575 τοῦ
461 3521 842 3587 παραδοῦναι
880 3525 1072 3579 αὐτὸν
1104 3527 1194 3590 εἰς
1236 3525 1442 3594 χεῖράς
1481 3542 1619 3582 σου.
1663 3527 1737 3581 Τδ
1768 3527 1915 3583 Βλέ-

315 3630 476 3678 πεις,
502 3616 888 3682 ἀναγνωστέον
923 3615 1049 3670 καθ’
1103 3618 1286 3681 ἑαυτὸ,
1335 3620 1622 3682 στίξοντας
1673 3621 1910 3684 τελείαν,

318 3706 409 3758 ἴνα
503 3707 569 3759 τὸ
592 3707 772 3776 νόημα
798 3707 1041 3762 τοιοῦτον
1078 3725 1092 3738 ·
1117 3711 1192 3771 ὡς
1235 3713 1284 3763 εἰ
1317 3711 1412 3763 καὶ
1446 3710 1605 3764 τοῦτο
1650 3713 1914 3782 μυριάκις

319 3796 349 3847 ὁ
384 3797 620 3866 πονηρὸς
649 3799 844 3864 οἴεται,
879 3800 968 3852 διὰ
1003 3800 1105 3871 τὴν
1133 3799 1229 3870 σὴν
1257 3801 1645 3872 μακροθυμίαν
1665 3805 1744 3865 είς
1776 3804 1915 3857 ἁπό-

319 3909 476 3944 νοιαν
519 3894 1079 3964 ὲκτραχηλιζόμενος,
1135 3895 1272 3949 ἀλλὰ
1321 3897 1386 3949 σὺ
1446 3896 1666 3967 βλέπεις
1709 3899 1910 3963 πάντα,

316 3985 529 4055 διήκων
565 3986 879 4055 ἁπανταχῇ,
905 3986 1039 4039 διότι
1072 3989 1136 4040 σὺ
1163 3989 1294 4058 δρᾷς
1332 3988 1576 4058 ἀκριϐῶς
1605 3989 1700 4042 τόν
1733 4008 1791 4043 τε
1814 3993 1914 4044 πό-

319 4097 412 4132 νον
443 4079 559 4132 τῶν
587 4079 987 4146 ἀδικουμένων,
1015 4080 1113 4133 καὶ
1144 4081 1236 4133 τὸν
1281 4080 1454 4149 θυμὸν
1503 4082 1612 4134 τῶν
1659 4083 1912 4137 ἀδικούν-

318 4190 450 4227 των.
509 4175 857 4242 Κατανέησις
913 4174 1046 4242 γὰρ,
1103 4176 1135 4245 ἡ
1199 4175 1543 4246 λεπτομερὴς
1597 4176 1911 4244 διάγνωσις.

333 4259 616 4329 Ἀκριϐὦς
645 4259 701 4312 δὲ
737 4261 890 4330 ὁρᾷς,
917 4261 1004 4314 ἵνα
1039 4262 1298 4332 παραδῷς
1330 4264 1494 4317 αὑτὸν
1541 4264 1769 4336 ὕστερον
1835 4268 1913 4329 εἰς

321 4353 424 4414 τὰς
461 4351 747 4420 τιμωρίας
778 4368 872 4404 σου
913 4369 926 4383 ο
956 4353 1117 4406 τοῦτο
1159 4354 1268 4425 γὰρ
1334 4357 1391 4408 αί
1451 4358 1632 4428 χεῖρες
1679 4358 1915 4412 ἐνταῦθα

323 4443 581 4496 νωῦνται
613 4458 630 4472 ⁵
681 4444 940 4513 φοϐερὸν
986 4445 1054 4499 δὲ
1078 4447 1370 4515 ἐμπεσεῖν
1401 4451 1490 4516 εις
1529 4451 1913 4520 χεῖραςΘεοῦ

322 4535 572 4602 ὢντος.

405 4813 507 4864 Σοί
537 4811 1074 4879 ἐγκαταλέλειπται
1117 4818 1150 4869 ὁ
1199 4819 1461 4883 πτωχός.
1511 4817 1732 4870 Πάντων
1779 4818 1919 4872 ἀπο-

326 4923 382 4958 στ
394 4907 705 4976 ραρέντων,
733 4905 883 4980 αξιτῷ
916 4925 997 4960 σοι
1017 4909 1164 4979 μόνῳ
1182 4910 1483 4978 ἀπέμεινεν
1500 4911 1580 4973 εις
1610 4911 1914 4981 ἀντίληψιν.

409 4996 688 5064 Ὀρςανῷ
715 4996 798 5050 σὺ
829 4995 989 5068 ἦσθα
1014 5000 1266 5068 βοηθός.
1313 5000 1404 5064 Ὠς
1445 5001 1698 5072 Πλάστης
1753 5001 1920 5055 αὑτοῦ

326 5091 426 5142 καὶ
455 5091 762 5160 Δεσπότης.
827 5089 1013 5144 Ταῦτα
1067 5092 1317 5146 νοοῦνται
1361 5093 1460 5160 μὲν
1505 5094 1600 5148 καὶ
1644 5095 1772 5165 περὶ
1813 5095 1922 5147 τῶν

325 5183 518 5247 ἁπλῶς
549 5185 799 5252 πενήτων
851 5183 945 5236 καὶ
987 5184 1271 5254 ὀρφανῶν*
1312 5185 1413 5255 οὐχ
1475 5185 1681 5256 ἥκιστα
1725 5185 1782 5238 δὲ
1828 5186 1926 5238 καὶ

323 5275 458 5344 περὶ
481 5275 577 5328 τοῦ
599 5276 658 5340 ἐξ
687 5275 863 5330 ἐθνῶν
900 5275 1051 5340 λαοῦ,
1081 5275 1316 5346 πένητος
1350 5277 1448 5347 μὲν
1473 5277 1647 5341 ὄντος,
1692 5277 1783 5330 διὰ
1821 5278 1921 5340 τὰς

324 5371 740 5439 προειρημένας
771 5367 977 5432 αἰτίας,
1013 5368 1253 5437 ὀρφανοῦ
1285 5369 1363 5433 δὲ,
1390 5368 1479 5422 διὰ
1501 5369 1563 5422 τὸ
1614 5368 1689 5438 μὴ
1719 5369 1921 5440 γνωρί-

328 5460 445 5523 ζειν
477 5462 568 5513 τὸν
589 5461 786 5514 ἑαυτοῦ
834 5459 1062 5528 Πατέρα
1095 5460 1190 5512 καὶ
1224 5461 1465 5530 Ποιητὴν
1491 5459 1649 5512 Θεόν.

397 5555 740 5624 Σύντριψον
767 5555 882 5607 τὸν
905 5551 1214 5618 βραχίονα
1260 5551 1367 5605 τοῦ
1408 5550 1764 5619 ἀμαρτωλοῦ
1823 5550 1920 5603 καὶ

328 5649 609 5718 πονηροῦ.
642 5646 936 5720 Βραχίονα
967 5642 1069 5714 τὴν
1100 5644 1328 5714 δύναμιν
1361 5643 1512 5711 λέγει
1539 5659 1553 5670 ο
1592 5643 1686 5696 καὶ
1729 5641 1838 5712 γὰρ
1866 5641 1912 5692 ἐκ

2024 5636 2128 5692 Per
2207 5633 2490 5690 brachium

394 5833 601 5891 ‘llebr.
641 5846 701 5897 ι,
735 5826 839 5880 51-

2017 3247 2297 3294 tantorum
2331 3241 2600 3296 scelerum
2647 3257 2837 3306 causa,
2874 3243 3020 3313 qttod
3050 3245 3367 3300 existimant
3421 3247 3590 3301 Deum

2016 3331 2221 3402 ﬂagitia
2245 3347 2435 3387 eorum
2468 3349 2575 3388 non
2606 3333 2936 3403 disquirere.

2090 3425 2255 3481 Vens.
2291 3427 2378 3481 Η.
2419 3425 2600 3494 Vides,-
2648 3429 2900 3497 quoniam
2925 3437 2980 3482 tu
3006 3428 3260 3494 laborem,
3291 3441 3338 3482 ct
3363 3429 3600 3498 furorem

2017 3520 2352 3586 consideras,
2385 3531 2441 3573 ut
2480 3521 2663 3574 tradas
2685 3537 2803 3574 eum
2825 3521 2879 3574 iu
2904 3537 3093 3574 manus
3139 3530 3280 3575 tuas.
3313 3520 3467 3587 Quod
3501 3525 3599 3586 aii,

2027 3611 2211 3678 Vides,
2236 3628 2333 3682 per
2362 3629 2420 3668 se
2448 3613 2737 3684 legendum
2763 3623 2866 3676 est,
2887 3628 2951 3668 ac
2983 3614 3165 3667 statim
3191 3623 3378 3682 postea
3399 3616 3603 3667 sisten-

2015 3707 2168 3771 dum,
2229 3715 2288 3758 ut
2349 3705 2423 3760 sit
2480 3721 2679 3761 sensus
2730 3722 2745 3758 :
2801 3703 2953 3760 Licet
3019 3705 3217 3760 millies
3268 3720 3468 3775 ptaws
3525 3706 3602 3760 ita

2015 3781 2319 3864 existimet,
2363 3799 2434 3854 ob
2469 3807 2620 3853 tuam
2654 3799 2916 3853 nimirum
2944 3799 3262 3867 patientiam
3317 3800 3389 3852 ita
3423 3800 3476 3852 iu
3510 3815 3604 3852 ar-

2015 3893 2328 3962 rogantiam
2365 3891 2554 3960 lapsus
2588 3911 2602 3946 :
2641 3899 2695 3944 tu
2729 3898 2935 3953 tamen,
2959 3905 2993 3943 o
3020 3889 3187 3956 Deus,
3214 3891 3367 3944 vides
3397 3891 3601 3952 omnia,

2021 3999 2357 4054 quocunque
2411 3993 2727 4053 penetrans,
2755 3991 2810 4036 et
2855 3981 2911 4034 in
2953 3995 3147 4037 omnes
3193 3990 3380 4050 partes
3413 3995 3604 4050 perve-

2017 4080 2202 4134 niens.
2237 4077 2474 4147 Ideoque
2503 4086 2560 4130 tu
2603 4091 2818 4131 summa
2851 4074 3141 4143 diligentia
3170 4073 3452 4126 hominum
3485 4086 3604 4124 om-

2018 4173 2167 4226 nium
2194 4171 2396 4240 injuria
2425 4168 2748 4223 all'ectorum
2773 4167 3015 4221 laborem
3042 4165 3332 4234 perspicis,
3355 4163 3604 4228 iramque

2019 4271 2074 4318 et
2112 4262 2356 4316 furorem
2393 4254 2585 4315 eorum
2612 4259 2706 4328 qui
2731 4257 2988 4326 injuriatn
3024 4255 3293 4310 inferunt.
3329 4254 3604 4308 Corts'de-

2018 4369 2140 4407 rare
2171 4361 2377 4414 autem,
2401 4361 2485 4405 est
2513 4349 2788 4404 subtiliter
2813 4347 3148 4403 discernere.
3170 4345 3385 4416 Magno,
3406 4343 3602 4414 inquit,

2018 4461 2143 4502 cum
2171 4445 2420 4501 exnuniue
2453 4451 2507 4497 tu
2534 4441 2798 4511 perspicis
2829 4450 2886 4494 ut
2919 4439 2972 4493 in
2998 4438 3238 4494 futurum
3277 4437 3399 4490 illos
3427 4437 3606 4506 poenis

1947 4538 1997 4597 D
2029 4538 2232 4594 tradas.
2291 4537 2368 4589 lla
2437 4536 2585 4589 enim
2654 4536 2758 4587 hoc
2806 4533 2860 4586 in
2896 4532 3016 4586 loco
3050 4546 3245 4585 manus
3293 4532 3415 4596 sign
3445 4531 3608 4585 licunt

2017 4632 2177 4699 juxta
2209 4628 2342 4682 illud
2393 4627 2625 4697 apostoli
2663 4645 2677 4681 :
2719 4623 2993 4679 Horribile
3029 4640 3092 4676 ac
3126 4623 3278 4677 ualde
3316 4624 3606 4677 timendum

2020 4733 2098 4778 est
2115 4721 2350 4776 incidere
2371 4721 2422 4773 in
2456 4735 2643 4774 manus
2673 4717 2770 4772 Dei
2804 4719 3018 4772 virentis
3044 4717 3085 4771 λ.

2100 4813 2216 4866 Tibi
2239 4813 2450 4866 relictus
2499 4821 2578 4865 est
2613 4826 2832 4879 pauper.
2855 4808 3057 4864 Omnes
3087 4825 3131 4864 av
3152 4812 3390 4879 paupere
3425 4807 3604 4862 θνριεί

2026 4915 2178 4973 sunt,
2209 4905 2356 4960 unde
2392 4913 2488 4957 tuo
2525 4912 2733 4957 tantum
2761 4903 2972 4955 aitxilio
3002 4901 3226 4956 relictus
3249 4910 3355 4956 est.

2102 4997 2361 5066 Orpltano
2393 5005 2446 5047 tu
2487 4995 2592 5048 eris
2617 4995 2854 5062 adjutor.
2888 4993 3174 5062 Tanquam
3202 4994 3324 5060 ejus
3351 4989 3604 5054 Crantor,

2027 5096 2081 5143 et
2108 5087 2392 5140 Dominus.
2433 5085 2555 5138 lfmc
2590 5092 2773 5135 tamen
2811 5097 2918 5135 nun
2946 5091 3157 5135 tantum
3182 5081 3248 5132 de
3277 5077 3607 5146 pauperibus

2030 5190 2084 5233 et
2121 5179 2386 5248 orphanis
2439 5176 2840 5245 intelliguntur,
2892 5174 2989 5228 sed
3027 5174 3092 5227 de
3125 5169 3365 5240 gentium
3406 5168 3609 5236 populo

2028 5271 2121 5341 qui
2153 5271 2354 5324 dictum
2394 5269 2462 5320 ob
2491 5281 2712 5321 causam
2765 5279 2966 5334 panper
3005 5269 3120 5316 erat
3151 5276 3164 5323 ;
3198 5269 3250 5313 et
3301 5255 3606 5324 orphanus,

2025 5364 2154 5433 quia
2184 5371 2392 5431 putrem
2431 5375 2491 5412 .tc
2521 5359 2782 5413 factorem
2834 5370 2993 5410 suum
3037 5367 3143 5404 non
3172 5356 3420 5402 noverat.

2100 5541 2375 5597 “315.15.
2411 5539 2635 5594 Couterc
2669 5534 2938 5586 brachium
2967 5524 3256 5598 peccatoris
3288 5533 3336 5578 ct
3363 5519 3608 5586 maligni.

2578 5627 2877 5698 potentiam
2957 5636 3019 5675 ac
3094 5619 3239 5673 vires
3330 5612 3606 5684 intelligit.
