4116 6424
484 348 587 418 1m
1714 331 2108 396 summu
2151 288 2516 391 hostium
3648 325 3749 392 mg

548 460 743 514 Justus
762 463 940 511 autem
971 452 1096 524 quid
1132 449 1255 520 fecit
1285 448 1310 502 .9
1344 445 1489 514 Quid
1540 444 1690 511 fecit,
1731 444 1932 513 inquit,
1960 440 2047 510 juo

2235 440 2298 493 Ὀ
2329 438 2400 492 δὲ
2426 436 2665 503 δικαίος
2698 438 2756 491 τί
2774 436 3035 504 ἐποίησε
3064 453 3085 503 ;
3112 435 3178 492 Τί
3205 437 3263 492 δὲ
3295 437 3554 492 ἔπταισεν
3588 441 3615 493 ὁ
3666 440 3752 494 δίο

477 561 625 614 atus,
660 559 722 603 ut
752 543 1072 616 huiusmodi
1116 539 1557 612 persecutionem
1590 535 1868 591 sustinere
1900 534 2056 589 debe-

2162 550 2339 596 καιος,
2367 531 2457 586 ἵνα
2483 529 2659 594 οὕτως
2707 530 3017 602 διώκηταις
3050 531 3189 604 Περὶ
3241 532 3438 587 ἑαυτοῦ
3495 533 3552 587 δὲ
3594 534 3755 588 τοῦτᾶ

478 651 565 700 ret
590 643 614 695 ?
639 640 783 710 quod
818 639 888 693 de
912 636 1099 705 seipse
1143 631 1424 701 Propheta
1464 628 1619 695 dicit,
1653 626 1819 682 veluti
1848 625 1941 696 qui
1972 625 2056 679 in~

2162 640 2351 693 φησιν,
2376 621 2452 686 ὡς
2486 621 2586 676 οὐκ
2604 620 2964 692 ἀδικήσαντος
2995 621 3123 686 τοὺς
3148 621 3494 686 ἀδικοῦντας.
3525 624 3598 677 Ἢ
3624 627 3752 693 περὶ

474 735 623 806 juria
669 746 764 787 eos
802 729 1026 783 minime
1066 723 1332 788 alieccrit,
1369 722 1462 793 qui
1497 720 1604 777 sibi
1658 719 1796 775 adeo
1839 716 2056 775 fuerant

2162 715 2260 785 τῆς
2309 714 2518 770 ἀνωθεν
2566 713 2883 785 ἐπισκοπῆς
2937 713 3195 786 βούλεται
3247 713 3530 770 διδάσκειν
3558 731 3575 748 ν
3619 716 3650 771 δ
3694 716 3754 771 δι

472 805 712 887 inimici.
749 820 843 878 Vel
875 822 941 876 de
964 828 1206 891 superna
1228 817 1324 873 Dei
1351 815 1603 872 custodia
1626 820 1681 868 et
1712 812 2056 884 protectioue

2164 808 2322 871 Θεὸς,
2346 808 2375 860 ὁ
2401 806 2605 876 κυρίως
2630 806 2861 870 δίκαιος,
2891 805 2921 858 ὁ
2963 807 3144 878 μισῶν
3174 809 3275 878 τὴν
3309 806 3550 872 ἀδικίαν,
3586 809 3615 862 ὁ
3651 807 3758 878 μό-

476 916 631 987 loqui
670 913 929 978 intendit,
968 911 1162 967 dicens
1194 927 1208 964 :
1253 909 1398 977 Deus
1426 908 1521 978 qui
1568 906 1791 979 proprie
1834 919 1898 960 ac
1927 919 2056 961 vere

2165 919 2255 965 νος
2287 900 2491 970 κρίνων
2508 900 2709 972 ὀρθῶς,
2731 901 2939 957 τούτων
2968 900 3111 956 οὕτω
3138 900 3460 973 γινομένων,
3487 901 3544 956 τί
3564 900 3759 974 εποίη-

470 1004 658 1076 justus
681 1001 908 1067 dicitur,
936 999 1031 1071 qui
1055 1013 1277 1055 omnem
1307 1011 1524 1066 semper
1564 995 1680 1050 odit
1703 992 2056 1065 injustitiam,

2166 1009 2297 1058 σεν;
2331 988 2443 1064 ἆρα
2483 993 2780 1066 παρεῖδεν;
2814 994 2892 1047 Οὐ
2924 992 3026 1064 μὲν
3054 990 3172 1049 οὖν.

473 1098 569 1170 qui
592 1097 744 1154 solus
776 1104 923 1151 recte
936 1094 1170 1165 iudicat,
1201 1092 1333 1164 quid
1383 1092 1515 1147 fecit
1541 1091 1565 1145 τ
1591 1096 1717 1161 post
1762 1096 1914 1144 tanta
1955 1087 2216 1144 nimirum
2242 1087 2453 1145 scelera
2480 1103 2603 1159 quae
2663 1087 2734 1144 ab
2796 1087 2907 1144 illis
2957 1094 3175 1158 patrata
3232 1088 3422 1146 sunt?
3491 1088 3760 1163 numquid

472 1190 731 1247 fortassis
758 1189 1027 1261 despiciet
1065 1197 1161 1243 aut
1184 1200 1294 1242 nou
1330 1185 1586 1242 videbit?
1622 1184 1867 1241 Minime.

546 1284 716 1341 Vens.
740 1285 795 1341 5.
827 1284 1085 1339 Dominus
1114 1283 1171 1337 in
1211 1281 1401 1350 templo
1438 1289 1624 1336 sancto
1681 1295 1802 1342 suo,
1859 1278 2047 1333 Domi-

473 1393 574 1432 nus
603 1377 657 1431 in
698 1375 825 1431 caelo
850 1376 997 1431 sedes
1036 1375 1177 1446 ejus.
1231 1373 1350 1436 Est,
1411 1369 1630 1441 inquit,
1671 1369 1939 1425 Dominus
1992 1371 2048 1424 in

475 1467 679 1536 templo
714 1465 1059 1531 Jerusalem;
1096 1471 1179 1519 est
1221 1463 1385 1517 etiam
1445 1459 1717 1516 Dominus
1761 1461 1962 1516 sedens
1993 1460 2050 1515 in

472 1558 641 1614 caelo.
676 1558 844 1625 Quasi
876 1558 1063 1612 dicat:
1102 1554 1316 1624 Ubique
1360 1553 1517 1608 adest
1552 1551 1718 1620 Deus,
1752 1558 1808 1607 et.
1858 1567 2051 1608 omnes

478 1650 748 1719 prospicit
770 1649 864 1718 qui
900 1648 1105 1717 injuria
1137 1644 1491 1700 adiciuntur:
1525 1642 1672 1714 quod
1703 1659 1773 1700 ex
1814 1659 2052 1715 sequen-

477 1743 626 1797 tibus
654 1742 827 1811 magis
859 1741 1023 1795 etiam
1056 1739 1304 1794 declarat
1335 1738 1549 1793 dicens:

547 1833 704 1889 Oculi
755 1833 868 1902 ejus
924 1834 978 1886 in
1034 1847 1317 1902 pauperem
1379 1833 1731 1900 prospiciunt,
1788 1834 2131 1930 palpebrae];

473 1926 590 1996 ejus
610 1926 890 1994 exquirunt
919 1924 1067 1992 ﬁlius
1099 1924 1393 1977 hominum.
1426 1924 1547 1980 Non
1587 1924 1730 1979 dixit
1756 1927 2055 1995 Aspiciunt,

476 2018 574 2075 sed
604 2018 970 2084 Prospiciunt,
1027 2018 1431 2087 protectionem
1478 2019 1630 2073 illam
1690 2019 1951 2076 nimirum
1984 2021 2060 2076 si-

477 2110 764 2180 guilicans,
816 2124 979 2179 quam
1034 2124 1098 2163 ex
1156 2110 1267 2164 alto
1318 2110 1504 2166 habet.
1539 2111 1701 2167 Oculi
1748 2120 1932 2167 autem
1960 2112 2056 2168 Dei

477 2202 816 2271 intelligendi
847 2207 997 2265 sunt,
1022 2202 1306 2275 exquisita
1330 2203 1423 2256 illa
1456 2204 1692 2259 scientia
1718 2212 1775 2259 et
1811 2205 2057 2276 cognitio

475 2306 660 2348 rerum
687 2291 932 2346 omnium
978 2307 1100 2360 quae
1132 2294 1270 2346 iiunt
1306 2310 1319 2347 ε
1377 2293 1650 2364 palpebra:
1698 2310 1829 2349 vero
1863 2295 2055 2366 hujus,

477 2384 599 2456 ejus
632 2385 968 2455 cognitionis
999 2385 1269 2465 velamen.
1307 2386 1589 2456 Palpebras
1614 2388 1886 2460 siquidem
1937 2398 2059 2460 teg.

478 2477 624 2533 mina
643 2478 931 2532 oculorum
988 2488 1140 2533 sunt.
1167 2479 1274 2534 Per
1307 2480 1604 2549 palpebras
1645 2482 1815 2551 igitur
1847 2482 2060 2553 signiti-

477 2582 606 2622 care
660 2569 853 2633 voluit,
907 2570 1053 2638 quod
1105 2569 1150 2625 si
1205 2569 1428 2639 quando
1473 2571 1691 2628 videtur
1747 2571 1890 2630 Deus
1949 2589 2057 2629 non

480 2660 757 2730 aspicere,
785 2659 881 2717 sed
909 2662 963 2714 in
1015 2661 1360 2717 absconditis
1395 2664 1565 2718 animi
1607 2679 1670 2719 ac
1701 2666 1904 2721 mentis
1943 2682 2060 2721 mo-

475 2752 614 2819 rari,
659 2759 792 2807 tunc
854 2763 1032 2807 tamen
1092 2754 1265 2809 nihilo
1321 2756 1505 2812 minus
1556 2756 1703 2812 videt
1741 2774 1757 2812 :
1796 2759 1880 2813 vel
1911 2759 2060 2830 quod

481 2844 666 2900 omnia
722 2847 1010 2917 prospicit,
1070 2849 1236 2903 veluti
1291 2851 1520 2920 quinnn
1579 2851 1759 2908 oculis
1817 2860 2057 2920 tantum,

477 2937 579 2993 sed
608 2937 745 3008 ipsis
796 2940 960 2993 etiam
1027 2940 1306 3010 palpebris
1355 2930 1657 3008 intueatur,
1696 2955 1753 3000 et
1799 2960 1864 3000 ex
1906 2947 2058 3000 omni

472 3036 633 3097 parte
662 3030 844 3083 omnia
875 3041 1194 3102 cognoscat.
1234 3031 1537 3105 Exquirere
1573 3036 1742 3091 etiam
1794 3037 1937 3093 idem
1965 3048 2053 3095 est

477 3119 624 3189 quod
650 3135 1002 3192 cognoscere.
1033 3121 1204 3178 Filios
1248 3134 1433 3181 autem
1485 3127 1777 3183 hominum
1835 3145 1936 3200 pro
1959 3132 2059 3186 ho-

2225 1272 2446 1341 Κύριος
2474 1269 2546 1323 ἐν
2583 1267 2710 1336 ναῷ
2735 1267 2883 1338 άτίφ
2914 1266 3126 1332 αὐτοῦ,
3159 1268 3379 1337 Κύριος
3413 1267 3483 1322 ἐν
3519 1267 3760 1337 οὐρανῷ

2159 1369 2192 1423 ὀ
2222 1367 2437 1437 θρόνος
2467 1361 2677 1423 αὐτοῦ.
2719 1362 2808 1416 Ἐν
2839 1361 2917 1432 τῷ
2941 1362 3086 1417 κατὰ
3110 1362 3213 1432 τὴν
3248 1362 3614 1434 Ἰερουσαλὴμ
3642 1361 3759 1431 ναῷ

2161 1460 2303 1524 ἐστι,
2329 1458 2427 1512 καὶ
2452 1455 2530 1527 τῷ
2559 1453 2779 1526 οὐρανῷ
2808 1454 3070 1525 κάθηται,
3099 1453 3404 1519 τουτέστιν,
3433 1451 3759 1525 ἁπανταχοῦ

2162 1549 2419 1620 πάρεστι,
2451 1547 2691 1610 καὶτοὺς
2732 1546 3123 1616 ἀδικουμένους
3160 1547 3284 1616 ὁρᾷ.
3322 1545 3494 1599 Τοῦτο
3527 1545 3637 1617 γάρ
3665 1545 3762 1600 διὰ

2160 1641 2274 1697 τῶν
2301 1636 2428 1709 ἑξῆς
2460 1636 2746 1709 ἐπήνανεν
2775 1654 2791 1671 ·

2241 1822 2307 1873 Ol
2340 1818 2635 1890 ὀφθαλμοί
2688 1818 2876 1873 αὐτοῦ
2933 1819 3023 1885 είς
3066 1819 3174 1874 τὸν
3228 1817 3467 1887 πένητα
3513 1817 3764 1874 ἐπιϐλέ-

2157 1929 2347 1969 πουσι
2371 1930 2383 1943 ·
2437 1913 2511 1968 τὰ
2550 1912 2839 1982 ,βλέφαρα
2892 1912 3083 1967 αὑτοῦ
3113 1911 3371 1978 ἐξετάζει
3407 1912 3549 1979 τούς
3583 1913 3761 1980 υἱοὺς

2159 2006 2279 2077 τῶντ
2306 2003 2658 2073 ἀνθρώπων.
2695 2005 2809 2058 Οὐκ
2851 1999 2974 2058 εἷπε
3005 2003 3335 2068 Βλέπουσιν,
3368 2004 3486 2059 ἀλλ’
3514 2005 3758 2060 ἐπιϐλέ-

2160 2113 2374 2164 πουσι,
2405 2098 2506 2168 τὴν
2537 2097 2597 2163 ἐξ
2643 2096 2815 2167 ὖψους
2855 2096 3033 2165 δηλῶν
3078 2096 3410 2167 ὲπισκοπήν.
3452 2097 3761 2167 Ὀφθαλμοὶ

2159 2188 2216 2242 δὲ
2241 2188 2400 2253 Θεοῦ,
2428 2191 2462 2261 ἠ
2494 2189 2734 2258 ἀκριϐὴς
2761 2187 2965 2257 γνῶσις
2990 2187 3101 2241 τῶν
3131 2188 3438 2256 γινομένων
3461 2203 3475 2219 θ
3502 2187 3759 2258 βλέφαρα

2159 2282 2239 2349 δὲ,
2297 2285 2331 2354 ἡ
2380 2282 2555 2354 ἐποχή
2600 2282 2702 2353 τῆς
2752 2281 3013 2351 τοιαύτης
3056 2284 3350 2350 γνώσεως·
3381 2281 3455 2337 τὰ
3508 2282 3762 2355 βλέφαρα

2160 2377 2294 2446 γὰρ,
2320 2375 2640 2447 καλύπτραι
2662 2373 2771 2427 τῶν
2798 2374 3118 2446 ὀφθαλμῶν.
3151 2374 3250 2429 Διὰ
3277 2375 3463 2445 μέντοι
3491 2377 3600 2429 τῶν
3628 2376 3759 2447 βλε-

2162 2469 2355 2538 φάρων
2388 2467 2762 2539 παρέστησεν,
2799 2466 2875 2532 ὡς
2906 2467 3003 2521 καὶ
3030 2468 3120 2521 ὅτε
3142 2468 3295 2523 δοκεῖ
3342 2468 3418 2540 μὴ
3450 2471 3606 2541 ὀρᾷν,
3642 2462 3759 2523 οἷον

2161 2563 2221 2616 ὲν
2248 2565 2362 2627 τοῖς
2393 2560 2740 2633 ἀποκρύροις
2766 2561 2869 2631 τῆς
2906 2560 3110 2631 ψυχῆς,
3149 2560 3249 2614 οὐκ
3281 2560 3506 2616 ἔλαττον
3532 2562 3662 2633 ὁρᾷ.
3686 2562 3760 2615 Ἦ

2161 2656 2256 2711 καὶ
2299 2656 2360 2710 τὸ
2410 2656 2753 2726 παντέφορον
2801 2652 2972 2709 αὑτοῦ
3032 2654 3310 2709 δείκνυσιν
3362 2654 3639 2722 ἐντεῦθεν,
3692 2656 3756 2709 οὗ

2164 2748 2328 2819 μόνον
2360 2747 2686 2818 ὀφθαλμοῖς,
2737 2746 2876 2803 ἀλλὰ
2907 2747 2999 2800 καὶ
3030 2744 3326 2818 βλεφάροις
3370 2747 3627 2818 ὁρῶντος,
3661 2746 3761 2801 καὶ

2162 2843 2505 2913 πανταχόθεν
2560 2844 2741 2915 πάντα
2776 2840 3163 2910 γινώσκοντος.
3211 2841 3521 2909 Ἐξετάξειν
3567 2840 3649 2905 δὲ,
3696 2842 3763 2893 τὸ

2160 2934 2570 3003 διαγινώσκειν.
2609 2934 2770 2998 Υἱοὺς
2799 2934 2854 2986 δὲ
2895 2931 3223 3003 ἀνθρώπων,
3252 2933 3464 2995 πάντας
3505 2931 3633 2995 τοὺς
3665 2933 3763 2984 ἀν-

2163 3026 2440 3100 Θρώπους.
2477 3026 2693 3092 Ἀπλῶς
2723 3026 2901 3090 διττὸς
2942 3029 3039 3081 ttat
3080 3029 3110 3081 ὁ
3157 3025 3348 3097 πένης,
3391 3024 3537 3079 κατά
3567 3042 3629 3077 τε
3658 3024 3762 3103 τὴν

2164 3121 2222 3173 ὲν
2241 3121 2493 3192 χρήμασι
2522 3119 2872 3191 περιουσίαν,
2891 3120 2987 3174 καὶ
3003 3121 3102 3191 τὴν
3126 3120 3184 3172 ὲν
3211 3121 3463 3190 ἀρεταῖς.
3498 3118 3677 3186 Σαφὲς
3699 3118 3761 3171 δὴ

477 3212 720 3270 minibus
751 3213 1078 3283 simpliciter
1105 3216 1310 3285 posuit.
1344 3217 1565 3290 Pauper
1605 3234 1737 3276 vero
1768 3219 2056 3291 dupliciter

2166 3213 2362 3280 οὕτως’
2400 3215 2506 3285 Τὸν
2534 3213 2635 3285 μὲν
2660 3209 2756 3268 οὗν
2786 3214 2933 3268 κατά
2967 3212 3066 3285 τὴν
3092 3214 3150 3267 ὲν
3172 3212 3763 3284 χρήμασιπεριουσίαν

477 3305 700 3370 dicitur,
752 3306 1069 3375 patrimonii
1113 3309 1328 3367 scilicet
1361 3313 1736 3382 possessione,
1785 3321 1842 3370 et
1889 3315 2062 3370 virtu-

475 3404 615 3449 tum.
646 3394 846 3451 Vernm
898 3397 1030 3451 illud
1086 3400 1439 3456 manifestum
1473 3410 1558 3457 est
1610 3402 1760 3473 quod
1810 3405 2060 3473 pecuniis

479 3501 796 3554 pauperem,
857 3489 950 3558 qui
985 3490 1188 3549 virtute
1208 3493 1367 3549 dives
1404 3495 1498 3556 sit,
1556 3496 1818 3564 respiciat
1868 3498 2056 3553 Domi-

481 3590 629 3631 nus:
672 3579 930 3651 quodque
976 3592 1194 3647 eontra,
1223 3588 1523 3644 virtutibus
1575 3603 1873 3659 pauperem
1923 3590 2060 3646 abo-

476 3667 748 3734 minatur,
783 3686 1117 3745 quamquam
1164 3675 1416 3746 pecuniis
1466 3676 1539 3734 sit
1579 3680 1756 3737 dives.
1810 3681 2060 3735 Primum

2168 3308 2380 3378 πένητα
2412 3306 2723 3373 ἐπιϐλέπει,
2755 3305 3096 3360 πλουτοῦντα
3125 3304 3225 3376 τὴν
3274 3304 3499 3375 ἀρετήν·
3551 3304 3644 3358 τὸν
3699 3303 3765 3357 δὲ

2170 3402 2317 3457 κατά
2345 3401 2444 3473 τὴν
2474 3401 2533 3453 ὲν
2564 3400 2791 3470 ἀρεταῖς
2817 3398 3250 3470 ἀποστρέφεται,
3303 3396 3641 3450 πλουτοῦντα
3698 3397 3761 3449 ἐν

2165 3496 2441 3567 χρήμασι⁹
2471 3493 2576 3548 τὸν
2604 3494 2707 3565 μὲν
2734 3493 2827 3548 οὖν
2863 3493 3082 3565 πρῶτον
3115 3493 3243 3564 ὁρᾷ.
3292 3489 3628 3546 πλουτοῦντα
3676 3482 3764 3554 of;

2185 3591 2214 3643 ὁ
2254 3587 2513 3661 δεύτερος
2544 3588 2769 3642 πένεται
2792 3600 2806 3615 ⁸
2829 3586 2920 3640 τὸν
2954 3586 3013 3640 δὲ
3045 3586 3300 3656 δεύτερον
3322 3584 3761 3654 ἀποστρέφεται,

2175 3681 2477 3750 πενόμενον
2498 3675 2582 3744 οἷς
2610 3679 2638 3733 ὁ
2659 3677 2880 3750 πρῶτος
2937 3677 3182 3744 πλουτεῖ,
3248 3675 3370 3730 κατ’
3427 3674 3759 3747 ἐναλλαγήν,

475 3760 645 3833 igitur
668 3778 965 3837 pauperem
1008 3766 1276 3825 Dominus
1329 3770 1578 3839 respicit,
1618 3774 1718 3843 qui
1763 3774 1930 3831 rebus
1954 3776 2024 3831 iis
2047 3775 2315 3842 abundat,
2351 3777 2556 3847 quibus
2586 3775 2870 3833 secundus
2892 3772 3143 3844 indiget:
3185 3786 3217 3826 a
3274 3771 3524 3827 secundo
3576 3780 3760 3825 autem

474 3861 764 3929 avertitur,
840 3861 934 3930 qui
963 3860 1030 3917 iis
1063 3870 1237 3927 caret,
1269 3861 1474 3933 quibus
1510 3865 1756 3922 abundat
1791 3870 2023 3939 primus.

549 3951 714 4008 Vens.
747 3951 800 4008 6.
855 3952 1115 4009 Dominus
1171 3957 1402 4026 exquirit
1461 3958 1673 4027 justum
1723 3973 1772 4017 et
1808 3964 2055 4034 impium.

473 4045 577 4100 Per
598 4045 702 4099 hoc
736 4044 1052 4102 declaratur
1075 4048 1207 4117 quid
1239 4049 1556 4120 signiﬁcent
1586 4053 1679 4108 illa
1698 4055 1887 4121 verba,
1912 4057 2057 4127 ﬁlios

471 4136 779 4200 hominum;
804 4137 985 4207 iustos
1008 4138 1271 4194 nimirum
1306 4149 1362 4198 et
1382 4141 1648 4213 injustos,
1682 4160 1823 4214 quos
1856 4147 2058 4219 impios

469 4228 635 4283 etiam
665 4230 924 4300 appellat,
967 4231 1098 4300 quia
1157 4231 1329 4288 Deum
1380 4235 1686 4308 negligunt,
1726 4240 1857 4295 dum
1914 4242 2060 4298 illius

469 4331 738 4391 percepta
771 4322 1070 4378 observare
1094 4334 1483 4383 contenmunt.

543 4411 647 4477 Qui
681 4420 854 4466 autem
885 4412 1061 4483 diligit
1094 4414 1444 4482 injustitiam,
1478 4417 1592 4472 odit
1617 4420 1856 4478 animant
1879 4442 2075 4482 suam.-

472 4498 597 4557 llmc
636 4513 721 4558 est
774 4513 956 4560 autem
1012 4520 1183 4562 causa
1230 4522 1405 4578 quare
1460 4512 1707 4568 confidat
1759 4515 2052 4589 Propheta.

2246 3966 2465 4035 Κύριος
2514 3963 2776 4031 ἐξετάζει
2823 3963 2935 4018 τὸν
2966 3962 3226 4027 δίκαιον,
3268 3961 3369 4017 καί
3406 3962 3515 4017 τὸν
3540 3962 3761 4032 doce??-

2168 4055 2344 4111 Τοῦτο
2409 4055 2756 4127 διακριτικὸν
2788 4055 2894 4126 τῆς
2950 4054 3063 4108 τῶν
3110 4052 3419 4125 ἀνθρώπων
3453 4052 3759 4123 σημασίας,

2166 4150 2249 4204 ὅτι
2285 4151 2382 4204 καὶ
2402 4150 2530 4212 τοὺς
2553 4149 2798 4213 δικαίους
2829 4147 3005 4216 λέγει,
3048 4148 3144 4200 καὶ
3179 4146 3307 4208 τοὺς
3348 4144 3595 4209 ἀδίκους,
3628 4145 3773 4200 ἀσεσ

2166 4240 2397 4306 ϐοὖντας
2423 4243 2484 4294 ἐν
2511 4240 2589 4313 τῷ
2628 4240 2921 4313 ἀτιμάζειν
2944 4238 3102 4307 Θεὸν,
3134 4238 3229 4292 διά
3251 4236 3353 4308 τῆς
3378 4237 3492 4293 τῶν
3525 4237 3763 4294 ἐντολῶν

2168 4334 2336 4390 αὐτοῦ
2379 4334 2699 4405 καταψρονή
2707 4350 2870 4397 σεως.

2247 4427 2304 4480 '0
2327 4425 2396 4480 δὲ
2419 4423 2672 4495 ἀγαπῶν
2700 4423 2818 4493 τὴν
2863 4424 3134 4490 ἀδικίαν,
3174 4422 3350 4493 μισεῖ
3383 4422 3499 4491 τὴν
3539 4420 3767 4477 ἑαυτσῦ

2166 4514 2400 4587 ψυχήν.
2428 4515 2537 4569 Καὶ
2551 4513 2711 4568 τοῦτο
2740 4514 2977 4585 Θάρσους
3000 4514 3197 4578 αἴτιον,
3233 4513 3328 4573 καὶ
3351 4511 3761 4577 διδασκαλικὸν,

469 4592 872 4680 Documentum
912 4603 1504 4667 prtetcrcacontineut
1547 4604 1664 4661 haec
1697 4609 1884 4679 verba,
1910 4614 2056 4683 quod

2166 4611 2244 4675 ὡς
2289 4609 2477 4672 ἄδικος
2505 4608 2603 4678 τῆς
2655 4606 2853 4662 ἑαυτοῦ
2903 4605 3055 4678 ζωῆς
3087 4607 3182 4661 τὸν
3221 4605 3452 4661 Θάνατον
3486 4606 3767 4676 κατεργά-

469 4674 714 4754 injustus
768 4688 1008 4759 quisque
1042 4691 1168 4747 vitae
1226 4694 1466 4765 propriae
1503 4705 1737 4754 mortem
1771 4674 2055 4774 operatur,

469 4777 668 4833 animae
749 4793 864 4834 sua:
919 4781 1176 4839 inimicus
1223 4783 1479 4844 eli‘ectus.
1567 4788 1761 4849 Pravis
1851 4797 2054 4853 etenim

469 4883 537 4924 ac
589 4869 840 4926 scelestis
897 4873 1211 4931 actionibus
1246 4879 1385 4945 suis,
1422 4878 1592 4936 Deum
1630 4898 1850 4955 semper
1879 4888 2056 4959 magis

468 4961 651 5015 irritat
672 4976 735 5017 ac
769 4975 1032 5033 provocat
1057 4967 1326 5026 adversus
1348 4972 1588 5029 animam
1620 4990 1800 5033 suam.

539 5049 711 5108 Vens.
742 5053 796 5109 7.
832 5054 985 5110 Pluet
1028 5075 1190 5130 super
1228 5071 1532 5129 peccatores
1578 5064 1819 5137 laqueos.
1853 5068 2065 5125 Addu-.

465 5154 578 5213 cet,
608 5146 810 5217 inquit,
843 5145 1113 5207 Dominus
1180 5153 1454 5223 supplicia
1501 5171 1670 5227 super
1713 5170 2053 5231 peccatores,

463 5240 667 5310 quibus
695 5240 906 5297 detenti
961 5258 993 5298 a
1052 5243 1288 5314 pristino
1337 5247 1545 5319 impetu
1603 5265 2050 5323 compescentur.

465 5330 579 5388 llac
614 5343 796 5390 autem
817 5335 1017 5406 pluviae
1041 5337 1392 5407 metaphora,
1432 5354 1707 5397 summam
1738 5346 2049 5416 supplicio-

465 5441 589 5481 rum
623 5427 1019 5485 abundantiam
1049 5445 1115 5485 ac
1162 5433 1580 5501 perpetuitatem
1604 5434 1909 5494 denotavit.

536 5521 684 5591 Ignis
707 5532 755 5577 et
787 5523 1013 5593 sulphur
1042 5533 1091 5578 ct
1125 5526 1349 5595 spiritus
1405 5529 1655 5597 procellas
1688 5546 1817 5599 pars
1861 5533 2050 5587 colicis

463 5614 600 5685 ejus.
640 5616 787 5688 Ignis
812 5619 1032 5689 quidem
1065 5619 1484 5676 ellieacissimus
1505 5631 1628 5691 est;
1661 5624 1895 5696 sulphur
1918 5641 2051 5683 vero

464 5708 682 5778 pinguis
716 5718 770 5764 et
808 5725 997 5765 crassa
1053 5710 1203 5767 illius
1250 5727 1400 5768 esca.
1461 5712 1579 5770 Hoc
1638 5715 1787 5770 enim
1834 5716 2047 5775 fomitis

463 5811 694 5867 genere,
725 5800 868 5870 ignis
929 5800 1084 5858 valde
1120 5806 1384 5860 nutritur.
1430 5804 1668 5877 Spiritus
1733 5808 1900 5867 etiam
1944 5825 2044 5868 seu

2167 4704 2353 4774 ζηται,
2378 4700 2577 4772 ἐχθρὸς
2606 4700 2709 4772 τῆς
2739 4698 2948 4764 οἰκείας
2973 4698 3156 4770 ψυχῆς
3189 4697 3495 4768 γινόμενος.
3522 4697 3623 4752 Διά
3650 4700 3760 4770 γὰρ

2167 4795 2280 4849 τῶν
2332 4792 2568 4849 ἀνοσίων
2613 4792 2875 4865 πράξεων
2931 4789 3230 4864 παροξύνει
3275 4791 3398 4845 κατ’
3447 4789 3617 4861 αὐτῆς
3663 4792 3761 4845 τ’ν

2164 4887 2320 4944 Θεόν.

2242 5063 2577 5134 Ἔπιϐρέξει
2643 5063 2743 5118 ἐπὶ
2803 5063 3195 5134 ἁμαρτωλοὺς
3265 5062 3545 5135 παγίδας.
3601 5064 3759 5119 Ἐπις

2157 5159 2366 5232 ὀρέξει,
2398 5158 2682 5213 τουτέστιν
2729 5157 2940 5213 ἀνωθεν
2979 5157 3198 5224 ἑπάξει,
3248 5159 3364 5222 τοῖς
3401 5157 3757 5229 ἁμαρτωλοῖς

2156 5252 2416 5321 παγίδας,
2462 5251 2584 5323 ἦτοι
2637 5251 2934 5324 τιμωρίας,
2995 5251 3067 5307 δι’
3109 5244 3186 5306 ὧν
3232 5249 3621 5322 θηρευόμενοι,
3652 5248 3769 5321 τῆς-

2155 5344 2337 5416 ὁρμῆς
2362 5345 2673 5412 ὲφὲξονται.
2729 5344 2808 5416 Τῇ
2859 5345 3046 5415 μέντοι
3089 5343 3262 5419 βροχῇ
3316 5343 3418 5415 τὴν
3464 5343 3756 5414 δαψίλειαν

2161 5437 2255 5490 καὶ
2282 5435 2570 5506 συνέχειαν
2596 5434 2708 5488 τῶν
2736 5435 3024 5505 τιμωριῶν
3059 5433 3305 5506 ᾐνίξατο.

2232 5529 2361 5598 Πῦρ
2399 5528 2498 5584 καὶ
2528 5528 2691 5584 θεῖον
2733 5530 2832 5583 καὶ
2861 5527 3102 5598 πνεῦμα
3140 5527 3486 5598 καταιτίδος
3510 5528 3550 5596 ἡ
3581 5527 3758 5598 μερίς

2157 5621 2264 5676 τοῦ
2292 5622 2586 5691 ποτηρίου
2639 5619 2851 5682 αὐτοῦ.
2913 5620 3259 5691 Δραστήριον
3319 5621 3422 5690 μὲν
3474 5619 3536 5673 τὸ
3593 5618 3702 5687 πῦρ
3735 5636 3753 5652 ο

2156 5713 2367 5784 λιπαρὶι
2409 5714 2467 5767 δὲ
2507 5712 2688 5784 τροφὴ
2720 5713 2918 5783 πυρὸς,
2960 5713 3021 5767 τὸ
3058 5714 3236 5767 θεῖονο
3263 5711 3405 5778 εἶδος
3451 5713 3560 5782 γὰρ
3590 5710 3755 5766 τοῦτο

2156 5806 2279 5862 λίαν
2312 5806 2609 5877 Θρεπτικὺν
2638 5807 2831 5876 πυρός’
2852 5807 3311 5879 ἀναῤῥιπιστικὺν
3329 5807 3384 5862 δὲ
3403 5808 3499 5878 τῆς
3524 5804 3761 5877 φλογὸς,ι
