4116 6430
436 368 539 429 Ῑίῖ9

1598 362 1993 422 (ἶΟΜῘιῘΕΝΤ.
2022 359 2100 417 1N
2146 357 2505 418 PSALMOS.

3571 354 3674 416 ῙἸΓ)

430 483 491 535 τὸ
519 480 755 549 πνεῦμα.
799 479 977 533 Τοῦτο
1022 480 1078 534 δὲ
1109 480 1169 533 τὺ
1198 476 1338 544 εἶδος
1366 480 1467 550 τῆς
1499 482 1794 551 τιμωρίας,
1838 481 2012 535 πάλαι

2124 486 2315 533 ventus
2349 479 2466 547 pari
2523 478 2685 532 modo
2737 477 3011 530 ﬂammam
3062 477 3286 529 excitat.
3350 474 3461 528 lloc
3510 487 3691 531 autem

430 571 643 639 Σόδομα
670 570 1031 639 κατέστρεψε.
1060 571 1320 625 Βούλεται
1350 572 1406 624 δὲ
1426 572 1629 640 λέγειν,
1655 572 1730 635 ὡς
1764 573 1825 625 τὸ
1852 574 2017 641 μέρος

430 661 528 713 τοῦ
555 661 836 731 ποτηρίου,
869 662 1125 715 τουτέστι
1154 663 1251 732 τῆς
1292 665 1355 715 ὲκ
1384 664 1525 716 Θεοῦ
1573 665 1867 733 τιμωρίας,
1903 662 2016 731 πῦρ

432 753 533 805 καὶ
580 751 719 805 θεῖον
763 752 858 805 καὶ
897 753 1122 824 πνεῦμα
1176 754 1483 822 συστρέφον
1521 754 1691 806 ἐστίν.
1752 753 1812 806 Εἰ
1849 754 1906 806 δὲ
1956 754 2017 804 τὸ

435 846 605 914 μέρος
637 844 811 907 οὕτως
840 844 1192 909 ἀνύποιστον,
1241 843 1292 898 τί
1320 844 1388 897 ἄν
1419 862 1502 907 τις
1561 846 1704 898 ετποι
1748 846 1877 914 περὶ
1910 845 2017 895 τῶν

434 936 614 989 duo»:
638 937 735 1006 τῆς
776 937 1054 1005 τιμωρίας
1085 936 1291 1007 μερῶν,
1328 935 1610 988 τουτέστιν
1641 936 1833 1001 εἱδῶν;
1886 937 2018 989 Πολ-

435 1028 607 1098 λαχοῦ
633 1029 691 1082 δὲ
716 1031 815 1099 τῆς
845 1029 1068 1099 Γραφῆς
1100 1029 1361 1098 ποτήριον
1389 1029 1487 1081 καὶ
1517 1028 1675 1080 κόνδυ
1710 1028 1809 1106 τὴν
1841 1046 2016 1096 τιμω-

436 1124 568 1194 ρίαν
599 1122 1014 1191 ὀνομαζομένην
1044 1122 1395 1191 εὑρίσκομεν,
1432 1122 1505 1185 ὠς
1542 1123 1636 1174 καὶ
1667 1123 1724 1173 ὲν
1770 1122 1970 1188 Ἡσαΐᾳ
1999 1138 2014 1153 ο

432 1213 778 1282 Ἐξετειρου
820 1214 1248 1281 Ἰερουσαλὴμ,
1286 1212 1586 1282 ὲξεγείρου,
1620 1214 1658 1279 ἡ
1698 1213 1922 1266 πιοῦσα
1952 1212 2018 1265 τὸ

432 1305 733 1372 ποτήριον
758 1305 868 1370 τῆς
893 1304 1194 1371 πτώσεως,
1222 1304 1290 1358 τὸ
1318 1306 1511 1359 κόνδυ
1537 1305 1644 1358 τοῦ
1673 1306 1892 1373 θυμοῦ,
1924 1306 2018 1357 καὶ

435 1398 506 1449 τὰ
559 1396 711 1465 ἑξῆς.

505 1580 644 1631 ’Ὁτι
699 1578 927 1644 δίκαιος
978 1579 1215 1647 Κύριος,
1279 1579 1378 1632 καὶ
1424 1578 1817 1644 δικαιοσύνας
1874 1580 2019 1648 ἠγά-

430 1686 662 1736 πησεν,
714 1671 1047 1738 εὐθύτητος
1099 1668 1261 1725 εἶδεν
1308 1674 1377 1725 τὸ
1426 1673 1754 1740 πρόσωπον
1807 1676 2015 1729 αὐτοῦ.

432 1762 660 1831 Ὥσπερ
721 1763 874 1829 ἀγιος
921 1764 980 1815 ὲν
1032 1763 1207 1830 ἁγίοις
1254 1764 1691 1828 ὲπαναπαὺεται,
1740 1765 1885 1819 οὕτω
1923 1770 2019 1819 καὶ

432 1853 651 1916 δίκαιος
678 1852 773 1917 ὢν,
805 1853 1153 1917 δικαιοσύνας
1194 1856 1403 1925 ἀγαπᾷ⁸
1441 1856 1585 1910 οὕτω
1614 1857 1658 1909 δ’
1692 1858 1852 1927 ἔχων,
1880 1860 2019 1923 ἀμυ-

434 1948 613 1999 νεῖται
636 1947 847 2009 πάντας
862 1948 987 2009 τοὺς
1018 1947 1257 2010 ἀδίκους·
1288 1949 1384 2003 καὶ
1405 1949 1495 2002 διά
1524 1949 1683 2003 τοῦτο
1714 1951 2022 2021 θαρρητέον

433 2038 631 2107 αὐτῷ·
691 2038 847 2091 τοῦτο
892 2039 1001 2111 γὰρ
1044 2042 1423 2110 συμπέρασμα
1480 2042 1581 2110 τῆς
1633 2045 1691 2094 ὲν
1734 2046 1875 2113 ἀρχῇ
1924 2045 2018 2096 τοῦ

434 2129 661 2198 ψαλμοῦ
697 2130 1062 2199 προτεθείσης
1089 2132 1494 2201 πεποιθήσεως.
1544 2133 1615 2185 Τὸ
1645 2134 1725 2196 δὲ,
1752 2135 2020 2201 E0015”;-

442 2238 551 2286 τας
577 2216 699 2274 side
740 2222 809 2275 τὸ
835 2223 1162 2291 πρόσωπον
1189 2222 1397 2285 αὑτοῦ,
1437 2224 1633 2277 ταυτὸν
1665 2224 1890 2279 δύναται
1932 2226 2017 2289 τὸ,

451 2313 845 2378 Δικαιοσύνας
872 2309 1216 2381 ἠγάπησεν·
1247 2312 1306 2364 ὃν
1334 2313 1442 2384 γάρ
1473 2331 1555 2377 τις
1584 2316 1797 2385 ἀγαπᾷ,
1832 2314 2020 2369 τοῦτον

457 2402 555 2454 καὶ
574 2404 682 2473 ὁρᾷ·
712 2404 970 2475 καθάπερ
1007 2400 1103 2458 οὖν
1130 2404 1226 2457 καὶ
1271 2404 1330 2457 ὂν
1363 2406 1538 2473 μισεῖ,
1584 2406 2015 2475 ἀποστρέφεται.

458 2496 743 2563 Πρόσωπον
790 2495 848 2548 δὲ
884 2493 1118 2565 νοοῦμεν
1147 2496 1246 2566 τὴν
1296 2496 1599 2563 ὲποπτικὴν
1653 2495 1883 2564 δύναμιν
1923 2495 2017 2547 τοῦ

440 2587 601 2639 Θεοῦ.
638 2586 778 2640 Ἄλλ⁹
810 2585 955 2639 οὕτω
1004 2586 1105 2654 μὲν
1135 2585 1234 2655 τὴν
1263 2587 1407 2639 κατά
1441 2584 1532 2639 τὸν
1574 2585 1738 2638 Δαϐὶδ
1787 2586 2019 2655 συμϐαί-

443 2697 641 2734 νουσαν
672 2680 920 2748 ἱστορίαν
945 2680 973 2731 ὁ
1003 2678 1216 2748 ψαλμὺς
1265 2680 1636 2748 ἡρμήνευται.
1676 2679 1933 2749 Ἀρμόζει
1961 2679 2015 2732 δὲ

436 2772 539 2823 καὶ
568 2773 729 2824 παντὶ
758 2770 1123 2840 ἀδικουμένῳ,
1163 2769 1258 2823 καὶ
1293 2770 1708 2840 πολεμουμένῳ,
1741 2772 1853 2823 εἴτε
1913 2772 2015 2823 ὑπὸ

432 2862 657 2931 ὀριτῶν
682 2863 916 2931 ἐχθρῶν,
948 2861 1063 2915 εἴτε
1116 2862 1219 2915 ὑπὸ
1252 2861 1524 2932 ἀοράτων.
1568 2862 1760 2914 Ἡνίκα
1800 2864 1894 2915 καὶ
1933 2863 2014 2926 τὸ,

428 2951 575 3018 Πῶς
602 2952 789 3019 ἐρεῖτε
820 2951 895 3021 τῇ
921 2949 1098 3022 ψυχῇ
1134 2969 1277 3021 μου,
1307 2952 1501 3023 ῥηθείη
1533 2952 1599 3005 ἂν
1628 2953 1765 3022 πρὸς
1791 2970 1849 3005 τε
1891 2955 2016 3017 τοὺς

434 3046 739 3115 λογισμοὺς
793 3048 917 3109 τοὺς
967 3046 1392 3114 ὑποτιθεμένους
1424 3045 1774 3114 μεταϐαίνειν
1804 3048 1883 3109 εἰς
1930 3049 2016 3100 ἐν·

2047 1818 2097 1877 Β

2120 572 2370 642 supplicii
2403 586 2604 641 genere
2638 571 2936 625 Sodomam
2967 570 3097 622 olim
3125 584 3373 624 eversam
3408 570 3581 623 fuisse
3616 573 3696 625 le-

2118 667 2321 734 gimus.
2366 663 2576 719 Sensus
2620 664 2806 733 itaque
2837 673 2938 723 est.
2968 663 3112 733 quod
3159 676 3288 732 pars
3335 662 3547 719 calicis.
3587 663 3692 715 hoc

2119 766 2203 812 est
2259 773 2383 826 pars
2432 756 2687 825 supplicii
2745 772 2773 807 a
2837 756 2946 809 Deo
2992 754 3296 825 iulligendi,
3351 755 3491 823 ignis
3520 764 3604 808 est
3642 764 3696 808 et

2118 850 2357 918 sulphur
2412 856 2467 901 et
2526 847 2780 915 spiritus.
2815 846 2919 899 hoc
2970 856 3051 899 est
3082 854 3299 908 ventus,
3338 854 3694 897 convertens.

2117 940 2275 1006 Quod
2305 942 2349 994 si
2391 940 2471 995 vel
2505 940 2620 995 sola
2660 939 2827 1007 hujus
2874 937 3065 991 colicis
3094 950 3223 1006 pars
3252 937 3389 990 adeo
3434 936 3697 989 intolera-

2122 1033 2249 1087 bilis
2276 1032 2536 1100 e3t,~quid
2579 1031 2874 1085 dicendum
2907 1040 2991 1084 est
3026 1031 3091 1083 de
3129 1029 3362 1098 reliquis
3390 1030 3696 1099 supplicio-

2123 1141 2243 1179 rum
2286 1125 2557 1193 partibus,
2592 1124 2695 1179 hoc
2729 1132 2835 1188 est,
2866 1124 2933 1177 de
2993 1122 3117 1175 aliis
3169 1121 3565 1188 suppliciorum
3602 1137 3697 1193 ge-

2124 1216 2796 1284 neribus?S:epenumero
2837 1215 2984 1269 enim
3027 1215 3169 1283 apud
3211 1214 3554 1282 Scripturam
3603 1230 3701 1282 po-

2119 1310 2305 1361 culum
2330 1308 2636 1362 ctealicem
2666 1323 2764 1375 pro
2797 1322 2955 1376 paena
2994 1308 3232 1377 positum
3256 1306 3505 1360 invenire
3545 1306 3696 1371 licet,

2123 1408 2182 1451 ut
2214 1398 2341 1451 ilind
2377 1396 2525 1451 Isaize
2560 1414 2574 1450 :
2631 1395 2869 1468 Exsurge
2903 1414 3021 1467 quae
3053 1397 3184 1450 bibis
3234 1397 3476 1464 pacatum
3506 1397 3698 1460 ruina',

2119 1500 2168 1542 et
2197 1489 2412 1541 culicem
2435 1488 2631 1556 furoris
2649 1490 2692 1551 ⁸,
2724 1502 2778 1541 et
2809 1504 2931 1556 quae
2956 1500 3287 1558 sequuntur.

2194 1578 2363 1633 Vens.
2404 1578 2457 1632 8.
2496 1579 2759 1644 Quoniam
2778 1580 2957 1647 justus
2986 1578 3243 1633 Dominus
3266 1590 3316 1633 et
3339 1580 3587 1647 jnstitias
3614 1580 3701 1631 di-

2123 1672 2277 1734 lexit,
2311 1671 2613 1741 (equitatem
2661 1671 2788 1723 vidit
2840 1672 3017 1723 vultus
3053 1672 3188 1738 ejus.
3223 1671 3699 1735 Quemadmodum

2126 1763 2269 1816 Deus
2300 1769 2527 1817 sanctus
2554 1772 2638 1816 est
2670 1770 2722 1815 et
2756 1762 3054 1831 requiescit
3086 1762 3139 1815 in
3171 1763 3403 1823 sanctis.
3432 1764 3503 1818 ita
3531 1764 3698 1817 etiam

2122 1855 2308 1924 justus
2338 1864 2422 1909 est
2458 1862 2512 1908 et
2535 1853 2781 1922 justitias
2832 1853 3011 1921 diligit
3047 1871 3061 1909 :
3101 1853 3246 1906 unde
3306 1853 3544 1921 iniustos
3576 1868 3698 1908 om-

2124 1964 2244 2014 nes,
2275 1955 2327 2001 et
2358 1962 2452 2001 eos
2488 1947 2580 2015 qui
2635 1945 2836 2015 injuria
2889 1945 3127 2014 aliquem
3184 1944 3448 2008 afﬁciunt,
3509 1947 3703 2013 punire

2122 2041 2281 2096 Solet.
2322 2041 2435 2106 Qua
2463 2040 2530 2093 de
2556 2054 2725 2093 causa
2758 2039 2952 2092 beatus
2983 2039 3150 2091 David
3184 2039 3289 2092 sibi
3323 2039 3497 2105 magis
3531 2040 3704 2092 conli—

2125 2133 2362 2187 dendum
2400 2147 2523 2187 esse
2576 2132 2731 2185 dicit.
2766 2130 2891 2185 Haec
2924 2132 3126 2185 etenim
3178 2131 3321 2184 ratio
3365 2140 3450 2186 est
3481 2141 3535 2185 et
3565 2148 3701 2185 con-

2124 2226 2302 2279 clusio
2337 2242 2506 2294 quare
2534 2226 2790 2279 ﬁduciam
2824 2226 3045 2288 habeat,
3103 2226 3303 2295 dequa
3334 2226 3397 2279 in
3430 2227 3701 2296 principio

2122 2315 2320 2371 Psalmi
2373 2318 2581 2371 dictum
2631 2326 2736 2372 est.
2785 2318 2943 2381 Quod
3009 2332 3144 2372 vero
3203 2317 3318 2371 ait:
3369 2316 3705 2387 .Equitatem

2125 2410 2250 2463 vidit
2283 2409 2453 2462 vultus
2474 2409 2611 2477 ejus,
2662 2424 2759 2463 seu
2799 2409 2883 2478 (ut
2917 2410 2971 2462 in
3007 2408 3199 2461 Graeco
3233 2409 3420 2461 verius
3451 2410 3706 2475 habetur)

2123 2502 2467 2554 rectitudine:
2511 2518 2525 2553 :
2560 2500 2701 2556 idem
2757 2500 3054 2570 signiﬁcat,
3095 2500 3267 2570 quod,
3307 2498 3537 2553 Iustitia
3567 2502 3701 2553 dile-

2122 2596 2227 2646 xit.
2264 2593 2397 2646 Nam
2429 2609 2593 2662 quem
2616 2595 2742 2663 quis
2770 2603 2953 2657 amat,
2982 2593 3237 2647 etundem
3264 2593 3431 2646 etiam
3472 2594 3709 2647 libenter

2122 2687 2401 2740 intuetur:
2437 2686 2901 2755 quemadmodum
2935 2696 3151 2745 contra.
3184 2684 3367 2739 abillo
3394 2701 3552 2754 quem
3582 2686 3707 2755 quis

2121 2780 2237 2832 odit
2260 2779 2442 2833 statim
2474 2779 2763 2832 avertitur.
2814 2778 2924 2831 Per
2972 2778 3183 2831 vultum
3212 2792 3341 2831 vero
3385 2793 3482 2832 seu
3510 2776 3705 2832 faciem

2122 2870 2356 2932 Domini,
2419 2869 2777 2940 intelligimus
2825 2871 3126 2938 potentiam
3186 2870 3406 2924 videndi
3455 2887 3579 2941 qua:
3624 2879 3708 2926 est

2122 2962 2175 3016 in
2212 2960 2423 3030 [κλαίει
2452 2962 2568 3016 haec
2593 2960 2813 3029 quidem
2844 2952 3228 3031 interpretatio
3255 2963 3400 3019 dicta
3424 2974 3515 3020 est
3541 2975 3708 3032 prout

2122 3056 2383 3125 congruit
2426 3055 2675 3109 historia:
2714 3055 2854 3109 beati
2899 3054 3087 3108 David.
3118 3054 3579 3111 Convenitctiam
3615 3057 3705 3110 hic

438 3137 596 3199 νοίας
653 3137 1011 3201 ἀκανθώδεις,
1065 3136 1160 3190 καὶ
1215 3134 1581 3207 κρημνώδεις,
1641 3137 1737 3190 καὶ
1784 3138 2019 3199 ἀϐάτους

2124 3148 2376 3203 Psalmus
2400 3145 2625 3199 cuilibet
2651 3158 2920 3213 oppresso
2955 3152 3123 3212 atque
3160 3153 3477 3214 oppugnato
3508 3160 3536 3197 a
3571 3146 3707 3199 visi-

433 3229 764 3301 ὀρθοδόξοις,
794 3231 887 3284 καὶ
910 3229 1205 3298 σφαλεράς·
1228 3223 1365 3294 οἷον,
1389 3229 1472 3281 ὅτι
1494 3229 1720 3297 φέρεται
1749 3230 1818 3281 τὰ
1840 3230 2021 3284 πάντα

2124 3237 2321 3293 bilibus
2349 3250 2445 3289 seu
2478 3235 2642 3288 etiam
2674 3234 3050 3288 invisibilibus
3082 3234 3344 3289 inimicis.
3379 3235 3444 3288 Et
3488 3244 3616 3291 tunc
3643 3251 3709 3291 ea

435 3323 586 3378 κατά
606 3322 675 3395 ,τὸ
705 3321 1035 3391 αὐτόματον,
1065 3321 1160 3373 καὶ
1184 3319 1285 3372 οὐκ
1331 3318 1449 3371 ἐστι
1479 3318 1619 3381 Θεὸς
1656 3318 2016 3390 ὲκδικήσεων.

432 3418 556 3487 (51)
595 3417 705 3469 Ναὶ
740 3414 846 3487 μὴν
870 3416 966 3468 καὶ
1000 3414 1136 3484 πρὸς
1162 3413 1287 3475 τοὺς
1314 3412 1597 3480 δαίμονας,
1641 3413 2019 3481 προτρεπομέ-

434 3526 566 3571 τους
593 3507 684 3561 ἐπὶ
711 3507 780 3560 τὰ
804 3505 1029 3559 τοιαῦτα
1055 3505 1163 3559 τῶν
1185 3502 1538 3575 ἐννοημάτων
1556 3503 1777 3572 χωρεῖν.
1812 3502 2022 3573 Ἄμαρ-

438 3598 649 3660 τωλοὺς
674 3597 758 3663 δὲ,
808 3595 1029 3665 νοητέον
1063 3595 1157 3648 καὶ
1206 3595 1331 3656 τοὺς
1365 3592 1588 3655 ἀδίκους
1633 3594 1836 3662 ἄνδρας
1885 3595 2019 3665 (5‘2),

440 3689 689 3752 καὶτοὺς
720 3687 1013 3761 πονηρούς.
1062 3686 1229 3751 Τὸξον
1258 3687 1313 3739 δὲ
1345 3684 1443 3739 καὶ
1484 3684 1636 3755 βέλη,
1690 3685 1801 3738 εἴτε
1850 3686 1919 3739 τὰ
1962 3690 2021 3740 ὲν

444 3784 815 3853 ἀναιρετικοῖς
866 3780 1145 3852 ὀργάνοις,
1203 3780 1314 3832 εἴτε
1367 3778 1469 3832 καὶ
1518 3775 1589 3828 τὰ
1640 3778 1748 3831 τῶν
1800 3780 2023 3833 ἀτόπων

445 3873 787 3944 προσϐολᾶω·
819 3875 915 3928 καὶ
942 3873 1010 3927 τὰ
1041 3873 1170 3945 ἑξῆς
1203 3873 1260 3926 δὲ
1293 3871 1387 3925 τοῦ
1418 3871 1664 3941 ψαλμοῦ,
1712 3871 1855 3925 κατά
1885 3874 2016 3927 ἀνα-

438 3966 655 4035 λογίαν.

439 4061 670 4132 intelligi
719 4067 971 4131 possunt,
1020 4059 1113 4130 qui
1145 4066 1416 4113 conantur
1465 4057 1519 4112 in
1555 4054 1867 4127 hujusmodi
1908 4074 2006 4114 nos
2041 4062 2349 4115 sententias
2382 4071 2546 4128 atque
2570 4062 2809 4111 han-eses
2870 4056 3131 4110 inducere
3167 4073 3182 4119 ;

2117 3331 2285 3384 verba
2323 3344 2335 3379 :
2376 3325 2649 3392 Quomodo
2699 3325 2881 3379 dicitis
2935 3326 3131 3379 animm
3182 3329 3354 3381 mem?
3405 3326 3547 3379 dicta
3588 3343 3711 3383 esse

2119 3418 2498 3488 intelligantur
2558 3417 2827 3472 adversus
2890 3418 3254 3487 cogitationes
3307 3433 3428 3487 qua:
3475 3418 3711 3473 suadent

2120 3509 2518 3563 transeundum
2555 3522 2680 3562 esse
2703 3507 2770 3561 ad
2806 3509 3029 3577 spinosa
3062 3507 3467 3577 quodammodo
3489 3516 3542 3561 et
3571 3524 3712 3577 prm-

2126 3601 2406 3670 cipitantia
2460 3600 2733 3665 consilia,
2791 3616 2913 3669 qua:
2979 3599 3233 3654 ﬁdelibus
3302 3600 3710 3655 inacccssibilia

2128 3704 2256 3748 sunt
2285 3703 2473 3747 etnon
2505 3701 2621 3746 tuta
2659 3710 2672 3745 :
2711 3692 3024 3761 cujusmodi
3076 3692 3168 3745 illa
3206 3701 3357 3755 sunt,
3411 3692 3555 3761 quod
3596 3694 3710 3745 tor—

2130 3796 2258 3839 tuna
2283 3783 2469 3837 omnia
2518 3798 2582 3836 ac
2634 3797 2765 3836 casu
2805 3793 3085 3849 regantur,
3143 3783 3288 3849 quod
3339 3797 3443 3833 non
3476 3782 3549 3835 sit
3574 3781 3713 3834 Deus

2130 3880 2222 3948 qui
2276 3876 2480 3931 scelera
2523 3876 2847 3939 ulciscatur,
2887 3883 2942 3928 et
2987 3889 3333 3944 quacunque
3379 3874 3486 3927 alia
3522 3874 3712 3943 hujus-

2136 3968 2302 4023 tuodi.
2338 3967 2600 4032 Quinimo
2666 3974 2721 4019 et
2754 3966 3017 4018 adversus
3056 3964 3354 4026 dmmones,
3390 3965 3537 4017 dicta
3586 3978 3712 4017 esse

3252 4071 3348 4125 per
3395 4067 3712 4125 peceatorrs

438 4154 837 4224 enimintelligi
901 4160 1133 4224 possunt
1168 4160 1277 4206 tam
1328 4151 1519 4220 injusti
1592 4149 1846 4205 homines
1914 4168 2077 4219 quam
2121 4153 2272 4222 pravi
2306 4152 2604 4206 daemones.
2632 4148 2695 4202 Et
2724 4164 2821 4218 per
2840 4164 3028 4203 areum
3057 4158 3110 4203 et
3146 4151 3373 4216 sagittas
3413 4151 3492 4201 vel
3533 4149 3712 4202 luere-

438 4252 679 4303 tieorum
726 4247 1091 4300 instrumenta
1136 4245 1411 4313 intellige,
1480 4246 1565 4299 vel
1592 4232 2006 4317 .cogitatiounm
2039 4247 2673 4315 absurdarumimpetus
2711 4254 2806 4298 :et
2832 4257 2952 4312 quae
3000 4252 3310 4312 sequuntur
3372 4243 3425 4295 in
3491 4240 3711 4297 Psalmo

437 4340 600 4409 juxta
632 4335 945 4406 huiusmodi
974 4336 1276 4405 analogiam
1308 4337 1574 4405 intelligo.

434 4431 550 4494 εις
572 4430 639 4481 τὸ
666 4427 837 4493 τέλος
860 4424 1016 4494 ὑπὲρ
1043 4425 1154 4493 τῆς
1184 4426 1402 4494 ὀγδόης
1428 4426 1669 4496 ψαλμὸς
1703 4426 1785 4493 τῷ
1820 4430 2018 4485 Δαδίδ.
2051 4443 2103 4502 ι)

1002 4518 1303 4573 ΨΑΛΜΟΣ
1346 4516 1454 4572 IA'.

510 4612 785 4680 Τοιαύτηιν
838 4611 933 4663 καὶ
977 4602 1132 4671 οὗτος
1186 4608 1345 4678 ἔσχεν
1394 4610 1732 4681 ἐπιγραφὴν.
1774 4612 1894 4664 οῐαν
1928 4614 2020 4665 καὶ

428 4703 677 4766 οἶκτος,
714 4702 809 4756 καὶ
856 4700 1057 4762 ἱκανῶς
1103 4702 1161 4754 ὲν
1200 4700 1401 4770 ἐκείνῳ
1447 4701 1866 4772 διηρμήνευται.
1912 4706 2021 4758 Καὶ

438 4796 552 4864 γάρ
581 4789 735 4856 οὗτος
767 4795 894 4863 περὶ
918 4794 1019 4862 τῆς
1043 4792 1391 4856 ἀναστάσεως
1415 4792 1507 4845 τοῦ
1529 4793 1769 4864 Χριστοῦ
1801 4811 2018 4867 προφη-

434 4886 613 4950 τεύει,
637 4887 732 4940 καὶ
755 4885 857 4956 τῆς
886 4885 1220 4955 ἐκδικήσεως
1248 4886 1357 4940 τῶν
1389 4886 1765 4956 ἀδικουμένων
1790 4890 2019 4945 πιστῶν.

436 4980 555 5032 Καὶ
596 4978 772 5041 ἄλὶως
809 4978 954 5048 γάρ’
1010 4977 1163 5041 τέλος
1220 4977 1322 5047 τῆς
1365 4980 1424 5032 ὲν
1488 4978 1680 5050 κόσμῳ
1738 4980 1881 5051 ζωῆς
1936 4981 2024 5035 διὰ

439 5071 673 5124 θανάτου
698 5070 1012 5141 δεξάμενος,
1038 5071 1236 5142 ἀνέστη
1265 5073 1409 5125 κατὰ
1431 5071 1530 5142 τὴν
1558 5073 1753 5143 ὀγδόην
1784 5074 2019 5143 ἡμέραν,

437 5166 541 5233 τὴν
599 5166 887 5233 Κυριακήν
919 5180 933 5195 ο
965 5163 1088 5234 ἥτις
1142 5163 1218 5226 ὡς
1279 5164 1379 5233 μὲν
1429 5164 1572 5234 ἀρχὴ
1612 5164 1721 5215 τῶν
1773 5164 2021 5234 ἡμερῶν,

438 5255 635 5325 πρώτη
673 5256 894 5324 λέγεται
923 5272 939 5288 σ
980 5256 1069 5307 διὰ
1117 5254 1174 5307 δὲ
1204 5256 1265 5307 τὸ
1304 5254 1468 5307 πάλιν
1498 5256 1709 5307 ἐπιέναι
1742 5254 1885 5323 μετά
1926 5255 2024 5323 τὴν

434 5347 700 5417 ἑϐδὸμην,
760 5347 884 5416 ἣτις
930 5347 1053 5399 ἐστὶ
1102 5348 1164 5399 τὸ
1206 5346 1506 5413 Σάϐϐατον,
1562 5345 1887 5415 ὀνομάζεται
1933 5348 2025 5398 καὶ

506 5528 527 5559 ⁶
563 5529 674 5583 lsa.
702 5542 781 5591 LI,
818 5528 908 5583 Π.

2273 4430 2333 4484 In
2368 4430 2525 4499 ﬁnem
2565 4442 2661 4495 pro
2706 4435 2891 4479 octava
2940 4423 3191 4478 Psalmus
3230 4423 3331 4489 ipsi
3368 4421 3557 4475 David.

2695 4516 3019 4573 PSALMUS
3048 4515 3141 4570 XI.

2202 4609 2302 4665 Hic
2333 4609 2579 4665 Psalmus
2607 4612 2854 4663 eamdem
2906 4608 3069 4662 habet
3119 4605 3533 4674 inscriptionem
3578 4618 3703 4659 cum

2131 4716 2305 4765 SC‘XIO,
2366 4702 2453 4756 ubi
2514 4716 2632 4755 eam
2694 4698 2910 4754 abunde
2970 4713 3160 4752 sumus
3209 4698 3599 4766 interpretati:
3653 4707 3708 4751 ct

2131 4792 2467 4860 prephetiam
2512 4791 2716 4860 pariter
2745 4789 2992 4844 continet
3023 4797 3131 4841 tam
3172 4789 3239 4841 de
3274 4787 3479 4841 Christi
3520 4802 3708 4840 resur-

2131 4888 2373 4937 rectione
2419 4898 2581 4952 quam
2622 4882 2691 4936 dc
2738 4882 2974 4935 fidelium
3020 4895 3411 4950 oppressorum
3442 4880 3705 4933 vindicta.

2131 4974 2200 5029 Et
2253 4974 2456 5028 aliter:
2513 4972 2719 5028 Christi
2792 4972 3125 5037 immanitas,
3191 4970 3354 5025 finem
3421 4970 3706 5039 prrcsentis

2130 5069 2255 5122 vitae
2279 5065 2518 5135 suscepit
2557 5081 2652 5135 per
2700 5076 2928 5119 mortem
2962 5081 2975 5117 :
3017 5074 3070 5119 et
3093 5073 3309 5129 octava,
3350 5063 3454 5116 hoc
3491 5075 3573 5116 est
3600 5061 3706 5114 Do-

2131 5160 2335 5237 minica
2375 5159 2462 5212 die
2498 5164 2798 5212 resurrexit
2826 5176 2838 5211 :
2868 5172 2989 5226 qua:
3012 5156 3150 5217 dies,
3179 5162 3235 5208 et
3259 5154 3435 5223 prima
3481 5151 3703 5213 dicitur,

2134 5261 2395 5320 tanquam
2441 5249 2652 5303 dierum
2709 5249 2954 5303 omnium
2991 5246 3320 5317 principium
3356 5259 3371 5294 :
3401 5251 3453 5293 et
3486 5251 3700 5304 octava,

2131 5342 2260 5412 quia
2315 5356 2507 5396 rursus
2553 5350 2673 5410 post
2734 5343 3021 5410 septimam
3068 5338 3235 5399 diem,
3291 5334 3392 5387 hoc
3447 5341 3531 5384 est
3582 5342 3703 5400 post

1794 5620 1990 5681 Variae
2032 5618 2363 5686 lectiones.

497 5746 616 5809 t5l)
646 5762 741 5813 γρ.
763 5744 880 5795 καί.

496 5819 613 5887 t52)
647 5812 781 5885 hius
836 5814 943 5867 loci
991 5826 1187 5867 sensus
1232 5821 1317 5869 est
1348 5831 1363 5868 :
1398 5812 1597 5882 Injnsti
1642 5822 1689 5869 et
1745 5829 1892 5882 pravi
1922 5815 2177 5868 homines.

753 5910 1035 5972 ΡΑτειιηι.
1074 5908 1169 5966 CX
1186 5910 1419 5969 XVIII.
