4116 6442
555 371 659 437 Ῑῖ5

1774 376 2163 436 EUTHYMII
2193 376 2561 439 Z‘IGABENI

3736 387 3838 453 176

552 488 764 542 minum
802 489 1122 543 narraverit
1157 489 1270 543 hate
1308 499 1469 560 atque
1498 489 1589 544 illa
1620 490 1849 556 dixisse,
1892 509 2037 548 nunc
2070 493 2122 547 dt

2247 496 2341 547 καὶ
2375 496 2500 550 τάδε
2543 495 2691 564 λέγει
2732 496 2961 567 Κύριος,
3006 498 3415 558 διαϐεϐαιοῦται
3451 506 3546 561 καὶ
3574 510 3837 583 περὶτῆς

552 581 784 635 veritate
832 596 1146 635 sermonum
1201 581 1322 652 ejus
1378 584 1754 638 testimonium
1802 584 1999 651 reddit,
2054 587 2137 640 di-

551 688 704 739 cens,
751 674 898 744 quod
962 675 1164 729 munda
1207 690 1272 731 ac
1317 691 1451 744 pura
1498 687 1627 731 sunt
1682 679 1750 732 ab
1795 678 1944 731 omni
1988 694 2142 732 men-

546 764 727 817 dacio.

616 856 905 926 Argentum
929 859 1046 928 igne
1069 861 1431 915 examinatum
1462 863 1741 928 probatum
1778 871 1952 917 terrm.
1983 863 2135 919 Adeo

548 949 749 1001 munda
783 965 847 1004 ac
884 951 1056 1006 nitida
1091 963 1220 1007 sunt
1252 954 1471 1023 eloquia
1506 953 1626 1019 Dei,
1675 955 1746 1009 ab
1807 956 1957 1009 omni
2006 957 2134 1011 dolo

545 1047 600 1091 ct
634 1038 701 1095 ab
727 1043 875 1095 omni
908 1042 1256 1114 deceptione,
1307 1055 1365 1099 ut
1408 1055 1636 1117 argento
1673 1048 1930 1115 conﬂato,
1985 1052 2132 1121 quod

544 1131 729 1185 viliori
757 1135 907 1188 omni
936 1150 1127 1191 carere
1161 1140 1299 1193 solet
1329 1141 1580 1202 materia,
1618 1145 1855 1212 puritate
1879 1161 1942 1199 ac
1974 1161 2135 1199 mun-

545 1222 678 1279 ditia
713 1240 811 1280 sua
842 1230 1058 1295 possint
1105 1232 1438 1299 comparari.
1486 1232 1781 1287 Probatum
1815 1252 1943 1291 vero
1979 1249 2132 1292 terra:

547 1316 712 1380 dixit,
757 1334 881 1388 pro,
911 1321 965 1375 in
993 1331 1162 1378 terra.
1191 1322 1355 1378 Fabri
1390 1328 1591 1381 etenim
1619 1328 1914 1383 conﬂatum
1942 1346 2134 1402 argen-
2188 1338 2191 1341 ’

549 1418 661 1460 tum
693 1409 930 1465 fundunt
966 1414 1021 1466 in
1079 1422 1305 1468 terram.
1343 1415 1435 1471 Vel
1472 1417 1765 1472 Probatum
1815 1433 1991 1485 terrm,
2027 1424 2129 1477 huc

546 1508 650 1563 est,
678 1516 740 1554 ex
780 1512 945 1558 terra.
991 1504 1190 1560 Deinde
1226 1508 1364 1561 lianc
1387 1511 1731 1580 cloquiormn
1767 1513 1858 1568 Dei
1901 1517 2128 1569 mundi-

547 1594 677 1644 tiam
710 1594 890 1647 adhuc
933 1597 1106 1665 magis
1135 1598 1427 1661 extollens,
1470 1601 1618 1655 addit
1647 1621 1659 1653 :

617 1682 914 1752 Purgatum
941 1688 1264 1756 septuplum.
1286 1693 1633 1764 Septnplnm,
1654 1698 1874 1762 ltoc'est,
1899 1702 2127 1770 smpins.

540 1773 731 1827 Solent
768 1778 915 1831 enim
966 1777 1180 1834 Hebraei
1231 1786 1437 1853 septies
1477 1802 1682 1856 ponere
1744 1807 1841 1857 pro
1892 1793 2122 1862 pluries.

536 1866 838 1935 Argentum
862 1883 1045 1926 autem
1078 1874 1226 1943 quod
1263 1878 1466 1945 sazpius
1494 1881 1792 1936 conﬂatum
1825 1898 1928 1949 εει,
1963 1901 2127 1939 mun-

541 1960 667 2012 dius
696 1961 927 2016 omnino
958 1977 1022 2018 ac
1054 1966 1251 2032 purius
1285 1982 1409 2022 esse
1444 1970 1604 2023 solet.
1640 1963 1779 2025 Sunt
1811 1975 1977 2043 igitur
2006 1976 2123 2030 clu-

540 2051 669 2119 quia
709 2052 803 2107 Dei
839 2069 965 2108 vera
1002 2065 1057 2111 et
1102 2057 1296 2123 nitida,
1330 2074 1394 2115 ac
1429 2063 1628 2116 similia
1665 2075 1893 2133 argento
1923 2068 2123 2136 saepius

538 2142 800 2197 conﬂato.
827 2147 1001 2214 Λόγια
1021 2162 1153 2202 vero
1170 2150 1325 2217 dicit,
1347 2168 1457 2207 non
1477 2152 1804 2211 diminutive
1825 2167 2003 2225 utens,
2026 2160 2120 2215 sed

537 2237 667 2302 quia
720 2239 946 2293 oracula
994 2242 1236 2312 eloquia,
1273 2255 1499 2315 propter
1537 2263 1728 2302 eorum
1772 2248 2119 2317 brevitatem,

535 2330 812 2397 appellare
845 2346 1272 2391 consueverant.
1313 2336 1510 2395 Paucis
1541 2342 1686 2395 enim
1718 2343 1920 2399 litteris
1944 2345 2121 2399 niaxi-

534 2436 681 2476 tuam
710 2425 1062 2494 cogitationis
1093 2430 1202 2483 vim
1243 2433 1775 2502 complcctebautur.

610 2516 773 2570 Vsus.
796 2518 848 2572 8.
876 2518 978 2585 Tu,
1005 2520 1251 2588 Domine,
1283 2527 1545 2579 custodics
1573 2544 1690 2594 nos,
1713 2539 1760 2582 et
1788 2532 2120 2586 conservabit;

529 2622 628 2659 nos
659 2624 689 2660 a
724 2616 1064 2677 gmeratione
1094 2619 1195 2667 hac
1224 2615 1281 2668 in
1312 2617 1588 2672 sa'calam.
1611 2619 1691 2672 Tu
1723 2636 1845 2684 nos,
1869 2620 2117 2685 Domine,

533 2699 820 2756 custodies
850 2703 920 2758 ab
946 2706 1323 2762 exterioribus
1365 2711 1628 2774 inimicis,
1665 2720 1724 2765 et
1764 2715 2121 2767 conservabis

533 2789 604 2843 ab
638 2791 708 2845 iis
741 2793 835 2861 qui
885 2794 1119 2853 interius
1150 2798 1381 2853 insidias
1427 2810 1641 2870 parant.
1694 2802 1784 2855 \‘el
1842 2806 2121 2858 custodics

534 2883 759 2952 quidem
787 2902 815 2938 a
858 2888 1115 2954 praesenti
1148 2893 1523 2960 generatione,
1557 2903 1610 2946 ct
1646 2896 1894 2950 servabis
1934 2897 2002 2950 ab
2054 2898 2121 2950 iis

482 3041 489 3047 ε
532 2979 627 3048 qui
659 2989 851 3049 postea
883 2983 937 3037 in
968 2985 1232 3040 saiculum
1268 2985 1435 3042 futuri
1465 2997 1617 3055 sunt,
1648 2991 1749 3044 ltoc
1774 3003 1879 3056 est,
1905 3009 2121 3065 semper

533 3079 587 3124 et
617 3062 889 3143 perpetuo
916 3086 1174 3147 protcges
1205 3093 1331 3135 nos.
1382 3080 1518 3135 Nam
1563 3092 1614 3137 et
1644 3083 1776 3138 ﬂdes
1801 3100 1990 3138 eorum
2025 3062 2116 3155 qui

2239 584 2350 636 τῶν
2392 587 2599 656 Κυρίου
2662 587 2837 657 λόγων
2878 587 3161 660 ἀληθείας,
3208 590 3283 656 ὼς
3341 594 3561 669 καθαρά
3597 600 3834 670 ψεύδους

2238 679 2409 730 ἐστίν.

2322 867 2632 936 Ἀιηθύριον
2662 869 3118 938 πεπυρωμένον,
3171 871 3451 944 δοκίμιον
3486 873 3561 943 τῇ
3601 875 3700 945 γῇ.
3723 876 3832 931 Ob.

2237 978 2344 1024 τως
2383 960 2525 1013 εἰσὶν
2556 961 2782 1030 ἀμιγεῖς
2806 960 3046 1031 ἀπάτης,
3078 961 3156 1026 ὡς
3193 964 3257 1017 τὸ
3292 968 3705 1037 κεχωνευμένον
3727 973 3830 1042 ἀρ-

2236 1051 2428 1122 γύριον
2461 1051 2828 1124 ἀκοινώνητόν
2868 1053 3017 1107 ἐστιν
3052 1053 3187 1118 ὕλης
3225 1055 3491 1126 χείρονος.
3542 1061 3828 1129 Δοκιμιον

2233 1143 2289 1196 δὲ
2318 1143 2394 1212 τῇ
2448 1142 2547 1213 γῇ,
2580 1145 2704 1197 ἀντὶ
2746 1143 2865 1211 τοῦ,
2899 1145 3334 1218 δοκιμαζόμενον
3384 1149 3444 1203 ἐν
3480 1152 3547 1220 τῇ
3585 1154 3691 1222 γῇ·
3726 1154 3829 1207 καὶ

2233 1236 2343 1306 γάρ
2371 1239 2452 1300 εἰς
2482 1238 2587 1307 γῆν
2622 1237 2776 1308 ἔχεον
2823 1238 2874 1292 οἱ
2914 1242 3163 1309 τεχνῖται
3212 1241 3274 1293 τὸ
3316 1242 3714 1317 χωνευόμενον.
3751 1246 3829 1300 Ἦ

2233 1327 2328 1378 καὶ
2358 1326 2636 1395 δοκίμιον
2658 1326 2734 1396 τῇ
2754 1326 2852 1397 γῇ,
2891 1327 3014 1382 ἀντι
3038 1328 3158 1393 τοῦ,
3184 1331 3410 1401 δόκιμον
3448 1335 3513 1385 ἐκ
3547 1334 3647 1404 τῆς
3681 1335 3823 1405 γῆς’

2233 1421 2520 1475 ἐπιτείνων
2555 1421 2663 1493 γὰρ
2692 1422 2791 1492 τὴν
2826 1421 3179 1494 καθαρότητα
3218 1424 3327 1478 τῶν
3360 1425 3458 1479 τοῦ
3488 1427 3698 1498 Κυρίου
3729 1427 3825 1482 λό-

2231 1528 2367 1581 γων,
2410 1513 2694 1584 ἐπήγαγεν
2714 1532 2730 1549 ο

2300 1699 2836 1769 Κεκαθαρισμένον
2899 1700 3355 1770 ἐπταπλασίως.
3406 1705 3481 1757 Τὸ
3536 1706 3821 1761 ἑπταπλα-

2232 1788 2384 1852 σίως,
2413 1790 2533 1844 ἀντὶ
2564 1790 2658 1843 τοῦ
2693 1790 2958 1855 πολλάκις
2980 1806 2994 1819 ’
3044 1792 3107 1845 τὸ
3134 1793 3242 1864 γὰρ
3269 1794 3521 1861 ἑπτάκις,
3566 1798 3689 1851 ἀντὶ
3718 1797 3817 1852 τοῦ

2234 1884 2489 1947 πολλάκις
2519 1885 2553 1953 ἡ
2588 1872 2696 1938 τῶν
2731 1884 3007 1957 Ἐϐραίων
3048 1888 3477 1959 παραλαμϐάνει
3506 1889 3816 1958 διάλεκτος.

2227 1976 2300 2029 Τὸ
2357 1975 2414 2028 δὲ
2473 1976 2734 2040 πολλάκις
2788 1980 3237 2049 κεχωνευμένον,
3297 1982 3648 2035 παντάπασίν
3698 1986 3821 2038 ἐστι

2225 2067 2489 2139 καθαρόν.
2520 2068 2711 2134 Οὕτως
2730 2069 2825 2124 οὖν
2854 2073 2995 2124 εἰσιν
3017 2070 3262 2142 ἀληθεῖς,
3308 2073 3385 2136 ὡς
3427 2074 3696 2145 ἀργύριον
3728 2095 3823 2130 κε-

2226 2162 2577 2232 χωνευμένον
2640 2162 2926 2227 πολλάκις.
2981 2164 3156 2232 Λόγια
3207 2164 3262 2217 δὲ
3314 2160 3470 2219 εἴπεν
3501 2208 3516 2230 ,
3577 2168 3639 2221 οὐ
3696 2170 3823 2222 καθ’

2226 2252 2606 2323 ὑποκορισμδν
2631 2252 2932 2316 εὐτελείας,
2960 2252 3080 2306 ἀλλ’
3099 2254 3180 2307 ὅτι
3197 2254 3323 2316 τοὺς
3343 2257 3628 2324 χρησμ·ιὺς
3658 2255 3822 2325 λόγια

2225 2342 2457 2395 ἐκάλουν
2505 2343 2594 2396 διά
2642 2342 2743 2412 τὴν
2802 2343 3173 2413 βραχυλογίαν
3214 2345 3437 2397 αὐτῶν.
3493 2347 3580 2399 Ἐν
3606 2346 3822 2413 ὀλίγαις

2225 2437 2336 2505 γὰρ
2368 2435 2569 2503 λέξεσι,
2616 2435 2863 2505 μεγάλην
2901 2435 3133 2507 δύναμιν
3168 2437 3382 2499 ἑννοίας
3405 2438 3781 2507 ἐμπεριεῖχον.

2301 2529 2410 2593 Σὺ,
2449 2530 2666 2596 Κύριε,
2711 2528 3010 2598 φυλάξεις
3060 2529 3251 2597 ἡμᾶς,
3282 2528 3381 2582 καὶ
3431 2529 3824 2597 διατηρήσει-ις

2225 2619 2386 2689 ἡμᾶς
2413 2621 2536 2676 ἀπὸ
2574 2619 2678 2689 τῆς
2712 2621 2922 2690 γενεᾶς
2953 2623 3180 2689 ταύτης
3207 2621 3304 2674 καὶ
3344 2623 3432 2687 εἷς
3470 2620 3580 2673 τὸν
3605 2621 3816 2675 αἰῶνα.

2225 2715 2269 2766 Τ
2271 2714 2299 2766 ὸ
2338 2715 2437 2782 μὲν
2474 2713 2796 2780 Μλὰξεις,
2839 2714 2951 2768 ἀπὸ
2986 2714 3099 2767 τῶν
3150 2712 3352 2778 ἔξωθεν
3389 2712 3816 2782 πολεμούντωνο

2223 2809 2284 2862 τὸ
2306 2807 2363 2861 δὲ
2390 2808 2800 2876 Διατηρῆσεις,
2824 2807 2933 2861 ἀπὸ
2955 2807 3064 2860 τῶν
3092 2806 3296 2859 ἔσωθεν
3327 2805 3816 2859 ἐπιϐουλευόντων.

2224 2903 2292 2954 Ἦ
2321 2902 2498 2956 καὶτὸ
2537 2903 2638 2971 μὲν
2664 2901 2990 2967 Φυλὰξεις,
3012 2899 3123 2953 ἀπὸ
3149 2900 3248 2969 τῆς
3274 2900 3562 2971 παρούσης
3585 2903 3781 2968 γενεᾶς
3799 2917 3814 2932 ·

2222 2995 2281 3049 τὸ
2301 2995 2358 3049 δὲ
2398 2995 2811 3063 Διατηρήσεις,
2854 2994 2964 3048 ἀπὸ
3001 2993 3112 3047 τῶν
3145 2993 3463 3065 ἐσύστερον,
3496 2996 3634 3064 ὅπερ
3661 2994 3821 3048 ἐστὶν

2223 3086 2302 3147 είς
2326 3084 2416 3138 τὸν
2448 3084 2644 3150 αἰῶνα,
2676 3083 2946 3155 δηλονότι,
2992 3081 3158 3155 μέχρι
3194 3084 3419 3144 παντός.
3463 3085 3574 3138 Καὶ
3627 3085 3824 3155 μέντοι

534 3163 894 3236 Evangelium
929 3184 1323 3242 susceperunt,
1349 3175 1417 3229 ab
1446 3176 1535 3229 illa
1565 3179 1920 3247 generatione
1947 3180 2117 3236 stabi-

2225 3179 2256 3245 ή
2295 3178 2479 3240 πίστις
2502 3176 2612 3230 τῶν
2651 3175 2965 3246 δεξαμένων
3001 3175 3098 3229 τοῦ
3149 3174 3489 3244 Εὐαγγελίου
3542 3176 3603 3230 τὸ
3638 3177 3826 3248 κήρυ-

529 3257 598 3313 lis
624 3261 931 3328 permansit
968 3279 983 3316 :
1015 3273 1070 3318 et
1099 3262 1153 3318 in
1186 3268 1449 3320 saeculum
1471 3269 1605 3324 adeo
1628 3270 1869 3325 manebit
1891 3272 2119 3336 invicta,

531 3362 591 3403 ut
633 3367 807 3421 neque
831 3357 1087 3425 gentiles,
1117 3358 1209 3427 qui
1236 3369 1424 3429 aperte
1459 3376 1579 3415 eam
1632 3374 1969 3432 oppugnant,
2021 3382 2119 3419 ηοω

532 3460 639 3508 que
680 3447 946 3514 haeretici,
974 3453 1068 3518 qui
1100 3450 1245 3509 intra
1293 3468 1395 3508 nos
1435 3453 1580 3508 clam
1609 3465 1801 3510 contra
1835 3473 1955 3511 eam
1987 3459 2118 3514 insi-

518 3537 651 3591 -dias
677 3534 997 3610 disponunt,
1024 3543 1318 3611 priet-alere
1344 3546 1576 3614 possint.

594 3723 776 3781 Vsus.
813 3726 868 3782 9.
902 3724 1243 3783 1n-circnitu
1285 3731 1432 3799 impii
1483 3733 1780 3789 ambulant.
1841 3734 2115 3808 Undique,

511 3817 858 3887 _inquit,nos
892 3821 1270 3887 circumdant,
1320 3826 1582 3882 obsidere
1630 3841 1909 3885 certantes
1957 3831 2115 3886 tidem

529 3919 800 3965 nostram.
830 3912 894 3966 Et
913 3912 1015 3969 hoc
1052 3915 1098 3969 si
1127 3914 1196 3969 de
1228 3917 1533 3987 gentilibus
1561 3919 1853 3991 intelligas.
1883 3920 2038 3988 Quod
2070 3926 2115 3977 si

527 4001 676 4073 loqui
712 4005 1039 4076 Prophetam
1074 4008 1350 4080 intelligas
1382 4011 1449 4066 de
1503 4012 1799 4077 Itazreticis,
1835 4015 2058 4070 dieatur
2094 4035 2108 4070 :

526 4094 820 4150 Ambulant
851 4099 906 4152 in
929 4099 1180 4166 circuitu,
1222 4101 1325 4157 hoc
1358 4111 1465 4166 cst,
1494 4119 1610 4158 non
1639 4115 1807 4172 recte,
1845 4108 1938 4162 sed
1972 4108 2116 4161 obli-

522 4202 682 4257 que:
736 4204 862 4243 cum
914 4205 1131 4246 sacram
1190 4206 1410 4247 omnem
1458 4193 1800 4264 Scripturam
1858 4213 2117 4268 perverse

512 4282 983 4351 interpretentur.

584 4373 901 4429 'Secundum
963 4377 1305 4431 altitudinem
1379 4389 1527 4432 tuam
1578 4382 1767 4452 magni
1819 4384 2114 4451 pependiin

525 4466 669 4533 ﬁlios
686 4465 989 4519 “hominum.
1019 4465 1125 4528 'l‘u,
1154 4466 1354 4536 inquit,
1384 4469 1436 4522 in
1463 4484 1630 4524 cruce
1660 4474 1934 4527 exaltatus
1964 4489 2117 4527 sum-

2221 3288 2362 3340 γμα,
2396 3270 2492 3323 καὶ
2527 3269 2637 3325 ἀπὺ
2664 3270 2765 3340 τῆς
2797 3268 3104 3341 τηνικαῦτα
3130 3271 3324 3337 γενεᾶς
3362 3268 3824 3338 ἀκαταγώνιστος

2222 3361 2428 3430 ἔμεινε,
2469 3363 2565 3416 καὶ
2605 3363 2687 3426 είς
2731 3363 2824 3415 τὸν
2861 3362 3036 3417 αἰῶνα
3077 3363 3251 3433 μενεῖ,
3289 3360 3384 3415 καὶ
3413 3361 3538 3415 οὔτε
3566 3362 3618 3415 οἱ
3648 3380 3825 3430 φανε-

2227 3456 2333 3524 ρῶς
2379 3455 2795 3523 πολεμήσαντες
2840 3452 3125 3523 Ἕλληνες,
3178 3451 3294 3506 οὗθ’
3343 3452 3392 3506 οἱ
3432 3455 3490 3505 ἐν
3531 3455 3665 3523 ἡμῖν
3714 3452 3826 3506 λα-

2223 3547 2425 3617 θραίως
2463 3547 2906 3610 ὲπιϐουλεὺοντες
2930 3546 3223 3616 αἱρετικοὶ,
3250 3546 3588 3616 κατίσχυσαν
3611 3544 3819 3612 αὐτῆς,

2221 3639 2252 3709 ἦ
2285 3638 2611 3708 κατισχύσαι
2652 3638 2994 3709 δυνήσονται.

2293 3731 2507 3792 Kritzqu
2543 3731 2598 3783 οἱ
2627 3728 2866 3794 ἀσεϐεῖς
2895 3726 3312 3796 περιπατοῦσι.
3359 3726 3635 3780 Πάντοθεν
3672 3726 3818 3796 γὰρ,

2220 3821 2407 3890 φησὶν,
2435 3822 2583 3891 ἡμᾶς
2611 3819 3030 3890 περικυκλοῦσι,
3070 3820 3436 3890 πολιορκῆσαι
3476 3819 3574 3888 τὴν
3618 3820 3821 3873 πίστιν

2221 3910 2566 3973 σπεύδοντες.
2598 3911 2709 3964 Καὶ
2741 3909 2902 3963 τοῦτο
2935 3911 3037 3981 μὲν
3085 3909 3177 3963 ἐπὶ
3214 3910 3325 3962 τῶν
3380 3909 3684 3980 Ἑλλήνων·
3714 3912 3823 3964 ἐπὶ

2217 4004 2272 4056 δὲ
2304 4003 2416 4056 τῶν
2445 4003 2763 4073 αίρετικῶν,
2817 4002 2878 4056 τὸ
2924 4002 3145 4069 Κύκλφ
3187 4003 3649 4071 περιπατοῦσιν,
3684 4001 3827 4057 ἀντὶ

2216 4097 2336 4161 τοῦ,
2362 4096 2463 4151 οὐκ
2497 4095 2585 4148 ἐπ’
2623 4094 2860 4163 εὐθείας,
2907 4095 3045 4151 ἀλλὰ
3070 4096 3593 4166 περιεστραμμένης
3618 4111 3631 4127 ·
3666 4111 3826 4162 παρ-

2218 4189 2589 4261 ερμηνεύουσι
2618 4190 2728 4261 γὰρ
2758 4191 2858 4252 τὰς
2887 4187 3038 4251 θείας
3068 4187 3317 4259 Γραφάς.

2288 4373 2448 4431 Κατὰ
2482 4373 2551 4429 τό
2595 4372 2753 4442 ὕψος
2785 4386 2923 4434 σου,
2970 4372 3409 4440 ἐπολυώρησας
3451 4371 3593 4437 τοὺς
3637 4370 3819 4439 uie-iu:

2215 4468 2338 4523 τῶν
2388 4467 2739 4536 ἀνθρώπων.
2807 4465 3098 4535 Ὑψωθεὶς,
3147 4467 3337 4535 φησὶν,
3395 4469 3488 4519 ἐπὶ
3544 4466 3818 4537 σταυροῦ,

527 4572 671 4611 mam
726 4559 795 4613 de
828 4558 1149 4616 hominibus
1193 4573 1381 4614 curam
1438 4562 1642 4617 habere
1697 4564 1956 4634 dignatus
2010 4582 2110 4622 cs:

2223 4558 2424 4628 πολλῆς
2463 4556 2747 4628 φροντίδος
2786 4559 2912 4618 τοὺς
2945 4554 3266 4625 ἀνθρώπους
3306 4554 3569 4625 ἠξίωσας,
3616 4555 3697 4607 ὅτι
3736 4555 3813 4609 δι’

426 4647 445 4662 ⁸
526 4664 692 4719 quam
728 4650 801 4704 ob
839 4664 1065 4705 causam
1100 4660 1331 4707 mortem
1363 4654 1528 4708 etiam
1565 4655 1808 4710 subiisti.
1849 4656 1916 4711 Et
1964 4659 2110 4729 quod

527 4744 604 4796 ait
635 4742 815 4814 Magni
833 4744 1148 4813 pependisti,
1186 4742 1376 4801 Graece
1407 4746 1641 4801 habetur
1677 4748 2109 4822 ὲπο).υώρησας;

525 4842 579 4887 et
608 4835 1071 4904 quemadmodum
1103 4837 1248 4906 apud
1282 4828 1507 4895 Graecos
1541 4838 1807 4910 ὀλιγωρία
1836 4841 2111 4910 vilipemio

527 4925 733 4980 dicitur
765 4932 821 4982 et
854 4926 1133 4997 neglectio,
1177 4927 1251 4981 ita
1287 4928 1570 4999 πολυωρία
1598 4930 1722 5000 ejus
1746 4932 2110 4985 contrarium.

530 5016 629 5072 Vel
677 5019 836 5073 aliter
868 5028 982 5073 tum
1020 5018 1088 5073 ad
1125 5020 1298 5076 caelos
1333 5035 1511 5091 usque
1556 5022 1857 5087 exaltatus,
1892 5039 2113 5078 assum-

526 5110 735 5180 ptionis
770 5110 1029 5166 nimirum
1053 5121 1162 5168 tuae
1190 5121 1454 5182 tempore,
1487 5130 1681 5185 magna
1718 5115 1773 5169 in
1813 5116 2111 5170 humanam

525 5211 782 5258 naturain
823 5203 1425 5269 contulisti'bcneﬂcia,
1458 5207 1632 5261 misso
1658 5206 1726 5260 ad
1757 5220 1877 5261 eam
1902 5206 2112 5276 Spiritu
2174 5252 2177 5257 .

521 5297 838 5362 Paracleto,
861 5297 955 5367 qui
983 5299 1265 5368 apostolos
1287 5299 1646 5365 illuminavit,
1664 5286 1829 5367 atque
1856 5300 1910 5353 in
1928 5298 2113 5354 Evan-

524 5388 654 5457 gelii
690 5387 1143 5458 praedicationem
1175 5389 1400 5442 direxit.
1420 5387 1615 5444 Potest
1646 5391 1814 5443 etiam
1832 5390 1932 5444 hic
1961 5389 2114 5445 Psal-

526 5495 649 5535 mus
694 5481 854 5551 juxta
909 5482 1153 5537 historiae
1199 5494 1425 5536 sensum
1480 5482 1896 5537 accommodari
1951 5482 2113 5537 beato

523 5569 718 5635 David,
745 5571 837 5626 illo
856 5573 1206 5641 potissimum
1237 5583 1486 5643 tempore
1510 5575 1732 5643 quando
1749 5590 1874 5629 eum
1896 5574 2114 5646 fugien-

526 5673 634 5717 tem
675 5678 706 5718 a
741 5663 880 5717 lacie
915 5661 1070 5729 Saul,
1119 5664 1347 5733 quidam
1384 5679 1443 5719 se
1489 5665 1537 5719 ci
1572 5665 1781 5721 amicos
1814 5664 2108 5736 tingentes,

525 5764 900 5820 tcntavcrunl,
935 5767 994 5811 nt
1031 5754 1084 5811 in
1118 5758 1490 5828 persecutoris
1525 5772 1721 5811 manus
1748 5773 1886 5813 eum
1924 5758 2109 5814 trade-

524 5864 670 5911 rent.
705 5853 952 5920 Quorum
1023 5853 1424 5921 inﬁdelitatem,
1482 5853 1913 5913 simulationem.
1954 5852 2114 5911 dolos

2217 4651 2418 4712 αὐτοὺς
2444 4648 2746 4710 πέπονθας.
2796 4646 3081 4715 Πολυωρία
3116 4647 3247 4717 γὰρ,
3284 4648 3316 4717 ἡ
3356 4647 3526 4714 πολλὴ
3559 4647 3812 4716 φροντὶςν

2217 4742 2411 4813 ὥσπερ
2449 4741 2545 4796 καὶ
2568 4742 2604 4811 ἡ
2636 4738 2926 4810 ὀλιγωρία,
2959 4738 3294 4793 τούναντίον.
3331 4738 3401 4791 Ἢ
3444 4741 3535 4790 καὶ
3565 4737 3817 4807 ὑψωθεὶς

2217 4837 2276 4888 ὲν
2326 4833 2406 4904 τῷ
2463 4831 2642 4903 καιρῷ
2688 4830 2794 4901 τῆς
2833 4830 3178 4900 ἀναλήψεως,
3241 4831 3621 4901 εὐηργέτησας
3678 4831 3818 4896 τοὺς

2217 4924 2561 4997 ἀνθρώπους,
2610 4921 3005 4991 ἐξαποστείλας
3049 4922 3142 4976 τὸν
3187 4922 3570 4993 Παράκλητον,
3639 4926 3820 4992 φωτί-

2217 5017 2381 5082 ζοντα
2396 5016 2489 5069 καλ⁵
2514 5015 2814 5087 δδηγοῢντα
2837 5015 2963 5079 τοὺς
2981 5013 3307 5087 ἀνθρώπους
3330 5015 3412 5078 εἰς
3433 5014 3493 5067 τὸ
3516 5016 3809 5086 κήρυγμα.

2217 5108 2453 5160 Δύναται
2479 5107 2536 5160 δὲ
2573 5107 2672 5160 καὶ
2705 5105 3000 5177 ίστορικῶς
3027 5100 3185 5170 οὗτος
3235 5105 3264 5156 ό
3304 5104 3520 5176 ψαλμὸς
3559 5105 3816 5176 ἁρμόσαι

2217 5199 2295 5270 τῷ
2328 5199 2526 5253 Δαϐίδο
2584 5198 2861 5269 φεύγοντα
2921 5197 3032 5270 γὰρ
3089 5196 3281 5250 τοῦτον
3341 5195 3453 5249 ἀπὸ
3506 5192 3815 5267 προσώπου

2218 5292 2414 5353 Σαοὺλ,
2443 5291 2588 5354 τινὲς
2637 5291 3061 5362 ὑποκρινόμενοι
3103 5286 3539 5359 φιλανθρωπίαν,
3590 5286 3822 5355 ἐπεχεί-

2222 5402 2394 5455 ρησαν
2416 5383 2709 5457 προδοῦναι
2734 5382 2811 5452 τῷ
2838 5382 3111 5436 διώκοντι.
3148 5375 3249 5433 Ὧν
3277 5379 3527 5450 διασύρει
3565 5379 3663 5450 τὴν
3685 5380 3821 5432 ἀπιο

2218 5478 2397 5544 στίαν,
2434 5478 2529 5532 καὶ
2576 5477 2677 5547 τὴν
2716 5476 2921 5546 κρίσιν,
2955 5474 3049 5527 καὶ
3079 5474 3171 5527 τὸν
3199 5473 3372 5539 δόλον,
3403 5472 3498 5526 καὶ
3538 5471 3640 5543 τὴν
3673 5488 3823 5524 παν-

2217 5573 2470 5645 ουργίαν,
2522 5571 2616 5625 καὶ
2658 5569 2821 5641 μόνον
2873 5568 3221 5625 ἐπικαλεῖται
3268 5568 3502 5637 Σωτῆρα
3529 5566 3621 5621 τὸν
3651 5565 3818 5631 Θεὸν,

2218 5660 2305 5719 οἷα
2350 5664 2461 5717 τῶν
2488 5663 2660 5733 φίλων
2690 5662 3083 5733 προσθεμένων
3115 5662 3225 5723 τοῖς
3256 5659 3473 5730 ἐχθροῖς
3493 5655 3682 5723 αὐτοῦ,
3713 5658 3820 5711 καὶ

2220 5755 2480 5827 προλέγει
2504 5755 2710 5808 τούτων
2742 5753 2843 5824 τὴν
2873 5750 3357 5806 ἀπώλειαν.Ἀλλά
3381 5750 3472 5804 καὶ
3501 5748 3601 5821 τὴν
3635 5765 3826 5820 μεγα-

2219 5849 2639 5924 λορρυμοσύντν
2662 5847 2775 5905 τῶν
2824 5848 2969 5918 ἀμφὶ
3024 5846 3117 5903 τὸν
3150 5844 3326 5901 Σαοὺλ
3398 5841 3823 5916 ἀποσϐεσθῆναι
