4116 6436
331 393 428 458 ΓΠ

1490 391 1885 456 (ΣΟΜΜΕΝΤ.
1933 393 2016 454 IN
2048 393 2183 454 PSA
2194 394 2414 457 LMOS.

3517 395 3618 460 178

325 506 690 579 προαγορεύει
717 526 724 532 ·
759 505 1181 577 ἐπιγέγραπται
1213 506 1290 567 δὲ,
1337 509 1517 575 Ὑπὲρ
1546 507 1656 576 τῆς
1688 509 1929 578 ὀγδόης,

2041 517 2093 566 et
2118 511 2326 565 scelera
2353 511 2455 565 hoc
2490 509 2714 565 Psal'mo
2744 509 3119 580 reprehendit,
3140 509 3366 566 unicum
3393 509 3470 565 ad
3492 527 3620 580 pro.

325 602 419 656 διὰ
443 602 503 655 τὸ
518 599 646 654 Νῦν
663 600 1126 670 ἀναστήσομαι,
1160 602 1255 652 καὶ
1277 601 1344 654 τὰ
1361 601 1585 670 ἑφεξῆς,
1606 603 1671 670 τῇ
1692 602 1933 656 ἀναστάν-

327 712 415 747 σει
449 691 646 765 μᾶλλον
679 691 774 745 τοῦ
809 691 1070 764 Σωτῆρος
1091 691 1426 763 ἁρμόζοντα.
1462 693 1524 745 Ei
1548 695 1658 764 γὰρ
1689 693 1784 746 καὶ
1813 693 1937 748 ταῦο

325 803 399 839 τα
444 786 577 855 πρὸς
607 784 700 836 τὸν
725 782 895 836 Δαόὶδ
919 783 1249 854 ὲλκύσομεν,
1283 783 1475 854 ὥσπερ
1503 784 1809 852 ἀκηκοότος
1837 783 1934 838 τοῦ

325 876 470 930 Θεοῦ
503 877 595 930 καὶ
634 877 1081 947 ὑπισχνουμένου
1108 877 1400 948 κινηθῆναι
1447 878 1587 930 κατὰ
1613 877 1706 929 τὸν
1737 877 1934 948 καιρὸν

326 971 431 1040 τῆς
463 968 760 1038 ἐπιϐουλῆς
788 971 870 1032 είς
898 968 1182 1038 ἐκδίκησιν
1214 969 1404 1032 αὑτοῦ,
1444 970 1538 1021 καὶ
1581 967 1758 1022 θεῖναι
1806 968 1932 1032 τοὺς

329 1064 588 1132 πτωχοὺς
637 1061 733 1114 καὶ
761 1060 1001 1131 πένητας
1034 1062 1115 1126 είς
1146 1060 1443 1132 σωτηρίαν,
1479 1060 1572 1112 καὶ
1607 1061 1930 1132 παρρησιά-

333 1153 560 1215 σασθαι,
592 1154 841 1207 τουτέστι
886 1153 1126 1223 φανῆναι
1181 1152 1402 1223 ἰσχυρὸς
1435 1156 1528 1205 καὶ
1577 1154 1788 1215 δίκαιος
1843 1152 1933 1205 διὰ

333 1247 440 1314 τῆς
477 1247 758 1315 σωτηρίας
783 1246 998 1298 αὐτῶν⁸
1030 1245 1503 1314 ἐναντιωθήσομαι
1540 1247 1607 1315 τῇ
1643 1247 1929 1315 ἐπιγραφῇ

329 1337 432 1404 τῆς
455 1336 680 1406 ὀγδόης.
718 1336 916 1389 Ἰστέον
948 1335 1030 1400 δὲ,
1054 1335 1220 1388 ὅτιτὸ
1247 1337 1515 1406 σωτήριον
1550 1334 1876 1404 οὐδετέρως,
1897 1337 1930 1403 ἠ

333 1431 612 1499 σωτηρία.

2037 603 2211 673 priam
2255 602 2488 656 salutem
2529 601 2696 656 Deum
2753 602 3064 657 invocans:
3104 602 3262 673 quasi
3307 602 3456 656 nulla
3505 603 3618 672 jam

2035 693 2274 765 amplius
2315 693 2364 748 ei
2405 709 2533 764 spes
2574 701 2892 764 superesset
2944 695 2999 748 in
3032 694 3240 747 auxilio
3287 695 3619 757 amicorum,

2035 787 2128 857 qui
2161 801 2284 842 sese
2331 785 3029 856 hostibus'adiunxissent,
3064 793 3119 840 et
3158 801 3395 856 quorum
3430 784 3625 839 interi-

2035 889 2149 933 tum
2181 877 2270 932 hic
2303 876 2550 947 Nadicit
2579 893 2592 929 :
2641 877 2816 946 ipsius
2859 877 3027 931 etiam
3079 874 3211 931 Saul
3242 891 3305 930 ac
3343 876 3624 930 sociorum

2028 969 2354 1038 jactantiam
2379 968 2731 1023 evertendam
2766 982 2889 1022 esse
2914 965 3309 1035 praenuntians.
3342 964 3446 1018 Pro
3475 973 3625 1018 octa-

2031 1078 2094 1116 va
2157 1076 2287 1116 vero
2341 1060 2642 1130 inscriptus
2698 1067 2786 1114 est
2837 1065 3062 1129 propter
3106 1059 3198 1110 illa
3234 1058 3436 1118 verba,
3471 1056 3626 1110 Num:

2035 1169 2308 1222 resurgam
2356 1169 2374 1206 :
2435 1168 2557 1222 qua:
2613 1162 2794 1206 tamen
2866 1149 3261 1206 resurrectioni
3323 1146 3628 1202 Salvatoris

2034 1261 2346 1315 congruere
2403 1245 2576 1313 magis
2624 1245 2902 1299 videntur.
2959 1241 3093 1295 Nam
3145 1241 3190 1295 si
3227 1240 3354 1309 quis
3406 1237 3628 1292 tralicre

2031 1337 2162 1390 velit
2192 1353 2416 1391 sensum
2457 1337 2750 1391 verborum
2781 1335 2847 1388 ad
2883 1337 3107 1390 beatqu
3140 1332 3335 1395 David,
3359 1338 3625 1398 tanquam

2033 1433 2147 1499 ipse.
2175 1429 2449 1483 audiverit
2481 1427 2649 1484 Deum
2677 1429 3091 1498 promittentem
3112 1441 3171 1482 se
3189 1427 3262 1489 ei,
3297 1423 3625 1479 insidiarum

335 1533 593 1591 tempore
624 1527 679 1578 in
712 1526 978 1579 auxilium
1011 1526 1394 1591 adventurum,
1431 1535 1487 1581 et
1517 1524 1585 1580 ad
1613 1524 1732 1594 ejus
1759 1524 2056 1578 vindictam
2091 1541 2105 1577 :
2138 1531 2190 1577 et
2229 1523 2536 1591 positurum
2579 1523 2808 1592 insuper
2869 1536 3139 1591 pauperes
3207 1533 3403 1574 omnes
3462 1526 3629 1584 atque

331 1619 532 1688 inopes
582 1621 636 1674 in
685 1621 884 1682 salute,
922 1621 1143 1676 demum
1190 1622 1361 1676 libere
1393 1637 1452 1675 se
1486 1630 1766 1680 acturum,
1819 1620 1920 1673 hoc
1963 1627 2071 1679 est,
2105 1618 2305 1672 fortem
2344 1619 2635 1686 acjustum
2659 1633 2719 1672 se
2757 1616 3212 1686 conspiciendum
3281 1629 3427 1676 esse,

1127 1715 1174 1770 si
1221 1715 1367 1784 quis,
1412 1713 1660 1783 inquam,
1697 1727 1922 1768 sensum
1964 1709 2315 1765 Psalmiilluc
2351 1710 2570 1764 trahere
2602 1707 2860 1769 voluerit,
2915 1723 3024 1761 non
3082 1704 3415 1760 videbuntur
3462 1701 3624 1754 verba

1813 1803 2112 1858 Sciendum
2146 1815 2233 1858 est
2261 1802 2451 1868 etiam,
2487 1803 2633 1872 quod
2669 1802 2914 1858 salutare
2974 1799 3060 1854 hic
3104 1806 3362 1853 neutrum
3431 1811 3634 1850 nomen

326 1721 454 1778 pter
508 1713 728 1766 illorum
791 1713 1077 1768 salutem:

329 1804 543 1860 Psalnii
583 1807 963 1876 inscriptioui,
1000 1807 1104 1861 Pro
1133 1819 1340 1870 octava,
1403 1807 1732 1861 convenire.

330 1901 745 1956 substantivum
778 1910 883 1961 est,
924 1911 977 1955 et
1011 1902 1233 1969 ponitur
1259 1918 1357 1971 pro
1388 1903 1593 1956 salute.

618 1996 722 2061 Εἰς
753 1994 818 2048 τὸ
861 1993 1036 2057 τέλος
1065 1995 1308 2062 meum
1340 1994 1418 2060 τῷ
1453 1994 1650 2048 Δαϐίδ.

913 2091 1059 2143 ΨΑΛ
1069 2089 1212 2144 ΜοΣ
1265 2091 1365 2144 IB'.

409 2184 573 2237 Μετὰ
598 2185 701 2254 τὴν
748 2183 1001 2252 μοιχείαν
1052 2184 1358 2253 Βηρσαὸέε,
1403 2183 1613 2237 καὶτὸν
1646 2184 1807 2250 φόνον
1841 2181 1936 2234 τοῦ

347 2278 543 2347 ἀνδρὸς
588 2279 755 2346 αὐτῆς
790 2277 1016 2348 Οὐρίου,
1049 2278 1332 2347 διαφόροις
1387 2275 1704 2347 περιπεσὼν
1739 2293 1935 2343 πειρα-

357 2372 520 2437 σμοῖς
545 2371 572 2420 ὸ
595 2370 770 2436 Δαὸὶδ,
800 2371 897 2440 ἦτε
928 2369 1176 2438 Θυγάτηρ
1207 2369 1372 2423 αὑτοῦ
1401 2368 1556 2440 παρᾶ
1575 2368 1668 2421 τοῦ
1701 2367 1935 2434 ἀδελφοῦ

356 2465 526 2532 αὐτῆς
575 2463 813 2534 ’Λμνὼνο
873 2464 1094 2518 καὶτὸν
1152 2463 1365 2533 Ἀμνὼν
1417 2465 1446 2517 ὁ
1491 2463 1723 2533 ἁδελφὸς
1766 2463 1936 2530 αὐτῆς

365 2557 679 2627 Ἀσεσαλὼμ
730 2557 935 2620 ἀνεῖλε,
983 2557 1079 2611 καὶ
1115 2559 1225 2610 τῶν
1269 2556 1569 2620 βασιλικῶν
1622 2557 1791 2609 οἴκων
1837 2556 1937 2608 οὐκ

341 2648 608 2718 ἐλαχίστη
647 2649 840 2717 γέγονε
889 2648 1185 2719 σύγχυσιςο
1219 2650 1345 2704 ἐπεὶ
1382 2650 1696 2702 τελευταῖον
1727 2647 1823 2700 καὶ
1845 2665 1935 2699 τυ-

343 2743 570 2813 ραννίδα
600 2743 907 2815 μελετήτας
931 2745 960 2797 ὁ
984 2747 1114 2804 παῖς
1142 2738 1298 2808 οὗτος
1338 2742 1685 2811 ’Λϐεσαλὼμ,
1717 2741 1935 2811 ἀπήλα-

338 2853 402 2888 σε
438 2837 542 2905 μὲν
584 2837 752 2891 αὑτὸν
801 2839 901 2907 τῆς
953 2837 1264 2907 βασιλείας,
1307 2839 1408 2891 οὐκ
1442 2837 1639 2906 ἔστησε
1682 2836 1739 2890 δὲ
1773 2837 1937 2906 μέχρι

334 2926 533 2980 τούτου
567 2926 660 2979 τὸν
686 2928 880 2998 θυμὸν,
901 2928 1038 2981 ἀλλὰ
1058 2929 1155 2991 τὰς
1179 2929 1441 2997 δυνάμεις
1463 2928 1654 2981 τούτου
1679 2927 1938 2997 συνεκρόο

335 3036 502 3089 τησε,
555 3021 651 3074 καὶ
685 3023 1133 3090 παρεσκευάζετο
1187 3021 1527 3087 καταδιώξαι
1572 3023 1666 3074 τὸν
1697 3021 1936 3090 πατέρα,

334 3110 437 3163 καὶ
493 3111 730 3165 ἀνελεῖν.
772 3112 1258 3182 Ἀναλογιζόμενος
1280 3116 1308 3166 ὁ
1337 3113 1502 3166 Δασὶδ
1533 3113 1593 3166 τδ
1621 3111 1826 3183 πλῆθος
1843 3112 1938 3165 καὶ

337 3201 582 3270 μέγεθος
605 3200 716 3256 τῶν
747 3201 1068 3274 συμφορῶν,
1120 3201 1260 3274 ᾤετο
1291 3203 1393 3275 τὴν
1431 3201 1768 3274 δηλωθεϊσαν
1814 3220 1937 3271 μοι-

337 3296 498 3364 κείαν
529 3297 746 3350 καὶτὸν
794 3297 960 3366 φόνον
1009 3298 1076 3351 τὰ
1114 3298 1342 3352 τοιαῦτα
1385 3298 1719 3368 προξενῆσαι
1765 3298 1936 3359 κακὰ,

338 3388 810 3455 ἐγκαταλιπόντος
846 3390 1013 3444 αὐτὸν
1065 3389 1162 3444 τοῦ
1197 3389 1356 3454 Θεοῦ,
1387 3393 1436 3444 εί
1491 3390 1585 3445 καὶ
1631 3389 1938 3460 τηνικαῦτα

339 3481 728 3554 συνεχωρήθη.
760 3484 851 3536 Διὸ
893 3483 987 3536 καὶ
1017 3481 1109 3536 τὸν
1128 3483 1374 3553 παρόντα
1406 3481 1671 3552 συνέθηκε
1700 3481 1937 3551 ψαλμὸν,

343 3578 489 3644 μετὰ
516 3576 613 3629 τὸν
641 3576 846 3646 τρίτον,
887 3577 977 3629 ὅτε
1008 3577 1038 3630 ὁ
1072 3578 1244 3631 Χουσὶ
1274 3575 1640 3638 διασκεδάσας
1671 3573 1773 3644 τὴν
1810 3571 1938 3643 βου-

339 3669 765 3740 λῆνἋχιτὸφελ,
795 3671 872 3736 ὡς
903 3673 1336 3742 προειρήκαμεν,
1367 3670 1639 3740 ἐμήνυσεν
1670 3669 1820 3739 αὑτῷ
1840 3670 1941 3739 τὴν

346 3763 586 3832 μελέτην
626 3766 812 3818 πᾶσαν
842 3763 1186 3834 Ἀὅεσαλὼμ,
1214 3765 1308 3818 καὶ
1342 3763 1402 3818 τὸ
1428 3762 1705 3835 πρακτέον
1745 3764 1941 3817 ὑπέθε-

340 3874 424 3911 το.
479 3858 589 3922 Εἰς
614 3857 684 3912 τὸ
733 3861 908 3922 τέλος
942 3859 1374 3928 ἐπιγέγραπται,
1407 3858 1495 3911 διὰ
1528 3857 1628 3927 τὴν
1669 3858 1727 3909 ὲν
1762 3856 1940 3926 τούτῳ

337 3950 662 4022 πρόρρησιν
695 3955 795 4023 τῆς
827 3953 921 4006 τοῦ
957 3951 1322 4023 πολεμοῦντος
1354 3953 1546 4024 ἣττης,
1589 3953 1668 4015 εἰς
1701 3952 1763 4004 τὸ
1787 3952 1940 4014 τέλος

335 4044 741 4115 ἐκδεδηκυίας.
777 4045 1190 4114 ’Δγαλλιάσεται
1226 4046 1337 4118 γὰρ
1364 4088 1378 4112 ,
1422 4047 1613 4117 φησὶν,
1661 4047 1692 4116 ἠ
1743 4044 1938 4116 καρδία

339 4155 451 4206 μου
483 4137 583 4190 ἐπὶ
610 4139 687 4208 τῷ
713 4139 970 4209 σωτηρίῳ
1006 4155 1121 4193 σου.

410 4317 572 4382 Ἕως
597 4318 763 4381 πότε,
792 4319 988 4384 Κύριε,
1009 4317 1274 4386 ἐπιλήσῃ
1290 4336 1411 4386 μου
1431 4322 1517 4383 εἰς
1539 4316 1715 4382 τέλος
1741 4332 1759 4379 ;
1787 4314 1939 4386 Λήθη

343 4414 448 4482 μέν
498 4413 653 4464 ἔστιν
687 4413 932 4482 ἀποϐολὴ
985 4414 1242 4484 μνήμης’
1269 4412 1347 4483 τῷ
1375 4413 1494 4482 Θεῷ
1535 4412 1592 4464 δὲ
1644 4412 1826 4465 πάντα
1856 4414 1941 4464 ὲν-

336 4505 515 4567 ὠπια,
577 4505 677 4557 καὶ
716 4505 812 4574 οὖχ
853 4505 909 4557 αἱ
939 4502 1170 4572 πράξεις
1212 4505 1395 4574 μόνον,
1449 4504 1588 4556 ἀλλὰ
1620 4503 1716 4556 καὶ
1749 4502 1818 4555 τὰ
1844 4501 1938 4554 τοῦ

337 4598 436 4649 νοῦ
471 4598 777 4665 κινήματα.
829 4597 1014 4666 Λήθην
1037 4593 1132 4650 οὖν
1163 4593 1257 4648 ἐπὶ
1285 4595 1446 4661 Θεοῦ,
1479 4595 1578 4667 τὴν
1613 4593 1936 4662 ἐγκατάλει-

3501 1626 3630 1682 pro-

2357 1985 2420 2039 In
2452 1987 2611 2054 ﬁnem
2655 1983 2906 2038 Psalmus
2959 1982 3060 2045 ipsi
3115 1979 3309 2032 David.

2605 2074 2929 2132 PSALMUS
2963 2073 3074 2129 XII.

2112 2173 2243 2228 Post
2277 2173 2609 2228 adulterium
2654 2171 2941 2225 Bersabea:
2971 2179 3024 2224 et
3059 2177 3182 2240 post
3227 2169 3430 2223 caulem
3461 2165 3631 2231 Uria‘,

2039 2283 2165 2321 cum
2201 2267 2255 2319 in
2278 2267 2460 2320 varias
2491 2265 2780 2318 incidisset
2813 2264 3160 2316 calamitates
3188 2262 3381 2315 beatus
3413 2259 3580 2311 David
3613 2275 3627 2311 :

2039 2358 2245 2427 quippe
2275 2372 2401 2412 cum
2437 2365 2491 2412 et
2519 2357 2626 2411 lilia
2655 2356 2776 2423 ejus
2811 2354 3056 2409 Thamar
3088 2354 3158 2406 ab
3196 2352 3428 2405 Ammon
3460 2351 3631 2404 fratre

2043 2451 2238 2504 fuisset
2267 2459 2555 2518 corrupta,
2606 2457 2660 2503 et
2689 2451 2902 2502 Amnon
2942 2463 2973 2500 a
3023 2447 3191 2500 fratre
3223 2447 3497 2499 Alisaloue
3541 2445 3628 2497 iu.-

2042 2551 2348 2610 teremptus
2381 2559 2395 2598 :
2437 2542 2579 2596 unde
2611 2557 2718 2596 non
2754 2540 3054 2596 mediocris
3090 2540 3345 2594 confusio
3380 2539 3432 2593 in
3478 2539 3626 2608 regia

2043 2634 2133 2688 illa
2181 2635 2346 2688 domo
2380 2643 2500 2687 orta
2535 2643 2620 2690 est
2657 2653 2669 2686 :
2724 2634 3000 2704 prtecipue
3053 2649 3178 2687 cum
3227 2633 3344 2702 ipse
3389 2631 3626 2685 Absalnu

2043 2735 2324 2796 postremo
2357 2727 2713 2797 tyrannidem
2747 2728 2911 2781 etiam
2947 2726 3312 2787 aﬂ‘ectaverit,
3334 2732 3388 2777 ct
3421 2734 3626 2792 patrem

2043 2835 2214 2886 regno
2243 2820 2537 2887 exliulerit,
2567 2828 2621 2874 et
2643 2831 2930 2874 crescente
2959 2820 3011 2872 in
3056 2818 3385 2876 immensum
3419 2815 3626 2875 furore,

2042 2913 2230 2980 copias
2252 2914 2416 2965 etiam
2447 2913 2731 2982 collegerit
2763 2922 2818 2966 et
2851 2919 3171 2981 pcheCttlttS
3199 2911 3270 2965 sit
3306 2917 3536 2978 patrem,
3575 2915 3630 2958 et

2043 3004 2361 3059 interimere
2404 3005 2571 3058 etiam
2617 3021 2742 3060 eum
2795 3013 3030 3058 conatus
3059 3003 3170 3058 sit:
3203 3018 3326 3055 cum
3379 3001 3545 3066 igitur
3572 2999 3627 3051 in

2045 3097 2144 3151 llas
2176 3113 2369 3152 (.imues
2405 3097 2752 3151 calamitates
2789 3097 3075 3150 incidisset
3101 3096 3295 3149 beatus
3316 3091 3503 3152 David,
3548 3099 3630 3142 at-

2043 3206 2150 3260 que
2181 3191 2364 3244 animo
2391 3205 2487 3245 eas
2540 3205 2760 3260 semper
2814 3189 3140 3253 revolveret,
3187 3183 3524 3240 existimavit
3570 3199 3629 3236 se

2044 3283 2116 3337 ob
2158 3284 2516 3337 commissum
2552 3281 2829 3344 adulterii,
2888 3289 2941 3334 et
2999 3280 3162 3333 caedis
3210 3279 3418 3332 crimen
3457 3275 3629 3328 tantis

1992 3375 2012 3394 ⁴
2043 3375 2279 3445 opprimi
2305 3375 2465 3429 malis
2502 3394 2515 3429 :
2561 3383 2616 3429 et
2662 3387 2978 3444 quanquam
3011 3373 3140 3425 olim
3187 3371 3292 3425 sibi
3331 3368 3625 3423 remissum

2046 3467 2239 3521 fuisset
2282 3476 2592 3537 peccatum,
2634 3465 2844 3520 veritus
2891 3475 3071 3518 tamen
3118 3478 3178 3518 se
3235 3477 3264 3513 a
3315 3459 3424 3514 Deo
3457 3458 3628 3514 fuisse

2042 3559 2393 3624 derelictum,
2425 3561 2574 3613 hunc
2629 3559 2910 3612 Psalmum
2941 3555 3295 3622 conseripsit,
3352 3559 3474 3622 post
3519 3560 3631 3604 ter-

2043 3650 2203 3716 tium,
2228 3649 2448 3719 quando
2473 3651 2639 3704 Cliusi
2672 3650 2834 3719 fregit
2856 3649 3148 3704 consilium
3181 3644 3534 3711 Αυὶιίιονιιοι,
3570 3654 3632 3698 ut

2039 3743 2152 3812 jam
2183 3743 2559 3812 praediximus.
2598 3743 2708 3796 lloe
2743 3751 2926 3796 autem
2959 3741 3198 3803 Psalmo,
3230 3749 3282 3794 et
3332 3739 3628 3793 Absalonis

2047 3837 2140 3890 lilii
2177 3839 2543 3908 cogitationes
2577 3837 2896 3905 explicavit.
2931 3844 2986 3889 et
3019 3851 3138 3903 qua:
3171 3842 3437 3888 eventura
3474 3845 3630 3888 erant

2045 3931 2338 3999 prmdixit:
2374 3943 2539 4000 atque
2571 3933 2696 3986 ideo
2725 3934 2776 3984 in
2809 3933 2967 3998 linem
3000 3931 3302 3998 inscriptus
3336 3940 3416 3983 est
3453 3950 3464 3983 :
3500 3936 3628 3998 quia

2046 4025 2483 4096 proﬂigationem
2513 4025 2807 4079 Absalouis
2829 4025 3095 4094 pra'dicit,
3113 4038 3234 4091 qum
3253 4040 3439 4076 verum
3468 4024 3628 4077 linem

2044 4129 2166 4174 erat
2204 4129 2594 4174 consecutura.
2652 4117 2990 4181 Exsultabil,
3026 4117 3227 4187 inquit,
3261 4133 3351 4172 cor
3377 4134 3546 4174 meum
3574 4119 3637 4170 in

2043 4213 2276 4291 salutari
2318 4223 2427 4266 tuo.

2119 4303 2280 4358 Vens.
2318 4306 2367 4357 l.
2406 4303 2718 4376 Usquequo,
2759 4305 3012 4364 Domine.
3047 4306 3372 4361 Oblivisceris
3429 4306 3527 4357 mei
3576 4304 3630 4356 in

2045 4398 2246 4464 ﬂuent?
2291 4397 2503 4452 Oblivio
2549 4406 2633 4453 cst
2675 4397 2953 4452 memoria:
2985 4398 3312 4468 di-perditio.
3355 4397 3466 4450 Deo
3501 4411 3632 4451 vero

2044 4489 2226 4543 omnia
2258 4489 2548 4560 pi-zeSentia
2573 4499 2703 4544 sunt
2729 4507 2741 4542 :
2766 4505 2866 4545 nec
2892 4498 3099 4544 tantum
3129 4489 3374 4545 actiones
3402 4498 3629 4550 nostrae.

2047 4580 2142 4634 sed
2195 4581 2372 4649 ipsius
2423 4584 2590 4634 etiam
2635 4582 2840 4637 mentis
2894 4582 3259 4652 cogitationes
3311 4598 3373 4635 ac
3427 4590 3631 4635 motus.

335 4690 438 4756 ψιν
471 4689 586 4741 τῶν
614 4688 1044 4759 πεπλαντριὸτων
1062 4689 1294 4758 οἰητέον,
1324 4686 1782 4757 παραχωροῦντος
1813 4702 1936 4738 πειο

2048 4670 2316 4725 Oblivisci
2353 4685 2485 4724 vero
2527 4669 2768 4726 dicimus
2802 4671 2974 4727 Demn
3015 4671 3270 4743 alicujus,
3305 4671 3530 4742 quando
3563 4672 3634 4726 ob

344 4781 616 4852 ρὰξεσθαι
658 4779 884 4842 τούτους
935 4782 1016 4843 εἰς
1073 4779 1378 4834 παίδευσιν.
1435 4779 1510 4832 Τὸ
1541 4779 1600 4832 δὲ
1631 4780 1718 4845 εις
1742 4778 1940 4842 τέλος,

345 4875 470 4925 ἀντὶ
506 4872 628 4937 τοῦ,
661 4873 824 4944 μέχρι
859 4871 1058 4924 πολλοῦ
1083 4873 1480 4942 παρείληπται.

419 5063 578 5125 Ἕως
609 5063 755 5112 πότε
787 5058 1193 5126 ἀποστρέφεις
1223 5059 1290 5111 τὸ
1323 5059 1655 5125 πρόσωπόν
1686 5073 1798 5112 σου
1837 5056 1940 5110 ἀπ’

339 5152 530 5221 ἑμοῦ;
571 5151 870 5221 ῐΙρόσωπον
900 5152 998 5220 μὲν
1029 5147 1124 5204 οὖν
1154 5153 1268 5202 ἐστι
1293 5149 1430 5204 Θεοῦ
1466 5152 1498 5219 ἡ
1539 5150 1810 5219 ἐποπτικὴ
1849 5151 1942 5202 καὶ

345 5243 683 5314 εὐεργετικὴ
732 5241 904 5295 αὐτοῦ
954 5241 1217 5312 δύναμις·
1265 5243 1590 5313 ἀποστροφὴ
1619 5243 1700 5306 δὲ,
1739 5244 1772 5310 η
1805 5242 1943 5311 πρὸς

345 5336 663 5388 τούναντίον
687 5335 860 5404 αὐτῆς
893 5333 1273 5403 ὲνέργειαμῦς
1305 5334 1766 5404 ἀποστρεφομένη
1817 5334 1942 5395 τοὺς

347 5427 604 5494 ἀναξίους
629 5427 725 5499 τῆς
760 5425 1080 5493 ἐπισκοπῆς
1115 5425 1304 5490 αὐτοῦ,
1339 5427 1427 5479 διὰ
1457 5425 1518 5478 τὸ
1556 5423 1942 5494 βδελύττεσθαι

351 5521 442 5583 τὰς
467 5522 694 5591 πράξεις
732 5519 949 5576 αὐτῶν.
1005 5517 1138 5570 Ἀπὸ
1184 5519 1296 5570 τῶν
1338 5517 1704 5586 ἀνθρωπίνων
1733 5517 1810 5582 δὲ,
1845 5533 1946 5586 χα-

353 5622 656 5691 ρακτηρίζει
710 5615 812 5671 καὶ
848 5614 924 5664 τὰ
958 5610 1099 5666 θεῖα.
1138 5613 1248 5664 Καὶ
1275 5611 1385 5681 γὰρ
1432 5613 1481 5663 οἱ
1523 5610 1945 5680 ὲγκαταλιμπά-

345 5715 503 5781 omni;
539 5732 664 5768 τινα
690 5754 707 5777 ,
747 5705 857 5762 καὶ
895 5703 1004 5769 τὴν
1045 5703 1266 5773 μνήμην
1305 5703 1471 5756 αὐτοῦ
1527 5703 1946 5770 συναπολιμπὲι-

332 5829 477 5876 γουσι,
515 5810 614 5864 καὶ
642 5807 699 5860 oi
731 5793 1236 5862 ἀποστρεφόμενοι
1265 5796 1363 5865 οὐχ
1416 5795 1638 5866 ὁρῶσιν,
1681 5794 1776 5858 οὓς
1809 5795 1946 5848 ἀποο

319 5915 656 5988 πρέρονται.

2049 4763 2198 4818 illius
2246 4763 2448 4821 delicta
2512 4779 2639 4817 eum
2701 4765 2840 4819 Deus
2895 4764 3246 4833 derelinquit,
3317 4769 3634 4834 tentarique

2047 4856 2316 4926 permittit
2334 4867 2496 4925 atque
2522 4856 2708 4927 aliligi,
2731 4865 2790 4912 ut
2814 4857 3027 4928 ﬂagello
3049 4858 3357 4914 erudiatur.
3387 4857 3449 4916 in
3474 4860 3645 4926 ﬁnem

2046 4959 2225 5002 autem
2257 4949 2440 5018 posuit
2475 4963 2573 5018 pro
2611 4948 2726 5003 diu.

2122 5038 2402 5110 Usquequo
2460 5043 2655 5095 avertis
2705 5043 2893 5107 {aciem
2940 5052 3086 5096 luam
3111 5061 3141 5096 a
3173 5046 3290 5097 me?
3322 5043 3508 5098 Facies
3539 5046 3649 5106 Dei.

2049 5133 2287 5202 potentia
2316 5135 2407 5188 illa
2443 5135 2495 5189 iu
2519 5133 2630 5191 Deo
2651 5143 2756 5202 est,
2788 5153 2894 5205 qua
2925 5136 3120 5208 aspicit
3151 5153 3270 5202 nos,
3299 5153 3360 5190 ac
3397 5138 3636 5192 custodit

2047 5239 2102 5282 et
2163 5227 2445 5282 beneliciis
2507 5227 2700 5282 donat.
2755 5228 2981 5285 Aversio
3043 5245 3171 5283 vero
3225 5229 3314 5281 Dei
3356 5230 3633 5281 contraria

2047 5321 2297 5390 operatio
2321 5327 2408 5376 est
2439 5339 2452 5375 :
2483 5320 2708 5389 quando
2743 5321 3006 5376 nimirum
3043 5319 3294 5388 indignos
3321 5332 3570 5384 quosque
3606 5333 3634 5368 a

2049 5415 2303 5471 custodia
2365 5422 2420 5468 et
2455 5415 2798 5483 protectione
2841 5428 2938 5466 sua
2993 5412 3210 5473 avertit,
3247 5420 3508 5477 tauquam
3568 5424 3632 5462 ea

2049 5513 2350 5576 operentur
2389 5523 2510 5573 qua:
2543 5506 2598 5560 in
2664 5506 2836 5573 ipsius
2875 5503 3205 5570 conspectu
3240 5499 3657 5562 abominabilia,

2052 5599 2226 5652 videri
2281 5599 2494 5668 possint
2529 5615 2542 5652 :
2575 5612 2766 5650 verum
2808 5594 3076 5647 humanis
3136 5594 3395 5660 loquendi
3461 5595 3642 5653 modis

2054 5693 2325 5763 PrOplieta
2351 5691 2570 5746 divinas
2603 5688 2764 5743 nobis
2788 5687 3037 5741 actiones
3071 5686 3346 5754 exprimit.
3386 5685 3515 5743 Nam
3541 5686 3656 5754 qui,

2055 5785 2298 5854 aliquem
2349 5783 2765 5849 derelinquunt,
2831 5779 2980 5833 illius
3046 5778 3251 5848 pariter
3313 5779 3654 5839 memoriam,

2053 5877 2310 5947 perdunt,
2337 5883 2391 5930 et
2416 5874 2510 5943 qui
2542 5873 2758 5943 aliquos
2786 5880 3062 5940 avertunt,
3105 5869 3336 5941 amplius
3382 5885 3478 5925 eos
3528 5885 3645 5925 non

2056 5971 2262 6034 vident,
2300 5984 2330 6024 a
2364 5967 2567 6028 auibus
2599 5967 2778 6024 aversi
2812 5974 2963 6023 sunt.
