4116 6424
462 380 575 444 185

1706 394 2101 460 EUTHYMII
2126 403 2513 466 'ZEGABENI

3637 413 3745 479 ιιι

455 505 618 573 juxta
646 506 791 561 illud
821 526 835 561 :
874 507 1161 575 Exquiaivi-
1182 509 1465 567 Dominum
1499 520 1547 565 et
1570 516 1845 569 exaudiuit
1892 532 1972 570 me
1997 517 2018 547 ⁸

2148 536 2238 583 τες
2261 520 2322 573 ἔν
2355 539 2521 589 τισιν,
2554 522 2996 582 ὲθελοκακοῦσιν.
3031 526 3420 598 Ἀνθρωπίνως
3440 531 3499 585 δὲ
3526 532 3620 586 τὸν
3633 534 3748 588 Κύ-

460 593 525 649 Ει
559 595 687 650 lieet
722 596 776 651 in
814 598 1094 668 aliquibus
1121 600 1344 669 quidam
1368 616 1492 656 eum
1518 603 1917 673 intellexerint,
1942 622 2041 675 pe-

456 687 577 754 jora
616 696 798 744 tamen
835 701 1138 746 sectantur.
1177 691 1432 749 Humano
1490 705 1670 750 autem
1740 714 1888 752 more
1941 714 2039 752 cx-

2144 632 2261 685 ριον
2285 617 2677 687 ἐσχημάτισεν,
2708 616 2785 682 ώς
2811 619 2870 684 ἐξ
2905 621 3170 692 ύπερώων
3201 614 3606 691 ἐπικύπτοντα,
3645 628 3745 680 καὶ

2142 710 2445 781 Θεώμενονσ
2479 711 2713 784 καὶγὰρ
2763 713 3081 784 ἁπανταχοῦ
3132 716 3345 786 παρὼν,
3385 718 3600 771 ἅπαντα
3655 737 3744 786 γι-

460 781 659 843 pressit
692 780 864 837 Deum
895 784 1195 855 Propheta,
1248 790 1406 858 quasi
1465 803 1532 843 ex
1593 790 1706 844 alto
1758 794 2025 845 caenacult

2141 780 2362 856 νώσκει.
2390 780 2824 876 [παρατηρητέον
2856 808 2941 861 ὃτι
3067 780 3256 879 σχῆμα
3279 780 3440 863 τοῦτο
3469 780 3740 882 πολλα)ίοῦ

458 874 822 938 procumbere
870 884 925 931 et
968 890 1217 948 spectare
1248 898 1262 935 :
1290 896 1416 935 cum
1442 889 1624 936 tamen
1659 890 1717 937 et
1742 883 1944 954 ubique
1973 885 2026 938 sii

2144 897 2319 948 κεῖται
2361 874 2747 966 τῆςῗΓραέρῆς.
2782 896 2993 963 ’Ἄλλως
3024 874 3133 961 δὲ(
3158 874 3256 952 καὶ
3293 900 3356 952 τὸ
3396 874 3741 971 παντὲῳορον

463 963 630 1029 Deus,
661 974 715 1019 et
754 970 940 1023 omnia
970 972 1329 1028 exactissime
1356 975 1589 1028 noverit.
1622 972 2040 1031 ObServandum

456 1057 620 1112 σοιίιιιιι
654 1062 807 1131 quod
832 1064 1146 1134 hujusmodi
1177 1067 1435 1138 loquendi
1486 1069 1683 1123 modus
1717 1085 1859 1139 saepe
1894 1070 2037 1136 apud

459 1150 796 1221 Seripturam
842 1159 1134 1228 reperitur.
1168 1159 1236 1214 Et
1266 1162 1427 1215 aliter
1479 1163 1564 1218 his
1602 1162 1781 1217 verbis
1827 1163 2041 1232 signiti-

2145 981 2306 1037 τοῦτο
2335 985 2531 1055 μηνύει
2557 985 2660 1056 τῆς
2691 984 2844 1050 θείας
2884 987 3219 1058 ἐπισκοπῆς,
3274 988 3351 1052 ὡς
3399 988 3460 1053 ἐξ
3508 990 3746 1058 οὐρανοῦ

2153 1073 2372 1144 βλέπειν
2404 1076 2487 1138 είς
2514 1074 2642 1145 γῆν,
2681 1077 2777 1130 καὶ
2803 1077 3214 1146 διαγινώσκειν,
3249 1080 3418 1151 μηδὲν
3457 1079 3742 1152 εἴργοντος

2153 1164 2249 1217 τοῦ
2280 1162 2539 1219 τοσούτου
2566 1165 2960 1237 διαστήματος.

452 1258 581 1299 care
629 1248 731 1300 vid.
755 1257 843 1303 tur
892 1252 1169 1319 quomodo
1203 1254 1347 1311 Deus
1405 1257 1591 1310 munia
1644 1255 1790 1309 νὶᾱιι
1842 1266 1895 1308 et
1947 1265 2179 1326 spectat,
2250 1260 2405 1327 «μιοεί
2471 1260 2565 1329 qui
2624 1276 2689 1315 ex
2731 1262 2875 1316 cmlo
2930 1260 3228 1332 prospiciat
3275 1261 3332 1316 in
3384 1270 3607 1327 terram,
3682 1270 3740 1320 et

452 1349 751 1405 cognoscat
780 1345 987 1406 onmia,
1029 1353 1085 1400 et
1118 1348 1271 1401 nullo
1294 1348 1345 1402 ei
1379 1347 1773 1417 impedimento
1818 1356 2035 1404 tantum
2075 1351 2147 1405 sit
2182 1352 2557 1407 intervallum.

526 1431 694 1488 Vsus.
733 1436 786 1488 '5.
824 1436 1019 1493 Omnes
1044 1438 1458 1504 declinaverunt,
1481 1443 1642 1495 simul
1663 1442 1876 1498 inutiles
1900 1444 2037 1513 facti

450 1533 595 1590 sunt,
625 1542 728 1580 non
761 1531 954 1598 estqui
985 1530 1153 1599 faciat
1211 1531 1427 1595 bonum,
1479 1550 1584 1588 non
1640 1544 1715 1589 est
1755 1552 1918 1606 usque
1965 1536 2035 1590 ad

447 1631 634 1671 unum.
673 1615 1098 1677 Deeliuaverunt
1133 1622 1356 1691 quidem
1390 1623 1444 1677 in
1479 1622 1587 1692 iam
1637 1637 2033 1683 conuumerata

450 1706 631 1759 studia
679 1717 846 1777 atque
888 1712 1191 1780 exercitia;
1239 1713 1463 1770 inutiles
1523 1732 1649 1772 vero
1703 1717 1830 1773 lacti
1882 1730 2032 1786 sunt,

2211 1445 2442 1513 Πάντες
2455 1447 2799 1511 ἐξέκλιναν,
2840 1448 2962 1519 ἅμα
2996 1447 3433 1517 ἡχρειώθησαν,
3468 1459 3579 1508 οὐκ
3605 1459 3735 1514 ἔστι

2137 1537 2330 1591 ποιῶν
2358 1540 2765 1606 χρηστότητα,
2789 1543 2902 1594 οὐκ
2944 1541 3118 1595 ἔστιν
3151 1538 3263 1606 ἕως
3297 1541 3454 1608 ἑνός.
3499 1545 3733 1608 Ἐξὲκλε.

2137 1651 2232 1685 ναν
2265 1632 2365 1703 μὲν
2407 1634 2486 1695 εἰς
2511 1633 2579 1685 τὰ
2611 1632 2995 1704 προρῤηθέντα
3036 1632 3447 1702 ἐπιτηδεύματα
3467 1652 3481 1664 °
3502 1638 3738 1707 ἠχρειώ.

2135 1726 2310 1796 Θησαν
2335 1726 2411 1779 δὲ.
2444 1724 2692 1795 βδελυροὶ
2724 1726 3030 1793 γεγονότες,
3057 1725 3153 1778 καὶ
3195 1725 3316 1779 οὐδὲ
3344 1727 3447 1781 κᾶν
3492 1719 3622 1799 γοῦν
3652 1727 3735 1797 εἷς

447 1812 572 1851 eum
609 1798 746 1852 adeo
777 1799 1184 1859 abominabiles
1214 1814 1402 1860 essent
1445 1816 1501 1859 ut
1547 1805 1691 1862 inter
1735 1809 1888 1876 ipsos
1938 1827 2026 1863 ne.-

2137 1821 2195 1871 ὲν
2224 1817 2410 1881 αὐτοῖς
2443 1816 2704 1889 χρηστός.

448 1906 556 1960 que
607 1908 751 1947 unus
789 1895 954 1953 etiam
1002 1896 1362 1965 reperiretur,
1410 1899 1503 1969 qui
1551 1899 1727 1954 bonus
1772 1900 2033 1970 appellari

446 1993 655 2049 pOsSI't.
1370 2052 1375 2055 ι

516 2072 685 2131 Vens.
716 2076 768 2130 ι.
809 2076 999 2133 Nonne
1046 2092 1355 2152 cognoscent
1401 2100 1579 2138 omnes
1611 2085 1702 2155 qui
1746 2096 2036 2155 operantur

444 2166 780 2236 iniquitatem
804 2171 829 2223 1’
844 2170 948 2224 Pt-r
965 2172 1455 2245 interrogationem
1480 2177 1583 2230 hoc
1613 2176 1899 2246 legendum
1921 2189 2025 2241 est,

457 2265 517 2309 ut
549 2258 871 2329 huiusmodi
892 2262 1163 2318 eﬂiciatur
1186 2280 1385 2322 sensus
1419 2284 1432 2321 :
1461 2266 1500 2320 li
1534 2268 1627 2338 qui
1650 2269 1820 2323 Deum
1861 2270 2027 2325 Israel

447 2348 720 2405 dixerunt
762 2369 950 2408 verum
987 2353 1153 2409 Deum
1188 2371 1295 2410 non
1328 2373 1475 2421 esse,
1500 2360 1596 2428 qui
1633 2370 1689 2414 et
1716 2361 1900 2430 lingu-1
1932 2377 2028 2414 sua

443 2451 499 2496 et
536 2445 796 2500 omnibus
843 2447 969 2502 aliis
1011 2448 1388 2518 voluptatibus
1434 2450 1576 2505 adeo
1602 2452 2031 2522 intemperantes

443 2545 595 2599 sunt,
618 2551 800 2593 nonne
831 2539 1128 2607 aliquando
1157 2550 1492 2609 cognoscent
1532 2542 1677 2610 quod
1717 2541 2025 2598 Judaeorum

440 2628 629 2696 Deus,
684 2645 846 2685 verus
897 2629 1041 2686 Deus
1098 2641 1183 2686 est
1224 2633 1439 2688 'lCerte
1485 2633 1779 2702 aliqnun-lo
1830 2636 1879 2689 id
1935 2651 2025 2690 Co-

440 2733 729 2790 gnoscont,
763 2724 988 2794 quando
1020 2724 1280 2779 nimirum
1311 2736 1529 2782 centum
1554 2729 1830 2797 octoginta
1867 2730 2030 2798 quin-

440 2833 551 2887 que
576 2816 746 2871 millia
776 2832 964 2873 eorum
1005 2818 1336 2889 interempta
1365 2829 1529 2874 erunt
1580 2823 1648 2874 ah
1686 2822 1880 2888 angelo
1906 2819 2023 2875 υεί.

439 2910 561 2980 Ipse
593 2910 760 2967 etiam
796 2911 1180 2967 Seunacherih
1214 2914 1452 2983 turpiter
1511 2914 1722 2984 fugiens
1754 2921 1886 2968 tunc
1932 2928 2027 2967 co-

439 3013 693 3069 gnoscet,
720 3002 979 3073 quisnam
1024 3004 1188 3059 fuerit
1215 3005 1311 3075 qui
1339 3006 1393 3061 iu
1435 3008 1539 3063 hoc
1588 3009 1792 3078 popqu
1832 3007 2028 3060 trium-

440 3094 609 3163 phum
665 3097 866 3152 erexit.
918 3095 1031 3152 Nec
1089 3106 1325 3161 tantum,
1375 3098 1573 3169 inquit,
1630 3100 1864 3169 Assyrii,
1929 3101 2025 3154 sed

2207 2084 2352 2154 Οὐχὶ
2411 2082 2744 2153 γνώσονται
2786 2082 3011 2149 πάντες
3062 2086 3118 2137 οί
3169 2082 3549 2153 ἐργαζόμενοι
3611 2083 3735 2151 τὴν

2130 2180 2430 2246 darentur;
2463 2175 2637 2229 Τοῦτο
2700 2175 2822 2229 κατ’
2870 2173 3144 2245 ἐρώτησιν
3207 2175 3612 2240 ἀναγνωστέον,
3657 2174 3727 2226 ἵν’

2130 2255 2630 2339 ὲμψήνῃποιοῦτον
2658 2267 2806 2329 νοῦν,
2841 2267 2938 2332 ὡς,
2968 2266 3030 2320 ΕΞ
3055 2266 3150 2319 καὶ
3175 2260 3331 2318 εἷπον
3357 2266 3435 2335 μὴ
3477 2263 3616 2319 εἶναι
3638 2266 3735 2319 τὸν

2130 2360 2284 2421 Θεὸν,
2311 2355 2402 2430 ἆρ’
2455 2360 2518 2412 ού
2571 2358 2874 2428 γνώσονται
2920 2359 3125 2422 πάντες
3159 2352 3306 2412 οὗτοι
3341 2359 3392 2413 οἱ
3435 2358 3729 2412 ἀκόλαστοι

2131 2452 2226 2504 καὶ
2262 2452 2403 2505 κατὰ
2430 2451 2683 2520 γλῶσσαν
2714 2452 2808 2505 καὶ
2833 2453 3019 2506 πᾶσαν
3043 2451 3212 2520 ἄλλην
3239 2450 3458 2521 ἡδονὴν,
3487 2450 3571 2505 ὅτι
3592 2450 3729 2515 Θεός

2129 2546 2247 2597 ἐστι
2305 2543 2413 2595 τῶν
2451 2543 2727 2597 Ἰουδαίων
2764 2543 2793 2596 δ
2842 2543 3019 2609 Θεός;
3062 2543 3170 2596 Ναὶ
3214 2542 3546 2611 γνώσονται,
3592 2542 3726 2596 ὅταν

2131 2638 2291 2691 πέντε
2327 2639 2419 2691 καὶ
2448 2638 2782 2710 ὀγδοήκοντα
2813 2639 2904 2691 καὶ
2930 2638 3130 2691 ἑκατὸν
3147 2637 3609 2709 ἀναιρεθήσονται
3643 2657 3731 2709 χι-

2129 2724 2310 2789 λιάδες
2344 2727 2449 2780 ὑπὸ
2478 2726 2573 2781 τοῦ
2613 2728 2846 2795 ἀγγέλου
2882 2728 2979 2780 τοῦ
3010 2726 3169 2781 Θεοῦ.
3206 2728 3318 2780 Καὶ
3340 2727 3503 2791 αὐτὸς
3523 2728 3581 2782 δι
3616 2745 3727 2798 φυ-

2129 2817 2242 2883 γὼν
2276 2817 2518 2886 αἰσχρῶς
2574 2821 2604 2870 ό
2654 2817 3023 2889 Σεναχηρεὶμ,
3072 2817 3283 2870 εἵσεται
3334 2817 3396 2870 τὸ
3425 2817 3719 2887 τρόπαιον.

2134 2909 2205 2961 Ἢ
2239 2909 2314 2979 μὴ
2351 2909 2514 2978 μόνον
2542 2909 2762 2971 αὐτοὺς,
2793 2908 2929 2962 ἀλλὰ
2956 2908 3052 2962 καὶ
3083 2908 3269 2961 πάντα
3296 2908 3345 2961 τ’
3373 2908 3512 2962 ἀλλα
3536 2909 3722 2978 ἄνομα

2129 3000 2294 3068 ἔθνη,
2351 3001 2718 3071 μεμαθηκότα
2765 3000 2981 3069 λέγειν,
3025 2998 3363 3069 τηλικαύτην
3421 3000 3733 3072 Ἀσσυρίων

2130 3093 2410 3145 ἀπιῖιλειαν
2447 3092 2748 3159 ἐπιγνῶναι
2802 3091 2888 3145 ὅτι
2934 3090 3068 3153 Θεός
3118 3092 3268 3143 ἐστιν
3320 3094 3348 3143 ὁ
3398 3090 3727 3161 διαφθείρας

438 3198 634 3241 omnes
666 3185 832 3240 etiam
865 3194 1081 3256 gentes,
1127 3186 1221 3241 uhi
1253 3197 1463 3245 tantam
1514 3190 1734 3244 illorum
1787 3200 2026 3258 stragem

2135 3186 2201 3237 αὖ
2213 3187 2359 3248 τούς.

438 3276 759 3342 didicerint,
778 3286 1131 3347 cognoscent
1158 3276 1475 3334 indecorum
1504 3279 1697 3343 Donni,
1719 3281 1809 3351 qui
1835 3282 1908 3335 ita
1934 3296 2028 3335 eos

441 3367 702 3435 perdidit.
1876 3356 1881 3359 ’

512 3457 681 3513 Vsus.
716 3461 768 3514 5.
829 3461 939 3527 Qui
981 3464 1267 3519 comedunt
1308 3465 1561 3534 populum
1611 3480 1782 3518 meum
1829 3466 1881 3517 in
1913 3463 2029 3517 cibo

439 3550 617 3617 panis,
651 3548 949 3606 Dominum.
978 3570 1083 3608 non
1120 3556 1522 3610 invocaverunt.
1576 3556 1674 3609 llic
1710 3556 2025 3609 versiculus

438 3657 507 3695 ex
540 3657 775 3711 persona
813 3643 903 3697 Dei
943 3644 1308 3714 proferendus
1358 3657 1463 3701 est.
1528 3648 1628 3713 Illi,
1685 3646 1886 3715 inquit,
1931 3648 2023 3715 qui

440 3734 617 3788 instar
643 3736 748 3790 cibi
779 3739 960 3806 panis,
1006 3738 1265 3808 populum
1310 3755 1490 3793 meum
1540 3748 1898 3803 consumunt,
1932 3754 2027 3791 ore

438 3825 699 3881 nituirum
734 3828 1064 3891 obsidionis,
1098 3830 1259 3883 famis
1281 3839 1335 3884 et
1358 3831 1653 3892 minarum,
1685 3831 1743 3895 ii,
1775 3831 2023 3899 inquam,

437 3933 526 3971 me
582 3924 841 3973 omnium.
888 3919 1057 3974 Deum
1108 3938 1216 3978 non
1276 3923 1671 3978 invocaverunt
1724 3940 1737 3976 :
1791 3923 1892 3976 hoc
1938 3931 2023 3977 est

436 4007 610 4062 Deum
648 4025 754 4064 non
789 4011 1229 4081 appellaverunt.
1270 4012 1509 4068 Possunt
1533 4023 1587 4068 et
1617 4013 1799 4082 populi
1827 4027 2020 4067 armies

433 4098 772 4169 Judmorum,
828 4105 948 4174 qui,
982 4106 1272 4163 obsidente
1311 4105 1711 4173 Sennacherih,
1757 4114 1915 4160 erant
1969 4106 2022 4161 in

434 4191 759 4262 Jerusalem,
797 4199 903 4253 dici
930 4201 1167 4270 pepulns
1201 4201 1347 4254 beati
1399 4199 1590 4261 David.
1621 4200 1792 4255 veluti
1829 4199 1921 4269 qui
1950 4200 2020 4253 ah

434 4283 586 4340 illius
645 4302 816 4358 regno
867 4289 1274 4345 descenderunt
1316 4299 1529 4360 :atquc
1581 4290 1682 4345 hoc
1742 4300 1901 4358 pacto
1951 4306 2017 4344 ex

2208 3454 2271 3504 Οἱ
2298 3452 2608 3517 ἐσθίοντες
2648 3452 2755 3505 τὸν
2801 3453 2957 3505 λαόν
2985 3469 3105 3521 μου
3142 3453 3214 3505 ἐν
3246 3452 3476 3521 βρώσει
3508 3453 3721 3520 ἄρτου,

2133 3545 2239 3595 τὸν
2260 3544 2481 3612 Κύριον
2512 3545 2624 3597 οὐκ
2646 3543 3124 3598 ἐπεκαλέσαντο.
3153 3544 3328 3599 Τοῦτο
3352 3545 3415 3599 τὸ
3447 3546 3630 3616 ῥητὸν,
3658 3546 3727 3600 ἐκ

2135 3630 2431 3704 προσώπου
2482 3633 2579 3687 τοῦ
2609 3634 2746 3687 Θεοῦ
2789 3634 3042 3687 λέλεκται
3072 3650 3086 3665 ·
3123 3636 3205 3689 ὅτι
3237 3637 3302 3689 0i
3344 3635 3722 3703 δαπανῶντες,

2126 3728 2221 3781 καὶ
2248 3727 2636 3791 ἀναλίσκοντες
2658 3727 2815 3798 δίκην
2840 3726 3098 3798 βρώσεως
3124 3728 3291 3800 ἄρτου
3313 3728 3405 3782 τὸν
3428 3728 3559 3782 λαόν
3594 3746 3725 3798 μου,

2124 3823 2183 3874 ὲν
2218 3823 2453 3891 στόματι
2483 3820 2802 3889 πολιορκίας
2834 3821 2930 3874 καὶ
2974 3820 3141 3891 λιμοῦ
3187 3823 3283 3875 καὶ
3307 3822 3563 3891 ἀπειλῆς,
3612 3822 3721 3891 ἐμὲ

2120 3915 2214 3967 τὸν
2248 3912 2457 3983 Κύριον
2493 3913 2712 3967 πάντων
2740 3913 2842 3966 οὐκ
2874 3912 3298 3977 ἐπεκαλέσαντο,
3318 3913 3597 3967 τουτέστιν
3625 3913 3729 3966 οὐκ

2121 4006 2419 4076 ὠνόμασαν
2472 4005 2627 4059 Θεόν.
2683 4005 2944 4074 Λέγοιντο
2966 4004 3012 4058 δ’
3042 4005 3110 4059 ἂν
3144 4006 3239 4059 καὶ
3272 4006 3403 4069 λαὸς
3434 4004 3530 4057 τοῦ
3554 4005 3725 4063 Δαϐὶδ

2134 4102 2184 4152 οἱ
2214 4098 2663 4170 πολιορκούμενοι
2696 4096 2841 4163 τότε,
2883 4096 2959 4161 ὡς
2986 4097 3051 4150 ὲκ
3078 4097 3176 4168 τῆς
3206 4095 3374 4151 αὑτοῦ
3407 4095 3724 4166 καταγόμε-

2132 4212 2212 4247 νοι
2242 4194 2541 4265 βασιλείας,
2573 4195 2661 4248 ἵνα
2704 4194 2798 4247 καὶ
2830 4192 3111 4264 προσώπῳ
3159 4191 3255 4246 τοῦ
3286 4192 3457 4245 Δαόὶδ
3494 4195 3523 4245 ὁ
3564 4192 3728 4261 λόγος

2132 4287 2241 4357 εἴη.
2264 4288 2474 4358 Κύριον
2490 4287 2590 4356 οὐχ
2622 4286 2835 4345 ἑαυτὸν,
2872 4285 3005 4339 ἀλλά
3032 4285 3124 4338 τὸν
3152 4284 3287 4338 Θεὸν
3317 4284 3509 4338 εἰπών.

434 4374 609 4444 ipsius
642 4374 932 4447 Propheta:
960 4394 1195 4446 persona
1228 4382 1390 4435 verba
1422 4381 1680 4437 versiculi
1718 4382 1885 4436 etiam
1921 4386 2179 4450 poterunt
2210 4377 2487 4447 proferri;
2523 4389 2578 4430 et
2618 4378 2935 4442 Dominum,
3001 4385 3155 4443 tunc,
3226 4391 3335 4430 non
3414 4391 3475 4431 se
3540 4376 3725 4445 ipsum

429 4464 729 4537 Propheta,
756 4470 851 4523 sed
879 4468 1048 4524 Deum
1080 4473 1358 4539 intelligit.

503 4557 632 4612 Illic
680 4561 1073 4628 trepidaverttut
1127 4565 1318 4620 timore
1376 4567 1463 4620 ubi
1514 4586 1618 4623 non
1668 4577 1786 4624 erat
1833 4571 2012 4623 timor.

2164 4580 2167 4583 ·
2209 4561 2369 4616 Ἐκεῖ
2405 4559 2758 4614 ἑδειλίασαν
2788 4560 2970 4627 φόϐῳ,
3006 4555 3080 4615 οὗ
3122 4560 3235 4613 οὐκ
3265 4554 3345 4627 ἦν
3378 4558 3586 4628 φόϐος.
3632 4552 3726 4610 Ἐν

432 4647 701 4705 Ezechias
733 4660 865 4707 tunc
895 4661 951 4707 et
977 4655 1071 4724 qui
1124 4671 1249 4710 cum
1299 4672 1365 4712 eo
1408 4668 1566 4716 erant
1622 4662 1675 4715 in
1713 4659 2018 4715 Jerusalem

436 4742 745 4797 timuerunt
798 4748 1103 4814 potentiam
1155 4748 1562 4818 Sennacherih,
1616 4753 1706 4822 qui
1744 4752 2023 4807 timendus

433 4848 546 4889 non
578 4843 719 4892 erat.
754 4835 942 4908 Neque
975 4840 1119 4893 enim
1147 4824 1371 4917 dicebat
1397 4850 1457 4897 ut
1501 4844 1674 4899 Judaei
1729 4845 2016 4915 Assyrium

438 4927 589 4982 lniuc
650 4928 932 4994 timerent,
965 4933 1060 5001 qui
1094 4948 1217 4988 eum
1250 4935 1425 4990 Deum
1472 4936 1577 4991 sibi
1634 4935 2021 4992 adversantem

431 5021 683 5081 haberet,
719 5023 845 5089 jure
889 5040 984 5078 eos
1015 5036 1324 5093 perterrere
1362 5044 1470 5083 non
1501 5037 1734 5098 poterat,
1773 5030 1919 5097 quod
1957 5046 2023 5083 ex

2135 4654 2493 4726 Ἰερουσαλὴμ
2519 4654 2643 4706 τότε
2694 4643 3003 4707 ε’δειλίασαν
3036 4653 3085 4704 oi
3115 4652 3260 4721 ἀμφὶ
3307 4652 3402 4705 τὸν
3447 4649 3719 4716 Ἐζεκίαν,

2122 4752 2181 4803 ὲν
2221 4748 2371 4819 φόϐῳ
2408 4746 2502 4802 τοῦ
2548 4748 2917 4816 Σενιχηρεῖμ,
2949 4737 3011 4799 οῦ
3050 4739 3151 4799 οὐκ
3196 4740 3267 4815 ἦν
3292 4743 3481 4814 φόϐος,
3523 4744 3721 4799 τουτέ-

2124 4860 2264 4906 στιν,
2294 4843 2354 4897 ὂν
2385 4842 2487 4895 οὐκ
2536 4842 2646 4894 ἔδει
2675 4840 3004 4910 φοϐηθῆναι,
3038 4839 3113 4910 μὴ
3138 4839 3445 4909 δυνάμενον
3475 4838 3719 4908 φοϐῆσαι

2123 4937 2211 4989 διὰ
2235 4937 2296 4988 τὸ
2333 4935 2479 5005 ἔχειν
2507 4933 2806 4987 ἀντίπαλον
2837 4933 2929 4986 τὸν
2972 4933 3105 4987 Θεόν
3126 4949 3141 4963 ο
3169 4931 3330 4985 τοῦτο
3379 4933 3490 5002 γὰρ
3516 4930 3721 5002 ἐδήλω-

2126 5045 2219 5080 σεν
2256 5026 2344 5081 διὰ
2373 5025 2483 5078 τῶν
2513 5025 2661 5095 ἑξῆς,
2699 5022 2897 5077 είττιιῦν⁸

431 5113 793 5179 sequentibus
821 5115 996 5184 magis
1042 5117 1378 5175 declaratur.
1418 5119 1580 5191 [Illud
1626 5130 1807 5176 tamen
1855 5120 2278 5180 advertendum,
2317 5118 2463 5187 quod
2487 5116 2655 5184 aliqui
2711 5115 2901 5186 legunt
2942 5114 3154 5187 :Cujus
3192 5133 3295 5171 non
3356 5126 3473 5172 erat
3534 5115 3721 5182 timor,

429 5208 589 5275 rufus
624 5209 877 5263 lectionis
922 5210 1216 5269 diversitas
1270 5230 1335 5269 ex
1376 5216 1659 5271 vicinitate
1710 5215 2309 5286 provenitGi-tecarum
2342 5211 2589 5283 vocum.]

507 5303 674 5358 Vsus.
715 5306 765 5355 ϋ.
800 5301 1064 5367 Quoniam
1104 5306 1362 5362 Dominus
1391 5309 1444 5362 in
1478 5310 1814 5380 generatione
1837 5311 2015 5381 justo-

432 5406 549 5441 rum
575 5400 672 5443 est.
708 5389 812 5446 Per
837 5393 1022 5461 jnstos
1056 5394 1143 5448 hic
1176 5395 1361 5453 lideles
1411 5397 1666 5470 intelligit
1697 5415 1763 5454 ac
1806 5400 1929 5470 pios
1962 5400 2017 5452 in

432 5481 626 5533 Donni.
660 5481 811 5536 Talis
856 5493 975 5538 erat
1036 5485 1303 5545 Ezechias
1345 5506 1465 5556 rex,
1512 5492 1609 5561 qui
1652 5507 1848 5562 magna
1894 5508 2020 5547 cum

435 5571 637 5642 pietate
670 5588 735 5629 ac
778 5577 1044 5647 religione
1089 5581 1144 5636 in
1176 5581 1369 5648 Deum,
1401 5584 1684 5653 subjectos
1708 5584 1814 5641 sibi
1845 5600 2021 5655 popu-

434 5663 521 5717 los
556 5664 797 5733 regebat.
832 5666 1255 5728 Generationem
1284 5683 1469 5731 autem
1497 5675 1766 5749 singulari
1792 5691 2022 5732 numero

478 5832 665 5893 'Psal.
697 5852 898 5907 χχχιιι,
934 5841 987 5894 5.

2191 5308 2319 5361 Ὀτι
2365 5307 2579 5373 Κύριος
2627 5306 2700 5360 ἐν
2745 5301 2921 5375 γενεᾷ
2956 5303 3222 5358 δικαίων.
3268 5302 3519 5365 Δικαίους
3547 5290 3743 5370 λέγει(

2115 5399 2243 5461 τοὺς
2271 5398 2545 5460 εὐσεϐεῖς·
2607 5394 2846 5450 τοιοῦτοι
2892 5396 3004 5466 γὰρ
3037 5396 3088 5448 οἱ
3138 5395 3272 5463 περὶ
3303 5393 3397 5447 τὸν
3438 5393 3720 5457 Ἐζεκίαν,

2120 5487 2387 5557 θεοφιλῶς
2416 5488 2543 5549 τοὺς
2568 5486 2845 5557 ὑπηκόους
2887 5484 3294 5554 ποιμαίνοντες.
3325 5482 3524 5537 Γενεάν
3555 5481 3610 5533 δὲ
3639 5482 3716 5534 εῖτ

2123 5595 2314 5651 ρηκεν,
2339 5578 2423 5632 ὅτι
2453 5578 2657 5639 πάντες
2696 5579 2762 5630 ἐκ
2792 5578 2924 5646 μιᾶς
2961 5574 3117 5646 ῥίζης
3159 5575 3207 5626 oi
3250 5573 3610 5647 Ἰσραηλῖται.
3639 5573 3715 5625 “ll

2124 5672 2217 5726 καὶ
2246 5670 2400 5734 αὖθις
2422 5687 2434 5700 ·
2476 5668 2624 5723 Ἐκεῖ
2651 5667 2960 5722 ὲδειλιασαν
2992 5666 3044 5720 οἱ
3068 5666 3214 5736 ἀμφὶ
3244 5666 3337 5719 τὸν
3370 5663 3715 5735 Σενακηρεὶμ
