4116 6430
298 432 415 520 iss

1470 436 1868 501 COMMENT.
1899 430 2385 503 ΙΝῘΡΞΑΕΜΟΞ.

3477 435 3580 494 18b

305 547 364 601 ιν
394 544 544 617 φόϐῳ
571 543 733 607 Θεοῦ,
766 536 832 599 οὗ
863 545 1033 617 φόϐος
1064 546 1165 602 οὐκ
1190 543 1258 621 ἦν
1287 548 1416 621 παρ’
1437 548 1621 612 αὐτοῖς
1645 550 1752 621 πρὸ
1774 550 1894 603 πεί-

2007 547 2163 614 dixit,
2206 545 2335 615 quia
2376 541 2636 598 lsraelitze
2687 555 2882 598 omnes
2935 556 3001 597 ex
3057 555 3167 595 una
3202 549 3332 597 sunt
3367 538 3576 597 radice.

310 656 427 710 ρας.
465 636 574 691 Καὶ
594 636 708 707 γὰρ
743 637 910 701 αὐτὸς
950 633 1021 710 ἦν
1049 640 1077 693 ό
1102 638 1235 702 Θεὸς
1274 639 1331 691 ἑν
1359 638 1437 708 τῷ
1468 639 1618 708 γένει
1643 640 1752 692 τῶν
1791 657 1889 692 πο·-

305 726 712 797 λιορκουμένων
737 726 1035 793 Ἰουδαίων,
1077 727 1217 797 ὑπὲρ
1248 727 1429 779 αὐτῶν
1462 729 1788 797 μαχόμενος.
1820 728 1890 781 Ἣ

306 818 402 871 καὶ
430 815 739 871 ἐδειλίασαν
783 818 842 869 ὲν
877 816 1031 887 φόϐῳ
1054 816 1150 869 τοῦ
1179 818 1447 882 Ἐζεκίου,
1473 811 1536 871 οὗ
1565 818 1666 871 οὐκ
1698 813 1768 889 ἦν
1796 819 1893 886 φό-

306 912 426 974 ϐος.
466 908 670 980 μᾶλλον
703 910 1178 981 ὐποπτήσσοντος,
1222 908 1316 961 καὶ
1358 907 1456 978 τὴν
1486 906 1679 976 αὔριον
1724 925 1893 979 προσ·

305 1002 577 1066 δοκῶντος
606 1001 748 1073 μετὰ
772 1001 884 1054 τῶν
924 1001 1022 1054 σὺν
1067 1000 1216 1069 αὐτῷ
1250 998 1461 1064 πάντας
1493 1001 1852 1070 ἀναιρεθῆναι
1876 1016 1891 1031 ο

305 1096 823 1165 κατασφαττόμενοι
848 1096 958 1165 γὰρ
993 1096 1043 1148 οἱ
1072 1093 1371 1165 Ἀσσύριοι,
1417 1095 1640 1149 ἐδόκουν
1662 1097 1770 1149 ἀπὸ
1802 1095 1898 1150 τοῦ

309 1186 581 1257 βασιλέως
607 1184 883 1239 Ἰουδαίων
934 1184 1263 1256 ἀνῃρῆσθαι,
1296 1186 1392 1238 καὶ
1434 1185 1515 1238 ὅτι
1538 1185 1672 1249 Θεός
1699 1188 1848 1239 ἐστιν
1872 1188 1901 1240 ὀ

307 1281 443 1345 Deo;
486 1281 782 1352 Ἐϐραίων,
824 1278 1038 1351 βοηθῶν
1077 1279 1299 1345 αὐτοῖς,
1346 1279 1603 1335 ἐντεῦθεν
1650 1280 1898 1349 ἐμάνθα-

309 1390 420 1426 νον.

1998 638 2092 695 Vel
2139 640 2342 693 aliter:
2379 636 2502 691 Illic
2536 634 2955 706 trepidaverunt,
2999 634 3380 690 Settnacherib
3408 634 3575 688 nimi-

1998 748 2144 797 rum,
2173 739 2228 785 et
2251 730 2346 800 qui
2374 744 2500 783 cum
2530 744 2598 784 eo
2630 739 2809 794 erant,
2846 729 3047 783 timore
3100 726 3221 792 Dei,
3258 727 3417 797 cujus
3460 725 3577 792 Dei,

2004 833 2300 892 antequam
2366 822 2807 891 experimentum
2867 821 2974 876 hoc
3020 829 3327 884 sumerent,
3392 820 3580 873 nullus

2000 916 2149 983 apud
2168 928 2266 968 eos
2296 913 2475 968 fuerat
2501 913 2687 967 timor.
2727 912 2791 967 Et
2826 927 2991 967 causa
3022 927 3191 982 quare
3222 911 3576 982 postmodum

2000 1004 2310 1066 timuerint,
2342 1005 2445 1059 hoc
2478 1005 2754 1060 versiculo
2794 1004 3041 1057 declarat
3091 1004 3360 1070 Propheta
3394 1020 3409 1057 :
3446 1003 3577 1070 quia

1999 1094 2213 1149 scilicet
2238 1093 2382 1149 Deus
2406 1095 2459 1149 in
2484 1093 2798 1149 Judzeorum
2823 1094 3180 1149 obsessorum
3219 1092 3579 1163 generatione

1998 1185 2212 1252 aderat,
2244 1196 2300 1242 et
2334 1201 2435 1257 pro
2478 1188 2561 1242 eis
2592 1188 2893 1259 pugnabat.
2946 1184 3041 1240 Vel
3074 1184 3234 1240 aliter
3273 1181 3584 1253 :‘l‘repida-

1998 1287 2199 1333 verunt
2249 1279 2486 1349 Assyrii,
2540 1280 2741 1333 timore
2786 1276 3037 1331 Ezechiae
3066 1275 3235 1346 regis,
3270 1273 3431 1343 cujus
3470 1288 3583 1326 nun

1998 1381 2118 1427 erat
2143 1374 2342 1439 timor;
2386 1375 2489 1427 hoc
2519 1382 2607 1427 est
2650 1372 2746 1443 qui
2777 1370 2958 1425 timeri
2989 1384 3099 1423 non
3147 1365 3404 1429 debebat,
3457 1377 3583 1418 cum

305 1472 426 1541 ipse
456 1469 644 1538 potius
678 1466 747 1521 ab
768 1466 848 1522 eis
876 1465 1113 1520 maxime
1144 1464 1487 1525 formidaret.
1509 1472 1965 1536 exspectaretqne
1996 1481 2056 1522 se
2085 1484 2192 1523 una
2227 1483 2350 1522 cum
2403 1470 2659 1523 universo
2720 1466 2945 1537 populo,
2996 1461 3253 1535 sequenti
3345 1460 3436 1514 die
3496 1459 3588 1511 in-

304 1563 678 1619 terimendum
720 1576 865 1616 esse.
892 1557 1027 1613 Nam
1063 1575 1189 1614 cum
1239 1560 1625 1615 occiderentur
1671 1561 1907 1632 Assyrii,
1950 1564 2339 1618 existimarunt
2400 1581 2459 1621 se
2488 1581 2516 1618 a
2547 1562 2865 1618 Judteorum
2937 1574 3063 1629 rege
3117 1558 3321 1615 occidi.
3371 1554 3449 1609 Ex
3500 1553 3587 1608 his

306 1658 492 1727 itaque
529 1661 929 1726 cognoverunt,
970 1653 1431 1725 quemadmodum
1484 1654 1626 1709 Deus
1668 1653 2010 1721 Judmnrum,
2038 1673 2200 1714 verus
2226 1660 2369 1715 Deus
2434 1670 2541 1728 est,
2567 1675 2691 1715 cum
2728 1667 2938 1712 tantam
3003 1655 3203 1726 populo
3269 1666 3430 1724 opem
3498 1658 3588 1703 tu-

304 1750 451 1806 lcrit.

372 1842 630 1908 Βουλὴν
660 1839 902 1909 πτωχοῦ
946 1839 1399 1908 κατῃσχύνατε,
1457 1841 1491 1893 ό
1552 1837 1622 1892 δὲ
1678 1839 1894 1906 Κύριος

2075 1839 2369 1892 Consilium
2389 1839 2560 1907 inopis
2587 1837 2931 1905 confudistis.
2960 1836 3219 1889 Dominus
3253 1844 3430 1887 autem
3469 1822 3587 1900 spe‘

305 1936 483 2000 ἐλπίς
516 1932 710 1987 αὑτοῦ
739 1933 897 1986 ἐστι.
935 1930 1106 1984 Τοῦτο
1131 1931 1282 1998 λέγει
1312 1931 1447 1999 πρὸς
1503 1931 1630 1991 τοὺς
1699 1932 1889 1983 Ἀσσυ-

2007 1937 2116 2004 ejus
2152 1943 2252 1988 est.
2282 1933 2361 1986 Ad
2388 1932 2651 2002 Assyrios
2678 1944 2993 1985 sermonem
3045 1926 3257 1997 dirigit.
3320 1923 3452 1985 Vos.
3502 1922 3589 1975 in-

308 2029 481 2099 ρὶους,
516 2028 599 2079 ὅτι
632 2024 1018 2093 Ἐφαυλίσατε,
1043 2022 1549 2093 καὶὲξουθενήσατε
1577 2022 1675 2092 τὴν
1705 2022 1900 2091 σκέψιν

307 2120 374 2189 ἢν
396 2118 673 2187 ἐσκέψατο
712 2115 964 2181 Ἐζεκίας
1002 2118 1031 2169 δ
1082 2119 1320 2190 πτωχὸς,
1372 2120 1496 2172 ὅσον
1531 2121 1623 2170 ἐπὶ
1676 2122 1741 2188 τῇ
1802 2119 1897 2171 τοῦ

310 2212 557 2281 πολέμου
588 2213 939 2281 παρασκευῇ.
1008 2210 1404 2264 Ἐϐουλεύσατο
1432 2212 1507 2276 δὲ,
1556 2210 1668 2264 τῶν
1721 2210 1898 2265 ἄλλων

320 2306 576 2358 ἁπὰντων
604 2305 894 2372 ἀπογνοὺς,
930 2305 988 2356 ὲν
1018 2305 1209 2374 σάκκῳ
1262 2305 1357 2357 καὶ
1408 2303 1589 2373 σποδῷ
1652 2321 1900 2372 καταφυ-

327 2399 448 2463 γεῖν
476 2396 556 2458 εἰς
579 2396 721 2450 Θεόν.
757 2398 824 2449 Ὃ
858 2395 1253 2465 μεμαθηκότες
1284 2397 1331 2449 οἱ
1363 2396 1459 2448 τοῦ
1530 2397 1899 2465 Σεναχηρεὶμ,

324 2487 767 2557 διεκωμῴδησαν,
796 2487 873 2550 ὥς
908 2487 1206 2555 ἀνωφελές.
1243 2487 1435 2558 Ὑμεῖς
1470 2488 1567 2556 μὲν
1594 2483 1706 2548 οὖν,
1741 2488 1898 2556 φησι,

315 2579 693 2649 κατῃσχύνατε
721 2578 820 2649 τὴν
856 2578 1056 2650 βουλὴν
1089 2579 1255 2632 αὐτοῦ
1286 2596 1299 2609 ·
1335 2579 1498 2642 αὐτὸς
1544 2580 1603 2632 δὲ
1652 2579 1753 2632 ’τὸν
1783 2578 1898 2631 Κύ-

308 2686 435 2741 ριον
461 2669 654 2724 ἐλπίδα
684 2670 819 2740 ἔχει,
856 2670 1174 2741 προσδοκῶν
1202 2670 1367 2725 αὑτὸν
1393 2671 1554 2740 μόνον
1588 2670 1754 2740 ἔχειν.

381 2841 481 2906 Τίς
509 2840 693 2894 δώσει
715 2840 785 2894 ἐκ
817 2839 973 2894 Σιὼν
1003 2842 1069 2894 τὸ
1107 2842 1407 2910 σωτήριον
1437 2842 1545 2896 τοῦ
1591 2842 1839 2911 Ἰσραήλ
1878 2858 1898 2907 ;

300 2932 402 2996 Τίς
439 2933 558 2985 τῶν
583 2932 991 2988 κατοικούντων
1015 2938 1072 2987 ὲν
1112 2935 1272 2998 Σιὼν,
1296 2935 1459 2990 δώσει
1485 2936 1585 3005 τὴν
1620 2936 1897 3005 σωτηρίαν

304 3026 421 3080 τῶν
468 3027 858 3098 Ἰσραηλιτῶν,
898 3026 1043 3096 ἄγαν
1073 3030 1464 3099 ὴσθενηκότων
1499 3031 1639 3097 ςκαὶ
1664 3030 1754 3091 τίς
1797 3030 1897 3082 ab-

303 3122 435 3182 τοὺς
467 3120 701 3190 ῥύσεται
726 3121 836 3174 τῶν
880 3121 1084 3192 χειρῶν
1133 3121 1230 3175 τοῦ
1285 3122 1630 3193 Σεναχηρείμ
1661 3139 1678 3188 ;
1711 3123 1901 3184 Οὐδεὶς

304 3209 647 3281 ἀνθρώπων,
690 3214 739 3265 εί
772 3212 847 3282 μὴ
883 3214 911 3266 ό
947 3212 1101 3276 Θεὸς,
1133 3212 1297 3280 ἔφ’δν
1324 3212 1583 3282 ἤλπισαν.
1610 3212 1722 3268 Καὶ
1742 3205 1900 3274 οὗτος

304 3306 422 3375 γὰρ
442 3306 503 3358 ἐν
534 3304 615 3375 τῷ
646 3303 762 3374 ναῷ
791 3304 894 3374 τῆς
913 3303 1055 3359 Σιὼν
1081 3304 1256 3359 ἐδόκει
1278 3306 1471 3359 οίκείν.

397 3492 502 3545 ‘Er
530 3489 614 3555 τῷ
644 3490 1003 3559 ἐπιστρέψαι
1036 3493 1124 3558 εις
1152 3491 1271 3557 τὴν
1315 3490 1742 3560 αἰχμαλωσίαν
1794 3491 1903 3545 τοῦ

305 3584 469 3639 λαοῦ
498 3583 713 3647 αὐτοῦ,
741 3583 1178 3653 divulsionem;
1220 3585 1432 3639 Ἰακὼϐ
1477 3586 1573 3639 καί
1642 3587 1903 3654 εὐφραν-

310 3677 571 3743 θήσεται
602 3676 871 3744 ’Ῑσραήλ.
915 3678 1309 3747 Αίχμαλωσίαν
1337 3679 1436 3746 μὲν
1463 3678 1635 3746 λέγει,
1664 3680 1724 3732 ού
1759 3696 1906 3748 γενο·

316 3770 516 3838 μένην,
557 3767 696 3821 ἀλλὰ
719 3767 989 3821 δοκοῦσαν
1013 3768 1199 3831 αὐτοῖς
1251 3769 1356 3822 ὑπὸ
1393 3767 1489 3821 τοῦ
1513 3770 1904 3839 ἐπηρτημένου

313 3862 489 3931 ςιόϐου
536 3860 638 3931 τῆς
663 3862 787 3915 ὅσον
816 3862 973 3916 οὔπω
1002 3862 1256 3926 ἁλώσεως
1283 3880 1297 3895 ο
1327 3862 1740 3933 κεκυκλωμένοι
1771 3865 1906 3935 γὰρ,

310 3956 413 4009 καὶ
444 3955 918 4023 σεσαγηνευμένοι
966 3957 1090 4015 ταῖς
1120 3956 1368 4026 αἰχμαῖς,
1397 3957 1601 4023 τρόπον
1621 3955 1746 4010 τινὰ
1776 3972 1908 4009 κατ-

311 4049 553 4118 είχοντο.
581 4045 776 4099 Ἰακὼϐ
806 4047 863 4100 δὲ
887 4048 984 4101 καὶ
1020 4047 1257 4118 Ἰσραὴλ.
1322 4048 1533 4111 αὐτοὺς
1560 4048 1625 4119 δὴ
1657 4048 1905 4112 τούτους,

310 4144 386 4206 ὡς
441 4142 861 4211 καταγομένους
908 4144 973 4197 ἐκ
1045 4145 1145 4212 τῆς
1207 4143 1364 4214 ῥίζης
1397 4142 1615 4207 Ἰακὼϐ,
1675 4142 1771 4196 τοῦ
1814 4144 1911 4196 καὶ

324 4235 593 4306 Ἰσραήλ.
620 4236 687 4288 '0
726 4235 781 4288 δὲ
814 4236 987 4304 λέγει,
1018 4234 1262 4290 τοιοῦτόν
1296 4237 1469 4301 ἐστιν,
1502 4238 1586 4291 ὅτι
1636 4235 1731 4290 τοῦ
1794 4237 1910 4290 Κυ-

316 4330 437 4400 ρίου
470 4328 949 4399 ἐλευθερώσαντος
967 4330 1187 4395 αὐτοὺς,
1213 4324 1329 4383 οἷον
1347 4329 1908 4401 αἰχμαλωτισθέντας,

311 4423 750 4492 ἀγαλλιάσονται
779 4424 828 4476 οἱ
850 4422 1340 4493 ἐλευθερωθέντες,
1359 4424 1453 4476 καὶ
1483 4423 1909 4494 εὐφρανθήσον-

312 4534 406 4568 ται
436 4531 450 4544 ο
488 4514 586 4567 καὶ
608 4513 1037 4581 ἀγαλλιάσονται
1065 4514 1184 4584 μὲν,
1223 4514 1557 4585 σωματικῶς
1595 4533 1610 4548 ο
1667 4515 1915 4588 εύφραντ

2002 2029 2142 2097 quit.
2174 2042 2208 2081 o
2243 2024 2479 2096 Assyrii,
2513 2024 2763 2078 Ezechiae
2784 2022 2928 2092 regis
2970 2020 3230 2074 universo
3266 2017 3391 2071 belli
3418 2031 3590 2085 appa-

2001 2114 2124 2172 ratu
2156 2117 2336 2185 inopis
2372 2114 2671 2169 consilium
2722 2109 3049 2181 neglexistis
3083 2122 3148 2162 ac
3190 2103 3587 2176 vilipendistis,

2002 2210 2222 2281 quando
2253 2208 2403 2263 omni
2425 2207 2530 2260 alia
2551 2220 2775 2274 prorsus
2802 2204 2978 2257 salute
3006 2201 3317 2270 desperata,
3344 2198 3396 2251 in
3427 2209 3590 2251 sacco

2003 2313 2059 2358 et
2084 2302 2272 2355 cinere
2303 2297 2556 2368 con-fugit
2595 2296 2661 2349 ad
2716 2295 3034 2350 Dominum.
3084 2293 3141 2346 Id
3178 2293 3322 2345 enim
3383 2287 3590 2343 intelli-

2005 2409 2141 2463 gens
2171 2390 2558 2447 Sennaclterib
2580 2391 2750 2457 cmpit
2785 2386 3107 2455 huiusmodi
3161 2382 3455 2436 consilium
3498 2395 3592 2433 ve-

2007 2486 2105 2539 luti
2144 2487 2309 2539 inane
2339 2492 2506 2552 atque
2540 2480 2736 2535 inuti’e
2766 2479 3020 2533 deridere
3050 2493 3065 2529 :
3102 2490 3289 2528 verum
3321 2473 3592 2527 Ezechias

2007 2578 2061 2632 in
2092 2576 2203 2630 beo
2234 2583 2387 2630 recte
2417 2590 2570 2642 spem
2595 2589 2749 2627 suam
2777 2572 3170 2631 collocaverat,
3190 2570 3260 2622 ab
3281 2582 3347 2620 eo
3377 2576 3591 2618 tantum

2007 2670 2274 2724 auxilium
2339 2666 2654 2737 postulans,
2713 2664 2808 2734 qui
2878 2677 3003 2716 vere
3039 2660 3170 2715 illud
3198 2665 3412 2727 poterat
3450 2671 3592 2726 prte-

2006 2772 2171 2818 stare.

2081 2853 2251 2910 Vens.
2294 2852 2348 2906 7.
2390 2851 2527 2918 Quis
2557 2849 2707 2902 dabit
2738 2862 2803 2902 ea:
2871 2846 3004 2902 Sion
3061 2845 3300 2899 salutare
3366 2838 3537 2894 Israel
3566 2840 3593 2894 7

2007 2949 2271 3015 Quisnam
2301 2960 2519 3007 eorum,
2556 2942 2760 3010 inquit,
2797 2940 2891 3008 qui
2930 2938 3187 2992 habitant
3226 2937 3278 2988 in
3315 2933 3470 2994 Sion,
3510 2931 3594 2983 in-

2007 3042 2166 3096 lirmo
2200 3056 2263 3094 ac
2293 3037 2583 3092 debilitato
2617 3036 2824 3105 populo
2858 3032 3025 3087 Israel
3084 3030 3321 3085 salutem
3383 3026 3538 3080 dahit
3568 3026 3593 3077 ἲ

2005 3132 2133 3203 quis
2159 3146 2280 3185 eum
2333 3129 2531 3198 eripiet
2581 3143 2645 3181 ex
2711 3141 2876 3179 manu
2937 3123 3111 3178 hostis
3160 3115 3595 3175 Sennacheribi

2007 3224 2201 3279 Nullus
2242 3222 2524 3276 hominum
2567 3219 2838 3287 profecto,
2897 3216 2992 3269 sed
3019 3214 3175 3267 solus
3209 3212 3373 3273 DtUS,
3408 3210 3593 3275 inquo

1929 3287 1971 3342 Ο
2006 3321 2398 3384 speraverunt,
2453 3320 2507 3365 et
2529 3311 2700 3380 quiin
2757 3306 2960 3375 templo
3012 3303 3167 3368 Sion,
3227 3303 3332 3355 hoc
3385 3298 3471 3353 est
3538 3299 3592 3349 in

2002 3408 2305 3465 Jerusalem
2346 3404 2595 3458 habitare
2618 3401 2926 3455 videbatur.

2076 3500 2210 3555 Cum
2228 3497 2542 3552 converterit
2580 3493 2836 3546 Dominus
2859 3489 3226 3558 captivitatem
3252 3482 3419 3549 plebis
3451 3495 3588 3545 sum,

2005 3591 2294 3648 exsultabit
2354 3587 2522 3642 Iacob
2554 3598 2603 3640 et
2634 3584 2911 3639 Iaztabitur
2949 3579 3148 3635 Israel.
3200 3574 3588 3645 Captivitatem

2006 3686 2248 3754 aliquam
2300 3696 2408 3737 non
2459 3680 2595 3735 dicit
2640 3694 2760 3747 qua:
2799 3677 2911 3745 jam
2960 3673 3284 3734 exstitisset,
3332 3667 3425 3723 sed
3471 3679 3592 3720 eam

2010 3793 2173 3847 quam
2208 3785 2341 3829 tunc
2370 3774 2442 3828 ob
2469 3773 2798 3826 immensum
2832 3769 3085 3822 timorem
3121 3777 3315 3819 omnes
3376 3762 3597 3813 ineunt-

2009 3870 2146 3925 bere
2178 3864 2622 3928 arbitrabantur,
2656 3870 2709 3916 et
2734 3860 2919 3925 qualis
2950 3872 3229 3926 nunquam
3296 3861 3453 3905 antea
3497 3850 3601 3902 im-

2010 3960 2221 4015 minore
2251 3958 2370 4013 visa
2405 3956 2619 4020 fuerat;
2650 3949 2974 4007 circumdati
3012 3949 3158 4003 enim
3183 3934 3355 4000 Judaei
3390 3958 3451 3995 ac
3484 3940 3595 3993 cir-

2010 4051 2328 4108 cumvallati
2356 4046 2709 4102 inimicorum
2741 4044 2936 4104 armis,
2962 4039 3198 4094 detineri
3261 4036 3332 4091 ab
3383 4033 3489 4094 eis,
3533 4045 3600 4084 ac

2014 4144 2219 4214 captivi
2253 4139 2662 4212 quodammodo
2696 4151 2822 4191 esse
2875 4133 3228 4188 videbantur.
3272 4128 3372 4181 Per
3426 4125 3600 4179 Jacoh

2017 4251 2148 4292 vero
2173 4246 2226 4287 et
2262 4249 2357 4304 per
2392 4229 2562 4287 israel
2592 4229 2769 4292 ipsum
2826 4225 3142 4279 Iudaeorum
3204 4218 3466 4289 populum
3511 4215 3601 4267 in-

2015 4329 2215 4399 telligit
2253 4342 2320 4380 ex
2346 4324 2567 4378 illorum
2607 4318 2795 4373 radice
2825 4313 3280 4371 descendentem.
3312 4309 3378 4364 Et
3402 4320 3599 4362 sensus

2016 4398 2319 4489 est,iquod
2352 4428 2477 4470 cum
2509 4411 2774 4468 Dominus
2827 4424 2922 4464 eos
2948 4423 3016 4462 ex
3073 4406 3197 4466 hac.
3254 4416 3417 4472 quam
3463 4398 3602 4450 dixi-

2017 4527 2139 4568 mus
2169 4505 2580 4580 quodammodo
2645 4501 2965 4573 captivitate
2992 4496 3327 4559 liberaverit,
3358 4491 3594 4547 exsulta-

312 4608 585 4676 θήσονται
614 4606 672 4658 δὲ
723 4606 816 4658 καὶ
844 4580 1132 4676 ψυχικῶςο
1166 4580 1329 4661 τοῦτο
1381 4606 1507 4677 μὲν,
1556 4610 1623 4677 τῇ
1676 4580 1904 4680 εὐθυμία

2025 4607 2160 4661 bunt
2186 4614 2320 4657 tunc
2343 4608 2398 4654 et
2427 4597 2764 4653 laetabuntur
2796 4610 2810 4646 :
2844 4606 3076 4660 corpore
3102 4589 3322 4658 quidem
3353 4580 3600 4639 exsulta-

311 4701 420 4767 τῆς
451 4697 669 4767 τροφῆς
701 4714 715 4727 ·
749 4697 908 4750 τοῦτο
935 4698 1017 4762 δὲ,
1054 4700 1120 4769 τῇ
1152 4700 1353 4770 μελέτῃ
1381 4698 1490 4753 τῶν
1523 4698 1686 4753 θείων
1705 4698 1898 4768 λόγων.

314 4788 397 4845 ὧν
428 4794 491 4845 ὲν
524 4789 715 4859 ταυτῷ
746 4790 995 4861 εἴργοντο
1022 4790 1501 4861 πολιορκούμενοι.
1547 4791 1711 4846 ’Δλλὰ
1760 4792 1907 4847 κατὰ

317 4883 424 4951 μὲν
462 4881 722 4944 Ἑζεκίαν
751 4885 844 4935 καὶ
870 4884 1239 4954 Σεναχηρεὶμ,
1299 4883 1475 4947 οὕτως
1523 4885 1907 4956 ἐποιησάμεθα

312 4977 421 5044 τὴν
449 4975 743 5043 ἐξήγησιν.
787 4975 1116 5046 Ἐξηγητέον
1146 4976 1203 5029 δὲ
1259 4975 1448 5030 λοιπὸν
1493 4977 1592 5031 καὶ
1657 4979 1800 5031 κατὰ
1838 4977 1908 5031 τὰ

314 5069 416 5119 ἐπὶ
443 5067 559 5119 τῶν
585 5066 795 5135 χρόνων
838 5067 962 5119 καθ’
995 5066 1091 5131 οὓς
1117 5068 1146 5119 ὁ
1205 5068 1412 5138 Κύριος
1460 5069 1904 5140 ὲνηνθρὼπησεν.

315 5156 485 5223 Eine,
513 5160 708 5229 φησὶν,
737 5159 765 5211 ὁ
796 5160 1026 5231 ἀνόητος
1067 5162 1346 5215 Ἰουδαίων
1403 5162 1597 5231 δῆμος,
1622 5163 1650 5215 ὁ
1682 5162 1757 5233 μὴ
1786 5179 1913 5215 συνο

315 5256 401 5314 εἰς
446 5252 555 5315 τὰς
599 5253 731 5323 περὶ
776 5251 1018 5323 Χριστοῦ
1096 5254 1456 5323 προφητείας,
1519 5254 1602 5307 ὅτι
1646 5254 1748 5307 οὐκ
1796 5254 1909 5307 ἐστι

318 5346 479 5408 Θεὸς,
501 5346 532 5397 ό
559 5343 663 5406 τὰς
696 5342 1026 5413 θεοσημείας
1053 5344 1113 5397 ὲν
1143 5345 1333 5407 αὐτοῖς
1367 5343 1750 5415 ἐργαζόμενος
1778 5345 1913 5415 Χρι-

322 5437 475 5499 στός.
510 5434 675 5488 Οὕτω
703 5435 761 5488 δὲ
784 5438 916 5506 παρ’
939 5434 1119 5505 ἑαυτῷ
1148 5435 1370 5505 πρῶτον
1395 5435 1779 5505 λογισάμενος.
1818 5436 1915 5489 καὶ

325 5528 588 5599 φανερῶς
612 5527 763 5593 αὺτῷ
786 5528 887 5600 τὴν
924 5527 1018 5581 τοῦ
1046 5526 1184 5580 Θεοῦ
1216 5527 1407 5598 κλῆσιν
1436 5528 1706 5583 ἐνεκάλει.
1752 5526 1833 5581 Τὰ
1856 5527 1915 5581 δὲ

326 5620 478 5686 ἑξῆς,
509 5618 656 5672 κατὰ
688 5617 789 5689 τὴν
817 5619 1083 5688 ἀνωτέρω
1107 5619 1303 5689 ῥητέον
1326 5620 1612 5691 ἐξήγησιν.
1666 5618 1791 5672 Οὐκ
1837 5613 1919 5681 ἦν

327 5709 397 5762 δὲ
430 5707 627 5763 ποιῶν
651 5709 1043 5779 χρηστότητα
1059 5708 1130 5763 ἐν
1163 5711 1396 5775 αὐτοῖς,
1448 5710 1653 5780 δηλαδὴ
1697 5711 1813 5770 τοῖς
1842 5710 1917 5779 μὴ

329 5799 652 5871 δεξαμένοις
696 5800 801 5866 τὴν
866 5798 1227 5854 διδασκαλίαν
1260 5799 1452 5855 αὐτοῦ.
1494 5801 1711 5868 Κύριος
1745 5798 1815 5852 δὲ
1846 5797 1917 5852 ἐκ

332 5892 435 5947 τοῦ
467 5894 732 5965 οὐρανοῦ
755 5891 1043 5961 διέκυψε,
1065 5891 1363 5961 τουτέστιν,
1389 5892 1418 5945 ὁ
1447 5891 1572 5957 Υἱὸς
1601 5891 1658 5958 ἐξ
1682 5889 1915 5962 οὐρανοῦ

2008 4703 2176 4757 bunt,
2208 4693 2396 4747 animo
2433 4703 2565 4744 vero
2586 4702 2651 4741 ac
2672 4685 2870 4755 spiritu
2896 4681 3257 4741 laetabuntur;
3290 4683 3344 4730 et
3371 4674 3599 4727 alterum

2010 4788 2238 4864 quidem
2276 4783 2347 4839 ob
2378 4782 2768 4835 alimentorum
2822 4774 3037 4843 c0piam
3060 4812 3073 4837 ,
3098 4771 3330 4825 alterum
3366 4782 3494 4821 vero
3532 4763 3603 4817 ob

2009 4858 2193 4936 studia
2245 4888 2310 4928 ac
2367 4870 2756 4927 meditationes
2808 4865 3156 4937 eloquiorum
3204 4860 3346 4927 Dei;
3400 4858 3603 4926 quibus

2009 4969 2269 5026 omnibus
2332 4963 2596 5019 carebant
2660 4960 2883 5032 quando
2933 4959 3132 5013 civitas
3181 4955 3409 5011 obsessa
3458 4959 3598 5005 erat.

2014 5062 2083 5119 Et
2144 5062 2263 5114 haec
2305 5058 2526 5127 quidem
2585 5050 2966 5120 interpretatio
3013 5058 3101 5105 est
3137 5049 3295 5117 juxta
3349 5057 3599 5104 sensum,

2017 5171 2126 5224 quo
2156 5152 2434 5207 Psalmum
2469 5148 2837 5217 intelligimus
2895 5146 2963 5200 de
2997 5142 3230 5199 Ezecltia
3264 5149 3320 5195 et
3359 5139 3427 5191 dc
3464 5136 3604 5191 Sen-

2022 5243 2311 5301 naclierib.
2349 5242 2468 5295 Alia
2500 5240 2668 5296 etiam
2705 5240 2868 5292 datur
2900 5236 3191 5307 expositio,
3220 5240 3280 5287 ut
3317 5226 3602 5300 prophetia

2022 5341 2076 5395 in
2107 5353 2172 5393 eo
2202 5339 2275 5393 sit
2298 5335 2520 5397 tradita,
2572 5349 2694 5403 quae
2728 5333 3011 5387 contineat
3044 5328 3258 5381 illorum
3291 5334 3601 5389 temporum

2019 5427 2429 5502 gesta,quibus
2490 5426 2758 5481 Dominus
2814 5426 3133 5478 incarnatus
3189 5422 3294 5471 est.
3328 5411 3600 5480 lnsipiens

2020 5520 2338 5575 Judmorum
2365 5519 2624 5590 populus,
2658 5528 2712 5571 ct
2745 5514 3063 5586 prophetias
3112 5509 3179 5564 de
3227 5506 3451 5561 Christo
3488 5518 3598 5557 non

2023 5613 2357 5682 intelligens,
2417 5612 2582 5674 dixit,
2628 5610 2917 5663 Dominum
2972 5604 3182 5669 Jesum,
3248 5599 3341 5669 qui
3402 5611 3597 5666 magna

2022 5704 2267 5776 alioquin
2304 5705 2447 5759 inter
2499 5715 2593 5757 eos
2636 5707 2690 5753 et
2746 5697 2940 5752 divina
3000 5692 3262 5749 miracula
3326 5704 3390 5743 ac
3437 5689 3595 5758 signa
3661 5684 3667 5693 '

2022 5810 2281 5870 Operatus
2314 5800 2513 5862 fuerat,
2558 5795 2725 5850 Deum
2757 5806 2864 5847 non
2895 5806 3052 5846 esse:
3089 5801 3327 5858 cumque
3356 5786 3593 5854 primum

2024 5891 2128 5946 hoc
2157 5889 2385 5945 dixisset
2425 5902 2489 5942 ac
2548 5883 2846 5955 cegitasset
2903 5881 3049 5935 intra
3105 5894 3187 5945 se,
3243 5874 3591 5947 postmodum
