4116 6424
555 374 654 440 187

1785 397 2174 460 EUTHYMII
2228 404 2596 469 ZlGABENI

3724 418 3834 480 188‘

551 499 730 565 palan:
763 498 950 563 etiam,
970 513 1034 552 ac
1063 501 1351 558 manifeste
1407 507 1659 561 eumdem
1713 516 2016 577 accusavit,
2041 532 2110 584 qu

2242 520 2537 590 διακύψας,
2569 524 2840 590 κατῆλθεν
2873 527 2954 587 είς
3004 525 3109 593 γῆν
3147 526 3239 578 ἐπὶ
3291 529 3418 591 τοὺς
3479 531 3826 601 ἀνθρώπους,

553 589 648 642 Dei
685 606 885 645 nomen
911 591 1153 648 indebite
1187 596 1290 650 sibi
1320 611 1633 668 usurparet.
1651 603 1790 669 'Quze
1823 621 2133 673 sequuntur

546 685 703 746 juxta
735 683 972 751 priorem
1005 689 1410 755 expositionem
1439 692 1794 764 intelligenda
1820 712 1974 755 sunt.
2013 702 2133 757 Non

550 784 632 826 est
665 777 758 843 qui
795 777 961 843 faciat
997 779 1196 833 bonum
1236 783 1382 837 inter
1411 802 1523 850 eos,
1563 788 1801 851 scilicet.
1846 795 1937 861 qui
1967 793 2132 849 Chri-

553 868 622 920 sti
655 868 968 923 doctrinam
1013 889 1120 928 non
1177 889 1566 946 susceperunt.
1607 881 1870 940 Dominus
1893 887 1958 942 de
2003 890 2130 944 caelo

550 961 842 1026 prespexit,
868 961 984 1018 Hoc
1009 975 1090 1019 est
1119 965 1315 1032 Filius,
1348 969 1417 1024 de
1438 975 1580 1027 coelo
1642 973 1926 1032 hominum
1961 981 2128 1034 mise-

554 1052 690 1104 rium
719 1056 1068 1124 prospiciens
1096 1058 1166 1112 ad
1218 1076 1316 1117 eos
1368 1063 1424 1116 in
1475 1071 1681 1120 terram
1733 1068 2041 1138 descendit,
2075 1081 2132 1126 et

552 1157 651 1208 per
686 1159 907 1200 carnem
945 1163 1072 1203 cum
1109 1150 1192 1206 eis
1223 1164 1590 1212 conversatus
1609 1168 1730 1224 est;
1781 1162 1874 1229 qui
1931 1177 2129 1217 sensus

547 1247 614 1287 ex
675 1233 864 1291 Graico
921 1242 1091 1295 verbo
1150 1243 1374 1314 διέκυψε
1431 1248 1776 1304 manifestior
1822 1253 2126 1309 redditur:

547 1325 692 1392 quod
727 1339 1011 1396 aspectum
1049 1338 1340 1401 quemdam
1373 1353 1439 1394 ex
1482 1339 1664 1395 altiori
1701 1343 1822 1398 loco
1845 1346 2123 1413 signiﬁcat

547 1429 671 1468 cum
717 1417 1082 1478 inclinatione
1120 1429 1358 1495 quadam
1391 1439 1448 1484 et
1495 1431 1821 1488 deﬂexione.
1876 1438 1943 1491 Et
2001 1455 2127 1507 quae

546 1522 878 1578 sequuntur,
963 1516 1120 1580 juxta
1202 1523 1518 1589 przedictam
1618 1528 2124 1597 interpretationem

544 1615 917 1668 exponuntur.
955 1607 1112 1672 Quod
1151 1627 1278 1666 vero
1310 1613 1410 1678 ait,
1450 1613 1624 1686 Usque
1649 1620 1718 1672 ad
1741 1639 1930 1688 unum,
1967 1625 2128 1680 intel-

545 1689 670 1758 lige.
707 1694 808 1748 hoc
833 1707 938 1761 est,
986 1701 1093 1754 nisi
1127 1718 1266 1764 unus
1311 1704 1591 1763 Christus.
1653 1711 1863 1767 Unicus
1921 1718 2125 1787 quippe

541 1784 829 1840 eratinter
855 1803 950 1845 eos
970 1793 1062 1862 qui
1115 1794 1323 1860 bonum
1385 1799 1606 1856 faceret.
1661 1801 1728 1858 Et
1779 1807 1906 1873 quia
1937 1808 2124 1866 Gmca
2165 1805 2176 1873 ξ

541 1873 714 1930 dictio
753 1881 874 1950 οὐχὶ
913 1899 1017 1938 non
1089 1888 1268 1943 solum
1321 1907 1420 1960 pro
1466 1894 1860 1966 interrogativa
1888 1903 2128 1961 dictione

539 1970 803 2032 sumitur,
839 1990 1032 2039 nonne,
1074 1981 1168 2034 sed
1229 1985 1482 2050 negative
1523 1988 1828 2056 aliquando
1860 1995 2128 2052 determi-

545 2069 664 2120 nat,
698 2062 856 2117 itaut
888 2067 989 2120 hoc
1038 2072 1090 2123 in
1142 2072 1263 2129 loco
1315 2075 1497 2145 legere
1555 2081 1718 2135 etiam
1803 2089 2124 2153 possimus:

545 2150 664 2204 Non
689 2170 998 2225 cognoscent
1023 2179 1199 2218 omnes
1235 2169 1325 2236 qui
1358 2181 1647 2237 operantur
1669 2175 2004 2243 iniquitatem
2029 2183 2069 2212 "'
2106 2197 2124 2244 ,°

545 2244 654 2307 die,
681 2249 825 2312 quod
855 2249 1029 2307 Judaei
1081 2257 1380 2314 noluerunt
1447 2262 1728 2320 Christum
1764 2283 2124 2339 cognoscere,

543 2344 598 2386 et
628 2339 774 2405 quod
810 2343 880 2395 ob
903 2349 1477 2418 corum'iniquitatem
1519 2358 1718 2412 merito
1768 2360 1964 2429 iniqui,
2027 2381 2124 2420 seu

543 2428 727 2490 potius
757 2431 840 2498 (ut
862 2435 1041 2489 verior
1067 2438 1242 2494 Graeci
1280 2444 1523 2504 nominis
1574 2448 1905 2517 signiﬁcatio
1935 2469 2124 2520 postu-

543 2515 642 2582 lat)
677 2520 894 2586 exleges
925 2528 1276 2594 appellantur
1301 2550 1315 2598 ;
1346 2549 1412 2587 eo
1439 2538 1582 2602 quod
1602 2515 1853 2610 exlegum
1883 2515 2123 2612 geutium

544 2606 741 2673 instar,
775 2623 831 2666 et
858 2615 1063 2672 invidia
1099 2622 1473 2690 lahescebant,
1505 2638 1559 2682 et
1631 2634 1868 2701 maligna
1923 2653 2126 2706 opera-

542 2699 762 2756 bantur.
798 2707 862 2759 Et
899 2712 1042 2776 quod
1077 2714 1146 2768 ait
1178 2731 1192 2768 :
1223 2715 1618 2782 Quiconmlunt
1650 2729 1902 2794 populum
1931 2749 2124 2802 nterim,

539 2808 605 2846 ex
634 2795 840 2851 Clu-isti
868 2816 1100 2868 persona
1160 2807 1426 2865 adversus
1483 2814 1730 2884 ingratos
1776 2818 1994 2878 Iudaeos
2051 2829 2126 2879 ic-

539 2889 778 2952 gcndum
818 2904 923 2960 est,
989 2899 1081 2966 qui
1134 2899 1341 2957 Christi
1399 2905 1728 2978 discipulos,
1783 2914 1960 2970 instar
2017 2919 2123 2974 eihi

538 2981 698 3045 panis
729 2983 780 3035 in
815 3001 910 3040 ore
943 2990 1110 3057 gladii
1165 3007 1230 3047 ac
1287 3001 1696 3063 persecutionis
1733 3003 2075 3064 devorabant
2107 3029 2120 3062 :

538 3069 821 3136 quietiam
856 3076 1146 3138 Dominum
1179 3101 1341 3142 suum
1372 3088 1463 3144 Dei
1498 3092 1722 3160 Filium,
1779 3094 1949 3151 Deum
2013 3117 2121 3156 non

540 3162 976 3230 appellaverunt,
1029 3180 1081 3223 et
1114 3174 1209 3240 qui
1254 3175 1366 3230 illic
1434 3183 1853 3249 trepidaverunt
1903 3191 2118 3252 timore,
2150 3168 2252 3255 (Σὲ

544 3251 634 3305 ubi
671 3269 776 3308 non
807 3269 926 3312 erat
953 3262 1140 3319 timor.
1203 3266 1497 3326 Timchant
1546 3276 1690 3331 enim
1757 3278 1918 3335 fateri
1972 3288 2129 3352 quod'

535 3341 792 3400 Christus
825 3354 968 3406 Deus
997 3369 1165 3422 esset,
1197 3372 1363 3428 atque
1405 3364 1509 3420 hoc
1537 3383 1603 3421 ne
1635 3367 1808 3437 legem
1847 3381 2122 3445 transgre-

536 3433 822 3501 derentur,
856 3442 1132 3498 dicentem
1167 3467 1182 3503 :
1221 3448 1347 3504 Non
1377 3455 1479 3507 erit
1515 3458 1611 3510 tibi
1665 3434 1810 3516 alius
1843 3463 1982 3519 Deus
2018 3484 2038 3531 ;
2068 3478 2120 3522 ct

538 3540 735 3582 rursus
771 3539 902 3586 tunc
953 3537 1257 3600 timuerunt
1318 3547 1542 3613 quando
1591 3566 1700 3605 non
1753 3563 1874 3614 erat
1935 3559 2118 3616 timor.

536 3615 822 3687 Suspenso
853 3627 996 3680 enim
1024 3630 1250 3688 Christo
1282 3637 1336 3690 in
1375 3654 1563 3705 cruce,
1589 3645 1847 3703 arbitrati
1893 3661 2022 3705 sunt
2061 3670 2120 3708 se

538 3721 658 3761 esse
691 3710 976 3783 liberatos,
1007 3722 1176 3776 veluti
1203 3740 1269 3780 eo
1301 3732 1601 3797 exstincto,
1631 3750 1793 3802 quem
1852 3745 2121 3798 vereban-

537 3807 664 3854 tur:
705 3819 1077 3868 verumtameu
1128 3825 1258 3872 tunc
1314 3823 1554 3888 maxime
1613 3827 1936 3895 tinmerunt,
1991 3855 2114 3894 cum

539 3900 913 3953 terrm-motum
942 3904 1194 3961 viderent
1228 3921 1280 3969 et
1318 3915 1425 3968 alia
1454 3932 1578 3984 qua:
1634 3934 1936 3980 causei-nta
1990 3941 2117 3985 sunt

534 3984 710 4052 signa,
747 4000 1008 4056 praetcrea
1051 3999 1215 4053 ctiam
1277 4005 1540 4063 timentes
1562 4026 1631 4065 ne
1664 4024 1827 4068 nocte
1868 4021 2118 4078 venirent

530 4075 816 4148 discipuli,
849 4095 900 4139 et
924 4086 1067 4142 furto
1100 4092 1355 4151 tollerent
1384 4115 1590 4168 corpus
1619 4105 1765 4172 cjns,
1801 4118 2124 4167 statuerunt.

531 4170 736 4228 milites
769 4175 820 4229 in
857 4182 1456 4246 sepulcrieustodiam.
1481 4195 1595 4250 lilic
1620 4197 1787 4265 igitur
1815 4203 2116 4260 timuerunt

530 4261 750 4326 timore,
791 4269 882 4322 ubi
926 4288 1034 4330 non
1062 4287 1189 4331 erat
1213 4281 1396 4341 timor.
1469 4284 1660 4354 Neque
1694 4293 1840 4346 enim
1872 4295 2115 4367 discipu-

529 4351 595 4405 lis
619 4370 856 4424 uuquam
891 4365 998 4416 tale
1025 4370 1155 4432 quid
1217 4372 1273 4425 in
1334 4389 1573 4432 mentem
1631 4385 1803 4449 venit,
1855 4402 1980 4442 cum
2032 4393 2114 4446 eis

529 4443 796 4505 Dominus
851 4457 1222 4525 praedixisset,
1283 4482 1342 4520 se
1405 4481 1528 4538 post
1585 4477 1830 4532 triduum
1891 4486 2107 4548 prppria

527 4546 799 4602 potestate
833 4560 1297 4611 resurrecturum.
1323 4558 1479 4624 Quod
1536 4579 1666 4620 vero
1701 4569 1818 4625 ait:
1853 4571 2108 4628 Dominus

518 4923 643 4960 nam
671 4925 734 4963 ex
772 4929 879 4981 quo
909 4916 1080 4973 Judaei
1109 4939 1233 4977 eum
1268 4944 1376 4983 non
1443 4947 1789 5003 receperunt,
1822 4941 1888 4992 ad
1915 4952 2104 5010 gentes

517 5013 821 5057 conversus
859 5021 960 5065 est.
1003 5014 1136 5070 lliud
1195 5022 1358 5075 etiam
1422 5028 1568 5092 quod
1632 5029 1710 5081 ait
1750 5050 1761 5082 :
1801 5032 2102 5088 Consilium

515 5092 687 5158 inopis
711 5101 1051 5172 confudistis,
1089 5111 1316 5181 intelligi
1382 5119 1565 5182 dehet,
1630 5131 1686 5174 ut
1753 5124 1961 5180 dictum
2028 5132 2100 5183 sit

516 5185 582 5238 ad
613 5184 848 5254 Judtnos,
876 5207 1095 5266 propter
1125 5205 1382 5272 populum
1413 5223 1477 5261 ex
1529 5213 1802 5279 gentibus,
1827 5217 1918 5281 qni
1966 5220 2097 5271 olim

516 5291 721 5346 pauper
775 5282 913 5348 fuit,
980 5292 1291 5349 substantia
1350 5300 1609 5354 nimirum
1671 5318 1835 5374 atque
1896 5311 2097 5376 opibus

515 5371 847 5437 cognitionis
900 5377 1037 5435 Dei:
1085 5393 1140 5437 et
1203 5401 1230 5439 a
1281 5405 1386 5455 qua
1431 5395 1742 5460 cognitione
1798 5399 2094 5466 deciderat,

518 5464 743 5526 quamlo
771 5468 837 5524 ad
868 5469 1146 5528 idolorum
1192 5481 1362 5547 coepit
1413 5485 1619 5541 cultum
1705 5491 1935 5557 prolabi,
2000 5499 2108 5562 qui.

515 5553 680 5606 ctiam
717 5565 1068 5624 postmodum
1095 5579 1323 5638 prOpter
1367 5575 1650 5636 Christum
1698 5587 2095 5651 temporalibus

515 5643 673 5698 Louis
724 5665 928 5720 pauper
971 5658 1199 5714 eﬂectus
1228 5673 1332 5717 est.
1389 5666 1590 5722 llarum
1635 5672 1803 5740 igitur
1844 5680 2102 5744 gentium.

515 5739 808 5793 consitl‘nm
847 5747 1205 5813 neglexerunt
1239 5768 1302 5809 ac
1336 5758 1651 5820 deriserunt
1705 5763 1903 5832 intimi.
1969 5781 2087 5827 lan-

591 5829 632 5857 τ’
666 5829 813 5886 Psal.
858 5851 978 5901 χιιι,
1021 5839 1074 5894 4.

2243 614 2336 664 καὶ
2363 613 2456 670 διὰ,
2483 616 2686 682 σαρκὸς
2719 616 3004 688 ὡμίλησεν
3039 618 3252 682 τούτοις
3276 637 3287 647 ·
3327 623 3584 688 κύπτειν
3615 625 3743 695 γὰρ.
3761 628 3826 679 τὸ

2240 699 2300 765 ἐξ
2329 699 2497 766 ὕψους
2524 706 2605 765 είς
2635 705 2740 773 γῆν
2773 707 3150 774 κάμπτεσθαι.
3179 708 3259 762 Τὰ
3293 710 3348 763 δὲ
3375 712 3525 781 ἑξῆς,
3555 716 3698 767 κατὰ
3721 717 3823 786 τὴν

2238 795 2496 864 ἀνωτέρω
2521 796 2800 866 ἐξήγησιν.
2821 800 2894 852 Τὸ
2923 800 3002 861 δὲ,
3037 803 3160 854 Οὐκ
3179 802 3352 856 ἐστιν
3379 803 3491 870 ἕως
3517 806 3673 872 ἐνὸς,
3696 810 3825 860 ἀντὶ

2237 883 2354 946 τοῦ,
2387 889 2436 938 et
2472 888 2550 958 μὴ
2587 885 2690 952 εἷς,
2717 890 2888 960 ἤγουν
2917 893 2946 944 ὁ
2975 894 3212 962 Χριστὸς
3251 895 3414 964 μόνος
3477 899 3822 969 ἀγαθοεργὺς

2238 979 2295 1028 ὲν
2318 978 2508 1042 αὐτοῖς
2533 983 3046 1053 ἀποστρεφόμενος.
3083 988 3124 1038 Τ
3127 987 3154 1038 ὸ
3185 988 3263 1053 δὲ,
3300 991 3447 1056 Οὐχὶ
3487 993 3827 1059 γνώσονται

2237 1069 2462 1135 πάντες
2477 1075 2531 1125 οὶ
2550 1073 2928 1144 ἐργαζόμενοι
2950 1078 3064 1144 τὴν
3080 1081 3362 1147 ἀνομίαν,
3377 1081 3521 1136 κατὰ
3545 1083 3828 1150 ἀπόφασιν

2237 1165 2618 1230 ἀναγνωστέον
2647 1167 2886 1221 ἐνταῦθα
2908 1187 2920 1200 ·
2961 1169 3024 1222 οὐ
3046 1171 3154 1242 γὰρ
3176 1172 3455 1240 ἠθέλησαν
3493 1175 3656 1227 αὐτὸν
3700 1178 3824 1228 ἐπι-

2238 1256 2445 1324 γνῶναι
2480 1259 2533 1310 οί
2569 1259 2730 1330 δίκην
2761 1262 2985 1328 ἀνόμων
3017 1263 3193 1316 ἐθνῶν
3217 1266 3568 1334 φθονοῦντες,
3595 1271 3687 1320 καὶ
3721 1288 3827 1322 πο-

2235 1349 2611 1416 νηρευόμενοι.
2650 1351 2722 1402 Τὸ
2756 1352 2833 1416 δὲ,
2865 1357 2929 1406 Οἱ
2954 1354 3269 1420 ἐσθίοντες
3319 1358 3424 1409 τόν
3479 1362 3633 1411 λαόν
3676 1380 3823 1428 μου,

2237 1435 2458 1490 λεκτέον
2488 1441 2552 1492 ὲκ
2581 1443 2877 1511 προσώπου
2909 1445 3006 1498 τοῦ
3026 1446 3292 1514 Χριστοῦ.
3331 1449 3468 1518 πρὸς
3491 1453 3618 1514 τοὺς
3649 1454 3829 1524 ἀχρήο

2236 1548 2393 1594 στους
2425 1535 2736 1601 Ἰουδαίους,
2788 1540 3070 1604 ἐσθίοντας
3126 1545 3185 1597 ἐν
3249 1545 3477 1614 στόματι
3543 1550 3825 1617 μαχαίρας

2237 1626 2330 1677 καὶ
2359 1627 2542 1697 πάσης
2571 1629 2870 1694 κακώσεως
2905 1635 3034 1695 τοὺς
3099 1635 3350 1704 μαθητὰς
3410 1640 3604 1703 αὑτοῦ,
3658 1643 3826 1712 δίκην

2237 1716 2494 1787 βρώσεως
2519 1721 2711 1789 ἄρτου,
2745 1725 2794 1776 οἶ
2832 1725 2924 1778 τὸν
2956 1727 3165 1797 Κύριον
3209 1730 3396 1794 αὑτὸν,
3429 1733 3678 1786 τουτέστι
3728 1737 3828 1788 τὸν

2237 1810 2364 1862 re»
2396 1813 2491 1866 τοῦ
2525 1814 2686 1878 Θεοῦ,
2719 1818 2818 1870 οὐκ
2849 1819 3144 1890 ὠνόμασαν
3183 1823 3341 1878 Θεόν.
3378 1825 3530 1878 Ἐκεῖ
3581 1828 3636 1880 δὲ
3681 1830 3826 1882 ἐδει-

2232 1901 2430 1957 λίασαν
2458 1905 2631 1976 φόϐῳ,
2665 1909 2801 1961 ὅπου
2824 1911 2927 1964 οὐκ
2955 1909 3022 1982 ἦν
3050 1914 3218 1980 φόϐος
3237 1933 3252 1946 υ
3306 1917 3645 1987 ηὑλαὸοὖντο
3706 1924 3826 1993 γὰρ

2231 1995 2565 2066 ὁμολογῆσαι
2594 1999 2686 2052 τὸν
2717 2003 2956 2069 Χριστὸν
2988 2006 3142 2072 Θεὸν,
3172 2010 3383 2078 μήποτε
3413 2013 3706 2080 παραδῶσι
3725 2018 3830 2069 τὸν

2233 2087 2395 2154 νόμον
2445 2090 2794 2157 θεσπίζοντα,
2818 2097 2898 2149 ὅτι
2941 2101 3063 2152 Οὐκ
3091 2100 3263 2154 ἔσται
3292 2119 3391 2158 σοι
3417 2106 3564 2169 Θεὸς·
3595 2108 3824 2174 ἕτερος.

2235 2177 2527 2244 Καὶαῦοις
2553 2185 2672 2235 τότε
2713 2188 3046 2252 ἐδειλίασαν,
3079 2192 3170 2245 ὅτε
3199 2195 3300 2247 οὐκ
3354 2193 3422 2264 ἦν
3479 2199 3641 2264 φόϐος
3676 2219 3687 2230 ·
3727 2204 3826 2255 ὅτε

2232 2268 2342 2334 γὰρ
2423 2274 2838 2344 ἀναρτήσαντες
2933 2282 3100 2336 αὑτὸν
3158 2285 3253 2339 ἐπὶ
3323 2291 3582 2360 σταυροῦ,
3630 2292 3827 2357 ἔδοξαν

2231 2365 2578 2437 ἀπηλλάχθαι
2607 2373 2798 2439 αὑτοῦ,
2815 2376 2916 2446 ἤδη
2942 2379 3271 2450 τεθνηκότος
3296 2401 3308 2414 ·
3329 2384 3451 2439 τότε
3469 2389 3708 2460 ἐφοϐήθη
3720 2409 3828 2445 σαν

2234 2459 2460 2528 σφόδρα,
2503 2461 2701 2528 ἰδόντες
2732 2468 2823 2520 τὸν
2866 2472 3113 2538 σεισμὸν,
3146 2476 3240 2527 καὶ
3272 2478 3340 2528 τὰ
3366 2459 3635 2546 γινόμενα
3661 2459 3826 2550 τηνι-

2232 2549 2420 2603 καῦτεε
2443 2558 2646 2621 σημεῖα
2675 2572 2688 2586 ’
2722 2559 2815 2610 καὶ
2848 2561 3010 2614 πάλιν
3043 2564 3434 2632 δειλιάσαντες,
3473 2574 3671 2641 μήπως
3721 2549 3822 2628 δὲλ-

2233 2640 2420 2705 θόντες
2449 2646 2498 2695 oi
2527 2646 2773 2716 μαθηταὶ
2825 2652 2993 2706 αὐτοῦ
3018 2659 3232 2719 νυκτὸς,
3288 2640 3565 2731 κλέψωσιν
3625 2668 3818 2721 αὐτόν.

2232 2734 2340 2786 Καὶ
2366 2735 2452 2788 διὰ
2487 2738 2648 2792 τοῦτο
2672 2745 3018 2811 στρατιώτας
3057 2749 3462 2820 ἐπιστήσαντες
3493 2756 3571 2824 τῷ
3629 2761 3818 2829 τάφῳ.

2230 2828 2348 2879 ἐκεῖ
2379 2829 2686 2885 ἐδειλίασαν
2719 2837 2778 2889 ἐν
2809 2837 2982 2908 φόῦῳ,
3057 2833 3118 2893 οὗ
3173 2845 3274 2897 οὐκ
3323 2842 3392 2911 ἦν
3451 2849 3615 2916 φόϐος
3642 2871 3653 2883 ο
3691 2828 3820 2909 οὐδὲ

2229 2919 2338 2990 γὰρ
2359 2923 2441 2985 εἰς
2468 2924 2594 2977 νοῦν
2623 2927 2672 2978 oi
2727 2930 2970 2999 μαθηταὶ
2996 2935 3057 2985 τὸ
3082 2937 3328 2990 τοιοῦτον
3351 2939 3563 3005 ἔϐαλον,
3598 2946 3819 3001 ἐκείνου

2233 3018 2591 3084 προειπόντος
2653 3023 3021 3089 αὐτεξουσίως
3071 3031 3380 3101 ἀναστῆναι
3435 3037 3574 3102 μετὰ
3618 3042 3822 3112 τρίτην

2229 3107 2464 3178 ἡμέραν.
2510 3113 2574 3165 Ὀ
2603 3113 2660 3167 δὲ
2688 3116 2899 3183 Κύριος
2932 3120 3002 3171 ἐν
3029 3121 3205 3191 γενεᾷ
3235 3122 3508 3193 δικαίων,
3537 3107 3665 3184 ἀντὶ*
3689 3107 3817 3198 τοδ,

2259 3222 2285 3254 ν
2310 3204 2388 3272 τῷ
2416 3208 2721 3275 συστήματι
2766 3209 2876 3263 τῶν
2930 3213 2989 3276 ἐξ
3021 3214 3193 3268 ἐθνῶν
3234 3225 3708 3286 πεπιστευκότων,
3762 3231 3820 3282 οἳ

2226 3299 2363 3364 μετὰ
2422 3297 2520 3366 τὴν
2551 3301 2871 3368 ἐπίγνωσιν,
2898 3306 3002 3374 ὁδῷ
3022 3307 3229 3381 δικαίᾳ,
3263 3312 3357 3365 καὶ
3402 3314 3654 3388 βασιλικῇ
3685 3323 3820 3373 ἐπο-

2227 3387 2524 3456 ρεύθησαν,
2552 3390 2674 3441 Τῶν
2710 3392 2818 3460 γὰρ
2857 3395 3127 3450 Ἰουδαίων
3166 3400 3240 3470 μὴ
3266 3401 3578 3470 δεξαμένων
3619 3387 3816 3474 αὑτὸν,

2223 3477 2314 3529 ἐπὶ
2378 3479 2448 3531 τὰ
2520 3479 2649 3551 ἔθνη
2711 3484 2990 3552 μετέθετο.
3053 3489 3126 3540 Τὸ
3151 3491 3230 3555 δὲ,
3281 3497 3526 3564 Bauli]?
3565 3504 3819 3569 πτωχοῦ

2222 3570 2673 3635 κατῃσχύνατε,
2709 3574 2995 3644 νοήσωμεν
3031 3580 3288 3648 εἰρῆσθαι
3314 3586 3449 3654 πρὸς
3495 3589 3816 3658 Ἰουδαίους,

2221 3659 2308 3711 διὰ
2357 3660 2452 3713 τὸν
2507 3662 2568 3726 ἐξ
2589 3663 2758 3716 ἐθνῶν
2787 3665 2936 3731 λαὸν,
2971 3669 3063 3722 τὸν
3095 3672 3261 3726 πάλαι
3293 3679 3393 3743 μὲν
3436 3682 3652 3751 πτωχὸν
3707 3688 3818 3754 τὴν

2221 3751 2408 3805 οὐσίαν
2441 3755 2540 3820 τῆς
2573 3754 2929 3824 θεογνωσίας,
2954 3755 3022 3829 ἧς
3053 3763 3314 3829 ἐξέπεσεν
3350 3773 3425 3834 είς
3447 3775 3641 3828 εἴδωλα
3676 3751 3818 3831 κατ-

2220 3843 2480 3910 ενεχθείςο
2519 3843 2748 3915 ὕστερον
2781 3849 2859 3913 δὲ,
2883 3852 2978 3902 καὶ
3010 3853 3109 3920 τὴν
3130 3855 3190 3907 ἐν
3211 3859 3458 3928 χρήμασι
3483 3872 3818 3934 περιουσίαν

2217 3932 2305 3986 διὰ
2321 3935 2556 4002 Χριστόν
2599 3954 2611 3966 ο
2643 3938 2837 3995 τούτου
2862 3944 2971 4013 γὰρ
2999 3945 3098 4015 τὴν
3133 3947 3330 4021 βουλὴν
3349 3953 3478 4007 λαοῦ
3504 3932 3825 4024 ἐφαύλισανε

2218 4027 2267 4077 οἱ
2311 4027 2580 4091 Ἰουδαῖοι,
2611 4030 2707 4082 καὶ
2729 4031 3183 4106 διεκωμώδησαν,
3212 4041 3290 4104 ὡς
3330 4049 3811 4124 ματαίαν.»-Βουλὴ

2221 4120 2301 4182 δὲ,
2329 4120 2494 4173 τοῦτο
2526 4117 2616 4191 ἦν,
2649 4124 2718 4175 τὸ
2738 4127 3155 4196 παραδέξασθαι
3179 4134 3279 4206 τὴν
3320 4139 3400 4200 είς
3425 4141 3662 4210 Χριστὸν
3709 4117 3809 4198 “ni-

2220 4231 2356 4266 στιν.
2392 4215 2467 4268 Τὸ
2493 4215 2572 4279 δὲ,
2603 4219 2897 4283 Τίς-,δώσει
2925 4224 2994 4277 ἐκ
3042 4227 3199 4282 Σιὼν
3230 4232 3296 4284 τὸ
3348 4235 3650 4303 σωτήριον
3694 4244 3810 4296 τοῦ

2230 4306 2503 4372 Ἰσραὴλ,
2535 4310 2654 4361 ἀντὶ
2687 4312 2806 4376 τοῦ,
2838 4315 2934 4377 Τίς
2969 4321 3182 4379 ἀναῦὰς
3205 4325 3288 4386 είς
3312 4325 3373 4378 τὸ
3413 4329 3650 4383 κυκλοῦν
3695 4336 3807 4402 τὴν

2230 4400 2586 4472 Ἰερουσαλὴμ
2611 4403 2736 4472 ὅρος
2760 4407 2898 4458 Σιὼν
2933 4410 3100 4464 καλού
3112 4431 3290 4482 μενον,
3317 4419 3692 4488 ἀναγνώσεται
3720 4431 3807 4497 τῷ

2216 4492 2331 4562 λαῷ
2360 4494 2419 4546 τὸ
2445 4497 2715 4564 σωτήριον
2742 4515 2755 4561 ς
2783 4502 3036 4555 τουτέστι
3069 4507 3195 4568 τοὺς
3225 4511 3445 4579 νόμους.
3495 4516 3655 4582 ’Ἐθος
3687 4492 3804 4590 γὰρ

2213 4581 2281 4654 ἦν
2304 4591 2361 4639 ἐν
2397 4591 2634 4657 ἡμέραις
2658 4592 2997 4662 ὡρισμέναις
3053 4601 3213 4655 τοῦτο
3273 4610 3467 4662 ποιεῖν.
3513 4612 3683 4666 Τοῦτο
3738 4617 3803 4671 δὲ

2079 4697 2118 4727 -.
2211 4675 2361 4743 λέγει
2398 4680 2787 4748 προφητεύων,
2839 4684 2913 4747 ὡς
2957 4688 3058 4756 τῆς
3116 4689 3475 4764 Ἰερουσαλὴμ
3519 4699 3624 4751 ὑπὸ
3661 4703 3806 4754 Ῥω-

2214 4768 2392 4834 μαίων
2425 4771 2906 4843 πολιορκηθείσης,
2931 4778 3026 4831 τοῦ
3073 4781 3407 4849 Εὕαγγελίου
3461 4788 3524 4840 τὰ
3581 4792 3803 4858 πέρατα

2209 4859 2310 4926 τῆς
2337 4862 2440 4930 γῆς
2479 4864 2891 4933 περιλαϐόντος,
2930 4872 3028 4923 οὐκ
3059 4875 3140 4925 ἔτι
3177 4877 3337 4930 τοῦτο
3355 4883 3666 4949 γενήσεται.
3690 4889 3803 4938 Ἑν

2211 4951 2290 5016 τῷ
2314 4955 2673 5023 ἐπιστρέψαι
2704 4960 2760 5010 δὲ
2800 4964 3059 5029 Χριστιῖν
3089 4968 3203 5031 τὴν·
3235 4975 3656 5040 αἰχμαλωσίαν
3685 4983 3798 5032 τοῦ

2208 5045 2364 5097 λαοῦ
2391 5048 2581 5101 αὑτοῦ
2618 5066 2629 5078 ’
2663 5080 2726 5088 —
2749 5054 2926 5105 Δώσω
2949 5071 3047 5108 σοι
3082 5060 3209 5126 γὰρ,
3248 5063 3432 5131 φησὶν,
3475 5065 3619 5134 ἔθνη
3673 5070 3798 5132 τὴν

2208 5139 2619 5204 κληρονομίαν
2675 5158 2814 5204 σου,
2851 5145 2916 5209 ἢν
2948 5147 3341 5215 ᾑχραλώτευσε
3373 5153 3448 5222 τῷ
3476 5154 3662 5225 δόρατι
3689 5160 3795 5226 τῆς

2212 5229 2424 5296 πλάνης
2455 5231 2785 5294 ὁδιέιεολος·
2821 5236 3213 5300 ἀγαλλιάσεται
3269 5243 3491 5308 Ἰακὼϐ,
3546 5251 3639 5299 καὶ
3693 5252 3786 5301 εὑ-

2204 5322 2574 5391 φρανθήσεται
2639 5327 2880 5396 Ἰσραὴλ,
2942 5331 3222 5384 τουτέστιν
3273 5335 3323 5385 οί
3378 5337 3441 5389 ὲκ
3492 5339 3590 5406 τῆς
3631 5340 3790 5410 ῥίζης

2215 5415 2411 5468 Ἰακὼϐ
2444 5417 2643 5483 φῦντες
2675 5422 2975 5488 προφῆται,
3013 5425 3062 5476 οἳ
3093 5424 3248 5477 τοῦτο
3279 5433 3783 5498 προκατήγγειλαν.

2216 5509 2664 5576 ’Ᾱγαλλιέισονται
2691 5511 2768 5572 δὲ,
2805 5513 2900 5564 καὶ
2937 5516 3435 5586 εὐφρανθήσονται,
3498 5522 3790 5590 βλέποντες

2198 5601 2307 5652 τῶν
2335 5602 2682 5671 προφητειῶν
2713 5604 2892 5655 αὐτῶν
2925 5605 3022 5667 τὰς
3055 5608 3332 5671 ἐκϐάσεις.
3371 5613 3438 5664 Ἢ
3472 5613 3664 5665 Ἰακὼϐ
3687 5619 3783 5666 καὶ

2211 5690 2443 5761 Ἰσραὴλ,
2478 5695 2527 5744 οἱ
2562 5694 2956 5758 πιστεύσαντές
2985 5701 3144 5764 εἰσιν,
3199 5701 3270 5763 ὡς
3336 5703 3784 5772 ἀντεισαχθέντες

2194 5785 2301 5836 τῶν
2348 5784 2637 5851 Ἰουδαίων,
2695 5782 2774 5850 οἷς
2815 5784 2878 5858 ἦν
2929 5791 3188 5859 πρόγονος
3222 5794 3438 5850 Ἰακώϐ.
3487 5797 3779 5867 Ἐπιστρέ-
