4116 6432
387 396 498 463 139
1567 408 1964 472 COMMENT.
2006 412 2088 471 ΙΝ
2131 413 2494 478 PSALMOS.
3561 412 3665 477 190

382 515 490 582 ψειι
541 514 620 580 6's,
671 516 733 570 τὸ
787 518 1146 589 ἀποστρέψαι
1204 521 1285 582 εἰς
1358 518 1434 574 τὰ.
1481 519 1682 583 οἰκεῖα,
1757 513 1834 575 ὧν
1886 519 1973 584 ἐξ-

2087 537 2241 588 quam
2283 520 2470 577 inane.
2505 522 2632 576 Erat
2665 535 2841 578 autem
2885 525 2938 579 id
2989 523 3285 579 consilium
3343 530 3405 577 ιιι
3460 513 3666 575 Christi

382 607 411 658 ἐ
428 622 605 660 πεσον.

2087 614 2244 666 ησιειη
2269 613 2632 682 susciperent.
2677 615 2979 686 Sequitur:
3022 615 3154 681 Quis
3199 615 3347 669 dabit
3415 630 3480 667 ea:
3533 610 3665 666 Sion

383 698 627 756 salutare
660 699 828 758 Israel
866 702 892 754 ?
919 701 1061 769 Quis
1087 712 1192 767 est.
1219 703 1422 773 inquit,
1461 704 1554 774 qui
1583 715 1823 760 montem
1854 705 2094 774 amplius
2157 704 2310 758 illum
2374 706 2663 771 ascendet,
2726 707 2820 776 qui
2863 707 3067 762 dicitur
3132 708 3288 773 Sion,
3337 715 3392 760 et
3453 712 3538 760 est
3609 704 3663 757 in

384 793 630 848 circuitu
669 792 984 850 Jerusalem
1016 796 1042 850 ἲ
1073 796 1136 849 Et
1161 797 1286 866 quis
1317 805 1404 851 est
1465 796 1561 864 qui
1626 797 1769 866 leget
1851 799 2054 866 populo
2094 797 2380 852 salutare?
2441 799 2545 852 hoc
2607 809 2694 853 est
2733 800 2923 869 leges:
2977 800 3439 868 quemadmodum
3497 799 3664 856 certis

381 885 718 954 quibusdam
754 901 819 942 ac
849 890 1078 945 statutis
1095 890 1294 950 diebus
1319 888 1500 945 facere
1529 906 1648 945 mos
1677 900 1819 945 erat.
1851 890 1984 956 Quae
2026 891 2190 944 verba
2223 893 2566 962 prophetiam
2593 894 2852 948 videntur
2918 901 3202 949 continere
3265 892 3663 950 destructionis

380 977 922 1048 Jerusalemzquasi
949 980 1159 1036 indicet
1220 981 1488 1050 propheta
1551 982 1700 1050 quod
1749 997 1814 1036 ea
1875 981 2009 1036 urbe
2049 997 2079 1035 a
2112 981 2378 1037 Romanis
2437 982 2638 1046 deleta,
2675 993 2730 1038 et
2782 985 3075 1054 Evangelio
3127 991 3180 1038 in
3240 985 3444 1039 ﬁnibus
3508 994 3667 1036 terra:

384 1074 709 1144 praedicam.
747 1091 867 1134 mos
903 1077 997 1134 ille
1027 1077 1268 1147 amplius
1330 1076 1636 1133 servandus
1703 1093 1810 1132 non
1837 1086 2008 1134 esset.
2086 1077 2408 1147 Sequitur:
2469 1079 2603 1132 Cum
2667 1081 2916 1133 averterit
2973 1078 3234 1132 Dominus
3299 1079 3664 1146 captivitatem

379 1173 555 1238 plebis
577 1185 690 1224 sua
717 1169 879 1238 (dabo
907 1170 1080 1235 enim,
1117 1170 1315 1240 inquit,
1352 1171 1448 1225 tibi
1481 1180 1663 1239 gentes
1694 1170 2058 1224 htereditatem
2089 1181 2260 1236 tuam,
2331 1185 2495 1240 quam
2571 1172 2784 1226 damon
2856 1181 3014 1226 antea
3065 1171 3270 1225 erroris
3325 1170 3512 1239 jacqu
3572 1185 3664 1224 ca.

383 1264 742 1335 ptisavorat),
803 1266 1104 1321 exsultabit
1153 1264 1329 1320 Iacob
1382 1273 1448 1320 et'
1487 1265 1762 1319 laztabitur
1819 1265 2010 1328 Israel,
2055 1263 2338 1333 Propheta:
2415 1265 2675 1318 nimirum
2727 1267 2818 1332 qui
2893 1265 2961 1318 de
3015 1263 3186 1318 Jacoh
3237 1271 3403 1331 atque
3495 1262 3660 1324 lsrael

381 1357 560 1423 stirpe
596 1359 706 1408 nati
739 1363 890 1420 sunt,
945 1357 1149 1426 quique
1197 1357 1313 1412 haec
1371 1367 1530 1410 antea
1571 1356 2099 1425 prtenuntiaverunt.
2170 1355 2537 1410 Exsultabunt
2597 1357 2824 1417 etenim.
2896 1365 2951 1410 et
3006 1355 3340 1410 laetabuntur
3414 1352 3664 1407 videntes

379 1445 685 1515 “impleta
717 1460 861 1510 esse,
892 1463 1016 1515 qua:
1040 1446 1428 1516 prtediserant.
1460 1445 1554 1501 Vel
1581 1463 1677 1518 per
1704 1445 1876 1503 Jacob
1896 1457 1952 1503 et
1995 1447 2163 1502 Israel
2211 1446 2400 1502 ﬁdeles
2463 1447 2754 1518 intellige:
2823 1447 2982 1517 quasi
3036 1446 3352 1501 Judzeorum
3420 1445 3545 1499 loco
3608 1445 3664 1496 in

382 1540 1270 1613 traductosqttorumprogenitor
1294 1543 1600 1599 fuitJacoh.
1633 1543 1975 1610 Illudetiam,
2015 1544 2144 1602 Cum
2216 1547 2554 1608 converterit,
2615 1545 2757 1599 idem
2824 1544 2926 1598 sibi
2990 1545 3107 1597 vult
3153 1559 3213 1598 ac
3275 1543 3322 1596 si
3383 1542 3662 1596 dixisset:

380 1627 523 1683 Cum
560 1629 627 1684 ad
664 1630 921 1700 proprias
967 1631 1166 1686 domos
1183 1646 1280 1686 eos
1307 1632 1508 1687 reverti
1561 1631 1754 1688 fecerit
1785 1633 2170 1705 [intelligendo
2192 1635 2590 1704 captivitatem,
2629 1635 2732 1688 hoc
2759 1642 2866 1698 est,
2895 1635 3050 1703 ipsos
3082 1631 3377 1705 Eaptivos].

645 1723 750 1786 Εἰς
790 1722 854 1774 τὸ
890 1721 1062 1786 τέλος
1089 1722 1331 1790 alt-aluo;
1363 1721 1445 1786 τῷ
1470 1724 1678 1780 Δαϐίδ.

894 1813 1189 1868 ΨΑΛΜΟΣ
1236 1813 1335 1869 IA'.

455 1906 565 1969 Εἰς
600 1904 669 1957 τὸ
696 1903 871 1970 τέλος
905 1898 1062 1968 οὗτος
1115 1908 1550 1978 ἐπιγέγραπται,
1600 1909 1736 1962 διότι
1794 1911 1978 1963 ὁποῖον

387 1991 532 2048 εἶναι
567 1995 675 2064 χρὴ
705 1995 797 2048 τὸν
829 1998 962 2048 κατ’
993 1997 1199 2070 ἀρετὴν
1228 1999 1438 2054 τέλειον
1465 2000 1796 2070 ὑπογράφει.

2407 1724 2474 1779 In
2505 1728 2660 1796 ﬁnem
2706 1725 2956 1780 Psalntus
3008 1729 3106 1792 ipsi
3138 1727 3330 1781 David.

2608 1817 2936 1873 PSALMUS
2968 1818 3110 1872 XlV.

2160 1909 2227 1964 In
2257 1911 2416 1978 ﬁnem
2445 1911 2572 1966 ideo
2594 1913 2920 1968 inscribitur
2955 1913 3044 1967 hic
3078 1912 3332 1968 Psalmus
3371 1917 3501 1982 quia
3544 1931 3666 1982 por-

2090 2004 2391 2058 lvctissime
2424 2021 2486 2057 ac
2541 2005 3084 2059 consummatissime
3135 2005 3394 2060 describit
3445 2009 3662 2074 qttalcm

385 2101 507 2139 esse
539 2097 755 2156 oportet
783 2087 962 2140 virum
997 2088 1200 2142 virtute
1224 2089 1536 2160 praeditum.
1575 2091 1790 2164 [Graeca
1829 2094 1972 2150 enim
2016 2095 2184 2149 dictio
2251 2097 2406 2160 τέλος
2473 2114 2580 2151 non
2644 2105 2858 2151 tantum
2915 2097 3095 2166 ﬁnem,
3140 2097 3234 2150 sed
3298 2096 3668 2165 perfectionem

389 2179 553 2232 etiam
578 2178 905 2250 signiﬁcat.]

473 2273 668 2339 Κύριε,
694 2276 787 2340 τις
823 2276 1186 2344 παροικήσει
1209 2279 1281 2334 ἐν
1308 2279 1389 2346 τῷ
1420 2280 1772 2349 σκηνώματι
1821 2298 1938 2335 σου
1961 2297 1981 2344 ;

407 2364 447 2430 ἢ
489 2367 576 2429 τις
601 2368 1052 2431 κατασκηνώσει
1080 2370 1153 2423 ἐν
1181 2370 1301 2438 ὄρει
1372 2373 1520 2441 ἁγίῳ
1569 2389 1728 2438 σου;
1771 2373 1831 2426 '0
1881 2375 1980 2442 μὲν

421 2457 660 2521 Ἰουδαῖος
703 2459 923 2513 ἁκούων
978 2463 1246 2531 σκήνωμα
1284 2463 1449 2529 Θεοῦ,
1513 2466 1608 2518 καὶ
1660 2466 1786 2534 ὅρος
1824 2464 1983 2534 ἆγιον

397 2550 561 2613 εὗϋὺς
595 2552 684 2603 τὸν
717 2551 777 2602 ὲν
826 2551 1226 2623 Ἰεροσολύμοις
1255 2556 1428 2608 ὲννοεῖ
1456 2555 1605 2621 ναὸν,
1639 2557 1732 2609 καὶ
1786 2557 1844 2610 τὸ
1867 2573 1982 2623 ys:-

390 2643 607 2706 τνιάζον
631 2642 757 2713 ὅρος
780 2644 921 2697 Σιών
941 2660 957 2674 ’
999 2644 1166 2700 ἴστων.
1187 2646 1266 2712 δὲ,
1309 2648 1393 2699 ὅτι
1421 2646 1575 2702 οὔπω
1603 2649 1632 2700 6
1668 2649 1796 2712 ναὸς
1837 2648 1980 2720 ᾠκο-

389 2736 618 2806 δόμητο,
660 2735 786 2790 οὔτε
819 2737 879 2790 τὸ
917 2737 1048 2808 ὅρος
1077 2735 1218 2791 Σιὼν
1249 2740 1484 2808 ἡγίαστο
1507 2756 1521 2770 ·
1553 2741 1694 2810 μετὰ
1726 2742 1836 2811 γὰρ
1887 2743 1978 2794 τὸν

385 2829 558 2882 Δαδιδ
583 2831 765 2886 πάντα
783 2830 1061 2898 γεγόνασι.
1084 2831 1287 2885 Λοιπὸν
1310 2827 1406 2885 οὖν
1437 2834 1705 2887 ἀνακτέον
1725 2833 1795 2886 τὰ
1815 2834 1976 2903 ῥητά.

385 2920 733 2990 Σχηματεζει
760 2921 852 2975 τὸν
887 2922 1047 2990 λόγον
1077 2922 1106 2974 ὀ
1144 2922 1310 2976 Δασὶδ
1337 2925 1421 2986 εἰς
1451 2924 1746 2994 ἐρώτησιν,
1778 2923 1983 2977 πυνθα-

385 3013 645 3081 νόμενος,
672 3013 754 3066 ὅτι
788 3011 885 3076 Τίς
912 3015 1086 3076 ἐστιν,
1145 3014 1204 3077 6;
1237 3017 1451 3086 ποιήσει
1507 3016 1626 3070 τάδε
1679 3018 1776 3070 καὶ
1819 3016 1974 3083 τόδε;

383 3108 599 3174 Κύριε.
619 3107 708 3178 τις
727 3107 1086 3174 Numantiae:
1109 3110 1180 3161 ἐκ
1192 3108 1270 3173 τῷ
1289 3109 1638 3179 σκηνώματι
1650 3116 1799 3176 σου’;
1825 3111 1974 3180 Παρ-

387 3199 549 3252 οικία
606 3201 709 3268 μέν
744 3201 917 3264 ἐστιν,
956 3201 989 3270 ἡ
1030 3203 1088 3254 ἐν
1141 3201 1408 3272 ἀλλοτρίῳ
1449 3203 1589 3272 οἴκῳ
1644 3205 1983 3274 πρόσκαιρος

384 3291 654 3362 διατριῦή
679 3307 693 3322 ·
756 3293 1024 3362 σκήνωμα
1053 3293 1110 3346 δὲ
1141 3292 1323 3364 ψυχῆς
1351 3296 1411 3346 τὸ
1454 3293 1636 3364 σῶμα,
1684 3288 1728 3362 ᾧ
1790 3297 1982 3363 ἐγκατ-

392 3378 657 3452 ῴκιοται.
698 3383 913 3456 Ἐρωτᾷ
942 3385 998 3437 δὲ
1057 3386 1249 3454 μαθεῖν
1278 3387 1364 3448 τίς
1399 3389 1550 3440 ἐστιν
1577 3389 1607 3440 6
1637 3388 1864 3451 τέλειος,
1922 3388 1981 3451 ὃς

393 3476 703 3544 παροικιαν
722 3477 1064 3548 πρόσκαιρον
1079 3481 1350 3550 ἡγήσεται
1368 3480 1469 3550 τὴν
1493 3481 1554 3532 ὲν
1578 3481 1792 3550 σώματι
1813 3482 1978 3551 ζωὴν,

393 3569 492 3620 καὶ
518 3567 596 3632 ὡς
616 3569 890 3641 ἁλλοτρέῳ
912 3570 993 3641 τῷ
1020 3570 1540 3643 σώματιχρήσεται,
1583 3575 1758 3642 μικρὰ
1789 3575 1980 3628 τούτου

392 3660 726 3729 φροντίζων.
756 3661 865 3730 Τὴν
887 3660 1007 3714 σοῦ
1035 3663 1094 3714 δὲ
1125 3663 1480 3732 ἁντωνυμίαν
1521 3665 1871 3737 προσέθηκεν
1901 3665 1982 3730 τῷ

392 3752 772 3820 σκηνώματι,
811 3752 1009 3822 δηλῶν,
1039 3754 1123 3806 ὅτι
1155 3753 1252 3807 τοῦ
1283 3753 1419 3807 Θεοῦ
1459 3756 1556 3808 καὶ⁵
1587 3755 1766 3823 Λόγου
1819 3749 1984 3824 ἔργον

398 3844 547 3904 ἐστὶ,
579 3843 678 3896 καὶ
711 3843 843 3913 παρ’
877 3843 1048 3897 αὑτοῦ
1079 3845 1145 3912 τῇ
1176 3843 1321 3914 ψυχῇ
1379 3845 1714 3916 ᾠκοδομήθη
1739 3866 1752 3878 ·
1801 3847 1834 3917 ἦ
1898 3849 1981 3900 ὅτι

392 3936 494 3987 καὶ
520 3935 687 3998 αὐτὸς
716 3935 874 3988 τοῦτο
901 3936 1179 4006 σκηνώσει
1222 3937 1356 3992 ποτὲ
1393 3938 1463 3991 δι’
1495 3941 1644 4008 ἡμᾶς
1686 3941 1982 4008 γενόμενος

390 4026 709 4096 ἄνθρωπος.
736 4028 812 4081 Ἦ
844 4028 936 4092 τίς
953 4029 1414 4096 κατασκηνώσει
1434 4031 1504 4084 ἐν
1523 4030 1645 4098 ὄρει
1668 4031 1815 4100 ἁγίῳ
1831 4046 1983 4095 σου;

390 4118 822 4188 κατασκήνωσις
842 4119 962 4189 μὲν,
997 4121 1029 4186 ἡ
1058 4121 1116 4184 ἐξ
1140 4121 1452 4190 ὁδοιπορίας
1471 4121 1666 4191 βεϐαία
1684 4124 1975 4176 κατάπαυο

391 4228 478 4273 at;
509 4227 525 4243 ο
558 4210 687 4281 ὅρος
717 4210 772 4262 δὲ
805 4208 982 4278 ἅγιον,
1016 4214 1043 4264 6
1082 4211 1476 4283 ὑπερουράνιος
1520 4215 1710 4278 τόπος,
1745 4213 1855 4267 τῶν
1880 4231 1981 4266 τα-

391 4301 603 4354 πεινῶν
629 4301 724 4354 καὶ
744 4303 1056 4372 ἐγκοσμίων
1083 4303 1180 4356 ὑπε
1190 4304 1484 4374 ρηρμένος.
1502 4304 1640 4374 Φησὶ
1658 4305 1767 4377 γὰρ
1786 4306 1813 4358 6
1829 4306 1983 4358 Ἀπό-

391 4395 587 4457 στολος
609 4409 624 4422 ο
646 4396 1152 4464 Προσεληλύθατε
1169 4396 1322 4450 Σιὼν
1343 4397 1486 4465 ὄρει,
1515 4398 1617 4452 καὶ
1647 4400 1818 4453 πόλει
1836 4398 1982 4453 Θεοῦ

391 4485 620 4552 ζῶντος
665 4486 1055 4557 Ἰερουσαλὴμ
1082 4489 1441 4558 ἐπουρανίῳ.
1477 4491 1584 4544 Καὶ
1613 4492 1721 4555 τίς,
1787 4492 1980 4562 φησὶν,

2153 2280 2318 2335 Vens.
2343 2281 2394 2334 ί.
2427 2279 2670 2343 Domine,
2700 2279 2819 2348 quis
2851 2278 3040 2334 incolct
3067 2277 3466 2330 tabernaculum
3494 2287 3665 2340 tuum,

2082 2386 2172 2426 aut
2205 2375 2320 2442 quis
2343 2372 2628 2441 requiescet
2663 2371 2719 2424 in
2752 2379 2927 2424 monte
2951 2380 3133 2423 sancto
3176 2378 3264 2422 tuo
3285 2370 3310 2422 ἒ)
3358 2367 3462 2423 Ubi
3513 2371 3668 2424 audit

2081 2466 2304 2521 Judazns
2339 2464 2754 2519 tabernaculum
2775 2470 2878 2517 aut
2891 2469 3129 2515 montem
3165 2469 3441 2522 sanctum,
3466 2462 3654 2514 animo

2084 2559 2269 2614 statim
2302 2558 2369 2612 ad
2401 2557 2663 2627 templum
2719 2557 2998 2626 percurrit
3022 2554 3170 2622 quod
3203 2565 3319 2607 erat
3357 2554 3410 2606 in
3441 2552 3667 2607 Jerusa-

2085 2657 2191 2709 lem
2215 2662 2270 2706 ct
2293 2653 2358 2706 ad
2385 2651 2626 2706 vicinum
2669 2649 2745 2703 illi
2781 2660 3022 2702 montem
3045 2647 3176 2700 Sion
3200 2665 3213 2700 :
3269 2648 3552 2701 sciendum
3583 2655 3667 2700 est

2085 2755 2265 2799 tamen
2294 2745 2438 2812 quod
2464 2751 2712 2812 tempore
2735 2742 2877 2796 beati
2902 2742 3093 2806 David,
3127 2742 3384 2810 templum
3419 2741 3662 2792 nondum

2084 2834 2412 2890 :edilicatum
2447 2845 2587 2898 erat,
2627 2849 2728 2889 nec
2757 2848 2916 2887 mons
2947 2833 3080 2888 Sion
3134 2833 3315 2887 adhuc
3352 2831 3670 2886 sanctiﬁca-

2084 2939 2196 2984 tus.
2233 2929 2358 2984 Haec
2381 2930 2526 2984 enim
2554 2927 2740 2982 omnia
2765 2937 2891 2997 post
2915 2927 3062 2980 illius
3083 2933 3316 2979 mortem
3339 2925 3481 2978 facta
3510 2932 3664 2978 sunt.

2087 3021 2278 3078 Restat
2306 3022 2469 3092 igitur
2491 3030 2554 3074 ut
2577 3034 2672 3089 per
2699 3033 2986 3089 anagogen
3018 3017 3399 3085 intelligantur
3444 3017 3557 3069 haec
3585 3015 3666 3066 di-

2088 3123 2196 3168 cta.
2243 3112 2468 3167 Forma:
2503 3112 2687 3182 itaque
2727 3113 2918 3166 beatus
2949 3109 3117 3164 David
3157 3124 3468 3164 sermonem
3500 3122 3663 3161 suum

2093 3225 2188 3277 per
2222 3206 2738 3277 interrogationem,
2772 3220 3048 3274 ηαστε-«ωε,
3099 3203 3357 3272 quisnam
3407 3201 3512 3255 hoc
3569 3210 3669 3253 aut

2088 3301 2218 3355 illud
2252 3299 2502 3354 facturus
2537 3298 2628 3353 sit.
2663 3296 2914 3357 Domine,
2975 3295 3175 3363 inquit,
3228 3293 3352 3362 quis
3408 3293 3666 3345 taberna-

2086 3391 2195 3446 culi
2251 3390 2329 3443 tui
2375 3388 2554 3442 incola
2588 3385 2814 3440 futurus
2846 3385 2977 3439 est?
3001 3385 3181 3439 incola
3209 3393 3390 3436 autem
3422 3397 3518 3436 seu
3572 3395 3668 3450 pe-

2087 3468 2407 3550 regrinusis
2433 3480 2656 3539 dicitur.
2689 3478 2783 3547 qui
2818 3476 2998 3530 aliena
3031 3475 3085 3528 in
3117 3475 3284 3529 domo
3313 3480 3407 3526 aut
3441 3474 3669 3536 regione

2085 3574 2151 3628 ad
2182 3582 2401 3642 tempus
2428 3580 2710 3625 moratur:
2771 3569 2970 3622 animae
3012 3577 3193 3619 autem
3248 3562 3664 3617 tabernaculum

2085 3683 2291 3738 corpus
2325 3677 2431 3729 est,
2476 3667 2530 3720 in
2550 3680 2662 3735 quo
2689 3665 2930 3719 habitat.
2967 3662 3278 3729 lnterrogat
3309 3658 3476 3728 igitur
3528 3655 3664 3709 Pro-

2087 3763 2252 3829 pheta
2282 3756 2504 3812 edoceri
2573 3756 2829 3826 cupiens,
2889 3755 3148 3822 quisnam
3205 3750 3300 3813 sit,
3352 3749 3444 3817 qui
3496 3747 3668 3799 vitam

2087 3853 2230 3905 hanc
2262 3851 2316 3905 in
2349 3850 2596 3904 humano
2622 3861 2880 3916 corpore,
2911 3845 3213 3900 incolatum
3275 3851 3371 3895 aut
3424 3837 3661 3908 peregri-

2086 3946 2365 3998 nationem
2401 3955 2525 3997 esse
2555 3947 2708 4010 putet
2742 3937 3137 4006 temporalem:
3172 3932 3375 4002 quique
3407 3929 3510 3982 hoc
3539 3943 3670 3980 cor-

2087 4050 2220 4104 pore
2244 4034 2402 4103 quasi
2431 4031 2609 4084 aliena
2636 4044 2695 4083 re
2721 4037 2933 4089 utatur,
2974 4034 3030 4080 et
3071 4023 3342 4077 modicam
3371 4019 3518 4072 illius
3569 4016 3668 4069 ha.

2087 4126 2210 4182 beat
2234 4138 2443 4178 curam.
2479 4120 2594 4175 Tuo
2624 4128 2807 4173 autem
2837 4117 2974 4170 dixit
3005 4111 3365 4172 tabernaculo,
3391 4109 3456 4163 ad
3500 4107 3668 4161 Deum

2085 4230 2392 4273 sermonem
2429 4212 2660 4276 iaciens,
2731 4209 2990 4277 iudicans
3038 4206 3106 4258 ab
3155 4219 3222 4258 co
3256 4203 3387 4256 illud
3423 4208 3670 4253 creatum

2085 4326 2230 4374 esse,
2248 4319 2300 4364 et
2324 4307 2390 4364 ad
2404 4305 2597 4361 animm
2617 4302 3002 4358 habitationem
3023 4298 3357 4352 destinatum
3381 4312 3394 4347 :
3419 4293 3500 4345 vel
3524 4291 3670 4360 quod

2087 4404 2343 4458 nimirum
2367 4400 2529 4454 homo
2557 4395 2851 4466 aliquando
2889 4393 3033 4446 Deus
3064 4391 3180 4460 ipse
3223 4385 3354 4441 illud
3386 4386 3672 4439 habitatu-

2085 4509 2180 4549 rus
2203 4502 2324 4549 erat
2351 4533 2366 4555 ,
2407 4491 2589 4544 factus
2654 4495 2877 4556 propter
2937 4499 3061 4538 nos.
3109 4485 3214 4536 Aut
3248 4481 3362 4550 quis
3389 4478 3669 4545 requiescet

394 4579 509 4632 ἀπὸ
539 4578 637 4633 τοῦ
669 4581 940 4650 παρόντος
961 4581 1103 4650 βίον,
1137 4583 1194 4646 6;
1228 4585 1344 4636 ἐστι
1421 4583 1658 4650 στάδιον,
1713 4583 1976 4656 εὐθυδρο-

2087 4589 2140 4640 in
2194 4594 2368 4639 monte
2395 4591 2578 4637 sancto
2600 4581 2728 4633 tuo?
2759 4578 3127 4646 Requiescere
3159 4576 3205 4628 is
3233 4574 3436 4626 dicitur
3465 4571 3557 4638 qui
3603 4584 3669 4620 cx

398 4672 610 4739 μήσας,
657 4671 1104 4741 κατασκηνώσειε
1166 4675 1286 4738 ταῖς
1337 4676 1697 4744 ἐπουρανίαις
1750 4679 1979 4746 σκηναῖς

394 4767 520 4826 ταῖς
556 4763 942 4829 αἰωνιζούσαις
968 4781 984 4826 ;

2096 4681 2262 4747 longo
2319 4675 2518 4729 itinere
2555 4671 2736 4727 fessus
2791 4669 3037 4738 requiem
3088 4666 3257 4734 capit.
3294 4665 3397 4718 Per
3431 4673 3672 4716 montem

2093 4776 2346 4824 sanctum
2374 4763 2822 4832 supercmlestem
2853 4760 3034 4814 locum
3060 4757 3364 4826 intelligere
3405 4753 3672 4807 debemus

397 4875 567 4928 supra
615 4859 850 4916 humiles
881 4875 945 4914 ac
971 4860 1277 4917 mundanos
1312 4863 1565 4918 homines
1593 4865 1868 4920 elevatnm
1893 4879 1907 4916 :
1935 4863 2243 4918 Accessistis
2277 4861 2447 4922 enim,
2491 4855 2671 4924 inquit
2703 4853 3023 4922 Apostolus.
3045 4853 3113 4903 ad
3145 4861 3369 4902 montem
3409 4845 3558 4904 Sion,
3623 4836 3676 4892 εί

393 4954 664 5008 civitatem
696 4951 792 5007 Dei
832 4954 1039 5008 sitientis
1066 4953 1367 5012 Jerusalem
1422 4959 1741 5015 caelestem”.
1767 4961 1834 5015 Et
1887 4963 2143 5031 quisnam
2196 4959 2385 5028 igitur,
2432 4955 2614 5025 inquit
2633 4952 2929 5021 Propheta,
2973 4963 3002 5003 a
3063 4946 3344 5002 curriculo
3387 4942 3674 5013 υνιιιεριιιίε

399 5049 527 5099 vitae
555 5052 706 5099 recto
735 5058 901 5099 cursu
927 5047 1126 5112 veniet,
1151 5055 1204 5102 et
1231 5050 1542 5120 requiescet
1572 5053 1625 5106 in
1655 5053 1975 5108 coelestibus
2034 5062 2198 5122 atque
2245 5051 2298 5104 in
2329 5048 2549 5104 aeternis
2581 5042 2872 5100 tentoriis?

468 5140 882 5207 Πορευόμενος
911 5139 1173 5210 ἄμωμος,
1202 5145 1299 5197 καὶ
1332 5144 1725 5216 ἐργαζόμενος
1759 5148 1984 5202 δικαιο-

393 5235 622 5300 σύνην.
645 5230 820 5286 Τοῦτο
867 5234 967 5302 τῆς
998 5235 1326 5306 ἐρωτήσεως
1345 5239 1380 5309 ἠ
1405 5239 1721 5309 ἀπόκρισις,
1739 5239 1816 5303 ὡς
1839 5243 1984 5294 ἐκεῖ-

393 5344 485 5389 νος
505 5328 861 5396 παροικήσει,
889 5328 985 5378 καὶ
1015 5331 1458 5399 κατασκηνώσει,
1488 5333 1518 5384 6
1549 5335 1896 5402 κεκτημένος
1918 5335 1986 5386 τὰ

395 5417 636 5488 ῥηθῆναι
673 5416 964 5486 μέλλοντα,
1003 5419 1096 5471 καὶ
1125 5419 1508 5491 διαξωγραφεί
1567 5423 1644 5493 τῷ
1700 5425 1844 5494 λόγῳ
1883 5423 1980 5475 τὸν

396 5509 680 5579 ἐνάρετον.
717 5508 985 5572 Ἐκεῖνος,
1015 5511 1200 5578 φησὶν,
1235 5511 1293 5575 6;
1323 5511 1390 5564 ἂν
1436 5512 1739 5582 πορεύηται
1801 5513 1977 5584 ἄμεμ·

397 5617 546 5666 πτος,
579 5601 676 5655 καὶ
703 5599 1017 5669 ἐργάζηται
1039 5597 1389 5665 δικαιοσύνην
1410 5638 1428 5656 .
1451 5602 1561 5655 Καὶ
1587 5605 1820 5672 ἄμωμον
1857 5602 1976 5672 μὲν,

389 5695 610 5766 κτητέον
641 5692 743 5746 τὸν
771 5692 833 5744 ἐν
882 5689 1092 5761 Θεωρία
1139 5691 1517 5764 τελειοὺμενον
1547 5710 1560 5724 ο
1621 5692 1710 5748 διὰ
1776 5695 1984 5766 ταύτης

500 5870 727 5928 ουυιπ.
767 5879 878 5933 xu,
906 5862 1002 5930 22,

2159 5147 2323 5202 Vens.
2357 5144 2410 5197 2.
2449 5143 2554 5209 Qui
2615 5139 2910 5211 ingreditur
2941 5138 3053 5191 sine
3095 5135 3301 5188 macula
3330 5144 3377 5186 et
3421 5142 3670 5197 operatur

2093 5238 2383 5299 iustitiam.
2413 5233 2537 5287 Haec
2561 5243 2643 5288 est
2675 5231 2821 5287 enim
2864 5228 3314 5300 interrogationis
3375 5222 3532 5277 facite
3586 5237 3673 5274 re-

2091 5327 2338 5398 sponsio.
2394 5324 2514 5387 llic,
2546 5322 2749 5390 inquit,
2778 5321 2979 5374 incolct
3005 5330 3060 5372 et
3093 5316 3422 5384 requiescet.
3457 5310 3549 5378 qui
3606 5325 3670 5361 ca

2090 5414 2417 5486 possidebit,
2453 5426 2576 5480 qua:
2597 5407 2833 5464 dicenda
2865 5416 3017 5462 sunt.
3045 5400 3320 5456 Describit
3368 5406 3551 5450 autem
3607 5410 3670 5447 ac

2091 5509 2204 5564 fere
2236 5505 2410 5576 pingit
2437 5505 2526 5558 his
2559 5503 2745 5556 verbis
2769 5500 3044 5553 hominem
3077 5504 3290 5548 summa
3319 5489 3519 5540 virtute
3539 5503 3676 5553 pm:-

2096 5611 2356 5657 stantem.
2388 5597 2505 5660 Ille,
2539 5593 2739 5663 inquit,
2773 5593 2866 5659 qtti
2903 5593 3028 5644 sine
3066 5585 3302 5646 macula,
3335 5595 3430 5636 seu
3488 5579 3671 5647 potius

2095 5695 2182 5767 [ut
2212 5691 2401 5747 Grmca
2429 5689 2600 5744 dictio
2630 5684 2814 5740 verius
2843 5678 3155 5753 signiﬁcat]
3184 5676 3278 5746 qui
3319 5673 3669 5742 irreprehen-
