4116 6470
445 412 543 482 191

1683 420 2083 482 ΕῙΠἮΥΜΙΙ
2107 424 2472 485 ZIGABENI

3610 400 3754 486 192i

441 532 622 588 sibilis
650 532 1040 599 ambulaverit,
1089 540 1146 589 et
1191 533 1467 604 justitiam
1517 533 1732 591 fecerit.
1789 537 2031 606 lrrepre-

2147 539 2245 610 γὰρ
2268 540 2445 594 ὁδεύει
2484 540 2640 611 κπρὸς
2696 539 2925 611 οὐρανὸν
2964 543 2993 594 ὁ
3025 538 3186 603 νοῦςο
3238 539 3451 593 δίκαιον
3498 538 3579 601 δὲ,
3624 542 3723 594 τὸν
3738 550 3757 562 ··

440 623 728 681 hensibilis
756 625 925 680 etiam
956 624 1061 680 hoc
1086 625 1140 680 in
1198 626 1319 680 loco
1379 626 1488 681 dici
1545 638 1750 698 potest,
1787 629 1879 683 ille
1932 629 2032 698 qui

441 717 891 787 c'ontemplando,
922 718 1320 786 perfectionem
1372 729 1667 776 assecutus
1726 716 1833 776 est.
1881 722 2035 776 Con-

444 809 806 880 templatione
829 810 1042 880 quippe
1069 827 1229 869 mens
1261 812 1316 867 iu
1344 812 1548 868 caelum
1582 814 1893 869 ascendens
1941 814 2030 867 in-

443 903 725 971 greditur:
762 911 817 956 et
843 903 1056 973 justus,
1090 919 1188 960 seu
1218 904 1494 974 justitiam
1531 920 1771 974 operans
1814 905 1907 959 ille
1933 905 2027 973 qui

443 1010 540 1062 per
561 994 809 1050 actiones
837 997 1102 1051 moralem
1125 997 1416 1059 virtutem,
1446 997 1797 1068 praestantior
1825 998 2023 1053 evasit.

2137 631 2336 701 πράξει
2365 632 2834 702 καταρτιζόμενον
2855 647 2870 662 ’
2904 632 2937 702 ἡ
2970 632 3207 703 ἐργασία
3250 629 3382 702 γὰρ,
3442 630 3716 701 πράξεως.

2145 720 2510 775 Ἕνεστῶτιδὲ
2531 721 2710 793 χρόνῳ
2741 721 2832 775 ἐπ’
2855 723 3066 791 άμιροῖν
3100 723 3398 792 ἐχρήσατο,
3422 719 3512 773 διὰ
3544 719 3608 774 τδ
3639 719 3726 789 μὴ

2136 812 2336 882 χρῆναί
2355 828 2491 865 ποτε
2519 813 2713 884 λήγειν
2741 814 2835 868 τὸν
2881 814 3058 878 οὕτως
3087 813 3306 885 έχοντα.
3363 811 3717 883 Πολυμεροῦς

2129 903 2189 958 δὲ
2220 905 2317 974 τῆς
2343 907 2658 977 πρακτικῆς
2700 906 2893 977 οὔσης,
2921 906 3216 978 περιέλαϐε
3254 906 3441 959 πᾶσαν
3493 902 3574 973 τῷ
3619 902 3719 972 τῆς

2133 995 2367 1050 καθόλου
2384 997 2740 1063 δικαιοσύνης
2786 997 3012 1070 ὀνόματι
3035 1016 3051 1031 ο
3113 1001 3254 1070 μόνη
3313 1000 3423 1070 γὰρ
3452 999 3487 1069 η
3513 997 3722 1051 δικαιο-

444 1083 710 1155 Operatio
760 1088 965 1156 quippe
1017 1087 1088 1143 ad
1151 1090 1400 1145 actiones
1453 1090 1712 1159 pertinet.
1761 1088 2027 1145 Praesenti

2147 1087 2265 1155 τύνη
2289 1088 2493 1153 πάσαις
2530 1090 2808 1159 ἐποχεῖται
2829 1093 2955 1153 ταῖς
2977 1091 3202 1161 ἀρεταῖς
3224 1107 3240 1123 ο
3271 1088 3590 1159 δικαιοσύνη
3607 1088 3721 1157 γάρ

449 1184 697 1248 tempore
740 1178 1017 1250 Propheta
1082 1180 1139 1236 in
1204 1191 1444 1252 utroque
1499 1199 1633 1237 usus
1687 1193 1810 1237 est:
1867 1182 2024 1250 quasi

2147 1196 2302 1245 εστιν,
2339 1182 2374 1250 ἡ
2402 1182 2641 1255 ἑκάστης
2660 1182 3081 1256 δικαιοπραγία.
3137 1183 3386 1238 Καθόλου
3417 1182 3477 1237 δὲ
3497 1181 3596 1250 τὴν
3639 1180 3721 1233 δι-

436 1273 734 1338 'nunquam
772 1279 1026 1340 oporteat
1054 1269 1126 1325 ab
1170 1270 1495 1342 huiusmodi
1537 1272 2023 1342 contemplatione,

448 1368 541 1413 aut
568 1375 600 1415 a
619 1360 783 1417 bonis
813 1362 1130 1418 actionibus
1155 1363 1447 1420 desistere.
1480 1363 1690 1419 Etcum
1714 1363 1825 1419 vita
1851 1367 2031 1418 activa

2132 1272 2432 1344 καιοσύνην
2461 1273 2600 1340 θεὶς,
2634 1270 2755 1330 εἶτα
2786 1278 2882 1331 καὶ
2902 1276 2974 1330 τά
2996 1275 3142 1331 κατὰ
3194 1276 3362 1347 μέρος
3413 1273 3585 1345 αὐτὴν
3622 1275 3726 1325 έπ-

2139 1364 2369 1431 έξεισιν.

446 1453 732 1524 multiplex
789 1455 884 1519 sit,
928 1464 982 1511 et
1019 1456 1073 1509 in
1121 1456 1308 1525 plures
1353 1465 1539 1527 partes
1580 1456 1753 1510 divisa
1783 1458 1902 1513 solo
1954 1455 2184 1525 justitiaa
2235 1458 2461 1514 nomine
2513 1474 2635 1514 eam
2680 1461 2993 1532 appcllavit,
3035 1477 3103 1517 eo
3140 1461 3288 1532 quod
3331 1462 3508 1516 virtus
3545 1470 3717 1530 supra

444 1554 681 1602 caeteras
704 1561 899 1603 omnes
927 1547 1164 1603 vehitur.
1200 1544 1339 1602 Vera
1376 1547 1523 1602 enim
1580 1555 1715 1601 tunc
1751 1547 1973 1616 justitia
2041 1546 2268 1616 dicitur,
2326 1552 2552 1621 quando
2587 1555 2971 1635 unusquisque
3004 1551 3136 1608 facit
3164 1553 3313 1621 quod
3342 1565 3504 1608 suum
3532 1559 3640 1614 est,
3666 1556 3727 1602 ει

446 1643 596 1710 quod
641 1643 712 1698 ad
759 1659 820 1699 se
884 1643 1145 1714 pertinet.
1208 1643 1462 1711 Cumque
1486 1644 1544 1699 in
1606 1646 1928 1700 universum
1969 1643 2241 1713 justitiam
2291 1647 2560 1717 posuerit,
2624 1648 2872 1719 singulas
2927 1656 3112 1718 partes
3146 1647 3407 1716 deinceps
3433 1644 3727 1718 sigillatim

447 1740 821 1808 prosequitur.

519 1828 686 1884 Vens.
722 1830 778 1883 3.
817 1828 925 1896 Qui
954 1830 1192 1901 loquitur
1238 1834 1513 1888 veritate»:
1583 1834 1636 1887 in
1683 1833 1840 1887 corde
1901 1844 2035 1887 toto.

2212 1834 2425 1889 Λαλῶν
2452 1835 2752 1905 ἀλήθειαν
2773 1836 2844 1889 ἐν
2874 1834 3089 1904 καρδίᾳ
3104 1835 3320 1891 αὐτοῦ.
3380 1832 3583 1906 Ἀληθῆ
3631 1833 3724 1886 δο-

445 1920 549 1986 Qui
579 1936 707 1976 vera
744 1921 1008 1977 nimirum
1053 1924 1310 1994 dogmata
1350 1925 1405 1979 in
1438 1926 1625 1980 animo
1655 1926 1828 1981 sentit
1856 1935 1913 1981 et
1938 1941 2037 1983 ore

448 2012 683 2083 profert.
743 2023 752 2031 ‘

521 2104 635 2160 Nec
660 2107 764 2177 egit
798 2107 981 2161 dolum
1011 2108 1266 2180 inlingua
1289 2126 1411 2165 sua.
1432 2109 1500 2163 Et
1527 2126 1753 2164 rursum
1783 2111 1878 2178 qui
1909 2127 2037 2167 vera

447 2196 657 2252 dicitet
688 2215 795 2253 non
826 2200 1055 2256 dolosa:
1090 2201 1194 2257 hoc
1221 2214 1307 2257 cst
1344 2203 1437 2272 qui
1476 2218 1606 2256 vera
1633 2203 1687 2256 in
1724 2204 1911 2273 seipso
1940 2219 2036 2259 co-

449 2292 590 2361 gitat
613 2299 669 2346 et
699 2292 822 2348 aliis
856 2293 1012 2349 dicit.
1048 2292 1184 2349 Nam
1226 2296 1371 2363 quod
1400 2290 1500 2361 ait,
1530 2298 1585 2350 in
1601 2297 1760 2353 corde
1781 2314 1900 2361 suo,
1945 2313 2039 2353 sa-

448 2396 581 2435 num
618 2396 684 2437 ac
715 2390 932 2438 rectum
958 2391 1126 2454 atque
1155 2385 1305 2439 intus
1334 2386 1475 2441 bene
1520 2384 1857 2455 dispositum
1920 2402 2041 2441 ser-

448 2488 667 2528 monem
688 2474 953 2531 denotat:
985 2477 1243 2533 similiter
1266 2487 1322 2534 et
1343 2494 1471 2534 eum
1489 2481 1584 2549 qui
1606 2494 1702 2534 ore
1727 2480 2039 2552 profertur,

448 2563 579 2620 dum
597 2565 749 2635 dicit,
773 2565 836 2621 1η
859 2567 1044 2635 lingua
1067 2584 1187 2623 sua.

524 2654 638 2711 Nec
667 2657 786 2725 fecit
815 2659 1063 2727 proximo
1119 2675 1217 2714 suo
1260 2659 1483 2715 malum.
1526 2660 1767 2716 Proximi
1816 2662 2042 2732 quidem

449 2762 644 2805 omnes
692 2762 882 2806 mutuo
914 2753 1232 2818 sumus,vel
1261 2755 1765 2811 communicatione
1789 2757 2045 2812 Immani-

451 2843 607 2905 tatis,
642 2842 723 2898 vel
772 2842 894 2899 fidei
923 2845 1154 2912 unitate,
1176 2847 1259 2902 vel
1293 2848 1508 2903 ratione
1542 2848 1908 2921 cognationis.
1938 2848 2044 2903 Per

451 2932 655 2987 malum
711 2950 841 2991 vero
872 2937 963 2991 hic
996 2937 1275 2994 laesionem
1308 2940 1599 3010 intelligit;
1641 2950 2045 3011 consequenter

452 3033 635 3080 autem
662 3028 841 3096 primo
863 3029 1049 3085 cordis
1077 3031 1349 3095 meminit,
1367 3041 1422 3087 et
1450 3032 1798 3103 postmodum
1821 3034 2041 3102 lingum,

453 3126 507 3171 ct
529 3125 810 3187 postremo
837 3121 1155 3180 actionum.
1204 3121 1392 3180 Primo
1434 3125 1581 3180 enim
1624 3125 1754 3196 quis
1815 3127 2041 3197 cogitat,

2139 1925 2447 1996 γματίζων,
2481 1929 2578 1982 καὶ
2606 1929 2983 1999 λογιζόμενος.

2215 2105 2318 2168 Ὃς
2352 2105 2468 2159 οὐκ
2490 2104 2804 2159 ἐδόλωσεν
2833 2106 2907 2159 ἐν
2936 2106 3192 2174 γλώσσῃ
3226 2105 3437 2161 αὐτοῦ.
3473 2107 3581 2159 Καὶ
3631 2101 3733 2160 αῦ-

2139 2194 2223 2258 θις
2248 2196 2425 2266 ἀληθῆ
2470 2197 2568 2250 καὶ
2618 2196 2781 2251 άδολα
2823 2196 3022 2264 λέγων,
3058 2198 3365 2262 τουτέστιν,
3414 2195 3594 2267 ἀληθῆ
3627 2198 3731 2248 καὶ

2138 2285 2494 2358 λογιζόμενος
2522 2290 2582 2342 ὲν
2610 2288 2792 2359 αὐτῷ,
2828 2288 2926 2341 καὶ
2961 2288 3141 2357 λέγων
3165 2287 3302 2358 πρὸς
3356 2287 3571 2350 ἄλλους.
3624 2289 3733 2340 Διὰ

2143 2382 2242 2449 μὲν
2269 2380 2380 2452 γὰρ
2431 2381 2535 2450 τῆς
2587 2381 2842 2453 καρδίας,
2906 2382 3000 2436 τὸν
3058 2379 3369 2434 ἐνδιάθετον
3398 2380 3562 2447 λόγον
3596 2380 3736 2451 ἐδή-

2139 2476 2283 2526 λωσε
2310 2490 2321 2503 ·
2371 2473 2464 2528 διά
2495 2474 2553 2528 δὲ
2596 2475 2700 2544 τῆς
2720 2472 2996 2543 γλώττης,
3049 2474 3144 2527 τὸν
3178 2472 3542 2544 προφορικόν.

2213 2654 2323 2709 Καὶ
2379 2655 2492 2708 οὐκ
2541 2654 2798 2721 ἐποίησε
2855 2655 2937 2722 τῷ
2980 2657 3258 2725 πλησίον
3287 2657 3478 2711 αὐτοῦ
3504 2657 3729 2710 κακόν.

2145 2743 2385 2815 Πλησίον
2425 2746 2596 2815 ἐσμὲν
2631 2746 2900 2817 ἀλλήλων,
2934 2748 2967 2818 ἢ
3005 2750 3073 2819 τῇ
3108 2749 3272 2817 φύσει
3304 2749 3405 2817 τῆς
3434 2748 3737 2819 ἀνθρωπό-

2143 2857 2306 2911 τητος
2335 2841 2368 2911 ἢ
2423 2840 2505 2910 τῷ
2528 2840 2678 2910 αὐτῷ
2724 2842 2824 2908 τῆς
2880 2842 3182 2913 πίστεως,ῆ
3210 2845 3277 2913 τῇ
3303 2841 3604 2913 σχέσειτοῦ
3627 2843 3731 2909 γέ-

2146 2949 2292 2996 νους.
2320 2932 2509 2987 Κακδν
2546 2933 2604 2986 δὲ
2632 2933 2782 3002 λέγει
2822 2934 2923 3004 τὴν
2962 2933 3190 3005 βλάϐην.
3273 2933 3617 2998 Ἀκολούθως
3669 2934 3737 2989 δὲ

2147 3024 2382 3094 πρώτως
2411 3025 2794 3096 ἐμνημόνευσε
2820 3027 3074 3097 καρδίας,
3133 3021 3254 3080 εἶτα
3280 3024 3558 3097 γλώσσης.
3602 3023 3734 3079 εἶτα

2148 3115 2460 3186 ποιήσεως*
2515 3116 2834 3188 ἐνθυμεῖται
2882 3117 2992 3188 γάρ
3038 3134 3145 3183 τις,
3198 3113 3319 3171 εἶτα
3368 3117 3540 3187 λέγει,
3605 3113 3738 3172 εἶτα

454 3209 655 3265 deinde
697 3210 940 3284 loquitur
995 3216 1255 3288 cogitata,
1298 3227 1355 3275 et
1387 3217 1605 3274 demum
1636 3230 1899 3290 operatur
1925 3235 2046 3291 qua:
2071 3198 2119 3256 ο
2150 3212 2326 3266 ποιετα

456 3310 619 3357 antea
655 3304 874 3363 loculus
911 3315 1016 3362 est.

531 3392 602 3448 Et
650 3399 996 3467 opprobrium
1025 3417 1130 3455 non
1155 3403 1353 3473 accepit
1397 3401 1648 3458 aduersus
1666 3404 1864 3459 uicinos
1897 3422 2043 3460 suos.

457 3486 608 3542 Idem
632 3489 739 3544 hoc
769 3491 972 3548 inloco
1004 3494 1109 3549 sibi
1138 3495 1256 3548 vult
1274 3494 1443 3548 vicini
1467 3512 1667 3551 nomen
1726 3498 1875 3565 quod
1925 3511 2048 3567 pro-

459 3579 618 3636 ximi.
661 3579 729 3636 Et
759 3583 881 3652 qui,
903 3584 1111 3656 inquit,
1148 3588 1512 3657 opprobrium
1555 3589 1713 3658 quasi
1749 3590 1918 3643 telum
1944 3590 2047 3643 ali-

458 3669 607 3738 quod
659 3686 769 3726 non
801 3676 1035 3741 accepit.
1073 3684 1269 3732 cantra
1314 3679 1618 3748 proximos,
1664 3680 1766 3734 hoc
1815 3691 1903 3736 est
1950 3681 2045 3751 qui

461 3760 871 3830 tlelinquentetn
898 3767 1237 3837 proximum,
1290 3781 1386 3825 aut
1440 3773 1690 3827 membro
1734 3774 2046 3827 mutilatum

463 3861 560 3907 aut
587 3854 699 3909 alio
722 3859 923 3925 quovis
969 3860 1279 3916 infortunio
1321 3878 1672 3932 oppressum,
1709 3882 1817 3920 non
1846 3881 2048 3937 oppro-

462 3943 587 3999 brio
623 3946 786 4002 afﬁcit
813 3958 909 4004 aut
941 3955 1312 4010 contumelia.
1343 3954 1715 4025 Opprobrinm
1772 3959 1839 4011 ad
1899 3959 2049 4011 deri—

463 4033 677 4091 sionem
710 4040 919 4098 tendit:
949 4046 1313 4112 reprehensio
1346 4064 1478 4104 vero
1508 4049 1574 4104 ad
1604 4051 2045 4105 emendationem

466 4126 678 4184 delicti.
707 4131 865 4187 Unde
932 4137 1422 4205 reprehensionem
1485 4140 1541 4195 in
1577 4141 1775 4196 bonum
1835 4152 2046 4211 partem

468 4222 791 4292 accipimus,
820 4229 1183 4296 opprobrium
1226 4247 1361 4286 vero
1409 4248 1725 4302 nusquam:
1798 4235 2049 4304 quinimo

469 4322 526 4366 ut
556 4315 968 4382 reprehensioni
1000 4320 1132 4389 quid
1160 4322 1314 4377 valde
1340 4324 1705 4380 contrarium.

538 4403 704 4462 Vens.
735 4408 792 4463 4.
818 4408 901 4463 Ad
928 4412 1154 4466 nihilum
1173 4413 1432 4468 deductus
1454 4425 1531 4469 est
1563 4416 1617 4468 in
1636 4425 1909 4483 conspectu
1934 4417 2049 4485 ejus

468 4498 756 4569 malignus,
805 4503 1045 4557 timentes
1064 4514 1244 4557 autem
1288 4504 1572 4559 Dominum
1602 4506 1888 4576 gloriﬁcat.
1912 4507 2046 4563 Uni-

468 4592 674 4661 cuique
735 4592 1037 4664 condigna,
1114 4605 1176 4650 ut
1227 4597 1408 4662 decet,
1462 4599 1774 4653 distribuit.
1814 4599 1950 4653 Nam
2001 4612 2056 4656 et

470 4681 779 4752 malignum
807 4684 966 4739 nihili
993 4686 1387 4742 aestimandum
1450 4697 1630 4760 putat,
1687 4693 1909 4746 tametsi
1960 4693 2056 4747 ille

469 4770 682 4829 divitiis
716 4775 956 4830 fortasse
989 4785 1083 4830 aut
1131 4778 1419 4833 nobilitate
1465 4780 1754 4848 glorietur,
1804 4793 1901 4835 aut
1950 4783 2059 4836 alio

472 4864 772 4933 Splendore
797 4867 982 4923 clarus
1006 4869 1288 4925 videatur:
1339 4874 1393 4925 et
1444 4873 1707 4927 timentes
1762 4875 2055 4928 Dominum

472 4955 873 5025 magnipendit,
929 4957 1071 5014 licet
1099 4960 1335 5016 adversa
1383 4961 1744 5016 detineantur
1790 4964 2055 5018 fortuna:

473 5043 633 5100 Beati
666 5048 814 5102 enim
843 5066 1022 5106 omnes
1056 5052 1145 5121 qui
1186 5053 1369 5107 timent
1403 5053 1686 5108 Dominum
1718 5052 1783 5107 “.

550 5226 719 5284 Vens.
750 5228 806 5286 5.
860 5229 965 5296 Qui
1014 5232 1172 5302 jurat
1212 5233 1458 5303 proximo
1490 5248 1585 5287 suo
1627 5242 1677 5287 et
1709 5249 1813 5287 mm
1836 5238 2056 5302 spernit.

477 5320 705 5391 Antiqui
737 5324 1215 5380 continuationem
1262 5328 1538 5382 sermonis
1560 5325 1938 5394 jnramentum
1965 5341 2061 5394 ap-

2220 3386 2330 3442 Kai
2352 3386 2743 3458 ὀνειδισμοὺς
2773 3390 2887 3442 οὐκ
2917 3388 3140 3443 ἐλαϐεν
3173 3388 3275 3443 ἐπὶ
3310 3389 3434 3452 τοῖς
3474 3389 3743 3460 ἔγγιστα

2147 3479 2358 3533 αὑτοῦ.
2392 3479 2605 3533 Ταὺτδν
2661 3478 2894 3549 ἔγγιστα
2923 3480 3019 3532 καὶ
3053 3478 3316 3546 πλησίον·
3387 3480 3483 3534 καὶ
3525 3480 3586 3543 ὃς
3625 3480 3738 3535 οὐκ

2148 3571 2343 3624 ἐλαϐεν
2363 3572 2691 3643 ὀνειδισμὸν.
2728 3572 2980 3643 καθάπερ
3009 3572 3193 3635 ὅπλον,
3223 3571 3316 3625 ἐπὶ
3349 3572 3462 3626 τῶν
3499 3572 3739 3640 ἔγγιστα

2150 3663 2648 3729 αὐτοῦ,τούτεστιν,
2683 3663 2744 3727 δς
2782 3664 2885 3718 οὐκ
2914 3664 3197 3717 ὠνείδισεν
3243 3664 3440 3728 αὐτοὺς
3471 3664 3739 3735 πλημμε-

2149 3757 2444 3826 λήσαντας,
2499 3755 2533 3826 ἢ
2585 3754 2970 3826 πηρωθέντας,
3007 3756 3040 3825 ἢ
3070 3754 3247 3818 ἄλλως
3273 3754 3635 3824 ἀτυχοῦντας.
3666 3754 3736 3809 '0

2154 3850 2255 3917 μὲν
2313 3846 2424 3917 γὰρ
2469 3846 2796 3917 ὀνειδισμὸς,
2857 3847 3011 3910 τέλος
3058 3846 3172 3917 ἔχει
3226 3846 3558 3918 κωμῳδίαν·
3617 3849 3738 3902 ὁδὲ

2150 3940 2395 4010 ἔλεγχος,
2432 3937 2722 4008 διόρθωσιν
2788 3937 3154 4008 πταίσματος.
3193 3939 3359 3991 Ὀθεν
3389 3938 3481 3990 τὸν
3505 3938 3753 4008 ἔλεγχον

2154 4035 2277 4104 μὲν,
2303 4033 2395 4084 ἐπὶ
2434 4031 2586 4100 καλῷ
2614 4030 3000 4101 λαμϐάνομεν·
3051 4030 3311 4084 οὐδέποτε
3350 4030 3406 4085 δὲ
3461 4030 3553 4085 τὸν
3584 4031 3737 4084 ὀνει-

2149 4122 2367 4195 δισμὸν,
2399 4121 2475 4187 ὡς
2499 4122 2913 4178 ἐναντιώτατον.

2239 4393 2667 4458 Ἐξουδένωται
2702 4391 2961 4446 ἐνώπιον
3011 4391 3200 4445 αὑτοῦ
3227 4393 3738 4462 πονηρευόμενος.

2153 4486 2297 4555 τοὺς
2325 4486 2394 4538 δὲ
2420 4485 2836 4555 φοϐουμένους
2860 4486 2967 4537 τὸν
2997 4484 3218 4550 Κύριον
3244 4482 3498 4547 δοξάζει.
3550 4483 3742 4536 Διανέ-

2160 4596 2279 4649 μων
2307 4579 2418 4649 γὰρ
2447 4579 2670 4648 ἑκάστῳ
2700 4577 2770 4629 τὰ
2794 4577 2932 4646 πρὸς
2975 4576 3157 4643 ἀξίαν,
3181 4576 3272 4629 τὸν
3331 4576 3432 4644 μὲν
3476 4575 3738 4644 πονηρὸν,

2154 4673 2249 4726 καὶ⁵
2276 4671 2495 4735 οὐδενὸς
2516 4670 2667 4736 ἄξιον
2690 4672 2905 4742 ἡγεῖται
2925 4670 3344 4738 φαυλιζόμενος,
3365 4669 3469 4722 κᾶν
3497 4668 3737 4738 πλούτῳ,

2156 4766 2258 4819 κᾶν
2279 4765 2533 4834 εὐγενείᾳ
2574 4766 2744 4832 κομᾷ,
2779 4762 2884 4816 κᾶν
2912 4763 3051 4834 ἄλλῃ
3092 4760 3433 4831 περιφανείᾳ.
3477 4760 3739 4831 λαμπρό-

2154 4860 2319 4921 τατός
2366 4860 2520 4911 ἐστι’
2554 4858 2682 4919 τοὺς
2728 4857 2785 4909 δὲ
2820 4854 3196 4925 φοϐουμένους
3246 4855 3340 4907 τὸν
3377 4853 3535 4916 Θεὸν,
3566 4872 3739 4923 μεγα-

2156 4953 2329 5017 λύνει.
2366 4951 2470 5005 κᾶν
2497 4953 2556 5004 έν
2584 4954 2699 5015 τοῖς
2721 4952 2991 5012 ἐναντίοις
3038 4949 3393 5018 ἀτυχήμασιν
3444 4948 3743 5018 εὑρίσκων-

2158 5063 2251 5099 ται
2278 5063 2292 5076 ·
2334 5043 2623 5114 Μακάριοι
2680 5045 2792 5114 γὰρ
2850 5042 3079 5108 πάντες
3128 5046 3183 5096 οὶ
3221 5042 3587 5110 φοϐούμενοι
3636 5040 3746 5095 τὸν

2162 5137 2402 5204 Κύριον.

2243 5229 2307 5281 '0
2325 5228 2575 5297 ὀμνύων.
2588 5226 2669 5291 τῷ
2685 5225 2962 5292 πλησίον
2982 5223 3192 5287 αὑτοῦ,
3226 5223 3327 5277 καί
3355 5225 3469 5278 οὐκ
3491 5222 3741 5279 ἀθετῶν.

2160 5320 2234 5372 Τὸ
2258 5320 2502 5390 ὀμνύειν,
2536 5319 2656 5372 ἀντὶ
2672 5318 2768 5370 τοῦ
2801 5316 3248 5371 διαϐεϐαιοῦσθαι
3278 5314 3742 5386 παραλαμϐάνου-

478 5414 784 5483 pellabant.
818 5416 1207 5479 Juramentum
1253 5420 1398 5473 enim
1426 5419 1561 5473 nihil
1595 5419 1743 5474 aliud
1784 5428 1870 5476 cst
1896 5434 2043 5487 quan

2170 5430 2254 5467 σιν
2291 5413 2340 5465 οἱ
2366 5412 2742 5481 παλαιότεροι.
2776 5413 2979 5481 Ὅρκος
3021 5408 3133 5479 γὰρ
3165 5408 3322 5461 οὐδὲν
3356 5408 3547 5478 ἕτερόν
3574 5410 3742 5472 ἐστιν,

479 5506 754 5562 dictorum
806 5511 1185 5577 confirmatio,
1242 5513 1295 5566 in
1338 5527 1447 5582 qua
1475 5521 1671 5568 testem
1719 5514 2043 5583 asstnnimm

2167 5505 2200 5575 ἦ
2234 5504 2523 5576 βεϐαίωσις
2570 5503 2755 5572 λόγου,
2820 5502 3075 5572 μάρτυρα
3106 5499 3615 5571 παραλαμϐάνουσα
3655 5498 3755 5551 τὸν

481 5599 671 5654 Deum.
706 5599 774 5654 Et
798 5602 913 5672 lege
929 5603 1154 5672 quidem
1174 5612 1401 5674 antiqua
1426 5605 1800 5676 jnramentum
1836 5619 2043 5659 concrs

2168 5597 2323 5652 Θεόν.
2360 5598 2432 5650 Ἦ
2463 5596 2558 5650 καὶ
2587 5598 2653 5665 τῇ
2686 5593 2894 5663 παλαιᾷ
2921 5592 3218 5662 νομοθεσία
3251 5590 3746 5663 συγκεχωρημένος

482 5705 603 5746 sum
658 5705 800 5760 erat,
842 5693 897 5748 in
922 5710 1033 5765 quo
1078 5695 1173 5752 Dei
1231 5712 1454 5762 nomen,
1502 5696 1571 5754 ad
1625 5696 2043 5754 confirmattdan

2167 5689 2236 5766 ἦν
2289 5695 2316 5748 ό
2370 5690 2515 5747 κατά
2550 5688 2685 5743 Θεοῦ
2721 5688 3012 5759 γενόμενος
3054 5684 3262 5756 ἀληθὴς
3298 5685 3480 5754 ὅρκος,
3534 5683 3620 5737 ἵνα
3670 5680 3753 5752 μὴ

554 5871 598 5903 ³ο
625 5869 773 5929 Psal.
796 5889 1003 5939 cxxvtt,
1048 5877 1098 5940 Ι,
