4116 6452
423 384 535 458 193

1619 390 2012 454 COMMENT.
2037 391 2121 453 IN
2161 390 2530 451 PSALMOS.

3617 397 3726 464 194

426 509 576 567 κατὰ
619 506 729 563 τῶν
770 503 1016 560 είδώλων
1063 503 1380 576 ὀμνύοντες,
1435 504 1902 577 συλαγωγηθεῖεν.
1964 507 2020 559 'U

2127 506 2412 560 veritatem
2453 502 2858 572 proferebatur,
2910 519 2979 558 no
3016 519 3112 575 per
3158 505 3302 562 idola
3343 508 3598 568 fortassis
3626 517 3721 583 ju-

425 603 487 655 δὲ
532 599 627 652 τοῦ
658 594 1003 665 Εὐαγγελίου
1031 596 1220 666 νόμος,
1269 596 1386 658 τοῖς
1425 595 1784 666 τελειοτέροις
1834 597 1901 649 τά
1936 614 2024 649 τε·

430 694 680 759 λειότερα
704 687 1042 757 νομοθετῶν,
1070 688 1425 741 παντάπασιν
1441 687 1534 741 τὸν
1550 687 1714 757 ὅρκον
1741 687 2020 756 ἐξέκοψεν.

431 782 558 834 Εἰσὶ
615 779 670 832 δέ
719 793 867 840 τινες
916 777 1071 844 λόγοι
1119 777 1380 847 σχήματα
1427 776 1527 845 μὲν
1560 777 1742 847 ὅρκων
1781 777 2022 847 ἔχοντες.

427 876 533 942 οὐχ
575 873 727 943 ὅρκοι
754 870 814 922 δὲ
851 867 1030 934 ὄντες,
1064 868 1200 922 ἀλλὰ
1226 867 1496 940 Θεραπεία
1524 869 1662 937 πρὸς
1698 868 1823 931 τοὺς
1853 867 2022 921 ἀκού-

426 981 615 1026 οντας·
666 962 758 1030 Νὴ
810 961 926 1028 τὴν
993 961 1203 1029 ὑγείαν
1243 960 1472 1028 Φαραώ,
1506 961 1673 1032 φησι·
1734 963 1830 1013 καὶ
1886 963 2025 1031 πρὸς

429 1056 757 1126 Κορινθίους
777 1053 1146 1116 ὁἊπόστολος
1167 1070 1181 1084 ·
1215 1053 1307 1121 Νὴ
1334 1052 1452 1121 τὴν
1480 1053 1778 1120 ἡμετέραν
1801 1055 2026 1124 καύχη-

426 1167 538 1202 σιν
567 1167 582 1179 ·
617 1148 802 1201 Τόπον
825 1146 882 1199 δὲ
920 1147 1269 1216 Χριστιανοῖς
1299 1147 1479 1216 ὅρκων
1516 1145 1545 1196 6
1571 1145 1858 1209 θεσπέσιος
1887 1165 2023 1200 κατ-

428 1240 590 1291 έλιπε
671 1236 880 1299 Παῦλος
902 1252 917 1266 ο
941 1235 1188 1304 Μάρτυς
1215 1235 1326 1304 μοῦ
1359 1236 1534 1290 ἐστιν
1575 1240 1608 1290 ὁ
1639 1237 1808 1303 Θεὸς,
1843 1232 1892 1305 ᾧ
1919 1241 2024 1292 λα-

427 1331 621 1396 τρεύω
650 1327 722 1380 ὲν
751 1326 831 1392 τῷ
881 1327 1178 1394 πνεύματί
1201 1344 1342 1396 μου.
1375 1329 1484 1380 Καὶ
1510 1327 1674 1381 πάλιν
1695 1346 1708 1359 ·
1743 1329 2026 1398 Μάρτυρα

431 1427 544 1474 τὸν
571 1423 724 1475 Θεὸν
751 1419 1172 1490 ἐπικαλοῦμεν
1195 1437 1210 1451 ·
1236 1421 1334 1474 καὶ
1365 1422 1436 1475 τὰ
1461 1421 1708 1476 τοιαῦτα.

509 1520 586 1572 Τὸ
605 1519 896 1588 ἀργύριον
931 1516 1121 1570 αὐτοῦ
1145 1518 1258 1570 οὐκ
1287 1517 1516 1571 ἔδωκεν
1544 1517 1644 1571 ἐπὶ
1674 1519 1848 1590 τόκῳ.
1896 1520 2024 1582 Τοῖς

426 1611 690 1683 ἀρχαίοις
739 1610 862 1662 λίαν
920 1608 1295 1663 ἐπονείδιστον
1347 1604 1418 1680 ἦν
1445 1610 1480 1680 ἡ
1512 1610 1886 1680 τοκογλυφία,
1924 1611 2022 1663 καὶ

428 1703 684 1773 αἰσχρὸν,
710 1699 806 1756 καί
841 1701 1227 1755 κατάπτυστον
1250 1715 1265 1731 ·
1299 1702 1328 1754 6
1357 1703 1468 1772 γάρ
1501 1702 1776 1771 ἐλεήμων,
1810 1705 1869 1755 ὲν
1895 1721 2019 1755 καιο

433 1797 512 1869 ρῷ
549 1792 837 1859 δανείζων,
889 1793 1178 1864 ἀγαπητὸν
1205 1794 1422 1864 ἡγεῖται
1473 1795 1635 1864 μόνον
1665 1794 1962 1848 ἀπολαϐεῖν
1991 1795 2019 1846 ὃ

2139 610 2326 651 tantes
2388 597 2823 652 sedttccrentur:
2886 615 3071 652 verum
3133 601 3411 672 Evangelii
3461 605 3722 676 lex,qu:e

2133 689 2555 758 perfectioribns
2608 688 2929 756 perfectiora
2984 692 3286 756 mandavit,
3336 697 3716 766 juramentum

2133 780 2352 850 penitus
2367 778 2600 834 abscidit
2619 797 2634 844 ;
2655 781 2870 834 tametsi
2893 781 3148 852 loquendi
3166 785 3310 838 modi
3327 788 3549 856 quidam
3569 803 3724 857 sunt,

2132 869 2226 938 qui
2253 869 2553 938 juramenti
2585 870 2814 923 formam
2856 872 3177 942 prmseferre
3199 879 3509 944 vidcantur,
3541 892 3594 934 ct
3622 882 3718 951 ju-

2129 973 2373 1013 ramenta
2398 973 2524 1014 vere
2539 975 2647 1014 non
2678 968 2842 1022 sunt,
2867 963 2960 1016 sed
2989 965 3039 1015 in
3065 969 3422 1021 reverentiam
3445 980 3536 1022 aut
3557 972 3725 1027 obse-

2132 1050 2320 1121 quium
2343 1049 2684 1104 audientium
2704 1051 2782 1104 sic
2806 1054 3025 1121 prolati,
3044 1065 3101 1108 ut
3120 1057 3250 1110 illud
3279 1077 3291 1112 ε
3318 1058 3420 1112 Per
3437 1063 3722 1116 sanitatem

2133 1139 2456 1195 Pharaonis.
2492 1141 2622 1194 Item
2652 1141 2783 1194 illud
2811 1141 2960 1196 Pauli
2992 1143 3057 1196 ad
3081 1146 3394 1203 Corinthios
3433 1167 3446 1202 :
3478 1151 3581 1204 Per
3609 1154 3726 1223 glo-

2129 1233 2408 1284 riationem
2431 1232 2542 1301 (54)
2563 1235 2876 1288 vestram".
2896 1233 3150 1291 Formam
3173 1254 3301 1293 vero
3320 1241 3617 1310 juramenli
3639 1245 3724 1300 di-

2130 1340 2231 1378 vus
2254 1324 2455 1378 Paulus
2472 1325 2804 1380 Christianis
2827 1327 3280 1397 reliquitdicens:
3307 1332 3477 1389 Testis
3494 1349 3571 1390 est
3593 1340 3722 1392 milii

2130 1415 2271 1468 L‘cus
2285 1433 2438 1485 quem
2459 1417 2574 1470 colo
2593 1417 2636 1448 ¹²
2659 1436 2672 1484 ;
2693 1427 2747 1471 et
2767 1434 2959 1475 rursus
2985 1439 2998 1474 :
3026 1421 3225 1477 Testem
3243 1424 3411 1480 Deum
3431 1428 3633 1482 invoco.
3656 1430 3722 1486 ".

2195 1509 2484 1579 Argentum
2517 1527 2675 1564 suum
2708 1529 2811 1566 non
2851 1512 2997 1567 dedit
3022 1517 3092 1568 ad
3115 1534 3359 1574 usuram.
3398 1521 3556 1592 Apud
3584 1524 3725 1578 anti-

2125 1617 2265 1672 quos
2280 1617 2445 1656 usura
2465 1619 2686 1658 summo
2702 1607 2754 1659 in
2790 1606 3062 1663 dedecore
3085 1620 3203 1666 erat
3225 1619 3391 1682 atquc
3419 1617 3724 1685 exprobra-

2126 1692 2306 1746 lione.’
2331 1692 2464 1748 Nam
2507 1699 2600 1765 qui
2648 1699 2973 1754 misericors
2999 1710 3105 1764 est,
3149 1711 3204 1756 et
3244 1718 3553 1774 opportuno
3579 1718 3723 1762 tem-

2125 1798 2258 1852 pore
2319 1797 2570 1842 mutuum
2619 1799 2863 1858 praestat,
2901 1791 3126 1862 dignum
3178 1794 3351 1860 ducit,
3406 1798 3456 1852 id
3505 1807 3719 1855 ιιιιιιιιιη

427 1891 656 1944 δέδωκε.
698 1888 893 1942 Νοοῖτο
924 1887 970 1940 δ’
1000 1888 1070 1942 ἂν
1103 1888 1199 1941 καὶ
1231 1886 1428 1952 οὕτως,
1481 1888 1564 1940 ὅτι
1591 1886 1684 1941 τὸν
1713 1888 1845 1957 περὶ
1874 1889 2020 1940 εὐσε-

2133 1876 2379 1943 recipere
2425 1877 2572 1945 quod
2618 1877 2792 1932 dedit.
2839 1878 2904 1932 Et
2938 1881 3099 1936 aliter
3140 1883 3368 1956 intelligi
3418 1897 3619 1957 potest,
3653 1891 3728 1946 de

431 1983 589 2046 ϐείας
646 1981 829 2049 λόγον,
885 1980 943 2042 ὃς
978 1980 1132 2034 ἐστιν
1177 1978 1444 2050 ἀργύριον
1475 1977 1700 2048 δόκιμον
1729 1981 1926 2054 ’τῇ-γῇ,
1964 1979 2027 2030 οὐ

433 2071 772 2126 κατεϐάλετο
792 2071 953 2141 χάριν
982 2068 1076 2122 τοῦ
1100 2069 1437 2140 κομίσασθαί
1461 2086 1514 2122 τι
1538 2072 1853 2139 σωματικὸν
1883 2072 2027 2138 ἀγα·

433 2166 549 2229 θδν,
575 2164 713 2218 ἀλλὰ
733 2166 938 2234 προῖκα
974 2163 1072 2217 καὶ¹
1097 2162 1294 2233 ἀμισθὶ
1327 2162 1540 2226 πάντας
1563 2162 1793 2227 ἐδίδαξε.

525 2427 625 2481 Καὶ
672 2425 830 2494 δῶρα
879 2425 976 2478 ἐπ’
1019 2423 1231 2492 ἀθώοις
1267 2427 1381 2479 οὐκ
1409 2425 1642 2479 ἔλαϐεν.
1693 2423 1922 2478 Ἕνεκεν
1963 2427 2026 2478 ἁ-

449 2519 599 2572 θὼων
618 2536 634 2550 ·
661 2518 804 2572 ὥστε
841 2517 1048 2589 βλάψαι
1080 2518 1210 2581 τοὺς
1235 2517 1540 2581 ἀναιτίους.

519 2702 581 2754 '0
602 2701 792 2755 ποιῶν
807 2701 1018 2766 ταῦτα,
1036 2701 1108 2755 οὐ
1127 2698 1575 2766 σαλευθήσεται
1593 2701 1672 2765 εις
1693 2699 2022 2753 τὸν-αἰῶνα.

429 2793 913 2864 Διαζωγραφήσας
970 2791 1064 2845 τὸν
1119 2793 1202 2854 είς
1252 2792 1457 2864 ἀρετὴν
1499 2791 1736 2853 τέλειον;
1779 2791 2022 2861 ἐπέθηκε

424 2887 509 2956 τῷ
538 2887 684 2957 λόγῳ
708 2886 860 2948 τέλος
893 2883 1120 2950 ἐπάξιον
1140 2927 1154 2940 .
1174 2885 1233 2938 Ὁ
1258 2882 1429 2937 ποιῶν
1459 2883 1590 2954 γὰρ,
1619 2883 1772 2954 φησὶ,
1792 2883 1860 2936 τά
1890 2901 2023 2950 προ-

425 2981 724 3050 ειρημένα,
783 2980 994 3043 τέλειος
1033 2979 1130 3043 ὢν,
1182 2978 1242 3031 οὐ
1285 2977 1800 3047 παρακινηθήσεται
1828 2977 1925 3045 τῆς
1965 2979 2022 3029 ὲν

421 3070 553 3140 Θεῷ
583 3071 814 3140 βάσεως.
859 3069 933 3123 Τὸ
975 3069 1053 3134 δὲ,
1079 3070 1184 3135 Εἰς
1219 3070 1327 3123 τὸν
1356 3067 1566 3133 αἰῶνα,
1599 3069 1722 3122 ἀντὶ
1771 3067 1889 3134 τοῦ,
1934 3062 2023 3120 διὰ

427 3168 674 3228 παντός’
697 3165 730 3233 ἦ
785 3163 929 3218 κατὰ
976 3163 1068 3216 τὸν
1110 3162 1360 3233 παρόντα
1398 3161 1536 3232 βίον.
1577 3159 1639 3214 Ei
1665 3161 1720 3214 δὲ
1753 3161 1897 3214 κατὰ
1928 3160 2021 3214 τὸν

425 3254 701 3325 παρόντα,
733 3253 916 3323 πολλῷ
951 3254 1154 3324 μᾶλλον
1189 3252 1332 3307 κατὰ
1354 3252 1446 3306 τὸν
1475 3252 1764 3322 μέλλοντα.

2133 1981 2198 2020 eo
2227 1968 2319 2036 qui
2357 1967 2546 2026 divina
2578 1969 2823 2039 eloquia,
2871 1989 2996 2041 qua:
3025 1983 3313 2043 argentum
3356 1979 3479 2047 igne
3509 1983 3723 2035 exarui-

2133 2068 2325 2112 natum
2392 2075 2457 2114 ac
2523 2070 2686 2117 terrae
2726 2064 3015 2132 probatum
3056 2069 3423 2136 appelluntur,
3463 2088 3530 2125 co
3583 2090 3724 2143 prte-

2134 2161 2285 2205 textu
2327 2153 2472 2220 apud
2524 2155 2763 2224 aliquem
2792 2174 2896 2210 non
2928 2157 3207 2227 deposuit,
3249 2173 3305 2215 ut
3338 2163 3487 2217 illinc
3517 2165 3730 2221 bonum

2133 2246 2357 2316 aliquod
2413 2258 2701 2303 externum
2749 2262 3058 2319 reportaret
3113 2256 3410 2325 :qniuimo
3439 2260 3608 2326 gratis
3656 2277 3722 2315 ac

2131 2339 2254 2395 sine
2282 2340 2536 2395 mercede
2561 2339 2756 2396 omnes
2788 2343 2994 2397 docuit.

2205 2429 2273 2483 Et
2323 2447 2541 2485 munera
2613 2448 2772 2500 super
2825 2433 3157 2490 innocente»:
3219 2454 3323 2491 non
3363 2441 3586 2508 accepit.
3619 2441 3724 2509 Qui

2130 2527 2356 2587 propter
2384 2520 2735 2576 innocentem
2765 2524 2976 2577 nullum
3015 2541 3219 2582 munus
3246 2530 3451 2599 recepit
3476 2547 3491 2583 :
3532 2542 3590 2586 ut
3618 2549 3722 2588 eos

2130 2609 2387 2665 videlicet
2414 2611 2633 2667 laederet
2665 2614 2758 2683 qui
2787 2615 3034 2670 insontes
3064 2628 3216 2673 sunt.

2204 2703 2308 2768 Qui
2373 2704 2504 2772 facit
2535 2703 2664 2769 Itazc,
2717 2724 2820 2762 non
2881 2711 3291 2768 commovebitur
3333 2715 3388 2768 in
3441 2717 3718 2773 saeculum.

2128 2793 2265 2847 Cum
2332 2794 2625 2866 deseripsit
2680 2795 2951 2867 Propheta
2999 2802 3173 2855 virum
3231 2819 3449 2860 summa
3515 2810 3718 2864 virtute

2129 2885 2455 2953 praeditum,
2504 2889 2744 2941 sermoni
2769 2903 2871 2941 suo
2894 2891 3231 2959 condignum
3257 2894 3416 2950 linem
3433 2901 3715 2967 apposuit:

2127 2974 2231 3041 Qui
2261 2974 2412 3037 facit,
2439 2976 2640 3046 inquit,
2665 2993 2727 3032 ea
2751 2994 2874 3048 qua:
2905 2980 3050 3036 dicta
3084 2993 3234 3047 sunt,
3265 2987 3434 3041 veluti
3464 3005 3530 3043 ex
3561 2995 3713 3046 omni

2128 3073 2283 3134 parte
2329 3067 2627 3137 perfectus,
2689 3085 2970 3139 nunquam
3029 3089 3057 3127 a
3109 3076 3384 3133 soliditate
3426 3081 3514 3134 illa
3561 3097 3716 3137 com-

2128 3158 2458 3222 movebitur,
2506 3169 2600 3213 aut
2661 3163 2989 3230 stabilitate,
3045 3181 3208 3235 quam
3256 3171 3308 3224 in
3357 3170 3468 3226 Deo
3524 3174 3713 3233 habet.

2043 3213 2088 3276 Ο
2122 3249 2191 3302 Et
2225 3250 2370 3316 quod
2424 3213 2522 3316 ait,
2563 3249 2628 3305 In
2673 3213 3716 3332 ιιι-εαίιιιιι-,ἾῘιίιξὶιςηἰίίἔειιυίῖιῑοίίῒιλιιιιίζ

423 3364 621 3418 quam.
658 3349 752 3403 Vel
790 3352 955 3404 etiam
999 3362 1107 3405 non
1151 3347 1588 3402 commovebitur
1638 3347 1695 3400 in
1744 3347 1998 3416 praesenti
2035 3345 2263 3408 saeculo,
2300 3345 2402 3398 hoc
2436 3354 2517 3400 est
2565 3346 2618 3398 in
2661 3349 2914 3414 praesenti
2971 3351 3077 3404 vita
3125 3369 3138 3404 :

3196 3354 3341 3422 quod
3386 3357 3432 3412 si
3475 3357 3529 3411 in
3584 3373 3722 3428 prae.

425 3443 569 3498 senti
593 3443 793 3497 szeculo
825 3456 934 3496 non
960 3441 1413 3505 conunovebitur,
1438 3438 1612 3496 multo
1642 3441 1824 3494 minus
1863 3439 1917 3493 in
1943 3440 2150 3492 futuro.

821 3537 1248 3605 Στηλογῖραφία
1276 3533 1358 3600 τῷ
1391 3535 1574 3589 Δαϐίδ

1013 3627 1295 3704 samum:
1339 3625 1439 3681 lE'.

497 3719 725 3790 Στῆλαι.
761 3720 853 3772 καὶ
881 3719 1115 3783 εἰκόνες,
1152 3719 1246 3772 καὶ
1272 3718 1591 3789 ἀνδριάντες
1622 3721 1735 3781 τοῖς
1764 3717 2022 3788 ἀριστεῦ-

428 3832 516 3867 σιν
553 3815 630 3875 εἰς
690 3812 1080 3876 άνεξάλειπτον
1107 3810 1264 3875 κλέος
1301 3811 1764 3880 άπονενέμηνται,
1809 3811 2020 3881 κηρύτ-

423 3925 521 3959 του
533 3923 622 3959 σαι
647 3907 748 3977 τὴν
779 3905 1006 3959 ἐκείνων
1025 3904 1417 3975 ἀνδραγαθίαν.
1447 3903 1614 3956 Ὅθεν
1637 3903 1762 3957 ἀντὶ
1789 3905 2016 3967 τούτων,

423 4003 453 4051 6
494 3998 691 4068 παρὼν
729 3997 948 4068 ψαλμδς
975 3997 1194 4067 ὲνετέθη
1231 3997 1310 4067 τῷ
1337 3999 1535 4068 νικητῇ
1565 3995 1810 4066 Χριστῷ,
1871 3996 2013 4049 καθ-

431 4090 612 4143 ελόντι
648 4088 724 4159 τῷ
759 4087 856 4141 τοῦ
889 4087 1129 4158 σταυροῦ
1158 4088 1345 4158 δόρατι
1374 4086 1469 4141 καὶ
1505 4086 1598 4140 τὸν
1640 4087 1892 4149 θάνατον,
1927 4084 2023 4138 καὶ

420 4182 518 4232 τὸν
559 4180 621 4232 τὸ
667 4178 864 4250 κράτος
913 4177 1106 4249 ἔχοντα
1157 4177 1253 4230 τοῦ
1282 4176 1517 4230 θανάτου
1547 4176 1818 4230 διάϐολον.
1883 4175 2012 4228 Ἀν-

424 4273 879 4343 αμαρτήτουγὰρ
935 4269 1246 4341 μείναντος,
1298 4267 1423 4322 οὔτε
1476 4269 1511 4340 ὴ
1543 4269 1690 4338 ψυχὴ
1730 4267 1897 4322 αὑτοῦ
1945 4267 2024 4337 τῷ

425 4364 537 4436 ᾄδῃ
571 4361 996 4432 ἐγκατελείφθη,
1038 4360 1274 4431 μάλιστα
1303 4362 1398 4415 καὶ
1428 4361 1777 4416 σκυλεύσασα
1805 4360 2018 4426 τοῦτον,

421 4457 555 4508 οὗτε
585 4457 619 4523 ἡ
656 4454 792 4524 σὰρξ
828 4452 936 4508 εῐδε
983 4452 1312 4524 διαφθορὰν,
1364 4453 1664 4525 τριήμερος
1710 4452 2018 4517 ἀναστᾶσα,

425 4549 561 4618 περὶ
579 4542 640 4603 οὗ
681 4549 778 4602 καὶ
808 4548 1014 4620 Πέτρος
1055 4550 1084 4601 6
1132 4547 1456 4610 Ἀπόστολος
1491 4548 1550 4599 ὲν
1577 4549 1644 4618 τῇ
1693 4545 1863 4617 βίϐλῳ
1911 4545 2020 4598 τῶν

428 4643 693 4712 Πράξεων
725 4640 995 4707 διέλαϐεν,
1031 4639 1365 4711 ὲφαρμόζων
1393 4641 1484 4692 τὸν
1515 4640 1761 4709 παρόντα
1778 4637 2018 4708 ψαλμὸν.

439 4735 569 4787 Ἐπὶ
598 4737 711 4798 τοῖς
743 4735 969 4798 οἰκείοις
997 4731 1092 4787 οὖν
1116 4731 1511 4804 κατορθώμασι
1535 4731 1636 4802 τὴν
1669 4731 1875 4802 στήλην
1887 4730 2019 4784 ταὺ-

2511 3532 2679 3587 Tituli
2706 3536 2986 3604 inscriptio
3017 3539 3121 3603 ipsi
3149 3538 3341 3597 David.

2661 3624 2986 3683 PS\L.\IUS
3037 3628 3153 3684 XV.

2193 3715 2390 3788 [Apud
2419 3717 2660 3783 Grzecos,
2705 3735 2802 3788 pro
2837 3721 2978 3775 tituli
3013 3723 3379 3792 inscriptione
3407 3729 3713 3802 στηλογρκ-

2113 3799 2254 3876 ’φίαν
2314 3811 2545 3880 legimus
2586 3829 2754 3882 :quae
2806 3815 2977 3868 dictio
3037 3825 3233 3872 statua:
3283 3836 3378 3875 seu
3447 3799 3718 3877 colmnnze

2121 3900 2306 3968 potius
2371 3902 2799 3971 inscriptionem
2845 3907 3120 3977 signiﬁcat
3155 3925 3317 3979 quam
3365 3912 3567 3985 tituli].
3601 3915 3720 3971 Mos

2122 4001 2306 4045 autent
2335 4003 2454 4047 erat
2501 3996 2767 4064 antiquis,
2804 4005 2861 4050 ut
2907 4001 3218 4064 columnas,
3271 4004 3563 4073 imagines,
3617 4018 3719 4060 aut

2122 4089 2361 4146 statuas,
2422 4095 2649 4140 strenue
2712 4089 3078 4144 militantibus
3127 4091 3258 4147 viris
3305 4094 3358 4146 in
3397 4105 3716 4166 perpetuam

2123 4185 2393 4242 ponerent
2453 4179 2795 4234 memoriam.
2838 4180 2984 4233 Loco
3035 4182 3205 4250 igitur
3251 4183 3573 4254 bujusmodi
3619 4203 3718 4242 co-

2124 4265 2328 4320 lumnae
2345 4278 2440 4320 aut
2465 4277 2661 4323 statua:
2701 4287 2941 4340 praesens
2975 4272 3230 4341 Psalmus
3249 4276 3446 4330 victori
3486 4278 3716 4335 Christo

2121 4361 2479 4427 conscriptus
2532 4370 2618 4415 est
2669 4379 2684 4416 :
2736 4363 2830 4431 qui
2901 4365 2980 4418 uti
3027 4374 3291 4423 strenuus
3332 4369 3490 4424 miles
3529 4371 3712 4426 crucis

2114 4446 2323 4516 jaculo,
2364 4457 2418 4500 et
2444 4462 2676 4504 mortem
2716 4452 2920 4521 ipsam,
2959 4463 3015 4510 et
3061 4458 3258 4511 mortis
3288 4458 3500 4527 pariter
3535 4459 3712 4530 impe-

2122 4539 2263 4590 rium
2328 4538 2672 4594 obtinentem
2705 4540 2987 4597 diabolum
3029 4543 3327 4610 destruxit,
3365 4545 3496 4599 dum
3544 4562 3609 4601 ex
3645 4564 3712 4603 co

2119 4629 2263 4696 quod
2321 4639 2608 4699 peccatum
2667 4647 2776 4687 non
2828 4633 2976 4698 fecit,
3013 4635 3197 4689 anima
3229 4637 3353 4704 ejus
3400 4637 3455 4691 in
3495 4638 3712 4693 inferno

2123 4721 2314 4775 relicta
2352 4737 2458 4776 non
2506 4732 2628 4788 est;
2663 4725 2920 4795 quinimo
2969 4727 3247 4781 infernum
3281 4730 3469 4798 patins
3507 4733 3712 4801 spolia-

423 4844 530 4896 την
559 4825 831 4896 ἀνέστησε
890 4825 982 4879 διὰ
1010 4824 1262 4896 γλώττης
1286 4826 1382 4879 τοῦ
1424 4825 1591 4879 Δαϐὶδ
1617 4827 1645 4879 6
1678 4823 1892 4894 Σωτὴρ,
1918 4823 2015 4876 τοῦ

2125 4814 2223 4875 vit,
2268 4829 2368 4869 nec
2403 4817 2570 4870 etiam
2598 4817 2719 4886 ejus
2751 4833 2883 4872 caro
2913 4820 3044 4874 vidit
3091 4825 3531 4892 corruptionem,
3586 4841 3714 4881 cum

431 4918 710 4986 παναγίου
751 4917 1068 4988 Πνεύματος
1107 4917 1521 4988 ξμπνεύσαντος
1559 4917 1651 4970 καὶ
1693 4917 2019 4986 κινήσαντος

424 5011 523 5060 τὸν
557 5008 868 5078 προφήτην.
915 5007 1251 5080 Ἀναγράφει
1291 5007 1347 5061 δὲ
1399 5007 1461 5060 τὸ
1511 5002 1653 5071 εἶδος
1684 5007 1786 5077 τῆς
1837 5004 2018 5074 νίκης,

426 5099 530 5152 καὶ
560 5099 662 5152 ὅσα
693 5098 802 5168 πρὸ
828 5096 924 5151 τοῦ
958 5098 1148 5163 τέλους
1180 5097 1348 5152 αὐτοῦ
1379 5097 1622 5168 ἐγένετο.

2119 4911 2281 4965 tertia
2313 4913 2505 4967 mortis
2525 4915 2613 4968 die
2643 4918 3005 4972 resurrexerit
3025 4936 3038 4971 :
3062 4917 3128 4972 de
3161 4934 3265 4988 qua
3295 4919 3502 4976 Christi
3531 4937 3716 4977 resur-

2121 5004 2372 5059 rectione
2424 5005 2621 5062 Petrus
2655 5011 2960 5078 apostolus.
3005 5011 3060 5064 in
3091 5012 3235 5066 libro
3273 5014 3567 5068 Actionum
3598 5014 3717 5069 dis-

2121 5111 2339 5163 serens,
2375 5103 2632 5169 praesenti
2661 5102 2763 5156 hoc
2787 5101 3008 5158 Psahno
3035 5105 3424 5161 auctoritatem
3446 5120 3514 5160 ac
3539 5106 3715 5160 robur

427 5193 598 5250 dictis
639 5195 756 5250 suis
807 5193 1008 5250 addere
1059 5193 1359 5250 arbitratus
1386 5203 1489 5248 cst.
1532 5191 1590 5246 In
1626 5191 1794 5247 rebus
1832 5191 2016 5258 itaque
2055 5204 2086 5244 a
2119 5205 2176 5246 se
2204 5194 2470 5262 prznclare
2499 5197 2671 5266 gestis
2697 5195 2974 5262 Salvator,
3014 5207 3252 5254 statuam
3328 5215 3427 5252 seu
3497 5200 3714 5251 colum-
3766 5197 3768 5199 ’

423 5303 554 5342 nam
603 5287 746 5342 hanc
791 5301 888 5358 per
935 5287 1177 5358 linguam
1246 5284 1391 5341 beati
1450 5283 1618 5338 David
1664 5282 1770 5338 sibi
1818 5283 2028 5337 erexit:
2107 5295 2301 5340 sancto
2351 5285 2612 5341 nimirum
2655 5286 2865 5356 Spiritu
2929 5291 3248 5360 prophetam
3300 5289 3607 5359 inspirante
3654 5294 3711 5342 ct

428 5385 575 5439 labia
597 5385 719 5454 ejus
754 5385 1054 5455 aperiente.
1095 5381 1370 5438 Describit
1416 5392 1624 5446 autem,
1656 5394 1763 5434 non
1801 5387 2013 5433 tantum
2056 5379 2302 5437 victoria:
2332 5398 2524 5453 genus,

420 5484 589 5537 linem
623 5486 777 5552 gesta
808 5485 962 5534 sunt.

418 5633 460 5664 "
505 5627 545 5684 ΙΙ
571 5627 705 5683 Cor.
738 5640 776 5688 t,
803 5621 897 5678 20.
987 5621 1030 5653 ¹¹
1057 5620 1217 5678 Rom.
1258 5637 1298 5684 I.
1342 5619 1398 5676 9.
1483 5619 1527 5652 ⁸³
1560 5618 1605 5674 ll
1637 5617 1766 5674 Cor.
1818 5630 1860 5682 ι,
1914 5616 2008 5672 25.

2625 5384 2722 5441 sed
2773 5394 2828 5442 et
2876 5397 3218 5455 quaecunque
3258 5390 3385 5435 ante
3466 5379 3712 5437 victoriae

1774 5731 1977 5796 Varia:
2002 5730 2334 5794 lectiones.

481 5880 598 5952 (54)
637 5877 840 5934 Graece
877 5869 1180 5941 ἡμετέραν,
1207 5880 1468 5936 nostram,
1511 5880 1614 5938 pro
1653 5878 1762 5937 quo
1787 5861 2019 5920 Latinus

2124 5867 2331 5929 lerpres
2364 5853 2497 5923 legit
2522 5847 2816 5921 ὑμετέραν.
