4116 6420
571 333 677 398 19.0

1780 331 2184 393 EUTIIYMII'
2209 334 2383 394 ZIGA
2396 334 2572 394 BENI

3712 329 3823 386 2ὓο

569 458 716 502 recte
741 447 1015 511 convenit,
1052 454 1105 501 ut
1134 447 1325 501 eadem
1361 462 1475 505 res,
1505 456 1557 501 et
1604 449 1781 515 portio
1808 450 2049 513 dicatur,
2079 460 2134 503 et

2249 449 2383 520 πρός.
2430 448 2759 502 Διδασκαλία
2803 447 2883 507 δέ,
2936 447 2998 499 τὸ
3057 448 3313 513 ποτήριον
3342 487 3357 509 ,
3406 444 3488 497 ὅτι
3548 444 3641 496 καὶ
3685 438 3833 506 οἶνος

572 539 815 604 divitia»,
847 552 900 595 et
943 540 1278 608 limrcditas;
1321 555 1382 592 ea
1430 541 1687 594 nimirum
1736 542 1966 603 ratione,
2015 544 2140 611 quia

2252 540 2415 609 αὕτη,
2445 541 2533 593 διὰ
2558 541 2616 593 τὸ
2644 540 2980 610 εὐφραίνειν,
3016 541 3111 591 xui
3141 539 3385 607 ἄμπελος
3417 538 3444 589 ὁ
3474 537 3735 605 Χριστός.

567 643 624 691 et
658 633 935 696 dividitur,
969 644 1021 687 et
1055 634 1179 702 quia
1213 633 1429 687 divitem
1460 636 1654 700 reddit,
1688 645 1743 689 et
1775 638 1904 704 quia
1948 622 2281 707 relinquitur
2306 654 2332 689 a
2359 638 2538 690 Patre.
2570 635 2724 689 Calix
2752 636 2913 689 etiam
2948 651 3044 705 pro
3101 634 3354 688 doctrina
3408 635 3581 701 accipi
3627 644 3829 703 poteSt,

573 742 696 796 quae
722 725 849 779 vino
883 726 1075 779 merito
1109 736 1483 793 comparatur,
1556 737 1611 780 et
1680 729 1805 797 quia
1850 728 2107 793 laetificat,
2136 739 2191 784 et
2220 729 2346 798 quia
2382 724 2637 780 Christus
2666 726 2819 778 vinea
2849 726 3149 794 appellatus
3204 733 3310 778 est.

643 814 719 868 Tu
773 833 826 869 es
884 817 975 884 qui
1034 817 1278 870 restitues
1340 817 1703 870 [nereditatem
1746 834 1915 871 meam
1986 820 2138 872 mihi.

570 905 772 961 Gentes
806 922 927 973 quae
956 907 1085 960 olim
1117 922 1147 959 a
1192 906 1350 960 Patre
1397 915 1560 975 atque
1590 922 1619 959 a
1647 906 1782 961 Filio
1808 919 1999 963 creata:
2029 909 2145 964 fue-

2312 814 2395 869 Σὺ
2440 810 2500 867 εἶ
2526 818 2559 868 ὁ
2590 813 3007 867 ἀποκαθιστῶν
3052 814 3167 881 τὴν
3222 817 3631 883 κληρονομίαν
3683 838 3808 887 μου

2240 904 2324 959 Τά
2346 907 2453 975 γὰρ
2472 905 2599 973 ἔθνη
2630 906 2860 974 πλάσμα
2894 906 2989 959 τοῦ
3021 906 3148 959 Υίοῦ
3178 907 3272 959 καὶ
3304 907 3439 960 Θεοῦ
3466 912 3832 980 τυγχάνοντα,

570 1007 713 1058 rant,
758 1008 809 1051 et
850 998 941 1052 Dei
1003 997 1319 1065 ﬁgmentum
1374 999 1717 1062 dicebautur,
1776 1001 2146 1056 discesserant

2249 998 2567 1067 ἀπέστησαν
2597 998 2676 1060 είς
2716 997 3187 1066 εἰδωλολατρείαν,
3230 995 3352 1051 εἶτα
3380 1000 3543 1052 πάλιν
3577 1003 3835 1056 ἀπεκατο

570 1090 643 1143 ab
676 1105 763 1154 eo,
797 1098 851 1143 et
878 1105 1159 1145 conversae
1194 1091 1258 1144 ad
1296 1090 1659 1153 idololatrias,
1688 1103 1963 1160 postremo
1979 1094 2025 1147 ei
2057 1108 2151 1162 per

574 1183 731 1236 fidem
766 1183 966 1237 iterum
1005 1187 1275 1238 restitutas
1307 1195 1434 1238 sunt
1468 1202 1483 1238 :
1520 1185 1664 1238 hanc
1715 1196 1895 1240 autem
1927 1189 2149 1240 restitu-

575 1275 744 1328 tionis
776 1279 1007 1344 eratiam
1046 1273 1243 1341 Filius,
1289 1278 1343 1331 iu
1374 1276 1590 1331 Patrem
1628 1288 1884 1345 tanquam
1920 1279 1973 1331 in
2004 1281 2152 1347 prin-

574 1368 777 1436 cipium
828 1368 1019 1423 refert.
1083 1371 1383 1439 Aptissima
1427 1386 1556 1425 vero
1588 1370 1677 1424 hic
1724 1372 2033 1425 versiculus
2084 1373 2147 1427 ad

574 1460 972 1527 prtecedcntem
1028 1462 1541 1530 interpretationem
1590 1464 1972 1532 consequitur.
2015 1464 2150 1527 Ilac,

576 1549 775 1618 inquit,
820 1553 885 1605 de
917 1567 1082 1606 causa
1125 1560 1180 1605 tu
1230 1568 1288 1606 es
1328 1555 1606 1622 particeps
1641 1554 1977 1609 Iitcreditatis
2021 1571 2154 1610 meat

574 1650 629 1696 et
670 1643 859 1697 calicis
901 1645 1026 1709 mei,
1058 1646 1317 1713 quoniam
1350 1655 1406 1698 tu
1442 1646 1574 1699 mihi
1601 1661 1718 1700 eam
1752 1647 2060 1703 restituisti.
2087 1648 2150 1700 Et

575 1732 947 1789 bazreditatem
982 1736 1166 1802 posuit
1208 1738 1531 1805 priusquam
1594 1738 1844 1805 calicem,
1888 1739 2146 1807 quoniam

571 1824 861 1880 htereditas
886 1828 1079 1881 mortis
1111 1828 1183 1881 illi
1209 1844 1373 1882 causa
1406 1829 1525 1883 fuit.
1549 1830 1964 1899 Propteripsam
2001 1830 2146 1883 enim

570 1922 823 1969 mortuus
859 1924 962 1970 est.
990 1916 1101 1971 Nec
1146 1918 1377 1972 tacenda
1412 1918 1568 1972 uobis
1611 1929 1694 1973 est
1736 1920 1982 1987 quaedam
2038 1935 2145 1972 non

573 2004 859 2073 inelegans
912 2007 978 2061 de
1038 2008 1315 2077 praedictis
1367 2010 1692 2076 spcculatio.
1752 2009 2034 2065 Hominem
2082 2011 2147 2063 ad

574 2093 871 2162 imaginem
899 2103 954 2148 et
985 2097 1403 2152 similitudinem
1436 2099 1527 2152 Dei
1586 2099 1789 2153 factum
1820 2110 1874 2154 et
1913 2101 2151 2169 plasma-

573 2189 709 2244 tum,
728 2190 895 2252 atque
926 2184 1050 2239 ideo
1083 2186 1451 2242 [nereditatem
1477 2189 1756 2245 Creatoris
1785 2192 2014 2256 dictum,
2042 2190 2145 2244 sub

575 2272 848 2339 propriam
884 2273 1165 2344 redegerat
1194 2276 1406 2333 daemon
1434 2281 1799 2350 tyrannidem,
1825 2289 1879 2336 et
1910 2281 2148 2335 aliemnn

574 2363 908 2433 mancipium
946 2368 1049 2422 sibi
1078 2380 1482 2439 usurpaverat:
1518 2371 1582 2424 ad
1630 2388 1814 2442 quem,
1849 2374 1942 2427 Dei
1978 2372 2152 2427 Filius

572 2461 630 2506 et
662 2453 858 2521 lueres,
893 2456 1106 2513 litteras
1141 2460 1312 2525 misit,
1354 2463 1603 2516 scribens
1634 2463 1681 2517 ei
1710 2477 1807 2532 per
1836 2462 2154 2532 prophetas,

580 2546 956 2600 Imreditatem
986 2549 1134 2602 illam
1190 2561 1463 2618 repetens,
1500 2568 1607 2621 qua
1635 2552 1810 2607 fuerat
1848 2555 2154 2608 fraudatus.

574 2632 643 2687 Et
681 2639 807 2703 quia
861 2639 1075 2693 daemon
1108 2642 1372 2697 continue
1411 2644 1582 2713 magis
1620 2645 1933 2711 resistebat,
1964 2653 2018 2700 et
2074 2660 2161 2698 rae

576 2727 760 2794 pinam
803 2729 1029 2785 reddere
1068 2734 1324 2803 negabat,
1365 2733 1539 2790 Interea
1591 2744 1817 2806 accepto
1864 2737 2041 2790 Patris
2071 2738 2155 2791 Sui

575 2822 928 2883 testamento,
953 2820 1017 2874 ad
1049 2829 1327 2891 raptorem
1356 2822 1665 2879 descendit.
1692 2825 1833 2878 Inter
1858 2840 1955 2880 eos
1974 2834 2155 2879 autem

2252 1091 2487 1159 έστησαν
2541 1089 2687 1158 αὐτῷ
2728 1089 2815 1142 διὰ
2847 1091 2944 1157 τῆς
2975 1090 3233 1152 πίστεως.
3290 1092 3606 1159 Ἀνατίθησι
3652 1096 3709 1147 δὲ
3748 1095 3836 1164 τῷ

2256 1180 2430 1251 [lata-pi.
2456 1184 2555 1249 τὴν
2592 1183 2773 1251 χάριν,
2809 1183 2884 1244 ὡς
2922 1182 3091 1252 αἰτίᾳ.
3118 1184 3226 1235 Καὶ
3252 1182 3367 1235 ἔστι
3385 1186 3534 1236 τουτὶ
3555 1186 3615 1237 τὸ
3665 1189 3838 1255 ῥητὸν

2254 1272 2725 1342 ἐφερμηνευτικὸν
2782 1270 2877 1324 τοῦ
2934 1272 3041 1340 πρὸ
3098 1271 3289 1325 αὐτοῦ.
3358 1273 3458 1324 Διά
3481 1272 3638 1325 τοῦτο
3693 1274 3835 1343 γὰρ,

2254 1364 2408 1432 φησὶ,
2452 1362 2707 1425 κοινωνὸς
2741 1358 2793 1415 εἴ
2851 1363 2950 1431 τῆς
3003 1362 3372 1432 κληρονομίας
3432 1379 3555 1431 μου,
3591 1362 3684 1415 καὶ
3732 1366 3837 1416 τοῦ

2256 1453 2522 1522 ποτηρίου
2562 1469 2686 1521 μου,
2722 1451 2855 1504 διότι
2892 1453 2954 1504 σύ
2992 1469 3084 1520 μοι
3116 1452 3322 1521 ταύτην
3351 1453 3836 1523 ἀποκατέστησας.

2256 1542 2372 1611 Πρὸ
2410 1543 2503 1613 τοῦ
2553 1543 2818 1611 ποτηρίου
2868 1543 2950 1603 δὲ,
2978 1542 3076 1611 τὴν
3134 1542 3507 1613 κληρονομίαν
3558 1545 3837 1608 τέθεικεν,

2253 1634 2335 1686 ὅτι
2369 1634 2508 1703 αὐτὴ
2544 1634 2770 1700 γέγονεν
2808 1634 2957 1685 αίτία
2986 1633 3078 1686 τοῦ
3110 1633 3340 1687 θανάτου
3373 1635 3535 1687 αὑτοῦ
3560 1652 3574 1666 ο
3628 1636 3696 1688 δι’
3728 1638 3838 1690 αῦ-

2254 1726 2352 1793 τὴν
2378 1726 2488 1792 γὰρ
2522 1724 2815 1778 ἀπέθανεν.
2854 1725 3073 1792 Ῥητέον
3094 1726 3151 1778 δέ
3174 1744 3224 1778 τι
3257 1728 3348 1779 καὶ
3379 1725 3656 1797 γλαφυρὸν
3692 1727 3841 1779 θεώ·

2257 1834 2410 1887 ρημα
2454 1817 2718 1887 περὶτῶν
2757 1817 3170 1886 προκειμένων·
3220 1818 3302 1870 ὅτι
3349 1818 3440 1870 τὸν
3472 1818 3591 1871 κατ’
3641 1820 3838 1872 εἰκόνα

2254 1908 2390 1962 Θεοῦ
2420 1909 2805 1978 πεπλασμένον
2834 1909 3145 1978 ἄνθρωπον,
3183 1909 3277 1961 καὶ
3324 1909 3411 1961 διὰ
3441 1910 3600 1963 τοῦτο
3624 1910 3838 1981 κλῆρον

2251 2000 2345 2053 τοῦ
2394 2000 2696 2062 πλάσαντος
2750 2001 2901 2064 ὄντα,
2927 2000 3187 2063 δελεάσας
3220 2001 3248 2052 ὁ
3272 2001 3564 2070 δυσμενὴς,
3607 2002 3701 2055 καὶ
3733 2019 3839 2054 τυ-

2251 2092 2545 2162 ραννήσας,
2580 2092 2955 2155 ἐπεσπάσατο,
2986 2093 3081 2144 καὶ
3107 2092 3198 2144 τὸν
3224 2091 3508 2163 ἀλλότριον
3543 2093 3840 2164 ἐσφετερί-

2253 2201 2404 2248 σατο,
2446 2184 2702 2253 πέπομφε
2738 2184 2793 2235 δὲ
2839 2183 2977 2253 πρὸς
3021 2183 3183 2235 αὐτὸν
3221 2184 3249 2235 ὁ
3283 2184 3621 2254 κληρονόμος
3651 2186 3847 2255 γράμ-

2254 2292 2401 2345 ματα
2438 2273 2525 2326 διὰ
2564 2272 2882 2343 προφητῶν,
2932 2271 3271 2325 ἀπαιτοῦντα
3322 2273 3412 2324 τὸν
3461 2272 3842 2342 ἀφαιρεθέντα

2254 2366 2476 2436 κλῆρον.
2526 2367 2616 2428 Ὠς
2663 2365 2719 2418 δὲ
2759 2364 2960 2435 μᾶλλον
3013 2364 3313 2433 ἀντείχετο,
3370 2364 3551 2417 λαϐὼν
3600 2364 3764 2426 αὐτὸς
3805 2368 3843 2418 ὀ

2252 2456 2591 2527 κληρονόμος
2625 2456 2888 2526 διαθήκας
2918 2455 3011 2508 τοῦ
3048 2457 3282 2525 Πατρδς,
3311 2456 3523 2508 κάτεισι
3572 2457 3707 2523 πρὸς
3740 2457 3843 2513 τὸν

2254 2552 2501 2619 ἅρπαγα,
2530 2549 2626 2602 καὶ
2658 2549 2917 2616 δικαστὴς
2964 2548 3128 2601 αὐτοῦ
3180 2549 3391 2615 γίνεται
3422 2550 3450 2600 ὁ
3477 2548 3687 2618 Πατήρ.
3716 2549 3836 2601 Καὶ

2257 2640 2631 2702 καταδικάσας
2667 2639 2758 2691 τὸν
2801 2638 3049 2708 βιαστὴν,
3083 2637 3427 2707 ἀποκαθιστᾷ
3467 2637 3544 2707 τῷ
3578 2636 3691 2706 Υἱῴ
3730 2638 3837 2706 τὴν
3930 2624 4007 2715 ³

2255 2731 2642 2802 κληρονομίαν.
2668 2728 2742 2785 OB
2767 2730 2949 2800 χάριν,
2976 2728 3073 2782 καὶ
3096 2728 3353 2781 κοινωνὸν
3381 2728 3542 2781 αὐτὸν
3566 2728 3662 2781 τοῦ
3690 2745 3796 2781 κατ
3812 2757 3841 2770 ο

2255 2822 2577 2893 ορθὼματος
2623 2824 2651 2875 ὁ
2682 2822 2810 2885 Υἱὸς
2847 2821 3129 2874 ἐκάλεσεν.

567 2910 732 2981 judex
773 2914 875 2970 fuit
920 2913 1127 2972 Pater:
1183 2919 1275 2988 qui
1325 2919 1692 2975 condemnato
1742 2930 1981 2989 raptore,
2061 2919 2202 2973 Filio
2244 2919 2616 2975 lui-reditatem
2678 2916 2939 2973 restituit.
2994 2915 3171 2985 Hujus
3266 2917 3340 2971 rei
3399 2916 3599 2987 gratia,
3656 2915 3845 2977 Filius

573 3022 719 3063 nutlc
755 3012 1076 3082 participem
1119 3013 1272 3067 illum
1308 3022 1415 3068 tam
1448 3016 1697 3085 praefari
1731 3017 1914 3087 operis
1950 3015 2267 3087 appellavit.

644 3097 811 3155 Vsus.
862 3102 917 3157 6.
951 3103 1123 3159 Funes
1166 3105 1468 3160 ceciderunt
1498 3108 1628 3161 mihi
1655 3109 1710 3161 in
1746 3109 1957 3177 optimis
1993 3111 2145 3164 meis.

572 3190 613 3245 li
644 3192 735 3259 qui
761 3199 964 3246 terram
994 3195 1269 3258 dividunt,
1296 3196 1519 3254 funibus
1542 3214 1662 3253 eam
1692 3199 1967 3255 metiendo
2005 3200 2150 3255 desi-

2328 3106 2576 3175 Σχοινιά
2611 3102 2875 3158 ἐπέπεσέ
2905 3119 3006 3170 μοι
3032 3101 3102 3153 ἐν
3132 3099 3256 3165 τοῖς
3300 3100 3642 3167 κρατίστοις
3682 3118 3840 3167 μου.

2256 3200 2322 3252 Oi.
2367 3197 2822 3268 κληροδοτοῦντες
2851 3195 2949 3264 τὴν
3003 3194 3127 3264 γῆν,
3166 3192 3419 3263 σχοινίοις
3460 3193 3665 3261 ταύτην
3708 3192 3842 3245 δια-

572 3292 804 3351 gnantes
858 3285 1251 3344 determinant.
1315 3288 1380 3343 Et
1438 3306 1638 3349 sensus
1680 3301 1812 3350 est:
1874 3293 2147 3351 Restituta

2255 3291 2601 3362 μετροῦντες,
2634 3287 3031 3359 περιορίζουσι.
3072 3284 3332 3338 Βούλεται
3362 3284 3494 3353 γοῦν
3526 3283 3725 3351 λέγειν,
3753 3286 3840 3348 ὡς

574 3372 706 3425 mihi
738 3373 1058 3427 litereditate
1086 3389 1228 3440 mea,
1268 3375 1427 3431 funes
1460 3380 1613 3432 multi
1646 3380 1779 3433 mihi
1810 3380 2147 3445 ceciderunt,

572 3462 678 3517 hoc
710 3471 813 3523 est.
847 3464 1213 3531 obvenerunt,
1250 3476 1307 3521 et
1334 3477 1480 3524 sorte
1527 3471 1685 3539 quasi
1732 3472 1861 3525 mihi
1911 3473 2153 3542 contige-

572 3561 721 3608 runt.
775 3555 879 3609 Per
928 3556 1087 3612 funes
1129 3568 1309 3612 autem
1356 3560 1700 3615 credentium
1742 3561 2145 3617 multitudinem

573 3646 849 3716 intelligit.
886 3647 999 3701 Hoc
1022 3649 1185 3703 etiam
1212 3651 1468 3720 loquendi
1494 3652 1680 3716 modo,
1709 3654 1970 3709 denotare
1996 3655 2150 3711 vide-

575 3748 665 3789 tur
706 3737 848 3806 quod
893 3739 1326 3796 lnereditashaee
1364 3756 1485 3808 sua,
1551 3744 1840 3814 designata
1892 3754 2039 3802 esset
2083 3762 2148 3803 ac

572 3831 957 3896 determinata,
987 3840 1039 3885 et
1066 3834 1208 3901 quod
1241 3836 1497 3890 omnibus
1529 3838 1817 3892 notissima
1847 3854 1966 3895 esse
1986 3840 2150 3895 debe-

574 3922 685 3974 bat.
723 3922 853 3975 Bina
908 3923 1052 3976 enim
1098 3924 1210 3979 haec
1262 3942 1429 3995 opera
1476 3926 1704 3983 funiculi
1731 3942 1879 3994 sunt,
1922 3940 1979 3985 ut
2006 3932 2148 3985 dixi-

572 4028 715 4066 mus.
748 4013 1077 4078 Quod‘vero
1123 4032 1220 4085 per
1263 4018 1524 4086 optimos,
1572 4036 1726 4074 suam
1776 4023 2143 4078 [nereditatem

569 4106 859 4175 significet,
900 4108 953 4160 in
978 4109 1335 4179 sequentibus
1371 4112 1544 4179 magis
1571 4113 1835 4179 declarat,
1859 4115 2051 4172 dicens
2084 4135 2099 4173 :

642 4195 851 4251 Etenim
897 4198 1179 4253 Ita'reditas
1226 4217 1340 4254 mea
1384 4204 1584 4271 optima
1631 4213 1707 4257 est
1755 4207 1903 4261 mihi.
1969 4207 2142 4278 Supra

570 4286 769 4355 plurali
819 4304 1050 4342 numero
1097 4290 1338 4359 optimos
1393 4292 1531 4345 dixit
1578 4304 1801 4364 propter
1834 4296 2020 4353 fideles
2050 4299 2141 4368 qui

567 4379 737 4433 variis
788 4388 918 4433 sunt
967 4380 1020 4433 in
1062 4382 1215 4443 locis,
1250 4399 1392 4439 nunc
1440 4400 1571 4439 vero
1619 4388 1970 4456 singulariter
2002 4392 2143 4459 opti-

569 4485 711 4523 mam
749 4471 1041 4538 appellavit
1078 4490 1092 4525 :
1148 4475 1275 4539 quia
1336 4474 1578 4529 ﬁdeliqu
1622 4480 1892 4541 omnium,
1948 4481 2041 4549 qui
2086 4482 2138 4536 in

2264 3379 2729 3440 Ἀποκατάστασίς
2775 3394 2864 3447 μοι
2894 3377 2995 3445 τῆς
3022 3374 3393 3445 κληρονομίας
3426 3391 3551 3443 μου,
3588 3374 3839 3427 ἐπέπεσέ

2255 3490 2367 3543 μοι,
2413 3471 2695 3524 τουτέστιν
2753 3468 3043 3532 ἐπέϐαλον,
3081 3467 3175 3521 καὶ
3219 3467 3411 3536 ἔλαχον
3461 3466 3586 3535 ἐμοὶ
3614 3466 3841 3535 σχοινία

2251 3566 2443 3629 πολλὰ,
2493 3561 2790 3616 κάντεῦθεν
2836 3559 3176 3631 διεμετρήθη
3233 3576 3291 3611 τε
3324 3557 3462 3626 αῦτη
3495 3560 3587 3610 καὶ
3619 3574 3841 3626 περιω-

2252 3655 2433 3728 ρίσθη,
2468 3658 2560 3708 καὶ
2612 3654 2832 3722 ἐγένετο
2869 3654 3147 3721 γνώριμος
3172 3665 3186 3680 ·
3230 3649 3319 3703 διὰ
3344 3649 3451 3718 γὰρ
3479 3650 3589 3701 τῶν
3626 3665 3841 3717 σχοινι-

2252 3747 2474 3816 σμάτων
2507 3788 2521 3812 ,
2560 3746 2622 3799 τό
2650 3762 2710 3797 τε
2766 3743 2969 3813 πλῆθος
3009 3741 3116 3796 τῶν
3164 3741 3533 3794 πιστευόντων
3580 3740 3835 3809 ᾐνίξατο,

2248 3840 2343 3891 καὶ
2392 3837 2490 3908 τὴν
2540 3836 2949 3906 γνωριμότητα.
3000 3832 3104 3886 Δύο
3153 3834 3262 3902 γὰρ
3315 3832 3451 3900 ἔργα
3492 3830 3665 3883 ταῦτα
3725 3830 3835 3883 τοῦ

2250 3930 2652 3999 σχοινίσματος,
2689 3925 2764 3988 ὡς
2812 3926 3042 3995 ἔφημεν.
3078 3923 3418 3990 Κρατίστους
3442 3922 3498 3975 δὲ
3519 3921 3688 3987 λέγει,
3724 3921 3837 3992 τὴν

2246 4019 2614 4090 κληρονομίαν
2637 4019 2826 4083 αὐτοῦ,
2873 4018 2969 4070 καὶ
3008 4014 3166 4069 τοῦτο
3206 4014 3557 4086 παρέστησεν
3594 4014 3682 4068 διὰ
3712 4016 3837 4070 τῶν

2246 4113 2393 4182 ἑξῆς.

2317 4204 2427 4258 Kal
2474 4203 2586 4273 γὰρ
2636 4202 2673 4270 ἡ
2735 4201 3109 4269 κληρονομία
3164 4216 3305 4268 μου,
3363 4198 3653 4265 κρατίστη
3710 4200 3834 4265 μοι

2245 4297 2442 4350 ἐστιν.
2481 4297 2627 4348 Ἀνω
2678 4294 2777 4362 μὲν
2822 4290 3206 4362 πληθυντικῶς
3268 4289 3593 4357 κρατίστους
3642 4285 3827 4354 εἶπεν,

2244 4386 2332 4440 διὰ
2354 4386 2481 4448 τοὺς
2504 4384 2647 4439 κατά
2672 4383 2838 4453 μέρος
2864 4381 3092 4444 πιστούς
3112 4396 3125 4410 ·
3156 4379 3308 4432 κάτω
3338 4378 3397 4431 δὲ
3431 4378 3650 4441 ἐνικῶς,
3680 4395 3830 4447 κρα-

2243 4477 2427 4544 τίστη,
2458 4476 2547 4529 διά
2576 4474 2675 4544 τὴν
2697 4474 2808 4525 τῶν
2834 4472 2976 4526 κατὰ
2996 4472 3164 4542 μέρος
3193 4471 3322 4539 μίαν
3351 4469 3696 4538 συναγωγὴν,
3724 4472 3836 4523 καὶ

568 4563 803 4616 diversis
831 4571 956 4616 sunt
987 4563 1175 4617 mundi
1205 4566 1476 4633 partibus,
1520 4584 1622 4621 uua
1664 4580 1747 4624 est
1778 4576 2134 4644 congregatio

2249 4568 2548 4639 ὑμοδοξίαν.
2604 4567 2921 4635 Κρατίστην
2950 4565 3005 4617 δέ
3034 4564 3210 4631 λέγει,
3247 4562 3346 4631 τὴν
3394 4562 3694 4631 ἐξαίρετον,
3725 4565 3834 4616 καὶ

570 4649 700 4721 [uua
737 4653 1025 4719 Ecclesia].
1058 4671 1164 4709 uua
1191 4658 1376 4726 opinio
1407 4674 1471 4713 ac
1508 4660 1659 4717 fides.
1696 4661 1969 4731 Optimam
2005 4682 2135 4721 vero

568 4743 824 4810 appellat,
860 4745 1017 4811 quasi
1061 4750 1391 4816 praecipuam
1420 4764 1482 4802 ac
1520 4751 1799 4806 dilectam.
1833 4754 1926 4808 Vel
1961 4754 2136 4826 [juxta

566 4835 726 4887 aliam
762 4832 962 4890 Graecae
1017 4839 1274 4893 dictionis
1325 4841 1592 4909 κρατίστη
1652 4844 2134 4913 siguiﬁcatiouem,

568 4941 675 4979 non
710 4928 969 4995 optimam
1015 4937 1250 4998 tautmu,
1284 4931 1404 5002 sed]
1447 4933 1800 4988 fortissimam
1837 4950 1899 4989 ac
1944 4946 2136 5005 poten-

565 5017 831 5069 tissimam
865 5019 1118 5086 appellat.
1153 5020 1287 5074 Cum
1313 5024 1694 5076 adversarium
1745 5039 1812 5079 ac
1861 5034 2133 5095 potentem

2236 4660 2623 4729 ἠγαπημένην.
2654 4658 2725 4709 Ἦ
2763 4656 2859 4710 καὶ⁷
2889 4656 2989 4725 τὴν
3021 4655 3297 4724 γενναίαν,
3320 4654 3395 4717 ὡς
3414 4651 3835 4707 καταπαλαίου-

2240 4769 2339 4805 σαν
2364 4752 2455 4803 τὸν
2490 4748 2805 4803 ἀντίπαλον.
2870 4747 3137 4801 Νοοῦνται
3171 4746 3227 4798 δέ
3253 4745 3482 4815 σχοινία,
3512 4744 3580 4796 τὰ
3620 4744 3837 4825 δεσμὰ,

2238 4843 2274 4897 ἃ
2302 4843 2496 4897 ἔπεσον
2540 4841 2616 4911 τῷ
2645 4838 2888 4911 Χριστῷ,
2927 4838 3078 4908 παρά
3117 4838 3226 4891 τῶν
3264 4835 3529 4889 Ἰουδαίων
3561 4836 3832 4905 ἀγομένῳ

2243 4935 2384 5004 πρὸς
2410 4934 2661 4987 Πιλάτον.
2715 4931 3016 4985 Ἐπέπεσον
3064 4930 3120 4982 δὲ
3153 4928 3301 4997 αὐτῷ
3332 4929 3421 4981 διὰ
3456 4928 3584 4989 τοὺς
3625 4927 3831 4995 κρατί-

2242 5044 2419 5091 στους,
2456 5026 2574 5094 ἦτοι
2633 5023 2759 5086 τοὺς
2816 5022 3066 5084 πιστοὺς,
3102 5020 3239 5087 ὑπὲρ
3270 5012 3345 5071 ὦν
3369 5019 3599 5086 ἔπασχε.
3638 5018 3825 5070 Πάλαι

563 5105 861 5159 danuouem
883 5110 1244 5175 superaverit.
1268 5110 1444 5165 Fuues
1466 5112 1629 5165 etiam
1656 5111 1883 5182 intelligi
1906 5124 2137 5181 possunt

2249 5119 2337 5188 μὲν
2360 5114 2452 5172 οὖν
2470 5118 2519 5170 οἱ
2550 5116 2793 5170 Ἰουδαῖοι
2815 5110 2953 5184 ἦσαν
2986 5111 3122 5165 Θεοῦ
3149 5110 3502 5179 κληρονομία·
3523 5107 3823 5175 Ἐγενήθη
3896 5123 3919 5133 κ

563 5213 661 5266 pro
692 5197 927 5252 vinculis
960 5216 1077 5268 qum
1105 5201 1323 5255 Christo
1355 5203 1694 5267 ceciderunt,
1739 5205 1841 5258 hoc
1866 5215 1951 5259 est
1994 5207 2139 5261 obti-

561 5300 807 5360 gerunt:
846 5307 875 5344 a
921 5289 1129 5346 Juduris
1171 5293 1453 5361 nimirum,
1508 5296 1727 5364 quando
1780 5297 1847 5352 ad
1896 5298 2131 5352 Pilatum

562 5384 761 5437 ductus
790 5394 899 5437 est.
939 5384 1264 5452 Obtigerunt
1296 5396 1475 5439 autem
1517 5390 1589 5453 ei,
1619 5398 1837 5458 propter
1873 5390 2134 5459 optimos,

565 5473 669 5525 hoc
714 5481 822 5535 est,
885 5482 1109 5543 propter
1158 5474 1370 5540 ﬁdeles,
1416 5492 1513 5544 pro
1546 5478 1746 5547 quibus
1779 5480 1887 5549 pati
1936 5479 2131 5534 voluit.

561 5561 701 5613 Olim
741 5560 1053 5617 Judteorum
1086 5565 1321 5633 populus
1349 5564 1639 5621 luere-ditas
1673 5567 1764 5624 Dei
1794 5569 2116 5625 dicebatur:

642 5763 686 5795 η
722 5762 880 5819 Deut.
915 5781 1089 5835 xxxn,
1118 5770 1147 5827 9
1190 5784 1302 5826 sec.
1339 5784 1463 5823 Lxx.

2235 5211 2364 5279 γὰρ,
2406 5208 2563 5278 φησὶ,
2606 5205 2775 5275 μερὶς
2837 5205 3080 5273 Κυρίου,
3136 5202 3286 5267 λαὸς
3336 5199 3524 5254 αὑτοῦ
3586 5196 3821 5261 Ἰακὼϐ,

2236 5302 2565 5370 σχοίνισμα
2624 5296 3029 5364 κληρονομίας
3079 5292 3267 5347 αὐτοῦ
3317 5291 3587 5359 Ἰσραήλ.
3651 5292 3823 5343 Ἀπο-

2235 5392 2446 5460 6).ήτων
2469 5390 2526 5441 δὲ
2542 5388 2748 5441 τούτων
2778 5385 3111 5455 γενομένων,
3143 5383 3338 5450 ἑτέραν
3376 5380 3640 5434 ἀντέλαόε
3674 5380 3822 5449 κλη-

2240 5480 2523 5554 ρονομίαν,
2541 5479 2641 5549 τὴν
2666 5478 2951 5549 βασιλείαν
2981 5475 3089 5528 τῶν
3108 5473 3169 5537 ἐξ
3198 5473 3393 5538 ἐθνῶν,
3419 5473 3487 5543 ἣν
3508 5472 3822 5543 κρατίστην

2229 5567 2407 5635 εἷπεν,
2435 5568 2511 5632 ὡς
2536 5568 2679 5639 ὑπὲρ
2715 5566 2815 5636 τὴν
2846 5563 3230 5630 παλαιοτέραν.

564 5648 733 5703 Facta
760 5661 835 5705 est
881 5654 1039 5716 enim,
1070 5654 1271 5725 inquit,
1320 5672 1444 5724 pars
1484 5656 1698 5715 Domini
1750 5662 1974 5731 populus
2015 5663 2129 5733 ejus
2162 5662 2351 5727 Iacob,
2388 5660 2660 5731 funiculus
2700 5658 3024 5716 hereditatis
3056 5656 3170 5726 ejus
3235 5652 3409 5709 Israel
3459 5653 3520 5707 ⁸⁸.

3609 5652 3819 5709 Verum
