4116 6412
514 401 632 464 9.03

1747 406 2147 467 'EUTIIYMll
2185 407 2545 469 ZIGABENI

3674 420 3778 484 204

582 513 692 566 Nec
751 512 905 566 dolus
967 522 1210 566 sanctum
1259 521 1407 568 tuum
1461 513 1632 569 videre
1673 518 2082 586 corruptionem.

2267 519 2422 574 Οὐδὲ
2450 521 2666 588 δώσεις
2701 521 2808 576 τὸν
2857 523 3033 578 ὅσιόν
3077 540 3196 579 σου
3244 525 3396 580 ἰδεῖν
3428 527 3778 599 διαφθοράν.

518 601 640 656 lloc
665 601 733 657 de
793 618 1028 673 corpore
1057 603 1270 658 Domini
1303 605 1556 660 similiter
1589 607 1797 661 dictum
1845 618 1951 673 est,
1986 608 2090 674 Tu,

511 695 711 765 inquit,
736 695 826 750 ρ·ιὶ
855 696 928 750 ob
959 705 1145 766 partas
1181 700 1444 765 virtutes,
1486 699 1727 767 oblatus,
1783 698 2089 766 dedicatus,

508 795 564 840 et
587 787 968 843 sanctiﬁcatus
1000 805 1144 855 sum,
1171 806 1279 845 non
1325 807 1410 846 me
1455 792 1744 862 permittes
1777 793 2091 863 corruptio-

520 895 641 934 nem
677 883 927 949 corporis
963 884 1242 938 sustinere
1277 902 1291 938 :
1343 884 1595 954 quinimo
1641 884 1774 939 illud
1830 895 2089 954 tanquam

504 974 649 1041 quod
683 974 829 1026 omni
879 975 1060 1030 caruit
1106 985 1352 1046 peccato,
1386 976 1440 1030 in
1475 978 1592 1032 suis
1621 976 1871 1046 partibus
1903 978 2084 1032 indis-

505 1064 747 1116 solutum
809 1066 1188 1130 conservabis,
1249 1073 1309 1119 ut
1367 1067 1550 1118 anima
1599 1067 1654 1119 in
1708 1066 2086 1135 incorruptum

507 1171 711 1226 corpus
735 1165 1035 1219 remeante,
1067 1158 1179 1211 cito
1207 1173 1518 1229 resurgam.
1552 1158 1689 1213 Illud
1715 1158 1879 1212 etiam
1913 1160 2090 1213 adno-

440 1315 446 1319 _
507 1251 730 1304 tandum
761 1260 864 1315 est,
907 1251 1053 1320 quod
1103 1251 1364 1306 interitus
1401 1251 1457 1303 in
1503 1250 1738 1305 mortuis
1790 1251 2090 1319 disjunetio

506 1346 592 1390 est
623 1353 687 1392 ac
717 1340 995 1406 separatio
1019 1339 1218 1392 animae
1264 1355 1292 1391 a
1345 1355 1574 1408 corpore
1604 1356 1618 1393 :
1651 1341 1933 1409 corruptio
1964 1356 2093 1397 vero

505 1439 588 1484 est
633 1432 1005 1485 tttcmhrorum
1048 1439 1214 1499 atque
1260 1432 1488 1486 aliarum
1522 1431 1761 1501 partium
1801 1432 1858 1486 in
1882 1439 2086 1488 terram

503 1529 559 1574 et
587 1521 640 1574 in
669 1524 951 1590 pulverem
987 1523 1280 1578 resolutio.

575 1609 746 1666 Vens.
785 1613 872 1666 Η.
911 1612 1084 1665 Notas
1125 1614 1256 1666 mihi
1302 1613 1475 1680 fecisti
1501 1615 1611 1668 vias
1657 1619 1798 1672 vitae.
1836 1616 2086 1672 Docuisti

505 1719 608 1769 me,
637 1705 836 1773 inquit,
909 1704 1140 1759 virtutes
1180 1718 1302 1774 quas
1359 1703 1427 1758 ad
1483 1706 1854 1762 immortalem
1916 1709 2085 1762 vitam

505 1798 778 1852 hominem
809 1798 1054 1869 dirigunt
1115 1795 1237 1868 [per
1266 1813 1405 1867 quas
1436 1807 1491 1854 et
1516 1799 1820 1856 incederem
1872 1802 1991 1872 ipse
2031 1812 2086 1857 et

2201 614 2369 666 Τοῦτο
2400 616 2528 684 περὶ
2559 613 2650 668 τοῦ
2667 615 3004 670 Δεσποτικοῦ
3033 617 3304 688 σώματος.
3347 620 3483 674 Οὐδὲ
3523 623 3633 692 γὰρ
3658 626 3776 696 ἐμὲ,

2199 707 2288 758 τὸν
2321 707 2684 775 ἀνακείμενον
2717 724 2800 760 σοι
2831 709 2898 761 δι’
2927 709 3145 780 ἀρετῶν
3185 710 3540 775 οίκειώσεως,
3604 730 3780 785 παρα-

2195 799 2472 868 χωρήσεις
2508 799 2810 870 ὑποστῆναι
2834 799 2934 872 τὴν
2966 801 3108 855 κατά
3135 801 3196 854 τὸ
3224 803 3386 871 σῶμα
3424 803 3724 874 διαφθοράν
3759 819 3776 836 ⁸

2195 890 2312 943 ἀλλ’
2341 890 2418 954 ώς
2447 893 2838 962 ἀναμάρτητον
2865 892 3075 946 τούτων
3094 933 3110 957 ,
3151 895 3521 966 συντηρήσεις
3568 895 3782 949 ἀδιάλυ-

2195 1003 2286 1039 τον
2324 985 2382 1038 ὲν
2406 988 2518 1049 τοῖς
2543 987 2765 1051 οίκείοις
2795 987 3040 1057 μέρεσιν,
3071 989 3158 1042 ἵνα
3190 989 3290 1058 τῆς
3321 989 3499 1058 ψυχῆς
3525 989 3771 1057 ἐγκατοι-

2196 1077 2480 1147 κισθείσης
2510 1076 2680 1147 αὐτῷ,
2709 1079 2990 1143 παντελῶς
3016 1079 3212 1150 ἀρτίῳ,
3289 1080 3484 1132 θᾶττον
3543 1081 3759 1132 ἀναστῶ

2193 1172 2373 1241 Φθορὰ
2404 1172 2503 1242 μὲν
2523 1169 2639 1238 οὖν,
2672 1173 2762 1224 ἐπὶ
2792 1172 2901 1226 τῶν
2950 1173 3242 1238 θανόντων,
3288 1173 3320 1243 ή
3359 1171 3636 1238 διάζευξις
3683 1174 3779 1241 τῆς

2193 1263 2373 1335 ψυχῆς
2395 1264 2504 1316 ἀπὸ
2530 1263 2626 1316 τοῦ
2655 1265 2911 1333 σώματος
2945 1280 2960 1296 ο
2991 1264 3263 1334 διαφθορά
3309 1264 3388 1329 δὲ,
3449 1264 3483 1333 η
3540 1264 3780 1326 διάλυσις

2193 1354 2303 1410 τῶν
2342 1353 2435 1408 τοῦ
2465 1352 2718 1425 σώματος
2753 1355 2937 1425 μερῶν
2967 1354 3061 1408 καὶ
3095 1352 3278 1425 μελῶν
3309 1355 3390 1415 εἰς
3416 1352 3569 1423 χοῦν.

2277 1611 2636 1683 Ἐγνώρισάς
2667 1630 2772 1682 μοι
2792 1611 2973 1678 ὀδοὺς
3005 1610 3172 1678 ζωῆς.
3209 1612 3464 1678 Ἔδειξάς
3528 1629 3618 1683 μοι
3679 1612 3780 1674 τὰς

2193 1706 2418 1775 ἀρετὰς,
2454 1705 2510 1760 αἶ
2542 1704 2842 1775 ποδηγοῦσι
2871 1705 3014 1777 πρὸς
3045 1706 3145 1774 τὴν
3183 1704 3456 1759 ἀθάνατον
3485 1704 3654 1776 ζωήν.
3710 1706 3780 1757 Ἥ

2194 1795 2556 1867 ἀπεκάλυψάς
2589 1814 2679 1867 μοι
2711 1797 2836 1860 τοὺς
2879 1796 3113 1866 τρόπους
3168 1799 3274 1867 τῆς
3331 1798 3474 1866 ἐμῆς
3531 1796 3777 1850 ἁναστά·

499 1888 788 1957 (Ιίεοίριιιὶε
831 1889 968 1943 meis
1014 1887 1381 1943 incedendum
1427 1904 1549 1943 esse
1608 1889 1934 1961 traderem].
1986 1888 2081 1946 Vel

2197 1908 2336 1955 σεως
2370 1891 2467 1945 καὶ
2499 1889 2864 1954 παλινζωίας,
2892 1890 3006 1961 (54)
3039 1890 3104 1953 ἃς
3148 1890 3312 1953 αὐτὸς
3345 1890 3590 1961 βαδίσας,
3627 1889 3780 1960 τεμῶ

500 1979 710 2036 aliter:
773 1979 1050 2036 Revelasti
1103 1988 1158 2034 tu
1209 1981 1368 2044 mihi,
1423 1981 1624 2052 inquit,
1651 1983 1768 2037 vias
1807 1981 1955 2047 vitae,
1981 1983 2086 2038 hoc

2187 1986 2303 2045 τοῖς
2331 1982 2628 2053 μαθηταῖς.

499 2078 609 2138 est,
682 2071 1110 2128 resurrectionis
1168 2086 1301 2128 mea:
1374 2080 1538 2143 atque
1595 2072 1808 2128 iteratae
1846 2072 1970 2128 vitae
2034 2071 2278 2142 modos;
2357 2088 2456 2144 per
2501 2086 2644 2143 quas
2687 2073 2808 2130 vias
2849 2075 3055 2130 docens
3124 2073 3438 2146 discipulos
3490 2074 3779 2144 ingressus

501 2179 653 2220 sum.

571 2255 896 2326 Mimplebis
931 2275 1013 2313 me
1041 2258 1234 2314 lwtitia
1266 2277 1381 2314 cum
1418 2260 1562 2315 vultu
1597 2269 1706 2315 tuo.
1742 2260 1918 2316 Filius
1967 2261 2083 2316 vul-

498 2357 588 2403 tus
622 2356 804 2403 est-et
849 2347 1042 2406 .l'acies
1113 2350 1321 2404 Patris.
1378 2350 1482 2415 Qui
1517 2350 1687 2413 enim,
1722 2350 1921 2420 inquit,
1947 2350 2083 2404 vidit

500 2453 599 2502 me,
634 2436 767 2491 vidit
818 2446 868 2492 et
919 2435 1139 2492 Patrem
1198 2437 1454 2491 meum“.
1508 2435 1645 2490 Nam
1685 2444 1740 2491 et
1797 2436 2085 2490 character

498 2529 664 2582 etiam
691 2528 812 2596 ejus
843 2527 1050 2584 dicitur
1075 2537 1130 2585 et
1190 2529 1373 2598 imago
1391 2529 1459 2582 ²².
1513 2528 1645 2582 l’ost
1709 2525 2081 2582 resurrectio-

499 2634 648 2683 nem,
675 2621 876 2689 inquit,
919 2619 1226 2676 laetiﬁcabis
1277 2634 1383 2684 me,
1442 2634 1548 2684 me,
1583 2619 1836 2688 inquam,
1864 2631 2082 2671 assum-

500 2723 652 2782 ptum
694 2711 995 2777 hominem,
1033 2719 1088 2767 et
1133 2709 1440 2766 assumenti
1491 2710 1848 2778 conjunctum
1879 2707 2082 2762 divini-

507 2803 624 2857 tati.
679 2803 820 2856 Ante
859 2802 1326 2858 resurrectionem
1370 2801 1518 2856 enim
1569 2807 1805 2855 maestus
1857 2806 1978 2855 erat
2017 2813 2082 2854 ac

499 2895 698 2961 tristis,
761 2895 1296 2966 laerymabaturque,
1335 2902 1391 2949 et
1456 2891 1922 2949 sollicitudinibus
1964 2900 2086 2948 erat

500 2987 714 3052 nlenus,
749 2987 866 3057 lege
891 2985 1155 3040 nimirum
1189 2985 1444 3039 humanae
1475 2993 1710 3040 naturae.
1736 2982 1835 3040 Vel
1877 2984 2038 3040 aliter
2065 3003 2079 3040 :

498 3080 630 3134 (.‘um
670 3079 818 3133 vultu
839 3092 952 3143 tuo,
1007 3077 1500 3147 circumloquendo
1563 3077 1738 3143 dixit;
1773 3075 1827 3131 id
1859 3087 1969 3144 est,
2003 3085 2084 3132 te-

497 3186 645 3226 cum.
705 3171 888 3241 ipsum
949 3171 1094 3225 enim
1155 3169 1364 3225 Christi
1406 3183 1615 3240 corpus
1669 3165 1813 3225 Filio
1861 3169 2079 3224 unitum

497 3271 618 3318 erat
672 3261 918 3318 etFilius
958 3261 1108 3316 Patri
1153 3279 1166 3316 :
1212 3260 1364 3316 unde
1394 3260 1702 3316 communis
1733 3269 1855 3316 erat
1883 3274 2074 3314 eorum

498 3355 682 3408 laetitia
717 3361 939 3424 propter
973 3355 1268 3406 humanam
1311 3352 1570 3416 salutem,
1603 3367 1768 3421 quam
1802 3365 1951 3406 mors
1986 3366 2082 3421 per

497 3461 715 3502 crucem
754 3455 992 3514 operata.
1011 3453 1117 3500 est.

2255 2256 2606 2325 Πληρώσεις
2621 2273 2698 2325 με
2720 2256 3113 2325 εὐφροσύνης
3133 2253 3287 2324 μετὰ
3315 2254 3424 2309 τοῦ
3448 2253 3778 2323 προσώπου

2183 2366 2323 2405 σου.
2360 2349 2664 2420 Πρόσωπον
2709 2348 2924 2421 Πατρὸς
2983 2347 3132 2411 Υἱός.
3203 2346 3264 2400 '0
3313 2345 3584 2414 ἑωρακὼς
3641 2345 3777 2414 γὰρ.

2184 2447 2372 2513 φησὶν,
2413 2444 2540 2514 ἐμὲ,
2575 2443 2842 2512 ἑώρακεν
2860 2442 2970 2496 τὸν
3003 2440 3238 2509 Πατέρα
3281 2455 3402 2509 μου
3433 2455 3447 2470 ’
3503 2438 3629 2490 ἐπεὶ
3686 2435 3780 2489 καὶ

2183 2535 2472 2608 χαρακτὴρ
2508 2535 2674 2590 αὐτοῦ
2710 2535 2928 2604 λέγεται
2955 2535 3051 2589 καὶ
3105 2533 3294 2588 εἰκών.
3332 2531 3639 2603 Εὑφρανεῖς
3687 2527 3782 2582 οὖν

2187 2645 2278 2700 με,
2326 2627 2484 2698 φησὶ,
2513 2627 2604 2682 τὸν
2652 2626 3072 2698 προσληφθέντα
3105 2625 3412 2696 ἄνθρωπον,
3477 2621 3616 2692 μετά
3681 2619 3780 2673 τοῦ

2184 2718 2589 2791 προσλαὸόντος
2623 2717 2786 2783 Θεοῦ,
2821 2717 2964 2788 μετὰ
2993 2716 3092 2788 τὴν
3117 2718 3420 2770 ἀνάστασιν
3457 2731 3472 2746 ο
3508 2712 3616 2786 πρὸ
3639 2712 3776 2765 ταύ-

2189 2831 2290 2884 της
2325 2813 2458 2884 γὰρ,
2497 2812 2591 2865 καὶ
2631 2812 2904 2878 ἐλυπεῖτο,
2939 2811 3035 2863 καὶ
3094 2809 3358 2879 ἐδάκρυε,
3416 2806 3510 2859 καὶ
3561 2805 3781 2874 ἠγωνία

2183 2906 2332 2976 νόμῳ
2363 2904 2601 2974 φύσεως.
2641 2903 2713 2956 Ἦ
2762 2904 2857 2956 καὶ
2893 2902 3044 2972 μετὰ
3098 2901 3204 2956 τοῦ
3261 2897 3590 2969 προσώπου
3629 2911 3775 2961 σου,

2182 2997 2303 3050 ἀντὶ
2331 2997 2469 3068 μετά
2500 2993 2619 3062 σοῦ,
2650 2993 3102 3064 περιφραστικῶς
3130 3008 3144 3022 ·
3171 2994 3200 3044 ὁ
3239 2991 3337 3060 μὲν
3399 2989 3508 3059 γὰρ
3555 2987 3781 3058 ἡνωμέ-

2183 3109 2273 3156 νος
2300 3086 2369 3162 ἦν
2402 3089 2481 3161 τῷ
2532 3087 2675 3160 Υῐῷ,
2712 3090 2740 3142 ὁ
2776 3087 2834 3140 δὲ
2896 3086 3046 3151 Υἱὸς,
3093 3084 3171 3156 τῷ
3217 3083 3418 3154 Πατρὶ,
3457 3083 3552 3136 καὶ
3584 3079 3780 3150 κοινὴν

2189 3185 2349 3256 ἔσχον
2377 3183 2473 3254 τὴν
2509 3181 2851 3252 εὐφροσύνην
2888 3180 2981 3232 ἐπὶ
3006 3181 3072 3249 τῇ
3112 3176 3359 3248 σωτηρίᾳ
3405 3175 3514 3230 τῶν
3560 3173 3779 3246 ἀνθρώ-

2184 3294 2322 3340 πων,
2351 3275 2417 3344 ῆν
2445 3276 2472 3328 ὁ
2510 3273 2601 3326 διὰ
2636 3270 2876 3343 σταυροῦ
2903 3270 3136 3333 Θάνατος
3164 3267 3487 3340 εἰργάσατο.

568 3534 860 3590 Delectatio
893 3537 947 3588 in
971 3535 1189 3588 dextera
1228 3544 1323 3588 tua
1352 3551 1513 3605 usque
1539 3535 1590 3588 in
1621 3536 1800 3604 ﬁnem.
1838 3535 2072 3592 Dextera

2261 3540 2595 3608 Τερπνότης
2625 3539 2696 3592 ἐν
2734 3537 2810 3606 τῇ
2849 3535 3021 3604 δεξιᾷ
3067 3550 3185 3590 σου
3241 3534 3328 3599 εις
3347 3531 3546 3596 τέλος.
3607 3529 3778 3596 Δεξιὰ

505 3627 710 3692 Patris,
737 3625 916 3681 Filius
944 3626 1168 3691 dicitur,
1203 3627 1666 3696 quemadmodum
1699 3637 1756 3682 et
1794 3627 2077 3682 brachium

500 3720 646 3790 ejus,
675 3728 730 3774 et
756 3718 1008 3789 .potentia
1041 3725 1098 3772 et
1119 3717 1434 3772 delectatio.
1461 3718 1550 3772 Ait
1580 3720 1746 3788 igitur
1771 3718 1918 3788 quod
1955 3733 2081 3789 per-

501 3822 664 3874 petua
711 3811 1014 3867 exsultatio
1074 3812 1181 3865 erit
1233 3809 1370 3864 Filio
1435 3809 1552 3876 Dei,
1607 3811 1734 3879 quia
1769 3823 1954 3864 secum
1982 3824 2078 3865 eos

495 3919 788 3975 exsurgere
819 3901 972 3969 fecit,
996 3902 1091 3972 qui
1128 3901 1257 3957 olim
1296 3903 1366 3956 ob
1386 3913 1674 3971 peccatum
1706 3900 2028 3957 deciderant
2057 3919 2073 3956 :

497 4009 551 4053 ct
580 3997 708 4068 quia
740 3994 1118 4050 [nereditatem
1149 4008 1306 4048 suam
1345 3993 1571 4063 recepit.

1003 4084 1192 4141 Oratio
1238 4086 1338 4152 ipsi
1391 4085 1579 4139 David.

1029 4173 1355 4229 PSALMUS
1406 4173 1547 4228 XVI.

569 4272 1016 4329 Persecutionetn
1066 4269 1350 4323 sustinens
1383 4282 1414 4321 a
1446 4267 1610 4321 Saule
1643 4267 1835 4322 beatus
1881 4265 2075 4331 David,

496 4378 551 4422 et
587 4367 773 4420 multis
795 4363 1078 4433 impetitus
1107 4359 1636 4430 injuriis,psalmutu
1659 4359 1806 4412 hunc
1835 4359 2079 4414 conscri-

500 4460 630 4529 psit,
666 4475 777 4530 quo
807 4457 978 4509 Deum
1031 4453 1085 4506 in
1139 4451 1404 4506 auxilium
1451 4450 1702 4506 advocat.
1749 4449 1853 4515 Qui
1893 4458 2074 4505 tamen

501 4551 798 4618 unicuique
843 4546 965 4598 viro
996 4546 1197 4598 virtute
1231 4542 1463 4612 praedito
1517 4553 1680 4611 atque
1711 4556 1975 4613 oppresso
2007 4542 2076 4596 ab

500 4639 740 4695 inimicis
761 4635 1168 4692 accommodari
1199 4642 1400 4703 potest.

570 4731 738 4786 Vens.
764 4731 816 4804 i.
836 4727 1072 4792 Exaudi,
1097 4727 1335 4790 Domine,
1345 4725 1614 4794 justitiam
1634 4742 1822 4780 meam.
1843 4725 2070 4793 Exaudi,

500 4825 698 4894 inquit,
749 4820 1018 4891 justitiam
1061 4833 1238 4872 meam
1297 4833 1310 4869 :
1346 4818 1450 4871 hoc
1495 4830 1576 4872 cat
1605 4815 1862 4871 allectum
1909 4825 2076 4886 atque

2185 3631 2280 3687 τοῦ
2309 3631 2544 3703 Πατρὸς,
2579 3632 2606 3682 ὁ
2642 3630 2794 3695 Υἱὸς,
2845 3628 3036 3699 ὥσπερ
3072 3627 3167 3680 καὶ
3197 3625 3461 3696 βραχίων,
3495 3620 3587 3675 καὶ
3616 3619 3776 3673 δύνα-

2190 3741 2301 3796 μις.
2334 3723 2562 3794 Τέρψις,
2601 3723 2759 3792 φησὶ,
2797 3721 2894 3776 καὶ
2933 3719 3260 3790 ἀγαλλίασις
3309 3718 3464 3769 ἔσται
3521 3713 3598 3783 τῷ
3650 3711 3778 3782 ru;

2187 3835 2282 3872 σου
2313 3815 2402 3871 διὰ
2431 3817 2654 3882 παντὸς,
2691 3817 2820 3879 τοὺς
2851 3815 3219 3876 πεπτωκότας
3276 3812 3773 3880 συναναστήσαντι,

2185 3911 2281 3964 καὶ
2300 3909 2399 3981 τὴν
2422 3909 2588 3963 αὑτοῦ
2612 3909 2982 3980 κληρονομίαν
3009 3906 3361 3961 ἀπολαϐόντι.

2644 4089 2962 4161 Προσευχὴ
2997 4089 3076 4154 τῷ
3102 4086 3301 4141 Δαϐίὸ.

2751 4181 3045 4236 ΨΑΛΜ-ΟΣ
3077 4177 3192 4246 ις’.

2268 4275 2408 4329 ’Υπὸ
2453 4275 2545 4328 τοῦ
2580 4275 2757 4328 Σαοὺλ
2789 4274 3140 4342 διωκόμενος,
3194 4271 3288 4323 καὶ
3338 4267 3602 4329 ποικίλως
3643 4266 3772 4318 ἑπισ-

2185 4365 2595 4434 6ουλευόμενος,
2632 4363 2839 4434 ἔγραψε
2862 4365 2954 4417 τὸν
2993 4362 3208 4432 ψαλμὸν
3254 4361 3466 4422 τοῦτον,
3522 4357 3605 4420 είς
3643 4357 3772 4408 επι-

2185 4456 2411 4525 κουρίαν
2459 4457 2549 4508 τὸν
2598 4455 2729 4508 Θεὸν
2773 4454 3200 4524 ἐγκαλούμενος.
3242 4450 3499 4521 ’Δρμόζει
3559 4448 3618 4502 δὲ
3675 4447 3772 4500 καὶ

2185 4548 2345 4603 παντὶ
2376 4547 2621 4618 ὲναρέτω
2648 4547 3147 4617 ἐπιδουλευομένῳ.

2257 4730 2663 4794 Εἰσὰκουσον,
2689 4730 2889 4798 Κύριε,
2916 4728 3314 4795 δικαιοσύνης
3333 4743 3475 4795 μου.
3501 4722 3615 4792 Τῆς
3639 4721 3773 4790 περὶ

2183 4822 2245 4876 τὸ
2265 4822 2473 4876 δίκαιον
2502 4822 2819 4886 διαθέσεως,
2857 4821 2978 4891 ἥτις
3010 4821 3098 4872 διὰ
3128 4819 3236 4872 τῶν
3281 4817 3533 4888 πράξεων
3571 4813 3646 4876 ὡς
3677 4813 3770 4864 διὰ

501 4928 741 4967 amorem
767 4925 946 4965 meum
977 4923 1105 4979 erga
1132 4906 1428 4976 justitiam,
1455 4907 1547 4976 qui
1578 4905 1891 4960 actionibus
1913 4915 2078 4976 atque

2188 4913 2450 4985 γλώττης,
2491 4913 2608 4984 βοᾷ·
2643 4913 2920 4982 διαφόρως
2954 4911 3062 4982 γὰρ
3093 4911 3391 4979 δυνάμενος
3421 4907 3633 4960 ἀνελεῖν
3672 4905 3769 4957 τὸν

500 5001 914 5074 operationibus
942 4999 1081 5063 suis,
1113 4999 1270 5067 quasi
1294 4997 1480 5067 lingua
1520 4997 1754 5067 quadam
1779 4997 1847 5052 ad
1877 5007 1928 5053 te
1961 5000 2078 5052 cla-

2188 5007 2622 5076 πολεμικώτατόν
2663 5022 2755 5076 μοι
2786 5003 2977 5068 Σαοὺλ,
3024 5004 3354 5073 ἐφεισάμην,
3381 5001 3456 5062 ὠς
3488 5000 3582 5051 ἐπὶ
3623 4997 3763 5050 Θεοῦ

502 5105 634 5150 mat.
665 5092 802 5147 Nam
839 5108 963 5148 cum
1013 5091 1287 5161 potuerim
1333 5103 1713 5160 saapenumero
1761 5090 2081 5146 inimicissi-

502 5201 652 5242 mum
687 5185 821 5240 mihi
865 5183 1086 5238 Saulcm
1116 5181 1392 5249 occidere,
1422 5183 1668 5238 abstinui
1709 5184 2076 5253 tamenjusti-

499 5281 588 5332 tia:
619 5276 785 5346 hujus
818 5289 1006 5330 amore
1039 5290 1054 5338 ;
1119 5273 1247 5343 quia
1283 5287 1314 5326 a
1363 5281 1416 5328 te
1472 5273 1804 5330 constitutus
1842 5283 1927 5330 est
1957 5290 2075 5330 rex.

499 5371 758 5440 Quinimo
790 5385 889 5426 nec
938 5369 1122 5425 verbis
1166 5367 1319 5421 illum
1358 5367 1653 5439 objurgare
1701 5382 1868 5423 ausus
1929 5383 2074 5431 sum,

500 5477 624 5516 cum
656 5462 725 5516 sit
757 5459 945 5531 populi
971 5465 1154 5529 caput,
1206 5466 1260 5513 et
1290 5457 1359 5512 ab
1389 5457 1535 5514 iliius
1562 5458 1762 5528 injuria
1799 5459 2075 5514 abstinere

527 5653 569 5684 “
602 5648 762 5706 Joan.
785 5665 894 5718 xiv,
921 5651 978 5706 9.
1125 5651 1172 5682 ¹¹
1206 5647 1376 5705 Hebr.
1415 5665 1453 5715 ι,
1483 5647 1538 5702 3.

2176 5094 2628 5166 βεϐασιλευκότα,
2654 5095 2749 5148 καὶ
2778 5094 2931 5147 οὐδὲν
2963 5092 3186 5162 ὑϐρίσαι
3215 5090 3406 5144 τοῦτον
3433 5089 3579 5158 λόγῳ
3609 5087 3766 5140 ἐτόλ-

2181 5204 2350 5256 μησα.
2384 5185 2612 5256 Κεφαλὴ
2655 5185 2759 5257 γάρ
2809 5186 2924 5238 ὲστι
2966 5184 3167 5247 παντὸς
3212 5183 3305 5236 τοῦ
3356 5181 3510 5236 λαοῦ·
3552 5180 3765 5233 δίκαιον

2206 5278 2232 5328 ὲ
2259 5277 2449 5330 τούτου
2481 5278 2570 5330 διά
2599 5277 2772 5329 ταῦτα
2817 5274 3099 5344 φείδεσθαι
3131 5275 3276 5328 κατά
3315 5272 3516 5326 πάντα.
3556 5272 3626 5324 Ἢ
3672 5269 3760 5320 δι-

2184 5368 2479 5438 καιοσύνην
2529 5367 2764 5422 ἐνταῦθα
2812 5367 2960 5435 λέγει
3011 5366 3107 5436 τὴν
3159 5363 3526 5432 δικαιολογίαν
3568 5360 3762 5426 αὑτοῦ,

2186 5460 2307 5510 καθ’
2338 5459 2405 5530 ἢν
2444 5459 2774 5527 δικαιοῦται,
2819 5459 2885 5530 ἢν
2918 5461 3010 5512 καὶ
3043 5458 3253 5530 προῖὼν
3289 5457 3528 5527 τίθησιν.
3572 5454 3763 5517 Οὕτως

1865 5733 2065 5796 Varias
2105 5732 2440 5796 lectiones.

569 5849 679 5914 (Si)
720 5849 834 5910 "Ac,
866 5847 1066 5916 δηλαδὴ
1094 5846 1185 5908 τὰς
1227 5845 1447 5914 ἀρετάς.
