4116 6420
488 405 589 468 ἓυἸ

1690 402 2078 465 EUTIIYMII
2124 401 2488 462 ZlGABENI

3625 404 3734 469 208

488 562 546 609 ut
574 559 911 623 cognoscant
941 563 1006 602 an
1040 545 1300 601 mundum
1337 541 1389 596 id
1426 541 1494 597 sit
1510 548 1567 596 et
1597 555 1814 611 purum.
1850 540 1913 592 Et
1944 552 2065 592 cum

2189 538 2266 591 ιαὶ
2293 535 2650 607 χωνευθέντος
2705 553 2807 605 μου
2854 553 3063 599 τουτοις
3137 535 3233 588 καὶ
3301 532 3738 604 βασανισθέντος.

491 645 611 701 auri
653 644 831 698 instar
866 641 1023 695 fusus
1062 637 1162 692 sim
1190 645 1247 691 et
1283 635 1570 707 probatus,
1608 633 1753 687 nulla
1796 642 1976 688 tamen
2008 634 2063 688 in

488 752 575 792 me
600 738 817 791 iuventa
846 741 929 787 est
966 727 1236 801 injustitia
1258 770 1272 793 ,
1306 740 1468 795 quam
1511 724 1842 795 patraret-im
1878 724 2070 780 adver-

492 844 590 885 sus
628 825 780 881 Saul.
827 821 1013 891 Neque
1062 818 1207 874 enim
1240 817 1383 873 inter
1415 816 1700 887 angustias
1729 815 1935 869 malum
1970 815 2069 870 ali-

487 918 628 988 quod
656 915 920 970 adversus
938 926 1087 976 eum,
1117 918 1179 965 ut
1214 906 1603 979 pusillaniutis,
1639 913 1731 961 aut
1763 905 2070 961 consultavi

499 1024 739 1080 unquam
771 1017 862 1062 aut
899 1005 1143 1061 decrevi.

557 1101 730 1155 Vens.
770 1100 826 1155 4.
863 1096 929 1152 Ut
972 1113 1076 1152 non
1130 1097 1378 1165 loquatur
1419 1111 1475 1148 os
1522 1109 1692 1146 meum
1723 1108 1880 1160 opera
1900 1091 2070 1145 hami-

489 1211 637 1248 num.
678 1191 776 1247 Hic
831 1189 1139 1245 versiculus
1194 1187 1589 1256 consequentia
1642 1198 1750 1238 non
1805 1195 1956 1237 caret
2002 1182 2069 1236 ad

492 1282 875 1355 praecedentia,
916 1290 976 1336 ut
1011 1280 1181 1351 aliqui
1215 1278 1620 1341 existimarunt,
1647 1275 1894 1346 quiuimo
1919 1288 2070 1328 com-

493 1376 809 1432 modissime
834 1374 917 1430 eis
947 1372 1279 1441 adjungitur,
1304 1381 1358 1426 et
1386 1382 1606 1425 causam
1641 1366 1901 1433 continet,
1935 1381 2073 1437 qua-

494 1485 551 1524 re
583 1470 927 1524 examinatus
955 1464 1117 1521 fuerit
1150 1472 1204 1518 et
1233 1462 1463 1517 amictus
1487 1460 1678 1516 beatus
1718 1456 1906 1513 David.
1937 1458 2070 1524 llac,

444 1584 450 1590 -
492 1562 688 1631 inquit,
724 1560 792 1615 de
838 1572 1001 1614 causa
1074 1566 1129 1612 tu
1175 1569 1263 1609 me
1317 1552 1716 1606 tentationihus
1771 1550 2073 1605 examinati

498 1650 824 1721 permisisti,
859 1664 928 1703 ne
952 1649 997 1703 si
1032 1647 1210 1716 major
1241 1643 1465 1699 fuissem
1506 1656 1672 1712 quam
1696 1642 1839 1711 quod
1875 1642 2072 1695 tentari

500 1750 595 1797 aut
627 1742 787 1811 afﬂigi
835 1754 1074 1811 possem,
1125 1736 1422 1792 extollerer
1458 1733 1715 1789 fortassis
1748 1749 1763 1787 :
1811 1746 1947 1787 neve
1985 1746 2078 1787 ac-

492 1848 749 1890 cusarem
796 1831 949 1897 Saul,
986 1838 1081 1885 aut
1130 1828 1280 1884 illius
1323 1827 1626 1896 injustitias
1660 1825 1898 1894 superbe
1931 1825 2077 1880 deri-

2167 629 2266 697 οὐχ
2302 625 2499 697 εὑρέθη
2558 628 2617 678 ἐν
2670 629 2796 697 ἐμοὶ
2844 625 3031 680 ἀδικία
3072 626 3217 680 κατὰ
3258 625 3464 687 Σαοὺλ,
3492 625 3615 678 οὐδὲ
3645 645 3741 696 μι-

2170 719 2522 791 κροψυχήσας
2582 720 2687 772 ὑπδ
2743 719 2841 789 τῆς
2908 718 3154 788 ἀνάγκης
3215 716 3632 789 ὲῦουλευσάμην
3688 735 3742 773 τι

2171 812 2427 884 πονηρόν.

2247 1102 2442 1162 Ὅπως
2472 1097 2548 1151 ἂν
2575 1095 2661 1166 μὴ
2693 1095 2945 1165 λαλήσῃ
2986 1093 3053 1147 τὸ
3090 1092 3285 1161 στόμα
3325 1106 3444 1161 μου
3492 1091 3564 1144 τὰ
3608 1092 3751 1161 ἔρξῃ

2173 1191 2290 1245 τῶν
2321 1190 2669 1258 ἀνθρώπων.
2720 1189 2835 1241 (ὶῦκ
2873 1187 2989 1240 ἔστι
3019 1186 3082 1239 τὸ
3125 1185 3304 1254 παρὸν
3347 1183 3511 1254 ῥητὸν
3555 1183 3756 1236 ἀνακό-

2174 1283 2382 1347 λουθον,
2443 1280 2517 1344 ὥς
2547 1296 2695 1343 τινες
2731 1278 2994 1350 ᾠήθησαν
3020 1296 3034 1312 ο
3079 1275 3198 1331 ἀλλ’
3251 1276 3401 1328 αἰτία
3457 1274 3607 1327 δοκεῖ
3651 1274 3753 1342 τῆς

2175 1373 2497 1445 πυρώσεως·
2533 1371 2619 1424 διὰ
2665 1370 2823 1423 τοῦτο
2864 1369 2973 1439 γὰρ
3007 1366 3411 1438 παρεχώρησας
3438 1365 3755 1434 πυρωθῆναὶ

2178 1483 2245 1535 με
2311 1464 2660 1535 πειρασμοῖς,
2717 1462 2803 1514 ἵνα
2865 1460 2939 1530 μὴ
2999 1459 3175 1529 μένων
3241 1456 3516 1527 ἀνώτερος
3573 1455 3757 1508 αὐτῶν

2178 1556 2590 1627 ὑπεραίρωμαι,
2630 1554 2725 1607 καὶ
2756 1550 3031 1605 διαϐάλλω
3060 1549 3190 1613 τοὺς
3227 1550 3372 1618 ἀμφὶ
3418 1548 3514 1601 τὸν
3560 1547 3756 1610 Σαοὺλ,

2178 1645 2532 1717 θριαμεεύων
2562 1644 2599 1698 δι
2622 1644 2953 1712 πράττουσιν
2975 1642 3157 1695 ἄδικα.
3188 1640 3259 1693 Ἣ
3294 1639 3390 1692 καὶ
3413 1638 3501 1691 ἵνα
3531 1637 3666 1707 πρὸς
3700 1637 3759 1688 σὲ

2181 1740 2465 1808 συντόμως
2512 1736 2996 1807 ἐπιστρεφόμενος
3017 1734 3099 1804 (ὲν
3130 1731 3311 1801 θλίψει
3346 1730 3454 1800 γὰρ
3482 1727 3764 1799 ἐμνήσθη-

2185 1834 2284 1903 μέν
2315 1834 2457 1902 σου),
2495 1832 2563 1885 τὰ
2596 1830 2667 1883 σὰ
2712 1828 2850 1901 ἔργα
2905 1825 3075 1891 λαλῶ,
3105 1826 3224 1889 πῶς
3268 1825 3481 1877 ἅπαντα
3519 1819 3657 1891 πρὸς
3704 1818 3766 1870 τὸ

482 1927 678 1981 derem
716 1931 884 1994 atque
911 1923 1324 1992 exprobrarem.
1357 1916 1451 1972 Vel
1484 1916 1642 1970 aliter
1670 1935 1684 1970 :
1722 1916 1804 1971 Tu
1844 1917 1966 1972 ideo
1994 1933 2079 1973 me

2189 1921 2472 1991 συμφέρον
2501 1920 2831 1990 οἱκονομεῖς.

494 2017 851 2080 examinasti,
892 2025 953 2069 ut
995 2028 1098 2083 ego
1140 2023 1449 2067 conversus
1488 2008 1555 2061 ad
1591 2016 1665 2072 te,
1696 2020 1804 2061 non
1837 2008 2075 2063 humana
2116 2024 2307 2082 opera,
2346 2011 2440 2067 sed
2478 2018 2571 2065 tua
2613 2020 3104 2064 commemorarem
3139 2003 3422 2065 beneficia,
3500 2009 3555 2056 et
3627 2015 3769 2070 quo-

500 2109 665 2164 utodo
707 2117 765 2162 tu
790 2106 972 2161 omnia
1009 2104 1064 2158 in
1097 2102 1295 2157 melius
1363 2114 1579 2170 semper
1614 2096 1833 2168 dirigis.
1877 2097 2133 2157 Solemus
2198 2102 2346 2157 enim
2395 2103 2449 2156 in
2499 2099 2890 2155 amictionihus
2956 2098 3035 2151 tui
3087 2110 3302 2163 semper
3341 2094 3516 2164 magis
3573 2099 3771 2148 memi-

496 2215 669 2256 ιιιεεθ.

565 2296 791 2362 Propter
828 2291 981 2346 verba
1013 2288 1276 2343 leviorum
1311 2295 1522 2340 tuorum
1550 2302 1644 2356 ego
1677 2286 1937 2342 custodivi
1973 2287 2080 2340 vias

2250 2286 2354 2340 Διὰ
2388 2285 2531 2350 τοὺς
2574 2284 2797 2352 ,λόγους
2858 2276 2978 2332 τῶν
3006 2277 3260 2346 χειλέων
3295 2290 3412 2330 σου
3454 2274 3571 2344 ἐγὼ
3622 2274 3772 2343 ἐφύ-

494 2390 686 2442 duras.
729 2384 836 2439 Per
876 2385 990 2437 vcrl
1014 2397 1043 2435 a
1072 2380 1342 2435 lahiormu
1380 2377 1498 2442 Dei,
1536 2378 1788 2433 mandata
1830 2379 1961 2449 legis
1996 2378 2082 2431 in-

2189 2378 2341 2443 1a€a
2379 2374 2562 2441 ὀδοὺς
2609 2369 2906 2440 σκληράς.
2936 2369 3166 2437 Λόγους
3198 2367 3424 2436 χειλέων
3471 2365 3628 2418 καλεῖ
3669 2367 3769 2427 τὰς

500 2479 719 2548 telligit,
777 2490 895 2545 quae
955 2489 1051 2543 per
1102 2472 1339 2542 Moysetn
1391 2470 1519 2525 data
1578 2479 1728 2525 sunt.
1788 2468 2080 2525 Lahiorum

2189 2468 2400 2530 ἐντολὰς
2427 2465 2522 2517 τοῦ
2550 2464 2639 2517 διὰ
2670 2461 2912 2521 Μωσέως
2936 2458 3183 2519 δοθέντος
3216 2455 3406 2524 νόμου·
3437 2454 3668 2523 χειλέων
3713 2453 3769 2507 δὲ

501 2542 687 2625 autem
715 2542 833 2632 Dei,
851 2542 1163 2637 improprie
1185 2563 1350 2627 dicit,
1367 2564 1523 2632 quasi
1556 2577 1585 2615 a
1609 2561 1721 2618 Deo
1743 2562 1952 2631 prolata
1976 2562 2088 2615 sint

2189 2558 2337 2624 Θεοῦ,
2372 2549 2858 2623 καταχρηστικῶς,
2885 2542 2973 2601 οἷα
3014 2546 3167 2618 παρὰ
3187 2544 3325 2598 Θεοῦ
3360 2544 3769 2613 ὑφηγηθείσας.

498 2680 564 2717 ea
620 2660 899 2716 mandata.
958 2658 1189 2727 Pmptcr
1259 2656 1375 2710 haec
1424 2656 1607 2725 itaque
1656 2655 1911 2709 mandata
1963 2668 2086 2721 ego,

2189 2649 2279 2702 Διὰ
2308 2647 2507 2708 ταύτας
2532 2638 2649 2707 οὖν,
2682 2640 2871 2713 φησὶν,
2903 2637 3015 2707 ἐγὼ
3039 2635 3303 2706 ἐφύλαξα,
3329 2637 3608 2688 τουτέστιν
3636 2634 3771 2688 ἐϐά-

513 2754 711 2824 inquit,
743 2751 1015 2808 custodiri
1044 2789 1061 2816 ,
1097 2750 1200 2803 hoc
1233 2757 1339 2810 cst,
1369 2763 1470 2817 ego
1502 2746 1777 2803 ambulavi
1825 2746 1941 2805 vias
1985 2747 2088 2801 du—

2189 2744 2309 2797 Βισα
2334 2740 2487 2801 ὁδοὺς
2518 2737 2789 2806 σκληρὰς,
2819 2732 2919 2796 τὰς
2964 2729 3073 2784 τῶν
3105 2729 3340 2800 ἀρετῶν·
3369 2728 3619 2799 τραχεῖαι
3659 2727 3790 2798 γὰρ’

507 2863 596 2901 ras
635 2862 647 2899 :
684 2845 953 2900 virtutum
1003 2842 1269 2898 nimirum
1306 2841 1425 2897 vias
1465 2856 1590 2910 quae
1636 2855 1846 2911 aspera:
1874 2849 2002 2896 sunt
2038 2848 2092 2893 et

2189 2827 2371 2897 αὗται,
2400 2829 2497 2885 καὶ
2522 2827 2797 2892 ἐπίπονοι,
2828 2824 3012 2893 πάσης
3044 2821 3367 2891 σωματικῆς
3400 2819 3597 2889 ἡδονῆς
3626 2820 3773 2872 ἀπε-

509 2939 795 2993 lahoriosaa
822 2976 838 3001 ,
885 2943 940 2992 et
976 2935 1126 2991 omni
1171 2934 1424 3003 corporis
1473 2932 1835 2989 delectatione
1862 2947 2092 3002 prorsus

2189 2924 2542 2997 στερημὲναι.
2594 2918 2893 2973 Φυλάττειν
2938 2914 3017 2997 δὲ.
3045 2913 3200 2983 παρᾶ
3250 2916 3315 2981 τῇ
3372 2908 3631 2981 συνηθείᾳ
3671 2910 3774 2979 τῆς

505 3039 788 3086 carentes.
823 3027 1119 3083 Custodire
1153 3001 1318 3080 etiam
1359 3025 1500 3094 apud
1534 3001 1877 3094 Scripturam
1900 3024 2091 3092 saepis-

2189 3019 2440 3089 Γραφῆς,
2476 3014 2538 3068 τὸ
2574 3011 2843 3081 ἐνεργεῖν,
2888 3009 2964 3071 ὡς
2997 3007 3093 3059 ἐπὶ
3119 3008 3181 3057 τὸ
3211 3004 3485 3068 πλεῖστον,
3521 3001 3773 3069 λέγεται,

458 3144 465 3152 ·
512 3122 649 3174 sime
698 3118 936 3189 positum
979 3116 1309 3187 reperimus,
1344 3129 1443 3185 pro
1493 3116 1732 3185 operari,
1798 3120 1859 3169 ut
1909 3113 2088 3168 illud:

507 3212 784 3268 (Σαειοόἰυὶ
811 3210 1068 3264 mandata
1096 3219 1190 3262 tua
1217 3210 1283 3276 ³³,
1312 3207 1414 3262 hoc
1439 3216 1524 3263 est
1552 3206 1868 3278 adimplevi.

2188 3110 2264 3173 ὡς
2309 3108 2409 3161 τό’
2462 3103 2772 3174 Ἐφύλαξα
2822 3102 2931 3166 τὰς
2962 3094 3219 3161 ἐντολάς
3269 3110 3419 3159 σου,
3475 3092 3775 3153 τουτέστι,

2191 3202 2410 3274 πράξας
2438 3199 2576 3269 ὲπλή
2586 3212 2758 3267 ρωσα.

580 3307 751 3362 Vsus.
786 3304 840 3361 5.
872 3304 1084 3373 Perﬁce
1122 3316 1333 3373 gressus
1367 3316 1507 3355 meos
1539 3302 1597 3355 in
1635 3277 1834 3355 semitis
1866 3299 1992 3366 tuis,
2029 3308 2086 3351 ut

2262 3293 2625 3361 Κατάρτισαι
2655 3290 2727 3342 τὰ
2751 3283 3087 3356 διαδήματὰ
3115 3298 3235 3352 μου
3273 3280 3343 3334 ἐν
3372 3279 3503 3345 ταῖς
3548 3277 3777 3347 {pidau-

510 3416 613 3454 non
644 3405 1076 3452 commoveantur
1112 3409 1325 3465 gressus
1366 3393 1491 3446 mei.
1528 3391 1619 3446 Bis
1654 3406 1942 3463 gressuum
1974 3406 2090 3445 me-

514 3491 694 3554 minit,
727 3499 784 3545 et
811 3504 906 3557 per
930 3502 1026 3543 eos
1093 3487 1263 3556 priori
1308 3485 1430 3540 loco
1460 3486 1659 3540 mentis
1687 3491 1869 3539 motus
1895 3483 2094 3538 intelli-

510 3585 611 3653 git,
669 3580 918 3636 secundo
963 3592 1094 3634 vero
1136 3584 1317 3631 motus
1358 3575 1626 3645 corporis.
1656 3575 1747 3630 Ait
1773 3575 1959 3644 igitur,
1983 3572 2089 3641 Tu,

517 3676 764 3740 Domine,
810 3671 1084 3744 perfectas
1147 3684 1211 3723 ac
1272 3677 1451 3747 rectas
1515 3668 1680 3723 facito
1731 3668 2091 3738 cogitationes

519 3781 698 3832 meas,
729 3768 783 3819 in
815 3764 1090 3819 mandatis
1115 3762 1244 3827 tuis,
1271 3776 1393 3831 qua)
1426 3760 1740 3831 gradientes
1765 3776 1861 3831 per
1893 3775 1956 3816 ea
1994 3761 2095 3815 ho-

518 3860 697 3921 mines
723 3857 908 3912 ferunt
934 3856 1001 3911 ad
1034 3863 1108 3909 te.
1137 3853 1274 3908 Nam
1310 3853 1355 3910 si
1392 3854 1474 3907 hae
1499 3851 1698 3908 mentis
1736 3850 2095 3920 cogitationes

522 3947 891 4018 perfectiores
937 3945 1262 4010 reddantur,
1294 3951 1507 3998 caeteras
1534 3940 1700 3997 etiam
1744 3940 2096 4009 operationes

514 4039 765 4111 corporis
806 4054 916 4094 non
963 4036 1305 4101 titubahunt,
1360 4033 1611 4105 quiuimo
1645 4032 1877 4087 tutiores
1911 4039 2095 4086 erunt.

516 4132 616 4189 Vel
649 4131 849 4204 perfice
874 4145 1100 4204 gressus
1127 4143 1300 4194 meos,
1331 4129 1434 4183 hoc
1462 4133 1569 4191 est,
1622 4139 1814 4181 omnes
1845 4126 2092 4179 actiones

517 4242 688 4291 meas,
724 4226 854 4282 dum
895 4223 1118 4281 ambulo
1158 4236 1254 4292 per
1278 4220 1396 4275 vias
1430 4228 1580 4283 tuas,
1617 4231 1754 4288 quas
1788 4215 1842 4271 in
1870 4215 2094 4270 manda-

516 4320 586 4375 tis
611 4319 720 4375 tuis
748 4334 871 4374 esse
888 4314 1132 4373 statuisti
1187 4314 1255 4369 iis
1282 4312 1377 4383 qui
1404 4310 1668 4367 festinant
1696 4309 1882 4366 venire
1905 4309 1971 4362 ad
1997 4318 2049 4363 te
2073 4323 2088 4359 :

521 4425 590 4466 ne
623 4410 672 4467 si
714 4408 858 4464 forte
883 4404 1304 4463 commemorati
1335 4417 1563 4474 gressus
1595 4403 1702 4458 mei
1729 4402 1935 4456 nullam
1972 4416 2003 4455 a
2045 4408 2097 4455 te

2191 3403 2329 3452 σου,
2361 3386 2462 3440 ἵνα
2495 3378 2580 3454 μὴ
2598 3378 2951 3437 σαλευθῶσι
2978 3378 3053 3431 τὰ
3081 3372 3416 3444 διαδήματα
3441 3389 3578 3441 μου.
3621 3371 3778 3424 ’Λνω

2188 3480 2294 3549 μὲν
2325 3476 2573 3546 ὠνόμασε
2605 3472 2922 3542 διαδήματα
2942 3468 3010 3522 τὰ
3035 3465 3130 3519 τοῦ
3156 3463 3249 3519 νοῦ
3276 3464 3579 3534 κινήματαο
3618 3460 3780 3515 κάτω

2190 3571 2270 3635 δὲ,
2306 3570 2373 3622 τὰ
2394 3566 2486 3620 τοῦ
2516 3566 2786 3635 σώματος.
2852 3554 2979 3615 υίον
3029 3559 3214 3612 τέλεια
3253 3556 3347 3609 καὶ
3377 3553 3516 3626 ὀρθὰ
3538 3552 3777 3622 ποίησον

2195 3665 2262 3719 τὰ
2300 3659 2552 3732 νοήματά
2584 3674 2688 3727 μου
2732 3657 2790 3709 ὲν
2818 3655 2929 3716 τοῖς
2962 3647 3352 3721 προστάγμασι
3392 3663 3508 3711 σου,
3540 3647 3653 3708 τοῖς
3688 3644 3785 3715 φέ-

2197 3770 2382 3827 ρουσιν
2414 3751 2494 3814 είς
2523 3750 2586 3805 σὲ
2613 3747 2743 3809 τοὺς
2768 3745 2838 3799 δι’
2869 3743 3052 3797 αὐτῶν
3084 3739 3393 3801 ὁδεύονταςο
3428 3736 3636 3790 τούτων
3670 3737 3777 3806 γὰρ

2192 3844 2619 3906 τελειωθέντων,
2650 3838 2771 3893 οὐδὲ
2797 3837 2856 3893 αἱ
2874 3835 2963 3891 διὰ
2995 3834 3249 3905 σώματος
3272 3830 3506 3901 πράξεις
3532 3829 3788 3896 ἀποσφα-

2193 3942 2335 3994 λεῖεν
2356 3932 2442 3992 ἄν.
2463 3936 2533 3988 Ἢ
2550 3932 2878 4003 κοιτάρτισαι
2899 3928 2969 3983 τὰ
2989 3925 3304 3995 διαδήματα
3327 3940 3450 3994 μου,
3474 3921 3786 3985 τουτέστιν,

2194 4031 2479 4104 ἐνέργειαν
2510 4043 2615 4100 μου
2646 4026 2828 4080 πᾶσαν
2857 4023 2917 4076 ὲν
2943 4018 3023 4091 τῷ
3044 4019 3255 4073 ὁδεύειν
3277 4017 3376 4079 τὰς
3403 4011 3640 4104 τρίϐους
3661 4027 3789 4075 σου,

2197 4125 2265 4190 ἃς
2292 4103 2386 4179 διὰ
2409 4121 2522 4177 τῶν
2554 4116 2784 4176 ἐντολῶν
2832 4116 3032 4184 ἔτεμες
3078 4112 3193 4174 τοῖς
3234 4106 3561 4163 σπεύδουσιν
3603 4103 3789 4157 ἐλθεῖν

2201 4220 2294 4274 ἐπὶ
2334 4218 2417 4278 σὲ,
2452 4216 2538 4269 ἵνα
2579 4212 2656 4284 μὴ
2687 4205 3111 4280 παρακιῆθῶσι
3139 4202 3234 4257 τοῦ
3278 4200 3672 4271 προσήκοντος,
3708 4194 3791 4264 μὴ

2204 4310 2359 4381 παρὰ
2388 4306 2484 4362 σοῦ
2511 4303 2974 4374 καταρτιζόμενα·
3019 4300 3084 4351 σὺ
3114 4296 3224 4367 γὰρ
3254 4288 3307 4347 εἴ
3335 4293 3364 4347 ὁ
3390 4290 3655 4347 διδάσκων
3693 4286 3789 4340 ἄνα

2205 4401 2428 4472 θρωπον
2460 4394 2689 4466 γνῶσιν.

519 4500 915 4572 perfectionem
951 4495 1290 4566 acceperint,
1323 4494 1545 4550 devient
1575 4493 1868 4565 aliquando
1893 4492 1962 4548 ab
1996 4466 2254 4561 honesto,
2282 4498 2337 4547 et
2369 4495 2672 4548 sequantur
2720 4498 2842 4556 qua!
2908 4479 3182 4536 deteriora
3257 4479 3406 4529 sunt.
3471 4467 3554 4523 Tu
3638 4466 3789 4521 enim

518 4608 579 4647 es
611 4591 708 4661 qui
734 4592 902 4649 doces
929 4590 1208 4646 hominem
1250 4589 1563 4645 scientiam.

593 4686 757 4742 Vsus.
783 4687 834 4741 6.
856 4685 965 4755 Ego
991 4685 1216 4740 clamavi
1227 4685 1479 4754 quoniam
1508 4681 1777 4736 exaudiui
1807 4695 1910 4743 me,
1935 4678 2096 4734 Deus.
2133 4686 2176 4742 ι)

523 4781 640 4837 Non
698 4778 924 4845 frustra,
980 4779 1181 4849 inquit,
1239 4776 1412 4831 fundo
1446 4788 1635 4845 preces
1667 4775 1734 4828 ad
1759 4783 1834 4837 te,
1884 4786 2010 4826 nam
2041 4779 2098 4826 et

520 4873 812 4941 aliascum
846 4868 913 4924 ad
947 4880 997 4923 te
1025 4881 1242 4922 orarem
1272 4866 1565 4921 exauditus
1588 4878 1732 4918 sum.

593 4963 808 5017 fut-lina
847 4977 1029 5016 aurem
1071 4970 1218 5013 tuam
1279 4959 1411 5013 mihi
1437 4969 1487 5012 et
1519 4956 1719 5011 exaudi
1767 4954 1920 5009 verba
1955 4969 2092 5009 mea.

522 5056 686 5126 Atqui
714 5069 877 5111 aures
910 5055 961 5107 iu
996 5050 1430 5108 nobisiuclinari
1488 5065 1597 5107 non
1660 5054 1940 5116 possunt:
1995 5044 2092 5105 sed

524 5167 647 5205 ιτιιιιι
708 5148 972 5204 inclinato
1030 5148 1210 5213 capite
1254 5160 1384 5217 erga
1448 5142 1603 5197 illum
1637 5156 1801 5212 quem
1847 5138 2092 5195 audituri

524 5254 738 5306 sumus,
775 5234 1307 5299 condescendimus,
1358 5232 1621 5286 videntur
1649 5231 1813 5285 etiam
1850 5243 2014 5283 aures
2038 5229 2096 5282 in

527 5332 684 5388 nobis
725 5330 997 5386 inclinari.
1021 5330 1076 5381 In
1105 5324 1487 5396 superioribus
1513 5323 1622 5392 jam
1648 5322 1887 5376 diximus
1913 5333 2103 5387 quem-

531 5424 822 5479 admodum
857 5421 1129 5490 Propheta
1163 5430 1542 5488 saepenumero
1565 5414 1634 5468 ab
1666 5412 1926 5466 humanis
1969 5426 2103 5479 Ope—

535 5512 840 5579 rationibus
867 5511 1086 5566 divinas
1134 5509 1415 5580 exprimit,
1455 5503 1819 5560 imbecillitati
1852 5516 1915 5555 ac
1944 5515 2100 5554 cras-

678 5694 724 5726 ²⁸
755 5691 902 5746 Psal.
938 5704 1130 5752 (ῑΧιίιι,
1167 5685 1289 5741 166.

2285 4673 2438 4745 Ἐγὼ
2484 4667 2800 4739 ἐκέκραξα,
2842 4666 2934 4720 ὅτι
2982 4657 3337 4728 ἐπήκουσὰς
3369 4670 3509 4724 μου,
3618 4649 3786 4745 Bede.

2204 4769 2281 4822 Οὐ
2322 4738 2501 4838 ptitqu
2536 4738 2801 4832 ποιοῦμαι
2829 4758 2928 4829 τὴν
2954 4751 3328 4824 παράκλησιν,
3363 4746 3446 4800 ὅτι
3490 4739 3589 4795 καὶ
3614 4738 3792 4793 πάλαι

2203 4848 2691 4932 παρακαλέσαντός
2718 4871 2824 4924 μου
2857 4854 3128 4924 ἤκουσας.

2273 4922 2498 5009 iubeor
2522 4950 2588 5005 τὸ
2616 4922 2729 5014 os;
2752 4922 3054 5013 σουίέμοὶ,
3103 4937 3206 4993 καὶ
3253 4932 3627 4990 εἰσάκουσον
3667 4922 3794 4978 τῶν

2197 5046 2481 5117 ῥημάτων
2508 5060 2650 5113 μου.
2693 5040 2802 5094 Καὶ
2840 5037 2947 5108 μὴν
2983 5031 3203 5089 ἄκλιτόν
3234 5029 3384 5081 ἐστιν
3418 5025 3476 5117 εν
3501 5020 3628 5117 ἐρισι
3669 5017 3788 5117 (5‘7)

2201 5105 2407 5197 τὸηοῦς·
2461 5105 2573 5186 ἀέλ*
2601 5131 2683 5185 ὅτι
2732 5105 3061 5194 κλινομένης
3096 5120 3196 5190 τῆς
3244 5112 3496 5184 κεφαλῆς
3549 5108 3643 5162 ἐπὶ
3691 5105 3792 5167 τὸν

2199 5228 2447 5295 λέγοντα,
2478 5225 2627 5278 δοκεῖ
2656 5218 2816 5274 τοῦτο
2844 5213 3150 5271 κλίνεσθαι.
3203 5206 3545 5280 ῙῙιοο-είΡτίἽκπιι
3577 5200 3656 5262 δὲ’
3701 5198 3791 5295 δῖι

2202 5319 2309 5370 ἀπο
2340 5314 2447 5368 τῶν
2470 5312 2825 5381 ἀνθρωπίνων
2856 5303 3150 5375 ἐνεργειῶν
3181 5300 3251 5354 τὰ
3292 5297 3410 5350 θεῖα
3443 5287 3791 5364 χαρακτηρί-

2203 5407 2307 5470 Cet,
2345 5398 2987 5473 συγκαταϐατικώτερον,
3021 5391 3111 5445 διὰ
3140 5390 3238 5460 τὴν
3268 5388 3378 5440 τῶν
3415 5378 3791 5454 ἀκροωμένων

2204 5471 2510 5552 ἀσθένειαν.
2568 5496 2629 5547 Οἱ
2678 5493 2786 5561 γαρ
2828 5481 3144 5557 βουλόμενοί
3194 5494 3339 5541 τινος
3389 5471 3790 5546 ἀκριϐέστερον

1878 5765 2077 5827 Varim
2102 5763 2437 5825 lectiones.

605 5885 717 5957 (Ἣ)
757 5888 840 5938 io.
890 5885 1038 5951 ἡμῖν,
1076 5892 1132 5936 ιιι
1162 5880 1357 5953 legisse
1394 5877 1608 5931 videtur
1652 5872 1878 5926 Latinus
1928 5873 2218 5936 interpres.
