4116 6426
508 402 613 471 ιιι

1736 406 2123 467 EUTHYMII
2163 408 2533 469 ZIGABENI

3677 412 3782 475 212

507 524 732 581 Saulem
764 532 819 582 et
844 525 1048 591 socios,
1082 523 1281 595 impios
1312 520 1434 595 [seu
1464 521 1665 593 potius,
1697 531 1755 575 ut
1776 533 1922 590 saepe
1949 522 2073 576 alihi

2187 525 2313 584 τοὺς
2338 524 2571 589 ἁθὼους,
2597 524 2692 578 καὶ
2719 524 2795 590 ῶς
2831 525 2906 598 μῆ
2941 524 3271 599 σεϐομένους
3302 529 3403 602 τὴν
3439 531 3780 603 δηλωοπσαδ

504 617 772 681 diximus,
808 617 969 687 juxta
1006 616 1211 673 Grm‘cat
1234 615 1499 671 dictionis
1533 615 1773 686 ἀνόμους
1804 618 2079 671 veriorem

504 711 988 783 signiﬁcationem,
1023 708 1268 782 exieges]
1311 709 1610 780 appellavit
1638 726 1652 763 :
1684 722 1749 764 eo
1778 708 1924 778 quod
1953 722 2087 776 geu-

509 805 648 858 tium
687 819 861 869 more,
899 804 1120 874 csleges
1151 802 1400 857 viverent
1450 800 1506 856 in
1562 798 1826 872 peccatis,
1871 812 1922 855 et
1960 799 2087 871 quia

2194 615 2281 669 ἐπ’
2317 615 2465 686 αὐτῷ
2494 614 2589 670 τοῦ
2634 616 2770 670 Θεοῦ
2810 620 3150 690 χειροτονίαν
3173 637 3190 654 ο
3220 622 3271 677 οἳ
3324 624 3419 677 καὶ
3474 624 3781 681 ἐταλαιπὼ-

2198 722 2374 781 ρησαν
2421 708 2605 774 αὐτὸν,
2641 710 2773 782 περὶ
2817 713 2919 785 τὴν
2961 710 3143 787 φυγὴν
3174 717 3359 780 πᾶσαν
3397 717 3780 776 κακοπάθειαν

2195 800 2587 873 ὑφιστάμενον.

504 900 859 956 innocentem
915 896 1173 953 occidere
1217 897 1559 963 studebant;
1598 908 1702 950 nec
1751 891 2077 951 electionem
2121 896 2269 951 illam
2335 899 2692 969 verebantur,
2718 920 2884 974 quam
2910 906 2992 964 eis
3038 908 3181 965 Deus
3246 907 3657 980 signiﬁcaverat
3718 925 3782 968 se

505 991 705 1047 fecisse
734 991 802 1047 de
830 989 1023 1056 David,
1053 989 1184 1045 dum
1214 988 1503 1045 immodice
1531 1003 1659 1044 cum
1716 986 2040 1058 aﬂligerent,
2102 997 2156 1044 et
2196 989 2248 1044 in
2286 1005 2449 1047 causa
2479 1000 2663 1050 essent
2689 1006 2748 1051 ut
2776 1000 2934 1055 exsul
2962 1014 3027 1056 ac
3053 1002 3329 1074 profugus
3359 1017 3527 1058 omne
3551 1003 3781 1058 calami-

504 1091 679 1138 tatum
715 1100 890 1156 genus
916 1085 1240 1142 sustineret.

574 1174 743 1233 Vens.
779 1178 873 1234 10.
918 1176 1136 1233 Inimici
1174 1178 1276 1233 mei
1303 1181 1541 1233 animam
1582 1193 1751 1232 meam
1784 1176 2084 1232 circumde-

500 1269 716 1326 derunt.
748 1270 854 1328 Per
882 1273 1122 1327 animam
1146 1288 1301 1328 suam
1326 1272 1568 1343 seipsum
1605 1270 1884 1341 intelligit,
1907 1278 2083 1324 totum

502 1364 820 1434 exprimens
848 1381 877 1420 a
915 1374 1089 1435 parte.
1115 1364 1833 1431 Circumdederuntautem,
1866 1362 2085 1419 insidiis

504 1454 767 1513 nimirum
803 1459 1045 1526 undique
1072 1457 1360 1529 depositis.

571 1555 796 1626 Adipem
834 1570 991 1612 suum
1022 1554 1410 1610 concluserunt.
1449 1553 1551 1609 Per
1584 1553 1801 1623 adipem
1872 1567 1969 1607 cor
1999 1552 2085 1607 in-

504 1648 701 1720 teliigit
730 1659 783 1705 et
815 1649 1027 1706 viscera
1058 1666 1072 1703 :
1103 1648 1366 1720 quoniam
1397 1647 1608 1703 circum
1644 1647 1760 1703 haec
1791 1647 1963 1702 multa
1994 1660 2087 1702 so-

504 1742 577 1797 let
607 1744 791 1798 inesse
823 1742 1121 1813 pinguedo.
1155 1742 1246 1797 Ait
1267 1741 1458 1814 igitur,
1486 1756 1705 1797 omnem
1735 1756 1831 1797 eos
1860 1756 1888 1795 a
1917 1740 2086 1796 corde

506 1840 672 1905 atque
712 1850 740 1889 a
787 1834 1101 1892 visceribus
1161 1832 1602 1892 misericordiam
1662 1835 1809 1888 intra
1866 1831 2084 1903 seipsos

501 1929 797 1985 clausisse.
830 1928 1208 1985 Misericordia
1239 1927 1388 1984 enim
1422 1942 1452 1982 a
1478 1929 1645 1982 corde
1668 1935 1832 1996 atque
1857 1939 1886 1980 ιι
1918 1926 2084 1981 visce-

502 2021 658 2078 ribus
711 2019 919 2077 dicitur
957 2020 1320 2077 descendere.
1373 2018 1479 2073 Alii
1537 2015 1751 2089 adipem
1794 2028 2081 2088 exponunt

500 2125 603 2184 pro
636 2115 779 2168 bona
808 2109 1135 2169 habitudine
1164 2126 1231 2168 ac
1266 2108 1549 2175 felicitate,
1583 2122 1747 2181 quam
1779 2105 1905 2167 illos
1932 2111 2084 2165 clau-

501 2206 644 2262 sisse
675 2200 809 2261 dicit
844 2205 1147 2277 Propheta,
1181 2212 1349 2276 atque
1378 2204 1432 2260 in
1475 2200 1677 2275 seipsis
1708 2200 2079 2269 continuisse,

499 2299 670 2353 veluti
699 2311 979 2368 nunquam
1021 2296 1261 2369 amplius
1306 2311 1676 2364 recessuram,
1718 2292 1813 2352 sed
1848 2309 1973 2351 cum
1999 2295 2081 2351 eis

500 2398 763 2459 perpetuo
797 2389 1061 2445 futuram.

568 2478 643 2535 0s
671 2496 852 2536 eorum
882 2481 1116 2537 loculum
1150 2491 1229 2537 est
1268 2480 1587 2550 superbiam.
1614 2479 1902 2536 iactabant
1931 2477 2078 2535 enim

498 2572 575 2626 illi
631 2572 743 2627 cito
792 2588 853 2629 se
907 2575 1413 2644 comprehensuros
1464 2574 1689 2630 beatum
1740 2571 1933 2636 David,
1976 2585 2079 2627 nec

497 2678 663 2733 posse
687 2660 838 2718 illum
879 2665 949 2719 ab
980 2679 1171 2719 eorum
1214 2666 1470 2722 manibus
1506 2662 1740 2720 evadere
1772 2680 1787 2720 :
1816 2663 1970 2734 quasi
2008 2679 2076 2719 ex

497 2752 647 2809 nullo
671 2750 841 2811 latere
872 2754 1307 2826 exspectandum
1347 2755 1425 2811 illi
1469 2757 1704 2831 amplius
1732 2765 1878 2812 esset
1917 2755 2076 2810 ami-

495 2847 654 2903 lium.

566 2937 735 2997 Vsus.
769 2934 857 2997 il.
886 2940 1175 3012 Ejicietsles
1203 2954 1285 2998 nte
1315 2954 1453 2998 nunc
1482 2940 1945 2998 circumdederunt
1971 2958 2071 2998 me.

494 3024 841 3101 Expulerunt
892 3049 998 3097 me,
1048 3034 1247 3104 inquit,
1279 3052 1344 3091 ex
1379 3035 1639 3091 omnibus
1682 3034 1842 3089 bonis
1877 3035 2013 3091 meis
2055 3052 2070 3089 :

494 3137 595 3177 nec
618 3124 754 3180 satis
786 3125 889 3181 hoc
913 3126 995 3181 eis
1029 3123 1150 3194 fuit,
1186 3129 1284 3184 sed
1325 3143 1522 3184 rursus
1554 3128 1723 3184 etiam
1765 3127 2077 3183 circumde-

491 3214 714 3282 derunt,
749 3214 912 3274 morti
943 3236 1029 3276 me
1062 3222 1284 3278 tradere
1318 3221 1677 3279 festinantes.

2259 1183 2326 1234 Ol
2380 1180 2585 1250 ἐχθροί
2634 1201 2756 1253 μου
2814 1184 2930 1254 τὴν
2988 1187 3204 1258 ψυχήν
3247 1206 3370 1258 μου
3424 1187 3780 1258 περιέσχον.

2198 1272 2330 1326 Ἀπὸ
2354 1274 2456 1345 τῆς
2486 1275 2668 1347 ψυχῆς
2699 1278 2898 1332 ἑαυτὸν
2939 1280 3222 1352 ἐνέφηνεν,
3277 1282 3355 1345 ὡς
3410 1283 3521 1336 ἀπὸ
3573 1283 3784 1354 μέρους

2185 1366 2247 1420 τδ
2281 1367 2413 1422 πᾶν.
2484 1369 2824 1440 Περιέσχον
2857 1372 2937 1436 δὲ,
2978 1374 3103 1428 ἀντὶ
3149 1372 3271 1441 τοῦ,
3319 1376 3783 1447 περιεκύκλωσαν

2186 1461 2464 1515 πάντοθεν
2495 1462 2819 1529 καθίζοντες
2849 1465 3066 1536 λόχους.

2259 1551 2334 1607 Τὸ
2368 1554 2552 1623 στέαρ
2580 1555 2781 1611 αὐτῶν
2812 1560 3246 1617 συνέκλεισαν.
3278 1562 3378 1616 Διὰ
3403 1562 3498 1617 τοῦ
3530 1554 3782 1629 ’στέατος

2180 1646 2280 1717 τὴν
2308 1649 2537 1721 καρδίαν
2566 1650 2754 1704 καὶτὰ
2783 1648 3071 1725 σπλάγχνα
3093 1652 3268 1725 δηλοῖ·
3304 1658 3433 1726 περὶ
3464 1651 3640 1711 ταῦτα
3661 1652 3779 1726 γὰρ

2184 1739 2353 1813 πολλὴ
2382 1742 2612 1815 πιμελή.
2649 1744 2761 1798 Καί
2805 1763 2974 1816 φησιν
3019 1744 3102 1801 ὅτι
3150 1746 3513 1803 Ἀπέκλεισάν
3558 1768 3653 1818 μοι
3682 1753 3782 1804 τθιν

2181 1833 2246 1887 ὲκ
2281 1831 2513 1907 καρδίας
2545 1840 2640 1891 καὶ
2676 1836 3006 1911 σπλάγχνων
3039 1842 3224 1896 αὐτῶν
3277 1842 3447 1907 ἔλεον,
3495 1842 3554 1908 ἐξ
3582 1838 3658 1898 ὧν
3681 1839 3782 1898 οὐ·

2187 1946 2279 1992 τος
2308 1931 2578 2001 πρόεισιν.
2613 1932 2801 1989 Ἀλλοι
2834 1930 2892 1989 δέ
2935 1952 3101 2004 φασιν
3170 1932 3572 2008 ἑρμηνεύοντες
3604 1937 3782 2008 στέαρ

2189 2024 2287 2101 τὴν
2322 2028 2566 2099 εὐδοξίαν
2599 2026 2738 2086 εἶναι
2794 2030 2893 2093 καὶ
2930 2033 3256 2105 εὐημερίαν,
3306 2035 3375 2105 ἦν
3435 2031 3784 2088 ἀπέκλεισαν

2186 2120 2283 2173 καὶ
2335 2114 2450 2176 οἷον
2499 2124 2768 2193 συνεῖχον,
2821 2123 2898 2187 ὡς
2952 2123 3152 2197 μηκέτι
3198 2123 3563 2196 φευξομένην,
3633 2118 3781 2179 ἀλλὰ

2185 2210 2254 2267 δι’
2286 2209 2408 2269 ὅλου
2435 2216 2707 2287 ἐσομένην
2733 2216 2940 2282 αὐτοῖς.

2258 2478 2331 2533 Τὸ
2350 2480 2546 2549 στόμα
2569 2473 2771 2535 αὐτῶν
2785 2479 3096 2549 ἐλάλησεν
3116 2477 3562 2550 ὑπερηφανίαν.
3580 2472 3787 2550 Ἐκᾶμ..

2183 2572 2356 2636 παζον
2384 2573 2493 2643 γὰρ
2519 2573 2715 2628 θᾶττον
2755 2575 2922 2629 αὐτὸν
2951 2576 3171 2647 συσχεῖν
3207 2575 3281 2638 ὡς
3312 2574 3636 2647 ἀθήρευτον,
3674 2589 3780 2644 μη-

2180 2663 2417 2736 δαμόθεν
2444 2663 2638 2737 ἔχοντα
2667 2665 2946 2739 βοήθειαν.

2261 2935 2702 3004 Ἔκϐἀλλοντές
2718 2953 2795 3007 με
2817 2935 2954 2991 νυνί
2973 2933 3475 3004 περιεκύκ..1ωσάν
3486 2951 3583 3003 με.
3603 2931 3777 2998 Ἕξώ-

2180 3031 2376 3097 σαντές
2420 3049 2489 3102 με
2523 3029 2633 3084 τῶν
2692 3031 2842 3101 ἐμῶν
2894 3029 3170 3090 ἁπάντων,
3208 3029 3310 3081 οὐκ
3366 3028 3722 3096 ἠρκέσθησαν
3752 3044 3771 3060 ο

2179 3120 2318 3176 ἀλλὰ
2346 3120 2444 3174 καὶ
2475 3117 2571 3173 νῦν
2605 3112 3061 3190 περιεκύκλωσάν
3100 3135 3193 3188 με,
3230 3114 3544 3171 ϐανατῶσαι
3594 3133 3776 3168 σπου-

2179 3210 2459 3277 δάξοντες.

564 3302 761 3364 Oculos
792 3326 917 3365 suos
963 3322 1267 3368 statuerant
1297 3315 1567 3370 declinare
1599 3316 1653 3369 in
1708 3325 1928 3370 (errant.
1971 3315 2073 3370 De-

2257 3303 2405 3373 Τοὺς
2430 3302 2783 3375 ὀφθαλμοὺς
2808 3300 3010 3361 αὐτῶν
3044 3300 3249 3359 ἔθεντο
3281 3304 3556 3359 ἐκκῖῒναι
3585 3304 3659 3359 ἐν
3688 3303 3773 3374 τῇ

492 3410 804 3466 creverunt,
823 3402 1025 3473 inquit,
1056 3404 1342 3461 declinare
1365 3409 1557 3461 oculos
1589 3421 1745 3472 suos,
1770 3421 1801 3460 a
1831 3417 1882 3462 te
1910 3407 2077 3461 nimi-

492 3498 636 3553 rum,
659 3492 755 3562 qui
794 3494 848 3549 in
884 3492 1040 3551 caelis
1074 3496 1287 3552 habitas
1320 3514 1335 3552 :
1370 3508 1531 3567 atque
1572 3512 1605 3552 a
1641 3498 1909 3553 mandatis
1944 3497 2076 3563 tuis,

492 3580 693 3650 quibus
724 3583 1000 3641 mandasti
1048 3598 1115 3642 ne
1148 3587 1428 3643 insontem
1478 3589 1604 3659 quis
1659 3589 1861 3656 laedat;
1915 3598 2079 3659 atque

493 3671 601 3728 hoc
651 3682 711 3729 ut
758 3675 884 3732 illos
917 3677 971 3731 in
1012 3688 1213 3734 terram
1271 3690 1676 3747 converterent,
1722 3682 1827 3738 hoc
1871 3690 1957 3739 est
2003 3682 2074 3738 ad

492 3774 744 3824 terrenas
809 3771 1324 3841 concupiscentias.
1381 3773 1538 3840 Quod
1575 3776 1710 3831 nihil
1756 3774 1906 3830 aliud
1961 3782 2069 3843 est,

489 3873 653 3930 quam
680 3862 890 3933 absque
919 3862 1028 3921 ulla
1066 3866 1284 3924 ratione
1314 3868 1578 3940 quidquid
1629 3869 1798 3925 libido
1827 3868 2072 3941 postulat

487 3951 729 4020 explere.
802 3952 899 4011 Vel
951 3958 1115 4013 aliter
1163 3956 1402 4016 litteram
1451 3962 1567 4033 lege
1621 3978 1636 4016 :
1679 3959 1883 4019 Oculos
1934 3975 2071 4017 suos

486 4052 800 4103 statuerunt
833 4057 893 4105 ut
920 4048 1201 4109 declinent
1229 4055 1282 4108 in
1312 4061 1514 4110 terram
1545 4070 1560 4121 ;
1594 4063 1644 4109 et
1683 4064 1814 4110 tunc
1857 4069 2072 4126 expone

2174 3396 2275 3475 τῇ.
2314 3402 2560 3467 Ἐθεντο,
2617 3402 2921 3472 ὲσκέψαντο
2976 3396 3224 3457 ἐκκλῖναι
3262 3401 3390 3465 τοὺς
3447 3397 3775 3470 ὀφθαλμοὺς

2175 3495 2358 3550 αὐτῶν
2394 3495 2501 3549 ἀπὸ
2532 3489 2649 3561 σοῦ,
2677 3488 2773 3548 τοῦ
2824 3496 2883 3548 ὲν
2912 3490 3165 3565 οὐρανοῖς
3194 3489 3492 3557 οἰκοῦντος,
3528 3491 3624 3547 καὶ
3654 3493 3776 3546 τῶν

2178 3587 2290 3642 σῶν
2346 3586 2818 3657 προσταγμάτων,
2852 3578 2888 3640 ἃ
2928 3583 3215 3640 κελεύουσι
3271 3584 3346 3656 μὴ
3401 3580 3610 3638 ἀδικεῖν
3669 3585 3777 3639 {iv

2173 3681 2441 3746 ἀναίτιον,
2474 3682 2555 3744 είς
2576 3679 2703 3749 γῆν,
2749 3677 3030 3733 τουτέστιν
3073 3679 3154 3741 εις
3194 3676 3399 3748 γεηρὰς
3437 3674 3768 3747 ἐπιθυμίας·

2181 3770 2386 3834 αἵτινές
2422 3773 2560 3826 εἰσιν
2587 3769 2800 3839 ἀλόγως
2822 3767 3140 3841 άποπλῆσαι
3164 3764 3273 3824 πᾶν
3304 3770 3366 3824 τὸ
3391 3768 3517 3824 καθ’
3538 3764 3768 3840 ἡδονήν.

2182 3864 2293 3919 Καὶ
2322 3864 2448 3927 τοὺς
2470 3862 2782 3933 ὀφθαλμοὺς
2810 3862 2990 3916 αὐτῶν
3026 3858 3343 3934 ἐστήριξαν,
3369 3861 3773 3933 ἐπιτηροῦντες

2182 3957 2431 4013 ἐκκλῖναι
2486 3955 2583 4011 καὶ
2635 3955 2965 4010 καταϐαλεῖν
3017 3973 3083 4026 με
3124 3957 3207 4020 είς
3260 3954 3386 4027 γῆν,
3434 3948 3527 4008 ὑπ’
3579 3952 3775 4008 αὐτῶν

2180 4048 2686 4120 ἀποσφαττόμενον.

486 4146 816 4208 statuerunt,
858 4144 962 4202 hoc
1010 4157 1093 4203 est
1147 4149 1530 4206 stabiliverunt
1562 4160 1617 4207 et
1654 4147 2033 4212 ﬁrmaverunt,
2066 4149 2421 4203 observantes
2454 4143 2710 4198 nimirum
2744 4141 2980 4197 utilium
3017 4139 3279 4196 inclinent
3305 4149 3358 4195 et
3387 4140 3668 4195 demittant
3703 4138 3764 4194 in

484 4232 709 4303 'erram,
742 4255 902 4309 quem
953 4242 1082 4297 olim
1118 4244 1280 4299 morti
1330 4246 1546 4300 tradere
1585 4245 1943 4301 contendunt.
1978 4242 2167 4300 Oratio
2192 4241 2336 4297 enim
2376 4236 2561 4294 Graeca
2592 4247 2879 4307 utrumque
2903 4253 3122 4292 sensum
3156 4237 3367 4306 recipit.

556 4329 726 4385 Vens.
759 4332 847 4387 i2.
885 4332 1240 4401 Susceperunt
1283 4352 1363 4391 me
1402 4338 1557 4407 quasi
1602 4338 1681 4393 leo
1730 4349 1954 4405 paratus
1994 4339 2065 4392 ad

480 4422 741 4489 praedam,
770 4433 821 4477 et
847 4426 1003 4493 quasi
1029 4426 1241 4480 catulus
1277 4427 1443 4481 leonis
1474 4428 1724 4482 habitans
1756 4430 1812 4482 in
1839 4429 2061 4483 abditis.

483 4512 762 4576 Quantum
799 4513 865 4568 ad
899 4529 1086 4568 eorum
1116 4531 1269 4585 spent
1325 4516 1544 4579 attinet,
1573 4516 1674 4588 ipsi
1710 4529 1796 4573 me
1830 4519 1903 4573 ita
1936 4535 2065 4575 sus-

483 4615 783 4675 ceperunt;
836 4606 993 4675 quasi
1026 4602 1178 4662 dicat
1210 4626 1222 4662 :
1253 4607 1340 4662 illi
1369 4609 1672 4678 sperabant
1701 4611 1963 4667 accedere
1994 4611 2065 4666 ad

2242 4330 2573 4388 ’Υπέλαόόν
2577 4349 2656 4401 με
2678 4329 2822 4385 ὡσεὶ
2851 4331 3011 4384 λέων
3036 4329 3272 4400 ἕτοιμος
3301 4332 3389 4395 εις
3415 4327 3632 4397 θήραν,
3655 4327 3764 4382 καὶ

2164 4425 2311 4481 ὡσεὶ
2357 4425 2635 4493 σκύμνος
2672 4421 2854 4477 οἰκῶν
2901 4422 2972 4475 ἐν
3012 4422 3415 4491 ἁποκρύφοις.
3455 4421 3622 4475 Ὅσον
3664 4421 3759 4471 ἐπὶ

2165 4522 2285 4583 ταῖς
2309 4512 2521 4572 ἑαυτῶν
2552 4515 2793 4580 ἐλπίσιν,
2851 4514 3127 4568 ὐπέλαὸόν
3191 4532 3281 4584 με,
3331 4514 3616 4567 τουτέστιν
3652 4514 3763 4565 ὐπ-

2166 4610 2439 4675 ελθόντες,
2464 4601 2811 4679 μετεώρισαν
2840 4602 2940 4678 τῆς
2962 4608 3068 4677 γῆς
3093 4607 3446 4678 ἀνάρπαστον
3467 4608 3758 4677 φέροντες.

482 4713 594 4763 me,
652 4706 709 4752 et
762 4698 1049 4767 suscipere
1085 4713 1216 4753 me:
1246 4698 1352 4755 hoc
1387 4708 1472 4755 est
1504 4715 1724 4757 sursum
1782 4702 2061 4771 accipere,

2176 4703 2451 4775 Διαφορὰν
2475 4702 2533 4756 δὲ
2562 4701 2656 4755 τοῦ
2691 4699 2905 4765 λέοντος
2936 4699 3034 4754 καὶ
3065 4700 3161 4754 τοῦ
3188 4698 3433 4770 σκύμνου
3491 4697 3760 4767 τοιαύτην

480 4795 646 4856 atque
706 4789 975 4845 extollere
1039 4804 1067 4842 a
1127 4798 1322 4855 terra,
1356 4800 1411 4847 et
1466 4791 1806 4863 discerptum
1844 4792 2062 4849 eiTerre.

483 4880 865 4957 [lilii-nentiam
898 4882 1046 4938 inter
1071 4881 1287 4938 leonem
1318 4891 1372 4939 ct
1407 4884 1586 4940 leonis
1638 4884 1909 4952 catulum,
1936 4886 2063 4956 qui-

478 4973 604 5026 dam
661 4972 983 5043 huiusmodi
1038 4970 1391 5031 tradiderunt
1445 4977 1914 5047 dicenteszquod
1978 4978 2066 5034 leo

482 5066 713 5137 proprio
745 5068 921 5124 fretus
949 5067 1151 5124 robore
1177 5068 1470 5125 manifeste
1500 5085 1567 5125 ac
1604 5070 1788 5141 palam
1821 5070 1987 5143 rapit,
2010 5081 2066 5128 et

476 5160 626 5230 quod
655 5161 871 5217 catulus
895 5168 1048 5217 tanta
1076 5176 1274 5218 carens
1304 5163 1638 5219 conﬁdentia
1660 5199 1676 5228 ,
1709 5162 1850 5218 clam
1897 5173 2064 5234 atque

475 5252 698 5308 occulte
729 5267 791 5308 se
828 5253 1072 5323 accingit
1103 5253 1171 5308 ad
1204 5253 1471 5322 praedam,
1504 5253 1647 5310 unde
1676 5255 1898 5311 abditus
1922 5270 2060 5311 con-

483 5345 667 5401 sidere
700 5345 927 5402 dieitur.
971 5345 1084 5403 line
1115 5355 1277 5418 pacto
1306 5348 1471 5403 etiam
1503 5348 1857 5403 inimicorum
1915 5343 2061 5403 beati

480 5434 673 5506 David,
713 5441 804 5495 alii
841 5452 1036 5510 aperto
1068 5440 1245 5497 Marte
1276 5441 1392 5497 suis
1432 5436 1557 5496 freti
1610 5440 1827 5495 viribus
1855 5440 1908 5494 in
1935 5458 2061 5494 eum

480 5529 791 5594 irruebant,
848 5533 942 5588 alii
976 5543 1161 5589 autem
1193 5532 1361 5587 veluti
1413 5532 1726 5587 timidiores
1760 5530 1866 5587 sibi
1928 5533 2062 5601 ipsis

482 5628 592 5671 non
614 5620 747 5673 adeo
772 5621 1023 5685 ﬁdentes,
1044 5623 1184 5677 clam
1211 5620 1442 5676 insidias
1473 5622 1799 5686 struebant;
1835 5622 2057 5675 tametsi

2169 4796 2316 4862 τινὲς
2343 4795 2775 4859 ἀποδεδώκασιν,
2835 4792 2912 4859 ὡς
2947 4795 2975 4847 ὁ
3006 4791 3105 4865 μὲν
3126 4789 3266 4865 ἀλκῇ
3299 4790 3602 4855 πεποιθὼς,
3645 4809 3754 4860 φα-

2168 4891 2328 4961 νερός
2355 4890 2505 4945 ἐστιν
2539 4890 2631 4943 ἐπὶ
2662 4888 2742 4960 τῷ
2786 4886 3076 4959 θηρεύεινο
3128 4887 3156 4939 ὁ
3193 4886 3251 4939 δὲ
3292 4883 3557 4955 σκύμνος,
3585 4884 3759 4954 μήπω
3846 4952 3853 4955 _

2166 4979 2390 5054 θαρρῶν
2427 4982 2498 5036 ὲκ
2524 4980 2619 5034 τοῦ
2653 4979 2971 5050 προφανοῦς
3005 4975 3299 5050 ἁρπάζειν,
3344 4976 3587 5045 κάθηται
3619 4990 3759 5042 κρυ-

2165 5073 2458 5143 πτόμενος.
2512 5073 2625 5127 Καὶ
2676 5071 2787 5125 τῶν
2845 5069 3062 5141 ἐχθρῶν
3111 5068 3279 5122 αὐτοῦ
3334 5069 3520 5122 τοίνυν
3564 5067 3753 5135 οἱμὲν

2165 5164 2435 5239 ἐθάρρουν
2492 5164 2790 5235 προφανῶς
2824 5163 2987 5217 αὐτὸν
3016 5162 3298 5232 ἁρπάσαι*
3339 5159 3485 5222 τινὲς
3535 5156 3591 5210 δὲ
3649 5155 3750 5209 λα-

2167 5257 2375 5329 θραίως
2399 5298 2415 5321 ,
2444 5257 2660 5320 ἑαυτοῖς
2707 5256 2767 5309 οὐ
2793 5253 3219 5326 τεθαρρηκότες.
3256 5251 3423 5305 Οὐδὲν
3452 5251 3509 5303 δὲ
3540 5250 3746 5303 κωλύει

2163 5348 2332 5404 ταύτὸ
2356 5350 2451 5404 καὶ
2475 5349 2647 5421 ἄμφω
2676 5348 2893 5419 δηλοῦνο
2934 5346 3097 5400 είωθε
3124 5346 3233 5415 γὰρ
3264 5344 3529 5407 πολλάκις
3552 5344 3610 5394 ἐν
3634 5345 3746 5404 τοῖς

2164 5442 2492 5513 παθητικοῖς
2526 5440 2710 5512 λόγοις
2745 5442 2772 5493 ὁ
2801 5439 3104 5512 Προφήτης
3129 5436 3505 5504 ταυτολογεῖν,
3533 5436 3590 5485 ὲν
3643 5430 3744 5483 ὐπη

2164 5534 2431 5603 αλλαγαῖς
2488 5531 2713 5601 λέξεων,
2758 5533 2847 5587 ἵνα
2881 5532 2995 5604 (58)
3044 5530 3260 5603 αὐξήσῃ
3312 5529 3375 5583 τὸ
3411 5528 3619 5590 πάθος,
3661 5524 3744 5584 είς

2163 5625 2311 5679 ἔλεον
2341 5627 2720 5695 ἐπισπάσηται
3381 5635 3385 5639 ’

480 5711 619 5767 nihil
654 5712 879 5783 impedit
914 5714 1050 5784 quin
1083 5723 1382 5783 utrumque
1413 5712 1559 5768 idem
1591 5712 1694 5766 sibi
1728 5712 1855 5767 velit
1882 5720 2045 5779 atque
2091 5713 2234 5767 idem
2268 5716 2560 5794 signiticet.
2598 5708 2754 5771 Solet
2815 5713 2963 5771 enim
3028 5713 3305 5786 Propheta
3358 5726 3739 5785 saepenumero

552 5904 669 5972 (38)
703 5920 793 5971 γρ.
816 5904 1058 5973 αὐξήσας
1087 5905 1171 5960 vel
1199 5904 1350 5959 valde
1382 5903 1477 5957 καὶ
1512 5912 1636 5961 ante
1676 5908 1777 5970 εἰς.

1829 5803 2027 5866 Variae
2054 5805 2385 5870 ieutioaes.
