4116 6414
402 327 511 394 213

1556 329 1951 392 COMMENT.
1988 330 2070 389 IN
2107 328 2478 390 PSALMOS.

3574 328 3682 392 εει

398 444 453 498 in
485 439 809 512 huiusmodi
842 442 982 500 locis
1005 442 1207 500 alit-ctu
1260 444 1463 515 plenis,
1509 445 1735 500 easdem
1770 444 2079 501 sententias
2143 445 2290 497 varia
2363 442 2612 498 oratione
2671 450 2946 513 repetere,
3015 449 3074 498 ut
3123 449 3290 498 aucto
3346 442 3544 500 allecto
3615 448 3679 498 ad

402 537 667 608 majorem
698 534 875 591 Deum
916 537 1356 595 misericordiam
1394 539 1600 595 trahat.

475 630 818 697 Ἀνάστηθι,
864 632 1071 699 Κύριε.
1107 632 1293 686 Δοκῶν
1327 632 1614 688 καθεύδειν
1640 632 1732 688 διὰ
1758 634 1860 706 τὴν
1891 650 1982 705 μα-

2173 631 2335 697 Vnns.
2367 631 2452 688 l5.
2489 631 2754 702 Exsurge,
2787 631 3033 687 Domine.
3063 630 3276 703 Quippe
3302 648 3427 687 cum
3463 634 3532 687 ob
3565 633 3685 686 lou-

403 720 741 794 κροθυμίαν,
781 722 1042 793 κινήθητι
1070 724 1206 787 πρὸς
1244 722 1485 796 ἄμυναν.

480 927 848 997 Πρόφθασον
892 926 1139 991 αὐτούς.
1182 926 1300 997 Πρὸ
1324 926 1420 979 τοῦ
1462 926 1649 981 δοῦναι
1692 927 1894 996 πέρατι
1928 927 2000 981 τὰ

406 1018 864 1091 μεμελετημένα,
898 1018 1177 1073 κατάλαϐε
1205 1018 1429 1083 αὐτούς.

475 1222 587 1278 Kal
620 1220 1040 1278 ὑποσκέλισον
1073 1224 1320 1290 αὐτούς.
1368 1223 1706 1295 Ἐμπόδισον
1748 1226 1829 1296 τῷ
1876 1226 2000 1280 κατ’

404 1315 548 1384 ἐμοῦ
580 1315 770 1386 δρόμῳ
792 1332 805 1346 υ
842 1314 1007 1369 τοῦτο
1040 1317 1098 1371 δὲ
1139 1318 1203 1371 ὲκ
1238 1319 1559 1389 μεταφορᾶς
1598 1318 1709 1371 τῶν
1736 1317 2001 1389 βουλομέ-

405 1425 524 1460 νων
554 1410 701 1461 τισὶν
727 1410 1053 1463 ἐπικόπτειν
1082 1410 1177 1462 τὸν
1207 1409 1430 1481 δρόμον,
1463 1410 1515 1464 οἱ
1553 1410 1861 1483 τρεχόντων
1887 1413 2001 1475 τοῖς

404 1502 577 1552 ποσὶν
630 1499 811 1554 αὐτῶν
861 1502 1195 1555 ὑποτιθέασι
1244 1502 1315 1555 τὰ
1364 1503 1533 1573 σκέλη
1563 1504 1709 1559 κατὰ
1742 1503 1999 1576 πάροδον,

406 1593 508 1645 καὶ
540 1591 718 1656 οὕτως
742 1592 986 1665 εὐχερῶς
1021 1594 1458 1651 καταϐάλλουσι.

485 1792 706 1849 Ῥῦσαι
740 1793 858 1861 τὴν
884 1793 1100 1864 ψυχήν
1126 1812 1246 1866 μου
1268 1794 1387 1849 ἀπὸ
1418 1795 1704 1859 ἀσεϐοῦς,
1732 1794 2003 1865 ῥομφαίᾳ

403 1900 558 1950 σου,
590 1885 715 1940 ἀπὸ
748 1883 983 1953 ἐχθρῶν
1007 1884 1118 1955 τῆς
1148 1886 1348 1955 χειρός
1377 1901 1518 1940 σου.
1550 1886 1639 1939 Ἐν
1659 1888 1727 1956 τῇ
1756 1885 2004 1956 ῥομφαίᾳ

2102 727 2483 797 ganimitatem
2517 724 2761 779 dormire
2822 724 3239 795 quodammodo
3272 726 3536 782 videaris.
3574 726 3683 780 Ex-

2102 832 2268 887 surge
2298 816 2467 887 igitur
2497 824 2550 869 et
2579 815 2857 871 movearis
2888 816 2955 870 ad
2994 816 3325 871 vindictam.

2178 929 2419 986 l’rtet'eni
2451 946 2562 984 eos.
2599 928 2704 990 'l‘u.
2764 929 2967 998 inquit,
3004 944 3101 984 eos
3136 943 3462 1001 praioecupa
3503 930 3685 1001 prius-

2101 1038 2269 1093 quam
2300 1037 2366 1077 ea
2390 1038 2513 1093 quae
2548 1022 2799 1077 meditati
2836 1033 2967 1077 sunt
2994 1021 3251 1077 elici-tum
3287 1023 3526 1091 aliquem
3561 1038 3683 1075 sur-

2104 1115 2338 1170 tiantur.

2179 1228 2243 1282 Et
2271 1227 2556 1297 supplanta
2595 1246 2704 1283 eos.
2762 1230 2896 1284 Esto
2949 1230 3057 1286 illis
3116 1231 3507 1301 impedimento
3558 1232 3687 1285 dum

2103 1329 2340 1376 currunt
2359 1331 2415 1376 et
2448 1319 2715 1377 festinant
2740 1323 3031 1379 adversum
3068 1339 3173 1378 me.
3211 1323 3370 1390 Quod
3407 1340 3471 1377 ex
3498 1328 3688 1377 eorum

2105 1413 2421 1484 metaphora
2453 1412 2669 1469 dictum
2701 1423 2808 1478 est,
2844 1416 2938 1484 qui
2978 1416 3112 1469 dum
3140 1427 3457 1471 currentem
3521 1416 3689 1482 impe-

2104 1505 2228 1561 dire
2258 1505 2472 1572 volunt,
2524 1506 2716 1562 tibiam
2767 1516 2863 1562 aut
2911 1507 3103 1575 pedem
3168 1507 3483 1562 transeunti
3515 1505 3695 1574 subji-

2105 1598 2281 1665 ciunt,
2328 1604 2390 1653 ut
2445 1590 2760 1668 huiusmodi
2816 1597 3152 1654 oﬂ'endiculo
3214 1614 3338 1654 eum
3396 1600 3451 1653 in
3485 1604 3691 1654 terram

2106 1696 2491 1761 prosternant.

2177 1804 2342 1874 Eripe
2372 1802 2605 1860 animam
2661 1821 2831 1859 meam
2863 1803 2927 1857 ab
2968 1805 3129 1871 impio
3189 1803 3400 1873 framea
3471 1812 3586 1870 tua,
3627 1804 3695 1856 ab

2107 1898 2342 1953 inimicis
2372 1915 2561 1953 manus
2597 1905 2719 1953 tute.
2754 1897 2894 1964 Tua,
2929 1898 3128 1968 inquit,
3173 1897 3404 1963 framea,
3452 1896 3556 1951 hoc
3611 1902 3695 1951 est

407 1992 507 2029 σου
540 1976 707 2047 ρὗαι
740 1978 842 2048 τὴν
872 1977 1056 2048 ψυχήν
1091 1996 1195 2049 μου
1230 1979 1340 2032 ἀπὺ
1387 1979 1480 2032 τοῦ
1535 1980 1770 2046 ἀσεϐοῦς
1802 1980 1996 2043 Σαοὺλ,

2115 1983 2208 2045 tuo
2235 1990 2364 2057 telo,
2390 1989 2563 2046 libera
2591 1991 2832 2045 animam
2860 2005 3035 2044 meam
3066 1990 3135 2044 ab
3167 1989 3336 2060 impio
3363 1988 3495 2043 Sani
3531 1997 3698 2057 atque

410 2068 509 2122 καὶ
537 2068 649 2121 ἀπὸ
677 2069 786 2123 τῶν
814 2070 1079 2141 ὑπηκόων
1108 2073 1302 2138 αὐτοῦ,
1353 2072 1464 2127 τῶν
1494 2074 1899 2143 ἐχθραινὸντων
1926 2076 1996 2146 τῇ

414 2157 725 2229 χειροτονίᾳ
754 2174 874 2224 σου,
909 2160 1191 2214 τουτέστιν
1244 2162 1366 2233 ἐμοί
1387 2179 1401 2192 ο
1435 2162 1507 2233 ἦ,
1537 2162 1648 2216 τῶν
1694 2163 2002 2233 πολεμούν-

419 2266 531 2303 των
551 2252 619 2319 τῇ
648 2252 797 2321 χειρί
837 2269 956 2316 σου,
1013 2252 1216 2325 δηλαδὴ
1267 2254 1375 2321 σοὶ,
1434 2257 1910 2325 περιφραστικῶς.
1939 2258 2004 2312 El

428 2343 537 2411 γὰρ
565 2340 614 2395 οἱ
646 2341 750 2412 μὲν
787 2342 913 2412 ἐμοὶ
942 2342 1300 2412 πολεμοῦσιν,
1330 2346 1442 2415 ἐγὼ
1466 2347 1544 2413 δὲ,
1579 2349 1668 2410 σός
1688 2364 1703 2378 '
1761 2350 1811 2402 οί
1853 2349 2008 2403 πολε·

435 2431 653 2502 potine;
679 2433 762 2503 τῷ
797 2434 897 2504 σῷ,
937 2436 1023 2488 σοὶ
1079 2435 1189 2505 ἄρα
1242 2436 1569 2507 πολεμοῦσι.
1634 2439 1793 2502 Τίνος
1842 2442 2007 2510 χάριν

425 2525 596 2594 ἀσεόἧ
618 2523 812 2580 τοῦτον
841 2526 1018 2595 λέγει,
1068 2530 1506 2600 προειρήκαμεν.
1564 2520 1709 2585 Καθ’
1752 2533 1921 2586 ἑαυτὰ
1951 2533 2008 2587 δὲ

420 2616 492 2670 τὰ
517 2618 656 2687 ῥητὰ
683 2619 1088 2686 ἀναγνωστέον,
1117 2620 1425 2685 ἀπολύτως.
1457 2622 1788 2693 Κατὰλληλα
1811 2623 1891 2688 δὲ,
1912 2623 2010 2678 καὶ

416 2707 504 2773 ιδ,
523 2708 734 2763 Ῥῦσαι
755 2709 870 2776 τὴν
894 2711 1112 2781 ψυχήν
1126 2731 1270 2782 μου.
1286 2714 1425 2784 πρὸς
1445 2714 1504 2768 τδ
1529 2715 1696 2787 ῥηθὲν
1726 2715 2006 2784 ἀνωτέρω

422 2802 495 2853 οι
521 2800 730 2871 ἐχθροί
745 2820 869 2871 μου
905 2804 1037 2873 γὰρ,
1070 2803 1218 2869 εἷπε,
1278 2806 1396 2875 τὴν
1426 2806 1642 2877 ψυχήν·
1688 2826 1809 2878 μου
1848 2825 2012 2877 περι-

412 2892 633 2963 έσχον.
652 2894 950 2965 ’Δποροῦσι
979 2897 1039 2950 δέ
1074 2914 1244 2962 τινες,
1277 2898 1398 2963 πῶς
1420 2901 1447 2953 ὁ
1476 2902 1811 2970 φεισάμενος
1835 2901 2012 2954 Σαοὺλ

415 2987 482 3039 ἓν
539 2988 621 3059 τῷ
669 2990 946 3060 σπηλαίῳ,
999 2991 1109 3044 νῦν
1144 2992 1505 3065 ἀναιρεθῆναι
1552 2994 1744 3049 τοῦτον
1791 2993 2012 3066 εὔχεται

419 3084 679 3156 ῥομφαίᾳ
709 3085 878 3139 Θεοῦ·
914 3086 1013 3140 καὶ
1052 3085 1287 3155 λέγομεν
1315 3087 1391 3149 ὡς
1417 3085 1583 3150 αὐτὸς
1614 3086 1714 3156 μὲν
1747 3086 2014 3158 αὐτόχειρ

420 3173 703 3244 βασιλέως
728 3178 829 3230 οὐκ
859 3178 1129 3248 ἠνέσχετο
1157 3178 1416 3245 γενέσθαι
1440 3218 1456 3243 ,
1505 3177 1694 3241 καθὼς
1724 3179 1783 3232 ὲν
1826 3196 2015 3249 προοι-

421 3265 576 3335 μίοις
619 3267 1014 3339 ὲξηγησάμεθα
1054 3267 1150 3323 τοῦ
1187 3269 1406 3340 ψαλμοῦ
1431 3288 1444 3301 ·
1477 3270 1570 3323 τὸν
1599 3268 1735 3323 Θεὸν
1763 3268 1819 3323 δὲ
1859 3287 2008 3340 παρ-

2112 2083 2233 2153 ejus
2267 2083 2459 2150 sociis,
2479 2084 2573 2154 qui
2594 2082 2850 2139 electioni
2878 2092 2985 2137 tua:
3020 2082 3089 2138 de
3123 2096 3212 2137 me
3247 2080 3402 2136 facta:
3436 2090 3695 2149 tanqua-u

2106 2173 2319 2230 inimici
2355 2174 2746 2230 adversantur.
2777 2173 2898 2236 Vel,
2946 2170 3117 2242 Eripe
3149 2186 3234 2224 ire
3262 2170 3330 2226 ab
3362 2171 3429 2226 iis
3453 2169 3696 2239 quiini-

2107 2265 2238 2321 tuiei
2271 2272 2401 2323 sunt
2444 2281 2642 2322 manus
2687 2279 2750 2320 ac
2782 2264 3036 2334 potentia:
3071 2272 3201 2330 tuae,
3238 2263 3341 2317 hoc
3377 2271 3461 2317 est
3490 2262 3561 2316 ab
3589 2260 3698 2315 ini-

2108 2358 2270 2414 micis
2299 2355 2442 2413 tuis:
2468 2356 2703 2429 uamqni
2733 2372 2819 2412 me
2842 2363 3193 2426 oppugnant,
3223 2355 3318 2425 qui
3352 2368 3380 2407 a
3414 2353 3699 2409 teelectus

2109 2464 2257 2514 sum,
2293 2457 2478 2506 tecum
2513 2447 2677 2504 etiam
2708 2460 2953 2518 pugnare
2987 2446 3279 2500 videntttr.
3318 2442 3536 2499 Saulem
3565 2459 3698 2499 vero

2110 2555 2212 2594 cur
2239 2539 2467 2610 itnpinm
2496 2539 2753 2609 appellet.
2798 2539 3057 2610 superius
3088 2537 3297 2593 dictum
3341 2544 3454 2592 est.
3505 2533 3607 2589 Per
3638 2550 3699 2590 se

2112 2642 2246 2683 vero
2314 2628 2546 2699 legenda
2600 2637 2732 2683 sunt
2791 2629 2959 2684 verba
3020 2627 3298 2683 absolute.
3359 2626 3454 2680 llla
3515 2634 3696 2680 autem

2112 2720 2275 2776 verba
2309 2739 2322 2774 :
2355 2719 2547 2776 Libera
2573 2721 2808 2776 animum
2848 2737 3051 2787 meam,
3080 2719 3498 2794 congruedieta
3543 2728 3697 2781 sunt,

2113 2817 2175 2864 ut
2203 2810 2481 2881 prioribus
2514 2812 2700 2867 verbis
2744 2813 3141 2882 respondeant,
3190 2811 3320 2866 dum
3353 2811 3494 2865 dixit
3529 2828 3542 2864 :
3584 2808 3702 2864 Ini-

2113 2902 2239 2954 mici
2268 2901 2370 2954 mei
2416 2901 2650 2954 animant
2695 2917 2866 2956 meam
2914 2902 3398 2956 circumdederunt.
3440 2900 3702 2955 Dnbitant

2115 2993 2340 3062 quidam
2379 2995 2662 3062 quomodo
2716 2993 2914 3050 beatus
2948 2995 3157 3057 David,
3199 2995 3294 3065 qui
3331 2995 3386 3048 in
3440 2994 3699 3061 Spelunca

2117 3085 2345 3138 inimico
2376 3084 2531 3139 Sauli
2566 3087 2834 3156 pepercit,
2888 3102 3035 3140 nunc
3073 3093 3331 3156 precetur
3362 3085 3539 3140 occidi
3573 3100 3699 3139 eum

2117 3178 2302 3247 gladio
2338 3176 2457 3234 Dei.
2492 3178 2560 3231 Et
2590 3179 2912 3243 dicendum,
2946 3180 3097 3250 quod
3125 3178 3247 3249 ipse
3298 3178 3520 3248 quidem
3557 3178 3702 3247 regis

2123 3270 2208 3322 sui
2245 3268 2423 3323 noluit
2451 3270 2670 3325 occisor
2698 3284 2844 3335 esse,
2869 3279 2926 3323 nt
2959 3271 3109 3326 circa
3146 3270 3478 3340 principium
3505 3271 3701 3341 psalmi

417 3356 614 3411 εκάλει
683 3360 821 3429 πρὸς
881 3361 1199 3432 ἐκδίκησιν,
1259 3360 1786 3432 ταλαιπωρούμενος
1812 3401 1828 3421 ,
1912 3365 2008 3415 καὶ

2115 3361 2380 3426 diximus,
2432 3370 2489 3418 et
2540 3371 2725 3418 tamen
2763 3362 2932 3418 Deum
2983 3364 3048 3419 ad
3097 3364 3399 3419 vindictam
3447 3364 3701 3423 advocat.

418 3452 483 3504 ἰν
554 3453 703 3523 πάσῃ
772 3453 1142 3525 κακοπαθείᾳ.
1195 3454 1410 3524 Ὥσπερ
1478 3453 1589 3525 γὰρ
1675 3453 1736 3507 re
1794 3453 2013 3525 πρῶτον

422 3542 655 3604 ἄδικον,
716 3544 864 3600 οὕτω
935 3545 1144 3600 δίκαιον
1195 3546 1259 3600 τὸ
1328 3544 1604 3616 δεύτερον.
1667 3545 1739 3598 Ἦ
1803 3546 1900 3600 καὶ
1950 3546 2010 3600 ὲν

424 3635 680 3707 ῥομφαίᾳ
713 3635 885 3706 λέγει,
917 3637 1020 3692 οὔκ
1073 3635 1395 3710 ἀναιρούσῃ,
1432 3637 1570 3691 ἀλλὰ
1601 3635 1845 3709 φοϐούσῃ
1883 3638 2014 3701 τοὺς

423 3726 661 3799 ἐχθροὺς
718 3730 905 3800 μόνον.
953 3729 1476 3801 ’Δνθρωποπρεπῶς
1509 3729 1566 3783 δὲ
1605 3727 1828 3801 εἴρηται
1848 3745 1865 3761 ⁸
1919 3730 2015 3784 καὶ

422 3820 540 3889 γὰρ
568 3823 599 3872 ὁ
630 3819 809 3875 θέλων
839 3820 1125 3887 ἐξελέσθαι
1174 3821 1268 3875 τὸν
1307 3821 1414 3876 ὑπὸ
1445 3821 1723 3892 πολεμίων
1767 3822 2010 3892 ’κατεχό-

424 3925 619 3979 μενον,
674 3910 953 3981 ῥομφαίαν
997 3912 1374 3982 σπασάμενος,
1436 3910 1586 3985 ὁρμᾷ
1631 3911 1765 3966 κατ’
1806 3913 2009 3968 αὐτῶν.

423 4001 543 4055 Καὶ
585 4002 669 4056 ὅτι
732 4004 834 4058 οὐκ
896 4003 1255 4076 ἀναιρεθῆναι
1297 4005 1426 4069 τοὺς
1474 4004 1621 4073 ἀμφὶ
1670 4003 1765 4057 τὸν
1813 4005 2049 4085 Σαοὺλη

419 4092 569 4147 ἀλλὰ
595 4093 990 4167 δυσπραγῆσαι
1023 4097 1135 4169 (59)
1170 4095 1446 4168 βοΰλεται,
1482 4096 1639 4166 δηλοῖ
1667 4095 1738 4149 τὰ
1770 4094 1920 4165 ἑξῆς.
1943 4146 1955 4153 .

2115 3454 2280 3510 veluti
2312 3456 2405 3526 qui
2438 3457 2586 3511 omni
2616 3465 2734 3512 erat
2767 3456 3144 3513 calamitatum
3195 3472 3397 3529 genere
3443 3455 3701 3513 aiilietus.

2112 3544 2302 3615 Neque
2338 3546 2483 3602 enim
2517 3548 2561 3602 si
2595 3548 2852 3603 occidere
2880 3563 3084 3619 regem,
3131 3547 3400 3616 iniustum
3444 3547 3705 3607 dit-imus.

2117 3636 2193 3690 ita
2246 3638 2411 3693 etiam
2462 3637 2735 3708 injustum
2781 3638 3046 3705 dicimus,
3102 3641 3378 3697 advocare
3431 3640 3597 3696 Deum
3636 3640 3703 3695 est

2114 3726 2437 3784 vindictam.
2481 3727 2579 3787 Vel
2624 3731 2826 3788 aliter:
2856 3731 3054 3788 Libera
3089 3750 3195 3798 me,
3250 3735 3451 3806 inquit,
3500 3733 3707 3788 franzea

2122 3828 2242 3886 tua,
2278 3838 2387 3877 non
2438 3830 2499 3878 ut
2547 3825 2799 3890 occidas,
2844 3825 2939 3882 sed
2978 3833 3038 3904 ut
3080 3841 3141 3882 eo
3191 3835 3406 3883 tantum
3455 3827 3709 3882 inimicos

2123 3923 2431 3984 perterreas
2486 3924 2543 3971 et
2574 3919 2863 3988 repellas.-
2894 3918 3009 3975 lloc
3055 3921 3226 3977 etiam
3278 3921 3524 3976 ltumano
3557 3935 3710 3974 more

2122 4009 2329 4062 dictum
2362 4016 2487 4075 est;
2523 4024 2655 4065 nam
2710 4025 2836 4065 cmn
2895 4012 3024 4082 quis
3078 4013 3290 4067 socium
3348 4012 3418 4067 ab
3469 4010 3709 4067 inimicis

2124 4099 2408 4155 detentum
2436 4099 2657 4170 eripere
2686 4102 2922 4157 voluerit
2942 4104 3280 4180 ,evaginato
3309 4103 3492 4174 gladio
3524 4107 3581 4158 in
3613 4118 3709 4158 eos

421 4188 561 4242 ruit.
592 4187 749 4253 Quod
778 4199 965 4244 autem
992 4204 1110 4242 non
1140 4197 1287 4260 petat
1336 4190 1533 4248 beatus
1568 4189 1737 4246 David
1771 4189 1996 4246 Saulem
2035 4198 2091 4244 et
2120 4192 2303 4248 socios
2324 4192 2593 4261 interimi,
2621 4193 2718 4251 sed
2748 4194 2990 4266 disjttngi
3053 4182 3266 4250 titntum
3332 4210 3396 4250 ac
3457 4194 3706 4257 dissolvi,

423 4280 785 4337 manifestum
821 4283 879 4336 ﬁt
908 4299 973 4337 ex
1007 4283 1390 4353 sequentibus.

497 4403 701 4468 Κύριε,
721 4402 840 4456 ἀπὸ
863 4402 1086 4471 ὀλίγων
1108 4404 1227 4459 ἀπὸ
1262 4402 1376 4473 γῆς
1408 4403 1764 4473 διαμέρισον
1794 4405 2019 4472 αὐτοὺς

418 4495 496 4550 ἐν
526 4493 600 4563 τῇ
625 4492 739 4562 ζωῇ
768 4493 1123 4548 αὐτῶν.Ἔτι
1152 4495 1367 4561 ζῶντας
1396 4495 1597 4558 αὐτοὺς
1621 4495 1887 4566 ἀφὸρισον
1908 4495 2020 4549 ἀπὸ

419 4587 539 4640 τῶν
571 4587 797 4656 ἀγαθῶν
828 4585 1156 4660 ἀνθρώπων,
1190 4589 1287 4643 καὶ
1321 4588 1398 4661 μὴ
1427 4588 1677 4643 ἔστωσαν
1710 4588 1899 4652 αὐτοῖς
1927 4590 2014 4642 ὲν-

423 4679 681 4751 αρὶθμιοι
703 4696 718 4708 °
758 4680 786 4732 ὃ
817 4680 910 4733 καί¹
937 4680 1175 4750 ἀλλαχοῦ
1212 4697 1379 4750 φησι’
1432 4681 1593 4736 Μετὰ
1642 4681 1895 4735 δικαίων
1922 4680 2010 4752 μὴ

423 4773 842 4843 τραενκήτωσαν
861 4790 876 4804 ’
931 4774 1327 4845 ἀφορισθέντες
1372 4775 1481 4847 γὰρ
1506 4815 1521 4840 ,
1561 4776 1663 4845 τὴν
1694 4774 1854 4830 ἀξίαν
1885 4776 2022 4829 ἀπο-

421 4866 678 4922 τίσονταί
704 4884 835 4920 ποτε
868 4867 1051 4937 δίκην.
1085 4868 1357 4932 Πολλάκις
1384 4868 1442 4922 δὲ
1489 4870 1523 4939 ἡ
1571 4868 1764 4939 Γραφὴ
1799 4867 2017 4936 ὀλίγους

426 4960 595 5015 καλεῖ
628 4960 755 5023 τοὺς
789 4958 1052 5028 ἀγαθούς.
1087 4961 1151 5013 Ol
1176 4960 1287 5031 γὰρ
1318 4960 1567 5027 πλείους,
1604 4962 1693 5014 ἀεὶ
1716 4959 1900 5024 κακοὶ,
1922 4960 2017 5018 καὶ

424 5055 522 5109 ἀεὶ
551 5054 622 5108 τὰ
655 5054 909 5124 χερείονα
947 5054 1108 5124 νικᾷο
1140 5053 1315 5123 ὀλίγοι
1364 5054 1496 5124 γὰρ,
1532 5055 1722 5124 φησιν,
1768 5054 1819 5105 oi
1849 5052 2021 5115 σωζὸ-

427 5165 612 5218 μενοι,
657 5147 755 5200 καὶ
805 5146 981 5214 ὀλίγοι
1029 5147 1077 5199 oi
1122 5146 1393 5201 ἐκλεκτοί.
1438 5147 1691 5217 Ὀλίγων
1734 5145 1791 5198 δὲ
1824 5145 2018 5213 εἰπὼν,

423 5243 733 5317 ἐπήγαγεν·
780 5243 902 5298 ἀπὸ
936 5242 1072 5311 γῆς,
1100 5241 1340 5306 δεικνὺς,
1364 5241 1450 5292 ὅτι
1476 5237 1573 5291 καὶ
1601 5231 1750 5291 οὗτοι
1782 5234 1890 5289 ἀπὸ
1917 5238 2021 5304 γῆς

424 5339 538 5391 εἰσι
561 5353 575 5366 ·
612 5337 707 5389 καὶ
732 5335 887 5405 ὅμως
916 5332 1069 5387 οὐδὲν
1100 5331 1361 5404 ἐμπόδιον
1397 5330 1556 5384 τοῦτο
1582 5329 1806 5398 γέγονεν
1836 5328 2024 5390 αὐτοῖς

475 5516 522 5547 ⁸⁸
554 5514 700 5568 Psal.
730 5524 927 5575 vam,
978 5510 1072 5564 29.

2188 4402 2360 4458 Vens.
2395 4401 2482 4457 16.
2511 4400 2761 4463 Domine,
2797 4417 2828 4454 α
2855 4399 3038 4471 paucis
3069 4399 3134 4453 de
3165 4406 3309 4453 terra
3340 4397 3519 4451 divide
3544 4413 3631 4452 eos
3657 4398 3712 4450 in

2121 4495 2229 4550 vita
2261 4508 2468 4549 eorum.
2499 4492 2694 4547 Adhuc
2724 4490 2977 4545 viventes
3010 4504 3132 4556 eos,
3196 4488 3400 4559 inquit,
3432 4488 3617 4544 divide
3646 4503 3712 4541 ae

2124 4588 2401 4658 distingue
2431 4601 2462 4641 a
2492 4586 2683 4656 probis
2728 4584 3070 4647 hominibus,
3105 4598 3176 4638 ne
3206 4598 3334 4637 cum
3371 4583 3452 4640 eis
3483 4598 3715 4638 conver-

2125 4691 2317 4736 sentur
2346 4699 2360 4736 :
2396 4678 2544 4749 quod
2580 4678 2708 4733 aliis
2733 4677 2915 4732 verbis
2941 4675 3071 4731 alibi
3097 4676 3273 4729 dicit:
3307 4674 3376 4730 Et
3406 4692 3526 4730 cum
3543 4676 3712 4747 justi:

2126 4789 2231 4827 non
2257 4770 2651 4825 scribantur".
2686 4769 2825 4823 Nam
2857 4768 2903 4824 si
2958 4766 3374 4838 disiungantur,
3407 4769 3716 4840 condignas

2127 4859 2427 4931 aliquando
2464 4875 2657 4930 pomus
2681 4859 2912 4913 dabunt.
2953 4858 3104 4913 Solet
3132 4858 3300 4923 etiam
3333 4874 3716 4929 saepenumero

2129 4953 2415 5022 Scriptura
2452 4968 2548 5022 per
2578 4966 2805 5022 paucos,
2840 4951 3046 5022 probos
3077 4950 3334 5006 homines
3356 4951 3714 5021 signiﬁcare:

2126 5047 2256 5115 quia
2287 5053 2340 5099 et
2370 5047 2522 5116 pravi
2572 5031 3044 5115 Imminesplures
3076 5051 3230 5108 sunt,
3266 5052 3320 5099 et
3348 5046 3537 5115 pejora
3601 5060 3679 5097 nu
3700 5071 3716 5083 ο

2130 5154 2282 5192 utero
2337 5154 2554 5209 semper
2596 5140 2846 5193 vincunt.
2906 5137 3075 5193 Pauci
3106 5140 3255 5194 enim
3302 5146 3459 5200 sunt,
3509 5137 3712 5204 inquit.

2127 5228 2220 5297 qui
2250 5228 2557 5290 salvantur,
2588 5236 2644 5282 et
2674 5228 2834 5297 pauci
2867 5227 3034 5281 etiam
3067 5227 3163 5297 qui
3213 5226 3397 5280 electi.
3446 5223 3515 5277 Et
3561 5234 3716 5292 ροει-

2126 5329 2293 5397 Quam
2338 5324 2478 5378 dixit
2527 5340 2560 5376 a
2591 5325 2797 5393 paucis,
2858 5320 3070 5377 addidit
3109 5318 3175 5372 de
3224 5330 3390 5379 terra,
3444 5313 3716 5371 denotatis

1761 5595 1960 5658 Variae
1990 5594 2323 5659 lectiones.

491 5733 821 5813 (δίηςυίιιις
856 5729 1083 5813 quidem
1122 5729 1286 5786 habet
1346 5725 1735 5799 δυσπραγῆσαι
1767 5739 1781 5754 ⁸
1822 5735 1879 5779 at
1947 5722 2012 5779 La

2115 5738 2176 5780 us
2240 5723 2512 5793 interpres
2574 5720 2773 5792 legisse
2831 5717 3045 5774 videtur
3129 5716 3556 5792 διαμερισθῆναι
3630 5716 3712 5771 vel

416 5809 565 5864 aliud
599 5803 918 5880 ejusmodi.
