4116 6442
511 366 621 430 219

1770 360 2158 421 EUTHYMII
2202 360 2566 422 ZIGABENI

3697 360 3812 424 220

512 478 746 533 sortitus
769 484 871 543 est,
905 473 1213 545 appellatus
1240 473 1500 528 nimirum
1555 482 1607 526 et
1656 486 1853 527 servus
1904 471 1998 524 Dei
2046 480 2101 524 et

2223 474 2400 537 κονίας
2433 473 2656 543 κτηθέν.
2692 474 2762 528 ¹Ἀ
2806 474 2863 527 δὲ
2913 473 3186 541 Aliunde
3226 471 3306 538 τῷ
3338 472 3554 542 Κυρίῳ,
3583 471 3813 525 λείπον-

516 571 663 625 lilius
691 585 707 625 :
739 585 971 639 qumque
1002 567 1179 638 major
1233 567 1310 621 illi
1362 565 1465 621 fuit
1499 567 1772 636 {gloriatio
1803 605 1819 630 ,
1882 565 2105 634 proprio

516 664 701 718 studio
728 677 793 717 ac
818 664 1007 717 labore
1054 662 1160 717 sibi
1186 661 1409 716 nomina
1433 658 1798 729 comparavit.
1823 654 1982 713 Unde
2004 658 2108 711 hoc

516 756 674 826 pueri
714 755 939 809 nomine
992 753 1168 824 magis
1215 753 1322 809 sibi
1370 753 1547 823 placet
1599 764 1763 820 quam
1816 749 1961 819 regis
2013 756 2108 803 aut

516 847 817 917 Propheta.
889 845 1151 916 Sequitur
1198 863 1212 900 :
1271 846 1404 909 Qua:
1449 846 1657 896 locutus
1726 851 1807 896 est
1854 842 2107 897 Domino.

514 937 878 1006 Subintellige
911 949 1215 1005 pronomen
1246 934 1383 998 lucc,
1413 941 1473 988 ut
1500 934 1571 988 sit
1600 934 1714 987 haec
1744 949 1868 1004 qua:
1887 933 2108 988 locutus

512 1040 598 1084 est
624 1029 856 1083 Domino
881 1029 1053 1085 verba
1086 1026 1292 1082 cantici
1324 1026 1513 1095 hujus.
1545 1025 1757 1080 Cantici
1795 1040 1923 1080 vero
1973 1026 2111 1081 dixit

512 1131 569 1177 et
600 1138 710 1177 non
745 1121 945 1177 Psalmi
979 1140 992 1175 :
1029 1123 1158 1189 quia
1189 1135 1298 1173 non
1344 1119 1556 1176 musico
1607 1118 1793 1189 aliquo
1843 1133 1968 1172 cum
2025 1118 2112 1171 iu-

517 1223 847 1275 slrumeuto.
880 1214 974 1268 sed
1014 1214 1134 1284 ipso
1172 1219 1385 1266 tantum
1427 1225 1524 1266 ore
1554 1211 1720 1266 verba
1747 1210 1863 1264 haec
1887 1209 2109 1274 cecinit,

518 1303 773 1372 cumjam
807 1304 1219 1365 consenuisset,
1250 1309 1311 1355 ut
1343 1305 1396 1355 lu
1420 1298 1629 1372 Regum
1665 1300 1824 1354 libris
1850 1297 2111 1353 traditur.

517 1394 632 1451 Nos
663 1403 854 1449 autem
879 1395 1180 1465 improprie
1205 1393 1434 1448 Cantica
1464 1393 1721 1448 Psalmos
1745 1391 2110 1461 appellamus.

519 1486 587 1540 In
620 1487 703 1541 die
728 1504 839 1557 qua
872 1486 1064 1556 eripuit
1082 1503 1200 1541 eum
1223 1485 1485 1540 Dominus
1511 1486 1576 1538 de
1597 1500 1757 1538 manu
1775 1484 2114 1538 inimicorum

519 1595 738 1633 suorum
765 1598 784 1635 :
807 1581 909 1634 hoc
943 1591 1026 1634 est
1063 1580 1115 1633 in
1147 1578 1235 1633 die
1257 1576 1477 1647 quando
1499 1577 1565 1630 ab
1589 1576 1847 1631 omnibus
1876 1576 2115 1632 inimicis

517 1687 661 1741 quos
693 1680 923 1727 eatenus
955 1672 1266 1736 habuerat,
1321 1677 1432 1724 tam
1475 1669 1801 1740 alienigenis
1865 1668 2116 1724 videlicet

514 1779 684 1832 quam
720 1764 994 1834 cognatis,
1031 1772 1280 1832 ereptum
1314 1777 1373 1817 se
1408 1777 1471 1817 ac
1527 1764 1821 1817 liberatum
1876 1762 2108 1830 putavit.

2210 585 2302 631 τος
2340 566 2458 631 τοῦ,
2492 565 2685 621 ταῦτά
2726 568 2868 632 εισι,
2899 564 3101 636 δηλαδὴ
3152 565 3282 629 τοὺς
3314 564 3511 633 λόγους
3539 564 3636 633 τῆς
3661 563 3812 635 ᾠδῆς

2211 660 2417 731 ταύτης
2442 660 2724 730 ἐλάλησεν.
2768 658 2926 729 ᾬδῆς
2950 658 3007 712 δὲ
3033 656 3343 727 ἐπέγραψε,
3366 657 3461 710 καὶ
3478 656 3538 709 ού
3560 655 3810 726 ψαλμοῦ,

2211 757 2296 810 ὅτι
2325 754 2386 807 οὐ
2415 752 2502 806 διὰ
2541 750 2823 823 μουσικῶν
2846 750 3121 822 ὀργάνων,
3166 749 3283 803 ἀλλ’
3313 748 3424 804 ἀπὸ
3473 749 3637 818 μόνου
3681 749 3816 804 στό-

2217 863 2385 918 ματος
2416 842 2517 919 ᾖσε
2553 846 2654 911 τὴν
2686 843 2831 915 ᾠδὴν
2869 842 3095 915 ταύτην,
3158 842 3261 913 ήδη
3299 843 3577 914 γηράσας,
3625 843 3704 905 ὡς
3750 843 3817 895 ὲν

2213 942 2279 1011 τῇ
2315 937 2483 1007 βίϐλῳ
2519 937 2632 991 τῶν
2677 936 2981 991 Βασιλειῶν
3030 936 3472 1006 ἀναγέγραπται.
3521 934 3717 1003 Ἡμεῖς
3754 934 3815 987 δὲ

2216 1026 2664 1097 καταχρώμενοι,
2708 1025 2928 1097 ψαλμὸν
2974 1027 3070 1078 καὶ
3096 1024 3239 1096 ᾠδὴν
3286 1024 3496 1095 ταύτην
3543 1023 3821 1095 ὀνομάζο-

2220 1135 2342 1188 μεν.
2393 1119 2498 1172 Ἐν
2535 1116 2727 1187 ἡμέρᾳ
2758 1116 2846 1182 δὲ,
2879 1111 2920 1189 ᾖ
2952 1120 2985 1172 ὁ
3029 1118 3245 1185 Κύριος
3275 1117 3577 1185 ἐῤῥύσατο
3622 1117 3824 1172 αὑτὸν

2215 1212 2283 1266 ἐκ
2315 1213 2515 1280 χειρὸς
2552 1211 2796 1266 πάντων
2823 1211 2943 1265 τῶν
2973 1209 3205 1280 ἐχθρῶν
3246 1208 3459 1273 αὐτοῦ,
3500 1211 3816 1278 τουτέστιν,

2217 1301 2277 1354 ὲν
2307 1299 2515 1373 ἡμέρᾳ,
2547 1300 2639 1353 ὅτε
2687 1299 2867 1365 ἔδοξεν
2922 1300 3361 1371 ὲλευθερωθῆναι
3408 1303 3630 1356 πάντων
3679 1302 3818 1373 ἄχρι

2216 1390 2340 1443 τότε
2374 1389 2673 1460 πολεμίων,
2726 1394 2823 1444 καὶ
2863 1390 3194 1460 ἀλλογενῶν,
3235 1392 3330 1446 καὶ
3350 1392 3652 1463 ὁμογενῶν.
3685 1398 3823 1450 Διε-

2217 1483 2327 1538 λὼν
2352 1484 2411 1538 δὲ
2438 1483 2551 1537 τῶν
2572 1484 2748 1540 ἀλλων
2769 1484 2984 1556 ἐχθρῶν
3012 1486 3104 1539 τὸν
3136 1487 3333 1546 Σαοὺλ.
3360 1486 3468 1557 ίδίᾳ
3502 1489 3597 1541 καὶ
3618 1489 3822 1542 τελευ-

2218 1576 2369 1627 ταῖον
2400 1575 2653 1645 τέθηκεν,
2677 1575 2710 1645 ἢ
2744 1576 2820 1639 ὼς
2846 1576 3262 1647 πολεμιώτατον
3290 1578 3461 1632 αὑτοῦ
3487 1581 3819 1648 γενόμενον,

2218 1666 2251 1737 ἢ
2283 1667 2602 1739 φειδόμενος
2624 1669 2739 1731 τοῖς
2763 1666 2946 1732 ἀλλοις
2975 1669 3190 1739 ἐχθροῖς
3215 1671 3478 1736 συντάξαι
3498 1670 3711 1737 τοῦτον,
3731 1672 3821 1736 ὡς

2223 1759 2451 1830 βασιλέα
2493 1760 2592 1814 καὶ
2631 1760 2935 1831 εὐεργέτην
2990 1761 3157 1816 αύτοῦ
3196 1779 3329 1816 ποτε
3386 1765 3675 1833 γεγονότα,
3717 1765 3827 1819 καὶ

518 1854 780 1910 Privatim
820 1865 1000 1910 tamen
1038 1855 1257 1909 Saulem
1288 1869 1317 1908 a
1350 1853 1573 1908 exteris
1621 1852 1971 1923 distinguens
2000 1854 2108 1907 ini-
2143 1852 2181 1904 Β
2214 1853 2501 1923 πενθερόν.

519 1947 700 2011 micis,
742 1947 939 2002 ultimo
995 1961 1121 2000 eum
1172 1946 1318 2005 ιοιο,
1346 1960 1410 1998 ac
1476 1945 1800 1997 nmninatim
1855 1944 2329 2009 crnunt'mortwit,
2403 1944 2485 1996 vel
2564 1951 2823 2015 tanquam
2901 1948 3144 2003 omnium
3203 1950 3684 2018 inimicissimum,
3731 1939 3828 2007 ve|

522 2043 663 2098 forte
685 2043 810 2113 quia
839 2051 890 2097 et
920 2056 1103 2111 regem
1148 2050 1204 2097 et
1248 2055 1525 2105 socerum,
1560 2049 1615 2094 et
1649 2038 1719 2094 de
1747 2054 1809 2093 se
1840 2037 2138 2109 aliquando
2174 2039 2575 2095 benctueritum
2608 2043 2774 2096 simul
2806 2057 2931 2098 cum
3008 2044 3131 2100 aliis
3185 2046 3631 2118 coniungendum
3706 2065 3827 2105 non

514 2139 704 2193 duxit.

590 2230 761 2285 Vens.
801 2229 856 2284 2.
896 2228 1129 2299 Diligam
1161 2237 1230 2293 te,
1268 2228 1506 2289 nomine,
1528 2227 1788 2296 fortitudo
1815 2243 1952 2282 mea.
1985 2226 2120 2282 Cum

525 2325 723 2388 multa,
759 2321 962 2390 inquit,
1000 2330 1055 2375 et
1095 2335 1291 2391 magna
1335 2320 1597 2375 beneﬁcia
1627 2338 1656 2374 a
1690 2333 1742 2375 te.
1796 2321 2121 2391 receperim,

406 2416 415 2421 ’
523 2427 579 2472 et
631 2414 968 2486 respondere
1002 2413 1110 2468 illis
1142 2429 1440 2483 nequeam,
1482 2413 1631 2483 (quid
1659 2414 1805 2469 enim
1835 2414 2124 2468 retribuam

522 2509 752 2564 Domino
803 2523 897 2575 pro
935 2506 1177 2573 omnibus
1230 2522 1348 2575 qua
1385 2506 1627 2559 retribuit
1668 2506 1797 2559 mihi
1825 2505 1929 2574 ’9?)
1978 2504 2125 2574 quod

523 2603 703 2657 solum
741 2601 895 2653 valeo
923 2598 973 2652 id
1022 2596 1216 2651 faciam
1254 2614 1268 2650 :
1304 2596 1526 2667 diligam
1555 2605 1625 2662 te,
1648 2610 1756 2649 non
1784 2594 1933 2664 quod
1964 2604 2125 2649 antea

524 2703 634 2743 non
667 2700 931 2750 amarem,
961 2684 1058 2739 sed
1113 2685 1274 2754 quasi
1307 2685 1481 2755 magis
1521 2684 1880 2754 imposterum
1919 2694 2126 2739 amatu-

525 2796 646 2836 rus.
680 2777 795 2835 Hoc
831 2777 980 2833 enim
1013 2778 1157 2832 inter
1209 2775 1468 2832 mandata
1532 2776 1719 2830 omnia
1772 2776 2010 2847 primum
2058 2789 2124 2829 ac

524 2871 857 2942 praecipuum
890 2875 995 2924 est.
1052 2867 1250 2938 Diliges
1299 2868 1490 2932 enim,
1543 2866 1722 2938 inquit
1754 2908 1770 2932 ,
1828 2866 2117 2923 Dominum

527 2962 691 3017 Deum
727 2971 877 3014 tuum
901 2975 967 3014 ea:
1002 2961 1130 3014 totis
1163 2958 1364 3014 viribus
1412 2959 1520 3013 luis
1545 2999 1561 3024 ,
1601 2966 1650 3013 et
1693 2974 1761 3013 ea:
1808 2966 1916 3012 toto
1962 2956 2120 3012 corde

528 3064 622 3110 tuo
658 3054 725 3109 ³⁸.
761 3051 1165 3108 Fortitudinem
1202 3066 1335 3106 vero
1376 3050 1547 3107 Deum
1581 3051 1899 3122 appellavit,
1951 3050 2121 3106 veluti

525 3162 652 3203 eum
685 3147 777 3216 qui
811 3146 984 3215 ipsius
1013 3144 1160 3200 beati
1200 3143 1368 3199 David
1402 3143 1784 3199 infirmitatem
1853 3143 2121 3201 adversus

520 3250 604 3297 tot
633 3257 699 3297 ac
725 3242 858 3296 tales
894 3240 1150 3296 inimicos
1186 3238 1380 3296 fortem
1412 3254 1478 3297 ac
1496 3224 1735 3295 validam
1771 3239 2057 3295 reddebat.

2311 2227 2617 2299 Αγαπήσω
2677 2243 2775 2295 σε,
2830 2231 3026 2299 Κύριε,
3066 2233 3106 2302 ἠ
3163 2233 3346 2303 ίσχύς
3369 2252 3513 2304 μου.
3569 2235 3822 2299 Πολλῶν,

2223 2322 2380 2393 φησὶ,
2418 2322 2512 2375 καὶ
2542 2322 2797 2390 μεγάλων
2818 2324 3041 2391 ἀγαθῶν
3075 2326 3394 2397 τετυχηκὼς
3436 2326 3548 2381 ἀπὸ
3574 2327 3691 2391 σοῦ,
3720 2332 3827 2384 καὶ

2227 2416 2301 2484 μή
2327 2414 2622 2484 δυνάμενος
2651 2414 3015 2484 ἀμείψασθαι·
3054 2418 3118 2471 Τί
3146 2418 3257 2487 γὰρ
3293 2419 3708 2474 ἀνταποδώσω
3738 2420 3828 2485 τῷ

2223 2507 2422 2574 Κυρίῳ
2456 2506 2593 2574 περὶ
2623 2505 2867 2560 πάντων
2891 2501 2979 2561 ὧν
3006 2508 3561 2580 ἀνταπέδωκέ’μοι;
3588 2511 3616 2564 ὃ
3654 2514 3827 2581 μόνον

2225 2599 2483 2671 δύναμαι,
2518 2599 2683 2653 τοῦτο
2711 2602 2806 2654 καλ⁵
2848 2602 3093 2671 ποιήσω·
3144 2603 3422 2675 ἀγαπήσω
3460 2605 3570 2673 γὰρ
3601 2604 3683 2671 σὲ,
3716 2605 3822 2674 οὐχ

2223 2692 2300 2757 ὡς
2330 2691 2524 2763 πρώην
2578 2692 2653 2763 μὴ
2681 2692 2938 2761 ἀγαπῶν,
2987 2693 3104 2747 ἀλλ’
3152 2694 3230 2759 ὡς
3260 2695 3354 2749 ἐπὶ
3402 2696 3621 2766 μᾶλλον⁸
3655 2696 3826 2749 τοῦτο

2224 2785 2501 2854 ποιήσων·
2533 2782 2693 2836 τοῦτο
2719 2784 2828 2856 γὰρ
2862 2785 2957 2837 καὶ
2982 2783 3176 2857 πρώτη
3218 2784 3328 2840 τῶν
3360 2786 3612 2840 ἐντολῶν.
3639 2786 3828 2855 Ἀνα-

2223 2876 2444 2946 πήσεις
2473 2874 2603 2944 γὰρ,
2636 2876 2793 2946 φησὶ,
2836 2877 3057 2943 Κύριον
3085 2875 3193 2930 τὸν
3226 2878 3380 2931 Θεόν
3406 2892 3525 2931 σου
3554 2877 3626 2940 ἐξ
3663 2876 3829 2942 ὅλης

2222 2967 2334 3039 τῆς
2361 2967 2672 3038 δυνάμεώς
2694 2983 2833 3033 σου,
2854 2968 2955 3023 καί
2987 2968 3057 3033 ἐξ
3089 2968 3241 3036 ὅλης
3260 2967 3374 3037 τῆς
3400 2967 3652 3037 καρδίας
3675 2983 3828 3025 σου.

2231 3062 2409 3132 Ἰσχὸν
2439 3062 2497 3116 δὲ
2524 3061 2615 3116 τὸν
2648 3061 2783 3117 Θεὸν
2815 3062 3101 3129 ἐκάλεσεν,
3132 3061 3209 3126 ὡς
3242 3060 3344 3133 τήν
3387 3061 3682 3115 ἀσθένειαν
3711 3062 3829 3115 αύ-

2217 3153 2314 3207 τοῦ
2341 3152 2709 3224 ὲνισχύσαντα
2752 3154 2898 3209 κατά
2951 3154 3062 3209 τῶν
3102 3153 3363 3208 τοιούτων
3405 3152 3501 3208 καλ⁵
3546 3152 3834 3206 τοσούτων

2218 3244 2457 3316 ἐχθρῶν.

598 3331 767 3389 Vens.
800 3333 856 3388 3.
887 3331 1152 3387 Dominus
1187 3332 1586 3402 ﬁrmamentum
1626 3347 1842 3397 meum,
1873 3339 1922 3385 et
1970 3330 2119 3400 refu-

2294 3338 2512 3407 Κύριος
2532 3335 2841 3407 στερέωμά
2866 3352 3008 3408 μου,
3044 3335 3146 3392 καὶ
3184 3336 3503 3407 καταφυγή
3538 3335 3832 3406 pomata!

527 3423 675 3491 ginm
700 3440 892 3487 meum,
911 3433 961 3478 et
983 3424 1243 3480 liberator
1266 3440 1427 3478 meus.
1453 3423 1880 3491 Firmamentum
1898 3423 2121 3495 quidem

2223 3429 2454 3499 ρύστης
2466 3446 2608 3500 μου.
2625 3428 2923 3500 Στερέωμα
2954 3429 3168 3501 μὲν,ὡς
3195 3427 3502 3501 έδραιώσας
3533 3428 3698 3483 αὑτὸν
3726 3428 3833 3483 καὶ

528 3515 770 3586 appellat
799 3514 993 3579 Deum,
1032 3517 1191 3586 quasi
1221 3516 1314 3586 qui
1346 3530 1474 3571 eum
1513 3514 1779 3581 stabiliat,
1806 3515 2121 3582 conﬁrmet,

520 3616 584 3663 et
621 3607 913 3662 adversum
939 3608 1310 3663 tentationum
1345 3607 1609 3678 impetum
1632 3607 1972 3664 immobilem
1998 3608 2126 3664 red-

529 3700 644 3755 dat.
699 3699 991 3771 Refugium
1049 3715 1202 3767 vero,
1244 3711 1506 3770 tanquam
1558 3700 1654 3772 qui
1700 3715 1829 3756 eum
1881 3701 2124 3770 pericula

527 3790 832 3861 fugientem
886 3792 941 3846 in
982 3807 1138 3847 suam
1168 3793 1569 3863 protectiouem
1599 3804 1656 3849 et
1693 3794 2005 3849 custodiam
2031 3808 2122 3850 re-

531 3884 739 3952 ceperit
779 3899 793 3936 :
833 3891 887 3939 et
927 3885 1021 3958 qui
1062 3899 1221 3939 muro
1258 3899 1322 3939 ac
1351 3892 1509 3955 septo
1535 3884 1708 3941 divini
1762 3884 1952 3940 auxilii
1983 3899 2110 3940 eum

525 3986 844 4033 conservet.
881 3976 1256 4032 Liberatorem
1285 3977 1491 4040 etiam,
1545 3977 1693 4047 quod
1728 3992 1855 4032 eum
1900 3977 2124 4048 eripue-

534 4069 607 4122 rit
668 4069 838 4126 abiis
868 4070 963 4141 qui
1029 4069 1288 4127 obsidere
1329 4080 1384 4125 ct
1429 4070 1707 4140 captivum
1760 4068 1947 4127 facere
1994 4086 2121 4127 eum

531 4162 849 4231 sperabant.

604 4253 747 4307 Deus
780 4269 925 4308 metu
975 4252 1195 4323 adjutor
1220 4268 1389 4319 mens,
1408 4263 1456 4307 et
1480 4256 1704 4324 sperabo
1727 4256 1783 4310 in
1810 4271 1951 4312 eum.
1976 4255 2124 4314 Deus

532 4360 694 4402 meus
730 4347 880 4401 solus
909 4356 1016 4412 est,
1049 4347 1145 4415 qui
1182 4361 1405 4415 semper
1439 4348 1575 4402 mihi
1615 4363 1774 4419 opem
1808 4349 1987 4406 l'erat:
2038 4357 2125 4405 at-

535 4453 644 4508 que
678 4440 801 4492 ideo
836 4441 890 4492 iu
920 4452 989 4492 eo
1022 4439 1139 4491 solo
1171 4452 1324 4505 spem
1360 4453 1556 4506 ponam
1584 4478 1599 4501 ,
1652 4455 1760 4494 non
1815 4439 2123 4496 formidans

529 4546 657 4598 qua!
685 4530 814 4583 mihi
854 4534 1173 4599 contingere
1205 4539 1459 4599 possunt.
1504 4548 1681 4602 neque
1714 4534 1881 4588 etiam
1917 4534 2118 4590 desa-

534 4623 652 4677 lute
688 4624 1014 4691 desperans.

2223 3520 2462 3592 ποιήσας
2487 3518 2787 3591 ἀκλόνητον
2816 3519 2954 3593 πρὸς
2999 3519 3101 3582 τάς
3129 3518 3368 3590 ἐμϐολὰς
3397 3519 3509 3573 τῶν
3553 3518 3833 3573 ἑκάστοτε

2225 3610 2588 3681 πειρασμῶν·
2620 3610 2916 3681 καταφυγὴ
2963 3609 3046 3677 δὲ,
3096 3608 3173 3671 ὡς
3204 3609 3479 3681 φεύγοντα
3525 3608 3836 3678 δεχόμενος

2224 3702 2357 3757 εἵσω
2379 3702 2480 3773 τῆς
2507 3701 2707 3756 ἑαυτοῦ
2758 3701 2992 3773 σκέπης,
3023 3702 3121 3757 καὶ
3166 3702 3245 3773 τῷ
3290 3701 3462 3772 τείχει
3516 3700 3620 3771 τῆς
3665 3700 3836 3765 θείας

2227 3794 2481 3867 βοηθείας
2515 3795 2968 3868 περιφυλάττων·
3024 3795 3231 3866 ρύστης
3259 3794 3339 3861 δὲ,
3387 3790 3464 3858 ὡς
3492 3791 3833 3862 ἐξαιρούμε-

2225 3906 2316 3953 νος
2357 3888 2470 3943 τῶν
2525 3888 2842 3960 πολιορκεῖν
2893 3888 2990 3942 καὶ
3034 3885 3468 3959 αίχμαλωτίζειν
3520 3884 3835 3954 ἐλπιζομέ-

2225 3999 2354 4038 νων.

2299 4255 2518 4324 Κύριος
2560 4256 2791 4321 ,ϐοηθός
2822 4273 2966 4324 μου,
3014 4254 3115 4309 καί
3146 4249 3335 4309 ἐλπιῶ
3374 4253 3468 4308 ἐπ’
3508 4252 3716 4311 αὐτόν.
3762 4252 3833 4305 Ὁ

2226 4348 2360 4412 Θεὸς
2396 4367 2498 4419 μου
2548 4349 2708 4419 μόνον
2741 4349 2891 4401 ἐστὶν
2922 4348 3010 4402 ἀεὶ
3041 4348 3238 4419 βοηθός
3290 4364 3394 4417 μου
3415 4364 3431 4380 ο
3482 4347 3562 4401 διὸ
3592 4347 3689 4400 καὶ
3732 4345 3831 4397 ἐπ’

2227 4442 2392 4495 αὑτὸν
2420 4442 2580 4511 μόνον
2606 4440 2799 4506 ὲλπιῶ,
2832 4441 2905 4510 μὴ
2954 4440 3317 4511 ἀπολιγωρῶν
3346 4438 3484 4508 πρὸς
3521 4440 3592 4493 τὰ
3615 4435 3830 4506 συμπίο

2229 4547 2453 4594 πτοντα,
2490 4529 2614 4600 μηδ’
2649 4529 3046 4599 ἀπογινώσκων
3075 4530 3177 4601 τήν
3225 4530 3529 4601 σωτηρίαν.

612 4715 891 4771 Protector
918 4731 1062 4770 metu
1088 4757 1102 4781 ,
1136 4724 1186 4771 et
1213 4733 1380 4772 cornu
1400 4717 1594 4773 salutis
1625 4735 1754 4776 mea:
1779 4761 1795 4784 ,
1821 4731 1872 4775 et
1903 4720 2122 4790 adjutnr

2310 4709 2796 4780 Ὑπερασπιστής
2819 4726 2963 4780 μου,
2997 4709 3097 4762 καὶ
3125 4709 3306 4779 κέρας
3333 4707 3637 4777 σωτηρίας
3677 4726 3831 4777 μου,

540 4823 712 4861 meus.
742 4807 844 4872 Qui
882 4808 935 4862 in
964 4808 1107 4863 bello
1137 4810 1532 4879 protectionem
1562 4828 1714 4867 suam
1744 4813 1811 4867 ad
1845 4813 2131 4870 defensio-

542 4915 670 4954 nem
701 4915 875 4953 meam
909 4901 1092 4969 posuit
1123 4917 1193 4956 ne
1225 4902 1566 4958 vulnerarer.
1607 4903 1797 4960 Solent
1830 4905 1979 4959 enim
2035 4905 2131 4975 qui

543 4993 603 5046 in
636 4991 777 5046 bello
811 4991 973 5045 alicui
1006 4992 1344 5061 periclitanti
1377 5007 1537 5063 opem
1569 4993 1715 5048 ferre
1746 4995 1940 5047 volunt
1967 5033 1981 5057 ,
2018 4994 2133 5065 θίγε

2229 4806 2333 4862 καὶ
2361 4803 2745 4871 ἀντιλήπτωρ
2763 4819 2905 4871 μου.
2932 4801 3022 4854 Ἐν
3048 4800 3312 4870 πολέμοις
3354 4802 3456 4872 τὴν
3485 4801 3698 4871 σκέπην
3726 4803 3833 4853 αὖ-

2230 4900 2327 4954 τοῦ
2360 4898 2468 4970 πρὸ
2517 4895 2653 4966 ἐμοῦ
2683 4895 2876 4959 τιθεὶς,
2911 4895 2998 4949 ἵνα
3061 4895 3135 4965 μὴ
3171 4893 3376 4965 βληθῶ.
3418 4895 3531 4957 Τὰς
3584 4894 3833 4958 ἀσπίδας

2233 4991 2344 5062 γὰρ
2372 4991 2424 5044 οι
2452 4987 2924 5059 ύπερασπίζοντές
2967 5004 3162 5048 τινων,
3213 4986 3439 5041 εἰώθασι
3492 4985 3601 5056 πρὸ
3641 4986 3832 5039 αὐτῶν

546 5099 709 5155 peum
743 5085 994 5140 attollere
1026 5093 1153 5140 ante
1191 5102 1317 5142 eum
1351 5125 1367 5150 ,
1404 5102 1566 5157 quem
1621 5086 1924 5141 defendunt
1953 5127 1970 5151 ,
2022 5101 2122 5156 quc

2234 5083 2471 5154 ἀνέχειν,
2502 5082 2582 5145 είς
2609 5082 2931 5150 ἀποτροπὴν
2953 5080 3080 5133 ὅθεν
3103 5079 3304 5147 δήποτε
3336 5078 3521 5149 βολῆς.
3555 5078 3747 5146 Κέρας
3770 5080 3834 5132 δὲ.

545 5177 691 5233 ictus
719 5186 774 5233 et
801 5178 982 5247 jacula
1010 5177 1077 5233 ab
1111 5193 1176 5233 eo
1210 5179 1455 5247 undique
1488 5186 1741 5233 avertant
1769 5220 1783 5234 .
1816 5190 1870 5234 et
1897 5178 1999 5233 hoc
2035 5194 2134 5249 pa-

543 5278 640 5325 cto
691 5279 976 5339 protegere
1035 5271 1162 5341 quis
1207 5271 1375 5324 alium
1439 5270 1663 5325 dicitur.
1717 5269 1901 5324 Cornu
1951 5281 2135 5326 autem

2238 5172 2559 5241 σωτηρίας,
2587 5171 2711 5225 ἀντὶ
2743 5169 2862 5233 τοῦ,
2900 5171 3260 5249 ἀμυντήριον,
3296 5171 3564 5223 σωστικόν
3582 5185 3598 5202 ·
3619 5171 3688 5223 τὰ
3716 5173 3831 5240 γὰρ

2240 5264 2561 5338 κερασφόρα
2607 5263 2723 5328 ζῶα
2754 5267 2869 5325 τοῖς
2912 5264 3144 5333 κέρασιν
3181 5263 3481 5330 ἀμύνονται
3534 5262 3832 5332 καρτερῶς
3894 5284 3899 5291 ο

549 5364 743 5418 salutis
774 5406 790 5429 ,
843 5364 894 5419 id
930 5372 1015 5421 est
1048 5365 1291 5419 salutare
1335 5363 1833 5432 prapugnaculum.
1892 5363 2122 5418 Cornutt

2239 5359 2300 5412 ὲν
2344 5360 2468 5418 ταῖς
2500 5357 2725 5428 μάχαις.
2772 5356 2931 5409 Ἐπεὶ
2956 5357 3066 5426 γὰρ
3097 5355 3159 5409 τὸ
3213 5356 3399 5424 μέντοι
3449 5354 3830 5424 φυλακτήριὸν

551 5458 701 5510 enim
741 5457 996 5511 animalia
1028 5457 1080 5513 in
1117 5471 1299 5527 pugna
1339 5454 1678 5509 validissime
1726 5455 1989 5510 cornibus
2020 5469 2143 5510 cer-

2242 5451 2392 5504 ἒστιν
2422 5450 2606 5515 ὅπλον,
2640 5448 2700 5502 τὸ
2722 5449 2781 5503 δέ
2810 5466 2864 5502 τι
2912 5449 3370 5520 πολεμιστήριον
3407 5448 3503 5503 καὶ
3532 5446 3692 5501 τοῦτο
3720 5450 3831 5501 κά-

560 5554 696 5601 tant.
733 5546 795 5601 Et
836 5549 1095 5618 quoniam
1157 5560 1434 5600 armorqu
1484 5545 1586 5598 alia
1642 5544 1706 5598 ad
1764 5545 2122 5600 defensioneu‘

2243 5546 2412 5611 κεῖνο,
2442 5546 2627 5613 φησὶν,
2662 5546 2690 5596 ὁ
2723 5543 2855 5606 Θεὸς
2894 5543 3131 5611 ἐγένετο,
3181 5545 3276 5595 καὶ
3307 5543 3528 5596 σκέπων
3555 5542 3614 5596 ὲν
3657 5538 3830 5592 πολέ-

561 5647 714 5700 sunt,
756 5638 861 5690 alia
893 5636 958 5691 ad
991 5636 1370 5700 olfensionem,
1406 5642 1722 5704 utrumque,
1757 5635 1952 5704 inquit,
1988 5634 2132 5690 Deus

2246 5654 2363 5709 μῳ,
2397 5638 2489 5692 καὶ
2519 5635 2851 5706 διαφθείρων
2877 5638 3001 5701 τοὺς
3033 5636 3286 5707 ἐχθρούς.
3331 5636 3710 5708 Ἀντιλήπτωρ
3743 5633 3834 5704 δὲ,

637 5818 686 5848 ⁸³
724 5814 866 5873 Ps;.l.
904 5830 1030 5881 cxv,
1069 5815 1154 5869 ιε.
1228 5812 1274 5844 ³⁸
1308 5812 1467 5868 Deut.
1505 5828 1581 5876 vi,
1616 5809 1685 5873 5;
1733 5809 1927 5865 Matth.
1965 5827 2102 5877 uti,
2135 5812 2226 5868 '57.
