4116 6432
385 371 482 435 221

1561 382 1950 444 COMMENT.
1993 385 2072 446 ιη
2117 386 2479 450 PSALMOS.

3535 397 3642 460 27.2

383 491 457 553 ὡς
483 486 1034 560 ἀντιλαμϐανόμενος
1089 491 1170 554 είς
1214 490 1455 561 ἀθυμίαν
1505 492 1963 558 καταπίπτοντος,

2075 495 2248 548 iactus
2280 506 2365 550 est
2396 498 2546 552 mihi.
2583 495 2714 551 Nam
2743 505 2798 553 et
2838 498 2904 552 ab
2947 499 3184 556 inimicis
3235 516 3318 556 me
3369 507 3595 572 protegit
3633 547 3649 571 ,

383 584 602 638 καὶτῶν
627 581 906 654 θλισερῶν
939 585 1118 649 ἄλλως
1143 586 1550 656 ἀνακτώμενος.

451 875 645 930 Ali-(Br
680 873 1124 946 ἐπικαλέσωμαι
1157 877 1265 931 τὸν·
1309 875 1548 945 Κύριον,
1600 874 1699 930 καὶ
1745 876 1814 930 ἐκ
1849 875 1971 929 τῶν

377 970 611 1038 ἐχθρῶν
647 987 768 1038 μου
810 972 1188 1039 σωθήσομαι.
1231 969 1387 1023 Οὕτω
1434 970 1702 1030 ποικίλοις
1735 970 1967 1038 ὀνόμασι

381 1062 639 1132 βοηθείας
692 1063 1012 1132 ὲξυμνήσας
1064 1063 1154 1116 τὸν
1189 1063 1346 1126 Θεὸν,
1398 1063 1473 1125 ὡς
1521 1063 1784 1124 ποικίλως
1817 1063 1968 1132 αὐτῷ

381 1154 707 1224 βοηθοῦντα,
740 1156 836 1208 καὶ
865 1154 1009 1207 κατά
1043 1155 1334 1224 διαφόρους
1375 1153 1636 1224 τρόπους,
1666 1154 1852 1221 φησὶν,
1884 1154 1967 1206 ὅτι

378 1250 455 1303 Οὐ
486 1249 798 1318 πεποίημαι
817 1247 910 1300 τοῦ
931 1249 1136 1319 Κυρίου
1162 1247 1254 1300 τὸν
1271 1247 1571 1315 κατάλογον
1583 1247 1691 1299 τῶν
1709 1246 1967 1299 τοιούτων

377 1340 474 1392 καὶ
493 1339 767 1392 τοσούτων
799 1340 1102 1409 ὀνομάτων,
1138 1340 1212 1402 ὡς
1233 1339 1430 1410 μηκέτι
1461 1338 1652 1392 τούτου
1687 1338 1960 1408 δεόμενος,

379 1435 517 1486 ἀλλὰ
543 1433 632 1486 διὰ
654 1434 861 1485 τούτων
888 1431 1056 1485 αίνῶν
1089 1433 1185 1485 καὶ
1217 1431 1543 1501 μεγαλύνων
1568 1431 1754 1493 αὐτὸν,
1771 1431 1858 1499 ἐφ’
1881 1426 1966 1494 οἷς

377 1524 785 1594 mmmam,
814 1524 908 1577 xui.
934 1523 1196 1577 δεικνύων
1226 1523 1324 1594 τὴν
1357 1523 1782 1592 εὐγνωμοσύνην
1802 1540 1816 1555 ο
1869 1523 1965 1576 καὶ

377 1620 459 1672 ἔτι
493 1619 587 1670 τὸν
621 1617 830 1688 Κύριον
859 1616 1284 1685 ὲπικαλέσομαι,
1325 1615 1457 1685 παρ’
1477 1617 1606 1686 ὃλην
1638 1616 1741 1686 τὴν
1793 1616 1959 1684 ζωήν.

378 1711 476 1764 Διά
496 1711 656 1764 τοῦτο
684 1709 794 1779 γὰρ
827 1704 1002 1774 εἶπεν,
1031 1708 1253 1762 Ἐλπιῶ
1278 1708 1372 1762 ἐπ’
1398 1710 1607 1773 αὑτὸν,
1631 1709 1724 1762 καὶ
1746 1689 1965 1771 πάντως

388 1805 491 1858 ἐκ
526 1802 649 1855 τῶν
693 1801 925 1869 ἐχθρῶν
953 1819 1074 1870 μου
1099 1800 1448 1870 σωθήσομαι
1467 1819 1482 1834 ο
1515 1802 1562 1853 εί
1593 1801 1703 1870 γὰρ
1735 1801 1830 1855 καὶ
1855 1799 1963 1854 ἀπὸ

377 1897 485 1949 τῶν
527 1895 694 1966 μέχρι
741 1893 835 1946 τοῦ
865 1892 958 1947 νῦν
996 1892 1274 1962 πολεμίων
1323 1893 1616 1964 ὲρῤύσθην,
1668 1893 1783 1946 ἀλλ’
1817 1892 1963 1955 εἰκὸς

380 1991 472 2042 καὶ
506 1988 705 2050 ἄλλους
736 1985 1236 2057 ἐπαναστήσεσθαι,
1277 1986 1379 2056 τῆς
1422 1986 1570 2055 ζωῆς
1607 1986 1729 2056 ἐμοὶ
1787 2001 1966 2056 παρα-

379 2080 724 2150 τεινομένης.
777 2078 1030 2132 Τοσαῦτα
1074 2076 1268 2142 είπὼν,
1316 2060 1617 2131 ἀνακυκλοῑ
1644 2076 1737 2131 τδν
1781 2075 1961 2144 λόγον,

382 2175 480 2226 καὶ
508 2172 802 2239 καταλέγει
835 2170 963 2233 τοὺς
1017 2169 1299 2232 ποικίλους
1331 2168 1498 2223 αὑτοῦ
1532 2168 1834 2232 κινδύνους,
1867 2168 1963 2221 καὶ

386 2265 490 2324 τὰς
528 2261 822 2324 πολυειδεῖς
855 2260 1177 2330 ἐπικουρίας
1205 2259 1300 2312 τοῦ
1335 2259 1492 2312 Θεοῦ.
1539 2255 1962 2326 Τροπικώτερον

394 2355 456 2408 δὲ
483 2359 550 2424 τῇ
572 2355 806 2425 διηγήσει
833 2355 1123 2425 κέχρηται,
1158 2352 1296 2424 πρὸς
1313 2351 1536 2406 πλείονα
1562 2351 1672 2403 τῶν
1695 2350 1960 2422 πραγμά-

398 2464 507 2500 των
536 2445 776 2521 ἔμφασιν.

2073 597 2126 639 et
2158 587 2358 654 pariter
2380 603 2476 642 eos
2507 589 2702 656 perdit.
2738 591 2970 658 Adjutor
3008 601 3215 659 autem,
3253 596 3381 663 quia
3421 597 3472 648 in
3509 613 3646 649 mm-

2074 678 2279 733 stitiant
2315 679 2606 736 deductum
2641 698 2726 738 me
2770 683 2993 752 adjuvat
3021 724 3036 750 ,
3070 695 3122 739 et
3150 685 3294 740 inter
3322 687 3650 743 aiilicﬁoncs

2073 768 2306 825 refovet.

2139 883 2306 940 Vens.
2335 885 2388 941 ι.
2424 885 2674 941 Laudans
2714 888 2965 944 invocabo
3011 890 3297 947 Dominum
3335 903 3385 948 et
3433 896 3494 949 ab
3545 896 3652 950 ini‘

2072 977 2228 1031 micis
2260 979 2391 1031 meis
2430 978 2609 1032 salvus
2637 996 2747 1036 ero.
2775 979 2910 1035 Cum
2949 992 3058 1036 tam
3093 985 3260 1040 variis
3283 999 3348 1040 ac
3390 986 3652 1056 multipli-

2085 1069 2240 1123 cibus
2288 1069 2456 1123 divini
2510 1071 2694 1125 auxilii
2728 1073 3044 1127 nominibus
3095 1074 3261 1129 Deum
3299 1077 3642 1140 laudaverit,

2070 1159 2233 1215 veluti
2262 1174 2385 1213 eum
2411 1162 2502 1230 qui
2536 1163 2790 1230 plurimis
2813 1179 2876 1218 ac
2901 1165 3138 1221 diversis
3165 1167 3341 1221 modis
3362 1167 3465 1221 sibi
3488 1183 3644 1236 opem

2067 1251 2480 1322 tulerit,postea
2499 1256 2789 1310 subintulit
2809 1255 2997 1312 dicens
3033 1276 3047 1312 :
3075 1256 3193 1313 Non
3224 1273 3324 1328 ego
3365 1267 3643 1314 tantorum

2068 1359 2134 1400 ac
2163 1345 2347 1400 talimn
2383 1345 2669 1401 nominum
2723 1347 3052 1403 auxiliorum
3085 1349 3180 1405 Dei
3232 1351 3542 1420 catalogum
3584 1366 3646 1403 ea

2069 1448 2279 1494 tantum
2331 1441 2585 1496 recensui
2647 1443 2903 1508 ratione,
2959 1452 3020 1496 ut
3079 1444 3147 1498 de
3203 1444 3442 1511 receptis
3476 1444 3545 1498 ab
3575 1460 3644 1499 eo

2068 1528 2346 1585 beneﬁciis
2374 1532 2580 1600 gratias
2614 1544 2858 1600 agerem,
2889 1539 3152 1600 tanquam
3185 1531 3277 1600 qui
3306 1531 3458 1587 illius
3489 1532 3648 1586 auxi«

2066 1619 2138 1674 lio
2167 1622 2408 1692 indigere
2438 1621 2674 1688 amplius
2702 1638 2816 1678 non
2850 1622 3105 1678 deberem
3136 1659 3152 1683 .
3201 1623 3298 1678 sed
3333 1639 3430 1692 per
3459 1637 3522 1677 ea
3547 1638 3648 1692 pro

2064 1713 2280 1768 collatis
2312 1713 2367 1768 in
2399 1729 2484 1769 me
2513 1713 2673 1768 donis
2710 1713 2786 1767 ita
2822 1713 3036 1768 laudavi
3069 1713 3261 1778 Deum,
3298 1721 3354 1768 et
3397 1713 3650 1781 magniﬁ-

1991 1829 2039 1890 Β
2067 1807 2186 1861 cavi
2215 1845 2230 1868 .
2269 1815 2324 1860 et
2371 1807 2758 1876 gratitudinem
2811 1807 2977 1861 animi
3009 1807 3116 1860 mei
3147 1805 3360 1861 ostendi
3392 1846 3406 1867 .
3443 1813 3503 1858 ut
3533 1813 3649 1860 toto

2063 1905 2310 1966 tempore
2356 1897 2482 1951 vita:
2531 1912 2666 1952 metu
2714 1897 2866 1950 illum
2920 1895 3284 1952 invocaudum
3338 1896 3468 1950 mihi
3521 1910 3647 1950 esse

2060 2001 2388 2057 cognoscam
2418 2027 2434 2052 ,
2475 1996 2529 2042 et
2563 1989 2618 2042 in
2651 2003 2717 2043 eo
2748 2003 2872 2058 spes
2909 2003 3044 2043 meae
3076 2003 3266 2043 omnes
3317 1987 3648 2042 collocandae

2059 2077 2188 2132 sint.
2224 2077 2538 2147 Pmpterea,
2573 2076 2825 2144 Sperabo,
2857 2077 3057 2148 inquit,
3078 2079 3131 2132 in
3155 2093 3298 2140 eum,
3334 2085 3411 2142 et,
3445 2075 3509 2128 ab
3538 2076 3648 2128 ini-

2060 2171 2209 2226 micis
2238 2172 2368 2225 meis
2398 2172 2576 2224 salvus
2622 2187 2734 2226 ero.
2779 2169 2914 2224 Nam
2963 2170 3066 2226 etsi
3112 2169 3181 2224 ab
3215 2169 3454 2223 inimicis
3507 2182 3646 2236 quos

2067 2261 2334 2316 hactenus
2371 2261 2530 2316 habui
2565 2261 2833 2316 liberatus
2861 2273 2983 2313 sum
3017 2299 3033 2324 ,
3069 2269 3310 2313 attamen
3348 2257 3648 2313 verisimile

2067 2359 2174 2416 est,
2207 2352 2254 2407 si
2279 2352 2486 2408 diutius
2512 2353 2700 2407 vixero
2723 2391 2738 2415 ,
2776 2360 2831 2405 et
2865 2351 3000 2405 alios
3041 2351 3094 2405 in
3148 2365 3234 2404 me
3274 2365 3491 2403 rursum
3522 2363 3646 2402 esse

2067 2441 2497 2500 insurrecturos.
2532 2443 2628 2498 His
2661 2444 2822 2500 dictis
2852 2457 3162 2497 sermonem
3221 2443 3495 2496 convertit
3525 2481 3540 2503 ,
3592 2451 3648 2493 ct

393 2539 535 2591 varia
566 2544 922 2592 connumerat
975 2534 1161 2606 pericu
1188 2549 1242 2597 a,
1317 2540 1370 2588 et
1442 2531 1768 2601 multiplices
1830 2531 1926 2586 Dei
1999 2531 2367 2589 defensiones.
2435 2534 2741 2604 Allegorica
2802 2547 2929 2588 vero
2975 2531 3290 2589 narratione
3345 2533 3517 2587 utitur
3576 2531 3648 2587 ad

384 2630 644 2700 majorem
676 2646 854 2683 rerum
893 2627 1218 2697 emphasim,
1251 2633 1304 2682 et
1332 2625 1398 2680 ad
1441 2625 1703 2694 majorem
1738 2623 2010 2681 sermonis
2040 2625 2127 2682 sui
2160 2625 2487 2682 eilicaciam.
2940 2621 2943 2624 ’

449 2749 785 2816 Περιέσχον
817 2759 892 2814 με
911 2741 1121 2808 ὠδῖνες
1147 2743 1430 2796 θανάτου.
1476 2740 1600 2794 Ἑπὶ
1621 2739 1728 2791 τῶν
1755 2737 1965 2808 ἀνδρῶν

375 2841 579 2904 ὠδῖνας
605 2840 837 2908 νοοῦμεν
867 2837 995 2898 τοὺς
1025 2837 1089 2888 ἐκ
1114 2832 1348 2902 θλίψεων
1365 2833 1583 2898 πόνους,
1600 2831 1854 2901 καθάπερ
1869 2830 1964 2883 καὶ

371 2934 471 2987 ἐπὶ
513 2932 623 2986 τῶν
653 2928 928 2998 γυναικῶν
972 2929 1026 2981 αί
1063 2926 1251 2990 ὠδίνὲς
1300 2926 1467 2988 εἰσιν,
1508 2922 1957 2994 ἀποθλιὸομένων

371 3026 485 3081 τῶν
519 3025 724 3094 πόρων,
758 3021 847 3076 διὰ
889 3021 991 3090 τὴν
1028 3019 1422 3090 στενοχωρίαν·
1454 3017 1573 3071 ἀλλ’
1621 3017 1708 3070 ἐπ’
1735 3016 1960 3070 ἐκείνων

2133 2739 2298 2795 Vens.
2331 2741 2384 2793 5.
2411 2740 2880 2796 Circumdederunt
2907 2757 2986 2794 me
3015 2740 3226 2796 dolores
3259 2741 3464 2793 mortis.
3490 2739 3644 2806 Quod

2066 2831 2260 2887 Latine
2292 2834 2500 2886 dolores
2537 2834 2788 2903 legimus,
2825 2833 2880 2886 in
2908 2831 3098 2888 Graeco
3143 2833 3332 2894 ὠδῖνες
3360 2833 3594 2884 habetur
3631 2849 3644 2884 :

2066 2940 2187 2992 quae
2216 2925 2381 2978 dictio
2415 2925 2635 2994 proprie
2675 2925 3029 2994 parturientis
3063 2924 3288 2978 dolores
3345 2923 3642 2990 signiﬁcat.

2067 3015 2387 3087 Hujusmodi
2413 3017 2598 3086 itaque
2658 3019 2873 3072 dolores
2931 3017 2984 3070 in
3037 3015 3363 3070 hominibus
3413 3014 3645 3079 intelligi

375 3118 503 3190 μὲν,
533 3116 720 3176 ὠδῖνες
751 3115 817 3168 ἂν
849 3113 1065 3184 ῥηθείεν
1099 3111 1266 3182 ζωῆς,
1295 3112 1372 3174 εἰς
1405 3109 1518 3179 φῶς
1553 3109 1700 3178 ζωῆς
1729 3109 1964 3177 ἄγουσαι

2065 3115 2289 3174 possunt
2326 3107 2542 3160 labores
2576 3115 2632 3160 et
2666 3106 2960 3168 molestiae,
2986 3120 3108 3175 quae
3163 3105 3230 3158 de
3259 3102 3648 3158 afﬂictionibus

371 3208 437 3260 τὸ
458 3207 756 3277 ἐχόμενον·
795 3203 888 3256 ἐπὶ
916 3201 1121 3256 τούτων
1145 3203 1240 3266 δὲ,
1287 3199 1616 3262 τούναντίον,
1650 3199 1837 3262 ὠδῖνες
1869 3197 1962 3252 θα-

2065 3206 2228 3266 atque
2273 3197 2547 3267 angustiis
2599 3199 2967 3266 proveniunt,
3016 3197 3084 3251 ad
3137 3195 3390 3250 dolorum
3425 3195 3644 3248 illorum

373 3302 563 3362 νάτου,
583 3300 661 3364 ὠς
679 3300 758 3362 είς
783 3299 973 3362 σκότος
995 3298 1224 3351 Θανάτου
1256 3297 1520 3365 φέρουσαι
1548 3293 1639 3347 τὸν
1670 3292 1964 3363 συνεχόμε-

2065 3289 2476 3344 similitudinem
2509 3291 2600 3359 qui
2635 3290 2688 3343 in
2724 3290 3012 3343 mulierum
3050 3285 3533 3357 parturitionibus,
3569 3284 3643 3338 oh

370 3410 486 3448 νον.
520 3392 781 3447 Βούλεται
805 3391 988 3444 τοίνυν
1019 3391 1214 3453 εἰπεῖν,
1265 3389 1346 3442 ὅτι
1374 3383 1713 3456 Ξυνεσχέθην
1756 3383 1964 3454 ἀφορή-

2066 3382 2375 3453 angustiam
2415 3392 2469 3436 et
2505 3383 2972 3450 compressionem
3030 3387 3308 3434 meatuum
3335 3416 3350 3440 ,
3378 3376 3649 3430 molestis-

373 3504 493 3550 τοις
547 3485 781 3550 ὀδύναις.
815 3483 914 3538 Διὰ
948 3482 1055 3550 γὰρ
1097 3481 1206 3534 τῶν
1258 3475 1464 3532 ὠδίνων
1512 3476 1610 3550 τὴν
1657 3474 1964 3546 δριμύτητα

2065 3474 2189 3530 simi
2243 3473 2518 3529 oriuntur.
2574 3472 2776 3528 Verum
2831 3473 2884 3527 in
2945 3472 3214 3536 muliere,
3263 3467 3486 3523 dolores
3521 3467 3647 3521 vitae

373 3578 590 3632 τούτων
624 3579 1001 3647 παρέστησεν.
1649 3600 1655 3604 -

2086 3568 2266 3638 potius
2312 3582 2474 3636 quam
2507 3568 2701 3622 mortis
2753 3565 2970 3620 dicendi
3023 3571 3186 3626 sunt,
3220 3578 3344 3618 cum
3379 3561 3444 3615 ad
3481 3559 3647 3628 hujus

375 3676 504 3728 vitae
533 3673 709 3728 lucem
737 3674 1010 3728 hominem
1036 3673 1361 3743 producant.
1389 3669 1486 3726 llic
1510 3683 1639 3725 vero
1669 3666 1956 3721 diversum
1989 3664 2212 3720 omnino
2245 3665 2484 3729 accidit;
2534 3665 2754 3720 dolores
2780 3665 2926 3718 enim
2960 3661 3155 3716 mortis
3219 3659 3479 3714 dicuntur
3503 3697 3518 3720 ,
3581 3666 3649 3710 e0

380 3768 529 3839 quod
559 3769 624 3822 ad
655 3771 849 3824 mortis
900 3769 1157 3823 tenebras
1220 3767 1514 3829 deducant,
1586 3778 1746 3835 quem
1820 3759 2358 3831 comprehenderint.
2429 3759 2570 3812 Dicit
2611 3758 2796 3827 itaque
2846 3753 3204 3810 intolerandis
3257 3765 3318 3807 se
3368 3749 3645 3803 detentum

379 3862 556 3917 fuisse
576 3861 864 3917 doloribus
911 3878 925 3916 :
955 3861 1048 3915 illa
1074 3860 1217 3916 enim
1246 3856 1506 3923 dictione,
1545 3870 1706 3928 quam
1735 3854 1789 3908 in
1812 3852 2004 3909 Graeco
2041 3850 2231 3908 haberi
2302 3851 2592 3909 retulimus
2615 3891 2630 3917 ,
2685 3849 2978 3904 maximam
3025 3845 3276 3901 dolorum
3326 3843 3647 3913 gravitatem

374 3953 678 4026 expressit.

448 4074 564 4130 Kal
586 4073 894 4142 χειμαρῤοι
923 4069 1174 4139 ἀνθμῖας
1191 4065 1564 4138 ἐξετάραξὰν
1584 4083 1681 4136 με.
1718 4062 1966 4134 Χειμάρ-

379 4169 514 4238 eo»;
553 4165 788 4235 ἀνομίας
814 4165 975 4217 καλεῖ
1002 4164 1102 4226 τὰς
1129 4163 1238 4217 τῶν
1261 4163 1478 4232 ἀνόμων
1498 4161 1668 4214 ἐθνῶν
1698 4156 1965 4228 προσκαί-

382 4276 512 4329 ρους
551 4257 650 4311 καὶ
678 4257 978 4325 αἰφνιδίους
1005 4255 1099 4309 καὶ
1130 4254 1393 4325 ῥαγδαίας
1421 4251 1746 4322 προσϐολάς.
1771 4247 1960 4303 Τοιοῦ-

379 4361 458 4401 τοι
487 4347 602 4414 γὰρ
639 4347 688 4398 οἱ
722 4343 1037 4414 χείμαρῤοι,
1091 4343 1360 4414 χειμῶνος
1419 4342 1637 4413 ῥέονται
1698 4340 1964 4408 αἰφνίδιον

377 4440 475 4491 καὶ
513 4431 789 4506 ραγδαίως
813 4450 829 4466 ο
861 4431 1258 4504 ἐπονηρεύοντο
1309 4431 1418 4502 γὰρ
1477 4431 1831 4499 φθονοῦντες,
1867 4428 1964 4482 καὶ

377 4529 596 4584 ἀνελεῖν
620 4520 912 4597 ζητοῦντες
948 4522 1135 4579 αὐτόν.
1191 4506 1480 4595 Προσφυὲς
1516 4523 1574 4576 δὲ
1607 4523 1688 4588 τὸ,
1733 4521 1965 4585 Ἐξετά-

373 4620 610 4688 pains"
654 4617 903 4671 κλονοῦσι
933 4617 1043 4689 γὰρ
1085 4615 1180 4670 καὶ
1230 4614 1537 4670 ὲλίσσουσιν
1576 4615 1626 4668 οἱ
1672 4613 1964 4684 χείμαρῤοι

2139 4055 2204 4111 Et
2233 4062 2489 4110 torrentes
2541 4051 2840 4120 iniquitatis
2895 4047 3342 4104 conturbauerunt
3386 4060 3488 4097 me.
3538 4041 3645 4095 Per

2061 4156 2333 4204 torrentes
2372 4145 2719 4216 iniquitatis,
2767 4142 3008 4204 subitas,
3071 4136 3434 4206 temporarias
3484 4141 3651 4204 atque

2061 4240 2404 4310 impetuosas
2428 4235 2720 4305 impiarum
2738 4233 2978 4302 gentium
2998 4227 3341 4283 incursiones
3360 4224 3646 4292 intelligit:

2060 4331 2436 4404 hujuscemodi
2467 4329 2617 4384 enim
2652 4335 2861 4381 natura:
2911 4329 3184 4377 torrentes
3242 4326 3370 4371 sunt
3397 4357 3411 4379 ,
3455 4315 3549 4384 qui
3587 4315 3641 4367 in

2064 4403 2240 4481 hieme
2270 4423 2464 4485 ﬂuunt,
2501 4421 2792 4488 statimque
2829 4430 2894 4470 ac
2954 4429 3078 4469 cum
3141 4411 3364 4479 impetu.
3413 4403 3646 4475 Maligne

2062 4520 2207 4573 enim
2260 4515 2334 4570 illi
2375 4519 2430 4569 e2
2464 4512 2651 4580 iniquo
2685 4509 2870 4564 animo
2905 4505 3137 4575 agebant
3162 4511 3470 4570 quaerentes
3519 4512 3643 4550 eum

2061 4608 2402 4664 interimere.
2429 4599 2893 4658 Commodissime
2922 4595 3088 4651 etiam
3122 4590 3376 4662 appOsuit
3419 4589 3645 4641 verbum

380 4712 451 4766 τά
471 4711 904 4782 περιπίπτοντα.
939 4709 1050 4764 Καὶ
1080 4709 1242 4772 αὐτὸς
1274 4704 1366 4762 οὖν
1399 4707 1586 4760 κλόνον
1625 4707 1719 4759 χαὶ
1752 4703 1963 4772 ἴλιγγον

2067 4699 2528 4757 conturbauerunt.
2588 4693 2894 4749 Devolvunt
2939 4688 3086 4742 enim
3120 4692 3393 4738 torrentes
3431 4697 3493 4734 ac
3527 4696 3651 4748 pcr-

2170 4795 2178 4796 ί
2461 4787 2473 4796 ·
2541 4788 2552 4796 -
2998 4779 3009 4791 -
3036 4795 3042 4796 γ
3070 4778 3103 4796 -ε
3129 4777 3291 4796 n__:_.
3378 4773 3453 4796 ιε.
3488 4773 3651 4796 :..:.....

379 4807 498 4866 τοίς
527 4803 811 4872 λογισμοῖς
837 4802 1078 4872 ἔπασχεν
1103 4799 1207 4854 ὑπὸ
1249 4799 1344 4854 τοῦ
1379 4799 1649 4868 αίφνιδίου
1686 4797 1794 4852 τῶν
1841 4796 1966 4848 ἀδο-

382 4897 594 4968 κήτων.

467 5159 698 5226 Ὦδῖνες
729 5159 880 5226 ᾅδου
920 5155 1417 5226 περιεκύκλωσὰν
1438 5172 1534 5225 με.
1567 5154 1732 5208 Τουτὶ
1763 5153 1823 5207 τὸ
1864 5155 1965 5224 ρη-

380 5254 476 5308 τὸν
511 5251 706 5306 ταύτὸν
728 5250 950 5304 δύναται
977 5249 1073 5319 τῷ,
1107 5248 1439 5316 Περιέσχον
1455 5264 1530 5316 με
1555 5247 1765 5310 ὠδῖνες
1788 5244 1969 5299 θεινὰ-

381 5362 494 5402 του
512 5361 527 5374 ⁸
565 5347 626 5398 τό
653 5361 714 5398 τε
738 5345 848 5414 γὰρ
879 5344 1507 5411 περιεκύκλωσαν,κα’ξ
1529 5341 1591 5392 τὸ
1620 5338 1966 5405 περιέσχον,

383 5443 864 5513 ταυτοσήμαντονσ
897 5439 993 5489 καὶ
1023 5437 1178 5507 ᾅδης,
1206 5439 1300 5489 καὶ
1337 5435 1585 5496 θάνατος.
1633 5431 1969 5500 ἀλληλούμε-

385 5554 452 5590 να
471 5554 485 5566 ·
513 5536 642 5608 ᾅδην
667 5535 778 5604 γὰρ
808 5528 1017 5597 ἔλεγον,
1040 5530 1179 5598 ἀηδῆ
1225 5527 1415 5590 τόπον,
1443 5526 1547 5581 ὑπὸ
1591 5527 1696 5594 γῆν
1731 5525 1839 5578 τῶν
1870 5523 1970 5574 θα-

383 5630 595 5686 νόντων.
635 5627 804 5682 Ἐπεὶ
832 5621 1012 5677 τοίνυν
1044 5621 1231 5683 ὠδῖνες
1273 5617 1584 5690 γεννήσεώς
1620 5620 1753 5681 εἰσι,
1784 5633 1970 5685 περιε-

375 5723 662 5779 κύκλωσάν
712 5733 814 5787 με,
862 5707 1054 5782 φησὶν,
1110 5711 1332 5778 ὠδῖνες,
1387 5710 1654 5778 γεννῶσαι
1713 5708 1966 5772 θάνατον,

364 5817 648 5894 ύπηρέτην
677 5809 852 5884 ᾅδου.
907 5803 964 5858 Ὀ
996 5803 1092 5875 μὲν
1139 5803 1247 5874 γὰρ
1303 5802 1525 5873 χωρίζει
1563 5801 1661 5872 τὴν
1697 5799 1905 5870 ψυχήν·
1941 5799 1970 5851 ὁ

2074 4795 2298 4847 turbant
2329 4787 2511 4844 omnia
2540 4788 2592 4840 in
2625 4796 2968 4854 quascunque
2998 4777 3318 4833 inciderint.
3366 4773 3457 4828 Ait
3488 4773 3653 4840 igitur

2069 4883 2342 4952 Propheta
2369 4894 2428 4933 se
2459 4878 2625 4934 etiam
2657 4875 3094 4942 circumquaque
3119 4869 3423 4924 volutatum
3455 4864 3650 4924 fuisse,

2066 4986 2121 5032 et
2147 4971 2462 5043 vertiginem
2493 4967 2649 5039 quasi
2683 4979 2904 5036 passum
2943 4964 3014 5016 ob
3042 4971 3150 5014 tam
3175 4959 3521 5028 repentinum
3548 4970 3650 5007 no-

2065 5079 2254 5122 varqu
2279 5075 2441 5130 atque
2467 5062 2866 5127 insperatarutn
2904 5069 3086 5109 rerum
3118 5063 3350 5105 motum.

2135 5155 2303 5212 Vens.
2343 5153 2398 5208 6.
2436 5153 2654 5206 Dolores
2685 5149 2885 5219 inferni
2921 5143 3382 5200 circumdederunt
3413 5156 3516 5194 me.
3547 5137 3647 5190 llic

2067 5246 2370 5301 versiculus
2397 5245 2538 5296 idem
2565 5239 2858 5310 signiﬁcat,
2892 5237 3035 5307 quod
3063 5234 3317 5303 superior
3349 5231 3440 5284 ille
3468 5247 3482 5285 :
3517 5227 3640 5281 Cir-

2066 5337 2440 5395 cumdederunt
2466 5352 2545 5390 me
2571 5333 2779 5386 dolores
2809 5331 3016 5394 mortis,
3047 5343 3143 5382 seu
3176 5326 3260 5394 (ut
3312 5322 3498 5377 verius
3534 5319 3646 5373 illic

2071 5433 2231 5487 habet
2264 5431 2450 5485 Grieca
2484 5425 2678 5496 lectio)
2710 5424 3083 5479 continuerunt
3137 5433 3238 5472 me.
3287 5409 3646 5469 Circumdare

2066 5524 2207 5578 enim
2239 5531 2292 5576 et
2325 5520 2606 5576 continere
2632 5531 2696 5571 ac
2759 5512 3048 5583 complecti
3097 5511 3242 5566 idem
3293 5505 3632 5577 signiﬁcant.

2073 5617 2338 5672 Similiter
2405 5620 2458 5666 et
2515 5623 2664 5664 mors
2714 5616 2770 5662 et
2817 5606 3088 5660 infernus.
3150 5602 3406 5657 infernus
3458 5605 3642 5651 autem

2076 5707 2267 5781 [juxta
2320 5703 2493 5758 Graeci
2540 5697 2776 5754 nominis
2819 5694 3246 5767 etymologiaml
3286 5695 3563 5748 insuavem
3591 5695 3648 5739 ct

2077 5778 2431 5869 iniucundum
2467 5789 2738 5862 signiﬁcat
2767 5798 3106 5845 mortuorum
3138 5787 3318 5844 locum
3350 5823 3368 5854 ,
3411 5781 3503 5856 qui
3543 5778 3645 5834 sub
