4116 6438
516 404 624 460 ex:
1724 399 2110 474 EUTnYMIt

2230 399 2518 458 GABENI
3678 392 3789 452 ἓέΞιὶ

518 518 662 561 terra
709 514 814 562 est.
841 504 978 572 Quia
1010 505 1196 573 igitur,
1227 513 1283 558 ut
1317 505 1576 570 dixrmus,
1612 507 1863 561 accidere
1916 508 2097 561 Solent

2224 509 2259 560 ἰὲ
2319 507 2540 576 κατέχει
2615 507 3085 576 παραλαμϐάνων.
3141 509 3212 561 ’Ἡ
3267 508 3361 560 καὶ
3410 507 3594 567 ὠδῖνες
3633 505 3791 573 ᾅδου,

517 601 738 654 dolores
773 600 826 653 in
863 609 1018 668 partu
1050 604 1214 664 atque
1246 598 1302 652 in
1341 598 1679 667 generando,
1705 597 2092 651 (Zireumdede-

2224 599 2360 651 τόνοι
2397 600 2533 668 πρὸς
2567 599 2702 670 ᾅδην
2741 600 2999 666 ἄγοντες*
3031 597 3066 670 ἢ
3100 599 3338 653 διάκονοι
3363 599 3510 670 ᾅδου,

521 706 648 749 runt
704 711 788 751 me
816 736 832 760 ,
887 696 1083 765 inquit,
1140 694 1359 750 dolores
1397 696 1490 764 qui
1528 707 1754 748 mortem
1789 703 2074 760 generant,
2119 707 2370 762 mortem,
2414 698 2660 766 inquam,
2695 698 2892 752 inferni
2921 699 3253 752 ministram.
3283 697 3426 751 Mors
3453 699 3598 752 enim
3666 695 3796 748 ani-

520 805 663 842 mam
691 788 879 843 dividit
914 805 941 839 a
976 801 1254 854 corpore:
1309 789 1454 841 Unde
1505 787 1755 841 infernus
1805 803 2094 841 assumens
2170 805 2290 842 eam
2361 792 2628 845 continet.
2683 788 2778 845 V'el
2831 791 3050 846 dolores
3103 789 3303 846 inferni
3356 805 3452 845 cos
3507 791 3794 860 intelligo,

519 883 613 948 qui
654 877 708 932 in
740 877 1016 932 infernum
1045 879 1370 935 deducunt:
1407 880 1488 934 vel
1522 881 1614 947 qui
1678 879 1917 933 ministri
1967 889 2099 934 sunt
2140 880 2364 935 inferni.

592 976 1094 1042 Prwoccupaverunt
1123 993 1204 1028 ore
1241 976 1411 1042 laquei
1448 975 1653 1028 mortis.
1709 974 2101 1029 Praevertor-unt

519 1082 627 1132 me,
662 1068 858 1136 inquit,
900 1067 1136 1130 insidiae,
1166 1081 1287 1136 quae
1326 1076 1559 1123 mortem
1597 1075 1920 1134 operantur.
1970 1064 2102 1118 Nam

517 1160 664 1227 quod
693 1159 1049 1214 venatoribus
1084 1158 1261 1228 laquei
1294 1159 1560 1213 adversus
1593 1159 1736 1212 feras
1776 1166 2101 1227 operantur,

519 1249 624 1303 hoc
659 1249 872 1304 insidiae
911 1251 1164 1305 hostibus
1191 1256 1384 1305 contra
1419 1252 1610 1305 hostes
1645 1258 1926 1320 praestant.

590 1339 757 1395 Vsus.
775 1341 826 1394 7.
851 1341 918 1394 Et
945 1343 1000 1396 in
1026 1342 1368 1399 tribulatione
1390 1360 1504 1397 mea
1529 1343 1766 1398 invocavi
1793 1344 2103 1398 Dominum.

519 1436 580 1489 In
609 1435 874 1488 auxilium
912 1435 1149 1490 scilicet.

592 1522 662 1576 Et
694 1524 764 1575 ad
799 1523 961 1576 Deum
996 1541 1167 1578 meum
1191 1525 1440 1581 clamavi.
1478 1526 1536 1580 In
1593 1526 1863 1597 angustiis
1893 1524 2104 1579 consti-

522 1624 674 1670 tutus
707 1630 892 1669 vocem
924 1616 990 1669 ad
1028 1615 1196 1670 Delum
1229 1634 1410 1672 meum
1463 1619 1634 1674 levavi
1666 1619 1932 1674 clamans.

591 1707 807 1760 Audiuit
831 1709 895 1761 de
924 1708 1112 1775 templo
1141 1721 1326 1764 εαηειο
1351 1728 1448 1766 suo
1488 1728 1665 1767 vocem
1692 1729 1891 1766 meam.
1946 1706 2110 1766 Tem-

2281 978 2676 1048 ΙΙροέρθασάν
2690 997 2766 1048 με
2789 980 3035 1048 παγίδος
3060 979 3341 1033 θανάτου.
3371 979 3799 1047 Προκατέὶαϐὁν

2212 1088 2279 1141 με
2312 1073 2478 1143 λόχοι,
2513 1073 2742 1126 θάνατον
2795 1069 3155 1142 ἐργαζόμενοι
3177 1090 3190 1102 ·
3225 1073 3253 1124 ὃ
3298 1073 3407 1140 γὰρ
3439 1072 3552 1133 τοῖς
3585 1073 3796 1143 θηρευ-

2206 1166 2325 1228 cal;
2359 1165 2416 1217 al
2445 1165 2692 1231 παγίδες,
2715 1165 2876 1218 τοῦτο
2903 1167 3018 1229 τοῖς
3050 1163 3330 1234 πολεμίοις
3360 1166 3409 1216 οί
3436 1163 3604 1234 λόχοι.

2242 1323 2385 1399 ’Kal
2422 1344 2493 1396 ἐν
2539 1343 2619 1408 τῷ
2666 1343 2978 1398 θλίϐεσθαι
3027 1361 3102 1412 με
3163 1343 3630 1412 ἑπεκαλεσᾰμην
3685 1341 3805 1395 τὸν

2209 1436 2446 1503 Κύριον.
2475 1436 2568 1494 El;
2592 1435 2901 1501 ἀντίληψιν.

2279 1529 2388 1582 Kal
2431 1531 2582 1596 πρὸς
2610 1531 2714 1582 τὸν
2753 1531 2900 1582 Θεόν
2926 1549 3044 1598 μου
3077 1531 3393 1599 ἐκέκραξα.
3429 1531 3662 1600 ’Ύψωσα
3695 1532 3804 1602 τὴν

2208 1621 2394 1689 φωνήν
2432 1638 2535 1687 μου
2567 1621 2648 1674 ἔτι
2679 1623 3152 1692 ἀναγκαζόμενος.

2284 1714 2590 1768 Ἤκουσεν
2636 1713 2704 1767 ἐκ
2753 1713 2904 1768 ναοῦ
2947 1715 3120 1784 ἁγίου
3169 1716 3359 1771 αὐτοῦ
3403 1714 3614 1785 φωνῆς
3647 1734 3800 1784 μου.

522 1799 668 1865 plum
689 1811 942 1854 sanctum
974 1803 1173 1856 coelum
1205 1811 1310 1866 est,
1345 1814 1402 1857 ut
1431 1805 1686 1873 superius
1714 1804 1980 1868 diximus,
2005 1812 2102 1857 aut

2224 1801 2359 1858 .‘iatbv
2406 1805 2582 1872 ἆγιον,
2623 1807 2716 1858 τὸν
2781 1806 3013 1876 οὐρανὸν
3072 1807 3439 1877 ὑποληπτέον,
3477 1807 3551 1871 ὡς
3584 1808 3801 1874 προλα-

523 1892 821 1946 testiutonii
855 1895 1290 1949 tabernaculum.
1323 1894 1608 1965 Templum
1642 1897 1788 1952 enim
1840 1898 1893 1951 in
1953 1894 2112 1951 Jeru-

535 1983 702 2038 salem
733 1984 943 2038 nnllum
985 1985 1168 2039 adhuc
1205 1994 1366 2052 erat,
1400 1987 1496 2042 sed
1543 2004 1573 2041 a
1619 1987 1911 2043 Salomone
1964 1997 2114 2055 post-

525 2078 748 2134 modum
807 2093 1190 2136 constructum
1251 2095 1358 2137 est.
1412 2084 1649 2139 Audisse
1707 2095 1888 2139 autem
1946 2085 2111 2139 Deum

525 2173 787 2242 intellige,
831 2189 938 2227 non
989 2174 1230 2227 hmnano
1291 2189 1466 2240 more,
1527 2178 1620 2232 sed
1655 2177 1913 2231 decenter
1949 2177 2058 2230 lico
2097 2195 2112 2230 :

527 2264 747 2319 tametsi
775 2278 899 2325 nos,
928 2265 1022 2334 qui
1057 2265 1149 2320 Dei
1183 2266 1329 2320 vires
1363 2281 1427 2320 ac
1459 2269 1753 2337 potentias,
1787 2268 1989 2336 quibus
2023 2277 2110 2320 to-

525 2365 641 2410 tum
698 2355 942 2408 continet
987 2355 1174 2410 orbem
1202 2398 1215 2418 ,
1267 2372 1366 2412 nec
1421 2360 1886 2428 comprehemlere
1929 2359 2113 2410 animo

529 2460 821 2514 possumus
849 2485 864 2506 ,
899 2461 998 2499 nec
1049 2447 1234 2514 lingua
1265 2450 1597 2516 eaprimere,
1669 2449 1736 2503 ad
1768 2450 2111 2503 sensibilium

528 2557 712 2596 rerum
742 2542 1132 2596 similitudines
1161 2558 1255 2595 eas
1307 2542 1632 2598 deducimus
1658 2585 1673 2608 ,
1724 2559 1820 2613 per
1863 2559 2000 2612 quas
2050 2556 2114 2596 ea

529 2649 650 2701 qua:
679 2648 805 2687 vere
842 2641 974 2687 sunt
1003 2634 1544 2702 comprehendimus.

605 2724 672 2778 Et
702 2727 907 2780 clamor
938 2742 1080 2779 meus
1127 2727 1180 2779 in
1207 2737 1490 2793 conspectu
1519 2727 1653 2796 ejus.
1705 2726 1926 2780 Clamor
1958 2741 2112 2779 meus

530 2831 748 2886 semper
775 2817 828 2870 in
872 2825 1170 2885 conspectu
1214 2816 1336 2886 ejus
1367 2827 1449 2873 cst
1501 2837 1514 2872 :
1561 2820 1689 2888 quia
1745 2821 1796 2873 in
1844 2821 2114 2890 angustiis

530 2910 865 2964 constitutus
894 2910 960 2963 ad
992 2909 1169 2976 ipsum
1213 2909 1393 2964 solum
1435 2911 1635 2964 clamo.

607 3001 852 3056 Introibit
882 3004 1111 3056 inaures
1142 3003 1278 3071 ejus.
1323 3004 1379 3056 lu
1426 3012 1669 3072 tempore
1695 3004 1859 3058 etiam
1909 3020 2113 3073 Oppor-

2214 1897 2403 1959 6ὁντες
2433 1897 2759 1966 εἰρήκαμεν,
2789 1898 2821 1967 ἦ
2856 1895 2955 1965 τὴν
2997 1895 3094 1948 τοῦ
3124 1897 3428 1967 μαρτυρίου
3466 1897 3686 1965 σκηνήν.
3738 1897 3807 1950 ’0

2215 1989 2322 2057 γὰρ
2365 1987 2538 2056 μέγας
2575 1989 2632 2038 ἐν
2693 1985 3091 2054 Ἱεροσολύμοις
3151 1986 3278 2049 ναὸς
3334 1987 3560 2055 ὓστερον
3589 1987 3805 2057 ᾠκοδο-

2220 2078 2364 2149 μήθη
2399 2078 2549 2147 παρᾶ
2573 2079 2937 2148 Σολομῶντος.
2969 2080 3239 2132 Ἤκουσεν
3263 2079 3342 2140 δὲ,
3374 2079 3475 2132 οὐκ
3495 2081 3802 2147 αἰσθητῶς,

2214 2170 2353 2222 ἀλλὰ
2383 2169 2727 2235 θεοπρεπῶς.
2761 2169 2872 2232 Τὰς
2915 2169 3024 2239 γὰρ
3079 2169 3401 2232 συνεκτικὰς
3453 2170 3544 2222 τοῦ
3593 2170 3807 2230 παντὸς

2215 2267 2474 2336 δυνάμεις
2496 2264 2888 2328 ἀδυνατοῦντες
2915 2265 3120 2332 γνῶναι
3150 2264 3244 2317 καὶ
3272 2265 3468 2320 εἰπεῖν.
3491 2266 3569 2327 είς
3604 2265 3772 2332 αξσθή
3793 2294 3812 2303 —

2219 2376 2358 2410 σεων
2390 2357 2607 2418 εἰκόνας
2654 2357 2858 2418 ταύτας
2909 2354 3380 2426 καταμερίζομεν,
3433 2355 3500 2406 δι’
3533 2350 3607 2408 ὧν
3637 2356 3809 2426 ἡμεῖς

2219 2450 2734 2520 ἀντιλαμϐανόμεθα
2762 2450 2870 2502 τῶν
2897 2450 3090 2505 ὄντων.

2290 2716 2398 2771 Καὶ
2431 2717 2468 2785 ῆ
2503 2717 2731 2784 κραυγή
2763 2734 2880 2784 μου
2919 2716 3176 2770 ἐνώπιον
3223 2717 3430 2771 αὐτοῦ.
3467 2717 3564 2768 Διὰ
3599 2717 3804 2778 παντὸς

2220 2811 2252 2877 ἡ
2279 2811 2494 2878 κραυγή
2529 2827 2630 2877 μου
2662 2805 2892 2861 ἐνώπιον
2917 2808 3082 2863 αὑτοῦ
3106 2809 3247 2874 ἐστι,
3281 2809 3416 2879 πρὸς
3441 2809 3603 2862 αὐτὸν
3638 2810 3808 2876 μόνον

2220 2903 2515 2972 κράζοντος
2556 2904 2615 2954 ὲν
2652 2902 2940 2969 ἀνάγκαις.

2293 2996 2718 3050 Εἰσελεύσετίιι
2753 2997 2840 3060 εἰς
2869 2995 2943 3048 τὰ
2981 2989 3101 3049 ὦτα
3151 2995 3356 3049 αὑτοῦ.
3393 2995 3502 3049 Καὶ
3532 2997 3589 3048 ὲν
3618 2997 3768 3064 καιρὲ

3776 3016 3809 3047 ι.)

528 3106 665 3152 Iuno
687 3095 942 3150 exaudiet
971 3111 1076 3147 me.
1106 3093 1202 3148 His
1235 3105 1416 3150 autem
1450 3096 1631 3149 verbis
1684 3096 1760 3148 uti
1794 3106 1848 3150 ct
1886 3113 1987 3151 nos
2015 3112 2105 3152 so-

2224 3090 2601 3143 εἰσακούσεταί
2629 3107 2754 3158 μου.
2783 3088 3006 3153 Τούτοις
3035 3091 3090 3143 δὲ
3125 3091 3237 3152 τοῖς
3273 3089 3482 3159 ῥήμασι
3519 3092 3614 3144 καὶ
3636 3093 3810 3158 ἡμεῖς

534 3186 706 3241 lemus
739 3200 864 3239 cum
892 3186 1096 3254 gratias
1126 3187 1360 3253 agimus,
1389 3195 1444 3241 et
1470 3202 1598 3242 cum
1631 3186 1942 3242 daemonum
1973 3188 2118 3257 pari-

530 3287 616 3335 ter
657 3279 1045 3334 insnltationcs
1083 3293 1396 3333 narramus.

602 3370 768 3426 Vens.
785 3371 836 3426 8.
855 3369 1128 3427 Commota
1147 3380 1220 3424 est
1243 3381 1291 3424 et
1313 3373 1627 3425 contremuit
1649 3382 1810 3428 terra.
1832 3373 1990 3428 Nunc
2008 3381 2121 3428 Ira-

532 3466 664 3520 dere
697 3465 890 3534 incipit
917 3464 1257 3534 prophetiam
1285 3464 1354 3519 de
1383 3463 1626 3526 Christo,
1665 3474 1719 3519 et
1771 3465 1951 3520 futura
1989 3481 2118 3520 nar-

537 3563 622 3609 rat
652 3563 914 3624 tanquam
959 3558 1234 3625 praeterita
1292 3555 1680 3625 pr0phctarum
1732 3573 1905 3612 more.
1954 3558 2119 3614 Beato

533 3648 680 3704 enim
737 3649 904 3702 David
957 3650 1096 3703 nihil
1160 3649 1339 3704 simile
1389 3650 1620 3719 legimus
1685 3654 2023 3722 contigisse;
2066 3660 2122 3708 et.

535 3744 683 3812 quod
727 3743 870 3796 LXX
897 3745 1227 3811 interpretes
1261 3745 1513 3799 dixerunt
1551 3762 1564 3798 ι
1601 3744 1877 3801 Commota
1903 3758 2122 3812 est,5cu

537 3833 742 3902 pOtius,
766 3835 1042 3902 ﬂuctuavit
1070 3845 1117 3887 ct
1154 3837 1484 3889 contremuit
1515 3846 1656 3890 terra
1691 3853 1708 3890 :
1743 3840 1935 3906 Aquila
1959 3841 2115 3907 dixit,

536 3921 685 3976 Mota
727 3933 805 3977 est
837 3934 884 3976 et
926 3942 1205 3978 concussa.
1234 3925 1338 3978 Per
1403 3935 1605 3979 terram
1647 3937 1826 3982 autem
1872 3930 2118 3986 homines

538 4016 592 4070 iu
630 4031 694 4070 ea
746 4018 1062 4072 habitantes
1115 4019 1378 4088 intelligo.
1436 4018 1674 4076 Detentc
1719 4024 1864 4076 enim
1899 4024 2117 4078 Christo

535 4109 709 4165 Jndzei
743 4123 796 4166 et
827 4122 1019 4183 gentes
1053 4115 1350 4182 perturbati
1386 4128 1506 4169 sunt
1545 4127 1769 4186 propter
1800 4119 2116 4188 opinionem

535 4214 590 4257 ct
630 4203 826 4257 famam
853 4221 975 4273 quae
1017 4206 1084 4258 de
1131 4221 1196 4260 co
1224 4207 1592 4261 increbnerat.
1621 4208 1979 4265 Fluctttarunt
2013 4213 2120 4279 igi-

535 4300 646 4356 tur,
681 4292 782 4346 boc
814 4303 918 4355 est,
941 4295 1244 4362 perturbati
1281 4302 1426 4347 sunt.
1455 4294 1751 4349 Fluctuarc
1785 4299 1929 4349 enim
1975 4300 2116 4350 idem

533 4391 621 4438 cst
670 4384 814 4451 quod
863 4386 1169 4453 pertubari.
1209 4384 1274 4437 Et
1317 4387 1641 4449 timtm'unt,
1671 4387 1918 4442 videntes
1953 4390 2116 4442 nimi-

2223 3182 2507 3253 χρώμεθα,
2553 3182 3008 3252 εὐχαριστοῦντες
3039 3183 3177 3253 ἅμα,
3237 3184 3332 3236 καὶ
3378 3183 3476 3246 τὰς
3525 3183 3811 3247 ἐπιθέσεις

2222 3274 2330 3328 τῶν
2361 3275 2632 3343 δαιμόνων
2663 3273 2920 3342 ἐκδιηγού
2930 3292 3103 3344 μενοι.

2292 3365 2402 3419 Kal
2458 3365 2761 3432 ἐσαλεύθη
2815 3366 2914 3418 καὶ
2981 3366 3269 3435 ἔντρομος
3323 3366 3576 3434 ἐγενήθη
3630 3367 3668 3433 ἡ
3699 3369 3803 3434 γῆ.

2225 3457 2299 3510 Τὸ
2355 3457 2607 3510 ἐντεῦθεν
2642 3459 2774 3528 περὶ
2807 3457 3048 3528 Χριστοῦ
3096 3460 3459 3528 προφητεύει,
3514 3459 3642 3528 περὶ
3695 3459 3813 3512 τῶν

2223 3549 2498 3618 ἐσομένων
2535 3549 2610 3611 ὡς
2661 3549 3047 3616 γεγενημένων
3105 3549 3490 3618 διαλεγόμενος
3520 3565 3533 3577 ·
3604 3549 3810 3617 ἰδίωμα

2223 3638 2332 3711 γὰρ
2355 3637 2511 3694 τοῦτο
2537 3639 2922 3712 ’προφητικὸψ
2981 3639 3080 3694 καὶ
3134 3640 3242 3712 γὰρ
3297 3640 3390 3694 ἐπὶ
3445 3639 3608 3694 Δαὸὶδ
3651 3639 3813 3696 οὐδὲν

2225 3734 2509 3806 ἱστόρηται
2573 3753 2624 3787 τι
2679 3735 2921 3787 τοιοῦτον
2983 3733 3304 3804 γενόμενον.
3369 3734 3518 3786 'Avrl.
3579 3735 3632 3787 δὲ
3685 3737 3810 3798 τοῦ,

2222 3826 2562 3892 Ἔσηλεύθη
2596 3828 2692 3878 καὶ
2732 3827 3022 3895 ἔντρομος
3077 3827 3334 3895 ἐγενήθη
3365 3828 3401 3891 ἡ
3427 3827 3527 3894 γῆ,
3561 3831 3587 3880 ὁ
3641 3828 3808 3879 ’Λκύ-

2223 3920 2322 3982 λας
2355 3917 2507 3972 εἶπεν
2529 3937 2542 3949 ·
2587 3919 2865 3985 Ἐκινήθη
2889 3921 2984 3972 καὶ
3018 3920 3348 3985 ἐσαλεύθη.
3385 3919 3459 3988 Γῆ
3499 3919 3555 3970 δὲ
3605 3919 3724 3981 νῦν,
3753 3923 3809 3972 ol

2223 4014 2287 4065 ὲκ
2315 4012 2420 4080 γῆς
2446 4011 2747 4080 ἄνθρωποι,
2773 4012 2822 4063 οἱ
2853 4011 2950 4080 τὴν
2982 4014 3086 4081 γῆν
3114 4011 3392 4074 οἰκοῦντες
3420 4028 3434 4041 ·
3462 4011 3810 4075 διδάσκοντος

2223 4108 2333 4176 γὰρ
2363 4104 2458 4157 τοῦ
2498 4103 2762 4175 Χριστοῦ,
2816 4104 2911 4156 καὶ
2964 4107 3011 4156 οἱ
3079 4105 3346 4174 Ἑϐραῖοι,
3405 4105 3502 4157 καὶ
3550 4104 3617 4157 τὰ
3672 4104 3806 4175 ἔθνη

2222 4198 2601 4268 ἐταράχθησαν
2631 4197 2735 4249 ὑπὸ
2761 4197 2862 4266 τῆς
2892 4197 3019 4266 περὶ
3061 4195 3227 4249 αὑτοῦ
3263 4198 3478 4266 φήμης*
3503 4198 3664 4260 σάλος
3695 4198 3810 4268 γὰρ

2220 4292 2248 4342 ὁ
2270 4292 2509 4360 τάραχος
2535 4306 2546 4320 ·
2581 4291 2674 4342 καὶ
2706 4289 3080 4358 ἐφοϐήθησαν,
3109 4289 3348 4359 ὁρῶντες
3375 4288 3410 4341 ἃ.
3442 4289 3615 4340 ἐποίει
3645 4291 3814 4358 τερά-

2224 4401 2345 4436 στια
2373 4399 2387 4412 ·
2415 4383 2616 4453 τρόμος
2652 4382 2781 4450 γὰρ,
2823 4383 2849 4433 ὁ
2885 4381 3051 4446 φόϐος
3083 4380 3348 4446 ἐνταῦθα,
3375 4382 3461 4434 διὰ
3486 4383 3546 4433 τὸ
3582 4384 3813 4451 τρέμειν

541 4489 658 4526 rnm
698 4475 854 4542 signa
886 4490 950 4526 ac
984 4474 1229 4544 prodigia
1270 4491 1388 4543 qua:
1415 4475 1668 4530 faciebat.
1689 4473 1946 4533 Tremere
1972 4481 2117 4533 enim

2225 4475 2353 4537 τοὺς
2381 4475 2518 4542 ἄγαν
2557 4474 2953 4542 φοϐουμένους.
2987 4476 3098 4526 Καὶ
3124 4475 3302 4537 ἄλλως
3341 4475 3418 4536 δὲ,
3451 4475 3809 4543 ἐκινήθησαν,

540 4565 723 4635 posuit
754 4579 851 4632 pro
887 4565 1098 4626 timere,
1132 4581 1197 4620 eo
1228 4568 1370 4635 quod
1401 4567 1571 4621 timidi
1607 4568 1855 4626 homines
1885 4580 2121 4626 tremore

529 4658 740 4726 -COt‘l'ipi
775 4658 1004 4711 soleant.
1036 4657 1098 4710 Et
1136 4659 1295 4712 aliter
1327 4675 1340 4711 :
1388 4661 1647 4714 commoti
1681 4673 1833 4726 sunt,
1862 4665 1927 4717 ad
1966 4664 2122 4718 Chri—

539 4759 684 4806 stum
707 4751 962 4803 nimirum
985 4751 1322 4807 conﬂuentes
1346 4753 1628 4807 obfamam
1657 4772 1776 4824 quae
1794 4756 1859 4810 de
1885 4773 1949 4810 eo
1981 4765 2120 4822 erat,

540 4847 594 4894 et
637 4839 1033 4893 tumultuantes
1068 4843 1304 4911 propriis”
1346 4843 1604 4898 consiliis
1655 4848 1909 4900 concussi
1943 4856 2091 4900 sunt.

613 4929 982 4985 Fundamenta
1025 4933 1277 4986 montium
1315 4936 1632 4987 conturbata
1663 4947 1786 4990 sunt
1809 4977 1822 4998 ,
1855 4949 2123 4991 commota

540 5033 684 5088 sunt,
721 5026 973 5093 quoniam
1008 5027 1178 5078 iratus
1205 5036 1282 5079 est
1325 5029 1399 5080 eis
1433 5028 1711 5085 Dominus.
1767 5029 1867 5082 Per
1907 5040 2123 5086 montes

542 5114 821 5170 dmmones
854 5115 1094 5185 intellige
1127 5117 1197 5170 ob
1233 5133 1500 5171 summam
1529 5134 1718 5173 eorum
1748 5121 2038 5174 elationem
2065 5137 2127 5175 ac

534 5207 852 5277 superbiam
889 5217 987 5274 ;et
1030 5224 1127 5278 per
1183 5208 1560 5272 fundamenta,
1596 5210 1899 5278 profundas
1937 5229 2125 5266 eorum

541 5298 925 5366 cogitationes.
952 5297 1370 5366 CorISpicicntcs
1401 5303 1545 5353 enim
1587 5302 1864 5356 dmtztones
1901 5302 2128 5370 inexpu-

542 5394 815 5462 gnabilem
882 5393 970 5448 Dei
1023 5395 1344 5461 potentiam,
1409 5397 1642 5464 propriis
1699 5397 2124 5464 cogitationibus

545 5485 1052 5554 confundebantur,
1087 5486 1404 5540 dubitantes
1429 5490 1683 5553 quisnam
1712 5497 1949 5554 esset,et
1969 5505 2127 5557 repu-

549 5583 727 5629 tantes
778 5577 957 5644 qualia
1009 5577 1111 5644 ipsi
1174 5578 1279 5643 pati
1341 5577 1630 5632 deberent.
1685 5576 1902 5630 Illorum
1963 5580 2125 5648 igitur

549 5667 911 5733 cogitationes
970 5668 1050 5722 sic
1105 5671 1436 5737 perturbat-.13
1486 5677 1636 5733 sunt,
1700 5677 1756 5723 et
1813 5671 1914 5738 ipsi
1960 5673 2122 5725 etiam

545 5757 756 5823 pariter
791 5759 859 5811 ab
887 5759 975 5811 illa
1009 5761 1250 5828 potentia
1283 5763 1564 5824 counnoti,
1593 5761 1646 5814 in
1676 5778 1779 5829 qua
1821 5763 1948 5814 dum
1983 5763 2125 5830 vige-

550 5859 672 5900 rent
713 5849 1008 5904 validiores
1037 5863 1193 5905 erant
1222 5869 1281 5904 ac
1314 5852 1593 5907 fortiores.
1640 5853 1769 5921 Hoc
1792 5865 1969 5908 autem
2006 5855 2124 5909 ideo

2228 4569 2554 4639 συρρέοντες
2583 4568 2668 4620 ἐπ’
2695 4568 2855 4620 αὐτὸν
2885 4568 3030 4619 κατὰ
3062 4570 3252 4638 φήμην
3285 4585 3298 4598 ’
3331 4570 3426 4620 καὶ
3454 4568 3808 4637 ἐσείσθησαν,

2224 4663 2343 4724 ταῖς
2369 4660 2580 4714 ἑαυτῶν
2610 4662 2856 4731 γνώμαις
2889 4660 3307 4732 θορυϐηθέντες.

2298 4935 2404 4989 Kal
2432 4934 2505 4988 τὰ
2545 4933 2792 5001 θεμέλια
2833 4929 2950 4984 τῶν
2998 4931 3183 4998 ὀρέων
3238 4932 3664 5000 ἐταράχθησαν·
3708 4935 3807 4984 καὶ

2223 5027 2674 5091 ἐσίιλεύθησαν,
2703 5025 2792 5078 ὅτι
2831 5025 3096 5092 ὠργίσθη
3123 5024 3331 5089 αὐτοῖς
3355 5027 3388 5077 ὀ
3447 5027 3610 5089 Θεός.
3667 5027 3813 5094 Ἤρη

2229 5120 2444 5188 νοήσεις
2466 5119 2593 5181 τοὺς
2618 5118 2904 5186 δαίμονας,
2938 5117 3027 5169 διὰ
3058 5117 3153 5186 τὴν
3184 5117 3438 5187 ἔπαρσιν,
3471 5118 3502 5188 ἢ
3545 5119 3638 5170 καὶ
3673 5117 3813 5169 ἁλα-

2229 5209 2468 5274 ζονείαν.
2510 5210 2750 5276 Θεμέλια
2779 5209 2834 5260 δὲ
2865 5209 3015 5276 λέγει
3048 5211 3176 5271 τοὺς
3201 5208 3386 5279 βαθεῖς
3419 5209 3812 5278 διαλογισμοὺς

2234 5301 2451 5354 αὐτῶν
2495 5300 2733 5371 ὁρῶντες
2763 5302 2872 5368 γὰρ
2919 5300 3017 5369 τὴν
3048 5301 3258 5369 ἄμαχον
3281 5299 3376 5352 τοῦ
3423 5300 3664 5370 Χριστοῦ
3714 5300 3812 5352 δύ-

2235 5411 2420 5463 ναμιν,
2467 5395 2784 5463 συνεχέοντο
2817 5394 2929 5454 τοῖς
2995 5392 3297 5459 λογισμοῖς,
3360 5391 3808 5461 διαπορούμενοι,

2233 5485 2316 5546 τίς
2343 5487 2478 5550 ἐστι,
2521 5486 2612 5536 καὶ
2645 5483 3110 5552 ἀναλογιζόμενοι,
3141 5475 3227 5535 οἷα
3254 5481 3558 5535 πείσονται.
3612 5483 3674 5532 (li
3711 5483 3813 5549 μὲν

2233 5572 2327 5632 οῦν
2361 5577 2611 5646 λογισμοὶ
2637 5577 2816 5628 αὐτῶν
2853 5575 3024 5636 οὕτως
3060 5574 3443 5644 ἐταράχθησαν
3466 5593 3480 5606 ·
3529 5574 3681 5628 αὖτοὶ
3753 5575 3811 5625 δὲ

2237 5667 2627 5736 ἐσαλεύθησαν,
2660 5667 2750 5732 ἀφ’
2776 5659 2842 5732 ἧς
2875 5664 3234 5734 ὲϐεϐἡκςισαν
3291 5664 3574 5728 δυνάμεως
3625 5681 3778 5732 παρα

2237 5761 2569 5830 κινηθέντες.
2611 5758 2781 5810 Τοῦτο
2803 5757 2855 5808 δὲ
2889 5755 3111 5818 ἔπαθον,
3146 5756 3228 5808 ὅτι
3252 5754 3500 5824 ὠργίσθη
3557 5753 3742 5816 αὐτοῖς
3783 5755 3810 5804 ὁ

2238 5850 2392 5912 Θεὸς,
2425 5848 2514 5900 ἐπὶ
2539 5847 2791 5899 τοσοῦτον
2825 5848 3213 5915 τυραννήσασι,
3245 5847 3340 5898 καὶ
3393 5845 3812 5897 καταδουλῶσαι·
