4116 6414
517 388 627 451 2‘37

1761 379 2127 442 EUTHYMI]
2152 374 2518 438 ZIGABENI

3663 369 3773 434 298

512 518 661 557 enun
716 500 774 555 in
838 497 1159 570 Evangelio,
1228 492 1402 566 quod]
1464 491 1643 562 angeli
1701 493 2132 552 ministrabantl

2228 493 2285 544 αὶ
2303 491 2482 543 πάντα
2505 486 2762 560 πληρῶν
2806 487 2922 541 ἀλλ’
2957 486 3100 560 ὑπὲρ
3152 485 3460 557 κατάληψίν
3498 504 3642 554 τινα,
3678 492 3779 543 καὶ⁹

514 598 562 647 ei
603 594 670 647 ³³.
704 592 1037 648 Descensum
1066 600 1247 643 autem
1280 588 1371 640 Dei
1416 601 1525 639 non
1560 585 1898 654 torporalem
1936 584 2091 639 intel-

2199 583 2464 653 ἀῤῥητον.

517 694 646 758 lige.
684 686 1213 755 lncircumscriptus
1253 694 1338 739 est
1372 686 1519 737 enim
1567 680 1733 747 Deus,
1787 688 1843 734 et
1883 679 2067 735 omnia
2106 678 2318 750 implet,
2380 675 2598 733 tametsi
2660 689 2830 746 supra
2883 689 3047 746 quam
3090 689 3120 729 a
3170 674 3328 731 nobis
3389 674 3785 746 comprehendi

519 783 695 855 possit
726 792 779 836 et
809 779 1182 835 inellabiliter.

597 879 758 931 Vens.
798 875 887 929 Η.
923 874 992 928 Et
1018 873 1260 928 ascendit
1301 887 1449 941 super
1488 870 1767 926 Clterubint
1800 879 1850 924 et
1892 869 2102 934 volarit,

520 970 714 1023 volavit
754 982 911 1036 super
963 967 1088 1020 alas
1123 974 1419 1021 uentorum.
1453 962 1579 1017 Hmc
1614 971 1698 1018 est
1726 963 2007 1032 prophetia
2038 961 2107 1014 de

522 1061 726 1117 Christi
763 1061 1164 1129 assumptione.
1217 1057 1377 1124 Quod
1436 1062 1615 1109 autem
1662 1052 1963 1109 ascendens
2001 1053 2106 1105 Do-

527 1156 708 1207 minus
730 1160 1023 1221 susceptus
1050 1150 1213 1205 fuerit
1236 1163 1265 1202 a
1282 1146 1600 1210 Cherubim,
1628 1146 1877 1200 Ezechiel
1901 1145 2108 1199 visione

524 1263 625 1301 sua
658 1246 959 1301 declaravit
995 1244 1185 1299 dicens
1213 1259 1229 1298 :
1260 1241 1330 1296 Et
1356 1243 1652 1296 extulerunt
1678 1238 1957 1293 Cherubim
1988 1238 2103 1292 alas

529 1355 681 1401 suas,
712 1346 763 1392 et
805 1344 936 1391 rotte
969 1335 1082 1389 illis
1114 1336 1404 1404 adiunctis,
1430 1341 1481 1387 et
1514 1332 1767 1386 Dominus
1822 1328 1998 1383 Israel
2048 1329 2103 1383 in

529 1431 688 1499 ipsis,
725 1440 772 1483 et
797 1430 1020 1496 desuper
1049 1427 1169 1492 ipsa
1195 1441 1215 1480 :
1245 1434 1294 1479 et
1326 1424 1564 1479 ascendit
1593 1424 1764 1494 gloria
1798 1421 2011 1476 Domini
2043 1425 2108 1475 de

533 1519 709 1573 media
739 1519 951 1571 civitate
983 1516 1048 1571 “.
1077 1515 1207 1581 Quae
1240 1514 1404 1568 verba
1428 1515 1548 1568 sine
1570 1511 2011 1567 contradictione
2039 1512 2106 1565 de

533 1611 870 1665 Ascensioue
931 1608 1148 1662 Domini
1206 1607 1352 1662 dicta
1409 1613 1561 1661 sunt.
1614 1603 1751 1658 Nam
1797 1611 1851 1659 et
1903 1604 2108 1658 Paulus

534 1706 716 1774 ipsum
755 1703 1046 1757 Dominum
1108 1699 1454 1770 splendorem
1498 1698 1688 1770 gloriae
1718 1699 2012 1769 appellavit
2038 1698 2105 1750 ³⁸.

539 1798 749 1850 \‘olavit
774 1802 956 1849 autem
985 1807 1153 1863 super
1188 1792 1305 1846 alas
1327 1791 1648 1856 Clterubim,
1678 1805 1801 1860 quae
1821 1801 1873 1844 et
1915 1797 2109 1846 ventos

2284 861 2502 929 Ἐπέϐη
2526 860 2625 913 ἐπὶ
2654 861 2968 929 Χερουϐὶμ.
2994 857 3094 912 καὶ
3119 857 3445 925 ἐπετάσθη,
3476 858 3790 927 ἐπετάσθη

2202 957 2300 1011 ἐπὶ
2330 955 2645 1022 πτερύγων
2671 952 2935 1021 ἀνέμων.
2968 950 3178 1015 Ταῦτα,
3199 939 3511 1022 ’προφητεία
3528 952 3658 1021 περὶ
3685 952 3794 1023 τῆς

2202 1047 2530 1117 ἀναλήψεως
2579 1045 2675 1099 τοῦ
2714 1044 2972 1116 Χριστοῦ.
3010 1044 3134 1097 Ὅτι
3167 1043 3226 1096 δὲ
3252 1044 3320 1097 τά
3348 1043 3631 1115 Χερουϐὶμ
3665 1043 3795 1096 τότε

2204 1141 2296 1193 τὸν
2342 1137 2555 1211 Ἰησοῦν
2584 1137 2878 1203 ἑπέλαὸον,
2918 1134 3185 1202 Ἰεζεκιὴλ
3231 1133 3392 1189 τοῦτο
3451 1134 3799 1205 θεασάμενος

2209 1234 2322 1294 τοῖς
2356 1230 2721 1301 προφητικοῖς
2748 1226 3077 1296 ὀφθαλμοῖς,
3124 1224 3370 1279 διδάσκει
3425 1224 3604 1293 λέγων
3633 1240 3647 1254 ·
3680 1224 3798 1278 Καὶ

2210 1322 2393 1391 ἐξῆρε
2423 1324 2498 1375 τὰ
2517 1320 2809 1389 Χερουϐὶμ
2835 1320 2943 1385 τὰς
2969 1321 3276 1388 πτέρυγας
3310 1316 3532 1380 αὐτῶν,
3589 1318 3686 1372 καὶ
3741 1319 3804 1371 al

2210 1414 2414 1484 τροχοὶ
2442 1414 2722 1483 ἐχόμενοι
2742 1411 2964 1475 αὐτῶν,
2984 1412 3080 1465 καὶ
3112 1412 3151 1479 ἠ
3180 1410 3333 1476 δόξα
3358 1409 3507 1464 Θεοῦ
3545 1410 3807 1479 Ἰσραὴλ

2212 1509 2306 1562 ἐπ’
2334 1509 2508 1573 αὐτὰ,
2549 1505 2830 1575 ὑπεράνω
2857 1502 3079 1569 αὐτῶν,
3102 1502 3292 1572 ἀνέϐη
3325 1504 3364 1572 ἠ
3396 1503 3554 1568 δόξα
3574 1504 3805 1571 Κυρίου

2209 1602 2279 1655 ἐκ
2301 1602 2496 1671 μέσης
2526 1599 2637 1668 τῆς
2657 1600 2891 1664 πόλεως
2924 1614 2938 1629 ⁸
2974 1598 3388 1669 ἀναντιῤῥήτως
3413 1597 3523 1667 γὰρ
3554 1595 3807 1668 περὶτῆς

2211 1698 2306 1749 τού
2332 1696 2585 1766 Σωτῆρος
2605 1692 2926 1763 ἀναλήψεως
2963 1691 3137 1745 ταῦτά
3150 1708 3338 1761 φησιν.
3356 1691 3508 1743 Ἐπεὶ
3530 1690 3626 1744 καὶ
3653 1689 3811 1744 Παύ-

2212 1786 2303 1850 λος
2326 1785 2672 1854 ἀπαύγασμα
2688 1786 2788 1855 τῆς
2813 1782 2972 1851 δόξης
2988 1782 3156 1837 αὐτὸν
3187 1783 3470 1841 ἐκάλεσεν.
3491 1779 3809 1854 Ἐπετάσθη

533 1889 698 1939 etiam
734 1885 1032 1956 appellavit
1082 1884 1155 1939 ob
1200 1891 1385 1937 motus
1421 1883 1786 1938 celeritatem.
1819 1881 1888 1936 Et
1918 1897 2107 1937 revera

2227 1880 2266 1933 ῑὲ
2295 1880 2386 1933 ἐπὶ
2412 1878 2701 1950 πτερύγων
2731 1876 2843 1930 τῶν
2877 1876 3183 1947 Χερουϐὶμ,
3230 1875 3376 1947 ἀπερ
3407 1875 3646 1945 ἀνέμους
3667 1875 3812 1929 ὲκά-

535 1976 756 2045 quidem
794 1986 988 2031 vectus
1017 1974 1189 2030 estin
1239 1974 1443 2028 caelum
1485 1974 1748 2028 Dominus
1782 1989 1950 2044 super
1975 1973 2112 2029 Che-

2227 1986 2390 2037 tecsv,
2418 1972 2507 2025 διά
2536 1972 2633 2045 τὴν
2659 1969 2938 2040 ταχύτητα
2966 1969 3069 2038 τῆς
3129 1969 3421 2037 κινήσεως.
3468 1968 3580 2021 Καὶ
3603 1969 3668 2039 τῇ
3702 1967 3814 2039 μὲν

537 2070 742 2133 rubim,
788 2082 912 2137 quas
943 2065 1224 2121 Divinitati
1261 2066 1598 2136 protintiora
1635 2075 1784 2128 sunt,
1822 2066 1950 2122 licet
1982 2082 2113 2134 apo-

538 2160 698 2215 stolis
731 2159 853 2214 vehi
889 2165 1186 2213 ventorum
1217 2157 1319 2210 alis
1340 2158 1494 2212 visus
1522 2157 1617 2221 sit,
1659 2156 1764 2211 hoc
1790 2168 1873 2211 est
1893 2156 1961 2211 ab
1981 2157 2117 2227 ipsis

540 2252 741 2313 ventis,
774 2265 913 2320 quos
944 2250 1121 2303 alatos
1164 2263 1290 2303 esse
1317 2246 1587 2319 Propheta
1629 2248 1952 2316 introduxit,
1988 2264 2121 2319 pro-

543 2353 664 2413 pter
696 2340 1105 2397 velocissimum
1151 2354 1342 2396 eorum
1396 2341 1449 2394 in
1502 2355 1630 2395 aere
1687 2349 1915 2396 motum.
1960 2341 2116 2395 Alata

542 2436 689 2487 enim
721 2442 851 2489 sunt
880 2432 1061 2487 omnia
1083 2448 1205 2501 quae
1232 2447 1328 2502 per
1354 2446 1534 2486 acrem
1571 2434 1690 2486 inre
1712 2434 1829 2486 lunt
1883 2432 1996 2503 (63)
2026 2434 2116 2508 [Et

2209 2063 2461 2135 ἀληθεία,
2485 2062 2579 2115 ἐπὶ
2607 2062 2715 2114 τῶν
2748 2060 3037 2132 Χερουϐὶμ
3066 2062 3362 2130 iunipiro,
3394 2058 3814 2128 πλησιαζόντων

2211 2163 2279 2232 τῇ
2310 2160 2549 2230 θεότητι,
2575 2160 2690 2220 τοῖς
2711 2157 2768 2211 δὲ
2786 2156 3109 2220 ἀποστόλοις
3139 2157 3318 2222 ἔδοξεν
3338 2156 3628 2228 ἀνέχεσθαι
3675 2155 3819 2209 πτέ-

2218 2250 2371 2324 ρυξιν
2389 2250 2611 2321 ἀνέμων
2653 2249 2966 2320 πτερωτοὺς
2994 2251 3103 2319 γάρ
3124 2249 3384 2304 ἐκάλεσεν
3408 2249 3814 2319 τοὺςάνέμοος,

2218 2342 2307 2395 διὰ
2325 2341 2423 2412 τὴν
2451 2341 2631 2406 όξεὶαν
2652 2341 2712 2395 ὲν
2750 2341 2874 2410 ἀέρι
2896 2340 3135 2409 κίνησιν.
3162 2339 3423 2409 ιιτερωτά
3464 2339 3572 2412 γὰρ
3602 2338 3670 2391 τὰ
3690 2338 3818 2392 δια-

2221 2438 2477 2507 περῶντα
2515 2437 2607 2490 τὸν
2632 2436 2770 2507 ἀέρα
2790 2452 2804 2467 ’
2827 2435 2954 2489 ἐπεὶ
2985 2434 3081 2488 καὶ
3106 2433 3302 2504 νεφέλη
3340 2434 3527 2504 ἀνέμῳ
3557 2433 3812 2504 φέρεται.

548 2527 679 2593 quia
703 2527 771 2579 de
796 2525 999 2579 Christi
1025 2524 1350 2580 ascensione
1381 2525 1647 2595 scriptum
1681 2526 1933 2592 legimus,
1966 2528 2114 2596 quod
2155 2529 2316 2585 nubes
2344 2532 2578 2601 suscepit
2603 2547 2722 2585 eum
2746 2530 2809 2583 ab
2841 2530 3008 2584 oculis
3070 2545 3248 2583 eorum
3276 2528 3345 2595 ³⁸,
3386 2528 3625 2599 intelligo
3661 2527 3813 2598 quod

544 2618 721 2672 nubes
748 2616 836 2670 illa
868 2631 896 2667 a
929 2617 1102 2670 ventis
1130 2615 1428 2682 ferebatur,
1450 2619 1908 2687 quemadmodum
1942 2622 2063 2675 alite
2098 2637 2290 2680 omnes
2326 2638 2541 2695 semper
2575 2624 2702 2680 ferri
2730 2622 2960 2696 so'enl.]

615 2708 786 2771 Vsus.
822 2710 906 2763 l2.
956 2709 1025 2761 Et
1066 2714 1245 2775 posuit
1310 2708 1552 2763 tenebras
1608 2710 1891 2765 latibulum
1949 2729 2129 2769 suum.

549 2803 652 2857 l‘er
703 2804 959 2856 tenebras
1020 2801 1294 2872 signiﬁcat
1344 2801 1495 2871 quod
1551 2803 1725 2856 videri
1778 2820 1884 2858 non
1924 2815 2132 2875 ροεεει,

552 2893 907 2949 luvisibilitas
940 2895 1084 2948 enim
1121 2903 1241 2947 erat
1287 2909 1413 2962 qua:
1458 2895 1610 2949 illum
1674 2897 1910 2966 tegebat.
1978 2900 2134 2955 Hanc

551 2985 1171 3055 igiturinvisibilitatcm
1219 2985 1324 3040 sibi
1381 2988 1785 3057 circumposuit
1838 2991 1893 3043 in
1938 2991 2134 3048 latibu-

554 3082 689 3143 lum,
717 3079 848 3147 quia
876 3074 931 3131 in
959 3079 1161 3132 cmlum
1196 3087 1515 3149 assumptus
1542 3095 1739 3135 eorum
1784 3083 1974 3138 oculos
2003 3084 2134 3138 late-

2300 2720 2409 2774 Καὶ
2456 2720 2625 2773 ἔθετο
2670 2722 2895 2786 σκότος
2943 2716 3311 2788 ἀποκρυφὴν
3355 2717 3567 2773 αὑτοῦ.
3613 2716 3819 2780 Σκότος

2229 2811 2443 2881 οἰητέον
2473 2813 2534 2865 τὸ
2560 2811 2759 2881 μηκέτι
2783 2809 3140 2879 βλεπόμενον.
3178 2807 3486 2874 Τοιγαροῦν
3521 2805 3819 2876 ήάορασία

2230 2902 2550 2973 ἀπέκρυψεν
2591 2902 2792 2955 αὐτόν·
2834 2900 3043 2969 ταύτην
3090 2897 3201 2970 γὰρ
3248 2898 3401 2951 ἔθετο
3455 2898 3586 2968 περὶ
3621 2896 3822 2951 ἑαυτὴν

2230 2991 2569 3060 ἀπόκρυψιν.
2613 2989 2972 3059 Ἄναληφθεὶς
3023 2988 3153 3062 γὰρ,
3202 2987 3412 3062 ἐκρύϐη
3447 2987 3557 3041 ἀπὸ
3619 2986 3726 3040 τῶν
3761 2986 3826 3041 ὀι-

2236 3083 2499 3152 φθαλμῶν
2527 3083 2727 3136 αὐτῶν.
2761 3084 2830 3134 Ἣ
2861 3081 3053 3144 σκότος
3072 3080 3286 3151 οἰητέον
3312 3079 3412 3150 τὴν
3442 3079 3640 3149 σάρκα,
3677 3097 3817 3150 κρυ--

554 3174 670 3227 lzat.
708 3172 803 3225 Vel
866 3185 961 3241 per
1018 3171 1277 3226 tenebras
1336 3186 1558 3225 carnem
1603 3172 1817 3227 Domini
1857 3173 2130 3244 intellige,

2236 3175 2514 3244 πτομὲνης
2551 3175 2609 3226 ὲν
2630 3174 2767 3243 αὐτῇ
2811 3173 2912 3241 τῆς
2943 3171 3220 3240 θεότητος,
3266 3171 3335 3227 Ἦ
3383 3171 3536 3228 ἔθετο
3600 3173 3823 3234 σκότος,

552 3279 679 3334 ηοω
714 3262 1064 3317 divinitatem
1120 3262 1265 3317 intra
1300 3278 1359 3318 se
1391 3266 1739 3331 occultabat;
1778 3283 1875 3321 seu
1928 3269 2131 3321 incom-

555 3354 1083 3425 prehensibilitatem
1117 3370 1241 3425 quas
1289 3355 1436 3411 illius
1487 3356 1836 3413 divinitatem
1895 3359 2131 3416 celabat.

556 3447 1004 3503 Ohtenehrantur
1060 3447 1208 3500 enim
1255 3457 1319 3501 et
1373 3452 1672 3504 ca'cntiunt
1719 3451 1752 3504 ii
1797 3452 1889 3519 qui
1940 3452 2137 3507 divinae

558 3538 901 3609 profundum
944 3538 1191 3593 scienti-.c
1242 3548 1437 3594 exacte
1469 3541 1638 3595 nimis
1688 3542 1918 3612 cupiunt
1974 3558 2139 3612 pcne-

560 3643 728 3686 trare.

635 3721 702 3782 In
737 3723 964 3777 circuitu
1004 3723 1123 3792 ejus
1170 3722 1578 3777 tabernaculum
1609 3723 1748 3793 ejus.
1788 3724 2142 3782 Tabernacu-

562 3814 675 3868 lum
731 3814 821 3868 hic
898 3827 1235 3885 assumptum
1293 3830 1517 3870 carnem
1570 3816 1826 3887 appellat,
1876 3833 2039 3887 quam
2088 3826 2141 3871 et

562 3905 682 3972 ipse
726 3904 990 3961 Dominus
1018 3905 1283 3975 templum
1319 3921 1481 3961 suum
1518 3909 1817 3962 nominavit
1878 3907 2090 3981 [dicens
2123 3925 2138 3963 :

565 3994 766 4049 Solvite
798 3996 1050 4065 templum
1078 3997 1198 4063 hoc,
1245 4006 1298 4050 et
1340 3999 1397 4051 in
1443 3999 1611 4052 tribus
1646 3999 1830 4053 diebus
1868 4000 2144 4069 azdiftcabo

564 4086 700 4141 illud
735 4088 801 4143 ³⁷.
859 4087 914 4141 lu
953 4089 1185 4143 circuitu
1242 4104 1372 4143 vero
1417 4089 1540 4158 ejus
1584 4089 1769 4163 dixit],
1822 4092 1950 4165 quia
2000 4093 2141 4145 intra

567 4183 744 4249 ipsam
813 4195 1035 4237 carnem
1106 4182 1391 4237 habitabat
1451 4183 1615 4249 Deus,
1674 4199 1783 4238 non
1842 4193 2023 4240 tamen
2086 4193 2145 4239 ut

567 4274 1045 4343 circumscriptus,
1082 4273 1178 4329 sed
1222 4285 1284 4329 ut
1322 4276 1694 4344 omnipotens,
1729 4276 1982 4331 inelfabili
2011 4292 2149 4345 quo-

2234 3268 2514 3321 τουτέστιν
2543 3264 2949 3334 ἀκαταληψίαν,
2985 3264 3453 3333 ἀποκρύπτουσαν
3488 3264 3650 3317 αὑτὸν
3674 3265 3825 3316 κατὰ

2234 3360 2338 3425 τὴν
2386 3357 2639 3429 θεότητα.
2707 3356 3061 3422 Σκοτίζονται
3117 3356 3229 3429 γὰρ
3279 3358 3328 3408 οἱ
3369 3355 3700 3422 ὲνατενιζειν
3741 3355 3826 3427 τῷ

2239 3453 2395 3523 βάθει
2426 3452 2522 3522 τῆς
2552 3450 2811 3520 γνώσεως
2845 3447 3011 3505 αὑτοῦ
3039 3448 3396 3520 πειρώμενοι.

2316 3720 2530 3784 Κύκλῳ
2565 3719 2754 3774 αὑτοῦ
2788 3720 2828 3787 ή
2877 3718 3079 3787 σκηνὴ
3133 3717 3343 3774 αὐτοῦ.
3400 3718 3616 3789 Σκηνην
3670 3715 3830 3785 λέγει

2242 3812 2342 3880 τὴν
2386 3812 2836 3882 προσληφθεῖσαν
2881 3814 3087 3882 σάρκα,
3125 3812 3193 3882 ἢν
3223 3811 3321 3865 καὶ
3347 3810 3473 3863 ναὸν
3504 3812 3667 3873 αὐτὸς
3691 3811 3831 3865 ἐκά-

2243 3901 2400 3956 λεσεν
2449 3903 2669 3966 ἑαυτοῦ,
2717 3904 2800 3959 ὅτι
2846 3906 2905 3957 ὲν
2950 3904 3088 3974 αὐτῇ
3121 3903 3452 3969 ἐσκήνωσεν,
3499 3902 3597 3972 οὐχ
3651 3901 3727 3964 ὡς
3766 3904 3831 3955 ἑν

2246 3996 2383 4067 αὐτῇ
2423 3999 2929 4069 περιγραφόμενος,
2974 3996 3090 4049 ἀλλ’
3142 3996 3472 4067 ἀπορῤήτως
3512 3996 3829 4065 ἐνοικήσας,

2246 4089 2322 4153 ὡς
2344 4089 2774 4161 παντοδύναμος.
2801 4090 2974 4144 Τοῦτο
2997 4090 3054 4143 δὲ
3078 4084 3234 4143 εἶπεν
3262 4088 3549 4153 δεικνύων,
3580 4088 3660 4140 ὅτι
3685 4089 3831 4158 μετά

2245 4181 2347 4250 τῆς
2381 4183 2586 4251 σαρκὸς
2610 4180 2776 4235 αὐτοῦ
2827 4181 3127 4252 ἀνελήφθη,
3177 4179 3272 4234 καὶ
3305 4178 3406 4233 οὐκ
3436 4180 3670 4234 ἀπέθετο
3693 4178 3833 4234 ταύ-

2246 4291 2369 4342 την,
2422 4274 2499 4338 ὥς
2542 4292 2688 4338 τινες
2731 4274 3007 4345 ἐλήρησαν
3048 4272 3297 4343 ὕστερον.
3357 4274 3427 4326 Ἦ
3474 4274 3569 4327 καὶ
3621 4272 3833 4344 σκηνὴν

569 4365 693 4416 dam
732 4365 896 4429 modo
927 4366 1040 4419 illic
1066 4380 1417 4435 permanens.
1474 4367 1593 4420 Hoc
1651 4377 1831 4420 autem
1896 4368 2033 4422 dixit
2090 4379 2132 4423 ιιι

2249 4367 2399 4435 λέγει
2457 4366 2557 4437 τὴν
2613 4367 3068 4437 ἀπροσπέλαστον
3127 4366 3328 4436 αἴγλην
3355 4381 3370 4396 ’
3423 4366 3506 4419 ὅτι
3562 4364 3658 4418 καὶ
3709 4366 3834 4434 φῶς

568 4454 884 4508 ostenderet
917 4454 1202 4510 Christum
1254 4456 1419 4509 simul
1459 4470 1583 4509 cum
1633 4472 1800 4511 carne
1844 4458 1897 4512 in
1947 4460 2132 4513 cceluu

2252 4459 2417 4511 οἰκῶν
2461 4458 2758 4529 ἀπρόσιτον
2801 4457 3297 4529 προσαγορεύεται,
3333 4458 3470 4528 ὅπερ
3511 4458 3695 4528 κύκλῳ
3724 4458 3835 4527 τῆς

571 4557 914 4612 assumptum
957 4561 1103 4612 esse,
1151 4548 1413 4616 quodque
1469 4547 1597 4600 illuc
1647 4564 1979 4605 ascensurus
2026 4566 2132 4604 ean

2255 4549 2508 4619 θεότητος
2553 4548 2636 4614 ὃν,
2691 4549 3041 4619 ἀποκρύπτει
3079 4548 3179 4619 μὲν
3210 4548 3440 4618 ταύτην,
3490 4548 3832 4618 ἀποστρέφει

574 4650 681 4688 non
740 4636 1017 4704 deposuit,
1078 4638 1546 4707 quemadmodum
1597 4640 1766 4710 aliqui
1824 4641 2132 4712 insipiente:

2256 4643 2315 4696 δὲ
2347 4643 2447 4704 τὰς
2486 4640 2637 4709 ὄψεις
2667 4640 2778 4693 τῶν
2808 4640 3072 4694 θελόντων
3115 4641 3263 4695 ιδετν.

576 4737 763 4797 postea
793 4729 1068 4785 dixerunt.
1130 4729 1223 4786 Vel
1280 4748 1375 4801 per
1433 4734 1849 4790 tabernaculum
1899 4735 2148 4790 divinum
2189 4734 2341 4790 illum
2393 4733 2740 4804 splendorem
2776 4733 3050 4804 intelligit,
3087 4733 3154 4787 ad
3229 4747 3392 4802 quem
3441 4747 3605 4787 nemo
3652 4740 3838 4801 potest

575 4823 1039 4893 appropinquare,
1090 4826 1349 4895 quoniam
1423 4826 1603 4883 lucem
1669 4829 1981 4885 inhabitare
2029 4830 2466 4886 inaccessibilem
2505 4830 2726 4895 dicitur,
2765 4844 2888 4899 qua:
2929 4833 2983 4883 in
3024 4828 3260 4885 circuitu
3310 4828 3624 4885 Divinitatis
3677 4831 3829 4885 exsi~

575 4923 747 4974 steus,
798 4913 945 4967 illam
1002 4916 1232 4987 obtegit,
1266 4929 1323 4972 et
1383 4920 1576 4975 oculos
1628 4919 1933 4976 volentium
1988 4921 2137 4976 illam
2179 4920 2383 4976 intueri
2415 4931 2667 4990 potenter
2691 4920 2911 4974 avertit.

654 5005 951 5061 Tenebrosa
981 5024 1121 5077 aqua
1154 5011 1211 5063 in
1246 5010 1471 5065 nubibus
1502 5012 1666 5065 aeris.
1698 5010 1802 5067 Per
1834 5028 2032 5083 aquam
2066 5015 2156 5068 hic

576 5102 855 5153 occultum
882 5098 951 5153 de
978 5099 1203 5155 Christo
1237 5116 1647 5157 sacramentum
1676 5104 1949 5175 intelligit,
1982 5115 2037 5159 et
2063 5121 2157 5174 per

580 5204 787 5254 aerem,
816 5205 914 5244 seu
943 5190 1025 5257 (ut
1061 5192 1249 5245 verius
1274 5193 1437 5247 habet
1467 5191 1654 5248 Graeca
1685 5194 1849 5250 lectio
1880 5195 1933 5249 in
1961 5195 2156 5266 plurali

579 5297 833 5347 numero,
865 5297 960 5351 per
986 5282 1167 5351 acres)
1200 5284 1518 5352 prophetas,
1562 5295 1616 5337 et
1646 5300 1847 5341 sensus
1876 5296 1982 5353 est,
2012 5288 2157 5357 quod

582 5371 867 5442 prophetia
926 5386 1120 5426 eorum
1186 5387 1309 5441 quae
1366 5373 1432 5425 ad
1493 5372 1775 5428 Christum
1847 5378 2157 5443 pertinent,

656 5551 701 5584 ³³
724 5554 919 5610 Matth.
947 5570 1021 5618 tv,
1052 5554 1139 5618 il,
1171 5565 1225 5609 et
1250 5554 1377 5609 alibi
1409 5552 1635 5623 passim.
1716 5554 1764 5586 “
1797 5553 1998 5610 Ezech.
2031 5572 2111 5615 ιι.
2150 5556 2241 5623 23,
2266 5555 2357 5612 23.

2325 5012 2650 5066 Σκοτοινὸν
2705 5011 2863 5079 ὕδωρ
2898 5012 2969 5063 ἐν
3031 5009 3318 5078 νεφέλαις
3377 5009 3589 5078 ἀέρων.
3644 5010 3836 5080 ’Ὕδωρ

2254 5103 2491 5157 ἐνταῦθα
2507 5104 2657 5170 λέγει
2679 5102 2741 5155 τὸ
2765 5103 2894 5173 περὶ
2922 5102 3159 5172 Χριστοῦ
3204 5102 3403 5172 μύημα
3444 5118 3458 5131 ·
3490 5101 3717 5168 νεφέλας
3748 5102 3829 5166 δὲ,

2253 5196 2353 5258 τὰς
2398 5194 2760 5264 προφητείας,
2798 5195 2895 5248 καὶ
2940 5194 3124 5248 δίδωσι
3166 5195 3428 5264 τοιαύτην
3460 5193 3669 5246 ἔννοιαν
3695 5210 3710 5225 ·
3745 5194 3834 5246 ὅτι

2258 5287 2507 5355 σκοτεινὴ
2559 5287 2710 5342 ἐστιν
2763 5287 2796 5355 η
2860 5284 2991 5355 περὶ
3048 5285 3289 5355 Χριστοῦ
3358 5283 3720 5355 προκήρυξις,
3772 5286 3834 5337 ὲν

2256 5376 2375 5438 ταῖς
2407 5375 2770 5447 προφητείαις
2796 5375 2906 5427 τῶν
2950 5375 3268 5446 προφητῶν,
3322 5375 3417 5427 καὶ
3454 5374 3835 5443 δυσθεώρητος

2457 5556 2500 5589 ³³
2537 5556 2702 5612 llchr.
2735 5572 2774 5618 ι,
2803 5556 2857 5610 3.
2917 5554 2962 5589 ³⁸
3002 5557 3123 5609 Act.
3149 5574 3187 5619 ι,
3226 5560 3280 5620 6.
3391 5560 3435 5593 "
3458 5557 3616 5613 Joan.
3651 5572 3712 5620 ιι,
3742 5555 3831 5612 10.

1899 5732 2094 5793 Varias
2125 5731 2459 5794 lectiones.

657 5832 769 5899 (65)
805 5830 992 5885 Grrcca
1028 5833 1189 5887 verba
1222 5831 1295 5883 ita
1337 5841 1534 5885 sonant
1568 5851 1582 5888 :
1638 5832 2070 5899 Quandoquidem
2108 5842 2157 5887 ct
2197 5834 2355 5887 nubes
2390 5841 2532 5889 vcutc
2567 5833 2757 5894 fertur.
