4116 6476
331 414 437 478 229

1519 410 1911 494 COMMENr.
1950 411 2034 474 IN
2074 413 2434 476 PSALMOS.

3492 418 3606 484 230

324 521 458 593 περὶ
507 535 603 574 του
642 516 863 583 τέλους.
918 520 1041 575 Καὶ
1068 518 1216 591 ὕδωρ
1268 519 1390 590 μὲν,
1439 518 1516 583 ὡς
1565 519 1922 591 ἀναψύχουσα

2033 523 2324 577 tenebrosa
2364 529 2449 578 est
2506 528 2561 579 ct
2598 520 2832 580 obscura
2866 522 2923 578 in
2967 521 3261 595 scripturis
3305 527 3608 597 propheta-

326 616 455 678 τοὺς
492 610 988 683 λυσσοθυμοῦντας
1023 615 1084 666 ὲν
1111 613 1179 683 τῇ
1211 610 1391 684 πλάνη
1423 626 1438 642 ·
1470 612 1692 681 νεφέλαι
1732 612 1813 681 δὲ,
1849 613 1927 677 ὡς

329 706 718 779 κεκρυμμένον
772 704 1004 775 ἔχουσαι
1057 704 1119 759 το
1182 703 1525 775 μηνυόμενον
1552 719 1568 736 ·
1627 704 1790 776 ἀέρες
1843 705 1929 769 δὲ,

326 802 417 855 διὰ
446 802 549 872 τὴν
574 799 941 871 καθαρότητα
971 800 1071 852 καὶ
1108 798 1421 867 λεπτότητα
1454 796 1550 851 τοῦ
1577 796 1673 851 νοῦ
1706 812 1721 828 °
1755 799 1838 853 ὅτι
1870 797 1930 852 δὲ

325 893 565 961 νεφέλας
602 890 731 954 τοὺς
776 889 1072 960 προφήτας
1119 878 1382 949 πολλάκις
1425 887 1459 957 ἡ
1506 886 1700 958 Γραφὴ
1746 886 1927 951 καλεῖ,

327 985 686 1057 παρέστησεν
731 981 974 1045 Ἡσαΐας
1000 997 1016 1012 ο
1068 980 1163 1034 τὸν
1213 980 1325 1050 γάρ
1372 975 1522 1033 οἷκον
1554 978 1650 1033 τοῦ
1707 978 1926 1049 Ἰσραὴλ

329 1075 638 1146 ἀμπελῶνα
681 1071 1175 1144 προσαγορεύσας,
1217 1071 1516 1140 εισήγαγεν
1564 1068 1795 1139 νεφέλας
1841 1069 1929 1123 ὲν-

328 1168 666 1239 tenuem;
702 1167 903 1237 μηκέτι
937 1164 1156 1237 βρέχειν
1202 1166 1284 1227 εἰς
1320 1163 1507 1230 αὑτὸν,
1549 1161 1579 1215 ὃ
1615 1162 1754 1229 ἐστι,
1791 1177 1928 1232 προ-

330 1263 520 1334 φήτας
552 1258 756 1330 μηκέτι
786 1259 1179 1329 προλέγοντας.

2030 629 2176 671 rum.
2201 617 2344 671 Ante
2369 614 2669 671 adventum
2703 616 2853 672 enim
2888 616 3208 687 perdililcile
3234 622 3615 689 cognosceba-

2042 716 2153 761 tur.
2183 705 2395 777 Aquam
2429 722 2564 763 vero
2588 708 2826 779 appellat
2850 708 3009 779 quasi
3049 707 3474 780 refrigerantem
3518 726 3616 769 eos

2029 796 2315 862 nimirum,
2371 798 2465 869 qui
2526 798 2673 855 inter
2721 814 2943 856 errores
3009 801 3195 856 animo
3258 800 3615 859 defecissent.

2031 886 2359 958 Prophetias
2388 889 2553 945 etiam
2584 891 2764 961 nubes
2800 891 2923 947 ideo
2949 904 3131 957 vocat,
3177 895 3306 964 quia
3336 895 3613 953 occultum

2032 980 2269 1036 habeant
2299 982 2353 1038 id
2381 985 2528 1055 quod
2551 986 2886 1057 signiﬁcant.
2914 985 3226 1058 Prophetas
3250 997 3431 1045 autem
3457 1004 3616 1045 acres

2029 1074 2190 1137 dixit,
2217 1084 2441 1145 propter
2469 1078 2763 1147 puritatem
2790 1093 2855 1134 ac
2889 1080 3252 1136 subtilitatem
3277 1082 3612 1138 intellectus.

2030 1163 2190 1230 Quod
2246 1181 2429 1221 autem
2486 1168 2775 1240 Scriptura
2830 1184 3216 1240 saepenumero
3282 1187 3381 1243 per
3439 1172 3616 1229 nubes

2028 1258 2328 1328 prephetas
2359 1259 2654 1331 intelligat,
2684 1262 2859 1317 lsaias
2880 1263 3079 1329 docet;
3114 1263 3208 1330 qui
3241 1277 3367 1319 cum
3388 1265 3613 1321 domum

330 1356 502 1441 Israel
562 1356 780 1409 vineam
831 1354 1185 1424 appellasset,
1252 1351 1558 1409 introduxit
1606 1350 1921 1406 mandatum
1961 1350 2134 1408 fuisse
2170 1353 2430 1421 nubibus,
2486 1371 2556 1441 ne
2600 1358 2854 1428 pluerent
2918 1373 3086 1428 super
3127 1358 3340 1417 vincam
3375 1360 3444 1427 ³⁸,
3512 1362 3618 1418 hoc

332 1465 440 1513 t‘St,
480 1435 570 1506 'ne
621 1450 902 1522 prophetae
939 1451 1144 1520 populo
1176 1449 1344 1504 Israel
1394 1447 1631 1517 amplius
1679 1446 2097 1517 prophetarent.
2526 1435 2541 1451 ’

415 1546 558 1603 Ἀπὸ
588 1544 705 1613 τῆς
737 1541 1172 1613 τηλαυγήσεως
1217 1542 1478 1596 ἐνώπιον
1517 1539 1708 1596 αὑτοῦ
1736 1541 1798 1594 αὶ
1831 1555 1929 1594 νε-

332 1642 515 1710 φέλαι
550 1637 829 1705 διῆλθον.
884 1637 1010 1691 Ἐπὶ
1051 1639 1154 1707 τῆς
1173 1634 1562 1706 λαμπρότητος
1593 1633 1694 1704 τῆς
1723 1633 1929 1701 ιπιφα-

332 1733 486 1793 uia;
520 1729 720 1797 αὐτοῦ,
752 1731 854 1800 τῆς
881 1727 1232 1799 αύγαζούσης
1278 1727 1354 1798 μὴ
1383 1729 1497 1791 τοῖς
1529 1724 1698 1795 ἰγγὺς
1744 1723 1928 1795 μόνον,

332 1824 471 1880 ἀλλά
505 1823 607 1878 καὶ
635 1823 752 1885 τοῖς
797 1820 1012 1893 πόρρω,
1046 1820 1104 1874 αί
1136 1819 1414 1873 σκοτειναὶ
1456 1817 1790 1888 προφητεῖαι
1818 1815 1930 1869 διε-

2103 1542 2281 1598 Vens.
2323 1543 2409 1598 t3.
2448 1544 2573 1600 Prw
2613 1546 2821 1616 fulgore
2851 1547 2908 1602 in
2956 1559 3237 1618 conspectu
3284 1548 3400 1616 eius
3454 1549 3616 1606 nubes

2027 1636 2378 1691 transierunt.
2414 1637 2458 1691 A
2501 1638 2775 1705 claritate,
2819 1641 3022 1710 inquit,
3047 1640 3250 1695 divinae
3285 1642 3614 1710 praesentit».

2026 1739 2152 1796 quae
2183 1741 2296 1781 non
2322 1735 2536 1781 tantum
2569 1729 2837 1796 proximis
2873 1730 3052 1785 lucem
3101 1737 3348 1800 praestat,
3411 1730 3512 1785 sed
3560 1739 3618 1785 et

2027 1818 2095 1873 iis
2119 1821 2212 1888 qui
2247 1819 2440 1888 procul
2468 1828 2621 1886 sunt,
2665 1822 2974 1877 tenebrosae
3015 1829 3182 1892 atque
3209 1822 3458 1877 obscurae
3484 1835 3618 1891 pro-

336 1916 604 1986 ὶύθησαν.
668 1914 853 1968 Ἠλίου
911 1912 1021 1982 γὰρ
1063 1910 1472 1975 ἀνατείλαντος,
1510 1911 1538 1964 ό
1588 1909 1699 1963 τῶν
1743 1908 1925 1978 νεφῶν

2033 1912 2221 1982 plietiae
2266 1915 2728 1982 pertransierunt,
2775 1914 2879 1969 hoc
2931 1924 3036 1979 est,
3084 1913 3370 1970 dissolute
3434 1908 3613 1971 sunt:

336 2006 618 2059 διαλύεται
667 2001 853 2073 ζόφος,
901 2002 999 2055 καὶ
1052 2002 1116 2055 τὸ
1175 2000 1555 2071 κρυπτόμενον
1606 1998 1699 2053 ὑπ’
1743 1996 1926 2053 αὐτῶν

341 2096 510 2167 μέρος
575 2093 931 2166 φανεροῦται.
995 2093 1069 2146 Ἣ
1135 2093 1229 2148 καὶ
1287 2092 1518 2163 νεφέλας
1581 2090 1928 2161 ὑποληπτέον

338 2187 575 2242 ἐνταῦθα
606 2187 676 2241 τὸ
710 2187 878 2257 νέφος
921 2186 1019 2241 τοῦ
1057 2184 1339 2241 σκοτεινοῦ
1368 2186 1535 2256 νόμου
1561 2200 1577 2216 °
1613 2184 1929 2256 λάμψαντος

349 2280 459 2352 γάρ
484 2280 579 2333 τοῦ
600 2280 861 2351 Χριστοῦ,
895 2277 1119 2351 διελύθη
1155 2277 1217 2331 τδ
1245 2277 1513 2348 κάλυμμα
1534 2276 1646 2330 τῶν
1670 2278 1930 2348 αἰνιγμά-

355 2389 468 2424 των
490 2370 674 2436 αὐτοῦ,
698 2371 796 2425 καὶ
819 2370 1106 2441 ιφάνησαν
1148 2369 1321 2423 ταῦτα
1360 2366 1636 2422 τυποῦντα
1666 2367 1763 2422 καὶ
1790 2385 1929 2440 προ-

364 2463 634 2531 μηνύοντα
664 2462 746 2516 τὺν
777 2460 1042 2532 Χριστόν.
1087 2459 1229 2513 Ἀλλ’
1277 2460 1372 2512 ἐπὶ
1416 2458 1627 2512 τούτων
1671 2459 1772 2528 μὲν
1818 2458 1929 2513 τῶν

353 2552 681 2621 ἐξηγήσεων,
724 2549 788 2604 τὸ
812 2549 1074 2604 ἐνώπιον
1119 2549 1331 2617 αὐτοῦ,
1368 2548 1446 2619 τῷ
1489 2549 1599 2602 ἀπὸ
1647 2549 1747 2619 τῆς
1800 2549 1930 2619 τηλ-

343 2643 637 2712 αυγήσεως
680 2640 959 2711 συνάψεις,
1009 2642 1077 2695 ἵν’
1100 2637 1158 2714 ᾖ,
1193 2641 1314 2697 ἀπὸ
1348 2641 1459 2710 τῆς
1497 2642 1931 2710 τηλαυγήσεως

340 2732 457 2801 τῆς
491 2733 753 2787 ἐνώπιον
784 2733 996 2799 αὑτοῦ,
1051 2734 1301 2788 τουτέστι
1360 2735 1458 2804 τῆς
1508 2731 1697 2796 αὑτοῦ,
1753 2731 1788 2802 ἢ
1830 2730 1931 2802 τῆς

334 2828 673 2895 ἐπιφανείας
714 2826 887 2882 αὐτοῦ
917 2843 933 2860 ⁸
980 2826 1127 2881 κατά
1183 2827 1241 2880 δὲ
1296 2825 1499 2898 τρόπον
1548 2824 1759 2897 ἕτερον,
1816 2825 1934 2878 δια-

333 2918 564 2990 στείλῃς
591 2918 694 2988 μὲν
724 2917 789 2970 τὸ
833 2916 956 2974 ἀπὸ
996 2915 1108 2986 τῆς
1150 2914 1603 2987 τηλαυγνήσεως,
1646 2915 1740 2969 καὶ
1792 2914 1933 2967 ὐπο-

334 3008 531 3076 στίξας
570 3008 636 3062 τὸ
690 3008 900 3074 λοιπὸν,
957 3010 1070 3071 τοῖς
1115 3006 1428 3077 ἔμπροσθεν
1474 3005 1800 3070 ἀποδώσεις,
1836 3003 1936 3057 καὶ

332 3096 601 3167 τοιαύτην
635 3095 832 3159 δώσεις
876 3096 1111 3161 ἔννοιαν,
1146 3098 1231 3150 ὅτι
1258 3096 1355 3150 τοῦ
1398 3096 1605 3166 Κυρίου
1654 3095 1933 3166 τηλαυγὴ-

338 3205 570 3253 σαντος,
601 3189 749 3243 κατὰ
791 3190 897 3261 τὴν
954 3188 1277 3260 ὲνσώματον
1330 3187 1632 3253 πολιτείαν,
1674 3186 1935 3242 ἐνώπιον

2029 2001 2177 2057 unde
2207 2001 2428 2058 illarum
2453 2002 2736 2060 destructa
2768 2004 3128 2070 obscuritate,
3163 2005 3308 2073 quod
3338 2004 3617 2060 occultum

2029 2105 2093 2147 ac
2115 2091 2357 2147 velatum
2381 2101 2502 2148 erat
2533 2092 2810 2163 apparuit.
2838 2092 3064 2149 Oriente
3090 2093 3239 2148 enim
3271 2094 3410 2161 sole,
3441 2093 3620 2164 caligo

2029 2183 2258 2239 nubium
2294 2183 2640 2251 dissolvitur,
2677 2196 2732 2241 et
2763 2200 2892 2257 pars
2931 2186 3023 2240 illa
3052 2200 3176 2255 qua;
3207 2186 3339 2261 olim
3376 2184 3619 2240 nubibus

2030 2276 2335 2347 tegebatur,
2389 2286 2619 2348 apparet
2680 2287 2738 2334 et
2766 2277 3135 2349 conspicitur,
3168 2279 3255 2332 vel
3301 2293 3398 2347 per
3444 2277 3621 2333 nubes

2029 2367 2283 2423 tenebras
2311 2368 2563 2425 obscura:
2599 2369 2734 2440 legis
2767 2370 3029 2440 intellige.
3080 2366 3238 2436 Nam,
3266 2369 3623 2423 illucescente

2029 2458 2274 2522 Christo,
2326 2460 2506 2515 velum
2551 2461 2906 2532 aenigmatum
2937 2474 3003 2516 ac
3041 2460 3341 2530 ﬁgurarum
3389 2475 3513 2529 quae
3560 2458 3616 2514 in

2030 2551 2148 2622 lcge
2176 2559 2355 2618 erant,
2390 2551 2724 2609 dissolutum
2751 2561 2859 2609 est.
2904 2552 3061 2608 Unde
3094 2549 3393 2607 manifesta
3445 2566 3620 2622 appa-

2030 2652 2261 2699 ruerunt
2285 2661 2631 2717 quaecunque
2661 2647 2720 2701 in
2760 2662 2823 2702 ea
2884 2645 3273 2716 signiﬁcabant
3315 2651 3412 2700 aut
3444 2643 3622 2715 praeﬁ-

2031 2735 2304 2805 gurabant
2361 2734 2668 2791 Christum.
2719 2733 2816 2791 His
2846 2742 3031 2790 autem
3062 2733 3504 2806 expositionibus
3534 2733 3618 2789 sic

2033 2827 2280 2893 traditis,
2338 2826 2615 2899 coniunge
2658 2828 2825 2883 verba
2862 2827 2951 2881 illa
2984 2844 3001 2883 :
3039 2824 3106 2882 In
3141 2835 3426 2895 conspectu
3479 2826 3620 2895 ejus,

2032 2918 2136 2974 hoc
2176 2927 2285 2985 est,
2322 2933 2353 2974 a
2383 2934 2600 2974 summo
2633 2917 2840 2975 Christi
2898 2918 3130 2990 fulgore,
3172 2920 3258 2973 vel
3327 2935 3361 2972 a
3412 2917 3622 2988 fulgore

2031 3014 2336 3080 praesentiae
2400 3013 2566 3081 ejus,
2634 3013 2797 3066 nubes
2859 3012 3213 3067 transierunt.
3268 3009 3390 3064 Alio
3453 3012 3620 3065 etiam

2033 3102 2198 3157 modo
2255 3101 2595 3172 distinguere
2646 3111 2802 3174 potes
2832 3111 2887 3158 et
2933 3104 3117 3173 legere
3194 3118 3305 3170 prae
3361 3101 3566 3172 fulgore
3601 3116 3621 3156 :

2032 3202 2088 3247 et
2118 3194 2369 3249 sistenth
2402 3194 2501 3259 ibi,
2527 3193 2675 3264 quod
2730 3193 2981 3264 sequitur
3025 3193 3408 3263 superioribus
3440 3193 3622 3263 appli-

334 3279 557 3344 αῠτοῦ,
604 3279 857 3334 τουτέστι
887 3279 1170 3352 προσώπῳ
1207 3278 1398 3345 αὑτοῦ,
1457 3279 1551 3333 καὶ
1589 3278 1707 3333 ἀντ’
1740 3278 1930 3345 αὐτοῦ,

2036 3284 2212 3351 cabis,
2244 3294 2305 3340 ut
2345 3284 2663 3356 huiusmodi
2708 3285 3040 3340 sententiam
3073 3281 3301 3349 eiﬁcias,
3330 3285 3475 3354 quod
3516 3283 3622 3339 Dec

334 3373 383 3424 οξ
410 3372 716 3430 ἀπόστολοι
746 3372 838 3426 τὸν
867 3372 963 3427 τοῦ
996 3373 1357 3443 κηρύγματος
1399 3371 1560 3440 λόγον
1610 3372 1925 3427 ἀποσταλά-

336 3464 555 3528 ζοντες,
602 3462 823 3533 διῆλθον
869 3464 970 3534 τὴν
1020 3464 1371 3534 οἰκουμένην,
1404 3463 1504 3528 τὰς
1535 3463 1774 3536 ἀρούρας
1816 3464 1928 3518 τῶν

335 3553 554 3624 ψυχῶν,
579 3554 658 3617 ὡς
679 3554 911 3623 νεφέλας
937 3553 1294 3626 πληροῦντες,
1323 3557 1695 3628 καρπογονίαν
1718 3556 1930 3611 ἀοετῶν

335 3647 686 3715 ἐγείροντες.

2035 3376 2186 3431 mino
2209 3376 2616 3447 resplendente,
2646 3384 2702 3432 et
2736 3392 2834 3447 per
2855 3375 3336 3432 conversationem
3366 3390 3432 3430 ac
3456 3374 3620 3429 vitam

2036 3482 2191 3522 suam
2234 3467 2289 3521 in
2322 3482 2491 3523 carne
2522 3482 2627 3524 nos
2679 3468 3016 3531 illustrante,
3062 3467 3119 3521 in
3172 3477 3449 3536 conspectu
3481 3465 3620 3536 ejus,

2038 3573 2136 3627 seu
2164 3574 2193 3613 a
2216 3558 2357 3614 facie
2378 3560 2521 3630 eius,
2548 3560 2652 3615 hoc
2673 3568 2762 3617 est
2788 3561 2911 3630 ipso
2941 3559 3176 3615 Domino
3194 3558 3277 3615 sic
3298 3567 3620 3630 apparente,

2039 3652 2272 3722 apostoli
2308 3666 2403 3721 per
2436 3660 2609 3707 totum
2642 3651 2833 3706 orbem
2869 3652 3258 3707 transierunt:
3295 3647 3623 3720 evangelicae

338 3741 611 3797 nimirum
637 3739 1049 3807 prmdicationis
1076 3740 1305 3796 verbum
1341 3741 1688 3808 instillantes,
1730 3749 1893 3814 atque
1916 3740 2096 3797 instar
2123 3743 2372 3809 nubium,
2405 3744 2715 3801 animarum
2741 3758 2869 3799 arva
2896 3757 2958 3797 ac
2981 3757 3203 3812 campos
3225 3742 3542 3812 irrigantes,
3568 3748 3623 3797 et

336 3838 406 3891 ad
442 3840 718 3891 virtutum
756 3834 1241 3892 fructiﬁcationem
1278 3840 1607 3894 excitantes.

423 3926 697 3989 Ῑιὲλαζαι
728 3928 845 3982 καὶ
874 3929 1176 3998 ἄνθρακες
1201 3931 1408 3999 πυρός.
1451 3928 1624 3984 Τοῦτο
1655 3930 1749 3983 καὶ
1797 3929 1934 4001 πρὸς

337 4018 438 4090 τὴν
492 4016 732 4090 πρώτην
787 4016 1001 4074 ἔννοιαν
1060 4020 1378 4091 ἀρμόσομεν
1411 4035 1425 4049 ·
1485 4020 1543 4072 αἱ
1602 4022 1935 4090 προφητεῖαι

341 4114 449 4184 ’γὰρ
503 4110 910 4175 ἀπεικάζονται
975 4112 1074 4167 καὶ
1131 4112 1381 4184 χαλάζῃ,
1448 4113 1538 4167 διὰ
1584 4113 1645 4166 τὸ
1699 4113 1937 4184 σκληρὸν

341 4210 435 4277 τῆς
466 4205 781 4275 ἀσαφείας,
813 4208 907 4260 καὶ
933 4208 1091 4276 πυρὶ,
1133 4207 1221 4261 διὰ
1261 4208 1321 4260 τὸ
1363 4207 1623 4278 πιμπρᾷν
1653 4208 1753 4269 τὰς
1788 4207 1938 4260 ἀντι-

345 4300 537 4369 λογίας
604 4298 721 4352 τῶν
772 4295 1170 4353 ἀπιστούντων.
1199 4297 1364 4352 Ὥστε
1412 4298 1477 4351 τὸ
1515 4296 1651 4351 αὐτὸ
1697 4298 1937 4353 νοεῖσθαι

349 4392 587 4462 νεφέλην
622 4390 722 4442 καὶ
765 4388 1009 4458 χάλαζαν
1034 4389 1130 4442 καὶ
1158 4387 1292 4459 πῦρ,
1330 4387 1422 4443 διὰ
1447 4388 1547 4453 τὰς
1578 4390 1936 4454 ἀποδοθείσας

346 4486 554 4547 αἰτίας.
594 4482 713 4551 Οὐχ
760 4477 925 4554 ἧττον
956 4479 1014 4534 δὲ
1059 4480 1456 4550 συμϐιβάζεται
1506 4482 1600 4535 καὶ
1657 4482 1796 4553 πρὸς
1836 4484 1938 4553 τὴν

2106 3928 2324 3984 Grande
2355 3938 2404 3982 et
2437 3926 2694 3982 carbones
2727 3925 2883 3995 ignis.
2916 3923 3033 3981 Hoc
3061 3923 3130 3978 ad
3185 3921 3417 3993 primam
3453 3934 3624 3992 expo-

2036 4021 2289 4079 sitionem
2338 4020 2745 4090 coaptabimus.
2800 4016 3066 4073 Grandini
3114 4014 3262 4070 enim
3314 4011 3621 4083 prephetire

2035 4119 2449 4183 comparantur,
2484 4118 2709 4181 propter
2751 4121 2942 4164 earum
2985 4105 3248 4161 duritiem
3293 4117 3358 4158 ac
3387 4101 3622 4157 diﬂicul-

2037 4211 2226 4265 tatem,
2250 4202 2355 4256 hoc
2389 4212 2470 4256 est
2504 4211 2726 4270 prepter
2754 4196 3152 4254 obscuritatem
3190 4211 3205 4249 :
3253 4201 3310 4250 et
3332 4193 3465 4264 igni,
3490 4193 3622 4264 quia

2034 4295 2211 4371 instar
2241 4293 2383 4365 ignis
2413 4291 2713 4349 inﬁdelium
2761 4296 3088 4360 argumenta
3146 4294 3203 4342 et
3227 4284 3625 4342 contradictio-

2041 4402 2139 4442 nes
2175 4394 2530 4441 consumunt.
2565 4381 2804 4438 Nubium
2844 4380 3012 4449 igitur
3045 4388 3102 4434 et
3141 4376 3425 4448 grandinis
3457 4384 3624 4445 atque
3721 4419 3724 4422 .

2043 4477 2187 4548 ignis
2232 4474 2550 4531 nominibus
2596 4473 2786 4529 cadem
2822 4486 2935 4537 res,
3000 4467 3290 4540 prophetia
3338 4466 3622 4532 nimirum,

344 4577 595 4646 ἐσχάτην
619 4574 909 4642 ἐξήγησιν,
943 4573 1026 4636 εἰς
1057 4572 1182 4635 τοὺς
1212 4572 1547 4637 ἀποστόλους
1572 4573 1775 4642 ὁμοίως
1805 4574 1934 4627 ύπο-

2044 4566 2334 4628 nobishoc
2377 4567 2433 4619 ln
2481 4565 2603 4620 loco
2636 4561 3024 4633 signiﬁcatur:
3062 4571 3167 4612 nec
3209 4555 3393 4613 minus
3443 4561 3623 4608 tamen

342 4668 646 4739 ληψόμεθα
674 4665 919 4736 χάλαζαν
944 4665 1038 4718 καλ⁸
1062 4663 1175 4733 πῦρ
1202 4681 1217 4695 ο
1242 4665 1304 4717 τδ
1341 4665 1462 4736 μὲν,
1488 4664 1561 4729 ὡς
1600 4664 1698 4736 τὴν
1728 4665 1940 4737 πλάνην

343 4760 820 4831 ἀποτυφλοῦντας
885 4758 979 4812 καὶ
1009 4756 1425 4829 διαφθείροντας
1453 4774 1468 4788 ·
1509 4758 1571 4812 τὸ
1612 4757 1691 4824 δὲ,
1728 4758 1804 4823 ὼς
1840 4758 1940 4830 τὴν

346 4857 615 4915 ἀσέϐειαν
663 4852 1084 4926 ὲμπιπρῶντας.

419 5119 533 5176 Kal
587 5117 964 5185 ἐϐρόντησεν
1004 5113 1076 5180 ἐξ
1106 5115 1372 5184 οὐρανοῦ
1407 5116 1441 5170 ό
1483 5115 1720 5186 Κύριος,
1754 5114 1852 5169 καὶ
1908 5117 1942 5169 ὁ
2000 5143 2013 5155 -

348 5214 656 5283 Ὑψίστας
688 5207 879 5261 ἔδωκε
906 5205 1125 5276 φωνὴν
1165 5206 1376 5261 αὐτοῦ.
1416 5205 1622 5276 Κύριος
1657 5209 1752 5260 καὶ
1780 5206 1944 5275 ’Ὑψι-

2041 4658 2247 4712 ultimaa
2277 4655 2616 4727 expositioni
2667 4652 3000 4709 conveniunt
3040 4649 3208 4718 hujus
3247 4647 3412 4703 verba
3454 4646 3628 4702 versi-

2039 4751 2173 4818 culi,
2214 4750 2261 4805 si
2306 4750 2585 4820 apostolos
2616 4748 2765 4818 ipsos
2805 4761 2906 4816 pro
2954 4744 3223 4815 grandine
3288 4749 3455 4811 atque
3503 4739 3628 4811 igne

2038 4843 2452 4913 intelligamus:
2492 4841 2620 4910 quia
2673 4847 2727 4895 et
2774 4839 2950 4894 instar
3005 4834 3334 4907 grandinis,
3380 4845 3626 4887 errorem

2040 4950 2256 4990 omnem
2283 4933 2557 5005 dissipant
2584 4948 2647 4988 ac
2672 4930 3044 4997 contundunt,
3075 4935 3130 4983 et
3157 4924 3307 4982 velut
3330 4924 3496 4996 ignis,
3528 4923 3630 4978 im~

2038 5026 2291 5092 pietatem
2330 5023 2646 5079 absumunt.

2110 5114 2275 5170 Vens.
2309 5116 2397 5170 14.
2428 5112 2495 5168 Et
2530 5112 2762 5167 intonuit
2793 5110 2857 5167 de
2894 5111 3024 5166 creto
3060 5108 3342 5171 Dominus,
3374 5113 3423 5160 et
3457 5103 3629 5162 Altis-

2036 5210 2205 5263 simus
2236 5207 2381 5262 dedit
2439 5223 2615 5261 vocem
2662 5194 2850 5259 suam.
2900 5203 3171 5259 Dominus
3223 5205 3278 5253 et
3311 5194 3627 5255 Altissimus

350 5280 504 5371 στος,
543 5306 573 5356 ό
601 5300 765 5367 Θεὸς,
794 5300 872 5363 ὠς
902 5300 1198 5371 Δεσπότης,
1228 5300 1323 5353 καὶ
1347 5298 1571 5370 ὑψηλός.
1616 5297 1934 5369 Ἐὃρόντησε

2040 5300 2187 5355 Deus
2223 5310 2307 5353 est
2363 5309 2623 5369 tanquam
2672 5295 2938 5352 Dominus
2966 5299 3022 5350 et
3075 5291 3354 5347 excelsus.
3388 5280 3628 5339 Intonuit

347 5397 405 5449 δὲ
436 5397 538 5451 καὶ
568 5393 749 5448 ἔδωκε
782 5391 972 5461 φωνὴν
1029 5389 1218 5456 αὑτοῦ,
1270 5391 1361 5444 ὅτε
1414 5391 1551 5461 πρὸς
1601 5390 1692 5442 τὸν
1725 5390 1934 5458 Πατέρα

2044 5403 2224 5446 autem
2272 5404 2336 5445 ac
2390 5389 2539 5444 dedit
2601 5403 2791 5443 vocem
2848 5400 3028 5449 suam,
3077 5380 3297 5452 quando
3346 5374 3520 5451 Filius
3556 5371 3626 5426 ad

351 5490 381 5542 δ
406 5486 534 5549 Υἱὸς
560 5483 768 5555 ὲόόησε
800 5497 813 5510 ”
847 5478 1262 5549 Περιδόξασόν
1291 5494 1409 5534 σου
1432 5479 1498 5533 τὸ
1535 5479 1741 5549 ὄνομα.
1770 5475 1934 5533 Ἦλθε

2047 5480 2264 5536 Patrem
2328 5480 2585 5536 clamavit
2630 5478 2861 5534 dicens:
2901 5475 3084 5538 Pater,
3148 5468 3391 5540 glori/ica
3439 5479 3625 5520 nomen

356 5582 481 5652 γὰρ,
535 5578 701 5651 φησὶ,
742 5572 902 5647 φωνὴ
946 5575 1012 5627 ἐκ
1057 5570 1153 5624 τοῦ
1203 5570 1433 5643 οὐρανοῦ
1467 5588 1482 5603 ·
1529 5571 1634 5627 Kal
1680 5570 1934 5637 ἐδόξασα

2050 5585 2200 5629 tuum
2230 5574 2296 5627 ”.
2333 5570 2495 5629 Venit
2535 5573 2682 5627 enim
2718 5582 2848 5624 tunc
2886 5564 3087 5636 (inquit
3130 5556 3490 5630 evangelista)
3523 5572 3627 5616 vox

359 5647 444 5741 ee;
472 5647 575 5729 καὶ
600 5647 814 5728 ’πάλιν
854 5664 1127 5733 δοξάσω.
1170 5661 1230 5716 '0
1264 5663 1322 5717 et
1360 5662 1536 5736 δχλος,
1568 5664 1596 5718 ό
1623 5663 1814 5729 ἑστὼς,
1850 5664 1934 5718 καῖ

2053 5666 2118 5722 dc
2164 5664 2303 5720 ctelo
2355 5664 2590 5720 dicens:
2634 5661 2703 5716 Et
2760 5653 3053 5730 gloriﬁcavi
3100 5660 3149 5707 et
3186 5652 3376 5707 iterum
3428 5647 3628 5723 gloriﬁ—

416 5857 459 5891 ιι
486 5857 593 5916 ιδῃ,
629 5873 683 5923 v,
733 5852 789 5910 7.
882 5848 929 5882 ³⁸
960 5845 1131 5902 Joan.
1161 5857 1257 5909 stt,
1288 5840 1381 5897 28.
