4116 6484
284 453 373 520 233

1437 455 1831 517 COMMENT.
1870 453 1954 517 IN
1984 450 2357 515 PSALMOS.

3438 452 3546 516 2M

288 569 375 640 μὸν
401 567 815 639 ὲπαναδραμὼν
855 568 952 622 τοῦ
979 548 1173 639 λόγουῗ
1207 564 1588 635 Ἐξαπέστειλε
1626 570 1756 640 γὰρ,
1788 569 1867 625 εἷς·

1975 571 2156 627 monis
2205 572 2292 626 sui
2325 571 2551 636 seriem,
2620 586 2896 627 reversus.-
2953 569 3099 627 Misit
3142 570 3312 636 enim,
3355 570 3550 641 inquit,

288 680 399 726 πεν,
432 665 461 716 ὁ
488 661 625 726 Θεὸς
661 663 722 729 ἐξ
754 663 995 731 οὐρανοῦ
1025 663 1302 733 βοήθειαν,
1332 664 1428 716 καὶ
1463 664 1738 737 ἐρρύσατο
1772 683 1861 735 με.

349 754 763 822 Προσελάϐετό
785 770 866 823 με
896 755 965 817 ἐξ
998 754 1235 809 ὑδάτων
1263 755 1531 810 πολλῶν.
1583 757 1665 811 Τὰ
1697 756 1867 811 ὕδατα

228 879 241 888 ο
283 843 431 915 παρὰ
457 845 523 914 τῇ
547 843 672 914 θείᾳ
704 844 904 914 Γραφῇ
928 845 1062 898 ποτὲ
1096 846 1195 915 μὲν
1220 847 1299 908 εἰς
1322 846 1590 916 κάθαρσιν
1614 847 1707 902 καὶ
1731 848 1866 902 ἀνα-

282 934 454 1007 ψυχήν
480 935 888 1006 λαμϐάνονται,
929 937 1186 1007 καθάπερ
1225 938 1355 992 ὅταν
1384 938 1554 992 ὕδατα
1582 942 1868 1011 νοήσωμεν

283 1024 379 1096 τὴν
404 1025 759 1079 διδασκαλίαν
787 1041 801 1054 '
838 1026 970 1079 ποτὲ
1004 1026 1060 1080 δὲ
1102 1028 1547 1099 καταποντισμὶν
1598 1032 1689 1081 καὶ
1751 1028 1870 1081 ὀλε-

285 1117 434 1187 θρον,
495 1116 570 1181 ὡς
619 1117 719 1170 ἐπὶ
764 1116 862 1171 τοῦ
927 1118 1218 1189 παρόντος.
1280 1118 1518 1190 Τοιαύτη
1553 1119 1662 1191 γὰρ
1700 1122 1867 1190 ἡτῶν

283 1209 493 1263 ὑδάτων
526 1208 694 1278 φύσις
729 1224 743 1237 ·
781 1209 842 1263 τὸ
879 1211 1001 1280 μὲν,
1035 1211 1380 1283 καθαίρουσα
1413 1228 1428 1243 ⁸
1459 1213 1523 1265 τὸ
1573 1213 1654 1277 δὲ,
1731 1215 1864 1267 ἀποο

279 1299 569 1371 πνίγωσα,
596 1302 714 1359 καὶ
771 1301 976 1372 μᾶλλον
1024 1304 1153 1358 ὅταν
1209 1306 1294 1375 εἴη
1350 1305 1521 1359 πολλὰ
1547 1306 1642 1359 καὶ
1673 1306 1863 1377 βαθέα.

277 1394 397 1464 Χρὴ
430 1394 617 1446 τοίνυν
653 1391 823 1447 ὕδατα
869 1395 1045 1448 πολλὰ
1071 1395 1317 1467 νομίζειν
1374 1396 1436 1449 τὸ
1492 1396 1698 1467 πλῆθος
1758 1396 1866 1450 τῶν

281 1484 668 1556 συμφορῶν,ῆ
708 1485 819 1539 τῶν
868 1486 1103 1558 ἐχθρῶν.
1155 1486 1577 1556 Προσελάϐετο
1610 1489 1693 1555 δὲ,
1745 1490 1869 1542 ἀντὶ

277 1577 392 1643 τοῦ,
418 1578 669 1649 ἐξήγαγέ
702 1594 769 1647 με
801 1578 941 1652 πρὸς
976 1579 1168 1634 ἑαυτόν
1194 1596 1208 1611 ’
1253 1581 1282 1633 ὁ
1320 1582 1430 1651 γὰρ
1480 1581 1694 1651 ἐξάγων
1719 1581 1863 1648 τινὰ,

276 1672 409 1742 πρὶς
441 1673 637 1726 ἑαυτὸν
665 1671 851 1726 suae:
881 1673 1072 1727 τοῦτον
1098 1674 1667 1745 ἀντιλαμβανόμενος.

363 1849 631 1905 Ρύσεταί
654 1868 732 1919 με
754 1854 825 1918 ἐξ
844 1853 1076 1924 ἐχθρῶν
1102 1874 1225 1926 μου
1255 1855 1554 1927 δυνατῶν.
1600 1859 1864 1932 Ἐχθροὺς

1971 661 2233 717 Dominus
2254 660 2320 715 de
2346 662 2487 716 coelo
2517 660 2784 715 auxilium
2815 673 2870 715 et
2911 662 3115 731 eripuit
3146 676 3255 716 me.

2039 754 2337 823 Assumpsit
2370 769 2451 806 me
2474 752 2537 804 de
2573 753 2725 822 aquis
2749 752 2952 807 multis.
2998 755 3168 823 Aqua:
3213 767 3355 823 apuu
3404 753 3555 808 Scri-

1968 854 2185 914 pturam
2220 860 2323 916 pro
2367 844 2699 915 purgatione
2728 858 3079 914 quacumque
3114 854 3209 899 aut
3257 844 3556 913 refrigera~

1967 936 2116 992 tione
2143 936 2515 1007 accipiuntur,
2567 936 3036 1006 quemadmodum
3066 952 3190 991 cum
3240 952 3415 1006 aquas
3455 953 3556 1006 pro

1967 1027 2216 1082 doctrina
2254 1027 2556 1097 accipimus
2588 1025 2735 1099 [quas
2791 1036 2846 1081 et
2892 1025 3182 1097 refrigerat
3216 1038 3269 1082 et
3300 1025 3548 1099 purgat],

1970 1119 2305 1189 quandoque
2344 1133 2448 1188 pro
2479 1118 2832 1174 demersione
2877 1133 2941 1172 ac
2977 1119 3314 1189 perditione,
3346 1130 3409 1174 ut
3442 1121 3554 1174 hic.

1969 1209 2094 1264 Haec
2129 1211 2300 1266 etiam
2338 1210 2488 1265 enim
2525 1224 2796 1280 aquarum
2839 1218 3060 1275 natura,
3090 1217 3151 1265 ut
3177 1216 3233 1263 et
3271 1210 3457 1264 abluat
3492 1223 3555 1265 et

1970 1299 2282 1370 refrigeret,
2315 1309 2372 1356 et
2402 1299 2658 1365 suﬂ‘ocet,
2695 1298 2976 1372 praecipue
3020 1299 3066 1355 si
3100 1301 3271 1354 multa
3305 1315 3449 1371 aqua
3482 1301 3560 1356 sit

1968 1400 2023 1445 et
2053 1391 2354 1463 profunda.
2385 1391 2492 1447 Per
2528 1393 2730 1447 multas
2754 1392 2942 1463 itaque
2974 1407 3150 1464 aquas
3176 1393 3554 1450 calamitatum

1969 1489 2064 1537 aut
2116 1483 2467 1539 inimicorum
2506 1483 2918 1540 multitudinem
2952 1484 3222 1556 intellige.
3256 1487 3557 1555 Assumpst't

1968 1585 2152 1631 autem
2182 1592 2284 1643 me,
2316 1577 2420 1633 hoc
2447 1586 2557 1643 est,
2588 1576 2655 1651 ad
2694 1591 2755 1631 se
2784 1591 2871 1631 me
2903 1577 3113 1633 eduxit.
3144 1579 3282 1634 Nam
3314 1580 3409 1650 qui
3452 1580 3556 1633 ali-

1971 1686 2135 1738 quem
2204 1670 2470 1740 adjuvans
2508 1686 2538 1725 e
2577 1670 2826 1742 periculo
2882 1671 3090 1741 educit,
3135 1674 3201 1727 ad
3240 1688 3299 1731 se
3328 1672 3554 1728 trahere

1971 1760 2126 1814 illum
2160 1762 2321 1816 solet.

2046 1851 2208 1908 Vens.
2255 1853 2341 1909 18.
2371 1853 2578 1924 Eripiet
2614 1871 2696 1910 me
2722 1855 2786 1911 de
2818 1856 3051 1911 inimicis
3078 1853 3556 1925 meispotentibus.

274 1943 539 2006 δυνατοὺς
577 1946 819 2001 ἐνταῦθα
857 1949 989 2012 τοὺς
1026 1949 1292 2021 δαίμονας
1338 1952 1704 2022 ὑποληπτέον,
1767 1954 1864 2008 καὶ

1975 1942 2231 2000 Potentes
2252 1945 2459 2001 inimici
2488 1948 2577 2001 hic
2603 1947 2887 2003 daamones
2915 1947 3254 2018 intelligendi
3281 1957 3435 2014 sunt,
3461 1947 3555 2016 qui

279 2044 531 2116 φανερῶς
565 2044 664 2098 καὶ
694 2042 923 2112 ἀφανῶς
951 2042 1349 2113 πολεμοῦντας,
1380 2046 1475 2100 καὶ
1512 2048 1735 2118 νύκτωρ
1770 2050 1864 2100 καὶ

280 2138 394 2207 μεθ’
420 2134 798 2209 ἡμέραν,’καὶ
830 2136 917 2188 διὰ
953 2135 1137 2208 πάσης
1169 2137 1506 2210 αἰσθήσεως,
1547 2140 1642 2194 καὶ
1701 2141 1865 2209 φύσιν

277 2229 498 2298 ἔχοντας
555 2229 847 2300 ἀκάματον
890 2232 950 2282 ὲν
990 2230 1197 2300 μάχαις
1234 2247 1248 2262 ·
1302 2234 1594 2302 πνεύματα
1636 2236 1763 2305 γάρ.
1807 2236 1866 2289 Ὀ

282 2318 413 2385 γοῦν
470 2318 653 2372 ὶκτῶν
726 2318 1007 2390 αἰσθητῶν
1069 2338 1137 2391 με
1179 2323 1485 2393 ῥυσάμενος
1522 2324 1676 2389 Θεὸς,
1705 2327 1867 2390 αὐτὸς

297 2410 517 2476 ῥύσεται
540 2429 602 2481 με
620 2412 714 2465 καὶ
749 2413 815 2465 ὲκ
851 2412 961 2466 τῶν
988 2413 1194 2483 νοητῶν
1221 2415 1457 2485 ἐχθρῶν,
1498 2416 1606 2470 τῶν
1627 2418 1866 2473 δυνατῶν

301 2503 379 2555 si;
414 2504 660 2574 πονηρίαν
690 2505 789 2557 καὶ
822 2503 1069 2576 ὄλεθρον.

342 2787 457 2842 Καὶ
489 2788 556 2842 ἐκ
587 2788 710 2844 τῶν
736 2793 1086 2862 μισούντων
1124 2811 1223 2864 με,
1278 2795 1368 2850 ὅτι
1411 2795 1870 2866 ἐστερεώθησαν

266 2882 429 2950 ὑπὲρ
451 2881 580 2952 ἐμέ.
612 2884 676 2937 0i
712 2884 824 2957 γὰρ
847 2887 1003 2940 αὐτοὶ
1034 2888 1413 2961 μισάνθρωποι
1434 2889 1612 2957 ὄντες,
1650 2892 1869 2962 μισοῦσι

266 2973 437 3043 κάμὲ,
465 2973 565 3028 καὶ
588 2974 834 3045 μάλιστα
859 2975 1234 3049 βοηθούμενον
1256 2979 1360 3033 ὑπὸ
1387 2980 1549 3036 Θεοῦ.
1579 2983 1679 3037 Διὰ
1710 2984 1871 3039 τοῦτο

268 3065 323 3118 is
352 3065 599 3137 ῥύσεταί
636 3084 704 3139 με
730 3068 789 3135 ἐξ
810 3070 992 3125 αὐτῶν
1019 3074 1048 3124 ὁ
1083 3071 1311 3145 Κύριος,
1358 3070 1493 3130 διότι
1531 3081 1868 3134 συνεσκευά-

268 3155 509 3225 σθησαν,
536 3157 638 3210 καὶ
664 3159 1138 3230 συνησπισθησαν,
1181 3162 1213 3233 ἦ
1242 3162 1444 3232 μᾶλλον
1511 3165 1708 3233 εἰπεῖν,
1744 3184 1870 3219 συν-

1970 2039 2149 2107 palam
2182 2047 2235 2094 et
2267 2039 2436 2106 ciam,
2470 2038 2566 2093 diu
2617 2048 2921 2110 noctuque,
2959 2053 3024 2094 ac
3055 2054 3157 2109 per
3186 2053 3381 2093 omnes
3420 2052 3556 2095 sen-

1969 2147 2066 2189 sus
2107 2145 2207 2186 nos
2262 2141 2635 2201 oppugnant:
2674 2131 2841 2186 veluti
2897 2130 2988 2199 qui
3045 2136 3330 2200 potentem
3391 2137 3559 2199 atque

1969 2223 2305 2281 indefessam
2339 2223 2394 2277 in
2427 2223 2725 2295 pugnando
2760 2233 3015 2280 naturam
3042 2223 3273 2279 habent.
3314 2222 3559 2292 Spiritus

1969 2318 2116 2371 cnim
2153 2324 2306 2371 sunt.
2360 2315 2458 2385 [Ue
2494 2315 2682 2386 igitur,
2715 2315 2918 2385 inquit,
2960 2314 3248 2380 Dominus,
3281 2316 3377 2385 qui
3411 2330 3499 2371 me
3526 2329 3559 2369 a

1970 2409 2325 2466 sensibilibus
2356 2423 2421 2462 ac
2448 2406 2747 2462 mundanis
2796 2408 3051 2462 hostibus
3107 2407 3240 2461 olim
3279 2407 3557 2474 liberavit,

1971 2501 2230 2558 liberabit
2258 2501 2425 2556 etiam
2451 2499 2521 2553 ab
2556 2499 3035 2555 intellectualibus
3065 2504 3233 2568 atque
3263 2498 3562 2553 inrisibtli-

1970 2595 2075 2649 bus
2109 2592 2350 2647 inimicis
2381 2630 2396 2654 ,
2421 2590 2519 2660 qui
2569 2589 2637 2644 ad
2693 2589 3035 2659 perdendum
3094 2596 3262 2659 atque
3306 2588 3371 2644 ad
3406 2589 3559 2643 mali-

1970 2684 2249 2755 gnandum
2282 2694 2539 2754 potentes
2568 2693 2715 2737 sunt.

2041 2800 2111 2854 Et
2132 2801 2198 2852 de
2231 2799 2314 2852 his
2367 2798 2460 2868 qui
2520 2796 2745 2850 oderunt
2794 2812 2907 2862 ,me,
2961 2795 3210 2865 quoniam
3253 2794 3564 2864 conﬁrmati

1972 2902 2095 2946 sunt
2140 2906 2302 2960 super
2343 2907 2445 2943 me.
2481 2889 2590 2959 Ipsi
2635 2889 2785 2944 enim
2827 2888 3109 2943 daemones
3139 2887 3235 2956 qui
3270 2888 3563 2943 universos

1971 2984 2206 3037 oderunt
2235 2980 2512 3042 homines,
2538 2977 2778 3035 oderunt
2799 2986 2855 3031 et
2889 2991 2999 3041 me,
3030 2991 3097 3029 eo
3134 2975 3375 3031 maxime
3412 2977 3564 3046 quod

1969 3088 2003 3127 ο
2034 3072 2142 3128 Deo
2167 3072 2396 3142 adjutus
2420 3085 2569 3126 sum.
2609 3069 2883 3123 Dominus
2912 3078 3094 3122 autem
3125 3082 3189 3122 ea
3214 3082 3307 3123 me
3342 3069 3565 3124 ratione

1973 3165 2042 3218 ab
2075 3163 2155 3217 eis
2183 3161 2459 3227 liberabit,
2493 3160 2756 3228 quoniam
2787 3175 2893 3212 una
2930 3157 3174 3212 insidiati
3207 3166 3338 3213 sunt
3363 3157 3563 3213 adver-

272 3249 522 3318 ἠσπισαν
553 3248 651 3303 καὶ
683 3251 1138 3321 ἐκραταιώθῃσαν
1169 3253 1313 3326 ὑπὲρ
1363 3256 1484 3326 ἐμὲ,
1529 3257 1604 3329 μὴ
1630 3257 1867 3326 φυλαξά-

1975 3269 2229 3320 summe,
2260 3260 2314 3307 et
2341 3251 2507 3307 simul
2540 3250 2717 3320 juncti
2749 3267 2764 3314 ;
2807 3252 2918 3304 imo
2954 3264 3086 3305 vero
3112 3247 3195 3320 (ut
3248 3248 3449 3304 melius
3478 3249 3565 3306 di-

266 3357 430 3410 μενον
457 3343 584 3402 τοῖς
617 3340 806 3405 ὅπλοις
853 3343 949 3413 τῆς
986 3343 1213 3414 ἀρετῆς,
1272 3346 1350 3411 ὠς
1407 3342 1476 3420 ἦν
1520 3350 1690 3416 εἰκὸς,
1749 3349 1865 3403 ἀλλ’

264 3430 824 3503 ὑπομαλακισθέντα.
853 3433 925 3487 Ἢ
951 3436 1045 3487 καὶ
1071 3434 1155 3488 ὅτι
1211 3437 1260 3488 οἱ
1299 3437 1401 3508 μὲν
1429 3438 1593 3508 φύσιν
1648 3440 1865 3510 ἔχουσιν

208 3578 213 3583 _
257 3520 445 3583 ἄῦὶον,
484 3521 585 3574 καὶ
620 3518 864 3591 ὁρῶντες
898 3520 1220 3592 βάλλουσιν·
1271 3525 1384 3592 ἐγὼ
1409 3525 1465 3579 δὲ
1500 3526 1719 3600 ὑλικὴν,
1764 3531 1863 3601 οὐχ

258 3613 367 3681 ὁρῶ
396 3614 539 3675 τοὺς
567 3610 1009 3684 τιτρώσκοντας.

1971 3346 2143 3417 eam),
2168 3347 2297 3414 quia
2332 3345 2605 3400 fortiores
2624 3343 2750 3398 facti
2776 3350 2927 3408 sunt,
2955 3352 3009 3399 et
3032 3342 3442 3412 praevaluerunt
3467 3357 3565 3397 su-

1976 3450 2072 3505 per
2103 3450 2209 3489 mc.
2247 3432 2383 3487 Cum
2408 3446 2511 3502 ego
2545 3434 2817 3487 virtutum
2853 3432 3048 3497 armis,
3083 3440 3142 3486 ut
3192 3432 3562 3501 oportuisset,

1980 3530 2227 3585 munitus
2280 3544 2389 3583 non
2443 3542 2648 3593 essem,
2699 3526 2795 3582 sed
2835 3526 3017 3581 mollis
3063 3526 3251 3596 petius
3288 3540 3468 3582 essem
3500 3539 3568 3579 ac

1975 3624 2199 3687 debilis,
2234 3624 2317 3677 vel
2345 3623 2475 3691 quia
2518 3619 2803 3676 daemones
2854 3627 3110 3675 naturam
3160 3619 3364 3674 habent
3408 3621 3563 3675 omni

261 3715 551 3760 carentem
577 3704 835 3768 materia,
864 3716 919 3759 et
952 3705 1103 3760 illum
1169 3706 1428 3766 facillime
1471 3710 1678 3777 rident,
1727 3729 1889 3782 quem
1925 3712 2093 3769 icrire
2124 3715 2312 3769 volunt
2345 3730 2359 3768 :
2391 3728 2494 3783 ego
2556 3727 2687 3766 vero
2742 3712 2834 3782 qui
2888 3718 3141 3765 naturam
3214 3709 3455 3765 materia;
3501 3723 3568 3765 ac

268 3800 497 3870 corpori
555 3796 859 3854 admistam
925 3799 1124 3865 habeo,
1164 3799 1424 3856 ferientes
1459 3818 1547 3857 tne
1578 3804 1702 3859 illos
1750 3821 1858 3859 non
1899 3805 2078 3861 video.

342 3889 771 3961 Προὲςςθασὰν
786 3907 865 3960 με
892 3892 962 3945 ἐν
991 3891 1182 3961 ἡμέρᾳ
1238 3893 1561 3962 κακώσεώς
1594 3914 1736 3965 μου.
1807 3898 1882 3951 Τὸ

264 3980 655 4048 πωρθὰνειν
707 3979 773 4031 οὐ
836 3980 1076 4034 πάντοτε
1111 3981 1372 4051 σημαίνει
1421 3984 1483 4037 τὸ
1538 3987 1883 4055 προλαμϐά-

272 4086 390 4123 retr
419 4089 435 4103 °
474 4071 603 4124 ἀλλ’
637 4069 792 4123 εστιν
815 4072 905 4125 ὅτε
940 4071 1037 4125 καὶ
1067 4073 1129 4125 τὸ
1153 4073 1409 4142 φθάνειν
1437 4070 1646 4145 ἁπλῶς,
1694 4080 1790 4132 καὶ
1816 4080 1877 4132 τὸ

277 4164 674 4224 ἐπιτίθεσθαι,
700 4163 957 4235 καθάπερ
982 4164 1080 4218 καὶ
1107 4164 1204 4220 νῦν
1231 4181 1247 4195 ⁸
1272 4168 1566 4223 Ἐπέθεντο
1613 4174 1744 4242 γάρ,
1776 4189 1880 4243 φη-

281 4256 375 4320 σιν,
408 4258 460 4309 oi
501 4253 703 4326 ἐχθροί
738 4272 866 4323 μου,
901 4257 1017 4308 sies
1056 4257 1107 4309 οε
1140 4258 1351 4326 ὀρατοὶ,
1385 4257 1498 4312 εἴτε
1533 4261 1584 4314 οἱ
1629 4263 1876 4333 ἀόρατοι,

279 4344 328 4395 ἐν
351 4345 538 4418 καιρῷ
573 4343 881 4410 κακὼσεώς
922 4363 1049 4415 μου,
1088 4347 1388 4415 τουτέστιν,
1428 4348 1716 4417 ἀσθενεέας
1765 4353 1879 4407 τῶν

282 4439 597 4510 πολεμικῶν
633 4439 1029 4508 παρασκευῶν,
1065 4440 1179 4495 εἴτε
1219 4442 1328 4497 τῶν
1368 4445 1605 4516 ὁρατῶν,
1641 4447 1752 4500 εἴτε
1776 4447 1888 4500 τῶν

287 4530 535 4600 ἀοράτων
571 4544 587 4558 '
624 4528 969 4586 ἀσθενοῦντα
1002 4533 1112 4603 γάρ
1136 4549 1205 4603 με
1243 4533 1554 4603 βλέποντες,
1587 4540 1704 4591 τότε
1755 4540 1891 4610 μᾶλ-

275 4617 360 4672 ὶον
417 4622 774 4677 ἐπετίθεντο.

2058 3898 2223 3954 Vens.
2260 3896 2347 3951 19.
2383 3895 2759 3952 Prwvenerunt
2793 3910 2875 3949 me
2897 3896 2955 3948 in
2983 3895 3067 3948 die
3094 3894 3391 3965 omit-tionis
3416 3909 3568 3953 mew.

1981 3990 2217 4045 Verbum
2249 3988 2559 4054 prcevenire.
2594 4002 2704 4042 non
2733 4000 2949 4056 semper
2981 3985 3258 4056 signiﬁcat
3284 4001 3568 4053 prceoccu-

1981 4098 2136 4151 pare,
2189 4080 2287 4134 sed
2346 4078 2647 4149 aliquando
2695 4093 2954 4146 occupare
2997 4076 3346 4147 simpliciter,
3404 4087 3569 4149 atque

1983 4172 2213 4235 adoriri,
2245 4179 2302 4225 ut
2327 4169 2714 4239 inpraesentia.
2746 4170 2806 4222 In
2831 4177 3077 4236 tempore
3096 4174 3280 4222 autem
3313 4167 3568 4224 aﬂlictio-

1983 4260 2072 4314 nis
2108 4273 2264 4325 mem,
2331 4257 2438 4312 hoc
2489 4265 2598 4321 cst,
2664 4257 2719 4312 in
2776 4266 3026 4327 tempore
3091 4256 3455 4323 inﬁrmitatis,
3518 4271 3567 4315 et

1984 4356 2206 4424 quando
2240 4353 2432 4409 bellica
2464 4368 2615 4407 arma
2656 4352 2898 4408 nondum
2940 4366 3399 4421 prarparaveram,
3438 4356 3564 4423 qui-

1983 4448 2087 4503 bus
2118 4446 2384 4502 adversus
2413 4445 2656 4501 visibiles
2684 4455 2780 4499 aut
2816 4445 3124 4500 invisibiles
3153 4444 3443 4500 inimicus'
3465 4463 3571 4515 pu-

1985 4556 2233 4611 gnarem.
2269 4540 2427 4596 Tunc
2450 4539 2598 4595 enim
2632 4538 2708 4593 illi
2734 4539 3012 4607 praecipue
3035 4536 3216 4591 adorti
3255 4547 3411 4602 sunt,
3444 4553 3571 4591 cum

1993 4651 2081 4691 me
2117 4636 2397 4690 inﬁrmum
2433 4635 2709 4690 viderunt.

335 4719 447 4770 Καὶ
490 4716 748 4787 ἐγένετο
789 4718 1007 4787 Κύριος
1054 4720 1493 4793 άντιστήριγμὰ
1534 4742 1677 4793 μου.
1732 4728 1870 4780 Μέλ-

2060 4726 2130 4780 Ει
2156 4728 2331 4796 factm
2372 4738 2447 4781 est
2481 4726 2741 4781 Dominus
2773 4726 3172 4795 ﬁrmamentum
3204 4743 3399 4781 meum.
3428 4727 3572 4783 Cum

269 4807 456 4874 λοπος
486 4811 862 4870 καταπεσεῖν.
895 4811 1236 4882 ἀντέρεισμα
1264 4815 1485 4882 ἐγένετο
1518 4819 1582 4887 τῇ
1625 4817 1881 4887 ἀσθενείᾳ

275 4917 397 4969 ρον.
420 4903 795 4973 Στηριγμὸς,
826 4904 949 4957 ἀντὶ
978 4904 1178 4974 ῥάϐδου
1209 4907 1634 4979 ὗπερειδούσης.

348 5171 654 5246 ἐξήταγέ
701 5189 780 5243 με
832 5177 920 5240 εἰς
980 5178 1367 5247 πλατυσμόν.
1440 5179 1572 5232 Ἀπὸ
1620 5181 1721 5251 τῆς
1764 5181 1878 5235 τῶν

267 5265 512 5335 θλίψεων
549 5265 887 5338 στενότητος
930 5268 1013 5331 εἰς
1062 5269 1411 5340 εὐφροσύνην
1487 5273 1599 5344 (64)
1648 5274 1874 5339 πλάτος,

267 5361 387 5430 ἦτοι
408 5363 696 5427 διάλυσιν,
720 5363 862 5416 κατὰ
896 5362 959 5416 τό
990 5377 1006 5393 ⁸
1038 5364 1138 5419 Ἑν
1164 5367 1369 5435 θλίψει
1400 5366 1750 5434 ἐπλάτυνάς
1765 5385 1842 5437 με
1863 5383 1876 5397 ·

273 5451 307 5516 ἦ
338 5454 434 5507 καὶ
470 5455 564 5509 ὅτι
595 5452 1076 5523 περικυκλοῦντες
1123 5456 1173 5508 oi
1218 5457 1426 5527 ἐχθροὶ,
1483 5458 1733 5511 στενοῦσι
1786 5458 1880 5512 τὸν

364 5630 405 5667 ’⁵⁸
430 5633 588 5692 Psal.
613 5649 697 5702 IV,
719 5633 781 5687 2ο

1986 4818 2233 4875 futurum
2257 4829 2407 4876 esset
2434 4829 2491 4873 ut
2521 4821 2799 4883 caderem,
2833 4820 3121 4878 sustinens
3158 4836 3222 4874 ac
3249 4821 3575 4877 suﬂ'ulciens

1988 4926 2076 4967 me
2130 4909 2440 4976 Dominus,
2507 4911 2686 4967 iactus
2761 4920 2847 4969 est
2914 4913 3221 4969 inﬁrmitati
3275 4930 3409 4970 mem
3481 4917 3576 4969 [ir-

1990 5013 2352 5070 mamentum,
2416 5014 2473 5059 et
2520 5005 2677 5077 quasi
2732 5005 2966 5062 baculus
3026 5008 3253 5078 quidam
3290 5010 3390 5064 cui
3431 5009 3576 5063 inni-

1984 5102 2155 5150 terer.
3488 5146 3497 5154 .

2062 5184 2229 5242 Vsus.
2259 5188 2353 5243 20.
2392 5187 2461 5242 Et
2484 5189 2666 5243 eduxit
2698 5205 2780 5243 me
2828 5188 2883 5244 in
2914 5190 3277 5248 latitudinem.
3312 5191 3575 5246 Aﬁlictio-

1988 5296 2119 5336 num
2149 5281 2404 5350 angustia
2436 5296 2719 5349 pressum,
2751 5286 2806 5338 in
2840 5266 3429 5346 laetitiaa'latitudinem,
3469 5283 3575 5335 hoc

1989 5381 2076 5426 est
2112 5373 2167 5427 in
2193 5374 2428 5430 eﬂ'usam
2455 5376 2889 5432 exsultationem
2920 5378 3143 5443 emisit.-
3174 5375 3339 5430 Juxta
3392 5374 3566 5443 quod,

1993 5464 2123 5519 alibi
2160 5465 2395 5537 legimus
2427 5484 2440 5520 :
2476 5464 2538 5521 In
2572 5467 2919 5545 tribulatione
2962 5466 3213 5521 dilatam
3240 5482 3321 5519 me
3365 5464 3433 5518 θ’.
3476 5463 3572 5520 Vel

1660 5777 1861 5841 Variae
1890 5779 2220 5848 lectiones.

352 5897 454 5972 (65)
485 5901 579 5958 ῑσ.
610 5897 990 5972 εὐφροσύνης.

608 5999 893 6061 Parnm.
942 5997 1065 6058 Gn.
1111 5991 1450 6058 CXXVIII.
