  <div class='ocr_page' id='page_1' title='image "/cluster/home/n/w/nwhite01/storage/ocr_20150623/128:no.1/coo.31924054870336/125.png"; bbox 0 0 4116 6424; ppageno 0'>
   <div class='ocr_carea' id='block_1_1' title="bbox 516 382 629 447">
    <p class='ocr_par' dir='ltr' id='par_1_1' title="bbox 516 382 629 447">
     <span class='ocr_line' id='line_1_1' title="bbox 516 382 629 447; baseline 0 -1"><span class='ocrx_word' id='word_1_1' title='bbox 516 382 629 447; x_wconf 74' lang='lat'><strong>235</strong></span> 
     </span>
    </p>
   </div>
   <div class='ocr_carea' id='block_1_2' title="bbox 1738 365 2521 429">
    <p class='ocr_par' dir='ltr' id='par_1_2' title="bbox 1738 365 2521 429">
     <span class='ocr_line' id='line_1_2' title="bbox 1738 365 2521 429; baseline -0.004 -1"><span class='ocrx_word' id='word_1_2' title='bbox 1738 366 2123 429; x_wconf 76' lang='lat' dir='ltr'><strong>EUTHYMII</strong></span> <span class='ocrx_word' id='word_1_3' title='bbox 2164 365 2521 428; x_wconf 81' lang='lat' dir='ltr'><strong>ZIGABENI</strong></span> 
     </span>
    </p>
   </div>
   <div class='ocr_carea' id='block_1_3' title="bbox 3660 370 3776 437">
    <p class='ocr_par' dir='ltr' id='par_1_3' title="bbox 3660 370 3776 437">
     <span class='ocr_line' id='line_1_3' title="bbox 3660 370 3776 437; baseline -0.017 1"><span class='ocrx_word' id='word_1_4' title='bbox 3660 370 3776 437; x_wconf 74' lang='lat'><strong><em>238</em></strong></span> 
     </span>
    </p>
   </div>
   <div class='ocr_carea' id='block_1_4' title="bbox 507 483 2095 571">
    <p class='ocr_par' dir='ltr' id='par_1_4' title="bbox 507 486 2088 571">
     <span class='ocr_line' id='line_1_4' title="bbox 507 486 2088 571; baseline -0.009 -16"><span class='ocrx_word' id='word_1_5' title='bbox 507 503 636 571; x_wconf 86' lang='lat' dir='ltr'><strong>quia</strong></span> <span class='ocrx_word' id='word_1_6' title='bbox 690 496 758 552; x_wconf 89' lang='lat' dir='ltr'><strong>ab</strong></span> <span class='ocrx_word' id='word_1_7' title='bbox 811 491 1052 549; x_wconf 85' lang='lat' dir='ltr'><strong>inimicis</strong></span> <span class='ocrx_word' id='word_1_8' title='bbox 1095 489 1248 562; x_wconf 81' lang='lat' dir='ltr'><strong>prius</strong></span> <span class='ocrx_word' id='word_1_9' title='bbox 1306 486 1594 548; x_wconf 84' lang='lat' dir='ltr'><strong>obsessus.</strong></span> <span class='ocrx_word' id='word_1_10' title='bbox 1648 488 1742 558; x_wconf 89' lang='lat' dir='ltr'><strong>qui</strong></span> <span class='ocrx_word' id='word_1_11' title='bbox 1782 503 1909 542; x_wconf 89' lang='lat' dir='ltr'><strong>eum</strong></span> <span class='ocrx_word' id='word_1_12' title='bbox 1937 486 2088 542; x_wconf 89' lang='lat' dir='ltr'><strong>omni</strong></span> 
     </span>
    </p>
   </div>
   <div class='ocr_carea' id='block_1_5' title="bbox 2203 483 3778 571">
    <p class='ocr_par' dir='ltr' id='par_1_5' title="bbox 2203 483 3778 558">
     <span class='ocr_line' id='line_1_5' title="bbox 2203 483 3778 558; baseline 0.003 -20"><span class='ocrx_word' id='word_1_13' title='bbox 2203 483 2696 556; x_wconf 75' lang='grc' dir='ltr'><strong>ἐναπειλημμένον.</strong></span> <span class='ocrx_word' id='word_1_14' title='bbox 2732 485 2858 539; x_wconf 83' lang='grc' dir='ltr'><strong>Ὅτε</strong></span> <span class='ocrx_word' id='word_1_15' title='bbox 2881 484 2941 539; x_wconf 66' lang='lat' dir='ltr'><strong>et</strong></span> <span class='ocrx_word' id='word_1_16' title='bbox 2988 485 3195 558; x_wconf 75' lang='grc' dir='ltr'><strong>ἐξαχθῇ</strong></span> <span class='ocrx_word' id='word_1_17' title='bbox 3224 484 3453 554; x_wconf 85' lang='grc' dir='ltr'><strong>τούτων,</strong></span> <span class='ocrx_word' id='word_1_18' title='bbox 3504 486 3778 543; x_wconf 75' lang='grc' dir='ltr'><strong>ἀπολαύει</strong></span> 
     </span>
    </p>
   </div>
   <div class='ocr_carea' id='block_1_6' title="bbox 512 578 2085 661">
    <p class='ocr_par' dir='ltr' id='par_1_6' title="bbox 512 578 2085 661">
     <span class='ocr_line' id='line_1_6' title="bbox 512 578 2085 661; baseline -0.005 -19"><span class='ocrx_word' id='word_1_19' title='bbox 512 588 782 661; x_wconf 68' lang='grc' dir='ltr'><strong>νιτιεοὶιιεο</strong></span> <span class='ocrx_word' id='word_1_20' title='bbox 822 585 973 639; x_wconf 90' lang='lat' dir='ltr'><strong>aditu</strong></span> <span class='ocrx_word' id='word_1_21' title='bbox 1008 585 1060 637; x_wconf 91' lang='lat' dir='ltr'><strong>in</strong></span> <span class='ocrx_word' id='word_1_22' title='bbox 1097 580 1388 651; x_wconf 79' lang='lat' dir='ltr'><strong>angustias</strong></span> <span class='ocrx_word' id='word_1_23' title='bbox 1415 578 1793 649; x_wconf 74' lang='lat' dir='ltr'><strong>coniecerant,</strong></span> <span class='ocrx_word' id='word_1_24' title='bbox 1834 589 1890 634; x_wconf 88' lang='lat' dir='ltr'><strong>et</strong></span> <span class='ocrx_word' id='word_1_25' title='bbox 1936 589 2085 634; x_wconf 84' lang='lat' dir='ltr'><strong>atro-</strong></span> 
     </span>
    </p>
   </div>
   <div class='ocr_carea' id='block_1_7' title="bbox 2196 576 3206 649">
    <p class='ocr_par' dir='ltr' id='par_1_7' title="bbox 2196 576 3206 649">
     <span class='ocr_line' id='line_1_7' title="bbox 2196 576 3206 649; baseline 0.005 -20"><span class='ocrx_word' id='word_1_26' title='bbox 2196 577 2565 649; x_wconf 81' lang='grc' dir='ltr'><strong>εὐρυχωρίας,</strong></span> <span class='ocrx_word' id='word_1_27' title='bbox 2590 576 2792 648; x_wconf 80' lang='grc' dir='ltr'><strong>μηκέτι</strong></span> <span class='ocrx_word' id='word_1_28' title='bbox 2828 578 3206 648; x_wconf 85' lang='grc' dir='ltr'><strong>στενούμενος.</strong></span> 
     </span>
    </p>
   </div>
   <div class='ocr_carea' id='block_1_8' title="bbox 483 667 3772 748">
    <p class='ocr_par' dir='ltr' id='par_1_8' title="bbox 483 667 3772 748">
     <span class='ocr_line' id='line_1_8' title="bbox 483 667 3772 748; baseline -0.005 -10"><span class='ocrx_word' id='word_1_29' title='bbox 483 686 667 738; x_wconf 79' lang='lat' dir='ltr'><strong>cibus</strong></span> <span class='ocrx_word' id='word_1_30' title='bbox 701 680 865 735; x_wconf 86' lang='lat' dir='ltr'><strong>minis</strong></span> <span class='ocrx_word' id='word_1_31' title='bbox 909 676 1200 748; x_wconf 79' lang='lat' dir='ltr'><strong>urgebant,</strong></span> <span class='ocrx_word' id='word_1_32' title='bbox 1238 673 1292 727; x_wconf 90' lang='lat' dir='ltr'><strong>in</strong></span> <span class='ocrx_word' id='word_1_33' title='bbox 1323 681 1536 727; x_wconf 84' lang='lat' dir='ltr'><strong>arctqu</strong></span> <span class='ocrx_word' id='word_1_34' title='bbox 1575 670 1984 740; x_wconf 87' lang='lat' dir='ltr'><strong>quodammodo</strong></span> <span class='ocrx_word' id='word_1_35' title='bbox 2013 670 2195 724; x_wconf 88' lang='lat' dir='ltr'><strong>locum</strong></span> <span class='ocrx_word' id='word_1_36' title='bbox 2228 672 2349 738; x_wconf 80' lang='lat' dir='ltr'><strong>cogi</strong></span> <span class='ocrx_word' id='word_1_37' title='bbox 2426 667 2716 722; x_wconf 74' lang='lat' dir='ltr'><strong>videbatur</strong></span> <span class='ocrx_word' id='word_1_38' title='bbox 2749 686 2763 722; x_wconf 90' lang='lat'><strong>:</strong></span> <span class='ocrx_word' id='word_1_39' title='bbox 2833 684 2978 723; x_wconf 79' lang='lat' dir='ltr'><strong>tuine</strong></span> <span class='ocrx_word' id='word_1_40' title='bbox 3039 686 3069 724; x_wconf 91' lang='lat' dir='ltr'><strong>e</strong></span> <span class='ocrx_word' id='word_1_41' title='bbox 3140 668 3310 726; x_wconf 86' lang='lat' dir='ltr'><strong>tantis</strong></span> <span class='ocrx_word' id='word_1_42' title='bbox 3349 669 3588 728; x_wconf 84' lang='lat' dir='ltr'><strong>eductus</strong></span> <span class='ocrx_word' id='word_1_43' title='bbox 3638 668 3772 724; x_wconf 75' lang='lat' dir='ltr'><strong>dini</strong></span> 
     </span>
    </p>
   </div>
   <div class='ocr_carea' id='block_1_9' title="bbox 510 765 2359 840">
    <p class='ocr_par' dir='ltr' id='par_1_9' title="bbox 510 765 2359 840">
     <span class='ocr_line' id='line_1_9' title="bbox 510 765 2359 840; baseline -0.008 -9"><span class='ocrx_word' id='word_1_44' title='bbox 510 775 834 840; x_wconf 82' lang='lat' dir='ltr'><strong>t-ultatibus,</strong></span> <span class='ocrx_word' id='word_1_45' title='bbox 860 775 1000 827; x_wconf 88' lang='lat' dir='ltr'><strong>latos</strong></span> <span class='ocrx_word' id='word_1_46' title='bbox 1030 786 1093 824; x_wconf 81' lang='lat' dir='ltr'><strong>ac</strong></span> <span class='ocrx_word' id='word_1_47' title='bbox 1119 769 1396 840; x_wconf 86' lang='lat' dir='ltr'><strong>spatiosos</strong></span> <span class='ocrx_word' id='word_1_48' title='bbox 1412 782 1640 837; x_wconf 86' lang='lat' dir='ltr'><strong>campos</strong></span> <span class='ocrx_word' id='word_1_49' title='bbox 1658 766 1762 821; x_wconf 82' lang='lat' dir='ltr'><strong>sibi</strong></span> <span class='ocrx_word' id='word_1_50' title='bbox 1788 781 2085 820; x_wconf 77' lang='lat' dir='ltr'><strong>excurrere</strong></span> <span class='ocrx_word' id='word_1_51' title='bbox 2123 765 2359 819; x_wconf 87' lang='lat' dir='ltr'><strong>videtur.</strong></span> 
     </span>
    </p>
   </div>
   <div class='ocr_carea' id='block_1_10' title="bbox 584 857 2087 937">
    <p class='ocr_par' dir='ltr' id='par_1_10' title="bbox 584 857 2087 937">
     <span class='ocr_line' id='line_1_10' title="bbox 584 857 2087 937; baseline -0.009 -15"><span class='ocrx_word' id='word_1_52' title='bbox 584 868 785 937; x_wconf 83' lang='lat' dir='ltr'><strong>Eripiet</strong></span> <span class='ocrx_word' id='word_1_53' title='bbox 822 881 903 919; x_wconf 85' lang='lat' dir='ltr'><strong>me</strong></span> <span class='ocrx_word' id='word_1_54' title='bbox 933 864 1185 934; x_wconf 80' lang='lat' dir='ltr'><strong>quoniam</strong></span> <span class='ocrx_word' id='word_1_55' title='bbox 1236 860 1401 916; x_wconf 72' lang='lat' dir='ltr'><strong>voluit</strong></span> <span class='ocrx_word' id='word_1_56' title='bbox 1452 876 1552 914; x_wconf 87' lang='lat' dir='ltr'><strong>me.</strong></span> <span class='ocrx_word' id='word_1_57' title='bbox 1600 859 1742 913; x_wconf 84' lang='lat' dir='ltr'><strong>Deus</strong></span> <span class='ocrx_word' id='word_1_58' title='bbox 1791 857 1885 928; x_wconf 89' lang='lat' dir='ltr'><strong>qui</strong></span> <span class='ocrx_word' id='word_1_59' title='bbox 1936 866 2087 909; x_wconf 82' lang='lat' dir='ltr'><strong>tanta</strong></span> 
     </span>
    </p>
   </div>
   <div class='ocr_carea' id='block_1_11' title="bbox 509 947 2088 1021">
    <p class='ocr_par' dir='ltr' id='par_1_11' title="bbox 509 947 2088 1021">
     <span class='ocr_line' id='line_1_11' title="bbox 509 947 2088 1021; baseline -0.012 -2"><span class='ocrx_word' id='word_1_60' title='bbox 509 979 601 1019; x_wconf 85' lang='lat' dir='ltr'><strong>me</strong></span> <span class='ocrx_word' id='word_1_61' title='bbox 628 974 763 1015; x_wconf 85' lang='lat' dir='ltr'><strong>cura</strong></span> <span class='ocrx_word' id='word_1_62' title='bbox 801 973 867 1012; x_wconf 91' lang='lat' dir='ltr'><strong>ac</strong></span> <span class='ocrx_word' id='word_1_63' title='bbox 923 955 1109 1011; x_wconf 88' lang='lat' dir='ltr'><strong>studio</strong></span> <span class='ocrx_word' id='word_1_64' title='bbox 1164 966 1269 1008; x_wconf 93' lang='lat' dir='ltr'><strong>suo</strong></span> <span class='ocrx_word' id='word_1_65' title='bbox 1297 953 1528 1021; x_wconf 82' lang='lat' dir='ltr'><strong>(lignum</strong></span> <span class='ocrx_word' id='word_1_66' title='bbox 1565 950 1715 1016; x_wconf 81' lang='lat' dir='ltr'><strong>fecit,</strong></span> <span class='ocrx_word' id='word_1_67' title='bbox 1751 951 1804 1003; x_wconf 92' lang='lat' dir='ltr'><strong>iu</strong></span> <span class='ocrx_word' id='word_1_68' title='bbox 1845 947 2088 1003; x_wconf 79' lang='lat' dir='ltr'><strong>futurum</strong></span> 
     </span>
    </p>
   </div>
   <div class='ocr_carea' id='block_1_12' title="bbox 508 1041 2090 1113">
    <p class='ocr_par' dir='ltr' id='par_1_12' title="bbox 508 1041 2090 1113">
     <span class='ocr_line' id='line_1_12' title="bbox 508 1041 2090 1113; baseline -0.011 0"><span class='ocrx_word' id='word_1_69' title='bbox 508 1058 675 1113; x_wconf 84' lang='lat' dir='ltr'><strong>etiam</strong></span> <span class='ocrx_word' id='word_1_70' title='bbox 710 1053 779 1107; x_wconf 89' lang='lat' dir='ltr'><strong>ab</strong></span> <span class='ocrx_word' id='word_1_71' title='bbox 815 1051 1081 1106; x_wconf 90' lang='lat' dir='ltr'><strong>omnibus</strong></span> <span class='ocrx_word' id='word_1_72' title='bbox 1110 1045 1457 1102; x_wconf 76' lang='lat' dir='ltr'><strong>irruentibus</strong></span> <span class='ocrx_word' id='word_1_73' title='bbox 1489 1044 1544 1098; x_wconf 91' lang='lat' dir='ltr'><strong>in</strong></span> <span class='ocrx_word' id='word_1_74' title='bbox 1578 1058 1664 1097; x_wconf 91' lang='lat' dir='ltr'><strong>me</strong></span> <span class='ocrx_word' id='word_1_75' title='bbox 1697 1042 1855 1097; x_wconf 91' lang='lat' dir='ltr'><strong>malis</strong></span> <span class='ocrx_word' id='word_1_76' title='bbox 1890 1041 2090 1095; x_wconf 87' lang='lat' dir='ltr'><strong>libera-</strong></span> 
     </span>
    </p>
   </div>
   <div class='ocr_carea' id='block_1_13' title="bbox 511 1138 1724 1207">
    <p class='ocr_par' dir='ltr' id='par_1_13' title="bbox 511 1138 1724 1207">
     <span class='ocr_line' id='line_1_13' title="bbox 511 1138 1724 1207; baseline -0.012 -3"><span class='ocrx_word' id='word_1_77' title='bbox 511 1152 614 1204; x_wconf 91' lang='lat' dir='ltr'><strong>bit.</strong></span> <span class='ocrx_word' id='word_1_78' title='bbox 653 1142 996 1203; x_wconf 78' lang='lat' dir='ltr'><strong>Volaitenim</strong></span> <span class='ocrx_word' id='word_1_79' title='bbox 1034 1158 1139 1206; x_wconf 87' lang='lat' dir='ltr'><strong>me,</strong></span> <span class='ocrx_word' id='word_1_80' title='bbox 1171 1140 1276 1195; x_wconf 88' lang='lat' dir='ltr'><strong>hoc</strong></span> <span class='ocrx_word' id='word_1_81' title='bbox 1316 1147 1402 1194; x_wconf 86' lang='lat' dir='ltr'><strong>est</strong></span> <span class='ocrx_word' id='word_1_82' title='bbox 1429 1138 1593 1207; x_wconf 79' lang='lat' dir='ltr'><strong>elegit</strong></span> <span class='ocrx_word' id='word_1_83' title='bbox 1617 1152 1724 1192; x_wconf 87' lang='lat' dir='ltr'><strong>me.</strong></span> 
     </span>
    </p>
   </div>
   <div class='ocr_carea' id='block_1_14' title="bbox 577 1227 2088 1293">
    <p class='ocr_par' dir='ltr' id='par_1_14' title="bbox 577 1227 2088 1293">
     <span class='ocr_line' id='line_1_14' title="bbox 577 1227 2088 1293; baseline -0.009 1"><span class='ocrx_word' id='word_1_84' title='bbox 577 1241 746 1293; x_wconf 67' lang='lat' dir='ltr'><strong>Vens.</strong></span> <span class='ocrx_word' id='word_1_85' title='bbox 781 1237 874 1291; x_wconf 71' lang='lat'><strong>2|.</strong></span> <span class='ocrx_word' id='word_1_86' title='bbox 917 1232 982 1289; x_wconf 87' lang='lat' dir='ltr'><strong>Et</strong></span> <span class='ocrx_word' id='word_1_87' title='bbox 1014 1232 1267 1288; x_wconf 76' lang='lat' dir='ltr'><strong>retribuet</strong></span> <span class='ocrx_word' id='word_1_88' title='bbox 1309 1230 1441 1285; x_wconf 84' lang='lat' dir='ltr'><strong>mihi</strong></span> <span class='ocrx_word' id='word_1_89' title='bbox 1473 1229 1732 1286; x_wconf 75' lang='lat' dir='ltr'><strong>Dominus</strong></span> <span class='ocrx_word' id='word_1_90' title='bbox 1793 1227 2088 1283; x_wconf 77' lang='lat' dir='ltr'><strong>secundant</strong></span> 
     </span>
    </p>
   </div>
   <div class='ocr_carea' id='block_1_15' title="bbox 499 1322 2087 1403">
    <p class='ocr_par' dir='ltr' id='par_1_15' title="bbox 499 1322 2087 1403">
     <span class='ocr_line' id='line_1_15' title="bbox 499 1322 2087 1403; baseline -0.007 -17"><span class='ocrx_word' id='word_1_91' title='bbox 499 1334 775 1403; x_wconf 72' lang='lat' dir='ltr'><strong>justitiam</strong></span> <span class='ocrx_word' id='word_1_92' title='bbox 808 1344 1000 1383; x_wconf 87' lang='lat' dir='ltr'><strong><em>meam.</em></strong></span> <span class='ocrx_word' id='word_1_93' title='bbox 1033 1326 1393 1382; x_wconf 87' lang='lat' dir='ltr'><strong>lnsidiatores</strong></span> <span class='ocrx_word' id='word_1_94' title='bbox 1446 1338 1599 1379; x_wconf 90' lang='lat' dir='ltr'><strong>meos</strong></span> <span class='ocrx_word' id='word_1_95' title='bbox 1635 1322 1784 1378; x_wconf 87' lang='lat' dir='ltr'><strong>nulla</strong></span> <span class='ocrx_word' id='word_1_96' title='bbox 1841 1339 2087 1392; x_wconf 81' lang='lat' dir='ltr'><strong>unquam</strong></span> 
     </span>
    </p>
   </div>
   <div class='ocr_carea' id='block_1_16' title="bbox 509 1416 2089 1494">
    <p class='ocr_par' dir='ltr' id='par_1_16' title="bbox 509 1416 2089 1494">
     <span class='ocr_line' id='line_1_16' title="bbox 509 1416 2089 1494; baseline -0.007 -14"><span class='ocrx_word' id='word_1_97' title='bbox 509 1424 711 1494; x_wconf 88' lang='lat' dir='ltr'><strong>injuria</strong></span> <span class='ocrx_word' id='word_1_98' title='bbox 746 1420 926 1483; x_wconf 71' lang='lat' dir='ltr'><strong>alleci,</strong></span> <span class='ocrx_word' id='word_1_99' title='bbox 963 1428 1127 1490; x_wconf 83' lang='lat' dir='ltr'><strong>atque</strong></span> <span class='ocrx_word' id='word_1_100' title='bbox 1160 1419 1283 1473; x_wconf 87' lang='lat' dir='ltr'><strong>ideo</strong></span> <span class='ocrx_word' id='word_1_101' title='bbox 1315 1419 1397 1473; x_wconf 91' lang='lat' dir='ltr'><strong>eis</strong></span> <span class='ocrx_word' id='word_1_102' title='bbox 1422 1416 1986 1488; x_wconf 86' lang='lat' dir='ltr'><strong>comparatusjustus</strong></span> <span class='ocrx_word' id='word_1_103' title='bbox 2011 1418 2089 1470; x_wconf 82' lang='lat' dir='ltr'><strong>vi-</strong></span> 
     </span>
    </p>
   </div>
   <div class='ocr_carea' id='block_1_17' title="bbox 508 1510 2088 1579">
    <p class='ocr_par' dir='ltr' id='par_1_17' title="bbox 508 1510 2088 1579">
     <span class='ocr_line' id='line_1_17' title="bbox 508 1510 2088 1579; baseline -0.006 -8"><span class='ocrx_word' id='word_1_104' title='bbox 508 1518 731 1571; x_wconf 84' lang='lat' dir='ltr'><strong>debor:</strong></span> <span class='ocrx_word' id='word_1_105' title='bbox 773 1514 924 1567; x_wconf 88' lang='lat' dir='ltr'><strong>unde</strong></span> <span class='ocrx_word' id='word_1_106' title='bbox 966 1522 1019 1568; x_wconf 92' lang='lat' dir='ltr'><strong>et</strong></span> <span class='ocrx_word' id='word_1_107' title='bbox 1062 1511 1477 1566; x_wconf 84' lang='lat' dir='ltr'><strong>retributionem</strong></span> <span class='ocrx_word' id='word_1_108' title='bbox 1524 1510 1685 1564; x_wconf 89' lang='lat' dir='ltr'><strong>etiam</strong></span> <span class='ocrx_word' id='word_1_109' title='bbox 1725 1510 2021 1579; x_wconf 82' lang='lat' dir='ltr'><strong>suscipiam</strong></span> <span class='ocrx_word' id='word_1_110' title='bbox 2058 1525 2088 1563; x_wconf 92' lang='lat' dir='ltr'><strong>a</strong></span> 
     </span>
    </p>
   </div>
   <div class='ocr_carea' id='block_1_18' title="bbox 508 1598 2086 1661">
    <p class='ocr_par' dir='ltr' id='par_1_18' title="bbox 508 1598 2086 1661">
     <span class='ocr_line' id='line_1_18' title="bbox 508 1598 2086 1661; baseline -0.004 -5"><span class='ocrx_word' id='word_1_111' title='bbox 508 1605 763 1659; x_wconf 88' lang='lat' dir='ltr'><strong>Domino.</strong></span> <span class='ocrx_word' id='word_1_112' title='bbox 834 1601 986 1656; x_wconf 87' lang='lat' dir='ltr'><strong>Hauc</strong></span> <span class='ocrx_word' id='word_1_113' title='bbox 1042 1600 1191 1654; x_wconf 91' lang='lat' dir='ltr'><strong>enim</strong></span> <span class='ocrx_word' id='word_1_114' title='bbox 1262 1598 1335 1652; x_wconf 87' lang='lat' dir='ltr'><strong>ob</strong></span> <span class='ocrx_word' id='word_1_115' title='bbox 1386 1612 1657 1661; x_wconf 85' lang='lat' dir='ltr'><strong>causam,</strong></span> <span class='ocrx_word' id='word_1_116' title='bbox 1726 1613 1890 1653; x_wconf 90' lang='lat' dir='ltr'><strong>suum</strong></span> <span class='ocrx_word' id='word_1_117' title='bbox 1950 1598 2086 1652; x_wconf 82' lang='lat' dir='ltr'><strong>milii</strong></span> 
     </span>
    </p>
   </div>
   <div class='ocr_carea' id='block_1_19' title="bbox 2280 854 3781 927">
    <p class='ocr_par' dir='ltr' id='par_1_19' title="bbox 2280 854 3781 927">
     <span class='ocr_line' id='line_1_19' title="bbox 2280 854 3781 927; baseline 0 -19"><span class='ocrx_word' id='word_1_118' title='bbox 2280 854 2552 909; x_wconf 81' lang='grc' dir='ltr'><strong>Ῥὐσεταί</strong></span> <span class='ocrx_word' id='word_1_119' title='bbox 2582 873 2680 924; x_wconf 76' lang='grc' dir='ltr'><strong>με,</strong></span> <span class='ocrx_word' id='word_1_120' title='bbox 2711 854 2802 909; x_wconf 85' lang='grc' dir='ltr'><strong>ὅτι</strong></span> <span class='ocrx_word' id='word_1_121' title='bbox 2833 855 3100 923; x_wconf 74' lang='grc' dir='ltr'><strong>ἠθέλησέ</strong></span> <span class='ocrx_word' id='word_1_122' title='bbox 3125 872 3221 925; x_wconf 83' lang='grc' dir='ltr'><strong>με.</strong></span> <span class='ocrx_word' id='word_1_123' title='bbox 3258 854 3319 909; x_wconf 87' lang='lat'><strong>&#39;0</strong></span> <span class='ocrx_word' id='word_1_124' title='bbox 3337 854 3593 927; x_wconf 82' lang='grc' dir='ltr'><strong>τοιαύτης</strong></span> <span class='ocrx_word' id='word_1_125' title='bbox 3619 856 3781 922; x_wconf 65' lang='grc' dir='ltr'><strong>ἀξιῶν</strong></span> 
     </span>
    </p>
   </div>
   <div class='ocr_carea' id='block_1_20' title="bbox 2195 946 3780 1019">
    <p class='ocr_par' dir='ltr' id='par_1_20' title="bbox 2195 946 3780 1019">
     <span class='ocr_line' id='line_1_20' title="bbox 2195 946 3780 1019; baseline 0.002 -18"><span class='ocrx_word' id='word_1_126' title='bbox 2195 966 2293 1012; x_wconf 84' lang='grc' dir='ltr'><strong>σας</strong></span> <span class='ocrx_word' id='word_1_127' title='bbox 2323 948 2672 1017; x_wconf 81' lang='grc' dir='ltr'><strong>κηδεμονίας,</strong></span> <span class='ocrx_word' id='word_1_128' title='bbox 2700 948 2797 1002; x_wconf 76' lang='grc' dir='ltr'><strong>καὶ</strong></span> <span class='ocrx_word' id='word_1_129' title='bbox 2824 948 2905 1010; x_wconf 76' lang='grc' dir='ltr'><strong>εἰς</strong></span> <span class='ocrx_word' id='word_1_130' title='bbox 2961 948 3024 1001; x_wconf 81' lang='grc' dir='ltr'><strong>τὸ</strong></span> <span class='ocrx_word' id='word_1_131' title='bbox 3065 946 3259 1017; x_wconf 76' lang='grc' dir='ltr'><strong>μέλλον</strong></span> <span class='ocrx_word' id='word_1_132' title='bbox 3303 965 3371 1017; x_wconf 79' lang='grc' dir='ltr'><strong>με</strong></span> <span class='ocrx_word' id='word_1_133' title='bbox 3407 949 3626 1001; x_wconf 83' lang='grc' dir='ltr'><strong>πάντων</strong></span> <span class='ocrx_word' id='word_1_134' title='bbox 3679 949 3780 1019; x_wconf 79' lang='grc' dir='ltr'><strong>ῥύ-</strong></span> 
     </span>
    </p>
   </div>
   <div class='ocr_carea' id='block_1_21' title="bbox 2196 1039 3775 1111">
    <p class='ocr_par' dir='ltr' id='par_1_21' title="bbox 2196 1039 3775 1111">
     <span class='ocr_line' id='line_1_21' title="bbox 2196 1039 3775 1111; baseline 0.002 -19"><span class='ocrx_word' id='word_1_135' title='bbox 2196 1056 2368 1095; x_wconf 86' lang='grc' dir='ltr'><strong>σεται.</strong></span> <span class='ocrx_word' id='word_1_136' title='bbox 2415 1039 2675 1110; x_wconf 79' lang='grc' dir='ltr'><strong>Ὴθέλησε</strong></span> <span class='ocrx_word' id='word_1_137' title='bbox 2706 1040 2813 1109; x_wconf 73' lang='grc' dir='ltr'><strong>γάρ</strong></span> <span class='ocrx_word' id='word_1_138' title='bbox 2865 1057 2954 1111; x_wconf 84' lang='grc' dir='ltr'><strong>με,</strong></span> <span class='ocrx_word' id='word_1_139' title='bbox 2991 1040 3293 1106; x_wconf 73' lang='grc' dir='ltr'><strong>τουτέστιν,</strong></span> <span class='ocrx_word' id='word_1_140' title='bbox 3343 1039 3625 1106; x_wconf 75' lang='grc' dir='ltr'><strong>ἐξελέξατο</strong></span> <span class='ocrx_word' id='word_1_141' title='bbox 3680 1057 3775 1110; x_wconf 85' lang='grc' dir='ltr'><strong>με.</strong></span> 
     </span>
    </p>
   </div>
   <div class='ocr_carea' id='block_1_22' title="bbox 2265 1218 3776 1291">
    <p class='ocr_par' dir='ltr' id='par_1_22' title="bbox 2265 1218 3776 1291">
     <span class='ocr_line' id='line_1_22' title="bbox 2265 1218 3776 1291; baseline -0.004 -14"><span class='ocrx_word' id='word_1_142' title='bbox 2265 1224 2377 1277; x_wconf 75' lang='grc' dir='ltr'><strong>Καὶ</strong></span> <span class='ocrx_word' id='word_1_143' title='bbox 2417 1221 2837 1277; x_wconf 66' lang='grc' dir='ltr'><strong>ἀνταποδώσω</strong></span> <span class='ocrx_word' id='word_1_144' title='bbox 2860 1239 2967 1291; x_wconf 80' lang='grc' dir='ltr'><strong>μοι</strong></span> <span class='ocrx_word' id='word_1_145' title='bbox 2991 1222 3208 1290; x_wconf 84' lang='grc' dir='ltr'><strong>Κύριος</strong></span> <span class='ocrx_word' id='word_1_146' title='bbox 3238 1220 3390 1276; x_wconf 81' lang='grc' dir='ltr'><strong>κατὰ</strong></span> <span class='ocrx_word' id='word_1_147' title='bbox 3417 1218 3534 1289; x_wconf 78' lang='grc' dir='ltr'><strong>τὴν</strong></span> <span class='ocrx_word' id='word_1_148' title='bbox 3547 1218 3776 1274; x_wconf 74' lang='grc' dir='ltr'><strong>δικαιοσ-</strong></span> 
     </span>
    </p>
   </div>
   <div class='ocr_carea' id='block_1_23' title="bbox 2193 1310 3774 1385">
    <p class='ocr_par' dir='ltr' id='par_1_23' title="bbox 2193 1310 3774 1385">
     <span class='ocr_line' id='line_1_23' title="bbox 2193 1310 3774 1385; baseline -0.003 -16"><span class='ocrx_word' id='word_1_149' title='bbox 2193 1315 2396 1383; x_wconf 76' lang='grc' dir='ltr'><strong>σύνην</strong></span> <span class='ocrx_word' id='word_1_150' title='bbox 2417 1331 2558 1385; x_wconf 80' lang='grc' dir='ltr'><strong>μου.</strong></span> <span class='ocrx_word' id='word_1_151' title='bbox 2588 1313 2682 1385; x_wconf 74' lang='grc' dir='ltr'><strong>Μὴ</strong></span> <span class='ocrx_word' id='word_1_152' title='bbox 2714 1314 2983 1384; x_wconf 81' lang='grc' dir='ltr'><strong>ἀδικήσας</strong></span> <span class='ocrx_word' id='word_1_153' title='bbox 3036 1312 3147 1384; x_wconf 81' lang='grc' dir='ltr'><strong>γὰρ</strong></span> <span class='ocrx_word' id='word_1_154' title='bbox 3196 1311 3322 1374; x_wconf 82' lang='grc' dir='ltr'><strong>τοὺς</strong></span> <span class='ocrx_word' id='word_1_155' title='bbox 3384 1310 3774 1381; x_wconf 82' lang='grc' dir='ltr'><strong>ἐχθραίνοντάς</strong></span> 
     </span>
    </p>
   </div>
   <div class='ocr_carea' id='block_1_24' title="bbox 2197 1402 3776 1479">
    <p class='ocr_par' dir='ltr' id='par_1_24' title="bbox 2197 1402 3776 1479">
     <span class='ocr_line' id='line_1_24' title="bbox 2197 1402 3776 1479; baseline -0.003 -19"><span class='ocrx_word' id='word_1_156' title='bbox 2197 1426 2311 1479; x_wconf 89' lang='grc' dir='ltr'><strong>μοι,</strong></span> <span class='ocrx_word' id='word_1_157' title='bbox 2340 1411 2434 1463; x_wconf 65' lang='grc' dir='ltr'><strong>και)⁸</strong></span> <span class='ocrx_word' id='word_1_158' title='bbox 2459 1408 2667 1472; x_wconf 78' lang='grc' dir='ltr'><strong>δίκαιος</strong></span> <span class='ocrx_word' id='word_1_159' title='bbox 2710 1407 2847 1469; x_wconf 81' lang='grc' dir='ltr'><strong>τέως</strong></span> <span class='ocrx_word' id='word_1_160' title='bbox 2874 1423 2938 1475; x_wconf 89' lang='grc' dir='ltr'><strong>γε</strong></span> <span class='ocrx_word' id='word_1_161' title='bbox 2964 1406 3100 1476; x_wconf 77' lang='grc' dir='ltr'><strong>πρὸς</strong></span> <span class='ocrx_word' id='word_1_162' title='bbox 3126 1404 3327 1468; x_wconf 77' lang='grc' dir='ltr'><strong>αὐτοὺς</strong></span> <span class='ocrx_word' id='word_1_163' title='bbox 3356 1403 3571 1474; x_wconf 76' lang='grc' dir='ltr'><strong>φανεὶς,</strong></span> <span class='ocrx_word' id='word_1_164' title='bbox 3628 1402 3776 1455; x_wconf 79' lang='grc' dir='ltr'><strong>κατὰ</strong></span> 
     </span>
    </p>
   </div>
   <div class='ocr_carea' id='block_1_25' title="bbox 2192 1492 3777 1570">
    <p class='ocr_par' dir='ltr' id='par_1_25' title="bbox 2192 1492 3777 1570">
     <span class='ocr_line' id='line_1_25' title="bbox 2192 1492 3777 1570; baseline -0.007 -16"><span class='ocrx_word' id='word_1_165' title='bbox 2192 1501 2355 1555; x_wconf 84' lang='grc' dir='ltr'><strong>τοῦτο</strong></span> <span class='ocrx_word' id='word_1_166' title='bbox 2380 1499 2643 1570; x_wconf 72' lang='grc' dir='ltr'><strong>τεύξομαι</strong></span> <span class='ocrx_word' id='word_1_167' title='bbox 2669 1502 2824 1570; x_wconf 72' lang='grc' dir='ltr'><strong>παρὰ</strong></span> <span class='ocrx_word' id='word_1_168' title='bbox 2848 1497 2985 1552; x_wconf 81' lang='grc' dir='ltr'><strong>Θεοῦ</strong></span> <span class='ocrx_word' id='word_1_169' title='bbox 3014 1498 3115 1566; x_wconf 81' lang='grc' dir='ltr'><strong>τῆς</strong></span> <span class='ocrx_word' id='word_1_170' title='bbox 3157 1498 3393 1569; x_wconf 81' lang='grc' dir='ltr'><strong>ἀμοιϐῆς</strong></span> <span class='ocrx_word' id='word_1_171' title='bbox 3430 1512 3444 1525; x_wconf 93' lang='grc'><strong>·</strong></span> <span class='ocrx_word' id='word_1_172' title='bbox 3477 1495 3599 1549; x_wconf 79' lang='grc' dir='ltr'><strong>ἀντὶ</strong></span> <span class='ocrx_word' id='word_1_173' title='bbox 3647 1492 3777 1546; x_wconf 81' lang='grc' dir='ltr'><strong>τού-</strong></span> 
     </span>
    </p>
   </div>
   <div class='ocr_carea' id='block_1_26' title="bbox 2191 1583 3772 1661">
    <p class='ocr_par' dir='ltr' id='par_1_26' title="bbox 2191 1583 3772 1661">
     <span class='ocr_line' id='line_1_26' title="bbox 2191 1583 3772 1661; baseline -0.005 -16"><span class='ocrx_word' id='word_1_174' title='bbox 2191 1609 2285 1645; x_wconf 85' lang='grc' dir='ltr'><strong>του</strong></span> <span class='ocrx_word' id='word_1_175' title='bbox 2336 1590 2608 1645; x_wconf 85' lang='grc' dir='ltr'><strong>ἀποδώσει</strong></span> <span class='ocrx_word' id='word_1_176' title='bbox 2649 1608 2765 1660; x_wconf 89' lang='grc' dir='ltr'><strong>μοι,</strong></span> <span class='ocrx_word' id='word_1_177' title='bbox 2823 1589 3076 1661; x_wconf 84' lang='grc' dir='ltr'><strong>καθάπερ</strong></span> <span class='ocrx_word' id='word_1_178' title='bbox 3131 1589 3371 1660; x_wconf 75' lang='grc' dir='ltr'><strong>ὀφειλὴν,</strong></span> <span class='ocrx_word' id='word_1_179' title='bbox 3426 1587 3526 1658; x_wconf 82' lang='grc' dir='ltr'><strong>τὴν</strong></span> <span class='ocrx_word' id='word_1_180' title='bbox 3579 1583 3772 1639; x_wconf 78' lang='grc' dir='ltr'><strong>ἑαυτοῦ</strong></span> 
     </span>
    </p>
   </div>
   <div class='ocr_carea' id='block_1_27' title="bbox 508 1682 2095 1766">
    <p class='ocr_par' dir='ltr' id='par_1_27' title="bbox 508 1692 2083 1764">
     <span class='ocr_line' id='line_1_27' title="bbox 508 1692 2083 1764; baseline -0.006 -12"><span class='ocrx_word' id='word_1_181' title='bbox 508 1698 773 1752; x_wconf 88' lang='lat' dir='ltr'><strong>auxilium</strong></span> <span class='ocrx_word' id='word_1_182' title='bbox 809 1695 864 1750; x_wconf 91' lang='lat' dir='ltr'><strong>in</strong></span> <span class='ocrx_word' id='word_1_183' title='bbox 916 1704 1196 1764; x_wconf 87' lang='lat' dir='ltr'><strong>posterum</strong></span> <span class='ocrx_word' id='word_1_184' title='bbox 1251 1701 1514 1761; x_wconf 90' lang='lat' dir='ltr'><strong>tanquam</strong></span> <span class='ocrx_word' id='word_1_185' title='bbox 1569 1692 1812 1746; x_wconf 88' lang='lat' dir='ltr'><strong>debitum</strong></span> <span class='ocrx_word' id='word_1_186' title='bbox 1854 1701 2083 1762; x_wconf 78' lang='lat' dir='ltr'><strong>praesta-</strong></span> 
     </span>
    </p>
   </div>
   <div class='ocr_carea' id='block_1_28' title="bbox 2203 1682 2471 1766">
    <p class='ocr_par' dir='ltr' id='par_1_28' title="bbox 2203 1682 2471 1756">
     <span class='ocr_line' id='line_1_28' title="bbox 2203 1682 2471 1756; baseline 0.007 -19"><span class='ocrx_word' id='word_1_187' title='bbox 2203 1682 2471 1756; x_wconf 70' lang='grc' dir='ltr'><strong>βοήθειαν.</strong></span> 
     </span>
    </p>
   </div>
   <div class='ocr_carea' id='block_1_29' title="bbox 504 1791 608 1846">
    <p class='ocr_par' dir='ltr' id='par_1_29' title="bbox 504 1791 608 1846">
     <span class='ocr_line' id='line_1_29' title="bbox 504 1791 608 1846; baseline 0.01 -1"><span class='ocrx_word' id='word_1_188' title='bbox 504 1791 608 1846; x_wconf 89' lang='lat' dir='ltr'><strong>bit.</strong></span> 
     </span>
    </p>
   </div>
   <div class='ocr_carea' id='block_1_30' title="bbox 577 1873 2088 1945">
    <p class='ocr_par' dir='ltr' id='par_1_30' title="bbox 577 1873 2088 1945">
     <span class='ocr_line' id='line_1_30' title="bbox 577 1873 2088 1945; baseline -0.006 -10"><span class='ocrx_word' id='word_1_189' title='bbox 577 1880 644 1935; x_wconf 82' lang='lat' dir='ltr'><strong>Et</strong></span> <span class='ocrx_word' id='word_1_190' title='bbox 675 1877 959 1935; x_wconf 76' lang='lat' dir='ltr'><strong>secundum</strong></span> <span class='ocrx_word' id='word_1_191' title='bbox 981 1877 1267 1945; x_wconf 76' lang='lat' dir='ltr'><strong>puritatem</strong></span> <span class='ocrx_word' id='word_1_192' title='bbox 1291 1889 1547 1928; x_wconf 87' lang='lat' dir='ltr'><strong>manuum</strong></span> <span class='ocrx_word' id='word_1_193' title='bbox 1570 1889 1810 1927; x_wconf 81' lang='lat' dir='ltr'><strong>mearum</strong></span> <span class='ocrx_word' id='word_1_194' title='bbox 1831 1873 2088 1927; x_wconf 72' lang='lat' dir='ltr'><strong>retribuet</strong></span> 
     </span>
    </p>
   </div>
   <div class='ocr_carea' id='block_1_31' title="bbox 507 1964 2089 2037">
    <p class='ocr_par' dir='ltr' id='par_1_31' title="bbox 507 1964 2089 2037">
     <span class='ocr_line' id='line_1_31' title="bbox 507 1964 2089 2037; baseline -0.006 -10"><span class='ocrx_word' id='word_1_195' title='bbox 507 1973 656 2027; x_wconf 84' lang='lat' dir='ltr'><strong>mihi.</strong></span> <span class='ocrx_word' id='word_1_196' title='bbox 682 1970 822 2025; x_wconf 86' lang='lat' dir='ltr'><strong>Dum</strong></span> <span class='ocrx_word' id='word_1_197' title='bbox 853 1983 1119 2023; x_wconf 86' lang='lat' dir='ltr'><strong>manuum</strong></span> <span class='ocrx_word' id='word_1_198' title='bbox 1157 1967 1450 2037; x_wconf 84' lang='lat' dir='ltr'><strong>puritatem</strong></span> <span class='ocrx_word' id='word_1_199' title='bbox 1489 1964 1646 2031; x_wconf 85' lang='lat' dir='ltr'><strong>dicit,</strong></span> <span class='ocrx_word' id='word_1_200' title='bbox 1677 1964 1857 2035; x_wconf 86' lang='lat' dir='ltr'><strong>qualis</strong></span> <span class='ocrx_word' id='word_1_201' title='bbox 1885 1981 1981 2019; x_wconf 86' lang='lat' dir='ltr'><strong>sua</strong></span> <span class='ocrx_word' id='word_1_202' title='bbox 2018 1966 2089 2019; x_wconf 87' lang='lat' dir='ltr'><strong>sit</strong></span> 
     </span>
    </p>
   </div>
   <div class='ocr_carea' id='block_1_32' title="bbox 500 2057 2087 2136">
    <p class='ocr_par' dir='ltr' id='par_1_32' title="bbox 500 2057 2087 2136">
     <span class='ocr_line' id='line_1_32' title="bbox 500 2057 2087 2136; baseline -0.005 -17"><span class='ocrx_word' id='word_1_203' title='bbox 500 2066 722 2136; x_wconf 88' lang='lat' dir='ltr'><strong>justitia</strong></span> <span class='ocrx_word' id='word_1_204' title='bbox 749 2061 1000 2132; x_wconf 82' lang='lat' dir='ltr'><strong>exponit.</strong></span> <span class='ocrx_word' id='word_1_205' title='bbox 1031 2058 1153 2118; x_wconf 82' lang='lat' dir='ltr'><strong>Non</strong></span> <span class='ocrx_word' id='word_1_206' title='bbox 1183 2059 1356 2124; x_wconf 88' lang='lat' dir='ltr'><strong>enim,</strong></span> <span class='ocrx_word' id='word_1_207' title='bbox 1387 2057 1592 2127; x_wconf 89' lang='lat' dir='ltr'><strong>inquit,</strong></span> <span class='ocrx_word' id='word_1_208' title='bbox 1632 2057 1813 2128; x_wconf 89' lang='lat' dir='ltr'><strong>rapui,</strong></span> <span class='ocrx_word' id='word_1_209' title='bbox 1846 2071 1957 2111; x_wconf 92' lang='lat' dir='ltr'><strong>non</strong></span> <span class='ocrx_word' id='word_1_210' title='bbox 1984 2057 2087 2111; x_wconf 90' lang='lat' dir='ltr'><strong>ali-</strong></span> 
     </span>
    </p>
   </div>
   <div class='ocr_carea' id='block_1_33' title="bbox 508 2152 2086 2232">
    <p class='ocr_par' dir='ltr' id='par_1_33' title="bbox 508 2152 2086 2232">
     <span class='ocr_line' id='line_1_33' title="bbox 508 2152 2086 2232; baseline -0.006 -17"><span class='ocrx_word' id='word_1_211' title='bbox 508 2175 671 2232; x_wconf 88' lang='lat' dir='ltr'><strong>quem</strong></span> <span class='ocrx_word' id='word_1_212' title='bbox 704 2155 1076 2219; x_wconf 84' lang='lat' dir='ltr'><strong>circumveni,</strong></span> <span class='ocrx_word' id='word_1_213' title='bbox 1113 2168 1220 2208; x_wconf 91' lang='lat' dir='ltr'><strong>non</strong></span> <span class='ocrx_word' id='word_1_214' title='bbox 1270 2152 1563 2209; x_wconf 80' lang='lat' dir='ltr'><strong>insidiatus</strong></span> <span class='ocrx_word' id='word_1_215' title='bbox 1591 2168 1709 2207; x_wconf 88' lang='lat' dir='ltr'><strong>sum</strong></span> <span class='ocrx_word' id='word_1_216' title='bbox 1744 2152 1811 2207; x_wconf 89' lang='lat' dir='ltr'><strong>iis</strong></span> <span class='ocrx_word' id='word_1_217' title='bbox 1836 2153 1927 2223; x_wconf 88' lang='lat' dir='ltr'><strong>qui</strong></span> <span class='ocrx_word' id='word_1_218' title='bbox 1958 2152 2086 2207; x_wconf 85' lang='lat' dir='ltr'><strong>insi-</strong></span> 
     </span>
    </p>
   </div>
   <div class='ocr_carea' id='block_1_34' title="bbox 505 2244 2086 2308">
    <p class='ocr_par' dir='ltr' id='par_1_34' title="bbox 505 2244 2086 2308">
     <span class='ocr_line' id='line_1_34' title="bbox 505 2244 2086 2308; baseline -0.006 -1"><span class='ocrx_word' id='word_1_219' title='bbox 505 2253 804 2308; x_wconf 78' lang='lat' dir='ltr'><strong>iliabantur</strong></span> <span class='ocrx_word' id='word_1_220' title='bbox 834 2249 968 2304; x_wconf 88' lang='lat' dir='ltr'><strong>mihi</strong></span> <span class='ocrx_word' id='word_1_221' title='bbox 1000 2264 1015 2302; x_wconf 89' lang='lat'><strong>:</strong></span> <span class='ocrx_word' id='word_1_222' title='bbox 1054 2247 1197 2302; x_wconf 87' lang='lat' dir='ltr'><strong>unde</strong></span> <span class='ocrx_word' id='word_1_223' title='bbox 1223 2245 1269 2300; x_wconf 90' lang='lat' dir='ltr'><strong>si</strong></span> <span class='ocrx_word' id='word_1_224' title='bbox 1299 2244 1652 2299; x_wconf 87' lang='lat' dir='ltr'><strong>inimicorum</strong></span> <span class='ocrx_word' id='word_1_225' title='bbox 1680 2244 1936 2300; x_wconf 90' lang='lat' dir='ltr'><strong>manibus</strong></span> <span class='ocrx_word' id='word_1_226' title='bbox 1971 2259 2086 2298; x_wconf 88' lang='lat' dir='ltr'><strong>ma-</strong></span> 
     </span>
    </p>
   </div>
   <div class='ocr_carea' id='block_1_35' title="bbox 504 2336 2090 2410">
    <p class='ocr_par' dir='ltr' id='par_1_35' title="bbox 504 2336 2090 2410">
     <span class='ocr_line' id='line_1_35' title="bbox 504 2336 2090 2410; baseline -0.009 -9"><span class='ocrx_word' id='word_1_227' title='bbox 504 2360 615 2401; x_wconf 88' lang='lat' dir='ltr'><strong>nus</strong></span> <span class='ocrx_word' id='word_1_228' title='bbox 679 2356 813 2397; x_wconf 82' lang='lat' dir='ltr'><strong>meae</strong></span> <span class='ocrx_word' id='word_1_229' title='bbox 860 2347 1277 2410; x_wconf 80' lang='lat' dir='ltr'><strong>comparentur,</strong></span> <span class='ocrx_word' id='word_1_230' title='bbox 1327 2336 1650 2407; x_wconf 81' lang='lat' dir='ltr'><strong>purissimas</strong></span> <span class='ocrx_word' id='word_1_231' title='bbox 1723 2351 1824 2406; x_wconf 76' lang='lat' dir='ltr'><strong>ego</strong></span> <span class='ocrx_word' id='word_1_232' title='bbox 1870 2352 1964 2390; x_wconf 88' lang='lat' dir='ltr'><strong>eas</strong></span> <span class='ocrx_word' id='word_1_233' title='bbox 2018 2337 2090 2392; x_wconf 85' lang='lat' dir='ltr'><strong>ob</strong></span> 
     </span>
    </p>
   </div>
   <div class='ocr_carea' id='block_1_36' title="bbox 505 2426 2087 2505">
    <p class='ocr_par' dir='ltr' id='par_1_36' title="bbox 505 2426 2087 2505">
     <span class='ocr_line' id='line_1_36' title="bbox 505 2426 2087 2505; baseline -0.008 -12"><span class='ocrx_word' id='word_1_234' title='bbox 505 2437 656 2494; x_wconf 89' lang='lat' dir='ltr'><strong>omni</strong></span> <span class='ocrx_word' id='word_1_235' title='bbox 685 2432 1074 2505; x_wconf 88' lang='lat' dir='ltr'><strong>inquiuatione</strong></span> <span class='ocrx_word' id='word_1_236' title='bbox 1097 2442 1388 2484; x_wconf 81' lang='lat' dir='ltr'><strong>conservo.</strong></span> <span class='ocrx_word' id='word_1_237' title='bbox 1421 2426 1518 2483; x_wconf 82' lang='lat' dir='ltr'><strong>Vel</strong></span> <span class='ocrx_word' id='word_1_238' title='bbox 1546 2445 1641 2499; x_wconf 89' lang='lat' dir='ltr'><strong>per</strong></span> <span class='ocrx_word' id='word_1_239' title='bbox 1670 2443 1885 2489; x_wconf 86' lang='lat' dir='ltr'><strong>manus,</strong></span> <span class='ocrx_word' id='word_1_240' title='bbox 1913 2429 2087 2481; x_wconf 83' lang='lat' dir='ltr'><strong>actio-</strong></span> 
     </span>
    </p>
   </div>
   <div class='ocr_carea' id='block_1_37' title="bbox 505 2515 2087 2596">
    <p class='ocr_par' dir='ltr' id='par_1_37' title="bbox 505 2515 2087 2596">
     <span class='ocr_line' id='line_1_37' title="bbox 505 2515 2087 2596; baseline -0.011 -12"><span class='ocrx_word' id='word_1_241' title='bbox 505 2543 605 2583; x_wconf 85' lang='lat' dir='ltr'><strong>nes</strong></span> <span class='ocrx_word' id='word_1_242' title='bbox 667 2536 835 2596; x_wconf 87' lang='lat' dir='ltr'><strong>atque</strong></span> <span class='ocrx_word' id='word_1_243' title='bbox 895 2523 1253 2592; x_wconf 80' lang='lat' dir='ltr'><strong>Operatioues</strong></span> <span class='ocrx_word' id='word_1_244' title='bbox 1289 2532 1422 2572; x_wconf 89' lang='lat' dir='ltr'><strong>suas</strong></span> <span class='ocrx_word' id='word_1_245' title='bbox 1456 2515 1808 2587; x_wconf 77' lang='lat' dir='ltr'><strong>signiﬁcavit,</strong></span> <span class='ocrx_word' id='word_1_246' title='bbox 1841 2529 1908 2568; x_wconf 91' lang='lat' dir='ltr'><strong>eo</strong></span> <span class='ocrx_word' id='word_1_247' title='bbox 1942 2516 2087 2583; x_wconf 79' lang='lat' dir='ltr'><strong>quod</strong></span> 
     </span>
    </p>
   </div>
   <div class='ocr_carea' id='block_1_38' title="bbox 508 2610 1343 2690">
    <p class='ocr_par' dir='ltr' id='par_1_38' title="bbox 508 2610 1343 2690">
     <span class='ocr_line' id='line_1_38' title="bbox 508 2610 1343 2690; baseline -0.014 -14"><span class='ocrx_word' id='word_1_248' title='bbox 508 2635 604 2690; x_wconf 89' lang='lat' dir='ltr'><strong>per</strong></span> <span class='ocrx_word' id='word_1_249' title='bbox 643 2632 736 2672; x_wconf 84' lang='lat' dir='ltr'><strong>cas</strong></span> <span class='ocrx_word' id='word_1_250' title='bbox 763 2628 932 2684; x_wconf 73' lang='lat' dir='ltr'><strong>onera</strong></span> <span class='ocrx_word' id='word_1_251' title='bbox 967 2611 1082 2666; x_wconf 84' lang='lat' dir='ltr'><strong>ﬁeri</strong></span> <span class='ocrx_word' id='word_1_252' title='bbox 1111 2610 1343 2664; x_wconf 87' lang='lat' dir='ltr'><strong>soleant.</strong></span> 
     </span>
    </p>
   </div>
   <div class='ocr_carea' id='block_1_39' title="bbox 583 2696 2089 2769">
    <p class='ocr_par' dir='ltr' id='par_1_39' title="bbox 583 2696 2089 2769">
     <span class='ocr_line' id='line_1_39' title="bbox 583 2696 2089 2769; baseline -0.012 -4"><span class='ocrx_word' id='word_1_253' title='bbox 583 2710 749 2764; x_wconf 70' lang='lat' dir='ltr'><strong>Vens.</strong></span> <span class='ocrx_word' id='word_1_254' title='bbox 788 2705 878 2759; x_wconf 69' lang='lat'><strong>29..</strong></span> <span class='ocrx_word' id='word_1_255' title='bbox 917 2702 1058 2769; x_wconf 84' lang='lat' dir='ltr'><strong>Quia</strong></span> <span class='ocrx_word' id='word_1_256' title='bbox 1081 2701 1350 2755; x_wconf 78' lang='lat' dir='ltr'><strong>custodivi</strong></span> <span class='ocrx_word' id='word_1_257' title='bbox 1379 2699 1489 2753; x_wconf 82' lang='lat' dir='ltr'><strong>vias</strong></span> <span class='ocrx_word' id='word_1_258' title='bbox 1548 2697 1781 2763; x_wconf 78' lang='lat' dir='ltr'><strong>Domini,</strong></span> <span class='ocrx_word' id='word_1_259' title='bbox 1809 2712 1901 2751; x_wconf 85' lang='lat' dir='ltr'><strong>nec</strong></span> <span class='ocrx_word' id='word_1_260' title='bbox 1933 2696 2089 2763; x_wconf 83' lang='lat' dir='ltr'><strong>impie</strong></span> 
     </span>
    </p>
   </div>
   <div class='ocr_carea' id='block_1_40' title="bbox 2263 1861 3776 1933">
    <p class='ocr_par' dir='ltr' id='par_1_40' title="bbox 2263 1861 3776 1933">
     <span class='ocr_line' id='line_1_40' title="bbox 2263 1861 3776 1933; baseline 0.001 -15"><span class='ocrx_word' id='word_1_261' title='bbox 2263 1863 2373 1919; x_wconf 80' lang='lat' dir='ltr'><strong>Kal</strong></span> <span class='ocrx_word' id='word_1_262' title='bbox 2428 1863 2579 1918; x_wconf 80' lang='grc' dir='ltr'><strong>κατὰ</strong></span> <span class='ocrx_word' id='word_1_263' title='bbox 2629 1861 2744 1932; x_wconf 77' lang='grc' dir='ltr'><strong>τὴν</strong></span> <span class='ocrx_word' id='word_1_264' title='bbox 2784 1863 3169 1932; x_wconf 71' lang='grc' dir='ltr'><strong>καθαρότητα</strong></span> <span class='ocrx_word' id='word_1_265' title='bbox 3205 1862 3326 1916; x_wconf 78' lang='grc' dir='ltr'><strong>τῶν</strong></span> <span class='ocrx_word' id='word_1_266' title='bbox 3387 1862 3601 1932; x_wconf 79' lang='grc' dir='ltr'><strong>χειρῶν</strong></span> <span class='ocrx_word' id='word_1_267' title='bbox 3652 1881 3776 1933; x_wconf 84' lang='grc' dir='ltr'><strong>μου</strong></span> 
     </span>
    </p>
   </div>
   <div class='ocr_carea' id='block_1_41' title="bbox 2190 1952 3777 2026">
    <p class='ocr_par' dir='ltr' id='par_1_41' title="bbox 2190 1952 3777 2026">
     <span class='ocr_line' id='line_1_41' title="bbox 2190 1952 3777 2026; baseline -0.001 -18"><span class='ocrx_word' id='word_1_268' title='bbox 2190 1953 2609 2009; x_wconf 81' lang='grc' dir='ltr'><strong>ἀνταποδώσει</strong></span> <span class='ocrx_word' id='word_1_269' title='bbox 2626 1971 2750 2023; x_wconf 82' lang='grc' dir='ltr'><strong>μοι.</strong></span> <span class='ocrx_word' id='word_1_270' title='bbox 2782 1954 2847 2007; x_wconf 83' lang='grc' dir='ltr'>Ἢ</span> <span class='ocrx_word' id='word_1_271' title='bbox 2876 1953 3189 2025; x_wconf 78' lang='grc' dir='ltr'><strong>καθαρότης</strong></span> <span class='ocrx_word' id='word_1_272' title='bbox 3217 1952 3327 2007; x_wconf 85' lang='grc' dir='ltr'><strong>τῶν</strong></span> <span class='ocrx_word' id='word_1_273' title='bbox 3355 1955 3578 2026; x_wconf 82' lang='grc' dir='ltr'><strong>χειρῶν,</strong></span> <span class='ocrx_word' id='word_1_274' title='bbox 3603 1955 3777 2024; x_wconf 81' lang='grc' dir='ltr'><strong>ἐφερ-</strong></span> 
     </span>
    </p>
   </div>
   <div class='ocr_carea' id='block_1_42' title="bbox 2195 2048 3777 2123">
    <p class='ocr_par' dir='ltr' id='par_1_42' title="bbox 2195 2048 3777 2123">
     <span class='ocr_line' id='line_1_42' title="bbox 2195 2048 3777 2123; baseline 0.002 -21"><span class='ocrx_word' id='word_1_275' title='bbox 2195 2051 2559 2123; x_wconf 81' lang='grc' dir='ltr'><strong>μηνευκτικόν</strong></span> <span class='ocrx_word' id='word_1_276' title='bbox 2611 2052 2728 2104; x_wconf 79' lang='grc' dir='ltr'><strong>ἐστι</strong></span> <span class='ocrx_word' id='word_1_277' title='bbox 2768 2050 2866 2121; x_wconf 78' lang='grc' dir='ltr'><strong>τῆς</strong></span> <span class='ocrx_word' id='word_1_278' title='bbox 2912 2050 3300 2120; x_wconf 70' lang='grc' dir='ltr'><strong>δικαιοσύνης*</strong></span> <span class='ocrx_word' id='word_1_279' title='bbox 3345 2048 3471 2103; x_wconf 78' lang='grc' dir='ltr'><strong>οὔτε</strong></span> <span class='ocrx_word' id='word_1_280' title='bbox 3530 2049 3636 2120; x_wconf 82' lang='grc' dir='ltr'><strong>γὰρ</strong></span> <span class='ocrx_word' id='word_1_281' title='bbox 3669 2050 3777 2118; x_wconf 78' lang='grc' dir='ltr'><strong>ἦρ-</strong></span> 
     </span>
    </p>
   </div>
   <div class='ocr_carea' id='block_1_43' title="bbox 2192 2140 3777 2214">
    <p class='ocr_par' dir='ltr' id='par_1_43' title="bbox 2192 2140 3777 2214">
     <span class='ocr_line' id='line_1_43' title="bbox 2192 2140 3777 2214; baseline -0.003 -17"><span class='ocrx_word' id='word_1_282' title='bbox 2192 2142 2515 2208; x_wconf 79' lang='grc' dir='ltr'><strong>πασα,οὖτε</strong></span> <span class='ocrx_word' id='word_1_283' title='bbox 2569 2142 3009 2214; x_wconf 75' lang='grc' dir='ltr'><strong>ἐπλεονέκτησα,</strong></span> <span class='ocrx_word' id='word_1_284' title='bbox 3066 2140 3192 2195; x_wconf 74' lang='grc' dir='ltr'><strong>οὔτε</strong></span> <span class='ocrx_word' id='word_1_285' title='bbox 3239 2140 3613 2195; x_wconf 80' lang='grc' dir='ltr'><strong>ἐπεϐούλευσα</strong></span> <span class='ocrx_word' id='word_1_286' title='bbox 3657 2143 3777 2204; x_wconf 82' lang='grc' dir='ltr'><strong>τοῖς</strong></span> 
     </span>
    </p>
   </div>
   <div class='ocr_carea' id='block_1_44' title="bbox 2192 2233 3779 2305">
    <p class='ocr_par' dir='ltr' id='par_1_44' title="bbox 2192 2233 3779 2305">
     <span class='ocr_line' id='line_1_44' title="bbox 2192 2233 3779 2305; baseline -0.003 -16"><span class='ocrx_word' id='word_1_287' title='bbox 2192 2236 2662 2301; x_wconf 86' lang='grc' dir='ltr'><strong>ἐπιϐουλεύουσιν,</strong></span> <span class='ocrx_word' id='word_1_288' title='bbox 2699 2234 2836 2290; x_wconf 83' lang='grc' dir='ltr'><strong>ἀλλὰ</strong></span> <span class='ocrx_word' id='word_1_289' title='bbox 2862 2233 3115 2305; x_wconf 80' lang='grc' dir='ltr'><strong>καθαρὰς</strong></span> <span class='ocrx_word' id='word_1_290' title='bbox 3141 2233 3254 2305; x_wconf 77' lang='grc' dir='ltr'><strong>ἔχω</strong></span> <span class='ocrx_word' id='word_1_291' title='bbox 3294 2234 3393 2298; x_wconf 81' lang='grc' dir='ltr'><strong>τὰς</strong></span> <span class='ocrx_word' id='word_1_292' title='bbox 3421 2236 3611 2304; x_wconf 74' lang='grc' dir='ltr'><strong>χεῖρας</strong></span> <span class='ocrx_word' id='word_1_293' title='bbox 3662 2233 3779 2287; x_wconf 77' lang='grc' dir='ltr'><strong>ἀπὸ</strong></span> 
     </span>
    </p>
   </div>
   <div class='ocr_carea' id='block_1_45' title="bbox 2193 2324 3775 2399">
    <p class='ocr_par' dir='ltr' id='par_1_45' title="bbox 2193 2324 3775 2399">
     <span class='ocr_line' id='line_1_45' title="bbox 2193 2324 3775 2399; baseline -0.001 -18"><span class='ocrx_word' id='word_1_294' title='bbox 2193 2330 2393 2394; x_wconf 81' lang='grc' dir='ltr'><strong>παντὸς</strong></span> <span class='ocrx_word' id='word_1_295' title='bbox 2440 2328 2741 2399; x_wconf 81' lang='grc' dir='ltr'><strong>μολυσμοῦ,</strong></span> <span class='ocrx_word' id='word_1_296' title='bbox 2776 2328 3211 2397; x_wconf 81' lang='grc' dir='ltr'><strong>συγκρινομένας</strong></span> <span class='ocrx_word' id='word_1_297' title='bbox 3237 2325 3375 2399; x_wconf 77' lang='grc' dir='ltr'><strong>πρὸς</strong></span> <span class='ocrx_word' id='word_1_298' title='bbox 3411 2326 3513 2389; x_wconf 84' lang='grc' dir='ltr'><strong>τὰς</strong></span> <span class='ocrx_word' id='word_1_299' title='bbox 3567 2324 3775 2379; x_wconf 73' lang='grc' dir='ltr'><strong>αὐτῶν.</strong></span> 
     </span>
    </p>
   </div>
   <div class='ocr_carea' id='block_1_46' title="bbox 2196 2417 3775 2492">
    <p class='ocr_par' dir='ltr' id='par_1_46' title="bbox 2196 2417 3775 2492">
     <span class='ocr_line' id='line_1_46' title="bbox 2196 2417 3775 2492; baseline -0.003 -17"><span class='ocrx_word' id='word_1_300' title='bbox 2196 2424 2264 2474; x_wconf 87' lang='grc' dir='ltr'><strong>Ἢ</strong></span> <span class='ocrx_word' id='word_1_301' title='bbox 2293 2423 2387 2475; x_wconf 66' lang='grc' dir='ltr'><strong>καὶ</strong></span> <span class='ocrx_word' id='word_1_302' title='bbox 2414 2422 2501 2474; x_wconf 81' lang='grc' dir='ltr'><strong>διὰ</strong></span> <span class='ocrx_word' id='word_1_303' title='bbox 2534 2420 2643 2473; x_wconf 85' lang='grc' dir='ltr'><strong>τῶν</strong></span> <span class='ocrx_word' id='word_1_304' title='bbox 2674 2420 2897 2492; x_wconf 81' lang='grc' dir='ltr'><strong>χειρῶν,</strong></span> <span class='ocrx_word' id='word_1_305' title='bbox 2926 2422 3026 2482; x_wconf 79' lang='grc' dir='ltr'><strong>τὰς</strong></span> <span class='ocrx_word' id='word_1_306' title='bbox 3059 2418 3289 2491; x_wconf 78' lang='grc' dir='ltr'><strong>πράξεις</strong></span> <span class='ocrx_word' id='word_1_307' title='bbox 3324 2417 3510 2482; x_wconf 82' lang='grc' dir='ltr'><strong>ἁπλῶς</strong></span> <span class='ocrx_word' id='word_1_308' title='bbox 3567 2418 3775 2487; x_wconf 81' lang='grc' dir='ltr'><strong>ἐδήλω-</strong></span> 
     </span>
    </p>
   </div>
   <div class='ocr_carea' id='block_1_47' title="bbox 2194 2512 3324 2583">
    <p class='ocr_par' dir='ltr' id='par_1_47' title="bbox 2194 2512 3324 2583">
     <span class='ocr_line' id='line_1_47' title="bbox 2194 2512 3324 2583; baseline -0.004 -14"><span class='ocrx_word' id='word_1_309' title='bbox 2194 2534 2284 2569; x_wconf 86' lang='grc' dir='ltr'><strong>σεν</strong></span> <span class='ocrx_word' id='word_1_310' title='bbox 2315 2534 2329 2548; x_wconf 72' lang='grc' dir='ltr'><strong>ο</strong></span> <span class='ocrx_word' id='word_1_311' title='bbox 2364 2516 2488 2568; x_wconf 79' lang='grc' dir='ltr'><strong>ἐπεὶ</strong></span> <span class='ocrx_word' id='word_1_312' title='bbox 2518 2513 2615 2569; x_wconf 78' lang='grc' dir='ltr'><strong>καὶ</strong></span> <span class='ocrx_word' id='word_1_313' title='bbox 2641 2513 2729 2566; x_wconf 83' lang='grc' dir='ltr'><strong>διὰ</strong></span> <span class='ocrx_word' id='word_1_314' title='bbox 2753 2512 2954 2583; x_wconf 87' lang='grc' dir='ltr'><strong>χειρῶν</strong></span> <span class='ocrx_word' id='word_1_315' title='bbox 2987 2514 3324 2582; x_wconf 85' lang='grc' dir='ltr'><strong>πράττομεν.</strong></span> 
     </span>
    </p>
   </div>
   <div class='ocr_carea' id='block_1_48' title="bbox 2263 2685 3776 2765">
    <p class='ocr_par' dir='ltr' id='par_1_48' title="bbox 2263 2685 3776 2765">
     <span class='ocr_line' id='line_1_48' title="bbox 2263 2685 3776 2765; baseline -0.007 -16"><span class='ocrx_word' id='word_1_316' title='bbox 2263 2698 2383 2749; x_wconf 86' lang='grc' dir='ltr'><strong>Ὅτι</strong></span> <span class='ocrx_word' id='word_1_317' title='bbox 2414 2695 2693 2765; x_wconf 64' lang='grc' dir='ltr'><strong>ἐφύλαξα</strong></span> <span class='ocrx_word' id='word_1_318' title='bbox 2724 2693 2831 2758; x_wconf 86' lang='grc' dir='ltr'><strong>τὰς</strong></span> <span class='ocrx_word' id='word_1_319' title='bbox 2853 2691 3034 2759; x_wconf 80' lang='grc' dir='ltr'><strong>ὀδοὺς</strong></span> <span class='ocrx_word' id='word_1_320' title='bbox 3074 2690 3322 2759; x_wconf 79' lang='grc' dir='ltr'><strong>Κυρίου,</strong></span> <span class='ocrx_word' id='word_1_321' title='bbox 3350 2704 3452 2742; x_wconf 81' lang='grc' dir='ltr'><strong>και</strong></span> <span class='ocrx_word' id='word_1_322' title='bbox 3490 2688 3601 2741; x_wconf 81' lang='grc' dir='ltr'><strong>οὐκ</strong></span> <span class='ocrx_word' id='word_1_323' title='bbox 3631 2685 3776 2752; x_wconf 82' lang='grc' dir='ltr'><strong>ἠσέ-</strong></span> 
     </span>
    </p>
   </div>
   <div class='ocr_carea' id='block_1_49' title="bbox 508 2777 2095 2878">
    <p class='ocr_par' dir='ltr' id='par_1_49' title="bbox 508 2788 2090 2878">
     <span class='ocr_line' id='line_1_49' title="bbox 508 2788 2090 2878; baseline -0.013 -18"><span class='ocrx_word' id='word_1_324' title='bbox 508 2805 647 2878; x_wconf 77' lang='lat' dir='ltr'><strong>gessi</strong></span> <span class='ocrx_word' id='word_1_325' title='bbox 683 2819 716 2856; x_wconf 87' lang='lat' dir='ltr'><strong>a</strong></span> <span class='ocrx_word' id='word_1_326' title='bbox 747 2800 854 2855; x_wconf 81' lang='lat' dir='ltr'><strong>Deo</strong></span> <span class='ocrx_word' id='word_1_327' title='bbox 879 2813 1016 2852; x_wconf 86' lang='lat' dir='ltr'><strong>meo.</strong></span> <span class='ocrx_word' id='word_1_328' title='bbox 1049 2794 1166 2850; x_wconf 86' lang='lat' dir='ltr'><strong>lloc</strong></span> <span class='ocrx_word' id='word_1_329' title='bbox 1197 2796 1379 2865; x_wconf 90' lang='lat' dir='ltr'><strong>ponit,</strong></span> <span class='ocrx_word' id='word_1_330' title='bbox 1441 2801 1498 2846; x_wconf 88' lang='lat' dir='ltr'><strong>ut</strong></span> <span class='ocrx_word' id='word_1_331' title='bbox 1550 2805 1777 2847; x_wconf 86' lang='lat' dir='ltr'><strong>causam</strong></span> <span class='ocrx_word' id='word_1_332' title='bbox 1830 2788 2090 2859; x_wconf 85' lang='lat' dir='ltr'><strong>puritatis</strong></span> 
     </span>
    </p>
   </div>
   <div class='ocr_carea' id='block_1_50' title="bbox 2203 2777 3775 2878">
    <p class='ocr_par' dir='ltr' id='par_1_50' title="bbox 2203 2777 3775 2857">
     <span class='ocr_line' id='line_1_50' title="bbox 2203 2777 3775 2857; baseline -0.01 -13"><span class='ocrx_word' id='word_1_333' title='bbox 2203 2792 2351 2857; x_wconf 62' lang='grc' dir='ltr'><strong>ῧησα</strong></span> <span class='ocrx_word' id='word_1_334' title='bbox 2383 2788 2503 2844; x_wconf 82' lang='grc' dir='ltr'><strong>ἀπὸ</strong></span> <span class='ocrx_word' id='word_1_335' title='bbox 2524 2787 2630 2843; x_wconf 89' lang='grc' dir='ltr'><strong>τοῦ</strong></span> <span class='ocrx_word' id='word_1_336' title='bbox 2659 2786 2811 2842; x_wconf 84' lang='grc' dir='ltr'><strong>Θεοῦ</strong></span> <span class='ocrx_word' id='word_1_337' title='bbox 2832 2803 2976 2856; x_wconf 83' lang='grc' dir='ltr'><strong>μου.</strong></span> <span class='ocrx_word' id='word_1_338' title='bbox 3012 2783 3199 2838; x_wconf 81' lang='grc' dir='ltr'><strong>Ταῦτα</strong></span> <span class='ocrx_word' id='word_1_339' title='bbox 3232 2782 3385 2837; x_wconf 79' lang='grc' dir='ltr'><strong>αἴτια</strong></span> <span class='ocrx_word' id='word_1_340' title='bbox 3436 2780 3620 2850; x_wconf 82' lang='grc' dir='ltr'><strong>τίθησι</strong></span> <span class='ocrx_word' id='word_1_341' title='bbox 3668 2777 3775 2842; x_wconf 73' lang='grc' dir='ltr'><strong>τῆς</strong></span> 
     </span>
    </p>
   </div>
   <div class='ocr_carea' id='block_1_51' title="bbox 508 2866 2095 2951">
    <p class='ocr_par' dir='ltr' id='par_1_51' title="bbox 508 2866 2087 2951">
     <span class='ocr_line' id='line_1_51' title="bbox 508 2866 2087 2951; baseline -0.012 0"><span class='ocrx_word' id='word_1_342' title='bbox 508 2866 771 2951; x_wconf 69' lang='lat' dir='ltr'><strong>manuum</strong></span> <span class='ocrx_word' id='word_1_343' title='bbox 802 2903 1053 2946; x_wconf 88' lang='lat' dir='ltr'><strong>suarum.</strong></span> <span class='ocrx_word' id='word_1_344' title='bbox 1089 2885 1310 2941; x_wconf 74' lang='lat' dir='ltr'><strong>Munda:</strong></span> <span class='ocrx_word' id='word_1_345' title='bbox 1346 2887 1495 2941; x_wconf 89' lang='lat' dir='ltr'><strong>enim</strong></span> <span class='ocrx_word' id='word_1_346' title='bbox 1522 2892 1706 2947; x_wconf 89' lang='lat' dir='ltr'><strong>erant,</strong></span> <span class='ocrx_word' id='word_1_347' title='bbox 1733 2880 1930 2950; x_wconf 91' lang='lat' dir='ltr'><strong>inquit,</strong></span> <span class='ocrx_word' id='word_1_348' title='bbox 1959 2880 2087 2951; x_wconf 87' lang='lat' dir='ltr'><strong>quia</strong></span> 
     </span>
    </p>
   </div>
   <div class='ocr_carea' id='block_1_52' title="bbox 2203 2866 3777 2951">
    <p class='ocr_par' dir='ltr' id='par_1_52' title="bbox 2203 2866 3777 2949">
     <span class='ocr_line' id='line_1_52' title="bbox 2203 2866 3777 2949; baseline -0.008 -17"><span class='ocrx_word' id='word_1_349' title='bbox 2203 2879 2565 2949; x_wconf 67' lang='grc' dir='ltr'><strong>καθαρότητος</strong></span> <span class='ocrx_word' id='word_1_350' title='bbox 2630 2876 2741 2930; x_wconf 83' lang='grc' dir='ltr'><strong>τῶν</strong></span> <span class='ocrx_word' id='word_1_351' title='bbox 2807 2874 3031 2945; x_wconf 80' lang='grc' dir='ltr'><strong>χειρῶν.</strong></span> <span class='ocrx_word' id='word_1_352' title='bbox 3099 2870 3464 2941; x_wconf 82' lang='grc' dir='ltr'><strong>Ἑκαθάρευον</strong></span> <span class='ocrx_word' id='word_1_353' title='bbox 3518 2867 3647 2937; x_wconf 84' lang='grc' dir='ltr'><strong>γὰρ,</strong></span> <span class='ocrx_word' id='word_1_354' title='bbox 3689 2866 3777 2919; x_wconf 78' lang='grc' dir='ltr'><strong>ὅτι</strong></span> 
     </span>
    </p>
   </div>
   <div class='ocr_carea' id='block_1_53' title="bbox 507 2956 2095 3044">
    <p class='ocr_par' dir='ltr' id='par_1_53' title="bbox 507 2972 2085 3044">
     <span class='ocr_line' id='line_1_53' title="bbox 507 2972 2085 3044; baseline -0.012 -1"><span class='ocrx_word' id='word_1_355' title='bbox 507 2984 786 3042; x_wconf 73' lang='lat' dir='ltr'><strong>custodiri</strong></span> <span class='ocrx_word' id='word_1_356' title='bbox 843 2982 964 3036; x_wconf 85' lang='lat' dir='ltr'><strong>vias</strong></span> <span class='ocrx_word' id='word_1_357' title='bbox 1024 2979 1269 3044; x_wconf 87' lang='lat' dir='ltr'><strong>Domini,</strong></span> <span class='ocrx_word' id='word_1_358' title='bbox 1313 2977 1418 3031; x_wconf 85' lang='lat' dir='ltr'><strong>hoc</strong></span> <span class='ocrx_word' id='word_1_359' title='bbox 1470 2986 1576 3040; x_wconf 75' lang='grc' dir='ltr'><strong>εει,</strong></span> <span class='ocrx_word' id='word_1_360' title='bbox 1615 2974 1736 3042; x_wconf 83' lang='lat' dir='ltr'><strong>ejus</strong></span> <span class='ocrx_word' id='word_1_361' title='bbox 1790 2972 2085 3034; x_wconf 87' lang='lat' dir='ltr'><strong>mandata;</strong></span> 
     </span>
    </p>
   </div>
   <div class='ocr_carea' id='block_1_54' title="bbox 2203 2956 3776 3044">
    <p class='ocr_par' dir='ltr' id='par_1_54' title="bbox 2203 2956 3776 3042">
     <span class='ocr_line' id='line_1_54' title="bbox 2203 2956 3776 3042; baseline -0.011 -17"><span class='ocrx_word' id='word_1_362' title='bbox 2203 2972 2433 3042; x_wconf 65' lang='grc' dir='ltr'><strong>ἐφύλαξα</strong></span> <span class='ocrx_word' id='word_1_363' title='bbox 2463 2970 2562 3032; x_wconf 79' lang='grc' dir='ltr'><strong>τὰς</strong></span> <span class='ocrx_word' id='word_1_364' title='bbox 2589 2968 2764 3032; x_wconf 80' lang='grc' dir='ltr'><strong>ὁδοὺς,</strong></span> <span class='ocrx_word' id='word_1_365' title='bbox 2813 2968 2934 3038; x_wconf 73' lang='grc' dir='ltr'><strong>ἦτοι</strong></span> <span class='ocrx_word' id='word_1_366' title='bbox 2965 2965 3062 3028; x_wconf 85' lang='grc' dir='ltr'><strong>τὰς</strong></span> <span class='ocrx_word' id='word_1_367' title='bbox 3115 2960 3337 3024; x_wconf 78' lang='grc' dir='ltr'><strong>ἐντολὰς</strong></span> <span class='ocrx_word' id='word_1_368' title='bbox 3392 2958 3622 3029; x_wconf 80' lang='grc' dir='ltr'><strong>Κυρίου,</strong></span> <span class='ocrx_word' id='word_1_369' title='bbox 3675 2956 3776 3009; x_wconf 77' lang='grc' dir='ltr'><strong>καὶ</strong></span> 
     </span>
    </p>
   </div>
   <div class='ocr_carea' id='block_1_55' title="bbox 506 3047 2095 3151">
    <p class='ocr_par' dir='ltr' id='par_1_55' title="bbox 506 3067 2089 3151">
     <span class='ocr_line' id='line_1_55' title="bbox 506 3067 2089 3151; baseline -0.013 -14"><span class='ocrx_word' id='word_1_370' title='bbox 506 3094 688 3151; x_wconf 84' lang='lat' dir='ltr'><strong>neque</strong></span> <span class='ocrx_word' id='word_1_371' title='bbox 721 3076 872 3132; x_wconf 89' lang='lat' dir='ltr'><strong>enim</strong></span> <span class='ocrx_word' id='word_1_372' title='bbox 909 3074 1210 3142; x_wconf 87' lang='lat' dir='ltr'><strong>impiorum</strong></span> <span class='ocrx_word' id='word_1_373' title='bbox 1247 3084 1403 3125; x_wconf 87' lang='lat' dir='ltr'><strong>more</strong></span> <span class='ocrx_word' id='word_1_374' title='bbox 1458 3068 1530 3124; x_wconf 89' lang='lat' dir='ltr'><strong>ab</strong></span> <span class='ocrx_word' id='word_1_375' title='bbox 1584 3067 1667 3122; x_wconf 90' lang='lat' dir='ltr'><strong>eis</strong></span> <span class='ocrx_word' id='word_1_376' title='bbox 1707 3080 1946 3135; x_wconf 89' lang='lat' dir='ltr'><strong>unquam</strong></span> <span class='ocrx_word' id='word_1_377' title='bbox 2006 3080 2089 3119; x_wconf 86' lang='lat' dir='ltr'><strong>re-</strong></span> 
     </span>
    </p>
   </div>
   <div class='ocr_carea' id='block_1_56' title="bbox 2203 3047 3777 3151">
    <p class='ocr_par' dir='ltr' id='par_1_56' title="bbox 2203 3047 3777 3134">
     <span class='ocr_line' id='line_1_56' title="bbox 2203 3047 3777 3134; baseline -0.013 -18"><span class='ocrx_word' id='word_1_378' title='bbox 2203 3064 2289 3134; x_wconf 74' lang='grc' dir='ltr'><strong>&gt;ὖχ</strong></span> <span class='ocrx_word' id='word_1_379' title='bbox 2319 3063 2393 3125; x_wconf 80' lang='grc' dir='ltr'><strong>ὡς</strong></span> <span class='ocrx_word' id='word_1_380' title='bbox 2418 3059 2621 3130; x_wconf 83' lang='grc' dir='ltr'><strong>ἀσεϐὴς</strong></span> <span class='ocrx_word' id='word_1_381' title='bbox 2651 3057 2897 3126; x_wconf 77' lang='grc' dir='ltr'><strong>ἀπέστην</strong></span> <span class='ocrx_word' id='word_1_382' title='bbox 2925 3055 3020 3108; x_wconf 77' lang='grc' dir='ltr'><strong>ἀπ’</strong></span> <span class='ocrx_word' id='word_1_383' title='bbox 3051 3052 3241 3107; x_wconf 79' lang='grc' dir='ltr'><strong>αὐτοῦ.</strong></span> <span class='ocrx_word' id='word_1_384' title='bbox 3284 3051 3346 3104; x_wconf 87' lang='lat'><strong>&#39;0</strong></span> <span class='ocrx_word' id='word_1_385' title='bbox 3371 3050 3429 3103; x_wconf 81' lang='grc' dir='ltr'><strong>δὲ</strong></span> <span class='ocrx_word' id='word_1_386' title='bbox 3452 3047 3625 3101; x_wconf 79' lang='grc' dir='ltr'><strong>ταῦτα</strong></span> <span class='ocrx_word' id='word_1_387' title='bbox 3670 3062 3777 3115; x_wconf 79' lang='grc' dir='ltr'><strong>τη-</strong></span> 
     </span>
    </p>
   </div>
   <div class='ocr_carea' id='block_1_57' title="bbox 507 3139 2095 3235">
    <p class='ocr_par' dir='ltr' id='par_1_57' title="bbox 507 3139 2087 3235">
     <span class='ocr_line' id='line_1_57' title="bbox 507 3139 2087 3235; baseline -0.012 -7"><span class='ocrx_word' id='word_1_388' title='bbox 507 3139 675 3227; x_wconf 52' lang='lat' dir='ltr'><strong>cos-si.</strong></span> <span class='ocrx_word' id='word_1_389' title='bbox 705 3166 810 3235; x_wconf 84' lang='lat' dir='ltr'><strong>Qui</strong></span> <span class='ocrx_word' id='word_1_390' title='bbox 861 3178 995 3219; x_wconf 92' lang='lat' dir='ltr'><strong>vero</strong></span> <span class='ocrx_word' id='word_1_391' title='bbox 1040 3162 1229 3218; x_wconf 89' lang='lat' dir='ltr'><strong>divina</strong></span> <span class='ocrx_word' id='word_1_392' title='bbox 1268 3160 1526 3216; x_wconf 77' lang='lat' dir='ltr'><strong>observat</strong></span> <span class='ocrx_word' id='word_1_393' title='bbox 1571 3167 1862 3229; x_wconf 70' lang='lat' dir='ltr'><strong>prmcepta,</strong></span> <span class='ocrx_word' id='word_1_394' title='bbox 1894 3170 1960 3210; x_wconf 91' lang='lat' dir='ltr'><strong>ac</strong></span> <span class='ocrx_word' id='word_1_395' title='bbox 1994 3170 2087 3226; x_wconf 88' lang='lat' dir='ltr'><strong>per</strong></span> 
     </span>
    </p>
   </div>
   <div class='ocr_carea' id='block_1_58' title="bbox 2203 3139 3779 3235">
    <p class='ocr_par' dir='ltr' id='par_1_58' title="bbox 2203 3139 3779 3228">
     <span class='ocr_line' id='line_1_58' title="bbox 2203 3139 3779 3228; baseline -0.01 -19"><span class='ocrx_word' id='word_1_396' title='bbox 2203 3159 2328 3228; x_wconf 72' lang='grc' dir='ltr'><strong>ρῶν,</strong></span> <span class='ocrx_word' id='word_1_397' title='bbox 2360 3156 2451 3207; x_wconf 81' lang='grc' dir='ltr'><strong>καὶ</strong></span> <span class='ocrx_word' id='word_1_398' title='bbox 2483 3152 2763 3206; x_wconf 73' lang='grc' dir='ltr'><strong>δι’σαὺτῶν</strong></span> <span class='ocrx_word' id='word_1_399' title='bbox 2806 3148 3028 3215; x_wconf 78' lang='grc' dir='ltr'><strong>ὁδεύων,</strong></span> <span class='ocrx_word' id='word_1_400' title='bbox 3084 3144 3400 3216; x_wconf 79' lang='grc' dir='ltr'><strong>ἀναγκαίως</strong></span> <span class='ocrx_word' id='word_1_401' title='bbox 3454 3139 3779 3211; x_wconf 73' lang='grc' dir='ltr'><strong>καθαρεύει.</strong></span> 
     </span>
    </p>
   </div>
   <div class='ocr_carea' id='block_1_59' title="bbox 504 3252 1807 3332">
    <p class='ocr_par' dir='ltr' id='par_1_59' title="bbox 504 3252 1807 3332">
     <span class='ocr_line' id='line_1_59' title="bbox 504 3252 1807 3332; baseline -0.011 -13"><span class='ocrx_word' id='word_1_402' title='bbox 504 3279 568 3319; x_wconf 91' lang='lat' dir='ltr'><strong>ca</strong></span> <span class='ocrx_word' id='word_1_403' title='bbox 600 3261 873 3332; x_wconf 77' lang='lat' dir='ltr'><strong>graditur,</strong></span> <span class='ocrx_word' id='word_1_404' title='bbox 901 3254 1216 3312; x_wconf 84' lang='lat' dir='ltr'><strong>necessario</strong></span> <span class='ocrx_word' id='word_1_405' title='bbox 1235 3254 1402 3310; x_wconf 89' lang='lat' dir='ltr'><strong>etiam</strong></span> <span class='ocrx_word' id='word_1_406' title='bbox 1439 3252 1678 3308; x_wconf 86' lang='lat' dir='ltr'><strong>mundus</strong></span> <span class='ocrx_word' id='word_1_407' title='bbox 1703 3262 1807 3306; x_wconf 89' lang='lat' dir='ltr'><strong>est.</strong></span> 
     </span>
    </p>
   </div>
   <div class='ocr_carea' id='block_1_60' title="bbox 581 3340 2086 3412">
    <p class='ocr_par' dir='ltr' id='par_1_60' title="bbox 581 3340 2086 3412">
     <span class='ocr_line' id='line_1_60' title="bbox 581 3340 2086 3412; baseline -0.007 -9"><span class='ocrx_word' id='word_1_408' title='bbox 581 3347 747 3404; x_wconf 72' lang='lat' dir='ltr'><strong>Vens.</strong></span> <span class='ocrx_word' id='word_1_409' title='bbox 782 3347 874 3402; x_wconf 68' lang='lat'><strong>23.</strong></span> <span class='ocrx_word' id='word_1_410' title='bbox 912 3344 1183 3412; x_wconf 80' lang='lat' dir='ltr'><strong>Quoniam</strong></span> <span class='ocrx_word' id='word_1_411' title='bbox 1235 3343 1417 3398; x_wconf 84' lang='lat' dir='ltr'><strong>omnia</strong></span> <span class='ocrx_word' id='word_1_412' title='bbox 1441 3342 1651 3411; x_wconf 86' lang='lat' dir='ltr'><strong>judicia</strong></span> <span class='ocrx_word' id='word_1_413' title='bbox 1697 3340 1810 3411; x_wconf 83' lang='lat' dir='ltr'><strong>ejus</strong></span> <span class='ocrx_word' id='word_1_414' title='bbox 1843 3340 1895 3395; x_wconf 85' lang='lat' dir='ltr'><strong>iu</strong></span> <span class='ocrx_word' id='word_1_415' title='bbox 1931 3356 2086 3394; x_wconf 81' lang='lat' dir='ltr'><strong>com-</strong></span> 
     </span>
    </p>
   </div>
   <div class='ocr_carea' id='block_1_61' title="bbox 507 3434 2089 3512">
    <p class='ocr_par' dir='ltr' id='par_1_61' title="bbox 507 3434 2089 3512">
     <span class='ocr_line' id='line_1_61' title="bbox 507 3434 2089 3512; baseline -0.008 -14"><span class='ocrx_word' id='word_1_416' title='bbox 507 3452 661 3512; x_wconf 66' lang='lat' dir='ltr'><strong>pacta</strong></span> <span class='ocrx_word' id='word_1_417' title='bbox 704 3455 843 3503; x_wconf 80' lang='lat' dir='ltr'><strong>meo,</strong></span> <span class='ocrx_word' id='word_1_418' title='bbox 875 3447 925 3492; x_wconf 84' lang='lat' dir='ltr'><strong>et</strong></span> <span class='ocrx_word' id='word_1_419' title='bbox 943 3435 1365 3507; x_wconf 73' lang='lat' dir='ltr'><strong>justiﬁcationes</strong></span> <span class='ocrx_word' id='word_1_420' title='bbox 1395 3434 1509 3503; x_wconf 77' lang='lat' dir='ltr'><strong>ejus</strong></span> <span class='ocrx_word' id='word_1_421' title='bbox 1553 3450 1658 3488; x_wconf 86' lang='lat' dir='ltr'><strong>non</strong></span> <span class='ocrx_word' id='word_1_422' title='bbox 1703 3442 2026 3487; x_wconf 73' lang='lat' dir='ltr'><strong>recesserunt</strong></span> <span class='ocrx_word' id='word_1_423' title='bbox 2056 3449 2089 3485; x_wconf 89' lang='lat' dir='ltr'><strong>a</strong></span> 
     </span>
    </p>
   </div>
   <div class='ocr_carea' id='block_1_62' title="bbox 510 3524 2085 3593">
    <p class='ocr_par' dir='ltr' id='par_1_62' title="bbox 510 3524 2085 3593">
     <span class='ocr_line' id='line_1_62' title="bbox 510 3524 2085 3593; baseline -0.005 -5"><span class='ocrx_word' id='word_1_424' title='bbox 510 3550 611 3589; x_wconf 72' lang='lat' dir='ltr'><strong>me.</strong></span> <span class='ocrx_word' id='word_1_425' title='bbox 648 3533 809 3587; x_wconf 83' lang='lat' dir='ltr'><strong>Aliud</strong></span> <span class='ocrx_word' id='word_1_426' title='bbox 831 3540 918 3585; x_wconf 87' lang='lat' dir='ltr'><strong>est</strong></span> <span class='ocrx_word' id='word_1_427' title='bbox 945 3530 1057 3593; x_wconf 81' lang='lat' dir='ltr'><strong>lex,</strong></span> <span class='ocrx_word' id='word_1_428' title='bbox 1082 3527 1233 3583; x_wconf 85' lang='lat' dir='ltr'><strong>aliud</strong></span> <span class='ocrx_word' id='word_1_429' title='bbox 1260 3526 1607 3592; x_wconf 84' lang='lat' dir='ltr'><strong>mandatum,</strong></span> <span class='ocrx_word' id='word_1_430' title='bbox 1641 3524 1792 3580; x_wconf 82' lang='lat' dir='ltr'><strong>aliud</strong></span> <span class='ocrx_word' id='word_1_431' title='bbox 1830 3526 2085 3581; x_wconf 89' lang='lat' dir='ltr'><strong>testimo-</strong></span> 
     </span>
    </p>
   </div>
   <div class='ocr_carea' id='block_1_63' title="bbox 512 3619 2090 3693">
    <p class='ocr_par' dir='ltr' id='par_1_63' title="bbox 512 3619 2090 3693">
     <span class='ocr_line' id='line_1_63' title="bbox 512 3619 2090 3693; baseline -0.004 -10"><span class='ocrx_word' id='word_1_432' title='bbox 512 3630 694 3690; x_wconf 78' lang='lat' dir='ltr'><strong>nium,</strong></span> <span class='ocrx_word' id='word_1_433' title='bbox 727 3625 879 3681; x_wconf 80' lang='lat' dir='ltr'><strong>aliud</strong></span> <span class='ocrx_word' id='word_1_434' title='bbox 913 3624 1212 3693; x_wconf 88' lang='lat' dir='ltr'><strong>judicium,</strong></span> <span class='ocrx_word' id='word_1_435' title='bbox 1274 3630 1331 3677; x_wconf 91' lang='lat' dir='ltr'><strong>et</strong></span> <span class='ocrx_word' id='word_1_436' title='bbox 1386 3621 1536 3677; x_wconf 88' lang='lat' dir='ltr'><strong>aliud</strong></span> <span class='ocrx_word' id='word_1_437' title='bbox 1577 3621 1922 3691; x_wconf 74' lang='lat' dir='ltr'><strong>iustiﬁcatio.</strong></span> <span class='ocrx_word' id='word_1_438' title='bbox 1979 3619 2090 3677; x_wconf 70' lang='lat' dir='ltr'><strong>Lex</strong></span> 
     </span>
    </p>
   </div>
   <div class='ocr_carea' id='block_1_64' title="bbox 514 3711 2096 3784">
    <p class='ocr_par' dir='ltr' id='par_1_64' title="bbox 514 3711 2096 3784">
     <span class='ocr_line' id='line_1_64' title="bbox 514 3711 2096 3784; baseline -0.005 -11"><span class='ocrx_word' id='word_1_439' title='bbox 514 3718 660 3773; x_wconf 86' lang='lat' dir='ltr'><strong>enim</strong></span> <span class='ocrx_word' id='word_1_440' title='bbox 685 3716 777 3770; x_wconf 84' lang='lat' dir='ltr'><strong>illa</strong></span> <span class='ocrx_word' id='word_1_441' title='bbox 807 3714 1035 3777; x_wconf 86' lang='lat' dir='ltr'><strong>dicitur,</strong></span> <span class='ocrx_word' id='word_1_442' title='bbox 1067 3726 1193 3784; x_wconf 68' lang='lat' dir='ltr'><strong>quae</strong></span> <span class='ocrx_word' id='word_1_443' title='bbox 1236 3711 1423 3768; x_wconf 86' lang='lat' dir='ltr'><strong>omnia</strong></span> <span class='ocrx_word' id='word_1_444' title='bbox 1455 3711 1512 3767; x_wconf 90' lang='lat' dir='ltr'><strong>in</strong></span> <span class='ocrx_word' id='word_1_445' title='bbox 1566 3712 1888 3768; x_wconf 88' lang='lat' dir='ltr'><strong>universum</strong></span> <span class='ocrx_word' id='word_1_446' title='bbox 1916 3712 2096 3767; x_wconf 91' lang='lat' dir='ltr'><strong>conti-</strong></span> 
     </span>
    </p>
   </div>
   <div class='ocr_carea' id='block_1_65' title="bbox 513 3805 2091 3879">
    <p class='ocr_par' dir='ltr' id='par_1_65' title="bbox 513 3805 2091 3879">
     <span class='ocr_line' id='line_1_65' title="bbox 513 3805 2091 3879; baseline -0.005 -12"><span class='ocrx_word' id='word_1_447' title='bbox 513 3819 609 3867; x_wconf 97' lang='lat' dir='ltr'><strong>net</strong></span> <span class='ocrx_word' id='word_1_448' title='bbox 654 3808 910 3864; x_wconf 85' lang='lat' dir='ltr'><strong>mandata</strong></span> <span class='ocrx_word' id='word_1_449' title='bbox 978 3805 1230 3879; x_wconf 63' lang='lat' dir='ltr'><strong>[quisque</strong></span> <span class='ocrx_word' id='word_1_450' title='bbox 1276 3805 1445 3860; x_wconf 85' lang='lat' dir='ltr'><strong>vitam</strong></span> <span class='ocrx_word' id='word_1_451' title='bbox 1501 3818 1568 3859; x_wconf 87' lang='lat' dir='ltr'><strong>ac</strong></span> <span class='ocrx_word' id='word_1_452' title='bbox 1616 3805 2091 3860; x_wconf 85' lang='lat' dir='ltr'><strong>conversationem</strong></span> 
     </span>
    </p>
   </div>
   <div class='ocr_carea' id='block_1_66' title="bbox 513 3895 2091 3974">
    <p class='ocr_par' dir='ltr' id='par_1_66' title="bbox 513 3895 2091 3974">
     <span class='ocr_line' id='line_1_66' title="bbox 513 3895 2091 3974; baseline -0.004 -17"><span class='ocrx_word' id='word_1_453' title='bbox 513 3903 775 3974; x_wconf 81' lang='lat' dir='ltr'><strong>optimam</strong></span> <span class='ocrx_word' id='word_1_454' title='bbox 815 3901 1036 3956; x_wconf 80' lang='lat' dir='ltr'><strong>ordinat</strong></span> <span class='ocrx_word' id='word_1_455' title='bbox 1092 3913 1160 3955; x_wconf 83' lang='lat' dir='ltr'><strong>ac</strong></span> <span class='ocrx_word' id='word_1_456' title='bbox 1195 3895 1563 3969; x_wconf 83' lang='lat' dir='ltr'><strong>moderatur],</strong></span> <span class='ocrx_word' id='word_1_457' title='bbox 1629 3895 2091 3967; x_wconf 87' lang='lat' dir='ltr'><strong>quemadmodum</strong></span> 
     </span>
    </p>
   </div>
   <div class='ocr_carea' id='block_1_67' title="bbox 513 3986 2091 4063">
    <p class='ocr_par' dir='ltr' id='par_1_67' title="bbox 513 3986 2091 4063">
     <span class='ocr_line' id='line_1_67' title="bbox 513 3986 2091 4063; baseline -0.002 -15"><span class='ocrx_word' id='word_1_458' title='bbox 513 4004 599 4048; x_wconf 81' lang='lat' dir='ltr'><strong>est</strong></span> <span class='ocrx_word' id='word_1_459' title='bbox 637 3994 727 4048; x_wconf 87' lang='lat' dir='ltr'><strong>lex</strong></span> <span class='ocrx_word' id='word_1_460' title='bbox 761 4006 859 4063; x_wconf 85' lang='lat' dir='ltr'><strong>per</strong></span> <span class='ocrx_word' id='word_1_461' title='bbox 912 3991 1155 4062; x_wconf 80' lang='lat' dir='ltr'><strong>Moysem</strong></span> <span class='ocrx_word' id='word_1_462' title='bbox 1190 3989 1342 4043; x_wconf 84' lang='lat' dir='ltr'><strong>data.</strong></span> <span class='ocrx_word' id='word_1_463' title='bbox 1376 3986 1693 4045; x_wconf 74' lang='lat' dir='ltr'><strong>Mandatum</strong></span> <span class='ocrx_word' id='word_1_464' title='bbox 1749 4005 1884 4046; x_wconf 88' lang='lat' dir='ltr'><strong>vero</strong></span> <span class='ocrx_word' id='word_1_465' title='bbox 1935 3991 2091 4057; x_wconf 91' lang='lat' dir='ltr'><strong>illud,</strong></span> 
     </span>
    </p>
   </div>
   <div class='ocr_carea' id='block_1_68' title="bbox 514 4079 2094 4154">
    <p class='ocr_par' dir='ltr' id='par_1_68' title="bbox 514 4079 2094 4154">
     <span class='ocr_line' id='line_1_68' title="bbox 514 4079 2094 4154; baseline 0 -18"><span class='ocrx_word' id='word_1_466' title='bbox 514 4084 683 4153; x_wconf 82' lang='lat' dir='ltr'><strong>quod,</strong></span> <span class='ocrx_word' id='word_1_467' title='bbox 715 4098 839 4154; x_wconf 67' lang='lat' dir='ltr'><strong>qua:</strong></span> <span class='ocrx_word' id='word_1_468' title='bbox 871 4082 1083 4153; x_wconf 74' lang='lat' dir='ltr'><strong>agenda</strong></span> <span class='ocrx_word' id='word_1_469' title='bbox 1115 4089 1249 4136; x_wconf 88' lang='lat' dir='ltr'><strong>sunt</strong></span> <span class='ocrx_word' id='word_1_470' title='bbox 1295 4079 1538 4153; x_wconf 83' lang='lat' dir='ltr'><strong>[Domini</strong></span> <span class='ocrx_word' id='word_1_471' title='bbox 1574 4095 1639 4135; x_wconf 90' lang='lat' dir='ltr'><strong>ac</strong></span> <span class='ocrx_word' id='word_1_472' title='bbox 1680 4079 1845 4151; x_wconf 80' lang='lat' dir='ltr'><strong>Regis</strong></span> <span class='ocrx_word' id='word_1_473' title='bbox 1890 4081 1944 4136; x_wconf 92' lang='lat' dir='ltr'><strong>in</strong></span> <span class='ocrx_word' id='word_1_474' title='bbox 1976 4098 2094 4137; x_wconf 85' lang='lat' dir='ltr'><strong>mo-</strong></span> 
     </span>
    </p>
   </div>
   <div class='ocr_carea' id='block_1_69' title="bbox 518 4170 2092 4246">
    <p class='ocr_par' dir='ltr' id='par_1_69' title="bbox 518 4170 2092 4246">
     <span class='ocr_line' id='line_1_69' title="bbox 518 4170 2092 4246; baseline 0.001 -19"><span class='ocrx_word' id='word_1_475' title='bbox 518 4172 659 4246; x_wconf 86' lang='lat' dir='ltr'><strong>rem]</strong></span> <span class='ocrx_word' id='word_1_476' title='bbox 697 4183 795 4228; x_wconf 90' lang='lat' dir='ltr'><strong>aut</strong></span> <span class='ocrx_word' id='word_1_477' title='bbox 827 4174 975 4228; x_wconf 83' lang='lat' dir='ltr'><strong>aliud</strong></span> <span class='ocrx_word' id='word_1_478' title='bbox 1003 4171 1136 4242; x_wconf 86' lang='lat' dir='ltr'><strong>quid</strong></span> <span class='ocrx_word' id='word_1_479' title='bbox 1186 4170 1559 4241; x_wconf 84' lang='lat' dir='ltr'><strong>particulatim</strong></span> <span class='ocrx_word' id='word_1_480' title='bbox 1584 4171 1781 4240; x_wconf 86' lang='lat' dir='ltr'><strong>jubet;</strong></span> <span class='ocrx_word' id='word_1_481' title='bbox 1814 4181 1873 4227; x_wconf 91' lang='lat' dir='ltr'><strong>ut</strong></span> <span class='ocrx_word' id='word_1_482' title='bbox 1904 4172 2034 4227; x_wconf 89' lang='lat' dir='ltr'><strong>illud</strong></span> <span class='ocrx_word' id='word_1_483' title='bbox 2076 4191 2092 4229; x_wconf 88' lang='lat'><strong>:</strong></span> 
     </span>
    </p>
   </div>
   <div class='ocr_carea' id='block_1_70' title="bbox 520 4261 2095 4336">
    <p class='ocr_par' dir='ltr' id='par_1_70' title="bbox 520 4261 2095 4336">
     <span class='ocr_line' id='line_1_70' title="bbox 520 4261 2095 4336; baseline 0.001 -17"><span class='ocrx_word' id='word_1_484' title='bbox 520 4264 644 4319; x_wconf 84' lang='lat' dir='ltr'><strong>Non</strong></span> <span class='ocrx_word' id='word_1_485' title='bbox 677 4265 923 4329; x_wconf 64' lang='lat' dir='ltr'><strong>occides;</strong></span> <span class='ocrx_word' id='word_1_486' title='bbox 953 4280 1057 4317; x_wconf 84' lang='lat' dir='ltr'><strong>non</strong></span> <span class='ocrx_word' id='word_1_487' title='bbox 1084 4264 1328 4331; x_wconf 78' lang='lat' dir='ltr'><strong>futurum</strong></span> <span class='ocrx_word' id='word_1_488' title='bbox 1370 4261 1533 4330; x_wconf 77' lang='lat' dir='ltr'><strong>facies</strong></span> <span class='ocrx_word' id='word_1_489' title='bbox 1560 4262 1606 4294; x_wconf 65' lang='grc' dir='ltr'><strong>δ’</strong></span> <span class='ocrx_word' id='word_1_490' title='bbox 1634 4278 1653 4317; x_wconf 91' lang='lat'><strong><em>:</em></strong></span> <span class='ocrx_word' id='word_1_491' title='bbox 1678 4272 1733 4318; x_wconf 91' lang='lat' dir='ltr'><strong>et</strong></span> <span class='ocrx_word' id='word_1_492' title='bbox 1755 4278 2095 4336; x_wconf 66' lang='lat' dir='ltr'><strong>quaecunque</strong></span> 
     </span>
    </p>
   </div>
   <div class='ocr_carea' id='block_1_71' title="bbox 2269 3324 3776 3403">
    <p class='ocr_par' dir='ltr' id='par_1_71' title="bbox 2269 3324 3776 3403">
     <span class='ocr_line' id='line_1_71' title="bbox 2269 3324 3776 3403; baseline -0.012 -9"><span class='ocrx_word' id='word_1_493' title='bbox 2269 3341 2399 3394; x_wconf 84' lang='grc' dir='ltr'><strong>Ὅτι</strong></span> <span class='ocrx_word' id='word_1_494' title='bbox 2472 3337 2670 3391; x_wconf 82' lang='grc' dir='ltr'><strong>πάντα</strong></span> <span class='ocrx_word' id='word_1_495' title='bbox 2706 3333 2779 3389; x_wconf 86' lang='grc' dir='ltr'><strong>τὰ</strong></span> <span class='ocrx_word' id='word_1_496' title='bbox 2825 3333 3081 3403; x_wconf 79' lang='grc' dir='ltr'><strong>κρίματα</strong></span> <span class='ocrx_word' id='word_1_497' title='bbox 3114 3326 3305 3384; x_wconf 79' lang='grc' dir='ltr'><strong>αὐτοῦ</strong></span> <span class='ocrx_word' id='word_1_498' title='bbox 3351 3324 3611 3381; x_wconf 78' lang='grc' dir='ltr'><strong>ἐνώπιόν</strong></span> <span class='ocrx_word' id='word_1_499' title='bbox 3629 3340 3776 3393; x_wconf 86' lang='grc' dir='ltr'><strong>μου,</strong></span> 
     </span>
    </p>
   </div>
   <div class='ocr_carea' id='block_1_72' title="bbox 2197 3416 3779 3502">
    <p class='ocr_par' dir='ltr' id='par_1_72' title="bbox 2197 3416 3779 3502">
     <span class='ocr_line' id='line_1_72' title="bbox 2197 3416 3779 3502; baseline -0.015 -11"><span class='ocrx_word' id='word_1_500' title='bbox 2197 3436 2293 3492; x_wconf 80' lang='grc' dir='ltr'><strong>καὶ</strong></span> <span class='ocrx_word' id='word_1_501' title='bbox 2348 3435 2418 3489; x_wconf 82' lang='grc' dir='ltr'><strong>τὰ</strong></span> <span class='ocrx_word' id='word_1_502' title='bbox 2478 3431 2844 3502; x_wconf 83' lang='grc' dir='ltr'><strong>δικαιώματα</strong></span> <span class='ocrx_word' id='word_1_503' title='bbox 2893 3426 3084 3482; x_wconf 84' lang='grc' dir='ltr'><strong>αὑτοῦ</strong></span> <span class='ocrx_word' id='word_1_504' title='bbox 3145 3426 3258 3480; x_wconf 85' lang='grc' dir='ltr'><strong>οὐκ</strong></span> <span class='ocrx_word' id='word_1_505' title='bbox 3286 3421 3652 3488; x_wconf 78' lang='grc' dir='ltr'><strong>ἀπέστησαν</strong></span> <span class='ocrx_word' id='word_1_506' title='bbox 3672 3416 3779 3470; x_wconf 79' lang='grc' dir='ltr'><strong>ἀπ’</strong></span> 
     </span>
    </p>
   </div>
   <div class='ocr_carea' id='block_1_73' title="bbox 2196 3503 3785 3601">
    <p class='ocr_par' dir='ltr' id='par_1_73' title="bbox 2196 3503 3785 3601">
     <span class='ocr_line' id='line_1_73' title="bbox 2196 3503 3785 3601; baseline -0.02 -16"><span class='ocrx_word' id='word_1_507' title='bbox 2196 3529 2365 3601; x_wconf 79' lang='grc' dir='ltr'><strong>ἐμοῦ.</strong></span> <span class='ocrx_word' id='word_1_508' title='bbox 2399 3527 2628 3597; x_wconf 77' lang='grc' dir='ltr'><strong>Ἕτερον</strong></span> <span class='ocrx_word' id='word_1_509' title='bbox 2655 3523 2844 3591; x_wconf 87' lang='grc' dir='ltr'><strong>νόμος,</strong></span> <span class='ocrx_word' id='word_1_510' title='bbox 2894 3519 2989 3572; x_wconf 79' lang='grc' dir='ltr'><strong>καὶ</strong></span> <span class='ocrx_word' id='word_1_511' title='bbox 3010 3516 3202 3585; x_wconf 73' lang='grc' dir='ltr'><strong>ἕτερον</strong></span> <span class='ocrx_word' id='word_1_512' title='bbox 3233 3509 3425 3579; x_wconf 78' lang='grc' dir='ltr'><strong>ἐντολή</strong></span> <span class='ocrx_word' id='word_1_513' title='bbox 3509 3505 3605 3601; x_wconf 68' lang='grc' dir='ltr'><strong>καὶ</strong></span> <span class='ocrx_word' id='word_1_514' title='bbox 3662 3503 3785 3601; x_wconf 74' lang='grc' dir='ltr'><strong>ἐτε-</strong></span> 
     </span>
    </p>
   </div>
   <div class='ocr_carea' id='block_1_74' title="bbox 2203 3596 3781 3696">
    <p class='ocr_par' dir='ltr' id='par_1_74' title="bbox 2203 3596 3781 3696">
     <span class='ocr_line' id='line_1_74' title="bbox 2203 3596 3781 3696; baseline -0.019 -19"><span class='ocrx_word' id='word_1_515' title='bbox 2203 3596 2297 3696; x_wconf 76' lang='grc' dir='ltr'><strong>ρον</strong></span> <span class='ocrx_word' id='word_1_516' title='bbox 2335 3618 2663 3692; x_wconf 85' lang='grc' dir='ltr'><strong>μαρτύριον,</strong></span> <span class='ocrx_word' id='word_1_517' title='bbox 2691 3614 2788 3668; x_wconf 82' lang='grc' dir='ltr'><strong>καὶ</strong></span> <span class='ocrx_word' id='word_1_518' title='bbox 2819 3611 2949 3665; x_wconf 78' lang='grc' dir='ltr'><strong>ἄλλο</strong></span> <span class='ocrx_word' id='word_1_519' title='bbox 2976 3610 3174 3681; x_wconf 82' lang='grc' dir='ltr'><strong>κρῖμα,</strong></span> <span class='ocrx_word' id='word_1_520' title='bbox 3244 3603 3342 3658; x_wconf 77' lang='grc' dir='ltr'><strong>καὶ</strong></span> <span class='ocrx_word' id='word_1_521' title='bbox 3393 3599 3522 3657; x_wconf 75' lang='grc' dir='ltr'><strong>ἄλλο</strong></span> <span class='ocrx_word' id='word_1_522' title='bbox 3559 3596 3781 3651; x_wconf 80' lang='grc' dir='ltr'><strong>δικαίω-</strong></span> 
     </span>
    </p>
   </div>
   <div class='ocr_carea' id='block_1_75' title="bbox 2203 3690 3778 3787">
    <p class='ocr_par' dir='ltr' id='par_1_75' title="bbox 2203 3690 3778 3787">
     <span class='ocr_line' id='line_1_75' title="bbox 2203 3690 3778 3787; baseline -0.02 -17"><span class='ocrx_word' id='word_1_523' title='bbox 2203 3690 2302 3787; x_wconf 76' lang='grc' dir='ltr'><strong>μα.</strong></span> <span class='ocrx_word' id='word_1_524' title='bbox 2338 3690 2528 3783; x_wconf 66' lang='grc' dir='ltr'><strong>Νόμος</strong></span> <span class='ocrx_word' id='word_1_525' title='bbox 2562 3709 2687 3781; x_wconf 75' lang='grc' dir='ltr'><strong>μὲν,</strong></span> <span class='ocrx_word' id='word_1_526' title='bbox 2722 3707 2751 3759; x_wconf 83' lang='grc' dir='ltr'><strong>ὁ</strong></span> <span class='ocrx_word' id='word_1_527' title='bbox 2780 3703 3015 3758; x_wconf 85' lang='grc' dir='ltr'><strong>καθόλου</strong></span> <span class='ocrx_word' id='word_1_528' title='bbox 3064 3694 3414 3768; x_wconf 84' lang='grc' dir='ltr'><strong>περιεκτικδς</strong></span> <span class='ocrx_word' id='word_1_529' title='bbox 3459 3691 3569 3745; x_wconf 84' lang='grc' dir='ltr'><strong>τῶν</strong></span> <span class='ocrx_word' id='word_1_530' title='bbox 3626 3690 3778 3787; x_wconf 58' lang='grc' dir='ltr'><strong>ἐντο-</strong></span> 
     </span>
    </p>
   </div>
   <div class='ocr_carea' id='block_1_76' title="bbox 2198 3778 3781 3873">
    <p class='ocr_par' dir='ltr' id='par_1_76' title="bbox 2198 3778 3781 3873">
     <span class='ocr_line' id='line_1_76' title="bbox 2198 3778 3781 3873; baseline -0.019 -14"><span class='ocrx_word' id='word_1_531' title='bbox 2198 3778 2331 3873; x_wconf 83' lang='grc' dir='ltr'><strong>λῶν,</strong></span> <span class='ocrx_word' id='word_1_532' title='bbox 2358 3778 2441 3866; x_wconf 73' lang='grc' dir='ltr'><strong>ὡς</strong></span> <span class='ocrx_word' id='word_1_533' title='bbox 2460 3803 2542 3864; x_wconf 81' lang='grc' dir='ltr'><strong>τὸ,</strong></span> <span class='ocrx_word' id='word_1_534' title='bbox 2563 3778 2638 3852; x_wconf 20' lang='grc' dir='ltr'><strong>*Ὀ</strong></span> <span class='ocrx_word' id='word_1_535' title='bbox 2670 3796 2833 3867; x_wconf 83' lang='grc' dir='ltr'><strong>νόμος</strong></span> <span class='ocrx_word' id='word_1_536' title='bbox 2859 3793 2948 3847; x_wconf 83' lang='grc' dir='ltr'><strong>διὰ</strong></span> <span class='ocrx_word' id='word_1_537' title='bbox 2981 3789 3229 3853; x_wconf 80' lang='grc' dir='ltr'><strong>Μωσέως</strong></span> <span class='ocrx_word' id='word_1_538' title='bbox 3252 3786 3433 3854; x_wconf 73' lang='grc' dir='ltr'><strong>ἐδόθηο</strong></span> <span class='ocrx_word' id='word_1_539' title='bbox 3459 3779 3670 3837; x_wconf 78' lang='grc' dir='ltr'><strong>ἐντολαὶ</strong></span> <span class='ocrx_word' id='word_1_540' title='bbox 3694 3778 3781 3842; x_wconf 81' lang='grc' dir='ltr'><strong>δέ,</strong></span> 
     </span>
    </p>
   </div>
   <div class='ocr_carea' id='block_1_77' title="bbox 2200 3873 3787 3965">
    <p class='ocr_par' dir='ltr' id='par_1_77' title="bbox 2200 3873 3787 3965">
     <span class='ocr_line' id='line_1_77' title="bbox 2200 3873 3787 3965; baseline -0.018 -14"><span class='ocrx_word' id='word_1_541' title='bbox 2200 3899 2256 3951; x_wconf 83' lang='grc' dir='ltr'><strong>αἱ</strong></span> <span class='ocrx_word' id='word_1_542' title='bbox 2279 3895 2421 3950; x_wconf 84' lang='grc' dir='ltr'><strong>κατὰ</strong></span> <span class='ocrx_word' id='word_1_543' title='bbox 2448 3894 2635 3965; x_wconf 82' lang='grc' dir='ltr'><strong>μέρος,</strong></span> <span class='ocrx_word' id='word_1_544' title='bbox 2664 3884 2797 3954; x_wconf 76' lang='grc' dir='ltr'><strong>οἷον,</strong></span> <span class='ocrx_word' id='word_1_545' title='bbox 2832 3887 2915 3940; x_wconf 83' lang='grc' dir='ltr'><strong>Οὐ</strong></span> <span class='ocrx_word' id='word_1_546' title='bbox 2945 3882 3288 3954; x_wconf 73' lang='grc' dir='ltr'><strong>φονεύσεις,</strong></span> <span class='ocrx_word' id='word_1_547' title='bbox 3311 3878 3385 3933; x_wconf 83' lang='grc' dir='ltr'><strong>οὐ</strong></span> <span class='ocrx_word' id='word_1_548' title='bbox 3405 3873 3787 3965; x_wconf 80' lang='grc' dir='ltr'><strong>μοιχεύσεις,</strong></span> 
     </span>
    </p>
   </div>
   <div class='ocr_carea' id='block_1_78' title="bbox 2200 3963 3785 4047">
    <p class='ocr_par' dir='ltr' id='par_1_78' title="bbox 2200 3963 3785 4047">
     <span class='ocr_line' id='line_1_78' title="bbox 2200 3963 3785 4047; baseline -0.016 -8"><span class='ocrx_word' id='word_1_549' title='bbox 2200 3989 2296 4039; x_wconf 75' lang='grc' dir='ltr'><strong>καὶ</strong></span> <span class='ocrx_word' id='word_1_550' title='bbox 2322 3984 2422 4037; x_wconf 78' lang='grc' dir='ltr'><strong>ὅσα</strong></span> <span class='ocrx_word' id='word_1_551' title='bbox 2450 3963 2572 4036; x_wconf 75' lang='grc' dir='ltr'><strong>κατ’</strong></span> <span class='ocrx_word' id='word_1_552' title='bbox 2616 3975 2757 4040; x_wconf 81' lang='grc' dir='ltr'><strong>εἶδος</strong></span> <span class='ocrx_word' id='word_1_553' title='bbox 2803 3975 3018 4047; x_wconf 78' lang='grc' dir='ltr'><strong>εἴρηται</strong></span> <span class='ocrx_word' id='word_1_554' title='bbox 3052 3988 3066 4001; x_wconf 83' lang='grc'><em>’</em></span> <span class='ocrx_word' id='word_1_555' title='bbox 3112 3967 3415 4041; x_wconf 89' lang='grc' dir='ltr'><strong>μαρτύριον</strong></span> <span class='ocrx_word' id='word_1_556' title='bbox 3459 3965 3517 4019; x_wconf 85' lang='grc' dir='ltr'><strong>δὲ</strong></span> <span class='ocrx_word' id='word_1_557' title='bbox 3559 3964 3694 4032; x_wconf 83' lang='grc' dir='ltr'><strong>ὅπερ</strong></span> <span class='ocrx_word' id='word_1_558' title='bbox 3752 3963 3785 4014; x_wconf 82' lang='grc' dir='ltr'>ὁ</span> 
     </span>
    </p>
   </div>
   <div class='ocr_carea' id='block_1_79' title="bbox 2203 4056 3789 4149">
    <p class='ocr_par' dir='ltr' id='par_1_79' title="bbox 2203 4056 3789 4149">
     <span class='ocr_line' id='line_1_79' title="bbox 2203 4056 3789 4149; baseline -0.017 -17"><span class='ocrx_word' id='word_1_559' title='bbox 2203 4075 2501 4149; x_wconf 79' lang='grc' dir='ltr'><strong>νομοθέτης</strong></span> <span class='ocrx_word' id='word_1_560' title='bbox 2539 4070 2680 4144; x_wconf 79' lang='grc' dir='ltr'><strong>μετᾶ</strong></span> <span class='ocrx_word' id='word_1_561' title='bbox 2710 4086 2856 4131; x_wconf 81' lang='grc' dir='ltr'><strong>τινος</strong></span> <span class='ocrx_word' id='word_1_562' title='bbox 2885 4062 3288 4135; x_wconf 80' lang='grc' dir='ltr'><strong>διαμαρτυρίας</strong></span> <span class='ocrx_word' id='word_1_563' title='bbox 3340 4056 3637 4149; x_wconf 67' lang='grc' dir='ltr'><strong>παρεγγυᾷ.</strong></span> <span class='ocrx_word' id='word_1_564' title='bbox 3667 4056 3789 4118; x_wconf 82' lang='grc' dir='ltr'><strong>τοῖς</strong></span> 
     </span>
    </p>
   </div>
   <div class='ocr_carea' id='block_1_80' title="bbox 2203 4146 3784 4239">
    <p class='ocr_par' dir='ltr' id='par_1_80' title="bbox 2203 4146 3784 4239">
     <span class='ocr_line' id='line_1_80' title="bbox 2203 4146 3784 4239; baseline -0.016 -15"><span class='ocrx_word' id='word_1_565' title='bbox 2203 4146 2521 4228; x_wconf 81' lang='grc' dir='ltr'><strong>ἀκούουσιν,</strong></span> <span class='ocrx_word' id='word_1_566' title='bbox 2541 4163 2772 4239; x_wconf 29' lang='grc' dir='ltr'><strong>ὡςηόταν</strong></span> <span class='ocrx_word' id='word_1_567' title='bbox 2797 4161 2826 4213; x_wconf 90' lang='grc' dir='ltr'><strong>ὁ</strong></span> <span class='ocrx_word' id='word_1_568' title='bbox 2856 4157 3098 4226; x_wconf 80' lang='grc' dir='ltr'><strong>Μωῦσῆς</strong></span> <span class='ocrx_word' id='word_1_569' title='bbox 3129 4154 3280 4223; x_wconf 82' lang='grc' dir='ltr'><strong>λέγει</strong></span> <span class='ocrx_word' id='word_1_570' title='bbox 3329 4151 3468 4222; x_wconf 84' lang='grc' dir='ltr'><strong>πρὸς</strong></span> <span class='ocrx_word' id='word_1_571' title='bbox 3489 4149 3587 4219; x_wconf 34' lang='grc' dir='ltr'><strong>,τὸν</strong></span> <span class='ocrx_word' id='word_1_572' title='bbox 3625 4146 3784 4208; x_wconf 79' lang='grc' dir='ltr'><strong>λαὸν,</strong></span> 
     </span>
    </p>
   </div>
   <div class='ocr_carea' id='block_1_81' title="bbox 2202 4240 3788 4319">
    <p class='ocr_par' dir='ltr' id='par_1_81' title="bbox 2202 4240 3788 4319">
     <span class='ocr_line' id='line_1_81' title="bbox 2202 4240 3788 4319; baseline -0.016 -3"><span class='ocrx_word' id='word_1_573' title='bbox 2202 4264 2288 4316; x_wconf 83' lang='grc' dir='ltr'><strong>ὃτι</strong></span> <span class='ocrx_word' id='word_1_574' title='bbox 2339 4260 2468 4313; x_wconf 78' lang='grc' dir='ltr'><strong>Ἐὰν</strong></span> <span class='ocrx_word' id='word_1_575' title='bbox 2525 4256 2652 4311; x_wconf 83' lang='grc' dir='ltr'><strong>τάδε</strong></span> <span class='ocrx_word' id='word_1_576' title='bbox 2704 4254 2798 4308; x_wconf 74' lang='grc' dir='ltr'><strong>καὶ</strong></span> <span class='ocrx_word' id='word_1_577' title='bbox 2830 4250 2956 4306; x_wconf 80' lang='grc' dir='ltr'><strong>τάδε</strong></span> <span class='ocrx_word' id='word_1_578' title='bbox 2994 4248 3289 4319; x_wconf 85' lang='grc' dir='ltr'><strong>ποιήσητε,</strong></span> <span class='ocrx_word' id='word_1_579' title='bbox 3327 4240 3788 4313; x_wconf 82' lang='grc' dir='ltr'><strong>διαμαρτύρομαι</strong></span> 
     </span>
    </p>
   </div>
   <div class='ocr_carea' id='block_1_82' title="bbox 436 4330 2095 4426">
    <p class='ocr_par' dir='ltr' id='par_1_82' title="bbox 436 4330 2095 4426">
     <span class='ocr_line' id='line_1_82' title="bbox 436 4330 2095 4426; baseline 0 -16"><span class='ocrx_word' id='word_1_580' title='bbox 436 4370 439 4373; x_wconf 72' lang='lat'>‘</span> <span class='ocrx_word' id='word_1_581' title='bbox 519 4358 623 4411; x_wconf 88' lang='lat' dir='ltr'><strong>alia</strong></span> <span class='ocrx_word' id='word_1_582' title='bbox 658 4359 761 4411; x_wconf 80' lang='lat' dir='ltr'><strong>lioc</strong></span> <span class='ocrx_word' id='word_1_583' title='bbox 808 4363 971 4426; x_wconf 88' lang='lat' dir='ltr'><strong>pacto</strong></span> <span class='ocrx_word' id='word_1_584' title='bbox 1028 4330 1093 4407; x_wconf 88' lang='lat' dir='ltr'><strong>in</strong></span> <span class='ocrx_word' id='word_1_585' title='bbox 1144 4353 1327 4423; x_wconf 84' lang='lat' dir='ltr'><strong>specie</strong></span> <span class='ocrx_word' id='word_1_586' title='bbox 1360 4352 1643 4422; x_wconf 78' lang='lat' dir='ltr'><strong>iubentur.</strong></span> <span class='ocrx_word' id='word_1_587' title='bbox 1699 4330 2095 4410; x_wconf 73' lang='lat' dir='ltr'><strong>Testimonium</strong></span> 
     </span>
    </p>
   </div>
   <div class='ocr_carea' id='block_1_83' title="bbox 2203 4330 3791 4426">
    <p class='ocr_par' dir='ltr' id='par_1_83' title="bbox 2206 4330 3791 4426">
     <span class='ocr_line' id='line_1_83' title="bbox 2206 4330 3791 4426; baseline -0.015 -19"><span class='ocrx_word' id='word_1_588' title='bbox 2206 4354 2336 4424; x_wconf 67' lang='grc' dir='ltr'><strong>ὑμῖν</strong></span> <span class='ocrx_word' id='word_1_589' title='bbox 2364 4354 2604 4423; x_wconf 78' lang='grc' dir='ltr'><strong>σήμερον</strong></span> <span class='ocrx_word' id='word_1_590' title='bbox 2627 4346 2717 4400; x_wconf 80' lang='grc' dir='ltr'><strong>τὸν</strong></span> <span class='ocrx_word' id='word_1_591' title='bbox 2748 4343 2980 4415; x_wconf 71' lang='grc' dir='ltr'><strong>οὐρανὸν</strong></span> <span class='ocrx_word' id='word_1_592' title='bbox 3018 4343 3114 4395; x_wconf 70' lang='grc' dir='ltr'><strong>καὶ</strong></span> <span class='ocrx_word' id='word_1_593' title='bbox 3138 4338 3239 4426; x_wconf 81' lang='grc' dir='ltr'><strong>τὴν</strong></span> <span class='ocrx_word' id='word_1_594' title='bbox 3272 4338 3399 4426; x_wconf 64' lang='grc' dir='ltr'><strong>γῆν,</strong></span> <span class='ocrx_word' id='word_1_595' title='bbox 3422 4336 3507 4426; x_wconf 62' lang='grc' dir='ltr'><strong>δτι</strong></span> <span class='ocrx_word' id='word_1_596' title='bbox 3537 4330 3791 4426; x_wconf 70' lang='grc' dir='ltr'><strong>ἀπωλείᾳ</strong></span> 
     </span>
    </p>
   </div>
   <div class='ocr_carea' id='block_1_84' title="bbox 519 4420 2095 4520">
    <p class='ocr_par' dir='ltr' id='par_1_84' title="bbox 519 4446 2095 4520">
     <span class='ocr_line' id='line_1_84' title="bbox 519 4446 2095 4520; baseline -0.001 -15"><span class='ocrx_word' id='word_1_597' title='bbox 519 4464 651 4505; x_wconf 77' lang='lat' dir='ltr'><strong>vero</strong></span> <span class='ocrx_word' id='word_1_598' title='bbox 689 4448 856 4505; x_wconf 87' lang='lat' dir='ltr'><strong>etiam</strong></span> <span class='ocrx_word' id='word_1_599' title='bbox 885 4446 1057 4520; x_wconf 87' lang='lat' dir='ltr'><strong>[quod</strong></span> <span class='ocrx_word' id='word_1_600' title='bbox 1090 4457 1409 4516; x_wconf 86' lang='lat' dir='ltr'><strong>peceatores</strong></span> <span class='ocrx_word' id='word_1_601' title='bbox 1444 4454 1806 4510; x_wconf 86' lang='lat' dir='ltr'><strong>contestatur.</strong></span> <span class='ocrx_word' id='word_1_602' title='bbox 1831 4458 1886 4503; x_wconf 90' lang='lat' dir='ltr'><strong>et</strong></span> <span class='ocrx_word' id='word_1_603' title='bbox 1921 4457 2095 4504; x_wconf 88' lang='lat' dir='ltr'><strong>trans-</strong></span> 
     </span>
    </p>
   </div>
   <div class='ocr_carea' id='block_1_85' title="bbox 2203 4420 3790 4520">
    <p class='ocr_par' dir='ltr' id='par_1_85' title="bbox 2205 4420 3790 4508">
     <span class='ocr_line' id='line_1_85' title="bbox 2205 4420 3790 4508; baseline -0.018 -9"><span class='ocrx_word' id='word_1_604' title='bbox 2205 4420 2535 4500; x_wconf 55' lang='grc' dir='ltr'><strong>ἀπολεῖσθελ</strong></span> <span class='ocrx_word' id='word_1_605' title='bbox 2578 4437 2824 4508; x_wconf 84' lang='grc' dir='ltr'><strong>κρίματα</strong></span> <span class='ocrx_word' id='word_1_606' title='bbox 2867 4433 2944 4495; x_wconf 86' lang='grc' dir='ltr'><strong>δὲ,</strong></span> <span class='ocrx_word' id='word_1_607' title='bbox 2996 4430 3099 4485; x_wconf 80' lang='grc' dir='ltr'><strong>ὅσα</strong></span> <span class='ocrx_word' id='word_1_608' title='bbox 3157 4425 3253 4482; x_wconf 81' lang='grc' dir='ltr'><strong>τοῦ</strong></span> <span class='ocrx_word' id='word_1_609' title='bbox 3315 4422 3450 4479; x_wconf 86' lang='grc' dir='ltr'><strong>Θεοῦ</strong></span> <span class='ocrx_word' id='word_1_610' title='bbox 3502 4420 3790 4493; x_wconf 79' lang='grc' dir='ltr'><strong>κρίνοντος</strong></span> 
     </span>
    </p>
   </div>
   <div class='ocr_carea' id='block_1_86' title="bbox 521 4536 2102 4611">
    <p class='ocr_par' dir='ltr' id='par_1_86' title="bbox 521 4536 2102 4611">
     <span class='ocr_line' id='line_1_86' title="bbox 521 4536 2102 4611; baseline -0.001 -17"><span class='ocrx_word' id='word_1_611' title='bbox 521 4540 865 4611; x_wconf 80' lang='lat' dir='ltr'><strong>gressionum</strong></span> <span class='ocrx_word' id='word_1_612' title='bbox 902 4553 1098 4608; x_wconf 65' lang='lat' dir='ltr'><strong>pennas</strong></span> <span class='ocrx_word' id='word_1_613' title='bbox 1131 4536 1321 4610; x_wconf 88' lang='lat' dir='ltr'><strong>docet]</strong></span> <span class='ocrx_word' id='word_1_614' title='bbox 1363 4537 1621 4607; x_wconf 84' lang='lat' dir='ltr'><strong>quodque</strong></span> <span class='ocrx_word' id='word_1_615' title='bbox 1662 4539 1946 4609; x_wconf 83' lang='lat' dir='ltr'><strong>legislator</strong></span> <span class='ocrx_word' id='word_1_616' title='bbox 1968 4554 2102 4608; x_wconf 84' lang='lat' dir='ltr'><strong>qua-</strong></span> 
     </span>
    </p>
   </div>
   <div class='ocr_carea' id='block_1_87' title="bbox 523 4628 2102 4685">
    <p class='ocr_par' dir='ltr' id='par_1_87' title="bbox 523 4628 2102 4685">
     <span class='ocr_line' id='line_1_87' title="bbox 523 4628 2102 4685; baseline 0.003 -6"><span class='ocrx_word' id='word_1_617' title='bbox 523 4633 648 4683; x_wconf 70' lang='lat' dir='ltr'><strong>.lam</strong></span> <span class='ocrx_word' id='word_1_618' title='bbox 676 4645 805 4685; x_wconf 90' lang='lat' dir='ltr'><strong>cum</strong></span> <span class='ocrx_word' id='word_1_619' title='bbox 827 4629 1180 4685; x_wconf 84' lang='lat' dir='ltr'><strong>attestatione</strong></span> <span class='ocrx_word' id='word_1_620' title='bbox 1202 4643 1267 4684; x_wconf 90' lang='lat' dir='ltr'><strong>ac</strong></span> <span class='ocrx_word' id='word_1_621' title='bbox 1312 4628 1732 4685; x_wconf 80' lang='lat' dir='ltr'><strong>conﬁrmatione</strong></span> <span class='ocrx_word' id='word_1_622' title='bbox 1755 4628 2102 4684; x_wconf 87' lang='lat' dir='ltr'><strong>audientibus</strong></span> 
     </span>
    </p>
   </div>
   <div class='ocr_carea' id='block_1_88' title="bbox 526 4720 2103 4792">
    <p class='ocr_par' dir='ltr' id='par_1_88' title="bbox 526 4720 2103 4792">
     <span class='ocr_line' id='line_1_88' title="bbox 526 4720 2103 4792; baseline 0.001 -16"><span class='ocrx_word' id='word_1_623' title='bbox 526 4722 823 4777; x_wconf 82' lang='lat' dir='ltr'><strong>mandabat</strong></span> <span class='ocrx_word' id='word_1_624' title='bbox 872 4739 892 4780; x_wconf 85' lang='lat'><strong>:</strong></span> <span class='ocrx_word' id='word_1_625' title='bbox 935 4723 1102 4777; x_wconf 86' lang='lat' dir='ltr'><strong>veluti</strong></span> <span class='ocrx_word' id='word_1_626' title='bbox 1150 4736 1276 4778; x_wconf 88' lang='lat' dir='ltr'><strong>cum</strong></span> <span class='ocrx_word' id='word_1_627' title='bbox 1329 4720 1546 4792; x_wconf 75' lang='lat' dir='ltr'><strong>Moyses</strong></span> <span class='ocrx_word' id='word_1_628' title='bbox 1602 4721 1820 4778; x_wconf 88' lang='lat' dir='ltr'><strong>dicebat</strong></span> <span class='ocrx_word' id='word_1_629' title='bbox 1852 4739 1866 4776; x_wconf 89' lang='lat'><strong>:</strong></span> <span class='ocrx_word' id='word_1_630' title='bbox 1901 4721 1957 4776; x_wconf 85' lang='lat' dir='ltr'><strong>Si</strong></span> <span class='ocrx_word' id='word_1_631' title='bbox 1986 4721 2103 4777; x_wconf 63' lang='lat' dir='ltr'><strong>bare</strong></span> 
     </span>
    </p>
   </div>
   <div class='ocr_carea' id='block_1_89' title="bbox 523 4812 2101 4877">
    <p class='ocr_par' dir='ltr' id='par_1_89' title="bbox 523 4812 2101 4877">
     <span class='ocr_line' id='line_1_89' title="bbox 523 4812 2101 4877; baseline -0.002 -10"><span class='ocrx_word' id='word_1_632' title='bbox 523 4826 616 4867; x_wconf 82' lang='lat' dir='ltr'><strong>aut</strong></span> <span class='ocrx_word' id='word_1_633' title='bbox 667 4812 758 4867; x_wconf 85' lang='lat' dir='ltr'><strong>illa</strong></span> <span class='ocrx_word' id='word_1_634' title='bbox 813 4812 1079 4877; x_wconf 80' lang='lat' dir='ltr'><strong>feceritis,</strong></span> <span class='ocrx_word' id='word_1_635' title='bbox 1137 4819 1314 4867; x_wconf 86' lang='lat' dir='ltr'><strong>testor</strong></span> <span class='ocrx_word' id='word_1_636' title='bbox 1348 4812 1504 4868; x_wconf 81' lang='lat' dir='ltr'><strong>vobis</strong></span> <span class='ocrx_word' id='word_1_637' title='bbox 1537 4812 1736 4866; x_wconf 59' lang='lat' dir='ltr'><strong>caelum</strong></span> <span class='ocrx_word' id='word_1_638' title='bbox 1769 4818 1823 4866; x_wconf 90' lang='lat' dir='ltr'><strong>et</strong></span> <span class='ocrx_word' id='word_1_639' title='bbox 1877 4820 2101 4877; x_wconf 87' lang='lat' dir='ltr'><strong>terram,</strong></span> 
     </span>
    </p>
   </div>
   <div class='ocr_carea' id='block_1_90' title="bbox 524 4902 2107 4976">
    <p class='ocr_par' dir='ltr' id='par_1_90' title="bbox 524 4902 2107 4976">
     <span class='ocr_line' id='line_1_90' title="bbox 524 4902 2107 4976; baseline -0.002 -16"><span class='ocrx_word' id='word_1_640' title='bbox 524 4906 674 4976; x_wconf 90' lang='lat' dir='ltr'><strong>quod</strong></span> <span class='ocrx_word' id='word_1_641' title='bbox 728 4914 908 4961; x_wconf 86' lang='lat' dir='ltr'><strong>morte</strong></span> <span class='ocrx_word' id='word_1_642' title='bbox 970 4906 1305 4959; x_wconf 86' lang='lat' dir='ltr'><strong>moriemini.</strong></span> <span class='ocrx_word' id='word_1_643' title='bbox 1362 4903 1638 4959; x_wconf 73' lang='lat' dir='ltr'><strong>Iudicium</strong></span> <span class='ocrx_word' id='word_1_644' title='bbox 1684 4912 1886 4971; x_wconf 88' lang='lat' dir='ltr'><strong>autem,</strong></span> <span class='ocrx_word' id='word_1_645' title='bbox 1924 4902 1979 4958; x_wconf 92' lang='lat' dir='ltr'><strong>id</strong></span> <span class='ocrx_word' id='word_1_646' title='bbox 2022 4914 2107 4959; x_wconf 88' lang='lat' dir='ltr'><strong>est</strong></span> 
     </span>
    </p>
   </div>
   <div class='ocr_carea' id='block_1_91' title="bbox 524 4995 2106 5069">
    <p class='ocr_par' dir='ltr' id='par_1_91' title="bbox 524 4995 2106 5069">
     <span class='ocr_line' id='line_1_91' title="bbox 524 4995 2106 5069; baseline -0.001 -17"><span class='ocrx_word' id='word_1_647' title='bbox 524 4999 672 5069; x_wconf 83' lang='lat' dir='ltr'><strong>quod</strong></span> <span class='ocrx_word' id='word_1_648' title='bbox 730 4999 1060 5054; x_wconf 82' lang='lat' dir='ltr'><strong>sententiam</strong></span> <span class='ocrx_word' id='word_1_649' title='bbox 1113 4999 1209 5054; x_wconf 89' lang='lat' dir='ltr'><strong>Dei</strong></span> <span class='ocrx_word' id='word_1_650' title='bbox 1248 4997 1593 5054; x_wconf 88' lang='lat' dir='ltr'><strong>demonstrat</strong></span> <span class='ocrx_word' id='word_1_651' title='bbox 1638 4995 1729 5068; x_wconf 88' lang='lat' dir='ltr'><strong>[ac</strong></span> <span class='ocrx_word' id='word_1_652' title='bbox 1772 4997 1935 5052; x_wconf 88' lang='lat' dir='ltr'><strong>docet</strong></span> <span class='ocrx_word' id='word_1_653' title='bbox 1964 5011 2106 5067; x_wconf 64' lang='lat' dir='ltr'><strong>quaa-</strong></span> 
     </span>
    </p>
   </div>
   <div class='ocr_carea' id='block_1_92' title="bbox 539 5088 2105 5159">
    <p class='ocr_par' dir='ltr' id='par_1_92' title="bbox 539 5088 2105 5159">
     <span class='ocr_line' id='line_1_92' title="bbox 539 5088 2105 5159; baseline -0.002 -13"><span class='ocrx_word' id='word_1_654' title='bbox 539 5107 666 5146; x_wconf 86' lang='lat' dir='ltr'><strong>nam</strong></span> <span class='ocrx_word' id='word_1_655' title='bbox 704 5092 846 5147; x_wconf 88' lang='lat' dir='ltr'><strong>bona</strong></span> <span class='ocrx_word' id='word_1_656' title='bbox 891 5093 939 5147; x_wconf 87' lang='lat' dir='ltr'><strong>is</strong></span> <span class='ocrx_word' id='word_1_657' title='bbox 988 5101 1397 5148; x_wconf 84' lang='lat' dir='ltr'><strong>consecuturus</strong></span> <span class='ocrx_word' id='word_1_658' title='bbox 1436 5090 1530 5151; x_wconf 85' lang='lat' dir='ltr'><strong>sit.</strong></span> <span class='ocrx_word' id='word_1_659' title='bbox 1576 5089 1672 5159; x_wconf 85' lang='lat' dir='ltr'><strong>qui</strong></span> <span class='ocrx_word' id='word_1_660' title='bbox 1713 5089 1972 5145; x_wconf 84' lang='lat' dir='ltr'><strong>mandata</strong></span> <span class='ocrx_word' id='word_1_661' title='bbox 2009 5088 2105 5144; x_wconf 90' lang='lat' dir='ltr'><strong>Dei</strong></span> 
     </span>
    </p>
   </div>
   <div class='ocr_carea' id='block_1_93' title="bbox 526 5183 2105 5253">
    <p class='ocr_par' dir='ltr' id='par_1_93' title="bbox 526 5183 2105 5253">
     <span class='ocr_line' id='line_1_93' title="bbox 526 5183 2105 5253; baseline 0 -18"><span class='ocrx_word' id='word_1_662' title='bbox 526 5184 932 5250; x_wconf 81' lang='lat' dir='ltr'><strong>observaverit,</strong></span> <span class='ocrx_word' id='word_1_663' title='bbox 962 5193 1019 5238; x_wconf 89' lang='lat' dir='ltr'><strong>et</strong></span> <span class='ocrx_word' id='word_1_664' title='bbox 1047 5183 1313 5240; x_wconf 84' lang='lat' dir='ltr'><strong>similiter</strong></span> <span class='ocrx_word' id='word_1_665' title='bbox 1352 5195 1475 5252; x_wconf 74' lang='lat' dir='ltr'><strong>qua:</strong></span> <span class='ocrx_word' id='word_1_666' title='bbox 1503 5195 1666 5253; x_wconf 75' lang='lat' dir='ltr'><strong>pcena</strong></span> <span class='ocrx_word' id='word_1_667' title='bbox 1721 5191 2105 5252; x_wconf 77' lang='lat' dir='ltr'><strong>transgresso—</strong></span> 
     </span>
    </p>
   </div>
   <div class='ocr_carea' id='block_1_94' title="bbox 532 5271 2110 5345">
    <p class='ocr_par' dir='ltr' id='par_1_94' title="bbox 532 5271 2110 5345">
     <span class='ocr_line' id='line_1_94' title="bbox 532 5271 2110 5345; baseline 0 -16"><span class='ocrx_word' id='word_1_668' title='bbox 532 5291 622 5330; x_wconf 69' lang='lat' dir='ltr'><strong>res</strong></span> <span class='ocrx_word' id='word_1_669' title='bbox 678 5284 923 5341; x_wconf 82' lang='lat' dir='ltr'><strong>maneat,</strong></span> <span class='ocrx_word' id='word_1_670' title='bbox 986 5283 1046 5330; x_wconf 91' lang='lat' dir='ltr'><strong>ut</strong></span> <span class='ocrx_word' id='word_1_671' title='bbox 1078 5284 1209 5331; x_wconf 90' lang='lat' dir='ltr'><strong>sunt</strong></span> <span class='ocrx_word' id='word_1_672' title='bbox 1241 5289 1585 5345; x_wconf 66' lang='lat' dir='ltr'><strong>qua‘cunque</strong></span> <span class='ocrx_word' id='word_1_673' title='bbox 1646 5273 1887 5345; x_wconf 80' lang='lat' dir='ltr'><strong>iudicata</strong></span> <span class='ocrx_word' id='word_1_674' title='bbox 1939 5271 2110 5329; x_wconf 83' lang='lat' dir='ltr'><strong>fuisse</strong></span> 
     </span>
    </p>
   </div>
   <div class='ocr_carea' id='block_1_95' title="bbox 525 5365 2110 5445">
    <p class='ocr_par' dir='ltr' id='par_1_95' title="bbox 525 5365 2110 5445">
     <span class='ocr_line' id='line_1_95' title="bbox 525 5365 2110 5445; baseline 0 -25"><span class='ocrx_word' id='word_1_675' title='bbox 525 5366 865 5422; x_wconf 75' lang='lat' dir='ltr'><strong>tratluntura</strong></span> <span class='ocrx_word' id='word_1_676' title='bbox 890 5366 1026 5439; x_wconf 88' lang='lat' dir='ltr'><strong>Deo]</strong></span> <span class='ocrx_word' id='word_1_677' title='bbox 1050 5384 1065 5420; x_wconf 89' lang='lat'><strong>:</strong></span> <span class='ocrx_word' id='word_1_678' title='bbox 1098 5367 1259 5437; x_wconf 89' lang='lat' dir='ltr'><strong>quale</strong></span> <span class='ocrx_word' id='word_1_679' title='bbox 1286 5374 1390 5433; x_wconf 65' lang='lat' dir='ltr'><strong>est,</strong></span> <span class='ocrx_word' id='word_1_680' title='bbox 1416 5367 1565 5437; x_wconf 91' lang='lat' dir='ltr'><strong>quod</strong></span> <span class='ocrx_word' id='word_1_681' title='bbox 1592 5366 1661 5421; x_wconf 88' lang='lat' dir='ltr'><strong>de</strong></span> <span class='ocrx_word' id='word_1_682' title='bbox 1692 5365 2110 5445; x_wconf 82' lang='lat' dir='ltr'><strong>blasphemantc</strong></span> 
     </span>
    </p>
   </div>
   <div class='ocr_carea' id='block_1_96' title="bbox 527 5460 2108 5533">
    <p class='ocr_par' dir='ltr' id='par_1_96' title="bbox 527 5460 2108 5533">
     <span class='ocr_line' id='line_1_96' title="bbox 527 5460 2108 5533; baseline 0.001 -20"><span class='ocrx_word' id='word_1_683' title='bbox 527 5462 836 5525; x_wconf 79' lang='lat' dir='ltr'><strong>timendum</strong></span> <span class='ocrx_word' id='word_1_684' title='bbox 875 5460 963 5516; x_wconf 88' lang='lat' dir='ltr'><strong>Dei</strong></span> <span class='ocrx_word' id='word_1_685' title='bbox 999 5477 1199 5517; x_wconf 87' lang='lat' dir='ltr'><strong>nomen</strong></span> <span class='ocrx_word' id='word_1_686' title='bbox 1233 5463 1499 5533; x_wconf 88' lang='lat' dir='ltr'><strong>scriptum</strong></span> <span class='ocrx_word' id='word_1_687' title='bbox 1531 5460 1761 5531; x_wconf 76' lang='lat' dir='ltr'><strong>legimus</strong></span> <span class='ocrx_word' id='word_1_688' title='bbox 1789 5460 1855 5525; x_wconf 71' lang='grc' dir='ltr'><strong>δ’,</strong></span> <span class='ocrx_word' id='word_1_689' title='bbox 1887 5460 2108 5531; x_wconf 90' lang='lat' dir='ltr'><strong>quando</strong></span> 
     </span>
    </p>
   </div>
   <div class='ocr_carea' id='block_1_97' title="bbox 528 5551 2109 5624">
    <p class='ocr_par' dir='ltr' id='par_1_97' title="bbox 528 5551 2109 5624">
     <span class='ocr_line' id='line_1_97' title="bbox 528 5551 2109 5624; baseline 0.001 -19"><span class='ocrx_word' id='word_1_690' title='bbox 528 5553 752 5622; x_wconf 82' lang='lat' dir='ltr'><strong>Moyses</strong></span> <span class='ocrx_word' id='word_1_691' title='bbox 779 5553 1045 5624; x_wconf 83' lang='lat' dir='ltr'><strong>judicium</strong></span> <span class='ocrx_word' id='word_1_692' title='bbox 1089 5555 1144 5609; x_wconf 90' lang='lat' dir='ltr'><strong>in</strong></span> <span class='ocrx_word' id='word_1_693' title='bbox 1181 5554 1350 5609; x_wconf 88' lang='lat' dir='ltr'><strong>Deum</strong></span> <span class='ocrx_word' id='word_1_694' title='bbox 1395 5553 1606 5619; x_wconf 88' lang='lat' dir='ltr'><strong>retulit,</strong></span> <span class='ocrx_word' id='word_1_695' title='bbox 1657 5560 1713 5609; x_wconf 89' lang='lat' dir='ltr'><strong>et</strong></span> <span class='ocrx_word' id='word_1_696' title='bbox 1761 5551 1905 5609; x_wconf 89' lang='lat' dir='ltr'><strong>Deus</strong></span> <span class='ocrx_word' id='word_1_697' title='bbox 1943 5553 2109 5624; x_wconf 86' lang='lat' dir='ltr'><strong>jussit</strong></span> 
     </span>
    </p>
   </div>
   <div class='ocr_carea' id='block_1_98' title="bbox 533 5644 2110 5719">
    <p class='ocr_par' dir='ltr' id='par_1_98' title="bbox 533 5644 2110 5719">
     <span class='ocr_line' id='line_1_98' title="bbox 533 5644 2110 5719; baseline 0.005 -24"><span class='ocrx_word' id='word_1_698' title='bbox 533 5644 817 5716; x_wconf 57' lang='lat' dir='ltr'><strong>lapidari:</strong></span> <span class='ocrx_word' id='word_1_699' title='bbox 861 5648 1010 5718; x_wconf 88' lang='lat' dir='ltr'><strong>quod</strong></span> <span class='ocrx_word' id='word_1_700' title='bbox 1054 5647 1322 5717; x_wconf 86' lang='lat' dir='ltr'><strong>judicium</strong></span> <span class='ocrx_word' id='word_1_701' title='bbox 1357 5663 1457 5719; x_wconf 88' lang='lat' dir='ltr'><strong>pro</strong></span> <span class='ocrx_word' id='word_1_702' title='bbox 1502 5657 1653 5703; x_wconf 87' lang='lat' dir='ltr'><strong>certa</strong></span> <span class='ocrx_word' id='word_1_703' title='bbox 1697 5647 1814 5716; x_wconf 80' lang='lat' dir='ltr'><strong>lege</strong></span> <span class='ocrx_word' id='word_1_704' title='bbox 1866 5658 2110 5717; x_wconf 84' lang='lat' dir='ltr'><strong>postmo-</strong></span> 
     </span>
    </p>
   </div>
   <div class='ocr_carea' id='block_1_99' title="bbox 565 5825 1929 5899">
    <p class='ocr_par' dir='ltr' id='par_1_99' title="bbox 565 5825 1929 5899">
     <span class='ocr_line' id='line_1_99' title="bbox 565 5825 1929 5899; baseline 0.001 -19"><span class='ocrx_word' id='word_1_705' title='bbox 565 5828 612 5860; x_wconf 59' lang='grc' dir='ltr'><strong>θ’</strong></span> <span class='ocrx_word' id='word_1_706' title='bbox 640 5826 811 5881; x_wconf 76' lang='lat' dir='ltr'><strong>Exod.</strong></span> <span class='ocrx_word' id='word_1_707' title='bbox 836 5826 1045 5896; x_wconf 66' lang='lat'><strong>“,12,</strong></span> <span class='ocrx_word' id='word_1_708' title='bbox 1072 5828 1160 5883; x_wconf 73' lang='grc'><strong>15.</strong></span> <span class='ocrx_word' id='word_1_709' title='bbox 1215 5827 1262 5861; x_wconf 75' lang='grc'>⁴⁸</span> <span class='ocrx_word' id='word_1_710' title='bbox 1278 5825 1454 5886; x_wconf 79' lang='lat' dir='ltr'><strong>Levit.</strong></span> <span class='ocrx_word' id='word_1_711' title='bbox 1494 5843 1642 5895; x_wconf 73' lang='lat' dir='ltr'><strong>xxxv,</strong></span> <span class='ocrx_word' id='word_1_712' title='bbox 1675 5826 1741 5883; x_wconf 75' lang='grc'><strong>10</strong></span> <span class='ocrx_word' id='word_1_713' title='bbox 1768 5842 1929 5899; x_wconf 82' lang='lat' dir='ltr'><strong>seqq.</strong></span> 
     </span>
    </p>
   </div>
   <div class='ocr_carea' id='block_1_100' title="bbox 2208 4513 3790 4608">
    <p class='ocr_par' dir='ltr' id='par_1_100' title="bbox 2208 4513 3790 4608">
     <span class='ocr_line' id='line_1_100' title="bbox 2208 4513 3790 4608; baseline -0.018 -17"><span class='ocrx_word' id='word_1_714' title='bbox 2208 4537 2451 4608; x_wconf 77' lang='grc' dir='ltr'><strong>ἐγράφη,</strong></span> <span class='ocrx_word' id='word_1_715' title='bbox 2486 4531 2746 4599; x_wconf 85' lang='grc' dir='ltr'><strong>καθάπερ</strong></span> <span class='ocrx_word' id='word_1_716' title='bbox 2766 4524 2862 4579; x_wconf 76' lang='grc' dir='ltr'><strong>ἐπὶ</strong></span> <span class='ocrx_word' id='word_1_717' title='bbox 2890 4524 2984 4578; x_wconf 84' lang='grc' dir='ltr'><strong>τοῦ</strong></span> <span class='ocrx_word' id='word_1_718' title='bbox 3015 4519 3539 4608; x_wconf 46' lang='grc' dir='ltr'><strong>βλασφημήσαντος</strong></span> <span class='ocrx_word' id='word_1_719' title='bbox 3571 4513 3634 4608; x_wconf 56' lang='lat' dir='ltr'><strong>ab</strong></span> <span class='ocrx_word' id='word_1_720' title='bbox 3682 4528 3790 4608; x_wconf 77' lang='grc' dir='ltr'><strong>φο-</strong></span> 
     </span>
    </p>
   </div>
   <div class='ocr_carea' id='block_1_101' title="bbox 2209 4602 3793 4701">
    <p class='ocr_par' dir='ltr' id='par_1_101' title="bbox 2209 4602 3793 4701">
     <span class='ocr_line' id='line_1_101' title="bbox 2209 4602 3793 4701; baseline -0.02 -16"><span class='ocrx_word' id='word_1_721' title='bbox 2417 4602 2594 4695; x_wconf 71' lang='grc' dir='ltr'><strong>ϐνομα</strong></span> <span class='ocrx_word' id='word_1_722' title='bbox 2627 4638 2643 4654; x_wconf 77' lang='grc'><strong><em>⁸</em></strong></span> <span class='ocrx_word' id='word_1_723' title='bbox 2680 4619 2926 4688; x_wconf 75' lang='grc' dir='ltr'><strong>Μωῡσῆς</strong></span> <span class='ocrx_word' id='word_1_724' title='bbox 2957 4616 3059 4688; x_wconf 80' lang='grc' dir='ltr'><strong>μὲν</strong></span> <span class='ocrx_word' id='word_1_725' title='bbox 3085 4614 3196 4683; x_wconf 82' lang='grc' dir='ltr'><strong>γὰρ</strong></span> <span class='ocrx_word' id='word_1_726' title='bbox 3223 4613 3316 4664; x_wconf 74' lang='grc' dir='ltr'><strong>ἐπὶ</strong></span> <span class='ocrx_word' id='word_1_727' title='bbox 3507 4606 3641 4659; x_wconf 83' lang='grc' dir='ltr'><strong>Θεὸν</strong></span> <span class='ocrx_word' id='word_1_728' title='bbox 3662 4602 3793 4701; x_wconf 61' lang='grc' dir='ltr'><strong>⁸τὴν</strong></span> 
     </span>
    </p>
   </div>
   <div class='ocr_carea' id='block_1_102' title="bbox 2210 4693 3795 4793">
    <p class='ocr_par' dir='ltr' id='par_1_102' title="bbox 2210 4693 3795 4793">
     <span class='ocr_line' id='line_1_102' title="bbox 2210 4693 3795 4793; baseline -0.019 -17"><span class='ocrx_word' id='word_1_729' title='bbox 2210 4693 2393 4793; x_wconf 74' lang='grc' dir='ltr'><strong>κρίσιν</strong></span> <span class='ocrx_word' id='word_1_730' title='bbox 2421 4693 2721 4788; x_wconf 77' lang='grc' dir='ltr'><strong>ἀνέφερενο</strong></span> <span class='ocrx_word' id='word_1_731' title='bbox 2777 4711 2990 4766; x_wconf 80' lang='grc' dir='ltr'><strong>ἐκείνου</strong></span> <span class='ocrx_word' id='word_1_732' title='bbox 3037 4706 3095 4760; x_wconf 81' lang='grc' dir='ltr'><strong>δὲ</strong></span> <span class='ocrx_word' id='word_1_733' title='bbox 3129 4699 3550 4770; x_wconf 84' lang='grc' dir='ltr'><strong>λιθοϐοληθῆναι</strong></span> <span class='ocrx_word' id='word_1_734' title='bbox 3596 4693 3795 4793; x_wconf 75' lang='grc' dir='ltr'><strong>τοῦτον</strong></span> 
     </span>
    </p>
   </div>
   <div class='ocr_carea' id='block_1_103' title="bbox 2211 4786 3798 4876">
    <p class='ocr_par' dir='ltr' id='par_1_103' title="bbox 2211 4786 3798 4876">
     <span class='ocr_line' id='line_1_103' title="bbox 2211 4786 3798 4876; baseline -0.02 -7"><span class='ocrx_word' id='word_1_735' title='bbox 2211 4786 2598 4873; x_wconf 78' lang='grc' dir='ltr'><strong>κελεύσαντος,</strong></span> <span class='ocrx_word' id='word_1_736' title='bbox 2634 4805 2811 4876; x_wconf 82' lang='grc' dir='ltr'><strong>κρῖμα</strong></span> <span class='ocrx_word' id='word_1_737' title='bbox 2833 4799 2993 4855; x_wconf 83' lang='grc' dir='ltr'><strong>τοῦτο</strong></span> <span class='ocrx_word' id='word_1_738' title='bbox 3014 4797 3111 4851; x_wconf 72' lang='grc' dir='ltr'><strong>καὶ</strong></span> <span class='ocrx_word' id='word_1_739' title='bbox 3133 4796 3261 4866; x_wconf 83' lang='grc' dir='ltr'><strong>ὅρος</strong></span> <span class='ocrx_word' id='word_1_740' title='bbox 3292 4791 3437 4846; x_wconf 84' lang='grc' dir='ltr'><strong>κατὰ</strong></span> <span class='ocrx_word' id='word_1_741' title='bbox 3468 4789 3575 4842; x_wconf 83' lang='grc' dir='ltr'><strong>τῶν</strong></span> <span class='ocrx_word' id='word_1_742' title='bbox 3610 4786 3798 4841; x_wconf 77' lang='grc' dir='ltr'><strong>ἄλλων</strong></span> 
     </span>
    </p>
   </div>
   <div class='ocr_carea' id='block_1_104' title="bbox 2214 4877 3800 4981">
    <p class='ocr_par' dir='ltr' id='par_1_104' title="bbox 2214 4877 3800 4981">
     <span class='ocr_line' id='line_1_104' title="bbox 2214 4877 3800 4981; baseline -0.021 -18"><span class='ocrx_word' id='word_1_743' title='bbox 2214 4903 2578 4981; x_wconf 73' lang='grc' dir='ltr'><strong>βλασφημιῶν</strong></span> <span class='ocrx_word' id='word_1_744' title='bbox 2607 4901 2865 4970; x_wconf 82' lang='grc' dir='ltr'><strong>γέγονεν’</strong></span> <span class='ocrx_word' id='word_1_745' title='bbox 2917 4890 3269 4960; x_wconf 83' lang='grc' dir='ltr'><strong>δικαιώματα</strong></span> <span class='ocrx_word' id='word_1_746' title='bbox 3312 4886 3389 4981; x_wconf 69' lang='grc' dir='ltr'><strong>δέ,</strong></span> <span class='ocrx_word' id='word_1_747' title='bbox 3444 4877 3800 4981; x_wconf 41' lang='grc' dir='ltr'><strong>ιτα-’τοιαῦτα</strong></span> 
     </span>
    </p>
   </div>
   <div class='ocr_carea' id='block_1_105' title="bbox 2212 4967 3797 5069">
    <p class='ocr_par' dir='ltr' id='par_1_105' title="bbox 2212 4967 3797 5069">
     <span class='ocr_line' id='line_1_105' title="bbox 2212 4967 3797 5069; baseline -0.021 -15"><span class='ocrx_word' id='word_1_748' title='bbox 2212 4967 2637 5069; x_wconf 59' lang='grc' dir='ltr'><strong>προστάγματα,</strong></span> <span class='ocrx_word' id='word_1_749' title='bbox 2681 4967 2816 5053; x_wconf 77' lang='grc' dir='ltr'><strong>οἷον,</strong></span> <span class='ocrx_word' id='word_1_750' title='bbox 2848 4984 2994 5040; x_wconf 80' lang='grc' dir='ltr'><strong>Ἐὰν</strong></span> <span class='ocrx_word' id='word_1_751' title='bbox 3019 4979 3217 5069; x_wconf 69' lang='grc' dir='ltr'><strong>κτήσῃ</strong></span> <span class='ocrx_word' id='word_1_752' title='bbox 3265 4974 3447 5030; x_wconf 81' lang='grc' dir='ltr'><strong>παῖδα</strong></span> <span class='ocrx_word' id='word_1_753' title='bbox 3501 4967 3797 5069; x_wconf 50' lang='grc' dir='ltr'><strong>’ἐξόραῖονκ</strong></span> 
     </span>
    </p>
   </div>
   <div class='ocr_carea' id='block_1_106' title="bbox 2212 5062 3802 5157">
    <p class='ocr_par' dir='ltr' id='par_1_106' title="bbox 2212 5062 3802 5157">
     <span class='ocr_line' id='line_1_106' title="bbox 2212 5062 3802 5157; baseline -0.021 -11"><span class='ocrx_word' id='word_1_754' title='bbox 2212 5062 2282 5157; x_wconf 60' lang='grc' dir='ltr'><strong>ἐξ</strong></span> <span class='ocrx_word' id='word_1_755' title='bbox 2310 5090 2414 5157; x_wconf 77' lang='grc' dir='ltr'><strong>ἐτη</strong></span> <span class='ocrx_word' id='word_1_756' title='bbox 2442 5062 2768 5141; x_wconf 72' lang='grc' dir='ltr'><strong>δουλεύσει</strong></span> <span class='ocrx_word' id='word_1_757' title='bbox 2795 5096 2916 5144; x_wconf 88' lang='grc' dir='ltr'><strong>σοι,</strong></span> <span class='ocrx_word' id='word_1_758' title='bbox 2948 5075 3047 5131; x_wconf 75' lang='grc' dir='ltr'><strong>καὶ</strong></span> <span class='ocrx_word' id='word_1_759' title='bbox 3105 5063 3340 5141; x_wconf 80' lang='grc' dir='ltr'><strong>τὰ’ὲξῆς</strong></span> <span class='ocrx_word' id='word_1_760' title='bbox 3371 5084 3386 5100; x_wconf 77' lang='grc' dir='ltr'><strong>ο</strong></span> <span class='ocrx_word' id='word_1_761' title='bbox 3452 5063 3630 5121; x_wconf 81' lang='grc' dir='ltr'><strong>ταῦτα</strong></span> <span class='ocrx_word' id='word_1_762' title='bbox 3656 5062 3802 5157; x_wconf 27' lang='grc' dir='ltr'><strong>Αγαρ</strong></span> 
     </span>
    </p>
   </div>
   <div class='ocr_carea' id='block_1_107' title="bbox 2213 5152 3807 5248">
    <p class='ocr_par' dir='ltr' id='par_1_107' title="bbox 2213 5152 3807 5248">
     <span class='ocr_line' id='line_1_107' title="bbox 2213 5152 3807 5248; baseline -0.018 -13"><span class='ocrx_word' id='word_1_763' title='bbox 2213 5152 2562 5248; x_wconf 72' lang='grc' dir='ltr'><strong>δικαιοσύνης</strong></span> <span class='ocrx_word' id='word_1_764' title='bbox 2597 5172 2715 5227; x_wconf 71' lang='grc' dir='ltr'><strong>ἐστὶ</strong></span> <span class='ocrx_word' id='word_1_765' title='bbox 2745 5169 2940 5240; x_wconf 76' lang='grc' dir='ltr'><strong>μεστά.</strong></span> <span class='ocrx_word' id='word_1_766' title='bbox 2963 5167 3077 5222; x_wconf 66' lang='grc' dir='ltr'><strong>Καὶ</strong></span> <span class='ocrx_word' id='word_1_767' title='bbox 3097 5166 3131 5236; x_wconf 80' lang='grc' dir='ltr'>ὴ</span> <span class='ocrx_word' id='word_1_768' title='bbox 3161 5165 3260 5236; x_wconf 73' lang='grc' dir='ltr'><strong>μὲν</strong></span> <span class='ocrx_word' id='word_1_769' title='bbox 3288 5161 3555 5230; x_wconf 82' lang='grc' dir='ltr'><strong>διαίρεσις</strong></span> <span class='ocrx_word' id='word_1_770' title='bbox 3580 5228 3583 5231; x_wconf 89' lang='lat'><em>_</em></span> <span class='ocrx_word' id='word_1_771' title='bbox 3609 5152 3807 5248; x_wconf 68' lang='grc' dir='ltr'><strong>αὗτῷυ</strong></span> 
     </span>
    </p>
   </div>
   <div class='ocr_carea' id='block_1_108' title="bbox 2216 5246 3808 5339">
    <p class='ocr_par' dir='ltr' id='par_1_108' title="bbox 2216 5246 3808 5339">
     <span class='ocr_line' id='line_1_108' title="bbox 2216 5246 3808 5339; baseline -0.018 -12"><span class='ocrx_word' id='word_1_772' title='bbox 2216 5271 2463 5339; x_wconf 82' lang='grc' dir='ltr'><strong>τοιαύτη.</strong></span> <span class='ocrx_word' id='word_1_773' title='bbox 2518 5264 2911 5334; x_wconf 78' lang='grc' dir='ltr'><strong>Ὀνομάζονται</strong></span> <span class='ocrx_word' id='word_1_774' title='bbox 2958 5259 3016 5313; x_wconf 86' lang='grc' dir='ltr'><strong>δέ</strong></span> <span class='ocrx_word' id='word_1_775' title='bbox 3044 5254 3304 5318; x_wconf 76' lang='grc' dir='ltr'><strong>πολλάκις</strong></span> <span class='ocrx_word' id='word_1_776' title='bbox 3344 5251 3521 5306; x_wconf 76' lang='grc' dir='ltr'><strong>ταῦτα</strong></span> <span class='ocrx_word' id='word_1_777' title='bbox 3549 5250 3665 5313; x_wconf 81' lang='grc' dir='ltr'><strong>τοῖς</strong></span> <span class='ocrx_word' id='word_1_778' title='bbox 3696 5246 3808 5301; x_wconf 85' lang='grc' dir='ltr'><strong>ἀλ-</strong></span> 
     </span>
    </p>
   </div>
   <div class='ocr_carea' id='block_1_109' title="bbox 2216 5339 3811 5434">
    <p class='ocr_par' dir='ltr' id='par_1_109' title="bbox 2216 5339 3811 5434">
     <span class='ocr_line' id='line_1_109' title="bbox 2216 5339 3811 5434; baseline -0.016 -17"><span class='ocrx_word' id='word_1_779' title='bbox 2216 5363 2394 5434; x_wconf 84' lang='grc' dir='ltr'><strong>λήλων</strong></span> <span class='ocrx_word' id='word_1_780' title='bbox 2416 5360 2667 5429; x_wconf 78' lang='grc' dir='ltr'><strong>ὀνόμασι,</strong></span> <span class='ocrx_word' id='word_1_781' title='bbox 2700 5355 2797 5410; x_wconf 75' lang='grc' dir='ltr'><strong>καὶ</strong></span> <span class='ocrx_word' id='word_1_782' title='bbox 2827 5351 3030 5425; x_wconf 82' lang='grc' dir='ltr'><strong>μᾶλλον</strong></span> <span class='ocrx_word' id='word_1_783' title='bbox 3055 5350 3114 5403; x_wconf 82' lang='grc' dir='ltr'><strong>ἐν</strong></span> <span class='ocrx_word' id='word_1_784' title='bbox 3145 5346 3225 5418; x_wconf 80' lang='grc' dir='ltr'><strong>τῷ</strong></span> <span class='ocrx_word' id='word_1_785' title='bbox 3270 5350 3377 5418; x_wconf 71' lang='grc' dir='ltr'><strong>ριην</strong></span> <span class='ocrx_word' id='word_1_786' title='bbox 3403 5340 3639 5434; x_wconf 35' lang='grc' dir='ltr'><strong>ψαλμῷ]</strong></span> <span class='ocrx_word' id='word_1_787' title='bbox 3704 5339 3811 5434; x_wconf 32' lang='grc' dir='ltr'><strong>ἐ-ν-</strong></span> 
     </span>
    </p>
   </div>
   <div class='ocr_carea' id='block_1_110' title="bbox 2216 5430 3813 5520">
    <p class='ocr_par' dir='ltr' id='par_1_110' title="bbox 2216 5430 3813 5520">
     <span class='ocr_line' id='line_1_110' title="bbox 2216 5430 3813 5520; baseline -0.017 -10"><span class='ocrx_word' id='word_1_788' title='bbox 2216 5430 2390 5510; x_wconf 71' lang='grc' dir='ltr'><strong>ταῦθα</strong></span> <span class='ocrx_word' id='word_1_789' title='bbox 2416 5453 2495 5517; x_wconf 87' lang='grc' dir='ltr'><strong>δὲ,</strong></span> <span class='ocrx_word' id='word_1_790' title='bbox 2524 5451 2603 5520; x_wconf 80' lang='grc' dir='ltr'><strong>τῷ</strong></span> <span class='ocrx_word' id='word_1_791' title='bbox 2633 5448 2861 5519; x_wconf 78' lang='grc' dir='ltr'><strong>ὀνόματι</strong></span> <span class='ocrx_word' id='word_1_792' title='bbox 2910 5443 3021 5498; x_wconf 80' lang='grc' dir='ltr'><strong>τῶν</strong></span> <span class='ocrx_word' id='word_1_793' title='bbox 3073 5439 3362 5512; x_wconf 81' lang='grc' dir='ltr'><strong>κριμάτων</strong></span> <span class='ocrx_word' id='word_1_794' title='bbox 3403 5437 3501 5490; x_wconf 76' lang='grc' dir='ltr'><strong>καὶ</strong></span> <span class='ocrx_word' id='word_1_795' title='bbox 3558 5432 3671 5487; x_wconf 85' lang='grc' dir='ltr'><strong>τῶν</strong></span> <span class='ocrx_word' id='word_1_796' title='bbox 3722 5430 3813 5484; x_wconf 80' lang='grc' dir='ltr'><strong>δι-</strong></span> 
     </span>
    </p>
   </div>
   <div class='ocr_carea' id='block_1_111' title="bbox 2217 5524 3814 5617">
    <p class='ocr_par' dir='ltr' id='par_1_111' title="bbox 2217 5524 3814 5617">
     <span class='ocr_line' id='line_1_111' title="bbox 2217 5524 3814 5617; baseline -0.017 -14"><span class='ocrx_word' id='word_1_797' title='bbox 2217 5547 2576 5617; x_wconf 79' lang='grc' dir='ltr'><strong>καιωμάτων,</strong></span> <span class='ocrx_word' id='word_1_798' title='bbox 2612 5543 2741 5605; x_wconf 85' lang='grc' dir='ltr'><strong>ὅλας</strong></span> <span class='ocrx_word' id='word_1_799' title='bbox 2776 5541 2877 5604; x_wconf 88' lang='grc' dir='ltr'><strong>τὰς</strong></span> <span class='ocrx_word' id='word_1_800' title='bbox 2905 5536 3128 5599; x_wconf 82' lang='grc' dir='ltr'><strong>ἐντολὰς</strong></span> <span class='ocrx_word' id='word_1_801' title='bbox 3160 5531 3511 5603; x_wconf 85' lang='grc' dir='ltr'><strong>περιέλαϐεν,</strong></span> <span class='ocrx_word' id='word_1_802' title='bbox 3544 5525 3655 5581; x_wconf 75' lang='grc' dir='ltr'><strong>ἀπὸ</strong></span> <span class='ocrx_word' id='word_1_803' title='bbox 3699 5524 3814 5617; x_wconf 76' lang='grc' dir='ltr'><strong>μέο</strong></span> 
     </span>
    </p>
   </div>
   <div class='ocr_carea' id='block_1_112' title="bbox 2224 5616 3819 5714">
    <p class='ocr_par' dir='ltr' id='par_1_112' title="bbox 2224 5616 3819 5714">
     <span class='ocr_line' id='line_1_112' title="bbox 2224 5616 3819 5714; baseline -0.016 -18"><span class='ocrx_word' id='word_1_804' title='bbox 2224 5640 2437 5714; x_wconf 80' lang='grc' dir='ltr'><strong>ρουςτδ</strong></span> <span class='ocrx_word' id='word_1_805' title='bbox 2470 5641 2577 5691; x_wconf 69' lang='grc' dir='ltr'><strong>πᾶν</strong></span> <span class='ocrx_word' id='word_1_806' title='bbox 2614 5653 2627 5667; x_wconf 74' lang='grc'><strong>⁸</strong></span> <span class='ocrx_word' id='word_1_807' title='bbox 2679 5635 2858 5689; x_wconf 81' lang='grc' dir='ltr'><strong>Πᾶσαι</strong></span> <span class='ocrx_word' id='word_1_808' title='bbox 2906 5631 3036 5701; x_wconf 78' lang='grc' dir='ltr'><strong>γὰρ,</strong></span> <span class='ocrx_word' id='word_1_809' title='bbox 3089 5628 3279 5700; x_wconf 61' lang='grc' dir='ltr'><strong>φησιν,</strong></span> <span class='ocrx_word' id='word_1_810' title='bbox 3334 5622 3550 5680; x_wconf 70' lang='grc' dir='ltr'><strong>ἐντολαὶ</strong></span> <span class='ocrx_word' id='word_1_811' title='bbox 3609 5616 3819 5686; x_wconf 81' lang='grc' dir='ltr'><strong>αὑτοῦ,</strong></span> 
     </span>
    </p>
   </div>
  </div>
