4116 6414
436 374 547 435 23f)

1644 358 2027 417 EUTllYNlll
2075 358 2439 417 ZIGABENI

3604 353 3711 419 220

431 500 570 554 quas
603 482 656 535 in
706 494 800 533 eos
830 477 1113 532 immittes.
1164 472 1257 526 Vel
1291 487 1387 541 per
1420 471 1685 542 populum
1733 470 2015 535 lmntilem,

2140 471 2570 540 τημέιτωνκάτω
2620 471 2797 524 νεύειν
2857 471 3327 540 ἀναγκαζόμενον.
3394 470 3715 544 Ὑπερηφά-

433 577 690 649 gentilem
716 572 975 644 populum
1004 568 1268 636 intellige,
1292 565 1384 636 qui
1408 575 1755 635 peccatorum
1778 563 2020 633 pondere

432 673 755 739 depressus,
815 676 1018 719 terram
1070 664 1321 729 aspicere
1389 674 1598 727 pronus
1652 657 1959 726 cogebatur
2006 672 2019 708 :

2130 579 2252 621 νου,
2282 560 2364 622 δὲ,
2404 561 2495 614 τὸν
2543 562 2813 616 Ἰουδαίων
2845 562 2988 632 (65),
3019 563 3481 635 ἀλαζονευόμενον
3530 568 3622 619 ὲπί
3656 584 3715 620 τε

2129 655 2206 723 τῷ
2241 656 2421 726 νόμῳ,
2456 656 2691 718 καὶτοῖς
2730 658 3043 726 προγόνοις.

433 776 532 830 per
563 758 828 826 superbos
868 766 1018 814 vero,
1049 748 1269 803 Judaaos
1304 748 1626 818 gloriantes,
1654 759 1700 801 et
1737 746 2014 816 iactantes
2054 745 2289 814 seipsos,
2326 757 2437 801 tam
2472 746 2540 801 de
2573 745 2691 818 lege
2727 746 2845 811 Dei,
2871 762 3034 817 quam
3105 748 3173 804 de
3238 750 3480 820 propriis
3521 764 3712 821 proge-

432 854 725 908 nitoribus.

510 947 675 1001 VERS.
745 942 836 995 '29.
901 940 1174 1005 Quoniam
1240 951 1295 989 tu
1359 934 1688 989 illuminabis
1747 934 2019 988 lucernam

434 1057 603 1095 meam
631 1037 871 1093 Domine.
897 1033 1036 1085 Deus
1063 1027 1577 1093 meus,illuminabis
1603 1027 1843 1081 tenebras
1859 1042 2021 1079 meas.

436 1134 755 1189 Intellectus
806 1129 861 1180 in
933 1127 1094 1178 nobis
1137 1133 1222 1178 est
1269 1121 1493 1192 quidam
1542 1121 1740 1174 animae
1794 1119 2019 1181 oculus;

435 1228 633 1282 oculus
682 1230 866 1276 autem
904 1234 1011 1271 non
1061 1217 1337 1270 immerito
1381 1215 1603 1269 lucerna
1645 1213 1756 1268 dici
1815 1220 2018 1283 potest,

438 1337 564 1376 cum
601 1317 767 1372 veluti
792 1316 902 1368 dux
954 1313 1008 1365 in
1042 1311 1291 1365 tenebris
1342 1312 1484 1362 viam
1523 1308 1886 1362 demonstret.
1919 1304 2023 1359 Per

439 1420 637 1467 anima:
663 1422 794 1462 vero
820 1405 1101 1464 tenebras,
1139 1403 1272 1454 iram
1309 1408 1364 1453 et
1390 1400 1904 1468 conettpiseentiam
1938 1398 2021 1452 in-

441 1501 757 1568 telligimus.
780 1493 883 1558 Tu,
910 1492 1159 1554 Domine,
1184 1489 1384 1557 inquit,
1413 1488 1743 1541 intellectum
1774 1502 1837 1540 ac
1867 1501 2022 1541 men-

440 1605 551 1648 tem
594 1603 771 1645 meam
804 1587 986 1641 divina
1020 1584 1138 1636 luce
1171 1597 1236 1635 ac
1281 1580 1578 1649 splendore
1627 1579 1963 1632 illuminabis
2005 1595 2018 1631 :

440 1684 588 1756 quod
624 1681 832 1736 faciens
864 1674 1204 1731 illuminabis
1233 1673 1440 1742 pariter
1481 1681 1536 1725 et
1573 1673 1831 1726 tenebras
1874 1685 2025 1724 meas

442 1776 591 1849 [nam
620 1772 784 1827 simul
819 1784 943 1823 cum
978 1766 1303 1844 intellectu,
1327 1771 1539 1816 caetera:
1588 1762 1785 1815 anima:
1840 1769 2025 1830 partes

441 1837 505 1921 ac
543 1863 802 1936 potentia:
836 1853 1174 1929 proﬁcient].
1214 1837 1419 1904 I'It'hoc
1460 1861 1542 1905 est
1584 1849 1745 1917 quod
1766 1847 2024 1900 Salvator

2140 1856 2291 1925 ,φύσιν
2339 1855 2448 1908 τῶν
2484 1857 2851 1927 πραγμάτιον,
2900 1856 3017 1922 φῶς
3051 1873 3065 1886 ·

440 1965 495 2015 in
530 1954 830 2027 Evangelia
862 1950 1081 2004 dicebat
1119 1964 1132 1999 ε
1167 1946 1225 1999 Si
1278 1945 1476 2005 lumen,
1533 1944 1669 2011 quod
1716 1942 1770 1993 in
1825 1949 1874 1992 te
1922 1948 2022 2000 est,

442 2052 667 2107 lenebrw
703 2048 855 2116 ﬁant,
896 2042 1117 2097 tenebraz
1148 2049 1357 2108 quaan
1388 2048 1541 2089 erunt
1563 2035 1654 2086 i'?
1688 2033 1800 2087 [loc
1830 2043 1936 2093 est,
1967 2030 2025 2083 Si

443 2146 758 2202 intellectus
794 2136 1189 2193 obtenehralus
1240 2131 1333 2192 sit,
1372 2129 1543 2182 multo
1577 2127 1749 2196 magis
1793 2135 1848 2179 et
1901 2126 2028 2178 reli-

443 2254 567 2309 qum
610 2234 809 2291 animae
864 2237 1052 2300 partes
1112 2224 1358 2279 tenebris
1409 2221 1782 2273 involventnr.
1837 2218 2029 2270 Dicere

445 2331 614 2384 etiam
662 2334 980 2394 possumus,
1032 2317 1216 2385 ipsum
1264 2312 1631 2373 intellectum,
1676 2311 1853 2363 lucem
1905 2322 2029 2362 esse

444 2423 652 2493 pariter
697 2427 749 2471 et
786 2412 1065 2468 tenebras.
1119 2407 1254 2459 Nam
1289 2405 1335 2458 si
1366 2404 1433 2457 ad
1466 2410 1718 2455 naturam
1771 2404 2029 2455 materia.

447 2522 579 2573 lium
603 2527 786 2569 rerum
812 2515 1187 2577 εοιιιρ.ιι·οιιιι·,
1217 2505 1307 2554 lux
1334 2501 1464 2563 erit,
1488 2501 1534 2552 si
1568 2513 1700 2552 vero
1731 2498 1797 2551 ad
1830 2497 2029 2562 Deum,

446 2611 688 2666 tenebrae
726 2624 740 2659 :
771 2619 836 2657 eo
864 2600 1035 2670 quod,
1062 2600 1130 2649 ab
1152 2613 1218 2650 eo
1253 2594 1398 2647 Deus
1424 2578 1670 2662 conspici
1707 2606 1817 2645 non
1855 2590 2031 2661 possit

448 2704 650 2777 [neque
686 2698 833 2751 illius
867 2692 1019 2762 lex];
1054 2691 1135 2743 vel
1170 2705 1265 2758 per
1303 2688 1584 2741 lucernam
1617 2685 1703 2738 hic
1739 2684 2031 2740 Mosaieam

450 2775 625 2865 legem
679 2788 949 2855 intelligo.
1000 2796 1122 2853 quin
1173 2783 1432 2834 lectorem
1490 2779 1556 2830 ad
1596 2787 1799 2831 rectam
1848 2775 2033 2846 dirigit

448 2890 678 2949 callem;
717 2896 815 2952 per
848 2878 1103 2933 tenebras
1138 2887 1291 2935 vero,
1321 2872 1504 2925 velum
1555 2869 1658 2939 ipsi
1696 2868 1800 2938 legi
1841 2882 2033 2936 super-

449 2980 792 3050 impositum,
820 2972 970 3042 ψυιά
1006 2966 1403 3023 obscuritatem
1443 2970 1670 3035 generat
1701 2978 1715 3015 :
1748 2961 1910 3032 cujus
1938 2976 2032 3015 oc-

449 3074 619 3133 culta,
652 3071 847 3123 beatus
876 3062 1052 3116 David
1092 3075 1239 3113 nunc
1274 3054 1635 3113 illuminanda
1669 3070 1793 3110 esse
1834 3052 2035 3125 praedi-

453 3168 529 3221 eit
581 3172 635 3218 et
697 3157 1011 3220 revelanda,
1078 3154 1366 3206 incarnato
1435 3147 1694 3202 nimirum
1752 3144 1883 3201 Deo.
1939 3142 2035 3199 Vel

451 3264 700 3319 lucerna,
739 3249 1018 3320 Evangelii
1055 3254 1141 3301 est
1181 3243 1519 3314 praedicatio,
1555 3239 1701 3295 clare
1752 3254 1817 3294 ac
1850 3234 2051 3295 lucide

452 3337 711 3407 omnibus
746 3345 969 3409 tradita,
1018 3350 1072 3395 et
1103 3355 1132 3392 a
1166 3337 1403 3393 Domino
1432 3334 1707 3390 declarata
1744 3351 1758 3387 :
1789 3334 2031 3388 tenebrae

451 3458 585 3498 vero
628 3439 903 3495 idolorum
938 3447 1118 3497 error,
1159 3444 1222 3484 ac
1246 3435 1409 3483 recta:
1437 3427 1561 3481 lidei
1596 3425 1893 3496 ignoratio.
1934 3422 2031 3480 Vel

451 3537 678 3590 lucerna
716 3530 963 3600 quidem,
1007 3523 1326 3578 intellectus
1356 3528 1461 3583 est,
1500 3518 1593 3589 qui
1632 3517 1909 3572 hominem
1940 3517 2030 3571 di-

2063 3198 2110 3260 C

2203 932 2330 981 Ὅτι
2364 927 2447 981 σὺ
2474 927 2710 997 φωτιεῒς
2763 929 3000 998 λύχνον
3042 947 3185 998 μου,
3235 931 3412 999 Κύριε
3462 934 3495 984 ό
3549 934 3717 998 Θεὸς,

2130 1026 2369 1091 μωτιεῖς
2402 1023 2468 1075 τὸ
2501 1025 2725 1087 σκότος
2750 1042 2889 1092 μου.
2947 1024 3059 1094 Τῆς
3108 1024 3287 1096 ψυχῆς
3346 1025 3647 1098 ὀφθαλμὸς,
3692 1020 3722 1079 ό

2131 1118 2255 1179 νοῦς
2297 1135 2309 1145 ·
2340 1120 2368 1169 ὁ
2400 1118 2456 1169 δὲ
2486 1116 2789 1186 ὀφθαλμὸς,
2816 1119 2908 1170 καὶ
2939 1116 3157 1188 λύχνος,
3188 1117 3261 1181 ὥς
3294 1110 3507 1188 όδηγῶν
3537 1135 3551 1148 ·
3589 1119 3723 1172 σκό-

2125 1230 2217 1273 τος
2246 1212 2303 1264 se
2328 1212 2521 1281 αὐτῆς,
2548 1213 2576 1264 ό
2601 1210 2795 1281 θυμὸς,
2832 1211 2925 1263 καὶ
2953 1210 2984 1281 ἡ
3012 1211 3300 1281 ἐπιθυμία.
3353 1211 3516 1280 Λέγει
3561 1213 3719 1280 γοῦν,

2124 1305 2208 1357 ὅτι
2243 1304 2506 1365 Φωτξσεις
2538 1304 2631 1356 τὸν
2688 1303 2814 1356 νοῦν
2850 1321 2954 1373 μου
2995 1306 3116 1368 ταῖς
3172 1303 3351 1366 θείαις
3395 1304 3719 1377 ἐλλάμᾴεσι.

2128 1395 2333 1449 Τοῦτον
2378 1395 2434 1447 δὲ
2490 1394 2767 1464 φωτίζων,
2812 1394 3072 1463 φωτίσεις
3124 1396 3219 1447 καὶ
3267 1396 3330 1447 τὸ
3362 1395 3552 1457 σκότος
3588 1413 3719 1465 μου.

2133 1491 2195 1543 Εἰ
2226 1488 2321 1542 οῦν
2341 1488 2399 1541 τὸ
2422 1489 2480 1540 ἐν
2513 1489 2595 1539 σοὶ
2619 1487 2677 1539 τὸ
2705 1487 2821 1554 φῶς
2858 1488 3050 1551 σκότῖς
3091 1489 3229 1545 ἐστὶ,
3265 1489 3327 1541 τὸ
3385 1489 3578 1550 σκότος
3621 1489 3724 1542 πό-

2135 1598 2265 1644 σον;
2299 1581 2605 1646 τουτέστιν,
2641 1581 2688 1631 εἰ
2719 1580 2748 1632 ό
2777 1579 2899 1642 νοῦς
2930 1581 3325 1649 ὲσκοτισμένος
3355 1584 3494 1643 ἐστὶ,
3540 1581 3723 1651 πολλῷ

2134 1671 2298 1724 πλέον
2325 1674 2379 1725 αἱ
2428 1670 2612 1739 ἄλογοι
2646 1671 2744 1739 τῆς
2776 1670 2953 1741 ψυχῆς
2983 1672 3269 1741 δυνάμεις.
3338 1673 3495 1727 Ἐστι.
3544 1673 3590 1726 δ’
3638 1675 3722 1726 ει-

2133 1768 2258 1818 πεῖν
2286 1766 2379 1816 τδν
2418 1764 2566 1830 νοῦν,
2597 1765 2692 1816 καὶ
2724 1764 2863 1831 φῶς,
2903 1765 2996 1817 καὶ
3038 1764 3231 1826 σκότος
3253 1782 3266 1794 ο
3305 1764 3441 1833 πρὸς
3497 1764 3596 1835 μὲν
3618 1765 3724 1832 τὴν

3127 1857 3264 1927 πρὸς
3308 1856 3365 1910 δὲ
3421 1857 3510 1912 τὸν
3564 1857 3722 1921 Θεὸν,

2133 1949 2343 2012 σκότος,
2376 1948 2610 2018 ἀόρατον
2638 1947 2789 2017 αύτῷ
2810 1948 3174 2018 τυγχάνοντα.
3198 1949 3269 2002 Ἦ
3299 1949 3493 2018 λύχνος
3528 1950 3654 2018 μὲν,
3696 1951 3726 1999 ὁ

2130 2040 2430 2103 Μωσαῖκὺς
2461 2041 2645 2110 νόμος,
2680 2039 2896 2111 ὁδηγῶν
2927 2040 3023 2092 ἐπὶ
3047 2040 3116 2094 τὰ
3151 2041 3295 2095 καλὰ
3340 2042 3467 2106 τοὺς
3520 2045 3723 2113 ἀναγι-

2130 2134 2483 2198 νώσκοντας⁶
2539 2134 2731 2197 σκότος
2788 2133 2870 2196 δὲ,
2923 2135 2984 2186 τὸ
3018 2134 3374 2206 ἐπικείμενον
3415 2135 3567 2206 αὐτῴ
3623 2138 3725 2189 κά-

2131 2225 2322 2293 λυμμα
2358 2223 2459 2293 τῆς
2482 2223 2772 2292 ἀσαφείας,
2805 2217 2866 2275 οῦ
2894 2226 2963 2275 τὰ
2997 2226 3357 2295 κεκρυμμένα
3384 2228 3725 2297 προφητεύει

2132 2316 2299 2370 Δαϐὶδ
2354 2316 2730 2385 φωτισθῆναι,
2778 2315 2874 2368 καὶ
2934 2316 3423 2387 ἀνακαλυφθῆναι,
3479 2317 3729 2389 δηλον’τι

2135 2408 2515 2480 σαρκωθέντος
2543 2408 2681 2461 Θεοῦ
2715 2427 2727 2438 ·
2767 2408 2799 2479 ἢ
2828 2408 3026 2480 λύχνος
3056 2410 3177 2479 μὲν,
3222 2410 3284 2463 τὸ
3323 2411 3592 2480 κήρυγμα.
3626 2409 3726 2463 τοῦ

2138 2500 2494 2569 Εὑαγγελίου,
2549 2500 2818 2569 φωτισθὲν
2872 2501 2965 2553 καὶ
3020 2501 3322 2570 γνωρισθὲν
3390 2504 3522 2573 ἡμῖν
3568 2504 3727 2569 παρὰ

2136 2591 2232 2645 τοῦ
2276 2593 2530 2663 Σωτῆρος
2590 2591 2790 2645 αὐτοῦ’
2859 2596 3048 2655 σκότος
3106 2595 3185 2660 δὲ,
3244 2597 3275 2665 ή
3322 2595 3431 2649 τῶν
3486 2597 3726 2649 εἰδώλων

2138 2686 2339 2757 πλάνη,
2384 2686 2542 2756 καὶὴ
2589 2686 2782 2753 ἄλογος
2834 2687 3029 2754 ἄγνοια
3086 2689 3186 2758 τῆς
3234 2690 3403 2760 ὀρθῆς
3462 2693 3725 2751 πίστεως.

2142 2780 2213 2833 Ἢ
2244 2780 2436 2848 λύχνος
2464 2779 2582 2849 μὲν,
2609 2781 2636 2833 ὁ
2657 2779 2803 2843 νοῦς,
2827 2780 3041 2851 ὁδηγῶν
3061 2782 3152 2834 τὸν
3178 2783 3469 2852 ἄνθρωπον
3486 2800 3498 2813 ε
3532 2783 3730 2845 σκότος

2137 2871 2214 2935 δὲ,
2244 2872 2306 2924 τὸ
2335 2871 2517 2941 σῶμα,
2539 2871 2628 2924 διὰ
2660 2871 2761 2943 τὴν
2792 2873 3220 2945 ἐπιπρόσθησιν,
3260 2876 3355 2931 καὶ
3409 2877 3726 2946 παχύτητα.

2138 2965 2579 3037 Φωτισθήσονται
2618 2965 2676 3018 δὲ
2715 2965 2920 3035 ἄμφω·
2971 2968 2999 3019 ὁ
3056 2970 3178 3037 μὲν,
3224 2971 3343 3032 ταῖς
3404 2969 3577 3032 θείαις
3640 2969 3733 3022 ἐλ-

2138 3057 2381 3127 λάμψεσι
2408 3074 2421 3087 ·
2448 3056 2607 3125 τὸδὲ,
2652 3059 2718 3126 τῇ
2744 3059 3037 3129 καθάρσει.
3071 3058 3230 3123 Τινὲς
3269 3060 3328 3114 δὲ
3363 3061 3584 3129 λέγουσι
3630 3060 3730 3112 λύ-

2142 3168 2266 3221 χνον
2312 3148 2548 3203 ἐνταῦθα
2592 3148 2865 3220 κληθῆναι
2918 3151 3010 3207 τὸν
3053 3154 3117 3206 ὲκ
3178 3153 3495 3224 σπέρματος
3562 3154 3734 3206 Δαϐὶδ

2157 3238 2393 3310 Ἰησοῦν,
2456 3240 2516 3293 ὃν
2563 3239 2832 3309 ἐφώτισεν
2886 3244 2914 3295 ὁ
2950 3242 3127 3308 Λόγος
3168 3242 3391 3307 ἑνωθεὶς
3412 3243 3584 3313 αὑτῷ,
3630 3243 3737 3294 καὶ

2143 3334 2422 3403 παρέσχεν
2442 3333 2668 3399 ἀφιέναι
2680 3338 2781 3397 τὰς
2803 3334 3032 3399 ἀκτῖνας
3055 3335 3398 3405 ἁπανταχοῦ,
3424 3337 3559 3407 φησὶ
3576 3334 3684 3403 γάρ
3711 3352 3727 3365 ·

2153 3426 2302 3497 Ἐγώ
2323 3426 2438 3495 ειμι
2466 3427 2531 3479 τὸ
2558 3425 2684 3495 ερῶς
2701 3427 2808 3482 τοῦ
2841 3429 3074 3496 κόσμου
3100 3446 3113 3461 ο
3137 3430 3329 3493 σκότος
3348 3429 3427 3493 δὲ,
3475 3431 3574 3499 τὴν
3596 3431 3736 3501 σάρ-

2141 3537 2213 3572 κα
2240 3518 2375 3589 (66).
2407 3557 2421 3572 .
2450 3558 2463 3572 .
2493 3519 2849 3589 προσλαϐὼν,
2877 3521 3084 3577 ὲθέωσε
3112 3524 3208 3578 καὶ
3244 3523 3621 3595 ὲλάμπρυνεν.

453 3629 627 3700 rigit:
674 3622 915 3679 tenebrae
944 3622 1123 3688 ipsmn
1159 3628 1380 3681 corpus,
1439 3611 1586 3679 quod
1617 3609 2028 3681 quodammodo
2070 3622 2199 3667 ante
2258 3613 2456 3668 oculos
2508 3613 2829 3670 intellectus
2913 3616 3191 3682 consistit,
3257 3626 3314 3671 et
3359 3616 3736 3674 crassitudine

453 3738 555 3777 sua
585 3718 835 3773 umbram
873 3711 1031 3782 quasi
1062 3716 1377 3778 generatae
1412 3703 1709 3759 tenebras:
1742 3711 2038 3773 utrumque
2078 3715 2259 3760 autem
2307 3704 2729 3773 illuminabitur,
2794 3706 3111 3765 intellectus
3156 3708 3442 3771 nimirum,
3524 3710 3734 3765 divinis

450 3812 864 3887 splendoribus,
903 3821 1102 3876 corpus
1131 3817 1263 3857 vero
1309 3798 1691 3869 purificatione
1721 3808 1777 3852 et
1811 3799 2106 3855 munditia.
2178 3799 2414 3866 Quidam
2483 3816 2613 3857 vero
2703 3817 2803 3872 per
2867 3803 3153 3857 lucernam
3201 3802 3492 3861 Dominum
3541 3802 3738 3859 Jesum

454 3910 788 3979 intelligunt,
822 3913 1012 3959 natum
1051 3903 1118 3955 de
1147 3898 1359 3953 semine
1415 3894 1606 3959 David,
1661 3895 1815 3965 quia
1848 3890 2027 3949 Verbo
2069 3896 2161 3951 Dei
2189 3898 2532 3952 illuminatns
2561 3906 2680 3963 est;
2742 3898 2831 3951 illa
2911 3896 3175 3951 nimirum
3253 3897 3438 3955 divina
3507 3897 3735 3958 unione,

464 4018 589 4074 qua:
625 4000 702 4053 illi
731 3996 964 4069 przehuit
1019 4002 1078 4047 ut
1114 3991 1427 4063 splendoris
1488 3988 1671 4042 radios
1726 4002 2054 4059 quocunque
2092 3992 2413 4057 emitteret;
2451 3993 2596 4047 unde
2649 3992 2717 4044 de
2764 3992 2949 4061 seipse
3000 3991 3216 4044 dicebat
3251 4007 3265 4043 :
3300 3991 3407 4059 Ego
3440 4006 3556 4042 sum
3632 3992 3735 4043 lux

450 4091 760 4154 mundi“;
813 4102 910 4158 per
957 4085 1219 4141 tenebras
1252 4097 1382 4136 vero
1417 4096 1639 4135 carnem
1700 4088 1914 4134 tantum
1957 4093 2319 4152 assumptam,
2351 4099 2516 4155 quam
2607 4084 2861 4140 Christus
2929 4082 3283 4148 illuminavit,
3355 4098 3418 4137 ac
3493 4084 3739 4139 divinam

444 4186 716 4247 reddidit.

517 4283 694 4339 Vens.
732 4280 821 4337 50.
865 4279 1134 4345 Quoniam
1168 4278 1221 4330 in
1255 4286 1301 4331 te
1329 4276 1532 4346 eripiar
1556 4291 1587 4327 a
1620 4276 1929 4328 tentatiane.
1969 4302 2037 4314 ——

457 4378 525 4435 In
558 4390 624 4441 te,
660 4377 762 4429 hoe
798 4383 903 4436 est,
942 4387 1038 4440 per
1074 4380 1147 4423 te.
1181 4370 1223 4420 Α
1255 4369 1545 4423 tentatione
1569 4377 1750 4422 autem
1790 4376 1899 4419 tam
1934 4366 2034 4419 lto-

455 4469 666 4525 minum
693 4478 855 4534 quam
886 4462 1221 4514 d:entonutn.

528 4644 593 4701 Et
622 4646 673 4698 in
713 4643 821 4696 Deo
854 4656 967 4693 meo
1037 4637 1406 4706 transgredior
1450 4653 1677 4687 murum.
1738 4634 1846 4690 Deo
1893 4649 2037 4697 meo,

458 4738 660 4808 inquit,
678 4734 808 4789 mihi
833 4731 1108 4801 atljntore,
1130 4743 1231 4799 ego
1254 4736 1474 4799 peccata
1499 4728 1709 4790 omnia,
1734 4728 1878 4779 viam
1904 4726 2039 4779 mihi

458 4832 525 4884 ad
559 4829 748 4888 Deum,
784 4823 950 4877 veluti
980 4837 1109 4889 sepe
1138 4819 1377 4889 quadam
1420 4818 1797 4878 obstruentia,
1832 4817 2039 4869 transi-

457 4923 613 4976 liam.
684 4916 741 4970 In
797 4915 904 4968 illis
957 4913 1159 4982 quippe
1218 4910 1363 4964 vires
1420 4924 1553 4963 suas
1607 4918 1769 4961 antea
1804 4906 2040 4958 Satanas

461 5010 721 5070 habebat,
757 5021 821 5060 ac
858 5020 953 5073 per
986 5018 1048 5056 ea
1083 5002 1293 5055 aditum
1334 4999 1466 5051 mihi
1509 4998 1574 5051 ad
1614 4999 1817 5051 ccelem
1853 4994 2038 5067 {quasi

459 5115 618 5157 muro
648 5094 911 5170 quodam]
939 5093 1317 5164 przeclttserat.
1345 5087 1444 5141 Vel
1504 5090 1731 5143 teutatio
1778 5103 1877 5155 pro
1933 5089 2039 5140 vita

457 5191 698 5247 hominis
724 5190 879 5259 juxta
946 5183 1147 5238 .lobum
1182 5181 1226 5213 ⁸⁵⁷
1258 5180 1613 5250 intelligenda
1678 5188 1782 5242 est,
1823 5179 1876 5231 in
1933 5192 2039 5247 qua

454 5286 630 5339 mul'a
656 5298 810 5343 esca,
838 5288 893 5335 et
925 5278 1111 5331 multa-
1151 5283 1283 5329 sunt
1327 5274 1677 5341 voluptatum
1741 5272 2039 5334 illecebt'at,

456 5375 614 5431 multi
642 5374 838 5429 mortis
874 5369 1080 5440 laquei,
1122 5377 1177 5422 et
1210 5366 1394 5422 m'ult.e
1429 5366 1594 5418 etiam
1629 5364 1934 5419 visibilium
1986 5374 2041 5418 et

536 5558 580 5592 ⁸⁸
613 5556 804 5613 Matth.
840 5571 915 5622 Vt,
946 5552 1037 5609 23.
1098 5551 1145 5582 ⁸⁸
1171 5548 1332 5604 Joan.
1363 5562 1484 5609 vm,
1521 5543 1603 5598 12.
1664 5545 1709 5575 ’⁵⁷
1748 5544 1854 5601 Job
1883 5563 1980 5613 νιι,
2029 5547 2083 5600 1.

2218 4271 2445 4323 "Oner-
2475 4267 2986 4336 σοὶρυσθήσομαι
3043 4266 3164 4321 ἀπὸ
3231 4269 3637 4335 πειρατηρίου.
3664 4297 3739 4309 -—-

2161 4365 2263 4416 Ἐν
2289 4362 2390 4415 σοὶ
2430 4361 2552 4430 μὲν,
2578 4362 2700 4429 ἦτοι
2747 4362 2839 4414 διὰ
2876 4360 2970 4413 σοῦ
2996 4377 3009 4391 ν
3055 4362 3439 4428 πειρατηρίου
3464 4361 3543 4422 δὲ,
3574 4378 3733 4414 τουτ-

2149 4456 2265 4505 έστι
2305 4452 2640 4521 πειρασμοῦ,
2679 4452 2830 4523 παρὰ
2857 4451 3187 4521 ἀνθρώπων,
3229 4452 3262 4520 ἢ
3319 4452 3592 4521 δαιμόνων
3641 4454 3742 4504 ἐπ-

2052 4574 2107 4614 -η
2149 4544 2446 4614 αγομένευ.

2064 4598 2110 4658 C

2215 4636 2420 4689 Ιὶαὶὲι·
2450 4635 2531 4701 τῷ
2575 4636 2697 4700 Θεῷ
2749 4654 2871 4704 μου
2920 4637 3339 4704 ὑπερϐήσομαι
3388 4637 3605 4705 τεῖχος.
3644 4635 3740 4705 Τῷ

2149 4727 2270 4796 Θεῴ
2307 4744 2408 4795 μου
2480 4726 2869 4796 βοηθούμενος,
2939 4728 3319 4795 ὑπερπηὸἠσω
3349 4728 3416 4779 τὰ
3450 4726 3742 4793 ἀποφράτο

2150 4818 2315 4871 τοντά
2342 4834 2433 4885 μοι
2471 4820 2571 4887 τὴν
2599 4820 2734 4887 πρὸς
2769 4818 2935 4871 αὑτὸν
2995 4818 3115 4870 ὸὸὺν
3166 4819 3551 4888 ἁμαρτήματα
3577 4833 3591 4845 ·
3650 4814 3738 4880 οἷς

2151 4904 2265 4977 ἔχει
2297 4909 2394 4978 τὴν
2433 4910 2587 4979 ἰσχὺν
2619 4911 2645 4960 ὁ
2674 4909 2941 4971 Σατανᾶς,
3002 4911 3096 4960 καὶ
3148 4908 3216 4960 δι’
3258 4905 3334 4962 ὧν
3383 4908 3588 4960 κωλύει
3636 4910 3742 4974 τὴν

2153 4999 2234 5059 εἰς
2266 4996 2533 5065 οὐρανοὺς
2560 4996 2767 5048 ἄνοδον.
2802 4997 2866 5049 "ll
2930 5000 3291 5068 πειρατήριον
3351 4999 3471 5066 μὲν,
3522 5000 3550 5049 ὁ
3595 4996 3738 5067 βίος,

2155 5089 2296 5139 κατὰ
2326 5088 2415 5140 τὸν
2431 5087 2575 5153 Ἰὼϐ,
2596 5090 2653 5140 ἐν
2668 5082 2709 5156 ᾧ
2733 5089 2960 5142 δελέατα
2978 5090 3195 5159 ἡδονῆς,
3212 5092 3306 5143 καὶ
3329 5090 3553 5159 παγίδες
3572 5090 3741 5143 θανά.

2154 5195 2273 5244 του,
2326 5181 2420 5232 καὶ
2463 5181 2635 5251 λόχοι,
2679 5181 2773 5234 καὶ
2803 5182 3079 5251 πολέμιοι,
3107 5184 3289 5250 νοητοὶ
3324 5185 3419 5235 καὶ
3453 5182 3737 5250 αἰσθητοί·

2156 5274 2337 5340 τεῖχος
2367 5272 2448 5335 δὲ,
2484 5273 2543 5325 τὸ
2568 5273 2752 5343 σῶμα,
2782 5274 3232 5344 προϐεϐλημένον
3261 5275 3361 5343 τῆς
3407 5276 3607 5345 ψυχῆς,
3646 5278 3742 5328 καὶ

2155 5365 2510 5435 ἁποφράττον
2544 5366 2717 5437 αὐτὴν
2749 5367 2848 5431 τὰς
2877 5366 3032 5429 θείας
3063 5366 3241 5435 αὐγάς
3267 5383 3282 5399 ’
3326 5367 3360 5438 ἢ
3392 5369 3487 5421 καὶ
3536 5369 3740 5437 τεῖχος,

1817 5659 2025 5721 Variae
2059 5657 2396 5725 lectiones.

535 5770 647 5841 (65)
671 5768 821 5841 Adde
849 5766 1044 5841 δῆμον,
1075 5763 1160 5817 vel
1188 5762 1368 5841 scribe
1406 5760 1683 5841 Ἰουδαῖον.

515 5829 644 5902 μὶϐϋὶ
681 5829 1013 5908 ιὶεροιιεῆν,
1043 5849 1223 5903 quam,
1256 5841 1313 5885 ut
1345 5832 1540 5902 legisse
1572 5831 1788 5889 videtur
1808 5829 2038 5887 Latinus
2072 5830 2366 5901 interpres.
