4116 6472
396 495 505 559 221
556 562 563 567 ι

1556 499 1945 563 ΟΟΜΜΕΝΤ.

2077 503 2080 507 ⁷
2118 502 2488 563 PSALMOS.
3021 544 3027 549 -
3566 501 3683 566 242

388 612 443 663 al.
491 610 730 679 ὲναὲριοι
757 607 1049 677 δαίμονες,
1078 608 1488 671 διαϐαινούσαις
1512 610 1632 670 ταῖς
1657 607 1861 680 ψυχαῖς
1894 611 1964 680 ἐμ

2102 610 2470 665 invisibilium
2501 611 2857 667 inimicorum
2894 612 3149 679 insidiae;
3185 628 3385 667 murus
3408 628 3540 665 vero
3588 630 3686 683 pro

398 698 714 766 ποδὶζοντες
725 741 738 754 .

390 797 634 867 quodam
668 809 790 849 eam
816 794 1152 859 circumdat,
1186 805 1354 866 atque
1386 796 1650 864 obstruit,
1687 804 1742 851 et
1791 797 2056 867 prohibet
2086 814 2115 852 a
2146 800 2336 855 divina
2366 802 2513 858 luce.
2577 800 2677 858 Vel
2740 819 2836 873 per
2899 819 3112 868 muros,

2104 718 2365 774 corpore,
2413 704 2562 774 quod
2597 704 2836 776 positum
2873 715 3003 762 ante
3043 706 3286 762 animam
3324 707 3493 761 veluti
3525 723 3686 761 muro

3203 805 3357 875 ipsos
3405 806 3684 864 daeiuones

392 885 641 955 intellige
670 893 970 941 versantes
1003 885 1059 939 in
1109 901 1271 940 aere:
1308 887 1401 956 qui
1426 888 1670 941 animam
1718 886 1787 941 ad
1817 885 1990 942 Deum
2027 892 2374 955 pertransire
2404 892 2746 963 cupientem,
2789 894 2933 947 muri
2970 894 3144 948 instar
3172 894 3499 964 impediunt.

473 978 537 1033 Ὅ
568 978 717 1044 Θεός
739 994 887 1046 μου,
910 978 1153 1047 ἄμωμος
1188 980 1223 1048 ἡ
1253 978 1396 1045 ὁδὸς
1424 979 1641 1034 αὐτοῦ.
1668 979 1866 1050 Σχῆμα
1896 982 1992 1035 καὶ

390 1071 554 1123 τοῦτο
580 1068 683 1139 τῆς
719 1069 969 1134 Παλαιᾶς
998 1071 1250 1143 Γραφῆςο
1297 1072 1421 1125 ἀντὶ
1475 1072 1586 1142 γὰρ
1660 1071 1756 1125 τοῦ
1790 1074 1990 1139 εἰπεῖν,

394 1163 485 1215 ὅτι
517 1160 628 1213 Τοῦ
660 1160 796 1214 Θεοῦ
835 1179 939 1232 μου
965 1162 1193 1233 ἄμωμος
1215 1166 1248 1234 ἡ
1277 1163 1418 1229 ὁδὸς,
1456 1160 1633 1227 εἶπεν,
1658 1165 1741 1218 ὅτι
1766 1164 1821 1218 '0
1847 1166 1993 1232 Θεός

390 1272 535 1323 μου,
563 1252 807 1322 ἄμωμος
834 1253 872 1321 ἡ
907 1252 1050 1320 ὁδὸς
1077 1255 1266 1309 αὑτοῦ
1292 1271 1304 1284 ·
1340 1256 1455 1318 ὁδὸς
1487 1256 1544 1308 δὲ
1592 1255 1755 1321 Θεοῦ,
1790 1258 1987 1329 ἀρετὴ,

395 1345 537 1413 πρὸς
558 1345 729 1398 αὐτὸν
750 1344 1057 1412 ἀνάγουσαι.
1095 1348 1214 1418 Χρὴ
1250 1348 1382 1416 γοῦν
1404 1349 1640 1420 ἄμωμον
1701 1350 1845 1405 εἶναι
1894 1353 1990 1406 καὶ

390 1440 488 1491 τὸν
541 1438 613 1491 δι’
647 1440 822 1509 αὐτῆς
864 1439 1145 1497 ὀδεύοντα.
1199 1441 1269 1493 Ἢ
1293 1441 1389 1494 καί
1420 1444 1548 1513 περὶ
1592 1444 1688 1497 τοῦ
1737 1444 1990 1516 Σωτῆρος

390 1536 419 1583 ὀ
446 1532 610 1598 λόγος
633 1548 645 1561 ·
669 1531 898 1596 ὁδεύσας
922 1532 1031 1604 γὰρ
1058 1533 1153 1587 τὸν
1210 1534 1324 1604 βίον
1352 1535 1632 1607 ἁμαρτίαν
1666 1537 1770 1590 οὐκ
1797 1537 1989 1607 ἐποίη-

391 1643 510 1679 σεν.

472 1806 757 1876 τάλόγια
803 1808 1030 1875 Κυρίου
1089 1813 1511 1880 πεπυρωμένα.
1570 1814 1835 1883 ’Λληθινὰ
1890 1816 1985 1869 καὶ

388 1901 613 1970 καθαρὰ
643 1900 816 1969 ψόγου
837 1904 1062 1965 παντὸς,
1090 1904 1165 1966 ὼς
1187 1903 1246 1954 τδ
1274 1909 1689 1974 κεχωνευμένον
1720 1908 1944 1978 χρυσίον
1964 1925 1976 1938 ·

389 1991 634 2060 ἀλλαχοῦ
665 1992 781 2062 γὰρ
835 1993 1088 2063 εἴρηται’
1143 1994 1225 2047 Τὰ
1274 1999 1451 2065 λόγια
1497 1999 1744 2066 Κυρίου,
1804 2000 1982 2069 λόγια

390 2086 562 2155 ἁγνὰ,
596 2086 891 2154 ἀργύριον
910 2087 1369 2154 πεπυρωμένον.

473 2177 976 2254 ’Υπερασπιστής
1006 2180 1137 2233 ἐστι
1166 2179 1410 2235 πάντων
1458 2182 1578 2234 τῶν
1612 2184 1981 2245 ἐλπιζόντων

398 2270 488 2321 ἐπ’
518 2270 724 2324 αὐτόν.
763 2270 1271 2341 Ἐπαγγελλόμενος
1315 2274 1425 2346 γὰρ
1470 2275 1712 2345 βοηθεῖν,
1752 2278 1814 2331 οὐ
1841 2278 1979 2348 ψεύ-

406 2360 575 2415 ὕεται.

482 2453 606 2506 Ὅτι
659 2456 735 2520 τίς
791 2456 938 2522 Θεὸς
1002 2457 1192 2525 παρὲκ
1248 2459 1355 2513 τοῦ
1407 2459 1630 2527 Κυρίου
1670 2480 1689 2527 ;
1741 2462 1814 2514 Τὸ
1864 2463 1976 2527 ὅτι,

404 2546 668 2614 παρέλκον
689 2549 953 2603 ἐνταῦθα.
991 2550 1060 2603 Ἢ
1102 2552 1223 2604 ἀντὶ
1248 2553 1363 2617 τοῦ,
1390 2553 1612 2625 Ἐπειδὴ
1668 2556 1753 2618 τίς
1816 2557 1976 2621 ἄλλος

390 2637 552 2705 «ptiust
581 2638 712 2704 Θεδς
744 2642 923 2714 παρὲκ
960 2643 1055 2696 τοῦ
1090 2645 1297 2714 Κυρίου
1328 2663 1342 2710 ;
1392 2646 1663 2713 τουτέστι,
1710 2649 1807 2701 τοῦ
1860 2650 1973 2703 Πα-

386 2728 545 2798 τρόέ.

464 2821 558 2886 Τίς
586 2823 735 2888 Θεύς
772 2825 946 2893 πλὴν
971 2827 1079 2881 τοῦ
1114 2828 1263 2883 Θεοῦ
1292 2829 1464 2899 ἡμῶν
1486 2848 1506 2895 ;
1536 2831 1673 2885 Θεὸν
1737 2834 1974 2888 ἐνταῦθα

378 2911 475 2963 τὸν
512 2912 641 2966 Υῖὸν
664 2915 921 2969 ἐκάλεσει
966 2918 1168 2987 ῗΗμών
1205 2920 1264 2973 δὲ
1292 2921 1487 2988 εἰπὼν,
1508 2924 1807 2992 συνέταξεν
1838 2930 1972 2996 ἡμῖν

380 3008 581 3059 ἑαυτὸν
609 3011 725 3072 τοῖς
782 3014 1017 3076 πιστοῖς,
1053 3008 1142 3066 οἷα
1188 3019 1461 3085 προγνοὺς
1489 3018 1551 3070 τὸ
1585 3019 1806 3083 εὐτελὲς
1871 3022 1972 3091 τῆς

380 3099 651 3163 πίστεως.

452 3193 604 3258 Θεὸς
650 3196 684 3247 ὁ
723 3194 997 3263 πορίζων)
1017 3197 1137 3251 titur
1182 3217 1259 3267 με
1282 3200 1560 3271 δύναμιν.
1618 3204 1790 3259 Τοῦτο
1843 3210 1972 3277 περὶ

2156 981 2323 1036 Vens.
2358 984 2447 1038 3i.
2491 984 2629 1039 Deus
2660 1002 2829 1051 meus,
2864 987 3148 1054 impolluta
3173 990 3253 1041 via
3280 989 3419 1058 ejus.
3466 991 3566 1043 Hic
3594 999 3681 1047 est

2090 1075 2258 1129 etiam
2293 1076 2544 1146 quendam
2582 1076 2757 1147 ﬁgura
2788 1077 3050 1147 loquendi
3084 1079 3229 1148 apud
3257 1096 3474 1135 sacram
3534 1081 3686 1137 Serio

2088 1174 2312 1234 pturam
2353 1168 2628 1223 usitatior.
2652 1169 2759 1224 Pro
2818 1170 2964 1224 enim
3006 1170 3152 1240 quod
3215 1172 3508 1226 dicendum
3541 1185 3679 1240 erat,

2091 1257 2184 1313 Dei
2223 1261 2329 1313 mei
2388 1261 2680 1330 impolluta
2734 1264 2823 1317 via
2856 1265 3163 1328 est,dixit:
3195 1264 3335 1318 Deus
3379 1281 3546 1331 meus,
3575 1267 3682 1320 im-

2087 1348 2293 1417 polluta
2330 1350 2415 1403 via
2446 1350 2585 1419 ejus.
2622 1349 2719 1404 Via
2749 1361 2935 1407 autem
2974 1351 3067 1407 Dei
3103 1353 3284 1408 virtus
3316 1362 3424 1418 est,
3463 1369 3583 1423 qua:
3612 1356 3679 1409 ad

2092 1440 2262 1494 Deum
2295 1441 2472 1496 ducit.
2508 1441 2741 1512 Oportet
2776 1444 2946 1514 igitur
2975 1445 3502 1515 irreprebensibiles
3554 1446 3679 1499 illos

2087 1545 2233 1595 esse,
2259 1533 2354 1602 qui
2394 1548 2490 1604 per
2524 1535 2668 1588 viam
2706 1536 2872 1590 istam
2918 1537 3190 1591 incessuri
3252 1546 3410 1592 sunt.
3453 1536 3550 1591 Vel
3609 1538 3679 1591 de

2083 1623 2367 1692 Salvatorc
2424 1634 2619 1680 nostro
2679 1638 2763 1681 est
2826 1643 3036 1692 sermo,
3091 1628 3181 1697 qui
3217 1644 3313 1699 per
3346 1630 3491 1683 viam
3527 1631 3672 1685 hanc

2087 1717 2379 1770 ambulans
2406 1727 2692 1787 peccatum
2735 1735 2842 1773 non
2880 1719 3030 1775 fecit.

2161 1808 2388 1877 Eloquia
2411 1808 2623 1864 Domini
2642 1813 2755 1881 igne
2778 1812 3113 1866 examinata.
3140 1814 3278 1868 Vera
3301 1813 3512 1868 scilicet
3535 1827 3670 1882 pura

2084 1916 2144 1955 ac
2169 1904 2372 1957 munda
2402 1904 2470 1958 ab
2495 1906 2647 1958 omni
2683 1907 2917 1972 macula,
2940 1908 3060 1960 auri
3093 1908 3270 1960 instar
3294 1905 3445 1976 quod
3482 1905 3666 1962 lusum

2088 1992 2181 2046 sit.
2210 1994 2352 2047 Alibi
2387 1998 2552 2049 etiam
2588 1998 2728 2052 dixit
2756 2015 2767 2051 :
2797 1997 3026 2067 Eloquia
3052 2008 3223 2063 casta,
3254 2008 3530 2068 argentum
3553 1999 3672 2068 igne

2084 2087 2455 2141 examinatum
2480 2088 2547 2145 ⁸⁸.

2153 2181 2435 2233 Protector
2469 2190 2548 2233 est
2580 2182 2815 2235 omnium
2837 2184 3168 2252 sperantium
3198 2184 3250 2237 in
3278 2198 3351 2237 se.
3381 2181 3518 2235 Cum
3547 2181 3669 2250 pol-

2083 2271 2272 2325 licitus
2305 2272 2380 2324 sit
2414 2288 2474 2324 sc
2507 2273 2779 2327 auxilium
2812 2283 3230 2343 praestaturum,
3266 2273 3490 2327 minimc
3515 2287 3668 2324 men-

2080 2365 2270 2418 tictur.
2374 2358 2435 2370 ””
2452 2357 2475 2363 ﬂ

2154 2453 2322 2510 Vens.
2359 2454 2446 2509 52.
2496 2453 2757 2521 Quoniam
2796 2457 2913 2526 quis
2953 2455 3091 2509 Deus
3116 2465 3306 2525 prwter
3342 2452 3667 2509 Dominum?

2083 2547 2284 2612 Dietio,
2322 2548 2426 2613 ὅτι,
2473 2549 2715 2603 abundat
2739 2548 2840 2602 hoc
2874 2549 3104 2607 inloco.
3158 2550 3251 2605 Vel
3298 2548 3495 2605 sensus
3537 2556 3657 2601 est:

2078 2640 2351 2706 Quoniam
2387 2641 2511 2711 quis
2554 2640 2697 2697 alius
2734 2649 2931 2696 natura
2978 2643 3096 2712 ipsa
3131 2642 3273 2697 Deus
3309 2648 3416 2707 est,
3464 2649 3661 2709 praeter

2074 2730 2407 2785 Dominum?
2436 2732 2541 2786 hoc
2584 2743 2690 2798 est,
2730 2740 2883 2787 extra
2922 2732 3089 2788 Deum
3122 2730 3365 2789 Patrem.

2151 2822 2251 2875 Aut
2284 2822 2401 2890 quis
2430 2821 2573 2876 Deus
2606 2832 2803 2890 prater
2840 2821 3006 2877 Deum
3039 2825 3325 2879 nostrum?
3350 2822 3518 2877 Deum
3561 2823 3664 2879 hoc

2078 2912 2284 2967 inloco
2338 2911 2538 2967 Filium
2593 2913 2909 2983 appellavit.
2949 2913 3116 2975 Deum
3184 2925 3366 2968 autem
3425 2923 3665 2967 nostrum

2078 3004 2269 3061 dicens
2304 3007 2601 3075 Pmpbeta,
2637 3006 2885 3076 seipsum
2923 3008 3086 3062 nobis
3119 3007 3373 3062 ﬁdelibus
3428 3006 3664 3077 conjun-

2078 3097 2177 3162 xit,
2198 3096 2386 3152 animo
2415 3098 2766 3167 prospiciens
2790 3098 2917 3153 ﬁdei
2946 3100 3386 3170 simplicitatem.

2153 3191 2318 3245 Vens.
2360 3191 2453 3245 55.
2494 3190 2635 3245 Deus
2659 3193 2749 3261 qui
2784 3192 3067 3259 prrecirixit
3099 3210 3179 3247 me
3228 3194 3486 3262 potentia.
3548 3191 3663 3249 Hoc

374 3283 472 3336 τοῦ
514 3285 676 3351 ἁγίου
700 3287 1040 3357 Πνεύματος.
1090 3291 1149 3343 Εἰ
1184 3290 1238 3343 δὲ
1276 3295 1383 3351 καὶ,
1399 3296 1526 3356 τοὺς
1568 3298 1716 3367 τρεῖς
1753 3297 1970 3366 στίχους

2077 3283 2142 3335 de
2176 3282 2386 3351 Spiritu
2421 3293 2615 3337 sancto
2655 3284 2863 3337 dictum
2896 3293 3003 3338 est.
3039 3283 3197 3350 Quod
3230 3284 3276 3338 si
3337 3283 3463 3352 quis
3491 3284 3659 3335 etiam

378 3378 446 3429 bc
498 3380 854 3450 παραλλήλου
899 3383 963 3435 τὸ
994 3385 1127 3436 αὐτὸ
1157 3387 1323 3455 φήσει
1361 3405 1447 3450 τις
1494 3390 1846 3459 ἑρμηνεύειν,
1883 3394 1974 3445 οὺ-

370 3471 470 3524 δὲν
527 3473 761 3537 ἀπεικός
782 3492 797 3506 ·
833 3476 1223 3547 περιζωννύων
1272 3477 1328 3530 δέ
1361 3498 1429 3550 με
1459 3482 1695 3552 δύναμιν
1726 3486 1784 3535 ὲν
1813 3485 1971 3538 πολέ-

378 3583 531 3633 μοις.

443 3675 556 3730 Καὶ
578 3678 751 3732 ἔθετο
774 3680 1020 3748 ἄμωμον
1048 3682 1159 3747 τὴν
1182 3684 1329 3737 ὁδον
1353 3701 1494 3752 μου.
1529 3685 1629 3736 Διὰ
1662 3686 1772 3737 τῶν
1805 3686 1955 3738 ὲντο-
2008 3708 2009 3711 η

372 3765 485 3817 λῶν
514 3767 819 3838 ὲρύϐμισεν
846 3771 948 3840 τὴν
980 3774 1126 3826 κατὰ
1159 3775 1249 3827 τὸν
1283 3775 1399 3842 βίον
1451 3776 1803 3847 ἀναστροφήν
1841 3796 1964 3847 μου.

375 3858 449 3911 Ἤ
482 3862 746 3930 καὶπερὶ
779 3863 874 3916 τοῦ
905 3864 1161 3933 Σωτῆρος
1213 3870 1242 3920 ὁ
1288 3868 1470 3936 λόγος,
1526 3868 1808 3940 προσώπῳ
1867 3871 1968 3940 τῆς

380 3950 724 4020 Ἕκκλησῖας
796 3955 908 4008 τῶν
953 3958 1187 4020 πιστῶν,
1235 3961 1321 4013 ὅτι
1368 3959 1677 4030 ὲξωμάλισέ
1730 3980 1821 4032 μοι
1868 3963 1967 4033 τὴν

368 4043 486 4095 ὁδον
512 4044 608 4098 διὰ
635 4046 738 4115 τῆς
771 4048 975 4101 ἑαυτοῦ
1005 4051 1254 4121 πορείας,
1292 4054 1389 4108 καὶ
1411 4052 1647 4124 ἄμωμον
1687 4055 1965 4128 ἀπειργά-

371 4151 522 4189 σαῖο.

438 4541 554 4636 ῌαὶ
584 4543 687 4597 ἐπὶ
720 4547 792 4599 τὰ
816 4549 1031 4617 ὑψηλὰ
1087 4553 1275 4607 ἱστῶν
1290 4572 1388 4623 με.
1453 4559 1563 4613 Καὶ
1597 4563 1680 4625 εἰς
1720 4565 1790 4615 τὰ
1859 4563 1961 4636 ὅρη

2075 3375 2177 3429 bos
2214 3383 2325 3428 tres
2352 3375 2659 3429 versiculos
2688 3374 2832 3428 idem
2861 3373 3182 3443 signiﬁcare
3211 3375 3436 3438 dixerit,
3492 3373 3659 3429 absos

2074 3483 2203 3520 num
2236 3483 2347 3521 non
2377 3467 2505 3521 erit.
2551 3467 2850 3521 Praecinxit
2899 3475 3084 3521 autem
3150 3483 3235 3521 me
3281 3467 3550 3535 potentia,
3603 3469 3660 3517 in

2074 3559 2216 3614 bello
2238 3559 2469 3614 scilicet.

2148 3674 2214 3728 Et
2266 3676 2441 3743 posuit
2494 3675 3006 3744 irreprehensibilem
3070 3674 3211 3728 viam
3265 3689 3458 3728 meam.
3517 3670 3657 3725 Vitae

2073 3782 2207 3821 mea:
2246 3768 2735 3823 conversationem
2770 3768 3092 3837 composuit
3121 3780 3183 3819 ac
3211 3765 3415 3819 direxit
3466 3763 3657 3816 Domi-

2072 3875 2175 3913 nus
2230 3860 2506 3914 mandatis
2560 3862 2700 3915 suis.
2720 3859 2821 3914 Vel
2878 3859 3283 3932 deﬁalvatore
3331 3866 3418 3910 est
3469 3871 3655 3910 sermo

2071 3966 2136 4004 ex
2177 3967 2410 4019 persona
2443 3952 2704 4006 Ecclesiae
2732 3950 2977 4004 ﬁdelium
3008 3949 3271 4005 dicentis:
3313 3947 3656 4002 Salvatorem

2072 4040 2357 4109 gressibus
2393 4041 2510 4097 suis
2546 4044 2690 4094 viam
2715 4041 3127 4110 eiexplanasse
3182 4048 3349 4107 atque
3407 4037 3653 4107 inrepre-

2070 4131 2399 4190 hensibilem
2433 4131 2760 4187 reddidisse.

2141 4246 2309 4301 Ἴης.
2356 4246 2445 4301 54.
2476 4246 2583 4312 Qui
2617 4245 2834 4316 perfecit
2887 4245 3044 4315 pedes
3100 4260 3242 4299 meos
3297 4243 3455 4310 quasi
3494 4244 3652 4297 cerui.

2069 4338 2320 4406 Perﬁcit,
2361 4340 2465 4394 boc
2494 4348 2580 4394 est
2615 4347 2891 4410 pratparat
2933 4340 3017 4393 vel
3078 4337 3355 4408 perfectos
3412 4336 3545 4389 facit
3585 4334 3656 4389 ad

2070 4449 2320 4500 cursum,
2365 4434 2422 4489 in
2452 4445 2703 4504 tempore
2751 4432 2971 4489 scilicet
2993 4432 3158 4503 fugae.

2140 4549 2214 4605 Et
2243 4566 2400 4619 super
2432 4550 2639 4605 excelsa
2663 4552 2855 4605 statuit
2883 4566 2983 4603 me.
3015 4549 3119 4616 Qui
3148 4548 3203 4603 in
3232 4548 3517 4603 montibus
3535 4560 3657 4601 ser-

362 4633 563 4697 σώζων
586 4653 681 4705 με,
717 4639 814 4692 καὶ
836 4642 1026 4709 ἱστῶν,
1059 4643 1157 4698 καὶ
1190 4647 1380 4702 παύων
1413 4652 1762 4724 τὸν-δρόμον,
1790 4633 1958 4725 eam;

2077 4653 2160 4698 vat
2191 4658 2299 4707 me,
2332 4655 2501 4713 atque
2539 4644 2653 4699 illic
2685 4642 3060 4705 sisterelacit,
3080 4651 3134 4695 et
3161 4655 3381 4696 cessare
3406 4656 3436 4693 a
3466 4654 3656 4703 cursu,

358 4724 477 4776 τῶν
531 4727 858 4794 φευγουσῶν
882 4731 1119 4800 ἐλάφων,
1162 4738 1256 4789 καὶ
1293 4736 1706 4793 ἀναϐαινουσῶν
1759 4745 1841 4804 εἰς
1885 4724 1956 4795 τὰ

362 4815 492 4884 δρη.
555 4818 653 4871 καὶ
689 4822 757 4889 τῇ
806 4821 1102 4896 ἀπαλλαγῇ
1144 4826 1240 4880 τοῦ
1299 4828 1456 4892 δέους
1516 4833 1830 4901 ἱσταμένων
1860 4836 1957 4888 καὶ

366 4908 783 4968 ἁναττνεουσῶν.
823 4915 895 4968 Ἦ
925 4917 1020 4969 καὶ
1051 4917 1466 4987 δρομικώωτόν
1501 4941 1568 4993 με
1598 4927 1794 4990 ποιῶν,
1814 4925 1960 4981 ὥστε

365 5004 566 5068 φυγεῖν
590 5004 720 5066 τοὺς
757 5005 905 5058 ἑλεῖν
958 5007 1260 5079 ζητοῦντας
1307 5013 1600 5081 δαίμονας,
1638 5019 1735 5070 καὶ
1775 5021 1869 5072 ἐπὶ
1900 5022 1963 5073 τὸ

366 5092 502 5162 ὕφος
534 5095 649 5149 τῶν
677 5098 900 5168 ἀρετῶν
934 5101 1180 5170 ἀνάγων.

434 5209 755 5265 Διδάσκων
778 5210 996 5283 χεῖράς
1020 5232 1140 5283 μου
1166 5219 1254 5284 εἰς
1282 5218 1576 5287 πόλεμον.
1634 5223 1808 5285 Αὐτός
1872 5242 1962 5294 μοι

358 5300 458 5352 καὶ
489 5302 586 5375 τὴν
598 5302 822 5357 σύνεσιν
838 5304 940 5375 τῆς
964 5305 1266 5377 πολεμικῆς
1288 5310 1584 5380 ἐμπειρίας
1611 5311 1863 5377 δέδωκεν,
1899 5317 1961 5367 οὐ

364 5396 520 5462 μόνον
547 5400 648 5469 τῆς
713 5399 870 5452 κατὰ
899 5399 1011 5452 τῶν
1039 5401 1339 5469 ὁρωμένων
1384 5404 1624 5473 ἐχθρῶν,
1688 5406 1828 5459 ἀλλὰ
1866 5409 1962 5462 καὶ

361 5488 452 5559 τῆς
482 5495 623 5549 κατὰ
655 5492 775 5548 τῶν
806 5491 1089 5561 δαιμόνων
1112 5507 1125 5520 ’
1154 5493 1230 5557 ὡς
1264 5493 1323 5547 εὖ
1355 5497 1475 5564 μὲν,
1512 5497 1603 5549 τὸν
1632 5499 1829 5566 θυρεὸν
1862 5503 1961 5566 τῆς

352 5588 575 5659 πίστεως
595 5607 612 5624 .
642 5590 710 5644 εὖ
736 5589 827 5652 δὲ,
849 5586 954 5657 τὴν
991 5585 1273 5658 μάχαιραν
1292 5588 1387 5641 τού
1441 5590 1760 5666 Ιίνεύματος
1788 5610 1957 5663 μετα-

333 5688 707 5761 χειρίζεσθαι,
749 5681 860 5738 καὶ
889 5680 985 5734 διὰ
1010 5679 1125 5733 τῶν
1147 5682 1469 5749 πρακτικῶν
1502 5684 1736 5753 ἀρετῶν,
1771 5686 1828 5739 αϊ
1857 5686 1955 5756 δη·-

321 5780 529 5842 λοῦνται
549 5783 653 5839 διὰ
674 5778 806 5834 τῶν
843 5772 1084 5845 χειρῶν,
1121 5773 1530 5843 καταπολεμεῖν
1570 5777 1788 5842 αὐτούς.
1856 5780 1958 5853 Εἱή

386 5972 435 6006 te
484 5968 651 6027 [ιδαιο
728 5976 815 6020 ιι,
864 5954 920 6007 7.

2065 4751 2220 4790 more
2250 4736 2580 4806 fugientium
2606 4750 2899 4792 cervorum
2928 4753 2941 4788 :
2974 4734 3069 4804 qui
3098 4734 3192 4788 ubi
3218 4741 3436 4789 montes
3459 4747 3660 4787 ascen-

2067 4832 2267 4885 derunt
2290 4840 2345 4884 et
2367 4829 2581 4884 liberati
2609 4838 2737 4884 sunt
2762 4843 2792 4882 a
2812 4829 3033 4893 timore,
3056 4827 3366 4883 consistere
3387 4825 3660 4894 incipiunt

2067 4936 2123 4978 et
2181 4923 2491 4993 respirare;
2531 4922 2615 4976 vel
2654 4920 2760 4987 Qui
2812 4936 2900 4976 me
2944 4935 3115 4976 cursu
3179 4920 3656 4992 promptissimum

2070 5014 2221 5080 fecit,
2245 5015 2320 5068 ita
2349 5024 2408 5068 ut
2438 5014 2828 5084 perquirentes
2879 5030 2966 5070 me
3002 5014 3288 5069 decuriones
3317 5012 3653 5083 eﬁugerem;

2073 5109 2217 5162 unde
2240 5116 2294 5162 et
2312 5107 2377 5161 ad
2414 5107 2683 5162 virtutum
2707 5107 2928 5162 culmen
2966 5122 3052 5161 me
3087 5107 3353 5177 pervexit.

2139 5222 2302 5277 Vens.
2334 5221 2559 5288 Qui
2591 5222 2742 5277 docet
2808 5239 2997 5276 manus
3061 5237 3203 5275 nicas
3259 5219 3329 5272 ad
3383 5208 3661 5285 pra-lium.

2063 5314 2163 5370 Hic
2188 5325 2450 5385 pranerea
2492 5314 2697 5370 bellica:
2724 5316 2857 5371 artis
2889 5314 3139 5384 peritiam
3188 5327 3273 5364 me
3315 5306 3522 5369 docuit,
3551 5304 3664 5359 sed.

2067 5410 2143 5463 ita
2185 5417 2243 5462 ut
2272 5422 2378 5462 non
2411 5416 2627 5462 tantum
2661 5408 2928 5464 adversus
2952 5406 3197 5461 visibiles
3235 5405 3447 5460 hostes,
3480 5398 3649 5453 etiam

2066 5498 2330 5553 adversus
2364 5497 2665 5554 invisibiles
2708 5498 3044 5552 contendere
3089 5497 3322 5557 valeam,
3361 5498 3522 5547 scuto
3560 5490 3650 5543 ni-

2073 5592 2273 5644 mirum
2319 5589 2441 5645 ﬁdei
2486 5600 2735 5644 armatus
2784 5599 2836 5642 et
2871 5587 3053 5656 gladio
3101 5586 3371 5655 spiritus:
3400 5581 3651 5653 quiuimo

2068 5700 2173 5740 non
2211 5692 2426 5738 tantum
2453 5698 2579 5738 cum
2603 5683 2713 5735 illis
2740 5680 3099 5745 contendere,
3153 5681 3250 5734 sed
3302 5679 3442 5749 ipsis
3476 5679 3653 5731 mani—

2068 5779 2195 5842 bus,
2230 5777 2333 5834 hoc
2359 5784 2442 5833 cst
2476 5774 2776 5831 virtutibus
2818 5773 2929 5828 illis
2961 5788 3081 5844 qua:
3111 5772 3178 5828 ad
3209 5773 3457 5829 actiones
3491 5772 3659 5844 perti-
