4116 6474
399 447 517 512 2-ὶό

1588 458 1961 519 COMMENT
2005 456 2086 516 IN
2116 458 2481 522 PSALMOS.

3572 467 3679 530 246

403 555 748 623 καταδιὼξω.
772 559 852 632 μὴ
873 560 1214 633 δυναμένους
1235 564 1580 639 ἀντιστῆναι,
1614 569 1710 623 καὶ
1732 568 1854 623 οὐδὲ
1890 568 1992 634 τὰς

2098 584 2416 640 persequar.
2472 570 2658 643 Neque
2695 572 2840 628 enim
2901 573 3032 628 mihi
3087 572 3348 633 resistere
3400 585 3681 647 poterunt,

406 652 605 723 χεῖράς
649 668 757 723 μου
788 652 1170 725 διαδράσουσι.
1742 697 1759 721 ι

482 743 596 800 Kal
622 747 740 801 οὐκ
791 747 1366 822 ἀποστραφήσομαι,
1412 755 1524 821 ἕως
1554 755 1633 810 ἂν
1671 757 1989 812 ἐκλίπωσι.

406 836 755 895 Καταλαόὼν
775 839 834 893 δὲ
888 841 1115 909 αὐτοὺς,
1161 845 1266 900 οὐκ
1290 846 1571 913 ἀναζεύξω
1648 850 1856 919 μεθεὶς,
1917 850 1992 915 ὡς

410 930 750 1002 ἡττηθέντας
775 932 902 1003 ήδη.
935 933 1054 987 ἀλλ’
1082 935 1255 1008 ἄρδην
1279 938 1490 1004 πάντας
1510 940 1823 1013 διαφθερῶ.

480 1112 787 1181 Ἐκθλίψω
808 1114 1055 1181 αὐτοὺς,
1084 1117 1185 1171 καὶ
1208 1120 1283 1174 οὐ
1295 1119 1384 1189 μὴ
1423 1121 1722 1178 δύνωνται
1747 1122 1991 1193 στῆναι.

406 1205 600 1259 Εέπὼν
642 1206 727 1259 ὅτι
765 1206 1116 1277 Καταδιὼξω
1137 1210 1552 1284 τοὺςὶχθροὺς,
1586 1214 1736 1282 λέγει
1772 1217 1867 1270 καὶ
1901 1217 1995 1270 τὸν

404 1314 432 1348 τ
445 1297 616 1363 ρόπον
636 1315 648 1326 ·
694 1296 1022 1367 ’Δναγκάσω
1037 1298 1254 1365 αὐτοὺς,
1288 1306 1645 1375 στενοχωρῶν
1665 1308 1762 1362 καὶ
1785 1307 1989 1372 πιέζων

404 1389 681 1441 πάντοθεν
710 1405 725 1419 °
752 1390 848 1444 καὶ
872 1393 934 1445 οὐ
964 1392 1041 1462 μὴ
1077 1391 1352 1464 δυνηθῶσι
1382 1397 1574 1465 στῆναι
1630 1399 1773 1453 κατά
1821 1401 1993 1469 πρόσ-

403 1498 559 1535 ωπον
591 1482 674 1543 τίς
702 1482 1030 1552 παράταξιν.

482 1575 822 1632 Πεσοῦνται
876 1577 998 1631 ὑπὸ
1041 1578 1185 1646 τοὺς
1212 1581 1408 1648 πόδας
1439 1601 1582 1652 μου.
1622 1584 1994 1657 Καταλαμδα-

401 1667 632 1734 vdeam:
662 1666 742 1729 δὲ,
774 1669 870 1721 καὶ
898 1670 957 1721 ὲν
1006 1671 1236 1743 ἀφύκτῳ
1266 1678 1719 1749 σαγηνευόμενοι,
1758 1678 1992 1733 πεσοῦν-

400 1774 496 1809 ται
531 1757 790 1811 καθικετε
799 1759 1005 1819 ύοντες.

478 1846 595 1903 Kal
656 1850 1029 1918 περιέζωσάς
1044 1871 1123 1923 με
1151 1854 1413 1924 δύναμιν
1440 1860 1527 1924 εις
1561 1859 1849 1929 πόλεμον.
1880 1862 1989 1916 Πά-

402 1942 491 1993 λιν
516 1942 622 2006 τὰς
662 1948 1153 2017 προγεγενημένας
1179 1949 1503 2020 εὐεργεσίας
1527 1952 1621 2006 τοῦ
1655 1952 1791 2007 Θεοῦ
1822 1971 1992 2007 κατα-

405 2034 532 2101 λέγε
541 2054 582 2089 ι.
922 2042 939 2051 ’

481 2126 910 2195 Συνεπίδησας
930 2131 1166 2198 πάντας
1193 2133 1336 2201 τοὺς
1356 2135 1880 2208 ἐπανισταμένους
1897 2144 1990 2195 ἐπ’

413 2217 515 2286 ἐμὲ
544 2219 826 2276 ὑποκάτω
840 2240 984 2292 μου.
1032 2222 1365 2294 Ἑμποδίσας
1402 2227 1722 2292 κατέλαϐες.

494 2309 602 2365 Kal
632 2314 774 2380 τοὺς
820 2315 1079 2385 ἐχθρούς
1109 2335 1233 2386 μου
1274 2318 1504 2385 ἔδωκάς
1527 2339 1629 2390 μοι
1651 2321 1860 2377 νῶτον.
1891 2326 1996 2393 Δη-

429 2401 563 2472 λαδὴ
579 2405 910 2472 νωτίζοντας,
947 2409 976 2461 ὅ
1003 2411 1118 2462 ἐστι
1157 2411 1461 2480 φεύγοντας
1495 2430 1509 2444 ·
1542 2415 1589 2466 oi
1623 2416 1732 2484 γὰρ
1764 2418 1992 2484 φεύγονο

433 2510 543 2557 τες,
609 2497 669 2550 τά
740 2500 887 2553 νῶτα
948 2502 1297 2572 στρέφοντες,
1366 2505 1536 2569 νῶτος
1591 2506 1859 2575 λέγονται.
1920 2512 1990 2564 "ll

420 2583 592 2639 λείπει
617 2588 695 2652 τὸ,
738 2596 1125 2662 γενομένους,
1152 2596 1221 2649 ἶν’
1309 2599 1501 2654 νῶτον
1526 2602 1907 2671 γενομένους.
1934 2608 1991 2660 ἐν

411 2676 494 2771 τῶ
549 2684 1001 2753 μεταστραφῆναι
1028 2727 1042 2742 .
1074 2689 1147 2743 Ἦ
1204 2690 1381 2746 λείπει
1436 2692 1518 2761 τὸ,
1570 2697 1681 2762 εὶς.
1724 2692 1864 2771 ἶν’ᾖ,
1902 2700 1989 2765 είς

408 2768 605 2824 νῶτον
630 2788 647 2803 ο
674 2770 817 2827 ὥστε
848 2776 1063 2845 βάλλειν
1089 2781 1416 2850 ἀφυλάκτως
1446 2784 1665 2851 αὐτούς.

482 2859 597 2915 Kal
652 2863 795 2933 τοὺς
837 2870 1175 2939 μισοῦντάς
1222 2892 1301 2944 με
1346 2875 1825 2947 ἐξωλόθρευσας.
1895 2883 1989 2936 Ἐκ

403 2952 515 3022 γῆς
545 2956 827 3023 παντελῶς
857 2960 1130 3031 ἐθέρισας.

495 3045 885 3117 Ἑκέκραεαν,
906 3054 1007 3108 καί
1034 3058 1146 3109 οὐκ
1169 3053 1247 3127 ἦν
1268 3061 1304 3113 ό
1324 3060 1549 3125 σώζων,
1571 3063 1722 3131 πρὸς
1746 3066 1988 3134 Κύριον,

401 3137 506 3189 καὶ
535 3139 649 3191 οὐκ
674 3141 1045 3207 εἰσήκουσεν
1076 3148 1371 3204 αὐτῶν.-
1406 3153 1776 3223 Ἐκέκραξαν
1798 3158 1986 3223 εἰπὼν,

2099 673 2192 717 aut
2218 678 2245 716 a
2278 665 2529 718 manibus
2561 665 2695 721 meis
2724 665 2978 737 eﬂ‘ugcre.

2150 750 2216 805 Et
2248 770 2350 807 non
2377 766 2656 809 convertar
2699 755 2862 810 donec
2885 756 3189 829 defecerint.
3256 757 3683 829 Comprehensis
3776 794 3781 799 ι

2095 859 2228 899 vero
2260 844 2521 910 inimicis,
2552 860 2659 899 non
2686 846 2895 911 statim,
2928 847 3126 916 inquit,
3170 848 3477 913 discedam,
3514 849 3682 918 negli-

2094 952 2230 1007 gens
2263 952 2380 1001 eos,
2418 944 2471 991 et
2513 937 2801 993 dimittens
2855 946 2912 992 ιιι
2945 938 3057 1007 jam
3092 940 3313 1008 penitus
3361 949 3679 1010 superatos,

2095 1029 2347 1099 quinimo
2381 1029 2630 1084 funditus
2661 1045 2851 1086 omnes
2884 1047 2978 1086 eos
3013 1032 3259 1101 perdam.
3546 1038 3555 1043 “

2174 1119 2336 1175 Vens.
2394 1120 2485 1176 39.
2538 1120 2856 1177 Conrertam
2901 1124 3023 1177 illos
3077 1141 3171 1184 nec
3217 1133 3462 1193 poterunt
3512 1133 3677 1181 stare.

2099 1211 2247 1267 Dixit
2305 1229 2363 1267 se
2414 1220 2834 1282 persecuturum
2888 1214 3199 1280 inimicum,
3262 1231 3411 1271 nunc
3458 1220 3678 1271 modum

2096 1306 2261 1359 etiam
2290 1305 2459 1360 addit.
2501 1306 2718 1377 Urgcbo
2755 1307 2901 1361 enim
2938 1321 3059 1372 eos,
3092 1307 3295 1377 inquit,
3329 1317 3388 1364 et
3432 1308 3679 1379 compri—

2097 1410 2241 1448 mam
2272 1411 2337 1450 ex
2380 1397 2528 1450 onmi
2567 1407 2741 1467 parte,
2782 1398 2855 1452 ita
2894 1408 2953 1453 ut
3002 1399 3056 1452 in
3103 1400 3221 1455 acie
3252 1401 3544 1457 adversum
3593 1417 3680 1457 me

2103 1488 2411 1542 consistere
2439 1504 2547 1543 non
2585 1490 2821 1558 possint.

2169 1578 2370 1633 Cadent
2405 1579 2592 1634 subtus
2651 1581 2808 1649 pedes
2850 1598 3011 1637 meos.
3046 1580 3444 1652 Contpreltcnsi
3495 1594 3677 1639 autem

2099 1672 2152 1725 in
2184 1671 2325 1735 loco,
2356 1671 2500 1727 unde
2550 1671 2676 1743 fuga
2709 1672 2792 1728 eis
2838 1673 2987 1728 nulla
3027 1673 3271 1741 dabitur,
3303 1677 3679 1747 supplicantes

2100 1764 2390 1834 procident
2425 1780 2607 1820 coram
2643 1781 2749 1819 me.
2823 1772 2860 1809 ο

2169 1855 2337 1910 Vens.
2371 1857 2459 1909 40.
2497 1856 2563 1909 Et
2609 1857 2941 1926 pra‘cinxisti
2972 1876 3050 1912 me
3088 1859 3322 1927 potentia
3357 1856 3425 1910 ad
3461 1857 3676 1910 bellum.

2098 1949 2338 2003 Rursum
2380 1950 2624 2019 lii-mstita
2667 1949 2773 2005 sibi
2814 1965 2842 2002 a
2883 1948 2993 2005 Deo
3039 1949 3303 2005 bent-licia
3339 1942 3680 2003 commemo-

2093 2051 2196 2096 1³31.

2165 2131 2537 2201 Supplantasti
2591 2149 2774 2187 omnes
2810 2133 3135 2203 insurgentes
3169 2136 3220 2186 in
3245 2150 3322 2187 me
3362 2134 3544 2186 subtus
3575 2148 3676 2186 me.

2092 2224 2376 2295 Impedisti
2409 2224 2555 2277 enim
2589 2239 2685 2278 eos
2715 2233 2769 2278 et
2808 2223 3158 2278 destruxisti.

2169 2315 2333 2370 Vens.
2361 2315 2450 2370 41.
2485 2312 2550 2366 Ει
2579 2313 2825 2367 inimicos
2860 2328 3020 2378 meos,
3056 2312 3250 2366 dedisti
3282 2313 3409 2366 mihi
3434 2314 3677 2369 dorsum.

2092 2407 2288 2462 Fecisti
2314 2406 2458 2460 enim
2489 2420 2605 2470 eos,
2655 2405 2853 2476 inquit,
2882 2414 3036 2472 terga
3086 2404 3217 2457 inilti
3250 2403 3422 2459 dare:
3452 2405 3556 2477 hoc
3591 2413 3676 2459 est

2094 2501 2302 2570 fugere.
2360 2497 2494 2552 Nam
2557 2498 2651 2567 qui
2712 2496 2929 2567 fugiunt
2986 2498 3135 2567 terga
3169 2497 3323 2558 dant,
3351 2505 3406 2550 et
3447 2496 3675 2552 dorsum

2091 2593 2417 2649 osmndunt.
2474 2588 2573 2644 Vel
2610 2589 2813 2644 dedisti
2866 2604 2963 2644 eos
3005 2588 3136 2642 mihi
3171 2589 3423 2651 dorsum,
3463 2588 3566 2643 hoc
3593 2597 3677 2643 est

2093 2685 2147 2739 in
2187 2684 2413 2738 dorsum
2447 2699 2461 2735 :
2500 2691 2558 2735 ut
2589 2679 2801 2735 Scilicet
2847 2681 3119 2745 securius,
3184 2688 3237 2734 et
3285 2679 3508 2735 certiori
3564 2678 3673 2732 ictu

2091 2790 2187 2832 eos
2220 2774 2439 2829 ferirent
2452 2812 2464 2827 .

2154 2865 2221 2919 Et
2258 2866 2494 2918 odientes
2538 2880 2618 2917 me
2648 2854 3036 2917 exterminasti.
3092 2860 3204 2916 Hoc
3234 2872 3318 2917 est
3345 2879 3375 2917 e
3404 2868 3552 2916 trrra
3582 2878 3675 2932 pe-

2092 2958 2244 3013 nitus
2277 2956 2560 3011 derasisti.
3458 2950 3465 2959 ‘

2163 3050 2332 3104 Vsus.
2357 3048 2444 3104 42.
2485 3047 2862 3102 Clamaverunt
2890 3054 2940 3100 et
2972 3062 3073 3100 non
3103 3055 3221 3098 erat
3253 3047 3342 3115 qui
3373 3046 3551 3100 salvos
3591 3047 3677 3115 fa-

2093 3150 2255 3209 ceret,
2295 3141 2364 3194 ad
2422 3140 2709 3194 Dominum
2739 3149 2789 3191 et
2826 3154 2929 3192 non
2963 3139 3238 3191 exaudivit
3262 3154 3373 3192 eos.
3403 3136 3549 3192 Dixit
3576 3152 3676 3193 eos

401 3230 662 3299 ἐπήγαγε
696 3233 786 3286 καὶ
818 3236 957 3305 πρὸς
997 3238 1121 3292 τίνα
1146 3257 1159 3271 ·
1187 3243 1280 3295 καὶ
1308 3243 1420 3315 γὰρ
1450 3245 1540 3300 διὰ
1572 3248 1674 3311 τὶς
1707 3249 1989 3319 ἁμαρτίας

2098 3234 2387 3298 clamasse,
2409 3240 2464 3286 et
2493 3230 2646 3285 addit
2672 3228 2737 3282 ad
2772 3243 2957 3296 quem,
2989 3228 3205 3282 tametsi
3231 3235 3451 3295 propter
3481 3242 3673 3281 eorum

397 3321 595 3374 αὐτῶν
619 3325 721 3377 οὐκ
757 3327 1220 3401 είσηκούσθησαν.

472 3411 590 3466 Kal
620 3417 899 3472 λεπτυνῶ
928 3423 1150 3487 αὐτοὺς
1188 3425 1328 3479 ὡσεὶ
1359 3428 1553 3495 χνοῦν
1605 3431 1755 3486 κατὰ
1808 3434 1993 3500 πρόσ-

397 3518 575 3556 ωπον
592 3505 839 3576 ἀνέμου.
858 3511 1133 3579 Ἀφανίσω
1157 3516 1514 3583 αὑτοὺς,ὼσεὶ
1544 3522 1704 3592 χνοῦν
1735 3524 1994 3578 λεπτυνό-

401 3613 574 3666 μενον
596 3599 834 3656 ἐνώπιον
853 3604 1061 3672 ἀνέμου
1087 3621 1099 3634 ·
1118 3608 1210 3661 καὶ
1238 3609 1349 3680 γάρ
1371 3612 1399 3662 ὁ
1432 3611 1638 3683 ἄνεμος
1661 3616 1747 3668 ἐπ’
1771 3616 1990 3680 εὐθείας

398 3689 726 3757 ἐμπίπτων,
770 3693 1060 3765 ἀποκρίνει
1083 3697 1182 3768 τῆς
1203 3702 1307 3768 γῆς
1336 3702 1427 3755 τὸν
1454 3704 1693 3774 χοῦν,ὠς
1716 3706 1995 3761 λεπτώτα-

397 3797 493 3831 τον
522 3783 615 3834 καὶ
642 3784 997 3851 κουφότατον.

484 3874 578 3938 Ὠ(
633 3875 836 3940 πηλὸν
866 3881 1169 3935 πλατειῶν
1191 3883 1391 3938 deum?)
1421 3889 1738 3954 αὐτούς.-
1763 3884 1989 3960 Λεανῶ,

394 3966 682 4048 τουτέστι.
719 3973 1096 4041 καταπατὴσω
1121 3991 1137 4008 ο
1170 3977 1390 4046 καὶγὰρ
1419 3979 1447 4031 6
1472 3982 1530 4033 ἐν
1556 3980 1785 4052 ἀγοραῖς
1821 3985 1991 4054 πηλὸς

396 4060 905 4129 καταπατούμενος
953 4065 1247 4123 λεαίνεται.
1300 4071 1433 4123 ’Λπὸ
1460 4071 1554 4124 τοῦ
1584 4074 1854 4143 ἑπομένου
1875 4077 1986 4130 τοί-

393 4168 495 4202 νυν
564 4152 809 4219 ἐδήλωσε
842 4156 903 4209 τὸ
933 4160 1367 4229 προηγούμενον.
1405 4163 1648 4219 Πλατεῖα
1674 4166 1752 4230 δὲ,
1789 4168 1822 4237 ἡ
1861 4168 1992 4222 λεω-

396 4242 591 4308 ripa;
651 4245 773 4297 ἐπεὶ
827 4249 921 4301 καὶ
958 4251 1224 4318 ἀμαξιτός
1250 4268 1265 4283 α
1312 4254 1548 4309 πλατεῖα
1585 4256 1661 4323 δὲ,
1695 4258 1828 4329 πρὸς
1868 4258 1995 4328 σύγ⁸

396 4348 591 4400 κρισιν
618 4335 719 4405 τῆς
749 4336 1023 4407 ἀτραποῦ,
1057 4344 1388 4414 στενοτάτης
1414 4344 1605 4417 οὔσης.

2089 3335 2316 3399 peccata
2344 3324 2589 3379 exauditi
2624 3338 2731 3376 non
2758 3322 2891 3375 sint.

2160 3419 2327 3473 Vens.
2367 3417 2459 3471 45.
2495 3414 2559 3468 Et
2594 3413 2884 3468 attenuabo
2926 3429 3014 3466 eos
3041 3421 3095 3464 ut
3140 3412 3403 3479 puluerem
3433 3421 3557 3466 ante
3586 3412 3674 3481 Ῑα·

2089 3515 2222 3569 ciem
2278 3511 2437 3565 venti.
2473 3508 2672 3562 Delebo
2734 3519 2849 3571 eos,
2904 3504 3103 3574 inquit,
3159 3510 3217 3557 ut
3273 3505 3556 3575 pulverem
3617 3504 3675 3558 in

2090 3614 2388 3674 conspectu
2417 3601 2562 3655 venti
2599 3606 2943 3653 attenuatum
2971 3613 2987 3662 ;
3021 3602 3217 3649 ventus
3239 3596 3463 3666 quidem
3490 3596 3673 3649 statim

2096 3702 2312 3755 irruens
2363 3695 2638 3767 pulverem
2693 3707 2724 3746 a
2772 3700 2916 3746 terra
2979 3690 3179 3759 aufert,
3219 3700 3279 3745 ut
3335 3689 3674 3745 levissimum

2094 3793 2226 3864 quid
2261 3807 2323 3843 ac
2355 3787 2761 3843 tenuissimum.

2170 3884 2236 3939 Ut
2286 3883 2455 3936 lutum
2502 3880 2799 3949 platearum
2860 3879 3216 3930 comminuam
3269 3893 3381 3931 eos.
3432 3875 3678 3929 Commi-

2094 3992 2288 4041 nuam,
2325 3974 2428 4028 hoc
2456 3982 2563 4037 est,
2590 3969 2947 4026 conculcabo.
2980 3966 3178 4021 Lutum
3208 3966 3409 4037 quippe
3436 3967 3582 4035 quod
3621 3966 3673 4019 in

2098 4069 2201 4123 viis
2222 4068 2393 4138 jacet,
2429 4062 2848 4119 conculcatioue
2872 4059 3286 4114 comminuitur.
3330 4058 3404 4112 Ex
3437 4071 3677 4125 sequem-

2098 4162 2249 4216 tibus
2294 4158 2444 4215 enim
2499 4152 2779 4209 denotavit
2813 4146 3412 4222 praecedentia.'Platea
3442 4146 3553 4201 lata
3588 4147 3673 4200 via

2099 4265 2182 4310 est
2219 4262 2274 4307 et
2313 4250 2516 4318 ampla,
2546 4262 2609 4301 ac
2632 4244 2793 4314 quasi
2819 4244 2988 4314 regia,
3012 4257 3107 4311 per
3129 4230 3294 4312 quam
3322 4239 3557 4310 populus
3595 4239 3681 4291 in-

2100 4346 2269 4402 cedit.
2303 4343 2445 4396 Sunt
2496 4346 2553 4394 et
2609 4336 2857 4408 quantum
2910 4332 3031 4389 alia:
3064 4333 3180 4398 vim,
3217 4333 3439 4387 amaxiti
3493 4330 3676 4394 όὶυιαε,

397 4441 497 4492 per
534 4442 680 4494 quas
722 4426 924 4488 currus
976 4447 1286 4493 transeunt.
1346 4439 1556 4496 Dicitur
1600 4448 1785 4497 autem
1818 4444 1995 4513 platea
2033 4443 2188 4517 quasi
2223 4443 2355 4495 lata.
2387 4436 2575 4492 Graeca
2610 4434 2755 4489 enim
2794 4430 2961 4485 dictio
3010 4438 3093 4485 est
3118 4430 3317 4500 platea,
3388 4435 3443 4484 et
3506 4430 3676 4482 latum

396 4516 705 4587 signiﬁcat.
748 4517 882 4575 Lata
912 4531 1094 4579 autem
1125 4538 1211 4583 est
1245 4529 1312 4583 ad
1346 4536 1809 4601 comparationem
1847 4539 1975 4604 vici,
2018 4516 2113 4592 aut
2134 4533 2314 4595 callis,
2344 4530 2437 4599 qui
2465 4527 2810 4596 angustiores
2836 4530 2986 4578 sunt.

477 4615 703 4667 Ῥὐσιιι
727 4633 805 4682 με
859 4617 928 4681 ἐξ
956 4619 1324 4690 ἀντιλογίας.
1380 4626 1680 4700 ’Ᾱνὼτερόν
1720 4648 1789 4703 με
1836 4635 1993 4704 ποιή-

2170 4629 2336 4684 Veus.
2359 4627 2447 4679 Μ.
2484 4623 2689 4692 Eripies
2723 4636 2802 4673 me
2820 4620 2883 4672 de
2908 4617 3306 4672 eontraditione
3328 4617 3532 4687 populi.
3571 4616 3681 4671 Su-

399 4724 519 4771 σεες
564 4708 672 4778 τῆς
719 4710 1034 4778 ἀντιλογίας
1074 4717 1170 4769 τοῦ
1218 4693 1663 4789 ὑποτεταγμένου
1708 4693 1799 4795 μοι
1834 4693 1986 4789 latori

2099 4723 2369 4793 perierem
2411 4733 2498 4771 me
2539 4715 2707 4770 facies
2741 4728 2769 4766 a
2814 4711 3258 4766 contradictione
3305 4713 3488 4779 pepuli
3544 4712 3678 4765 mihi

398 4798 708 4868 τρέμοντος
735 4801 812 4865 ὡς
839 4803 1086 4874 βασιλέα,
1118 4811 1212 4863 καὶ
1236 4810 1313 4883 μὴ
1347 4812 1657 4885 τολμῶντος
1687 4819 1991 4890 ἀντιλέγειν

402 4896 514 4955 τοῖς
538 4894 699 4962 ἐμοῖς
726 4898 1136 4966 προστάγμασι.

472 4983 903 5054 Καταστήσας
939 5008 1017 5058 με
1042 4993 1130 5058 είς
1160 4994 1438 5062 κεφαλὴν
1465 4997 1675 5053 ἐθνῶν.
1720 5002 1795 5054 Οὐ
1828 5003 1990 5072 μόνον

402 5079 597 5128 πᾶσαν
628 5077 944 5145 ἀντιλογίαν
972 5082 1081 5135 τῶν
1110 5085 1369 5155 ὑπηκόων
1409 5105 1500 5156 μοι
1533 5093 1807 5163 περιελείς
1859 5095 1994 5147 ’1ου-

398 5168 595 5231 ὃαίων,
621 5169 757 5223 ἀλλὰ
786 5174 882 5226 καὶ
927 5173 1060 5246 ἔθνη
1100 5178 1393 5244 ὑποτάξεις
1422 5199 1532 5248 μοι.
1562 5183 1992 5255 ’Δρμοδιώτερον

397 5260 457 5313 δὲ
492 5260 638 5328 πρὸς
672 5263 910 5333 Χριστὸν
936 5266 1160 5334 ἀνάγειν
1183 5271 1249 5323 τά
1277 5271 1550 5335 ἐντεῦθεν,
1592 5273 1822 5344 λέγοντα
1856 5277 1992 5346 πρὸ,

394 5353 495 5406 τὸν
526 5353 775 5424 Πατέρα,
826 5357 968 5411 κατά
993 5357 1055 5411 τὸ
1083 5360 1448 5429 ἀνθρώπινον,
1478 5364 1562 5418 ὅτι
1611 5366 1993 5434 Καταστήσεις

403 5463 476 5513 με
536 5447 621 5510 εις
671 5448 916 5519 κεφαλὴν
970 5449 1166 5517 ἐθνῶν,
1201 5455 1344 5510 κατά
1378 5457 1440 5510 τό
1467 5472 1482 5487 ο
1511 5455 1691 5511 Δώσω
1721 5473 1821 5512 σοι
1851 5459 1995 5523 ἔθνη

299 5530 316 5542 ’
400 5538 522 5607 τὴν
550 5543 969 5612 κληρονομίαν
1024 5560 1162 5599 σου.
1194 5547 1301 5600 Τοῦ
1328 5548 1437 5619 γὰρ
1473 5551 1605 5620 πρὶν
1628 5550 1833 5604 οἰκείου
1864 5549 1995 5602 λαοῦ

403 5632 482 5704 μὴ
531 5633 838 5707 δεξαμένου
879 5634 1072 5698 αὐτὸν,
1103 5636 1218 5690 ἀλλ’
1246 5638 1622 5708 ἀπειθοῦντος,
1665 5641 1760 5695 καὶ
1789 5638 1998 5694 ἀντιλέ-

400 5742 610 5795 γεντος,
648 5729 747 5787 καὶ
779 5727 950 5791 τέλος
984 5726 1267 5795 ἀνελόντος
1296 5731 1389 5788 τὸν
1419 5733 1723 5806 Δεσπότην,
1750 5730 1993 5806 ὲρῤὑσθη

463 5915 507 5946 ⁸⁸
530 5914 678 5975 Psal.
718 5931 786 5983 ιι,
833 5912 894 5966 8.

2097 4810 2355 4884 subjecti,
2409 4809 2484 4863 ita
2520 4815 2580 4862 ut
2612 4819 2699 4860 me
2746 4804 2913 4859 veluti
2951 4817 3133 4870 regem
3191 4819 3354 4858 suum
3406 4814 3679 4868 vereatur,

2095 4912 2152 4960 et
2182 4901 2457 4958 mandatis
2494 4897 2633 4953 meis
2667 4894 2949 4951 adversari
2984 4907 3093 4947 non
3125 4894 3349 4949 audeat.
3538 4892 3555 4901 ⁸

2166 4994 2463 5052 Constitues
2497 5006 2579 5045 me
2613 4990 2668 5044 in
2705 4997 2864 5059 caput
2895 4991 3154 5060 gentium.
3188 4990 3304 5046 Non
3338 4995 3517 5047 solum
3544 4992 3681 5047 sub-

2096 5088 2339 5144 ditorum
2370 5083 2506 5140 mihi
2535 5082 2851 5139 Iudaeorum
2881 5083 3382 5140 contradictionem
3407 5085 3621 5140 auferes
3648 5102 3677 5139 a

2098 5195 2207 5243 me,
2245 5176 2341 5233 sed
2366 5185 2419 5233 et
2438 5182 2631 5247 gentes
2656 5174 2819 5230 etiam
2841 5175 2976 5229 mihi
3011 5176 3300 5246 subjicies.
3334 5173 3532 5230 Verum
3565 5179 3679 5229 haec

2096 5269 2322 5327 Christo
2354 5268 2553 5337 magis,
2584 5280 2748 5337 quam
2771 5266 2929 5323 beato
2956 5252 3152 5331 David,
3191 5266 3445 5321 videntur
3476 5282 3679 5319 com-c-

2100 5362 2243 5427 nire,
2279 5360 2353 5414 ita
2390 5367 2449 5413 ut
2479 5373 2548 5414 ex
2579 5358 2728 5414 illius
2760 5352 3105 5412 humanitate
3131 5356 3334 5410 dictum
3366 5356 3438 5409 sit
3478 5356 3543 5408 ad
3579 5354 3682 5409 Pa-

2099 5462 2263 5517 trem,
2318 5463 2373 5507 tu
2426 5451 2733 5508 constitues
2779 5465 2865 5506 me
2907 5451 2962 5505 in
2998 5457 3161 5519 caput
3201 5449 3489 5519 gentium:
3520 5448 3677 5515 juxta

2101 5546 2279 5602 illud:
2316 5545 2465 5600 Dabo
2502 5545 2597 5599 tibi
2653 5552 2833 5613 gentes
2884 5543 3248 5598 Itarreditatem
3286 5552 3431 5594 tuam
3459 5542 3504 5573 ”
3542 5540 3677 5596 Nam

2099 5653 2226 5693 cum
2256 5634 2573 5693 Judaaorum
2605 5634 2861 5705 populus,
2895 5636 2988 5703 qui
3033 5643 3192 5689 antea
3227 5632 3460 5705 populus
3512 5651 3679 5704 pecu-

2101 5730 2255 5786 liaris
2295 5727 2507 5784 Domini
2544 5724 2849 5792 dicebatur,
2886 5724 3169 5780 Christum
3206 5742 3313 5782 non
3348 5727 3676 5798 susceperit.
