4116 6414
518 378 628 444 247

1740 398 2129 462 EUTHYMII
2168 404 2539 473 ZIGABENI

3676 418 3788 485 248

507 496 757 566 quinimo
782 515 906 556 cum
934 500 1259 563 inobediens
1283 522 1332 564 ei
1364 508 1530 565 etiam
1552 508 1739 577 fuerit,
1771 523 1825 567 et
1869 520 2082 569 contra-

2194 518 2298 589 μὲν
2344 523 2549 591 αὐτῶν,
2596 529 2938 600 περι-τρέψας
2987 532 3177 597 αὐτοῖς
3230 533 3326 587 rbv
3373 533 3631 599 θάνατον,
3685 537 3789 591 καὶ

507 586 732 656 dixerit,
775 605 842 647 ac
875 593 1095 650 tandem
1125 610 1251 652 eum
1292 599 1582 665 occiderit,
1611 599 1880 657 liberatus
1907 604 1976 658 ah
2008 606 2093 662 eis

505 678 678 739 fuisse
704 684 926 754 dicitur,
961 694 1016 743 et
1045 699 1270 760 ereptus
1293 707 1355 747 ea
1407 694 1619 748 ratione
1652 709 1668 748 :
1702 697 1825 765 quia
1859 713 1888 752 a
1909 710 2086 756 morte

504 786 627 840 qua:
685 772 792 830 illis
823 778 1093 846 permissa
1125 779 1325 850 fuerat,
1362 788 1686 853 resurrexit,
1728 797 1891 858 atque
1923 806 1952 843 a
1984 807 2080 846 cu-

2201 611 2466 685 άναστὰς,
2498 620 2592 672 καὶ
2619 620 2796 687 οὕτως
2811 623 3035 697 διαδρὰς
3055 626 3258 690 αὐτοὺς
3288 626 3788 698 κατασφαλισαμὲ-

2196 723 2322 771 νους
2349 712 2443 763 τὸν
2470 712 2643 782 τάφον
2670 732 2685 746 θ
2709 718 2791 780 εἰς
2812 717 2883 772 τά
2909 718 3038 790 ἔθνη
3060 719 3117 774 δὲ
3136 718 3482 785 ἐϐασίλευσε,
3501 720 3602 790 τὴν
3627 721 3793 775 Exod»-

2190 813 2304 851 czov
2338 803 2619 879 ὑποταγὴν
2637 810 2842 865 τούτων
2860 812 3171 881 δεξάμενος·

505 864 724 920 stodum
782 871 1039 927 manibus
1096 876 1353 945 sepulcro
1384 880 1765 936 assistentium
1793 884 2010 939 evasit:
2044 894 2096 942 et
2137 903 2539 964 consequenter
2573 864 2743 973 super
2791 915 2983 975 gentes
3051 907 3339 978 regnavit:
3383 908 3791 967 voluntariam-

504 975 610 1029 que
633 977 824 1017 eorum
859 967 1261 1038 subjectionem
1298 979 1567 1044 suscepit.

574 1050 750 1111 Vens.
784 1058 875 1114 45.
942 1058 1178 1131 Populus
1234 1082 1385 1134 quem
1429 1083 1533 1121 non
1588 1071 1829 1139 cognovi,
1883 1076 2093 1129 servivit

502 1145 654 1199 mihi.
682 1145 931 1219 Populus
969 1156 1227 1210 nimirum
1262 1174 1325 1211 ex
1346 1160 1605 1229 gentibus
1635 1164 1730 1231 qui
1763 1163 1894 1218 mihi
1932 1175 2093 1223 antea

503 1238 725 1308 ignotus
761 1252 882 1297 erat
927 1263 939 1299 :
977 1247 1142 1301 veluti
1194 1251 1289 1318 qui
1342 1267 1427 1305 me
1455 1261 1614 1306 antea
1644 1254 1951 1323 ignorabat.
1985 1259 2092 1313 Co-

499 1346 766 1399 gnoscere
798 1338 941 1390 enim
975 1338 1097 1394 illos
1145 1349 1357 1396 tantum
1418 1344 1622 1401 dicitur
1652 1348 1814 1414 Deus,
1847 1351 1937 1420 qui
1967 1370 2091 1407 cum

499 1437 863 1493 cognoscunt.

573 1518 641 1572 In
675 1521 923 1576 auditum
969 1526 1118 1578 auris
1154 1525 1380 1582 obedivit
1426 1531 1577 1584 milii.
1616 1535 1732 1588 Hoc
1772 1544 1856 1590 est
1902 1537 1955 1590 in
1994 1554 2090 1591 au—

502 1610 618 1665 ditu
646 1614 799 1670 auris
827 1631 940 1671 suae
970 1633 1149 1672 meum
1189 1623 1434 1693 susct'pit
1466 1624 1839 1695 Evangelium.

575 1700 743 1759 Vnus.
808 1707 895 1763 46.
936 1706 1069 1763 Filii
1127 1712 1293 1765 alieni
1328 1717 1537 1770 mentiti
1575 1729 1697 1772 sunt
1748 1722 1899 1776 mihi.
1937 1722 2092 1777 Hunc

500 1794 839 1851 versiculum
874 1800 1150 1869 prolatum
1182 1806 1682 1878 esseintelligimus
1706 1829 1769 1865 ex
1799 1813 2088 1884 Propheta:

503 1902 737 1954 persona
800 1894 1080 1961 carpentis
1138 1892 1359 1952 Iudaeos
1393 1914 1404 1950 :
1438 1902 1582 1968 quod
1631 1905 1865 1972 patrium
1917 1922 2093 1976 genus

2262 1083 2424 1150 Ααὸς
2465 1087 2537 1139 ὃν
2567 1089 2680 1143 οὐκ
2737 1090 2953 1159 ἔγνων,
3006 1092 3344 1147 ἐδούλευσέ
3389 1112 3515 1164 μοι.
3562 1095 3708 1159 Aab;
3757 1097 3792 1152 6

2191 1175 2251 1239 ἐξ
2298 1175 2469 1231 ἐθνῶν
2530 1181 2898 1252 άγνοούμενός
2947 1201 3038 1253 μοι
3095 1185 3247 1256 πρὶν,
3286 1185 3362 1248 ὡς
3419 1186 3637 1256 ἀγνοῶν
3673 1202 3789 1259 με·

2194 1268 2455 1336 γινώσκει
2491 1273 2601 1344 γὰρ
2636 1276 2842 1346 Κύριος
2868 1277 2996 1341 τοὺς
3027 1278 3193 1332 αὐτὸν
3222 1278 3625 1348 γινώσκοντας.

2274 1535 2376 1598 Εἷς
2428 1535 2627 1603 ἀκοὴν
2683 1536 2861 1591 ὠτίου
2911 1537 3231 1603 ὑπήκουσέ
3293 1558 3434 1607 μου.
3496 1539 3585 1593 Ἐν
3647 1542 3789 1612 ἀκοῇ

2201 1624 2365 1677 ὠτίου
2414 1628 2753 1698 παρεδέξατό
2784 1648 2885 1701 μου
2916 1632 2976 1683 rb
3011 1632 3365 1700 Εὐαγγέλιον.

2280 1720 2400 1774 Υἱοὶ
2450 1723 2759 1790 ἀλλότριοι
2803 1725 3156 1793 ἐψεύσαντό
3187 1743 3309 1793 μοι.
3343 1725 3509 1778 Τουτὶ
3534 1726 3594 1779 rb
3619 1727 3795 1796 ῥητὸν

2199 1814 2306 1869 ἀπὸ
2352 1814 2447 1868 τοῦ
2532 1818 2818 1888 Προφήτου
2870 1818 3163 1887 νοήσομεν,
3224 1818 3645 1889 καθαπτομένου
3675 1819 3795 1873 τῶν

2211 1906 2486 1960 Ἰουδαίων
2523 1909 2581 1960 rb
2623 1910 2801 1977 γένος.
2846 1908 3278 1979 Ἑπιγράφοντες
3312 1912 3422 1980 γὰρ
3449 1911 3667 1974 ἑαυτοῖς
3694 1911 3794 1965 τὸν

498 1981 712 2035 mentiti
748 1983 860 2037 sint
890 2002 902 2036 ε
938 1987 1142 2056 quippe
1189 1989 1283 2057 qui
1318 1991 1687 2049 inscriberent
1744 1997 2004 2053 habuisse
2036 2015 2082 2054 st

2198 2002 2411 2071 πατέρα
2439 2002 2529 2054 τὸν
2569 2002 2839 2073 Ἀὗραὰμ,
2870 2002 2966 2055 καὶ
2989 2004 3079 2055 τὸν
3103 2002 3290 2065 Δασιδ,
3312 2002 3532 2055 ἐναντία
3560 2002 3780 2065 τούτοις

496 2084 756 2141 parentes
785 2077 1062 2133 Abraham
1089 2093 1142 2135 et
1170 2081 1360 2149 David,
1390 2092 1444 2140 et
1486 2094 1669 2141 tamen
1699 2090 1979 2143 contraria
2014 2090 2087 2143 illi

498 2166 685 2221 studia
744 2169 857 2222 sint
912 2172 1127 2228 sectati.
1173 2173 1240 2229 Et
1284 2176 1426 2231 ﬁlios
1459 2179 1679 2247 quidem
1707 2194 1805 2236 eos
1835 2182 2089 2249 appellat,

499 2275 626 2316 cum
673 2261 741 2315 ab
767 2261 887 2332 ipso
919 2263 1321 2322 descenderent
1355 2284 1366 2320 :
1404 2269 1615 2325 alienos
1672 2286 1822 2337 vero,
1873 2282 2093 2341 propter

496 2367 710 2408 morum
747 2369 811 2409 ac
846 2356 1158 2412 studiorum
1188 2359 1733 2419 dissimilitudinem.

565 2441 712 2500 Filii
755 2447 919 2503 alieni
966 2451 1244 2506 inveterati
1296 2463 1442 2519 sunt,
1474 2464 1525 2509 et
1578 2457 2010 2513 claudis-aberunt
2058 2477 2091 2514 τι

492 2536 698 2591 semitis
751 2540 887 2593 suis.
921 2539 1086 2596 Pauci
1127 2558 1191 2597 ac
1228 2545 1434 2600 nullius
1461 2548 1619 2615 pretii
1648 2549 1906 2603 a-stimati
1936 2561 2086 2614 sunt,

494 2636 660 2697 atque
696 2631 929 2686 inutiles.
949 2631 1147 2700 effecti,
1183 2652 1439 2692 vasorum
1470 2649 1715 2694 veterum
1748 2642 1942 2698 instar.
1978 2644 2089 2699 lloc

496 2728 677 2775 autem
708 2722 925 2777 illorum
964 2727 1175 2783 scelere
1215 2728 1468 2785 ell'ectum
1498 2740 1603 2787 est.
1641 2733 2089 2791 Claudicareruut

494 2808 665 2877 enim,
695 2811 800 2867 hoc
830 2821 939 2883 est,
997 2831 1254 2884 perverse
1307 2820 1489 2875 aversi
1523 2833 1649 2876 sunt
1679 2839 1709 2878 a
1743 2826 1828 2878 via
1866 2828 2090 2881 manda-

491 2911 670 2956 torum
695 2902 811 2970 Dei,
856 2921 963 2976 qua
992 2909 1355 2978 gradiendum
1389 2914 1469 2967 eis
1510 2929 1635 2969 esse
1665 2914 1925 2975 Dominus
1948 2937 2087 2991 prae-

491 3005 733 3064 ceperat.
794 2995 1130 3054 Claudorum
1185 3003 1332 3057 enim
1400 3019 1626 3075 gressus
1678 3008 1886 3080 obliqui
1960 3026 2088 3069 sunt

491 3083 563 3140 ob
602 3089 985 3160 campaginum
1021 3092 1425 3161 obliquitatem.

2197 2096 2546 2165 ἐπετήδευον.
2580 2099 2691 2152 Καὶ
2736 2098 2889 2160 υἱοὺς
2921 2098 3019 2166 μὲν
3069 2097 3267 2161 αὐτοὺς
3298 2097 3469 2165 λέγει,
3503 2098 3590 2151 διὰ
3632 2098 3695 2151 rb
3726 2097 3792 2163 ἐξ

2194 2188 2362 2241 αὐτοῦ
2391 2189 2732 2257 κατάγεσθαι
2759 2205 2771 2217 ’
2802 2189 3119 2256 ἀλλοτρίους
3150 2189 3228 2255 δὲ,
3261 2188 3349 2242 διὰ
3380 2189 3480 2259 τὴν
3524 2188 3634 2243 τῶν
3662 2191 3789 2259 τρό-

2194 2299 2313 2335 πων
2345 2286 2724 2354 ἀνομοιότητα.

2272 2464 2392 2519 Υἱοὶ
2444 2466 2751 2534 ἀλλότριοι
2779 2465 3270 2532 ἐπαλαιώθησαν,
3311 2464 3411 2517 καὶ
3464 2463 3788 2531 ἐχώλαναν

2192 2558 2310 2612 ἀπὸ
2365 2556 2482 2611 τῶν
2534 2559 2752 2625 τρίϐων
2797 2556 3018 2613 αὐτῶν.
3068 2557 3474 2627 Ἠτιμὼθησαν,
3515 2554 3779 2625 ἄχρηστοι

2194 2652 2477 2718 γεγόνασι,
2548 2652 2703 2725 δίκην
2747 2652 2959 2705 σκευῶν
3012 2650 3510 2721 πεπαλαιωμένων,
3553 2648 3643 2702 διὰ
3677 2648 3779 2711 τὰς

2194 2746 2459 2815 πονηρίας
2518 2744 2717 2799 αὐτῶν.
2798 2745 3143 2813 Ἐ’χώλαναν
3187 2743 3262 2806 δὲ,
3311 2741 3612 2803 τουτέστ.ν,
3663 2739 3783 2807 ἡτι-

2194 2837 2458 2907 μώθησαν
2499 2839 2593 2890 καὶ
2626 2837 3079 2908 παρετράπησαν
3139 2836 3247 2889 ἀπὸ
3278 2836 3378 2906 τῆς
3419 2834 3507 2888 διὰ
3548 2832 3659 2885 τῶν
3697 2833 3784 2885 ὲν·

2190 2929 2363 2984 τολῶν
2403 2929 2718 3001 ὁρισθείσης
2784 2929 2967 2993 αὐτοῖς
3016 2927 3158 2982 ὁδοῦ.
3209 2928 3317 2981 Τοῦ
3372 2924 3551 2998 χωλοῦ
3581 2925 3690 2992 γὰρ
3745 2925 3781 2990 ἠ

2191 3024 2410 3095 πορεία,
2453 3021 2986 3094 παρατετραμμένη,
3016 3020 3105 3074 διὰ
3138 3020 3238 3093 τὴν
3269 3017 3636 3089 παρα-τροπὴν
3666 3016 3782 3069 τῶν

2190 3116 2493 3185 ἁρμονιῶν.

564 3180 732 3239 Vatis.
764 3184 854 3240 67.
907 3183 1039 3241 Vivit
1079 3187 1359 3246 Dominus.
1400 3191 1523 3248 Haec
1560 3204 1645 3249 est
1682 3200 1963 3267 prophetia
2017 3201 2082 3257 de

2222 3180 2347 3275 -Π
2393 3209 2631 3275 Κύριος.
2689 3207 2731 3259 Τ
2735 3204 2863 3259 οὗτο
2892 3205 3147 3275 περὶτῆς
3192 3202 3547 3263 ἀναστάσεως
3584 3204 3610 3253 ὁ
3664 3202 3778 3253 Δα-

488 3275 899 3331 resurrectionc
929 3276 1164 3343 Domini,
1192 3297 1357 3351 quam
1388 3286 1643 3353 praedixit
1676 3290 1870 3347 beatus
1909 3293 2076 3350 David

492 3363 563 3420 ad
597 3365 914 3423 Judaeorum
949 3370 1166 3425 illorum
1200 3373 1648 3445 instructionem,
1676 3383 1769 3452 qui
1795 3384 2077 3440 Christum

490 3469 777 3516 mortuum
798 3462 978 3518 adhuc
1001 3480 1124 3519 esse
1160 3467 1483 3533 credebant,
1509 3472 1756 3551 clamans
1793 3477 2082 3535 Dominum

489 3552 712 3621 vivere,
737 3568 805 3610 eo
831 3556 978 3624 quod
1008 3561 1339 3614 resurrexit.

572 3643 638 3698 Et
666 3645 968 3701 benedictus
1000 3647 1160 3705 Deus.
1192 3651 1397 3723 Dignus
1423 3664 1508 3711 est
1536 3657 1805 3728 siquidem
1838 3663 2085 3724 benedici

490 3746 546 3791 et
578 3736 815 3792 laudari.

564 3827 634 3885 Et
663 3832 927 3887 exaltetur
957 3834 1095 3891 Deus
1126 3837 1319 3893 salutis
1352 3857 1499 3898 metu.
1532 3842 1795 3902 Oratione
1826 3863 1889 3903 ac
1938 3851 2081 3907 votis

494 3924 610 3979 suis
641 3923 913 3996 Propheta
976 3929 1259 3985 Christum
1315 3933 1383 3988 ad
1415 3936 1813 3994 Ascensionem
1875 3946 2085 3999 accele—

492 4019 1077 4082 rat,utParacletum
1129 4023 1197 4105 ad
1254 4027 1538 4095 apostolos
1592 4032 1828 4099 mittat,
1880 4038 1969 4105 qui
2027 4038 2081 4091 in

490 4106 767 4180 Evangelii
801 4094 1253 4181 praedicationem
1289 4094 1421 4172 ituri
1459 4129 1640 4179 erant.
1689 4094 1910 4180 Verum“
1946 4128 2078 4183 olim

487 4200 685 4268 Filius,
718 4202 1018 4259 creationis
1057 4203 1222 4272 Deus,
1249 4223 1394 4264 nunc
1425 4221 1609 4267 autem
1643 4223 1696 4271 et
1722 4216 2080 4275 reformatio-

490 4294 576 4349 nis
610 4293 752 4351 Deus
786 4306 890 4361 est,
920 4296 972 4352 id
998 4307 1103 4362 est,
1137 4299 1352 4377 salutis.
1391 4302 1666 4375 Apposuit
1724 4310 1889 4364 etiam
1942 4311 2078 4367 Pro-

488 4384 652 4454 pheta
683 4386 985 4454 pronomen
1016 4381 1144 4441 meae
1175 4428 1190 4453 ,
1220 4398 1279 4443 ut
1340 4391 1443 4448 sibi
1502 4398 1820 4452 communia
1877 4397 2080 4456 faceret

489 4491 609 4546 quas
643 4485 833 4532 nostra
862 4486 1012 4533 sunt.
1047 4479 1346 4539 Possumus
1383 4493 1437 4539 et
1491 4486 1650 4543 aliter
1708 4505 1774 4544 es
1838 4506 2075 4560 persona

490 4566 780 4636 Propheta:
814 4567 1121 4638 intelligere
1178 4588 1191 4624 :
1266 4570 1407 4628 Vivit
1442 4573 1700 4633 Dominus
1731 4621 1745 4640 ,
1804 4581 1907 4637 hoc
1953 4591 2078 4646 est,

490 4662 860 4728 sempiternus
886 4670 989 4722 est.
1013 4648 1113 4717 nec
1141 4664 1475 4737 principium
1503 4670 1732 4737 habens,
1768 4690 1866 4728 nec
1896 4677 2080 4743 linem,

2188 3302 2272 3354 ὄὶδ
2322 3302 2712 3371 προαναφωνεῖ
2790 3301 2904 3362 τοῖς
2979 3297 3435 3366 ὑπολαμϐάνουσι
3512 3292 3782 3347 τεθνάναι
3862 3286 3867 3287 ν

2187 3394 2278 3447 τὸν
2338 3392 2577 3464 Χριστὸν
2651 3390 2952 3455 Ἰουδαίοις,
3024 3389 3185 3462 βοῶν,
3242 3390 3325 3443 ὅτι
3395 3388 3462 3458 ζῇ
3494 3404 3508 3419 ’
3571 3387 3779 3457 ἀνέστη

2188 3503 2316 3556 γαρ.

2256 3662 2604 3731 Εὐλογητὸς
2668 3664 2701 3715 ό
2741 3660 2905 3727 Θεός.
2953 3659 3138 3726 ’Ἄξιος
3181 3677 3207 3711 ε
3276 3658 3618 3727 εὐλογεῖσθαι
3680 3659 3783 3713 καὶ

2189 3755 2588 3825 εὐφημεῖσθαι.

2266 3847 2279 3865 ⁸
2294 3846 2593 3914 Υψωθήτω
2616 3848 2651 3900 ὁ
2672 3845 2817 3911 Θεὸς
2844 3845 2955 3914 τῆς
2977 3846 3278 3914 σωτηρίας
3293 3863 3435 3914 μου.
3470 3845 3744 3899 Ἐπισπεύ
3760 3874 3782 3885 -

2184 3939 2263 3993 δει
2295 3938 2458 3992 αὑτὸν
2490 3940 2568 4001 εἰς
2622 3937 2723 4009 τὴν
2765 3938 3057 4007 ἀνάληψιν,
3084 3940 3234 4002 ὅπως
3264 3937 3543 4001 ἀπελθὼν,
3578 3936 3782 4009 πέμψῃ

2184 4034 2276 4084 τὸν
2300 4030 2664 4101 Παράκλητον
2691 4031 2804 4092 τοῖς
2835 4031 3181 4094 ἀποστόλοις,
3252 4031 3537 4098 μέλλουσιν
3565 4029 3782 4084 ὁδεύειν

2186 4122 2281 4174 ἐπὶ
2296 4122 2358 4174 τὺ
2395 4121 2663 4192 κήρυγμα
2692 4139 2706 4152 ·
2733 4121 2870 4174 ἀλλὰ
2901 4121 3072 4176 πάλαι
3126 4123 3224 4193 μὲν
3257 4120 3327 4193 ἦν
3376 4124 3405 4175 ό
3468 4122 3596 4181 Υἱὸς
3640 4119 3783 4184 Θεὸς

2186 4215 2441 4275 πλάσεως
2466 4233 2480 4248 ·
2507 4214 2603 4267 νῦν
2623 4216 2703 4281 δὲ,
2739 4216 2873 4279 Θεὸς
2898 4216 3281 4281 ἀναπλάσεως,
3316 4217 3438 4288 ἦτοι
3474 4214 3776 4285 σωτηρίας.

2185 4309 2297 4379 Τὴν
2309 4308 2363 4360 δὲ
2374 4307 2496 4377 μοῦ
2511 4307 2721 4361 άντωνυ
2732 4308 2860 4376 μίαν
2872 4307 3181 4378 προσέθηκε
3191 4305 3468 4368 ,κοινωνού
3477 4323 3636 4376 μενος
3649 4306 3781 4359 ἑαυ-

2185 4400 2263 4468 τῷ
2279 4400 2349 4452 τὰ
2379 4398 2648 4471 ἡμέτερα.
2673 4399 2831 4452 Ἐστι
2855 4398 2912 4452 δὲ
2936 4400 3030 4452 καὶ
3053 4399 3229 4462 ἄλλως
3248 4399 3389 4454 κατὰ
3424 4400 3526 4468 τὴν
3550 4399 3641 4452 τοῦ
3668 4399 3777 4451 Δα-

2186 4490 2273 4545 ϐὶδ
2307 4489 2569 4544 ὑπόθεσιν
2598 4491 2799 4552 εἰπεῖν.
2823 4491 2905 4544 ὃτι
2941 4488 3028 4557 Ζῇ
3065 4490 3304 4558 Κύριος,
3336 4490 3638 4553 τουτέστιν,
3680 4489 3779 4542 ἀΐ-

2184 4581 2296 4646 διός
2336 4582 2508 4643 ἐστιν,
2539 4584 2677 4651 μήτε
2709 4579 2885 4652 ἀρχὴν
2938 4582 3074 4651 μήτε
3132 4581 3307 4653 πέρας
3342 4579 3506 4650 ἔχων,
3555 4579 3671 4633 ἀλλ’
3695 4578 3780 4634 ὢν

2182 4676 2308 4729 ἀεί·
2342 4674 2726 4744 παραμίγνυσι
2752 4674 2864 4744 γὰρ
2895 4672 3044 4728 ἔστιν
3073 4667 3134 4727 οὗ
3166 4675 3260 4727 καὶ
3300 4674 3479 4744 δόγμα
3516 4675 3635 4736 τοῖς
3689 4673 3780 4727 λό-

492 4750 587 4806 sed
620 4767 835 4823 semper
862 4752 1157 4811 exsislens.
1189 4757 1474 4815 Admiscet
1546 4778 1783 4832 namque
1806 4765 2078 4835 Propheta

2190 4786 2298 4837 γοις
2333 4768 2361 4819 ὁ
2387 4767 2707 4837 Προφήτης,
2739 4764 2831 4819 διὰ
2857 4764 2956 4837 τὴν
2994 4766 3103 4820 τῶν
3150 4765 3593 4836 ἐντυγχανόντων
3627 4764 3779 4832 dare-

490 4858 873 4913 saepenumero
891 4846 1143 4915 dogmata
1166 4851 1513 4906 sermonibus
1541 4855 1656 4909 suis
1683 4857 1748 4907 ad
1773 4857 2069 4927 legentium

492 4935 804 4990 utilitatem.
834 4935 1146 4993 Benedictus
1171 4951 1352 4996 autem
1393 4953 1615 5013 propter
1643 4945 1731 4998 illa
1757 4947 2075 5004 admiranda

488 5042 608 5094 qua:
640 5027 781 5081 fecit.
826 5028 1109 5084 Exattetur
1142 5047 1294 5098 vero,
1344 5033 1396 5087 id
1423 5043 1508 5090 est
1548 5051 1778 5106 magnus
1831 5054 1861 5093 a
1917 5041 2077 5098 nobis

487 5118 853 5174 existimetur.

566 5209 733 5265 Vnus.
766 5213 856 5267 48.
898 5214 1036 5270 Deus
1062 5217 1153 5284 qui
1183 5217 1275 5271 dat
1306 5220 1565 5274 vindictas
1596 5223 1741 5288 mihi,
1767 5233 1817 5278 et
1849 5227 2073 5296 subjecit

489 5305 713 5373 populos
752 5307 846 5357 sub
903 5322 1002 5363 me.
1055 5307 1329 5364 Vindictas
1381 5309 1449 5363 de
1499 5311 1740 5371 inimicis
1793 5316 2072 5375 nimirum.

496 5394 731 5462 Populos
759 5403 939 5449 autem
971 5411 1109 5466 quos
1147 5399 1403 5466 subjecit,
1432 5401 1673 5472 intelligo
1704 5402 1946 5473 δούλους,
1980 5412 2073 5480 qui

495 5488 658 5542 simul
684 5504 809 5543 cum
846 5489 1009 5543 Saule
1040 5492 1334 5548 adversum
1368 5494 1546 5562 ipsum
1580 5500 1897 5568 pugnabant
1925 5523 1935 5555 :
1979 5508 2071 5574 qui

500 5580 714 5635 tandem
750 5582 833 5637 vel
860 5581 1015 5639 inviti
1052 5584 1101 5639 ci
1146 5586 1559 5642 succubuerunt
1588 5596 1644 5643 ut
1677 5593 1814 5663 regi.
1845 5591 1999 5658 Quod
2026 5597 2070 5652 si

2186 4860 2356 4913 λειαν.
2450 4856 2802 4927 Εὐλογητὸς
2892 4856 2970 4923 δὲ,
3021 4858 3089 4911 δι’
3141 4856 3177 4911 ἃ
3244 4857 3504 4926 ἐποίησεν
3556 4856 3778 4926 θαύμα-

2191 4970 2300 5005 σια.
2375 4949 2690 5020 Ὑψωθήτω
2753 4948 2834 5014 δὲ,
2882 4950 3004 5003 ἀντὶ
3058 4949 3175 5014 τοῦ,
3219 4949 3398 5021 μέγας
3462 4948 3776 5019 λογισθήτω

2189 5046 2341 5116 ἡμῖν.

2269 5230 2322 5281 '0
2357 5231 2503 5296 Θεὸς
2534 5232 2571 5285 δ
2594 5229 2795 5295 διδους
2836 5228 3179 5297 ἐκδικήσει(
3211 5229 3365 5298 ἐμοὶ,
3405 5226 3502 5282 καὶ
3540 5225 3772 5282 {amord-

2186 5323 2297 5388 ξας
2327 5323 2517 5389 λαοὺς
2549 5324 2650 5377 ὑπ’
2682 5323 2805 5391 ἐμέ.
2852 5324 3191 5390 Ἐκδικήσεις
3213 5322 3354 5375 κατὰ
3388 5322 3498 5374 τῶν
3522 5321 3735 5391 ἐχθρῶν
3760 5339 3774 5351 ’

2187 5417 2460 5482 ὑποτάξας
2498 5417 2557 5469 δὲ
2600 5418 2731 5479 τοὺς
2796 5416 2885 5469 διὰ
2918 5416 3011 5468 τὸν
3042 5416 3217 5470 Σαοὺλ
3278 5413 3655 5484 πολεμοῦντάς
3702 5431 3778 5480 με

2199 5505 2488 5568 Ἰουδαίους
2514 5505 2652 5576 (68),
2676 5502 2788 5559 οἷον
2819 5509 2914 5560 καὶ
2942 5496 3173 5570 ἄκοντες
3231 5504 3350 5571 νῦν,
3414 5505 3490 5566 ὡς
3556 5502 3783 5572 βασιλεῖ

2189 5616 2302 5668 μοι,
2346 5597 2658 5668 ὑπέκυψαν.
2705 5598 2827 5650 Ἐπὶ
2858 5598 2913 5651 δὲ
2943 5598 3038 5650 τοῦ
3076 5597 3318 5670 Χριστοῦ
3368 5592 3591 5666 ’νοήσεις
3621 5593 3779 5648 ἐκδι-

1834 5775 2034 5841 Variae
2067 5778 2378 5845 lectiones

560 5859 672 5933 (68)
708 5863 780 5917 ῑσ.
816 5864 886 5919 οἵ.
