4116 6474
435 439 545 503 2L9

1646 453 2038 517 COMMENT.
2058 452 2145 513 IN
2167 454 2539 522 PSALMUS.

3598 471 3708 535 2.30

434 564 629 631 κήσεις
677 561 778 632 μὲν
833 563 980 619 κατά
1036 566 1149 621 τῶν
1195 568 1488 639 Ἐϐραίων,
1534 572 2015 644 ἐξολοθρευθέντωι

2130 580 2198 635 de
2223 579 2449 636 Christo
2481 581 2772 653 intelligas,
2805 599 2903 653 per
2928 585 3200 641 vindictas
3217 603 3278 642 ea
3304 588 3567 657 intelligo,
3591 607 3713 661 qua:

436 652 548 708 ὑπὸ
585 654 879 725 Ῥωμαίων
908 672 924 686 ·
989 658 1273 732 ὑποταγὴν
1318 661 1375 715 δὲ
1432 663 1600 729 λαῶν,
1654 667 1753 735 τὴν
1802 665 1914 721 τῶν
1966 665 2028 731 ἐξ

432 748 630 803 MV.

516 841 584 895 ‘0
604 843 844 910 ρύστης
871 861 993 912 μου
1055 846 1126 911 ἐξ
1170 847 1403 917 ἐχθρῶν
1434 868 1554 919 μου
1596 852 1871 921 ὀργίλων.
1923 852 2033 906 Εὐ-

432 932 695 1003 χαριστία
718 936 896 989 ταῦτα
920 938 1063 1008 πρὸς
1094 939 1229 994 Θεὸν
1264 941 1463 1007 πάντα,
1515 945 1595 1007 εἰς
1653 945 1870 999 εὐθεῖαν
1926 946 2026 1016 μὲν

438 1028 1060 1097 μετασχηματισθέντα,
1097 1031 1368 1104 κλητικῆς
1416 1034 1473 1087 δὲ
1528 1035 1761 1106 δύναμιν
1809 1038 2022 1107 ἔχοντα.

445 1117 710 1187 Ἐχθροϋς
738 1118 797 1173 δὲ
824 1120 1078 1190 ὀργίλους
1095 1123 1245 1190 λέγει
1301 1127 1427 1188 τοὺς
1480 1127 1627 1197 ἀμφὶ
1669 1130 1762 1182 τὸν
1821 1131 2023 1196 Σαοὺλ,

434 1203 711 1269 μηδέποτε
739 1205 837 1275 τὴν
866 1207 1039 1279 ὁρτὴν
1064 1211 1498 1279 ἀπολελοιπότας
1541 1217 1648 1282 ἓως
1697 1221 1976 1291 περίησαν
2006 1238 2022 1255 ο

431 1294 465 1361 ἢ
492 1296 622 1357 τοὺς
637 1296 920 1367 δαίμονας.

516 1411 655 1464 Ἀπὸ
711 1412 831 1467 τῶν
880 1416 1379 1488 ἐπανισταμένων
1433 1423 1528 1477 ἐπ’
1595 1425 1701 1494 ἐμὲ
1754 1427 2025 1496 ὑψώσεις

425 1520 525 1573 με.
554 1506 621 1557 Ἃ
661 1506 946 1576 προλαὸὼν
978 1507 1124 1575 εἷπε,
1155 1513 1332 1566 ταῦτα
1378 1516 1544 1569 πάλιν
1605 1521 1761 1588 φησὶ,
1815 1521 2024 1592 χαίρων

430 1596 858 1653 ἑπανακύκλοῢν
885 1602 1050 1668 αὐτὰ,
1095 1608 1270 1676 χαρᾶς
1310 1607 1441 1662 ὄντα
1472 1609 1735 1681 πρόξενα.

515 1775 661 1830 Ἀπὸ
683 1776 907 1846 ἀνδρὸς
943 1780 1161 1836 ἀδίκου
1198 1784 1386 1851 ῥύσαι
1411 1804 1510 1855 με.
1549 1788 1617 1840 Ei
1653 1806 1795 1853 τινες
1823 1792 2024 1847 ἐπανα-

2127 670 2328 728 Judaeis
2361 673 2681 730 acciderunt
2710 691 2738 730 a
2766 676 3029 732 Romanis
3054 695 3070 733 :
3098 688 3150 732 et
3180 695 3275 748 per
3304 681 3710 747 subiectionem

2128 764 2477 836 populorum,
2508 767 2922 823 conversionem
2960 771 3206 839 gentium
3241 772 3308 826 ad
3357 774 3541 831 tidem.

2196 858 2477 914 Liberator
2502 876 2645 914 meus
2675 859 2738 914 de
2760 856 2987 916 inimicis
3043 865 3171 918 meis
3228 866 3523 922 iracundis.
3588 868 3714 927 llaec

2126 952 2314 1006 omnia
2347 952 2413 1006 ad
2450 951 2620 1006 Deum
2650 952 2797 1008 dicta
2830 955 3036 1009 suntin
3063 957 3363 1025 gratiarum
3394 960 3664 1014 actionem
3692 980 3708 1015 :

2125 1058 2247 1112 qua:
2279 1045 2404 1099 licet
2433 1059 2530 1113 per
2562 1052 2771 1099 rectum
2807 1046 3019 1114 prolata
3050 1047 3181 1109 sint,
3212 1053 3319 1103 vim
3372 1061 3551 1107 latl‘tt‘n
3607 1056 3709 1106 ba-

2124 1137 2255 1192 beut
2291 1137 2551 1193 vocativi.
2610 1138 2713 1193 Per
2744 1137 2992 1193 inimicos
3018 1150 3197 1194 autem
3229 1120 3542 1207 iracundos,
3574 1146 3711 1200 Sm-

2125 1228 2230 1284 lem
2299 1227 2596 1297 intelligit.
2677 1227 2771 1297 qui
2826 1227 2963 1281 iram
3030 1245 3308 1299 nunquam
3383 1235 3709 1297 remittebat.

2123 1324 2299 1381 donec
2334 1332 2686 1395 superasset:
2727 1325 2812 1381 vel
2843 1325 2993 1394 ipsos
3018 1325 3313 1381 daemones.

2195 1438 2365 1493 Vens.
2398 1437 2488 1493 49.
2515 1437 2580 1492 Et
2605 1439 2669 1492 ab
2694 1440 3087 1509 insurgentibus
3117 1443 3172 1496 in
3204 1459 3285 1497 me
3311 1443 3575 1498 exn/tabis
3609 1462 3704 1499 me.

2126 1531 2328 1586 Eadem
2366 1531 2583 1599 repetit,
2617 1547 2739 1599 quae
2757 1534 3017 1599 superius
3046 1533 3206 1601 dixit,
3233 1536 3479 1606 gaudens
3507 1553 3566 1590 ei
3604 1555 3706 1591 sre-

2125 1627 2246 1696 pius
2271 1625 2550 1681 revolvere
2585 1633 2750 1694 atque
2789 1622 3149 1693 iugemioare,
3181 1642 3301 1695 quae
3330 1628 3436 1680 sibi
3466 1628 3707 1680 laetitiam

2125 1719 2488 1773 adduxerant.

2194 1810 2236 1863 Α
2274 1810 2385 1864 viro
2411 1809 2588 1877 iniquo
2634 1806 2822 1875 eripies
2851 1823 2951 1861 me.
2992 1806 3048 1860 Si
3080 1807 3247 1876 aliqui
3286 1807 3338 1861 in
3377 1822 3460 1861 me
3516 1810 3708 1862 insur-

429 1867 734 1937 στήσονταί
803 1874 914 1941 μοι,
939 1875 1083 1928 κατὰ
1110 1877 1238 1939 τοὺς
1268 1877 1612 1946 θεράποντας
1674 1881 1769 1935 τοῦ
1820 1885 2015 1949 Σαοὺλ,

432 1958 705 1981 Δ-.-⁹Α---Αη
741 1960 797 1981 Δ]
824 1980 833 1981 κ
1088 1966 1104 1981 ι
1159 1967 1184 1980 σ
1365 1969 1377 1981 ι
1445 1971 1466 1981 κ
1599 1972 1620 1981 ..
1997 1977 2006 1981 -

2123 1903 2385 1965 rexerint,
2418 1911 2475 1954 ut
2507 1900 2636 1954 olim
2670 1897 2854 1953 Saulis
2891 1899 3095 1953 milites
3131 1912 3194 1952 ac
3254 1901 3386 1953 socii
3438 1900 3711 1967 iecerunt,

429 1958 708 2030 ἀνώτερον
741 1960 928 2030 θήσεις
956 1982 1024 2034 με
1044 1966 1225 2020 αὐτῶν
1251 1984 1267 2001 ο
1290 1969 1386 2022 καὶ
1414 1971 1466 2023 εἷ
1488 1989 1572 2034 τις
1596 1972 1748 2026 ἔσται
1776 1977 2015 2043 μοικατὰ

2128 2002 2182 2043 ιιι
2215 1987 2554 2057 superiorem
2591 2003 2676 2041 me
2713 1985 2819 2040 illis
2852 1985 3069 2040 facies:
3131 1996 3186 2041 et
3251 1988 3297 2041 si
3357 1990 3481 2057 quis
3538 1990 3712 2043 instar

432 2052 604 2105 Σαοὺλ
641 2053 844 2119 ἀδίκως
876 2056 1251 2113 ἐπιϐουλεύων
1305 2060 1382 2132 τῷ
1424 2061 1673 2127 σώζοντι,
1736 2065 1898 2136 ῥύσαι
1952 2085 2019 2139 με

434 2146 530 2197 καὶ
566 2148 633 2199 ὲκ
664 2145 882 2203 τούτου.

515 2278 611 2333 Διὰ
656 2279 835 2336 τοῦτο
920 2284 1453 2359 ἐξομολογήσομαί
1506 2306 1608 2347 σοι
1668 2295 1741 2349 ἐν
1789 2296 2014 2366 ἔθνεσι,

456 2369 640 2437 Κύριε.
663 2372 801 2426 Διότι
840 2375 1091 2442 τοιοῦτος
1120 2374 1191 2443 εἴ,
1221 2378 1333 2434 οἷον
1349 2382 1484 2453 ἐμὸς
1513 2382 1789 2457 ἐξύμνησε
1834 2388 2014 2458 λόγος,

456 2461 816 2534 εὐχαριστήσω
847 2483 932 2522 σοι
954 2470 1012 2522 ὲν
1049 2473 1187 2525 πᾶσι
1235 2476 1349 2538 τοῖς
1406 2475 1625 2530 levent“
1676 2479 1777 2541 καὶ
1832 2482 2016 2551 μέντοι

444 2552 595 2645 τοῦτο
614 2558 879 2630 πεποίηκε
910 2560 1004 2615 διὰ
1032 2563 1130 2634 τῆς
1157 2564 1343 2634 βίϐλου
1377 2568 1487 2623 τῶν
1510 2570 1729 2626 οἰκείων
1743 2573 2013 2645 Ψαλμῶν,

438 2643 498 2695 ἐν
530 2646 663 2699 πᾶσι
690 2647 903 2704 ἔθνεσιν
925 2652 1442 2729 ἀναπτυσσομένης.

505 2758 613 2813 Kal
634 2760 715 2826 τῷ
748 2763 999 2833 ὀνόματί
1022 2780 1141 2822 σου
1166 2767 1364 2837 ψαλῶ.
1382 2769 1597 2842 Δηλαδὴ
1621 2771 1728 2839 σοὶ,
1757 2773 1899 2829 κατὰ
1914 2774 1974 2831 τό
1998 2791 2015 2808 ·

437 2851 620 2907 ταλῶ
655 2869 755 2909 σοι
782 2857 854 2911 ἐν
881 2860 1095 2928 κιθάρα

499 2939 876 3010 Nomium
905 2948 1015 3015 τὰς
1044 2952 1346 3019 σωτηρίας
1369 2952 1480 3007 τοῦ
1500 2953 1835 3025 βασιλέως.

2129 2079 2310 2134 Saulis
2343 2076 2603 2147 injustus,
2639 2077 2871 2133 insidias
2903 2078 3034 2131 mihi
3066 2081 3363 2134 tetenderit
3395 2121 3408 2145 ,
3442 2091 3497 2134 tu
3543 2085 3709 2135 etiam

2126 2173 2194 2226 ab
2222 2170 2535 2241 hujusmodi
2571 2169 2794 2224 homine
2841 2185 2928 2224 me
2959 2169 3186 2239 eripies.

2198 2287 2366 2343 Vens.
2399 2286 2487 2343 50.
2531 2284 2816 2354 Propterea
2843 2285 3130 2353 confitebor
3157 2287 3249 2341 tibi
3297 2287 3353 2340 in
3382 2289 3712 2344 nationibus.

2126 2379 2370 2434 Domine.
2405 2378 2673 2446 Quoniam
2710 2387 2766 2432 tu
2796 2378 2922 2433 talis
2956 2392 3039 2440 es,
3063 2378 3281 2445 qualem
3311 2394 3564 2433 sermone
3592 2395 3713 2434 ηιρο

2125 2469 2393 2534 laudavi,
2439 2468 2645 2539 gratias
2677 2483 2834 2539 agam
2874 2468 2965 2523 tibi
3021 2468 3075 2521 in
3128 2468 3384 2535 omnibus
3433 2470 3711 2537 gentibus.

2125 2561 2280 2631 Quod
2312 2576 2446 2617 sane
2479 2562 2687 2632 optime
2719 2561 2974 2631 perfecit,
3012 2561 3118 2614 hoc
3144 2561 3483 2631 psalmorum
3520 2563 3658 2619 libro
3694 2603 3711 2627 .

2126 2655 2218 2727 qui
2245 2657 2298 2710 in
2331 2653 2593 2711 omnibus
2623 2652 2879 2722 gentibus
2917 2653 3139 2723 legitur.

2197 2775 2267 2828 Et
2291 2771 2526 2841 psallam
2550 2769 2752 2824 nomini
2771 2780 2883 2824 tuo.
2911 2770 3026 2824 Hoc
3048 2778 3129 2825 est
3159 2769 3257 2825 tibi
3289 2788 3303 2825 :
3328 2735 3484 2840 juxta
3522 2769 3656 2825 illud
3694 2787 3708 2825 :

2121 2864 2363 2921 Psallam
2387 2864 2483 2917 tibi
2512 2864 2566 2916 in
2586 2863 2793 2916 cithara
2825 2862 2895 2916 δ’.

2180 2948 2364 3014 Ὓειιε.
2391 2957 2481 3013 51.
2518 2954 2873 3025 Magniﬁcam
2903 2953 3103 3009 salutes
3133 2954 3292 3024 regis.
3327 2952 3707 3026 [Subaudieu-

425 3027 559 3084 dutn
586 3042 691 3097 est,
724 3046 759 3089 o
787 3034 1017 3094 Domine
1048 3058 1063 3095 :
1097 3048 1156 3096 ut
1182 3043 1255 3098 sit
1274 3055 1481 3099 sensus
1507 3061 1522 3098 :
1550 3041 1659 3112 Tu,
1692 3062 1726 3103 ο
1753 3046 2003 3118 Domine,
2045 3060 2275 3122 magnas
2306 3049 2444 3104 lacis
2476 3049 2686 3105 salutes
2736 3061 2913 3102 meas.
2948 3046 3054 3101 Per
3083 3060 3263 3116 regem
3320 3046 3464 3100 enim
3542 3048 3694 3117 scip-

427 3137 551 3177 sum
583 3123 862 3200 intelligit.
895 3128 909 3203 l

512 3221 577 3276 '0
603 3225 794 3280 ποιῶν
818 3226 995 3296 ἔλεος
1018 3229 1102 3294 τῷ
1126 3233 1352 3301 χριστῷ
1371 3235 1583 3292 αὑτοῦ.
1606 3235 1699 3309 Τῷ
1731 3236 2011 3308 χρισθέντι

2193 3236 2260 3290 Et
2276 3233 2481 3303 faciens
2511 3227 2930 3284 misericordiam
2973 3226 3172 3282 chrile
3198 3242 3317 3281 suo.
3338 3224 3583 3290 Christo.
3607 3227 3711 3284 hoc

427 3313 537 3366 ὕπὸ
570 3318 823 3386 σεαυτοῦ,
851 3319 1058 3393 δηλάδη
1101 3326 1401 3396 προστάξει
1427 3343 1546 3384 σου.

502 3403 594 3471 τῷ
615 3410 817 3474 Δασιδ,
835 3412 1038 3480 καὶτῷ
1068 3417 1366 3487 σπέρματι
1394 3422 1604 3490 αὐτοῦ,
1634 3422 1747 3489 ἕως
1769 3423 2011 3493 αἰῶνος.

428 3497 627 3589 Εἰπὼν·
647 3500 895 3571 βασιλέα,
936 3502 1058 3561 εἶτα
1079 3510 1323 3587 χριστὸν,
1349 3512 1603 3585 ἐπήγαγε
1627 3515 1686 3569 τὸ
1711 3515 1906 3589 ὄνομα.
1938 3517 2012 3572 Τὸ

429 3589 534 3659 μὲν
556 3587 650 3646 οὖν
673 3594 860 3650 θεόθεν
889 3598 1182 3667 ἐλεεῖσθαι,
1220 3606 1605 3677 προσαρμόσει
1657 3611 1773 3672 τοῖς
1813 3587 1891 3663 Ῠὲκ
1917 3609 2012 3680 γέ-

428 3697 555 3748 νους
592 3684 686 3739 τοῦ
713 3688 881 3744 Δαόὶδ
906 3690 1297 3760 βασιλεύσασιν
1347 3697 1628 3764 Ἰουδαίοις
1651 3716 1666 3733 ο
1696 3701 1758 3755 τὸ
1785 3702 1863 3765 δὲ,
1898 3702 2013 3770 ἕως

424 3770 663 3842 αἰῶνος,
696 3779 966 3837 ἀνοίκειόν
988 3784 1127 3841 ἐστι.
1160 3786 1317 3841 Μετὰ
1349 3788 1457 3860 γὰρ
1500 3791 1601 3862 τὴν
1631 3792 2013 3864 αἰχμαλωσίας

425 3868 708 3933 ἐπάιοδον,
742 3873 904 3941 μόνος
946 3877 1257 3947 Ζοροόἀόελ
1302 3880 1702 3953 ἡγεμονεύσας,
1756 3885 1818 3938 οὐ
1882 3903 2014 3939 κατ-

424 3957 585 4010 έλιπε
647 3960 1015 4033 κληρονόμους
1052 3967 1153 4037 τῆς
1200 3969 1523 4041 ἡγεμονίας.
1547 3973 1808 4029 Λειπεται
1831 3974 2014 4028 τοίνυν

422 4049 523 4102 τὸν
592 4051 798 4120 Ἰησοῦν
841 4056 1079 4126 Χριστὸν
1143 4059 1368 4132 σπέρμα
1407 4063 1503 4118 τοῦ
1551 4064 1717 4120 Δαϐιδ
1775 4066 2013 4121 ἐνταῦθα

418 4141 709 4208 λέγεσθαι.
743 4145 831 4200 διὰ
889 4149 951 4200 τὸ
985 4150 1051 4202 ἐκ
1093 4150 1260 4204 Δαόὶδ
1282 4153 1620 4222 κατάγεσθαι
1665 4154 1768 4225 τὴν
1798 4156 2015 4227 μητέρα

423 4236 623 4297 αὐτοῦ.
672 4233 734 4293 οὗ
764 4241 865 4311 τῆς
911 4241 1192 4313 βασιλείας
1217 4246 1316 4300 οὐκ
1349 4246 1503 4303 ἔσται
1548 4248 1724 4313 τέλος.
1749 4250 1841 4304 Διὸ
1869 4250 1965 4305 καὶ
1985 4251 2015 4305 ὁ

422 4330 824 4402 εὐαγγελιστὴς
867 4336 1132 4408 εἴρηκεν·
1192 4341 1415 4407 Βίϐλος
1467 4342 1768 4412 γενέσεως
1810 4344 2015 4412 Ἰησοῦ

421 4423 692 4492 Χριστοῦ
740 4428 891 4482 υἱοῦι
950 4430 1150 4485 Δαϐίδ.
1208 4432 1388 4488 Ποιῶν
1461 4436 1519 4488 δὲ
1569 4435 1723 4505 αὐτῷ
1786 4435 1935 4502 ἕλεος
1967 4440 1996 4492 ὁ

422 4515 607 4582 Δόγος
638 4517 732 4570 καὶ
774 4518 929 4587 Θεὸς,
995 4521 1025 4573 ὁ
1069 4522 1349 4594 ἡνωμένος
1378 4524 1530 4598 αὐτῷ
1587 4526 2009 4594 καὶτεθεωκώς.

745 4789 849 4852 Εἰς
872 4786 939 4841 τὸ
962 4787 1138 4855 τέλος
1158 4789 1406 4859 ψώμός
1431 4790 1513 4857 τῷ
1550 4791 1753 4846 Δασιδ.

456 4937 469 4947 _
1028 4880 1325 4936 ΨΛΛΜΟΣ
1354 4881 1464 4939 tu'.

496 4969 605 5035 εις
627 4970 693 5024 τὸ
714 4970 890 5037 τέλος
916 4972 1013 5028 καὶ
1059 4969 1217 5038 οὗτος
1272 4977 1302 5027 ὁ
1352 4975 1589 5048 ψαλμδς,
1645 4979 1730 5032 ὅτι
1780 4979 2013 5050 γηραιὸς

428 5062 742 5130 γενόμενος,
773 5064 963 5119 τοῦτον
994 5066 1313 5133 συνέταξεν,
1356 5071 1437 5131 εἰς
1489 5070 1645 5134 τέλος
1704 5069 1852 5140 ζωῆς
1908 5070 2012 5143 ήδη

430 5154 649 5222 βλέπων
680 5173 695 5187 ’
731 5158 764 5228 ἢ
798 5159 881 5213 ὅτι
911 5166 1301 5232 προαναφωνεῖ
1327 5165 1560 5234 πρᾶγμα
1585 5166 1667 5229 εις
1698 5163 1849 5229 τέλος
1877 5167 2015 5220 ama

429 5250 736 5323 θησόμενον
755 5296 769 5309 .
803 5255 1179 5325 Ἐπιστομίζει
1208 5259 1319 5329 γὰρ
1349 5260 1448 5328 τὴν
1476 5259 1781 5329 μέλλουσαν
1821 5259 2015 5316 ἀθεῖαν

426 5345 538 5398 τῶν
571 5344 881 5416 ληρούντων
909 5347 1197 5419 αὐτόματα
1226 5350 1483 5418 γενέσθαι
1512 5351 1582 5404 τὰ
1608 5351 1812 5407 πάντα.

488 5530 557 5581 Ol
612 5529 862 5597 οὐραγοὶ
914 5528 1263 5601 διηγοῦνται
1320 5530 1511 5595 δόξαν
1571 5532 1743 5590 Θεοῦ.
1820 5534 2009 5600 Αὐτοὶ,

421 5618 606 5690 φησιν,
636 5622 686 5674 oi
722 5619 957 5688 οὐρανοὶ
987 5621 1221 5675 πάντοτε
1278 5623 1726 5695 ἁνακηρύττουσι
1747 5624 1806 5677 τὸ
1835 5642 2010 5696 μεγα-

413 5710 557 5769 λεῖον
584 5712 684 5767 τοῦ
712 5709 881 5777 Θεοῦ,
919 5715 1069 5784 φωνῇ
1094 5715 1373 5785 χρώμενοι
1416 5717 1484 5786 τῇ
1540 5715 1684 5786 ὕψει.
1748 5716 1845 5773 Ἐκ
1898 5718 2009 5791 γὰρ

466 5898 511 5932 ⁵⁸
550 5894 710 5952 Psal.
767 5903 907 5952 τις,
934 5883 1024 5941 ‘22.
1139 5890 1186 5922 δ’
1218 5889 1418 5944 Matth.
1451 5906 1490 5955 t,
1530 5889 1583 5945 l.

2119 3333 2205 3383 est
2231 3330 2421 3387 uncto,
2456 3336 2487 3375 a
2518 3328 2570 3375 te
2608 3318 2894 3382 nimirum,
2926 3315 3030 3370 hoc
3058 3326 3144 3371 est
3168 3316 3327 3384 jussu
3364 3325 3479 3369 tuo.

2188 3413 2356 3469 David
2380 3456 2396 3480 ,
2434 3423 2486 3466 et
2537 3409 2723 3466 semini
2759 3409 2873 3477 ejus
2920 3423 3081 3477 usque
3118 3407 3173 3461 in
3219 3407 3495 3461 mentum.
3555 3408 3695 3463 Cum

2112 3507 2313 3578 Regem
2340 3513 2395 3561 et
2414 3502 2693 3560 Christum
2736 3499 2933 3554 dixerit
2964 3539 2979 3563 ,
3017 3505 3296 3569 postremo
3322 3498 3476 3552 addit
3503 3506 3558 3553 et
3590 3515 3697 3554 no-

2115 3615 2236 3657 men
2284 3597 2474 3654 David.
2533 3598 2635 3663 Qui
2689 3594 2855 3666 igitur
2906 3593 3338 3648 misericordiam
3400 3607 3460 3646 se
3512 3608 3540 3644 a
3603 3591 3712 3646 Deo

2113 3698 2467 3751 consecutum
2498 3703 2621 3744 esse
2645 3685 2779 3741 dicit
2808 3724 2823 3750 ,
2861 3683 3103 3755 posteris
3138 3683 3282 3736 beati
3330 3681 3500 3736 David
3552 3692 3710 3739 recto

2115 3781 2461 3841 accomodari
2482 3787 2682 3852 potest.
2708 3777 2861 3845 Quod
2895 3791 3025 3832 vero
3050 3778 3126 3832 ait
3156 3792 3316 3847 usque
3340 3775 3397 3830 in
3429 3777 3702 3831 cacatum.

2116 3877 2416 3948 improprie
2446 3874 2657 3929 dictum
2691 3878 2797 3926 est.
2830 3868 2964 3922 Nam
3015 3877 3141 3938 post
3172 3867 3408 3922 reditum
3446 3883 3477 3923 e
3533 3867 3709 3937 capti-

2115 3972 2289 4025 vitate
2327 3968 2481 4023 solus
2509 3963 2812 4020 Zorobabel
2865 3961 3152 4030 regnavit,
3201 3959 3370 4015 nullis
3433 3959 3489 4013 in
3542 3973 3712 4030 regno

2117 4059 2549 4118 successoribus
2582 4055 2814 4111 relictis.
2849 4053 3113 4122 Superest
3140 4053 3309 4119 igitur
3333 4059 3393 4106 ut
3423 4050 3708 4105 Christum

2115 4154 2185 4210 de
2210 4151 2420 4210 semine
2452 4147 2623 4203 David
2665 4146 2769 4200 hoc
2816 4145 2870 4198 in
2914 4144 3037 4198 loco
3080 4142 3451 4213 intelligamus
3480 4180 3496 4204 ,
3550 4141 3712 4210 cujus

2117 4254 2294 4302 mater
2322 4243 2424 4299 fuit
2453 4256 2520 4297 ex
2555 4237 2820 4309 progenie
2850 4234 3020 4289 David
3055 4273 3072 4300 ,
3108 4245 3162 4288 et
3190 4235 3354 4303 cujus
3396 4233 3547 4303 regni
3599 4246 3711 4287 non

2119 4340 2225 4394 erit
2252 4336 2398 4393 ﬁnis.
2457 4333 2569 4388 Hac
2594 4331 2664 4387 de
2707 4344 2875 4386 causa
2924 4327 3089 4383 etiam
3140 4325 3477 4397 evangelista
3529 4324 3709 4380 dixit:

2119 4429 2276 4485 Liber
2321 4424 2675 4500 generationis
2707 4420 2838 4477 Iesu
2870 4421 3071 4476 Christi
3108 4418 3215 4490 ﬁlii
3264 4416 3432 4471 David
3486 4417 3555 4471 ".
3620 4415 3714 4472 llle

2127 4532 2305 4578 autem
2336 4519 2428 4590 qui
2468 4517 2596 4572 huic
2633 4514 2831 4599 semini
2861 4510 3086 4567 Christo
3124 4508 3562 4564 misericordiam
3584 4506 3714 4563 fecit

2054 4584 2098 4641 θ
2131 4584 2371 4671 Verbum
2406 4611 2548 4666 Deus
2578 4588 2695 4672 esi,
2728 4607 2832 4677 ipsi
2862 4605 3056 4661 semini
3107 4605 3321 4658 unitum
3349 4616 3415 4657 ac
3450 4599 3616 4657 Deum
3651 4601 3715 4655 il-

2118 4707 2209 4761 lud
2246 4705 2479 4761 faciens.

2455 4793 2524 4851 In
2556 4794 2712 4866 ﬁnem
2748 4791 3002 4846 Psalmus
3041 4790 3146 4859 ipsi
3178 4787 3376 4843 David.

2630 4881 2955 4938 PSALMUS
3022 4879 3206 4935 XVI".

2110 4990 2115 4995 '
2186 4981 2288 5036 Hic
2315 4979 2569 5056 Psalmus
2587 4977 2752 5032 etiam
2782 4977 2836 5029 in
2873 4975 3030 5043 ﬁnem
3065 4971 3418 5036 inscribitur,
3449 4972 3581 5042 quia
3619 4986 3713 5028 se-

2113 5089 2220 5128 nex
2246 5072 2373 5128 erat
2402 5071 2599 5126 beatus
2630 5067 2826 5132 David,
2864 5075 2923 5122 et
2952 5065 3020 5121 ad
3059 5064 3219 5120 linem
3249 5065 3376 5120 vita:
3405 5080 3519 5122 suae
3567 5064 3722 5133 aspi-

2113 5167 2319 5230 ciebat,
2347 5160 2571 5236 quando
2599 5176 2726 5217 eum
2766 5158 3124 5228 conscripsit.
3178 5156 3317 5223 Vel,
3372 5155 3500 5227 quia
3545 5157 3708 5208 tinem

2113 5268 2479 5314 consecutura
2509 5262 2686 5319 erant,
2719 5267 2841 5324 quae
2877 5252 2930 5306 in
2973 5265 3036 5305 eo
3080 5248 3480 5320 praedicuntur.
3538 5240 3708 5297 Futu-

2112 5366 2227 5407 ram
2257 5350 2401 5405 enim
2448 5346 2815 5420 quorumdam
2870 5343 3208 5414 impietatem
3267 5339 3567 5409 reprobat,
3614 5333 3707 5403 qui

2110 5441 2306 5498 dicturi
2338 5451 2497 5496 erant
2523 5478 2537 5503 ,
2571 5453 2703 5495 casu
2737 5451 2803 5492 ac
2849 5433 3079 5490 fortuito
3109 5429 3294 5483 omnia
3330 5428 3506 5482 fuisse
3542 5426 3707 5479 facta.

2184 5531 2353 5589 Vens.
2377 5532 2432 5589 2.
2467 5531 2869 5587 Caelianarrant
2891 5523 3122 5595 gloriam
3150 5519 3269 5573 Dei.
3304 5517 3409 5586 ipsi
3436 5557 3451 5583 ,
3505 5514 3708 5588 inquit,

2116 5627 2240 5683 cmli
2271 5627 2475 5696 ubique
2498 5623 2601 5680 Dei
2654 5614 3118 5691 magniﬁcentiam
3171 5610 3525 5708 praedicant,
3573 5621 3705 5708 pro-

2118 5720 2349 5791 prioque
2373 5728 2600 5788 aspectu
2635 5714 2700 5770 ad
2737 5714 2789 5769 id
2814 5715 3043 5766 utuntur
3102 5718 3201 5778 pro
3234 5718 3393 5763 voce.
3426 5705 3470 5758 Δ
3497 5705 3708 5773 magni-
