4116 6506
442 446 550 513 251

1677 447 2069 510 ΕΠΤΗΥΜΙΙ
2118 447 2485 509 ΖΙϐΛΒΕΝΙ

3589 451 3711 516 οδε

446 564 633 620 tudine
658 564 805 620 enim
862 579 928 619 ac
985 563 1395 635 pulchritudine
1440 570 1750 621 creatarum
1793 580 2015 630 rerum,

2130 566 2400 636 μεγέθους
2428 564 2523 618 καὶ⁵
2545 563 2833 634 καλλονῆς,
2870 560 3028 633 φησὶ,
3058 561 3396 632 κτισμάτων,
3416 561 3710 630 ἀναλόγως

443 655 599 725 quasi
631 657 981 726 proportione
1007 656 1269 726 quadam,
1307 673 1497 713 earum
1526 658 1725 714 artifex
1765 659 2020 715 conside-

2113 661 2144 713 ὁ
2181 657 2567 727 γενεσιουργὺς
2616 655 2803 712 αὐτῶν
2850 654 3162 724 θεωρεῖται.
3222 653 3336 708 Καὶ
3390 654 3501 716 πᾶς
3559 655 3711 724 ὀρῶν

445 753 618 814 ratur,
649 747 784 800 Nam
809 745 900 816 qui
931 746 1055 802 coeli
1091 746 1525 817 magnitudinem
1556 759 1787 818 spectat,
1810 758 1866 803 et
1893 749 2015 819 pul-

2119 749 2349 820 οὐρανοῦ
2385 747 2638 818 μέγεθος,
2658 748 2754 802 καὶ
2784 747 2997 815 σχῆμα,
3029 744 3125 798 καὶ
3150 745 3370 808 κάλλος,
3406 745 3502 800 καὶ
3527 744 3711 812 θέσιν,

444 834 837 901 ehritudinem,
871 846 929 891 et
968 835 1223 897 formam,
1253 847 1306 889 et
1335 836 1528 899 situm,
1560 846 1617 891 et
1662 846 1859 892 cetera
1917 838 2020 891 hu-

439 926 678 994 jusmodi
706 967 722 988 ,
774 926 1013 997 visuque
1042 928 1207 983 veluti
1265 928 1494 983 doctore
1524 927 1761 997 quodam
1800 929 1975 983 utitur
2004 968 2021 993 ,

440 1017 532 1071 hic
564 1015 823 1071 facillime
879 1031 1154 1072 summam
1202 1016 1290 1073 Dei
1345 1018 1689 1084 potentiam,
1744 1027 1800 1072 et
1825 1018 2020 1087 digno-

435 1118 577 1173 seet,
610 1119 664 1165 et
691 1108 878 1166 credet
905 1126 922 1161 :
960 1125 1056 1179 per
1084 1111 1258 1166 caelos
1285 1126 1434 1176 vero,
1469 1110 1647 1180 ipsum
1693 1111 1897 1165 caelum
1932 1111 2022 1165 in—

434 1200 631 1270 telligii
656 1238 672 1261 ,
705 1199 853 1269 quod
881 1208 965 1256 est
997 1215 1166 1270 supra
1232 1201 1657 1265 ﬁrmameutmu,
1691 1202 1886 1271 plurali
1920 1218 2022 1255 un.

452 1307 605 1344 mero
636 1309 772 1348 usus
800 1293 1154 1348 Hebraeorum
1193 1308 1368 1359 more,
1404 1295 1496 1362 qui
1532 1301 1593 1347 ut
1631 1293 1886 1362 pleraque
1914 1294 2020 1348 alia

439 1383 639 1449 plurali
675 1400 902 1441 numero
929 1386 1228 1456 aliquando
1260 1428 1278 1452 ,
1304 1395 1359 1442 et
1389 1387 1689 1457 aliquando
1749 1386 2019 1457 singulari

438 1472 620 1540 ipsum
663 1476 862 1530 coelum
892 1478 1169 1545 appellant
1206 1495 1221 1536 ;
1281 1464 1425 1547 quod
1455 1480 1672 1534 tametsi
1721 1479 1852 1532 latet
1878 1517 1893 1538 .
1952 1494 2017 1533 ex

436 1565 559 1632 ipso
589 1576 768 1621 tamen
804 1568 1152 1622 ﬁrmamento
1186 1569 1550 1636 dignoscitur.
1594 1570 1690 1624 Vel
1761 1570 2020 1627 fortassis

434 1656 615 1711 solum
645 1659 822 1728 ipsum
854 1662 1253 1715 ﬁrmamentum
1292 1663 1463 1717 melos
1501 1658 1794 1733 appellavit
1828 1704 1843 1727 ,
1890 1679 2015 1716 cum

2117 844 2213 897 καὶ
2235 844 2304 898 τὰ
2355 841 2607 903 τοιαῦτα,
2671 832 2962 908 μονονουχὶ
3006 836 3338 893 διδάσκαλον
3407 838 3549 906 ἔχων
3590 839 3713 909 ’τὴν

2117 934 2270 999 θέαν,
2306 932 2558 986 πιστεύει
2586 931 2717 1002 περὶ
2761 931 2861 999 τῆς
2894 930 3179 1000 δυνάμεως
3210 927 3304 981 τοῦ
3335 927 3492 982 Θεοῦ.
3519 931 3710 997 οὐρα-

2118 1025 2243 1089 νοὺς
2272 1024 2330 1078 δὲ
2388 1023 2539 1091 λέγει
2560 1021 2831 1093 τὸνλύπὲρ
2877 1022 2938 1075 τὸ
2978 1020 3292 1090 στερέωμα,
3349 1020 3711 1090 πληθυντικῷ

2119 1110 2439 1181 χαρακτῆρι
2497 1110 2871 1181 χρησάμενος,
2937 1108 3064 1162 ἀντὶ
3137 1106 3346 1173 ἑνικοῦ,
3401 1108 3545 1162 κατὰ
3600 1110 3712 1176 τὴν

2084 1255 2105 1266 ,
2130 1202 2393 1271 Ἐὂραΐδα
2420 1202 2728 1265 διάλεκτον,
2760 1202 2890 1256 ποτὲ
2918 1200 3019 1271 μὲν
3050 1199 3454 1268 πληθυντικῶς,
3493 1202 3625 1255 ποτὲ
3646 1203 3707 1255 δὲ

2118 1291 2317 1355 ἑνικῶς
2350 1290 2698 1360 ὀνομάζουσα
2724 1293 2819 1344 τὸν
2847 1290 3101 1360 οὐρανόν.
3141 1291 3203 1343 Ei
3230 1292 3338 1361 γὰρ
3361 1291 3458 1344 καὶ
3488 1292 3708 1361 ἀφανής

2118 1383 2504 1448 ἐστιν,ἀλλ’ὲκ
2529 1384 2623 1438 τοῦ
2656 1383 3038 1454 στερεὼματος
3080 1387 3346 1440 κάκεῖνον
3384 1383 3705 1448 συλλογιζόο

2124 1478 2287 1547 μεθα.
2321 1476 2393 1531 Ἦ
2426 1477 2523 1530 καὶ
2552 1477 2716 1541 μόνον
2743 1477 2804 1529 τὸ
2830 1478 3125 1545 στερέωμά
3176 1494 3364 1546 φησιν,
3410 1476 3485 1538 ὡς
3516 1476 3709 1545 ⁴μόνον

2116 1571 2419 1639 ὁρώμενον,
2450 1569 2526 1631 ὡς
2546 1563 2689 1621 εἶναι
2720 1567 2812 1621 τὸν
2834 1568 3092 1639 δεύτερον
3125 1569 3310 1639 στίχον
3356 1568 3453 1621 τοῦ
3481 1566 3705 1639 πρώτου

2119 1661 2540 1730 σαφηνιστικόν.

439 1750 616 1807 solum
645 1753 819 1822 ipsum
848 1756 939 1820 sit,
965 1757 1110 1824 quod
1135 1754 1388 1811 videatur
1423 1773 1439 1815 ;
1477 1756 1632 1827 juxta
1678 1772 1841 1827 quem
1872 1771 2096 1812 sensum
2129 1756 2470 1823 subsequens
2539 1752 2851 1809 versiculus
2878 1795 2894 1820 ,
2968 1755 3257 1824 prasentis
3343 1755 3453 1809 erit
3532 1755 3710 1809 inter-

436 1847 690 1915 pretatio,

511 1941 575 1990 Et
598 1955 755 2007 opera
815 1957 1071 1994 manuum
1117 1942 1234 2011 ejus
1281 1945 1565 1997 annuntiat
1591 1945 2005 2013 ﬁrmamentum.

2182 1940 2436 2006 Ποίησιν
2464 1939 2532 1992 δὲ
2548 1938 2763 2008 χειρῶν
2804 1939 2994 1995 αὐτοῦ
3042 1940 3407 2009 ἀναγγέλλει
3460 1941 3530 1993 τὸ
3566 1957 3716 1996 στε-

437 2028 493 2083 Si
530 2030 675 2083 hunc
703 2031 1034 2086 versiculum
1090 2034 1290 2101 prioris
1315 2035 1712 2102 expositionem
1757 2053 1884 2091 esse
1919 2039 2008 2091 in-

440 2120 675 2189 telligas,
702 2121 850 2188 quod
880 2122 991 2176 illic
1037 2122 1208 2177 caelos
1238 2121 1415 2186 dixit,
1468 2123 1555 2179 hic
1612 2126 2011 2183 ﬁrmamentum

432 2219 597 2264 vorat
623 2220 706 2266 :et
733 2213 877 2281 quod
912 2213 986 2267 illi
1020 2224 1269 2277 narrant,
1293 2217 1725 2284 hicannuntiat;
1760 2220 2017 2289 quodque

435 2303 552 2357 illic
584 2303 835 2372 gloriam,
865 2304 954 2359 hic
989 2320 1153 2375 opera
1190 2322 1492 2373 manuum;
1527 2317 1583 2364 et
1613 2309 1681 2363 ad
1739 2325 2009 2366 snmma'n

435 2411 635 2450 sensus
662 2406 767 2458 est,
800 2398 943 2467 quod
979 2400 1178 2453 caelum
1212 2401 1356 2453 istud
1391 2409 1602 2456 tantum
1657 2404 1805 2473 quod
1858 2405 2012 2459 vide-

435 2495 545 2553 tur,
579 2489 854 2546 sufﬁt-iens
882 2500 963 2546 est
1001 2501 1167 2561 atque
1190 2492 1424 2549 idoneus
1445 2495 1662 2562 doctor,
1690 2497 1757 2548 ad
1787 2497 2013 2552 demon-

436 2581 719 2634 strandam
762 2581 984 2636 factoris
1047 2583 1129 2636 sui
1179 2584 1688 2651 magniﬁcentiam:
1734 2604 1899 2657 quam
1955 2596 2015 2642 et

433 2671 663 2741 gloriam
696 2672 807 2736 Dei,
842 2684 899 2728 et
928 2688 1093 2742 opera
1134 2689 1392 2729 manuum
1432 2677 1553 2746 ejus
1583 2680 1897 2749 appellavit.

508 2848 674 2902 \‘lns.
703 2848 738 2902 3
775 2848 897 2902 Dies
929 2849 1040 2902 diei
1064 2859 1270 2904 eructat
1288 2852 1518 2906 verbum.
1551 2854 1608 2910 Si
1635 2868 1791 2917 casu,
1818 2857 2017 2924 inquit.

434 2955 498 2994 ac
526 2948 725 3009 sponte
777 2955 873 2996 sua
901 2943 1141 2998 mundus
1168 2954 1474 3014 regeretur,
1520 2945 1639 3002 dies
1672 2957 2013 3017 noctesque,

433 3047 564 3085 suos
591 3041 775 3088 certos
809 3035 1075 3090 terminos
1104 3050 1212 3089 non
1263 3047 1555 3092 servarent
1590 3056 1604 3091 :
1635 3055 1822 3094 verum
1863 3050 2013 3098 tanta

433 3120 638 3188 nhique
693 3129 841 3191 patet
873 3125 926 3177 in
964 3134 1078 3179 toto
1109 3127 1243 3181 orhe
1287 3128 1461 3198 ipsius
1504 3130 1595 3184 Dei
1648 3132 2012 3201 providentia,

2119 2032 2340 2100 ρέωμα.
2364 2030 2426 2083 Ei
2455 2030 2550 2084 τοῦ
2578 2031 2795 2101 πρώτου
2843 2030 3030 2101 στίχου
3087 2030 3179 2084 τὸν
3230 2029 3482 2099 δεύτερον
3534 2031 3712 2103 λάϐῃς

2126 2120 2617 2189 ἑφερμηνευτικδν,
2665 2121 2725 2174 ὃν
2749 2120 2807 2173 ὲν
2845 2120 3043 2191 ἐκείνῳ
3098 2122 3370 2190 κέκληκεν
3402 2122 3703 2191 οὐρανοὺς,

2120 2212 2278 2265 τοῦτο
2309 2208 2463 2265 εἶπεν
2505 2214 2565 2265 ὲν
2605 2212 2782 2283 τούτῳ
2830 2214 3120 2283 στερέωμα
3142 2228 3156 2243 ·
3177 2217 3270 2267 καὶ
3296 2214 3326 2267 ὃ
3358 2215 3706 2284 διηγοῦνται,

2118 2305 2280 2359 τοῦτο
2306 2305 2629 2373 ἀναγγέλλει
2659 2321 2675 2337 ο
2707 2305 2843 2358 καὶό
2880 2305 3042 2370 δόξαν
3071 2307 3275 2369 έκεῖνο,
3301 2304 3462 2360 τοῦτο
3484 2306 3712 2375 ποίησιν

2128 2395 2348 2468 χειρῶν,
2378 2398 2500 2467 ῆτοι
2529 2395 2816 2466 ἐργασίαν.
2842 2395 3138 2465 Συντύμως
3193 2395 3252 2449 δὲ
3299 2396 3498 2459 εἰπεῖν,
3546 2393 3713 2448 τοῦτό

2110 2505 2314 2559 ςφησιν,
2360 2484 2447 2541 ’ὅτι
2503 2486 2733 2557 οὐρανὸς
2790 2489 2955 2556 μόνον
3026 2486 3375 2557 φαινόμενος,
3424 2485 3715 2556 αὐτάρκης

2126 2577 2584 2641 ὲστὶδιδάσκαλος
2633 2576 2729 2631 τοῦ
2781 2576 3152 2647 πεποιηκότος
3204 2575 3369 2629 αὑτὸν
3409 2575 3549 2629 Θεοῦ
3603 2574 3709 2642 τῆς

2132 2668 2542 2737 μεγαλουργίας
2573 2684 2587 2697 ·
2614 2666 2822 2738 ταύτην
2853 2666 2960 2737 γὰρ
2984 2665 3240 2736 ὠνόμασε
3271 2665 3366 2720 καὶ
3387 2665 3567 2730 δόξαν,
3607 2665 3705 2717 καὶ

2126 2761 2349 2831 ποίησιν
2373 2758 2594 2830 χειρῶν.

2207 2850 2426 2920 Ἡμέρα
2449 2849 2523 2917 τῇ
2552 2849 2742 2917 ἡμέρᾳ
2768 2846 3072 2917 ἐρεύγεται
3086 2844 3274 2915 ῥῆμα.
3302 2845 3367 2901 Ei
3391 2845 3712 2916 αὐτόματος

2122 2944 2152 2995 ὁ
2191 2941 2394 3010 κόσμος
2428 2941 2700 3011 ἐφέρετο,
2746 2939 2847 2992 οὐκ
2899 2937 2968 2991 ἃν
3013 2938 3247 3010 ἐτήρουν
3290 2938 3421 3000 τοὺς
3462 2936 3708 2999 οίκείους

2122 3036 2282 3105 ὅρους
2321 3035 2377 3088 αί
2428 3032 2633 3103 ἡμέραι
2671 3032 2765 3085 καὶ
2813 3031 2872 3084 αι
2903 3029 3119 3092 νύκτες.
3177 3028 3295 3082 Νῦν
3337 3029 3394 3083 δὲ
3447 3026 3708 3082 τοσοῦτον

2125 3124 2433 3195 προνοητής
2474 3126 2593 3178 ἐστι
2622 3123 2718 3176 τοῦ
2764 3124 2991 3188 παντὸς,
3022 3120 3099 3185 ὡς
3141 3121 3249 3175 ὑπὸ
3288 3122 3390 3191 τῆς
3420 3120 3562 3188 ἄγαν
3605 3120 3705 3172 εῦ-

434 3222 493 3266 nt
532 3232 594 3269 ex
625 3223 736 3268 tam
781 3224 981 3272 exacto
1009 3232 1075 3273 ac
1103 3218 1353 3290 diligenti
1389 3237 1571 3277 rerum
1617 3225 1835 3291 ordine,
1863 3230 2015 3296 prior

2124 3217 2315 3283 ταξίας
2352 3218 2529 3271 δοκεῖν
2559 3217 2661 3284 τὴν
2693 3215 2919 3287 πρώτην
2959 3214 3176 3284 ἡμέραν
3200 3214 3289 3267 ἀεὶ
3334 3212 3434 3282 τὴν
3474 3212 3601 3281 ἑξῆς
3625 3211 3709 3264 δι-

434 3304 553 3360 dies
586 3307 838 3361 videatur
868 3310 1389 3382 subsequentemse
1416 3313 1561 3368 diem
1594 3316 1799 3371 docere
1829 3319 2014 3372 deter—

2119 3312 2341 3365 δὰσκειν
2376 3310 2504 3379 περὶ
2530 3308 2625 3362 τοῦ
2668 3310 2799 3378 ὅρου
2836 3308 2938 3372 τῆς
2968 3306 3465 3377 ἀποκληρωθείσης
3502 3306 3705 3367 αὑταῖς

434 3397 796 3452 minutionem
832 3398 980 3456 illius
1014 3402 1224 3456 ordinis
1258 3404 1351 3470 qni
1382 3404 1431 3458 ei
1487 3406 1828 3465 ohventurus
1883 3423 1963 3467 εει
1996 3432 2010 3479 ;

434 3485 651 3541 videtur
683 3489 833 3543 enim
868 3491 1277 3565 quodammodo
1309 3494 1428 3563 ipsa
1463 3495 1582 3551 dies
1612 3501 2007 3567 ernctare,hoc

433 3584 541 3644 est,
584 3580 898 3644 signiﬁcare
925 3582 1150 3637 verbum
1183 3598 1198 3636 :
1236 3586 1338 3641 hoc
1368 3596 1475 3651 est,
1521 3589 1837 3645 mandatum
1895 3590 2014 3655 Dei,

433 3668 583 3735 quod
617 3669 684 3725 de
719 3670 1031 3740 huiusmodi
1057 3673 1317 3729 nimirum
1338 3676 1537 3731 ordine
1559 3678 1629 3733 ab
1649 3694 1718 3734 eo
1746 3684 2020 3739 constitu-

430 3769 545 3814 tum
576 3770 691 3816 est.

508 3851 578 3905 Et
607 3869 713 3907 nox
743 3856 884 3909 nocti
909 3859 1197 3912 annuntiat
1242 3861 1546 3919 scientiam.
1586 3863 1700 3921 Iloc
1757 3867 1925 3922 etiam
1966 3871 2019 3924 in

435 3941 720 4008 noctibus,
783 3943 979 4013 inquit,
1041 3947 1229 4004 videre
1274 3951 1422 4005 licet.
1471 3953 1768 4013 Scientiam
1816 3970 2020 4027 autem,

440 4034 544 4087 hoc
573 4044 656 4087 est
681 4034 991 4091 doctrinam
1028 4040 1095 4093 de
1136 4043 1540 4101 constitutione
1601 4048 1863 4104 nimirum
1914 4051 2013 4107 hu-

426 4125 673 4192 jusmodi
705 4126 946 4195 ordinis,
982 4131 1077 4200 qni
1124 4140 1277 4189 tanta
1326 4152 1451 4191 cum
1483 4140 1667 4209 regula
1703 4144 2020 4201 moderatus

429 4226 519 4271 est
552 4224 612 4270 ut
640 4228 834 4275 noctes
863 4237 927 4277 ac
971 4223 1092 4279 dies
1119 4237 1315 4282 mutuo
1364 4245 1472 4284 non
1506 4233 1771 4289 laedantur
1823 4254 1839 4295 ξ
1886 4238 2019 4306 quin

432 4307 543 4363 imo
586 4318 696 4366 tam
730 4322 881 4370 recte
906 4318 1095 4373 omnia
1132 4319 1397 4390 disposita
1428 4333 1579 4388 sunt,
1626 4335 1685 4381 ut
1733 4329 1898 4383 certis
1936 4332 2018 4385 vi-

429 4399 589 4455 cibus
620 4403 797 4460 ’πιοΰο
832 4405 978 4463 diem
1013 4423 1144 4475 nox,
1198 4414 1362 4469 modo
1386 4424 1613 4470 noctem
1666 4419 1806 4483 dies,
1838 4421 2016 4492 longi-

432 4488 625 4547 tudine
662 4503 925 4563 superet,
1013 4507 1069 4551 ct
1124 4500 1287 4556 modo
1305 4502 1507 4573 {aequis
1557 4507 1721 4562 etiam
1771 4488 2019 4578 partihns

2115 3402 2346 3467 τάξεως.
2381 3401 2596 3472 Τρύττον
2636 3400 2745 3472 γάρ
2771 3417 2894 3453 τινα
2921 3398 3214 3470 ἐρεύγεται
3250 3398 3411 3467 αὐτῇ,
3452 3396 3704 3450 τουτέστι

2120 3495 2317 3566 μηνύει
2349 3495 2501 3565 ῥῆμα
2522 3511 2534 3524 ·
2588 3494 2708 3564 ἤτοι
2756 3491 2818 3545 τὸ
2847 3492 2976 3561 περὶ
3013 3491 3208 3545 τούτου
3239 3492 3575 3561 πρόσταγμα
3604 3488 3704 3542 τοῦ

2118 3587 2279 3642 Θεοῦ.

2193 3861 2302 3916 Kal
2327 3860 2441 3926 νὺξ
2467 3859 2639 3915 νυκτὶ
2664 3862 3027 3929 ἀνατγελλει
3054 3859 3298 3928 γνῶσιν.
3331 3857 3502 3910 Τοῦτο
3529 3859 3581 3911 δὲ
3608 3859 3707 3909 καὶ

2123 3955 2216 4008 ἐπὶ
2248 3954 2357 4008 τῶν
2399 3953 2612 4006 νυκτῶν
2645 3951 2796 4005 ἔστιν
2847 3951 2997 4004 ἰδεῖν·
3059 3950 3264 4018 γνῶσιν
3312 3951 3392 4015 δὲ,
3450 3951 3569 4021 ἦτοι
3601 3950 3705 4019 τὴν

2121 4046 2476 4101 διδασκαλίαν
2519 4045 2648 4116 περὶ
2677 4043 2772 4097 τοῦ
2808 4045 2939 4125 open
2975 4043 3080 4113 τῆς
3107 4042 3343 4110 τάξεως,
3381 4042 3458 4106 ὼς
3502 4042 3578 4113 μὴ
3609 4042 3708 4095 ἀλ-

2121 4139 2312 4209 λήλαις
2349 4135 2732 4206 λυμαίνεσθαι,
2765 4134 2905 4188 ἀλλὰ
2931 4135 3027 4188 καὶ
3055 4132 3206 4198 τάξει
3236 4133 3366 4198 τινὶ,
3397 4134 3556 4188 τοῦτο
3601 4134 3704 4202 μὲν

2121 4231 2220 4294 τὰς
2259 4230 2472 4301 ἡμέρας
2500 4227 2871 4292 πλεονεκτεῖν,
2901 4226 3061 4280 τοῦτο
3087 4226 3147 4279 δὲ
3174 4226 3273 4289 τὰς
3293 4226 3521 4286 νύκτας,
3545 4225 3709 4278 τοῦτο

2118 4323 2165 4376 δ’
2203 4323 2521 4393 ἰσομοιρεῖν,
2538 4320 2631 4374 καὶ
2661 4319 2751 4373 διὰ
2774 4318 2992 4373 πάντων
3022 4318 3407 4389 εὖαρμοστείν.
3448 4319 3516 4371 Ἢ
3545 4318 3709 4388 ἐρεύ-

2121 4431 2280 4482 γεται
2324 4414 2500 4485 ῥῆμα,
2538 4413 2633 4465 καὶ
2657 4409 2984 4480 ἀναγγέλλει
3019 4411 3245 4479 γνῶσιν,
3281 4411 3367 4463 ὅτι
3412 4412 3530 4464 ἐστὶ
3569 4411 3706 4481 πρό-

2121 4523 2242 4560 νοια
2266 4505 2425 4559 Θεοῦ·
2449 4503 2603 4569 τάξις
2631 4503 2758 4572 γὰρ,
2794 4503 3055 4570 προνοίας
3085 4500 3429 4564 διδάσκαλος.
3469 4501 3706 4563 Ἄλλως·

429 4589 687 4637 contenta
735 4585 869 4654 sint,
932 4598 989 4642 et
1048 4589 1104 4644 in
1166 4596 1426 4651 omnibus
1468 4606 1661 4653 tamen
1721 4602 2013 4656 maximam

2131 4599 2347 4669 Ἡμέρα
2380 4599 2500 4668 μὲν,
2536 4599 2566 4650 ὁ
2603 4598 2821 4667 Πατήρ’
2862 4597 3047 4665 ἡμέρα
3094 4596 3174 4659 δὲ,
3211 4596 3306 4648 καὶ
3355 4595 3385 4646 ὁ
3436 4594 3583 4658 Υἱὸς,
3615 4595 3710 4647 διὰ

431 4674 862 4731 concinnitatem
908 4688 963 4733 et
986 4687 1427 4742 convenientiam
1448 4690 1852 4750 demonstrent.
1886 4693 2007 4759 Vel,

426 4773 632 4819 eructat
662 4769 873 4824 verbum
905 4780 961 4826 et
1022 4779 1309 4831 annuntiat
1359 4783 1657 4851 scientiam,
1710 4786 1778 4840 de
1834 4789 2016 4856 provi-

431 4853 625 4911 dentia
685 4858 805 4914 Dei.
839 4861 961 4931 Ipse
981 4866 1127 4920 enim
1158 4868 1317 4933 ordo,
1346 4874 1744 4939 providentiam
1780 4853 1872 4932 Dei
1892 4894 2019 4933 esse

2118 4693 2219 4763 τὴν
2253 4692 2451 4761 αἴγλην
2485 4691 2580 4759 τῆς
2607 4689 2882 4757 θεότητος.
2918 4688 3086 4755 Λέγει
3110 4688 3169 4741 δὲ
3191 4689 3220 4741 ὁ
3248 4687 3445 4757 Πατὴρ
3473 4686 3549 4756 τῷ
3579 4688 3707 4753 1⁸ἱῴ-

2132 4783 2229 4837 καὶ
2264 4782 2371 4851 γάρ
2402 4797 2593 4850 φησιν·
2636 4778 2786 4849 Ἐγὼ
2833 4779 2902 4843 ἐξ
2936 4779 3200 4847 ἐμαυτοῦ
3228 4781 3343 4832 οὐκ
3383 4778 3660 4844 ἐλάλησα
3687 4816 3705 4843 ,

2114 4876 2253 4931 ἀλλ’
2310 4876 2343 4928 ὁ
2403 4872 2645 4941 πέμψας
2674 4889 2751 4941 με
2800 4870 3024 4937 Πατὴρ,
3078 4872 3264 4935 αὐτός
3302 4887 3405 4939 μοι
3443 4870 3708 4953 ἐντολῖιν

430 4961 538 5001 nos
594 4950 779 5006 docet.
810 4950 910 5009 Vel
940 4955 1124 5021 aliter,
1162 4960 1282 5016 dies
1339 4962 1449 5018 dici
1513 4976 1696 5034 potest
1734 4966 1914 5033 Pater,
1962 4977 2015 5025 et

2119 4967 2334 5022 δέδωκε
2378 4965 2434 5019 τί
2455 4964 2623 5026 clm,
2665 4963 2764 5017 καὶ
2794 4964 2851 5015 τί
2874 4962 3153 5031 λαλήσω.
3197 4962 3314 5030 Νὺξ
3369 4962 3427 5016 δὲ
3478 4950 3707 5016 adhuc

426 5038 551 5095 dies
608 5040 802 5113 Filius,
869 5063 965 5116 per
1021 5064 1369 5110 communem
1417 5059 1635 5127 utrique
1706 5060 2015 5117 divinitatis

2122 5057 2362 5129 Χριστὸς
2383 5095 2398 5118 ,
2429 5054 2573 5108 κατὰ
2602 5054 2703 5121 τὴν
2736 5053 3138 5124 ἁνθρωπότητα
3161 5093 3177 5114 .
3233 5054 3372 5125 πρὸς
3414 5055 3708 5124 σύγκρισιν

428 5133 804 5199 splendorem.
836 5142 1090 5214 [Ernctat
1114 5146 1302 5216 igitur,
1334 5150 1442 5206 hoc
1469 5150 1602 5225 est,]
1655 5152 1791 5207 dicit
1847 5152 2012 5209 Pater

2123 5149 2223 5218 τῆς
2253 5146 2528 5216 θεότητος,
2581 5145 2677 5198 καὶ
2728 5143 3058 5212 ἀναγγέλλει
3112 5147 3179 5216 τῇ
3236 5145 3708 5210 νυκτὶ,τουτέστι,

426 5225 567 5281 Filio
603 5231 870 5300 verbum,‘.
903 5235 1060 5305 jutta
1096 5238 1229 5293 illud
1276 5257 1292 5296 :
1340 5241 1453 5310 Ego
1508 5260 1542 5297 α
1581 5261 1661 5298 me
1711 5244 1825 5315 ipso
1857 5245 2006 5299 locu-

2119 5243 2228 5303 τοῖς
2259 5236 2571 5310 ἀνθρώποις
2610 5235 2964 5304 θεογνωσίαν.

428 5330 510 5376 tus
541 5340 660 5380 sum
690 5328 844 5393 nihil,
881 5333 975 5386 sed
993 5333 1084 5401 qui
1110 5335 1252 5391 misit
1273 5353 1353 5392 me
1377 5335 1558 5406 Pater,
1600 5338 1690 5394 ille
1720 5340 1849 5395 mihi
1893 5338 2207 5394 mandatum
2231 5333 2398 5403 dedit,
2453 5332 2583 5405 quid
2602 5332 2803 5400 dicam,
2832 5342 2884 5388 et
2924 5332 3052 5403 quid
3110 5333 3299 5402 loquar
3327 5332 3392 5385 ⁸³.
3455 5330 3517 5385 Et
3580 5343 3709 5384 rnr-

428 5426 524 5469 aus
558 5433 668 5473 nox
716 5419 972 5478 Christus
999 5432 1109 5489 est,
1140 5427 1448 5485 secundum
1498 5431 1923 5496 humanitatem,
1993 5431 2041 5486 si
2072 5428 2354 5485 divinitati
2424 5435 2800 5499 comparetur,
2846 5442 2970 5498 qua:
3012 5442 3122 5482 nox
3183 5426 3480 5481 annuntiat
3526 5428 3702 5502 nocti,

427 5508 534 5562 hoc
564 5520 652 5567 est
688 5515 810 5568 aliis
839 5516 1178 5585 hominibus,
1203 5521 1521 5589 scientiam,
1551 5532 1607 5579 et
1631 5524 2003 5595 cOgnitioucm
2045 5523 2115 5579 de
2136 5523 2266 5579 Deo.

509 5598 629 5657 Van
646 5620 691 5657 ε.
716 5604 773 5660 4.
806 5607 929 5664 Non
958 5622 1083 5667 sunt
1122 5614 1346 5685 ίοιμιοίιε
1367 5635 1531 5681 neque
1580 5637 1848 5687 sermones
1869 5636 2004 5690 quo-

430 5705 551 5747 rum
587 5709 694 5749 non
719 5699 1014 5757 audiuntur
1037 5721 1183 5762 voces
1233 5713 1465 5765 eorum?
1504 5710 1640 5768 Cum
1700 5712 2005 5785 interroga-

508 5874 554 5908 "
575 5871 735 5928 Joan.
781 5877 1001 5936 311.19.

2186 5620 2310 5675 Οὐκ
2334 5618 2457 5673 eici
2492 5618 2702 5673 JaJtal
2728 5618 2874 5673 οὐδὲ
2900 5620 3073 5686 λόγοι
3100 5611 3190 5671 ὧν
3218 5616 3355 5686 οὐχὶ
3379 5617 3706 5674 ἀκούονται

2115 5717 2173 5769 al
2231 5712 2419 5782 φωναὶ
2469 5710 2711 5777 anno)»;
2765 5708 3231 5782 Ἐρωτηματικῶς
3285 5710 3700 5779 ἀναγνωστέον,
