4116 6464
446 430 555 495 253
1682 443 2065 510 COMMENT.

2169 449 2199 512 Ἴ
2240 450 2607 520 PSALMOS.
3638 466 3746 530 254

444 550 653 604 ὡσανεὶ
676 547 941 623 λέγοντος
964 552 1064 606 τοῦ
1088 549 1409 627 Δαεὶδ,⁷Δρ“
1428 554 1531 611 οὐκ
1571 554 1678 609 elei.
1702 555 1908 624 λαλιαὶ,
1931 557 2053 613 οὐδὲ

2169 565 2309 621 tione
2349 566 2641 638 tegendum
2669 579 2756 627 est
2787 586 2803 637 ;
2833 572 2991 641 quasi
3050 573 3203 631 dicat
3244 592 3258 630 :
3300 575 3584 648 Numquid
3635 592 3747 635 non

446 647 604 714 λόγοι
640 646 749 699 τῶν
782 645 1017 717 ἀψύχων
1070 648 1278 703 τούτων
1319 650 1642 721 κτισμάτων
1669 651 1881 719 αὐτῶν,
1929 652 2053 706 οὐδὲ

2169 663 2283 710 mut
2313 655 2565 727 loquelae,
2600 675 2779 731 neque
2804 678 3091 722 sermones
3134 680 3324 722 earum
3379 645 3565 724 rerum
3624 685 3749 739 quae

448 741 632 809 φωναὶ
665 740 1002 809 ἀκούονταις
1056 741 1149 813 Μὴ
1178 744 1530 813 ἀκουομένης
1576 744 1687 815 γάρ
1736 746 1835 815 τῆς
1872 744 2057 799 αὐτῶν

2169 749 2337 803 mima
2382 760 2595 819 carent,
2650 764 2705 810 et
2734 771 2968 826 quarum
3031 774 3196 816 voces
3234 778 3342 816 non
3405 763 3750 818 audiuntur?

451 833 666 902 φωνῆς,
720 833 875 905 παρά
904 834 967 888 τὸ
1006 832 1086 906 μὴ
1125 828 1290 897 εἶναι,
1336 834 1494 901 δῆλον
1541 835 1664 889 οὐδὲ
1712 833 1896 899 λαλιὰ,
1932 835 2055 889 οὐδὲ

2169 837 2288 893 Nam
2321 856 2448 896 cum
2492 844 2647 899 nulla
2678 861 2870 903 earum
2907 849 3164 907 audiatur
3193 869 3322 920 vox,
3366 857 3495 923 quia
3533 855 3750 910 scilicet

449 924 619 991 λόγος
672 926 852 982 ἔσται’
896 929 1045 1002 μέρη
1102 930 1213 1001 γὰρ
1244 929 1418 983 ταῦτα
1468 932 1569 1001 τῆς
1605 928 1811 998 φωνῆς.
1866 926 2057 993 Οὕτως

2169 931 2361 987 nullam
2393 933 2618 1002 habent,
2640 939 2866 996 credere
2898 944 3063 997 etiam
3119 944 3246 1015 quis
3300 951 3568 1016 potuisset
3598 947 3747 1016 quod

452 1018 773 1089 ἀπορήσας,
805 1021 1010 1090 ἐπάγει
1039 1024 1140 1094 τὴν
1167 1022 1350 1076 λύσιν.
1424 1092 1427 1097 Ι

2175 1037 2254 1077 nec
2292 1023 2508 1094 loquela
2543 1043 2644 1083 nec
2676 1044 2859 1086 sermo
2889 1047 3077 1087 earum
3116 1035 3294 1089 audiri
3331 1035 3525 1105 possit.
3590 1036 3737 1089 Sunt

454 1128 644 1171 autem
676 1118 895 1190 loquela
924 1131 1209 1187 etsermo,
1255 1122 1407 1177 vocis
1440 1128 1677 1191 partes:
1753 1134 1994 1189 cumque
2048 1117 2449 1178 dubitationem
2513 1131 2747 1184 moverit
2820 1129 3101 1200 subjungit
3158 1132 3513 1187 solutionem.
3614 1115 3751 1204 [Iist

456 1206 631 1262 etiam
667 1207 1249 1277 llebrairumidioma,
1287 1210 1620 1280 antepositio
1653 1210 1743 1263 illa
1784 1211 2192 1280 pronominum,
2262 1229 2509 1282 quorum,
2562 1232 2768 1273 eorum.
2842 1218 3045 1275 Verum
3099 1221 3239 1277 ordo
3294 1223 3377 1278 sic
3433 1223 3545 1285 liat,
3621 1239 3750 1276 cum

456 1301 920 1371 interrogatione.
974 1314 1033 1360 ut
1107 1305 1351 1362 diximus
1394 1306 1563 1363 :Non
1629 1316 1759 1361 sunt
1838 1308 2062 1374 loqueLe
2098 1322 2276 1377 neque
2351 1324 2643 1371 sermones
2694 1329 2906 1383 eorum,
2960 1332 3195 1389 quorum

460 1395 693 1469 voccsij

534 1488 644 1555 Εἰς
674 1486 889 1545 πᾶσαν
914 1489 1031 1557 τὴν
1063 1490 1182 1559 γῆν
1204 1490 1465 1558 ἐξῆλθεν
1484 1494 1517 1546 ό
1550 1492 1813 1561 φθόγγος
1836 1488 2059 1553 αὐτῶν,

3287 1333 3398 1373 non
3449 1318 3754 1373 audiuntur

2238 1491 2401 1551 Vens.
2428 1496 2583 1552 ὅλη
2618 1515 2823 1554 onmem
2857 1510 3051 1554 terram
3078 1502 3241 1556 exivit
3271 1518 3431 1557 sonus
3466 1520 3668 1568 eorum,
3705 1513 3755 1557 et

456 1581 562 1635 καὶ
621 1584 715 1647 εις
763 1583 833 1634 τὰ
887 1580 1116 1650 πέρατα
1177 1582 1288 1649 τῆς
1327 1585 1691 1653 οἰκουμένης
1727 1582 1801 1636 τὰ
1821 1581 2062 1653 ῥήματα

2169 1586 2218 1639 in
2240 1587 2372 1655 ﬁnes
2401 1587 2545 1642 orbis
2574 1599 2728 1646 terra:
2754 1591 2910 1645 verba
2968 1608 3173 1647 eorum.
3220 1592 3498 1659 Profecto,
3552 1593 3753 1663 inquit,

455 1674 685 1729 αὐτῶν.
736 1676 868 1740 Ναὶ,
906 1676 1062 1744 φησι,
1108 1675 1375 1730 τοσοῦτόν
1427 1678 1543 1747 (69)
1605 1678 1766 1742 elatv,
1824 1678 1910 1730 ὅτι
1967 1675 2064 1729 καὶ

2169 1678 2301 1733 tanti
2340 1690 2508 1745 sunt,
2555 1691 2611 1735 ut
2641 1682 2824 1738 otnnis
2855 1691 3002 1737 terra
3040 1684 3258 1737 illorum
3304 1701 3439 1740 voce
3468 1686 3626 1755 plena
3658 1685 3752 1747 sit,

458 1769 616 1822 πᾶσα
651 1768 687 1837 ἡ
729 1767 800 1837 γῆ
836 1768 1203 1839 πεπλήρωται
1240 1767 1336 1821 τοῦ
1393 1768 1640 1837 φθόγγου
1679 1768 1899 1833 αὐτῶν,
1938 1766 2064 1822 καθ’

2169 1764 2501 1824 declarando
2536 1778 2595 1823 ut
2623 1771 2888 1826 diximus.
2935 1772 2998 1825 Et
3027 1773 3169 1827 idem
3202 1772 3308 1829 sibi
3349 1776 3539 1829 volunt
3587 1775 3755 1829 verba

452 1863 514 1914 ὃν
539 1861 860 1931 εἰρήκαμεν
888 1861 1115 1932 τρόπον.
1148 1862 1330 1915 Ταύτὸ
1359 1861 1417 1915 δὲ
1446 1860 1673 1916 δύναται
1692 1861 1794 1917 ,καὶ
1825 1860 1905 1926 τὸ,
1958 1862 2050 1927 εἰς

2169 1874 2282 1929 quae
2300 1871 2612 1931 sequuntur
2641 1881 2654 1917 :
2684 1863 2749 1916 Et
2791 1866 2845 1918 in
2899 1867 3201 1933 ﬁnuorbis
3238 1876 3394 1921 terra:
3451 1867 3611 1921 verba
3667 1884 3758 1922 eo-

454 1954 532 2006 τὰ
578 1952 817 2021 πέρατα
866 1952 978 2020 τῆς
1012 1952 1380 2023 οἰκουμένης
1418 1956 1491 2008 τὰ
1530 1953 1775 2022 ῥήματα
1824 1951 2059 2007 αὐτῶν·

2169 1968 2304 2006 rum.
2339 1953 2419 2008 Ad
2445 1954 2709 2023 nt'ajorem
2739 1956 2886 2009 enim
2919 1958 3226 2025 emphasim
3270 1957 3391 2013 aliis
3415 1958 3599 2013 verbis
3666 1975 3757 2013 re-

458 2044 870 2114 ἐπαλιλλόγησε
896 2046 1008 2117 γὰρ
1034 2044 1329 2117 ὲμφάσεως
1350 2045 1569 2102 ἕνεκεν.
1622 2047 1971 2115 Ἐμξαντικά
2001 2045 2059 2099 δὲ

2169 2044 2411 2115 plicavit,
2452 2048 2597 2117 quod
2613 2047 2727 2117 jam
2760 2048 2993 2114 dixerat,
3022 2058 3080 2103 ut
3112 2065 3257 2119 saepe
3291 2052 3468 2104 solent
3501 2050 3752 2120 Prophe-

466 2139 682 2206 μήκους
701 2137 799 2203 καὶ
827 2136 1065 2203 πλάτους
1093 2138 1163 2193 τὰ
1188 2138 1425 2211 πέρατα,
1449 2138 1639 2211 ὥσπερ
1661 2134 1754 2193 οὖν
1785 2141 1881 2193 καὶ
1901 2138 2064 2194 λαλιὰ

469 2230 568 2281 καὶ
591 2228 755 2294 λόγος
798 2228 1017 2283 ταύτόν.
1054 2230 1215 2293 Ἕθος
1239 2229 1299 2284 δὲ
1333 2233 1449 2294 τοῖς
1480 2230 1789 2301 προφήταις
1814 2229 1910 2283 καὶ
1953 2231 2061 2300 μά-

473 2318 724 2389 λιστατῷ
753 2319 923 2374 Δαὸὶδ
952 2321 1017 2374 τὸ
1050 2320 1186 2375 αὐτὸ
1225 2322 1404 2393 νόημα
1446 2321 1516 2375 δι’
1544 2320 1721 2376 ἄλλων
1768 2322 1864 2376 xui.
1887 2322 2063 2375 ἄλλων

486 2411 1062 2482 ὶκσςὲριινόνομάτων.
1109 2415 1268 2468 Ἔστι
1293 2413 1353 2469 δὲ
1386 2414 1485 2469 καὶ
1519 2414 1697 2478 ἄλλως
1719 2416 1898 2468 είπεῖν
1921 2457 1936 2481 ,
1974 2416 2056 2469 ὅτι

480 2500 695 2568 διδάξας
732 2503 760 2556 ό
813 2504 1113 2575 Προφήτης
1155 2503 1240 2558 ὅτι
1287 2503 1359 2558 τὰ
1407 2503 1727 2575 δηλωθέντα
1777 2504 2061 2574 κτίσματα

470 2596 758 2666 μονονουχὶ
788 2595 977 2666 φωνὴν
1009 2596 1278 2664 ἀφιεῖσιν,
1313 2598 1397 2651 ὅτι
1442 2597 1575 2651 ἐστὶ
1626 2597 1862 2668 πρόνοια
1895 2598 2057 2665 Θεοῦ,

463 2685 879 2757 διαπράττουσα
903 2689 966 2742 τὸ
994 2689 1104 2743 πᾶν
1131 2690 1227 2743 καὶ
1251 2688 1570 2760 συνέχουσα,
1598 2689 1851 2760 βούλεται
1882 2708 2057 2762 προσ-

459 2779 793 2850 αγορεῦσαι,
859 2780 937 2843 ὡς
1004 2779 1116 2849 ἄρα
1159 2782 1218 2836 ἐν
1254 2780 1420 2834 παντὶ
1453 2780 1601 2834 ἔθνει
1650 2780 1869 2835 ἔσονταί
1912 2797 2063 2845 τινες

459 2871 746 2935 συνιέντες
800 2873 901 2943 τῆς
950 2871 1214 2943 τοιαύτης
1265 2875 1377 2927 τῶν
1428 2874 1659 2945 ἀψύχων
1696 2875 1907 2944 φωνῆς.
1965 2876 2060 2930 Διό

457 2981 637 3033 φησιν
662 2981 675 2992 ·
712 2965 828 3018 οὐκ
878 2965 988 3017 είσὶ
1034 2964 1222 3019 λαλιαὶ
1252 2966 1379 3019 οὐδὲ
1410 2965 1559 3036 λόγοι
1588 2967 1877 3022 διαλέκτου
1912 2968 2060 3034 τινὸς

455 3053 716 3120 ὲθνικῆς,
737 3054 807 3107 δι’
831 3048 909 3109 ὧν
942 3053 1065 3123 οὐχὶ
1088 3054 1407 3122 ἀκούονται,
1438 3058 1748 3123 τουτέστιν,
1780 3058 2060 3129 ἐπαγγέλ-

456 3144 654 3200 λονται
692 3145 1108 3217 αίδηλωθεῐσαι
1134 3147 1245 3200 τῶν
1291 3148 1613 3219 κτισμάτων
1643 3149 1905 3220 ἀλάλητοι
1947 3169 2062 3220 φω-

456 3238 579 3292 ναί.
611 3236 788 3291 Τοῦτο
818 3237 877 3291 δὲ
901 3238 1245 3295 τετάλτσταν
1271 3239 1552 3310 πανταχοῦ
1592 3240 1701 3309 γάρ
1732 3240 1836 3310 τῆς
1861 3240 1966 3310 γῆς
2000 3242 2059 3293 ὲν

2167 2143 2261 2203 tae,
2298 2144 2352 2193 et
2400 2138 2677 2211 praecipue
2740 2140 2935 2196 beatus
2977 2141 3169 2196 David.
3215 2142 3309 2197 Vel
3352 2142 3512 2196 aliter
3554 2159 3569 2197 :
3615 2143 3755 2197 Cum

2164 2227 2414 2286 docuerit
2457 2228 2730 2301 Propheta
2790 2238 3073 2287 creaturas
3111 2231 3369 2302 superius
3412 2247 3757 2287 commemo-

2166 2326 2340 2386 ratas,
2399 2334 2588 2375 vocem
2650 2320 3059 2389 quodammodo
3127 2324 3404 2389 emittere,
3458 2339 3523 2379 ac
3594 2324 3751 2378 fateri

2166 2412 2571 2481 providentiam
2622 2412 2741 2480 Dei,
2796 2428 2903 2484 qua
2927 2414 3188 2469 universa
3219 2425 3509 2485 reguntur,
3533 2430 3595 2470 ac
3626 2431 3763 2471 eon-

2164 2507 2432 2572 tinentur,
2460 2506 2678 2562 tametsi
2710 2516 2765 2562 et
2795 2507 2999 2571 anima,
3062 2514 3117 2564 et
3175 2508 3466 2562 articulata
3517 2515 3750 2563 careant

2165 2612 2337 2664 voce;
2376 2598 2537 2653 modo
2580 2599 2911 2668 praedicens,
2944 2598 3226 2669 quomodo
3262 2598 3490 2654 inomni
3523 2616 3757 2670 genera»

2166 2688 2313 2742 tione
2369 2702 2583 2757 semper
2610 2696 2777 2743 erunt
2824 2688 3016 2757 aliqui,
3045 2688 3136 2757 qui
3164 2687 3477 2757 hujusmodi
3540 2697 3763 2742 creatu-

2164 2796 2352 2835 rarum
2387 2794 2579 2835 vocem
2614 2780 2945 2850 intelligant,
2974 2779 3162 2835 subdit
3193 2795 3303 2835 non
3333 2795 3458 2835 esse
3513 2779 3764 2849 loquelas

2166 2881 2261 2926 aut
2286 2886 2572 2926 sermones
2598 2871 2836 2939 alicujus
2867 2870 3167 2937 idiomatis,
3193 2886 3291 2941 per
3312 2886 3461 2940 quos
3515 2887 3624 2925 non
3659 2885 3764 2923 au-

2163 2964 2424 3028 diuntur,
2502 2962 2605 3017 hoc
2654 2972 2761 3029 est,
2840 2978 2950 3017 non
3000 2962 3402 3016 annuntientur
3458 2971 3621 3015 mutze
3662 2962 3767 3017 illa:

2165 3065 2547 3112 creaturarum
2586 3068 2769 3120 voces,
2818 3054 2886 3109 de
2946 3054 3147 3125 quibus
3196 3052 3405 3108 dictum
3461 3061 3567 3109 est.
3633 3052 3768 3118 Qun:

2163 3148 2454 3218 pr0phetia
2487 3147 2598 3216 jam
2650 3147 2875 3216 impleta
2908 3155 3014 3212 est,
3042 3147 3304 3215 quoniam
3353 3146 3559 3215 ubique
3616 3145 3766 3199 Gen-

2166 3241 2301 3294 tium
2329 3249 2482 3306 sunt,
2519 3239 2613 3308 qui
2642 3239 2957 3308 intelligunt
2981 3246 3035 3291 et
3095 3238 3430 3291 annuntiant
3471 3237 3767 3304 providen-

458 3329 640 3382 παντὶ
681 3328 828 3382 ἔθνει
858 3331 910 3382 οἱ
959 3331 1257 3395 συνιέντες,
1290 3329 1760 3399 ἀπαγγέλλουσιν,
1811 3331 1896 3385 ὅτι
1941 3332 2059 3385 ἐστὶ

2172 3333 2306 3385 tiam
2346 3330 2463 3386 Dei.
2519 3330 2577 3384 ln
2622 3330 2724 3384 hac
2783 3330 2972 3382 ultima
3011 3336 3193 3381 tamen
3254 3328 3607 3397 expositione
3644 3343 3769 3381 ver-

457 3422 709 3492 πρόνοια
739 3420 897 3476 Θεοῦ.
954 3422 1083 3476 Ἐπὶ
1112 3421 1300 3491 μέντοι
1345 3420 1443 3475 τοῦ
1474 3422 1746 3491 παρόντος
1779 3422 2058 3492 νοήματος

456 3514 548 3577 τὸ,
586 3512 960 3576 ’Δκούονται,
1003 3513 1124 3565 ἀντὶ
1173 3512 1294 3578 τοῦ,
1348 3512 1817 3582 Ἀκουσθήσονται
1869 3514 2059 3582 νοήσο-

464 3619 593 3672 μεν,
624 3604 751 3656 κατ’
783 3601 1151 3672 ἀντιχρονίαν.
1174 3605 1244 3655 ’Ἦ
1273 3605 1369 3657 καὶ
1387 3603 1465 3675 τῷ
1482 3605 1741 3659 ἐνεστῶτι
1763 3605 2056 3675 ἐχρήσατο,

459 3694 559 3747 διὰ
594 3694 702 3765 τήν
731 3692 1102 3764 προφητείαν,
1134 3693 1210 3758 ὡς
1248 3695 1351 3766 ήδη
1383 3696 1653 3766 γινόμενα
1685 3695 1753 3751 τὰ
1795 3696 2061 3766 μέλλοντα

464 3792 803 3862 βλέπουσαν.

550 3888 661 3942 Ἐν
690 3887 773 3954 τῷ
801 3889 954 3956 ἡλίῳ
981 3888 1148 3944 ἔθετο
1183 3888 1251 3943 τὸ
1286 3888 1581 3956 σκήνωμα
1609 3885 1820 3940 αὐτοῦ.
1861 3884 1921 3941 '0
1965 3885 2064 3954 μὲν

458 3977 596 4041 νοῦς
648 3977 744 4030 τοῦ
789 3978 953 4049 ῥητοῦ
986 3978 1233 4043 τοιοῦτός
1279 3980 1451 4032 ἐστιν’
1489 3977 1573 4031 ὅτι
1606 3975 1747 4047 ήλίῳ
1795 3974 1986 4039 ἔταξεν
2036 3974 2065 4027 ό

459 4068 606 4131 Θεὸς
636 4068 924 4122 κατοικίαν
967 4070 1028 4123 ἐν
1055 4069 1137 4139 τῷ
1173 4066 1395 4141 οὐρανῷ
1416 4084 1431 4099 ·
1489 4066 1627 4137 φησὶ
1657 4065 1769 4137 γὰρ
1816 4062 2066 4131 Μωῦσῆς

460 4162 606 4230 περὶ
647 4160 757 4213 τῶν
784 4160 877 4213 δύο
917 4162 1229 4230 φωστήρων
1274 4159 1385 4213 τῶν
1438 4158 1717 4230 μεγάλων’
1745 4155 1858 4211 Kal
1895 4156 2070 4209 ἔθετο

459 4250 699 4316 αὐτοὺς
748 4250 819 4303 ἐν
860 4249 943 4316 τῷ
990 4249 1355 4320 στερεώμητι
1406 4249 1516 4304 τοῦ
1564 4247 1851 4317 οὐρανοῦ,
1910 4246 2070 4299 ὥστε

462 4344 718 4412 φαίνειν
746 4342 844 4395 ἐπὶ
876 4342 987 4411 τῆς
1012 4342 1147 4412 τῆς.
1189 4342 1381 4408 Ἔδοξε
1419 4341 1477 4395 δὲ
1503 4342 1619 4404 τοῖς
1645 4339 1869 4401 πολλοῖς
1904 4337 2072 4392 ἀσύν-

460 4450 679 4509 τακτον
703 4449 718 4464 ·
751 4436 917 4504 ἡμεῖς
947 4434 1007 4488 δὲ
1057 4436 1200 4504 μετά
1223 4435 1286 4488 τὸ
1311 4430 1607 4500 σκήνωμα
1658 4429 2068 4494 ὐποστίζοντες,

463 4525 570 4580 καὶ
597 4526 662 4578 τὺ
693 4525 881 4580 αὑτοῦ
915 4526 1174 4590 νοοῦντες
1214 4527 1291 4597 μὴ
1319 4523 1742 4595 ἀντωνυμικῶς,
1765 4521 1882 4575 ἀλλ’
1914 4522 2075 4591 ἑπιρ-

468 4617 825 4687 ρηματικῶς,
874 4617 1123 4688 εὐχερῶς
1173 4617 1234 4671 τὸ
1269 4616 1437 4688 ῥητὸν
1475 4614 1893 4684 συντόιττομιιν⁹
1937 4607 2069 4678 οἷον,

2160 3424 2315 3487 bum,
2363 3423 2906 3491 audianturmcuipi
2955 3421 3117 3475 debet
3183 3438 3281 3491 pro
3328 3422 3643 3486 audientur,
3693 3430 3756 3476 ut

2160 3519 2235 3572 sit
2264 3527 2483 3586 tempus
2519 3532 2616 3585 pro
2639 3525 2902 3586 tempore.
2935 3514 3029 3569 Vel
3064 3514 3187 3570 ideo
3221 3514 3474 3571 fortassis
3498 3516 3766 3585 prazsenti

2163 3616 2412 3676 tempore
2444 3623 2579 3662 usus
2603 3616 2709 3671 cst,
2736 3608 2867 3677 quia
2902 3606 3181 3676 propheta:
3203 3604 3391 3662 futura
3419 3605 3590 3661 veluti
3616 3620 3759 3676 pra2~

2167 3701 2346 3755 sentiat
2384 3701 2690 3755 intuentur.

2238 3880 2408 3934 Vens.
2445 3880 2500 3945 6,
2557 3879 2610 3932 7.
2647 3877 2712 3933 1η
2744 3879 2855 3934 sole
2919 3880 3096 3949 posui:
3158 3877 3564 3932 tabernaculum
3634 3874 3767 3927 illic.

2168 3973 2348 4042 Hujus
2390 3972 2646 4026 versiculi
2698 3987 2896 4026 sensus
2943 3972 3070 4026 talis
3105 3980 3220 4030 est.
3251 3969 3396 4039 quod
3442 3968 3585 4020 Deus
3612 3965 3770 4019 habi-

2170 4066 2436 4120 tationem
2479 4065 2585 4119 soll
2621 4064 2806 4130 posuit
2837 4064 2892 4117 in
2922 4064 3086 4117 creto.
3116 4062 3205 4116 Ait
3247 4062 3392 4114 enim
3436 4060 3651 4128 Moyses
3693 4058 3767 4112 de

2171 4155 2384 4209 duobus
2409 4154 2620 4223 magnis
2649 4153 3039 4215 luminaribus,
3085 4152 3231 4218 quod
3277 4150 3465 4218 posuit
3507 4163 3569 4201 ea
3616 4147 3775 4201 Deus

2175 4247 2227 4300 in
2263 4249 2610 4300 ﬁrmamento
2642 4244 2792 4306 cmli,
2828 4253 2890 4297 ut
2924 4244 3170 4296 lucerent
3193 4255 3356 4307 super
3387 4246 3613 4291 terram.
3652 4235 3775 4288 Ali—

2172 4335 2376 4406 quibus
2404 4335 2570 4389 etiam
2595 4334 2773 4389 visum
2795 4342 2901 4397 est,
2932 4328 3267 4384 versiculum
3299 4328 3444 4380 hunc
3471 4334 3620 4380 recte
3640 4340 3777 4378 con-

2175 4424 2313 4481 strui
2367 4439 2476 4478 non
2500 4438 2665 4494 posse
2697 4437 2716 4477 :
2744 4438 2848 4478 nos
2876 4430 3059 4476 autent
3116 4427 3240 4490 post
3264 4418 3563 4473 dictionem
3600 4416 3773 4468 tuber»

2173 4517 2448 4583 naculum,
2477 4516 2744 4588 virgulam
2813 4524 3102 4587 ponentes,
3166 4523 3216 4569 et
3298 4510 3596 4566 dictionem
3653 4524 3779 4578 quae

2177 4608 2367 4665 Graece
2394 4607 2562 4663 αὑτοῦ
2598 4608 2857 4673 habetur,
2901 4621 3011 4660 non
3060 4618 3158 4674 pro
3219 4602 3470 4666 relativo,
3520 4600 3617 4656 sed
3675 4616 3783 4669 pro

467 4685 631 4761 tam
651 4709 750 4759 καὶ
766 4685 1046 4777 ὥρισέτῷ
1076 4707 1215 4778 ἡλίῳ
1244 4685 1306 4759 τὸ
1326 4685 1599 4776 σκήνωμα
1628 4705 1730 4759 καὶ
1760 4703 1866 4774 τὴν
1892 4720 2065 4757 κατοι-

2180 4699 2443 4755 adverbio
2470 4698 2575 4753 loci
2614 4698 3006 4767 intelligentes,
3036 4693 3492 4749 commodissime
3521 4690 3783 4747 ordinem

469 4800 601 4854 κίαν
633 4797 827 4860 αὑτοῦ,
856 4800 884 4852 ὃ
913 4801 1062 4853 ὲστιν
1086 4800 1223 4863 ἐκεῖ,
1258 4797 1505 4869 δηλονότι
1533 4800 1592 4851 ὲν
1624 4794 1702 4866 τῷ
1728 4795 2065 4865 στερεὼματι

2179 4791 2486 4848 reddimus.
2535 4790 2727 4846 Posuit
2760 4789 2910 4844 Deus
2949 4802 3015 4842 ac
3036 4786 3433 4843 determinavit
3465 4784 3569 4840 soli
3619 4784 3782 4839 habi-

466 4891 568 4945 τοῦ
592 4889 854 4961 οὐρανοῦ,
892 4891 1157 4961 περιττῆς
1183 4890 1447 4961 κειμένης
1475 4890 1572 4959 τῆς
1619 4889 1691 4943 ἐν
1734 4887 2075 4958 προθέσεως»

468 4986 547 5048 ὡς
574 4985 671 5037 καὶ
702 4984 840 5036 ἄλλα
874 4982 1052 5036 πολλά
1080 4985 1140 5035 ὲν
1179 4982 1363 5045 ἄλλοις
1400 4985 1586 5053 ῥητοῖς
1611 4978 2081 5051 παρατετηρήκα-

2177 4884 2444 4939 tationem
2477 4881 2609 4948 illic,
2643 4881 2695 4936 id
2720 4881 2880 4937 estin
2908 4879 3261 4934 ﬁrmamento
3283 4878 3409 4933 caeli
3441 4893 3457 4933 :
3495 4876 3571 4931 ita
3592 4884 3787 4930 tamen

2180 4987 2239 5033 ut
2273 4974 2552 5047 superﬂua
2614 4974 2689 5029 sit
2753 4973 3101 5044 praepositio,
3173 4973 3254 5040 in,
3311 4966 3785 5041 quemadmodum

473 5093 599 5146 μιν.
628 5075 739 5130 Kal
786 5078 823 5130 ό
864 5075 1039 5141 ἥλιος
1066 5073 1250 5127 τοίνυν
1291 5072 1368 5144 μὴ
1397 5072 1802 5143 ἀπολιμπάνων
1839 5074 1973 5124 ποτὲ
2018 5071 2065 5123 τί

2181 5070 2376 5125 multis
2433 5069 2486 5123 in
2508 5068 2647 5123 locis
2714 5065 3152 5123 observavimus.
3210 5062 3368 5137 [Nam
3413 5077 3537 5116 eum
3596 5056 3777 5111 Graeci

468 5168 869 5237 ἀφωρισμένον
922 5166 1075 5236 αὐτῷ
1132 5166 1406 5237 σκήνωμα
1458 5165 1551 5219 τὸν
1605 5166 1861 5235 οὐρανὸν,
1894 5163 2076 5236 κήρυξ

468 5259 689 5326 γίνεται
719 5259 821 5326 τῆς
854 5257 952 5311 τοῦ
984 5256 1121 5311 Θεοῦ
1150 5257 1311 5327 δόξης
1344 5256 1440 5310 καὶ
1470 5257 1756 5327 προνοίας.

2176 5170 2339 5218 sexto
2419 5176 2554 5218 casu
2584 5168 2833 5225 careant.
2864 5167 2921 5215 et
2966 5159 3115 5214 illius
3157 5162 3281 5212 loco
3321 5154 3483 5211 tertio
3530 5158 3780 5209 utantur,

2186 5252 2360 5310 dictio
2394 5252 2528 5319 sole,
2559 5253 2664 5307 hoc
2692 5260 2874 5323 parto,
2916 5251 3040 5315 soli,
3071 5247 3217 5319 apud
3245 5262 3342 5301 eos
3369 5253 3477 5308 est,
3532 5252 3585 5297 et
3641 5237 3786 5293 ordo

469 5352 714 5407 traditus
733 5358 890 5406 recte
925 5351 1040 5406 ﬁeri
1066 5360 1245 5421 potest
1270 5391 1285 5416 ,
1323 5360 1383 5405 ut
1404 5347 1694 5422 diximus.]
1746 5349 1837 5405 Sol
1897 5350 2082 5420 itaque
2111 5349 2205 5420 qui
2230 5347 2593 5406 constitutum
2618 5347 2718 5402 sibi
2752 5346 2807 5401 in
2837 5344 2978 5401 coelo
3044 5337 3420 5397 habitaculum
3492 5346 3779 5401 nunquam

466 5446 716 5516 reliquit,
748 5442 957 5499 divina
971 5442 1157 5512 gloriae
1186 5457 1251 5497 ac
1280 5442 1645 5512 providentiae
1667 5451 1968 5513 perpetuus
1987 5451 2072 5498 est
2114 5455 2295 5512 preco

527 5542 639 5599 Kal
670 5537 870 5603 αὐτὸς
901 5537 987 5603 ὡς
1022 5537 1282 5606 νυμφίος
1315 5538 1796 5605 ἐκπορευόμενος
1842 5537 1912 5591 ἐκ
1959 5552 2078 5591 πα-

451 5636 608 5694 στοῦ
647 5632 879 5691 αὐτοῦ.
922 5629 1122 5685 Λείπει
1148 5631 1226 5698 τὸ,
1262 5628 1695 5699 ἐστίν.Ὢραῑός
1733 5631 1875 5696 ἐστι,
1918 5630 2075 5700 φησι,

2263 5532 2334 5589 Et
2362 5534 2475 5602 ipse
2512 5543 2768 5602 tanquam
2816 5542 3043 5599 sponsus
3090 5517 3371 5591 procedens
3425 5512 3490 5567 de
3541 5512 3778 5566 thalamo

2186 5625 2693 5695 suo.Subintellige
2718 5621 2942 5677 verbum
2992 5608 3351 5668 est.l‘ulchcr
3406 5613 3517 5673 est,
3576 5602 3777 5676 inquit,

1864 5805 2061 5868 Variae
2097 5806 2428 5869 lectiones.

499 5924 624 6001 (69)
653 5924 752 5978 Ῑσ.
799 5911 1097 5977 τοσοῦτοι,
1125 5918 1183 5966 ιιι
1233 5910 1432 5982 legisse
1464 5907 1683 5992 videtur
1723 5907 1953 5967 Latinus
1992 5907 2291 5979 interpres.
