4116 6492
423 442 532 507 255
1678 444 2048 508 ΕΠΤΙΙΥΜῙ

2063 445 2071 503 l
2113 441 2505 503 ZIGABENI'
3578 444 3688 508 256

423 553 503 608 sol
540 549 872 612 ctdecorus,
908 550 1533 623 radiorumfulgentium
1567 552 1883 623 splendore,
1915 552 1999 605 in-
2029 559 2048 608 Δί

2063 583 2074 608 ι
2101 551 2178 620 τῷ
2208 551 2397 604 κάλλει
2423 549 2531 604 τῶν
2561 550 2997 620 ἁστραπτουσῶν
3047 550 3304 616 ἀκτίνων,
3360 551 3518 624 δίκην
3551 574 3688 627 νυμ-

422 656 541 699 star
575 644 766 714 sponsi
807 644 1062 698 exeuntis
1094 660 1124 699 a
1171 646 1440 712 thalamo.

2112 642 2235 710 φίου
2265 641 2657 712 προϐαίνοντος
2691 642 2802 696 ἀπὸ
2833 642 2931 693 τοῦ
2961 642 3233 711 θαλάμου.

497 732 808 787 Exsultabit
851 743 907 785 ut
943 732 1104 804 Gigas
1127 735 1196 787 ad
1251 737 1570 789 currendum
1614 736 1774 790 viam.
1807 735 1920 790 lloc
1951 735 2005 788 in

2195 734 2652 804 Ἀγαλλιάσεται
2689 735 2770 800 ὠς
2825 736 2993 804 γίγας
3048 735 3296 806 δραμεῖν
3331 736 3493 792 ὁδόν.
3547 739 3691 793 Κάν.

424 825 547 878 loco
578 828 740 878 etiam
775 837 990 894 tempus
1016 828 1256 896 positum
1296 837 1380 882 est
1408 844 1507 898 pro
1533 837 1800 897 tempore,
1836 838 1893 880 ιιι
1926 828 2010 880 l‘u-

2111 826 2289 878 ταῦθα
2317 828 2654 894 νενοήκαμεν
2686 825 3053 895 ἀντιχρονίαν’
3097 827 3279 896 χαίρει
3315 828 3423 898 γὰρ
3456 829 3693 897 δραμεῖν

429 931 612 973 turum
675 920 886 974 scilicet
936 936 1034 989 pro
1088 922 1368 990 praesenti.
1421 922 1634 976 Gaudet
1685 923 1888 990 quippe
1946 935 2010 974 ac

2113 917 2213 984 τὴν
2257 917 2806 986 ἀποκεκληρωμένην
2834 916 2985 984 αὐτῷ
3035 920 3284 987 πορείαν,
3319 920 3394 982 ὡς
3429 921 3591 988 γίγας
3619 924 3687 990 τῇ

431 1012 646 1064 laetatur
703 1012 783 1064 sol
813 1015 1173 1067 constitutum
1225 1014 1331 1068 sibi
1397 1015 1501 1068 iter
1544 1029 1893 1082 percurrens,
1947 1027 2011 1066 ac

2113 1007 2340 1076 δυνάμει
2380 1005 2762 1076 τεθαρρηκὼς,
2800 1008 3101 1072 τουτέστιν,
3136 1011 3358 1073 ἀκάμας
3397 1012 3551 1063 ἐστὶν
3577 1012 3689 1074 ἀεὶ,

427 1103 585 1171 quasi
637 1104 788 1172 gigas
812 1105 1051 1172 propriis
1093 1104 1304 1158 viribus
1357 1103 1668 1160 fretuszac
1733 1105 1778 1160 si
1839 1104 2010 1163 dicat.

2114 1100 2400 1161 τοσούτους
2451 1100 2732 1162 ἐνιαυτοὺς
2759 1100 3025 1153 δουλεύων
3065 1103 3152 1171 τῷ.
3184 1103 3276 1156 τοῦ
3327 1103 3464 1155 Θεοῦ
3506 1120 3686 1171 προσ-

431 1195 746 1249 indefessus
782 1211 998 1262 semper
1048 1205 1132 1251 est
1167 1197 1270 1259 sol,
1306 1199 1516 1252 tametsi
1565 1199 1678 1267 jam
1726 1206 1805 1250 tot
1857 1196 2012 1249 annis
2114 1194 2379 1260 τάγματι,

431 1288 692 1339 mandato
722 1286 816 1340 Dei
849 1287 1134 1341 inserviat.

503 1378 542 1428 Α
570 1393 772 1452 διψιηιο
821 1378 948 1431 coelo
1005 1380 1231 1447 egressio
1284 1379 1436 1447 ejus,
1483 1387 1534 1432 et
1591 1393 1841 1431 occursus
1898 1379 2012 1445 ejus

2201 1375 2325 1426 Ἀπ’
2361 1374 2546 1442 ἄκρου
2573 1376 2684 1427 τοῦ
2728 1377 2990 1441 οἰφανοῦ
3017 1379 3055 1442 ἡ
3097 1374 3309 1441 ἔξοδος
3340 1377 3549 1440 αὐτοῦ,
3591 1378 3695 1430 καὶ

435 1485 600 1537 usque
627 1472 693 1522 ad
717 1488 981 1524 szmtmum
1013 1474 1151 1536 cwli,
1199 1473 1453 1543 Egressio
1491 1487 1584 1526 seu
1619 1472 1801 1525 exitus
1855 1470 2009 1530 solis.

2116 1467 2183 1520 τὸ
2237 1466 2583 1537 attain-iuta
2635 1470 2822 1522 αὑτοῦ
2878 1470 2986 1534 ἕως
3041 1471 3228 1536 ἄκρου
3269 1470 3372 1522 τοῦ
3406 1471 3690 1537 οὐρανοῦ.

438 1571 521 1614 est
551 1565 764 1626 oriens,
789 1565 1090 1618 secundum
1110 1581 1269 1634 quem
1289 1565 1617 1618 matutinum
1649 1563 2014 1633 atqueorien-

2121 1561 2339 1624 Ἕξοδος
2390 1561 2574 1630 μὲν,ή
2619 1561 2874 1630 ἀνατολὴ,
2931 1562 3052 1613 καθ’
3106 1563 3173 1630 ἢν
3226 1563 3546 1632 ὑπερὸαίνει
3599 1564 3693 1615 τὸν

437 1653 600 1706 talem
639 1654 980 1709 horizontem
1046 1656 1313 1709 ascendit.
1361 1657 1466 1709 Per
1517 1671 1813 1709 occursum
1862 1671 2012 1720 vero,

2118 1654 2254 1722 ὲῴον
2284 1654 2563 1723 ὁρίζονταο
2604 1654 2926 1724 κατάντημα
2955 1655 3088 1723 δὲ,ἡ
3133 1655 3306 1717 δύσις,
3345 1655 3466 1707 καθ’
3500 1657 3564 1725 ἢν
3610 1657 3689 1718 εἰς

436 1756 692 1796 occasum
721 1745 840 1812 ejus
868 1746 1246 1814 intelligimus,
1270 1748 1570 1800 secundum
1605 1763 1766 1814 quem
1796 1761 2016 1814 vesper—

2117 1747 2208 1799 τὸν
2255 1748 2539 1815 ἑσπερινξρν
2572 1746 2824 1816 ὁρίζοντα
2864 1746 3217 1809 καταδύεται,
3275 1747 3368 1798 καὶ
3421 1747 3505 1798 διὰ
3564 1747 3693 1814 μιᾶς

439 1839 611 1886 tinum
649 1837 990 1891 horizontem
1011 1838 1179 1903 subit,
1198 1840 1360 1893 unico
1379 1841 1465 1892 die.
1483 1839 1770 1892 dimidium
1791 1840 2016 1908 spliaira:
2054 1900 2064 1908 _

2073 1901 2086 1908 _
2119 1838 2330 1908 ἡμέρας
2369 1839 2430 1890 τὸ
2458 1841 2823 1908 ἡμισφαίριον
2862 1839 2983 1890 ὅλον
3035 1839 3312 1908 διατρέχει
3348 1855 3362 1867 ·
3411 1826 3457 1890 εἶ
3512 1836 3693 1906 βούλει

440 1931 958 1995 percurrens:quiu
995 1929 1104 1983 imo
1155 1941 1210 1984 et
1261 1941 1427 1985 tomm
1482 1931 1753 2000 sphaeram
1805 1900 2065 2000 integrol

1931 1947 2013 2000 gro
2051 1900 2090 1952 Β
2115 1929 2192 1994 δὲ,
2221 1929 2290 1981 δι’
2322 1930 2441 1992 ἐνὸς
2475 1930 2852 1998 ήμερονύκτου
2885 1931 2980 1982 τὸν
3015 1930 3308 1997 σύμπαντα
3333 1931 3556 1996 κόσμον.

438 2020 702 2073 nimirum
737 2022 824 2076 die
849 2038 912 2076 ac.
936 2032 1118 2076 nocte.
2927 2067 2935 2074 -

515 2107 625 2162 Nec
659 2121 735 2163 est
762 2114 851 2180 qui
885 2113 1174 2165 abscondat
1201 2130 1255 2166 se
1278 2131 1310 2166 a
1363 2115 1539 2168 calore
1579 2115 1715 2182 ejus.
1770 2114 1886 2167 Non
1933 2122 2017 2166 est

2197 2110 2318 2159 Οὐκ
2349 2109 2522 2160 ἔστιν
2552 2106 2620 2172 ὃς
2660 2108 3145 2173 ἁποκρυΰήσεται
3181 2108 3289 2174 τῆς
3341 2110 3562 2174 θέρμης
3585 2109 3697 2159 oti)-

439 2202 606 2256 homn
640 2204 1076 2273 aliquis,inquit,
1117 2216 1210 2257 aut
1236 2206 1413 2270 locus,
1447 2209 1520 2260 ita
1574 2217 1632 2260 ut
1687 2224 1778 2275 per
1838 2209 2015 2261 locmn

2120 2199 2248 2252 τοῦ.
2289 2201 2384 2260 Ὃς
2412 2201 2599 2264 τόπος,
2628 2199 2658 2269 ἢ
2691 2201 2748 2262 ὃς
2781 2200 3063 2270 ἄνθρωπος
3091 2217 3104 2229 ’
3139 2202 3235 2253 καὶ
3277 2201 3367 2252 διά
3402 2200 3496 2252 τοῦ
3528 2201 3711 2252 τόπου.

441 2296 740 2355 clemeuta,
795 2313 890 2364 per
945 2297 1217 2350 hominem
1282 2300 1580 2352 animantia
1639 2299 1820 2354 omnia
1871 2315 2020 2351 com-

2125 2291 2245 2359 μὲν,
2273 2293 2340 2343 τά
2363 2291 2512 2354 ὄντα,
2557 2291 2646 2344 διὰ
2674 2291 2767 2343 τού
2800 2290 3091 2361 ἀνθρώπου
3123 2292 3199 2355 δὲ,
3227 2292 3295 2345 τά
3345 2290 3525 2354 ζῶντα
3560 2307 3701 2359 συμ-

443 2382 876 2449 prehendantur.
939 2384 1054 2437 lloc
1101 2386 1303 2438 etenim
1361 2387 1596 2441 maxima
1659 2389 2021 2443 admiratione

2124 2374 2456 2453 περιέλαϐε·
2499 2385 2656 2436 τοῦτο
2717 2385 2826 2454 γὰρ
2873 2384 2934 2438 τὸ
2974 2384 3448 2454 θαυμασιώτατον,
3498 2385 3581 2436 ὅτι
3619 2383 3705 2451 τῷ

444 2474 666 2541 dignum
703 2484 806 2539 cst,
847 2477 993 2544 quod
1024 2485 1175 2529 tanto
1213 2495 1241 2531 a
1277 2479 1437 2533 nobis
1487 2480 1565 2533 sol
1597 2479 1812 2552 distans
1855 2482 2021 2535 inter-

2123 2473 2271 2542 αὐτῷ
2310 2475 2660 2542 ἀποστήματι
2713 2471 2808 2525 καὶ
2852 2473 3080 2540 φωτίζει
3143 2472 3235 2525 καὶ
3275 2471 3603 2540 θερμαίνει·
3636 2470 3700 2520 τὸ

445 2566 610 2626 \‘allu,
665 2565 937 2621 illuminet
970 2577 1024 2622 et
1082 2570 1388 2626 calefaciat.
1445 2570 1589 2639 Ignis
1649 2572 1853 2642 quippe
1922 2575 2025 2629 istc

2123 2568 2181 2621 δὲ
2218 2567 2347 2636 παρ’
2379 2568 2511 2636 ἡμῖν
2570 2565 2684 2635 πῦρ
2719 2566 2946 2634 φωτίζει
2985 2567 3083 2634 μὲν
3117 2565 3400 2636 πόρρωθεν
3425 2604 3441 2629 ,
3473 2564 3534 2616 ού
3577 2562 3702 2630 θερ-

446 2654 696 2716 inlerinr,
730 2658 922 2725 procul
973 2659 1191 2727 quidem
1243 2660 1536 2722 illuminat,
1574 2663 1668 2715 sed
1713 2679 1822 2716 non
1877 2664 2026 2718 calc-

2130 2661 2311 2730 μαίνει
2341 2660 2421 2725 δὲ,
2457 2661 2506 2710 εἰ
2561 2659 2635 2729 μὴ
2671 2660 3015 2728 πλησιάσεις.
3058 2659 3244 2722 Οὕτως
3270 2658 3564 2730 ἐπαινέσας
3601 2657 3703 2710 καὶ

449 2746 598 2810 facit,
631 2748 730 2800 nisi
765 2750 829 2802 ad
878 2749 1023 2801 illum
1057 2752 1382 2807 accesseris.
1418 2752 1561 2807 Solis
1592 2761 1852 2822 praeterea
1905 2755 2026 2824 pul-

2125 2729 2186 2804 τὸ
2213 2751 2407 2814 κάλλος
2458 2751 2654 2815 αὑτοῦ,
2704 2751 2793 2803 καὶ
2835 2751 2934 2818 τὴν
2973 2749 3186 2820 ῥώμην,
3240 2750 3332 2802 καὶ
3380 2749 3471 2801 τὸν
3497 2729 3699 2816 δρόμον

450 2837 841 2904 chritudinem,
881 2840 1069 2902 robur,
1104 2857 1326 2897 cursum
1365 2853 1419 2895 et
1468 2845 1756 2900 utilitatem
1800 2847 2027 2902 laudans

2131 2845 2320 2910 αὑτοῦ,
2354 2844 2451 2896 καὶ
2480 2844 2578 2914 τὴν
2619 2845 2830 2913 χρείαν,
2865 2843 3108 2902 δείκνυσι
3153 2839 3449 2896 κάντεῦθεν
3484 2841 3579 2892 τοῦ
3607 2857 3703 2890 πε-

451 2929 749 2997 l‘ropheta,
823 2932 1164 3000 magnificam
1217 2949 1280 2986 ac
1341 2934 1618 2989 liberalem
1679 2938 1769 2991 Dei
1839 2949 2029 3006 poten-

2129 2939 2419 3006 ποιηκότος
2469 2935 2634 2989 αὑτὸν
2666 2938 2766 3006 τὴν
2809 2935 3095 3004 φιλότιμον
3133 2935 3306 3003 ἰσχύν.
3359 2932 3558 3001 Ἀλλ’ή
3601 2933 3705 3000 μὲν

451 3019 583 3072 tiam
639 3021 896 3075 omnibus
933 3022 1272 3078 manifestat.
1303 3027 1480 3093 Atque
1513 3027 1627 3080 lizee.
1667 3029 1890 3097 quidem
1945 3038 2030 3085 est

2131 3031 2290 3094 εὐθὺς
2315 3030 2426 3097 (³70)
2467 3029 2731 3097 ἐξήγησις
2758 3028 2868 3079 τῶν
2897 3028 3099 3098 ῥητῶν,
3142 3025 3307 3093 αὕτη.
3343 3025 3500 3087 Τινὲς
3539 3022 3595 3074 δὲ
3621 3025 3707 3084 είς

452 3119 600 3163 ret-ta
637 3111 928 3165 verborum
995 3114 1392 3183 interpretatio.
1447 3115 1682 3182 Quidam
1736 3134 1865 3174 vero
1899 3123 2030 3176 alle-

2131 3122 2463 3190 ἀλληγορίαν
2501 3119 2866 3191 ἐμϐάλλοντες
2895 3117 3056 3183 αὐτὰ,
3099 3118 3262 3185 φασὶν
3306 3115 3570 3187 οὐρανοὺς
3604 3112 3711 3180 μὲν

451 3201 638 3271 gorice
667 3203 780 3256 litec
807 3217 1144 3273 exponentes
1183 3206 1376 3260 dicunt
1427 3224 1520 3276 per
1583 3212 1754 3266 cuilos
1805 3213 2076 3305 quidein(

2089 3251 2098 3268 .
2133 3211 2273 3267 εἶναι
2299 3215 2367 3266 τὰ
2405 3211 2637 3282 οὐράνια
2660 3210 2770 3264 τῶν
2807 3210 3118 3278 ἀσωμάτων
3148 3207 3424 3275 τάγματα,
3461 3205 3546 3256 διά
3569 3219 3714 3254 παν-

2089 3282 2099 3302 Ι
2454 3304 2460 3305 7
2545 3304 2550 3305 7
2604 3301 2622 3305 μ
2644 3304 2652 3305 7
2673 3303 2680 3305 _
2909 3302 2921 3305 _
3024 3302 3058 3305 __
3104 3300 3128 3305 __
3228 3300 3237 3305 _
3258 3299 3270 3305 ,
3411 3299 3423 3305 Α
3471 3296 3529 3305 .,.
3609 3294 3632 3305 ,ι

456 3293 709 3348 caelestes
741 3303 906 3365 atque
952 3301 1309 3368 incorporeus
1357 3301 1581 3356 ordines
1649 3302 1898 3373 intelligi,
1935 3307 2027 3373 qui
2060 3293 2081 3305 “

2080 3293 2099 3304 ﬂ
2132 3307 2222 3368 τὸς
2254 3307 2346 3358 τὸν
2375 3304 2509 3356 Θεὸν
2536 3301 2848 3366 δοξάζοντα,
2893 3302 2968 3364 ὡς
3023 3299 3287 3369 Ἰεζεκιὴλ
3337 3299 3434 3349 καὶ
3471 3294 3705 3354 Ἡσαΐας

463 3382 630 3437 Deum
663 3385 881 3440 assidue
915 3387 1163 3452 laudant,
1227 3400 1282 3443 ut
1315 3389 1484 3445 Isaias
1543 3403 1596 3446 et
1635 3391 1888 3459 Ezechiel
1922 3404 2032 3448 tra-

2133 3398 2396 3467 ἤκουσαψ
2431 3394 2462 3464 ἢ
2491 3395 2618 3455 τοὺς
2646 3392 3080 3462 ύπερκειμένους
3111 3391 3221 3443 τῶν
3250 3390 3456 3457 γηΐνων
3493 3385 3711 3452 ἀνθρώ-

457 3474 618 3540 dunt,
647 3477 736 3544 qui
764 3478 985 3533 audisse
1020 3495 1079 3534 se
1131 3480 1256 3536 illos
1318 3481 1594 3546 referunt;
1636 3485 1750 3537 ~vcl'
1785 3485 2032 3543 homines

2135 3506 2292 3550 πούς,
2326 3488 2419 3538 καὶ
2445 3487 2532 3538 διὰ
2568 3485 2668 3552 τῆς
2701 3483 3043 3552 θεωρητικῆς
3070 3481 3390 3549 φιλοσοφίας
3429 3478 3508 3539 είς
3539 3477 3710 3544 ούρα-

456 3567 604 3632 illos,
633 3569 724 3637 qui
773 3581 986 3624 terrena
1019 3573 1495 3637 transcendentes,
1525 3576 1931 3647 prophetiaaque
1969 3594 2034 3633 ac

2134 3581 2258 3641 νοὺς
2293 3574 2750 3643 ἀνατεταμένους·
2788 3574 3080 3642 στερέωμα
3109 3572 3187 3637 δὲ,
3216 3573 3342 3634 τοὺς
3375 3566 3712 3637 στερεουμέ-

458 3661 907 3727 contemplationi
957 3662 1047 3715 Dei
1107 3663 1488 3717 incumbentes
1547 3667 1598 3718 in
1656 3667 1856 3720 malum
1919 3677 2036 3723 ten-

2136 3686 2260 3732 νους
2286 3669 2374 3720 διὰ
2401 3666 2498 3734 τῆς
2534 3664 2842 3732 πρακτικῆς
2867 3663 3088 3732 ἄνδρας,
3132 3663 3224 3714 καὶ
3249 3661 3560 3731 ἀρρήκτους
3589 3658 3708 3716 ταῖς

458 3749 602 3802 ιιιιιιι
639 3764 652 3804 :
685 3761 738 3804 et
764 3767 860 3820 per
889 3752 1294 3808 ﬁrmamentum
1358 3772 1452 3810 eos
1485 3757 1734 3813 homines
1764 3761 1855 3828 qui
1887 3761 2032 3813 circa

2135 3761 2244 3813 τῶν
2282 3757 2609 3828 πειρασμῶν
2657 3755 3006 3824 προσὸολαῖς·
3046 3754 3260 3824 ἡμέραν
3295 3753 3352 3805 δὲ
3386 3751 3570 3812 πάλιν,
3608 3747 3710 3810 τὰς

461 3841 648 3893 mundi
682 3841 926 3896 actiones
949 3843 1178 3900 stabiles
1221 3860 1282 3899 ac
1317 3855 1635 3902 eunslantcs
1662 3856 1814 3910 sunt,
1845 3858 1900 3902 et
1967 3849 2033 3902 ad

2137 3853 2405 3923 φωτεινὰς
2439 3851 2697 3920 δυνάμεις
2726 3850 2834 3902 τῶν
2863 3849 3193 3918 ἀσωμάτων,
3231 3847 3383 3915 φῶτα
3415 3845 3522 3913 γὰρ
3560 3834 3706 3894 οὗτοι

460 3946 656 3986 munes
691 3933 1065 3989 calamitatum
1097 3935 1332 4003 impetus
1365 3935 1602 4004 infracti,
1655 3949 1707 3992 et
1755 3956 1848 4008 per
1893 3940 2033 3993 diem

2136 3945 2365 4013 δεύτερα
2416 3943 2702 4010 λέγονται,
2760 3939 3273 4009 διαπορθμευούσας
3321 3936 3582 4003 ἀλλήλαις
3639 3931 3733 3984 τά-

460 4035 680 4084 rursus,
711 4024 1000 4092 praeclaras
1029 4025 1150 4080 illas
1193 4025 1443 4082 ecelestes
1488 4038 1649 4096 atque.
1682 4029 2036 4097 incorporeas

2140 4037 2257 4089 θεῖα
2284 4035 2703 4103 προστάγματα·
2741 4032 2909 4084 νύκτα
2940 4031 3019 4094 δὲ,
3071 4032 3197 4092 τοὺς
3251 4026 3596 4095 ἀνθρώπους,
3624 4024 3712 4076 διά

466 4120 782 4178 potestates,
816 4130 935 4183 qua:
973 4117 1212 4171 secunda
1246 4118 1506 4171 dicuntur
1546 4120 1779 4185 lumina;
1812 4136 2039 4190 qumque

2140 4130 2231 4183 τον
2295 4127 2733 4194 ἐπιπροσθοῦντα
2787 4128 2850 4193 τῇ
2899 4126 3044 4193 ψυχῇ
3099 4122 3264 4190 ζόφον
3299 4121 3394 4188 τῆς
3442 4117 3711 4185 σαρκικῆς

465 4207 653 4259 divina
698 4211 952 4262 mandata
1005 4211 1105 4264 sibi
1135 4212 1270 4280 ipsis
1318 4224 1510 4265 mutuo
1561 4213 1838 4273 deferunt.
1869 4223 1922 4266 et
1961 4229 2039 4268 re-

2143 4219 2477 4288 παχύτητος·
2511 4217 2602 4268 καὶ
2628 4217 2695 4269 τὰ
2720 4216 2844 4283 ἑξῆς
2875 4211 3209 4271 ἀκολούθως.
3244 4212 3317 4261 Τὸ
3353 4209 3428 4271 δὲ,
3460 4210 3562 4271 Εἰς
3605 4203 3715 4258 πᾶς

465 4299 721 4352 nuntiant
752 4314 766 4352 :
802 4316 897 4369 per
951 4311 1164 4356 noctem
1197 4288 1352 4367 'vcro,
1416 4306 1690 4358 hominem
1727 4308 1928 4374 ipsum,
1969 4309 2039 4362 ob

2143 4329 2263 4366 σαν
2294 4311 2408 4379 τὴν
2433 4309 2550 4378 γῆν
2581 4307 2839 4374 ἐξῆλθεν
2867 4309 2897 4359 ό
2923 4306 3180 4373 φθόγγος
3225 4299 3447 4365 αὐτῶν,
3476 4298 3504 4348 ὁ
3543 4297 3714 4366 μέγας

463 4391 703 4446 carnalis
733 4392 989 4446 nimirum
1021 4395 1407 4450 crassitudinis
1436 4396 1746 4465 caliginem,
1777 4413 1896 4466 quae
1923 4399 2041 4451 ani.

2146 4403 2356 4463 Παῦλος
2385 4403 2442 4452 ἐν
2473 4404 2539 4469 τῇ
2580 4399 2716 4468 πρὸς
2771 4397 3062 4467 Ἐϐραίους
3106 4391 3399 4460 Ἐπιστολῇ
3443 4391 3718 4457 εὐκαίρως

467 4497 609 4535 main
637 4483 961 4539 circumdat.
1018 4484 1084 4537 Et
1126 4500 1245 4553 qua:
1297 4494 1603 4554 sequuntur
1643 4495 2043 4556 consequenter

2146 4493 2239 4545 sui.
2271 4493 2397 4552 τοὺς
2431 4487 2827 4555 εὐαγγελιστάς
2854 4486 2946 4540 καὶ
2983 4483 3313 4542 ἀποστόλους
3342 4480 3438 4533 τοῦ
3478 4476 3718 4547 Χριστοῦ

467 4573 743 4644 praedictis
777 4583 1079 4641 exponunt.
1116 4573 1294 4628 Verba
1322 4585 1505 4628 autem
1560 4577 1649 4629 illa
1687 4595 1700 4628 :
1740 4575 1804 4629 In
1833 4594 2035 4632 omnem
2073 4592 2092 4645 ι

2096 4585 2424 4653 )μετήγαγε
2477 4581 2573 4632 καὶ
2641 4579 3020 4649 προσήρμοσε.
3071 4575 3144 4628 Τὸ
3192 4575 3249 4626 δὲ
3321 4574 3416 4625 Ἐν
3457 4569 3535 4635 τῷ
3569 4570 3721 4637 ἡλίῳ

468 4674 662 4716 terram
703 4665 869 4719 exivit
895 4682 1054 4718 sonus
1083 4682 1286 4727 eorum,
1323 4681 1550 4736 magnus
1581 4666 1786 4724 Paulus
1830 4672 1884 4723 in
1916 4669 2042 4738 Epi-

2144 4673 2313 4726 ἔθετο
2348 4674 2412 4724 τὸ
2449 4671 2745 4738 σκήνωμα
2783 4668 2993 4728 αὐτοῦ,
3017 4665 3450 4732 τοιουτοτρόπως
3485 4661 3719 4727 ἀλληγο-

448 4755 608 4822 ,ειοιιι
646 4755 711 4809 ad
747 4757 1001 4811 Hebraeos
1023 4757 1088 4824 ⁸⁵,
1122 4773 1364 4828 congrue
1395 4758 1459 4812 ad
1495 4760 1856 4832 evangelistas
1882 4770 2045 4831 atque

2143 4764 2347 4837 ροῦσιν,
2407 4761 2482 4826 ὡς
2515 4765 2540 4814 ὁ
2582 4762 2817 4829 Χριστὸς
2872 4762 2930 4811 ὲν
2988 4757 3062 4828 τῷ
3117 4755 3391 4826 ἀνθρώπῳ
3436 4753 3604 4815 οἰκεῖ,
3637 4749 3717 4818 τῷ

472 4845 536 4899 ad
564 4847 844 4914 apostolos
885 4849 1186 4911 transtulit,
1244 4859 1406 4918 atque
1451 4850 1530 4904 eis
1591 4852 2042 4908 accommodavit.

2139 4857 2410 4926 λάμποντι
2461 4856 2580 4916 ταῖς
2639 4853 2746 4905 τῶν
2796 4850 3009 4920 ἀρετῶν
3063 4849 3304 4901 ἀκτῖσιν.
3372 4844 3519 4912 Ἐγὼ
3570 4845 3714 4912 γὰρ,

471 4933 565 4988 Illa
604 4949 733 4989 vero
767 4951 781 4989 :
827 4934 891 4989 In
923 4937 1032 4990 sole
1081 4942 1258 5008 posuit
1290 4939 1689 4994 tabernaculum
1740 4943 1873 5004 illic,
1943 4945 2046 4998 hoc

2142 4945 2296 5014 φησὶ,
2329 4942 2426 4995 καὶ
2449 4945 2481 4996 ὀ
2514 4941 2715 5008 Πατὴρ
2749 4940 3142 5006 ἐλευσόμεθα,
3193 4935 3292 4989 καί
3328 4931 3528 5002 μονὴν
3580 4931 3718 4998 παρ’

472 5035 634 5093 pacto
695 5043 785 5093 per
844 5029 1064 5083 ecsdem
1127 5041 1496 5099 exponuntur,
1552 5034 1847 5090 dicentes:
1902 5039 2044 5108 quod

2141 5034 2300 5098 αὐτῷ
2339 5035 2692 5102 ποιήσομεν.
2731 5031 2800 5083 Ἢ
2836 5033 2929 5084 καὶ
2957 5029 3223 5096 σκήνωμα
3249 5026 3342 5079 τοῦ
3375 5023 3611 5094 Χριστοῦ
3638 5064 3652 5087 ,
3684 5024 3719 5092 ἡ

472 5117 726 5174 Christus
759 5122 812 5176 in
859 5122 1080 5178 homine
1136 5125 1375 5188 habitat;
1420 5127 1596 5191 ineo,
1651 5129 1892 5197 inquam,
1946 5134 2054 5187 ho-'

2141 5125 2553 5196 προσληφθεῖσα
2604 5123 2984 5191 ἀνθρωπότης,
3041 5122 3106 5189 ἢν
3160 5119 3411 5186 οἰκήσας,
3477 5115 3629 5165 ἔθετο
3663 5114 3719 5162 ὲν

475 5212 644 5274 mine,
682 5214 773 5282 qui
803 5217 1064 5269 virtutum
1121 5217 1290 5272 radiis
1307 5222 1702 5275 coruscaverit.
1739 5220 1848 5291 Ego
1877 5225 2046 5290 enim,

2143 5217 2218 5284 τῷ
2241 5216 2403 5283 φωτὶ,
2435 5213 2849 5282 πολιτευόμενος
2878 5212 2981 5263 ὑπὸ
3017 5210 3104 5262 τὸν
3135 5209 3309 5278 ἥλιον,
3341 5207 3434 5260 καὶ
3470 5203 3740 5273 φανερῶς.

475 5303 675 5372 inquit,
707 5315 754 5358 et
802 5307 963 5361 Pater
1025 5307 1092 5360 ad
1144 5324 1262 5362 eum
1300 5309 1581 5374 veniemus,
1628 5320 1676 5363 et
1727 5313 2050 5368 mansionem

2144 5305 2276 5375 βιῶν
2311 5306 2404 5357 καὶ
2443 5303 2606 5366 αὐτὸς
2637 5303 2710 5367 ὡς
2767 5303 3018 5372 νυμφίος.
3074 5297 3302 5366 Ὠμιῖος
3359 5296 3488 5364 γὰρ,
3545 5293 3713 5360 φησὶν

477 5395 620 5460 apud
667 5413 784 5450 eum
812 5398 1066 5467 faciemus
1099 5398 1166 5450 ⁸⁵.
1208 5397 1298 5452 Vel
1354 5395 1555 5452 Christi
1608 5400 2047 5463 tabernaculum,

2143 5397 2354 5450 κάλλει
2393 5395 2551 5462 παρὰ
2593 5395 2734 5460 τοὺς
2763 5394 2930 5460 υἱοὺς
2973 5392 3092 5445 τῶν
3119 5389 3461 5456 ἀνθρώπων,
3493 5379 3581 5438 οἷά
3613 5400 3716 5451 περ

479 5495 563 5540 cst
592 5499 868 5559 assumpta
903 5489 1216 5543 humanitas
1247 5504 1260 5541 :
1296 5503 1455 5556 quam
1489 5504 1610 5543 cum
1667 5490 1777 5545 illic
1830 5490 2045 5546 habita-

2141 5487 2626 5558 λελαμπρισμένος
2655 5489 2776 5548 ταῖς
2806 5484 2914 5539 τῶν
2965 5483 3174 5554 ἀρετῶν
3209 5481 3447 5547 ἀκτῖσιν,
3481 5478 3512 5547 ἢ
3563 5475 3718 5546 χάρι-

548 5655 592 5689 ³ι
619 5657 750 5720 lmo,
785 5657 942 5714 Rom.
992 5677 1046 5726 κ,
1088 5660 1172 5716 18.
1250 5663 1295 5693 ⁵⁸
1325 5661 1482 5720 Jaan.
1517 5679 1622 5730 xiv,
1659 5663 1751 5718 ‘25.

1773 5749 1970 5812 Variae
2012 5749 2334 5814 lectiones.

556 5845 665 5915 (70)
705 5862 790 5912 γρ.
823 5847 1024 5902 εὐθεῖα.

1039 6474 1700 6486 β
