4116 6502
443 396 550 461 259

1726 390 2115 452 EUTHYMII
2162 388 2525 451 ZiGABENI

3617 381 3729 447 £60

450 508 547 564 ille
564 522 731 579 quem
757 505 1027 563 initialem
1058 503 1324 571 diximus,
1374 509 1626 575 tempore
1656 517 1800 572 saepe
1828 504 2037 558 exstin-

2159 503 2218 555 ‘0
2244 503 2352 571 γὰρ
2386 500 2793 573 στοιχειωτικδς
2824 500 2923 554 οὐκ
2983 500 3133 554 ἔστιν
3183 497 3366 568 ἁγνός
3412 500 3733 555 συνίσταται

450 601 673 670 gnitur.
733 616 834 656 nec
888 607 1155 670 perpetuo
1203 594 1560 668 permanet];
1644 611 1755 651 non
1817 596 1901 650 sic
1974 596 2044 650 ti-

452 706 573 745 mor
602 693 705 746 iste
736 691 1222 761 perfectiorquem
1249 686 1438 743 laudat
1465 686 1764 757 Propheta,
1796 687 1891 757 qui
1951 701 2048 755 per

453 792 627 837 totam
665 785 832 837 vitam
867 782 1109 837 hominis
1146 779 1488 844 extenditur,
1530 787 1592 834 ut
1653 779 1921 833 denotant
1955 778 2046 832 illa

452 876 620 928 verba
654 891 669 928 :
697 872 765 928 In
797 873 1052 927 sa'culum
1076 872 1284 927 stt-culi.
1328 869 1425 926 Vel
1459 871 1581 926 ideo
1636 868 1878 925 mundus
1906 870 2049 924 dici-

453 974 567 1032 tur,
595 966 727 1037 quia
758 977 884 1039 post
913 969 1111 1022 animae
1156 964 1541 1037 purgationem
1584 963 1930 1030 innascitur;
1994 970 2051 1018 et

450 1072 809 1125 permanens,
866 1057 996 1127 quia
1070 1058 1237 1111 timor
1292 1056 1384 1111 ille
1430 1055 1525 1127 qui
1589 1055 1656 1109 ad
1717 1055 2045 1110 munditiam

453 1156 722 1227 pervenit,
768 1152 986 1220 eiicitur
1031 1167 1059 1206 a
1086 1150 1421 1216 dilectione,

2144 597 2253 667 γάρ
2286 596 2375 648 διὰ
2404 595 2473 648 τὰ
2501 596 2679 648 οἰκεῖα
2734 594 3212 665 πλημμελήματα,
3248 611 3341 647 κα.
3385 593 3595 647 τούτων
3634 595 3736 666 ἧρ-

2143 705 2327 756 τηται.
2361 689 2439 740 Ἢ
2485 687 2670 755 ἁγνὸς,
2707 687 2784 751 ὡς
2832 687 3057 754 ἁγνείας
3108 686 3412 756 ποιητικός.
3467 681 3634 751 Οὗτος
3673 684 3734 740 δὲ

2143 780 2245 832 οὐκ
2279 779 2394 831 ἑστι
2430 778 2791 849 πρόσκαιρος,
2834 777 2909 841 ὼς
2950 776 3317 847 ἀνθρώπινος,
3351 776 3382 846 ἢ
3414 776 3490 839 ὡς
3530 777 3557 829 ὁ
3589 793 3737 830 στοι-

2142 869 2455 941 χειωτικὸς,
2504 867 2623 923 ἀλλ’
2664 869 2761 941 ὅλῃ
2819 871 2887 940 τῇ
2938 868 3050 940 ζωῇ
3109 870 3621 940 παρατεινόμενοςο
3670 868 3736 921 τὸ

2141 962 2251 1031 γὰρ
2279 960 2503 1031 διαρκὲς
2539 959 2705 1014 αὑτοῦ
2740 959 2857 1025 νῦν,
2893 956 3073 1031 οἶμαι,
3101 960 3254 1032 δηλοί
3281 960 3343 1013 τὸ
3367 1002 3380 1025 ,
3409 962 3499 1027 εἰς
3545 958 3737 1015 αιῶνα

2143 1054 2383 1122 αἰῶνος.

1522 1147 1775 1222 [Dilectio
1825 1148 1997 1214 enim,
2068 1148 2271 1220 inquit,
2338 1152 2487 1220 [oras
2556 1150 2705 1221 pellit
2772 1146 3060 1219 timorem].
3117 1147 3216 1203 llic
3273 1150 3471 1201 autem
3542 1142 3735 1213 timor,

450 1242 906 1306 (luimnmlitiam
967 1244 1359 1314 subsequitur,
1411 1251 1697 1314 permanet
1757 1241 1812 1295 in
1870 1248 2156 1297 aeternum.

522 1332 748 1386 Iudicia
778 1333 990 1389 Domitii
1013 1352 1157 1390 vera.
1199 1336 1271 1390 Ea
1303 1335 1450 1390 enim
1486 1335 1605 1390 sola
1640 1336 1862 1406 prOprie
1896 1334 2050 1389 omni

454 1438 690 1494 prorsus
715 1441 909 1481 errore
956 1437 1173 1483 carent.
1203 1427 1336 1481 Nam
1364 1426 1603 1480 humana
1628 1426 1835 1497 judicia
1868 1428 1914 1480 si
1979 1425 2047 1481 ad

452 1531 721 1571 summam
766 1526 821 1574 et
852 1528 1098 1575 exactam
1155 1519 1466 1574 divinorum
1544 1520 1878 1590 judiciorum
1937 1520 2053 1575 dis-

453 1608 805 1675 quisitionem
849 1621 1258 1681 comparentur,
1349 1625 1579 1666 erronea
1613 1610 1932 1665 etiam'esse
1957 1627 2053 1681 ap-

455 1702 760 1770 parebunt,
783 1713 1009 1775 propter
1054 1705 1282 1759 humani
1317 1706 1577 1759 nimirum
1624 1704 1941 1759 intellectus
1967 1704 2051 1758 in-

454 1794 796 1850 ﬁrmitatem.

529 1884 924 1957 Justiﬁcataiu
951 1888 1207 1956 idipsum.
1255 1887 1371 1943 Hoc
1398 1898 1483 1942 est
1506 1903 1631 1958 quae
1672 1904 1800 1943 vera
1844 1891 2049 1960 pariter

454 1986 587 2031 sunt
621 1980 869 2046 etjusta.
902 1980 1037 2034 Nam
1067 1980 1465 2052 quodpropt‘ie
1488 1996 1679 2035 verum
1699 1981 1887 2047 fuerit,
1919 1984 2050 2037 illud

453 2075 620 2129 etiam
657 2077 867 2144 justum
893 2078 1018 2131 erit.

532 2168 701 2223 Vens.
743 2171 828 2225 ll.
864 2169 1257 2224 Desiderabilia
1296 2185 1458 2241 super
1485 2187 1677 2224 aurum
1734 2182 1785 2227 et
1825 2172 2053 2242 lapidem

455 2264 747 2331 pretiosum
794 2264 1045 2319 multum.
1101 2256 1217 2320 Hoc
1271 2278 1353 2320 est
1415 2282 1581 2336 supra
1643 2268 1829 2321 omnia
1888 2265 2051 2336 hujus

457 2356 653 2410 mundi
688 2358 852 2421 bona,
876 2373 1000 2427 quae
1023 2358 1266 2427 pretiosa
1318 2359 1387 2413 ab
1426 2359 1746 2415 hominibus
1793 2370 2053 2429 reputan-

460 2458 583 2513 tur;
612 2448 704 2518 qui
732 2464 862 2504 vero
894 2450 961 2504 ab
985 2449 1303 2519 huiusmodi
1330 2450 1695 2505 materialimu
1740 2466 1923 2504 rerum
1956 2449 2053 2506 de-

461 2539 670 2594 siderio
708 2542 899 2610 procul
928 2541 1118 2604 luerit,
1145 2541 1235 2595 ille
1264 2540 1450 2595 divina
1500 2541 1732 2609 judicia,
1795 2542 1900 2595 hoc
1943 2551 2050 2605 est,

459 2630 635 2699 legem
662 2630 781 2697 Dei,
803 2632 963 2700 quasi
998 2629 1314 2696 famelicus,
1344 2647 1565 2701 semper
1600 2640 1839 2701 appetet,
1860 2636 2053 2703 eisque

462 2738 745 2793 nunquam
768 2724 1078 2778 satiabitur.

536 2808 607 2863 Et
632 2810 877 2865 dulciora
917 2825 1077 2878 super
1141 2811 1244 2865 mel
1277 2822 1322 2866 et
1361 2812 1564 2881 favum.
1598 2812 1817 2869 Mellitis
1849 2815 2047 2869 etenim

465 2900 627 2965 lavis.
666 2905 758 2971 qui
795 2912 850 2958 et
878 2906 1000 2959 visu
1029 2905 1260 2972 jucundi
1299 2914 1448 2975 sunt.
1487 2914 1543 2961 et
1601 2914 1764 2978 gustu
1826 2916 2050 2973 suat/cs,

469 2988 719 3043 dulciora
744 3001 882 3045 sunt
910 2991 1134 3062 eloquia
1168 2990 1287 3048 Dei.
1325 2995 1429 3049 Per
1462 2995 1901 3064 pretiosissimas
1954 3011 2052 3050 an-

469 3087 577 3132 tem
622 3081 883 3136 materias
916 3091 971 3136 et
1009 3098 1106 3152 per
1147 3084 1328 3139 cibum
1378 3088 1796 3153 suavissimum,
1831 3088 2049 3143 deside-

2219 1335 2301 1392 Τά
2328 1338 2585 1407 κρίματα
2609 1338 2851 1404 Κυρίου,
2876 1334 3157 1403 ἀληθινὰ.
3202 1334 3475 1406 Ἁληθινά,
3496 1336 3570 1399 ὡς
3596 1336 3741 1405 μόνα

2144 1432 2353 1501 κυρίως
2385 1432 2622 1503 ἀπλανῆ,
2661 1432 2796 1502 πρὸς
2832 1432 3246 1505 ἁντιδιαστολὴν
3298 1435 3407 1489 τῶν
3456 1436 3741 1504 ἀνθρωπί-

2145 1540 2251 1576 νων
2278 1527 2585 1594 κριμάτων,
2629 1525 2665 1579 ἃ
2706 1527 3076 1597 πεπλάνηται,
3124 1529 3251 1581 ὅσον
3278 1528 3415 1599 πρὸς
3438 1531 3538 1599 τὴν
3575 1531 3741 1602 ἀκρί-

2142 1614 2321 1683 ϐειαν,
2352 1616 2440 1671 διὰ
2469 1617 2568 1688 τὴν
2598 1615 2693 1671 τοῦ
2734 1618 2903 1689 νόμου
2929 1619 3255 1688 ἀσφάλειαν.

2222 1883 2657 1955 Δεδιλιαιωμένα
2688 1887 2786 1941 ἐπὶ
2827 1888 2892 1941 τὸ
2931 1889 3097 1942 αὐτό.
3146 1889 3234 1943 Ἐν
3260 1890 3409 1960 αὐτῷ
3446 1889 3499 1942 δὲ
3534 1890 3628 1945 καὶ
3656 1892 3743 1944 δί-

2154 1992 2309 2030 καια’
2341 1978 2403 2031 τδ
2435 1979 2545 2051 γάρ
2591 1981 2800 2051 κυρίως
2843 1982 3046 2052 ἀληθὲς
3106 1984 3201 2037 καὶ
3245 1984 3363 2052 ἅμα
3399 1983 3491 2035 καὶ
3525 1984 3741 2039 δίκαιόν

2154 2071 2325 2121 ἐστιν.

2238 2163 2604 2233 Ἐπιθυμητὰ
2651 2165 2804 2233 ὑπὲρ
2853 2167 3114 2235 χρυσίον
3176 2168 3483 2222 καί’λι’θον
3540 2170 3743 2238 τίμιον

2154 2256 2371 2309 πολύν.
2415 2256 2587 2326 ’Υπὲρ
2632 2258 2699 2310 τά
2753 2260 2885 2328 παρ’
2916 2259 3544 2329 ἀνθρώποιςιδοκοῦντα
3580 2264 3743 2332 τίμια

2154 2349 2261 2402 τῶν
2324 2350 2486 2403 ύλιῖον.
2555 2351 2612 2404 '0
2653 2351 2762 2423 γὰρ
2815 2354 2914 2424 τῆς
2955 2354 3189 2425 ὀρέξεως
3240 2356 3446 2410 τούτων
3492 2356 3742 2419 ἀποστάς

2152 2443 2408 2496 τῶντώ
2441 2444 2576 2497 Θεοῦ
2640 2447 2928 2516 κριμάτων
2982 2448 3300 2518 ἁκορέστως
3357 2449 3740 2520 ἐπιθυμήσει,

2149 2536 2402 2589 τουτέστι
2429 2536 2522 2590 τοῦ
2557 2538 2706 2591 θείου
2737 2539 2932 2607 νόμου.

2224 2809 2335 2865 Καί
2360 2811 2698 2880 γλυκύτερα
2731 2810 2884 2879 ὑπὲρ
2908 2810 3049 2879 μέλι
3081 2812 3179 2865 καί
3210 2800 3441 2880 κηρίον.
3485 2812 3653 2881 Ὑπὲρ
3678 2811 3743 2864 τὸ

2154 2901 2402 2971 σίμϐλον,
2435 2902 2575 2972 ὅπερ
2605 2901 2871 2973 ήδύτατόν
2929 2904 3077 2955 ἐστιν
3112 2903 3194 2963 είς
3245 2902 3370 2973 ὄψιν
3404 2903 3500 2955 καὶ
3526 2904 3743 2971 γεῦσιν.

2152 2997 2252 3049 Διά
2277 2996 2333 3049 δὲ
2350 2996 2459 3050 τῶν
2479 2996 2709 3064 τιμιωτέ
2721 3013 2828 3066 ρων
2861 2996 3024 3061 ὑλῶν,
3046 2997 3141 3049 καὶ
3178 2996 3274 3050 τοῦ
3305 2995 3567 3068 ἡδυτέρου
3597 2994 3748 3066 βρώ-

2156 3102 2348 3155 ματος,
2403 3088 2630 3156 ἐνέφηνε
2682 3087 2780 3157 τὴν
2804 3087 3102 3157 ἐπιθυμίαν
3145 3087 3239 3140 καὶ
3270 3085 3589 3157 γλυκύτητα
3627 3086 3744 3140 τῶν

467 3169 611 3224 rium
641 3179 696 3226 et
727 3172 1078 3230 dulcedinem
1106 3176 1418 3232 divinorum
1450 3179 1789 3249 judiciorum
1825 3180 2051 3237 demon-

2155 3175 2315 3230 θείων
2340 3178 2647 3249 χριμάτων.

467 3264 687 3319 stravit.

510 3354 707 3411 *Vsns.
726 3356 817 3413 12.
838 3356 1047 3413 Etenim
1068 3376 1247 3416 servus
1265 3372 1389 3417 tuus
1409 3365 1641 3419 custodit
1671 3381 1753 3421 ea.
1775 3364 1849 3420 De
1873 3380 2055 3436 seipso

464 3444 739 3515 Propheta
768 3451 873 3503 hoc
898 3450 1054 3505 dicit.
1091 3452 1258 3506 Velin
1293 3458 1638 3522 universum,
1679 3458 1823 3527 quod
1874 3461 2055 3513 omnis

466 3539 561 3607 qui
597 3555 791 3596 servus
835 3540 953 3607 Dei,
989 3552 1154 3613 atque
1210 3546 1285 3599 ita
1326 3562 1422 3615 per
1456 3549 1755 3604 'virtutem‘
1800 3550 2052 3618 allectus,

467 3633 791 3687 necessario
813 3635 998 3689 omnia
1019 3635 1280 3691 observat
1304 3653 1426 3709 qua!
1448 3642 1707 3710 superius
1735 3642 1881 3696 dicta
1902 3654 2052 3699 sunt.

469 3721 719 3775 Custodit
750 3724 1113 3796 enimposuit
1151 3743 1253 3798 pro
1278 3743 1344 3785 eo
1368 3733 1515 3799 quod
1566 3742 1671 3795 eet,
1705 3741 1851 3787 amat
1894 3742 2059 3805 atque

468 3823 754 3883 operatur.

542 3905 608 3959 In
635 3908 993 3963 custodiendis
1024 3910 1135 3963 illis
1172 3913 1456 3968 retributio
1493 3916 1686 3971 multa.
1731 3916 1847 3972 Non
1879 3917 1932 3972 in
1965 3918 2055 3971 fu-

472 4003 595 4049 tura
626 4007 834 4052 tantum
868 3999 980 4054 vita
1007 4001 1102 4054 sed
1135 4002 1302 4056 etiam
1336 4003 1389 4057 in
1419 4006 1702 4074 praesenti.

549 4168 713 4226 Vens.
755 4174 839 4227 l3.
868 4172 1079 4229 Delicta
1105 4178 1227 4245 quis
1260 4177 1565 4248 intelliget?
1596 4178 1734 4247 Quia
1768 4183 2061 4253 praedicto-

474 4274 594 4315 rum
612 4265 951 4328 observatio.
977 4283 1008 4323 e
1034 4278 1384 4337 peccatorum
1410 4273 1737 4329 abstinentia
1766 4276 2063 4345 proﬁcisci-

473 4362 586 4419 tur,
609 4356 752 4424 quod
776 4359 1156 4413 dillicillimutn
1185 4370 1290 4426 est,
1321 4363 1516 4417 merito
1550 4364 1765 4419 dubitat
1795 4368 2060 4437 Propheta

475 4447 729 4513 quisnam
758 4449 977 4505 futurus
1012 4452 1084 4505 sit
1118 4454 1253 4507 adeo
1279 4455 1503 4523 sapiens
1533 4456 1601 4510 ad
1629 4458 2054 4513 discernendum

2224 3354 2338 3410 Kal
2374 3355 2485 3425 γὰρ
2538 3358 2571 3410 d
2608 3355 2827 3422 δοῦλός
2878 3371 2997 3410 σου
3034 3355 3344 3425 φυλάσσει
3388 3355 3562 3411 αὐτά.
3605 3357 3749 3428 Περὶ

2156 3446 2353 3501 ἑαυτοῦ
2383 3446 2539 3501 τοῦτο
2564 3444 2740 3500 εἶπεν.
2778 3447 2851 3499 Ἢ
2884 3447 2967 3499 δτι
3001 3447 3103 3509 πᾶς
3137 3445 3195 3509 ὃς
3242 3448 3359 3498 ἑστι
3397 3444 3585 3508 δοῦλός
3614 3462 3745 3507 σου,

2156 3540 2300 3593 κατά
2323 3539 2423 3608 τὴν
2453 3539 2561 3593 ἀπὸ
2597 3540 2698 3609 τῆς
2730 3538 2935 3610 ἀρετῆς
2958 3538 3219 3602 διάθεσιν,
3263 3537 3322 3602 ἐξ
3358 3536 3607 3607 ἀνάγκης
3639 3554 3749 3605 φυ-

2156 3633 2346 3687 λάσσει
2378 3633 2537 3698 αὐτὰ,
2581 3631 2808 3702 δηλαδὴ,
2858 3632 2928 3684 τά
2984 3631 3390 3703 προρρηθέντα.
3427 3632 3749 3686 Φυλάσσσι

2156 3727 2233 3791 δὲ,
2266 3727 2385 3781 ἀντὶ
2411 3725 2530 3790 τοῦ,
2559 3724 2705 3793 φιλεῖ
2734 3724 2830 3777 καὶ
2858 3724 3097 3791 ινεργεί.

2240 3906 2345 3959 Ἐν
2377 3904 2455 3969 τῷ
2484 3903 2834 3973 φυλάσσειν
2871 3904 3044 3971 αὐτὰ,
3074 3905 3483 3970 ἀνταπόδοσις
3512 3905 3744 3973 πολλή.

2161 3996 2275 4049 Οὐκ
2297 3998 2354 4049 ὲν
2372 3998 2439 4066 τῇ
2474 3995 2741 4069 μελλούσῃ
2771 3997 2883 4067 ζωῇ
2917 3995 3098 4065 μόνον,
3118 3996 3254 4049 ἀλλά
3283 3996 3377 4048 καὶ
3406 3997 3464 4050 ὲν
3496 3997 3560 4066 τῇ
3592 4011 3747 4066 παρ-

2161 4090 2316 4160 ούσῃ.

2234 4179 2682 4249 Παραπτώματα
2728 4181 2821 4247 τίς
2872 4178 3177 4246 συνήσεις
3229 4179 3469 4251 ἘπεΥή
3526 4180 3747 4251 φυλακὴ

2161 4275 2363 4326 τούτων
2392 4272 2458 4325 δι’
2479 4270 2692 4341 ἀποχῆς
2712 4271 2922 4337 γίνεται
2956 4270 3471 4342 πλημμελημάτων,
3502 4272 3662 4325 τοῦτο
3680 4260 3765 4324 se"

2161 4366 2629 4435 δυσκατόρθωτον,
2678 4362 2907 4426 εἰκότως
2950 4363 3220 4433 διαπορεῖ,
3271 4362 3367 4425 Τίς
3393 4354 3548 4423 οὗτος
3588 4360 3747 4415 ἔσται

2165 4459 2405 4522 συνετὸς,
2435 4458 2630 4525 λέγων,
2663 4458 2742 4520 εἰς
2773 4456 3046 4527 διάκρισιν
3074 4456 3184 4508 τῶν
3220 4454 3745 4524 πλημμελημάτων,

476 4549 723 4606 peccata,
760 4551 820 4593 ut
849 4541 906 4595 in
947 4558 1009 4595 ea
1043 4559 1153 4597 non
1185 4545 1414 4610 incidat,
1452 4564 1576 4602 cum
1623 4549 1804 4619 aliqua
1838 4562 2057 4619 peccata

2165 4549 2307 4602 ὥστε
2365 4551 2440 4619 μὴ
2479 4550 2829 4619 περιπίπτειν
2860 4548 3078 4612 αὐτοίς;
3121 4546 3244 4601 τινὰ
3275 4549 3385 4616 γὰρ
3437 4545 3615 4598 αὐτῶν
3648 4544 3744 4596 λε-

475 4632 586 4681 sint
634 4633 874 4685 niatime
914 4634 1165 4699 latentia,
1201 4650 1264 4690 ea
1315 4640 1589 4710 przecipue
1631 4655 1753 4709 quae
1780 4642 1837 4695 in
1872 4642 2058 4697 animo

478 4721 816 4776 consistunt.

548 4812 625 4865 Ab
660 4814 876 4870 occultis
901 4817 1030 4871 meis
1053 4820 1255 4873 munda
1279 4834 1381 4895 me.
1412 4820 1639 4877 Occulta
1671 4824 1904 4894 appellat
1934 4841 2059 4893 pec-

479 4913 625 4969 cata,
651 4919 772 4973 qua:
799 4909 939 4961 clam
968 4914 1262 4967 commissa
1294 4922 1461 4979 sunt;
1495 4914 1577 4969 vel
1629 4923 1817 4982 turpes
1854 4918 2061 4986 cogita-

479 4997 682 5060 tiones,
705 5011 827 5065 quze
853 4999 907 5053 in
948 5000 1137 5055 animo
1164 5013 1473 5070 versantur,
1506 5018 1607 5074 pro
1635 5005 1837 5075 quibus
1859 5008 2059 5062 arden-

481 5097 567 5140 ter
618 5092 927 5160 supplicat.
976 5094 1113 5149 Nam
1172 5107 1399 5166 quanto
1433 5098 1611 5168 magis
1664 5098 1857 5163 latent,
1910 5109 2099 5154 tanto

480 5179 755 5237 difﬁcilius
787 5185 985 5253 expelli
1016 5201 1080 5242 ac
1108 5190 1359 5257 superari
1391 5198 1665 5258 possunt:
1700 5189 1899 5260 quippe
1930 5200 2059 5246 eum

479 5290 695 5329 summa
725 5280 1025 5334 securitate
1050 5280 1298 5334 animum
1328 5288 1576 5334 nostrum
1596 5281 1910 5350 inquinent.
1949 5281 2063 5336 Ma-

481 5368 683 5423 nifesta
742 5372 890 5423 enim
948 5381 1176 5442 peccata
1229 5369 1461 5426 facilius
1523 5383 1886 5442 superantur,
1953 5374 2062 5429 nisi

480 5460 607 5529 quis
633 5462 867 5531 perditis
902 5478 1134 5533 prorsus
1167 5464 1243 5518 sit
1276 5463 1551 5520 moribus.
1578 5465 1675 5521 Vel
1699 5481 1796 5535 per
1818 5467 2058 5527 occulta,

480 5564 705 5621 peccata
738 5568 802 5607 ea
833 5555 1101 5624 intellige,
1125 5571 1247 5627 quae
1276 5571 1374 5627 per
1402 5556 1772 5628 ignorantiam
1806 5558 2061 5611 commit-

483 5654 694 5698 tuntur.

556 5732 624 5788 Et
648 5735 932 5792 abalienis
957 5754 1113 5808 parce
1135 5756 1282 5796 seruo
1329 5751 1445 5795 tuo.
1489 5740 1547 5797 in
1594 5741 1815 5808 alienis,
1858 5739 2058 5811 inquit,

481 5828 724 5898 pact-etis
750 5844 913 5907 parce
944 5832 1102 5899 mihi,
1134 5850 1258 5890 cum
1313 5835 1559 5891 noverim
1597 5849 1776 5905 reges,
1832 5833 2057 5903 pontiﬁ-

2159 4643 2268 4693 πτὰ
2302 4642 2394 4693 καὶ
2410 4639 2760 4702 λανθάνοντα,
2787 4639 2880 4692 καὶ
2912 4637 3112 4708 μᾶλλον
3140 4638 3209 4692 τὰ
3238 4638 3378 4690 κατὰ
3400 4635 3578 4707 ψυχὴν
3616 4652 3744 4688 συν-

2166 4732 2460 4802 ιστάμενα.

2246 4823 2347 4876 Ἐκ
2377 4822 2495 4876 τῶν
2538 4824 2802 4891 κρυφίων
2836 4839 2953 4891 μου
2995 4821 3325 4889 καθάρισόν
3365 4836 3463 4890 με.
3518 4818 3745 4890 Κρύφια

2162 4918 2332 4985 λέγει,
2355 4916 2389 4987 ἦ
2412 4917 2478 4969 τά
2507 4918 2564 4971 ὲν
2610 4919 2791 4987 κρυφῇ
2832 4915 3184 4985 πραττόμενα
3207 4913 3678 4983 πλημμελήματα,
3708 4912 3744 4981 ἢ

2162 5012 2287 5073 τοὺς
2321 5012 2464 5064 κατά
2514 5010 2753 5063 διάνοιαν
2809 5006 3234 5076 συνισταμένους
3289 5005 3552 5075 αἰσχροὺς
3590 5005 3744 5072 λογι-

2165 5105 2357 5171 σμοὺς,
2388 5101 2517 5172 περὶ
2548 5094 2622 5153 ὧν
2645 5098 2875 5152 ἱκετεύει
2903 5098 3123 5169 θερμῶς
3146 5112 3160 5126 ⁸
3186 5091 3337 5151 οὗτοι
3361 5097 3472 5165 γὰρ
3502 5095 3627 5147 ὅσον
3662 5095 3746 5146 εί-

2165 5195 2250 5247 σὶν
2279 5194 2536 5261 ἀφανεῖς,
2595 5187 2850 5244 τοσοῦτον
2904 5188 2996 5241 καὶ
3030 5185 3556 5252 δυσκαταγώνιστοι,
3600 5183 3746 5236 κατὰ

2164 5288 2346 5339 πᾶσαν
2395 5283 2580 5337 ἄδειαν
2609 5282 2949 5352 μολύνοντες.
2988 5278 3109 5333 Τῶν
3136 5278 3245 5347 γὰρ
3280 5275 3533 5346 φανερῶν
3562 5276 3746 5343 ἀμαρ-

2160 5378 2423 5448 τημάτων
2462 5372 2885 5445 περιγενήσεται
2929 5389 3040 5438 τις,
3074 5374 3121 5424 εί
3155 5371 3231 5442 μὴ
3264 5371 3443 5441 πάντη
3496 5368 3745 5438 ὲκδεδιῄ-

2162 5485 2345 5538 τηται.
2378 5466 2640 5537 Κρυφίων
2685 5465 2918 5535 νοήσεις,
2959 5462 3069 5517 τῶν
3094 5463 3153 5515 ὲν
3182 5460 3377 5530 ἀγνοίᾳ
3416 5459 3746 5532 ἡμαρτημέ-

2160 5574 2286 5614 νων.
3032 5582 3035 5583 ⁷

2233 5738 2340 5793 Kal
2379 5737 2499 5793 ἀπὸ
2548 5735 2883 5804 ἀλλοτρίων
2932 5732 3139 5803 φεῖσαι
3170 5732 3278 5788 τοῦ
3325 5732 3551 5787 δούλου
3598 5746 3739 5784 σου.

2162 5833 2271 5887 Καὶ
2301 5834 2359 5885 ἐν
2415 5832 2528 5892 τοῖς
2582 5829 2887 5903 ἀλλοτρίοις
2944 5830 3308 5899 ἁμαρτήμασι
3364 5823 3548 5894 φεῖσαί
3613 5839 3739 5890 μου.
