4116 6476
466 370 578 434 263

1763 369 2156 432 EUTIIYMII
2200 370 2573 434 ZIGABENI

3655 374 3765 438 264

470 495 634 555 pacto
668 483 719 538 ei
756 481 930 537 locuti
963 490 1121 548 sunt,
1172 479 1422 537 dicentes
1469 494 1485 533 :
1515 477 1645 535 Dies
1697 480 2057 536 tribulationi:

2170 483 2266 537 τοῦ
2301 484 2440 557 πρὸς
2494 486 2743 553 Ἡσαΐαν,
2794 488 2973 552 ,οὕτως
3023 489 3352 559 εἰρήκασιν·
3395 464 3603 558 Ἡμέρα
3632 492 3766 548 θλί-

471 588 629 648 atque
653 576 956 647 improperii
990 575 1057 629 ⁸⁸.

544 669 801 739 Protegat
858 678 909 722 te
961 684 1151 723 nomen
1205 666 1524 724 DeiJacob.
1556 669 1714 735 Quod
1756 657 2067 738 neglectum

471 757 639 810 modo
677 765 783 821 est,
830 768 886 812 et
920 757 1362 828 blasphematum
1393 759 1463 814 ab
1512 759 1779 830 Assyriis.
1821 758 2068 813 Meminit

473 860 658 903 autem
697 849 1030 918 patriarcha:
1060 848 1255 915 Jacob,
1292 851 1422 919 quia
1449 861 1501 907 et
1526 849 1617 904 ille
1637 850 1692 905 in
1727 854 1939 922 magnis
1970 867 2066 906 ca-

474 940 819 996 lamitatibus
864 953 1125 998 versatus
1146 950 1248 998 est
1282 952 1340 999 et
1374 943 1662 1015 periculis,
1697 951 1754 999 et
1788 947 1858 998 ab
1888 943 2071 999 omni.

470 1034 579 1090 bus
617 1035 834 1089 tandem
879 1037 971 1091 Dei
1009 1037 1216 1092 auxilio
1246 1037 1536 1093 liberatus.

545 1128 712 1184 Vens.
747 1130 803 1183 '5.
844 1128 1067 1185 Emittet
1090 1128 1190 1184 tibi
1221 1130 1488 1183 auxilium
1541 1129 1605 1184 de
1664 1142 1875 1187 sancto.
1926 1129 2069 1185 San-

471 1227 648 1283 ctum,
677 1219 941 1290 templum
971 1220 1325 1291 appellabant
1344 1221 1583 1292 antiqui,
1604 1222 1748 1293 quod
1770 1221 2068 1278 adventare

472 1307 609 1362 illuc
640 1308 810 1364 Deum
839 1310 1166 1366 credebant.

544 1397 615 1453 Et
646 1399 712 1455 de
743 1399 880 1456 Sion
910 1411 1130 1456 tueatur
1161 1414 1230 1460 te.
1267 1403 1428 1460 Mons
1464 1403 1598 1460 Sion
1629 1402 1921 1459 dedicatus
1944 1410 2067 1459 erat

469 1488 727 1548 Domino.
755 1492 821 1547 Et
859 1508 1060 1551 sensus
1094 1507 1180 1551 est
1215 1513 1229 1550 :
1267 1496 1413 1552 Deus
1436 1496 1529 1568 qui
1572 1496 1782 1552 habitat
1822 1496 1880 1551 in
1908 1495 2065 1562 Sion,

469 1581 624 1639 illinc
648 1586 830 1640 veniet
861 1586 912 1639 in
947 1587 1211 1641 auxilium
1246 1597 1424 1644 tuum.
1798 1608 1803 1613 ’
1912 1580 1917 1586 ’

546 1673 709 1732 Vens.
734 1678 788 1731 4.
818 1676 1030 1734 Memor
1050 1679 1120 1733 sit
1154 1681 1329 1739 omnis
1348 1680 1610 1751 sacriﬁcii
1638 1681 1739 1735 tui.
1768 1678 2063 1746 Quodcun-

2169 579 2329 646 ψεως
2353 578 2452 632 καί
2488 580 2756 650 ὀνειδίσῃ
2765 579 2859 636 οὗ.

2257 671 2700 739 Ὑπερασπίσαι
2729 690 2847 727 σου
2887 675 2953 726 τὸ
2987 672 3179 742 ὄνομα
3217 672 3327 727 τοῦ
3354 674 3505 729 Θεοῦ
3541 676 3763 731 Ἰακώϐ.

2170 761 2246 815 Τὸ
2277 762 2637 829 ὲξουδενωθὲν
2675 765 2771 818 καὶ
2806 763 3066 835 ὑϐρισθὲν
3127 764 3232 817 ὑπὸ
3266 764 3377 818 τῶν
3414 766 3720 836 Ἀσσυρίων
3746 782 3761 798 ο

2169 854 2262 907 τοῦ
2300 853 2493 909 Ἰακώό
2510 855 2569 909 δὲ
2594 856 3024 926 ἐμνημόνευσεν,
3044 855 3118 917 ὡς
3146 855 3402 910 κάκείνου
3429 860 3762 928 πειρασμοῖς

2168 940 2530 1018 ὁμιλήσαντος
2590 948 2849 1018 μεγάλοις
2894 949 2991 1002 καὶ
3044 948 3255 1018 φόϐοις,
3309 950 3403 1002 καὶ
3464 948 3767 1020 ῥυσθέντας

2168 1039 2390 1093 πάντων
2425 1040 2517 1092 διὰ
2549 1039 2711 1094 Θεοῦ.

2241 1132 2706 1198 Ἐξαποστείλαι
2735 1151 2834 1190 σοι
2850 1134 3146 1201 ,βοήθειαν
3163 1134 3233 1200 ἐξ
3253 1136 3451 1205 ἁγίου.
3482 1136 3674 1204 Ἀγιον
3731 1138 3765 1190 ὁ

2170 1226 2296 1289 ναὸς
2319 1227 2658 1297 ὠνομάζετο,
2681 1230 2738 1281 ἐν
2760 1223 2804 1297 ᾧ
2837 1229 3031 1300 φοιτᾷν
3059 1229 3351 1282 ἐπίστευον
3378 1228 3470 1282 τὸν
3507 1228 3660 1283 Θεόν.

2239 1398 2348 1454 Καὶ
2375 1399 2446 1454 ἐκ
2479 1399 2638 1455 Σιὼν
2693 1401 3077 1456 άντιλάὸοιτό
3103 1417 3246 1457 σου.
3283 1401 3345 1455 Ἦ
3375 1401 3517 1455 Σιὼν
3543 1400 3653 1472 γὰρ
3680 1399 3770 1469 τῷ

2167 1490 2286 1562 Θεῷ
2316 1492 2594 1546 ἀνέκειτο·
2626 1495 2655 1546 ό
2703 1493 2856 1559 Θεὸς,
2916 1496 2945 1547 6
2981 1495 3040 1548 ὲν
3074 1497 3140 1565 τῇ
3196 1492 3338 1547 Σιὼν
3373 1492 3473 1559 ὢν,
3504 1492 3563 1558 ἐξ
3590 1492 3774 1563 αὐτῆς

2166 1584 2510 1654 κινούμενος,
2552 1586 2822 1658 βοηθῆσαι
2848 1605 2931 1641 σοι

2237 1679 2553 1747 Μνησθείη
2593 1680 2803 1748 πάσης
2820 1658 3068 1747 ’θυσίας
3087 1695 3230 1737 σου.
3270 1680 3372 1736 Ἢν
3397 1683 3455 1734 ὲν
3484 1680 3563 1752 τῷ
3582 1679 3772 1752 καιρῷ

467 1781 578 1836 que
612 1768 831 1824 scilicet
862 1771 1097 1842 inpacis
1129 1781 1379 1842 tempore
1415 1782 1477 1827 ιιι
1514 1773 1638 1844 pius
1673 1786 1739 1828 ac
1769 1772 2057 1844 religiosus

2167 1769 2269 1840 τῆς
2300 1772 2524 1843 εἰρήνης
2562 1772 2861 1845 προσῆγες,
2897 1772 3319 1838 θεοσεϐέστατος
3342 1772 3441 1829 ὢν.

464 1858 515 1913 ei
551 1859 831 1916 obtulisti.

543 1951 612 2005 Et
654 1953 1026 2009 holocaustum
1060 1964 1213 2007 tuum
1268 1954 1463 2024 pingue
1512 1954 1627 2024 ﬁat.
1661 1954 1767 2011 Per
1800 1956 2065 2012 holocau-

468 2055 618 2100 stqu
651 2044 935 2098 victimam
987 2044 1266 2113 intelligit,
1293 2060 1462 2114 quam
1493 2053 1662 2100 totam
1717 2055 1884 2117 atque
1926 2048 2064 2104 inte-

465 2149 621 2206 gram
647 2145 770 2189 erat
804 2135 1120 2191 oblaturus.
1151 2136 1301 2202 llaec,
1345 2138 1543 2206 inquit,
1581 2138 1800 2193 victima
1835 2141 2065 2210 pingue-

464 2236 607 2283 seat.
638 2227 758 2282 Fiet
783 2238 970 2283 autem
1003 2228 1243 2300 pinguis,
1274 2228 1318 2284 si
1352 2229 1521 2284 libera
1554 2232 1603 2285 ei
1638 2246 1843 2300 pascua
1877 2233 2064 2288 dimit-

461 2328 677 2386 tantur,
717 2320 867 2390 quod
896 2320 1026 2383 erit,
1059 2320 1332 2375 dissoluta
1361 2321 1673 2377 obsidione.
1697 2320 1800 2378 Per
1825 2324 2061 2380 victimae

465 2412 655 2482 itaque
705 2411 1122 2482 pinguedinem,
1161 2410 1477 2467 obsidionis
1511 2414 1678 2467 etiam
1733 2414 2060 2474 dissolutio-

465 2518 593 2558 nem
655 2502 774 2557 ﬁeri
811 2509 988 2569 Optat.
1030 2499 1151 2568 Vel,
1190 2502 1507 2573 pingue/iul,
1556 2503 1660 2559 hoc
1705 2514 1812 2574 est,
1854 2507 2058 2579 pingue

462 2603 759 2666 reputetur
792 2603 848 2649 et
877 2603 1192 2665 acceptum.
1232 2594 1636 2652 Holocaustum
1673 2596 1863 2654 Greca
1890 2602 2061 2657 dictio

463 2696 573 2753 est,
605 2702 674 2742 ex
709 2686 953 2743 nominis
991 2688 1323 2758 etymologia
1379 2687 1462 2744 sic
1491 2689 1725 2757 dictum,
1763 2693 1910 2763 quod
1970 2706 2056 2753 to-

466 2792 583 2836 tum
627 2779 1437 2836 comburatur.Sacriﬁciorum
1457 2784 1603 2838 enim
1649 2784 1757 2840 alia
1788 2787 2057 2856 totaliter,

463 2868 571 2921 alia
608 2878 792 2922 autem
829 2869 883 2922 in
915 2880 1081 2939 parte
1110 2869 1616 2929 comburebantur:
1651 2876 1821 2930 veluti
1863 2892 2056 2934 omen-

465 2968 610 3022 tum,
634 2972 825 3025 reues,
857 2967 915 3015 et
940 2959 1134 3033 adeps,
1165 2970 1222 3017 et
1270 2963 1376 3018 alia
1407 2962 1752 3035 bujusmodi,
1787 2976 1845 3023 ut
1886 2971 2055 3027 babe-

464 3061 557 3105 tur
591 3051 649 3106 in
682 3048 946 3108 Levitico.

2234 1947 2348 2003 Kal
2383 1948 2451 2001 τὸ
2506 1948 2901 2019 ὀλοκαύτωμά
2947 1966 3067 2004 σου
3105 1951 3397 2006 murrina.
3442 1954 3508 2006 Ὀ
3545 1953 3772 2024 μέλλεις

2166 2041 2561 2111 προσενεγκεῖν
2619 2043 2698 2103 εἰς
2764 2041 3152 2112 ὁλοκάρπωσιν
3218 2043 3389 2114 θῦμα,
3460 2044 3715 2115 πιανθείη
3747 2058 3768 2075 ο

2165 2132 2531 2204 πιανθήσεται
2571 2132 2652 2196 δὲ,
2687 2132 2861 2204 νομῆς
2892 2133 3191 2204 ἐλευθέρας
3227 2133 3526 2190 ἀπολαῦον.
3559 2135 3768 2188 Ἔσται

2161 2225 2221 2279 δὲ
2248 2224 2427 2288 τοῦτο,
2454 2224 2715 2295 λυθείσης
2750 2226 2881 2280 ποτὲ
2930 2225 3032 2296 τῆς
3086 2226 3408 2297 πολιορκίας
3433 2242 3448 2256 ·
3484 2225 3629 2280 ὥστε
3670 2226 3771 2281 διὰ

2162 2319 2262 2385 τῆς
2283 2317 2541 2387 πιότητος
2558 2317 2654 2370 τοῦ
2687 2317 2953 2388 θύματος,
2984 2317 3085 2389 τὴν
3109 2318 3265 2373 λύσιν
3296 2319 3400 2387 τῆς
3432 2320 3763 2390 πολιορκίας

2163 2409 2196 2477 ἡ
2232 2406 2367 2478 εὐχὴ
2400 2408 2676 2479 βούλεται.
2699 2408 2769 2462 Ἢ
2797 2408 3092 2474 (Immitto,
3112 2410 3234 2464 ἀντὶ
3262 2408 3379 2475 τοῦ,
3410 2404 3579 2464 (Hor!
3609 2411 3769 2481 ἡγη-

2161 2495 2393 2562 σάσθω,
2429 2498 2522 2550 καὶ
2549 2497 2938 2555 εὐαπόδεκτον.
2970 2499 3365 2570 Ὀλοκαύτωμα
3394 2500 3452 2554 δὲ
3478 2501 3760 2567 ἐκαλεῖτο,

2159 2586 2296 2641 διότι
2326 2588 2449 2643 ὅλον
2480 2590 2702 2643 ἐκαίετο
2723 2607 2737 2620 ·
2792 2592 2888 2645 καὶ
2924 2592 3034 2664 γὰρ
3067 2591 3176 2646 τῶν
3205 2592 3468 2662 θυμάτων
3518 2593 3585 2647 τὰ
3654 2593 3758 2664 μὲν

2158 2678 2569 2736 ὡλοκαυτοῦντο
2590 2698 2603 2711 ·
2653 2683 2764 2737 τῶν
2790 2683 2848 2736 δὲ
2900 2683 3066 2755 μόριά
3098 2700 3221 2738 τινα
3250 2685 3597 2751 κατεκαίετο,
3636 2687 3762 2738 ἐπί-

2160 2771 2353 2836 πλους,
2378 2775 2474 2827 καὶ
2497 2776 2711 2845 νεφροὶ,
2748 2773 2841 2828 καὶ
2864 2777 3050 2847 στέαρ,
3080 2776 3175 2830 καὶ
3211 2775 3346 2829 ἄλλα
3371 2775 3618 2842 τοιαῦτα,
3656 2793 3761 2830 κα-

2161 2862 2270 2928 θὼς
2298 2864 2360 2918 τὸ
2391 2865 2680 2921 Λευιτικὸν
2709 2866 2936 2935 ἐδίδαξε.

543 3139 707 3197 Vens.
727 3142 782 3198 5.
805 3142 1025 3201 Tribuat
1051 3148 1150 3203 tibi
1179 3151 1437 3207 Dominus
1462 3153 1751 3208 secundum
1768 3168 1861 3209 cor
1883 3162 2054 3211 tuum.

2232 3134 2359 3203 Δὼη
2378 3148 2483 3190 σοι
2524 3136 2742 3204 Κύριος
2791 3134 2943 3190 κατὰ
2967 3132 3085 3203 τὴν
3107 3135 3365 3204 καρδίαν
3408 3149 3546 3189 σου.
3580 3134 3673 3199 Ὠς
3719 3136 3756 3205 ή

468 3231 538 3287 llt
572 3245 846 3291 cortuum
878 3247 1056 3309 optat.
1104 3242 1216 3299 Cor
1246 3255 1431 3300 autem
1466 3246 1743 3317 Propheta
1780 3262 1928 3317 saepe
1964 3262 2061 3318 po-

462 3326 549 3383 nit
589 3343 689 3398 pro
714 3329 923 3397 anima,
959 3348 1030 3388 eo
1052 3336 1200 3405 quod
1241 3352 1354 3406 prae
1378 3340 1598 3397 caeteris
1622 3339 1745 3396 aliis
1795 3341 2060 3398 membris

461 3427 563 3469 cor
604 3414 674 3470 ab
706 3417 890 3472 anima
924 3421 1252 3490 inspiretur.
1286 3424 1379 3481 Sic
1407 3426 1573 3482 etiam
1593 3429 1724 3483 alibi
1761 3430 2055 3501 accipitur:

461 3504 569 3560 Cor
597 3523 773 3563 meum
793 3520 844 3565 et
868 3527 997 3568 caro
1037 3531 1155 3569 mea.
1193 3519 1596 3575 exsultaverunt
1654 3523 1710 3576 in
1763 3522 1933 3578 Deum
1983 3527 2061 3579 vi-

461 3611 555 3650 rea
561 3603 663 3650 tem
671 3635 685 3652 ι

544 3687 616 3742 Et
651 3707 804 3746 omne
825 3695 1107 3750 consilium
1162 3708 1313 3752 tuum
1380 3702 1619 3769 impleat.
1676 3702 2059 3778 Quodcunque

461 3782 684 3839 scilicet
711 3798 923 3842 rectum
955 3807 1019 3844 ac
1056 3792 1272 3861 justum
1310 3795 1501 3851 fuerit.

536 3872 703 3931 Vsus.
734 3878 789 3931 6.
814 3877 1150 3936 Lcetabimur
1176 3885 1231 3938 in
1258 3888 1491 3941 salutari
1556 3898 1665 3943 tuo.
1727 3889 2051 3962 Spcramus,

458 3966 656 4036 inquit,
696 3972 841 4038 quod
867 3970 1012 4029 Deus
1048 3990 1202 4029 suam
1239 3978 1314 4031 ob
1349 3978 1885 4049 clementiam,etob
1906 3995 2052 4043 tuam

459 4057 821 4125 probitatem,
866 4065 1216 4132 praestitutus
1248 4068 1348 4121 tibi
1378 4071 1461 4123 ‘sit
1484 4071 1744 4137 salutem,
1774 4083 1934 4144 teque
1972 4078 2057 4131 in-

458 4151 830 4219 superabilem
850 4153 1196 4219 redditurus,
1216 4172 1326 4225 quo
1356 4159 1622 4218 beneficio
1645 4173 1699 4220 et
1739 4182 1841 4223 nos
1872 4178 2051 4225 tecum

457 4242 666 4310 pariter
690 4242 958 4300 fruemur.

537 4332 604 4385 Et
634 4337 689 4387 in
759 4336 972 4390 nomine
1010 4338 1111 4393 Dei
1146 4343 1316 4396 nostri
1376 4347 1859 4416 magniﬁcabimur.
1916 4353 2051 4408 Nam

2164 3228 2364 3299 καρδία
2403 3244 2499 3282 σου
2559 3228 2834 3299 βούλεται.
2879 3228 3126 3299 Καρδίαν
3168 3229 3223 3282 δὲ
3258 3227 3359 3301 τὴν
3411 3227 3594 3299 ψυχὴν
3621 3229 3759 3281 πολ-

2162 3321 2321 3385 λάκις
2347 3324 2374 3375 ὁ
2395 3322 2692 3393 Προφήτης
2722 3320 2895 3390 λέγει,
2930 3321 3021 3375 διὰ
3045 3322 3106 3373 τὸ
3137 3318 3369 3391 ἑξῆφθαι
3397 3320 3604 3390 ταύτην
3650 3320 3757 3389 τῆς

2160 3414 2362 3486 ψυχῆς,
2393 3415 2632 3485 μάλιστα
2679 3412 2788 3467 τῶν
2815 3412 2994 3468 ἄλλων
3035 3414 3237 3485 μελῶν.
3275 3411 3350 3476 ὡς
3379 3413 3441 3466 τό
3461 3429 3473 3443 ’
3522 3411 3584 3464 Ἦ
3612 3429 3761 3483 καρο

2160 3509 2247 3561 δία
2283 3525 2386 3576 μου
2439 3509 2531 3560 καὶ
2583 3508 2616 3576 ἠ
2654 3506 2792 3579 σάρξ
2839 3524 2941 3578 μου
3012 3506 3419 3575 ὴγαλλιάσαντο
3470 3507 3567 3560 ἐπὶ
3613 3506 3753 3562 Θεὸν

2161 3601 2362 3666 ζῶντα.

2230 3693 2340 3748 Καὶ
2373 3692 2582 3748 πᾶσαν
2611 3690 2727 3759 τὴν
2750 3691 3000 3759 βουλήν
3040 3708 3158 3746 σου
3196 3691 3537 3761 πληρώσαι.
3582 3693 3758 3759 Ἀγα-

2162 3785 2263 3856 θὴν
2290 3786 2387 3839 καὶ
2420 3786 2637 3840 δικαίαν
2668 3781 2857 3840 οὖσαν.

2234 3878 2750 3947 Ἀγιιλλιασόμεθιι
2770 3876 2871 3931 ἐπὶ
2911 3875 2990 3942 τῷ
3010 3878 3282 3947 σωτηρίῳ
3305 3893 3445 3932 σου.
3473 3875 3756 3930 “ancilla-

2162 3991 2263 4044 μεν
2299 3975 2381 4027 ὅτι
2403 3974 2490 4027 διὰ
2520 3972 2618 4043 τὴν
2653 3972 2817 4025 αὐτοῦ
2848 3976 3216 4043 χρηστότητα,
3258 3971 3355 4025 καὶ
3381 3970 3481 4040 τὴν
3508 3970 3607 4042 σὴν
3647 3988 3759 4024 κα-

2158 4068 2470 4144 λοκαρδίαν,
2502 4068 2530 4119 6
2568 4065 2698 4128 Θεὸς
2724 4066 2820 4137 τὴν
2852 4067 3126 4136 σωτηρίαν
3157 4066 3396 4133 ποιήσει,
3440 4065 3534 4118 καὶ
3576 4066 3760 4118 ἀκατ-

2159 4161 2459 4231 αγώνιστον
2490 4161 2643 4230 θήσει
2669 4176 2751 4221 σε,
2790 4154 2858 4231 ἧς
2891 4161 2982 4212 καὶ
3012 4158 3173 4227 ήμεῖς
3201 4158 3602 4226 ἀπολαύσομεν.

2240 4341 2344 4394 Ἐν
2374 4338 2453 4406 τῷ
2502 4341 2746 4408 ὀνόματι
2788 4340 3011 4407 Κυρίου
3044 4338 3193 4393 Θεοῦ
3228 4337 3399 4406 ἡμῶν
3441 4342 3755 4409 μεγαλυν-

456 4424 503 4479 si
532 4425 783 4482 inimicos
823 4428 967 4483 Deus
1021 4436 1284 4499 conterit,
1315 4433 1688 4495 formidabilis
1715 4444 1878 4495 etiam
1947 4447 2054 4500 erit

2160 4435 2487 4504 θησόμεθα.
2516 4435 2575 4486 Εἰ
2602 4436 2712 4502 γὰρ
2746 4434 3021 4501 συντρίϐει
3058 4434 3184 4489 τοὶις
3218 4432 3469 4502 ἐχθροὺς,
3513 4432 3754 4501 φοϐερὸς

461 4517 744 4585 sentibus,
772 4519 877 4572 hoc
900 4520 1020 4575 solo
1066 4524 1290 4580 nomine
1326 4526 1473 4582 Deus
1504 4528 1673 4584 Israel
1702 4532 1993 4590 invocatus
2031 4556 2047 4593 :

455 4621 556 4676 per
609 4608 1110 4698 quod-nomenct
1171 4629 1273 4671 nos
1326 4620 1828 4691 magniﬁcabimur,
1886 4626 2051 4682 veluti

455 4698 722 4754 exaudita
754 4701 1109 4760 invocatione
1159 4717 1378 4763 nostra.

528 4787 699 4847 Vsus.
730 4792 781 4847 7.
806 4793 1036 4864 Impleat
1070 4800 1330 4875 Dominus
1362 4821 1539 4861 omnes
1592 4810 1869 4877 petitiones
1902 4821 2046 4869 tuas.

454 4880 706 4939 Orationi
739 4885 1010 4944 insistunt
1052 4904 1106 4947 et
1144 4895 1425 4963 precibus,
1473 4901 1542 4955 ob
1569 4912 1575 4921 '
1601 4903 1916 4960 diuturnam
1984 4924 2048 4961 ac

455 4984 806 5033 constantem
872 4984 1267 5042 contritionem
1321 5000 1489 5061 atque
1536 4994 1901 5053 humilitatem
1964 5016 2050 5055 rc-

519 5158 683 5217 Nunc
703 5168 920 5238 cognovi
951 5172 1204 5239 quoniam
1226 5174 1433 5229 salvum
1454 5177 1576 5243 fecit
1609 5178 1865 5236 Dominus
1890 5182 2048 5239 Chri-

448 5261 590 5309 stum
614 5272 792 5315 suum.
823 5260 953 5317 Haec
993 5267 1152 5334 quasi
1178 5267 1245 5320 ab
1269 5283 1607 5339 unoquoque
1659 5289 1848 5328 eorum
1912 5288 2044 5335 tunc

451 5348 662 5439 pariter
685 5358 1163 5423 comprecantium
1197 5359 1345 5414 dicta
1372 5369 1522 5428 sunt,
1553 5365 1890 5423 certitutlinc
1910 5385 2017 5439 qua
2035 5402 2048 5414 -

451 5434 578 5489 dam
621 5440 820 5497 salutis
841 5443 1030 5499 habita
1063 5461 1092 5500 a
1126 5461 1321 5505 sancto
1362 5449 1592 5523 Spiritu.
1621 5456 1905 5514 Christum
1926 5434 2041 5515 ‘au-

451 5528 783 5611 tentﬂegem
820 5540 1061 5609 appellat
1090 5549 1147 5597 ut
1186 5555 1433 5602 unctum.

522 5621 789 5684 Exaudiet
813 5631 966 5687 illum
1004 5636 1070 5690 de
1093 5638 1222 5692 cwlo
1252 5651 1439 5698 sancto
1465 5659 1587 5701 suo.
1609 5645 1668 5704 In
1705 5648 1850 5704 coelo
1875 5648 2035 5707 babio

520 5806 570 5839 ⁸⁸
607 5809 720 5866 Isa.
756 5827 964 5883 xxxv",
1001 5817 1057 5873 5.

2157 4530 2309 4582 ἔσται
2341 4533 2448 4591 τοῖς
2496 4527 2698 4592 ἔθνεσι,
2740 4526 2833 4580 καὶ
2873 4527 3034 4595 μόνον
3082 4525 3490 4595 ὀνομαζόμενος
3526 4528 3553 4578 6
3608 4526 3753 4590 Θεὸς

2149 4622 2243 4675 τοῦ
2283 4621 2497 4691 Ἰσραήλ
2520 4640 2534 4652 ·
2567 4621 2654 4674 διὰ
2679 4620 2735 4672 δὲ
2769 4619 2862 4672 τοῦ
2897 4619 3140 4672 τοιούτου
3177 4620 3441 4689 ὀνόματος
3470 4620 3753 4690 κα”ιήμεῐς

2155 4712 2694 4783 μεγαλυνθησόμεθα
2733 4713 3242 4783 συνεξακουόμενοι.

2222 4806 2544 4875 Πληρώσαι
2594 4807 2813 4873 Κύριος
2865 4805 3062 4859 πάντα
3118 4805 3189 4859 τὰ
3234 4804 3531 4874 αἱτήματά
3596 4822 3745 4860 σου.

2163 4905 2512 4974 Ἐπιμὲνουσι
2539 4906 2602 4974 τῇ
2633 4903 2789 4975 εὐχῇ,
2820 4903 2907 4955 διὰ
2938 4904 3040 4973 τὴν
3070 4903 3331 4973 ἐπίμονον
3351 4904 3445 4958 τοῦ
3471 4903 3748 4973 βασιλέως

2150 4996 2442 5067 συντριϐὴν
2472 4997 2571 5050 καὶ
2593 4997 2951 5048 ταπείνωσιν.

2218 5178 2351 5235 Νῦν
2399 5179 2616 5250 ἔγνων,
2650 5176 2741 5232 ὅτι
2790 5178 2991 5232 ἔσωσε
3040 5179 3257 5247 Κύριος
3308 5179 3415 5234 τὸν
3476 5179 3745 5248 Χριστὸν

2148 5270 2359 5326 αὑτοῦ.
2376 5271 2548 5325 Τοῦτο
2582 5271 2657 5335 ὡς
2684 5271 2777 5340 ἀρ’
2807 5272 3043 5325 ἑκάστου
3073 5271 3183 5324 τῶν
3214 5272 3548 5342 εὐχομένων,
3583 5289 3740 5342 τηνι-
3796 5278 3811 5299 τ

2147 5365 2326 5418 καῦτα
2363 5364 2741 5436 πληροφορίαν
2775 5363 2899 5417 τινὰ
2930 5364 3244 5435 δεξαμένων
3278 5362 3430 5435 παρὰ
3450 5362 3545 5416 τοῦ
3573 5364 3735 5432 ἁγίου

2145 5460 2489 5531 Πνεύματος.
2549 5458 2786 5529 Χριστὸς
2832 5458 2939 5529 γὰρ
2993 5460 3021 5509 ὁ
3075 5456 3356 5527 βασιλεὺς,
3402 5456 3479 5519 ὡς
3512 5456 3741 5526 χριόμε-

2141 5570 2253 5617 νος.

2209 5646 2640 5701 Ἐπακούσεται
2672 5641 2859 5700 αὐτοῦ
2895 5641 2965 5707 ἐξ
2994 5640 3258 5712 οὐρανοῦ
3319 5641 3493 5711 ἁγίου
3520 5640 3734 5699 αὐτοῦ.
