4116 6480
420 410 527 474 265

421 617 631 680 σκίαζε.
660 613 755 668 Διό
783 630 914 668 ποτε
944 614 1044 685 μὲν
1073 615 1139 669 ὲκ
1170 614 1265 669 τοῦ
1300 615 1454 681 ναοῦ,
1493 617 1624 671 ποτὲ
1656 616 1712 671 δὲ
1744 618 1802 686 ἐξ
1833 618 2003 688 οὐρα-

419 712 509 766 νοῦ
534 709 723 764 τοῦτον
752 711 1121 782 παρεκάλουν.
1162 710 1363 782 Ἁγίου
1383 709 1462 778 δὲ,
1490 711 1585 766 τοῦ
1618 712 2005 784 ἀφωρισμένον

419 801 586 873 αὐτῷ.

486 895 594 947 Ἑν
625 890 1017 959 δυναστείαις
1042 891 1082 960 ἡ
1118 894 1383 962 σωτηρία
1412 892 1525 961 τῆς
1552 891 1758 958 δεξιᾶς
1796 895 2005 953 αὑτοῦ.

432 983 521 1035 Ἐν
547 984 827 1055 ὑπερϐολῇ
861 984 1149 1053 δυνάμεως
1191 986 1224 1056 ἡ
1282 984 1435 1056 παρᾶ
1489 985 1592 1056 τῆς
1637 984 1789 1049 Θείας
1822 984 2007 1050 δεξιᾶς

416 1075 683 1147 γινομένη
721 1075 831 1128 τινὶ
857 1075 1135 1147 σωτηρία·
1169 1076 1249 1131 διὸ
1287 1075 1393 1149 χρὴ
1423 1077 1669 1149 θαρρεῖν,
1700 1077 1795 1132 καλ⁵
1819 1076 1895 1148 μὴ
1923 1077 2010 1131 δε-

417 1170 595 1224 διέναι
653 1169 754 1240 τὴν
799 1169 1066 1227 δοκοῦσαν
1122 1171 1498 1227 ἀνυπόστατον
1555 1173 1667 1227 τῶν
1728 1170 2007 1243 πολεμίων

416 1277 491 1313 πα
501 1262 801 1330 ρασκευήν.

496 1469 675 1530 Οὗτοι
707 1474 778 1526 ἐν
823 1475 1067 1543 ἅρμασι,
1115 1474 1215 1530 καὶ
1239 1469 1405 1532 οὗτοι
1445 1476 1516 1531 ἐν
1544 1477 1770 1544 ἵπποις.
1812 1480 1875 1533 Οἱ
1911 1498 2007 1534 κυ-

420 1567 736 1630 κλώσαντες
764 1568 912 1637 ἡμᾶς
946 1568 1006 1622 ὲν
1038 1567 1250 1639 ἅρμασι
1281 1568 1375 1623 καὶ
1404 1568 1595 1633 ἵπποις
1624 1572 1752 1639 εἰσὶ,
1791 1573 1885 1625 καὶ
1915 1590 2009 1626 πε-

420 1662 678 1714 ποίθασιν
695 1679 708 1691 ·
737 1653 888 1715 οὗτοι
906 1661 964 1715 δὲ
988 1661 1086 1716 καὶ
1108 1657 1275 1731 οὗτοι,
1305 1663 1355 1716 οἱ
1375 1664 1532 1718 αὐτοί
1551 1679 1565 1695 °
1591 1666 1686 1719 καὶ
1714 1665 1875 1719 τοῦτο
1899 1667 2007 1737 γὰρ

420 1753 620 1823 ἰδίωμα
644 1753 747 1822 τῆς
780 1752 1060 1823 Ἐὁραῖδος
1085 1753 1389 1810 διαλέκτου.

500 1952 702 2023 Ἡμεῖς
731 1953 801 2008 δὲ
826 1955 897 2009 ἐν
943 1956 1187 2025 ὀνόματι
1223 1957 1445 2026 Kvpiov
1485 1958 1636 2014 Θεοῦ
1686 1959 1859 2030 ἡμῶν
1889 1962 2002 2033 (76)

413 2048 1018 2116 ιιετιιιυνθησόμεθα.
1081 2049 1274 2120 Ἢμετς
1311 2051 1366 2104 δὲ
1396 2053 1456 2105 ὲν
1500 2052 1727 2122 ὀνόματι
1770 2055 1999 2126 Κυρίου,

421 2138 533 2209 (77)
560 2138 618 2191 τὸ
641 2137 997 2203 ὲξονειδισθὲν
1031 2141 1182 2211 παρὰ
1209 2139 1320 2194 τῶν
1346 2141 1581 2212 ἐχθρῶν,
1629 2144 1709 2208 εἰς
1748 2142 2003 2215 βοήθειαν

424 2230 898 2300 ἐπικαλεσόμεθα·
930 2232 962 2300 ἢ
1018 2231 1105 2286 διὰ
1143 2233 1204 2286 τὸ
1236 2232 1407 2304 ὄνομα
1458 2236 1689 2305 Κυρίου,
1746 2237 1808 2291 τὸ
1847 2237 2001 2308 ὑδρι-

432 2323 572 2388 σθὲν,
604 2324 1047 2395 ὲπικαλεσόμεθα
1068 2326 1160 2379 τὸν
1184 2327 1390 2397 Κύριον
1429 2327 1647 2399 βοηθόν.

494 2525 658 2580 Αὐτοὶ
680 2524 1246 2595 συνεποδίσθησαν,
1289 2529 1390 2582 καὶ
1414 2530 1672 2585 ἔπεσον’
1709 2534 1879 2602 ἡμεῖς
1911 2534 2000 2605 δὲ,

428 2617 780 2689 ἀνέστημεν,
806 2620 906 2673 καὶ
929 2620 1379 2691 ἁνιφθὼθημεν.
1417 2624 1497 2679 Τὰ
1533 2626 1632 2695 μὲν
1659 2628 2003 2698 προλαϐόντα

424 2709 584 2777 ῥητὰ,
641 2710 785 2765 κατὰ
812 2710 907 2764 τὸν
937 2708 1128 2784 καιρδν
1173 2708 1314 2785 ἦσαν
1347 2713 1443 2767 τοῦ
1469 2713 1670 2786 θρήνου
1719 2721 1811 2773 καὶ
1841 2737 2004 2774 κοπε-

419 2801 548 2854 τοῦ·
580 2804 649 2855 τὰ
675 2804 785 2873 γὰρ
814 2801 1088 2868 ἐντεῦθεν,
1135 2805 1276 2874 μετὰ
1311 2804 1409 2875 τὴν
1440 2806 1672 2876 ἀόρατον
1720 2811 2002 2882 ἀναίρεσιν

415 2895 529 2947 τῶν
548 2895 855 2967 Ἀσσυρίων
909 2897 1173 2964 ἐγίνοντο,
1224 2897 1479 2969 λυθείσης
1524 2901 1626 2971 τῆς
1659 2902 1998 2975 πολιορκίας,

416 2986 511 3039 καὶ
534 2988 837 3057 χαιρόντων
867 2988 1107 3053 πάντων,
1130 2989 1224 3043 καὶ
1253 2990 1344 3045 τὸν
1368 2991 1501 3045 Θεὸν
1527 2992 1881 3061 δοξαζόντων,
1909 2998 2003 3051 καὶ

412 3079 690 3148 λεγόντων
730 3080 939 3135 ταῦτα·
975 3082 1447 3153 Συνεποδίσθησαν
1486 3087 1596 3157 γὰρ
1634 3089 1699 3159 τῇ
1753 3088 1874 3161 θείᾳ
1914 3090 2004 3143 δυ-

411 3173 605 3242 νάμει,
637 3173 734 3228 καὶ
765 3170 1186 3246 κατηνέχθησαν
1238 3181 1444 3248 πτῶμα
1472 3180 1805 3246 θανάσιμον·
1841 3184 2003 3252 ἡμεῖς

412 3263 475 3317 δὲ
508 3266 861 3330 πεπτωκότες
884 3267 961 3337 τῷ
988 3268 1118 3332 δέει,
1148 3269 1462 3341 ἀνέστημεν
1495 3269 1571 3343 τῷ
1598 3274 1928 3343 φρονήματι.

486 3578 687 3647 Κύριε,
747 3576 957 3632 σῶσον
1010 3580 1117 3633 τὸν
1162 3580 1451 3645 βασιλέα,
1493 3583 1593 3635 καὶ
1650 3582 2001 3639 ἐπάκουσον

415 3669 613 3739 ἡμῶν,
641 3671 713 3724 ἐν
734 3664 776 3742 ᾖ
793 3669 871 3724 ἂν
893 3670 1081 3740 ἡμέρᾳ
1115 3671 1604 3744 ἐπικαλεσώμεθά
1639 3691 1733 3729 σε.
1788 3675 2003 3749 Ὥσπερ

417 3764 517 3817 νῦν
536 3764 751 3828 ἔσωσας
789 3764 952 3817 αὐτὸν
979 3765 1043 3818 ὲκ
1068 3750 1252 3837 χειρὸς
1286 3764 1521 3836 ἐχθρῶν,
1552 3765 1696 3822 οὕτω
1714 3768 1808 3821 καὶ
1838 3770 1919 3832 εἰς
1942 3769 2004 3822 τὸ

416 3851 551 3924 ἑξῆς
592 3851 727 3926 (78),
755 3852 1051 3919 ἄξιονδντα
1079 3853 1372 3922 σώζεσθαι,
1396 3854 1486 3908 διὰ
1524 3853 1621 3926 τὴν
1667 3857 1869 3928 ἀρετὴν
1908 3858 2008 3911 αὑ-

412 3940 516 3995 τοῦ
540 3957 555 3973 ·
593 3944 902 3998 ἐπάκουσον
938 3938 1094 4008 αὖθις
1116 3943 1297 4016 ἡμῶν,
1323 3943 1399 4009 ὡς
1433 3946 1528 3999 καὶ
1559 3945 1679 4013 νῦν,
1711 3946 1904 4012 ὁσάκις
1934 3950 2003 4003 ἂν

414 4036 885 4108 ὲπικαλεσώμεθά
913 4054 992 4097 σε.
1041 4037 1102 4093 '0
1130 4037 1230 4109 μὲν
1254 4033 1349 4093 οὖν
1371 4038 1604 4109 ψαλμδς,
1653 4042 1734 4104 εἰς
1761 4042 1830 4094 τὰ
1861 4041 2006 4094 κατὰ

411 4130 514 4184 τὸν
545 4129 799 4195 Ἑζεκίαν
844 4129 1170 4202 ήρμηνεύθη
1211 4130 1308 4186 καὶ
1341 4132 1556 4203 ἥρμοσε
1577 4149 1592 4165 ·
1628 4134 1778 4198 τινὲς
1807 4132 1884 4198 δὲ,
1928 4133 2006 4204 τῷ

412 4222 590 4277 Διὸὶδ
648 4223 815 4278 αὑτὸν
861 4224 1120 4295 ἁρμόζειν
1175 4223 1474 4295 βιάζονται,
1535 4224 2005 4297 παραταττομένῳ

414 4313 562 4382 πρὸς
590 4314 846 4377 ἐπιόντας
877 4316 1125 4386 ἐχθροὺς,
1158 4315 1252 4369 καί
1283 4333 1469 4386 φασιν,
1497 4315 1572 4379 ὡς
1601 4316 1763 4380 αὐτὸς
1794 4317 2007 4371 ὁΔαὸὶδ

412 4409 764 4479 ἐσχημάτισε
815 4408 905 4462 τὸν
933 4409 1148 4479 ψαλμὸν
1193 4409 1273 4473 εις
1306 4411 1376 4463 τὰ
1414 4408 1684 4478 πρόσωπα.
1724 4408 1834 4463 τῶν
1877 4411 2007 4480 περὶ

409 4501 604 4553 αὐτὸν
637 4500 892 4572 ἑταίρων.
941 4500 1231 4570 ’Δρμόσειε
1273 4500 1318 4554 δ’
1372 4499 1439 4553 ἂν
1489 4501 1585 4553 καὶ
1626 4500 1791 4553 παντὶ
1831 4500 2007 4571 πιστῷ

413 4595 900 4665 παραταττομένῳ
917 4594 1060 4648 κατὰ
1074 4593 1181 4647 τῶν
1206 4593 1497 4664 δαιμόνων,
1522 4587 1611 4647 οἷα
1635 4593 1728 4647 τοῦ
1754 4591 2008 4663 σώματος

1580 415 1974 478 COMMENT.
2023 417 2105 477 IN
2131 416 2496 479 PSALMOS.

420 525 532 580 Καὶ
558 525 617 576 ἐν
651 524 902 595 οὐρανοῖς
944 522 1053 594 γὰρ
1096 520 1357 594 κατῴκει,
1415 524 1509 578 καὶ
1539 525 1595 578 ἐν
1628 526 1706 596 τῷ
1735 524 1848 596 ναῷ
1878 526 2005 578 ὲπε-

2113 527 2285 593 tabat,
2314 534 2369 582 et
2396 527 2452 582 in
2487 525 2688 598 templo
2724 524 3090 583 obumbrabat

3579 414 3688 479 Ξειίῖ

3150 542 3163 578 :
3208 530 3373 594 atque
3436 524 3560 581 ideo
3591 528 3694 580 ali-

2109 618 2334 688 quando
2368 634 2399 674 e
2436 619 2662 688 templo,
2706 617 3009 688 aliquando
3042 632 3171 675 vero
3211 619 3401 676 ecaelo
3422 618 3573 673 illum
3597 618 3695 673 ad-

2107 712 2395 767 vocabant.
2418 708 2674 765 Sanctum
2703 725 2833 765 vero
2896 710 3097 766 coelum
3136 710 3375 781 appellat
3393 711 3550 780 quasi
3568 725 3696 765 san-

2111 790 2408 860 ctiiicatum
2448 804 2557 861 Deo
2592 820 2657 860 ac
2690 805 3028 862 dedicatum.

2186 894 2255 952 In
2292 897 2648 967 potentatt'bus
2696 898 2846 953 salus
2890 899 3127 955 dextera:
3171 900 3311 969 ejus.
3355 897 3521 954 Salus
3572 899 3690 966 illa,

2109 1004 2231 1059 quae
2263 989 2490 1046 obvenit
2514 1005 2545 1045 a
2574 991 2753 1060 gratia
2786 988 2904 1056 Dei,
2942 990 3170 1046 fundata
3197 1000 3283 1047 est
3318 991 3373 1046 in
3409 991 3694 1046 abundan-

2109 1080 2184 1134 tia
2214 1082 2450 1152 quadam
2484 1090 2650 1152 atque
2679 1097 2912 1138 excessu
2956 1082 3155 1137 divinae
3185 1082 3444 1153 potentiae
3477 1099 3492 1149 ;
3527 1092 3694 1153 atque

2113 1170 2237 1225 ideo
2261 1186 2362 1226 nos
2380 1172 2655 1227 conlidere
2675 1181 2894 1243 oportet
2910 1182 2963 1228 et
2987 1172 3338 1228 inimicorum
3360 1180 3691 1245 apparatmn

2109 1277 2216 1317 non
2252 1263 2467 1330 timere,
2487 1278 2801 1335 quanquam
2868 1265 3172 1321 immensus
3202 1264 3495 1322 admodum
3529 1274 3694 1337 atque

2109 1354 2490 1411 intolerandus
2516 1356 2790 1413 videatur.

2185 1464 2352 1524 Vsus.
2383 1467 2436 1523 8.
2471 1466 2545 1522 Hi
2574 1470 2629 1524 in
2654 1469 2984 1535 curribus,et
3009 1471 3063 1526 Iri
3079 1472 3133 1526 in
3167 1472 3343 1543 equis.
3366 1472 3434 1528 Hi
3467 1474 3694 1543 quicir-

2110 1555 2377 1612 cumdant
2412 1572 2540 1623 nos,
2574 1559 2631 1615 in
2666 1563 2925 1618 curribus
2957 1571 3014 1618 et
3039 1563 3095 1618 in
3117 1564 3278 1633 equis
3303 1572 3454 1631 sunt,
3492 1567 3547 1620 in
3575 1567 3695 1636 qui-

2110 1649 2217 1704 bus
2246 1649 2557 1705 conﬁdunt.
2616 1649 2850 1707 Eosdem
2886 1654 3032 1710 enim
3089 1655 3347 1712 inimicos
3400 1657 3695 1728 utrobique

2111 1738 2389 1811 intelligit,
2416 1739 2662 1813 [tametsi
2689 1750 2898 1811 repetat
2923 1742 3271 1817 articulum].
3334 1752 3529 1816 estque
3591 1749 3694 1803 hoc

2112 1831 2278 1886 etiam
2308 1830 2591 1889 llebraicas
2621 1834 2825 1906 linguae
2856 1836 3083 1893 idioma.

2162 1942 2277 1998 Nos
2301 1954 2481 2000 autem
2502 1949 2555 2000 in
2593 1949 2803 2002 nomine
2852 1949 2945 2005 Dei
2964 1953 3136 2007 nostri
3185 1954 3562 2013 invocabimus.
3585 1957 3696 2013 Nos

2111 2044 2321 2102 autem,
2362 2039 2563 2110 inquit,
2591 2041 2726 2096 illud
2760 2042 2852 2098 Dei
2899 2058 3120 2113 nomen,
3168 2047 3312 2118 quod
3345 2050 3414 2105 ab
3456 2050 3696 2107 inimicis

2110 2129 2501 2198 exprobratum
2523 2146 2586 2185 ac
2604 2135 2936 2190 contumelia
2956 2137 3209 2193 aﬂ‘ectum
3228 2150 3332 2206 est,
3356 2141 3410 2194 in
3429 2143 3691 2196 auxilium

2110 2228 2359 2274 nostrum
2381 2221 2798 2278 invocabimus:
2831 2223 2941 2291 vel,
2963 2233 3192 2295 propter
3214 2242 3417 2283 nomen
3451 2228 3690 2294 Domini,

2112 2312 2259 2380 quod
2293 2312 2361 2368 ab
2397 2313 2508 2368 illis
2557 2324 2803 2385 spretum
2839 2325 2923 2373 est
2972 2317 3355 2377 invocabimus
3399 2321 3691 2378 Dominum

2110 2405 2435 2474 adjutorem.

2185 2517 2423 2573 Vsus.9.
2458 2516 2573 2586 Ipsi
2596 2517 2816 2590 obligati
2858 2528 2982 2575 sunt
3011 2529 3059 2575 et
3084 2522 3407 2590 ceciderunt,
3449 2541 3543 2580 nos
3594 2543 3695 2579 au-

2113 2620 2214 2662 tem
2244 2596 2579 2665 surreximus
2605 2619 2655 2664 et
2679 2613 2839 2666 erecti
2876 2616 3085 2668 sumus.
3148 2612 3446 2685 Superiora
3503 2617 3693 2684 verba,

2112 2700 2529 2758 lamentationis
2546 2717 2611 2757 ac
2638 2690 2894 2772 planctbs
2928 2711 3173 2776 tempore
3195 2707 3406 2775 prolata
3430 2707 3651 2763 fuerunt
3676 2730 3691 2763 :

2111 2807 2235 2863 quin
2269 2804 2574 2865 sequuntur
2609 2804 2734 2866 post
2768 2797 3470 2871 invisibilemAssyriorum
3490 2803 3694 2856 cmdcm

2110 2885 2258 2940 dicta
2291 2896 2446 2950 sunt,
2500 2886 2798 2944 obsidione
2836 2889 3049 2944 scilicet
3091 2891 3386 2957 dissoluta,
3436 2895 3696 2949 omnibus

2110 2980 2476 3052 gaudentibus
2511 2990 2566 3038 ct
2594 2980 2762 3038 Deum
2791 2981 3253 3055 gloriiicantibus,
3287 2994 3450 3056 atque
3504 2987 3697 3056 hujus-

2115 3071 2263 3125 modi
2288 3072 2457 3126 verba
2483 3071 2820 3128 dicentibus.
2849 3072 3091 3145 Obligati
3145 3076 3290 3129 enim
3329 3085 3459 3131 sunt
3507 3085 3561 3132 et
3588 3076 3694 3130 im-

2111 3163 2279 3234 pediti
2303 3165 2550 3235 potentia
2579 3165 2692 3233 Dei,
2721 3175 2889 3236 atque
2916 3167 2970 3222 in
3006 3169 3264 3224 lethalem
3290 3170 3507 3226 ruinam
3549 3187 3693 3242 prae-

2028 3251 2073 3314 C
2108 3256 2303 3326 cipites
2333 3257 2499 3312 delati
2550 3272 2704 3313 :uos
2728 3267 2908 3312 autem
2972 3260 3064 3330 qui
3129 3262 3181 3316 in
3242 3263 3413 3318 multo
3469 3277 3691 3319 eramus

2112 3350 2333 3418 timore,
2371 3352 2738 3418 surreximus,
2767 3353 3124 3425 animumque
3159 3365 3214 3411 et
3239 3355 3494 3413 ﬁduciam
3536 3370 3693 3411 rece-

2112 3456 2318 3511 pimus.

2184 3554 2351 3613 Vsus.
2392 3558 2476 3614 10.
2515 3559 2976 3630 Domine,salvum
3002 3561 3090 3631 [ac
3127 3579 3295 3634 regem
3323 3602 3340 3630 ,
3387 3576 3438 3622 et
3496 3571 3694 3624 exaudi

2110 3668 2206 3708 nos
2231 3652 2284 3706 in
2313 3669 2621 3725 quacunque
2659 3654 2744 3710 die
2772 3656 3187 3713 invocaverimus
3216 3668 3289 3713 te.
3320 3657 3691 3725 Quemadmo-

2110 3744 2241 3805 dum
2297 3761 2446 3801 nunc
2480 3746 2549 3802 de
2589 3760 2752 3804 manu
2794 3748 3144 3805 inimicorum
3198 3764 3381 3820 regem
3441 3752 3689 3817 salvasli,

2109 3837 2193 3895 sic
2221 3844 2277 3894 ct
2312 3837 2368 3893 in
2399 3836 2649 3894 futurum
2677 3840 2910 3907 salvato,
2940 3858 3062 3897 cum
3089 3843 3160 3899 ob
3205 3845 3464 3915 praprias
3516 3845 3691 3901 virtu-

2113 3939 2215 3994 tes,
2253 3930 2451 4002 dignus
2480 3932 2574 3996 sit,
2603 3932 2696 4003 qui
2727 3947 2759 3987 a
2790 3940 2842 3988 te
2870 3935 3107 3990 salutem
3143 3944 3524 4007 consequatur
3572 3953 3586 3990 :
3639 3947 3692 3991 et

2110 4037 2212 4078 nos
2244 4038 2466 4079 rursum
2500 4025 2666 4080 etiam
2698 4025 2923 4089 exaudi,
2950 4031 3211 4096 quotiens
3242 4036 3296 4084 te
3343 4029 3691 4085 invocaveri-

2111 4130 2253 4180 mus,
2275 4115 2737 4184 quemadmodum
2777 4133 2921 4173 nunc
2949 4118 3300 4173 exaudimur.
3365 4119 3554 4190 Itaque
3611 4122 3693 4176 sic

2110 4207 2299 4270 dictis,
2328 4208 2621 4277 praesentis
2654 4208 2849 4277 psalmi
2882 4209 3282 4279 expositionem
3336 4210 3404 4265 de
3454 4209 3689 4267 Ezecbia

2113 4297 2466 4369 perfecimus.
2513 4297 2746 4364 Quidam
2774 4313 3083 4370 congruere
3106 4314 3231 4353 eum
3275 4298 3466 4353 dicunt
3531 4299 3691 4356 beato

2111 4390 2306 4457 David,
2359 4406 2486 4446 cum
2529 4394 2581 4447 in
2601 4392 2721 4448 acie
2751 4393 3022 4451 adversus
3050 4392 3307 4448 inimicos
3335 4392 3688 4461 consisteret,

2111 4490 2168 4535 et
2193 4482 2575 4552 conscriptum
2613 4486 2683 4539 ab
2722 4499 2788 4540 eo
2838 4498 2962 4540 esse
2999 4499 3066 4539 ex
3108 4482 3386 4540 sociorum
3434 4500 3690 4554 persona,

2110 4576 2361 4646 quicum
2426 4590 2490 4631 eo
2522 4575 2773 4631 aderant.
2829 4576 3096 4647 Congruit
3158 4577 3322 4631 etiam
3393 4577 3693 4648 unicuique

407 4687 864 4758 ὗκερευχομένου
891 4687 989 4756 τῆς
1009 4686 1208 4758 ψυχῆς.
1236 4687 1349 4741 Καὶ
1369 4687 1418 4739 οἱ
1447 4686 1702 4756 δαίμονες
1725 4685 1795 4754 γὰ
1805 4704 1836 4757 ρ
1859 4684 2005 4750 ἐξου-

2116 4668 2260 4725 fideli
2293 4670 2556 4724 adversus
2591 4668 2870 4724 daemones
2897 4668 3223 4735 decertanti,
3271 4670 3387 4738 ipso
3429 4670 3692 4724 nimirum

408 4781 661 4835 δὲνωσαν
690 4781 752 4834 τὺ
783 4779 956 4851 ὄνομα
991 4780 1085 4835 τοῦ
1116 4780 1275 4836 Θεοῦ.
1310 4781 1503 4848 Ἀγιον
1529 4780 1586 4834 δὲ
1617 4781 1858 4849 νοήσεις,
1914 4780 2012 4832 καὶ
2108 4777 2364 4833 corpore:
2413 4777 2514 4831 ρτο
2547 4762 2730 4817 anima
2763 4775 2954 4832 Preces
2978 4761 3318 4851 Ροηίίξθηιεο
3349 4760 3483 4815 Nam
3503 4771 3557 4817 ει
3581 4763 3695 4817 δίε·

412 4873 585 4939 Σιὼν,
620 4873 714 4927 τὸν
750 4850 1003 4943 οὐρανὸν,
1029 4872 1105 4936 ὡς
1136 4875 1446 4944 εἰρήκαμεν
1469 4870 1750 4935 πολλάκις.
1775 4870 2005 4942 Χριστὸς

2111 4870 2304 4911 mones
2334 4868 2530 4909 nomen
2574 4852 2671 4908 Dei
2701 4863 3111 4922 contempsere.
3153 4850 3259 4908 Per
3284 4866 3537 4908 sanctum
3599 4869 3697 4907 au-

410 4965 475 5019 δὲ
506 4965 677 5020 αὐτοῦ
705 4966 804 5019 καὶ
834 4964 1112 5035 βασιλεὺς,
1132 4968 1160 5019 ὁ
1186 4963 1535 5035 Χριστιανὸς,
1565 4962 1642 5028 ὡς
1663 4961 2009 5034 προείρηται.

2110 4957 2245 5014 tem,
2311 4956 2367 5002 et
2401 4961 2496 5017 per
2528 4945 2684 5013 Sion,
2714 4945 2917 5001 ccelum
2976 4945 3273 5016 intelliges,
3322 4956 3379 5000 ut
3434 4960 3578 5014 saepe
3613 4946 3694 4996 di-

421 5058 525 5113 Ἐν
560 5060 776 5130 ἅρμασι
830 5057 1011 5110 δὲκαὶ
1041 5058 1100 5110 ἐν
1151 5057 1361 5123 ἵπποις,
1402 5056 1452 5109 οἱ
1503 5054 1776 5125 δαίμονες,
1827 5053 1918 5106 διὰ
1950 5052 2005 5105 τὸ

2108 5052 2258 5097 ctum
2298 5049 2404 5095 est.
2441 5039 2544 5094 Per
2600 5036 2883 5094 Christum
2915 5052 3047 5093 vero
3084 5046 3138 5092 et
3160 5053 3365 5109 regem,
3394 5036 3695 5105 quemlibet

407 5151 612 5220 τάχος,
643 5150 738 5204 καὶ
768 5151 868 5219 τὴν
916 5154 975 5204 ἐν
1008 5149 1268 5220 πολέμοις
1304 5148 1682 5220 παρασκευήν.
1717 5146 1946 5213 Λέγοιτο
1965 5144 2012 5199 δ’

406 5242 493 5294 ἂν
538 5241 571 5295 ὁ
625 5241 839 5311 ψαλμὺς
891 5259 1048 5305 ουτος
1108 5240 1251 5294 κατὰ
1301 5240 1412 5293 τῶν
1466 5237 1742 5309 αἰσθητῶν
1793 5235 2007 5307 ἐχθρῶν

406 5333 604 5403 ἡμῶν,
636 5332 748 5387 τῶν
780 5333 1105 5404 Βαρϐάρων,
1131 5333 1224 5386 καὶ
1247 5330 1388 5401 ὑπὲρ
1410 5330 1506 5384 τοῦ
1537 5328 1802 5400 βασιλέως
1824 5326 2003 5398 ἡμῶν.

2116 5134 2517 5195 Christianum,
2590 5139 2650 5184 ut
2709 5129 2834 5185 alibi
2890 5130 3267 5199 praediximus.
3324 5129 3383 5182 In
3440 5127 3694 5181 curribus

2117 5236 2300 5282 autem
2318 5231 2372 5281 et
2407 5224 2462 5279 in
2489 5225 2649 5292 equis
2680 5223 2961 5279 demones
2993 5222 3248 5278 incedere
3294 5219 3578 5281 dicuntur,
3627 5220 3695 5271 ob

2113 5335 2303 5378 eorum
2325 5318 2673 5373 velocitatem
2698 5325 2752 5371 et
2770 5315 2840 5372 ob
2874 5328 3150 5370 summum
3178 5312 3301 5367 belli
3345 5317 3694 5378 apparatum.

405 5400 539 5483 Dici
616 5431 783 5481 etiam
834 5400 1013 5497 potest
1066 5427 1152 5482 hic
1212 5426 1456 5497 psalmus
1517 5424 1781 5481 adversus
1832 5420 2088 5477 inimicos
2134 5423 2355 5472 nostros
2396 5413 2690 5478 Barbaros,
2731 5421 2784 5466 et
2847 5423 2945 5479 pro
3014 5405 3236 5474 regibus
3291 5401 3495 5456 noStris
3572 5400 3701 5453 ﬁdi:-

403 5523 590 5579 lilms.

1777 5691 1973 5753 Varia)
2006 5688 2338 5751 lectiones.

495 5837 611 5908 (‘76)
646 5851 741 5905 γρ.
776 5826 1242 5908 ἐπικ-αλεσξμεθα.

490 5896 605 5983 (7Ἱῇ
632 5896 721 5963 τᾶ.
751 5903 831 5973 τῷ
860 5896 1295 5965 ἑξονειδισθέντι.

766 6005 1046 6065 Ρηιιοι..
1091 5997 1208 6057 Gn.
1255 5990 1582 6055 CXXVIII.

2200 5817 2317 5889 (78)
2352 5812 2523 5875 Adde,
2562 5806 2644 5863 vel
2678 5801 2910 5860 subaudi
2943 5797 3162 5859 σώσεις.

3225 5955 3260 6019 9
