  <div class='ocr_page' id='page_1' title='image "/cluster/home/n/w/nwhite01/storage/ocr_20150623/128:no.1/coo.31924054870336/141.png"; bbox 0 0 4116 6414; ppageno 0'>
   <div class='ocr_carea' id='block_1_1' title="bbox 439 416 3690 491">
    <p class='ocr_par' dir='ltr' id='par_1_1' title="bbox 439 416 3690 491">
     <span class='ocr_line' id='line_1_1' title="bbox 439 416 3690 491; baseline -0.001 -2"><span class='ocrx_word' id='word_1_1' title='bbox 439 420 548 491; x_wconf 66' lang='grc'><strong>267</strong></span> <span class='ocrx_word' id='word_1_2' title='bbox 1687 416 1893 485; x_wconf 78' lang='lat' dir='ltr'><strong>EUTH</strong></span> <span class='ocrx_word' id='word_1_3' title='bbox 1905 423 2068 485; x_wconf 81' lang='lat' dir='ltr'><strong>YMll</strong></span> <span class='ocrx_word' id='word_1_4' title='bbox 2102 425 2459 490; x_wconf 76' lang='lat' dir='ltr'><strong>ZIGABENI</strong></span> <span class='ocrx_word' id='word_1_5' title='bbox 3580 422 3690 488; x_wconf 74' lang='lat'><strong>208</strong></span> 
     </span>
    </p>
   </div>
   <div class='ocr_carea' id='block_1_2' title="bbox 778 526 1670 602">
    <p class='ocr_par' dir='ltr' id='par_1_2' title="bbox 778 526 1670 602">
     <span class='ocr_line' id='line_1_2' title="bbox 778 526 1670 602; baseline -0.003 -16"><span class='ocrx_word' id='word_1_6' title='bbox 778 531 839 587; x_wconf 86' lang='lat' dir='ltr'><strong>In</strong></span> <span class='ocrx_word' id='word_1_7' title='bbox 870 532 1025 602; x_wconf 81' lang='lat' dir='ltr'><strong>ﬁnem</strong></span> <span class='ocrx_word' id='word_1_8' title='bbox 1055 526 1290 600; x_wconf 76' lang='lat' dir='ltr'><strong>psalmus</strong></span> <span class='ocrx_word' id='word_1_9' title='bbox 1349 531 1451 600; x_wconf 86' lang='lat' dir='ltr'><strong>ipsi</strong></span> <span class='ocrx_word' id='word_1_10' title='bbox 1480 529 1670 585; x_wconf 79' lang='lat' dir='ltr'><strong>David.</strong></span> 
     </span>
    </p>
   </div>
   <div class='ocr_carea' id='block_1_3' title="bbox 956 616 1446 676">
    <p class='ocr_par' dir='ltr' id='par_1_3' title="bbox 956 616 1446 676">
     <span class='ocr_line' id='line_1_3' title="bbox 956 616 1446 676; baseline 0 -2"><span class='ocrx_word' id='word_1_11' title='bbox 956 622 1069 675; x_wconf 81' lang='lat' dir='ltr'><strong>I&#39;S.\</strong></span> <span class='ocrx_word' id='word_1_12' title='bbox 1087 618 1270 676; x_wconf 78' lang='lat' dir='ltr'><strong>LMUS</strong></span> <span class='ocrx_word' id='word_1_13' title='bbox 1327 616 1446 674; x_wconf 72' lang='lat' dir='ltr'><strong>XX.</strong></span> 
     </span>
    </p>
   </div>
   <div class='ocr_carea' id='block_1_4' title="bbox 502 710 2012 775">
    <p class='ocr_par' dir='ltr' id='par_1_4' title="bbox 502 710 2012 775">
     <span class='ocr_line' id='line_1_4' title="bbox 502 710 2012 775; baseline -0.005 -2"><span class='ocrx_word' id='word_1_14' title='bbox 502 710 604 773; x_wconf 77' lang='lat' dir='ltr'><strong>llic</strong></span> <span class='ocrx_word' id='word_1_15' title='bbox 637 715 890 771; x_wconf 84' lang='lat' dir='ltr'><strong>Psalmus</strong></span> <span class='ocrx_word' id='word_1_16' title='bbox 919 712 1172 769; x_wconf 78' lang='lat' dir='ltr'><strong>similiter</strong></span> <span class='ocrx_word' id='word_1_17' title='bbox 1199 712 1256 768; x_wconf 88' lang='lat' dir='ltr'><strong>in</strong></span> <span class='ocrx_word' id='word_1_18' title='bbox 1290 712 1451 767; x_wconf 85' lang='lat' dir='ltr'><strong>linem</strong></span> <span class='ocrx_word' id='word_1_19' title='bbox 1482 711 1823 775; x_wconf 74' lang='lat' dir='ltr'><strong>inscribitur,</strong></span> <span class='ocrx_word' id='word_1_20' title='bbox 1844 711 2012 765; x_wconf 85' lang='lat' dir='ltr'><strong>veluti</strong></span> 
     </span>
    </p>
   </div>
   <div class='ocr_carea' id='block_1_5' title="bbox 432 802 2015 881">
    <p class='ocr_par' dir='ltr' id='par_1_5' title="bbox 432 802 2015 881">
     <span class='ocr_line' id='line_1_5' title="bbox 432 802 2015 881; baseline -0.004 -17"><span class='ocrx_word' id='word_1_21' title='bbox 432 812 524 881; x_wconf 81' lang='lat' dir='ltr'><strong>qui</strong></span> <span class='ocrx_word' id='word_1_22' title='bbox 555 808 895 879; x_wconf 77' lang='lat' dir='ltr'><strong>prophetiam</strong></span> <span class='ocrx_word' id='word_1_23' title='bbox 924 807 1193 870; x_wconf 86' lang='lat' dir='ltr'><strong>continet,</strong></span> <span class='ocrx_word' id='word_1_24' title='bbox 1236 820 1359 876; x_wconf 74' lang='lat' dir='ltr'><strong>qua:</strong></span> <span class='ocrx_word' id='word_1_25' title='bbox 1390 802 1647 859; x_wconf 76' lang='lat' dir='ltr'><strong>Ezechia:</strong></span> <span class='ocrx_word' id='word_1_26' title='bbox 1686 806 1829 875; x_wconf 83' lang='lat' dir='ltr'><strong>regis</strong></span> <span class='ocrx_word' id='word_1_27' title='bbox 1874 814 2015 859; x_wconf 83' lang='lat' dir='ltr'><strong>tem-</strong></span> 
     </span>
    </p>
   </div>
   <div class='ocr_carea' id='block_1_6' title="bbox 440 894 2015 971">
    <p class='ocr_par' dir='ltr' id='par_1_6' title="bbox 440 894 2015 971">
     <span class='ocr_line' id='line_1_6' title="bbox 440 894 2015 971; baseline -0.004 -16"><span class='ocrx_word' id='word_1_28' title='bbox 440 916 574 971; x_wconf 85' lang='lat' dir='ltr'><strong>pore</strong></span> <span class='ocrx_word' id='word_1_29' title='bbox 605 900 762 954; x_wconf 81' lang='lat' dir='ltr'><strong>ﬁdem</strong></span> <span class='ocrx_word' id='word_1_30' title='bbox 793 899 1027 968; x_wconf 82' lang='lat' dir='ltr'><strong>accepit.</strong></span> <span class='ocrx_word' id='word_1_31' title='bbox 1080 897 1248 952; x_wconf 86' lang='lat' dir='ltr'><strong>Aiunt</strong></span> <span class='ocrx_word' id='word_1_32' title='bbox 1316 894 1462 952; x_wconf 89' lang='lat' dir='ltr'><strong>enim</strong></span> <span class='ocrx_word' id='word_1_33' title='bbox 1521 896 1663 966; x_wconf 83' lang='lat' dir='ltr'><strong>quod</strong></span> <span class='ocrx_word' id='word_1_34' title='bbox 1705 904 1826 966; x_wconf 88' lang='lat' dir='ltr'><strong>post</strong></span> <span class='ocrx_word' id='word_1_35' title='bbox 1898 910 2015 950; x_wconf 89' lang='lat' dir='ltr'><strong>eam</strong></span> 
     </span>
    </p>
   </div>
   <div class='ocr_carea' id='block_1_7' title="bbox 435 987 2018 1066">
    <p class='ocr_par' dir='ltr' id='par_1_7' title="bbox 435 987 2018 1066">
     <span class='ocr_line' id='line_1_7' title="bbox 435 987 2018 1066; baseline -0.004 -18"><span class='ocrx_word' id='word_1_36' title='bbox 435 992 811 1066; x_wconf 64' lang='lat' dir='ltr'><strong>aegritudinem</strong></span> <span class='ocrx_word' id='word_1_37' title='bbox 851 1006 960 1061; x_wconf 86' lang='lat' dir='ltr'><strong>qna</strong></span> <span class='ocrx_word' id='word_1_38' title='bbox 983 990 1050 1044; x_wconf 74' lang='lat' dir='ltr'><strong>de</strong></span> <span class='ocrx_word' id='word_1_39' title='bbox 1080 989 1231 1044; x_wconf 90' lang='lat' dir='ltr'><strong>illius</strong></span> <span class='ocrx_word' id='word_1_40' title='bbox 1259 988 1370 1042; x_wconf 88' lang='lat' dir='ltr'><strong>vita</strong></span> <span class='ocrx_word' id='word_1_41' title='bbox 1405 989 1756 1058; x_wconf 84' lang='lat' dir='ltr'><strong>desperatum</strong></span> <span class='ocrx_word' id='word_1_42' title='bbox 1789 997 1895 1053; x_wconf 89' lang='lat' dir='ltr'><strong>est,</strong></span> <span class='ocrx_word' id='word_1_43' title='bbox 1921 987 2018 1042; x_wconf 56' lang='lat' dir='ltr'><strong>ad-</strong></span> 
     </span>
    </p>
   </div>
   <div class='ocr_carea' id='block_1_8' title="bbox 436 1080 2017 1155">
    <p class='ocr_par' dir='ltr' id='par_1_8' title="bbox 436 1080 2017 1155">
     <span class='ocr_line' id='line_1_8' title="bbox 436 1080 2017 1155; baseline -0.003 -16"><span class='ocrx_word' id='word_1_44' title='bbox 436 1088 553 1140; x_wconf 87' lang='lat' dir='ltr'><strong>tlito</strong></span> <span class='ocrx_word' id='word_1_45' title='bbox 584 1086 632 1140; x_wconf 90' lang='lat' dir='ltr'><strong>ei</strong></span> <span class='ocrx_word' id='word_1_46' title='bbox 668 1082 1021 1155; x_wconf 83' lang='lat' dir='ltr'><strong>postmodum</strong></span> <span class='ocrx_word' id='word_1_47' title='bbox 1056 1098 1118 1135; x_wconf 77' lang='lat' dir='ltr'><strong>xv</strong></span> <span class='ocrx_word' id='word_1_48' title='bbox 1144 1095 1413 1135; x_wconf 90' lang='lat' dir='ltr'><strong>annorum</strong></span> <span class='ocrx_word' id='word_1_49' title='bbox 1445 1080 1570 1135; x_wconf 70' lang='lat' dir='ltr'><strong>vitae</strong></span> <span class='ocrx_word' id='word_1_50' title='bbox 1616 1083 1815 1150; x_wconf 85' lang='lat' dir='ltr'><strong>spatio,</strong></span> <span class='ocrx_word' id='word_1_51' title='bbox 1850 1091 1906 1133; x_wconf 83' lang='grc' dir='ltr'><strong>ιιι</strong></span> <span class='ocrx_word' id='word_1_52' title='bbox 1963 1080 2017 1134; x_wconf 88' lang='lat' dir='ltr'><strong>in</strong></span> 
     </span>
    </p>
   </div>
   <div class='ocr_carea' id='block_1_9' title="bbox 438 1173 2021 1248">
    <p class='ocr_par' dir='ltr' id='par_1_9' title="bbox 438 1173 2021 1248">
     <span class='ocr_line' id='line_1_9' title="bbox 438 1173 2021 1248; baseline -0.001 -17"><span class='ocrx_word' id='word_1_53' title='bbox 438 1180 595 1234; x_wconf 89' lang='lat' dir='ltr'><strong>libris</strong></span> <span class='ocrx_word' id='word_1_54' title='bbox 624 1178 832 1248; x_wconf 75' lang='lat' dir='ltr'><strong>Regum</strong></span> <span class='ocrx_word' id='word_1_55' title='bbox 890 1174 1148 1240; x_wconf 83' lang='lat' dir='ltr'><strong>traditur,</strong></span> <span class='ocrx_word' id='word_1_56' title='bbox 1194 1173 1491 1231; x_wconf 78' lang='lat' dir='ltr'><strong>familiares</strong></span> <span class='ocrx_word' id='word_1_57' title='bbox 1511 1188 1574 1228; x_wconf 91' lang='lat' dir='ltr'><strong>ac</strong></span> <span class='ocrx_word' id='word_1_58' title='bbox 1603 1173 2021 1243; x_wconf 83' lang='lat' dir='ltr'><strong>domesticiejus</strong></span> 
     </span>
    </p>
   </div>
   <div class='ocr_carea' id='block_1_10' title="bbox 437 1266 2018 1343">
    <p class='ocr_par' dir='ltr' id='par_1_10' title="bbox 437 1266 2018 1343">
     <span class='ocr_line' id='line_1_10' title="bbox 437 1266 2018 1343; baseline -0.004 -17"><span class='ocrx_word' id='word_1_59' title='bbox 437 1272 641 1343; x_wconf 77' lang='lat' dir='ltr'><strong>gratias</strong></span> <span class='ocrx_word' id='word_1_60' title='bbox 667 1269 775 1324; x_wconf 84' lang='lat' dir='ltr'><strong>Deo</strong></span> <span class='ocrx_word' id='word_1_61' title='bbox 807 1277 1038 1339; x_wconf 81' lang='lat' dir='ltr'><strong>egerunt</strong></span> <span class='ocrx_word' id='word_1_62' title='bbox 1074 1287 1087 1323; x_wconf 93' lang='lat'><strong>:</strong></span> <span class='ocrx_word' id='word_1_63' title='bbox 1117 1281 1352 1337; x_wconf 88' lang='lat' dir='ltr'><strong>quorum</strong></span> <span class='ocrx_word' id='word_1_64' title='bbox 1385 1266 1550 1320; x_wconf 84' lang='lat' dir='ltr'><strong>verba</strong></span> <span class='ocrx_word' id='word_1_65' title='bbox 1576 1279 1640 1320; x_wconf 87' lang='lat' dir='ltr'><strong>ac</strong></span> <span class='ocrx_word' id='word_1_66' title='bbox 1670 1278 1834 1321; x_wconf 88' lang='lat' dir='ltr'><strong>voces</strong></span> <span class='ocrx_word' id='word_1_67' title='bbox 1876 1280 2018 1334; x_wconf 61' lang='lat' dir='ltr'><strong>pr.»-</strong></span> 
     </span>
    </p>
   </div>
   <div class='ocr_carea' id='block_1_11' title="bbox 439 1355 2019 1434">
    <p class='ocr_par' dir='ltr' id='par_1_11' title="bbox 439 1355 2019 1434">
     <span class='ocr_line' id='line_1_11' title="bbox 439 1355 2019 1434; baseline -0.006 -15"><span class='ocrx_word' id='word_1_68' title='bbox 439 1380 569 1420; x_wconf 89' lang='lat' dir='ltr'><strong>sens</strong></span> <span class='ocrx_word' id='word_1_69' title='bbox 612 1362 858 1434; x_wconf 82' lang='lat' dir='ltr'><strong>psalmus</strong></span> <span class='ocrx_word' id='word_1_70' title='bbox 889 1359 1133 1413; x_wconf 86' lang='lat' dir='ltr'><strong>imitatur</strong></span> <span class='ocrx_word' id='word_1_71' title='bbox 1153 1374 1215 1413; x_wconf 85' lang='lat' dir='ltr'><strong>ac</strong></span> <span class='ocrx_word' id='word_1_72' title='bbox 1249 1355 1604 1428; x_wconf 83' lang='lat' dir='ltr'><strong>ﬁngit.Vitam</strong></span> <span class='ocrx_word' id='word_1_73' title='bbox 1631 1357 1798 1422; x_wconf 88' lang='lat' dir='ltr'><strong>enim,</strong></span> <span class='ocrx_word' id='word_1_74' title='bbox 1819 1357 2019 1427; x_wconf 87' lang='lat' dir='ltr'><strong>inquit,</strong></span> 
     </span>
    </p>
   </div>
   <div class='ocr_carea' id='block_1_12' title="bbox 438 1447 2021 1526">
    <p class='ocr_par' dir='ltr' id='par_1_12' title="bbox 438 1447 2021 1526">
     <span class='ocr_line' id='line_1_12' title="bbox 438 1447 2021 1526; baseline -0.005 -16"><span class='ocrx_word' id='word_1_75' title='bbox 438 1456 598 1526; x_wconf 85' lang='lat' dir='ltr'><strong>petiit</strong></span> <span class='ocrx_word' id='word_1_76' title='bbox 630 1470 660 1508; x_wconf 86' lang='lat' dir='ltr'><strong>a</strong></span> <span class='ocrx_word' id='word_1_77' title='bbox 690 1461 764 1517; x_wconf 88' lang='lat' dir='ltr'><strong>te.</strong></span> <span class='ocrx_word' id='word_1_78' title='bbox 796 1463 848 1507; x_wconf 85' lang='lat' dir='ltr'><strong>et</strong></span> <span class='ocrx_word' id='word_1_79' title='bbox 886 1451 1127 1506; x_wconf 86' lang='lat' dir='ltr'><strong>tribuisti</strong></span> <span class='ocrx_word' id='word_1_80' title='bbox 1156 1451 1228 1505; x_wconf 89' lang='lat' dir='ltr'><strong>ei.</strong></span> <span class='ocrx_word' id='word_1_81' title='bbox 1250 1448 1342 1503; x_wconf 83' lang='lat' dir='ltr'><strong>Vel</strong></span> <span class='ocrx_word' id='word_1_82' title='bbox 1382 1450 1544 1504; x_wconf 87' lang='lat' dir='ltr'><strong>aliter</strong></span> <span class='ocrx_word' id='word_1_83' title='bbox 1577 1462 1592 1501; x_wconf 89' lang='lat'><strong>:</strong></span> <span class='ocrx_word' id='word_1_84' title='bbox 1625 1447 1826 1504; x_wconf 88' lang='lat' dir='ltr'><strong>Beatus</strong></span> <span class='ocrx_word' id='word_1_85' title='bbox 1854 1447 2021 1502; x_wconf 63' lang='grc' dir='ltr'>Βατία</span> 
     </span>
    </p>
   </div>
   <div class='ocr_carea' id='block_1_13' title="bbox 439 1541 2020 1616">
    <p class='ocr_par' dir='ltr' id='par_1_13' title="bbox 439 1541 2020 1616">
     <span class='ocr_line' id='line_1_13' title="bbox 439 1541 2020 1616; baseline -0.005 -14"><span class='ocrx_word' id='word_1_86' title='bbox 439 1551 627 1603; x_wconf 77' lang='lat' dir='ltr'><strong>futura</strong></span> <span class='ocrx_word' id='word_1_87' title='bbox 662 1562 723 1603; x_wconf 85' lang='lat' dir='ltr'><strong>ea</strong></span> <span class='ocrx_word' id='word_1_88' title='bbox 753 1561 877 1601; x_wconf 88' lang='lat' dir='ltr'><strong>esse</strong></span> <span class='ocrx_word' id='word_1_89' title='bbox 929 1558 1304 1616; x_wconf 66' lang='lat' dir='ltr'><strong>praenoscens,</strong></span> <span class='ocrx_word' id='word_1_90' title='bbox 1359 1549 1685 1613; x_wconf 65' lang='lat' dir='ltr'><strong>praesentem</strong></span> <span class='ocrx_word' id='word_1_91' title='bbox 1750 1541 2020 1612; x_wconf 84' lang='lat' dir='ltr'><strong>psalmum</strong></span> 
     </span>
    </p>
   </div>
   <div class='ocr_carea' id='block_1_14' title="bbox 435 1635 1335 1712">
    <p class='ocr_par' dir='ltr' id='par_1_14' title="bbox 435 1635 1335 1712">
     <span class='ocr_line' id='line_1_14' title="bbox 435 1635 1335 1712; baseline -0.004 -19"><span class='ocrx_word' id='word_1_92' title='bbox 435 1658 537 1712; x_wconf 84' lang='lat' dir='ltr'><strong>pro</strong></span> <span class='ocrx_word' id='word_1_93' title='bbox 570 1640 801 1694; x_wconf 82' lang='lat' dir='ltr'><strong>Ezecltia</strong></span> <span class='ocrx_word' id='word_1_94' title='bbox 834 1653 958 1708; x_wconf 85' lang='lat' dir='ltr'><strong>rege</strong></span> <span class='ocrx_word' id='word_1_95' title='bbox 986 1636 1095 1692; x_wconf 84' lang='lat' dir='ltr'><strong>Deo</strong></span> <span class='ocrx_word' id='word_1_96' title='bbox 1114 1635 1335 1690; x_wconf 79' lang='lat' dir='ltr'><strong>obtulit.</strong></span> 
     </span>
    </p>
   </div>
   <div class='ocr_carea' id='block_1_15' title="bbox 515 1725 2021 1795">
    <p class='ocr_par' dir='ltr' id='par_1_15' title="bbox 515 1725 2021 1795">
     <span class='ocr_line' id='line_1_15' title="bbox 515 1725 2021 1795; baseline -0.006 -9"><span class='ocrx_word' id='word_1_97' title='bbox 515 1732 675 1788; x_wconf 72' lang='lat' dir='ltr'><strong>Vens.</strong></span> <span class='ocrx_word' id='word_1_98' title='bbox 705 1731 760 1786; x_wconf 74' lang='lat'><strong>2.</strong></span> <span class='ocrx_word' id='word_1_99' title='bbox 790 1730 1016 1785; x_wconf 83' lang='lat' dir='ltr'><strong>Domine</strong></span> <span class='ocrx_word' id='word_1_100' title='bbox 1038 1767 1053 1794; x_wconf 95' lang='lat'><strong>,</strong></span> <span class='ocrx_word' id='word_1_101' title='bbox 1085 1729 1139 1782; x_wconf 83' lang='lat' dir='ltr'><strong>in</strong></span> <span class='ocrx_word' id='word_1_102' title='bbox 1175 1727 1409 1795; x_wconf 84' lang='lat' dir='ltr'><strong>potentia</strong></span> <span class='ocrx_word' id='word_1_103' title='bbox 1463 1735 1556 1780; x_wconf 87' lang='lat' dir='ltr'><strong>tua</strong></span> <span class='ocrx_word' id='word_1_104' title='bbox 1587 1725 1858 1780; x_wconf 71' lang='lat' dir='ltr'><strong>iterabitur</strong></span> <span class='ocrx_word' id='word_1_105' title='bbox 1907 1740 2021 1778; x_wconf 74' lang='lat' dir='ltr'><strong>rex.</strong></span> 
     </span>
    </p>
   </div>
   <div class='ocr_carea' id='block_1_16' title="bbox 2390 531 3413 605">
    <p class='ocr_par' dir='ltr' id='par_1_16' title="bbox 2390 531 3413 605">
     <span class='ocr_line' id='line_1_16' title="bbox 2390 531 3413 605; baseline -0.004 -12"><span class='ocrx_word' id='word_1_106' title='bbox 2390 540 2493 603; x_wconf 72' lang='grc' dir='ltr'><em>Εἷς</em></span> <span class='ocrx_word' id='word_1_107' title='bbox 2532 536 2599 591; x_wconf 82' lang='grc' dir='ltr'><strong>τὸ</strong></span> <span class='ocrx_word' id='word_1_108' title='bbox 2632 534 2808 602; x_wconf 79' lang='grc' dir='ltr'>τέλος</span> <span class='ocrx_word' id='word_1_109' title='bbox 2837 535 3080 605; x_wconf 72' lang='grc' dir='ltr'>ψαλμύς</span> <span class='ocrx_word' id='word_1_110' title='bbox 3108 531 3186 600; x_wconf 84' lang='grc' dir='ltr'><strong>τῷ</strong></span> <span class='ocrx_word' id='word_1_111' title='bbox 3216 531 3413 589; x_wconf 75' lang='grc' dir='ltr'>Δαϐίδ.</span> 
     </span>
    </p>
   </div>
   <div class='ocr_carea' id='block_1_17' title="bbox 2697 630 3227 686">
    <p class='ocr_par' dir='ltr' id='par_1_17' title="bbox 2697 630 3227 686">
     <span class='ocr_line' id='line_1_17' title="bbox 2697 630 3227 686; baseline -0.002 0"><span class='ocrx_word' id='word_1_112' title='bbox 2697 631 2987 686; x_wconf 77' lang='grc' dir='ltr'><strong>ΨΔΛΜΟΣ</strong></span> <span class='ocrx_word' id='word_1_113' title='bbox 3027 630 3112 685; x_wconf 70' lang='grc' dir='ltr'><strong>ις’.</strong></span> <span class='ocrx_word' id='word_1_114' title='bbox 3223 632 3227 637; x_wconf 67' lang='grc'><strong><em>⁷</em></strong></span> 
     </span>
    </p>
   </div>
   <div class='ocr_carea' id='block_1_18' title="bbox 2192 718 3699 796">
    <p class='ocr_par' dir='ltr' id='par_1_18' title="bbox 2192 718 3699 796">
     <span class='ocr_line' id='line_1_18' title="bbox 2192 718 3699 796; baseline -0.003 -16"><span class='ocrx_word' id='word_1_115' title='bbox 2192 727 2300 780; x_wconf 79' lang='grc' dir='ltr'>Καὶ</span> <span class='ocrx_word' id='word_1_116' title='bbox 2323 718 2477 789; x_wconf 69' lang='grc' dir='ltr'>οὗτος</span> <span class='ocrx_word' id='word_1_117' title='bbox 2510 728 2612 791; x_wconf 82' lang='grc' dir='ltr'>Είς</span> <span class='ocrx_word' id='word_1_118' title='bbox 2629 725 2695 780; x_wconf 86' lang='grc' dir='ltr'><strong>τὸ</strong></span> <span class='ocrx_word' id='word_1_119' title='bbox 2727 718 2924 791; x_wconf 77' lang='grc' dir='ltr'><strong>τέλος,</strong></span> <span class='ocrx_word' id='word_1_120' title='bbox 2953 724 3029 787; x_wconf 83' lang='grc' dir='ltr'>ὡς</span> <span class='ocrx_word' id='word_1_121' title='bbox 3046 724 3385 794; x_wconf 77' lang='grc' dir='ltr'><strong>προφητείαν</strong></span> <span class='ocrx_word' id='word_1_122' title='bbox 3407 726 3699 796; x_wconf 59' lang='grc' dir='ltr'>περιέχων</span> 
     </span>
    </p>
   </div>
   <div class='ocr_carea' id='block_1_19' title="bbox 2119 814 3703 887">
    <p class='ocr_par' dir='ltr' id='par_1_19' title="bbox 2119 814 3703 887">
     <span class='ocr_line' id='line_1_19' title="bbox 2119 814 3703 887; baseline -0.001 -17"><span class='ocrx_word' id='word_1_123' title='bbox 2119 818 2277 887; x_wconf 77' lang='grc' dir='ltr'>ἢκαὶ</span> <span class='ocrx_word' id='word_1_124' title='bbox 2310 817 2472 881; x_wconf 78' lang='grc' dir='ltr'>αὐτὸς</span> <span class='ocrx_word' id='word_1_125' title='bbox 2517 817 2670 880; x_wconf 78' lang='grc' dir='ltr'>τέλος</span> <span class='ocrx_word' id='word_1_126' title='bbox 2698 816 2892 870; x_wconf 74' lang='grc' dir='ltr'>ἐλαϐεν</span> <span class='ocrx_word' id='word_1_127' title='bbox 2947 815 3043 870; x_wconf 68' lang='grc' dir='ltr'><strong>ἐπὶ</strong></span> <span class='ocrx_word' id='word_1_128' title='bbox 3088 814 3367 880; x_wconf 71' lang='grc' dir='ltr'>Ἐζεκίου·</span> <span class='ocrx_word' id='word_1_129' title='bbox 3408 818 3543 886; x_wconf 67' lang='grc' dir='ltr'>φασὶ</span> <span class='ocrx_word' id='word_1_130' title='bbox 3590 819 3703 885; x_wconf 74' lang='grc' dir='ltr'><strong>γὰρ</strong></span> 
     </span>
    </p>
   </div>
   <div class='ocr_carea' id='block_1_20' title="bbox 2120 906 3703 981">
    <p class='ocr_par' dir='ltr' id='par_1_20' title="bbox 2120 906 3703 981">
     <span class='ocr_line' id='line_1_20' title="bbox 2120 906 3703 981; baseline -0.004 -16"><span class='ocrx_word' id='word_1_131' title='bbox 2120 913 2201 965; x_wconf 85' lang='grc' dir='ltr'><strong>ὅτι</strong></span> <span class='ocrx_word' id='word_1_132' title='bbox 2236 911 2373 981; x_wconf 80' lang='grc' dir='ltr'>μετὰ</span> <span class='ocrx_word' id='word_1_133' title='bbox 2400 910 2498 981; x_wconf 77' lang='grc' dir='ltr'><strong>τὴν</strong></span> <span class='ocrx_word' id='word_1_134' title='bbox 2540 906 2844 981; x_wconf 73' lang='grc' dir='ltr'><strong>ἀϐοήθητον</strong></span> <span class='ocrx_word' id='word_1_135' title='bbox 2871 910 3025 963; x_wconf 85' lang='grc' dir='ltr'>νόσον</span> <span class='ocrx_word' id='word_1_136' title='bbox 3055 910 3270 979; x_wconf 79' lang='grc' dir='ltr'>ἐκείνην</span> <span class='ocrx_word' id='word_1_137' title='bbox 3291 947 3307 973; x_wconf 88' lang='grc'><strong><em>,</em></strong></span> <span class='ocrx_word' id='word_1_138' title='bbox 3340 907 3703 977; x_wconf 80' lang='grc' dir='ltr'><strong>προτεθείσης</strong></span> 
     </span>
    </p>
   </div>
   <div class='ocr_carea' id='block_1_21' title="bbox 2120 997 3706 1070">
    <p class='ocr_par' dir='ltr' id='par_1_21' title="bbox 2120 997 3706 1070">
     <span class='ocr_line' id='line_1_21' title="bbox 2120 997 3706 1070; baseline -0.003 -17"><span class='ocrx_word' id='word_1_139' title='bbox 2120 1000 2269 1069; x_wconf 87' lang='grc' dir='ltr'>αὐτῷ</span> <span class='ocrx_word' id='word_1_140' title='bbox 2297 1001 2443 1070; x_wconf 74' lang='grc' dir='ltr'>ζωῆς</span> <span class='ocrx_word' id='word_1_141' title='bbox 2472 999 2609 1053; x_wconf 72' lang='grc' dir='ltr'>ἐτῶν</span> <span class='ocrx_word' id='word_1_142' title='bbox 2641 1000 2801 1053; x_wconf 79' lang='grc' dir='ltr'>πέντε</span> <span class='ocrx_word' id='word_1_143' title='bbox 2851 1000 2947 1052; x_wconf 72' lang='grc' dir='ltr'><strong>καὶ</strong></span> <span class='ocrx_word' id='word_1_144' title='bbox 2991 999 3141 1062; x_wconf 77' lang='grc' dir='ltr'>δέκα,</span> <span class='ocrx_word' id='word_1_145' title='bbox 3183 998 3258 1060; x_wconf 84' lang='grc' dir='ltr'>ὡς</span> <span class='ocrx_word' id='word_1_146' title='bbox 3291 1000 3324 1067; x_wconf 81' lang='grc' dir='ltr'>ἡ</span> <span class='ocrx_word' id='word_1_147' title='bbox 3379 997 3490 1050; x_wconf 82' lang='grc' dir='ltr'>τῶν</span> <span class='ocrx_word' id='word_1_148' title='bbox 3542 997 3706 1048; x_wconf 70' lang='grc' dir='ltr'>Βασι-</span> 
     </span>
    </p>
   </div>
   <div class='ocr_carea' id='block_1_22' title="bbox 2121 1090 3707 1164">
    <p class='ocr_par' dir='ltr' id='par_1_22' title="bbox 2121 1090 3707 1164">
     <span class='ocr_line' id='line_1_22' title="bbox 2121 1090 3707 1164; baseline -0.003 -19"><span class='ocrx_word' id='word_1_149' title='bbox 2121 1092 2284 1146; x_wconf 82' lang='grc' dir='ltr'>λειῶν</span> <span class='ocrx_word' id='word_1_150' title='bbox 2314 1094 2601 1164; x_wconf 75' lang='grc' dir='ltr'><strong>ὑφηγεῖται</strong></span> <span class='ocrx_word' id='word_1_151' title='bbox 2638 1090 2847 1163; x_wconf 77' lang='grc' dir='ltr'>βίὸλος,</span> <span class='ocrx_word' id='word_1_152' title='bbox 2874 1095 2921 1146; x_wconf 83' lang='lat' dir='ltr'><strong>oi</strong></span> <span class='ocrx_word' id='word_1_153' title='bbox 2945 1094 3073 1161; x_wconf 70' lang='grc' dir='ltr'>περὶ</span> <span class='ocrx_word' id='word_1_154' title='bbox 3096 1091 3262 1145; x_wconf 70' lang='grc' dir='ltr'>αὐτὸν</span> <span class='ocrx_word' id='word_1_155' title='bbox 3282 1091 3483 1151; x_wconf 79' lang='grc' dir='ltr'>ἰδόντες</span> <span class='ocrx_word' id='word_1_156' title='bbox 3504 1092 3563 1142; x_wconf 68' lang='grc' dir='ltr'><strong>τὸ</strong></span> <span class='ocrx_word' id='word_1_157' title='bbox 3599 1108 3707 1141; x_wconf 73' lang='grc' dir='ltr'>παο</span> 
     </span>
    </p>
   </div>
   <div class='ocr_carea' id='block_1_23' title="bbox 2126 1182 3705 1257">
    <p class='ocr_par' dir='ltr' id='par_1_23' title="bbox 2126 1182 3705 1257">
     <span class='ocr_line' id='line_1_23' title="bbox 2126 1182 3705 1257; baseline -0.004 -19"><span class='ocrx_word' id='word_1_158' title='bbox 2126 1185 2364 1257; x_wconf 81' lang='grc' dir='ltr'>ράδοξον,</span> <span class='ocrx_word' id='word_1_159' title='bbox 2396 1185 2811 1255; x_wconf 79' lang='grc' dir='ltr'><strong>ηὐχαρίστησαν</strong></span> <span class='ocrx_word' id='word_1_160' title='bbox 2838 1184 2916 1253; x_wconf 85' lang='grc' dir='ltr'><strong>τῷ</strong></span> <span class='ocrx_word' id='word_1_161' title='bbox 2943 1185 3061 1253; x_wconf 83' lang='grc' dir='ltr'>Θεῷ</span> <span class='ocrx_word' id='word_1_162' title='bbox 3102 1182 3322 1235; x_wconf 79' lang='grc' dir='ltr'><strong>Τούτων</strong></span> <span class='ocrx_word' id='word_1_163' title='bbox 3347 1182 3439 1234; x_wconf 82' lang='grc' dir='ltr'>οὖν</span> <span class='ocrx_word' id='word_1_164' title='bbox 3470 1182 3564 1244; x_wconf 74' lang='grc' dir='ltr'>τὰς</span> <span class='ocrx_word' id='word_1_165' title='bbox 3590 1198 3705 1248; x_wconf 82' lang='grc' dir='ltr'><strong>φω-</strong></span> 
     </span>
    </p>
   </div>
   <div class='ocr_carea' id='block_1_24' title="bbox 2122 1272 3703 1346">
    <p class='ocr_par' dir='ltr' id='par_1_24' title="bbox 2122 1272 3703 1346">
     <span class='ocr_line' id='line_1_24' title="bbox 2122 1272 3703 1346; baseline -0.007 -15"><span class='ocrx_word' id='word_1_166' title='bbox 2122 1277 2219 1340; x_wconf 65' lang='grc' dir='ltr'>νὰς</span> <span class='ocrx_word' id='word_1_167' title='bbox 2242 1278 2269 1330; x_wconf 83' lang='grc' dir='ltr'>ὁ</span> <span class='ocrx_word' id='word_1_168' title='bbox 2304 1274 2493 1346; x_wconf 83' lang='grc' dir='ltr'>παρὼν</span> <span class='ocrx_word' id='word_1_169' title='bbox 2515 1275 2729 1344; x_wconf 74' lang='grc' dir='ltr'>ψαλμὸς</span> <span class='ocrx_word' id='word_1_170' title='bbox 2756 1276 3137 1345; x_wconf 73' lang='grc' dir='ltr'><strong>ὑποκρίνεται·</strong></span> <span class='ocrx_word' id='word_1_171' title='bbox 3173 1273 3327 1344; x_wconf 76' lang='grc' dir='ltr'>Ζωὴν</span> <span class='ocrx_word' id='word_1_172' title='bbox 3357 1272 3484 1342; x_wconf 70' lang='grc' dir='ltr'>γὰρ.</span> <span class='ocrx_word' id='word_1_173' title='bbox 3515 1274 3703 1341; x_wconf 72' lang='grc' dir='ltr'>φησὶν,</span> 
     </span>
    </p>
   </div>
   <div class='ocr_carea' id='block_1_25' title="bbox 2123 1360 3707 1445">
    <p class='ocr_par' dir='ltr' id='par_1_25' title="bbox 2123 1360 3707 1445">
     <span class='ocr_line' id='line_1_25' title="bbox 2123 1360 3707 1445; baseline -0.006 -24"><span class='ocrx_word' id='word_1_174' title='bbox 2123 1367 2363 1439; x_wconf 76' lang='grc' dir='ltr'>ᾐτήσατο</span> <span class='ocrx_word' id='word_1_175' title='bbox 2395 1384 2477 1432; x_wconf 87' lang='grc' dir='ltr'>σε,</span> <span class='ocrx_word' id='word_1_176' title='bbox 2503 1367 2599 1420; x_wconf 77' lang='grc' dir='ltr'>καὶ</span> <span class='ocrx_word' id='word_1_177' title='bbox 2624 1366 2831 1430; x_wconf 77' lang='grc' dir='ltr'>ἔδωκας</span> <span class='ocrx_word' id='word_1_178' title='bbox 2866 1366 3035 1445; x_wconf 60' lang='grc' dir='ltr'>αὐτῷ.</span> <span class='ocrx_word' id='word_1_179' title='bbox 3065 1366 3137 1418; x_wconf 78' lang='grc' dir='ltr'><strong>’Ἠ</strong></span> <span class='ocrx_word' id='word_1_180' title='bbox 3170 1364 3262 1417; x_wconf 74' lang='grc' dir='ltr'><strong>καὶ</strong></span> <span class='ocrx_word' id='word_1_181' title='bbox 3294 1367 3321 1416; x_wconf 85' lang='grc' dir='ltr'>ὁ</span> <span class='ocrx_word' id='word_1_182' title='bbox 3360 1362 3527 1415; x_wconf 69' lang='grc' dir='ltr'>Δασὶδ</span> <span class='ocrx_word' id='word_1_183' title='bbox 3548 1360 3707 1413; x_wconf 82' lang='grc' dir='ltr'><strong>τοῦτο</strong></span> 
     </span>
    </p>
   </div>
   <div class='ocr_carea' id='block_1_26' title="bbox 2125 1456 3440 1532">
    <p class='ocr_par' dir='ltr' id='par_1_26' title="bbox 2125 1456 3440 1532">
     <span class='ocr_line' id='line_1_26' title="bbox 2125 1456 3440 1532; baseline -0.005 -18"><span class='ocrx_word' id='word_1_184' title='bbox 2125 1461 2382 1532; x_wconf 77' lang='grc' dir='ltr'>προϊδὼν,</span> <span class='ocrx_word' id='word_1_185' title='bbox 2411 1461 2553 1531; x_wconf 80' lang='grc' dir='ltr'>ὑπὲρ</span> <span class='ocrx_word' id='word_1_186' title='bbox 2583 1458 2829 1526; x_wconf 74' lang='grc' dir='ltr'>Ἐζεκίου</span> <span class='ocrx_word' id='word_1_187' title='bbox 2858 1458 3048 1513; x_wconf 77' lang='grc' dir='ltr'>τοῦτον</span> <span class='ocrx_word' id='word_1_188' title='bbox 3075 1456 3440 1526; x_wconf 62' lang='grc' dir='ltr'>ἐξεφώνησεν.</span> 
     </span>
    </p>
   </div>
   <div class='ocr_carea' id='block_1_27' title="bbox 2196 1729 3709 1804">
    <p class='ocr_par' dir='ltr' id='par_1_27' title="bbox 2196 1729 3709 1804">
     <span class='ocr_line' id='line_1_27' title="bbox 2196 1729 3709 1804; baseline -0.003 -15"><span class='ocrx_word' id='word_1_189' title='bbox 2196 1736 2393 1804; x_wconf 79' lang='grc' dir='ltr'>Κύριε,</span> <span class='ocrx_word' id='word_1_190' title='bbox 2429 1736 2500 1788; x_wconf 83' lang='grc' dir='ltr'><strong>ἐν</strong></span> <span class='ocrx_word' id='word_1_191' title='bbox 2549 1734 2620 1802; x_wconf 77' lang='grc' dir='ltr'><strong>τῇ</strong></span> <span class='ocrx_word' id='word_1_192' title='bbox 2667 1731 2915 1803; x_wconf 75' lang='grc' dir='ltr'><strong>δυνάμει</strong></span> <span class='ocrx_word' id='word_1_193' title='bbox 2961 1747 3105 1797; x_wconf 87' lang='grc' dir='ltr'>σου,</span> <span class='ocrx_word' id='word_1_194' title='bbox 3146 1729 3625 1799; x_wconf 67' lang='grc' dir='ltr'><strong>εὐφρανθήσεται</strong></span> <span class='ocrx_word' id='word_1_195' title='bbox 3675 1731 3709 1784; x_wconf 85' lang='grc' dir='ltr'><strong>δ</strong></span> 
     </span>
    </p>
   </div>
   <div class='ocr_carea' id='block_1_28' title="bbox 439 1815 2030 1926">
    <p class='ocr_par' dir='ltr' id='par_1_28' title="bbox 439 1815 2025 1891">
     <span class='ocr_line' id='line_1_28' title="bbox 439 1815 2025 1891; baseline -0.008 -13"><span class='ocrx_word' id='word_1_196' title='bbox 439 1826 495 1878; x_wconf 90' lang='lat' dir='ltr'><strong>In</strong></span> <span class='ocrx_word' id='word_1_197' title='bbox 554 1826 646 1878; x_wconf 91' lang='lat' dir='ltr'><strong>illa</strong></span> <span class='ocrx_word' id='word_1_198' title='bbox 710 1823 970 1876; x_wconf 89' lang='lat' dir='ltr'><strong>nimirum</strong></span> <span class='ocrx_word' id='word_1_199' title='bbox 1035 1818 1295 1891; x_wconf 81' lang='lat' dir='ltr'><strong>potentia,</strong></span> <span class='ocrx_word' id='word_1_200' title='bbox 1361 1832 1482 1887; x_wconf 66' lang='lat' dir='ltr'><strong>quae</strong></span> <span class='ocrx_word' id='word_1_201' title='bbox 1537 1818 1585 1872; x_wconf 89' lang='lat' dir='ltr'><strong>ei</strong></span> <span class='ocrx_word' id='word_1_202' title='bbox 1640 1817 1906 1871; x_wconf 82' lang='lat' dir='ltr'><strong>hactenus</strong></span> <span class='ocrx_word' id='word_1_203' title='bbox 1929 1815 2025 1869; x_wconf 78' lang='lat' dir='ltr'><strong>atl-</strong></span> 
     </span>
    </p>
   </div>
   <div class='ocr_carea' id='block_1_29' title="bbox 2133 1815 3709 1926">
    <p class='ocr_par' dir='ltr' id='par_1_29' title="bbox 2133 1822 3709 1898">
     <span class='ocr_line' id='line_1_29' title="bbox 2133 1822 3709 1898; baseline -0.006 -16"><span class='ocrx_word' id='word_1_204' title='bbox 2133 1829 2446 1895; x_wconf 78' lang='grc' dir='ltr'>βασιλεύς.</span> <span class='ocrx_word' id='word_1_205' title='bbox 2482 1828 2560 1898; x_wconf 77' lang='grc' dir='ltr'><strong>Τῇ</strong></span> <span class='ocrx_word' id='word_1_206' title='bbox 2589 1825 2862 1898; x_wconf 78' lang='grc' dir='ltr'><strong>βοηθούσῃ</strong></span> <span class='ocrx_word' id='word_1_207' title='bbox 2888 1824 3060 1895; x_wconf 83' lang='grc' dir='ltr'>αὐτῷ,</span> <span class='ocrx_word' id='word_1_208' title='bbox 3086 1825 3182 1879; x_wconf 70' lang='grc' dir='ltr'>καὶ</span> <span class='ocrx_word' id='word_1_209' title='bbox 3194 1826 3262 1877; x_wconf 81' lang='grc' dir='ltr'><strong>τὰ</strong></span> <span class='ocrx_word' id='word_1_210' title='bbox 3286 1822 3435 1893; x_wconf 79' lang='grc' dir='ltr'><strong>ἑξῆς,</strong></span> <span class='ocrx_word' id='word_1_211' title='bbox 3468 1824 3709 1892; x_wconf 72' lang='grc' dir='ltr'>εὐφρανο</span> 
     </span>
    </p>
   </div>
   <div class='ocr_carea' id='block_1_30' title="bbox 432 1908 2030 1994">
    <p class='ocr_par' dir='ltr' id='par_1_30' title="bbox 432 1908 2023 1986">
     <span class='ocr_line' id='line_1_30' title="bbox 432 1908 2023 1986; baseline -0.009 -13"><span class='ocrx_word' id='word_1_212' title='bbox 432 1919 686 1986; x_wconf 83' lang='lat' dir='ltr'><strong>jttmento</strong></span> <span class='ocrx_word' id='word_1_213' title='bbox 715 1916 838 1980; x_wconf 81' lang='lat' dir='ltr'><strong>fuit,</strong></span> <span class='ocrx_word' id='word_1_214' title='bbox 873 1924 927 1969; x_wconf 92' lang='lat' dir='ltr'><strong>et</strong></span> <span class='ocrx_word' id='word_1_215' title='bbox 971 1914 1026 1967; x_wconf 90' lang='lat' dir='ltr'><strong>iu</strong></span> <span class='ocrx_word' id='word_1_216' title='bbox 1078 1914 1327 1966; x_wconf 82' lang='lat' dir='ltr'><strong>futurum</strong></span> <span class='ocrx_word' id='word_1_217' title='bbox 1403 1908 1707 1964; x_wconf 73' lang='lat' dir='ltr'><strong>lzetabitnr.</strong></span> <span class='ocrx_word' id='word_1_218' title='bbox 1770 1908 1842 1962; x_wconf 88' lang='lat' dir='ltr'><strong>lla</strong></span> <span class='ocrx_word' id='word_1_219' title='bbox 1876 1909 2023 1962; x_wconf 87' lang='lat' dir='ltr'><strong>enim</strong></span> 
     </span>
    </p>
   </div>
   <div class='ocr_carea' id='block_1_31' title="bbox 2133 1908 3711 1994">
    <p class='ocr_par' dir='ltr' id='par_1_31' title="bbox 2133 1913 3711 1994">
     <span class='ocr_line' id='line_1_31' title="bbox 2133 1913 3711 1994; baseline -0.006 -18"><span class='ocrx_word' id='word_1_220' title='bbox 2133 1923 2378 1994; x_wconf 77' lang='grc' dir='ltr'><strong>θήσεται.</strong></span> <span class='ocrx_word' id='word_1_221' title='bbox 2411 1922 2520 1977; x_wconf 76' lang='grc' dir='ltr'><strong>Καὶ</strong></span> <span class='ocrx_word' id='word_1_222' title='bbox 2559 1920 2720 1975; x_wconf 82' lang='grc' dir='ltr'>τοῦτο</span> <span class='ocrx_word' id='word_1_223' title='bbox 2753 1920 3086 1991; x_wconf 78' lang='grc' dir='ltr'>πιστεύομεν</span> <span class='ocrx_word' id='word_1_224' title='bbox 3116 1916 3224 1971; x_wconf 79' lang='grc' dir='ltr'><strong>ἀπὸ</strong></span> <span class='ocrx_word' id='word_1_225' title='bbox 3271 1916 3380 1969; x_wconf 84' lang='grc' dir='ltr'>τῶν</span> <span class='ocrx_word' id='word_1_226' title='bbox 3410 1913 3711 1987; x_wconf 73' lang='grc' dir='ltr'>προλαὸὁνο</span> 
     </span>
    </p>
   </div>
   <div class='ocr_carea' id='block_1_32' title="bbox 440 2000 2026 2076">
    <p class='ocr_par' dir='ltr' id='par_1_32' title="bbox 440 2000 2026 2076">
     <span class='ocr_line' id='line_1_32' title="bbox 440 2000 2026 2076; baseline -0.006 -12"><span class='ocrx_word' id='word_1_227' title='bbox 440 2010 744 2074; x_wconf 78' lang='lat' dir='ltr'><strong>credimus,</strong></span> <span class='ocrx_word' id='word_1_228' title='bbox 780 2010 851 2062; x_wconf 85' lang='lat' dir='ltr'><strong>ob</strong></span> <span class='ocrx_word' id='word_1_229' title='bbox 898 2013 1117 2076; x_wconf 87' lang='lat' dir='ltr'><strong>recepta</strong></span> <span class='ocrx_word' id='word_1_230' title='bbox 1184 2018 1217 2056; x_wconf 83' lang='lat' dir='ltr'><strong>a</strong></span> <span class='ocrx_word' id='word_1_231' title='bbox 1262 2012 1315 2055; x_wconf 81' lang='lat' dir='ltr'><strong>te</strong></span> <span class='ocrx_word' id='word_1_232' title='bbox 1370 2002 1426 2055; x_wconf 91' lang='lat' dir='ltr'><strong>in</strong></span> <span class='ocrx_word' id='word_1_233' title='bbox 1484 2001 1820 2071; x_wconf 83' lang='lat' dir='ltr'><strong>pra-teritum</strong></span> <span class='ocrx_word' id='word_1_234' title='bbox 1863 2000 2026 2055; x_wconf 87' lang='lat' dir='ltr'><strong>bene-</strong></span> 
     </span>
    </p>
   </div>
   <div class='ocr_carea' id='block_1_33' title="bbox 440 2104 582 2158">
    <p class='ocr_par' dir='ltr' id='par_1_33' title="bbox 440 2104 582 2158">
     <span class='ocr_line' id='line_1_33' title="bbox 440 2104 582 2158; baseline -0.021 -1"><span class='ocrx_word' id='word_1_235' title='bbox 440 2104 582 2158; x_wconf 87' lang='lat' dir='ltr'><strong>licia.</strong></span> 
     </span>
    </p>
   </div>
   <div class='ocr_carea' id='block_1_34' title="bbox 517 2182 2029 2251">
    <p class='ocr_par' dir='ltr' id='par_1_34' title="bbox 517 2182 2029 2251">
     <span class='ocr_line' id='line_1_34' title="bbox 517 2182 2029 2251; baseline -0.007 -3"><span class='ocrx_word' id='word_1_236' title='bbox 517 2195 584 2248; x_wconf 81' lang='lat' dir='ltr'><strong>Et</strong></span> <span class='ocrx_word' id='word_1_237' title='bbox 618 2195 670 2248; x_wconf 90' lang='lat' dir='ltr'><strong>in</strong></span> <span class='ocrx_word' id='word_1_238' title='bbox 692 2192 921 2251; x_wconf 84' lang='lat' dir='ltr'><strong>salutari</strong></span> <span class='ocrx_word' id='word_1_239' title='bbox 958 2200 1050 2243; x_wconf 82' lang='lat' dir='ltr'><strong>tuo</strong></span> <span class='ocrx_word' id='word_1_240' title='bbox 1080 2185 1368 2243; x_wconf 70' lang='lat' dir='ltr'><strong>exsultabit</strong></span> <span class='ocrx_word' id='word_1_241' title='bbox 1403 2186 1747 2241; x_wconf 72' lang='lat' dir='ltr'><strong>vehementer.</strong></span> <span class='ocrx_word' id='word_1_242' title='bbox 1803 2182 1914 2239; x_wconf 88' lang='lat' dir='ltr'><strong>Hoc</strong></span> <span class='ocrx_word' id='word_1_243' title='bbox 1944 2192 2029 2239; x_wconf 90' lang='lat' dir='ltr'><strong>est</strong></span> 
     </span>
    </p>
   </div>
   <div class='ocr_carea' id='block_1_35' title="bbox 442 2287 1583 2355">
    <p class='ocr_par' dir='ltr' id='par_1_35' title="bbox 442 2287 1583 2355">
     <span class='ocr_line' id='line_1_35' title="bbox 442 2287 1583 2355; baseline -0.008 -14"><span class='ocrx_word' id='word_1_244' title='bbox 442 2289 496 2341; x_wconf 89' lang='lat' dir='ltr'><strong>in</strong></span> <span class='ocrx_word' id='word_1_245' title='bbox 532 2287 732 2352; x_wconf 86' lang='lat' dir='ltr'><strong>salute,</strong></span> <span class='ocrx_word' id='word_1_246' title='bbox 768 2299 933 2355; x_wconf 80' lang='lat' dir='ltr'><strong>quam</strong></span> <span class='ocrx_word' id='word_1_247' title='bbox 969 2298 999 2338; x_wconf 85' lang='lat' dir='ltr'><strong>a</strong></span> <span class='ocrx_word' id='word_1_248' title='bbox 1034 2293 1088 2336; x_wconf 89' lang='lat' dir='ltr'><strong>te</strong></span> <span class='ocrx_word' id='word_1_249' title='bbox 1114 2291 1199 2335; x_wconf 87' lang='lat' dir='ltr'><strong>est</strong></span> <span class='ocrx_word' id='word_1_250' title='bbox 1227 2289 1583 2334; x_wconf 78' lang='lat' dir='ltr'><strong>consecutus.</strong></span> 
     </span>
    </p>
   </div>
   <div class='ocr_carea' id='block_1_36' title="bbox 506 2367 2029 2439">
    <p class='ocr_par' dir='ltr' id='par_1_36' title="bbox 506 2367 2029 2439">
     <span class='ocr_line' id='line_1_36' title="bbox 506 2367 2029 2439; baseline -0.005 -8"><span class='ocrx_word' id='word_1_251' title='bbox 506 2377 674 2431; x_wconf 76' lang='lat' dir='ltr'><strong>Vens.</strong></span> <span class='ocrx_word' id='word_1_252' title='bbox 703 2376 759 2430; x_wconf 79' lang='lat'><strong>3.</strong></span> <span class='ocrx_word' id='word_1_253' title='bbox 796 2372 1342 2430; x_wconf 78' lang='lat' dir='ltr'><strong>Desideriumanima:</strong></span> <span class='ocrx_word' id='word_1_254' title='bbox 1372 2370 1488 2439; x_wconf 82' lang='lat' dir='ltr'><strong>ejtts</strong></span> <span class='ocrx_word' id='word_1_255' title='bbox 1529 2368 1762 2423; x_wconf 75' lang='lat' dir='ltr'><strong>tribuisti</strong></span> <span class='ocrx_word' id='word_1_256' title='bbox 1806 2369 1873 2422; x_wconf 84' lang='lat' dir='ltr'><strong>ei.</strong></span> <span class='ocrx_word' id='word_1_257' title='bbox 1933 2367 2029 2423; x_wconf 62' lang='lat' dir='ltr'><strong>Vel</strong></span> 
     </span>
    </p>
   </div>
   <div class='ocr_carea' id='block_1_37' title="bbox 440 2459 2027 2528">
    <p class='ocr_par' dir='ltr' id='par_1_37' title="bbox 440 2459 2027 2528">
     <span class='ocr_line' id='line_1_37' title="bbox 440 2459 2027 2528; baseline -0.006 -5"><span class='ocrx_word' id='word_1_258' title='bbox 440 2471 731 2525; x_wconf 76' lang='lat' dir='ltr'><strong>victoriam</strong></span> <span class='ocrx_word' id='word_1_259' title='bbox 765 2466 833 2523; x_wconf 90' lang='lat' dir='ltr'><strong>de</strong></span> <span class='ocrx_word' id='word_1_260' title='bbox 866 2466 1143 2528; x_wconf 85' lang='lat' dir='ltr'><strong>hostibus,</strong></span> <span class='ocrx_word' id='word_1_261' title='bbox 1177 2463 1259 2517; x_wconf 89' lang='lat' dir='ltr'><strong>vel</strong></span> <span class='ocrx_word' id='word_1_262' title='bbox 1298 2463 1421 2517; x_wconf 78' lang='lat' dir='ltr'><strong>vitae</strong></span> <span class='ocrx_word' id='word_1_263' title='bbox 1454 2462 1900 2526; x_wconf 83' lang='lat' dir='ltr'><strong>diuturnitatem,</strong></span> <span class='ocrx_word' id='word_1_264' title='bbox 1941 2459 2027 2514; x_wconf 82' lang='lat' dir='ltr'><strong>vel</strong></span> 
     </span>
    </p>
   </div>
   <div class='ocr_carea' id='block_1_38' title="bbox 444 2557 1267 2628">
    <p class='ocr_par' dir='ltr' id='par_1_38' title="bbox 444 2557 1267 2628">
     <span class='ocr_line' id='line_1_38' title="bbox 444 2557 1267 2628; baseline -0.013 -10"><span class='ocrx_word' id='word_1_265' title='bbox 444 2577 608 2618; x_wconf 86' lang='lat' dir='ltr'><strong>omne</strong></span> <span class='ocrx_word' id='word_1_266' title='bbox 631 2559 870 2628; x_wconf 87' lang='lat' dir='ltr'><strong>denique</strong></span> <span class='ocrx_word' id='word_1_267' title='bbox 907 2557 1030 2627; x_wconf 86' lang='lat' dir='ltr'><strong>ejus</strong></span> <span class='ocrx_word' id='word_1_268' title='bbox 1058 2563 1267 2611; x_wconf 85' lang='lat' dir='ltr'><strong>votum.</strong></span> 
     </span>
    </p>
   </div>
   <div class='ocr_carea' id='block_1_39' title="bbox 522 2643 2026 2715">
    <p class='ocr_par' dir='ltr' id='par_1_39' title="bbox 522 2643 2026 2715">
     <span class='ocr_line' id='line_1_39' title="bbox 522 2643 2026 2715; baseline -0.007 -8"><span class='ocrx_word' id='word_1_269' title='bbox 522 2653 588 2707; x_wconf 84' lang='lat' dir='ltr'><strong>Et</strong></span> <span class='ocrx_word' id='word_1_270' title='bbox 644 2651 909 2706; x_wconf 84' lang='lat' dir='ltr'><strong>voluntate</strong></span> <span class='ocrx_word' id='word_1_271' title='bbox 962 2649 1224 2703; x_wconf 86' lang='lat' dir='ltr'><strong>labiorunt</strong></span> <span class='ocrx_word' id='word_1_272' title='bbox 1275 2645 1392 2715; x_wconf 69' lang='lat' dir='ltr'><strong>ejus</strong></span> <span class='ocrx_word' id='word_1_273' title='bbox 1445 2661 1550 2698; x_wconf 86' lang='lat' dir='ltr'><strong>non</strong></span> <span class='ocrx_word' id='word_1_274' title='bbox 1607 2643 1832 2714; x_wconf 81' lang='lat' dir='ltr'><strong>privasti</strong></span> <span class='ocrx_word' id='word_1_275' title='bbox 1884 2658 2026 2697; x_wconf 87' lang='lat' dir='ltr'><strong>eum.</strong></span> 
     </span>
    </p>
   </div>
   <div class='ocr_carea' id='block_1_40' title="bbox 446 2734 2030 2813">
    <p class='ocr_par' dir='ltr' id='par_1_40' title="bbox 446 2734 2030 2813">
     <span class='ocr_line' id='line_1_40' title="bbox 446 2734 2030 2813; baseline -0.007 -14"><span class='ocrx_word' id='word_1_276' title='bbox 446 2744 605 2812; x_wconf 80' lang='lat' dir='ltr'><strong>Quod</strong></span> <span class='ocrx_word' id='word_1_277' title='bbox 668 2741 925 2813; x_wconf 70' lang='lat' dir='ltr'><strong>superius</strong></span> <span class='ocrx_word' id='word_1_278' title='bbox 958 2738 1166 2793; x_wconf 89' lang='lat' dir='ltr'><strong>dictum</strong></span> <span class='ocrx_word' id='word_1_279' title='bbox 1213 2746 1334 2802; x_wconf 84' lang='lat' dir='ltr'><strong>est,</strong></span> <span class='ocrx_word' id='word_1_280' title='bbox 1372 2736 1570 2790; x_wconf 85' lang='lat' dir='ltr'><strong>iterum</strong></span> <span class='ocrx_word' id='word_1_281' title='bbox 1614 2735 1833 2806; x_wconf 88' lang='lat' dir='ltr'><strong>repetit,</strong></span> <span class='ocrx_word' id='word_1_282' title='bbox 1870 2734 2030 2805; x_wconf 86' lang='lat' dir='ltr'><strong>quasi</strong></span> 
     </span>
    </p>
   </div>
   <div class='ocr_carea' id='block_1_41' title="bbox 446 2825 2032 2901">
    <p class='ocr_par' dir='ltr' id='par_1_41' title="bbox 446 2825 2032 2901">
     <span class='ocr_line' id='line_1_41' title="bbox 446 2825 2032 2901; baseline -0.007 -9"><span class='ocrx_word' id='word_1_283' title='bbox 446 2836 732 2892; x_wconf 78' lang='lat' dir='ltr'><strong>obleCtans</strong></span> <span class='ocrx_word' id='word_1_284' title='bbox 764 2848 822 2890; x_wconf 90' lang='lat' dir='ltr'><strong>se</strong></span> <span class='ocrx_word' id='word_1_285' title='bbox 852 2833 906 2887; x_wconf 92' lang='lat' dir='ltr'><strong>in</strong></span> <span class='ocrx_word' id='word_1_286' title='bbox 942 2831 1245 2901; x_wconf 79' lang='lat' dir='ltr'><strong>gratiarum</strong></span> <span class='ocrx_word' id='word_1_287' title='bbox 1277 2827 1518 2883; x_wconf 86' lang='lat' dir='ltr'><strong>actione.</strong></span> <span class='ocrx_word' id='word_1_288' title='bbox 1544 2825 1679 2881; x_wconf 84' lang='lat' dir='ltr'><strong>Nam</strong></span> <span class='ocrx_word' id='word_1_289' title='bbox 1705 2827 1852 2897; x_wconf 87' lang='lat' dir='ltr'><strong>quod</strong></span> <span class='ocrx_word' id='word_1_290' title='bbox 1877 2827 2032 2897; x_wconf 87' lang='lat' dir='ltr'><strong>quis-</strong></span> 
     </span>
    </p>
   </div>
   <div class='ocr_carea' id='block_1_42' title="bbox 446 2921 2035 3004">
    <p class='ocr_par' dir='ltr' id='par_1_42' title="bbox 446 2921 2035 3004">
     <span class='ocr_line' id='line_1_42' title="bbox 446 2921 2035 3004; baseline -0.008 -17"><span class='ocrx_word' id='word_1_291' title='bbox 446 2948 555 3004; x_wconf 82' lang='lat' dir='ltr'><strong>que</strong></span> <span class='ocrx_word' id='word_1_292' title='bbox 595 2930 781 2986; x_wconf 88' lang='lat' dir='ltr'><strong>animo</strong></span> <span class='ocrx_word' id='word_1_293' title='bbox 816 2928 989 2999; x_wconf 89' lang='lat' dir='ltr'><strong>cupit,</strong></span> <span class='ocrx_word' id='word_1_294' title='bbox 1019 2941 1116 2981; x_wconf 90' lang='lat' dir='ltr'><strong>ore</strong></span> <span class='ocrx_word' id='word_1_295' title='bbox 1141 2924 1307 2980; x_wconf 89' lang='lat' dir='ltr'><strong>etiam</strong></span> <span class='ocrx_word' id='word_1_296' title='bbox 1336 2938 1400 2979; x_wconf 90' lang='lat' dir='ltr'><strong>ac</strong></span> <span class='ocrx_word' id='word_1_297' title='bbox 1431 2922 1597 2978; x_wconf 82' lang='lat' dir='ltr'><strong>labiis</strong></span> <span class='ocrx_word' id='word_1_298' title='bbox 1620 2922 1779 2993; x_wconf 88' lang='lat' dir='ltr'><strong>petit.</strong></span> <span class='ocrx_word' id='word_1_299' title='bbox 1810 2921 1914 2977; x_wconf 77' lang='lat' dir='ltr'><strong>Per</strong></span> <span class='ocrx_word' id='word_1_300' title='bbox 1937 2935 2035 2975; x_wconf 86' lang='lat' dir='ltr'><strong>vo-</strong></span> 
     </span>
    </p>
   </div>
   <div class='ocr_carea' id='block_1_43' title="bbox 446 3015 1706 3089">
    <p class='ocr_par' dir='ltr' id='par_1_43' title="bbox 446 3015 1706 3089">
     <span class='ocr_line' id='line_1_43' title="bbox 446 3015 1706 3089; baseline -0.008 -10"><span class='ocrx_word' id='word_1_301' title='bbox 446 3028 717 3079; x_wconf 83' lang='lat' dir='ltr'><strong>luntatem</strong></span> <span class='ocrx_word' id='word_1_302' title='bbox 747 3030 929 3076; x_wconf 87' lang='lat' dir='ltr'><strong>autem</strong></span> <span class='ocrx_word' id='word_1_303' title='bbox 960 3021 1051 3074; x_wconf 88' lang='lat' dir='ltr'><strong>hic</strong></span> <span class='ocrx_word' id='word_1_304' title='bbox 1085 3018 1406 3089; x_wconf 88' lang='lat' dir='ltr'><strong>petitionem</strong></span> <span class='ocrx_word' id='word_1_305' title='bbox 1442 3015 1706 3085; x_wconf 80' lang='lat' dir='ltr'><strong>intellige.</strong></span> 
     </span>
    </p>
   </div>
   <div class='ocr_carea' id='block_1_44' title="bbox 524 3105 2032 3180">
    <p class='ocr_par' dir='ltr' id='par_1_44' title="bbox 524 3105 2032 3180">
     <span class='ocr_line' id='line_1_44' title="bbox 524 3105 2032 3180; baseline -0.008 -10"><span class='ocrx_word' id='word_1_306' title='bbox 524 3115 688 3170; x_wconf 69' lang='lat' dir='ltr'><strong>Vens.</strong></span> <span class='ocrx_word' id='word_1_307' title='bbox 723 3113 776 3168; x_wconf 71' lang='grc'><strong>4.</strong></span> <span class='ocrx_word' id='word_1_308' title='bbox 816 3112 1082 3180; x_wconf 84' lang='lat' dir='ltr'><strong>Quoniam</strong></span> <span class='ocrx_word' id='word_1_309' title='bbox 1104 3109 1407 3180; x_wconf 63' lang='lat' dir='ltr'><strong>preueniin</strong></span> <span class='ocrx_word' id='word_1_310' title='bbox 1435 3108 1629 3161; x_wconf 84' lang='lat' dir='ltr'><strong>eumin</strong></span> <span class='ocrx_word' id='word_1_311' title='bbox 1654 3105 2032 3162; x_wconf 76' lang='lat' dir='ltr'><strong>benedictioni-</strong></span> 
     </span>
    </p>
   </div>
   <div class='ocr_carea' id='block_1_45' title="bbox 2126 2011 3041 2085">
    <p class='ocr_par' dir='ltr' id='par_1_45' title="bbox 2126 2011 3041 2085">
     <span class='ocr_line' id='line_1_45' title="bbox 2126 2011 3041 2085; baseline -0.001 -17"><span class='ocrx_word' id='word_1_312' title='bbox 2126 2033 2237 2068; x_wconf 86' lang='grc' dir='ltr'><strong>των</strong></span> <span class='ocrx_word' id='word_1_313' title='bbox 2269 2011 2755 2085; x_wconf 76' lang='grc' dir='ltr'>εὐεργετημάτων.</span> <span class='ocrx_word' id='word_1_314' title='bbox 3038 2028 3041 2031; x_wconf 72' lang='lat'>‘</span> 
     </span>
    </p>
   </div>
   <div class='ocr_carea' id='block_1_46' title="bbox 2213 2189 3711 2263">
    <p class='ocr_par' dir='ltr' id='par_1_46' title="bbox 2213 2189 3711 2263">
     <span class='ocr_line' id='line_1_46' title="bbox 2213 2189 3711 2263; baseline -0.003 -12"><span class='ocrx_word' id='word_1_315' title='bbox 2213 2197 2344 2251; x_wconf 83' lang='grc' dir='ltr'><strong>Ἐπί</strong></span> <span class='ocrx_word' id='word_1_316' title='bbox 2374 2194 2454 2261; x_wconf 85' lang='grc' dir='ltr'><strong>τῷ</strong></span> <span class='ocrx_word' id='word_1_317' title='bbox 2497 2196 2769 2263; x_wconf 83' lang='grc' dir='ltr'><strong>σωτηρίῳ</strong></span> <span class='ocrx_word' id='word_1_318' title='bbox 2823 2192 2949 2249; x_wconf 83' lang='grc' dir='ltr'><strong>σου</strong></span> <span class='ocrx_word' id='word_1_319' title='bbox 2968 2191 3401 2263; x_wconf 60' lang='grc' dir='ltr'>ἀγαιιιιίονεται</span> <span class='ocrx_word' id='word_1_320' title='bbox 3450 2189 3711 2260; x_wconf 68' lang='grc' dir='ltr'>σφόδρα.</span> 
     </span>
    </p>
   </div>
   <div class='ocr_carea' id='block_1_47' title="bbox 2142 2284 2981 2357">
    <p class='ocr_par' dir='ltr' id='par_1_47' title="bbox 2142 2284 2981 2357">
     <span class='ocr_line' id='line_1_47' title="bbox 2142 2284 2981 2357; baseline 0.001 -18"><span class='ocrx_word' id='word_1_321' title='bbox 2142 2287 2265 2340; x_wconf 78' lang='grc' dir='ltr'>Ἐπὶ</span> <span class='ocrx_word' id='word_1_322' title='bbox 2301 2289 2368 2357; x_wconf 82' lang='grc' dir='ltr'><strong>τῇ</strong></span> <span class='ocrx_word' id='word_1_323' title='bbox 2403 2286 2553 2356; x_wconf 81' lang='grc' dir='ltr'><strong>παρὰ</strong></span> <span class='ocrx_word' id='word_1_324' title='bbox 2591 2285 2686 2339; x_wconf 84' lang='grc' dir='ltr'><strong>σοῦ</strong></span> <span class='ocrx_word' id='word_1_325' title='bbox 2717 2284 2981 2357; x_wconf 78' lang='grc' dir='ltr'><strong>σωτηρίᾳ.</strong></span> 
     </span>
    </p>
   </div>
   <div class='ocr_carea' id='block_1_48' title="bbox 2208 2376 3714 2449">
    <p class='ocr_par' dir='ltr' id='par_1_48' title="bbox 2208 2376 3714 2449">
     <span class='ocr_line' id='line_1_48' title="bbox 2208 2376 3714 2449; baseline -0.002 -15"><span class='ocrx_word' id='word_1_326' title='bbox 2208 2380 2328 2447; x_wconf 79' lang='grc' dir='ltr'><strong>Τὴν</strong></span> <span class='ocrx_word' id='word_1_327' title='bbox 2355 2381 2678 2449; x_wconf 76' lang='grc' dir='ltr'><strong>ἐπιθυμίαν</strong></span> <span class='ocrx_word' id='word_1_328' title='bbox 2695 2378 2807 2445; x_wconf 84' lang='grc' dir='ltr'><strong>τῆς</strong></span> <span class='ocrx_word' id='word_1_329' title='bbox 2838 2379 3087 2447; x_wconf 82' lang='grc' dir='ltr'><strong>καρδίας</strong></span> <span class='ocrx_word' id='word_1_330' title='bbox 3119 2377 3308 2432; x_wconf 85' lang='grc' dir='ltr'>αὐτοῦ</span> <span class='ocrx_word' id='word_1_331' title='bbox 3355 2376 3584 2442; x_wconf 79' lang='grc' dir='ltr'>ἔδωκας</span> <span class='ocrx_word' id='word_1_332' title='bbox 3605 2378 3714 2431; x_wconf 83' lang='grc' dir='ltr'><strong>αὺ-</strong></span> 
     </span>
    </p>
   </div>
   <div class='ocr_carea' id='block_1_49' title="bbox 2131 2468 3717 2541">
    <p class='ocr_par' dir='ltr' id='par_1_49' title="bbox 2131 2468 3717 2541">
     <span class='ocr_line' id='line_1_49' title="bbox 2131 2468 3717 2541; baseline -0.003 -16"><span class='ocrx_word' id='word_1_333' title='bbox 2131 2470 2232 2538; x_wconf 85' lang='grc' dir='ltr'><strong>τῷ.</strong></span> <span class='ocrx_word' id='word_1_334' title='bbox 2259 2473 2329 2524; x_wconf 83' lang='grc' dir='ltr'><strong><em>Ἦ</em></strong></span> <span class='ocrx_word' id='word_1_335' title='bbox 2355 2470 2454 2541; x_wconf 81' lang='grc' dir='ltr'>τὴν</span> <span class='ocrx_word' id='word_1_336' title='bbox 2482 2472 2603 2524; x_wconf 81' lang='grc' dir='ltr'><strong>κατ’</strong></span> <span class='ocrx_word' id='word_1_337' title='bbox 2630 2470 2843 2540; x_wconf 73' lang='grc' dir='ltr'>ἐχθρῶν</span> <span class='ocrx_word' id='word_1_338' title='bbox 2877 2470 3059 2539; x_wconf 83' lang='grc' dir='ltr'>νίκην,</span> <span class='ocrx_word' id='word_1_339' title='bbox 3089 2469 3121 2538; x_wconf 80' lang='grc' dir='ltr'>ἢ</span> <span class='ocrx_word' id='word_1_340' title='bbox 3153 2468 3250 2539; x_wconf 85' lang='grc' dir='ltr'>τὴν</span> <span class='ocrx_word' id='word_1_341' title='bbox 3272 2468 3595 2539; x_wconf 76' lang='grc' dir='ltr'><strong>προσθήκην</strong></span> <span class='ocrx_word' id='word_1_342' title='bbox 3611 2468 3717 2538; x_wconf 78' lang='grc' dir='ltr'>τῆς</span> 
     </span>
    </p>
   </div>
   <div class='ocr_carea' id='block_1_50' title="bbox 2134 2562 3059 2632">
    <p class='ocr_par' dir='ltr' id='par_1_50' title="bbox 2134 2562 3059 2632">
     <span class='ocr_line' id='line_1_50' title="bbox 2134 2562 3059 2632; baseline -0.004 -14"><span class='ocrx_word' id='word_1_343' title='bbox 2134 2563 2303 2632; x_wconf 79' lang='grc' dir='ltr'>ζωῆς.</span> <span class='ocrx_word' id='word_1_344' title='bbox 2332 2564 2364 2632; x_wconf 79' lang='grc' dir='ltr'><strong>ἥ</strong></span> <span class='ocrx_word' id='word_1_345' title='bbox 2388 2562 2573 2625; x_wconf 77' lang='grc' dir='ltr'>ἁπλῶς</span> <span class='ocrx_word' id='word_1_346' title='bbox 2602 2564 2780 2616; x_wconf 77' lang='grc' dir='ltr'>πᾶσαν</span> <span class='ocrx_word' id='word_1_347' title='bbox 2809 2562 3059 2628; x_wconf 77' lang='grc' dir='ltr'>ἀξίωσιν.</span> 
     </span>
    </p>
   </div>
   <div class='ocr_carea' id='block_1_51' title="bbox 2206 2649 3714 2720">
    <p class='ocr_par' dir='ltr' id='par_1_51' title="bbox 2206 2649 3714 2720">
     <span class='ocr_line' id='line_1_51' title="bbox 2206 2649 3714 2720; baseline -0.003 -13"><span class='ocrx_word' id='word_1_348' title='bbox 2206 2653 2317 2707; x_wconf 78' lang='lat' dir='ltr'><strong>lt‘ai</strong></span> <span class='ocrx_word' id='word_1_349' title='bbox 2346 2652 2463 2720; x_wconf 78' lang='grc' dir='ltr'><strong>τὴν</strong></span> <span class='ocrx_word' id='word_1_350' title='bbox 2489 2653 2746 2716; x_wconf 72' lang='grc' dir='ltr'><strong>θέλησιν</strong></span> <span class='ocrx_word' id='word_1_351' title='bbox 2769 2651 2889 2704; x_wconf 80' lang='grc' dir='ltr'><strong>τῶν</strong></span> <span class='ocrx_word' id='word_1_352' title='bbox 2910 2651 3166 2719; x_wconf 78' lang='grc' dir='ltr'><strong>χειλέων</strong></span> <span class='ocrx_word' id='word_1_353' title='bbox 3186 2650 3377 2706; x_wconf 80' lang='grc' dir='ltr'>αὐτοῦ</span> <span class='ocrx_word' id='word_1_354' title='bbox 3398 2652 3509 2704; x_wconf 82' lang='grc' dir='ltr'>οὐκ</span> <span class='ocrx_word' id='word_1_355' title='bbox 3540 2649 3714 2704; x_wconf 82' lang='grc' dir='ltr'><strong>ἐστέ-</strong></span> 
     </span>
    </p>
   </div>
   <div class='ocr_carea' id='block_1_52' title="bbox 2127 2737 3718 2815">
    <p class='ocr_par' dir='ltr' id='par_1_52' title="bbox 2127 2737 3718 2815">
     <span class='ocr_line' id='line_1_52' title="bbox 2127 2737 3718 2815; baseline -0.005 -15"><span class='ocrx_word' id='word_1_356' title='bbox 2127 2764 2324 2815; x_wconf 76' lang='grc' dir='ltr'>ρησας</span> <span class='ocrx_word' id='word_1_357' title='bbox 2357 2747 2566 2801; x_wconf 76' lang='grc' dir='ltr'>αὐτόν.</span> <span class='ocrx_word' id='word_1_358' title='bbox 2607 2746 2681 2797; x_wconf 85' lang='grc' dir='ltr'>Τὸ</span> <span class='ocrx_word' id='word_1_359' title='bbox 2711 2744 2845 2797; x_wconf 84' lang='grc' dir='ltr'>αὐτὸ</span> <span class='ocrx_word' id='word_1_360' title='bbox 2895 2744 3057 2798; x_wconf 83' lang='grc' dir='ltr'>πάλιν</span> <span class='ocrx_word' id='word_1_361' title='bbox 3110 2743 3438 2815; x_wconf 80' lang='grc' dir='ltr'><strong>δεδήλωκεν,</strong></span> <span class='ocrx_word' id='word_1_362' title='bbox 3483 2737 3594 2798; x_wconf 76' lang='grc' dir='ltr'>οἷον</span> <span class='ocrx_word' id='word_1_363' title='bbox 3629 2742 3718 2795; x_wconf 69' lang='grc' dir='ltr'><strong>ὲν-</strong></span> 
     </span>
    </p>
   </div>
   <div class='ocr_carea' id='block_1_53' title="bbox 2134 2829 3717 2909">
    <p class='ocr_par' dir='ltr' id='par_1_53' title="bbox 2134 2829 3717 2909">
     <span class='ocr_line' id='line_1_53' title="bbox 2134 2829 3717 2909; baseline -0.004 -17"><span class='ocrx_word' id='word_1_364' title='bbox 2134 2839 2400 2909; x_wconf 82' lang='grc' dir='ltr'>ηδόμενος</span> <span class='ocrx_word' id='word_1_365' title='bbox 2422 2840 2489 2909; x_wconf 77' lang='grc' dir='ltr'><strong>τῇ</strong></span> <span class='ocrx_word' id='word_1_366' title='bbox 2524 2838 2854 2909; x_wconf 74' lang='grc' dir='ltr'><strong>εὐχαριστίᾳ</strong></span> <span class='ocrx_word' id='word_1_367' title='bbox 2873 2854 2890 2868; x_wconf 69' lang='grc'><strong><em>⁸</em></strong></span> <span class='ocrx_word' id='word_1_368' title='bbox 2919 2829 2980 2890; x_wconf 69' lang='grc' dir='ltr'>οὗ</span> <span class='ocrx_word' id='word_1_369' title='bbox 3004 2837 3114 2907; x_wconf 78' lang='grc' dir='ltr'><strong>γάρ</strong></span> <span class='ocrx_word' id='word_1_370' title='bbox 3145 2853 3229 2901; x_wconf 79' lang='grc' dir='ltr'><strong>τις</strong></span> <span class='ocrx_word' id='word_1_371' title='bbox 3257 2836 3535 2906; x_wconf 75' lang='grc' dir='ltr'><strong>ἐπιθυμεῖ,</strong></span> <span class='ocrx_word' id='word_1_372' title='bbox 3553 2835 3717 2887; x_wconf 78' lang='grc' dir='ltr'>τοῦτο</span> 
     </span>
    </p>
   </div>
   <div class='ocr_carea' id='block_1_54' title="bbox 2135 2926 3718 3000">
    <p class='ocr_par' dir='ltr' id='par_1_54' title="bbox 2135 2926 3718 3000">
     <span class='ocr_line' id='line_1_54' title="bbox 2135 2926 3718 3000; baseline -0.003 -16"><span class='ocrx_word' id='word_1_373' title='bbox 2135 2932 2230 2984; x_wconf 73' lang='grc' dir='ltr'><strong>καὶ</strong></span> <span class='ocrx_word' id='word_1_374' title='bbox 2260 2929 2348 2984; x_wconf 69' lang='grc' dir='ltr'><strong>διὰ</strong></span> <span class='ocrx_word' id='word_1_375' title='bbox 2383 2929 2490 2982; x_wconf 81' lang='grc' dir='ltr'><strong>τῶν</strong></span> <span class='ocrx_word' id='word_1_376' title='bbox 2523 2928 2751 3000; x_wconf 79' lang='grc' dir='ltr'><strong>χειλέων</strong></span> <span class='ocrx_word' id='word_1_377' title='bbox 2802 2930 2964 2983; x_wconf 68' lang='grc' dir='ltr'>αἰτεῖ.</span> <span class='ocrx_word' id='word_1_378' title='bbox 2998 2928 3232 2998; x_wconf 78' lang='grc' dir='ltr'><strong>Θέλησιν</strong></span> <span class='ocrx_word' id='word_1_379' title='bbox 3295 2926 3405 2998; x_wconf 79' lang='grc' dir='ltr'>γὰρ</span> <span class='ocrx_word' id='word_1_380' title='bbox 3455 2926 3574 2993; x_wconf 78' lang='grc' dir='ltr'>νῦν,</span> <span class='ocrx_word' id='word_1_381' title='bbox 3614 2927 3718 2997; x_wconf 73' lang='grc' dir='ltr'>τὴν</span> 
     </span>
    </p>
   </div>
   <div class='ocr_carea' id='block_1_55' title="bbox 2136 3023 2666 3093">
    <p class='ocr_par' dir='ltr' id='par_1_55' title="bbox 2136 3023 2666 3093">
     <span class='ocr_line' id='line_1_55' title="bbox 2136 3023 2666 3093; baseline -0.002 -17"><span class='ocrx_word' id='word_1_382' title='bbox 2136 3023 2352 3091; x_wconf 73' lang='grc' dir='ltr'>αἴτησιν</span> <span class='ocrx_word' id='word_1_383' title='bbox 2382 3024 2472 3093; x_wconf 84' lang='grc' dir='ltr'>νοή</span> <span class='ocrx_word' id='word_1_384' title='bbox 2484 3038 2666 3091; x_wconf 72' lang='grc' dir='ltr'>σομεν.</span> 
     </span>
    </p>
   </div>
   <div class='ocr_carea' id='block_1_56' title="bbox 2210 3111 3720 3183">
    <p class='ocr_par' dir='ltr' id='par_1_56' title="bbox 2210 3111 3720 3183">
     <span class='ocr_line' id='line_1_56' title="bbox 2210 3111 3720 3183; baseline -0.001 -15"><span class='ocrx_word' id='word_1_385' title='bbox 2210 3116 2343 3169; x_wconf 85' lang='grc' dir='ltr'><strong>Ὅτι</strong></span> <span class='ocrx_word' id='word_1_386' title='bbox 2371 3114 2766 3182; x_wconf 64' lang='grc' dir='ltr'>προέφθασας</span> <span class='ocrx_word' id='word_1_387' title='bbox 2799 3112 2987 3168; x_wconf 76' lang='grc' dir='ltr'>αὐτὸν</span> <span class='ocrx_word' id='word_1_388' title='bbox 3014 3112 3086 3166; x_wconf 77' lang='grc' dir='ltr'><strong>ἐν</strong></span> <span class='ocrx_word' id='word_1_389' title='bbox 3116 3111 3425 3183; x_wconf 77' lang='grc' dir='ltr'><strong>εὐλογίαις</strong></span> <span class='ocrx_word' id='word_1_390' title='bbox 3454 3113 3720 3181; x_wconf 80' lang='grc' dir='ltr'>χρηστό-</span> 
     </span>
    </p>
   </div>
   <div class='ocr_carea' id='block_1_57' title="bbox 449 3199 2030 3277">
    <p class='ocr_par' dir='ltr' id='par_1_57' title="bbox 449 3199 2030 3270">
     <span class='ocr_line' id='line_1_57' title="bbox 449 3199 2030 3270; baseline -0.005 -9"><span class='ocrx_word' id='word_1_391' title='bbox 449 3211 543 3263; x_wconf 82' lang='lat' dir='ltr'><strong>lms</strong></span> <span class='ocrx_word' id='word_1_392' title='bbox 584 3206 857 3261; x_wconf 75' lang='lat' dir='ltr'><strong>bonitatis.</strong></span> <span class='ocrx_word' id='word_1_393' title='bbox 908 3202 1181 3269; x_wconf 84' lang='lat' dir='ltr'><strong>Quoniam</strong></span> <span class='ocrx_word' id='word_1_394' title='bbox 1215 3216 1337 3256; x_wconf 89' lang='lat' dir='ltr'><strong>eum</strong></span> <span class='ocrx_word' id='word_1_395' title='bbox 1369 3199 1706 3270; x_wconf 65' lang='lat' dir='ltr'><strong>prmenisti,</strong></span> <span class='ocrx_word' id='word_1_396' title='bbox 1739 3208 1793 3253; x_wconf 90' lang='lat' dir='ltr'><strong>et</strong></span> <span class='ocrx_word' id='word_1_397' title='bbox 1824 3214 2030 3269; x_wconf 63' lang='lat' dir='ltr'><strong>praeoc-</strong></span> 
     </span>
    </p>
   </div>
   <div class='ocr_carea' id='block_1_58' title="bbox 2133 3199 3722 3277">
    <p class='ocr_par' dir='ltr' id='par_1_58' title="bbox 2142 3204 3722 3277">
     <span class='ocr_line' id='line_1_58' title="bbox 2142 3204 3722 3277; baseline -0.002 -16"><span class='ocrx_word' id='word_1_398' title='bbox 2142 3225 2338 3277; x_wconf 85' lang='grc' dir='ltr'><strong>τητος.</strong></span> <span class='ocrx_word' id='word_1_399' title='bbox 2376 3206 2596 3277; x_wconf 78' lang='grc' dir='ltr'>Ἐπειδὴ</span> <span class='ocrx_word' id='word_1_400' title='bbox 2637 3207 2735 3260; x_wconf 75' lang='grc' dir='ltr'><strong>καὶ</strong></span> <span class='ocrx_word' id='word_1_401' title='bbox 2786 3205 3091 3276; x_wconf 75' lang='grc' dir='ltr'>προέλαϐες</span> <span class='ocrx_word' id='word_1_402' title='bbox 3127 3204 3315 3269; x_wconf 69' lang='grc' dir='ltr'>αὐτὸν,</span> <span class='ocrx_word' id='word_1_403' title='bbox 3364 3205 3472 3275; x_wconf 83' lang='grc' dir='ltr'>πρὸ</span> <span class='ocrx_word' id='word_1_404' title='bbox 3504 3206 3604 3275; x_wconf 75' lang='grc' dir='ltr'><strong>τῆς</strong></span> <span class='ocrx_word' id='word_1_405' title='bbox 3631 3205 3722 3258; x_wconf 71' lang='grc' dir='ltr'><strong>αἱ-</strong></span> 
     </span>
    </p>
   </div>
   <div class='ocr_carea' id='block_1_59' title="bbox 452 3292 2029 3373">
    <p class='ocr_par' dir='ltr' id='par_1_59' title="bbox 452 3292 2029 3373">
     <span class='ocr_line' id='line_1_59' title="bbox 452 3292 2029 3373; baseline -0.009 -17"><span class='ocrx_word' id='word_1_406' title='bbox 452 3299 665 3373; x_wconf 82' lang='lat' dir='ltr'><strong>cupasti</strong></span> <span class='ocrx_word' id='word_1_407' title='bbox 719 3299 921 3370; x_wconf 80' lang='lat' dir='ltr'><strong>saepius</strong></span> <span class='ocrx_word' id='word_1_408' title='bbox 973 3293 1261 3351; x_wconf 81' lang='lat' dir='ltr'><strong>beneﬁciis</strong></span> <span class='ocrx_word' id='word_1_409' title='bbox 1297 3294 1407 3349; x_wconf 87' lang='lat' dir='ltr'><strong>tuis</strong></span> <span class='ocrx_word' id='word_1_410' title='bbox 1436 3300 1731 3363; x_wconf 82' lang='lat' dir='ltr'><strong>antequam</strong></span> <span class='ocrx_word' id='word_1_411' title='bbox 1777 3292 1895 3362; x_wconf 90' lang='lat' dir='ltr'><strong>ipse</strong></span> <span class='ocrx_word' id='word_1_412' title='bbox 1926 3292 2029 3344; x_wconf 90' lang='lat' dir='ltr'><strong>ali-</strong></span> 
     </span>
    </p>
   </div>
   <div class='ocr_carea' id='block_1_60' title="bbox 453 3383 2033 3464">
    <p class='ocr_par' dir='ltr' id='par_1_60' title="bbox 453 3383 2033 3464">
     <span class='ocr_line' id='line_1_60' title="bbox 453 3383 2033 3464; baseline -0.006 -17"><span class='ocrx_word' id='word_1_413' title='bbox 453 3393 585 3463; x_wconf 71' lang='lat' dir='ltr'><strong>quid</strong></span> <span class='ocrx_word' id='word_1_414' title='bbox 620 3398 827 3464; x_wconf 88' lang='lat' dir='ltr'><strong>peteret</strong></span> <span class='ocrx_word' id='word_1_415' title='bbox 853 3406 881 3444; x_wconf 89' lang='lat' dir='ltr'><strong>a</strong></span> <span class='ocrx_word' id='word_1_416' title='bbox 913 3397 986 3443; x_wconf 84' lang='lat' dir='ltr'><strong>te.</strong></span> <span class='ocrx_word' id='word_1_417' title='bbox 1014 3385 1463 3442; x_wconf 86' lang='lat' dir='ltr'><strong>Benedictionem</strong></span> <span class='ocrx_word' id='word_1_418' title='bbox 1493 3385 1581 3439; x_wconf 87' lang='lat' dir='ltr'><strong>hic</strong></span> <span class='ocrx_word' id='word_1_419' title='bbox 1613 3399 1712 3454; x_wconf 93' lang='lat' dir='ltr'><strong>pro</strong></span> <span class='ocrx_word' id='word_1_420' title='bbox 1754 3383 2033 3439; x_wconf 77' lang='lat' dir='ltr'><strong>beneﬁcis</strong></span> 
     </span>
    </p>
   </div>
   <div class='ocr_carea' id='block_1_61' title="bbox 457 3473 2037 3555">
    <p class='ocr_par' dir='ltr' id='par_1_61' title="bbox 457 3473 2037 3555">
     <span class='ocr_line' id='line_1_61' title="bbox 457 3473 2037 3555; baseline -0.007 -17"><span class='ocrx_word' id='word_1_421' title='bbox 457 3486 707 3555; x_wconf 88' lang='lat' dir='ltr'><strong>accipere</strong></span> <span class='ocrx_word' id='word_1_422' title='bbox 758 3483 1049 3543; x_wconf 87' lang='lat' dir='ltr'><strong>debemus,</strong></span> <span class='ocrx_word' id='word_1_423' title='bbox 1102 3492 1228 3551; x_wconf 69' lang='lat' dir='ltr'><strong>qua:</strong></span> <span class='ocrx_word' id='word_1_424' title='bbox 1278 3492 1307 3530; x_wconf 87' lang='lat' dir='ltr'><strong>a</strong></span> <span class='ocrx_word' id='word_1_425' title='bbox 1367 3476 1463 3530; x_wconf 89' lang='lat' dir='ltr'><strong>Dei</strong></span> <span class='ocrx_word' id='word_1_426' title='bbox 1511 3476 1760 3530; x_wconf 89' lang='lat' dir='ltr'><strong>bonitate</strong></span> <span class='ocrx_word' id='word_1_427' title='bbox 1818 3473 2037 3545; x_wconf 83' lang='lat' dir='ltr'><strong>prolici-</strong></span> 
     </span>
    </p>
   </div>
   <div class='ocr_carea' id='block_1_62' title="bbox 458 3564 2036 3645">
    <p class='ocr_par' dir='ltr' id='par_1_62' title="bbox 458 3564 2036 3645">
     <span class='ocr_line' id='line_1_62' title="bbox 458 3564 2036 3645; baseline -0.01 -13"><span class='ocrx_word' id='word_1_428' title='bbox 458 3586 720 3645; x_wconf 79' lang='lat' dir='ltr'><strong>scuntur;</strong></span> <span class='ocrx_word' id='word_1_429' title='bbox 768 3584 821 3629; x_wconf 85' lang='lat' dir='ltr'><strong>et</strong></span> <span class='ocrx_word' id='word_1_430' title='bbox 876 3573 1001 3628; x_wconf 89' lang='lat' dir='ltr'><strong>ideo</strong></span> <span class='ocrx_word' id='word_1_431' title='bbox 1058 3570 1240 3626; x_wconf 83' lang='lat' dir='ltr'><strong>dicit:</strong></span> <span class='ocrx_word' id='word_1_432' title='bbox 1279 3565 1343 3624; x_wconf 81' lang='lat' dir='ltr'><strong>In</strong></span> <span class='ocrx_word' id='word_1_433' title='bbox 1392 3565 1840 3621; x_wconf 75' lang='lat' dir='ltr'><strong>benedictionibus</strong></span> <span class='ocrx_word' id='word_1_434' title='bbox 1886 3564 2036 3618; x_wconf 80' lang='lat' dir='ltr'><strong>batti-</strong></span> 
     </span>
    </p>
   </div>
   <div class='ocr_carea' id='block_1_63' title="bbox 456 3670 604 3724">
    <p class='ocr_par' dir='ltr' id='par_1_63' title="bbox 456 3670 604 3724">
     <span class='ocr_line' id='line_1_63' title="bbox 456 3670 604 3724; baseline -0.02 0"><span class='ocrx_word' id='word_1_435' title='bbox 456 3670 604 3724; x_wconf 82' lang='lat' dir='ltr'><strong>tatis.</strong></span> 
     </span>
    </p>
   </div>
   <div class='ocr_carea' id='block_1_64' title="bbox 533 3749 2035 3825">
    <p class='ocr_par' dir='ltr' id='par_1_64' title="bbox 533 3749 2035 3825">
     <span class='ocr_line' id='line_1_64' title="bbox 533 3749 2035 3825; baseline -0.008 -11"><span class='ocrx_word' id='word_1_436' title='bbox 533 3760 768 3814; x_wconf 82' lang='lat' dir='ltr'><strong>Posuisti</strong></span> <span class='ocrx_word' id='word_1_437' title='bbox 795 3758 849 3811; x_wconf 86' lang='lat' dir='ltr'><strong>in</strong></span> <span class='ocrx_word' id='word_1_438' title='bbox 876 3764 1032 3825; x_wconf 82' lang='lat' dir='ltr'><strong>caput</strong></span> <span class='ocrx_word' id='word_1_439' title='bbox 1060 3754 1174 3824; x_wconf 86' lang='lat' dir='ltr'><strong>ejus</strong></span> <span class='ocrx_word' id='word_1_440' title='bbox 1194 3768 1442 3808; x_wconf 79' lang='lat' dir='ltr'><strong>coronam</strong></span> <span class='ocrx_word' id='word_1_441' title='bbox 1480 3750 1544 3804; x_wconf 85' lang='lat' dir='ltr'><strong>de</strong></span> <span class='ocrx_word' id='word_1_442' title='bbox 1577 3752 1750 3820; x_wconf 83' lang='lat' dir='ltr'><strong>lapide</strong></span> <span class='ocrx_word' id='word_1_443' title='bbox 1782 3749 2035 3818; x_wconf 83' lang='lat' dir='ltr'><strong>pretioso.</strong></span> 
     </span>
    </p>
   </div>
   <div class='ocr_carea' id='block_1_65' title="bbox 458 3842 2035 3921">
    <p class='ocr_par' dir='ltr' id='par_1_65' title="bbox 458 3842 2035 3921">
     <span class='ocr_line' id='line_1_65' title="bbox 458 3842 2035 3921; baseline -0.01 -13"><span class='ocrx_word' id='word_1_444' title='bbox 458 3850 730 3909; x_wconf 74' lang='lat' dir='ltr'><strong>Beneﬁcia</strong></span> <span class='ocrx_word' id='word_1_445' title='bbox 768 3852 818 3906; x_wconf 91' lang='lat' dir='ltr'><strong>ei</strong></span> <span class='ocrx_word' id='word_1_446' title='bbox 870 3849 1113 3921; x_wconf 60' lang='lat' dir='ltr'><strong>prmstita</strong></span> <span class='ocrx_word' id='word_1_447' title='bbox 1151 3851 1586 3909; x_wconf 87' lang='lat' dir='ltr'><strong>commemorat;</strong></span> <span class='ocrx_word' id='word_1_448' title='bbox 1620 3850 1673 3896; x_wconf 81' lang='lat' dir='ltr'><strong>et</strong></span> <span class='ocrx_word' id='word_1_449' title='bbox 1706 3843 1759 3897; x_wconf 90' lang='lat' dir='ltr'><strong>in</strong></span> <span class='ocrx_word' id='word_1_450' title='bbox 1796 3842 1986 3914; x_wconf 86' lang='lat' dir='ltr'><strong>primis</strong></span> <span class='ocrx_word' id='word_1_451' title='bbox 2022 3854 2035 3893; x_wconf 87' lang='lat'><strong>:</strong></span> 
     </span>
    </p>
   </div>
   <div class='ocr_carea' id='block_1_66' title="bbox 461 3932 1576 4011">
    <p class='ocr_par' dir='ltr' id='par_1_66' title="bbox 461 3932 1576 4011">
     <span class='ocr_line' id='line_1_66' title="bbox 461 3932 1576 4011; baseline -0.01 -11"><span class='ocrx_word' id='word_1_452' title='bbox 461 3944 688 4001; x_wconf 89' lang='lat' dir='ltr'><strong>Donasti</strong></span> <span class='ocrx_word' id='word_1_453' title='bbox 720 3943 895 4007; x_wconf 88' lang='lat' dir='ltr'><strong>illum,</strong></span> <span class='ocrx_word' id='word_1_454' title='bbox 931 3941 1133 4011; x_wconf 79' lang='lat' dir='ltr'><strong>inquit,</strong></span> <span class='ocrx_word' id='word_1_455' title='bbox 1166 3932 1371 3994; x_wconf 86' lang='lat' dir='ltr'><strong>corona</strong></span> <span class='ocrx_word' id='word_1_456' title='bbox 1402 3936 1576 4008; x_wconf 80' lang='lat' dir='ltr'><strong>regia.</strong></span> 
     </span>
    </p>
   </div>
   <div class='ocr_carea' id='block_1_67' title="bbox 533 4025 2037 4102">
    <p class='ocr_par' dir='ltr' id='par_1_67' title="bbox 533 4025 2037 4102">
     <span class='ocr_line' id='line_1_67' title="bbox 533 4025 2037 4102; baseline -0.009 -8"><span class='ocrx_word' id='word_1_457' title='bbox 533 4037 699 4094; x_wconf 76' lang='lat' dir='ltr'><strong>Vens.</strong></span> <span class='ocrx_word' id='word_1_458' title='bbox 726 4035 779 4091; x_wconf 87' lang='lat'><strong>5.</strong></span> <span class='ocrx_word' id='word_1_459' title='bbox 818 4034 997 4089; x_wconf 85' lang='lat' dir='ltr'><strong>Vitam</strong></span> <span class='ocrx_word' id='word_1_460' title='bbox 1030 4034 1183 4102; x_wconf 81' lang='lat' dir='ltr'><strong>petiit</strong></span> <span class='ocrx_word' id='word_1_461' title='bbox 1219 4049 1250 4086; x_wconf 92' lang='lat' dir='ltr'><strong>a</strong></span> <span class='ocrx_word' id='word_1_462' title='bbox 1285 4040 1353 4096; x_wconf 87' lang='lat' dir='ltr'><strong>te,</strong></span> <span class='ocrx_word' id='word_1_463' title='bbox 1378 4039 1427 4085; x_wconf 85' lang='lat' dir='ltr'><strong>et</strong></span> <span class='ocrx_word' id='word_1_464' title='bbox 1463 4028 1699 4083; x_wconf 83' lang='lat' dir='ltr'><strong>tribuisti</strong></span> <span class='ocrx_word' id='word_1_465' title='bbox 1731 4025 1797 4081; x_wconf 87' lang='lat' dir='ltr'><strong>ei.</strong></span> <span class='ocrx_word' id='word_1_466' title='bbox 1830 4026 1905 4083; x_wconf 77' lang='lat' dir='ltr'><strong>Ut</strong></span> <span class='ocrx_word' id='word_1_467' title='bbox 1938 4040 2037 4081; x_wconf 88' lang='lat' dir='ltr'><strong>ne-</strong></span> 
     </span>
    </p>
   </div>
   <div class='ocr_carea' id='block_1_68' title="bbox 461 4118 2042 4204">
    <p class='ocr_par' dir='ltr' id='par_1_68' title="bbox 461 4118 2042 4204">
     <span class='ocr_line' id='line_1_68' title="bbox 461 4118 2042 4204; baseline -0.009 -17"><span class='ocrx_word' id='word_1_468' title='bbox 461 4150 570 4204; x_wconf 82' lang='lat' dir='ltr'><strong>que</strong></span> <span class='ocrx_word' id='word_1_469' title='bbox 621 4131 689 4186; x_wconf 84' lang='lat' dir='ltr'><strong>ab</strong></span> <span class='ocrx_word' id='word_1_470' title='bbox 747 4128 987 4184; x_wconf 88' lang='lat' dir='ltr'><strong>inimicis</strong></span> <span class='ocrx_word' id='word_1_471' title='bbox 1047 4128 1412 4196; x_wconf 87' lang='lat' dir='ltr'><strong>interemptus</strong></span> <span class='ocrx_word' id='word_1_472' title='bbox 1461 4123 1554 4185; x_wconf 89' lang='lat' dir='ltr'><strong>sit,</strong></span> <span class='ocrx_word' id='word_1_473' title='bbox 1616 4134 1793 4191; x_wconf 89' lang='lat' dir='ltr'><strong>neque.</strong></span> <span class='ocrx_word' id='word_1_474' title='bbox 1848 4118 2042 4173; x_wconf 89' lang='lat' dir='ltr'><strong>morbo</strong></span> 
     </span>
    </p>
   </div>
   <div class='ocr_carea' id='block_1_69' title="bbox 463 4207 2043 4287">
    <p class='ocr_par' dir='ltr' id='par_1_69' title="bbox 463 4207 2043 4287">
     <span class='ocr_line' id='line_1_69' title="bbox 463 4207 2043 4287; baseline -0.008 -12"><span class='ocrx_word' id='word_1_475' title='bbox 463 4219 769 4275; x_wconf 80' lang='lat' dir='ltr'><strong>confectus.</strong></span> <span class='ocrx_word' id='word_1_476' title='bbox 801 4216 1109 4287; x_wconf 87' lang='lat' dir='ltr'><strong>Utrumque</strong></span> <span class='ocrx_word' id='word_1_477' title='bbox 1143 4214 1417 4270; x_wconf 79' lang='lat' dir='ltr'><strong>enimltoc</strong></span> <span class='ocrx_word' id='word_1_478' title='bbox 1455 4224 1711 4267; x_wconf 80' lang='lat' dir='ltr'><strong>sermone</strong></span> <span class='ocrx_word' id='word_1_479' title='bbox 1738 4207 2043 4277; x_wconf 78' lang='lat' dir='ltr'><strong>intelligere</strong></span> 
     </span>
    </p>
   </div>
   <div class='ocr_carea' id='block_1_70' title="bbox 462 4316 745 4370">
    <p class='ocr_par' dir='ltr' id='par_1_70' title="bbox 462 4316 745 4370">
     <span class='ocr_line' id='line_1_70' title="bbox 462 4316 745 4370; baseline -0.004 0"><span class='ocrx_word' id='word_1_480' title='bbox 462 4316 745 4370; x_wconf 79' lang='lat' dir='ltr'><strong>debemus.</strong></span> 
     </span>
    </p>
   </div>
   <div class='ocr_carea' id='block_1_71' title="bbox 535 4395 2047 4475">
    <p class='ocr_par' dir='ltr' id='par_1_71' title="bbox 535 4395 2047 4475">
     <span class='ocr_line' id='line_1_71' title="bbox 535 4395 2047 4475; baseline -0.006 -16"><span class='ocrx_word' id='word_1_481' title='bbox 535 4402 941 4475; x_wconf 83' lang='lat' dir='ltr'><strong>Longitudinem</strong></span> <span class='ocrx_word' id='word_1_482' title='bbox 975 4400 1179 4453; x_wconf 83' lang='lat' dir='ltr'><strong>dierum</strong></span> <span class='ocrx_word' id='word_1_483' title='bbox 1204 4399 1256 4451; x_wconf 89' lang='lat' dir='ltr'><strong>in</strong></span> <span class='ocrx_word' id='word_1_484' title='bbox 1284 4396 1537 4451; x_wconf 67' lang='lat' dir='ltr'><strong>siccatum</strong></span> <span class='ocrx_word' id='word_1_485' title='bbox 1568 4396 1769 4450; x_wconf 74' lang='lat' dir='ltr'><strong>sa&#39;culi.</strong></span> <span class='ocrx_word' id='word_1_486' title='bbox 1802 4395 1919 4451; x_wconf 87' lang='lat' dir='ltr'><strong>Non</strong></span> <span class='ocrx_word' id='word_1_487' title='bbox 1956 4412 2047 4451; x_wconf 85' lang='lat' dir='ltr'><strong>so-</strong></span> 
     </span>
    </p>
   </div>
   <div class='ocr_carea' id='block_1_72' title="bbox 465 4487 2045 4557">
    <p class='ocr_par' dir='ltr' id='par_1_72' title="bbox 465 4487 2045 4557">
     <span class='ocr_line' id='line_1_72' title="bbox 465 4487 2045 4557; baseline -0.007 -5"><span class='ocrx_word' id='word_1_488' title='bbox 465 4502 579 4553; x_wconf 91' lang='lat' dir='ltr'><strong>lum</strong></span> <span class='ocrx_word' id='word_1_489' title='bbox 604 4496 776 4550; x_wconf 77' lang='lat' dir='ltr'><strong>vitam</strong></span> <span class='ocrx_word' id='word_1_490' title='bbox 809 4492 1008 4548; x_wconf 86' lang='lat' dir='ltr'><strong>dedisti</strong></span> <span class='ocrx_word' id='word_1_491' title='bbox 1060 4489 1133 4554; x_wconf 91' lang='lat' dir='ltr'><strong>ei,</strong></span> <span class='ocrx_word' id='word_1_492' title='bbox 1169 4487 1263 4545; x_wconf 90' lang='lat' dir='ltr'><strong>sed</strong></span> <span class='ocrx_word' id='word_1_493' title='bbox 1297 4500 1417 4543; x_wconf 87' lang='lat' dir='ltr'><strong>eam</strong></span> <span class='ocrx_word' id='word_1_494' title='bbox 1454 4489 1618 4543; x_wconf 89' lang='lat' dir='ltr'><strong>etiam</strong></span> <span class='ocrx_word' id='word_1_495' title='bbox 1648 4488 1866 4557; x_wconf 83' lang='lat' dir='ltr'><strong>longam</strong></span> <span class='ocrx_word' id='word_1_496' title='bbox 1906 4503 2045 4557; x_wconf 77' lang='lat' dir='ltr'><strong>pra:-</strong></span> 
     </span>
    </p>
   </div>
   <div class='ocr_carea' id='block_1_73' title="bbox 2137 3295 3721 3371">
    <p class='ocr_par' dir='ltr' id='par_1_73' title="bbox 2137 3295 3721 3371">
     <span class='ocr_line' id='line_1_73' title="bbox 2137 3295 3721 3371; baseline -0.001 -18"><span class='ocrx_word' id='word_1_497' title='bbox 2137 3302 2349 3371; x_wconf 82' lang='grc' dir='ltr'>τήσεως</span> <span class='ocrx_word' id='word_1_498' title='bbox 2384 3300 2697 3369; x_wconf 84' lang='grc' dir='ltr'>εὐεργετῶν</span> <span class='ocrx_word' id='word_1_499' title='bbox 2729 3297 2996 3362; x_wconf 59' lang='grc' dir='ltr'><strong>πολλάκις</strong></span> <span class='ocrx_word' id='word_1_500' title='bbox 3021 3313 3035 3328; x_wconf 92' lang='grc'><strong>·</strong></span> <span class='ocrx_word' id='word_1_501' title='bbox 3061 3296 3317 3365; x_wconf 83' lang='grc' dir='ltr'><strong>εὐλογίαν</strong></span> <span class='ocrx_word' id='word_1_502' title='bbox 3341 3297 3449 3365; x_wconf 82' lang='grc' dir='ltr'>γὰρ</span> <span class='ocrx_word' id='word_1_503' title='bbox 3479 3295 3595 3362; x_wconf 81' lang='grc' dir='ltr'>νῦν,</span> <span class='ocrx_word' id='word_1_504' title='bbox 3616 3296 3721 3365; x_wconf 77' lang='grc' dir='ltr'><strong>τὴν</strong></span> 
     </span>
    </p>
   </div>
   <div class='ocr_carea' id='block_1_74' title="bbox 2141 3386 3724 3463">
    <p class='ocr_par' dir='ltr' id='par_1_74' title="bbox 2141 3386 3724 3463">
     <span class='ocr_line' id='line_1_74' title="bbox 2141 3386 3724 3463; baseline -0.003 -18"><span class='ocrx_word' id='word_1_505' title='bbox 2141 3392 2469 3463; x_wconf 87' lang='grc' dir='ltr'>εὐεργεσίαν</span> <span class='ocrx_word' id='word_1_506' title='bbox 2532 3389 2959 3462; x_wconf 74' lang='grc' dir='ltr'>ὐποληψὸμεθα·</span> <span class='ocrx_word' id='word_1_507' title='bbox 3011 3389 3334 3457; x_wconf 77' lang='grc' dir='ltr'>Εὐλογιαις</span> <span class='ocrx_word' id='word_1_508' title='bbox 3362 3388 3419 3442; x_wconf 85' lang='grc' dir='ltr'>δὲ</span> <span class='ocrx_word' id='word_1_509' title='bbox 3445 3386 3573 3454; x_wconf 82' lang='grc' dir='ltr'>ταῖς</span> <span class='ocrx_word' id='word_1_510' title='bbox 3608 3386 3724 3455; x_wconf 80' lang='grc' dir='ltr'><strong>τῆς</strong></span> 
     </span>
    </p>
   </div>
   <div class='ocr_carea' id='block_1_75' title="bbox 2141 3486 2731 3555">
    <p class='ocr_par' dir='ltr' id='par_1_75' title="bbox 2141 3486 2731 3555">
     <span class='ocr_line' id='line_1_75' title="bbox 2141 3486 2731 3555; baseline 0.003 -18"><span class='ocrx_word' id='word_1_511' title='bbox 2141 3486 2262 3553; x_wconf 81' lang='grc' dir='ltr'><strong>σῆς</strong></span> <span class='ocrx_word' id='word_1_512' title='bbox 2295 3486 2731 3555; x_wconf 78' lang='grc' dir='ltr'><strong>χρηστότητος.</strong></span> 
     </span>
    </p>
   </div>
   <div class='ocr_carea' id='block_1_76' title="bbox 2220 3749 3727 3821">
    <p class='ocr_par' dir='ltr' id='par_1_76' title="bbox 2220 3749 3727 3821">
     <span class='ocr_line' id='line_1_76' title="bbox 2220 3749 3727 3821; baseline 0.001 -14"><span class='ocrx_word' id='word_1_513' title='bbox 2220 3753 2486 3821; x_wconf 79' lang='grc' dir='ltr'><strong>Ἐθηκας</strong></span> <span class='ocrx_word' id='word_1_514' title='bbox 2527 3751 2625 3805; x_wconf 77' lang='grc' dir='ltr'><strong>ἐπὶ</strong></span> <span class='ocrx_word' id='word_1_515' title='bbox 2660 3752 2775 3817; x_wconf 75' lang='grc' dir='ltr'><strong>τὴν</strong></span> <span class='ocrx_word' id='word_1_516' title='bbox 2797 3749 3079 3820; x_wconf 65' lang='grc' dir='ltr'><strong>κεφαλὴν</strong></span> <span class='ocrx_word' id='word_1_517' title='bbox 3100 3751 3285 3805; x_wconf 78' lang='grc' dir='ltr'>αὐτοῦ</span> <span class='ocrx_word' id='word_1_518' title='bbox 3315 3750 3622 3821; x_wconf 61' lang='grc' dir='ltr'><strong>στέφανον</strong></span> <span class='ocrx_word' id='word_1_519' title='bbox 3650 3753 3727 3809; x_wconf 74' lang='grc' dir='ltr'><strong><em>ἐκ</em></strong></span> 
     </span>
    </p>
   </div>
   <div class='ocr_carea' id='block_1_77' title="bbox 2143 3844 3730 3919">
    <p class='ocr_par' dir='ltr' id='par_1_77' title="bbox 2143 3844 3730 3919">
     <span class='ocr_line' id='line_1_77' title="bbox 2143 3844 3730 3919; baseline -0.004 -14"><span class='ocrx_word' id='word_1_520' title='bbox 2143 3852 2323 3905; x_wconf 74' lang='grc' dir='ltr'>,ιίοου</span> <span class='ocrx_word' id='word_1_521' title='bbox 2371 3848 2591 3917; x_wconf 80' lang='grc' dir='ltr'><strong>τιμίου.</strong></span> <span class='ocrx_word' id='word_1_522' title='bbox 2642 3846 2953 3915; x_wconf 81' lang='grc' dir='ltr'>Καταλέγει</span> <span class='ocrx_word' id='word_1_523' title='bbox 2984 3844 3084 3907; x_wconf 82' lang='grc' dir='ltr'>τὰς</span> <span class='ocrx_word' id='word_1_524' title='bbox 3122 3846 3468 3917; x_wconf 78' lang='grc' dir='ltr'>εὐεργεσίας,</span> <span class='ocrx_word' id='word_1_525' title='bbox 3497 3847 3578 3900; x_wconf 81' lang='grc' dir='ltr'><strong>ὅτι</strong></span> <span class='ocrx_word' id='word_1_526' title='bbox 3617 3847 3730 3919; x_wconf 65' lang='grc' dir='ltr'>πρὸ</span> 
     </span>
    </p>
   </div>
   <div class='ocr_carea' id='block_1_78' title="bbox 2147 3936 3441 4012">
    <p class='ocr_par' dir='ltr' id='par_1_78' title="bbox 2147 3936 3441 4012">
     <span class='ocr_line' id='line_1_78' title="bbox 2147 3936 3441 4012; baseline -0.002 -17"><span class='ocrx_word' id='word_1_527' title='bbox 2147 3945 2367 3995; x_wconf 76' lang='grc' dir='ltr'>πάντων</span> <span class='ocrx_word' id='word_1_528' title='bbox 2397 3940 2640 4012; x_wconf 75' lang='grc' dir='ltr'>ἐχαρίσω</span> <span class='ocrx_word' id='word_1_529' title='bbox 2664 3939 2724 3991; x_wconf 82' lang='grc' dir='ltr'>τδ</span> <span class='ocrx_word' id='word_1_530' title='bbox 2751 3938 2988 4009; x_wconf 80' lang='grc' dir='ltr'>διάδημα</span> <span class='ocrx_word' id='word_1_531' title='bbox 3016 3936 3114 3991; x_wconf 76' lang='grc' dir='ltr'>τοῦ</span> <span class='ocrx_word' id='word_1_532' title='bbox 3145 3938 3441 4009; x_wconf 49' lang='grc' dir='ltr'>βασιλέως.</span> 
     </span>
    </p>
   </div>
   <div class='ocr_carea' id='block_1_79' title="bbox 2217 4018 3728 4102">
    <p class='ocr_par' dir='ltr' id='par_1_79' title="bbox 2217 4018 3728 4102">
     <span class='ocr_line' id='line_1_79' title="bbox 2217 4018 3728 4102; baseline -0.001 -16"><span class='ocrx_word' id='word_1_533' title='bbox 2217 4032 2391 4101; x_wconf 72' lang='grc' dir='ltr'><strong>Ζωὴν</strong></span> <span class='ocrx_word' id='word_1_534' title='bbox 2417 4033 2691 4101; x_wconf 81' lang='grc' dir='ltr'><strong>ᾐτήσατό</strong></span> <span class='ocrx_word' id='word_1_535' title='bbox 2712 4048 2813 4086; x_wconf 83' lang='grc' dir='ltr'><strong>σοι</strong></span> <span class='ocrx_word' id='word_1_536' title='bbox 2835 4031 2931 4086; x_wconf 79' lang='grc' dir='ltr'><strong>καὶ</strong></span> <span class='ocrx_word' id='word_1_537' title='bbox 2951 4031 3182 4098; x_wconf 78' lang='grc' dir='ltr'>ἔδωκας</span> <span class='ocrx_word' id='word_1_538' title='bbox 3208 4031 3560 4097; x_wconf 82' lang='grc' dir='ltr'>αὐτῴ.Ὣστε</span> <span class='ocrx_word' id='word_1_539' title='bbox 3585 4018 3728 4102; x_wconf 68' lang='grc' dir='ltr'>μήτε</span> 
     </span>
    </p>
   </div>
   <div class='ocr_carea' id='block_1_80' title="bbox 2147 4122 3730 4197">
    <p class='ocr_par' dir='ltr' id='par_1_80' title="bbox 2147 4122 3730 4197">
     <span class='ocr_line' id='line_1_80' title="bbox 2147 4122 3730 4197; baseline 0.001 -19"><span class='ocrx_word' id='word_1_540' title='bbox 2147 4125 2238 4178; x_wconf 78' lang='grc' dir='ltr'>ὐπ’</span> <span class='ocrx_word' id='word_1_541' title='bbox 2266 4122 2500 4196; x_wconf 74' lang='grc' dir='ltr'>ἐχθρῶν,</span> <span class='ocrx_word' id='word_1_542' title='bbox 2542 4124 2682 4195; x_wconf 83' lang='grc' dir='ltr'>μήτε</span> <span class='ocrx_word' id='word_1_543' title='bbox 2715 4122 2821 4176; x_wconf 79' lang='grc' dir='ltr'><strong>ὐπὸ</strong></span> <span class='ocrx_word' id='word_1_544' title='bbox 2847 4123 3023 4178; x_wconf 84' lang='grc' dir='ltr'>νόσων</span> <span class='ocrx_word' id='word_1_545' title='bbox 3050 4122 3369 4180; x_wconf 67' lang='grc' dir='ltr'>ἀποθανεῖν.</span> <span class='ocrx_word' id='word_1_546' title='bbox 3415 4125 3730 4197; x_wconf 79' lang='grc' dir='ltr'>’Λμφότερα</span> 
     </span>
    </p>
   </div>
   <div class='ocr_carea' id='block_1_81' title="bbox 2147 4217 2840 4290">
    <p class='ocr_par' dir='ltr' id='par_1_81' title="bbox 2147 4217 2840 4290">
     <span class='ocr_line' id='line_1_81' title="bbox 2147 4217 2840 4290; baseline 0 -18"><span class='ocrx_word' id='word_1_547' title='bbox 2147 4218 2258 4290; x_wconf 80' lang='grc' dir='ltr'>γὰρ</span> <span class='ocrx_word' id='word_1_548' title='bbox 2285 4217 2523 4273; x_wconf 78' lang='grc' dir='ltr'>ἐνταῦθα</span> <span class='ocrx_word' id='word_1_549' title='bbox 2548 4219 2840 4289; x_wconf 81' lang='grc' dir='ltr'>νοήσομεν.</span> 
     </span>
    </p>
   </div>
   <div class='ocr_carea' id='block_1_82' title="bbox 2222 4391 3735 4465">
    <p class='ocr_par' dir='ltr' id='par_1_82' title="bbox 2222 4391 3735 4465">
     <span class='ocr_line' id='line_1_82' title="bbox 2222 4391 3735 4465; baseline -0.003 -12"><span class='ocrx_word' id='word_1_550' title='bbox 2222 4398 2579 4462; x_wconf 77' lang='grc' dir='ltr'>Μακρότητα</span> <span class='ocrx_word' id='word_1_551' title='bbox 2609 4391 2851 4465; x_wconf 73' lang='grc' dir='ltr'>ἡμερῶν</span> <span class='ocrx_word' id='word_1_552' title='bbox 2875 4396 2962 4460; x_wconf 75' lang='grc' dir='ltr'>εἷς</span> <span class='ocrx_word' id='word_1_553' title='bbox 2994 4393 3178 4447; x_wconf 72' lang='grc' dir='ltr'>αιῶνα</span> <span class='ocrx_word' id='word_1_554' title='bbox 3198 4396 3433 4459; x_wconf 70' lang='grc' dir='ltr'><strong>αἰῶνος.</strong></span> <span class='ocrx_word' id='word_1_555' title='bbox 3461 4395 3536 4447; x_wconf 84' lang='grc' dir='ltr'>Οὐ</span> <span class='ocrx_word' id='word_1_556' title='bbox 3556 4396 3735 4462; x_wconf 60' lang='grc' dir='ltr'><strong>,μόνον</strong></span> 
     </span>
    </p>
   </div>
   <div class='ocr_carea' id='block_1_83' title="bbox 2153 4484 3741 4556">
    <p class='ocr_par' dir='ltr' id='par_1_83' title="bbox 2153 4484 3741 4556">
     <span class='ocr_line' id='line_1_83' title="bbox 2153 4484 3741 4556; baseline -0.001 -13"><span class='ocrx_word' id='word_1_557' title='bbox 2153 4489 2340 4552; x_wconf 77' lang='grc' dir='ltr'>ἅπλῶς</span> <span class='ocrx_word' id='word_1_558' title='bbox 2378 4486 2549 4555; x_wconf 75' lang='grc' dir='ltr'>ζωὴν,</span> <span class='ocrx_word' id='word_1_559' title='bbox 2575 4486 2713 4541; x_wconf 76' lang='grc' dir='ltr'><strong>ἀλλὰ</strong></span> <span class='ocrx_word' id='word_1_560' title='bbox 2749 4487 2843 4540; x_wconf 77' lang='grc' dir='ltr'><strong>καὶ</strong></span> <span class='ocrx_word' id='word_1_561' title='bbox 2874 4484 3112 4556; x_wconf 76' lang='grc' dir='ltr'>μακράν.</span> <span class='ocrx_word' id='word_1_562' title='bbox 3144 4484 3218 4538; x_wconf 82' lang='grc' dir='ltr'>Τὸ</span> <span class='ocrx_word' id='word_1_563' title='bbox 3262 4485 3339 4549; x_wconf 83' lang='grc' dir='ltr'><strong>δὲ,</strong></span> <span class='ocrx_word' id='word_1_564' title='bbox 3387 4487 3493 4551; x_wconf 83' lang='grc' dir='ltr'><strong>Εῑς</strong></span> <span class='ocrx_word' id='word_1_565' title='bbox 3546 4485 3741 4542; x_wconf 80' lang='grc' dir='ltr'>αἰῶνα</span> 
     </span>
    </p>
   </div>
   <div class='ocr_carea' id='block_1_84' title="bbox 469 4575 2030 4653">
    <p class='ocr_par' dir='ltr' id='par_1_84' title="bbox 469 4577 2030 4653">
     <span class='ocr_line' id='line_1_84' title="bbox 469 4577 2030 4653; baseline -0.008 -10"><span class='ocrx_word' id='word_1_566' title='bbox 469 4588 684 4644; x_wconf 89' lang='lat' dir='ltr'><strong>stitisti.</strong></span> <span class='ocrx_word' id='word_1_567' title='bbox 718 4585 874 4653; x_wconf 83' lang='lat' dir='ltr'><strong>Quod</strong></span> <span class='ocrx_word' id='word_1_568' title='bbox 922 4597 1051 4638; x_wconf 88' lang='lat' dir='ltr'><strong>vero</strong></span> <span class='ocrx_word' id='word_1_569' title='bbox 1104 4583 1201 4646; x_wconf 85' lang='lat' dir='ltr'><strong>ait,</strong></span> <span class='ocrx_word' id='word_1_570' title='bbox 1240 4579 1307 4635; x_wconf 78' lang='lat' dir='ltr'><strong>In</strong></span> <span class='ocrx_word' id='word_1_571' title='bbox 1341 4579 1597 4635; x_wconf 74' lang='lat' dir='ltr'><strong>sa&#39;culum</strong></span> <span class='ocrx_word' id='word_1_572' title='bbox 1654 4579 1857 4643; x_wconf 75' lang='lat' dir='ltr'><strong>swculi,</strong></span> <span class='ocrx_word' id='word_1_573' title='bbox 1906 4577 2030 4632; x_wconf 88' lang='lat' dir='ltr'><strong>Pro-</strong></span> 
     </span>
    </p>
   </div>
   <div class='ocr_carea' id='block_1_85' title="bbox 2133 4575 3741 4653">
    <p class='ocr_par' dir='ltr' id='par_1_85' title="bbox 2153 4575 3741 4650">
     <span class='ocr_line' id='line_1_85' title="bbox 2153 4575 3741 4650; baseline -0.004 -14"><span class='ocrx_word' id='word_1_574' title='bbox 2153 4581 2389 4647; x_wconf 75' lang='grc' dir='ltr'><strong>αἰῶνος,</strong></span> <span class='ocrx_word' id='word_1_575' title='bbox 2419 4582 2447 4634; x_wconf 90' lang='grc' dir='ltr'>ὁ</span> <span class='ocrx_word' id='word_1_576' title='bbox 2481 4579 2780 4650; x_wconf 79' lang='grc' dir='ltr'><strong>Προφήτης</strong></span> <span class='ocrx_word' id='word_1_577' title='bbox 2810 4576 3017 4648; x_wconf 78' lang='grc' dir='ltr'>κυρίως</span> <span class='ocrx_word' id='word_1_578' title='bbox 3070 4576 3169 4647; x_wconf 80' lang='grc' dir='ltr'><strong>μὲν</strong></span> <span class='ocrx_word' id='word_1_579' title='bbox 3196 4576 3289 4630; x_wconf 71' lang='grc' dir='ltr'><strong>ἐπὶ</strong></span> <span class='ocrx_word' id='word_1_580' title='bbox 3313 4575 3409 4630; x_wconf 84' lang='grc' dir='ltr'><strong>τοῦ</strong></span> <span class='ocrx_word' id='word_1_581' title='bbox 3443 4576 3741 4647; x_wconf 82' lang='grc' dir='ltr'>μέλλοντος</span> 
     </span>
    </p>
   </div>
   <div class='ocr_carea' id='block_1_86' title="bbox 470 4667 2030 4752">
    <p class='ocr_par' dir='ltr' id='par_1_86' title="bbox 470 4669 2028 4752">
     <span class='ocr_line' id='line_1_86' title="bbox 470 4669 2028 4752; baseline -0.008 -18"><span class='ocrx_word' id='word_1_582' title='bbox 470 4681 636 4752; x_wconf 88' lang='lat' dir='ltr'><strong>plteta</strong></span> <span class='ocrx_word' id='word_1_583' title='bbox 665 4676 884 4749; x_wconf 88' lang='lat' dir='ltr'><strong>proprie</strong></span> <span class='ocrx_word' id='word_1_584' title='bbox 918 4675 1004 4729; x_wconf 83' lang='lat' dir='ltr'><strong>Itis</strong></span> <span class='ocrx_word' id='word_1_585' title='bbox 1032 4673 1214 4728; x_wconf 79' lang='lat' dir='ltr'><strong>verbis</strong></span> <span class='ocrx_word' id='word_1_586' title='bbox 1238 4673 1316 4727; x_wconf 91' lang='lat' dir='ltr'><strong>uti</strong></span> <span class='ocrx_word' id='word_1_587' title='bbox 1352 4673 1513 4735; x_wconf 89' lang='lat' dir='ltr'><strong>solet,</strong></span> <span class='ocrx_word' id='word_1_588' title='bbox 1549 4670 1774 4740; x_wconf 83' lang='lat' dir='ltr'><strong>quando</strong></span> <span class='ocrx_word' id='word_1_589' title='bbox 1805 4669 2028 4723; x_wconf 72' lang='lat' dir='ltr'><strong>futurum</strong></span> 
     </span>
    </p>
   </div>
   <div class='ocr_carea' id='block_1_87' title="bbox 2133 4667 3744 4752">
    <p class='ocr_par' dir='ltr' id='par_1_87' title="bbox 2151 4667 3744 4736">
     <span class='ocr_line' id='line_1_87' title="bbox 2151 4667 3744 4736; baseline -0.004 -8"><span class='ocrx_word' id='word_1_590' title='bbox 2151 4676 2245 4728; x_wconf 73' lang='grc' dir='ltr'>καὶ</span> <span class='ocrx_word' id='word_1_591' title='bbox 2267 4671 2612 4727; x_wconf 79' lang='grc' dir='ltr'>ἀκαταλύτου</span> <span class='ocrx_word' id='word_1_592' title='bbox 2642 4669 2842 4732; x_wconf 78' lang='grc' dir='ltr'>αἰῶνος</span> <span class='ocrx_word' id='word_1_593' title='bbox 2883 4667 3101 4736; x_wconf 78' lang='grc' dir='ltr'>τίθησιν</span> <span class='ocrx_word' id='word_1_594' title='bbox 3129 4683 3143 4699; x_wconf 84' lang='grc'>⁶</span> <span class='ocrx_word' id='word_1_595' title='bbox 3180 4667 3298 4720; x_wconf 79' lang='grc' dir='ltr'>ἔστι</span> <span class='ocrx_word' id='word_1_596' title='bbox 3326 4669 3371 4720; x_wconf 79' lang='grc' dir='ltr'>δ’</span> <span class='ocrx_word' id='word_1_597' title='bbox 3402 4667 3489 4721; x_wconf 82' lang='grc' dir='ltr'><strong>ὅτε</strong></span> <span class='ocrx_word' id='word_1_598' title='bbox 3520 4670 3613 4721; x_wconf 80' lang='grc' dir='ltr'>καὶ</span> <span class='ocrx_word' id='word_1_599' title='bbox 3640 4669 3744 4722; x_wconf 73' lang='grc' dir='ltr'>ἐπὶ</span> 
     </span>
    </p>
   </div>
   <div class='ocr_carea' id='block_1_88' title="bbox 471 4759 2030 4842">
    <p class='ocr_par' dir='ltr' id='par_1_88' title="bbox 471 4762 2030 4842">
     <span class='ocr_line' id='line_1_88' title="bbox 471 4762 2030 4842; baseline -0.008 -15"><span class='ocrx_word' id='word_1_600' title='bbox 471 4785 638 4842; x_wconf 81' lang='lat' dir='ltr'><strong>atque</strong></span> <span class='ocrx_word' id='word_1_601' title='bbox 665 4769 989 4825; x_wconf 83' lang='lat' dir='ltr'><strong>indesinens</strong></span> <span class='ocrx_word' id='word_1_602' title='bbox 1026 4764 1291 4831; x_wconf 71' lang='lat' dir='ltr'><strong>saeculum</strong></span> <span class='ocrx_word' id='word_1_603' title='bbox 1346 4762 1635 4834; x_wconf 80' lang='lat' dir='ltr'><strong>designat;</strong></span> <span class='ocrx_word' id='word_1_604' title='bbox 1690 4765 1909 4818; x_wconf 67' lang='lat' dir='ltr'><strong>ta’m&#39;ctsi</strong></span> <span class='ocrx_word' id='word_1_605' title='bbox 1948 4764 2030 4817; x_wconf 48' lang='lat' dir='ltr'><strong>ali.</strong></span> 
     </span>
    </p>
   </div>
   <div class='ocr_carea' id='block_1_89' title="bbox 2133 4759 3743 4842">
    <p class='ocr_par' dir='ltr' id='par_1_89' title="bbox 2150 4759 3743 4837">
     <span class='ocr_line' id='line_1_89' title="bbox 2150 4759 3743 4837; baseline -0.023 2"><span class='ocrx_word' id='word_1_606' title='bbox 2150 4767 2250 4837; x_wconf 62' lang='grc' dir='ltr'><strong>τῆς</strong></span> <span class='ocrx_word' id='word_1_607' title='bbox 2285 4766 2506 4836; x_wconf 65' lang='grc' dir='ltr'><strong>μακρᾶς</strong></span> <span class='ocrx_word' id='word_1_608' title='bbox 2534 4761 2798 4833; x_wconf 78' lang='grc' dir='ltr'>χρονικῆς</span> <span class='ocrx_word' id='word_1_609' title='bbox 2830 4761 3196 4832; x_wconf 83' lang='grc' dir='ltr'>παρατάσεως</span> <span class='ocrx_word' id='word_1_610' title='bbox 3217 4776 3232 4791; x_wconf 78' lang='grc' dir='ltr'>ο</span> <span class='ocrx_word' id='word_1_611' title='bbox 3267 4759 3397 4813; x_wconf 75' lang='grc' dir='ltr'>ποτὲ</span> <span class='ocrx_word' id='word_1_612' title='bbox 3420 4760 3500 4826; x_wconf 82' lang='grc' dir='ltr'><strong>δὲ,</strong></span> <span class='ocrx_word' id='word_1_613' title='bbox 3526 4762 3620 4812; x_wconf 77' lang='grc' dir='ltr'><strong>καὶ</strong></span> <span class='ocrx_word' id='word_1_614' title='bbox 3641 4761 3743 4812; x_wconf 70' lang='grc' dir='ltr'><strong>ἐπὶ</strong></span> 
     </span>
    </p>
   </div>
   <div class='ocr_carea' id='block_1_90' title="bbox 470 4851 2030 4938">
    <p class='ocr_par' dir='ltr' id='par_1_90' title="bbox 470 4855 2024 4938">
     <span class='ocr_line' id='line_1_90' title="bbox 470 4855 2024 4938; baseline -0.008 -18"><span class='ocrx_word' id='word_1_615' title='bbox 470 4864 691 4938; x_wconf 74' lang='lat' dir='ltr'><strong>quando</strong></span> <span class='ocrx_word' id='word_1_616' title='bbox 723 4872 814 4916; x_wconf 90' lang='lat' dir='ltr'><strong>aut</strong></span> <span class='ocrx_word' id='word_1_617' title='bbox 838 4861 1062 4931; x_wconf 87' lang='lat' dir='ltr'><strong>longum</strong></span> <span class='ocrx_word' id='word_1_618' title='bbox 1101 4855 1325 4927; x_wconf 74' lang='lat' dir='ltr'><strong>aliquod</strong></span> <span class='ocrx_word' id='word_1_619' title='bbox 1362 4858 1631 4924; x_wconf 78' lang='lat' dir='ltr'><strong>temporis</strong></span> <span class='ocrx_word' id='word_1_620' title='bbox 1665 4856 1928 4923; x_wconf 90' lang='lat' dir='ltr'><strong>spatium,</strong></span> <span class='ocrx_word' id='word_1_621' title='bbox 1959 4871 2024 4909; x_wconf 87' lang='lat' dir='ltr'><strong>an</strong></span> 
     </span>
    </p>
   </div>
   <div class='ocr_carea' id='block_1_91' title="bbox 2133 4851 3746 4938">
    <p class='ocr_par' dir='ltr' id='par_1_91' title="bbox 2152 4851 3746 4929">
     <span class='ocr_line' id='line_1_91' title="bbox 2152 4851 3746 4929; baseline -0.006 -16"><span class='ocrx_word' id='word_1_622' title='bbox 2152 4859 2246 4913; x_wconf 78' lang='grc' dir='ltr'><strong>τοῦ</strong></span> <span class='ocrx_word' id='word_1_623' title='bbox 2294 4857 2514 4929; x_wconf 76' lang='grc' dir='ltr'>βεϐαίου</span> <span class='ocrx_word' id='word_1_624' title='bbox 2550 4854 2645 4908; x_wconf 79' lang='grc' dir='ltr'>καὶ</span> <span class='ocrx_word' id='word_1_625' title='bbox 2682 4855 3108 4924; x_wconf 82' lang='grc' dir='ltr'>ἀμεταπτὼτου,</span> <span class='ocrx_word' id='word_1_626' title='bbox 3140 4852 3216 4915; x_wconf 84' lang='grc' dir='ltr'>ὡς</span> <span class='ocrx_word' id='word_1_627' title='bbox 3262 4852 3356 4904; x_wconf 74' lang='grc' dir='ltr'><strong>ἐπὶ</strong></span> <span class='ocrx_word' id='word_1_628' title='bbox 3384 4851 3477 4904; x_wconf 80' lang='grc' dir='ltr'><strong>τοῦ</strong></span> <span class='ocrx_word' id='word_1_629' title='bbox 3510 4868 3746 4921; x_wconf 82' lang='grc' dir='ltr'>προκει-</span> 
     </span>
    </p>
   </div>
   <div class='ocr_carea' id='block_1_92' title="bbox 474 4944 2030 5025">
    <p class='ocr_par' dir='ltr' id='par_1_92' title="bbox 474 4945 2030 5025">
     <span class='ocr_line' id='line_1_92' title="bbox 474 4945 2030 5025; baseline -0.009 -10"><span class='ocrx_word' id='word_1_630' title='bbox 474 4961 686 5015; x_wconf 79' lang='lat' dir='ltr'><strong>ﬁrmam</strong></span> <span class='ocrx_word' id='word_1_631' title='bbox 723 4967 886 5025; x_wconf 82' lang='lat' dir='ltr'><strong>atque</strong></span> <span class='ocrx_word' id='word_1_632' title='bbox 924 4948 1321 5008; x_wconf 88' lang='lat' dir='ltr'><strong>immutabilem</strong></span> <span class='ocrx_word' id='word_1_633' title='bbox 1370 4945 1822 5000; x_wconf 83' lang='lat' dir='ltr'><strong>deliberationem</strong></span> <span class='ocrx_word' id='word_1_634' title='bbox 1864 4947 2030 5002; x_wconf 86' lang='lat' dir='ltr'><strong>coden</strong></span> 
     </span>
    </p>
   </div>
   <div class='ocr_carea' id='block_1_93' title="bbox 2133 4944 3743 5025">
    <p class='ocr_par' dir='ltr' id='par_1_93' title="bbox 2160 4944 3743 5023">
     <span class='ocr_line' id='line_1_93' title="bbox 2160 4944 3743 5023; baseline -0.008 -16"><span class='ocrx_word' id='word_1_635' title='bbox 2160 4954 2323 5023; x_wconf 82' lang='grc' dir='ltr'>μένου</span> <span class='ocrx_word' id='word_1_636' title='bbox 2347 4967 2359 4983; x_wconf 85' lang='grc'>·</span> <span class='ocrx_word' id='word_1_637' title='bbox 2392 4945 2503 5004; x_wconf 77' lang='grc' dir='ltr'>οἷον</span> <span class='ocrx_word' id='word_1_638' title='bbox 2524 4965 2538 4979; x_wconf 82' lang='grc'><em>’</em></span> <span class='ocrx_word' id='word_1_639' title='bbox 2555 4949 2804 5009; x_wconf 76' lang='grc' dir='ltr'>Ἕδωκας</span> <span class='ocrx_word' id='word_1_640' title='bbox 2832 4944 2983 5015; x_wconf 85' lang='grc' dir='ltr'>αὐτῷ</span> <span class='ocrx_word' id='word_1_641' title='bbox 3004 4944 3175 5016; x_wconf 76' lang='grc' dir='ltr'>ζωὴν,</span> <span class='ocrx_word' id='word_1_642' title='bbox 3197 4945 3293 4999; x_wconf 72' lang='grc' dir='ltr'><strong>καὶ</strong></span> <span class='ocrx_word' id='word_1_643' title='bbox 3315 4945 3460 5013; x_wconf 73' lang='grc' dir='ltr'>ζωὴν</span> <span class='ocrx_word' id='word_1_644' title='bbox 3489 4946 3743 5014; x_wconf 70' lang='grc' dir='ltr'>μακρὰν,</span> 
     </span>
    </p>
   </div>
   <div class='ocr_carea' id='block_1_94' title="bbox 472 5033 2030 5113">
    <p class='ocr_par' dir='ltr' id='par_1_94' title="bbox 472 5033 2023 5108">
     <span class='ocr_line' id='line_1_94' title="bbox 472 5033 2023 5108; baseline -0.01 0"><span class='ocrx_word' id='word_1_645' title='bbox 472 5063 733 5108; x_wconf 87' lang='lat' dir='ltr'><strong>sermone</strong></span> <span class='ocrx_word' id='word_1_646' title='bbox 774 5047 1137 5107; x_wconf 86' lang='lat' dir='ltr'><strong>demonstret,</strong></span> <span class='ocrx_word' id='word_1_647' title='bbox 1178 5049 1239 5095; x_wconf 86' lang='lat' dir='ltr'><strong>ut</strong></span> <span class='ocrx_word' id='word_1_648' title='bbox 1276 5042 1379 5093; x_wconf 83' lang='lat' dir='ltr'><strong>hoc</strong></span> <span class='ocrx_word' id='word_1_649' title='bbox 1429 5037 1484 5090; x_wconf 89' lang='lat' dir='ltr'><strong>in</strong></span> <span class='ocrx_word' id='word_1_650' title='bbox 1516 5035 1636 5091; x_wconf 83' lang='lat' dir='ltr'><strong>loco</strong></span> <span class='ocrx_word' id='word_1_651' title='bbox 1670 5053 1683 5089; x_wconf 90' lang='lat'><strong>:</strong></span> <span class='ocrx_word' id='word_1_652' title='bbox 1715 5033 2023 5095; x_wconf 77' lang='lat' dir='ltr'><strong>Tu‘dedisti</strong></span> 
     </span>
    </p>
   </div>
   <div class='ocr_carea' id='block_1_95' title="bbox 2133 5033 3745 5113">
    <p class='ocr_par' dir='ltr' id='par_1_95' title="bbox 2159 5034 3745 5113">
     <span class='ocr_line' id='line_1_95' title="bbox 2159 5034 3745 5113; baseline -0.005 -17"><span class='ocrx_word' id='word_1_653' title='bbox 2159 5045 2254 5097; x_wconf 74' lang='grc' dir='ltr'>καὶ</span> <span class='ocrx_word' id='word_1_654' title='bbox 2293 5042 2616 5113; x_wconf 78' lang='grc' dir='ltr'>μακρότητα</span> <span class='ocrx_word' id='word_1_655' title='bbox 2647 5036 2870 5109; x_wconf 76' lang='grc' dir='ltr'>ἡμερῶν</span> <span class='ocrx_word' id='word_1_656' title='bbox 2906 5034 3155 5105; x_wconf 80' lang='grc' dir='ltr'>βεὸαίαν.</span> <span class='ocrx_word' id='word_1_657' title='bbox 3206 5035 3267 5087; x_wconf 77' lang='lat' dir='ltr'><strong>Et</strong></span> <span class='ocrx_word' id='word_1_658' title='bbox 3294 5034 3352 5087; x_wconf 80' lang='grc' dir='ltr'>δὲ</span> <span class='ocrx_word' id='word_1_659' title='bbox 3385 5035 3481 5088; x_wconf 76' lang='grc' dir='ltr'>καὶ</span> <span class='ocrx_word' id='word_1_660' title='bbox 3511 5034 3597 5086; x_wconf 85' lang='grc' dir='ltr'>διὰ</span> <span class='ocrx_word' id='word_1_661' title='bbox 3638 5035 3745 5105; x_wconf 82' lang='grc' dir='ltr'>τὴν</span> 
     </span>
    </p>
   </div>
   <div class='ocr_carea' id='block_1_96' title="bbox 469 5124 2030 5216">
    <p class='ocr_par' dir='ltr' id='par_1_96' title="bbox 469 5124 2030 5216">
     <span class='ocr_line' id='line_1_96' title="bbox 469 5124 2030 5216; baseline -0.016 -16"><span class='ocrx_word' id='word_1_662' title='bbox 469 5144 674 5216; x_wconf 77' lang='lat' dir='ltr'><strong>inquit,</strong></span> <span class='ocrx_word' id='word_1_663' title='bbox 731 5142 780 5197; x_wconf 88' lang='lat' dir='ltr'><strong>ei</strong></span> <span class='ocrx_word' id='word_1_664' title='bbox 809 5141 1003 5205; x_wconf 88' lang='lat' dir='ltr'><strong>vitam,</strong></span> <span class='ocrx_word' id='word_1_665' title='bbox 1036 5138 1231 5200; x_wconf 83' lang='lat' dir='ltr'><strong>vitam,</strong></span> <span class='ocrx_word' id='word_1_666' title='bbox 1290 5135 1543 5200; x_wconf 86' lang='lat' dir='ltr'><strong>inquam,</strong></span> <span class='ocrx_word' id='word_1_667' title='bbox 1573 5124 1817 5201; x_wconf 84' lang='lat' dir='ltr'><strong>longam,</strong></span> <span class='ocrx_word' id='word_1_668' title='bbox 1848 5132 2030 5186; x_wconf 75' lang='grc' dir='ltr'>ειίοη.</span> 
     </span>
    </p>
   </div>
   <div class='ocr_carea' id='block_1_97' title="bbox 2133 5124 3585 5216">
    <p class='ocr_par' dir='ltr' id='par_1_97' title="bbox 2161 5124 3585 5200">
     <span class='ocr_line' id='line_1_97' title="bbox 2161 5124 3585 5200; baseline -0.008 -9"><span class='ocrx_word' id='word_1_669' title='bbox 2161 5134 2380 5191; x_wconf 77' lang='grc' dir='ltr'>αἰώνιον</span> <span class='ocrx_word' id='word_1_670' title='bbox 2403 5132 2555 5199; x_wconf 77' lang='grc' dir='ltr'>λέγει</span> <span class='ocrx_word' id='word_1_671' title='bbox 2586 5129 2753 5200; x_wconf 76' lang='grc' dir='ltr'>ζωὴν,</span> <span class='ocrx_word' id='word_1_672' title='bbox 2789 5127 2909 5181; x_wconf 86' lang='grc' dir='ltr'>οὐδὲ</span> <span class='ocrx_word' id='word_1_673' title='bbox 2936 5126 3100 5180; x_wconf 81' lang='grc' dir='ltr'>τοῦτο</span> <span class='ocrx_word' id='word_1_674' title='bbox 3136 5125 3326 5199; x_wconf 73' lang='grc' dir='ltr'>πόρῤω</span> <span class='ocrx_word' id='word_1_675' title='bbox 3357 5124 3585 5180; x_wconf 80' lang='grc' dir='ltr'>σκοποῦ.</span> 
     </span>
    </p>
   </div>
   <div class='ocr_carea' id='block_1_98' title="bbox 473 5217 2030 5309">
    <p class='ocr_par' dir='ltr' id='par_1_98' title="bbox 473 5220 2030 5309">
     <span class='ocr_line' id='line_1_98' title="bbox 473 5220 2030 5309; baseline -0.008 -16"><span class='ocrx_word' id='word_1_676' title='bbox 473 5237 776 5309; x_wconf 73' lang='lat' dir='ltr'><strong>gitutlinem</strong></span> <span class='ocrx_word' id='word_1_677' title='bbox 804 5233 1014 5287; x_wconf 85' lang='lat' dir='ltr'><strong>dierum</strong></span> <span class='ocrx_word' id='word_1_678' title='bbox 1054 5228 1264 5281; x_wconf 77' lang='lat' dir='ltr'><strong>firmam</strong></span> <span class='ocrx_word' id='word_1_679' title='bbox 1302 5236 1364 5276; x_wconf 85' lang='lat' dir='ltr'><strong>ac</strong></span> <span class='ocrx_word' id='word_1_680' title='bbox 1399 5220 1673 5276; x_wconf 86' lang='lat' dir='ltr'><strong>stabtlem.</strong></span> <span class='ocrx_word' id='word_1_681' title='bbox 1703 5220 1816 5279; x_wconf 80' lang='lat' dir='ltr'><strong>Nec</strong></span> <span class='ocrx_word' id='word_1_682' title='bbox 1860 5236 2030 5282; x_wconf 78' lang='lat' dir='ltr'><strong>tamen</strong></span> 
     </span>
    </p>
   </div>
   <div class='ocr_carea' id='block_1_99' title="bbox 2133 5217 3744 5309">
    <p class='ocr_par' dir='ltr' id='par_1_99' title="bbox 2133 5217 3744 5289">
     <span class='ocr_line' id='line_1_99' title="bbox 2133 5217 3744 5289; baseline -0.01 -5"><span class='ocrx_word' id='word_1_683' title='bbox 2133 5245 2159 5283; x_wconf 78' lang='grc'><strong><em>›</em></strong></span> <span class='ocrx_word' id='word_1_684' title='bbox 2192 5244 2251 5283; x_wconf 89' lang='lat' dir='ltr'><strong>re</strong></span> <span class='ocrx_word' id='word_1_685' title='bbox 2286 5225 2473 5287; x_wconf 78' lang='lat' dir='ltr'><strong>fuerit,</strong></span> <span class='ocrx_word' id='word_1_686' title='bbox 2508 5223 2553 5277; x_wconf 88' lang='lat' dir='ltr'><strong>si</strong></span> <span class='ocrx_word' id='word_1_687' title='bbox 2590 5221 2757 5276; x_wconf 82' lang='lat' dir='ltr'><strong>verba</strong></span> <span class='ocrx_word' id='word_1_688' title='bbox 2790 5219 2931 5283; x_wconf 67' lang='lat' dir='ltr'><strong>haec,</strong></span> <span class='ocrx_word' id='word_1_689' title='bbox 2953 5225 3177 5289; x_wconf 83' lang='lat' dir='ltr'><strong>propter</strong></span> <span class='ocrx_word' id='word_1_690' title='bbox 3236 5229 3493 5270; x_wconf 75' lang='lat' dir='ltr'><strong>mternam</strong></span> <span class='ocrx_word' id='word_1_691' title='bbox 3569 5217 3744 5269; x_wconf 87' lang='lat' dir='ltr'><strong>vitam</strong></span> 
     </span>
    </p>
   </div>
   <div class='ocr_carea' id='block_1_100' title="bbox 476 5323 3459 5390">
    <p class='ocr_par' dir='ltr' id='par_1_100' title="bbox 476 5323 3459 5390">
     <span class='ocr_line' id='line_1_100' title="bbox 476 5323 3459 5390; baseline -0.028 0"><span class='ocrx_word' id='word_1_692' title='bbox 476 5335 620 5390; x_wconf 86' lang='lat' dir='ltr'><strong>dicta</strong></span> <span class='ocrx_word' id='word_1_693' title='bbox 655 5330 827 5384; x_wconf 81' lang='lat' dir='ltr'><strong>fuisse</strong></span> <span class='ocrx_word' id='word_1_694' title='bbox 867 5323 1181 5379; x_wconf 83' lang='lat' dir='ltr'><strong>credantur.</strong></span> <span class='ocrx_word' id='word_1_695' title='bbox 3456 5370 3459 5373; x_wconf 14' lang='grc' dir='ltr'>Ἴ</span> 
     </span>
    </p>
   </div>
   <div class='ocr_carea' id='block_1_101' title="bbox 548 5392 2030 5486">
    <p class='ocr_par' dir='ltr' id='par_1_101' title="bbox 548 5406 2030 5486">
     <span class='ocr_line' id='line_1_101' title="bbox 548 5406 2030 5486; baseline -0.013 -7"><span class='ocrx_word' id='word_1_696' title='bbox 548 5422 718 5479; x_wconf 75' lang='lat' dir='ltr'><strong>Vsus.</strong></span> <span class='ocrx_word' id='word_1_697' title='bbox 755 5419 809 5474; x_wconf 87' lang='grc'><strong>6.</strong></span> <span class='ocrx_word' id='word_1_698' title='bbox 855 5415 1055 5486; x_wconf 80' lang='lat' dir='ltr'><strong>Magna</strong></span> <span class='ocrx_word' id='word_1_699' title='bbox 1105 5422 1182 5465; x_wconf 85' lang='lat' dir='ltr'><strong>est</strong></span> <span class='ocrx_word' id='word_1_700' title='bbox 1219 5408 1396 5479; x_wconf 80' lang='lat' dir='ltr'><strong>gloria</strong></span> <span class='ocrx_word' id='word_1_701' title='bbox 1422 5406 1539 5477; x_wconf 84' lang='lat' dir='ltr'><strong>ejus</strong></span> <span class='ocrx_word' id='word_1_702' title='bbox 1572 5406 1624 5459; x_wconf 86' lang='lat' dir='ltr'><strong>in</strong></span> <span class='ocrx_word' id='word_1_703' title='bbox 1671 5406 1900 5461; x_wconf 71' lang='lat' dir='ltr'><strong>salutari</strong></span> <span class='ocrx_word' id='word_1_704' title='bbox 1941 5420 2030 5461; x_wconf 74' lang='lat' dir='ltr'><strong>tua</strong></span> 
     </span>
    </p>
   </div>
   <div class='ocr_carea' id='block_1_102' title="bbox 2133 5392 3743 5486">
    <p class='ocr_par' dir='ltr' id='par_1_102' title="bbox 2234 5392 3743 5473">
     <span class='ocr_line' id='line_1_102' title="bbox 2234 5392 3743 5473; baseline -0.01 -12"><span class='ocrx_word' id='word_1_705' title='bbox 2234 5402 2478 5473; x_wconf 70' lang='grc' dir='ltr'><strong>Μεγάλη</strong></span> <span class='ocrx_word' id='word_1_706' title='bbox 2510 5402 2547 5466; x_wconf 84' lang='grc' dir='ltr'><strong><em>ἡ</em></strong></span> <span class='ocrx_word' id='word_1_707' title='bbox 2587 5398 2739 5463; x_wconf 78' lang='grc' dir='ltr'>δόξα</span> <span class='ocrx_word' id='word_1_708' title='bbox 2785 5393 2973 5451; x_wconf 79' lang='grc' dir='ltr'>αὐτοῦ</span> <span class='ocrx_word' id='word_1_709' title='bbox 3014 5394 3084 5448; x_wconf 85' lang='grc' dir='ltr'><strong>ἐν</strong></span> <span class='ocrx_word' id='word_1_710' title='bbox 3144 5392 3225 5459; x_wconf 87' lang='grc' dir='ltr'><strong>τῷ</strong></span> <span class='ocrx_word' id='word_1_711' title='bbox 3277 5393 3548 5461; x_wconf 69' lang='grc' dir='ltr'>σωτηρίῳ</span> <span class='ocrx_word' id='word_1_712' title='bbox 3597 5408 3743 5447; x_wconf 83' lang='grc' dir='ltr'>σου.</span> 
     </span>
    </p>
   </div>
   <div class='ocr_carea' id='block_1_103' title="bbox 478 5485 2030 5573">
    <p class='ocr_par' dir='ltr' id='par_1_103' title="bbox 478 5485 2030 5573">
     <span class='ocr_line' id='line_1_103' title="bbox 478 5485 2030 5573; baseline -0.018 0"><span class='ocrx_word' id='word_1_713' title='bbox 478 5518 605 5573; x_wconf 81' lang='lat' dir='ltr'><strong>Post</strong></span> <span class='ocrx_word' id='word_1_714' title='bbox 634 5514 882 5567; x_wconf 87' lang='lat' dir='ltr'><strong>divinum</strong></span> <span class='ocrx_word' id='word_1_715' title='bbox 922 5485 1023 5563; x_wconf 82' lang='lat' dir='ltr'><strong>hoc</strong></span> <span class='ocrx_word' id='word_1_716' title='bbox 1080 5502 1346 5557; x_wconf 81' lang='lat' dir='ltr'><strong>auxilium</strong></span> <span class='ocrx_word' id='word_1_717' title='bbox 1408 5509 1461 5553; x_wconf 89' lang='lat' dir='ltr'><strong>et</strong></span> <span class='ocrx_word' id='word_1_718' title='bbox 1507 5498 1832 5553; x_wconf 81' lang='lat' dir='ltr'><strong>beneﬁcium</strong></span> <span class='ocrx_word' id='word_1_719' title='bbox 1887 5514 1915 5552; x_wconf 90' lang='lat' dir='ltr'><strong>a</strong></span> <span class='ocrx_word' id='word_1_720' title='bbox 1951 5500 2030 5552; x_wconf 48' lang='lat' dir='ltr'><strong>Det</strong></span> 
     </span>
    </p>
   </div>
   <div class='ocr_carea' id='block_1_104' title="bbox 2133 5485 3743 5573">
    <p class='ocr_par' dir='ltr' id='par_1_104' title="bbox 2160 5485 3743 5565">
     <span class='ocr_line' id='line_1_104' title="bbox 2160 5485 3743 5565; baseline -0.013 -10"><span class='ocrx_word' id='word_1_721' title='bbox 2160 5499 2317 5556; x_wconf 81' lang='grc' dir='ltr'><strong>Μετὰ</strong></span> <span class='ocrx_word' id='word_1_722' title='bbox 2360 5496 2470 5565; x_wconf 86' lang='grc' dir='ltr'>γὰρ</span> <span class='ocrx_word' id='word_1_723' title='bbox 2522 5492 2620 5563; x_wconf 78' lang='grc' dir='ltr'>τὴν</span> <span class='ocrx_word' id='word_1_724' title='bbox 2669 5490 2819 5543; x_wconf 80' lang='grc' dir='ltr'>θείαν</span> <span class='ocrx_word' id='word_1_725' title='bbox 2876 5487 3197 5558; x_wconf 72' lang='grc' dir='ltr'>συμμαχίαν</span> <span class='ocrx_word' id='word_1_726' title='bbox 3250 5486 3345 5539; x_wconf 74' lang='grc' dir='ltr'>καὶ</span> <span class='ocrx_word' id='word_1_727' title='bbox 3395 5485 3743 5556; x_wconf 77' lang='grc' dir='ltr'>εὐεργεσίαν,</span> 
     </span>
    </p>
   </div>
   <div class='ocr_carea' id='block_1_105' title="bbox 480 5576 2030 5677">
    <p class='ocr_par' dir='ltr' id='par_1_105' title="bbox 480 5592 2030 5677">
     <span class='ocr_line' id='line_1_105' title="bbox 480 5592 2030 5677; baseline -0.015 -12"><span class='ocrx_word' id='word_1_728' title='bbox 480 5617 791 5677; x_wconf 82' lang='lat' dir='ltr'><strong>acceptum,</strong></span> <span class='ocrx_word' id='word_1_729' title='bbox 846 5613 1105 5671; x_wconf 82' lang='lat' dir='ltr'><strong>magnus,</strong></span> <span class='ocrx_word' id='word_1_730' title='bbox 1155 5593 1398 5656; x_wconf 87' lang='lat' dir='ltr'><strong>celeber,</strong></span> <span class='ocrx_word' id='word_1_731' title='bbox 1446 5599 1500 5647; x_wconf 91' lang='lat' dir='ltr'><strong>et</strong></span> <span class='ocrx_word' id='word_1_732' title='bbox 1535 5592 1873 5660; x_wconf 87' lang='lat' dir='ltr'><strong>conspicuus</strong></span> <span class='ocrx_word' id='word_1_733' title='bbox 1914 5607 2030 5661; x_wconf 57' lang='lat' dir='ltr'><strong>aput</strong></span> 
     </span>
    </p>
   </div>
   <div class='ocr_carea' id='block_1_106' title="bbox 2133 5576 3748 5677">
    <p class='ocr_par' dir='ltr' id='par_1_106' title="bbox 2164 5576 3748 5663">
     <span class='ocr_line' id='line_1_106' title="bbox 2164 5576 3748 5663; baseline -0.009 -19"><span class='ocrx_word' id='word_1_734' title='bbox 2164 5592 2343 5663; x_wconf 82' lang='grc' dir='ltr'>μέγας</span> <span class='ocrx_word' id='word_1_735' title='bbox 2373 5586 2526 5656; x_wconf 70' lang='grc' dir='ltr'>παρὰ</span> <span class='ocrx_word' id='word_1_736' title='bbox 2557 5584 2777 5637; x_wconf 80' lang='grc' dir='ltr'>πάντων</span> <span class='ocrx_word' id='word_1_737' title='bbox 2807 5581 3003 5649; x_wconf 77' lang='grc' dir='ltr'>γέγονε</span> <span class='ocrx_word' id='word_1_738' title='bbox 3026 5580 3119 5631; x_wconf 75' lang='grc' dir='ltr'>καὶ</span> <span class='ocrx_word' id='word_1_739' title='bbox 3145 5576 3533 5648; x_wconf 76' lang='grc' dir='ltr'>περίϐλεπτος,</span> <span class='ocrx_word' id='word_1_740' title='bbox 3554 5576 3628 5638; x_wconf 82' lang='grc' dir='ltr'>ὡς</span> <span class='ocrx_word' id='word_1_741' title='bbox 3648 5578 3748 5630; x_wconf 69' lang='grc' dir='ltr'><strong>καὶ</strong></span> 
     </span>
    </p>
   </div>
   <div class='ocr_carea' id='block_1_107' title="bbox 482 5670 2030 5757">
    <p class='ocr_par' dir='ltr' id='par_1_107' title="bbox 482 5670 2030 5757">
     <span class='ocr_line' id='line_1_107' title="bbox 482 5670 2030 5757; baseline -0.014 0"><span class='ocrx_word' id='word_1_742' title='bbox 482 5670 673 5757; x_wconf 67' lang='lat' dir='ltr'><strong>omnes</strong></span> <span class='ocrx_word' id='word_1_743' title='bbox 733 5670 963 5751; x_wconf 83' lang='lat' dir='ltr'><strong>eﬂ&#39;ectus</strong></span> <span class='ocrx_word' id='word_1_744' title='bbox 993 5699 1101 5753; x_wconf 87' lang='lat' dir='ltr'><strong>est,</strong></span> <span class='ocrx_word' id='word_1_745' title='bbox 1139 5688 1215 5743; x_wconf 88' lang='lat' dir='ltr'><strong>ita</strong></span> <span class='ocrx_word' id='word_1_746' title='bbox 1281 5692 1340 5739; x_wconf 91' lang='lat' dir='ltr'><strong>ut</strong></span> <span class='ocrx_word' id='word_1_747' title='bbox 1404 5681 1711 5753; x_wconf 79' lang='lat' dir='ltr'><strong>legationes</strong></span> <span class='ocrx_word' id='word_1_748' title='bbox 1766 5684 1954 5736; x_wconf 72' lang='lat' dir='ltr'><strong>multa:</strong></span> <span class='ocrx_word' id='word_1_749' title='bbox 1994 5684 2030 5735; x_wconf 61' lang='lat' dir='ltr'><strong>a‘</strong></span> 
     </span>
    </p>
   </div>
   <div class='ocr_carea' id='block_1_108' title="bbox 2133 5670 3749 5757">
    <p class='ocr_par' dir='ltr' id='par_1_108' title="bbox 2163 5670 3749 5755">
     <span class='ocr_line' id='line_1_108' title="bbox 2163 5670 3749 5755; baseline -0.009 -18"><span class='ocrx_word' id='word_1_750' title='bbox 2163 5683 2402 5755; x_wconf 81' lang='grc' dir='ltr'>βασιλεῖς</span> <span class='ocrx_word' id='word_1_751' title='bbox 2436 5673 2934 5747; x_wconf 76' lang='grc' dir='ltr'>διαπρεσϐεύεσθαι</span> <span class='ocrx_word' id='word_1_752' title='bbox 2969 5672 3107 5743; x_wconf 76' lang='grc' dir='ltr'>πρὸς</span> <span class='ocrx_word' id='word_1_753' title='bbox 3133 5671 3317 5735; x_wconf 78' lang='grc' dir='ltr'>αὐτὸν,</span> <span class='ocrx_word' id='word_1_754' title='bbox 3353 5672 3448 5723; x_wconf 72' lang='grc' dir='ltr'>καὶ</span> <span class='ocrx_word' id='word_1_755' title='bbox 3478 5670 3749 5739; x_wconf 76' lang='grc' dir='ltr'>χρήματα</span> 
     </span>
    </p>
   </div>
   <div class='ocr_carea' id='block_1_109' title="bbox 2168 5760 3746 5841">
    <p class='ocr_par' dir='ltr' id='par_1_109' title="bbox 2168 5760 3746 5841">
     <span class='ocr_line' id='line_1_109' title="bbox 2168 5760 3746 5841; baseline -0.01 -15"><span class='ocrx_word' id='word_1_756' title='bbox 2168 5773 2429 5841; x_wconf 74' lang='grc' dir='ltr'>πέμπειν.</span> <span class='ocrx_word' id='word_1_757' title='bbox 2494 5767 2668 5820; x_wconf 76' lang='grc' dir='ltr'><strong>Τοῦτο</strong></span> <span class='ocrx_word' id='word_1_758' title='bbox 2715 5766 2773 5817; x_wconf 80' lang='grc' dir='ltr'>δὲ</span> <span class='ocrx_word' id='word_1_759' title='bbox 2833 5764 3023 5833; x_wconf 79' lang='grc' dir='ltr'>γέγονε</span> <span class='ocrx_word' id='word_1_760' title='bbox 3077 5762 3166 5817; x_wconf 80' lang='grc' dir='ltr'>διὰ</span> <span class='ocrx_word' id='word_1_761' title='bbox 3216 5763 3314 5834; x_wconf 77' lang='grc' dir='ltr'>τὴν</span> <span class='ocrx_word' id='word_1_762' title='bbox 3370 5760 3746 5832; x_wconf 60' lang='grc' dir='ltr'>γενησομένην</span> 
     </span>
    </p>
   </div>
   <div class='ocr_carea' id='block_1_110' title="bbox 2167 5857 3705 5928">
    <p class='ocr_par' dir='ltr' id='par_1_110' title="bbox 2167 5857 3705 5928">
     <span class='ocr_line' id='line_1_110' title="bbox 2167 5857 3705 5928; baseline -0.017 -11"><span class='ocrx_word' id='word_1_763' title='bbox 2167 5862 2317 5918; x_wconf 83' lang='grc' dir='ltr'>αὐτῶ</span> <span class='ocrx_word' id='word_1_764' title='bbox 2349 5861 2536 5915; x_wconf 78' lang='grc' dir='ltr'>θεόθεν</span> <span class='ocrx_word' id='word_1_765' title='bbox 2565 5857 2895 5928; x_wconf 68' lang='grc' dir='ltr'>ἐπισκοπήν.</span> <span class='ocrx_word' id='word_1_766' title='bbox 3692 5880 3705 5891; x_wconf 90' lang='grc'>.</span> 
     </span>
    </p>
   </div>
   <div class='ocr_carea' id='block_1_111' title="bbox 482 5774 2057 5857">
    <p class='ocr_par' dir='ltr' id='par_1_111' title="bbox 482 5774 2057 5857">
     <span class='ocr_line' id='line_1_111' title="bbox 482 5774 2057 5857; baseline -0.01 -14"><span class='ocrx_word' id='word_1_767' title='bbox 482 5792 606 5847; x_wconf 81' lang='lat' dir='ltr'><strong>aliis</strong></span> <span class='ocrx_word' id='word_1_768' title='bbox 635 5788 855 5857; x_wconf 82' lang='lat' dir='ltr'><strong>regibus</strong></span> <span class='ocrx_word' id='word_1_769' title='bbox 889 5784 955 5837; x_wconf 91' lang='lat' dir='ltr'><strong>ad</strong></span> <span class='ocrx_word' id='word_1_770' title='bbox 995 5782 1147 5836; x_wconf 89' lang='lat' dir='ltr'><strong>illum</strong></span> <span class='ocrx_word' id='word_1_771' title='bbox 1177 5778 1450 5841; x_wconf 83' lang='lat' dir='ltr'><strong>venirent,</strong></span> <span class='ocrx_word' id='word_1_772' title='bbox 1481 5784 1537 5829; x_wconf 90' lang='lat' dir='ltr'><strong>et</strong></span> <span class='ocrx_word' id='word_1_773' title='bbox 1564 5775 1708 5828; x_wconf 89' lang='lat' dir='ltr'><strong>dona</strong></span> <span class='ocrx_word' id='word_1_774' title='bbox 1740 5774 1789 5828; x_wconf 88' lang='lat' dir='ltr'><strong>ei</strong></span> <span class='ocrx_word' id='word_1_775' title='bbox 1821 5777 2057 5841; x_wconf 85' lang='lat' dir='ltr'><strong>plurima</strong></span> 
     </span>
    </p>
   </div>
   <div class='ocr_carea' id='block_1_112' title="bbox 481 5862 2054 5942">
    <p class='ocr_par' dir='ltr' id='par_1_112' title="bbox 481 5862 2054 5942">
     <span class='ocr_line' id='line_1_112' title="bbox 481 5862 2054 5942; baseline -0.013 -6"><span class='ocrx_word' id='word_1_776' title='bbox 481 5887 667 5936; x_wconf 79' lang='lat' dir='ltr'><strong>essent</strong></span> <span class='ocrx_word' id='word_1_777' title='bbox 693 5878 853 5930; x_wconf 85' lang='lat' dir='ltr'><strong>allata</strong></span> <span class='ocrx_word' id='word_1_778' title='bbox 884 5892 897 5928; x_wconf 72' lang='grc' dir='ltr'>ε</span> <span class='ocrx_word' id='word_1_779' title='bbox 930 5888 1050 5942; x_wconf 75' lang='lat' dir='ltr'><strong>qua:</strong></span> <span class='ocrx_word' id='word_1_780' title='bbox 1090 5869 1269 5923; x_wconf 77' lang='lat' dir='ltr'><strong>omnia</strong></span> <span class='ocrx_word' id='word_1_781' title='bbox 1299 5867 1370 5921; x_wconf 94' lang='lat' dir='ltr'><strong>ob</strong></span> <span class='ocrx_word' id='word_1_782' title='bbox 1403 5862 1780 5935; x_wconf 81' lang='lat' dir='ltr'><strong>hujuscemodi</strong></span> <span class='ocrx_word' id='word_1_783' title='bbox 1811 5863 2054 5919; x_wconf 83' lang='lat' dir='ltr'><strong>divinam</strong></span> 
     </span>
    </p>
   </div>
   <div class='ocr_carea' id='block_1_113' title="bbox 486 5960 1364 6044">
    <p class='ocr_par' dir='ltr' id='par_1_113' title="bbox 486 5960 1364 6044">
     <span class='ocr_line' id='line_1_113' title="bbox 486 5960 1364 6044; baseline -0.017 -16"><span class='ocrx_word' id='word_1_784' title='bbox 486 5970 881 6044; x_wconf 84' lang='lat' dir='ltr'><strong>protectionctn</strong></span> <span class='ocrx_word' id='word_1_785' title='bbox 917 5964 998 6019; x_wconf 88' lang='lat' dir='ltr'><strong>illi</strong></span> <span class='ocrx_word' id='word_1_786' title='bbox 1027 5960 1364 6016; x_wconf 82' lang='lat' dir='ltr'><strong>acciderunt.</strong></span> 
     </span>
    </p>
   </div>
  </div>
