4116 6416
422 383 532 451 9.71

1639 371 2030 436 EUTHYMII
2077 369 2442 432 ZIGABENI

3568 371 3673 433 272

492 484 868 568 Gegitauernnt
902 493 1126 548 consilia
1155 492 1207 545 in
1239 490 1424 562 quibus
1466 487 1654 544 sistere
1688 505 1788 543 non
1815 499 2002 558 potue-
2029 544 2033 552 ε

2177 485 2608 555 Διελογίσαντο
2659 482 2920 548 βουλὰς,
2981 475 3079 547 αἷς
3131 481 3202 537 οὐ
3245 481 3329 550 μὴ
3389 481 3686 538 δύνωνται

423 607 568 649 runt.
605 593 760 646 Licet
799 591 992 652 multa,
1044 585 1248 654 inquit,
1305 584 1574 638 adversus
1618 591 1668 636 te
1709 597 1773 635 ac
1811 595 2006 636 servos

424 697 549 739 tuos
583 680 970 750 cogitaverunt,
1006 674 1320 745 huiusmodi
1359 681 1542 727 tamen
1571 671 2010 742 cogitationibus

2113 575 2354 645 στῆναι.
2379 577 2442 630 Εἰ
2467 575 2576 646 γὰρ
2601 575 2698 628 καὶ
2722 575 2896 628 πολλὰ
2932 574 3078 628 κατὰ
3111 575 3208 627 σοῦ
3235 575 3332 627 καὶ
3357 575 3466 628 τῶν
3486 577 3690 630 δούλων

2114 688 2208 724 σου
2236 669 2602 738 ἐμελέτησαν,
2639 667 2756 724 ἀλλ’
2805 663 2898 721 οὖν
2937 667 3038 720 οὐκ
3091 669 3406 738 ἰσχύσουσιν
3431 669 3690 739 ἐμμεῖναι

427 773 716 830 immorari
742 781 906 840 atque
931 769 1189 824 insistere
1215 781 1323 820 non
1356 771 1676 834 potuerunt.
1705 761 2008 820 Destruen-

2137 763 2224 824 τοῖς
2265 760 2614 831 δεδογμένοις
2637 775 2650 790 ο
2694 758 3206 830 περιτραπήσονται
3245 757 3353 829 γὰρ
3389 759 3446 811 αἱ
3485 759 3690 811 τούτων

427 879 516 923 ιιιι·
545 867 691 923 enim
724 878 914 920 eorum
945 859 1205 916 consilia.

498 958 667 1013 Vnus.
703 957 790 1010 15.
832 952 1098 1020 Quoniam
1139 965 1297 1020 pones
1345 965 1434 1004 eos
1487 949 1728 1002 dorsum.
1771 945 2007 999 Dorsum

425 1053 556 1125 poni
581 1051 786 1106 dicitur
818 1047 912 1118 qui
949 1045 1091 1117 fugit-
1119 1059 1184 1099 ac
1207 1051 1360 1114 terga
1390 1042 1504 1096 dat.
1525 1039 1677 1093 Nihil
1695 1038 1839 1093 enim
1863 1035 2012 1090 aliud

427 1143 684 1215 corporis
719 1141 840 1211 ejus
867 1149 1036 1204 tunc,
1074 1151 1240 1208 quam
1269 1135 1524 1200 dorsum,
1555 1132 1662 1187 hoc
1699 1131 1806 1196 est,
1847 1142 2012 1199 quam

431 1249 642 1310 tergum
673 1234 850 1290 videri
887 1239 1092 1304 potest.

493 1335 572 1390 Ju
607 1333 847 1404 reliquiis
889 1341 1038 1384 tuum
1065 1323 1399 1396 prwparabis
1431 1320 1632 1378 uultum
1661 1335 1867 1374 eorum.
1899 1319 2018 1372 Hoc

430 1445 530 1501 per
566 1425 915 1499 hyperbaton
947 1422 1177 1492 ﬁguram
1211 1413 1650 1472 construendum
1681 1419 1790 1474 est,
1813 1409 1858 1466 si
1893 1424 2018 1464 sen-

437 1523 626 1578 teutiae
662 1529 907 1574 tenorem
933 1527 1159 1570 servare
1179 1509 1540 1570 voluerimus,
1569 1506 1674 1560 hoc
1711 1511 1873 1574 pacto
1907 1521 1921 1556 :
1956 1503 2016 1558 In

434 1613 691 1682 reliquiis
743 1623 934 1666 eorum
988 1601 1329 1675 praeparabis
1373 1599 1586 1654 vultum
1641 1606 1832 1663 tuum;
1867 1610 1933 1651 ac
1971 1595 2017 1651 si

435 1707 604 1769 dicat,
638 1702 784 1774 quod
818 1711 998 1768 neque
1024 1694 1189 1749 etiam
1228 1693 1262 1745 ii
1317 1690 1682 1745 salvabuntur
1713 1687 1806 1756 qui
1839 1684 2018 1741 relicti

2117 849 2329 922 βουλαί.

2185 944 2308 996 ’Ὁτι
2373 942 2586 1008 θήσεις
2651 941 2878 1008 αὐτοὺς
2930 941 3146 996 νῶτον.
3181 939 3372 1003 Νῶτος
3405 939 3616 1008 γίνεται
3670 941 3698 990 ὁ

2116 1035 2338 1106 φεύγων
2363 1053 2376 1066 ·
2410 1035 2564 1088 οὐδὲν
2596 1033 2705 1104 γὰρ
2735 1034 2926 1104 ἕτερον
2951 1033 3118 1086 αὑτοῦ
3148 1033 3424 1101 φαίνεται,
3457 1031 3492 1102 ἢ
3536 1033 3698 1102 μόνον

2117 1129 2145 1182 ὁ
2186 1128 2380 1182 νῶτος.

2199 1315 2297 1368 Ἐν
2328 1313 2451 1380 τοῖς
2479 1313 2855 1382 περιλοίποις
2885 1327 3001 1366 σου
3047 1311 3391 1380 ἑτοιμάσεις
3417 1313 3484 1365 τὸ
3512 1313 3702 1380 πρόσ-

2117 1419 2284 1462 ωπον
2316 1404 2537 1459 αὐτῶν.
2581 1402 2757 1458 Τοῦτο
2794 1403 2919 1458 καθ’
2956 1404 3291 1474 -ὑπερὸατδν
3345 1403 3702 1473 συντὰξυμεν,

2119 1503 2170 1554 εἰ
2206 1499 2501 1571 μέλλοιμεν
2539 1501 2881 1569 συντηρῆσαι
2910 1496 3012 1567 τὴν
3065 1497 3390 1550 ἀκολουθίαν
3444 1497 3544 1566 τῆς
3583 1497 3704 1549 δια-

2121 1591 2292 1655 νοίας.
2334 1587 2460 1644 Οἶον
2495 1593 2552 1642 ἐν
2585 1594 2701 1653 τοῖς
2733 1589 3082 1660 περιλοίποις
3131 1589 3310 1642 αὐτῶν
3331 1629 3346 1655 ,
3387 1589 3704 1658 ἑτοιμάσεις

2121 1684 2184 1737 τὸ
2219 1683 2522 1754 πρόσωπόν
2550 1701 2670 1744 σου,
2697 1683 3006 1747 τουτέστιν,
3037 1681 3149 1736 οὐδ’
3172 1683 3224 1734 οἱ
3261 1680 3710 1750 περιλειφθέντες

435 1805 566 1852 sunt
591 1765 1088 1862 tat-superfuerunt
1116 1799 1146 1838 a
1183 1791 1368 1851 strage
1400 1780 1551 1846 belli,
1600 1787 1655 1833 et
1690 1777 1784 1846 qui
1843 1777 1897 1830 in
1930 1771 2022 1827 fu-

2137 1776 2234 1829 ὶπδ
2267 1775 2370 1845 τῆς
2403 1777 2461 1830 ὲν
2494 1775 2574 1846 τῷ
2610 1775 2834 1846 πολέμῳ
2869 1775 3107 1844 σφαγῆς,
3141 1775 3239 1828 καὶ
3269 1765 3350 1836 εἷς
3373 1774 3554 1843 φυγὴν
3587 1789 3714 1843 τρα-

433 1907 558 1965 gam
591 1884 844 1943 conversi
873 1887 1025 1946 sunt,
1055 1875 1151 1934 sed
1180 1885 1374 1931 contra
1404 1887 1500 1929 eos
1526 1871 1719 1935 etiam,
1753 1868 2024 1924 visitatio-

2137 1867 2434 1936 πήσονται·
2465 1867 2604 1920 ἀλλὰ
2635 1869 2733 1921 καὶ
2761 1866 2886 1920 κατ’
2912 1865 3092 1920 αὐτῶν
3132 1866 3444 1936 ἐπισκοπὴν
3477 1865 3576 1935 τὴν
3611 1868 3715 1930 σὴν

435 1957 560 2040 nem
601 1991 754 2036 tuam
787 1973 1148 2049 praeparabis,
1201 1968 1340 2024 adeo
1381 1974 1440 2020 ut
1465 1981 1576 2022 non
1609 1964 1856 2044 possint.
1889 1975 2018 2016 eva-

2137 1959 2495 2032 εὺτρεπίσεις,
2529 1959 2672 2014 ὥστε
2701 1959 2776 2028 μὴ
2811 1959 3098 2027 διαερυγείν
3131 1957 3350 2019 αὐτούς.

443 2081 589 2138 :lere.
622 2073 714 2147 [Ει
744 2073 835 2124 hic
861 2065 1079 2138 quidem
1111 2061 1218 2117 erit
1273 2075 1469 2116 sensus
1507 2059 1552 2115 si
1581 2057 1772 2127 legas:
1809 2052 1876 2108 In
1917 2051 2156 2120 reliquiis
2210 2062 2384 2120 tuum,
2441 2065 2550 2108 etc.
2603 2051 2808 2108 Verum
2887 2055 3017 2124 quia
3088 2052 3258 2107 dictio
3339 2050 3530 2106 Graeca
3611 2064 3712 2117 σοῦ

436 2145 644 2246 potest
681 2161 938 2231 intelligi,
974 2171 1034 2214 u;
1067 2155 1340 2212 referatur
1387 2153 1454 2208 ad
1507 2149 1896 2222 praecedentia,
1935 2147 2009 2200 ita
2051 2153 2108 2199 ut
2140 2147 2214 2201 sit
2239 2147 2441 2201 lectio:
2485 2145 2552 2200 In
2582 2146 2822 2217 reliquiis
2851 2146 2978 2211 tuis,
3008 2155 3142 2208 etc.,
3207 2145 3366 2215 juxta
3437 2145 3578 2200 hanc
3629 2145 3718 2200 le-

439 2243 705 2327 ctionem,
743 2257 909 2329 paulo
953 2261 1081 2326 post
1110 2249 1409 2308 secundam
1467 2246 1662 2318 psalmi
1709 2243 2112 2314 expositionem
2155 2243 2580 2315 tractabimus.]

519 2357 688 2412 Vsus.
731 2354 821 2408 14.
863 2349 1148 2409 Exaltare,
1201 2345 1447 2410 Domine,
1505 2343 1558 2397 in
1611 2343 1845 2411 potentia
1909 2347 2023 2394 tua.

442 2453 501 2508 In
540 2448 753 2520 psalmo
790 2459 864 2500 vu
895 2440 1307 2498 declaravimus
1343 2436 1474 2506 quid
1503 2434 1779 2504 signiﬁcet
1799 2431 2026 2486 verbum

446 2547 552 2598 hoc
589 2557 605 2594 :
647 2536 929 2592 Exultant.
965 2531 1235 2588 Eumdem
1271 2528 1417 2583 enim
1447 2541 1669 2583 sensum
1727 2524 1890 2578 habet
1943 2522 2034 2576 hic

444 2632 781 2696 versiculus,
808 2641 971 2698 quem
1007 2623 1082 2678 ibi
1115 2621 1252 2676 ille:
1311 2617 1380 2673 Et
1435 2617 1679 2672 exaltare
1743 2616 1797 2669 in
1839 2613 2034 2682 ﬁnibus

444 2727 784 2783 inimicorum
815 2729 1028 2774 tuorum
1055 2715 1118 2768 “.

517 2815 868 2872 Cautabimtts
899 2819 949 2864 et
979 2807 1273 2878 mallemus
1304 2811 1610 2871 potentatus
1639 2811 1780 2858 tuos.
1816 2800 1874 2856 In
1930 2801 2037 2856 ﬁne

448 2907 648 2982 psalmi
695 2920 811 2977 ‘m,
875 2901 1286 2956 declaravimus
1346 2894 1482 2964 quid
1547 2892 1860 2964 signiﬁcent
1916 2891 2035 2946 btrc

450 3000 621 3058 verba
662 3004 885 3052 cantare
917 3002 972 3048 et
1001 2989 1248 3060 psallere.
1323 2986 1508 3056 Aliqui
1557 2985 1704 3039 hunc
1762 2983 2034 3054 psalmum

449 3103 756 3162 congruere
771 3092 1026 3142 asserunt
1050 3082 1153 3152 ipsi
1174 3079 1333 3134 beato
1362 3076 1552 3142 David,
1585 3075 1854 3139 dicentes,
1888 3071 2033 3142 quod

451 3200 554 3258 pro
587 3183 774 3254 seipso
805 3179 961 3235 illum
1022 3173 1247 3231 cecinit.
1305 3170 1462 3238 Quod
1521 3169 1566 3224 si
1623 3166 2032 3237 susceperimus

451 3257 778 3348 lnihilenim
821 3269 1094 3341 impedit),
1134 3265 1334 3336 exponi
1404 3263 1631 3334 poterit,
1675 3268 1732 3314 ut
1769 3257 2034 3329 subjicie—

452 3387 596 3428 mus.
633 3366 792 3436 Quod
817 3366 986 3436 igitur
1015 3365 1070 3416 in
1107 3359 1385 3430 principio
1424 3353 1619 3428 psalmi
1647 3353 1726 3408 ait
1758 3369 1773 3406 :
1829 3350 1895 3406 In
1936 3367 2033 3421 po-

453 3465 620 3521 tentia
660 3470 752 3515 tua
784 3456 1082 3518 ltetabitur,
1109 3461 1161 3506 et
1216 3451 1274 3504 in
1307 3447 1542 3504 salutari
1581 3457 1670 3500 tuo
1725 3443 2032 3508 exsultabit,

455 3556 831 3624 intelligemus
859 3549 1006 3603 dicta
1037 3543 1210 3599 fuisse
1250 3548 1476 3612 propter
1522 3539 1804 3594 Christum
1859 3537 1952 3605 qui
1982 3541 2038 3588 et

457 3646 700 3722 potentia
737 3642 831 3696 Dei
861 3647 968 3704 est,
1017 3645 1072 3692 et
1131 3635 1371 3696 dicitur,
1398 3632 1552 3702 juxta
1608 3629 1932 3700 Apostolum
1967 3629 2032 3693 “,

455 3753 512 3799 et
546 3740 824 3794 Salvator.
862 3733 986 3800 Ipse
1020 3730 1194 3792 enim,
1217 3735 1278 3781 ut
1313 3727 1388 3780 ait
1413 3724 1760 3794 Evangelista
1783 3763 1796 3785 ,
1839 3721 2036 3777 Salva-

459 3837 530 3890 bit
553 3831 804 3904 populum
828 3842 983 3882 suum
1011 3825 1079 3879 “.
1117 3821 1200 3876 Ad
1229 3820 1447 3874 Patrem
1481 3819 1670 3888 itaque
1715 3816 1850 3870 dicit
1903 3814 2039 3869 Pro-

456 3903 623 3996 pheta
649 3919 935 3988 "Domine
965 3916 1020 3970 iu
1047 3913 1284 3983 potentia
1332 3918 1448 3973 tua,
1487 3916 1542 3964 et
1585 3907 1655 3963 ad
1695 3905 1934 3960 Filium:
1969 3903 2036 3958 lu

455 4013 692 4072 salutari
727 4020 840 4076 tuo,
872 4008 976 4062 hoc
1003 4015 1088 4062 est
1121 4005 1177 4059 in
1232 4017 1295 4058 ea
1333 4002 1534 4064 salute,
1566 4013 1688 4069 qua!
1719 4011 1816 4068 per
1845 4005 1900 4052 te
1934 3996 2038 4050 hu-

459 4125 618 4166 mano
645 4103 832 4178 generi
863 4102 992 4157 data
1021 4114 1125 4156 est.
1155 4095 1268 4151 [loc
1304 4103 1464 4166 pacto
1518 4093 1683 4148 etiam
1715 4092 1768 4146 in
1800 4105 2038 4160 sequen-

459 4205 608 4258 tibus
638 4199 746 4253 alia
779 4196 846 4251 ad
887 4194 1126 4256 Patrem,
1179 4197 1234 4244 ct
1291 4188 1398 4240 alia
1467 4184 1535 4240 ad
1593 4183 1789 4238 Filium
1847 4180 2038 4237 referri

459 4289 841 4348 debent.Vere
871 4295 1055 4340 autem
1121 4285 1318 4338 beatus
1375 4277 1568 4344 David,
1625 4284 1749 4347 post
1807 4283 2039 4330 mortem

460 4397 616 4440 snam
655 4382 882 4435 laetatus
923 4384 1032 4440 est,
1093 4379 1259 4440 atque
1311 4368 1628 4433 exsultavit,
1693 4379 1926 4420 cernens
1977 4378 2040 4417 ac

2213 2336 2527 2408 Ὑψώθητι.
2593 2339 2791 2406 Κύριε,
2843 2337 2914 2391 ἐν
2964 2337 3040 2406 τῇ
3101 2336 3353 2406 δυνάμει
3417 2351 3559 2390 σου.
3625 2335 3721 2386 Ἐν

2125 2431 2206 2501 τῷ
2271 2431 2488 2500 ὲῦδόμῳ
2543 2429 2748 2500 ψαλμῷ
2819 2431 3246 2498 σεσαφήνισται,
3317 2427 3370 2480 τί
3449 2427 3718 2497 σημαίνει

2129 2525 2210 2586 τὸ,
2288 2522 2586 2592 ’Υψώθητι
2621 2538 2634 2551 ⁸
2704 2521 2766 2574 τὸ
2821 2523 2997 2592 παρὸν
3078 2521 3190 2592 γὰρ
3269 2522 3452 2591 ῥητὸν,
3521 2520 3724 2572 ταυτὶν

2130 2619 2357 2672 δύναται
2413 2617 2493 2688 τῷ
2559 2614 2865 2684 ’Υψὼθητι
2911 2616 2982 2669 ἐν
3021 2615 3148 2668 τοῖο
3179 2613 3402 2682 πέρασι
3446 2613 3565 2668 τῶν
3613 2613 3720 2680 ἑχ-

2134 2709 2292 2780 ορῶν
2328 2727 2469 2766 σου.

2209 2801 2493 2870 ’ᾼσωμεν
2545 2801 2643 2854 καὶ
2671 2801 2991 2870 ψαλοῦμεν
3027 2799 3135 2864 τὰς
3165 2799 3531 2864 δυναστείας
3574 2814 3724 2856 σου.

2147 2893 2236 2946 Ἐν
2269 2893 2346 2962 τῷ
2406 2892 2552 2946 τέλει
2597 2893 2691 2946 τοῦ
2742 2889 2808 2960 ιβ’
2859 2890 3082 2961 ψαλμοῦ
3139 2889 3594 2960 προδιελάϐομεν,
3663 2889 3729 2942 τι

2135 2985 2388 3056 βούλεται
2412 2984 2494 3049 τὸ,
2521 2983 2670 3052 ᾄσω,
2704 2986 2798 3036 καὶ
2831 2983 2914 3046 τὸ,
2967 2979 3164 3051 ψαλῶ.
3231 2981 3390 3044 Τινὲς
3419 2981 3476 3034 δὲ
3506 2981 3601 3032 καὶ
3627 2979 3730 3034 τὸν

2138 3078 2387 3149 παρόντα
2406 3077 2623 3147 ψαλμὸν
2675 3075 2752 3146 τῷ
2820 3075 2988 3146 Δαόὶδ
3049 3073 3373 3145 ἁρμόζουσι,
3442 3073 3728 3140 λέγοντες,

2139 3170 2279 3238 ὑπὲρ
2313 3168 2508 3222 ἑαυτοῦ
2541 3167 2732 3221 τοῦτον
2769 3162 2920 3238 ᾆσαι.
2973 3167 3036 3219 Ei
3099 3165 3156 3218 δὲ
3211 3163 3374 3217 τοῦτο
3429 3151 3728 3232 δεξόμεθα,

2135 3262 2338 3316 κωλύει
2375 3261 2484 3330 γὰρ
2524 3259 2700 3322 οὐδὲν,
2740 3259 3284 3330 μεθερμηνεύσωμεν
3315 3259 3382 3311 τὰ
3426 3254 3728 3326 ρητά.Καὶ

2133 3353 2244 3424 γὰρ
2275 3351 2474 3405 αὐτίκα
2505 3351 2607 3416 τα·
2635 3353 2736 3404 Ἑν
2767 3348 2840 3417 τῇ
2875 3347 3124 3418 δυνάμει
3156 3361 3272 3402 σου
3311 3345 3734 3415 εὐφρανθιῖσεο

2137 3461 2252 3507 ται,
2275 3443 2375 3498 καὶ
2402 3443 2499 3496 ἐπὶ
2532 3440 2613 3506 τῷ
2643 3440 2934 3508 σωτηρίῳ
2973 3455 3090 3492 σου
3143 3436 3600 3506 ἀγαλλιάσεται,
3627 3436 3734 3489 ἐπὶ

2137 3537 2230 3590 τὸν
2263 3533 2506 3604 Χριστὸν
2534 3531 2788 3604 εἰρῆσθαι.
2860 3530 3156 3600 νοήσομεν.
3202 3527 3356 3582 Ἐπεὶ
3400 3527 3507 3599 γὰρ
3537 3527 3564 3578 ὁ
3590 3527 3736 3596 Χρι-

2138 3627 2401 3689 στδς,καὶ
2443 3622 2582 3678 Θεοῦ
2613 3624 2732 3676 ἔστι
2781 3620 3039 3689 δύναμις,
3107 3619 3245 3690 φησὶ
3309 3618 3418 3688 γὰρ
3469 3621 3498 3670 ὁ
3547 3616 3736 3688 μέγας

2139 3721 2354 3781 Παῦλος
2387 3731 2400 3746 ·
2435 3718 2692 3785 Χριστὸς
2721 3716 2870 3770 Θεοῦ
2903 3713 3158 3784 δύναμις
3179 3727 3194 3743 ⁸
3230 3713 3326 3766 καὶ
3361 3711 3526 3767 πάλιν
3559 3711 3734 3775 αὐτὸς

2142 3812 2238 3864 καὶ
2263 3809 2456 3882 Σωτήρ
2485 3810 2602 3860 ἐστι
2623 3824 2638 3838 ο
2678 3807 2811 3876 φησὶ
2855 3805 2964 3876 γὰρ
2993 3807 3022 3858 ὁ
3056 3804 3452 3874 εὐαγγελιστής
3489 3820 3505 3836 °
3530 3805 3733 3870 Αὐτός

2137 3905 2250 3973 γὰρ
2279 3899 2466 3955 σώσει
2497 3899 2604 3952 τὸν
2627 3899 2782 3952 ,λαῖον
2809 3897 2999 3951 αὐτοῦ
3021 3913 3034 3928 ’
3079 3896 3217 3965 πρὸς
3253 3896 3352 3966 μὲν
3385 3895 3478 3948 τὸν
3502 3895 3735 3963 Πατέρα

2139 3989 2332 4046 εἶπεν·
2359 3991 2652 4060 Κύδςιε,ὲν
2673 3987 2749 4058 τῇ
2801 3987 3058 4057 δυνάμει
3103 4003 3220 4040 σου
3255 4003 3268 4016 ·
3313 3985 3452 4056 πρὸς
3525 3985 3581 4038 δὲ
3633 3985 3736 4039 τὸν

2139 4085 2270 4138 Υἱόν
2300 4101 2313 4115 ⁸
2337 4085 2442 4140 Καὶ
2472 4083 2570 4138 ἐπὶ
2595 4082 2672 4149 τῷ
2701 4083 2974 4149 σωτηρίῳ
3003 4097 3142 4143 σου,
3171 4080 3448 4144 τουτέστι,
3480 4081 3545 4148 τῇ
3571 4081 3736 4144 παρὰ

2142 4178 2237 4232 σοῦ
2271 4177 2535 4248 γινομένῃ
2569 4175 2816 4246 σωτηρίᾳ
2839 4172 2949 4226 τῶν
2987 4171 3316 4238 ἀνθρώπων.
3354 4169 3511 4224 Οὕτω
3537 4170 3594 4224 δὲ
3629 4174 3735 4225 καὶ

2142 4268 2212 4322 τὰ
2239 4269 2388 4338 ἑξῆς,
2409 4268 2480 4322 τὰ
2513 4268 2615 4336 μὲν
2651 4265 2791 4336 πρὸς
2823 4265 2915 4318 τὸν
2938 4265 3185 4336 Πατέρα,
3217 4263 3286 4316 τὰ
3333 4263 3390 4316 δὲ
3448 4261 3584 4333 πρὸς
3632 4261 3734 4314 τὸν

2145 4359 2276 4412 Υἱδν
2302 4358 2499 4424 λέγοιτ’
2533 4358 2620 4411 ἄν.
2655 4356 2766 4410 Καὶ
2793 4355 2967 4418 ὅντως
3033 4354 3348 4426 ηὐφράνθη,
3406 4354 3499 4406 καὶ
3551 4352 3734 4422 ἠγαλ-

458 4473 843 4541 contemplans
877 4465 1081 4522 divinae
1103 4460 1504 4516 incarnationis
1535 4457 1878 4530 mysterium.
1901 4454 2033 4509 Nam

2143 4447 2372 4503 λιάσατο
2401 4448 2590 4512 Δαόὶδ,
2618 4447 2959 4516 θεασάμενος
2996 4449 3092 4499 καὶ
3118 4447 3258 4516 μετὰ
3291 4444 3519 4499 θάνατον
3546 4443 3606 4496 τὸ
3628 4443 3736 4512 τῆς

462 4567 507 4624 si
549 4535 909 4618 dum-adhuc
959 4555 1203 4611 tenebris
1264 4553 1516 4611 humanm
1568 4551 1752 4606 carnis
1817 4547 2033 4602 indutus

2145 4541 2297 4602 θείας
2320 4539 2794 4610 ὲνανθρωπήσεως
2831 4539 3158 4619 μυστήριον.
3196 4538 3260 4591 Εἰ
3286 4535 3396 4608 γὰρ
3427 4535 3527 4607 τὴν
3555 4535 3734 4604 ἀχλὺν

459 4667 603 4718 erat,
639 4652 836 4707 animae
869 4658 1050 4704 tamen
1078 4661 1144 4700 ac
1175 4645 1376 4701 mentis
1429 4642 1610 4699 oculis
1676 4639 1860 4694 futura
1919 4652 2045 4708 pro-

462 4745 754 4818 Spiciebat,
790 4741 962 4796 multo
997 4738 1174 4810 magis
1202 4735 1526 4806 huiusmodi
1585 4731 1836 4802 corporis
1891 4736 2044 4784 tene-

459 4837 576 4892 bris
615 4831 899 4903 depositis,
914 4826 1246 4884 credendum
1279 4825 1384 4882 'est
1435 4839 1558 4878 cum
1595 4821 1788 4894 purius
1826 4833 1890 4874 ac
1919 4833 2045 4889 per-

463 4927 703 4984 lucidius
731 4923 918 4980 omnia
942 4919 1282 4992 speculatum
1319 4931 1462 4972 esse.
1523 4913 1590 4967 Et
1641 4919 2042 4980 consequenter

461 5025 532 5082 ad
574 5021 860 5094 praedicta,
889 5033 986 5090 per
1040 5015 1226 5072 cordis
1274 5011 1610 5069 desiderium
1665 5006 2042 5076 intelligemus

461 5117 800 5177 desiderium
842 5110 1064 5166 videndi
1125 5103 1569 5165 incarnationem
1607 5099 1748 5152 hanc
1773 5097 2042 5159 divinam,

463 5214 624 5283 cuius
665 5217 853 5281 typum
879 5219 944 5259 ac
995 5204 1224 5274 ﬁguram
1259 5195 1474 5253 viderat
1503 5211 1517 5260 ;
1549 5199 1606 5246 et
1666 5207 1763 5262 per
1797 5191 2049 5243 volunta-

464 5317 573 5362 tem
603 5303 898 5364 labiorum,
937 5294 1263 5352 indesinens
1292 5305 1356 5344 ac
1398 5298 1722 5358 perpetuum
1759 5284 1892 5338 illud
1927 5293 2045 5337 stu-

465 5401 614 5454 dium
651 5392 886 5450 canendi
921 5405 985 5446 ac
1049 5383 1308 5442 laudandi
1366 5380 1558 5443 Deum,
1618 5393 1726 5448 quo
1768 5375 2040 5432 desiderio

465 5500 743 5558 nunquam
776 5485 1080 5539 frustratus
1109 5485 1214 5532 est.
1251 5472 1410 5529 Cauit
1438 5471 1637 5542 quippe
1660 5467 1766 5524 Deo
1796 5467 2038 5528 assidue,

468 5580 709 5637 ﬁdelium
740 5575 984 5630 omnium
1025 5584 1120 5623 ore
1157 5575 1318 5621 utens
1341 5578 1406 5618 ac
1438 5561 1617 5618 labiis.
1642 5560 1822 5614 Vitam
1857 5566 2041 5611 autem

468 5671 624 5744 petiit
659 5683 686 5720 a
721 5667 852 5732 Deo,
883 5673 935 5719 et
961 5659 1194 5730 accepit,
1229 5655 1429 5712 cumin
1461 5653 1693 5710 summis
1721 5665 1864 5720 saepe
1897 5649 2046 5718 peri-

519 5848 566 5882 “
596 5847 746 5907 Psal.
773 5861 869 5911 vn,
904 5845 956 5900 7.
1031 5844 1078 5877 ⁸⁸
1099 5840 1122 5898 1
1147 5841 1279 5896 Cor.
1313 5855 1356 5904 ι,
1386 5837 1480 5892 24.
1519 5835 1565 5866 ⁶⁶
1605 5833 1798 5890 Μειιιιι.
1839 5847 1882 5899 ι,
1911 5831 2004 5886 21.

2144 4633 2246 4700 τῆς
2273 4633 2472 4704 σαρκὸς
2501 4630 2894 4702 περικείμενος
2923 4629 3157 4698 ἐτι,τοῖς
3187 4633 3287 4700 τῆς
3318 4629 3494 4700 ψυχῆς
3525 4627 3735 4697 ὀφθαλ-

2149 4727 2271 4796 μοῖς
2301 4719 2444 4777 εἷδεν
2471 4723 2542 4776 τὰ
2569 4723 2858 4793 μέλλοντα,
2893 4721 3078 4792 πολλῷ
3113 4721 3318 4790 μᾶλλον
3351 4721 3554 4790 ταύτην
3583 4721 3731 4772 ἀπο-

2147 4816 2380 4887 θέμενος
2444 4814 2833 4884 καθαρώτερον
2890 4814 3038 4886 ἑώρα
3105 4815 3200 4867 καὶ
3267 4812 3730 4882 τηλαυγέστερον.

2159 4907 2494 4970 Ἀκολούθως
2537 4906 2595 4960 δὲ
2624 4905 2720 4960 καὶ
2751 4905 3052 4974 ἐπιθυμίαν
3083 4903 3310 4974 καρδίας
3341 4900 3735 4972 ὐποληψόμεθα

2143 5004 2235 5056 τὸν
2278 5002 2444 5054 πόθον
2476 5001 2572 5054 τοῦ
2605 5001 2734 5052 ἰδεῖν
2769 5000 2865 5069 τὴν
2897 4997 2991 5052 τοῦ
3020 5000 3274 5068 Σωτῆρος
3291 4997 3730 5067 ὲναιιθρώπησιν,

2142 5093 2212 5170 ἦς
2241 5095 2461 5166 προεῖδε
2485 5093 2575 5146 τὸν
2609 5092 2800 5145 τύπον.
2835 5092 3068 5160 Θέλησιν
3101 5091 3158 5144 δὲ
3207 5091 3316 5143 τῶν
3357 5089 3608 5160 χειλέων,
3668 5089 3733 5142 τὸ

2146 5188 2326 5240 θέλειν
2360 5185 2449 5239 διὰ
2481 5184 2693 5248 nam;
2724 5185 2874 5256 ᾅδειν
2903 5183 3023 5253 Θεῷ
3057 5199 3072 5214 ο
3107 5183 3202 5237 καὶ
3230 5183 3420 5252 μέντοι
3476 5181 3569 5234 καὶ
3609 5178 3730 5250 ᾄδει

2149 5278 2406 5342 πάντοτε,
2438 5280 2552 5339 τοῖς
2587 5277 2696 5328 τῶν
2725 5277 2932 5328 πιστῶν
2955 5275 3162 5346 χείλεσι
3203 5274 3508 5344 χρώμενος.
3573 5269 3731 5340 Ζωὴν

2148 5373 2206 5427 δὲ
2231 5374 2495 5443 ᾐτήσατο,
2528 5371 2622 5424 καὶ
2652 5369 2838 5433 ἔλαϐε,
2869 5367 3133 5431 πολλάκις
3180 5365 3534 5426 κινδυνεύσας
3589 5363 3731 5418 ἀπο-

2154 5466 2339 5518 θανεῖν
2370 5465 2460 5516 ὑπ’
2509 5463 2742 5534 ἐχθρῶν,
2779 5465 2872 5516 καί
2903 5461 2970 5515 δι’
3010 5459 3176 5530 εὐχῆς
3213 5457 3585 5530 περισωθείς
3611 5457 3728 5507 Με-

2153 5559 2306 5627 γάλη
2325 5557 2391 5610 δὲ
2415 5557 2453 5622 ἡ
2488 5555 2640 5620 δόξα
2675 5553 2862 5610 αὐτοῦ
2906 5555 2975 5607 ἐν
3004 5551 3083 5616 τῷ
3109 5549 3382 5619 σωτηρίῳ
3411 5564 3551 5611 σου,
3569 5560 3730 5598 τουτ-

2156 5651 2295 5716 έστι,
2329 5651 2414 5703 διὰ
2441 5650 2540 5720 τὴν
2576 5647 2726 5720 παρὰ
2753 5647 2850 5700 σοῦ
2883 5646 3158 5717 σωτηρίαν
3195 5662 3208 5676 ο
3270 5640 3530 5711 ἐδοξάσθη
3617 5636 3725 5706 γὰρ
