4116 6428
474 385 593 449 273

1620 405 2010 473 COMMEN'I‘.
2050 411 2129 472 1N
2167 398 2526 477 Ps’ALMOs'.

3633 434 3741 495 ΞΗ

476 497 722 567 ἀληθῶς.
752 501 835 553 ὅτι
861 503 927 556 ἐκ
958 505 1060 572 τῆς
1094 508 1248 578 ῥίζης
1282 511 1452 563 αὑτοῦ
1515 517 1545 585 ἡ
1605 521 1851 588 σωτηρία
1900 521 2044 590 ημῶη

482 590 564 609 1m
594 592 606 609 ο
938 597 949 609 ι
1072 599 1082 609 -
1303 603 1315 609 ·
1633 607 1641 609 ‘

2160 528 2302 582 culis
2333 529 2497 582 fuerit
2530 520 2595 583 ac
2627 532 2787 585 morti
2820 532 3124 600 proximus,
3154 544 3206 590 et
3228 543 3448 593 domum
3483 545 3741 609 precibus

478 590 805 662 ἐϐλάστησε,
864 597 960 648 καὶ
1014 599 1190 667 μέγας
1253 603 1500 671 γέγονεν,
1561 607 1654 660 καὶ
1715 612 2058 681 περιϐόητος.

476 684 819 751 Εὐφρανεῖς
858 686 916 739 δὲ
950 690 1142 745 αὐτὸν
1189 693 1261 746 ἐν
1288 698 1440 766 χαρᾷ
1458 698 1610 765 μετὰ
1664 701 1771 755 τοῦ
1828 707 2061 771 προσώ-

477 786 603 825 που
632 791 771 840 σου,
803 780 923 833 ἀντὶ
971 782 1091 846 τοῦ,
1153 786 1388 855 ’τέρψεις
1432 788 1595 842 αὐτὸν
1647 792 1735 846 διὰ
1777 795 1871 848 τοῦ
1926 796 2058 850 Υἱοῦ

481 881 605 919 σου.
669 867 973 937 Πρόσωπον
1031 874 1142 946 γὰρ
1192 879 1424 949 Πατρδς,
1474 882 1603 946 Υἱός
1634 900 1645 914 ⁸
1708 887 1841 954 φησι
1905 890 2056 961 γάρ·

491 957 558 1053 to
612 959 889 1053 suemus
912 965 1039 1035 ἐμὲ,
1066 968 1286 1037 ἑώρακε
1317 974 1425 1026 τὸν
1466 977 1721 1045 Πατέρα.
1799 957 2059 1053 Ἐχθροὺς

474 1047 539 1140 δί
565 1049 661 1101 τοῦ
693 1050 831 1106 Θεοῦ
862 1058 1082 1124 νοήσεις
1126 1063 1253 1123 τοὺς
1312 1067 1699 1137 μισοχρίστους
1749 1047 2056 1140 Ἰουδαίους,

476 1132 563 1201 οἷς
598 1144 693 1193 καὶ
738 1142 811 1196 τὰ
870 1144 1150 1220 δεινότερα
1211 1153 1508 1223 ἐπαρᾶται,
1565 1162 1660 1214 καὶ
1724 1164 2057 1234 προφητεύει

472 1229 579 1328 (an
610 1235 724 1328 Δδιαὶ
778 1239 1137 1315 πεπόνθασιν,
1201 1237 1278 1298 ὧν
1305 1246 1368 1300 τὸ
1429 1249 1650 1320 σπέρμα
1708 1229 2058 1328 πανώλεθρῑᾳ

471 1321 771 1416 διεφθάρη,
807 1326 1012 1400 δηλαδὴ
1055 1332 1165 1384 τῶν
1216 1339 1654 1408 παυρωσὰντων
1683 1342 1775 1395 τὸν
1831 1321 2054 1416 Κύριονι

471 1414 536 1465 υἱ
567 1414 678 1485 γὰρ
709 1418 768 1471 ὲν
798 1421 922 1481 ταῖς
957 1422 1304 1495 διασποραίς,
1355 1428 1793 1500 διαπεφεύγασιν
1845 1414 2055 1492 ἐκεῖνον

467 1506 563 1559 τον
591 1506 840 1579 ὄλεθρον.
885 1512 1107 1582 Eiidem
1135 1516 1193 1571 δὲ
1224 1520 1451 1586 αὐτοὺς
1484 1523 1565 1590 ὡς
1605 1526 1899 1580 κλίϐανον
1937 1545 2055 1583 πυ-

460 1597 576 1665 ρὸς
601 1599 675 1653 ἐν
700 1599 778 1667 τῷ
812 1604 994 1674 καιρῷ
1018 1608 1127 1662 τοῦ
1159 1612 1486 1680 προσώπου
1523 1633 1662 1680 σου,
1695 1617 1898 1690 δηλαδὴ
1953 1622 2050 1675 τοῦ

471 1690 607 1745 1⁵ιοῦ
632 1708 753 1759 σου,
797 1696 982 1762 καθὼς
1013 1701 1345 1772 εἰρήκαμεν.
1372 1707 1527 1761 Μετά
1581 1710 1688 1780 γὰρ
1727 1711 1826 1782 τὴν
1861 1715 2054 1783 ἐπιδηε

469 1785 607 1853 μέαν
647 1787 817 1841 αὑτοῦ
853 1790 949 1843 τοῦ
1002 1793 1241 1864 Χριστοῦ
1287 1799 1613 1866 πεπόνθασι,
1668 1806 1765 1856 καὶ
1793 1805 2042 1875 ἤρξαντο

463 1879 589 1932 κατ’
608 1879 792 1934 αὐτῶν
813 1882 1047 1951 φύεσθαι
1082 1888 1151 1940 τᾶ
1183 1887 1354 1956 δεινὰ,
1391 1892 1485 1962 ἀφ’
1513 1888 1575 1947 οὗ
1608 1895 1846 1964 Χριστὸς
1893 1894 2048 1951 εἶπεν

459 1971 651 2035 αὖτοῖς
671 1989 686 2003 ο
730 1975 1075 2042 Ἀρθιὶσεται
1097 1980 1199 2048 ἀφ’
1222 1982 1387 2051 ὑμῶν
1415 1986 1454 2052 ἡ
1489 1986 1805 2050 βασιλεία.
1844 2021 1912 2032 --
1941 1992 2051 2046 Ἑν

460 2062 531 2116 δὲ
558 2065 684 2129 τοῖς
713 2070 1093 2137 περιλοίποις
1121 2089 1260 2140 σου,
1308 2078 1557 2132 τουτέστι
1607 2084 1722 2144 τοῖς
1760 2083 1822 2147 ἐξ
1869 2085 2051 2138 αὐτῶν

466 2158 901 2212 πεπιστευκόσιν
930 2164 1010 2225 εἰς
1048 2163 1106 2216 σὲ
1139 2163 1234 2218 τὸν
1286 2167 1436 2235 Υἱὸν,
1469 2170 1564 2223 καὶ
1620 2172 2046 2241 ὑπολειφθεῖσιν.

478 2245 865 2316 Ἐτοιμᾶσεις,
924 2252 1093 2323 ἥγουν
1135 2258 1458 2328 κοσμήσεις,
1536 2261 1631 2314 καὶ
1690 2262 1937 2331 δοξάσεις
1991 2267 2051 2320 τὸ

474 2335 623 2403 γένος
645 2341 827 2394 αὐτῶν
867 2356 883 2372 ⁶
930 2345 1059 2411 δὺξα
1104 2348 1212 2420 γὰρ
1262 2352 1377 2414 τοῖς
1437 2352 1715 2423 Ἑϐραίοις
1760 2356 1918 2421 τέως,
1963 2359 2046 2412 ὅτι

481 2429 701 2500 πατέρες
725 2434 840 2487 τῶν
874 2438 1197 2492 ἀποστόλων
1228 2442 1543 2510 γεγόνασιν,
1573 2447 1621 2500 εἰ
1652 2449 1747 2501 καὶ
1770 2449 1896 2502 καθ’
1916 2451 2047 2503 ὲαυ⁶

472 2522 594 2583 τοὺς
622 2525 799 2591 ἄδοξοί
816 2528 927 2583 εισι
952 2531 1047 2584 καὶ
1068 2534 1314 2599 φευκτοί.
1387 2534 1732 2609 Ἀρμόζομεν
1776 2541 1868 2594 τὸν
1911 2543 2045 2611 ψαλ-

462 2620 563 2689 μδν
586 2624 774 2680 τοῦτον
800 2628 896 2681 καὶ
921 2628 1001 2700 τῷ
1030 2629 1245 2701 βασιλεῖ
1276 2634 1435 2706 ἡμῶν
1482 2638 1627 2692 κατὰ
1678 2640 1788 2693 τῶν
1828 2641 2046 2709 Βαρϐά-

460 2716 707 2781 ρων,ηὼς
737 2721 830 2773 καὶ
867 2720 960 2775 τὸν
986 2725 1094 2792 πρδ
1115 2726 1333 2782 τούτου.

2166 622 2285 675 suis
2325 622 2391 675 ad
2428 622 2594 676 Deum
2623 625 3092 681 interredentibus
3125 627 3194 684 ab
3223 644 3289 684 eo
3353 632 3597 688 salvatus
3646 637 3739 689 sit.

2162 708 2356 781 Magna
2386 726 2463 766 est
2487 714 2657 780 gloria
2714 715 2829 783 ejus
2898 718 2953 771 in
3007 718 3241 773 salutari
3282 729 3373 776 tuo
3403 739 3422 776 :
3480 723 3583 778 hoc
3632 738 3738 790 est,

2163 811 2389 870 propter
2419 804 2649 859 salutem
2706 807 2874 871 illam,
2939 824 3060 878 quae
3119 825 3147 862 a
3216 820 3269 868 te
3318 822 3423 869 est.
3491 815 3738 887 Magnam

2161 890 2363 961 quippe
2400 892 2626 961 gloriam
2664 905 2952 952 asseCutus
2982 906 3065 953 est
3090 900 3281 956 beatus
3312 900 3501 969 David,
3530 921 3653 959 cum
3673 922 3738 959 ex

2159 981 2279 1052 ejus
2333 983 2520 1038 radice
2549 985 2700 1041 salus
2737 997 2922 1041 nostra
2961 989 3309 1057 pullulaverit
3340 1010 3354 1046 :
3390 994 3534 1048 unde
3561 996 3739 1063 major

2161 1090 2226 1130 ac
2256 1077 2534 1131 celebrior
2572 1079 2713 1147 apud
2783 1094 2974 1135 omnes
3003 1080 3230 1137 effectus
3258 1090 3360 1138 est.
3398 1083 3738 1155 [Laztiﬁcabis

2161 1177 2341 1223 autem
2372 1185 2491 1222 eum
2516 1170 2572 1223 in
2596 1171 2791 1241 gaudio
2819 1189 2938 1225 cum
2967 1174 3112 1227 vultu
3139 1183 3268 1240 tuo;
3309 1176 3413 1231 hoc
3443 1186 3550 1243 est,
3585 1178 3739 1233 dele-

2159 1258 2333 1314 ctahis
2372 1273 2497 1313 eum
2531 1275 2626 1330 per
2676 1259 2877 1316 Filium
2932 1272 3106 1317 tuum.
3184 1264 3381 1321 Vultus
3426 1268 3571 1320 enim
3639 1285 3735 1323 seu

2162 1349 2328 1405 iacies
2358 1349 2556 1417 Patris,
2586 1351 2758 1407 Filius
2820 1354 3026 1409 dicitur
3058 1373 3072 1409 :
3141 1356 3245 1421 Qui
3287 1359 3427 1411 enim
3463 1360 3592 1413 vidit
3634 1377 3733 1426 me,

2157 1440 2359 1509 inquit,
2390 1442 2522 1496 vidit
2545 1451 2595 1497 et
2620 1443 2839 1499 Patrem
2861 1462 3035 1500 meant
3061 1447 3126 1500 ⁸⁷.
3151 1446 3257 1503 Per
3279 1449 3533 1507 inimicos
3555 1462 3736 1507 autem

2158 1533 2252 1588 Dei
2312 1533 2533 1592 Judmos
2593 1537 2859 1607 intellige,
2919 1539 3128 1596 Chri5ti
3188 1542 3468 1609 inimicos,
3534 1546 3738 1615 quibus

2153 1631 2343 1698 gravia
2376 1630 2719 1701 imprceatur
2758 1634 3052 1704 PrOpbeta,
3106 1637 3415 1706 praedicens
3446 1636 3551 1692 hoc
3579 1648 3739 1707 pacto

2154 1722 2500 1792 qmecuuque
2549 1735 2739 1792 postea
2772 1727 2991 1795 passuri
3024 1737 3205 1794 erant,
3262 1738 3316 1782 et
3357 1744 3599 1799 quorum
3643 1745 3732 1783 se-

2156 1830 2279 1868 men
2317 1814 2430 1883 jam
2467 1830 2699 1884 prorsus
2738 1816 2980 1874 deletum
3018 1829 3103 1876 est
3140 1838 3154 1887 ;
3188 1835 3379 1875 eorum
3440 1822 3585 1887 dico,
3644 1822 3737 1892 qui

2154 1903 2430 1960 Christum
2463 1907 2883 1966 crueiﬁxcrunt.
2924 1912 3058 1968 Nam
3121 1919 3214 1987 qui
3271 1926 3428 1973 erant
3470 1918 3583 1986 jam
3642 1934 3739 1988 per

2152 1996 2344 2052 orbem
2381 1999 2650 2070 dispersi,
2688 2003 2766 2058 illi
2804 2002 3185 2062 Romanorum
3228 2008 3501 2080 ﬂagellum
3549 2026 3740 2066 evase-

2149 2098 2301 2145 runt.
2339 2091 2506 2147 Panes
2540 2093 2707 2149 etiam
2741 2112 2830 2151 eos
2860 2108 2915 2151 ut
2947 2098 3217 2155 clibanum
3243 2103 3381 2173 ignis
3412 2103 3467 2157 in
3501 2114 3734 2171 tempore

2149 2181 2326 2237 vultus
2365 2188 2465 2250 tui,
2495 2185 2596 2241 hoc
2626 2195 2731 2249 est.
2765 2188 2817 2242 in
2853 2197 3100 2260 tempore
3173 2193 3296 2247 Filii
3358 2194 3460 2260 tui,
3515 2203 3575 2247 ut
3620 2194 3733 2262 jam

2149 2273 2422 2331 diximus:
2460 2291 2583 2346 quae
2609 2294 2698 2334 res
2731 2289 2855 2350 post
2883 2282 3176 2339 adventum
3218 2285 3434 2341 Christi
3504 2286 3732 2342 accidit.

2145 2364 2225 2419 Ex
2250 2366 2341 2420 illo
2359 2368 2506 2422 enim
2527 2378 2779 2441 tempore
2800 2388 2911 2443 quo
2926 2374 3063 2430 dixit
3084 2378 3345 2433 Dominus
3364 2379 3431 2433 ad
3468 2376 3688 2433 Iudaeos
3718 2398 3732 2433 :

2148 2457 2429 2514 Tolletura
2459 2462 2600 2517 vobis
2634 2480 2853 2534 regnum
2910 2467 2976 2532 ⁸⁸,
3028 2477 3160 2535 ctc.,
3221 2470 3409 2542 gravia
3468 2470 3737 2525 adversus

2143 2565 2240 2607 eos
2295 2552 2504 2610 indies
2555 2568 2844 2628 coeperunt
2898 2560 3031 2635 oriri
3090 2560 3326 2630 ﬂagella.
3376 2560 3444 2617 In
3498 2562 3735 2631 reliquiis

2145 2645 2275 2710 tuis,
2309 2646 2413 2701 hoc
2466 2658 2550 2703 est
2613 2650 2666 2703 in
2735 2650 2802 2705 iis
2831 2650 3057 2716 ludatis,
3108 2654 3200 2723 qui
3268 2654 3621 2709 crediderunt
3678 2651 3735 2705 in

2146 2746 2199 2790 te
2263 2735 2461 2792 Filium
2492 2738 2614 2804 Dei;
2646 2749 2700 2795 et
2735 2744 2828 2812 qui
2862 2744 2960 2799 tihi
3002 2744 3182 2799 relicti
3218 2756 3347 2800 sunt
3404 2756 3463 2800 ut
3521 2744 3747 2804 ﬁdeles-

454 2807 821 2876 Prteparabis,
864 2814 969 2871 hoc
1004 2824 1114 2882 est,
1136 2821 1387 2887 oruahis,
1416 2832 1467 2876 et
1501 2823 1840 2894 gloriﬁcahis
1866 2842 2041 2899 genus
2078 2842 2296 2884 eorum.
2332 2831 2563 2887 Summa
2602 2807 2807 2905 quippe
2839 2836 3015 2904 gloria
3055 2838 3222 2891 etiam
3289 2838 3564 2894 hactenus
3639 2836 3735 2891 Ju-

452 2905 591 2961 «lzeis
617 2917 727 2971 est,
757 2913 906 2980 quod
971 2922 1160 2984 patres
1225 2920 1606 2988 apostolorum
1670 2922 1927 2979 fuerint:

2013 2927 2235 2982 tametsi
2298 2928 2403 3000 ipsi
2462 2943 2562 3000 per
2621 2946 2683 2985 se
2749 2931 2965 3001 iuglorii
3035 2933 3147 2988 sint
3201 2941 3256 2986 et
3314 2934 3732 2989 abominabiles-

451 2999 762 3063 Possumus
816 3018 874 3063 et
926 3010 1075 3067 hunc
1134 3015 1413 3083 psalmum
1476 3017 1588 3089 regi
1646 3027 1844 3075 nostro
1895 3021 2040 3076 ﬁdeli
2116 3024 2560 3089 accommodare,
2642 3033 2697 3079 et
2747 3026 3015 3083 adversus
3103 3026 3354 3083 inﬁdeles
3434 3027 3731 3100 Barbaros,

449 3097 919 3163 quemadmodum
998 3104 1240 3163 diximus
1312 3110 1561 3180 proxime
1637 3113 2037 3181 praecedentem
2078 3116 2245 3170 etiam
2269 3117 2672 3173 accommodari
2704 3133 2888 3189 posse.

442 3188 551 3256 Εἰς
580 3189 648 3243 τὸ
676 3191 849 3262 τέλος
876 3197 1029 3293 ὑπὲρ
1062 3198 1174 3293 τῆς
1205 3202 1588 3293 ἁνςιξήψζεὲως
1643 3206 1756 3277 τῆς
1786 3206 2037 3275 ἑωθινῆς

2149 3208 2215 3263 In
2249 3211 2407 3279 finem
2434 3227 2531 3280 pro
2554 3210 2760 3266 auxilio
2801 3212 3065 3266 matutino
3115 3211 3365 3267 Psalmus
3405 3212 3508 3293 ipsi
3541 3213 3730 3268 David.

950 3270 1196 3339 ψαλμὸς
1232 3274 1312 3336 τῷ
1337 3270 1538 3329 Δαϐίδ.

1021 3362 1323 3417 ΨΔΛΜΟΣ
1355 3368 1488 3421 KA’.

537 3444 597 3497 ὀ
614 3444 830 3517 ψαλμδς
854 3443 1015 3514 οὗτος
1050 3455 1308 3526 φανερῶς
1346 3460 1426 3521 εἰς
1474 3459 1709 3529 Χριστὸν
1730 3462 1996 3530 ἀνάγεται
2022 3478 2036 3493 ο

448 3539 892 3609 προαναγορεὺει
926 3543 1034 3614 γὰρ
1070 3545 1141 3600 τὰ
1180 3550 1276 3602 τοῦ
1303 3549 1768 3622 προσλήμματος,
1822 3556 1915 3607 καὶ
1971 3555 2039 3608 τὰ

444 3629 544 3681 τοῦ
590 3634 865 3702 σωτηρίου
917 3635 1127 3701 πάθους
1181 3641 1375 3708 αὐτοῦ,
1433 3643 1469 3698 ἃ
1513 3644 1665 3709 τέλος
1726 3647 2038 3716 εἰλήφασιν.

462 3719 635 3788 ’Υπὲρ
670 3722 783 3791 τῆς
805 3726 1192 3798 ἀντιλήψεως
1240 3733 1297 3785 δὲ
1334 3734 1768 3807 ἐπιγέγραπται,
1835 3739 1923 3793 διὰ
1978 3740 2039 3792 τὸ

450 3814 732 3885 περιέχειν
767 3816 1002 3887 ἱκεσίαν,
1035 3821 1177 3893 ὑπὲρ
1208 3823 1302 3877 τοῦ
1328 3824 1505 3878 ἐλθεῖν
1538 3829 1690 3899 αὐτῷ
1745 3829 1897 3901 παρὰ
1939 3829 2036 3883 τοῦ

449 3908 666 3977 Πατρὸς
697 3910 866 3981 ἐντῷ
912 3914 1096 3986 καιρῷ
1152 3917 1247 3970 τοῦ
1316 3918 1547 3985 πάθους,
1608 3924 1691 3984 εἰς
1748 3924 2038 3993 ἀντίληψιν

442 3999 807 4067 ὲνισχύουσαν
833 4018 848 4034 ο
884 4002 999 4071 τῆς
1029 4006 1281 4074 ἑωθινῆς
1307 4010 1365 4064 δὲ
1400 4012 1757 4082 πρόσκειται,
1786 4017 1908 4068 ἀντί
1936 4018 2038 4085 τῆς

440 4090 539 4143 τοῦ
568 4093 827 4163 Χριστοῦ.
857 4096 1096 4167 Ὅρθρος
1124 4101 1235 4170 γὰρ
1262 4095 1419 4166 οὗτος
1452 4103 1803 4175 ὀνομάζεται,
1835 4110 1864 4162 ὅ
1889 4110 2038 4163 ἐστιν

440 4182 664 4250 ἡμέρας
700 4184 864 4256 ἀρχή.
913 4189 1128 4253 Ὄντως
1179 4194 1289 4261 γὰρ
1344 4195 1624 4250 ἀνέτειλεν
1651 4200 1785 4269 ἡμῖν
1830 4203 1946 4264 τοῖς
1978 4202 2038 4254 ἐν

441 4274 630 4328 σκότει
654 4277 753 4347 τῆς
786 4278 996 4349 πλάνης
1062 4284 1404 4354 καθημένοις
1458 4288 1614 4360 ἦλιος
1658 4291 2034 4363 δικαιοσύνης,

440 4367 540 4418 καὶ
572 4366 688 4434 φῶς
714 4372 989 4436 γνώσεως.
1034 4375 1271 4431 Ἰκέτευε
1298 4379 1354 4431 δὲ
1413 4381 1491 4445 ὡς
1542 4382 1854 4453 ἄνθρωπος,
1886 4387 2036 4440 διδά-

440 4474 595 4510 σκων
624 4457 882 4531 εὔχεσθαι
908 4465 1052 4520 κατὰ
1073 4467 1167 4522 τὸν
1193 4468 1290 4523 τοῦ
1329 4472 1568 4527 θανάτου
1602 4477 1821 4549 καιρόν.
1870 4462 2036 4533 Φύσει

2386 3428 2391 3429 ,
2708 3370 3030 3428 PSALMUS
3057 3370 3203 3426 XXI.

2214 3461 2466 3518 Praesens
2491 3461 2747 3518 Psalmus
2813 3463 3262 3520 manifestissime
3320 3467 3386 3520 ad
3450 3464 3730 3522 Christum

2142 3554 2471 3610 referendus
2501 3563 2608 3619 est,
2647 3563 2701 3609 et
2727 3558 2899 3608 multa
2929 3555 3203 3626 praedicit,
3239 3572 3362 3627 quae
3393 3556 3461 3611 ad
3515 3572 3732 3612 assum-

2141 3656 2288 3717 ptam
2314 3664 2538 3704 carnem
2566 3657 2621 3704 et
2641 3649 2706 3704 ad
2739 3649 3042 3703 salutarem
3089 3650 3212 3719 eius
3239 3650 3550 3719 passionem
3610 3666 3734 3720 per-

2143 3741 2340 3806 liuent,
2366 3749 2419 3795 et
2441 3739 2554 3810 jam
2614 3740 2776 3795 ﬁnem
2831 3756 2991 3795 suum
3066 3750 3366 3797 consecuta
3415 3750 3567 3799 sunt.
3625 3742 3731 3797 Pro

2140 3832 2340 3885 auxilio
2377 3844 2559 3886 autem
2615 3831 2741 3887 ideo
2771 3832 3101 3903 inscriptum
3136 3839 3241 3895 est,
3277 3833 3409 3904 quia
3442 3834 3728 3903 supplica-

2139 3924 2347 3979 tionem
2377 3923 2587 3979 Christi
2648 3927 2921 3989 continet,
2976 3940 3084 3996 qua
3141 3925 3422 3995 passionis
3480 3938 3730 3996 tempore

2142 4030 2169 4068 a
2215 4014 2380 4070 Patre
2407 4016 2673 4069 auxilium
2704 4016 2881 4085 petiit.
2909 4015 3235 4071 Matutinum
3253 4034 3388 4073 vero
3413 4033 3509 4072 seu
3539 4021 3727 4084 etiam,

2140 4118 2199 4162 ut
2227 4108 2415 4163 Graeca
2477 4108 2651 4180 dictio
2708 4118 2890 4172 sonat,
2937 4109 3206 4164 orientale
3269 4109 3536 4164 auxilium
3592 4111 3730 4162 Pro-

2140 4201 2301 4270 pheta
2332 4200 2612 4255 Christum
2652 4200 2968 4270 appellavit,
3004 4200 3097 4268 qui
3134 4215 3294 4254 mane
3328 4207 3495 4269 atque
3540 4201 3727 4255 oriens

2138 4299 2393 4351 vocatur,
2426 4289 2529 4345 hoc
2557 4298 2640 4344 est
2669 4288 2777 4343 diei
2804 4289 3165 4360 principium.
3197 4288 3337 4344 Vere
3368 4291 3517 4344 enim
3568 4291 3730 4344 nobis

2142 4381 2431 4446 Dominus,
2463 4382 2789 4438 sedentibus
2816 4382 2872 4436 in
2908 4381 3103 4437 umbra
3138 4380 3361 4446 mortis,
3397 4397 3507 4436 non
3564 4398 3727 4437 secus

2142 4489 2205 4528 ac
2229 4473 2313 4528 sol
2338 4472 2564 4543 quidam
2585 4472 2819 4543 iustitiae
2841 4481 3001 4529 ortus
3028 4480 3135 4537 est,
3170 4488 3267 4528 seu
3292 4473 3478 4527 lumen
3538 4474 3725 4528 scien-

436 4546 554 4641 γὰρ
587 4548 711 4641 τοτε
732 4553 826 4604 καὶ
853 4555 882 4606 ὁ
909 4554 1056 4608 πάνυ
1085 4556 1320 4625 δίκαιος,
1354 4561 1531 4635 δειλιᾷ
1575 4565 1636 4620 τὸ
1701 4546 1891 4622 itauva
1932 4571 2029 4641 τῆς

2147 4568 2245 4623 tiae.
2277 4567 2432 4634 Quod
2466 4576 2650 4623 autem
2680 4567 2973 4637 supplicat,
3009 4565 3140 4621 facit
3203 4574 3467 4637 tanquam
3535 4567 3724 4633 homo,

437 4639 796 4734 διαζεύξεως.
830 4647 991 4712 Τινὲς
1022 4649 1077 4704 δὲ
1099 4652 1353 4719 νοοῦντες
1387 4656 1650 4728 πρόθεσιν
1676 4662 1799 4715 ἀντὶ
1826 4639 2031 4734 προθε-

442 4747 606 4795 σεως.
640 4733 766 4797 ἔθος
809 4738 921 4811 γὰρ
966 4742 1063 4796 καὶ
1101 4744 1262 4799 τοῦτο
1316 4749 1430 4811 τοῖς
1476 4750 1732 4816 παλαιοῖς
1774 4733 1910 4822 φασὶ
1944 4757 2036 4810 τὸν

435 4822 657 4892 ψαλμὸν
678 4826 868 4883 τοῦτον
897 4826 1042 4887 εἶναι
1069 4836 1203 4903 περὶ
1242 4839 1353 4892 τῶν
1382 4842 1575 4895 παθῶν
1613 4843 1710 4897 τοῦ
1767 4846 1812 4899 Χ
1823 4848 2034 4918 ριστοῦ.

436 4914 749 5008 ταῦταγάρ
776 4922 927 4976 ἐστιν
957 4925 1191 4999 ἑωθεινὴ
1211 4928 1522 5001 ἀντίληψις,
1564 4934 1649 4988 ὅτι
1677 4936 1803 4991 τότε
1824 4914 2037 5008 ⁷μᾶλλον

436 5004 774 5061 ἀντελάσετο
803 5010 963 5081 ἡμῶν
989 5015 1018 5067 ὁ
1037 5014 1301 5085 δηλωθεὶς
1317 5017 1535 5089 ὄρθρος,
1572 5021 1601 5075 ὅ
1626 5022 1744 5076 ἐστι
1772 5004 2033 5095 Χριστὸς,

435 5099 657 5173 θανάτῳ
686 5106 922 5176 νικήσας
958 5106 1052 5160 τὸν
1082 5109 1146 5162 τὸ
1170 5111 1380 5182 κράτος
1413 5113 1612 5183 ἔχοντα
1633 5115 1733 5169 τοῦ
1769 5115 2032 5172 θανάτου.

2131 4669 2322 4715 utnos
2343 4674 2504 4715 orare
2560 4660 2808 4726 doceret,
2846 4659 2900 4713 in
2933 4658 3131 4715 mortis
3192 4669 3441 4729 tempore
3482 4677 3496 4713 :
3550 4675 3731 4730 quau-

2132 4750 2430 4821 doquidem
2458 4752 2506 4806 is
2534 4752 2702 4807 etiam
2757 4751 2852 4821 qui
2901 4757 3100 4805 natura
3196 4751 3315 4821 ipsa
3382 4751 3729 4819 iustissimus

2131 4850 2238 4907 est,
2266 4850 2493 4913 propter
2527 4842 2800 4897 insuetatu
2835 4842 3034 4897 animae
3092 4857 3156 4897 ac
3196 4842 3448 4911 corporis
3514 4843 3725 4913 disjun-

2132 4933 2371 4989 ctioncm
2407 4944 2542 4991 tunc
2570 4934 2839 5004 temporis
2889 4931 3148 4988 formidat
3207 4949 3273 4989 ac
3329 4934 3723 5003 perhorrescit.

2132 5025 2369 5093 Quidam
2405 5041 2536 5081 vero
2572 5012 3019 5097 praepositionem
3047 5042 3171 5096 pro,
3202 5026 3324 5081 loco
3375 5024 3723 5096 praepositio-

2138 5121 2227 5174 nis
2258 5116 2346 5183 de,
2381 5117 2619 5187 positam
2650 5133 2776 5174 esse
2846 5120 3222 5190 iutelligentes
3286 5118 3370 5186 (ut
3419 5116 3553 5172 alibi
3606 5114 3723 5183 ple-

435 5213 672 5270 rumque
705 5202 1022 5274 reperitur),
1060 5206 1216 5262 aiunt
1280 5210 1556 5277 psalmum
1619 5215 1769 5270 hunc
1846 5216 1914 5270 de
1997 5214 2202 5271 Christi
2264 5215 2615 5286 passiouihus
2669 5219 3048 5289 conscriptum
3113 5231 3256 5271 esse.
3309 5212 3517 5268 Christi
3573 5211 3716 5265 enim

433 5293 722 5358 passiones
790 5295 1092 5366 signiﬁcari
1156 5299 1372 5366 dicunt,
1443 5320 1541 5374 per
1612 5307 1878 5363 auxilium
1937 5310 2318 5376 matutinum;
2401 5309 2529 5379 quia
2614 5319 3042 5367 commemorato
3114 5306 3390 5378 passionis
3467 5313 3718 5373 tempore

435 5400 617 5451 mane,
647 5386 808 5455 illud,
840 5398 1011 5460 atque
1058 5392 1267 5459 oriens,
1293 5397 1442 5466 quod
1470 5400 1737 5468 diximus,
1767 5406 1875 5461 hoc
1907 5414 2013 5461 est.
2056 5405 2313 5461 Christus
2344 5423 2358 5472 ;
2390 5408 2689 5461 maximum
2727 5408 2887 5463 nobis
2918 5407 3185 5461 auxilium
3272 5399 3548 5472 praestitit,
3618 5399 3720 5454 dc-

432 5476 576 5533 victo
601 5495 699 5550 per
732 5491 972 5536 mortem
1007 5486 1304 5555 propriam,
1340 5491 1432 5546 illo
1469 5503 1703 5562 tyranno
1730 5500 1825 5567 qui
1866 5500 2060 5554 mortis
2085 5510 2247 5554 antea
2278 5500 2566 5570 imperium
2606 5509 2998 5569 occupaverat.

509 5574 563 5628 '0
599 5577 773 5644 Θεὸς,
808 5570 849 5632 ’ό
880 5578 1028 5645 Θεός
1048 5598 1190 5651 μορ,
1222 5586 1492 5655 πρόσχες
1513 5580 1642 5657 μοι,
1698 5595 1857 5648 ινατι
1920 5594 2021 5664 ἐγ-

424 5664 748 5732 κατέλιπές
772 5682 859 5737 με
877 5682 892 5699 ’
948 5667 1165 5745 Αειλξας
1220 5672 1320 5741 μὲν
1371 5673 1722 5748 ἀνθρωπίνης
1758 5681 1786 5733 ὁ
1817 5679 1974 5749 λόγος
2007 5699 2020 5714 ·

479 5853 527 5885 ⁶⁷
563 5850 736 5910 Joan.
793 5862 919 5916 xlv,
972 5849 1027 5905 9.
1107 5850 1154 5883 "
1192 5851 1565 5923 Mattli._xxi,
1606 5856 1700 5912 45.

2201 5593 2370 5651 Vens.
2401 5595 2457 5648 2.
2495 5595 2638 5650 Deus
2670 5610 2818 5649 meus
2857 5593 3061 5660 respice
3084 5593 3137 5645 in
3178 5608 3259 5645 me
3288 5605 3454 5659 quare
3496 5603 3578 5641 me
3625 5586 3717 5639 de-

2134 5683 2433 5753 reliquisti?
2464 5683 2728 5739 llmnauae
2762 5690 2845 5739 est
2877 5680 3189 5737 formidinis
3223 5695 3432 5745 sermo.
3461 5693 3573 5750 quo
3600 5690 3717 5731 ma-
