4116 6428
462 308 569 372 277

1620 319 2014 383 COMMENT.
2058 322 2137 382 IN
2168 324 2532 386 PSALMOS.

3630 330 3732 391 5273

534 415 621 468 Σὺ
645 416 714 469 δὲ
737 417 807 471 ὲν
826 419 976 487 ἁγιῳ
998 423 1312 490 κατοικεῖς,
1333 427 1365 478 ὀ
1381 424 1631 492 ἔπαινος
1654 427 1762 481 τοῦ
1782 426 2053 496 Ἰσραήλ.

2237 427 2400 484 Vsus.
2434 430 2485 484 4.
2523 430 2599 484 Tu
2632 440 2830 497 autem,
2879 431 3119 494 Domine,
3157 435 3210 487 in
3265 446 3451 488 sancto
3501 437 3735 505 habitas,

462 509 664 575 Ἀγιον
702 511 863 564 καλεῖ
883 513 978 566 τὸν
1032 516 1315 585 ἡνωμένον
1338 519 1516 589 ἑαυτῷ
1547 520 1673 574 Υἱὺν
1730 521 1824 574 καὶ
1896 522 2049 576 Θεόν.

464 602 582 654 Καὶ
611 604 669 654 ἐν
690 603 767 672 τῷ
799 604 1109 677 εὐαγγελίῳ
1129 608 1207 670 δὲ,
1241 610 1407 681 φησίν
1428 628 1441 642 ·
1477 611 1626 681 Ἐγὼ
1650 612 1718 666 ἐν
1740 613 1819 666 τῶ
1846 613 2049 683 Πατρὶ,

460 695 565 749 καὶ
595 700 627 748 o'
649 696 856 763 Πατὴρ
875 698 946 751 ἐν
966 700 1119 769 ἐμοί.
1146 701 1406 765 Ἐπαινος
1428 703 1484 757 δὲ
1504 704 1599 758 τοῦ
1636 705 1870 776 Ἰσραὴλ,
1896 708 1924 759 ὁ
1947 708 2057 760 Πα-

461 787 602 856 τὴρ,
623 788 709 840 ὅτι
737 786 990 842 Ἰουδαῖοι
1011 790 1112 861 τὴν
1137 790 1468 861 θεογνωσίαν
1501 797 1662 858 μόνον
1682 797 2055 866 ὲνεκαυχῶντο

466 878 545 949 μὴ
588 880 876 943 ποιοῦντες
905 884 1084 950 κρῖμα
1128 884 1225 935 καὶ
1260 884 1633 956 δικαιοσύνην,
1682 887 1805 956 μηδ’
1837 886 2055 959 ἔχοντες

462 970 700 1043 ἀρετήν.
734 973 833 1026 Διὰ
860 973 917 1027 δὲ
946 974 1043 1026 τοῦ
1076 976 1274 1040 εἰπεῖν,
1295 978 1377 1030 ὅτι
1411 979 1704 1042 Κατοικεῖς
1733 980 1794 1031 ἐν
1814 981 1891 1046 τῷ
1915 979 2052 1048 Υἱῷ,

465 1060 696 1127 ἔδειξεν,
738 1064 817 1116 ὅτι
886 1064 1032 1117 θέλει
1074 1068 1168 1119 καὶ
1205 1068 1234 1120 ὁ
1268 1068 1396 1132 Υἱὸς
1460 1071 1559 1141 τὴν
1611 1071 1888 1141 σωτηρὲαν
1946 1071 2056 1125 τῶν

462 1154 805 1223 ἀνθρώπων,
857 1159 952 1212 καὶ
1000 1160 1101 1212 οὐκ
1158 1161 1477 1215 ἀποσείεται
1526 1162 1618 1215 τὸν
1678 1163 1906 1218 θάνατον
1958 1163 2054 1217 τοῦ

462 1244 946 1315 προσλήμματος·
1006 1247 1067 1301 ἐν
1121 1248 1231 1323 γὰρ
1279 1250 1359 1321 τῷ
1416 1253 1594 1322 Πατρὶ
1647 1254 1743 1306 καὶ
1802 1251 1880 1323 τῷ
1938 1252 2055 1323 Υῐῷ

465 1334 708 1407 θέλημα.
800 1384 809 1391 .

549 1514 679 1567 Ἐπὶ
713 1515 815 1569 σοι
857 1515 1135 1586 ἤλπισαν
1161 1523 1217 1575 oi
1244 1521 1496 1591 πατέρες
1533 1523 1735 1591 ἡμῶν·
1755 1524 2054 1595 ἤλπισαν,

462 1604 567 1658 καὶ
592 1606 825 1674 ἐρῤὐσω
839 1611 1067 1675 αὐτούς
1085 1625 1101 1643 ³
1123 1614 1273 1681 πρὸς
1294 1614 1369 1667 σὲ
1386 1615 1745 1684 ἐκέκραξαν,
1793 1618 1887 1671 καὶ
1905 1619 2027 1672 ἐσὼ
2043 1650 2057 1659 -

465 1700 700 1763 θησαν·
730 1699 1259 1770 ἐπὶσοὶῆλπισαν,
1286 1705 1383 1760 καὶ
1411 1708 1484 1762 οὐ
1512 1710 2056 1779 κατῃσχύνθησαν.

2163 521 2282 577 laus
2324 522 2522 578 Israel.
2555 523 2659 580 Per
2688 534 2971 592 sanctum,
2995 526 3116 581 Filii
3144 544 3439 598 personam
3461 533 3737 602 intelligit,

2162 615 2417 671 humana:
2453 618 2810 685 conjunctam
2885 630 3116 675 naturae.
3168 622 3280 693 Ego
3310 624 3477 687 enim,
3534 626 3735 695 inquit,

2162 708 2215 760 in
2252 707 2416 763 Patre
2444 721 2491 765 et
2528 708 2694 764 Pater
2728 712 2781 765 in
2811 729 2891 767 me
2919 723 2996 767 est
3018 715 3087 767 ⁷³.
3139 714 3285 771 Laus
3336 716 3499 788 igitur
3548 719 3737 790 populi

2162 799 2351 867 Israel,
2391 801 2532 858 Deus
2562 802 2727 859 Pater
2746 817 2851 872 est,
2883 807 2975 875 qui
3008 806 3219 862 habitat
3263 809 3316 862 in
3365 807 3520 863 Filio.
3559 808 3731 864 Judaei

2162 895 2389 964 quippe,
2418 896 2569 955 solos
2597 913 2656 953 se
2706 908 3045 969 cognoscere
3104 900 3277 955 Deum
3334 902 3736 971 gloriabantur,

2164 989 2380 1042 tametsi
2425 1004 2525 1044 nec
2543 978 2813 1060 judicium
2839 991 3108 1055 facerent,
3149 1009 3250 1048 nec
3279 994 3577 1061 justitiam,
3640 1011 3740 1048 nec

2165 1078 2428 1131 virtutmn
2489 1081 2716 1136 semitas
2770 1090 3139 1137 sectarentur.
3170 1083 3243 1137 iis
3307 1094 3489 1138 autem
3558 1086 3739 1139 verbis

2164 1169 2368 1238 quibus
2425 1169 2644 1227 Patrem
2682 1173 2759 1227 ait
2805 1174 3057 1230 habitare
3091 1176 3146 1229 in
3183 1174 3345 1240 Filio,
3391 1175 3742 1233 demonstrat

2165 1260 2311 1329 quod
2345 1260 2518 1317 Filius
2548 1270 2602 1317 et
2642 1265 2878 1320 salutem
2916 1266 3202 1322 hominum
3232 1267 3526 1337 optaverit,
3563 1279 3616 1324 et
3649 1285 3739 1323 as-

2164 1351 2368 1421 sumpti
2392 1354 2645 1425 corporis
2675 1365 2907 1411 mortem
2935 1373 3044 1413 non
3070 1361 3428 1415 recusaverit.
3454 1359 3570 1416 Una
3596 1364 3741 1416 enim

2163 1454 2330 1515 atque
2361 1447 2551 1502 eadem
2571 1456 2659 1503 est
2696 1447 2844 1504 Patri
2876 1449 3130 1521 Filioque
3164 1452 3446 1509 voluntas.

2237 1535 2406 1593 Vens.
2440 1539 2494 1594 5.
2530 1538 2597 1594 1η
2634 1549 2681 1595 te
2702 1551 3047 1606 speraverant
3076 1553 3257 1613 patres
3282 1546 3474 1610 nostri,
3510 1562 3746 1614 sperave-

2166 1639 2289 1685 runt
2327 1638 2376 1685 et
2408 1631 2649 1686 liberasti
2679 1649 2792 1695 eos,
2845 1634 2916 1687 ad
2948 1645 2998 1689 te
3045 1635 3417 1695 clamauerunt
3449 1646 3499 1689 et
3551 1638 3746 1692 saleati

2165 1733 2311 1789 sunt,
2338 1724 2463 1779 inte
2510 1735 2921 1793 speraveruntet
2952 1743 3055 1782 non
3081 1736 3206 1782 sunt
3231 1728 3465 1798 confusi.
3490 1727 3740 1799 Seipsum

464 1791 775 1859 Ζεύγνυσιν
828 1794 1148 1859 ὲαυτδντοίς
1181 1798 1674 1870 ὲπηρεαζομένοις,
1724 1804 1817 1856 καὶ
1861 1804 2052 1885 φησὶν,

2163 1785 2546 1872 cumaiﬂictis
2573 1818 2884 1889 conjungit,
2912 1828 3076 1889 atque
3117 1820 3234 1874 ait:
3269 1785 3742 1887 Quemadmodum

465 1884 544 1949 ὥς
570 1885 623 1939 οἱ
671 1886 815 1941 κατὰ
834 1890 1014 1959 σάρκα
1042 1892 1285 1959 πατέρες
1321 1893 1499 1964 ἡμῶν,
1527 1894 1576 1947 οἱ
1615 1895 1721 1966 πρὸ
1781 1896 1880 1964 τῆς
1909 1884 2054 1967 ιμῆνς

463 1979 766 2050 ἐπιδημίας
801 1982 859 2034 ἐν
886 1981 966 2055 τῷ
991 1981 1092 2055 βίῳ
1143 1984 1479 2056 λάμψαντες,
1516 1988 1611 2041 ἐπὶ
1654 1990 1738 2042 σοι
1755 1989 2022 2061 ἤλπισαν,

466 2072 564 2126 καὶ
592 2072 912 2143 βοήσαντες,
945 2075 1296 2148 ὲρρύσθησαν
1317 2078 1426 2151 τῶν
1451 2078 1732 2135 κινδύνων.
1776 2080 2053 2145 Ἐκείνους

464 2163 564 2217 οῦν
588 2162 747 2232 κάγὼ
774 2165 1142 2237 μιμούμενος,
1177 2168 1255 2234 ὡς
1288 2171 1475 2241 ὅμοιος
1499 2172 1706 2237 αὐτοῖς,
1734 2171 1939 2243 ὁμοίως
1957 2175 2053 2227 καὶ

476 2253 636 2318 αὑτός
668 2256 939 2326 ποιοῦμαι
979 2259 1082 2329 τὴν
1139 2259 1350 2334 δέησιν.
1403 2261 1646 2333 Σύνηθες
1688 2262 1745 2317 δὲ
1782 2262 1861 2329 τῷ
1918 2265 2056 2334 Προ-

483 2348 734 2421 φήτῃτας
761 2350 944 2416 λέξεις
978 2352 1243 2417 πολλάκις
1267 2355 1620 2421 ἀναδιπλοῦν,
1649 2356 1745 2410 καὶ
1775 2355 2058 2426 τριπλοῦν,

485 2441 566 2502 si;
591 2440 823 2509 ἔμφασιν
851 2441 946 2495 τοῦ
994 2444 1152 2496 τόνου
1214 2443 1314 2514 τῆς
1350 2446 1619 2516 καρδίας.
1656 2446 1945 2516 Λύτρωσιν
1990 2446 2051 2501 δὲ

479 2532 717 2586 κινδύνου
755 2533 1016 2600 λέγουσιν
1042 2535 1092 2587 οἱ
1147 2534 1308 2604 σοφοὶ
1361 2535 1430 2588 τὰ
1478 2535 1622 2602 θεῖα,
1652 2538 1712 2590 οῦ
1748 2538 1908 2607 μόνον
1965 2540 2058 2591 ἐπὶ

473 2621 749 2694 σώματος,
783 2625 921 2678 ἀλλὰ
951 2624 1133 2697 πολλῷ
1194 2626 1398 2696 μᾶλλον
1429 2628 1520 2681 ἐπὶ
1544 2628 1749 2698 ψυχῆς,
1776 2629 1906 2682 ὅταν
1927 2646 2056 2696 γεν-

469 2715 637 2781 ναίως
674 2717 976 2786 ὶνεγκοῦσα
995 2720 1097 2782 τὰς
1120 2720 1337 2787 ὀδύνας,
1381 2722 1545 2790 μηδὲν
1602 2722 1852 2776 ἐντεῦθεν
1906 2723 2054 2797 πάθῃ

466 2806 604 2875 περὶ
625 2805 722 2879 τὴν
764 2809 1048 2880 πρόθεσιν.
1097 2811 1258 2866 Οὕτω
1299 2817 1410 2884 γὰρ
1469 2816 1521 2868 oi
1573 2816 1852 2887 μάρτυρες
1903 2818 2060 2870 ἀναι-

465 2898 747 2972 ρεθέντες,
781 2904 1129 2975 νενικηκέναι
1152 2904 1404 2974 λέγονται
1439 2907 1527 2961 διὰ
1558 2907 1619 2962 τὸ
1648 2909 1925 2980 ἀήττητον
1952 2909 2056 2979 τῆς

463 2990 673 3063 ψυχῆς.

2164 1913 2349 1973 patres
2381 1904 2557 1960 nostri
2593 1906 2900 1961 secundum
2953 1923 3200 1974 carnem,
3243 1909 3335 1979 qui
3374 1914 3504 1963 ante
3560 1922 3741 1963 meum

2163 1993 2484 2059 adventum,
2521 1994 2575 2048 in
2611 1995 2713 2049 hac
2739 1996 2851 2050 vita
2890 1997 3026 2051 clari
3064 1990 3217 2052 fuere
3268 2004 3636 2067 speraverunt
3688 1996 3743 2051 in

2163 2093 2236 2149 te,
2270 2092 2323 2140 et
2353 2086 2656 2141 clamantes
2688 2086 2756 2143 ad
2788 2096 2839 2141 te
2864 2087 2916 2141 in
2968 2086 3253 2158 periculis,
3283 2102 3349 2143 ex
3403 2087 3473 2144 iis
3520 2087 3737 2144 liberati

2162 2185 2321 2233 sunt:
2366 2176 2444 2232 ita
2477 2192 2579 2247 ego
2608 2177 2732 2234 illos
2759 2178 3029 2244 imitatus,
3058 2195 3122 2234 ac
3167 2180 3334 2235 veluti
3386 2179 3606 2235 illorum
3665 2181 3744 2233 si—

2163 2268 2335 2332 milis,
2361 2268 2572 2325 similes
2633 2270 2800 2325 etiam
2836 2272 2903 2324 ad
2937 2277 2990 2325 te
3039 2271 3321 2327 eli‘undam
3376 2282 3591 2342 preces.
3648 2268 3746 2323 Est

2162 2369 2346 2417 autem
2378 2360 2775 2432 praphetaruni
2809 2375 2948 2427 mos,
2976 2369 3037 2417 ut
3094 2362 3161 2417 ad
3215 2361 3480 2430 majorem
3522 2362 3746 2431 empha-

2162 2454 2290 2517 sim,
2321 2460 2487 2523 atque
2517 2463 2577 2508 ut
2603 2454 2973 2510 intensionem
3009 2454 3259 2510 cordium
3294 2469 3521 2511 suorum
3548 2452 3745 2507 melius

2161 2540 2465 2606 declarent,
2493 2543 2771 2600 dictiones
2807 2559 2871 2599 ac
2918 2543 3229 2599 sententias
3284 2543 3608 2612 plerumque
3660 2557 3747 2595 rc-

2160 2643 2351 2703 petant
2381 2643 2435 2690 et
2470 2635 2774 2691 inculcent.
2811 2630 3325 2691 Perliberationcm
3360 2642 3544 2689 autem
3580 2648 3610 2686 a
3650 2647 3747 2702 po—

2159 2726 2373 2789 ricniis,
2429 2725 2465 2781 ii
2498 2727 2589 2797 qui
2644 2711 2699 2781 in
2761 2729 2941 2784 sacris
2985 2727 3297 2797 Seripturis
3357 2725 3502 2781 docti
3555 2738 3620 2777 ac
3649 2723 3742 2777 diu

2153 2819 2354 2873 versati
2393 2826 2546 2883 sunt,
2574 2832 2683 2873 non
2726 2818 2981 2889 corporis
3042 2818 3246 2882 solum,
3300 2830 3491 2871 verum
3543 2816 3745 2869 animae

2154 2910 2333 2980 magis
2393 2909 2783 2966 liberationem
2834 2910 3190 2978 intelligunt:
3255 2907 3478 2978 quando
3533 2906 3746 2960 scilicet

2155 3005 2336 3058 anima
2378 3002 2597 3060 dolores
2636 3019 2829 3059 omnes
2854 3018 2918 3058 ac
2955 3001 3226 3072 supplicia
3270 3015 3536 3070 generose
3563 2999 3745 3061 ferens

464 3084 610 3139 nihil
661 3084 811 3142 illinc
866 3088 920 3141 in
951 3102 1056 3143 suo
1092 3088 1306 3144 laeditur
1351 3089 1658 3160 proposito.
1708 3088 1824 3146 Hoc
1879 3100 2042 3160 pacto
2080 3099 2307 3148 sam-tos
2339 3100 2638 3165 martyres,
2720 3093 2938 3147 tametsi
2985 3090 3151 3146 occisi
3218 3088 3466 3151 fuerint,
3539 3087 3746 3144 vicisse

464 3176 734 3245 dicimus,
770 3187 824 3233 et
854 3179 1121 3237 liberatos
1152 3196 1298 3246 esse,
1324 3190 1552 3253 propter
1576 3183 1840 3238 invictam
1873 3184 2137 3238 nimirum
2162 3183 2360 3239 animae
2376 3185 2781 3239 fortitudinem.

555 3267 710 3338 Ἐγὼ
735 3267 804 3321 δέ
827 3271 947 3338 ειμι
977 3270 1251 3338 σκώληξ,
1291 3271 1389 3324 καὶ
1422 3273 1535 3326 οὐκ
1572 3270 1886 3339 ἄνθρωπος
1915 3270 2051 3343 (79).

2237 3272 2401 3329 Vens.
2436 3275 2490 3328 '7.
2528 3273 2639 3341 Ego
2698 3282 2874 3329 auten:
2936 3290 3053 3327 sum
3101 3271 3294 3327 vermis
3325 3279 3374 3325 et
3407 3286 3511 3323 non
3568 3269 3743 3322 homo.

463 3360 648 3415 Τοῦτο
674 3357 823 3423 εἷπε,
852 3361 1133 3416 ταπεινῶν
1162 3350 1391 3419 ἐαυτόνί
1412 3365 1522 3419 Καὶ
1554 3366 1721 3419 Aemo
1741 3365 1852 3435 γὰρ
1870 3368 1898 3419 ό
1925 3382 2061 3435 προι

467 3455 655 3525 φήτης
685 3456 783 3509 καὶ
814 3454 1093 3525 βασιλεὺς,
1126 3456 1265 3511 κῦνα
1306 3456 1611 3527 τεθνηκότα
1665 3458 1825 3512 καλεῖ
1863 3458 2060 3512 ἑαυτὸν

468 3547 531 3598 ἰν
565 3548 632 3616 τῇ
666 3544 835 3617 βίϐλῳ
872 3545 984 3599 τῶν
1042 3545 1360 3623 Βασιλειῶν.
1419 3548 1480 3602 El
1510 3549 1558 3601 δ’
1597 3551 1627 3603 ό
1673 3550 2059 3622 ἀναμάρτητος

479 3636 875 3710 Ἶησοῦςοῦτως
905 3641 1099 3693 ἑαυτὸν
1116 3641 1458 3709 φαυλίζει,τί
1473 3641 1709 3713 ἆνήμεϊς
1732 3645 1780 3695 οἱ
1798 3642 2062 3714 ἁμαρτω·-
2107 3659 2116 3669 ·

434 3767 446 3777 .
472 3730 565 3784 λοὶ
633 3731 729 3785 καὶ
764 3729 964 3797 φαῦλοι
1034 3733 1355 3803 ποιήσωμεν
1381 3748 1396 3796 ;
1428 3733 1563 3786 Φασὶ
1577 3733 1633 3787 δέ
1660 3750 1827 3797 τινες,
1846 3733 1935 3788 διὰ
1959 3735 2059 3804 τὴν

468 3821 830 3878 ἀωνδίαστον
848 3822 1009 3876 τοῦτο
1031 3823 1263 3895 ῥηθῆναι
1287 3824 1565 3895 γέννησιν.
1618 3825 1708 3889 Ὠς
1726 3828 1836 3896 γὰρ
1857 3827 1885 3879 ό
1916 3826 2060 3879 σκώ-

470 3912 581 3981 ληξ
605 3912 815 3968 ἄνωθεν
846 3913 1176 3980 ἐπελθόντος
1209 3914 1304 3969 τοῦ
1332 3914 1519 3979 ὑετοῦ,
1547 3919 1612 3987 τῇ
1631 3920 1701 3990 γῇ
1750 3919 2059 3987 κυΐσκεται,

471 4005 624 4061 οὕτω
658 4007 752 4060 καὶ⁵
789 4009 816 4060 ὁ
846 4008 1108 4078 Χριστὸς,
1134 4009 1342 4063 ἄνωθεν
1369 4009 1698 4073 omnem;
1755 4011 1850 4064 τοῦ
1900 4012 2059 4078 εει-,ζου

458 4094 799 4165 σΠνεύματος
824 4098 890 4167 τῇ
917 4096 1580 4170 Παρθένῳ,υγεγέννηται.
1604 4099 1833 4172 Σκὼληξ
1861 4101 1961 4171 μὲν
1996 4103 2061 4155 ἂν

471 4187 694 4254 λέγοιτο
728 4187 816 4241 διὰ
844 4190 1049 4243 ταῦτα·
1109 4189 1398 4262 ἄνθρωπος
1452 4191 1509 4244 δὲ
1565 4192 1749 4258 πάλιν,
1809 4195 1898 4247 διὰ
1962 4196 2061 4266 τὴν

474 4281 738 4352 ὑπερφυῆ
772 4281 1030 4351 γέννησιν
1086 4283 1182 4336 καὶ
1229 4282 1518 4354 σύλληψιν.
1584 4286 1654 4338 Ἦ
1710 4286 1807 4339 καὶ
1862 4285 2060 4353 ἄλλως,

471 4375 564 4427 ὅτι
592 4373 784 4444 δέλεαρ
809 4376 923 4438 τοῖς
968 4374 1221 4444 δαίμοσιν
1269 4376 1460 4446 ἐφόρει
1508 4377 1608 4447 τὴν
1631 4377 1835 4448 σάρκα,
1874 4379 1965 4447 ὑφ’
1995 4382 2062 4451 ἥν

470 4463 540 4515 τὺ
571 4462 671 4532 τῆς
690 4461 950 4533 θεότητος
979 4464 1290 4537 ἐκρύπτετο
1341 4466 1642 4540 ἄγκιστρον
1661 4487 1675 4500 ·
1737 4469 1931 4541 δέλεαρ
1953 4472 2061 4539 γὰρ

476 4554 684 4628 ἰχθύων
713 4554 1254 4633 όσκώληξ.Ἐγένετο
1281 4559 1392 4630 γὰρ
1413 4560 1608 4632 δέλεαρ
1632 4562 1712 4624 εἰς
1744 4560 1950 4615 ἅλωσιν
1970 4562 2060 4615 τοῦ

2166 3365 2279 3420 Hoc
2309 3367 2474 3419 etiam
2506 3380 2569 3417 ex
2589 3378 2827 3430 persona
2858 3362 3065 3418 Christi
3089 3361 3244 3426 dicit,
3273 3359 3531 3429 seipsum
3559 3357 3746 3412 humi-

2164 3457 2347 3511 liantis
2373 3455 2507 3528 (79).
2529 3457 2646 3512 Hoc
2668 3466 2829 3527 pacto
2854 3456 3047 3511 beatus
3084 3454 3249 3508 etiam
3271 3450 3465 3514 David,
3494 3450 3585 3519 qui
3613 3449 3747 3503 alio-

2162 3551 2291 3619 quin
2320 3556 2373 3602 et
2402 3548 2667 3619 propheta
2700 3558 2837 3605 erat.
2881 3555 2936 3602 et
2979 3562 3096 3609 rex.
3121 3559 3315 3602 canem
3357 3558 3417 3600 se
3462 3550 3737 3597 mortuum

2162 3637 2491 3707 appellabat,
2516 3638 2647 3693 utin
2675 3638 2835 3694 libris
2862 3637 3070 3709 Regum
3090 3637 3342 3707 legimus.
3369 3634 3529 3701 Quod
3562 3633 3607 3688 si
3637 3632 3745 3685 Do-

2164 3731 2346 3787 minus
2376 3729 2538 3785 .lesus
2569 3732 2661 3800 qui
2695 3731 2815 3785 sine
2846 3736 3074 3800 peccato
3104 3737 3247 3795 erat,
3284 3742 3343 3784 se
3374 3727 3554 3797 ipsum
3611 3724 3746 3780 adeo

2164 3822 2470 3891 vilipendit,
2499 3821 2628 3892 quid
2665 3821 2977 3877 faciendum
3017 3820 3178 3876 nobis
3213 3828 3317 3885 est,
3344 3820 3439 3890 qui
3459 3826 3516 3874 et
3547 3833 3745 3889 pecca-

2163 3924 2313 3968 tores
2343 3922 2396 3967 et
2428 3915 2562 3968 adeo
2595 3914 2820 3969 inutiles
2848 3913 3082 3969 sumus?
3105 3912 3340 3979 Quidam
3369 3920 3563 3982 putant
3584 3909 3746 3962 verba

2163 4006 2331 4074 hujus
2358 4007 2637 4071 versiculi,
2668 4007 2816 4059 dicta
2852 4020 2978 4060 esse
3008 4012 3233 4075 propter
3260 4003 3558 4057 humanam
3587 4000 3749 4055 Chri-

2166 4097 2237 4151 sti
2280 4095 2722 4165 generationem,
2748 4110 2872 4165 qute
2903 4096 3111 4163 absque
3142 4093 3255 4148 ulla
3321 4084 3424 4146 viri
3457 4091 3563 4146 fuit
3616 4106 3750 4145 conc

2164 4188 2476 4259 iunctione:
2515 4196 2574 4241 ut
2603 4187 2920 4257 huiusmodi
2987 4187 3168 4241 verbis
3204 4184 3337 4238 illud
3387 4184 3551 4239 nobis
3607 4184 3750 4237 imii-

2165 4286 2347 4342 cetur,
2373 4279 2520 4349 quod
2576 4277 3042 4348 quemadmodum
3104 4275 3313 4330 vermis
3353 4289 3384 4329 e
3417 4272 3600 4344 pluvia
3657 4288 3753 4327 na—
3853 4354 3855 4357 ι

2168 4373 2343 4426 scitur
2375 4372 2611 4440 desuper
2642 4370 2696 4425 in
2756 4377 2958 4424 terram
2983 4367 3262 4430 veniente,
3302 4367 3376 4421 ita
3413 4373 3467 4421 et
3490 4365 3750 4420 Christus

2168 4449 2411 4534 superno
2435 4464 2614 4519 sancti
2649 4461 2890 4533 Spiritus
2923 4462 2976 4516 in
3040 4460 3319 4531 Virginem
3382 4458 3623 4515 adventu
3679 4457 3751 4509 sit

2169 4569 2483 4626 generatus.
2520 4557 2601 4613 0b
2637 4557 2776 4610 hanc
2817 4556 2982 4625 igitur
3017 4555 3285 4609 rationem
3325 4552 3604 4615 Christus,
3631 4565 3754 4605 ver.-

472 4645 678 4715 νοητοῦ
701 4646 924 4718 κήτους,
975 4647 1072 4701 τοῦ
1116 4652 1182 4721 τῇ
1215 4650 1462 4723 θαλάσσῃ
1488 4652 1584 4705 τοῦ
1621 4652 1885 4722 παρόντος
1948 4652 2064 4723 βίου

2175 4652 2280 4705 mis
2306 4651 2527 4714 dicitur,
2553 4651 2698 4720 quod
2733 4650 2839 4704 alia
2866 4648 3093 4718 insuper
3111 4648 3326 4702 ratione
3343 4645 3749 4707 dicituretiam,

471 4738 867 4810 ὲννηχομένου.
914 4740 1007 4810 Τῷ
1045 4742 1144 4813 τῆς
1175 4741 1432 4815 Θεότητος
1453 4742 1512 4797 δὲ
1547 4743 1832 4816 ἀγκίστρῳ
1867 4761 2060 4816 nepte-

473 4828 614 4899 τέθη
638 4830 679 4901 ἡ
709 4831 1092 4903 ἀνθρωπότης.
1128 4833 1187 4887 'O
1216 4834 1385 4904 κῆτος
1412 4835 1474 4888 τὸ
1500 4834 1697 4907 δέλεαρ
1725 4835 2061 4907 περιχανὼν,

2169 4756 2281 4796 non
2314 4744 2502 4808 homo,
2539 4751 2762 4813 propter
2832 4742 3256 4810 conceptionem
3296 4738 3445 4793 illam
3497 4736 3753 4792 nimirum

2172 4840 2228 4886 et
2260 4830 2670 4902 generationem
2694 4831 2816 4901 ejus
2839 4829 3335 4902 superuaturalem,
3356 4842 3480 4899 quae
3502 4827 3759 4882 humanas

474 4919 683 4992 ἀτελὴς
727 4923 828 4994 μὲν
858 4922 919 4978 τὸ
944 4920 1104 4991 εἶδος,
1129 4925 1483 4996 ἀφανιστικδς
1511 4925 1569 4979 δὲ
1592 4926 1692 4996 τῆς
1739 4926 1870 4996 ὕλης
1887 4943 1903 4960 ο
1921 4925 2065 4981 οὕτω

2171 4925 2545 4995 generationis
2570 4923 2818 4979 ordinem
2844 4938 2951 4978 non
2981 4923 3246 4979 servavit.
3266 4919 3371 4977 "Vel
3399 4920 3594 4975 aliter:
3627 4919 3754 4987 quia

475 5015 580 5069 καὶ
602 5016 632 5070 ό
647 5016 907 5087 Χριστὸς,
933 5017 1135 5089 ἀτελὴς
1171 5019 1271 5090 μὲν
1298 5014 1366 5090 ἦν
1389 5018 1450 5072 τδ
1473 5019 1802 5091 φαινόμενον
1822 5036 1838 5051 ’
1860 5019 2064 5089 ἀφανι-

478 5106 673 5171 στικδς
696 5107 779 5176 δὲ,
809 5106 915 5176 τῆς
938 5107 1331 5181 ἀντικειμένης
1355 5110 1665 5182 δυνάμεως.

2174 5031 2389 5073 vermes
2419 5017 2472 5071 in
2504 5032 2688 5073 escam
2726 5016 2976 5088 piscibus
3021 5016 3140 5070 dari
3185 5016 3392 5077 solent,
3421 5013 3513 5068 dic
3545 5025 3609 5065 ea
3669 5024 3741 5061 ra-

2171 5110 2323 5163 tione
2349 5108 2633 5165 Christum
2659 5124 2900 5164 vermem
2934 5107 3196 5179 appellari
3230 5121 3417 5178 posse,
3469 5102 3599 5175 quia
3637 5100 3757 5168 ejus

470 5216 632 5267 caro,
684 5202 788 5257 sub
838 5215 949 5272 qua
1004 5201 1266 5258 diunitas
1313 5201 1483 5258 veluti
1526 5202 1785 5258 occultus
1839 5202 2064 5272 quidam
2105 5199 2304 5255 bamus
2329 5199 2552 5267 latebat,
2582 5199 2760 5257 instar
2784 5200 2987 5257 vermis
3026 5197 3173 5255 iacta
3201 5206 3288 5253 est
3327 5210 3477 5260 esca,
3507 5195 3559 5249 in
3627 5205 3758 5260 rap-

474 5306 663 5351 turam
695 5294 1085 5352 intellectualis
1115 5294 1263 5351 illius
1308 5296 1437 5362 ceti,
1463 5297 1558 5369 qui
1613 5297 1666 5350 in
1716 5299 1856 5351 mari
1916 5295 2205 5366 praesentis
2238 5295 2365 5350 vita:
2403 5294 2755 5350 versabatur.
2826 5292 2965 5349 Nam
3026 5292 3151 5348 cum
3210 5297 3367 5345 cetus
3433 5286 3759 5342 oscitabun-

473 5394 586 5449 dus
638 5391 705 5447 ad
748 5392 902 5448 illam
959 5406 1145 5448 escam
1196 5391 1398 5457 hiaret,
1458 5392 1648 5448 latenti
1695 5393 1807 5447 illic
1861 5393 2025 5448 hamo
2070 5391 2382 5447 divinitatis
2412 5399 2732 5462 penetratus
2761 5399 2867 5446 est.
2939 5387 3035 5445 Vel
3077 5384 3206 5457 quia
3271 5380 3474 5437 vermis
3537 5383 3755 5437 tametsi

549 5571 596 5605 "
624 5569 788 5627 Joan.
826 5584 882 5634 ι,
919 5567 1011 5623 58.

682 5728 709 5743 δ
868 5628 879 5634 ⁷
1819 5628 2016 5718 Variis
2046 5656 2374 5719 lectiones.

520 5768 659 5843 '(79)
695 5767 900 5824 Graeca
935 5762 1103 5819 verba
1130 5763 1204 5819 ita
1226 5771 1424 5820 sonant
1460 5780 1473 5816 :
1507 5764 1618 5819 Hoc
1646 5761 1805 5824 dixit.
1844 5763 2068 5831 seipt'ttm
2106 5762 2420 5815 humilium.
