4116 6420
439 335 553 400 279

1623 350 2013 414 EUTHYMII
2049 357 2377 418 ZIGABEN
2390 360 2427 422 I,

3602 368 3707 434 280

438 451 623 520 specie
643 450 874 523 exiguus
906 454 999 517 sit,
1025 457 1252 510 materia
1278 464 1458 512 tamen
1495 466 1840 518 corroocndo
1864 464 2010 521 delet
2048 476 2103 522 et
2131 485 2192 522 ac
2222 472 2421 542 perdit,
2455 474 2528 526 ita
2554 482 2609 528 et
2640 473 2897 532 Christus
2959 476 3087 533 licet
3143 487 3371 548 aspectu
3445 496 3508 536 ac
3569 497 3711 551 prte-

439 547 615 601 sentia
644 548 805 605 exilis
830 549 1131 615 videretur,
1195 554 1504 608 contrarias
1563 563 1744 611 tamen
1771 572 1832 611 ac
1865 560 1971 613 sibi
2016 561 2337 618 resistentes
2381 565 2692 621 daemonum
2726 576 2893 639 atque
2938 570 3168 625 aliorum
3232 579 3538 642 potestates
3595 577 3713 630 σις’

442 642 706 716 perdidit.

523 733 880 806 Opprobrium
930 737 1201 791 hominum
1239 750 1289 794 et
1342 743 1597 814 neglectio
1658 704 1845 811 plebis:
1896 745 2023 801 Haec
2054 750 2100 807 Α

438 828 605 884 verba
665 827 962 885 manifeSte
1001 833 1378 900 praenuntiant
1430 851 1493 891 ea
1550 851 1676 907 quae
1736 836 2023 894 Passionis

439 933 690 991 tempore
721 920 899 978 Judaei
952 925 1357 982 contumeliose
1412 929 1677 984 adversus
1728 927 2022 985 Dominum

439 1015 723 1078 dixerunt,
753 1016 1049 1074 illudentcs
1084 1018 1342 1075 nimirum
1369 1027 1425 1076 et
1441 1020 1780 1078 deridentes.
1806 1022 2022 1093 Oppro-

437 1105 620 1160 brium
651 1115 834 1162 autem
868 1108 1156 1163 hominum
1184 1119 1239 1166 et
1274 1111 1673 1182 neglectionem
1721 1114 1905 1184 populi
1939 1116 2025 1169 in-

441 1195 649 1266 tellige,
685 1205 744 1251 ut
772 1197 915 1252 idem
947 1199 1285 1270 signiﬁcent.
1317 1200 1707 1259 Perhomines
1726 1213 1910 1259 autem
1934 1205 2023 1259 hic

440 1286 722 1343 Romanos
754 1287 955 1345 milites
991 1289 1257 1362 intellige,
1285 1300 1337 1347 et
1373 1307 1469 1363 per
1493 1293 1730 1363 plebem,
1765 1294 2022 1363 populum

435 1375 773 1432 Judzeorum.

515 1467 680 1523 Vens.
719 1469 773 1533 8,
818 1468 871 1524 9.
910 1470 1105 1526 Omnes
1149 1472 1381 1526 videntes
1437 1490 1518 1528 me
1564 1473 2027 1530 subsannaveruut

439 1577 558 1625 me;
598 1560 763 1617 locuti
791 1571 915 1616 sunt
949 1562 1107 1618 labiis
1146 1572 1197 1618 et
1230 1575 1501 1619 moverunt
1535 1576 1689 1633 caput
1725 1582 1743 1620 :
1781 1568 2024 1635 Speravit

440 1650 493 1702 in
514 1649 763 1713 Domino,
789 1654 984 1723 eripiat
1009 1669 1150 1721 eum,
1170 1656 1374 1710 salvum
1402 1656 1573 1725 faciat
1595 1673 1733 1723 eum,
1772 1660 2025 1728 quoniam

436 1743 545 1796 vult
584 1760 723 1797 eum.
761 1742 884 1800 Haec
927 1745 1282 1815 apertissime
1329 1746 1578 1803 invenies
1616 1748 1820 1818 scripta
1881 1751 2024 1820 apud

444 1832 752 1888 Mattltaeum
784 1834 847 1891 ⁷³.
875 1835 967 1890 Ait
985 1837 1131 1891 enim
1152 1837 1300 1907 quod
1338 1836 1412 1892 illi
1460 1839 1553 1910 qui
1588 1841 2024 1910 pertransibant,

439 1925 918 1995 blasphemabant,
946 1939 1231 1987 moventes
1251 1931 1430 2001 capita
1467 1946 1589 1998 sua,
1618 1941 1673 1985 et
1707 1932 1815 1988 alia
1848 1934 2026 1990 dicen-

437 2026 544 2078 tes.
580 2033 702 2087 quae
738 2020 851 2075 illic
878 2030 1208 2092 sequuntur.

510 2107 681 2168 Vnus.
722 2112 808 2168 10.
849 2113 1115 2179 Quoniam
1149 2128 1205 2169 tu
1227 2134 1282 2172 es
1336 2118 1438 2187 qui
1477 2120 1761 2174 extruxisti
1821 2138 1901 2176 me
1958 2123 2024 2178 de

442 2209 637 2252 ventre.
666 2198 779 2254 Viri
817 2202 1015 2271 copula
1059 2202 1345 2274 virginalia
1379 2205 1590 2260 ventris
1624 2206 1867 2261 claustra
1897 2222 2025 2278 ape-

438 2289 505 2342 rit
534 2307 548 2344 :
575 2290 884 2346 immissum
904 2293 1046 2347 enim
1083 2309 1273 2350 semen
1298 2296 1628 2352 naturaliter
1662 2297 1876 2352 vulvam
1896 2313 2023 2368 ape—

435 2380 529 2447 rit,
565 2397 684 2451 quae
715 2382 975 2456 deinceps
994 2385 1318 2442 conclusum
1358 2388 1493 2443 illud
1543 2388 1810 2455 continet,
1847 2390 2023 2453 donec

436 2471 604 2527 fretus
644 2475 985 2544 perficiatur.
1019 2478 1098 2533 Ac
1120 2478 1339 2533 demum
1369 2481 1610 2550 pondere
1639 2490 1861 2551 gravata
1901 2499 2024 2537 tur-

436 2576 559 2616 sum
588 2565 851 2633 aperitur,
884 2575 940 2622 et
964 2566 1155 2622 {cetum
1188 2569 1297 2623 labi
1331 2570 1616 2640 permittit.
1644 2570 1702 2626 In
1733 2571 2022 2629 Salvatore

436 2665 620 2710 autem
652 2667 843 2713 nostro
883 2660 1352 2729 quemadmodum
1379 2665 1665 2734 conceptio
1691 2665 1897 2737 absque
1916 2669 2021 2722 ulla

438 2745 544 2802 fuit
610 2748 713 2803 viri
776 2750 995 2820 copula,
1057 2752 1130 2806 ita
1185 2760 1241 2808 et
1274 2756 1593 2825 progressio
1657 2756 1800 2813 fetus
1853 2774 2020 2831 supra

436 2848 690 2894 naturam
775 2842 987 2897 exstitit
1041 2861 1055 2902 :
1118 2844 1237 2915 ipsa
1303 2845 1517 2902 scilicet
1582 2848 1767 2905 divina
1810 2851 1863 2906 vi
1920 2852 2022 2909 loe-

443 2941 567 2988 tum
605 2933 952 3001 extrahente,
1008 2946 1061 2991 et
1095 2937 1354 3008 virgineis
1401 2938 1658 2996 claustris
1706 2943 2020 3000 nullatenus

435 3024 664 3092 apertis.

509 3113 642 3184 Spes
674 3133 789 3172 mea
818 3118 883 3173 ab
927 3119 1176 3177 uberibus
1209 3124 1396 3178 matris
1429 3139 1578 3179 mete.
1634 3126 1718 3182 Tu
1778 3127 1847 3183 ab
1876 3128 2016 3199 ipso,

436 3207 639 3277 inquit,
666 3210 807 3267 lacte
832 3211 981 3268 fuisti
1020 3229 1151 3285 spes
1175 3231 1316 3271 mea.
1353 3217 1431 3271 Ex
1462 3217 1558 3273 illo
1590 3221 1736 3273 enim
1774 3228 2019 3292 tempore

436 3299 667 3368 cognovi
702 3316 829 3370 spes
867 3318 1020 3360 meas
1072 3320 1265 3363 omnes
1326 3308 1378 3361 in
1400 3323 1508 3363 uno
1537 3310 1836 3369 collocatas
1871 3328 2014 3369 esse:

433 3388 667 3445 edoctus
692 3393 954 3447 nimirum
993 3410 1023 3449 a
1052 3395 1342 3452 divinitate
1358 3399 1491 3453 mihi
1524 3401 1841 3472 conjuncta.
1864 3402 2018 3458 Scri-

438 3481 518 3535 bit
538 3482 683 3536 enim
717 3483 786 3539 de
804 3484 1026 3542 Christo
1056 3486 1236 3543 Lucas
1268 3489 1313 3520 7‘
1358 3491 1504 3559 quod
1543 3507 1682 3561 pucr
1713 3496 2016 3561 crescebat,

438 3580 602 3641 atque
629 3573 1004 3632 invalescebat
1025 3579 1248 3647 spiritu,
1273 3588 1328 3636 et
1379 3580 1692 3651 replebatur
1723 3583 2041 3653 sapientia,_

436 3675 490 3718 et
522 3666 696 3735 gratia
730 3666 821 3722 Dei
857 3677 976 3723 erat
1005 3684 1130 3724 cum
1157 3672 1272 3728 illo.

521 3755 689 3814 Vens.
714 3760 803 3825 il,
832 3761 920 3817 12.
956 3760 1024 3815 1η
1060 3770 1109 3818 te
1146 3764 1415 3834 projectus
1441 3783 1559 3822 sum
1591 3783 1657 3821 ea:
1683 3775 1856 3825 utero.
1883 3769 2016 3824 Pro-

439 3850 722 3906 curatione
753 3860 864 3917 tua,
895 3852 1096 3922 inquit,
1118 3856 1397 3925 projectns
1420 3873 1541 3914 sum
1566 3874 1630 3914 ex
1651 3871 1830 3928 utero,
1848 3863 2016 3918 veluti

436 3942 528 4012 qui
551 3950 757 4011 patrem
793 3944 847 3997 in
882 3952 1025 4000 terra
1062 3947 1270 4002 nullum
1296 3948 1485 4004 habui.

506 4035 549 4088 Α
578 4047 755 4090 uentre
783 4039 974 4093 matris
1001 4055 1129 4093 mete
1167 4039 1312 4096 Deus
1343 4059 1491 4096 meus
1548 4058 1604 4098 es
1662 4053 1738 4101 tu.
1797 4045 2014 4115 Statim,

437 4128 635 4198 inquit,
662 4138 713 4183 te
745 4132 912 4186 Deum
948 4134 1201 4200 cognovi.
1237 4135 1466 4191 edoctus
1487 4139 1556 4193 ab
1587 4138 1706 4209 ipsa
1734 4141 2019 4201 divinitate

437 4227 497 4272 ut
522 4220 843 4289 praedictum
894 4233 998 4281 est.
1033 4226 1071 4278 Δ
1113 4234 1291 4281 ventre
1325 4236 1504 4282 autem
1568 4228 1729 4296 dixit,
1758 4234 1844 4287 vel
1887 4236 2016 4305 quia

435 4312 489 4366 in
517 4328 684 4370 carne
707 4326 846 4382 erat,
865 4318 948 4372 vel
976 4318 1104 4388 quia
1133 4335 1392 4389 egressus
1424 4318 1490 4376 de
1518 4330 1708 4378 ventre
1755 4322 1894 4396 [haec
1914 4342 2015 4382 au-

2203 749 2476 815 Ὀνειδος
2532 748 2879 817 ἀνθρώπων,
2934 751 3036 805 καὶ
3094 751 3473 821 ἐξουθένημα
3534 751 3710 806 λαοῦ.

2130 838 2304 894 Τοῦτο
2340 841 2711 913 προαγορεύει
2758 844 2966 913 σαφῶς,
2990 844 3025 898 ἂ
3053 846 3132 907 εἰς
3184 845 3347 898 αὐτὸν
3381 847 3715 916 πεπαρῳνή-

2131 949 2260 986 κασι
2300 932 2441 986 κατὰ
2470 933 2560 986 τὸν
2585 934 2777 1005 καιρὸν
2814 934 2911 989 τοῦ
2945 935 3172 1001 πάθους,
3221 937 3586 1002 ἐμπαίζοντες
3622 937 3719 989 καὶ

2128 1022 2502 1092 χλευάζοντες.
2559 1024 2671 1077 Καὶ
2698 1024 2894 1077 ταύτὸν
2927 1024 3026 1095 μὲν
3057 1024 3124 1078 ἂν
3170 1024 3260 1094 εἴη
3286 1022 3348 1076 τὸ
3389 1023 3592 1086 ὄνειδος
3624 1024 3719 1074 ἀν-

2129 1115 2400 1186 θρώπων,
2442 1115 2558 1188 (80)
2598 1117 2659 1170 τὸ
2687 1116 3028 1187 ἐξουθένημα
3072 1116 3227 1172 λαοῦ.
3274 1116 3345 1169 Ἦ
3377 1114 3582 1178 ὄνειδος
3617 1116 3718 1185 μὲν

2128 1207 2585 1279 ἀνθρώπων,τῶν
2614 1210 2679 1262 ἐκ
2712 1208 2932 1282 Ῥώμης
2964 1208 3317 1280 στρατιωτῶν
3336 1225 3349 1240 ’
3376 1207 3718 1277 ἐξουθένημα

2126 1300 2184 1353 δὲ
2214 1299 2367 1363 λαοῦ,
2394 1300 2504 1352 τῶν
2538 1300 2828 1355 Ἰουδαίων.

2201 1483 2434 1549 Πάντες
2490 1486 2545 1538 οι
2597 1482 2964 1552 θεωροῦντες
3006 1499 3105 1551 με,
3163 1481 3585 1552 ἑμυκτήρισάν
3617 1499 3719 1550 με,

2127 1576 2448 1644 ἐλάλησαν
2470 1577 2542 1631 ἐν
2563 1578 2864 1646 χείλεσιν,
2902 1575 3206 1642 ἐκίνησαν
3236 1575 3537 1644 κεφαλήν,
3571 1577 3722 1630 Ἦλ-

2130 1684 2315 1722 πισεν
2344 1668 2444 1722 ἐπὶ
2481 1668 2721 1739 Κύριον,
2757 1666 3057 1736 ῥυσάσθω
3076 1668 3285 1734 αὐτόν,
3329 1666 3583 1721 σωσάτω
3614 1668 3719 1721 αὑ-

2125 1762 2256 1827 τὸν,
2286 1762 2374 1815 ὅτι
2410 1760 2572 1815 θέλει
2602 1761 2812 1816 αὐτόν.
2855 1759 3046 1814 Ταῦτα
3081 1759 3271 1827 σαφῶς
3291 1759 3547 1829 εὑρήσεις
3567 1759 3723 1830 παρὰ

2125 1854 2205 1925 τῷ
2265 1853 2531 1924 Ματθατῳ
2595 1855 2857 1922 κειμενα’
2914 1855 3048 1923 φησι
3095 1853 3240 1922 γάρ·
3291 1854 3357 1906 Οὶ
3407 1851 3475 1905 δὲ
3524 1866 3725 1920 παρα-

2127 1946 2520 2013 πορευόμενοι
2583 1943 3027 2012 ἐϐλασφήμουν
3092 1940 3284 1996 αὐτὸν
3309 1982 3326 2008 ,
3402 1938 3726 2005 κινοῦντες

2129 2038 2233 2104 τὰς
2256 2035 2525 2108 κεφαλὰς
2549 2034 2773 2099 αὐτῶν,
2800 2034 2900 2089 καὶ
2925 2037 3235 2104 λέγοντες,
3267 2033 3363 2086 καὶ
3386 2030 3458 2084 τὰ
3489 2030 3643 2100 ἑξῆς.
3682 2080 3683 2083 η

2201 2129 2332 2184 Ὅτι
2364 2128 2446 2184 σὺ
2468 2125 2530 2183 ετ
2551 2131 2585 2183 ό
2609 2126 2933 2191 ἐπισπάσας
2967 2141 3041 2196 με
3064 2125 3133 2178 ἐκ
3173 2122 3452 2195 γαστρός.
3503 2120 3727 2191 Ἀνδρδς

2134 2223 2234 2294 μὲν
2261 2222 2450 2292 ὁμιλία
2504 2219 2715 2275 διαλύει
2746 2218 2818 2273 τὰ
2850 2215 3162 2289 παρθενικὰ
3201 2214 3318 2285 (8!)
3348 2213 3577 2284 κλεῖθρα
3617 2212 3727 2281 τῆς

2133 2315 2371 2385 σαρκός·
2422 2312 2854 2384 ἀκοντιζόμενον
2906 2311 2965 2365 δὲ
3015 2309 3078 2364 τὸ
3145 2309 3411 2380 σπέρμα,
3473 2306 3728 2376 φυσικῶς

2129 2407 2340 2475 ἀνοίγει
2364 2405 2463 2479 τὴν
2496 2407 2712 2478 μήτραν
2736 2423 2752 2437 ·
2778 2403 2921 2475 αὕτη
2956 2404 3014 2457 δὲ
3057 2402 3247 2457 λοιπὸν
3286 2400 3532 2471 μύσασα,
3565 2398 3731 2451 συνέ-

2130 2519 2216 2572 χει
2249 2500 2431 2564 τοῦτο,
2491 2498 2685 2570 μέχρις
2742 2497 2810 2552 ἂν
2861 2498 2942 2561 εἰς
3000 2495 3212 2567 βρέφος
3254 2489 3723 2562 τελεσιουργηθῇο

2131 2592 2224 2646 καὶ
2254 2590 2398 2644 οὕτω
2445 2589 2919 2660 στενοχωρηθεῖσα
2977 2586 3141 2640 πάλιν
3177 2585 3254 2657 τῷ
3293 2580 3723 2654 δγκῳηάνοίγε-

2128 2700 2220 2737 ται
2286 2682 2382 2736 καὶ
2444 2683 2862 2752 παραχωρείται
2892 2680 3067 2750 τούτῳ
3122 2675 3524 2731 διολισθαὶνειν.
3593 2672 3727 2728 Ἑπὶ

2128 2772 2187 2826 δὲ
2245 2772 2338 2826 τοῦ
2397 2771 2686 2843 Σωτῆρος,
2719 2769 2909 2842 ὥσπερ
2942 2767 3071 2823 ἄνευ
3106 2766 3321 2837 ὁμιλίας
3359 2767 3391 2835 ἡ
3424 2762 3724 2834 σύλληψις,

2129 2864 2272 2919 οὕτω
2322 2864 2416 2918 καὶ
2453 2866 2486 2933 ὴ
2516 2862 2744 2934 πρόοδος
2796 2859 2893 2913 τοῦ
2947 2858 3187 2929 βρέφους
3248 2856 3559 2927 ὑπερφυὴς,
3612 2853 3727 2922 τῆς

2128 2957 2223 3012 τοῦ
2268 2956 2407 3010 Θεοῦ
2454 2955 2742 3025 δυνάμεως
2778 2952 3087 3023 ἑλκυσάσης
3112 2951 3261 3015 αὐτὸ,
3307 2949 3417 3003 τῶν
3445 2947 3723 3017 κλείθρων

2132 3044 2398 3121 μηδαμῶς
2452 3047 2806 3116 ἀνοιγὲντων.

2209 3139 2281 3195 Ἦ
2319 3140 2494 3206 ἐλπίς
2523 3157 2643 3208 μου
2673 3138 2791 3193 ἀπὸ
2840 3137 3093 3208 μαστῶν
3130 3136 3241 3203 τῆς
3279 3133 3509 3203 μητρός
3565 3148 3718 3200 μου.

2141 3233 2203 3287 Ἡ
2233 3231 2390 3295 ὲλπις
2457 3248 2560 3302 μου
2593 3233 2651 3297 ἐξ
2692 3230 2863 3300 αὐτῆς
2904 3229 3092 3300 θηλῆς.
3137 3228 3272 3280 Ἀπὸ
3315 3226 3439 3278 τότε
3490 3225 3601 3294 γάρ
3650 3239 3721 3275 σε

2126 3321 2446 3392 ἐγνώριζον,
2500 3322 2693 3376 ἐλπίδα
2756 3338 2859 3391 μου
2902 3319 3235 3380 συνετισθεὶς
3287 3317 3390 3369 ὑπὸ
3446 3315 3543 3381 τῆς
3576 3314 3723 3365 ἐνω-

2129 3414 2314 3483 θείσης
2343 3431 2433 3484 μοι
2460 3412 2734 3484 θεότητος.
2778 3412 2916 3481 Φησὶ
2947 3411 3002 3464 δὲ
3036 3411 3166 3481 περὶ
3208 3408 3399 3461 τούτου
3448 3405 3665 3466 Λουκᾶς
3697 3418 3717 3433 θ

2129 3507 2198 3561 Τὸ
2238 3506 2482 3561 παιδίον
2530 3506 2782 3572 ηὔξανε,
2822 3504 2921 3560 καὶ
2961 3500 3347 3573 ἐκραταιοῦτο
3399 3499 3479 3565 τῷ
3527 3498 3718 3551 πνεύ-

2116 3615 2282 3668 ματι,
2325 3600 2753 3668 πληρούμενον
2798 3602 3043 3668 σοφίας,
3096 3594 3192 3649 καὶ
3229 3593 3402 3664 χάρις
3444 3591 3593 3647 Θεοῦ
3631 3585 3722 3659 ἦν

2123 3689 2216 3744 ἐπ’
2254 3691 2430 3747 αὐτό.

2209 3783 2333 3838 Ἐπὶ
2369 3785 2446 3838 σὲ
2471 3784 2802 3854 ἐπεῤῥίφην
2853 3785 2922 3837 ἐκ
2970 3781 3223 3850 μήτρας.
3275 3781 3354 3850 Τῇ
3404 3779 3469 3849 σῇ
3529 3775 3721 3847 σκέπῃ

2121 3874 2451 3945 ὲπεῤῥίφην,
2485 3869 2574 3928 οἷα
2612 3874 2687 3945 μὴ
2722 3874 2863 3945 ἔχων
2888 3872 2981 3927 ἐπὶ
3012 3873 3113 3943 γῆς
3150 3870 3384 3941 πατέρα.

2201 4055 2346 4109 Ἀπὸ
2390 4055 2650 4125 γαστρὸς
2671 4055 2895 4126 μητρός
2917 4072 3038 4124 μου
3075 4052 3220 4118 Θεός
3245 4068 3365 4120 μου
3390 4044 3453 4104 εἴ
3469 4048 3573 4103 σύ.
3603 4046 3714 4099 Εὑ-

2118 4146 2212 4210 θῦς
2241 4147 2299 4201 σὲ
2335 4148 2469 4202 Θεὸν
2522 4149 2790 4217 ἐπέγνων,
2833 4145 3190 4213 συνετισθεὶς,
3218 4144 3294 4208 ὡς
3353 4142 3708 4214 προείρηται.

2118 4239 2193 4293 Τὸ
2225 4241 2269 4294 δ’
2299 4242 2419 4296 ἀπὸ
2450 4246 2733 4313 γαστρός,
2765 4243 2797 4312 ἢ
2834 4243 2915 4295 ὃτι
2950 4243 3007 4294 ἐν
3036 4243 3103 4312 τῇ
3135 4238 3337 4311 γαστρὶ
3390 4235 3502 4308 (82)
3534 4233 3631 4301 ὢν,
3669 4233 3707 4303 ἧ

2115 4332 2197 4386 ὅτι
2221 4332 2322 4403 τῆς
2359 4336 2598 4408 γαστρὸς
2620 4334 2872 4400 ἐξελθών.

435 4410 542 4458 tem
576 4419 639 4458 ex
676 4404 890 4462 Christi
946 4422 1185 4477 persona
1232 4410 1374 4464 dicta
1430 4421 1577 4467 sunt.
1633 4411 1765 4484 Ego.
1818 4415 2016 4486 inquit,
2053 4415 2197 4479 Deus
2227 4427 2447 4495 quidem
2467 4404 2613 4491 sum,
2643 4436 2699 4482 et
2755 4427 2901 4482 ﬁlius
2935 4435 3198 4490 aaternus,
3268 4422 3363 4480 sed
3407 4432 3705 4492 postquam

434 4495 567 4550 mihi
597 4511 821 4552 carnem
850 4498 902 4551 in
926 4507 1082 4556 utero
1112 4501 1340 4571 virginis
1357 4514 1596 4559 creatam
1623 4510 1921 4578 assumpsi,
1944 4526 2009 4566 ex
2052 4520 2255 4582 tunc,o
2290 4527 2464 4587 pater,
2499 4530 2556 4574 tu
2599 4521 2741 4575 Deus
2768 4532 2923 4574 meus
2942 4534 3023 4574 es.

514 4585 928 4659 Nediscesseris
965 4607 999 4644 a
1028 4607 1130 4658 me,
1156 4594 1406 4661 quoniam
1438 4597 1711 4652 tribulatio
1764 4602 2011 4667 proxima

2187 4585 2302 4679 Mh—
2333 4610 2609 4679 ἀποστῇς
2654 4610 2757 4665 ἀπ’
2789 4611 2958 4681 ἐμοῦ,
2990 4609 3079 4664 ὅτι
3127 4610 3337 4678 θλίψις
3379 4609 3583 4678 ἐγγὺς,
3611 4608 3707 4662 ὅτι

431 4687 531 4745 est,
563 4681 817 4749 quoniam
850 4699 952 4737 non
977 4692 1076 4753 est,
1094 4687 1183 4755 qui
1214 4686 1426 4754 adiuvet
1458 4706 1559 4743 me.
1590 4689 1665 4746 De
1701 4691 1802 4748 hoc
1837 4694 2005 4749 etiam

427 4771 655 4828 tradunt
682 4775 1052 4846 evangelista,
1085 4778 1415 4849 quodCcepit
1463 4781 1637 4837 tristis
1681 4799 1745 4837 ac
1799 4789 2007 4842 mcestis

426 4882 559 4932 esse,
589 4878 643 4922 et
671 4882 882 4934 rursus,
907 4870 1051 4940 quod
1086 4870 1335 4942 discipuli
1356 4891 1532 4930 omnes
1563 4875 1747 4930 relicto
1780 4893 1839 4931 eo
1856 4878 2009 4950 fuge-

426 4967 573 5013 runt.

490 5051 661 5109 VERS.
704 5054 788 5111 15.
840 5056 1317 5114 Circumdederunt
1360 5076 1441 5115 me
1466 5061 1619 5116 vituli
1647 5061 1825 5132 multi,
1863 5068 2007 5121 tauri

425 5143 648 5215 pingues
687 5145 1005 5204 obsederunt
1039 5167 1138 5205 me.
1197 5150 1300 5206 Per
1359 5152 1559 5207 vitulos
1612 5153 1877 5223 plebeiam
1913 5158 2014 5215 Ju-

427 5233 673 5292 daeorum
708 5240 1115 5298 multitudinem
1147 5242 1429 5315 intelligit,
1462 5242 1627 5298 veluti
1664 5245 2008 5315 juventutem

427 5329 575 5383 omni
607 5345 833 5400 prorsus
897 5335 1085 5405 regula
1112 5345 1434 5392 carentem:
1467 5351 1566 5408 per
1618 5351 1806 5399 tauros
1858 5358 2008 5410 vero,

431 5422 750 5489 pontiﬁces,
799 5428 1013 5485 scribas
1076 5436 1131 5484 et
1190 5430 1439 5488 seniores
1505 5435 1718 5507 populi,
1783 5448 2012 5509 propter

499 5541 544 5574 ⁷³
580 5540 771 5599 Matth.
813 5562 983 5613 xxvu,
1024 5549 1112 5606 59.
1200 5551 1246 5586 "
1286 5549 1418 5608 Luc.
1456 5568 1515 5621 tt,
1549 5553 1637 5609 40.

2118 4702 2229 4755 οὐκ
2253 4702 2429 4756 ἔστιν
2456 4706 2489 4756 ὀ
2512 4702 2758 4769 ,ϐοηθῶν
2798 4720 2920 4771 μοι.
2976 4701 3087 4756 Καὶ
3139 4703 3267 4772 περὶ
3297 4700 3490 4755 τούτου
3534 4701 3704 4768 φασὶν

2117 4793 2166 4844 οἱ
2194 4794 2603 4862 εὐαγγελισταὶ,
2625 4795 2728 4860 ὅτι,
2748 4793 3000 4863 Ἤρξατο
3015 4791 3342 4848 λυπεῖσθαι
3366 4792 3703 4861 καὶξάδημο-

2115 4882 2264 4936 νεῖν.
2298 4884 2409 4937 Καὶ
2433 4883 2594 4939 πάλιν
2616 4899 2628 4914 ·
2675 4884 2814 4937 Τότε
2841 4885 2893 4938 οἱ
2915 4884 3176 4953 μαθηταὶ
3198 4883 3420 4950 πάντες
3441 4884 3703 4953 ἀφέντες

2113 4975 2322 5039 αὐτὸν,
2348 4976 2594 5046 ἔφυγον.

2185 5067 2689 5136 Περιεκύκλωσάν
2714 5084 2792 5137 με
2818 5068 3042 5138 μόσχοι
3067 5066 3310 5135 πολλοὶ,
3332 5066 3536 5136 ταῦροι
3563 5070 3700 5124 πίο-

2111 5177 2218 5226 νες
2246 5159 2579 5229 περιέσχον
2603 5178 2703 5230 με.
2735 5162 2991 5231 Μόσχους
3010 5160 3167 5215 καλεί
3193 5161 3253 5214 τὸ
3280 5161 3525 5232 δημῶδες
3557 5162 3698 5231 πλῆ-

2111 5252 2202 5317 θος
2235 5254 2344 5307 τῶν
2401 5252 2693 5318 Ἰουδαίων,
2727 5253 2816 5308 διὰ
2865 5253 2924 5307 τὸ
2983 5252 3247 5324 νεώτερον
3290 5255 3384 5307 καὶ
3413 5254 3651 5309 ἄτακτον
3676 5273 3691 5288 ·

2110 5346 2346 5416 ταύρους
2372 5346 2450 5409 δὲ,
2478 5344 2601 5410 τοὺς
2633 5347 2909 5418 ἀρχιερεῖς
2942 5347 3038 5400 καὶ
3070 5350 3418 5417 γραμματεῖς
3435 5348 3530 5402 καὶ
3554 5364 3691 5418 πρε-

2114 5437 2410 5507 σϐυτέρους
2431 5437 2526 5490 τοῦ
2550 5436 2703 5503 λαοῦ,
2737 5437 2827 5492 διὰ
2846 5436 2908 5493 τὸ
2940 5438 3284 5510 προϐεϐηκὸς
3318 5439 3414 5492 καὶ
3434 5438 3685 5510 ἔξαρχον,

1738 5646 1937 5711 Variae
1968 5646 2301 5711 lectiones.

507 5737 617 5801 (se)
650 5738 737 5796 to.
764 5743 862 5809 τῷ.

507 5811 617 5878 (Si)
654 5809 740 5865 ἴσ.
778 5816 1029 5882 γαστρός.
1114 5854 1115 5857 η

2166 5747 2280 5826 (82)
2308 5747 2495 5826 Gratcc
2521 5753 2743 5826 γαστρὶ.
2779 5759 2973 5826 ventre,
2997 5767 3093 5823 pro
3121 5770 3229 5826 quo
3246 5755 3474 5814 Latinus
3497 5756 3677 5812 inter-

2108 5833 2233 5888 pres
2263 5818 2458 5891 legisse
2495 5818 2710 5877 videtur
2736 5821 2923 5894 σαρκζ.
