4116 6416
540 356 644 426 291
1735 356 2117 419 EUTHYMII

2218 356 2524 417 [GABENI
3705 365 3810 428 $92

543 488 627 536 θδι
654 497 667 533 :
697 479 1116 535 Amumtiubitur
1150 476 1372 530 Domino
1421 473 1691 545 generatio
1742 483 1981 538 uentura,
2005 475 2120 538 qui-

2241 474 2550 543 προφητεία
2582 474 2740 528 τοῦτό
2772 476 2910 539 ἐστι,
2965 479 3092 550 περὶ
3142 479 3249 533 τῶν
3302 481 3359 533 ἓν
3418 480 3812 554 Ἱεροσολύμοις

544 575 669 627 dam
706 575 865 628 aliter
893 568 1557 643 exposuerunt,diccntes
1580 607 1594 632 ,
1633 566 1975 636 prophetiam
2018 567 2120 622 illic

2227 565 2585 635 ζητησάντων
2618 566 2747 619 ἰδεῖν
2775 569 2866 620 τὸν
2918 572 3127 641 Ἰησοῦν
3163 572 3470 643 Ἑλλήνων
3526 592 3659 644 φησι
3708 580 3814 646 γὰρ

545 666 815 719 contineri
847 665 914 720 de
943 664 1240 734 gentilibus
1268 660 1397 722 illis,
1430 658 1523 727 qui
1558 660 1609 711 in
1632 657 1938 713 Jerusalem
1968 674 2122 728 quie-

549 758 747 811 rcbant
806 756 995 810 videre
1047 754 1360 806 Dominum.
1430 749 1637 805 Scribit
1695 749 1839 803 enim
1885 747 2127 804 Joannes

548 850 852 903 accessisse
885 864 980 903 eos
1016 846 1084 901 ad
1118 844 1452 915 Philippum,
1496 843 1589 913 qui
1618 850 1739 897 erat
1772 857 1802 895 a
1829 840 2123 897 Betltsaida

550 939 789 1003 Galilete,
831 948 882 993 et
927 939 1302 1008 interrogasse
1352 951 1502 1000 eum,
1548 933 1794 990 dicentes
1828 951 1843 987 :
1879 934 2122 998 Domine,

545 1031 788 1083 voiuums
823 1030 999 1082 videre
1024 1027 1208 1082 Iesum
1238 1028 1286 1061 θ’
1314 1041 1329 1091 ;
1363 1034 1417 1078 et
1468 1024 1781 1095 Philippum
1829 1023 2030 1081 deinde
2072 1024 2122 1077 id

548 1121 755 1175 dixisse
784 1120 1058 1173 Andreae:
1093 1129 1148 1173 et
1182 1127 1482 1187 utrumque
1544 1131 1736 1170 eorum
1791 1116 2011 1170 demum
2067 1116 2122 1170 id

545 1213 711 1267 simul
764 1213 1020 1267 retulisse
1051 1210 1118 1265 ad
1165 1210 1350 1264 Jesum
1377 1226 1393 1274 ;
1424 1220 1474 1263 et
1509 1206 1696 1265 Jcsum
1754 1208 2123 1277 respondisse,

547 1303 702 1370 Quod
763 1313 972 1358 venerat
1026 1302 1157 1356 hora
1200 1314 1256 1355 ut
1308 1302 1701 1372 gloriﬁcaretur
1742 1298 1922 1353 Filius
1950 1300 2124 1354 hami.-

548 1403 631 1449 m‘s
664 1396 731 1449 ”.
767 1397 911 1451 Ecce
935 1395 1219 1465 quomodo
1247 1394 1470 1449 Christo
1507 1392 1738 1445 Domino
1794 1393 2120 1446 annuntiata

545 1498 632 1543 est
674 1489 746 1545 ab
777 1488 1044 1557 apostolis
1093 1487 1374 1558 generatio
1414 1485 1503 1540 illa
1555 1486 1844 1555 gentilium
1883 1502 1897 1538 :
1935 1485 2011 1539 illi
2037 1486 2121 1538 ni-

2224 658 2254 710 ὀ
2283 656 2680 729 εὐαγγελιστὴς
2725 659 2978 731 Ἰωάννης
3016 678 3031 693 °
3067 659 3243 718 Οὗτοι
3290 665 3495 735 προσ-ἦ
3510 670 3654 721 Mor
3714 672 3807 721 Φιο

2221 749 2448 816 limem,
2479 749 2605 805 ὄντι
2637 750 2755 804 ἀπὸ
2790 754 3102 818 Βηθσαιδα
3137 756 3249 823 τῆς
3307 760 3665 826 Γαλιλαίας.
3714 762 3812 814 καὶ
3864 770 3869 773 ‘

2223 842 2470 912 ἠρώτων
2485 846 2693 911 αὐτὸν,
2737 849 3023 917 λέγοντες
3076 867 3089 880 ’
3125 852 3322 919 Κύριε,
3368 852 3623 923 θέλομεν
3667 854 3817 910 ἰδεῖν

2224 938 2334 990 τὸν
2360 935 2633 1003 Ἰησοῦν.
2665 940 2929 1010 Ἔρχεται
2958 942 3245 1006 Φίλιππος,
3281 946 3376 999 καὶ
3399 945 3549 1015 λέγει
3575 948 3653 1017 τῷ
3696 948 3819 1002 Ἀν-

2223 1027 2356 1098 δρέᾳ
2387 1044 2401 1058 ο
2433 1029 2694 1099 Ἔρχεται
2736 1031 2992 1102 Ἀνδρέας
3013 1034 3108 1086 κχὶ
3128 1034 3418 1099 Φίλιππος,
3457 1038 3554 1090 καὶ
3583 1038 3812 1104 λέγουσι

2223 1118 2304 1188 τῷ
2330 1120 2509 1189 Ἰησοῦ
2544 1139 2556 1152 ·
2581 1123 2609 1174 ὁ
2638 1121 2693 1175 δὲ
2735 1123 3082 1195 ἀποκριθεὶς,
3126 1122 3284 1180 εἶπεν
3318 1145 3332 1158 °
3380 1128 3724 1199 Ἐλήλυθεν
3772 1131 3814 1200 ἡ

2222 1209 2490 1278 ὢρα,τνα
2521 1211 2799 1283 δοξασθῇ
2833 1218 2866 1269 d
2911 1217 3044 1282 nec
3105 1217 3213 1272 τοῦ
3276 1220 3409 1287 ἀνθι
3428 1219 3614 1275 ὡπου.
3675 1222 3814 1277 Ἰδοῦ

2225 1301 2406 1355 τοίνυν
2435 1304 2714 1374 ἀνηγγέλη
2745 1306 2823 1376 τῷ
2847 1307 3073 1379 Χριστῷ
3104 1311 3255 1381 παρὰ
3301 1311 3411 1364 τῶν
3470 1314 3812 1379 ἀποστόλων,

2229 1394 2511 1449 τουτέστιν
2542 1397 2593 1449 οἱ
2620 1396 2906 1467 Ἕλληνες,
2939 1402 2986 1453 oi
3036 1400 3385 1473 ἐξερχόμενοι
3434 1407 3571 1475 πρὶς
3622 1409 3815 1475 αὐτὸν,

2228 1491 2518 1561 προοίμιον
2545 1492 2701 1559 ὄντες
2743 1497 2966 1552 πάντων
2992 1498 3106 1552 τῶν
3139 1498 3199 1564 ἑξ
3246 1501 3419 1555 ἐθνῶν
3450 1502 3811 1573 ἐληλυθότων,

543 1583 741 1635 mirum
769 1579 1087 1647 Gracci,qui
1142 1583 1405 1633 exeuntes
1456 1586 1510 1630 et
1567 1576 1895 1630 accedentes
1926 1576 1992 1630 ad
2051 1574 2266 1648 Jesum,
2307 1582 2599 1639 exordium
2686 1587 2845 1656 quasi
2892 1605 2958 1645 ac
3037 1590 3364 1662 principium
3452 1592 3603 1650 fuere
3676 1614 3816 1668 gen-

541 1676 719 1730 tilium
783 1674 1054 1736 omnium,
1104 1674 1197 1742 qui
1259 1672 1312 1724 in
1372 1670 1658 1726 Chrismm
1713 1682 1870 1728 erant
1923 1674 2211 1730 credituri.

1000 1766 1259 1822 Psalmus
1307 1766 1411 1835 ipsi
1461 1765 1656 1820 David.
2152 1779 2193 1833 Β

1059 1859 1383 1916 PSALMUS
1432 1858 1602 1914 XXII.

611 1953 771 2009 llunc
799 1953 1078 2009 Psalmum
1108 1961 1338 2008 sanctus
1392 1952 1638 2021 Spiritus
1663 1951 1825 2008 beato
1850 1952 2016 2008 David
2051 1969 2116 2009 ex

541 2061 775 2114 persona
811 2043 1053 2098 ﬁdelium
1088 2044 1182 2113 qui
1205 2058 1272 2097 ex
1299 2043 1558 2115 gentibus
1584 2043 1736 2100 fuere
1764 2045 2118 2099 conscriben-

542 2138 673 2191 dunt
710 2135 1011 2189 mandavit.

615 2230 785 2288 Vens.
820 2232 872 2286 9..
904 2212 1162 2285 Dominus
1186 2230 1360 2301 pascit
1398 2245 1479 2284 me
1516 2237 1566 2283 et
1594 2228 1730 2282 nihil
1763 2229 1893 2282 mihi
1925 2216 2113 2285 deerit.

539 2324 661 2396 Ipse
683 2325 829 2379 enim
863 2323 1130 2377 Dominus
1167 2324 1219 2378 in
1252 2321 1549 2393 Evangelio
1572 2321 1650 2376 ait
1677 2339 1692 2377 :
1727 2319 1837 2391 Ego
1868 2338 1986 2375 sum
2021 2340 2120 2391 pa-

538 2426 652 2472 stor
691 2417 857 2473 bonus
893 2417 961 2471 ".
999 2417 1104 2483 Qui
1136 2430 1262 2470 cum
1294 2415 1506 2487 primos
1547 2414 1735 2469 ﬁdeles
1763 2429 1827 2469 ex
1864 2414 2118 2484 gentibus

540 2511 699 2581 quasi
737 2525 890 2576 oves,
919 2510 1216 2579 preruptis
1239 2511 1295 2563 in
1327 2510 1464 2563 locis
1491 2507 1842 2563 errabundos
1872 2508 2118 2562 invenis-

539 2601 880 2665 set,a:lovile
893 2615 1049 2655 suum
1068 2600 1217 2655 duxit
1242 2614 1339 2654 eos
1360 2613 1423 2653 ac
1453 2598 1636 2668 pavit:
1656 2613 1752 2668 pro
1778 2614 1886 2667 quo
1915 2597 2120 2652 beneﬁ-

539 2695 630 2749 cio
661 2708 851 2747 eorum
879 2692 1116 2767 quisque
1149 2706 1177 2745 a
1218 2690 1492 2761 Propheta
1523 2698 1719 2744 nostro
1750 2688 2121 2743 introducitur

540 2783 597 2839 in
628 2787 933 2855 gratiarum
972 2785 1246 2839 actionem
1284 2783 1394 2840 Deo
1426 2797 1627 2838 canere
1661 2798 1723 2836 ac
1752 2780 1938 2836 dicere
1965 2799 1978 2835 :
2008 2779 2118 2834 Do-

539 2876 717 2929 minus
749 2875 925 2942 paseit
960 2889 1060 2941 me,
1100 2882 1265 2944 atque
1299 2872 1421 2928 ideo
1444 2872 1630 2929 nullus
1654 2881 1740 2928 est
1767 2872 1901 2926 mihi
1955 2872 2119 2925 timor

538 2967 683 3038 quod
710 2968 939 3037 posthac
966 2967 1341 3021 necessarium
1388 2964 1593 3034 aliquid
1626 2974 1720 3019 aut
1746 2972 2115 3036 Opportunum

539 3057 780 3113 deﬁciat.
844 3057 1147 3112 Sciendum
1204 3065 1290 3112 cst
1357 3064 1571 3122 autem,
1634 3070 1722 3121 ea,
1780 3071 1901 3127 qnte
1957 3056 2115 3125 plane

539 3158 824 3219 perSpccta
886 3148 1217 3215 habeantur,
1277 3149 1397 3203 sine
1464 3149 1701 3203 articulo
1755 3147 1947 3205 eﬂ‘erri
1985 3147 2155 3204 con-1

538 3256 749 3301 suesse.

610 3331 677 3387 In
710 3335 823 3389 loco
873 3335 1155 3388 herbarum
1191 3333 1267 3388 ibi
1300 3350 1381 3389 me
1420 3333 1721 3390 collocarit.
1769 3333 1951 3391 Locus
1997 3334 2119 3389 lter-

534 3424 730 3480 barum
753 3426 927 3479 virtus
957 3425 1195 3495 practica
1224 3442 1239 3492 ;
1275 3439 1417 3494 aqua
1447 3434 1631 3479 autem
1664 3423 1952 3497 requietis,
1984 3439 2118 3479 con-

535 3516 857 3586 templativa
889 3515 1264 3585 phiIOSOphia.
1316 3515 1624 3571 Constituit
1667 3530 1777 3581 me,
1816 3516 2019 3585 inquit,
2062 3515 2117 3570 in

537 3608 660 3662 loco
696 3607 790 3661 ubi
824 3614 984 3661 erant
1018 3607 1223 3677 Optima
1284 3606 1577 3661 herbarum
1611 3621 1836 3677 pascua.
1870 3605 2122 3662 Persistit

533 3701 680 3754 enim
707 3697 981 3769 Propheta
998 3698 1051 3752 in
1074 3696 1332 3768 pascendi
1365 3697 1709 3768 metaphora.
1736 3697 1912 3753 Herba
1936 3708 2118 3753 autem

531 3801 590 3850 et
628 3807 766 3860 aqua
786 3789 853 3845 de
869 3806 974 3861 qua
1011 3788 1243 3845 inferius
1274 3788 1440 3853 dicet,
1468 3788 1771 3844 ubertatem
1806 3790 1953 3861 gregi
1978 3805 2121 3859 pra:-

532 3891 684 3943 stant
719 3900 733 3936 :
768 3890 825 3937 et
855 3896 1055 3936 sensus
1090 3889 1195 3947 est,
1221 3878 1371 3951 quod
1406 3879 1742 3936 uberrimum
1778 3880 1829 3937 ei
1860 3881 2117 3951 pabulum

440 3995 445 4000 ·
535 3977 801 4030 Dominus
838 3971 904 4029 ad
945 3972 1278 4027 vescendum
1308 3972 1481 4028 dedit.
1512 3971 1636 4037 ‘Vel,
1666 3988 1762 4043 per
1782 3973 1964 4029 locum
1995 3974 2119 4044 qui-

531 4070 654 4123 dem
683 4066 1004 4127 Ecclesiam,
1041 4079 1138 4136 per
1167 4066 1366 4121 herbas
1399 4082 1532 4122 vero
1567 4066 1908 4122 viresccntes
1942 4068 2114 4123 virtu-

527 4161 680 4215 tibus
718 4160 905 4215 ﬁdeles
934 4158 1221 4235 intelligit,
1258 4158 1378 4223 Vel,
1430 4173 1525 4228 per
1568 4156 1795 4212 herbam
1837 4157 2110 4214 Christia-

528 4266 728 4307 norum
765 4251 924 4307 (idem
977 4251 1242 4321 intcllige,
1290 4263 1419 4319 quae
1450 4262 1673 4317 ,Semper
1712 4258 2007 4302 renovatur
2046 4261 2111 4301 ac

2722 1779 2961 1846 Ψαλμὸς
2999 1781 3080 1845 τῷ
3107 1781 3305 1836 Δαϐίδ.

2782 1871 3075 1926 ΨΑΛΜΟΣ
3117 1874 3243 1928 KB’.

2304 1959 2399 2014 Ἐκ
2433 1965 2725 2033 προσώπου
2766 1965 2876 2017 τῶν
2905 1966 3074 2020 ἐθνῶν
3099 1967 3188 2020 τὸν
3220 1968 3465 2038 παρόντα
3496 1968 3711 2039 ψαλμὸν
3746 1970 3815 2024 τὸ

2223 2053 2365 2107 οείον
2401 2055 2625 2124 Πνεῦμα
2664 2055 2741 2127 τῷ
2771 2058 2936 2111 Δαῦἷδ
2963 2059 3331 2130 ὑπηγόρευσε.

2294 2238 2507 2307 Κύριος
2533 2238 2833 2305 ποιμαίνει
2857 2256 2954 2307 με,
2996 2239 3096 2292 καὶ
3139 2239 3321 2294 οὐδέν
3346 2257 3425 2310 με
3457 2240 3816 2309 ὑστερήσει.

2220 2329 2392 2390 Αὐτὸς
2430 2329 2538 2398 γὰρ
2590 2330 2647 2381 ὲν
2686 2328 2766 2399 τῷ
2820 2329 3137 2397 Εὐαγγελίῳ
3169 2331 3366 2401 φησίν·
3411 2330 3560 2398 Ἐγώ
3614 2334 3733 2399 ειμι
3779 2335 3819 2387 ὁ

2221 2421 2448 2490 ποιμὴν
2468 2424 2502 2475 ό
2532 2423 2741 2486 καλός.
2783 2422 2873 2484 Ὠς
2904 2421 3150 2492 πρόϐατα
3190 2421 3302 2492 γὰρ
3352 2422 3683 2491 πλανώμενα
3715 2425 3817 2476 ἐπὶ

2220 2515 2389 2567 τόπου
2411 2513 2690 2577 ἀπωλείας
2716 2513 2842 2576 τοὺς
2863 2512 2922 2579 ἐξ
2954 2513 3122 2568 ἐθνῶν
3144 2509 3293 2585 εὗρε.
3327 2513 3422 2566 καὶ
3453 2516 3532 2578 ei;
3562 2514 3814 2584 μάνδρας

2222 2608 2417 2678 ήγαγε,
2472 2608 2567 2662 καὶ
2598 2607 2784 2660 λοιπὸν
2838 2607 3136 2676 ποιμαίνει.
3196 2606 3288 2661 Διὸ
3318 2606 3412 2659 καὶ
3444 2606 3673 2669 ἕκαστος
3701 2605 3809 2658 αὖ·

2220 2700 2329 2752 τῶν
2358 2699 2719 2772 εὐχαριστῶν,
2746 2698 3085 2767 ἀπαγγέλλει
3107 2698 3206 2763 τὰς
3241 2698 3562 2768 εὐεργεσίας
3614 2696 3809 2761 αὑτοῦ,

2221 2792 2397 2861 λέγων
2418 2808 2430 2821 ·
2475 2792 2537 2845 '0
2564 2792 2782 2860 Κύριος
2816 2792 3120 2859 ποιμαίνει
3163 2807 3261 2860 με,
3292 2790 3387 2843 καὶ
3412 2790 3567 2844 οὐδέν
3602 2807 3668 2860 με
3698 2790 3819 2843 λοι-

2222 2884 2324 2938 πὶν
2377 2883 2646 2954 ἐπιλείψει
2700 2885 2811 2938 τῶν
2861 2883 3207 2955 ἐπιτηδείων.
3260 2882 3457 2938 Ἰστέον
3488 2883 3567 2949 δὲ,
3609 2883 3694 2936 ὅτι
3738 2883 3816 2936 τὰ

2222 2975 2365 3029 πάνυ
2412 2975 2734 3047 ἐγνωσμένα
2768 2976 2938 3047 χωρὶς
2982 2975 3190 3047 ἄρθρου
3241 2974 3504 3040 πολλάκις
3538 2974 3816 3044 ἐκφέρον-

2222 3085 2333 3121 ται.

2298 3330 2398 3398 Εἰς
2426 3332 2616 3385 τόπον
2649 3331 2863 3400 χλόης,
2912 3331 3045 3386 ἐκεῖ
3066 3349 3143 3402 με
3177 3329 3670 3399 κατεσκήνωσεν.
3701 3330 3822 3385 τό·

2223 3442 2323 3487 πος
2359 3425 2546 3495 χλόης,
2582 3427 2615 3495 ἠ
2668 3424 2951 3495 πρακτικὴ
3000 3426 3205 3496 ἀρετή·
3253 3424 3401 3494 ὕδωρ
3468 3424 3526 3478 δὲ
3557 3422 3821 3479 ἀναπαῦ-

2222 3530 2383 3581 σεως,
2436 3515 2473 3583 ή
2505 3514 2818 3587 θεωρητικὴ
2850 3513 3162 3584 φιλοσοφία.
3208 3516 3320 3569 Καὶ
3356 3516 3477 3569 ἐκεῖ
3517 3532 3605 3585 με,
3640 3515 3817 3584 φησὶ,

2222 3607 2661 3676 κατεσκήνωσεν,
2699 3607 2836 3660 ὅπου
2872 3609 3038 3671 τόπος
3092 3606 3279 3678 χλόης.
3334 3606 3625 3677 Ἐπέμεινε
3651 3607 3708 3661 δὲ
3737 3610 3818 3680 τῇ

2217 3699 2395 3768 τροπῇ
2430 3697 2525 3750 τοῦ
2562 3698 2879 3768 ποιμαίνειν
2902 3713 2917 3727 θ
2977 3698 3109 3769 χλόη
3147 3699 3256 3769 γὰρ
3288 3698 3388 3753 καὶ
3426 3698 3592 3770 ὕδωρ,
3638 3698 3823 3769 εὐθυς-

2216 3788 2304 3842 νία
2337 3790 2610 3860 ποιμνίου.
2641 3788 2814 3843 Τοῦτο
2838 3789 2895 3843 δὲ
2925 3789 3175 3859 βούλεται
3202 3790 3415 3861 δηλοῦν,
3445 3792 3631 3845 δτιἘν
3660 3790 3820 3844 ἀπο-

2215 3879 2407 3934 λαύσει
2436 3880 2611 3952 νομῆς
2664 3896 2733 3950 με
2789 3880 3112 3951 κατέστησε.
3155 3882 3265 3936 Καὶ
3293 3881 3473 3946 ἄλλως
3517 3881 3605 3935 δέ’
3637 3880 3823 3947 τόπος

2218 3971 2319 4043 μὲν
2362 3971 2549 4040 χλόης,
2588 3973 2621 4041 ἡ
2659 3972 2997 4043 Ἐκκλησία·
3054 3973 3184 4043 χλόη
3245 3972 3329 4039 δὲ,
3378 3974 3427 4027 οἱ
3458 3972 3660 4035 πιστοὶ,
3705 3972 3822 4025 ἅν-

2219 4062 2440 4126 οοῦντες
2495 4063 2617 4116 κατ’
2649 4064 2869 4134 ἀρετήν.
2907 4066 2976 4119 Ἦ
3028 4066 3122 4118 καὶ
3157 4065 3344 4136 χλόην.
3377 4065 3477 4131 τὴν
3511 4064 3618 4117 τῶν
3659 4064 3820 4132 Χρι-ι

2219 4155 2455 4219 στιανῶν
2478 4156 2659 4208 πῖστιν
2709 4156 2944 4227 νοήσεις,
2989 4157 3287 4221 νεάζουσαν
3313 4157 3400 4209 ἀεί
3423 4170 3439 4186 ο
3474 4158 3506 4226 ἠ
3538 4156 3647 4225 γὰρ
3687 4153 3821 4209 τῶν

2232 4245 2524 4317 Ἑλλήνων,
2555 4247 2630 4311 ὡς
2660 4248 2852 4319 χόρτος
2883 4249 3143 4320 ἐγήρασε,
3193 4250 3287 4303 καὶ
3314 4248 3691 4318 ἀπεξηράνθη.

529 4345 774 4402 virescit.
809 4344 1067 4403 Gentium
1113 4345 1258 4398 enim
1287 4342 1424 4397 ﬁdes
1448 4340 1742 4398 consenuit
1772 4350 1828 4396 et
1874 4340 2020 4396 aruit
2049 4348 2108 4395 ut
2146 4338 2377 4395 fmnum.
2424 4339 2567 4413 [Vel,
2607 4356 2704 4411 per
2739 4342 3032 4407 herbarum
3076 4359 3302 4413 pascua,
3345 4343 3578 4397 virtutes
3617 4355 3818 4397 mora—

530 4438 634 4501 les,
668 4451 763 4506 per
791 4450 991 4506 aquam
1026 4449 1159 4489 vero
1191 4432 1481 4504 requietis,
1508 4432 1931 4504 pacatissimam
1959 4432 2407 4502 contemplativa:
2437 4432 2800 4502 philosophia:
2827 4433 3147 4505 coniugium
3179 4435 3514 4508 signiﬁcat.]

602 4530 771 4588 Vens.
796 4532 850 4586 5.
887 4531 1056 4601 Super
1091 4546 1285 4600 aquam
1315 4530 1563 4600 requietis
1585 4528 1828 4591 educavit
1862 4544 1964 4583 me.
1994 4526 2109 4583 Iloc

2298 4528 2425 4591 Ἐπί
2449 4528 2667 4594 ὕδατος
2695 4529 3091 4597 ἀναπαύσεως
3117 4529 3400 4600 ἐξέθρεψέ
3421 4527 3695 4599 με.Τοῦτο
3710 4528 3819 4586 διὰ

528 4634 753 4695 propter
792 4623 1053 4693 baptismi
1088 4623 1370 4678 lavacrum
1403 4623 1613 4679 dictum
1637 4629 1745 4686 est,
1771 4621 2105 4690 cujusaqua

527 4715 813 4771 cmundati
852 4713 1096 4771 laborem
1128 4730 1346 4769 onmem
1386 4720 1441 4769 et
1476 4712 1689 4782 pondus
1757 4720 2107 4783 peccatorum

531 4804 876 4878 projicimus,
910 4819 975 4860 ac
999 4804 1267 4875 deinceps
1309 4803 1731 4874 requiescimus.
1763 4802 2109 4870 Quapropter

531 4898 801 4953 Dominus
835 4897 1063 4952 dicebat
1097 4913 1113 4952 :
1159 4896 1339 4951 Venite
1372 4896 1442 4951 ad
1467 4911 1550 4951 me
1572 4909 1749 4950 omnes
1776 4894 1865 4963 qui
1897 4892 2110 4947 labora-

528 4990 601 5043 ti!
648 4997 699 5042 et
734 4989 941 5042 onerati
976 4987 1106 5042 estis
1138 4996 1187 5042 et
1212 5003 1306 5057 ego
1340 4987 1657 5057 requiescere
1695 4999 1781 5038 ros
1804 4983 2012 5054 faciant
2039 4981 2106 5035 ⁸⁸.

534 5079 632 5135 Vel
670 5081 855 5143 aliter,
892 5094 994 5149 per
1044 5093 1242 5148 aquam
1278 5077 1479 5139 ﬂuenta
1535 5076 1627 5129 illa
1680 5074 1919 5151 intellige
1971 5072 2109 5127 vivi-

527 5175 644 5229 tlca‘
671 5172 875 5229 Christi
913 5172 1203 5234 doctrinae,
1240 5170 1305 5226 de
1337 5167 1541 5245 quibus
1590 5165 1643 5218 iu
1675 5165 1855 5235 primo
1898 5164 2109 5234 psalmo

520 5266 739 5321 dictum
769 5273 877 5325 est,
912 5264 964 5319 in
999 5263 1346 5332 expositione
1398 5259 1545 5313 illius
1592 5256 1850 5312 versiculi
1906 5272 1921 5309 :
1954 5253 2109 5321 Quod

519 5360 826 5426 plumatum
856 5367 935 5416 est
971 5370 1123 5415 secus
1153 5354 1405 5407 decursus
1436 5367 1697 5421 aquarum
1721 5350 1789 5403 “.

599 5452 848 5503 Animam
882 5462 1053 5502 meam
1095 5446 1374 5501 convertit.
1405 5446 1488 5498 Ab
1520 5443 1792 5498 idolorum
1826 5455 2035 5497 errore.

600 5627 832 5681 Deduzit
853 5644 932 5682 me
943 5642 1099 5696 super
1111 5626 1329 5682 semitas
1340 5622 1589 5693 justitiw.
1607 5618 1707 5676 Per
1718 5618 1990 5689 justitiam
2024 5618 2112 5679 hic

2209 4620 2270 4675 τὸ
2302 4619 2528 4693 λουτρὸν
2553 4621 2645 4677 τοῦ
2684 4621 3096 4692 βαπτίσματοςυ
3130 4623 3221 4678 διὰ
3260 4622 3353 4675 τοῦ
3388 4621 3631 4676 τοιούτου
3684 4621 3813 4693 γὰρ

2211 4711 2404 4776 ὕδατος
2434 4712 2767 4784 ρυπτὸμενοι
2803 4713 3071 4785 ρίπτομεν
3105 4713 3197 4768 τὸν
3232 4714 3392 4768 πόνον
3427 4715 3523 4768 καὶ
3547 4713 3607 4766 τὸ
3629 4712 3812 4783 βάρος

2209 4805 2310 4876 τῆς
2356 4795 2653 4874 ἁμαρτίας.
2691 4806 2784 4859 καὶ
2830 4804 3016 4860 λοιπὸν
3054 4805 3471 4875 ἁναπαυόμεθα.
3509 4805 3600 4858 Διὸ
3629 4804 3726 4857 καὶ
3768 4806 3810 4859 ὁ

2210 4894 2417 4966 Κύριος
2448 4896 2602 4963 ἔλεγε
2623 4913 2637 4927 ο
2672 4895 2851 4951 Δεῦτε
2875 4895 3099 4964 πάντες
3131 4900 3185 4951 οι
3208 4897 3535 4962 κοπιῶντες
3559 4897 3657 4951 καὶ
3690 4912 3810 4949 πε-

2209 4984 2616 5055 φορτισμένοι,
2664 4986 2826 5055 κάγὼ
2862 4987 3198 5041 ἀναπαύσω
3258 4986 3436 5056 ὑμᾶς.
3475 4988 3543 5040 Ἢ
3573 4985 3667 5040 καὶ
3694 4985 3807 5039 ἄλ·-

2209 5074 2317 5141 λως
2341 5091 2353 5102 '
2382 5074 2549 5145 ὕδωρ,
2580 5075 2640 5128 τὸ
2688 5076 2905 5148 ζωηρὺν
2941 5078 3089 5146 νᾶμα
3122 5077 3219 5146 τῆς
3249 5077 3342 5130 τοῦ
3372 5077 3610 5147 Χριστοῦ
3643 5076 3803 5131 διδα-

2198 5167 2461 5232 σκαλίας,
2508 5167 2589 5231 ,ὡς
2618 5169 3039 5240 προειρήκαμεν
3071 5170 3152 5231 είς
3181 5169 3274 5222 τὸν
3306 5168 3523 5238 πρῶτον
3550 5167 3799 5237 ψαλμὸν,

2208 5256 2288 5323 τὸ,
2324 5257 2489 5327 Παρὰ
2541 5258 2645 5324 τὰς
2674 5256 2990 5324 διεξόδους
3018 5257 3138 5312 τῶν
3165 5260 3425 5326 ὑδάτων,
3455 5256 3800 5330 ἑρμηνεύον-

2215 5364 2325 5401 τες.

2276 5364 2413 5505 ςτὴν
2439 5440 2653 5507 ψυχήν
2686 5455 2805 5506 μου
2830 5438 3236 5509 ἐπέστρεψεν.
3276 5441 3410 5495 Ἀπὸ
3438 5443 3536 5511 τῆς
3583 5437 3798 5510 πλάνης

2214 5530 2325 5583 τῶν
2350 5531 2605 5586 εἰδώλων.

2300 5623 2792 5695 Ὠδήγησέμεὲπὶ
2824 5625 3059 5695 τρίϐους
3080 5624 3495 5695 δικαιοσύνης.
3512 5623 3800 5679 Δικαιοσύ-

610 5805 661 5839 "
691 5802 852 5860 Joan.
894 5820 992 5872 xu,
1025 5803 1120 5859 21.
1182 5802 1241 5835 '”
1270 5800 1408 5858 Ibid.
1461 5800 1553 5854 23.
1634 5799 1684 5835 “
1711 5797 1869 5856 Joan.
1905 5797 1994 5864 ll,
2030 5797 2116 5853 Η.
2174 5797 2241 5872 ,⁸⁸
2267 5796 2459 5855 Matth.
2504 5815 2578 5865 XI,
2604 5800 2695 5857 28.
2780 5806 2828 5838 "
2883 5804 3031 5861 Psal.
3066 5821 3103 5873 ι,
3131 5804 3186 5859 5.
