4116 6414
512 361 622 425 295

507 477 683 547 magis
705 471 919 528 afﬁcere
950 466 1197 524 student.
1222 463 1319 517 Vt-l
1346 478 1441 533 per
1467 478 1738 524 mensam,
1768 461 2082 547 futurorum

1711 338 2096 405 EUTHYMII
2137 334 2469 397 ZIGABEN
2478 333 2504 392 Ι

3672 331 3775 394 296

2187 452 2389 513 λόντων
2441 447 2664 518 ἀγαθῶν
2693 446 2728 502 ἃ
2758 445 3059 518 ἡτοίμασεν
3100 446 3128 498 6
3171 444 3302 509 Θεὸς
3334 445 3445 508 τοῖς
3489 444 3775 513 ὀγαπῶσιν

510 520 788 621 θοιῗοινυηι
829 560 1152 615 fruitionem
1207 553 1487 624 intelligit,
1541 568 1704 622 quatn
1757 546 2086 621 praeparavit

2201 544 2376 597 αὐτόν.
2417 544 2487 595 Ἢ
2518 542 2616 595 καὶ
2650 541 2750 611 τὴν
2780 540 2877 593 τοῦ
2930 539 3324 610 θυσιαστηρίου
3358 536 3661 619 τράπεζαν,
3693 540 3756 607 ἐφ

514 658 657 713 Deus
687 654 1043 726 diligentibus
1077 665 1172 715 se;
1210 647 1294 702 vel
1323 645 1519 701 altaris
1552 660 1826 706 mensam,
1874 643 1930 695 in
1979 654 2087 710 qua

2201 632 2253 708 ﬁt;
2280 637 2569 706 πρόκειται
2598 636 2623 687 6
2654 635 2870 697 δεῖπνος
2913 636 2941 687 ὁ
2968 632 3262 704 μυστικόςο
3293 634 3326 703 ἥ
3374 632 3626 703 τράπεζα
3658 632 3773 703 μὲν,

508 765 667 806 cinna
705 747 935 819 mystica
968 743 1062 797 illa
1092 743 1267 812 jacet,
1293 740 1377 794 vel
1410 737 1577 793 etiam
1608 737 1869 790 virtutem
1905 746 2089 786 mora-

508 843 613 897 lem
647 859 663 894 :
693 847 747 894 et
782 854 880 909 per
914 837 1095 890 oleum
1135 831 1282 903 quod
1324 837 1562 884 mentem
1599 827 1925 898 impingunt,
1951 839 2089 878 con-

510 934 923 1003 templationem
966 943 1159 984 earum
1194 924 1473 979 rationum
1532 921 1804 990 intellige,
1860 932 1985 987 qua:
2036 916 2090 969 in

508 1027 785 1081 mentibus
821 1024 1037 1079 insunt.

2189 731 2225 801 ἡ
2248 727 2531 801 πρακτικὴ
2559 727 2731 798 ἀρετή
2762 742 2774 757 ·
2810 725 2989 780 ἔλαιον
3029 726 3107 789 δὲ,
3141 726 3392 780 ).ιπαίνον
3427 725 3517 778 τὸν
3549 725 3672 779 νοῦν
3700 727 3775 791 ὡς

2190 819 2459 888 κεφαλὴν,
2491 820 2525 886 ἠ
2558 817 2764 888 θεωρία
2795 817 2904 870 τῶν
2938 819 2996 871 ἐν
3041 818 3154 880 τοῖς
3205 813 3326 870 οὖσι
3357 816 3531 885 λόγων
3560 834 3574 848 ο
3613 820 3780 888 ποτήυ

2195 930 2310 982 ριον
2343 913 2419 977 δὲ,
2454 914 2489 982 ἡ
2516 913 2644 981 περὶ
2662 910 2797 964 Θεοῦ
2822 910 3025 980 γνῶσις
3050 926 3064 940 ·
3104 909 3253 974 ἕλεος
3292 910 3350 964 δὲ
3392 909 3582 975 αὐτοῦ,
3602 912 3630 964 6
3660 911 3779 963 ἐλε-

2190 1006 2349 1075 ήμων
2379 1003 2513 1066 Υἱὸς
2570 1003 2667 1056 καὶ
2719 1002 2877 1069 Θεὸς,
2924 1002 2984 1067 ὃς
3029 1003 3118 1058 διὰ
3151 1004 3250 1074 τῆς
3308 1004 3780 1075 ὲνανθρωτιήσεως

506 1121 692 1183 αὑτοῦ,
715 1116 1047 1171 καταδιώκει
1073 1113 1157 1166 ἀεὶ
1184 1113 1290 1176 ἕως
1322 1103 1383 1165 οὗ
1416 1106 1703 1179 καταλάϐῃ
1726 1104 1935 1166 πάντας
1962 1100 2088 1162 τοὺς
2123 1094 2542 1167 σωθησομένους
2560 1108 2573 1121 ’
2608 1090 2756 1159 οἶκος
2781 1094 2913 1167 δὲνῆ
2940 1094 3193 1165 βασιλεία
3222 1097 3388 1151 αὐτοῦ
3422 1099 3479 1150 ἐν
3645 1100 3781 1152 dm‘

506 1212 863 1267 καθίστανται
896 1208 1100 1269 πάντες
1127 1207 1175 1258 οἱ
1220 1204 1367 1274 ἅγιοι
1395 1220 1410 1235 ’
1446 1201 1726 1273 μακρότης
1751 1198 1809 1251 δὲ
1838 1193 2084 1267 ἡμερῶν,
2122 1194 2157 1262 ἡ
2186 1189 2406 1253 αἰώνιος
2436 1188 2573 1260 ζωή.

572 1313 592 1363 ι
614 1302 938 1372 mpiuguasti
966 1301 1016 1351 in
1036 1300 1148 1352 oleo
1178 1307 1335 1367 caput
1362 1313 1553 1350 meum.
1593 1294 1650 1348 In
1678 1294 1797 1347 oleo
1824 1289 2086 1344 nimirum

506 1396 811 1467 spiritualis
851 1393 1039 1463 gratia:
1066 1408 1081 1446 :
1114 1398 1168 1445 et
1210 1405 1306 1459 per
1332 1395 1499 1458 caput
1532 1396 1768 1440 mentem
1802 1399 1897 1438 seu
1928 1380 2093 1435 intel-

507 1490 711 1543 lectum
753 1485 1040 1555 intellige,
1103 1481 1267 1535 veluti
1319 1488 1641 1533 contentum
1688 1474 2085 1530 acontinente.

2269 1285 2602 1348 Ἐλίπανας
2630 1284 2702 1338 ἐν
2736 1284 2923 1352 ἐλαίῳ
2951 1287 3066 1355 τὴν
3097 1285 3374 1355 κεφαλήν
3399 1305 3537 1356 μου.
3570 1291 3660 1359 Τῷ
3689 1291 3784 1345 τοῦ

2188 1377 2569 1446 πνευματικοῦ
2600 1379 2945 1450 χαρίσματος
2968 1394 2982 1409 ·
3012 1380 3256 1451 κεφαλὴν
3290 1382 3369 1447 δὲ,
3395 1384 3486 1437 τὸν
3516 1385 3639 1438 νοῦν
3668 1389 3784 1455 oln-

2186 1469 2330 1530 τέον,
2384 1468 2449 1520 ὲκ
2473 1466 2566 1520 τοῦ
2599 1468 2949 1539 περιέχοντος
2979 1470 3038 1523 τὸ
3077 1473 3490 1542 περιεχόμενον.
3530 1476 3603 1528 Τὸ
3627 1477 3787 1548 χάρι-

507 1579 695 1635 Gratia
732 1579 874 1632 enim
910 1574 1150 1644 Spiritus
1184 1573 1490 1641 impinguat
1524 1582 1578 1625 et
1621 1569 1850 1622 hilarem
1907 1564 2092 1619 reddit

2201 1574 2303 1627 ςμα
2336 1559 2446 1628 γὰρ
2476 1558 2570 1611 τοῦ
2620 1560 2944 1630 Πνεύματος
3001 1562 3248 1632 ίλαρύνει
3299 1565 3397 1619 καὶ
3446 1568 3657 1621 πιαίνει
3695 1569 3788 1623 τὸν

511 1681 768 1726 mentem.
800 1666 1072 1723 Fortassis
1107 1666 1274 1720 etiam
1307 1663 1621 1733 unctionem
1654 1660 1758 1715 olei
1792 1658 2091 1729 baptisma-

2186 1650 2335 1704 νοῦν.
2376 1651 2448 1703 Ἦ
2496 1650 2558 1703 τὸ
2607 1653 2817 1722 χρίσμα
2852 1652 3365 1723 τοῦιβαπτιστικοῦ
3397 1657 3605 1722 ἐλαίου,
3639 1659 3672 1728 ἦ
3728 1659 3791 1712 τὸ

512 1766 582 1817 tis
615 1760 881 1831 praedicit,
911 1766 1003 1811 aut
1042 1764 1383 1826 unguentum
1426 1752 1595 1815 illud,
1626 1766 1734 1818 quo
1762 1748 2026 1804 Dominus
2057 1760 2087 1800 a

2201 1741 2287 1794 τοῦ
2326 1741 2499 1812 μύρου
2542 1746 2949 1813 προαναφωνεῖ,
2987 1746 3154 1815 ἐφ’δν
3187 1748 3297 1819 (87)
3345 1749 3453 1802 ἀπὸ
3481 1749 3580 1818 τῆς
3613 1765 3790 1819 κεφα-

509 1854 738 1907 muliere
767 1860 964 1903 unctus
993 1856 1096 1912 est,
1137 1847 1192 1901 in
1217 1847 1418 1916 quibus
1469 1843 1728 1898 omnibus
1780 1854 1880 1912 per
1925 1846 2089 1906 caput

509 1953 682 1999 totum
722 1942 999 1995 hominem
1039 1922 1339 2007 signiﬁcat.

584 2034 653 2088 Et
682 2033 824 2087 calix
853 2041 972 2085 tuus
1006 2030 1275 2084 inebrians
1325 2042 1405 2080 me
1442 2067 1456 2091 ,
1509 2040 1666 2096 quam
1716 2026 1947 2093 optimus
1966 2022 2093 2093 est!

507 2127 795 2190 Poculum,
829 2125 1077 2193 inquam,
1105 2121 1548 2191 evangelicorum
1582 2133 1920 2184 sermonum,
1946 2118 2091 2186 quod

511 2235 598 2275 me
627 2218 843 2273 ebrium
876 2214 1079 2280 reddit,
1108 2214 1391 2267 Excellere
1421 2212 1566 2266 enim
1601 2226 1686 2264 me
1710 2210 1837 2264 facit
1865 2225 1894 2262 a
1920 2209 2091 2281 priori

432 2368 435 2369 ν
515 2309 862 2379 pertinacia,
919 2314 1108 2376 utpote
1170 2311 1362 2376 potens
1416 2314 1609 2358 contra
1669 2302 1944 2358 inimicos.
1994 2300 2093 2357 Vel

513 2402 697 2463 aliter,
733 2399 985 2470 poculum
1029 2396 1301 2451 incruenti
1336 2393 1592 2448 sacriticii
1621 2393 1894 2461 intelligit.

584 2491 753 2548 Vsus.
811 2491 864 2546 6.
927 2490 991 2546 Et
1027 2489 1409 2545 misericordia
1464 2496 1555 2539 tua
1610 2496 1953 2556 persequetur
2013 2502 2093 2539 me

512 2587 755 2644 omnibus
785 2584 971 2639 diebus
997 2584 1119 2638 vita:
1151 2565 1300 2636 mere.
1342 2612 1411 2622 -—
1448 2577 1819 2648 Persequetur,
1852 2578 1953 2632 hoc
1985 2585 2092 2641 est,

511 2685 774 2746 sequetur
800 2691 907 2738 me,
929 2680 1002 2728 ita
1026 2674 1369 2728 incedentem
1403 2671 1686 2735 nimirum,
1712 2677 1761 2724 et
1795 2668 2093 2740 fugientem

512 2776 755 2815 errores.
790 2757 904 2820 Vel,
945 2766 1307 2827 persequetur,
1344 2755 1448 2809 hoc
1480 2766 1585 2818 est,
1614 2756 1892 2823 perquiret
1925 2769 2009 2807 me
2040 2760 2096 2806 et

516 2865 626 2904 non
659 2847 923 2903 discedet.

593 2939 655 2992 Et
681 2950 738 2992 ut
766 2938 1114 2992 inhabitarem
1142 2937 1196 2989 in
1222 2935 1378 2990 domo
1414 2934 1625 2990 Domini
1678 2934 1730 2988 in
1772 2932 2096 3003 longitudine

515 3032 742 3087 dierum.
773 3030 1143 3098 Persequetur
1170 3037 1350 3082 autem
1387 3043 1495 3092 me,
1528 3036 1587 3081 ut
1638 3034 1789 3081 tutus
1829 3026 1880 3079 in
1913 3034 2097 3094 prote-

2196 1831 2295 1902 λῆς
2317 1832 2438 1886 ὅλον
2470 1833 2560 1888 τὸν
2590 1834 2879 1906 ἄνθρωπον
2913 1838 3220 1910 νοήσωμεν.

2266 2010 2376 2065 Kal
2410 2011 2475 2065 τὸ
2528 2012 2816 2081 ποτήριόν
2859 2032 2977 2069 σου
3002 2018 3317 2085 μεθύσκον
3338 2037 3437 2086 με,
3470 2020 3613 2074 ὡσεί
3644 2023 3794 2090 κρά-

2198 2123 2426 2162 τιστον.
2452 2108 2527 2162 Τὸ
2553 2111 2706 2175 πόμα
2739 2111 2849 2164 τῶν
2873 2112 3252 2180 εὐαγγελικῶν
3284 2114 3478 2182 λόγων,
3513 2116 3792 2186 μεθύσκον

2206 2197 2273 2267 μέ
2303 2198 2472 2252 ἐστιν.
2511 2199 2812 2255 Ἔκστασιν
2838 2200 2948 2273 γὰρ
2977 2204 3200 2272 ἐμποιεῖ
3227 2202 3320 2256 τοῦ
3358 2206 3626 2275 προτέρου
3653 2225 3793 2277 φρο-

2200 2290 2465 2359 νήματος,
2499 2292 2575 2356 ὡς
2608 2292 2848 2362 κρατοῦν
2875 2295 3019 2347 κατὰ
3042 2296 3151 2348 τῶν
3181 2296 3414 2367 ἐχθρῶν.
3450 2299 3521 2352 Ἦ
3560 2301 3654 2354 καὶ
3689 2318 3793 2355 πο-

2200 2381 2411 2452 τήριον,
2439 2383 2500 2436 τὺ
2536 2385 2633 2454 τῆς
2672 2385 3017 2455 ἀναιμάκτου
3059 2385 3270 2449 θυσίας.

2275 2475 2381 2528 Καὶ
2415 2476 2481 2530 τὸ
2515 2477 2694 2543 ἔλεός
2748 2494 2868 2532 σου
2921 2479 3272 2541 καταδιώξει
3321 2499 3397 2550 με
3425 2484 3631 2551 πάσας
3686 2489 3795 2551 τὰς

2200 2562 2429 2634 ἡμέρας
2479 2566 2588 2635 τῆς
2645 2565 2797 2638 ζωῆς
2841 2586 2982 2639 μου.
3015 2600 3082 2610 -
3116 2572 3477 2639 Καταδιώξει
3508 2577 3633 2631 ἀντὶ
3668 2579 3785 2639 τοῦ.

2204 2656 2458 2720 Ἐπεται,
2495 2656 2639 2713 οὕτω
2665 2659 2910 2726 δηλονότι
2940 2662 3320 2736 πορευομένῳ,
3378 2667 3472 2719 καὶ
3500 2668 3600 2738 τὴν
3649 2671 3790 2723 πλά-

2204 2767 2300 2822 νην
2331 2751 2608 2819 φεύγοντι.
2639 2753 2711 2805 Ἦ
2740 2754 2861 2819 καὶ,
2895 2755 3123 2822 Διώξει,
3146 2756 3271 2810 ἀντὶ
3302 2757 3399 2811 τοῦ
3466 2759 3797 2834 Ἐκζητήσει

2208 2858 2302 2910 με,
2337 2842 2433 2894 καὶ
2463 2842 2563 2895 οὐκ
2585 2844 2974 2915 ἀποστήσεται.

2277 2932 2390 2985 Καὶ
2413 2931 2477 2985 τὸ
2503 2933 2806 2989 κατοικεῖν
2830 2953 2908 3006 με
2931 2938 3002 2990 ἐν
3040 2938 3186 3007 οἴκῳ
3203 2941 3423 3010 Κυρίου
3451 2946 3540 3009 είς
3566 2948 3800 3014 μακρό-

2211 3041 2355 3092 τητα
2389 3025 2646 3094 ἡμερῶν.
2680 3028 3024 3097 Καταδιώξει
3044 3030 3101 3084 δέ
3130 3049 3198 3102 με
3223 3035 3316 3088 καὶ¹
3343 3035 3405 3088 τὸ
3428 3040 3709 3091 κατοικεῖν
3742 3042 3799 3093 ἐν

519 3125 701 3178 ctione
756 3122 844 3176 Dei
883 3122 1142 3177 habitem.
1185 3119 1280 3175 ναι
1334 3135 1433 3190 per
1474 3119 1697 3173 domum
1741 3118 1954 3172 Domini
1995 3116 2097 3170 Ec-

2205 3123 2269 3190 τῇ
2304 3118 2485 3191 σκέπῃ
2522 3120 2616 3175 τοῦ
2656 3121 2865 3194 Κυρίου
2918 3126 3479 3199 περιφρουρούμενον.
3528 3132 3601 3184 Ἢ
3642 3128 3800 3188 οἷκον

515 3215 737 3271 clesiam
776 3214 910 3269 dicit
942 3253 957 3276 ,
989 3219 1045 3266 et
1075 3212 1553 3283 congregationem
1586 3210 1822 3265 ﬁdelium
1850 3248 1864 3273 ,
1900 3210 1955 3263 in
1989 3225 2096 3280 qua

515 3306 725 3362 habitat
752 3306 1057 3367 Dominus,
1089 3311 1143 3359 et
1193 3304 1260 3360 iis
1308 3314 1532 3373 apparet
1563 3342 1579 3367 ,
1638 3303 1734 3373 qui
1782 3302 1889 3357 Dco
1948 3301 2099 3372 digiti

514 3406 648 3454 sunt
693 3415 710 3464 ;
760 3408 812 3453 et
840 3412 1036 3453 sensus
1065 3403 1149 3453 est
1201 3413 1216 3449 :

514 3488 711 3560 dignus
738 3489 1028 3553 censebor,
1062 3496 1117 3542 et
1151 3494 1404 3557 protegar
1430 3501 1460 3539 a
1497 3486 1607 3540 Deo
1631 3528 1647 3554 ,
1674 3494 1729 3542 et
1765 3484 1941 3540 ﬁdelis
1977 3501 2101 3556 per-

517 3578 770 3631 manebo.
801 3576 899 3633 Vel
930 3577 1088 3631 aliter
1135 3594 1149 3631 :
1194 3575 1424 3630 Dabitur
1471 3576 1607 3631 mihi
1658 3577 1712 3630 in
1756 3575 2098 3645 longitudine

514 3661 751 3725 dierum,
785 3664 889 3717 hoc
913 3673 996 3719 est
1029 3680 1124 3732 per
1152 3672 1324 3720 totam
1354 3665 1521 3719 vitam
1553 3705 1568 3730 ,
1604 3673 1666 3718 ut
1696 3665 2000 3720 inhabitem
2038 3667 2094 3721 in

2202 3214 2408 3282 Κυρίου
2439 3213 2588 3282 λέγει
2620 3214 2719 3287 τὴν
2780 3216 3110 3290 Ἐκκλησίαν
3178 3222 3271 3275 καὶ
3322 3227 3647 3295 συναγωγὴν
3679 3228 3796 3282 τῶν

2201 3303 2435 3367 πιστῶν,
2455 3307 2512 3358 ὲν
2593 3309 2734 3361 οἰκεῖ
2756 3309 2784 3361 6
2806 3309 3033 3380 Κύριος,
3051 3312 3421 3384 ὀπτανόμενος
3448 3319 3562 3381 τοῖς
3588 3317 3800 3385 ἀξίοις,

1274 3396 1387 3465 Ego
1413 3403 1467 3450 et
1496 3395 1683 3450 divina
1720 3393 2097 3449 misericordia

2201 3394 2473 3461 τουτέστι,
2510 3396 2625 3452 Καὶ
2656 3397 2812 3451 ἐλέου
2853 3398 3260 3473 ἀξιωθήσομαι,
3283 3405 3379 3459 καὶ
3407 3408 3803 3480 φρουρηθήσο-

2209 3503 2331 3555 μαι,
2366 3489 2461 3541 καὶ
2484 3489 2675 3554 πιστὸς
2711 3489 2884 3561 μενῶ.
2924 3493 2996 3546 Ἣ
3029 3494 3124 3548 καὶ
3168 3495 3380 3562 ἄλλωςο
3413 3499 3487 3553 Τὸ
3517 3505 3806 3558 κατοικεῖν

2211 3593 2278 3647 με
2310 3578 2367 3631 ὲν
2391 3579 2528 3651 οἴκῳ
2568 3581 2800 3651 Κυρίου,
2837 3584 2998 3637 ἔσται
3049 3602 3140 3656 μοι
3183 3589 3262 3653 εις
3291 3591 3616 3664 μακρότητα
3654 3596 3806 3666 ήμε·

2211 3667 2344 3736 ρῶν,
2370 3670 2559 3740 ἧγουν,
2587 3672 2654 3724 δι’
2687 3672 2811 3727 ὅλου
2839 3672 2935 3727 τοῦ
2968 3674 3108 3746 βίου.

516 3753 681 3807 domo
709 3752 954 3809 Domini.
986 3756 1051 3809 Et
1084 3755 1245 3810 aliter
1277 3773 1293 3808 :
1339 3754 1494 3809 Calix
1529 3754 1642 3828 (88)
1674 3756 1916 3828 cognitio
1941 3760 2034 3814 Dei
2067 3765 2173 3824 est,
2208 3759 2593 3818 misericordia
2627 3772 2810 3821 autem
2838 3768 2985 3836 ejus,
3020 3769 3342 3830 misericors
3367 3775 3622 3832 nimirum
3651 3776 3809 3850 Deus

518 3847 713 3913 Filius,
749 3852 840 3918 qui
869 3866 965 3922 per
992 3851 1430 3908 incarnationem
1482 3868 1638 3907 suam
1663 3894 1679 3919 ,
1730 3868 1948 3925 semper
2004 3871 2105 3912 nos
2130 3857 2506 3931 persequitur,
2540 3860 2720 3919 donec
2743 3877 2936 3920 omnes
3002 3868 3474 3940 comprehendat,
3519 3873 3612 3944 qui
3677 3847 3804 3932 sal:

518 3944 860 4039 vandiisunt.
895 3947 1102 4004 Domus
1135 3948 1297 4004 etiam
1334 3949 1547 4003 Domini
1582 3959 1667 4004 est
1696 3949 1818 4021 ejus
1851 3966 2105 4023 regnum,
2132 3953 2189 4010 in
2262 3972 2374 4029 quo
2443 3959 2816 4016 restituuntur
2838 3976 3030 4018 omnes
3053 3966 3228 4020 sancti
3250 3983 3265 4031 ;
3290 3968 3809 4039 perlongitudinem

519 4053 651 4095 vero
680 4038 922 4104 dierum,
950 4049 1213 4094 aeternam
1250 4041 1414 4095 vitam
1452 4039 1716 4112 intellige.

735 4129 987 4186 Psalmus
1003 4132 1106 4202 ipsi
1131 4132 1301 4187 David
1320 4135 1506 4197 prima:
1526 4136 1894 4192 sabbatorum.

1035 4222 1360 4282 PSALMUS
1391 4226 1583 4286 XXIII.

595 4312 694 4368 Hic
721 4314 966 4384 psalmus
999 4315 1409 4386 inscriptionem
1462 4320 1624 4375 habet
1659 4339 1675 4379 :
1734 4322 1934 4378 Prima:
1989 4327 2110 4379 sab-

518 4405 763 4460 batorum
791 4420 811 4460 :
848 4406 951 4461 hoc
981 4414 1088 4473 est,
1120 4408 1270 4463 illius
1302 4407 1408 4464 diei
1431 4451 1445 4475 ,
1479 4426 1584 4481 qua
1616 4413 1876 4473 Christus
1921 4432 2108 4472 resur-

518 4497 689 4564 rexit;
725 4497 874 4551 illam
906 4498 1053 4550 enim
1076 4497 1218 4551 diem
1255 4500 1505 4568 praedicit
1531 4519 1695 4574 quam
1720 4505 2103 4579 Erangelistaz,

2359 4144 2613 4214 Ψαλμὸς
2647 4146 2728 4213 τῷ
2756 4148 2957 4209 Δα6)ὃ,
2991 4149 3102 4219 τῆς
3131 4150 3275 4221 μιᾶς
3301 4156 3638 4214 Σαϐϐάτων.

2774 4240 3071 4294 ΨΑΔΜΟΣ
3111 4243 3240 4299 ΚΓ.

2296 4326 2356 4380 '0
2406 4327 2625 4398 ψαλμὸς
2660 4324 2837 4396 οὗτος,
2896 4332 3007 4400 τῆς
3050 4335 3196 4404 μιᾶς
3257 4340 3579 4396 Σαόὄὰτων
3626 4343 3809 4411 ἐστὶν,

2207 4418 2325 4488 ἦτοι
2365 4421 2464 4490 τῆς
2498 4422 2714 4493 ἡμέρας
2776 4425 2897 4478 καθ’
2946 4426 3017 4497 ἢν
3056 4428 3085 4480 6
3142 4429 3349 4497 Κύριος
3393 4433 3617 4504 ἀνέστη,
3667 4441 3814 4508 περὶ

2205 4511 2377 4581 αὐτῆς
2406 4514 2897 4586 προσαγορευθεὶς,
2952 4518 3018 4588 ἢν
3051 4520 3148 4573 καὶ
3171 4523 3220 4575 οί
3260 4524 3643 4593 εὖαγγελισταὶ
3667 4531 3813 4599 μίαν

519 4588 747 4656 primam
771 4587 1117 4642 sabbatorum
1146 4590 1437 4648 manifeste
1457 4597 1803 4665 appellarunt
1837 4615 1850 4651 :
1883 4602 2097 4657 tametsi

2210 4602 2523 4659 Σαϐϐάτωην
2545 4607 2733 4677 σαφῶς
2757 4587 3047 4667 ἐκάλεσαν.
3078 4587 3426 4686 Διεξέρχεται
3459 4618 3518 4671 δὲ
3547 4619 3639 4672 καὶ
3667 4587 3813 4693 περὶ

521 4677 575 4732 in
606 4677 711 4733 ﬁne
734 4678 803 4733 de
825 4681 1207 4750 assumptione
1238 4684 1404 4739 etiam
1428 4684 1637 4741 Christi
1679 4697 1901 4746 tractet.
1935 4691 2099 4764 [Illud

2209 4695 2310 4764 τῆς
2358 4695 2452 4748 τοῦ
2482 4697 2736 4768 Σωτῆρος
2766 4700 3091 4772 ἀναλήψεως
3121 4705 3179 4756 ἐν
3206 4706 3283 4773 τῷ
3301 4706 3467 4761 τέλει.

416 4850 421 4855 Δ
522 4777 703 4872 tamen
734 4770 1132 4872 observandum
1165 4776 1311 4845 quod
1343 4776 1402 4831 in
1430 4778 1617 4836 Graeca
1659 4780 1901 4839 lectione
1941 4798 2105 4837 unam
2144 4781 2506 4842 Sabbatorum
2541 4788 2794 4859 legimus,
2833 4770 2977 4864 quod
3030 4794 3214 4851 Latini
3254 4770 3607 4870 interpretes
3672 4819 3816 4872 pas-

524 4863 627 4918 sim
647 4904 661 4928 ,
695 4866 923 4934 primam
950 4867 1230 4935 dixerunt,

596 4956 763 5014 Vens.
812 4961 861 5014 l.
907 4961 1119 5019 Domini
1160 4975 1234 5020 est
1272 4975 1416 5022 terra
1466 4979 1517 5025 et
1565 4972 1838 5042 plenitudo
1860 4979 1998 5043 ejus.
2028 4973 2105 5029 Ex

524 5064 635 5116 quo
664 5048 921 5104 nimirum
947 5053 1015 5107 de
1045 5056 1327 5123 sepultura
1356 5062 1662 5115 resurrexit
1692 5103 1709 5126 ,
1737 5076 1792 5118 et
1816 5064 2109 5133 discipulis

525 5137 798 5206 apparuit,
830 5138 1019 5196 dicens
1057 5158 1072 5196 :
1111 5143 1248 5198 Data
1280 5158 1357 5201 est
1387 5150 1514 5203 mihi
1553 5153 1725 5206 omnis
1760 5163 2017 5222 potestas.
2053 5157 2109 5210 in

523 5227 651 5280 coelo
679 5238 726 5278 et
752 5228 804 5281 in
834 5240 969 5282 terra
1001 5231 1069 5296 ",
1096 5247 1158 5286 ex
1197 5235 1289 5288 illo
1326 5252 1461 5291 sane
1492 5245 1736 5308 tempore
1764 5282 1779 5306 ,
1827 5260 1939 5315 quo
1997 5246 2112 5302 htec

528 5316 856 5372 acciderunt
886 5358 901 5382 ,
934 5321 1142 5375 Christi
1177 5323 1367 5380 ellecta
1400 5336 1483 5381 est
1518 5333 1701 5387 omnis
1742 5342 1885 5389 terra
1916 5377 1932 5402 ,
1987 5354 2111 5408 qua:

527 5417 685 5462 antea
710 5410 812 5463 sub
851 5411 1161 5467 daemonum
1192 5426 1461 5484 potestate
1490 5420 1858 5480 detinebatur.
1889 5410 1954 5480 Et
1989 5429 2110 5482 ubi-

528 5509 633 5562 que
669 5510 960 5566 terrarum,
989 5518 1090 5573 pro
1126 5502 1287 5559 idolis
1326 5509 1526 5577 templa
1556 5510 1667 5565 Deo
1706 5523 1887 5568 erecta
1935 5526 2064 5572 sunt
2095 5560 2109 5584 ,

608 5710 719 5785 (fl?)
752 5714 837 5785 ῖσ-
870 5718 953 5785 ἐφ’
975 5714 1070 5774 ὧν·

602 5780 712 5851 (83)
768 5780 954 5841 om.
1007 5793 1092 5846 hic
1135 5793 1346 5852 Latinis
1399 5802 1791 5870 respondentia
1848 5806 2112 5877 leguntur

2292 4974 2403 5028 Τοῦ
2429 4975 2657 5044 Κυρίου
2687 4978 2725 5044 ἢ
2757 4977 2834 5048 γῆ
2861 4982 2960 5034 καί
3011 4984 3078 5035 τὸ
3114 4986 3409 5054 πλήρωμα
3434 4988 3643 5057 αὐτῆς.
3674 4989 3814 5045 Ὅτε

2207 5066 2409 5138 δηλαδὴ
2443 5067 2538 5122 τοῦ
2583 5071 2872 5141 μνήματος
2904 5072 3208 5141 ἐξαναστὰς
3233 5117 3249 5142 ,
3301 5080 3634 5152 ὲνεφανίσθη
3685 5086 3813 5147 τοῖς

2211 5158 2500 5228 μαθηταῖς,
2530 5163 2623 5215 καὶ
2654 5157 2810 5216 εἶπεν
2836 5180 2849 5194 ·
2894 5164 3099 5234 Ἐδόθη
3123 5186 3227 5235 μοι
3258 5168 3430 5226 πᾶσα
3458 5170 3709 5235 ἐξουσία
3734 5175 3816 5227 ἐν

2209 5249 2464 5318 οὐρανῷ,
2489 5254 2587 5306 καὶ
2618 5254 2719 5308 ἐπὶ
2747 5254 2879 5324 γῆς.
2919 5258 3007 5324 Ἐξ
3042 5261 3259 5332 ἐκείνης
3293 5264 3403 5334 γὰρ
3434 5265 3531 5334 τῆς
3558 5268 3810 5336 ἡμέρας,

2209 5340 2302 5394 τοῦ
2352 5344 2593 5414 Χριστοῦ
2639 5348 2870 5414 γέγονεν
2914 5349 2947 5417 ἡ
2980 5350 3073 5419 γῆ,
3107 5353 3376 5423 πρότερον
3407 5355 3514 5408 ὑπὸ
3551 5358 3658 5409 τῶν
3683 5358 3814 5410 δαι-

2216 5434 2394 5503 μόνων
2446 5441 2987 5511 κατακυριευομένη.
3020 5443 3306 5513 Πανταχοῦ
3355 5447 3542 5500 λοιπὸν
3574 5446 3675 5515 τῆς
3694 5449 3815 5516 γῆς

2211 5524 2333 5578 ἀντὶ
2361 5527 2469 5579 τῶν
2496 5527 2733 5605 εέρώλων
2766 5530 2904 5584 θεῖοι
2937 5534 3059 5586 ναοὶ
3115 5536 3539 5607 καθιδρύθησαν,
3573 5540 3664 5593 τοῦ
3701 5558 3816 5609 κη-

1902 5634 2101 5697 νδιὶεθ
2137 5637 2464 5725 lectiones.

2227 5757 2417 5810 supra,
2468 5747 2522 5799 in
2583 5747 2687 5802 line
2719 5751 3088 5818 expositionis
3127 5755 3386 5811 versiculi

2222 5826 2503 5883 conspectu
2543 5826 2634 5871 tuo
2671 5833 2924 5877 mensam.

3427 5772 3442 5810 :
3490 5754 3712 5811 Parasti
3753 5760 3821 5813 in
