  <div class='ocr_page' id='page_1' title='image "/cluster/home/n/w/nwhite01/storage/ocr_20150623/128:no.1/coo.31924054870336/156.png"; bbox 0 0 4116 6490; ppageno 0'>
   <div class='ocr_carea' id='block_1_1' title="bbox 309 279 420 344">
    <p class='ocr_par' dir='ltr' id='par_1_1' title="bbox 309 279 420 344">
     <span class='ocr_line' id='line_1_1' title="bbox 309 279 420 344; baseline -0.018 0"><span class='ocrx_word' id='word_1_1' title='bbox 309 279 420 344; x_wconf 73' lang='grc'><strong>297</strong></span> 
     </span>
    </p>
   </div>
   <div class='ocr_carea' id='block_1_2' title="bbox 1482 260 2393 330">
    <p class='ocr_par' dir='ltr' id='par_1_2' title="bbox 1482 260 2393 330">
     <span class='ocr_line' id='line_1_2' title="bbox 1482 260 2393 330; baseline -0.009 -1"><span class='ocrx_word' id='word_1_2' title='bbox 1482 262 1876 330; x_wconf 77' lang='lat' dir='ltr'><strong>COMMEN&#39;I‘.</strong></span> <span class='ocrx_word' id='word_1_3' title='bbox 1916 263 1996 324; x_wconf 83' lang='lat' dir='ltr'><strong>IN</strong></span> <span class='ocrx_word' id='word_1_4' title='bbox 2027 260 2393 324; x_wconf 80' lang='lat' dir='ltr'><strong>PSALMOS.</strong></span> 
     </span>
    </p>
   </div>
   <div class='ocr_carea' id='block_1_3' title="bbox 3487 263 3594 328">
    <p class='ocr_par' dir='ltr' id='par_1_3' title="bbox 3487 263 3594 328">
     <span class='ocr_line' id='line_1_3' title="bbox 3487 263 3594 328; baseline 0.019 -2"><span class='ocrx_word' id='word_1_5' title='bbox 3487 263 3594 328; x_wconf 73' lang='grc'><strong>298</strong></span> 
     </span>
    </p>
   </div>
   <div class='ocr_carea' id='block_1_4' title="bbox 315 371 1922 467">
    <p class='ocr_par' dir='ltr' id='par_1_4' title="bbox 315 372 1902 467">
     <span class='ocr_line' id='line_1_4' title="bbox 315 372 1902 467; baseline -0.009 -20"><span class='ocrx_word' id='word_1_6' title='bbox 315 396 600 467; x_wconf 71' lang='grc' dir='ltr'><strong>ρῦγματος</strong></span> <span class='ocrx_word' id='word_1_7' title='bbox 633 386 1032 460; x_wconf 81' lang='grc' dir='ltr'><strong>διαδραμόντος</strong></span> <span class='ocrx_word' id='word_1_8' title='bbox 1083 387 1210 456; x_wconf 78' lang='grc' dir='ltr'><strong>ἄχρι</strong></span> <span class='ocrx_word' id='word_1_9' title='bbox 1256 382 1366 436; x_wconf 86' lang='grc' dir='ltr'><strong>τῶν</strong></span> <span class='ocrx_word' id='word_1_10' title='bbox 1403 383 1656 452; x_wconf 82' lang='grc' dir='ltr'><strong>περάτων</strong></span> <span class='ocrx_word' id='word_1_11' title='bbox 1695 372 1792 450; x_wconf 71' lang='grc' dir='ltr'><strong>τῆς</strong></span> <span class='ocrx_word' id='word_1_12' title='bbox 1821 381 1902 433; x_wconf 74' lang='lat'><strong>0!-</strong></span> 
     </span>
    </p>
   </div>
   <div class='ocr_carea' id='block_1_5' title="bbox 2025 371 3600 467">
    <p class='ocr_par' dir='ltr' id='par_1_5' title="bbox 2025 371 3600 443">
     <span class='ocr_line' id='line_1_5' title="bbox 2025 371 3600 443; baseline 0.001 -13"><span class='ocrx_word' id='word_1_13' title='bbox 2025 375 2406 430; x_wconf 70' lang='lat' dir='ltr'><strong>)r:edicatione</strong></span> <span class='ocrx_word' id='word_1_14' title='bbox 2462 372 2584 428; x_wconf 84' lang='lat' dir='ltr'><strong>ﬁdei</strong></span> <span class='ocrx_word' id='word_1_15' title='bbox 2621 371 2687 427; x_wconf 88' lang='lat' dir='ltr'><strong>ad</strong></span> <span class='ocrx_word' id='word_1_16' title='bbox 2727 387 2901 443; x_wconf 87' lang='lat' dir='ltr'><strong>usque</strong></span> <span class='ocrx_word' id='word_1_17' title='bbox 2947 379 3110 428; x_wconf 68' lang='lat' dir='ltr'><strong>terra:</strong></span> <span class='ocrx_word' id='word_1_18' title='bbox 3155 372 3292 430; x_wconf 86' lang='lat' dir='ltr'><strong>ﬁnes</strong></span> <span class='ocrx_word' id='word_1_19' title='bbox 3331 373 3559 432; x_wconf 81' lang='lat' dir='ltr'><strong>dilatata</strong></span> <span class='ocrx_word' id='word_1_20' title='bbox 3583 411 3600 441; x_wconf 84' lang='lat'><strong>,</strong></span> 
     </span>
    </p>
   </div>
   <div class='ocr_carea' id='block_1_6' title="bbox 312 473 1908 556">
    <p class='ocr_par' dir='ltr' id='par_1_6' title="bbox 312 473 1908 556">
     <span class='ocr_line' id='line_1_6' title="bbox 312 473 1908 556; baseline -0.009 -16"><span class='ocrx_word' id='word_1_21' title='bbox 312 484 611 556; x_wconf 74' lang='grc' dir='ltr'><strong>κουμίνης,</strong></span> <span class='ocrx_word' id='word_1_22' title='bbox 643 483 720 544; x_wconf 84' lang='grc' dir='ltr'><strong>ὡς</strong></span> <span class='ocrx_word' id='word_1_23' title='bbox 763 481 1128 551; x_wconf 74' lang='grc' dir='ltr'><strong>προλαϐόντες</strong></span> <span class='ocrx_word' id='word_1_24' title='bbox 1175 480 1500 549; x_wconf 83' lang='grc' dir='ltr'><strong>εἰρήκαμεν.</strong></span> <span class='ocrx_word' id='word_1_25' title='bbox 1536 477 1820 546; x_wconf 81' lang='grc' dir='ltr'><strong>Πλήρωμα</strong></span> <span class='ocrx_word' id='word_1_26' title='bbox 1852 473 1908 526; x_wconf 73' lang='grc' dir='ltr'>δὲ</span> 
     </span>
    </p>
   </div>
   <div class='ocr_carea' id='block_1_7' title="bbox 311 564 1908 647">
    <p class='ocr_par' dir='ltr' id='par_1_7' title="bbox 311 564 1908 647">
     <span class='ocr_line' id='line_1_7' title="bbox 311 564 1908 647; baseline -0.009 -15"><span class='ocrx_word' id='word_1_27' title='bbox 311 579 506 647; x_wconf 66' lang='grc' dir='ltr'><strong>αὐτῆς,</strong></span> <span class='ocrx_word' id='word_1_28' title='bbox 533 579 583 628; x_wconf 85' lang='lat' dir='ltr'><strong>oi</strong></span> <span class='ocrx_word' id='word_1_29' title='bbox 605 573 816 644; x_wconf 71' lang='grc' dir='ltr'><strong>ταύτην</strong></span> <span class='ocrx_word' id='word_1_30' title='bbox 847 571 1190 644; x_wconf 81' lang='grc' dir='ltr'><strong>πληροῦντες</strong></span> <span class='ocrx_word' id='word_1_31' title='bbox 1223 571 1526 641; x_wconf 77' lang='grc' dir='ltr'><strong>ἅνθρωποι.</strong></span> <span class='ocrx_word' id='word_1_32' title='bbox 1569 569 1703 622; x_wconf 75' lang='grc' dir='ltr'><strong>Ἀπὸ</strong></span> <span class='ocrx_word' id='word_1_33' title='bbox 1731 569 1789 620; x_wconf 78' lang='grc' dir='ltr'><strong>δὲ</strong></span> <span class='ocrx_word' id='word_1_34' title='bbox 1811 564 1908 619; x_wconf 81' lang='grc' dir='ltr'><strong>τοῦ</strong></span> 
     </span>
    </p>
   </div>
   <div class='ocr_carea' id='block_1_8' title="bbox 309 659 1910 736">
    <p class='ocr_par' dir='ltr' id='par_1_8' title="bbox 309 659 1910 736">
     <span class='ocr_line' id='line_1_8' title="bbox 309 659 1910 736; baseline -0.007 -13"><span class='ocrx_word' id='word_1_35' title='bbox 309 672 433 724; x_wconf 81' lang='grc' dir='ltr'><strong>ὅλου</strong></span> <span class='ocrx_word' id='word_1_36' title='bbox 454 669 586 730; x_wconf 81' lang='grc' dir='ltr'><strong>τοὺς</strong></span> <span class='ocrx_word' id='word_1_37' title='bbox 615 667 837 730; x_wconf 81' lang='grc' dir='ltr'><strong>πλείους</strong></span> <span class='ocrx_word' id='word_1_38' title='bbox 870 664 1142 736; x_wconf 64' lang='grc' dir='ltr'><strong>ἐδήλωσεν</strong></span> <span class='ocrx_word' id='word_1_39' title='bbox 1171 677 1184 693; x_wconf 76' lang='grc'><strong><em>⁸</em></strong></span> <span class='ocrx_word' id='word_1_40' title='bbox 1211 664 1274 716; x_wconf 78' lang='grc' dir='ltr'><strong>οὐ</strong></span> <span class='ocrx_word' id='word_1_41' title='bbox 1300 663 1410 734; x_wconf 70' lang='grc' dir='ltr'><strong>γὰρ</strong></span> <span class='ocrx_word' id='word_1_42' title='bbox 1445 664 1646 725; x_wconf 83' lang='grc' dir='ltr'><strong>πάντες</strong></span> <span class='ocrx_word' id='word_1_43' title='bbox 1669 659 1767 713; x_wconf 84' lang='grc' dir='ltr'><strong>τοῦ</strong></span> <span class='ocrx_word' id='word_1_44' title='bbox 1801 661 1910 711; x_wconf 84' lang='grc' dir='ltr'><strong>Κυ-</strong></span> 
     </span>
    </p>
   </div>
   <div class='ocr_carea' id='block_1_9' title="bbox 313 752 1909 832">
    <p class='ocr_par' dir='ltr' id='par_1_9' title="bbox 313 752 1909 832">
     <span class='ocr_line' id='line_1_9' title="bbox 313 752 1909 832; baseline -0.004 -19"><span class='ocrx_word' id='word_1_45' title='bbox 313 762 430 832; x_wconf 81' lang='grc' dir='ltr'>ρίου</span> <span class='ocrx_word' id='word_1_46' title='bbox 471 760 761 827; x_wconf 75' lang='grc' dir='ltr'><strong>γεγόνασι.</strong></span> <span class='ocrx_word' id='word_1_47' title='bbox 793 756 884 826; x_wconf 85' lang='grc' dir='ltr'>Τῷ</span> <span class='ocrx_word' id='word_1_48' title='bbox 917 757 1102 827; x_wconf 77' lang='grc' dir='ltr'><strong>μέντοι</strong></span> <span class='ocrx_word' id='word_1_49' title='bbox 1139 755 1238 825; x_wconf 84' lang='grc' dir='ltr'><strong>τῆς</strong></span> <span class='ocrx_word' id='word_1_50' title='bbox 1264 755 1370 825; x_wconf 82' lang='grc' dir='ltr'><strong>γῆς</strong></span> <span class='ocrx_word' id='word_1_51' title='bbox 1397 754 1644 824; x_wconf 80' lang='grc' dir='ltr'><strong>ὀνόματι,</strong></span> <span class='ocrx_word' id='word_1_52' title='bbox 1683 752 1779 807; x_wconf 73' lang='grc' dir='ltr'><strong>καὶ</strong></span> <span class='ocrx_word' id='word_1_53' title='bbox 1809 752 1909 816; x_wconf 79' lang='grc' dir='ltr'><strong>τὰς</strong></span> 
     </span>
    </p>
   </div>
   <div class='ocr_carea' id='block_1_10' title="bbox 312 841 1551 922">
    <p class='ocr_par' dir='ltr' id='par_1_10' title="bbox 312 841 1551 922">
     <span class='ocr_line' id='line_1_10' title="bbox 312 841 1551 922; baseline -0.005 -16"><span class='ocrx_word' id='word_1_54' title='bbox 312 855 516 922; x_wconf 79' lang='grc' dir='ltr'><strong>νήσους</strong></span> <span class='ocrx_word' id='word_1_55' title='bbox 541 847 1010 921; x_wconf 77' lang='grc' dir='ltr'><strong>συμπεριέλαὸεν,</strong></span> <span class='ocrx_word' id='word_1_56' title='bbox 1031 849 1115 902; x_wconf 83' lang='grc' dir='ltr'><strong>ὅτι</strong></span> <span class='ocrx_word' id='word_1_57' title='bbox 1144 850 1215 918; x_wconf 79' lang='grc' dir='ltr'><strong>γῆ</strong></span> <span class='ocrx_word' id='word_1_58' title='bbox 1247 849 1344 901; x_wconf 77' lang='grc' dir='ltr'><strong>καὶ</strong></span> <span class='ocrx_word' id='word_1_59' title='bbox 1370 841 1551 902; x_wconf 78' lang='grc' dir='ltr'><strong>αὗται.</strong></span> 
     </span>
    </p>
   </div>
   <div class='ocr_carea' id='block_1_11' title="bbox 396 1027 1912 1098">
    <p class='ocr_par' dir='ltr' id='par_1_11' title="bbox 396 1027 1912 1098">
     <span class='ocr_line' id='line_1_11' title="bbox 396 1027 1912 1098; baseline -0.001 -15"><span class='ocrx_word' id='word_1_60' title='bbox 396 1027 834 1098; x_wconf 76' lang='grc' dir='ltr'><strong>Ἡοὶκουμένη,</strong></span> <span class='ocrx_word' id='word_1_61' title='bbox 868 1028 970 1083; x_wconf 80' lang='grc' dir='ltr'><strong>και</strong></span> <span class='ocrx_word' id='word_1_62' title='bbox 1017 1027 1240 1094; x_wconf 74' lang='grc' dir='ltr'><strong>πάντες</strong></span> <span class='ocrx_word' id='word_1_63' title='bbox 1269 1029 1324 1082; x_wconf 75' lang='lat' dir='ltr'><strong>oi</strong></span> <span class='ocrx_word' id='word_1_64' title='bbox 1368 1027 1798 1095; x_wconf 80' lang='grc' dir='ltr'><strong>κατοικοῦντες</strong></span> <span class='ocrx_word' id='word_1_65' title='bbox 1840 1029 1912 1083; x_wconf 74' lang='grc' dir='ltr'><strong>ἐν</strong></span> 
     </span>
    </p>
   </div>
   <div class='ocr_carea' id='block_1_12' title="bbox 311 1120 1912 1193">
    <p class='ocr_par' dir='ltr' id='par_1_12' title="bbox 311 1120 1912 1193">
     <span class='ocr_line' id='line_1_12' title="bbox 311 1120 1912 1193; baseline 0 -18"><span class='ocrx_word' id='word_1_66' title='bbox 311 1121 488 1190; x_wconf 72' lang='grc' dir='ltr'><strong>αὐτῇ.</strong></span> <span class='ocrx_word' id='word_1_67' title='bbox 523 1122 703 1175; x_wconf 75' lang='grc' dir='ltr'><strong>Τοῦτο</strong></span> <span class='ocrx_word' id='word_1_68' title='bbox 740 1121 837 1175; x_wconf 82' lang='grc' dir='ltr'><strong>τοῦ</strong></span> <span class='ocrx_word' id='word_1_69' title='bbox 881 1120 1295 1193; x_wconf 79' lang='grc' dir='ltr'><strong>προρῤηθὲντος</strong></span> <span class='ocrx_word' id='word_1_70' title='bbox 1327 1121 1836 1191; x_wconf 76' lang='grc' dir='ltr'><strong>ὲφερμηνευτικόν·</strong></span> <span class='ocrx_word' id='word_1_71' title='bbox 1882 1122 1912 1175; x_wconf 79' lang='grc' dir='ltr'><strong>ὃ</strong></span> 
     </span>
    </p>
   </div>
   <div class='ocr_carea' id='block_1_13' title="bbox 315 1209 1912 1284">
    <p class='ocr_par' dir='ltr' id='par_1_13' title="bbox 315 1209 1912 1284">
     <span class='ocr_line' id='line_1_13' title="bbox 315 1209 1912 1284; baseline -0.001 -18"><span class='ocrx_word' id='word_1_72' title='bbox 315 1218 421 1284; x_wconf 69' lang='grc' dir='ltr'><strong>γὰρ</strong></span> <span class='ocrx_word' id='word_1_73' title='bbox 454 1209 615 1266; x_wconf 78' lang='grc' dir='ltr'><strong>εἶπεν</strong></span> <span class='ocrx_word' id='word_1_74' title='bbox 650 1216 773 1267; x_wconf 75' lang='grc' dir='ltr'><strong>ἐκεῖ</strong></span> <span class='ocrx_word' id='word_1_75' title='bbox 799 1214 924 1283; x_wconf 80' lang='grc' dir='ltr'><strong>γῆν,</strong></span> <span class='ocrx_word' id='word_1_76' title='bbox 955 1211 1120 1266; x_wconf 81' lang='grc' dir='ltr'><strong>τοῦτο</strong></span> <span class='ocrx_word' id='word_1_77' title='bbox 1147 1212 1384 1266; x_wconf 79' lang='grc' dir='ltr'><strong>ἐνταῦθα</strong></span> <span class='ocrx_word' id='word_1_78' title='bbox 1419 1212 1773 1283; x_wconf 84' lang='grc' dir='ltr'><strong>οἰκουμένην,</strong></span> <span class='ocrx_word' id='word_1_79' title='bbox 1815 1213 1912 1267; x_wconf 76' lang='grc' dir='ltr'><strong>καὶ</strong></span> 
     </span>
    </p>
   </div>
   <div class='ocr_carea' id='block_1_14' title="bbox 315 1305 1914 1377">
    <p class='ocr_par' dir='ltr' id='par_1_14' title="bbox 315 1305 1914 1377">
     <span class='ocr_line' id='line_1_14' title="bbox 315 1305 1914 1377; baseline -0.001 -16"><span class='ocrx_word' id='word_1_80' title='bbox 315 1307 343 1360; x_wconf 80' lang='grc' dir='ltr'><strong>ὃ</strong></span> <span class='ocrx_word' id='word_1_81' title='bbox 379 1311 496 1361; x_wconf 72' lang='grc' dir='ltr'><strong>ἐκεῖ</strong></span> <span class='ocrx_word' id='word_1_82' title='bbox 526 1307 829 1377; x_wconf 79' lang='grc' dir='ltr'><strong>πλήρωμα,</strong></span> <span class='ocrx_word' id='word_1_83' title='bbox 861 1305 1021 1360; x_wconf 82' lang='grc' dir='ltr'><strong>τοῦτο</strong></span> <span class='ocrx_word' id='word_1_84' title='bbox 1047 1305 1283 1360; x_wconf 74' lang='grc' dir='ltr'><strong>ἐνταῦθα</strong></span> <span class='ocrx_word' id='word_1_85' title='bbox 1309 1306 1702 1370; x_wconf 74' lang='grc' dir='ltr'><strong>κατοικοῦντας</strong></span> <span class='ocrx_word' id='word_1_86' title='bbox 1732 1307 1789 1360; x_wconf 83' lang='grc' dir='ltr'><strong>ὲν</strong></span> <span class='ocrx_word' id='word_1_87' title='bbox 1815 1307 1914 1360; x_wconf 82' lang='grc' dir='ltr'><strong>αὐ-</strong></span> 
     </span>
    </p>
   </div>
   <div class='ocr_carea' id='block_1_15' title="bbox 315 1395 1912 1468">
    <p class='ocr_par' dir='ltr' id='par_1_15' title="bbox 315 1395 1912 1468">
     <span class='ocr_line' id='line_1_15' title="bbox 315 1395 1912 1468; baseline 0.002 -19"><span class='ocrx_word' id='word_1_88' title='bbox 315 1399 400 1467; x_wconf 78' lang='grc' dir='ltr'><strong>τῇ.</strong></span> <span class='ocrx_word' id='word_1_89' title='bbox 437 1398 551 1450; x_wconf 80' lang='grc' dir='ltr'><strong>Καὶ</strong></span> <span class='ocrx_word' id='word_1_90' title='bbox 576 1397 754 1460; x_wconf 74' lang='grc' dir='ltr'><strong>ἄλλως</strong></span> <span class='ocrx_word' id='word_1_91' title='bbox 798 1397 888 1450; x_wconf 77' lang='grc' dir='ltr'><strong>δέ·</strong></span> <span class='ocrx_word' id='word_1_92' title='bbox 923 1397 972 1450; x_wconf 82' lang='lat' dir='ltr'><strong>ei</strong></span> <span class='ocrx_word' id='word_1_93' title='bbox 1019 1397 1115 1450; x_wconf 76' lang='grc' dir='ltr'><strong>καὶ</strong></span> <span class='ocrx_word' id='word_1_94' title='bbox 1164 1395 1241 1468; x_wconf 80' lang='grc' dir='ltr'><strong>μὴ</strong></span> <span class='ocrx_word' id='word_1_95' title='bbox 1274 1399 1425 1450; x_wconf 81' lang='grc' dir='ltr'><strong>πᾶσα</strong></span> <span class='ocrx_word' id='word_1_96' title='bbox 1457 1399 1555 1450; x_wconf 76' lang='grc' dir='ltr'><strong>καὶ</strong></span> <span class='ocrx_word' id='word_1_97' title='bbox 1585 1398 1790 1461; x_wconf 82' lang='grc' dir='ltr'><strong>πάντες</strong></span> <span class='ocrx_word' id='word_1_98' title='bbox 1814 1398 1912 1452; x_wconf 78' lang='grc' dir='ltr'><strong>τοῦ</strong></span> 
     </span>
    </p>
   </div>
   <div class='ocr_carea' id='block_1_16' title="bbox 318 1487 1911 1560">
    <p class='ocr_par' dir='ltr' id='par_1_16' title="bbox 318 1487 1911 1560">
     <span class='ocr_line' id='line_1_16' title="bbox 318 1487 1911 1560; baseline 0.002 -20"><span class='ocrx_word' id='word_1_99' title='bbox 318 1489 526 1558; x_wconf 77' lang='grc' dir='ltr'>Κυρίου</span> <span class='ocrx_word' id='word_1_100' title='bbox 578 1489 895 1556; x_wconf 83' lang='grc' dir='ltr'><strong>γεγόνασιν,</strong></span> <span class='ocrx_word' id='word_1_101' title='bbox 946 1488 1064 1541; x_wconf 80' lang='grc' dir='ltr'><strong>ἀλλ’</strong></span> <span class='ocrx_word' id='word_1_102' title='bbox 1115 1487 1208 1541; x_wconf 80' lang='grc' dir='ltr'><strong>οὖν</strong></span> <span class='ocrx_word' id='word_1_103' title='bbox 1241 1491 1394 1560; x_wconf 69' lang='grc' dir='ltr'><strong>παρᾶι</strong></span> <span class='ocrx_word' id='word_1_104' title='bbox 1420 1491 1535 1552; x_wconf 87' lang='grc' dir='ltr'><strong>τοῖς</strong></span> <span class='ocrx_word' id='word_1_105' title='bbox 1580 1489 1911 1544; x_wconf 73' lang='grc' dir='ltr'><strong>πιστεύσασι</strong></span> 
     </span>
    </p>
   </div>
   <div class='ocr_carea' id='block_1_17' title="bbox 315 1579 1909 1652">
    <p class='ocr_par' dir='ltr' id='par_1_17' title="bbox 315 1579 1909 1652">
     <span class='ocr_line' id='line_1_17' title="bbox 315 1579 1909 1652; baseline 0.001 -19"><span class='ocrx_word' id='word_1_106' title='bbox 315 1579 409 1633; x_wconf 79' lang='grc' dir='ltr'><strong>τοῦ</strong></span> <span class='ocrx_word' id='word_1_107' title='bbox 439 1580 654 1650; x_wconf 74' lang='grc' dir='ltr'>Κυρίου</span> <span class='ocrx_word' id='word_1_108' title='bbox 686 1579 874 1646; x_wconf 77' lang='grc' dir='ltr'><strong>ἔδοξαν</strong></span> <span class='ocrx_word' id='word_1_109' title='bbox 896 1595 910 1611; x_wconf 88' lang='grc'><strong>·</strong></span> <span class='ocrx_word' id='word_1_110' title='bbox 943 1579 1474 1652; x_wconf 78' lang='grc' dir='ltr'><strong>ὲπληροφορήθησαν</strong></span> <span class='ocrx_word' id='word_1_111' title='bbox 1504 1581 1614 1651; x_wconf 82' lang='grc' dir='ltr'><strong>γὰρ</strong></span> <span class='ocrx_word' id='word_1_112' title='bbox 1635 1581 1722 1635; x_wconf 82' lang='grc' dir='ltr'><strong>ὅτι</strong></span> <span class='ocrx_word' id='word_1_113' title='bbox 1745 1583 1909 1645; x_wconf 86' lang='grc' dir='ltr'><strong>αὐτὸς</strong></span> 
     </span>
    </p>
   </div>
   <div class='ocr_carea' id='block_1_18' title="bbox 316 1671 1196 1744">
    <p class='ocr_par' dir='ltr' id='par_1_18' title="bbox 316 1671 1196 1744">
     <span class='ocr_line' id='line_1_18' title="bbox 316 1671 1196 1744; baseline 0.006 -20"><span class='ocrx_word' id='word_1_114' title='bbox 316 1673 522 1726; x_wconf 76' lang='grc' dir='ltr'><strong>τούτων</strong></span> <span class='ocrx_word' id='word_1_115' title='bbox 565 1671 801 1744; x_wconf 74' lang='grc' dir='ltr'><strong>ποιητὴς</strong></span> <span class='ocrx_word' id='word_1_116' title='bbox 839 1672 934 1726; x_wconf 75' lang='grc' dir='ltr'><strong>καὶ</strong></span> <span class='ocrx_word' id='word_1_117' title='bbox 968 1675 1196 1744; x_wconf 82' lang='grc' dir='ltr'><strong>Κύριος.</strong></span> 
     </span>
    </p>
   </div>
   <div class='ocr_carea' id='block_1_19' title="bbox 385 1851 1918 1922">
    <p class='ocr_par' dir='ltr' id='par_1_19' title="bbox 385 1851 1918 1922">
     <span class='ocr_line' id='line_1_19' title="bbox 385 1851 1918 1922; baseline 0.001 -16"><span class='ocrx_word' id='word_1_118' title='bbox 385 1853 587 1917; x_wconf 79' lang='grc' dir='ltr'><strong>Αὐτὸς</strong></span> <span class='ocrx_word' id='word_1_119' title='bbox 645 1851 746 1905; x_wconf 71' lang='grc' dir='ltr'><strong>ἐπὶ</strong></span> <span class='ocrx_word' id='word_1_120' title='bbox 772 1851 1104 1907; x_wconf 66' lang='grc' dir='ltr'><strong>θαλιισσῶν</strong></span> <span class='ocrx_word' id='word_1_121' title='bbox 1143 1851 1544 1922; x_wconf 64' lang='grc' dir='ltr'><strong>ἐθεμελὶωσεν</strong></span> <span class='ocrx_word' id='word_1_122' title='bbox 1572 1871 1609 1907; x_wconf 80' lang='grc' dir='ltr'><strong>α</strong></span> <span class='ocrx_word' id='word_1_123' title='bbox 1618 1854 1787 1921; x_wconf 71' lang='grc' dir='ltr'><strong>ὺτὴιο,</strong></span> <span class='ocrx_word' id='word_1_124' title='bbox 1816 1854 1918 1907; x_wconf 76' lang='grc' dir='ltr'><strong>καὶ</strong></span> 
     </span>
    </p>
   </div>
   <div class='ocr_carea' id='block_1_20' title="bbox 320 1944 1915 2020">
    <p class='ocr_par' dir='ltr' id='par_1_20' title="bbox 320 1944 1915 2020">
     <span class='ocr_line' id='line_1_20' title="bbox 320 1944 1915 2020; baseline 0 -20"><span class='ocrx_word' id='word_1_125' title='bbox 320 1947 412 2000; x_wconf 67' lang='grc' dir='ltr'><strong>ἐπὶ</strong></span> <span class='ocrx_word' id='word_1_126' title='bbox 447 1944 742 2014; x_wconf 75' lang='grc' dir='ltr'><strong>ποταμῶν</strong></span> <span class='ocrx_word' id='word_1_127' title='bbox 765 1946 1100 2014; x_wconf 73' lang='grc' dir='ltr'><strong>ἡτοίμασεν</strong></span> <span class='ocrx_word' id='word_1_128' title='bbox 1123 1947 1338 2013; x_wconf 74' lang='grc' dir='ltr'><strong>αὐτήν.</strong></span> <span class='ocrx_word' id='word_1_129' title='bbox 1364 1948 1488 2020; x_wconf 38' lang='grc' dir='ltr'><strong>Χρὴ</strong></span> <span class='ocrx_word' id='word_1_130' title='bbox 1517 1949 1573 2000; x_wconf 74' lang='grc' dir='ltr'><strong>δὲ</strong></span> <span class='ocrx_word' id='word_1_131' title='bbox 1601 1948 1915 2016; x_wconf 82' lang='grc' dir='ltr'><strong>γινώσκειν,</strong></span> 
     </span>
    </p>
   </div>
   <div class='ocr_carea' id='block_1_21' title="bbox 326 2035 1915 2110">
    <p class='ocr_par' dir='ltr' id='par_1_21' title="bbox 326 2035 1915 2110">
     <span class='ocr_line' id='line_1_21' title="bbox 326 2035 1915 2110; baseline 0.004 -23"><span class='ocrx_word' id='word_1_132' title='bbox 326 2035 402 2087; x_wconf 82' lang='grc' dir='ltr'><strong>ὃτι</strong></span> <span class='ocrx_word' id='word_1_133' title='bbox 427 2038 454 2089; x_wconf 86' lang='grc' dir='ltr'><strong>ὁ</strong></span> <span class='ocrx_word' id='word_1_134' title='bbox 491 2036 670 2104; x_wconf 81' lang='grc' dir='ltr'><strong>μέγας</strong></span> <span class='ocrx_word' id='word_1_135' title='bbox 706 2035 989 2100; x_wconf 76' lang='grc' dir='ltr'><strong>Βασίλειος</strong></span> <span class='ocrx_word' id='word_1_136' title='bbox 1017 2036 1268 2107; x_wconf 79' lang='grc' dir='ltr'><strong>θεμέλιον</strong></span> <span class='ocrx_word' id='word_1_137' title='bbox 1297 2035 1440 2093; x_wconf 75' lang='grc' dir='ltr'><strong>εἶναι</strong></span> <span class='ocrx_word' id='word_1_138' title='bbox 1459 2039 1557 2110; x_wconf 83' lang='grc' dir='ltr'><strong>τῆς</strong></span> <span class='ocrx_word' id='word_1_139' title='bbox 1599 2041 1702 2110; x_wconf 80' lang='grc' dir='ltr'><strong>γῆς</strong></span> <span class='ocrx_word' id='word_1_140' title='bbox 1754 2041 1915 2110; x_wconf 88' lang='grc' dir='ltr'><strong>μόνον</strong></span> 
     </span>
    </p>
   </div>
   <div class='ocr_carea' id='block_1_22' title="bbox 323 2127 1917 2203">
    <p class='ocr_par' dir='ltr' id='par_1_22' title="bbox 323 2127 1917 2203">
     <span class='ocr_line' id='line_1_22' title="bbox 323 2127 1917 2203; baseline 0.004 -25"><span class='ocrx_word' id='word_1_141' title='bbox 323 2127 384 2179; x_wconf 79' lang='grc' dir='ltr'><strong>τὺ</strong></span> <span class='ocrx_word' id='word_1_142' title='bbox 421 2129 760 2180; x_wconf 75' lang='grc' dir='ltr'><strong>Δεσποτικὸν</strong></span> <span class='ocrx_word' id='word_1_143' title='bbox 801 2129 1133 2199; x_wconf 79' lang='grc' dir='ltr'><strong>πρόσταγμα</strong></span> <span class='ocrx_word' id='word_1_144' title='bbox 1185 2129 1383 2197; x_wconf 77' lang='grc' dir='ltr'><strong>λέγων,</strong></span> <span class='ocrx_word' id='word_1_145' title='bbox 1434 2131 1528 2184; x_wconf 74' lang='grc' dir='ltr'><strong>καὶ</strong></span> <span class='ocrx_word' id='word_1_146' title='bbox 1584 2133 1723 2202; x_wconf 81' lang='grc' dir='ltr'><strong>μήτε</strong></span> <span class='ocrx_word' id='word_1_147' title='bbox 1750 2132 1917 2203; x_wconf 79' lang='grc' dir='ltr'><strong>ὕδωρ,</strong></span> 
     </span>
    </p>
   </div>
   <div class='ocr_carea' id='block_1_23' title="bbox 331 2220 1916 2298">
    <p class='ocr_par' dir='ltr' id='par_1_23' title="bbox 331 2220 1916 2298">
     <span class='ocr_line' id='line_1_23' title="bbox 331 2220 1916 2298; baseline 0.006 -27"><span class='ocrx_word' id='word_1_148' title='bbox 331 2220 468 2291; x_wconf 73' lang='grc' dir='ltr'><strong>μήτε</strong></span> <span class='ocrx_word' id='word_1_149' title='bbox 493 2221 703 2292; x_wconf 72' lang='grc' dir='ltr'><strong>ἕτερον,</strong></span> <span class='ocrx_word' id='word_1_150' title='bbox 737 2221 827 2276; x_wconf 75' lang='grc' dir='ltr'><strong>διὰ</strong></span> <span class='ocrx_word' id='word_1_151' title='bbox 848 2222 942 2275; x_wconf 82' lang='grc' dir='ltr'><strong>τοῦ</strong></span> <span class='ocrx_word' id='word_1_152' title='bbox 973 2224 1343 2290; x_wconf 79' lang='grc' dir='ltr'><strong>προκειμένου</strong></span> <span class='ocrx_word' id='word_1_153' title='bbox 1372 2224 1539 2294; x_wconf 79' lang='grc' dir='ltr'><strong>ῥητοῦ</strong></span> <span class='ocrx_word' id='word_1_154' title='bbox 1568 2225 1669 2296; x_wconf 84' lang='grc' dir='ltr'><strong>τὴν</strong></span> <span class='ocrx_word' id='word_1_155' title='bbox 1692 2228 1749 2278; x_wconf 86' lang='grc' dir='ltr'><strong>ὲν</strong></span> <span class='ocrx_word' id='word_1_156' title='bbox 1772 2228 1916 2298; x_wconf 79' lang='grc' dir='ltr'><strong>ἀρχῇ</strong></span> 
     </span>
    </p>
   </div>
   <div class='ocr_carea' id='block_1_24' title="bbox 336 2313 1918 2386">
    <p class='ocr_par' dir='ltr' id='par_1_24' title="bbox 336 2313 1918 2386">
     <span class='ocr_line' id='line_1_24' title="bbox 336 2313 1918 2386; baseline 0.003 -21"><span class='ocrx_word' id='word_1_157' title='bbox 336 2314 436 2382; x_wconf 65' lang='grc' dir='ltr'><strong>τῆς</strong></span> <span class='ocrx_word' id='word_1_158' title='bbox 468 2313 825 2383; x_wconf 77' lang='grc' dir='ltr'><strong>κοσμογονίας</strong></span> <span class='ocrx_word' id='word_1_159' title='bbox 853 2315 1006 2369; x_wconf 81' lang='grc' dir='ltr'>θέσιν</span> <span class='ocrx_word' id='word_1_160' title='bbox 1032 2314 1126 2368; x_wconf 81' lang='grc' dir='ltr'><strong>τοῦ</strong></span> <span class='ocrx_word' id='word_1_161' title='bbox 1161 2315 1353 2379; x_wconf 82' lang='grc' dir='ltr'><strong>ὓδατος</strong></span> <span class='ocrx_word' id='word_1_162' title='bbox 1385 2315 1680 2386; x_wconf 81' lang='grc' dir='ltr'><strong>δηλοῦσθαί</strong></span> <span class='ocrx_word' id='word_1_163' title='bbox 1727 2333 1918 2386; x_wconf 83' lang='grc' dir='ltr'><strong>φησιν,</strong></span> 
     </span>
    </p>
   </div>
   <div class='ocr_carea' id='block_1_25' title="bbox 347 2399 1922 2478">
    <p class='ocr_par' dir='ltr' id='par_1_25' title="bbox 347 2399 1922 2478">
     <span class='ocr_line' id='line_1_25' title="bbox 347 2399 1922 2478; baseline 0.003 -23"><span class='ocrx_word' id='word_1_164' title='bbox 347 2404 683 2472; x_wconf 72' lang='grc' dir='ltr'><strong>ἐπικειμένου</strong></span> <span class='ocrx_word' id='word_1_165' title='bbox 710 2407 778 2476; x_wconf 77' lang='grc' dir='ltr'><strong>τῇ</strong></span> <span class='ocrx_word' id='word_1_166' title='bbox 811 2408 904 2476; x_wconf 82' lang='grc' dir='ltr'><strong>γῇ,</strong></span> <span class='ocrx_word' id='word_1_167' title='bbox 939 2405 1036 2458; x_wconf 79' lang='grc' dir='ltr'><strong>καὶ</strong></span> <span class='ocrx_word' id='word_1_168' title='bbox 1065 2399 1178 2459; x_wconf 78' lang='grc' dir='ltr'><strong>οἷον</strong></span> <span class='ocrx_word' id='word_1_169' title='bbox 1211 2406 1626 2478; x_wconf 82' lang='grc' dir='ltr'><strong>ὲπεωρημένου,</strong></span> <span class='ocrx_word' id='word_1_170' title='bbox 1664 2409 1760 2464; x_wconf 74' lang='grc' dir='ltr'><strong>καὶ</strong></span> <span class='ocrx_word' id='word_1_171' title='bbox 1795 2425 1922 2461; x_wconf 86' lang='grc' dir='ltr'><strong>συν-</strong></span> 
     </span>
    </p>
   </div>
   <div class='ocr_carea' id='block_1_26' title="bbox 348 2495 1921 2569">
    <p class='ocr_par' dir='ltr' id='par_1_26' title="bbox 348 2495 1921 2569">
     <span class='ocr_line' id='line_1_26' title="bbox 348 2495 1921 2569; baseline 0.005 -23"><span class='ocrx_word' id='word_1_172' title='bbox 348 2495 616 2564; x_wconf 70' lang='grc' dir='ltr'><strong>εχομένου,</strong></span> <span class='ocrx_word' id='word_1_173' title='bbox 651 2499 744 2550; x_wconf 78' lang='grc' dir='ltr'><strong>καὶ</strong></span> <span class='ocrx_word' id='word_1_174' title='bbox 778 2497 856 2568; x_wconf 76' lang='grc' dir='ltr'><strong>μὴ</strong></span> <span class='ocrx_word' id='word_1_175' title='bbox 887 2498 1279 2569; x_wconf 70' lang='grc' dir='ltr'><strong>ἀπορρέοντος.</strong></span> <span class='ocrx_word' id='word_1_176' title='bbox 1314 2499 1390 2552; x_wconf 84' lang='grc' dir='ltr'><strong>Τδ</strong></span> <span class='ocrx_word' id='word_1_177' title='bbox 1427 2499 1563 2554; x_wconf 79' lang='grc' dir='ltr'><strong>αὐτὸ</strong></span> <span class='ocrx_word' id='word_1_178' title='bbox 1595 2499 1692 2553; x_wconf 79' lang='grc' dir='ltr'><strong>καὶ</strong></span> <span class='ocrx_word' id='word_1_179' title='bbox 1722 2499 1921 2554; x_wconf 79' lang='grc' dir='ltr'><strong>θάλασ-</strong></span> 
     </span>
    </p>
   </div>
   <div class='ocr_carea' id='block_1_27' title="bbox 341 2589 1920 2661">
    <p class='ocr_par' dir='ltr' id='par_1_27' title="bbox 341 2589 1920 2661">
     <span class='ocr_line' id='line_1_27' title="bbox 341 2589 1920 2661; baseline 0.006 -23"><span class='ocrx_word' id='word_1_180' title='bbox 341 2603 436 2639; x_wconf 78' lang='grc' dir='ltr'><strong>σαν</strong></span> <span class='ocrx_word' id='word_1_181' title='bbox 487 2589 582 2640; x_wconf 68' lang='grc' dir='ltr'><strong>καὶ</strong></span> <span class='ocrx_word' id='word_1_182' title='bbox 631 2591 912 2659; x_wconf 71' lang='grc' dir='ltr'><strong>ποταμοὺς</strong></span> <span class='ocrx_word' id='word_1_183' title='bbox 968 2589 1479 2661; x_wconf 82' lang='grc' dir='ltr'><strong>προσαγορευθῆναι</strong></span> <span class='ocrx_word' id='word_1_184' title='bbox 1534 2591 1703 2659; x_wconf 73' lang='grc' dir='ltr'><strong>εἰκὸς,</strong></span> <span class='ocrx_word' id='word_1_185' title='bbox 1748 2592 1920 2647; x_wconf 77' lang='grc' dir='ltr'><strong>διὰτὸ</strong></span> 
     </span>
    </p>
   </div>
   <div class='ocr_carea' id='block_1_28' title="bbox 334 2679 1918 2757">
    <p class='ocr_par' dir='ltr' id='par_1_28' title="bbox 334 2679 1918 2757">
     <span class='ocr_line' id='line_1_28' title="bbox 334 2679 1918 2757; baseline 0.004 -24"><span class='ocrx_word' id='word_1_186' title='bbox 334 2679 562 2750; x_wconf 78' lang='grc' dir='ltr'><strong>πλῆθος.</strong></span> <span class='ocrx_word' id='word_1_187' title='bbox 638 2682 794 2735; x_wconf 55' lang='grc' dir='ltr'><strong>Ἐπεὶ¹</strong></span> <span class='ocrx_word' id='word_1_188' title='bbox 845 2683 942 2736; x_wconf 71' lang='grc' dir='ltr'><strong>καὶ</strong></span> <span class='ocrx_word' id='word_1_189' title='bbox 997 2682 1241 2738; x_wconf 77' lang='grc' dir='ltr'><strong>ἄϐυσσον</strong></span> <span class='ocrx_word' id='word_1_190' title='bbox 1290 2684 1320 2737; x_wconf 87' lang='grc' dir='ltr'><strong>ό</strong></span> <span class='ocrx_word' id='word_1_191' title='bbox 1367 2681 1616 2756; x_wconf 80' lang='grc' dir='ltr'><strong>Μωῦσῆς</strong></span> <span class='ocrx_word' id='word_1_192' title='bbox 1667 2684 1918 2757; x_wconf 79' lang='grc' dir='ltr'><strong>ὠνόμασε</strong></span> 
     </span>
    </p>
   </div>
   <div class='ocr_carea' id='block_1_29' title="bbox 327 2769 1922 2848">
    <p class='ocr_par' dir='ltr' id='par_1_29' title="bbox 327 2769 1922 2848">
     <span class='ocr_line' id='line_1_29' title="bbox 327 2769 1922 2848; baseline 0.009 -26"><span class='ocrx_word' id='word_1_193' title='bbox 327 2769 509 2836; x_wconf 75' lang='grc' dir='ltr'><strong>τοῦτο,</strong></span> <span class='ocrx_word' id='word_1_194' title='bbox 543 2770 634 2824; x_wconf 73' lang='grc' dir='ltr'><strong>διὰ</strong></span> <span class='ocrx_word' id='word_1_195' title='bbox 659 2772 721 2825; x_wconf 83' lang='grc' dir='ltr'><strong>τὸ</strong></span> <span class='ocrx_word' id='word_1_196' title='bbox 754 2773 944 2842; x_wconf 72' lang='grc' dir='ltr'><strong>βάθος.</strong></span> <span class='ocrx_word' id='word_1_197' title='bbox 987 2773 1100 2829; x_wconf 70' lang='grc' dir='ltr'><strong>Καὶ</strong></span> <span class='ocrx_word' id='word_1_198' title='bbox 1124 2774 1370 2844; x_wconf 77' lang='grc' dir='ltr'><strong>Πνεῦμα</strong></span> <span class='ocrx_word' id='word_1_199' title='bbox 1412 2776 1545 2848; x_wconf 81' lang='grc' dir='ltr'><strong>γὰρ,</strong></span> <span class='ocrx_word' id='word_1_200' title='bbox 1578 2777 1737 2848; x_wconf 78' lang='grc' dir='ltr'><strong>φησὶ,</strong></span> <span class='ocrx_word' id='word_1_201' title='bbox 1770 2779 1922 2836; x_wconf 80' lang='grc' dir='ltr'><strong>Θεοῦ</strong></span> 
     </span>
    </p>
   </div>
   <div class='ocr_carea' id='block_1_30' title="bbox 324 2862 1922 2941">
    <p class='ocr_par' dir='ltr' id='par_1_30' title="bbox 324 2862 1922 2941">
     <span class='ocr_line' id='line_1_30' title="bbox 324 2862 1922 2941; baseline 0.006 -27"><span class='ocrx_word' id='word_1_202' title='bbox 324 2862 654 2932; x_wconf 57' lang='grc' dir='ltr'><strong>ἐπεφέρετο</strong></span> <span class='ocrx_word' id='word_1_203' title='bbox 683 2863 890 2918; x_wconf 70' lang='grc' dir='ltr'><strong>ἐπάνω</strong></span> <span class='ocrx_word' id='word_1_204' title='bbox 920 2863 1034 2935; x_wconf 76' lang='grc' dir='ltr'><strong>τῆς</strong></span> <span class='ocrx_word' id='word_1_205' title='bbox 1061 2866 1364 2923; x_wconf 76' lang='grc' dir='ltr'><strong>ἀϐύσσου.</strong></span> <span class='ocrx_word' id='word_1_206' title='bbox 1426 2867 1487 2922; x_wconf 89' lang='lat'><strong>&#39;0</strong></span> <span class='ocrx_word' id='word_1_207' title='bbox 1517 2867 1578 2921; x_wconf 65' lang='grc' dir='ltr'><strong>δὲ</strong></span> <span class='ocrx_word' id='word_1_208' title='bbox 1606 2869 1922 2941; x_wconf 78' lang='grc' dir='ltr'><strong>Χρυσόστο-</strong></span> 
     </span>
    </p>
   </div>
   <div class='ocr_carea' id='block_1_31' title="bbox 327 2955 1920 3030">
    <p class='ocr_par' dir='ltr' id='par_1_31' title="bbox 327 2955 1920 3030">
     <span class='ocr_line' id='line_1_31' title="bbox 327 2955 1920 3030; baseline 0.004 -22"><span class='ocrx_word' id='word_1_209' title='bbox 327 2972 432 3023; x_wconf 69' lang='lat' dir='ltr'><strong>po;</strong></span> <span class='ocrx_word' id='word_1_210' title='bbox 471 2955 727 3026; x_wconf 79' lang='grc' dir='ltr'><strong>Ἰωάννης</strong></span> <span class='ocrx_word' id='word_1_211' title='bbox 761 2957 825 3010; x_wconf 82' lang='grc' dir='ltr'><strong>τὸ</strong></span> <span class='ocrx_word' id='word_1_212' title='bbox 857 2957 1034 3027; x_wconf 84' lang='grc' dir='ltr'><strong>παρὸν</strong></span> <span class='ocrx_word' id='word_1_213' title='bbox 1064 2958 1228 3030; x_wconf 68' lang='grc' dir='ltr'><strong>ῥητὸν</strong></span> <span class='ocrx_word' id='word_1_214' title='bbox 1248 2958 1328 3022; x_wconf 74' lang='grc' dir='ltr'><strong>εἰς</strong></span> <span class='ocrx_word' id='word_1_215' title='bbox 1361 2957 1622 3025; x_wconf 68' lang='grc' dir='ltr'><strong>ἐπίδειξιν</strong></span> <span class='ocrx_word' id='word_1_216' title='bbox 1650 2958 1920 3030; x_wconf 62' lang='grc' dir='ltr'><strong>λαμβάνει</strong></span> 
     </span>
    </p>
   </div>
   <div class='ocr_carea' id='block_1_32' title="bbox 329 3047 1922 3126">
    <p class='ocr_par' dir='ltr' id='par_1_32' title="bbox 329 3047 1922 3126">
     <span class='ocr_line' id='line_1_32' title="bbox 329 3047 1922 3126; baseline 0.004 -25"><span class='ocrx_word' id='word_1_217' title='bbox 329 3047 578 3118; x_wconf 76' lang='grc' dir='ltr'><strong>μάλιστα</strong></span> <span class='ocrx_word' id='word_1_218' title='bbox 626 3050 725 3103; x_wconf 78' lang='grc' dir='ltr'><strong>τοῦ</strong></span> <span class='ocrx_word' id='word_1_219' title='bbox 755 3051 1082 3106; x_wconf 80' lang='grc' dir='ltr'><strong>ὑποκεῖσθαι</strong></span> <span class='ocrx_word' id='word_1_220' title='bbox 1113 3053 1262 3124; x_wconf 76' lang='grc' dir='ltr'><strong>πάσῃ</strong></span> <span class='ocrx_word' id='word_1_221' title='bbox 1297 3055 1365 3125; x_wconf 78' lang='grc' dir='ltr'><strong>τῇ</strong></span> <span class='ocrx_word' id='word_1_222' title='bbox 1421 3055 1516 3125; x_wconf 76' lang='grc' dir='ltr'><strong>γῇ,</strong></span> <span class='ocrx_word' id='word_1_223' title='bbox 1547 3053 1706 3125; x_wconf 80' lang='grc' dir='ltr'><strong>δίκην</strong></span> <span class='ocrx_word' id='word_1_224' title='bbox 1756 3054 1922 3126; x_wconf 79' lang='grc' dir='ltr'><strong>θεμε-</strong></span> 
     </span>
    </p>
   </div>
   <div class='ocr_carea' id='block_1_33' title="bbox 325 3139 1925 3217">
    <p class='ocr_par' dir='ltr' id='par_1_33' title="bbox 325 3139 1925 3217">
     <span class='ocr_line' id='line_1_33' title="bbox 325 3139 1925 3217; baseline 0.004 -24"><span class='ocrx_word' id='word_1_225' title='bbox 325 3139 484 3204; x_wconf 79' lang='grc' dir='ltr'><strong>λίων,</strong></span> <span class='ocrx_word' id='word_1_226' title='bbox 533 3140 730 3207; x_wconf 72' lang='grc' dir='ltr'><strong>ὕδατα,</strong></span> <span class='ocrx_word' id='word_1_227' title='bbox 776 3143 872 3196; x_wconf 80' lang='grc' dir='ltr'><strong>καὶ</strong></span> <span class='ocrx_word' id='word_1_228' title='bbox 902 3143 1058 3197; x_wconf 80' lang='grc' dir='ltr'><strong>οὐδὲν</strong></span> <span class='ocrx_word' id='word_1_229' title='bbox 1086 3144 1277 3198; x_wconf 81' lang='grc' dir='ltr'><strong>καινόν</strong></span> <span class='ocrx_word' id='word_1_230' title='bbox 1296 3159 1311 3174; x_wconf 88' lang='grc'><strong>·</strong></span> <span class='ocrx_word' id='word_1_231' title='bbox 1341 3144 1507 3210; x_wconf 81' lang='grc' dir='ltr'><strong>αὐτὸς</strong></span> <span class='ocrx_word' id='word_1_232' title='bbox 1531 3143 1642 3216; x_wconf 82' lang='grc' dir='ltr'><strong>γὰρ</strong></span> <span class='ocrx_word' id='word_1_233' title='bbox 1669 3147 1698 3200; x_wconf 85' lang='grc' dir='ltr'><strong>ό</strong></span> <span class='ocrx_word' id='word_1_234' title='bbox 1717 3144 1925 3217; x_wconf 79' lang='grc' dir='ltr'><strong>ταὺτην</strong></span> 
     </span>
    </p>
   </div>
   <div class='ocr_carea' id='block_1_34' title="bbox 329 3233 1926 3308">
    <p class='ocr_par' dir='ltr' id='par_1_34' title="bbox 329 3233 1926 3308">
     <span class='ocr_line' id='line_1_34' title="bbox 329 3233 1926 3308; baseline 0.007 -25"><span class='ocrx_word' id='word_1_235' title='bbox 329 3233 388 3284; x_wconf 79' lang='grc' dir='ltr'><strong>ὲν</strong></span> <span class='ocrx_word' id='word_1_236' title='bbox 418 3233 571 3303; x_wconf 77' lang='grc' dir='ltr'><strong>ἀρχῇ</strong></span> <span class='ocrx_word' id='word_1_237' title='bbox 611 3233 953 3304; x_wconf 78' lang='grc' dir='ltr'><strong>θεμελιώσας</strong></span> <span class='ocrx_word' id='word_1_238' title='bbox 987 3251 1004 3266; x_wconf 77' lang='grc' dir='ltr'><strong>ο</strong></span> <span class='ocrx_word' id='word_1_239' title='bbox 1035 3233 1241 3290; x_wconf 75' lang='grc' dir='ltr'><strong>Πάντα</strong></span> <span class='ocrx_word' id='word_1_240' title='bbox 1271 3235 1405 3308; x_wconf 84' lang='grc' dir='ltr'><strong>γὰρ,</strong></span> <span class='ocrx_word' id='word_1_241' title='bbox 1452 3239 1609 3308; x_wconf 68' lang='grc' dir='ltr'><strong>φησι,</strong></span> <span class='ocrx_word' id='word_1_242' title='bbox 1635 3236 1712 3292; x_wconf 82' lang='grc' dir='ltr'><strong>δι’</strong></span> <span class='ocrx_word' id='word_1_243' title='bbox 1736 3237 1926 3294; x_wconf 84' lang='grc' dir='ltr'><strong>αὐτοῦ</strong></span> 
     </span>
    </p>
   </div>
   <div class='ocr_carea' id='block_1_35' title="bbox 327 3323 1930 3402">
    <p class='ocr_par' dir='ltr' id='par_1_35' title="bbox 327 3323 1930 3402">
     <span class='ocr_line' id='line_1_35' title="bbox 327 3323 1930 3402; baseline 0.004 -24"><span class='ocrx_word' id='word_1_244' title='bbox 327 3324 599 3395; x_wconf 72' lang='grc' dir='ltr'><strong>ἐγένετο.</strong></span> <span class='ocrx_word' id='word_1_245' title='bbox 632 3323 764 3381; x_wconf 83' lang='grc' dir='ltr'><strong>Εἶτα</strong></span> <span class='ocrx_word' id='word_1_246' title='bbox 795 3326 1142 3399; x_wconf 77' lang='grc' dir='ltr'><strong>παραπλέκει</strong></span> <span class='ocrx_word' id='word_1_247' title='bbox 1187 3329 1284 3383; x_wconf 80' lang='grc' dir='ltr'><strong>καὶ</strong></span> <span class='ocrx_word' id='word_1_248' title='bbox 1323 3329 1384 3382; x_wconf 82' lang='grc' dir='ltr'><strong>τὸ</strong></span> <span class='ocrx_word' id='word_1_249' title='bbox 1409 3331 1600 3384; x_wconf 76' lang='grc' dir='ltr'><strong>καινὸν</strong></span> <span class='ocrx_word' id='word_1_250' title='bbox 1626 3329 1730 3400; x_wconf 81' lang='grc' dir='ltr'><strong>τῆς</strong></span> <span class='ocrx_word' id='word_1_251' title='bbox 1765 3330 1930 3402; x_wconf 84' lang='grc' dir='ltr'><strong>θεμε-</strong></span> 
     </span>
    </p>
   </div>
   <div class='ocr_carea' id='block_1_36' title="bbox 329 3418 1929 3493">
    <p class='ocr_par' dir='ltr' id='par_1_36' title="bbox 329 3418 1929 3493">
     <span class='ocr_line' id='line_1_36' title="bbox 329 3418 1929 3493; baseline 0.003 -23"><span class='ocrx_word' id='word_1_252' title='bbox 329 3418 601 3482; x_wconf 79' lang='grc' dir='ltr'><strong>λιώσεως,</strong></span> <span class='ocrx_word' id='word_1_253' title='bbox 629 3421 712 3472; x_wconf 80' lang='grc' dir='ltr'><strong>ὃτι</strong></span> <span class='ocrx_word' id='word_1_254' title='bbox 735 3420 924 3476; x_wconf 73' lang='grc' dir='ltr'><strong>ἐπάνω</strong></span> <span class='ocrx_word' id='word_1_255' title='bbox 950 3419 1240 3476; x_wconf 83' lang='grc' dir='ltr'><strong>θαλασσῶν</strong></span> <span class='ocrx_word' id='word_1_256' title='bbox 1270 3422 1368 3476; x_wconf 78' lang='grc' dir='ltr'><strong>καὶ</strong></span> <span class='ocrx_word' id='word_1_257' title='bbox 1401 3421 1668 3491; x_wconf 81' lang='grc' dir='ltr'><strong>ποταμῶν</strong></span> <span class='ocrx_word' id='word_1_258' title='bbox 1690 3422 1929 3493; x_wconf 64' lang='grc' dir='ltr'><strong>⁴ἱτγδριισεν</strong></span> 
     </span>
    </p>
   </div>
   <div class='ocr_carea' id='block_1_37' title="bbox 331 3512 1930 3586">
    <p class='ocr_par' dir='ltr' id='par_1_37' title="bbox 331 3512 1930 3586">
     <span class='ocr_line' id='line_1_37' title="bbox 331 3512 1930 3586; baseline 0.003 -22"><span class='ocrx_word' id='word_1_259' title='bbox 331 3512 529 3581; x_wconf 78' lang='grc' dir='ltr'><strong>αὐτήν.</strong></span> <span class='ocrx_word' id='word_1_260' title='bbox 556 3513 730 3567; x_wconf 80' lang='grc' dir='ltr'><strong>Τοῦτο</strong></span> <span class='ocrx_word' id='word_1_261' title='bbox 765 3514 823 3567; x_wconf 77' lang='grc' dir='ltr'><strong>δὲ</strong></span> <span class='ocrx_word' id='word_1_262' title='bbox 850 3513 1001 3582; x_wconf 77' lang='grc' dir='ltr'><strong>λέγει</strong></span> <span class='ocrx_word' id='word_1_263' title='bbox 1048 3515 1267 3578; x_wconf 76' lang='grc' dir='ltr'><strong>πάντως</strong></span> <span class='ocrx_word' id='word_1_264' title='bbox 1299 3515 1359 3570; x_wconf 77' lang='grc' dir='ltr'><strong>οὐ</strong></span> <span class='ocrx_word' id='word_1_265' title='bbox 1392 3514 1724 3579; x_wconf 80' lang='grc' dir='ltr'><strong>καθολικῶς,</strong></span> <span class='ocrx_word' id='word_1_266' title='bbox 1758 3515 1792 3586; x_wconf 76' lang='grc' dir='ltr'><strong>ἢ</strong></span> <span class='ocrx_word' id='word_1_267' title='bbox 1819 3514 1930 3586; x_wconf 77' lang='grc' dir='ltr'><strong>γὰρ</strong></span> 
     </span>
    </p>
   </div>
   <div class='ocr_carea' id='block_1_38' title="bbox 332 3602 1930 3678">
    <p class='ocr_par' dir='ltr' id='par_1_38' title="bbox 332 3602 1930 3678">
     <span class='ocr_line' id='line_1_38' title="bbox 332 3602 1930 3678; baseline 0.005 -22"><span class='ocrx_word' id='word_1_268' title='bbox 332 3605 652 3675; x_wconf 83' lang='grc' dir='ltr'><strong>κατώτερον</strong></span> <span class='ocrx_word' id='word_1_269' title='bbox 697 3602 766 3677; x_wconf 81' lang='grc' dir='ltr'><strong>ἦν</strong></span> <span class='ocrx_word' id='word_1_270' title='bbox 797 3607 860 3660; x_wconf 84' lang='grc' dir='ltr'><strong>τὸ</strong></span> <span class='ocrx_word' id='word_1_271' title='bbox 906 3607 1073 3678; x_wconf 80' lang='grc' dir='ltr'><strong>ὕδωρ.</strong></span> <span class='ocrx_word' id='word_1_272' title='bbox 1121 3607 1180 3662; x_wconf 85' lang='lat'><strong>&#39;0</strong></span> <span class='ocrx_word' id='word_1_273' title='bbox 1209 3608 1267 3661; x_wconf 77' lang='grc' dir='ltr'><strong>δὲ</strong></span> <span class='ocrx_word' id='word_1_274' title='bbox 1319 3607 1562 3678; x_wconf 83' lang='grc' dir='ltr'><strong>Μωῦσῆς</strong></span> <span class='ocrx_word' id='word_1_275' title='bbox 1613 3607 1930 3678; x_wconf 80' lang='grc' dir='ltr'><strong>κατωτέραν</strong></span> 
     </span>
    </p>
   </div>
   <div class='ocr_carea' id='block_1_39' title="bbox 332 3688 1931 3768">
    <p class='ocr_par' dir='ltr' id='par_1_39' title="bbox 332 3688 1931 3768">
     <span class='ocr_line' id='line_1_39' title="bbox 332 3688 1931 3768; baseline 0.005 -26"><span class='ocrx_word' id='word_1_276' title='bbox 332 3691 580 3758; x_wconf 75' lang='grc' dir='ltr'><strong>ἐδίδαξεν</strong></span> <span class='ocrx_word' id='word_1_277' title='bbox 606 3688 748 3747; x_wconf 73' lang='grc' dir='ltr'><strong>εἶναι</strong></span> <span class='ocrx_word' id='word_1_278' title='bbox 777 3694 880 3765; x_wconf 82' lang='grc' dir='ltr'><strong>τὴν</strong></span> <span class='ocrx_word' id='word_1_279' title='bbox 909 3696 1038 3764; x_wconf 70' lang='grc' dir='ltr'><strong>γῆν.</strong></span> <span class='ocrx_word' id='word_1_280' title='bbox 1061 3695 1232 3765; x_wconf 80' lang='grc' dir='ltr'><strong>Δῆλον</strong></span> <span class='ocrx_word' id='word_1_281' title='bbox 1259 3691 1356 3750; x_wconf 76' lang='grc' dir='ltr'><strong>οὖν</strong></span> <span class='ocrx_word' id='word_1_282' title='bbox 1385 3697 1470 3750; x_wconf 83' lang='grc' dir='ltr'><strong>ὅτι</strong></span> <span class='ocrx_word' id='word_1_283' title='bbox 1499 3695 1745 3768; x_wconf 80' lang='grc' dir='ltr'><strong>μερικῶς</strong></span> <span class='ocrx_word' id='word_1_284' title='bbox 1771 3696 1931 3750; x_wconf 83' lang='grc' dir='ltr'><strong>τοῦτό</strong></span> 
     </span>
    </p>
   </div>
   <div class='ocr_carea' id='block_1_40' title="bbox 336 3786 1932 3860">
    <p class='ocr_par' dir='ltr' id='par_1_40' title="bbox 336 3786 1932 3860">
     <span class='ocr_line' id='line_1_40' title="bbox 336 3786 1932 3860; baseline 0.014 -23"><span class='ocrx_word' id='word_1_285' title='bbox 336 3801 470 3855; x_wconf 61' lang='grc' dir='ltr'><strong>φησι</strong></span> <span class='ocrx_word' id='word_1_286' title='bbox 495 3786 663 3840; x_wconf 85' lang='grc' dir='ltr'><strong>’διότι</strong></span> <span class='ocrx_word' id='word_1_287' title='bbox 688 3789 747 3840; x_wconf 82' lang='grc' dir='ltr'><strong>ὲν</strong></span> <span class='ocrx_word' id='word_1_288' title='bbox 779 3787 998 3853; x_wconf 76' lang='grc' dir='ltr'><strong>πολλοῖς</strong></span> <span class='ocrx_word' id='word_1_289' title='bbox 1025 3789 1332 3858; x_wconf 75' lang='grc' dir='ltr'><strong>κοιλώμασι</strong></span> <span class='ocrx_word' id='word_1_290' title='bbox 1360 3789 1463 3860; x_wconf 77' lang='grc' dir='ltr'><strong>τῆς</strong></span> <span class='ocrx_word' id='word_1_291' title='bbox 1500 3789 1606 3860; x_wconf 79' lang='grc' dir='ltr'><strong>γῆς</strong></span> <span class='ocrx_word' id='word_1_292' title='bbox 1640 3789 1932 3860; x_wconf 80' lang='grc' dir='ltr'><strong>συραγγώ-</strong></span> 
     </span>
    </p>
   </div>
   <div class='ocr_carea' id='block_1_41' title="bbox 332 3875 1928 3953">
    <p class='ocr_par' dir='ltr' id='par_1_41' title="bbox 332 3875 1928 3953">
     <span class='ocr_line' id='line_1_41' title="bbox 332 3875 1928 3953; baseline 0.006 -27"><span class='ocrx_word' id='word_1_293' title='bbox 332 3875 483 3931; x_wconf 78' lang='grc' dir='ltr'><strong>δεσιν</strong></span> <span class='ocrx_word' id='word_1_294' title='bbox 515 3878 635 3949; x_wconf 83' lang='lat'><strong>(89)</strong></span> <span class='ocrx_word' id='word_1_295' title='bbox 687 3879 1048 3951; x_wconf 76' lang='grc' dir='ltr'><strong>ὑποτρέχουσι</strong></span> <span class='ocrx_word' id='word_1_296' title='bbox 1100 3881 1241 3953; x_wconf 81' lang='grc' dir='ltr'><strong>μέρη</strong></span> <span class='ocrx_word' id='word_1_297' title='bbox 1289 3883 1414 3936; x_wconf 75' lang='grc' dir='ltr'><strong>τινὰ</strong></span> <span class='ocrx_word' id='word_1_298' title='bbox 1471 3882 1574 3950; x_wconf 77' lang='grc' dir='ltr'><strong>τῆς</strong></span> <span class='ocrx_word' id='word_1_299' title='bbox 1624 3883 1928 3952; x_wconf 76' lang='grc' dir='ltr'><strong>θαλάσσης,</strong></span> 
     </span>
    </p>
   </div>
   <div class='ocr_carea' id='block_1_42' title="bbox 331 3966 1929 4044">
    <p class='ocr_par' dir='ltr' id='par_1_42' title="bbox 331 3966 1929 4044">
     <span class='ocr_line' id='line_1_42' title="bbox 331 3966 1929 4044; baseline 0.005 -25"><span class='ocrx_word' id='word_1_300' title='bbox 331 3966 368 4019; x_wconf 72' lang='lat' dir='ltr'><strong>Et</strong></span> <span class='ocrx_word' id='word_1_301' title='bbox 400 3969 500 4022; x_wconf 72' lang='grc' dir='ltr'><strong>καὶ</strong></span> <span class='ocrx_word' id='word_1_302' title='bbox 529 3969 814 4033; x_wconf 81' lang='grc' dir='ltr'><strong>θαλάσσας</strong></span> <span class='ocrx_word' id='word_1_303' title='bbox 845 3971 1130 4036; x_wconf 71' lang='grc' dir='ltr'><strong>ἐκάλεσεν,</strong></span> <span class='ocrx_word' id='word_1_304' title='bbox 1163 3971 1243 4042; x_wconf 80' lang='grc' dir='ltr'><strong>τῷ</strong></span> <span class='ocrx_word' id='word_1_305' title='bbox 1274 3972 1369 4025; x_wconf 77' lang='grc' dir='ltr'><strong>τοῦ</strong></span> <span class='ocrx_word' id='word_1_306' title='bbox 1400 3972 1524 4025; x_wconf 83' lang='grc' dir='ltr'><strong>ὅλου</strong></span> <span class='ocrx_word' id='word_1_307' title='bbox 1572 3973 1929 4044; x_wconf 75' lang='grc' dir='ltr'><strong>χρησάμενος</strong></span> 
     </span>
    </p>
   </div>
   <div class='ocr_carea' id='block_1_43' title="bbox 331 4061 1934 4133">
    <p class='ocr_par' dir='ltr' id='par_1_43' title="bbox 331 4061 1934 4133">
     <span class='ocr_line' id='line_1_43' title="bbox 331 4061 1934 4133; baseline 0.003 -21"><span class='ocrx_word' id='word_1_308' title='bbox 331 4061 588 4130; x_wconf 70' lang='grc' dir='ltr'><strong>ὀνόματι.</strong></span> <span class='ocrx_word' id='word_1_309' title='bbox 612 4063 773 4116; x_wconf 77' lang='grc' dir='ltr'><strong>Καὶό</strong></span> <span class='ocrx_word' id='word_1_310' title='bbox 805 4062 1046 4133; x_wconf 82' lang='grc' dir='ltr'><strong>Μωῦσῆς</strong></span> <span class='ocrx_word' id='word_1_311' title='bbox 1079 4080 1211 4133; x_wconf 74' lang='grc' dir='ltr'><strong>φησι</strong></span> <span class='ocrx_word' id='word_1_312' title='bbox 1235 4079 1249 4094; x_wconf 93' lang='grc'><strong>·</strong></span> <span class='ocrx_word' id='word_1_313' title='bbox 1288 4062 1366 4116; x_wconf 84' lang='grc' dir='ltr'><strong>Τὰ</strong></span> <span class='ocrx_word' id='word_1_314' title='bbox 1401 4063 1768 4131; x_wconf 82' lang='grc' dir='ltr'><strong>συστήματα</strong></span> <span class='ocrx_word' id='word_1_315' title='bbox 1813 4063 1934 4117; x_wconf 79' lang='grc' dir='ltr'><strong>τῶν</strong></span> 
     </span>
    </p>
   </div>
   <div class='ocr_carea' id='block_1_44' title="bbox 332 4151 1936 4227">
    <p class='ocr_par' dir='ltr' id='par_1_44' title="bbox 332 4151 1936 4227">
     <span class='ocr_line' id='line_1_44' title="bbox 332 4151 1936 4227; baseline 0.001 -19"><span class='ocrx_word' id='word_1_316' title='bbox 332 4151 580 4208; x_wconf 67' lang='grc' dir='ltr'><strong>ὑδάτων</strong></span> <span class='ocrx_word' id='word_1_317' title='bbox 605 4153 907 4208; x_wconf 72' lang='grc' dir='ltr'><strong>ἐκάλεσεν</strong></span> <span class='ocrx_word' id='word_1_318' title='bbox 937 4153 1257 4220; x_wconf 77' lang='grc' dir='ltr'><strong>θαλάσσας</strong></span> <span class='ocrx_word' id='word_1_319' title='bbox 1277 4171 1290 4185; x_wconf 90' lang='grc'><strong>·</strong></span> <span class='ocrx_word' id='word_1_320' title='bbox 1337 4155 1468 4225; x_wconf 74' lang='grc' dir='ltr'><strong>περὶ</strong></span> <span class='ocrx_word' id='word_1_321' title='bbox 1493 4155 1601 4227; x_wconf 85' lang='grc' dir='ltr'><strong>γὰρ</strong></span> <span class='ocrx_word' id='word_1_322' title='bbox 1628 4155 1737 4208; x_wconf 87' lang='grc' dir='ltr'><strong>τῶν</strong></span> <span class='ocrx_word' id='word_1_323' title='bbox 1768 4172 1936 4209; x_wconf 88' lang='grc' dir='ltr'><strong>ποτα-</strong></span> 
     </span>
    </p>
   </div>
   <div class='ocr_carea' id='block_1_45' title="bbox 334 4244 1936 4316">
    <p class='ocr_par' dir='ltr' id='par_1_45' title="bbox 334 4244 1936 4316">
     <span class='ocr_line' id='line_1_45' title="bbox 334 4244 1936 4316; baseline 0.001 -20"><span class='ocrx_word' id='word_1_324' title='bbox 334 4244 482 4309; x_wconf 71' lang='grc' dir='ltr'><strong>μῶν,</strong></span> <span class='ocrx_word' id='word_1_325' title='bbox 525 4245 587 4296; x_wconf 79' lang='grc' dir='ltr'><strong>τί</strong></span> <span class='ocrx_word' id='word_1_326' title='bbox 608 4245 717 4315; x_wconf 87' lang='grc' dir='ltr'><strong>χρὴ</strong></span> <span class='ocrx_word' id='word_1_327' title='bbox 744 4245 840 4298; x_wconf 76' lang='grc' dir='ltr'><strong>καὶ</strong></span> <span class='ocrx_word' id='word_1_328' title='bbox 890 4244 1092 4314; x_wconf 79' lang='grc' dir='ltr'><strong>λέγειν,</strong></span> <span class='ocrx_word' id='word_1_329' title='bbox 1123 4247 1275 4308; x_wconf 79' lang='grc' dir='ltr'><strong>ὅπως</strong></span> <span class='ocrx_word' id='word_1_330' title='bbox 1319 4245 1682 4315; x_wconf 73' lang='grc' dir='ltr'><strong>ὑποϐρύχιοις</strong></span> <span class='ocrx_word' id='word_1_331' title='bbox 1715 4246 1814 4316; x_wconf 83' lang='grc' dir='ltr'><strong>τῆς</strong></span> <span class='ocrx_word' id='word_1_332' title='bbox 1843 4244 1936 4298; x_wconf 82' lang='grc' dir='ltr'><strong>θα-</strong></span> 
     </span>
    </p>
   </div>
   <div class='ocr_carea' id='block_1_46' title="bbox 333 4337 1930 4410">
    <p class='ocr_par' dir='ltr' id='par_1_46' title="bbox 333 4337 1930 4410">
     <span class='ocr_line' id='line_1_46' title="bbox 333 4337 1930 4410; baseline 0 -18"><span class='ocrx_word' id='word_1_333' title='bbox 333 4337 548 4409; x_wconf 74' lang='grc' dir='ltr'><strong>λάσσης</strong></span> <span class='ocrx_word' id='word_1_334' title='bbox 586 4338 700 4410; x_wconf 88' lang='grc' dir='ltr'><strong>γὰρ</strong></span> <span class='ocrx_word' id='word_1_335' title='bbox 725 4339 824 4393; x_wconf 84' lang='grc' dir='ltr'><strong>ὅλα</strong></span> <span class='ocrx_word' id='word_1_336' title='bbox 859 4342 972 4401; x_wconf 91' lang='grc' dir='ltr'><strong>τοῖς</strong></span> <span class='ocrx_word' id='word_1_337' title='bbox 1001 4339 1266 4401; x_wconf 84' lang='grc' dir='ltr'><strong>τοιούτοις</strong></span> <span class='ocrx_word' id='word_1_338' title='bbox 1320 4339 1509 4392; x_wconf 79' lang='grc' dir='ltr'><strong>ὕδασιν</strong></span> <span class='ocrx_word' id='word_1_339' title='bbox 1553 4339 1894 4410; x_wconf 79' lang='grc' dir='ltr'><strong>ὲφήδρασται</strong></span> <span class='ocrx_word' id='word_1_340' title='bbox 1916 4354 1930 4370; x_wconf 77' lang='grc'><strong><em>⁸</em></strong></span> 
     </span>
    </p>
   </div>
   <div class='ocr_carea' id='block_1_47' title="bbox 2017 465 3603 536">
    <p class='ocr_par' dir='ltr' id='par_1_47' title="bbox 2017 465 3603 536">
     <span class='ocr_line' id='line_1_47' title="bbox 2017 465 3603 536; baseline 0.004 -16"><span class='ocrx_word' id='word_1_341' title='bbox 2017 478 2075 520; x_wconf 87' lang='grc' dir='ltr'><strong>ιιι</strong></span> <span class='ocrx_word' id='word_1_342' title='bbox 2107 482 2274 536; x_wconf 85' lang='lat' dir='ltr'><strong>supra</strong></span> <span class='ocrx_word' id='word_1_343' title='bbox 2306 467 2572 530; x_wconf 75' lang='lat' dir='ltr'><strong>diximus,</strong></span> <span class='ocrx_word' id='word_1_344' title='bbox 2609 465 2899 536; x_wconf 92' lang='lat' dir='ltr'><strong>plenitudo</strong></span> <span class='ocrx_word' id='word_1_345' title='bbox 2931 475 3113 521; x_wconf 87' lang='lat' dir='ltr'><strong>autem</strong></span> <span class='ocrx_word' id='word_1_346' title='bbox 3155 474 3318 522; x_wconf 76' lang='lat' dir='ltr'><strong>terra:</strong></span> <span class='ocrx_word' id='word_1_347' title='bbox 3349 467 3603 526; x_wconf 78' lang='lat' dir='ltr'><strong>homines</strong></span> 
     </span>
    </p>
   </div>
   <div class='ocr_carea' id='block_1_48' title="bbox 2012 559 3600 630">
    <p class='ocr_par' dir='ltr' id='par_1_48' title="bbox 2012 559 3600 630">
     <span class='ocr_line' id='line_1_48' title="bbox 2012 559 3600 630; baseline 0.001 -16"><span class='ocrx_word' id='word_1_348' title='bbox 2012 570 2162 624; x_wconf 90' lang='lat' dir='ltr'><strong>sunt,</strong></span> <span class='ocrx_word' id='word_1_349' title='bbox 2196 562 2290 630; x_wconf 86' lang='lat' dir='ltr'><strong>qui</strong></span> <span class='ocrx_word' id='word_1_350' title='bbox 2321 573 2442 613; x_wconf 86' lang='lat' dir='ltr'><strong>eam</strong></span> <span class='ocrx_word' id='word_1_351' title='bbox 2475 559 2750 624; x_wconf 85' lang='lat' dir='ltr'><strong>habitant,</strong></span> <span class='ocrx_word' id='word_1_352' title='bbox 2781 567 2836 614; x_wconf 91' lang='lat' dir='ltr'><strong>et</strong></span> <span class='ocrx_word' id='word_1_353' title='bbox 2865 559 3117 630; x_wconf 90' lang='lat' dir='ltr'><strong>implent.</strong></span> <span class='ocrx_word' id='word_1_354' title='bbox 3172 564 3218 616; x_wconf 78' lang='grc' dir='ltr'>Α</span> <span class='ocrx_word' id='word_1_355' title='bbox 3247 569 3366 616; x_wconf 86' lang='grc' dir='ltr'><strong>ιοιο</strong></span> <span class='ocrx_word' id='word_1_356' title='bbox 3412 573 3600 617; x_wconf 87' lang='lat' dir='ltr'><strong>autem</strong></span> 
     </span>
    </p>
   </div>
   <div class='ocr_carea' id='block_1_49' title="bbox 2012 650 3606 722">
    <p class='ocr_par' dir='ltr' id='par_1_49' title="bbox 2012 650 3606 722">
     <span class='ocr_line' id='line_1_49' title="bbox 2012 650 3606 722; baseline 0.004 -18"><span class='ocrx_word' id='word_1_357' title='bbox 2012 662 2226 720; x_wconf 87' lang='lat' dir='ltr'><strong>partem</strong></span> <span class='ocrx_word' id='word_1_358' title='bbox 2263 651 2626 721; x_wconf 77' lang='lat' dir='ltr'><strong>signiﬁcavit.</strong></span> <span class='ocrx_word' id='word_1_359' title='bbox 2645 650 2834 722; x_wconf 85' lang='lat' dir='ltr'><strong>Neque</strong></span> <span class='ocrx_word' id='word_1_360' title='bbox 2851 653 3000 707; x_wconf 89' lang='lat' dir='ltr'><strong>enim</strong></span> <span class='ocrx_word' id='word_1_361' title='bbox 3024 668 3220 709; x_wconf 87' lang='lat' dir='ltr'><strong>omnes</strong></span> <span class='ocrx_word' id='word_1_362' title='bbox 3243 654 3606 710; x_wconf 85' lang='lat' dir='ltr'><strong>crediderunt</strong></span> 
     </span>
    </p>
   </div>
   <div class='ocr_carea' id='block_1_50' title="bbox 2015 741 3607 816">
    <p class='ocr_par' dir='ltr' id='par_1_50' title="bbox 2015 741 3607 816">
     <span class='ocr_line' id='line_1_50' title="bbox 2015 741 3607 816; baseline 0.002 -19"><span class='ocrx_word' id='word_1_363' title='bbox 2015 743 2335 815; x_wconf 73' lang='lat' dir='ltr'><strong>Evangelio,</strong></span> <span class='ocrx_word' id='word_1_364' title='bbox 2369 757 2548 812; x_wconf 78' lang='lat' dir='ltr'><strong>neque</strong></span> <span class='ocrx_word' id='word_1_365' title='bbox 2577 741 2786 797; x_wconf 88' lang='lat' dir='ltr'><strong>Christi</strong></span> <span class='ocrx_word' id='word_1_366' title='bbox 2828 759 3020 799; x_wconf 89' lang='lat' dir='ltr'><strong>omnes</strong></span> <span class='ocrx_word' id='word_1_367' title='bbox 3048 743 3227 799; x_wconf 70' lang='lat' dir='ltr'><strong>effecti</strong></span> <span class='ocrx_word' id='word_1_368' title='bbox 3290 755 3440 800; x_wconf 85' lang='lat' dir='ltr'><strong>sunt.</strong></span> <span class='ocrx_word' id='word_1_369' title='bbox 3497 746 3607 816; x_wconf 82' lang='lat' dir='ltr'><strong>Ap-</strong></span> 
     </span>
    </p>
   </div>
   <div class='ocr_carea' id='block_1_51' title="bbox 2013 837 3607 908">
    <p class='ocr_par' dir='ltr' id='par_1_51' title="bbox 2013 837 3607 908">
     <span class='ocr_line' id='line_1_51' title="bbox 2013 837 3607 908; baseline 0.001 -16"><span class='ocrx_word' id='word_1_370' title='bbox 2013 837 2313 908; x_wconf 83' lang='lat' dir='ltr'><strong>pellatione</strong></span> <span class='ocrx_word' id='word_1_371' title='bbox 2347 847 2532 892; x_wconf 81' lang='lat' dir='ltr'><strong>autem</strong></span> <span class='ocrx_word' id='word_1_372' title='bbox 2566 847 2840 890; x_wconf 86' lang='lat' dir='ltr'><strong>terrarum</strong></span> <span class='ocrx_word' id='word_1_373' title='bbox 2892 837 3102 892; x_wconf 84' lang='lat' dir='ltr'><strong>insulas</strong></span> <span class='ocrx_word' id='word_1_374' title='bbox 3155 852 3348 892; x_wconf 85' lang='lat' dir='ltr'><strong>omnes</strong></span> <span class='ocrx_word' id='word_1_375' title='bbox 3398 840 3607 906; x_wconf 85' lang='lat' dir='ltr'><strong>pariter</strong></span> 
     </span>
    </p>
   </div>
   <div class='ocr_carea' id='block_1_52' title="bbox 2011 927 3503 1000">
    <p class='ocr_par' dir='ltr' id='par_1_52' title="bbox 2011 927 3503 1000">
     <span class='ocr_line' id='line_1_52' title="bbox 2011 927 3503 1000; baseline 0.001 -16"><span class='ocrx_word' id='word_1_376' title='bbox 2011 929 2461 1000; x_wconf 84' lang='lat' dir='ltr'><strong>comprehendit.</strong></span> <span class='ocrx_word' id='word_1_377' title='bbox 2488 927 2628 982; x_wconf 76' lang='lat' dir='ltr'><strong>Nam</strong></span> <span class='ocrx_word' id='word_1_378' title='bbox 2661 938 2717 984; x_wconf 88' lang='lat' dir='ltr'><strong>et</strong></span> <span class='ocrx_word' id='word_1_379' title='bbox 2745 928 2901 999; x_wconf 60' lang='lat' dir='ltr'><strong>ipsa,</strong></span> <span class='ocrx_word' id='word_1_380' title='bbox 2934 939 3094 983; x_wconf 80' lang='lat' dir='ltr'><strong>terrae</strong></span> <span class='ocrx_word' id='word_1_381' title='bbox 3128 937 3312 998; x_wconf 85' lang='lat' dir='ltr'><strong>partes</strong></span> <span class='ocrx_word' id='word_1_382' title='bbox 3353 941 3503 986; x_wconf 86' lang='lat' dir='ltr'><strong>sunt.</strong></span> 
     </span>
    </p>
   </div>
   <div class='ocr_carea' id='block_1_53' title="bbox 2088 1021 3603 1091">
    <p class='ocr_par' dir='ltr' id='par_1_53' title="bbox 2088 1021 3603 1091">
     <span class='ocr_line' id='line_1_53' title="bbox 2088 1021 3603 1091; baseline 0 -13"><span class='ocrx_word' id='word_1_383' title='bbox 2088 1021 2247 1078; x_wconf 80' lang='lat' dir='ltr'><strong>Orbis</strong></span> <span class='ocrx_word' id='word_1_384' title='bbox 2271 1029 2537 1076; x_wconf 85' lang='lat' dir='ltr'><strong>terrarum</strong></span> <span class='ocrx_word' id='word_1_385' title='bbox 2561 1061 2578 1088; x_wconf 91' lang='lat'><strong>,</strong></span> <span class='ocrx_word' id='word_1_386' title='bbox 2612 1031 2664 1076; x_wconf 86' lang='lat' dir='ltr'><strong>et</strong></span> <span class='ocrx_word' id='word_1_387' title='bbox 2715 1021 2950 1076; x_wconf 77' lang='lat' dir='ltr'><strong>universi</strong></span> <span class='ocrx_word' id='word_1_388' title='bbox 2975 1060 2990 1085; x_wconf 87' lang='lat'><strong>,</strong></span> <span class='ocrx_word' id='word_1_389' title='bbox 3034 1023 3126 1091; x_wconf 88' lang='lat' dir='ltr'><strong>qui</strong></span> <span class='ocrx_word' id='word_1_390' title='bbox 3158 1021 3401 1076; x_wconf 83' lang='lat' dir='ltr'><strong>habitant</strong></span> <span class='ocrx_word' id='word_1_391' title='bbox 3434 1024 3489 1077; x_wconf 86' lang='lat' dir='ltr'><strong>in</strong></span> <span class='ocrx_word' id='word_1_392' title='bbox 3521 1038 3603 1079; x_wconf 88' lang='lat' dir='ltr'><strong>eo.</strong></span> 
     </span>
    </p>
   </div>
   <div class='ocr_carea' id='block_1_54' title="bbox 2015 1113 3602 1192">
    <p class='ocr_par' dir='ltr' id='par_1_54' title="bbox 2015 1113 3602 1192">
     <span class='ocr_line' id='line_1_54' title="bbox 2015 1113 3602 1192; baseline 0 -24"><span class='ocrx_word' id='word_1_393' title='bbox 2015 1116 2133 1170; x_wconf 84' lang='lat' dir='ltr'><strong>Hoc</strong></span> <span class='ocrx_word' id='word_1_394' title='bbox 2163 1116 2230 1169; x_wconf 84' lang='lat' dir='ltr'><strong>ad</strong></span> <span class='ocrx_word' id='word_1_395' title='bbox 2262 1115 2621 1184; x_wconf 49' lang='lat' dir='ltr'><strong>praecedentis</strong></span> <span class='ocrx_word' id='word_1_396' title='bbox 2652 1113 2785 1168; x_wconf 90' lang='lat' dir='ltr'><strong>dicti</strong></span> <span class='ocrx_word' id='word_1_397' title='bbox 2827 1113 3342 1184; x_wconf 86' lang='lat' dir='ltr'><strong>interpretationem</strong></span> <span class='ocrx_word' id='word_1_398' title='bbox 3399 1129 3602 1192; x_wconf 80' lang='lat' dir='ltr'><strong>conse-</strong></span> 
     </span>
    </p>
   </div>
   <div class='ocr_carea' id='block_1_55' title="bbox 2016 1205 3604 1279">
    <p class='ocr_par' dir='ltr' id='par_1_55' title="bbox 2016 1205 3604 1279">
     <span class='ocr_line' id='line_1_55' title="bbox 2016 1205 3604 1279; baseline -0.001 -17"><span class='ocrx_word' id='word_1_399' title='bbox 2016 1208 2228 1279; x_wconf 90' lang='lat' dir='ltr'><strong>quitur.</strong></span> <span class='ocrx_word' id='word_1_400' title='bbox 2270 1205 2404 1262; x_wconf 82' lang='lat' dir='ltr'><strong>Nam</strong></span> <span class='ocrx_word' id='word_1_401' title='bbox 2438 1208 2582 1278; x_wconf 86' lang='lat' dir='ltr'><strong>quod</strong></span> <span class='ocrx_word' id='word_1_402' title='bbox 2619 1222 2789 1277; x_wconf 86' lang='lat' dir='ltr'><strong>supra</strong></span> <span class='ocrx_word' id='word_1_403' title='bbox 2825 1217 3030 1261; x_wconf 86' lang='lat' dir='ltr'><strong>terram</strong></span> <span class='ocrx_word' id='word_1_404' title='bbox 3073 1207 3233 1272; x_wconf 71' lang='lat' dir='ltr'><strong>dixit,</strong></span> <span class='ocrx_word' id='word_1_405' title='bbox 3275 1207 3363 1261; x_wconf 89' lang='lat' dir='ltr'><strong>hic</strong></span> <span class='ocrx_word' id='word_1_406' title='bbox 3412 1209 3604 1262; x_wconf 88' lang='lat' dir='ltr'><strong>orbem</strong></span> 
     </span>
    </p>
   </div>
   <div class='ocr_carea' id='block_1_56' title="bbox 2017 1300 3606 1371">
    <p class='ocr_par' dir='ltr' id='par_1_56' title="bbox 2017 1300 3606 1371">
     <span class='ocr_line' id='line_1_56' title="bbox 2017 1300 3606 1371; baseline 0 -15"><span class='ocrx_word' id='word_1_407' title='bbox 2017 1309 2291 1356; x_wconf 84' lang='lat' dir='ltr'><strong>terrarum</strong></span> <span class='ocrx_word' id='word_1_408' title='bbox 2326 1301 2641 1371; x_wconf 75' lang='lat' dir='ltr'><strong>appellavit,</strong></span> <span class='ocrx_word' id='word_1_409' title='bbox 2679 1311 2732 1356; x_wconf 90' lang='lat' dir='ltr'><strong>et</strong></span> <span class='ocrx_word' id='word_1_410' title='bbox 2756 1301 2902 1371; x_wconf 85' lang='lat' dir='ltr'><strong>quod</strong></span> <span class='ocrx_word' id='word_1_411' title='bbox 2936 1301 3006 1354; x_wconf 86' lang='lat' dir='ltr'><strong>ibi</strong></span> <span class='ocrx_word' id='word_1_412' title='bbox 3029 1300 3448 1369; x_wconf 80' lang='lat' dir='ltr'><strong>plenitudinem,</strong></span> <span class='ocrx_word' id='word_1_413' title='bbox 3476 1302 3606 1356; x_wconf 88' lang='lat' dir='ltr'><strong>hinc</strong></span> 
     </span>
    </p>
   </div>
   <div class='ocr_carea' id='block_1_57' title="bbox 2018 1392 3607 1450">
    <p class='ocr_par' dir='ltr' id='par_1_57' title="bbox 2018 1392 3607 1450">
     <span class='ocr_line' id='line_1_57' title="bbox 2018 1392 3607 1450; baseline 0.001 -2"><span class='ocrx_word' id='word_1_414' title='bbox 2018 1393 2331 1448; x_wconf 85' lang='lat' dir='ltr'><strong>habitantes</strong></span> <span class='ocrx_word' id='word_1_415' title='bbox 2359 1395 2414 1447; x_wconf 92' lang='lat' dir='ltr'><strong>in</strong></span> <span class='ocrx_word' id='word_1_416' title='bbox 2445 1409 2508 1448; x_wconf 83' lang='lat' dir='ltr'><strong>ea</strong></span> <span class='ocrx_word' id='word_1_417' title='bbox 2556 1393 2716 1450; x_wconf 79' lang='lat' dir='ltr'><strong>dixit.</strong></span> <span class='ocrx_word' id='word_1_418' title='bbox 2773 1394 2837 1447; x_wconf 85' lang='lat' dir='ltr'><strong>Et</strong></span> <span class='ocrx_word' id='word_1_419' title='bbox 2898 1392 3280 1448; x_wconf 87' lang='lat' dir='ltr'><strong>aliter:Licet</strong></span> <span class='ocrx_word' id='word_1_420' title='bbox 3337 1409 3438 1448; x_wconf 88' lang='lat' dir='ltr'><strong>nec</strong></span> <span class='ocrx_word' id='word_1_421' title='bbox 3490 1402 3607 1449; x_wconf 86' lang='lat' dir='ltr'><strong>tota</strong></span> 
     </span>
    </p>
   </div>
   <div class='ocr_carea' id='block_1_58' title="bbox 2019 1485 3608 1552">
    <p class='ocr_par' dir='ltr' id='par_1_58' title="bbox 2019 1485 3608 1552">
     <span class='ocr_line' id='line_1_58' title="bbox 2019 1485 3608 1552; baseline 0.002 -11"><span class='ocrx_word' id='word_1_422' title='bbox 2019 1499 2189 1552; x_wconf 84' lang='lat' dir='ltr'><strong>terra,</strong></span> <span class='ocrx_word' id='word_1_423' title='bbox 2225 1503 2325 1542; x_wconf 88' lang='lat' dir='ltr'><strong>nec</strong></span> <span class='ocrx_word' id='word_1_424' title='bbox 2359 1502 2556 1542; x_wconf 89' lang='lat' dir='ltr'><strong>omnes</strong></span> <span class='ocrx_word' id='word_1_425' title='bbox 2587 1485 2808 1540; x_wconf 84' lang='lat' dir='ltr'><strong>Domini</strong></span> <span class='ocrx_word' id='word_1_426' title='bbox 2835 1486 3018 1541; x_wconf 80' lang='lat' dir='ltr'><strong>cﬁ&#39;ecti</strong></span> <span class='ocrx_word' id='word_1_427' title='bbox 3064 1486 3176 1541; x_wconf 89' lang='lat' dir='ltr'><strong>sint</strong></span> <span class='ocrx_word' id='word_1_428' title='bbox 3201 1526 3216 1550; x_wconf 90' lang='lat'><strong>,</strong></span> <span class='ocrx_word' id='word_1_429' title='bbox 3268 1502 3298 1542; x_wconf 92' lang='lat' dir='ltr'><strong>a</strong></span> <span class='ocrx_word' id='word_1_430' title='bbox 3355 1487 3608 1545; x_wconf 88' lang='lat' dir='ltr'><strong>ﬁdelibus</strong></span> 
     </span>
    </p>
   </div>
   <div class='ocr_carea' id='block_1_59' title="bbox 2019 1577 3611 1650">
    <p class='ocr_par' dir='ltr' id='par_1_59' title="bbox 2019 1577 3611 1650">
     <span class='ocr_line' id='line_1_59' title="bbox 2019 1577 3611 1650; baseline 0.003 -19"><span class='ocrx_word' id='word_1_431' title='bbox 2019 1587 2200 1632; x_wconf 87' lang='lat' dir='ltr'><strong>tamen</strong></span> <span class='ocrx_word' id='word_1_432' title='bbox 2231 1577 2416 1631; x_wconf 83' lang='lat' dir='ltr'><strong>omnia</strong></span> <span class='ocrx_word' id='word_1_433' title='bbox 2461 1577 2681 1630; x_wconf 85' lang='lat' dir='ltr'><strong>Domini</strong></span> <span class='ocrx_word' id='word_1_434' title='bbox 2712 1592 2838 1632; x_wconf 88' lang='lat' dir='ltr'><strong>esse</strong></span> <span class='ocrx_word' id='word_1_435' title='bbox 2869 1589 3199 1647; x_wconf 87' lang='lat' dir='ltr'><strong>reputantur</strong></span> <span class='ocrx_word' id='word_1_436' title='bbox 3230 1595 3244 1632; x_wconf 90' lang='lat'><strong>:</strong></span> <span class='ocrx_word' id='word_1_437' title='bbox 3276 1581 3368 1650; x_wconf 88' lang='lat' dir='ltr'><strong>qui</strong></span> <span class='ocrx_word' id='word_1_438' title='bbox 3401 1581 3611 1635; x_wconf 85' lang='lat' dir='ltr'><strong>certio-</strong></span> 
     </span>
    </p>
   </div>
   <div class='ocr_carea' id='block_1_60' title="bbox 2017 1669 3608 1728">
    <p class='ocr_par' dir='ltr' id='par_1_60' title="bbox 2017 1669 3608 1728">
     <span class='ocr_line' id='line_1_60' title="bbox 2017 1669 3608 1728; baseline 0.003 -5"><span class='ocrx_word' id='word_1_439' title='bbox 2017 1684 2106 1725; x_wconf 87' lang='lat' dir='ltr'><strong>res</strong></span> <span class='ocrx_word' id='word_1_440' title='bbox 2135 1670 2262 1723; x_wconf 79' lang='lat' dir='ltr'><strong>facti</strong></span> <span class='ocrx_word' id='word_1_441' title='bbox 2291 1677 2423 1724; x_wconf 86' lang='lat' dir='ltr'><strong>sunt</strong></span> <span class='ocrx_word' id='word_1_442' title='bbox 2450 1670 2771 1724; x_wconf 83' lang='lat' dir='ltr'><strong>Creatorem</strong></span> <span class='ocrx_word' id='word_1_443' title='bbox 2807 1669 2963 1722; x_wconf 90' lang='lat' dir='ltr'><strong>illum</strong></span> <span class='ocrx_word' id='word_1_444' title='bbox 2989 1683 3054 1724; x_wconf 86' lang='lat' dir='ltr'><strong>ac</strong></span> <span class='ocrx_word' id='word_1_445' title='bbox 3097 1671 3389 1726; x_wconf 89' lang='lat' dir='ltr'><strong>Dominum</strong></span> <span class='ocrx_word' id='word_1_446' title='bbox 3415 1687 3608 1728; x_wconf 88' lang='lat' dir='ltr'><strong>eorum</strong></span> 
     </span>
    </p>
   </div>
   <div class='ocr_carea' id='block_1_61' title="bbox 1947 1735 2165 1815">
    <p class='ocr_par' dir='ltr' id='par_1_61' title="bbox 1947 1735 2165 1815">
     <span class='ocr_line' id='line_1_61' title="bbox 1947 1735 2165 1815; baseline -0.005 0"><span class='ocrx_word' id='word_1_447' title='bbox 1947 1735 1986 1792; x_wconf 75' lang='grc' dir='ltr'><strong><em>Β</em></strong></span> <span class='ocrx_word' id='word_1_448' title='bbox 2017 1776 2165 1815; x_wconf 86' lang='lat' dir='ltr'><strong>esse.</strong></span> 
     </span>
    </p>
   </div>
   <div class='ocr_carea' id='block_1_62' title="bbox 2095 1849 3611 1925">
    <p class='ocr_par' dir='ltr' id='par_1_62' title="bbox 2095 1849 3611 1925">
     <span class='ocr_line' id='line_1_62' title="bbox 2095 1849 3611 1925; baseline 0.003 -21"><span class='ocrx_word' id='word_1_449' title='bbox 2095 1850 2258 1905; x_wconf 73' lang='lat' dir='ltr'><strong>Vens.</strong></span> <span class='ocrx_word' id='word_1_450' title='bbox 2288 1850 2348 1903; x_wconf 77' lang='lat'><strong>2.</strong></span> <span class='ocrx_word' id='word_1_451' title='bbox 2383 1849 2505 1918; x_wconf 85' lang='lat' dir='ltr'><strong>Ipse</strong></span> <span class='ocrx_word' id='word_1_452' title='bbox 2541 1865 2697 1918; x_wconf 85' lang='lat' dir='ltr'><strong>super</strong></span> <span class='ocrx_word' id='word_1_453' title='bbox 2718 1851 2892 1905; x_wconf 86' lang='lat' dir='ltr'><strong>maria</strong></span> <span class='ocrx_word' id='word_1_454' title='bbox 2931 1850 3176 1924; x_wconf 77' lang='lat' dir='ltr'><strong>{undavit</strong></span> <span class='ocrx_word' id='word_1_455' title='bbox 3199 1869 3341 1917; x_wconf 87' lang='lat' dir='ltr'><strong>eam,</strong></span> <span class='ocrx_word' id='word_1_456' title='bbox 3370 1865 3420 1908; x_wconf 90' lang='lat' dir='ltr'><strong>et</strong></span> <span class='ocrx_word' id='word_1_457' title='bbox 3449 1871 3611 1925; x_wconf 88' lang='lat' dir='ltr'><strong>super</strong></span> 
     </span>
    </p>
   </div>
   <div class='ocr_carea' id='block_1_63' title="bbox 2017 1942 3613 2015">
    <p class='ocr_par' dir='ltr' id='par_1_63' title="bbox 2017 1942 3613 2015">
     <span class='ocr_line' id='line_1_63' title="bbox 2017 1942 3613 2015; baseline 0.004 -20"><span class='ocrx_word' id='word_1_458' title='bbox 2017 1943 2241 2012; x_wconf 80' lang='lat' dir='ltr'><strong>ﬂumina</strong></span> <span class='ocrx_word' id='word_1_459' title='bbox 2272 1942 2596 2012; x_wconf 67' lang='lat' dir='ltr'><strong>preparavit</strong></span> <span class='ocrx_word' id='word_1_460' title='bbox 2627 1958 2768 1997; x_wconf 87' lang='lat' dir='ltr'><strong>eam.</strong></span> <span class='ocrx_word' id='word_1_461' title='bbox 2811 1942 3114 1997; x_wconf 91' lang='lat' dir='ltr'><strong>Sciendum</strong></span> <span class='ocrx_word' id='word_1_462' title='bbox 3156 1953 3265 2009; x_wconf 85' lang='lat' dir='ltr'><strong>est,</strong></span> <span class='ocrx_word' id='word_1_463' title='bbox 3312 1947 3458 2015; x_wconf 85' lang='lat' dir='ltr'><strong>quod</strong></span> <span class='ocrx_word' id='word_1_464' title='bbox 3494 1963 3613 2000; x_wconf 90' lang='lat' dir='ltr'><strong>ma-</strong></span> 
     </span>
    </p>
   </div>
   <div class='ocr_carea' id='block_1_64' title="bbox 2019 2033 3617 2108">
    <p class='ocr_par' dir='ltr' id='par_1_64' title="bbox 2019 2033 3617 2108">
     <span class='ocr_line' id='line_1_64' title="bbox 2019 2033 3617 2108; baseline 0.003 -19"><span class='ocrx_word' id='word_1_465' title='bbox 2019 2053 2160 2106; x_wconf 76' lang='lat' dir='ltr'><strong>gnus</strong></span> <span class='ocrx_word' id='word_1_466' title='bbox 2214 2035 2456 2091; x_wconf 87' lang='lat' dir='ltr'><strong>Basilius</strong></span> <span class='ocrx_word' id='word_1_467' title='bbox 2520 2035 2700 2090; x_wconf 91' lang='lat' dir='ltr'><strong>solum</strong></span> <span class='ocrx_word' id='word_1_468' title='bbox 2740 2033 2963 2090; x_wconf 88' lang='lat' dir='ltr'><strong>Domini</strong></span> <span class='ocrx_word' id='word_1_469' title='bbox 3014 2037 3304 2106; x_wconf 79' lang='lat' dir='ltr'><strong>imperium</strong></span> <span class='ocrx_word' id='word_1_470' title='bbox 3349 2055 3446 2108; x_wconf 81' lang='lat' dir='ltr'><strong>pro</strong></span> <span class='ocrx_word' id='word_1_471' title='bbox 3493 2042 3617 2094; x_wconf 78' lang='lat' dir='ltr'><strong>fun-</strong></span> 
     </span>
    </p>
   </div>
   <div class='ocr_carea' id='block_1_65' title="bbox 2019 2127 3612 2202">
    <p class='ocr_par' dir='ltr' id='par_1_65' title="bbox 2019 2127 3612 2202">
     <span class='ocr_line' id='line_1_65' title="bbox 2019 2127 3612 2202; baseline 0.003 -20"><span class='ocrx_word' id='word_1_472' title='bbox 2019 2127 2280 2184; x_wconf 80' lang='lat' dir='ltr'><strong>damento</strong></span> <span class='ocrx_word' id='word_1_473' title='bbox 2313 2137 2498 2195; x_wconf 67' lang='lat' dir='ltr'><strong>terrae,</strong></span> <span class='ocrx_word' id='word_1_474' title='bbox 2526 2145 2650 2185; x_wconf 82' lang='lat' dir='ltr'><strong>esse</strong></span> <span class='ocrx_word' id='word_1_475' title='bbox 2668 2129 2828 2195; x_wconf 74' lang='lat' dir='ltr'><strong>dixit,</strong></span> <span class='ocrx_word' id='word_1_476' title='bbox 2865 2145 2976 2184; x_wconf 91' lang='lat' dir='ltr'><strong>non</strong></span> <span class='ocrx_word' id='word_1_477' title='bbox 3009 2146 3232 2200; x_wconf 86' lang='lat' dir='ltr'><strong>aquam.</strong></span> <span class='ocrx_word' id='word_1_478' title='bbox 3261 2147 3438 2202; x_wconf 88' lang='lat' dir='ltr'><strong>neque</strong></span> <span class='ocrx_word' id='word_1_479' title='bbox 3464 2133 3612 2190; x_wconf 81' lang='lat' dir='ltr'><strong>aliud</strong></span> 
     </span>
    </p>
   </div>
   <div class='ocr_carea' id='block_1_66' title="bbox 2019 2222 3614 2292">
    <p class='ocr_par' dir='ltr' id='par_1_66' title="bbox 2019 2222 3614 2292">
     <span class='ocr_line' id='line_1_66' title="bbox 2019 2222 3614 2292; baseline 0.006 -19"><span class='ocrx_word' id='word_1_480' title='bbox 2019 2222 2301 2292; x_wconf 87' lang='lat' dir='ltr'><strong>quidpiam</strong></span> <span class='ocrx_word' id='word_1_481' title='bbox 2326 2238 2342 2280; x_wconf 90' lang='lat'><strong>:</strong></span> <span class='ocrx_word' id='word_1_482' title='bbox 2363 2237 2460 2292; x_wconf 86' lang='lat' dir='ltr'><strong>per</strong></span> <span class='ocrx_word' id='word_1_483' title='bbox 2479 2233 2805 2291; x_wconf 65' lang='lat' dir='ltr'><strong>praesentem</strong></span> <span class='ocrx_word' id='word_1_484' title='bbox 2841 2233 3025 2279; x_wconf 89' lang='lat' dir='ltr'><strong>autem</strong></span> <span class='ocrx_word' id='word_1_485' title='bbox 3043 2225 3375 2279; x_wconf 85' lang='lat' dir='ltr'><strong>versiculum</strong></span> <span class='ocrx_word' id='word_1_486' title='bbox 3395 2228 3614 2283; x_wconf 78' lang='lat' dir='ltr'><strong>ostendi</strong></span> 
     </span>
    </p>
   </div>
   <div class='ocr_carea' id='block_1_67' title="bbox 2019 2315 3616 2388">
    <p class='ocr_par' dir='ltr' id='par_1_67' title="bbox 2019 2315 3616 2388">
     <span class='ocr_line' id='line_1_67' title="bbox 2019 2315 3616 2388; baseline 0.004 -22"><span class='ocrx_word' id='word_1_487' title='bbox 2019 2323 2259 2380; x_wconf 85' lang='lat' dir='ltr'><strong>tantum,</strong></span> <span class='ocrx_word' id='word_1_488' title='bbox 2287 2315 2547 2386; x_wconf 87' lang='lat' dir='ltr'><strong>quisnam</strong></span> <span class='ocrx_word' id='word_1_489' title='bbox 2573 2315 2644 2370; x_wconf 87' lang='lat' dir='ltr'><strong>ab</strong></span> <span class='ocrx_word' id='word_1_490' title='bbox 2673 2315 2835 2370; x_wconf 88' lang='lat' dir='ltr'><strong>initio</strong></span> <span class='ocrx_word' id='word_1_491' title='bbox 2866 2318 3170 2373; x_wconf 87' lang='lat' dir='ltr'><strong>creationis</strong></span> <span class='ocrx_word' id='word_1_492' title='bbox 3199 2319 3390 2373; x_wconf 91' lang='lat' dir='ltr'><strong>mundi</strong></span> <span class='ocrx_word' id='word_1_493' title='bbox 3456 2334 3616 2388; x_wconf 79' lang='lat' dir='ltr'><strong>aqua:</strong></span> 
     </span>
    </p>
   </div>
   <div class='ocr_carea' id='block_1_68' title="bbox 2021 2405 3617 2479">
    <p class='ocr_par' dir='ltr' id='par_1_68' title="bbox 2021 2405 3617 2479">
     <span class='ocr_line' id='line_1_68' title="bbox 2021 2405 3617 2479; baseline 0.003 -19"><span class='ocrx_word' id='word_1_494' title='bbox 2021 2405 2163 2461; x_wconf 87' lang='lat' dir='ltr'><strong>situs</strong></span> <span class='ocrx_word' id='word_1_495' title='bbox 2193 2405 2356 2461; x_wconf 79' lang='lat' dir='ltr'><strong>fuerit</strong></span> <span class='ocrx_word' id='word_1_496' title='bbox 2383 2425 2397 2461; x_wconf 92' lang='lat'>:</span> <span class='ocrx_word' id='word_1_497' title='bbox 2429 2407 2576 2477; x_wconf 90' lang='lat' dir='ltr'><strong>quod</strong></span> <span class='ocrx_word' id='word_1_498' title='bbox 2608 2407 2826 2463; x_wconf 88' lang='lat' dir='ltr'><strong>scilicet</strong></span> <span class='ocrx_word' id='word_1_499' title='bbox 2852 2416 3017 2465; x_wconf 69' lang='lat' dir='ltr'><strong>terra:</strong></span> <span class='ocrx_word' id='word_1_500' title='bbox 3045 2424 3186 2479; x_wconf 83' lang='lat' dir='ltr'><strong>aqua</strong></span> <span class='ocrx_word' id='word_1_501' title='bbox 3247 2409 3488 2479; x_wconf 80' lang='lat' dir='ltr'><strong>injaceat</strong></span> <span class='ocrx_word' id='word_1_502' title='bbox 3510 2451 3528 2473; x_wconf 86' lang='lat'><strong>,</strong></span> <span class='ocrx_word' id='word_1_503' title='bbox 3562 2421 3617 2465; x_wconf 91' lang='lat' dir='ltr'><strong>et</strong></span> 
     </span>
    </p>
   </div>
   <div class='ocr_carea' id='block_1_69' title="bbox 2021 2501 3614 2572">
    <p class='ocr_par' dir='ltr' id='par_1_69' title="bbox 2021 2501 3614 2572">
     <span class='ocr_line' id='line_1_69' title="bbox 2021 2501 3614 2572; baseline 0.003 -20"><span class='ocrx_word' id='word_1_504' title='bbox 2021 2503 2175 2572; x_wconf 86' lang='lat' dir='ltr'><strong>quasi</strong></span> <span class='ocrx_word' id='word_1_505' title='bbox 2213 2502 2493 2557; x_wconf 88' lang='lat' dir='ltr'><strong>custodiat</strong></span> <span class='ocrx_word' id='word_1_506' title='bbox 2529 2509 2584 2557; x_wconf 87' lang='lat' dir='ltr'><strong>et</strong></span> <span class='ocrx_word' id='word_1_507' title='bbox 2619 2501 2925 2567; x_wconf 84' lang='lat' dir='ltr'><strong>contineat,</strong></span> <span class='ocrx_word' id='word_1_508' title='bbox 2956 2516 3056 2557; x_wconf 90' lang='lat' dir='ltr'><strong>nec</strong></span> <span class='ocrx_word' id='word_1_509' title='bbox 3107 2502 3178 2555; x_wconf 89' lang='lat' dir='ltr'><strong>ab</strong></span> <span class='ocrx_word' id='word_1_510' title='bbox 3227 2501 3350 2570; x_wconf 88' lang='lat' dir='ltr'><strong>ejus</strong></span> <span class='ocrx_word' id='word_1_511' title='bbox 3407 2501 3614 2557; x_wconf 79' lang='lat' dir='ltr'><strong>deﬂuat</strong></span> 
     </span>
    </p>
   </div>
   <div class='ocr_carea' id='block_1_70' title="bbox 2022 2593 3615 2666">
    <p class='ocr_par' dir='ltr' id='par_1_70' title="bbox 2022 2593 3615 2666">
     <span class='ocr_line' id='line_1_70' title="bbox 2022 2593 3615 2666; baseline -0.001 -16"><span class='ocrx_word' id='word_1_512' title='bbox 2022 2594 2338 2665; x_wconf 89' lang='lat' dir='ltr'><strong>superﬁcie.</strong></span> <span class='ocrx_word' id='word_1_513' title='bbox 2377 2593 2564 2666; x_wconf 77' lang='lat' dir='ltr'><strong>[Juxta</strong></span> <span class='ocrx_word' id='word_1_514' title='bbox 2597 2609 2766 2666; x_wconf 89' lang='lat' dir='ltr'><strong>quem</strong></span> <span class='ocrx_word' id='word_1_515' title='bbox 2808 2609 3036 2650; x_wconf 90' lang='lat' dir='ltr'><strong>sensum</strong></span> <span class='ocrx_word' id='word_1_516' title='bbox 3065 2595 3469 2662; x_wconf 79' lang='lat' dir='ltr'><strong>congruentius</strong></span> <span class='ocrx_word' id='word_1_517' title='bbox 3499 2595 3615 2649; x_wconf 78' lang='lat' dir='ltr'><strong>for-</strong></span> 
     </span>
    </p>
   </div>
   <div class='ocr_carea' id='block_1_71' title="bbox 2022 2686 3620 2759">
    <p class='ocr_par' dir='ltr' id='par_1_71' title="bbox 2022 2686 3620 2759">
     <span class='ocr_line' id='line_1_71' title="bbox 2022 2686 3620 2759; baseline 0.002 -18"><span class='ocrx_word' id='word_1_518' title='bbox 2022 2687 2190 2742; x_wconf 84' lang='lat' dir='ltr'><strong>tassis</strong></span> <span class='ocrx_word' id='word_1_519' title='bbox 2227 2687 2520 2757; x_wconf 76' lang='lat' dir='ltr'><strong>legendum</strong></span> <span class='ocrx_word' id='word_1_520' title='bbox 2557 2693 2728 2752; x_wconf 88' lang='lat' dir='ltr'><strong>esset,</strong></span> <span class='ocrx_word' id='word_1_521' title='bbox 2759 2687 2905 2756; x_wconf 88' lang='lat' dir='ltr'><strong>quod</strong></span> <span class='ocrx_word' id='word_1_522' title='bbox 2937 2686 3127 2742; x_wconf 66' lang='lat' dir='ltr'><strong>Graeca</strong></span> <span class='ocrx_word' id='word_1_523' title='bbox 3162 2687 3344 2743; x_wconf 86' lang='lat' dir='ltr'><strong>littera</strong></span> <span class='ocrx_word' id='word_1_524' title='bbox 3378 2703 3489 2742; x_wconf 87' lang='lat' dir='ltr'><strong>non</strong></span> <span class='ocrx_word' id='word_1_525' title='bbox 3519 2689 3620 2759; x_wconf 51' lang='lat' dir='ltr'><strong>de:</strong></span> 
     </span>
    </p>
   </div>
   <div class='ocr_carea' id='block_1_72' title="bbox 2023 2775 3621 2849">
    <p class='ocr_par' dir='ltr' id='par_1_72' title="bbox 2023 2775 3621 2849">
     <span class='ocr_line' id='line_1_72' title="bbox 2023 2775 3621 2849; baseline 0.001 -19"><span class='ocrx_word' id='word_1_526' title='bbox 2023 2784 2224 2849; x_wconf 78' lang='lat' dir='ltr'><strong>negat:</strong></span> <span class='ocrx_word' id='word_1_527' title='bbox 2252 2775 2372 2846; x_wconf 86' lang='lat' dir='ltr'><strong>Ipse</strong></span> <span class='ocrx_word' id='word_1_528' title='bbox 2396 2777 2455 2830; x_wconf 84' lang='lat' dir='ltr'><strong>in</strong></span> <span class='ocrx_word' id='word_1_529' title='bbox 2502 2775 2740 2830; x_wconf 82' lang='lat' dir='ltr'><strong>maribus</strong></span> <span class='ocrx_word' id='word_1_530' title='bbox 2763 2776 3172 2843; x_wconf 78' lang='lat' dir='ltr'><strong>fundauiteam.</strong></span> <span class='ocrx_word' id='word_1_531' title='bbox 3215 2777 3343 2831; x_wconf 83' lang='lat' dir='ltr'><strong>etin</strong></span> <span class='ocrx_word' id='word_1_532' title='bbox 3375 2778 3621 2846; x_wconf 70' lang='lat' dir='ltr'><strong>ﬂumini-</strong></span> 
     </span>
    </p>
   </div>
   <div class='ocr_carea' id='block_1_73' title="bbox 2025 2865 3621 2939">
    <p class='ocr_par' dir='ltr' id='par_1_73' title="bbox 2025 2865 3621 2939">
     <span class='ocr_line' id='line_1_73' title="bbox 2025 2865 3621 2939; baseline 0.002 -19"><span class='ocrx_word' id='word_1_533' title='bbox 2025 2866 2120 2921; x_wconf 81' lang='lat' dir='ltr'><strong>bus</strong></span> <span class='ocrx_word' id='word_1_534' title='bbox 2159 2869 2481 2938; x_wconf 68' lang='lat' dir='ltr'><strong>preparavit</strong></span> <span class='ocrx_word' id='word_1_535' title='bbox 2519 2865 2693 2939; x_wconf 85' lang='lat' dir='ltr'><strong>eam.]</strong></span> <span class='ocrx_word' id='word_1_536' title='bbox 2744 2866 2922 2935; x_wconf 87' lang='lat' dir='ltr'><strong>Ipsam</strong></span> <span class='ocrx_word' id='word_1_537' title='bbox 2972 2881 3104 2921; x_wconf 82' lang='lat' dir='ltr'><strong>vero</strong></span> <span class='ocrx_word' id='word_1_538' title='bbox 3141 2882 3344 2937; x_wconf 84' lang='lat' dir='ltr'><strong>aquam</strong></span> <span class='ocrx_word' id='word_1_539' title='bbox 3388 2883 3496 2922; x_wconf 87' lang='lat' dir='ltr'><strong>non</strong></span> <span class='ocrx_word' id='word_1_540' title='bbox 3551 2870 3621 2924; x_wconf 83' lang='lat' dir='ltr'><strong>ab</strong></span> 
     </span>
    </p>
   </div>
   <div class='ocr_carea' id='block_1_74' title="bbox 2025 2961 3622 3032">
    <p class='ocr_par' dir='ltr' id='par_1_74' title="bbox 2025 2961 3622 3032">
     <span class='ocr_line' id='line_1_74' title="bbox 2025 2961 3622 3032; baseline -0.003 -14"><span class='ocrx_word' id='word_1_541' title='bbox 2025 2978 2083 3018; x_wconf 89' lang='lat' dir='ltr'><strong>re</strong></span> <span class='ocrx_word' id='word_1_542' title='bbox 2116 2971 2172 3020; x_wconf 90' lang='lat' dir='ltr'><strong>et</strong></span> <span class='ocrx_word' id='word_1_543' title='bbox 2206 2967 2359 3018; x_wconf 85' lang='lat' dir='ltr'><strong>mare</strong></span> <span class='ocrx_word' id='word_1_544' title='bbox 2385 2971 2440 3017; x_wconf 91' lang='lat' dir='ltr'><strong>et</strong></span> <span class='ocrx_word' id='word_1_545' title='bbox 2459 2963 2685 3017; x_wconf 88' lang='lat' dir='ltr'><strong>ﬁumina</strong></span> <span class='ocrx_word' id='word_1_546' title='bbox 2710 2975 2739 3015; x_wconf 89' lang='lat' dir='ltr'><strong>a</strong></span> <span class='ocrx_word' id='word_1_547' title='bbox 2768 2961 3042 3032; x_wconf 86' lang='lat' dir='ltr'><strong>Propheta</strong></span> <span class='ocrx_word' id='word_1_548' title='bbox 3086 2961 3415 3031; x_wconf 86' lang='lat' dir='ltr'><strong>appellatam</strong></span> <span class='ocrx_word' id='word_1_549' title='bbox 3445 2962 3622 3017; x_wconf 69' lang='grc' dir='ltr'><strong>ῐιιὶεεα</strong></span> 
     </span>
    </p>
   </div>
   <div class='ocr_carea' id='block_1_75' title="bbox 1953 3052 3626 3155">
    <p class='ocr_par' dir='ltr' id='par_1_75' title="bbox 1953 3052 3626 3155">
     <span class='ocr_line' id='line_1_75' title="bbox 1953 3052 3626 3155; baseline 0 -46"><span class='ocrx_word' id='word_1_550' title='bbox 1953 3093 2000 3155; x_wconf 72' lang='lat' dir='ltr'>c</span> <span class='ocrx_word' id='word_1_551' title='bbox 2030 3063 2272 3118; x_wconf 84' lang='lat' dir='ltr'><strong>constat,</strong></span> <span class='ocrx_word' id='word_1_552' title='bbox 2297 3053 2370 3108; x_wconf 87' lang='lat' dir='ltr'><strong>ob</strong></span> <span class='ocrx_word' id='word_1_553' title='bbox 2401 3068 2668 3124; x_wconf 87' lang='lat' dir='ltr'><strong>aquarum</strong></span> <span class='ocrx_word' id='word_1_554' title='bbox 2709 3052 2765 3107; x_wconf 91' lang='lat' dir='ltr'><strong>in</strong></span> <span class='ocrx_word' id='word_1_555' title='bbox 2799 3053 2882 3108; x_wconf 88' lang='lat' dir='ltr'><strong>eis</strong></span> <span class='ocrx_word' id='word_1_556' title='bbox 2919 3053 3342 3120; x_wconf 89' lang='lat' dir='ltr'><strong>multitudines,</strong></span> <span class='ocrx_word' id='word_1_557' title='bbox 3393 3069 3518 3109; x_wconf 88' lang='lat' dir='ltr'><strong>cum</strong></span> <span class='ocrx_word' id='word_1_558' title='bbox 3569 3063 3626 3110; x_wconf 81' lang='lat' dir='ltr'><strong>et</strong></span> 
     </span>
    </p>
   </div>
   <div class='ocr_carea' id='block_1_76' title="bbox 2031 3143 3617 3218">
    <p class='ocr_par' dir='ltr' id='par_1_76' title="bbox 2031 3143 3617 3218">
     <span class='ocr_line' id='line_1_76' title="bbox 2031 3143 3617 3218; baseline 0.002 -18"><span class='ocrx_word' id='word_1_559' title='bbox 2031 3146 2294 3218; x_wconf 87' lang='lat' dir='ltr'><strong>abyssum</strong></span> <span class='ocrx_word' id='word_1_560' title='bbox 2317 3160 2438 3201; x_wconf 84' lang='lat' dir='ltr'><strong>eam</strong></span> <span class='ocrx_word' id='word_1_561' title='bbox 2461 3143 2677 3214; x_wconf 78' lang='lat' dir='ltr'><strong>Moyses</strong></span> <span class='ocrx_word' id='word_1_562' title='bbox 2715 3145 3100 3215; x_wconf 87' lang='lat' dir='ltr'><strong>appellaverit,</strong></span> <span class='ocrx_word' id='word_1_563' title='bbox 3133 3145 3207 3200; x_wconf 89' lang='lat' dir='ltr'><strong>ob</strong></span> <span class='ocrx_word' id='word_1_564' title='bbox 3244 3145 3366 3214; x_wconf 80' lang='lat' dir='ltr'><strong>ejus</strong></span> <span class='ocrx_word' id='word_1_565' title='bbox 3398 3147 3617 3217; x_wconf 75' lang='lat' dir='ltr'><strong>profun-</strong></span> 
     </span>
    </p>
   </div>
   <div class='ocr_carea' id='block_1_77' title="bbox 2030 3233 3626 3306">
    <p class='ocr_par' dir='ltr' id='par_1_77' title="bbox 2030 3233 3626 3306">
     <span class='ocr_line' id='line_1_77' title="bbox 2030 3233 3626 3306; baseline -0.001 -14"><span class='ocrx_word' id='word_1_566' title='bbox 2030 3236 2284 3293; x_wconf 80' lang='lat' dir='ltr'><strong>ditatem.</strong></span> <span class='ocrx_word' id='word_1_567' title='bbox 2304 3234 2536 3304; x_wconf 85' lang='lat' dir='ltr'><strong>Spiritus</strong></span> <span class='ocrx_word' id='word_1_568' title='bbox 2564 3235 2712 3289; x_wconf 88' lang='lat' dir='ltr'><strong>enim</strong></span> <span class='ocrx_word' id='word_1_569' title='bbox 2729 3233 2968 3298; x_wconf 88' lang='lat' dir='ltr'><strong>Domini,</strong></span> <span class='ocrx_word' id='word_1_570' title='bbox 2995 3236 3198 3304; x_wconf 85' lang='lat' dir='ltr'><strong>inquit,</strong></span> <span class='ocrx_word' id='word_1_571' title='bbox 3223 3237 3499 3306; x_wconf 79' lang='lat' dir='ltr'><strong>ferebatur</strong></span> <span class='ocrx_word' id='word_1_572' title='bbox 3528 3255 3626 3292; x_wconf 80' lang='lat' dir='ltr'><strong>su-</strong></span> 
     </span>
    </p>
   </div>
   <div class='ocr_carea' id='block_1_78' title="bbox 2029 3325 3624 3400">
    <p class='ocr_par' dir='ltr' id='par_1_78' title="bbox 2029 3325 3624 3400">
     <span class='ocr_line' id='line_1_78' title="bbox 2029 3325 3624 3400; baseline 0.001 -15"><span class='ocrx_word' id='word_1_573' title='bbox 2029 3344 2120 3399; x_wconf 79' lang='lat' dir='ltr'><strong>per</strong></span> <span class='ocrx_word' id='word_1_574' title='bbox 2136 3329 2389 3400; x_wconf 82' lang='lat' dir='ltr'><strong>abyssum</strong></span> <span class='ocrx_word' id='word_1_575' title='bbox 2405 3325 2732 3382; x_wconf 75' lang='lat' dir='ltr'><strong>“Joannes</strong></span> <span class='ocrx_word' id='word_1_576' title='bbox 2752 3337 2936 3382; x_wconf 89' lang='lat' dir='ltr'><strong>autem</strong></span> <span class='ocrx_word' id='word_1_577' title='bbox 2961 3326 3394 3398; x_wconf 74' lang='lat' dir='ltr'><strong>Cltrysostomus</strong></span> <span class='ocrx_word' id='word_1_578' title='bbox 3412 3329 3624 3386; x_wconf 85' lang='lat' dir='ltr'><strong>dictum</strong></span> 
     </span>
    </p>
   </div>
   <div class='ocr_carea' id='block_1_79' title="bbox 2031 3419 3625 3492">
    <p class='ocr_par' dir='ltr' id='par_1_79' title="bbox 2031 3419 3625 3492">
     <span class='ocr_line' id='line_1_79' title="bbox 2031 3419 3625 3492; baseline -0.003 -13"><span class='ocrx_word' id='word_1_579' title='bbox 2031 3422 2138 3478; x_wconf 86' lang='lat' dir='ltr'><strong>hoc</strong></span> <span class='ocrx_word' id='word_1_580' title='bbox 2169 3422 2268 3487; x_wconf 88' lang='lat' dir='ltr'><strong>ait,</strong></span> <span class='ocrx_word' id='word_1_581' title='bbox 2295 3420 2429 3475; x_wconf 89' lang='lat' dir='ltr'><strong>illud</strong></span> <span class='ocrx_word' id='word_1_582' title='bbox 2459 3419 2810 3490; x_wconf 86' lang='lat' dir='ltr'><strong>potissimum</strong></span> <span class='ocrx_word' id='word_1_583' title='bbox 2836 3419 3250 3484; x_wconf 80' lang='lat' dir='ltr'><strong>demonstrare,</strong></span> <span class='ocrx_word' id='word_1_584' title='bbox 3281 3423 3430 3491; x_wconf 87' lang='lat' dir='ltr'><strong>quod</strong></span> <span class='ocrx_word' id='word_1_585' title='bbox 3468 3439 3625 3492; x_wconf 66' lang='lat' dir='ltr'><strong>aqua:</strong></span> 
     </span>
    </p>
   </div>
   <div class='ocr_carea' id='block_1_80' title="bbox 2033 3511 3624 3582">
    <p class='ocr_par' dir='ltr' id='par_1_80' title="bbox 2033 3511 3624 3582">
     <span class='ocr_line' id='line_1_80' title="bbox 2033 3511 3624 3582; baseline 0.001 -13"><span class='ocrx_word' id='word_1_586' title='bbox 2033 3514 2135 3569; x_wconf 91' lang='lat' dir='ltr'><strong>toti</strong></span> <span class='ocrx_word' id='word_1_587' title='bbox 2162 3524 2323 3568; x_wconf 72' lang='lat' dir='ltr'><strong>terra:</strong></span> <span class='ocrx_word' id='word_1_588' title='bbox 2358 3513 2683 3582; x_wconf 83' lang='lat' dir='ltr'><strong>subjaceant</strong></span> <span class='ocrx_word' id='word_1_589' title='bbox 2712 3513 2888 3566; x_wconf 76' lang='lat' dir='ltr'><strong>instar</strong></span> <span class='ocrx_word' id='word_1_590' title='bbox 2937 3511 3284 3568; x_wconf 76' lang='lat' dir='ltr'><strong>fundamenti</strong></span> <span class='ocrx_word' id='word_1_591' title='bbox 3319 3531 3334 3580; x_wconf 91' lang='lat'><strong>;</strong></span> <span class='ocrx_word' id='word_1_592' title='bbox 3386 3524 3441 3569; x_wconf 88' lang='lat' dir='ltr'><strong>et</strong></span> <span class='ocrx_word' id='word_1_593' title='bbox 3493 3517 3624 3570; x_wconf 85' lang='lat' dir='ltr'><strong>nihil</strong></span> 
     </span>
    </p>
   </div>
   <div class='ocr_carea' id='block_1_81' title="bbox 2035 3605 3626 3676">
    <p class='ocr_par' dir='ltr' id='par_1_81' title="bbox 2035 3605 3626 3676">
     <span class='ocr_line' id='line_1_81' title="bbox 2035 3605 3626 3676; baseline 0.001 -16"><span class='ocrx_word' id='word_1_594' title='bbox 2035 3607 2236 3660; x_wconf 88' lang='lat' dir='ltr'><strong>mirunt</strong></span> <span class='ocrx_word' id='word_1_595' title='bbox 2274 3623 2289 3662; x_wconf 90' lang='lat'><strong>:</strong></span> <span class='ocrx_word' id='word_1_596' title='bbox 2351 3607 2468 3672; x_wconf 85' lang='lat' dir='ltr'><strong>ipse</strong></span> <span class='ocrx_word' id='word_1_597' title='bbox 2501 3606 2648 3664; x_wconf 89' lang='lat' dir='ltr'><strong>enim</strong></span> <span class='ocrx_word' id='word_1_598' title='bbox 2689 3605 2835 3660; x_wconf 87' lang='lat' dir='ltr'><strong>Deus</strong></span> <span class='ocrx_word' id='word_1_599' title='bbox 2869 3615 2991 3668; x_wconf 89' lang='lat' dir='ltr'><strong>est,</strong></span> <span class='ocrx_word' id='word_1_600' title='bbox 3025 3606 3117 3676; x_wconf 87' lang='lat' dir='ltr'><strong>qui</strong></span> <span class='ocrx_word' id='word_1_601' title='bbox 3163 3607 3308 3663; x_wconf 87' lang='lat' dir='ltr'><strong>hanc</strong></span> <span class='ocrx_word' id='word_1_602' title='bbox 3347 3609 3416 3663; x_wconf 90' lang='lat' dir='ltr'><strong>ab</strong></span> <span class='ocrx_word' id='word_1_603' title='bbox 3467 3610 3626 3664; x_wconf 81' lang='lat' dir='ltr'><strong>initio</strong></span> 
     </span>
    </p>
   </div>
   <div class='ocr_carea' id='block_1_82' title="bbox 2037 3698 3628 3769">
    <p class='ocr_par' dir='ltr' id='par_1_82' title="bbox 2037 3698 3628 3769">
     <span class='ocr_line' id='line_1_82' title="bbox 2037 3698 3628 3769; baseline 0.001 -14"><span class='ocrx_word' id='word_1_604' title='bbox 2037 3699 2290 3755; x_wconf 82' lang='lat' dir='ltr'><strong>fundavit</strong></span> <span class='ocrx_word' id='word_1_605' title='bbox 2317 3717 2332 3754; x_wconf 87' lang='lat'><strong>:</strong></span> <span class='ocrx_word' id='word_1_606' title='bbox 2365 3698 2563 3754; x_wconf 88' lang='lat' dir='ltr'><strong>Omnia</strong></span> <span class='ocrx_word' id='word_1_607' title='bbox 2585 3699 2970 3769; x_wconf 77' lang='lat' dir='ltr'><strong>enim,inquit,</strong></span> <span class='ocrx_word' id='word_1_608' title='bbox 2989 3715 3082 3769; x_wconf 84' lang='lat' dir='ltr'><strong>per</strong></span> <span class='ocrx_word' id='word_1_609' title='bbox 3098 3702 3268 3769; x_wconf 85' lang='lat' dir='ltr'><strong>ipsum</strong></span> <span class='ocrx_word' id='word_1_610' title='bbox 3288 3702 3436 3769; x_wconf 80' lang='lat' dir='ltr'><strong>facta</strong></span> <span class='ocrx_word' id='word_1_611' title='bbox 3458 3705 3628 3757; x_wconf 83' lang='lat' dir='ltr'><strong>sunt‘.</strong></span> 
     </span>
    </p>
   </div>
   <div class='ocr_carea' id='block_1_83' title="bbox 2033 3791 3621 3866">
    <p class='ocr_par' dir='ltr' id='par_1_83' title="bbox 2033 3791 3621 3866">
     <span class='ocr_line' id='line_1_83' title="bbox 2033 3791 3621 3866; baseline 0.001 -19"><span class='ocrx_word' id='word_1_612' title='bbox 2033 3791 2424 3849; x_wconf 80' lang='lat' dir='ltr'><strong>Admirandam</strong></span> <span class='ocrx_word' id='word_1_613' title='bbox 2466 3798 2647 3846; x_wconf 91' lang='lat' dir='ltr'><strong>autem</strong></span> <span class='ocrx_word' id='word_1_614' title='bbox 2684 3791 3034 3848; x_wconf 72' lang='lat' dir='ltr'><strong>{sudationis</strong></span> <span class='ocrx_word' id='word_1_615' title='bbox 3069 3793 3342 3848; x_wconf 87' lang='lat' dir='ltr'><strong>rationem</strong></span> <span class='ocrx_word' id='word_1_616' title='bbox 3385 3809 3621 3866; x_wconf 77' lang='lat' dir='ltr'><strong>exagge-</strong></span> 
     </span>
    </p>
   </div>
   <div class='ocr_carea' id='block_1_84' title="bbox 2037 3883 3629 3953">
    <p class='ocr_par' dir='ltr' id='par_1_84' title="bbox 2037 3883 3629 3953">
     <span class='ocr_line' id='line_1_84' title="bbox 2037 3883 3629 3953; baseline -0.001 -13"><span class='ocrx_word' id='word_1_617' title='bbox 2037 3899 2166 3940; x_wconf 89' lang='lat' dir='ltr'><strong>rans</strong></span> <span class='ocrx_word' id='word_1_618' title='bbox 2195 3883 2491 3953; x_wconf 84' lang='lat' dir='ltr'><strong>Propheta,</strong></span> <span class='ocrx_word' id='word_1_619' title='bbox 2533 3885 2643 3939; x_wconf 84' lang='lat' dir='ltr'><strong>uita</strong></span> <span class='ocrx_word' id='word_1_620' title='bbox 2684 3883 2802 3938; x_wconf 61' lang='lat' dir='ltr'><strong>hac</strong></span> <span class='ocrx_word' id='word_1_621' title='bbox 2835 3883 3194 3952; x_wconf 89' lang='lat' dir='ltr'><strong>complicavit</strong></span> <span class='ocrx_word' id='word_1_622' title='bbox 3230 3899 3244 3948; x_wconf 92' lang='lat'><strong>;</strong></span> <span class='ocrx_word' id='word_1_623' title='bbox 3294 3885 3445 3953; x_wconf 87' lang='lat' dir='ltr'><strong>quod</strong></span> <span class='ocrx_word' id='word_1_624' title='bbox 3503 3883 3629 3939; x_wconf 58' lang='lat' dir='ltr'><strong>tunc</strong></span> 
     </span>
    </p>
   </div>
   <div class='ocr_carea' id='block_1_85' title="bbox 2035 3973 3631 4046">
    <p class='ocr_par' dir='ltr' id='par_1_85' title="bbox 2035 3973 3631 4046">
     <span class='ocr_line' id='line_1_85' title="bbox 2035 3973 3631 4046; baseline -0.001 -16"><span class='ocrx_word' id='word_1_625' title='bbox 2035 3977 2186 4031; x_wconf 88' lang='lat' dir='ltr'><strong>davit</strong></span> <span class='ocrx_word' id='word_1_626' title='bbox 2213 3990 2334 4030; x_wconf 85' lang='lat' dir='ltr'><strong>eam</strong></span> <span class='ocrx_word' id='word_1_627' title='bbox 2361 3989 2531 4046; x_wconf 84' lang='lat' dir='ltr'><strong>super</strong></span> <span class='ocrx_word' id='word_1_628' title='bbox 2562 3974 2736 4029; x_wconf 85' lang='lat' dir='ltr'><strong>maria</strong></span> <span class='ocrx_word' id='word_1_629' title='bbox 2765 4012 2782 4039; x_wconf 90' lang='lat'><strong>,</strong></span> <span class='ocrx_word' id='word_1_630' title='bbox 2862 3983 2917 4028; x_wconf 91' lang='lat' dir='ltr'><strong>et</strong></span> <span class='ocrx_word' id='word_1_631' title='bbox 2950 3973 3098 4043; x_wconf 92' lang='lat' dir='ltr'><strong>quod</strong></span> <span class='ocrx_word' id='word_1_632' title='bbox 3147 3974 3414 4028; x_wconf 87' lang='lat' dir='ltr'><strong>stabilivit</strong></span> <span class='ocrx_word' id='word_1_633' title='bbox 3461 3991 3631 4045; x_wconf 84' lang='lat' dir='ltr'><strong>super</strong></span> 
     </span>
    </p>
   </div>
   <div class='ocr_carea' id='block_1_86' title="bbox 2038 4064 3628 4136">
    <p class='ocr_par' dir='ltr' id='par_1_86' title="bbox 2038 4064 3628 4136">
     <span class='ocr_line' id='line_1_86' title="bbox 2038 4064 3628 4136; baseline 0.001 -16"><span class='ocrx_word' id='word_1_634' title='bbox 2038 4067 2286 4121; x_wconf 85' lang='lat' dir='ltr'><strong>ﬁumina.</strong></span> <span class='ocrx_word' id='word_1_635' title='bbox 2320 4065 2401 4120; x_wconf 89' lang='lat' dir='ltr'><strong>Tu</strong></span> <span class='ocrx_word' id='word_1_636' title='bbox 2439 4079 2570 4119; x_wconf 86' lang='lat' dir='ltr'><strong>vero</strong></span> <span class='ocrx_word' id='word_1_637' title='bbox 2599 4066 2704 4120; x_wconf 91' lang='lat' dir='ltr'><strong>hoc</strong></span> <span class='ocrx_word' id='word_1_638' title='bbox 2733 4079 2844 4120; x_wconf 92' lang='lat' dir='ltr'><strong>non</strong></span> <span class='ocrx_word' id='word_1_639' title='bbox 2885 4065 2940 4118; x_wconf 89' lang='lat' dir='ltr'><strong>in</strong></span> <span class='ocrx_word' id='word_1_640' title='bbox 2974 4064 3296 4120; x_wconf 81' lang='lat' dir='ltr'><strong>universum</strong></span> <span class='ocrx_word' id='word_1_641' title='bbox 3354 4065 3628 4136; x_wconf 79' lang='lat' dir='ltr'><strong>intellige.</strong></span> 
     </span>
    </p>
   </div>
   <div class='ocr_carea' id='block_1_87' title="bbox 2039 4155 3630 4229">
    <p class='ocr_par' dir='ltr' id='par_1_87' title="bbox 2039 4155 3630 4229">
     <span class='ocr_line' id='line_1_87' title="bbox 2039 4155 3630 4229; baseline 0.004 -20"><span class='ocrx_word' id='word_1_642' title='bbox 2039 4157 2175 4211; x_wconf 86' lang='lat' dir='ltr'><strong>Nam</strong></span> <span class='ocrx_word' id='word_1_643' title='bbox 2208 4157 2456 4226; x_wconf 87' lang='lat' dir='ltr'><strong>alioquin</strong></span> <span class='ocrx_word' id='word_1_644' title='bbox 2485 4155 2716 4210; x_wconf 74' lang='lat' dir='ltr'><strong>inferior</strong></span> <span class='ocrx_word' id='word_1_645' title='bbox 2747 4165 2902 4221; x_wconf 84' lang='lat' dir='ltr'><strong>esset</strong></span> <span class='ocrx_word' id='word_1_646' title='bbox 2925 4170 3066 4226; x_wconf 85' lang='lat' dir='ltr'><strong>aqua</strong></span> <span class='ocrx_word' id='word_1_647' title='bbox 3093 4196 3108 4219; x_wconf 94' lang='lat'><strong>,</strong></span> <span class='ocrx_word' id='word_1_648' title='bbox 3155 4171 3350 4211; x_wconf 85' lang='lat' dir='ltr'><strong>verum</strong></span> <span class='ocrx_word' id='word_1_649' title='bbox 3410 4157 3630 4229; x_wconf 83' lang='lat' dir='ltr'><strong>Moyses</strong></span> 
     </span>
    </p>
   </div>
   <div class='ocr_carea' id='block_1_88' title="bbox 2041 4249 3628 4313">
    <p class='ocr_par' dir='ltr' id='par_1_88' title="bbox 2041 4249 3628 4313">
     <span class='ocr_line' id='line_1_88' title="bbox 2041 4249 3628 4313; baseline 0.002 -9"><span class='ocrx_word' id='word_1_650' title='bbox 2041 4250 2356 4306; x_wconf 79' lang='lat' dir='ltr'><strong>inferiorem</strong></span> <span class='ocrx_word' id='word_1_651' title='bbox 2393 4265 2518 4306; x_wconf 86' lang='lat' dir='ltr'><strong>esse</strong></span> <span class='ocrx_word' id='word_1_652' title='bbox 2547 4259 2752 4305; x_wconf 88' lang='lat' dir='ltr'><strong>terram</strong></span> <span class='ocrx_word' id='word_1_653' title='bbox 2781 4249 2975 4306; x_wconf 89' lang='lat' dir='ltr'><strong>docuit</strong></span> <span class='ocrx_word' id='word_1_654' title='bbox 3005 4267 3020 4313; x_wconf 85' lang='lat'><strong>;</strong></span> <span class='ocrx_word' id='word_1_655' title='bbox 3076 4251 3223 4305; x_wconf 88' lang='lat' dir='ltr'><strong>unde</strong></span> <span class='ocrx_word' id='word_1_656' title='bbox 3269 4253 3628 4307; x_wconf 81' lang='lat' dir='ltr'><strong>manifestum</strong></span> 
     </span>
    </p>
   </div>
   <div class='ocr_carea' id='block_1_89' title="bbox 2039 4343 3629 4413">
    <p class='ocr_par' dir='ltr' id='par_1_89' title="bbox 2039 4343 3629 4413">
     <span class='ocr_line' id='line_1_89' title="bbox 2039 4343 3629 4413; baseline 0 -13"><span class='ocrx_word' id='word_1_657' title='bbox 2039 4350 2149 4406; x_wconf 90' lang='lat' dir='ltr'><strong>est,</strong></span> <span class='ocrx_word' id='word_1_658' title='bbox 2177 4343 2282 4398; x_wconf 87' lang='lat' dir='ltr'><strong>hoc</strong></span> <span class='ocrx_word' id='word_1_659' title='bbox 2315 4343 2520 4398; x_wconf 84' lang='lat' dir='ltr'><strong>dictum</strong></span> <span class='ocrx_word' id='word_1_660' title='bbox 2541 4357 2666 4398; x_wconf 89' lang='lat' dir='ltr'><strong>esse</strong></span> <span class='ocrx_word' id='word_1_661' title='bbox 2684 4349 2939 4412; x_wconf 83' lang='lat' dir='ltr'><strong>respectu</strong></span> <span class='ocrx_word' id='word_1_662' title='bbox 2959 4353 3122 4397; x_wconf 71' lang='lat' dir='ltr'><strong>certae</strong></span> <span class='ocrx_word' id='word_1_663' title='bbox 3137 4343 3311 4412; x_wconf 86' lang='lat' dir='ltr'><strong>partis</strong></span> <span class='ocrx_word' id='word_1_664' title='bbox 3338 4359 3629 4413; x_wconf 86' lang='lat' dir='ltr'><strong>aquarum.</strong></span> 
     </span>
    </p>
   </div>
   <div class='ocr_carea' id='block_1_90' title="bbox 334 4430 1922 4505">
    <p class='ocr_par' dir='ltr' id='par_1_90' title="bbox 334 4430 1922 4503">
     <span class='ocr_line' id='line_1_90' title="bbox 334 4430 1922 4503; baseline 0.002 -20"><span class='ocrx_word' id='word_1_665' title='bbox 334 4436 430 4484; x_wconf 78' lang='grc' dir='ltr'><strong>καὶ</strong></span> <span class='ocrx_word' id='word_1_666' title='bbox 468 4433 626 4501; x_wconf 77' lang='grc' dir='ltr'><strong>ὅμως</strong></span> <span class='ocrx_word' id='word_1_667' title='bbox 684 4433 876 4499; x_wconf 79' lang='grc' dir='ltr'><strong>μένει,</strong></span> <span class='ocrx_word' id='word_1_668' title='bbox 929 4431 1374 4503; x_wconf 73' lang='grc' dir='ltr'><strong>τεθεμελιωμένη</strong></span> <span class='ocrx_word' id='word_1_669' title='bbox 1431 4430 1520 4484; x_wconf 73' lang='grc' dir='ltr'><strong>ἐπ’</strong></span> <span class='ocrx_word' id='word_1_670' title='bbox 1575 4432 1778 4498; x_wconf 84' lang='grc' dir='ltr'><strong>αὐτῶν,</strong></span> <span class='ocrx_word' id='word_1_671' title='bbox 1837 4432 1922 4486; x_wconf 72' lang='grc' dir='ltr'><strong>καὶ</strong></span> 
     </span>
    </p>
   </div>
   <div class='ocr_carea' id='block_1_91' title="bbox 2025 4430 3636 4505">
    <p class='ocr_par' dir='ltr' id='par_1_91' title="bbox 2038 4432 3636 4505">
     <span class='ocr_line' id='line_1_91' title="bbox 2038 4432 3636 4505; baseline -0.001 -14"><span class='ocrx_word' id='word_1_672' title='bbox 2038 4436 2097 4491; x_wconf 84' lang='lat' dir='ltr'><strong>in</strong></span> <span class='ocrx_word' id='word_1_673' title='bbox 2132 4435 2320 4490; x_wconf 85' lang='lat' dir='ltr'><strong>multis</strong></span> <span class='ocrx_word' id='word_1_674' title='bbox 2345 4449 2583 4505; x_wconf 85' lang='lat' dir='ltr'><strong>namque</strong></span> <span class='ocrx_word' id='word_1_675' title='bbox 2620 4441 2783 4487; x_wconf 71' lang='lat' dir='ltr'><strong>terra:</strong></span> <span class='ocrx_word' id='word_1_676' title='bbox 2813 4432 3270 4488; x_wconf 86' lang='lat' dir='ltr'><strong>concavitatibus</strong></span> <span class='ocrx_word' id='word_1_677' title='bbox 3294 4443 3350 4489; x_wconf 89' lang='lat' dir='ltr'><strong>et</strong></span> <span class='ocrx_word' id='word_1_678' title='bbox 3372 4450 3636 4490; x_wconf 71' lang='lat' dir='ltr'><strong>caverno-</strong></span> 
     </span>
    </p>
   </div>
   <div class='ocr_carea' id='block_1_92' title="bbox 337 4523 1940 4595">
    <p class='ocr_par' dir='ltr' id='par_1_92' title="bbox 337 4523 1940 4595">
     <span class='ocr_line' id='line_1_92' title="bbox 337 4523 1940 4595; baseline 0.002 -21"><span class='ocrx_word' id='word_1_679' title='bbox 337 4527 683 4594; x_wconf 68' lang='grc' dir='ltr'><strong>συνεχομένη</strong></span> <span class='ocrx_word' id='word_1_680' title='bbox 713 4524 790 4593; x_wconf 80' lang='grc' dir='ltr'>τῴ</span> <span class='ocrx_word' id='word_1_681' title='bbox 823 4525 1210 4595; x_wconf 82' lang='grc' dir='ltr'><strong>προστάγματι</strong></span> <span class='ocrx_word' id='word_1_682' title='bbox 1239 4524 1334 4577; x_wconf 84' lang='grc' dir='ltr'><strong>τοῦ</strong></span> <span class='ocrx_word' id='word_1_683' title='bbox 1362 4523 1716 4595; x_wconf 80' lang='grc' dir='ltr'><strong>ποιήσαντος.</strong></span> <span class='ocrx_word' id='word_1_684' title='bbox 1760 4523 1940 4580; x_wconf 72' lang='grc' dir='ltr'><strong>Ἠτοίο</strong></span> 
     </span>
    </p>
   </div>
   <div class='ocr_carea' id='block_1_93' title="bbox 330 4621 1214 4692">
    <p class='ocr_par' dir='ltr' id='par_1_93' title="bbox 330 4621 1214 4692">
     <span class='ocr_line' id='line_1_93' title="bbox 330 4621 1214 4692; baseline 0.002 -18"><span class='ocrx_word' id='word_1_685' title='bbox 330 4637 492 4686; x_wconf 78' lang='grc' dir='ltr'><strong>μασε</strong></span> <span class='ocrx_word' id='word_1_686' title='bbox 515 4622 601 4684; x_wconf 78' lang='grc' dir='ltr'><strong>δὲ,</strong></span> <span class='ocrx_word' id='word_1_687' title='bbox 622 4623 746 4674; x_wconf 76' lang='grc' dir='ltr'><strong>ἀντὶ</strong></span> <span class='ocrx_word' id='word_1_688' title='bbox 767 4621 882 4686; x_wconf 77' lang='grc' dir='ltr'><strong>τοῦ,</strong></span> <span class='ocrx_word' id='word_1_689' title='bbox 913 4623 1214 4692; x_wconf 73' lang='grc' dir='ltr'><strong>ἐκόσμησε.</strong></span> 
     </span>
    </p>
   </div>
   <div class='ocr_carea' id='block_1_94' title="bbox 331 4711 3096 4786">
    <p class='ocr_par' dir='ltr' id='par_1_94' title="bbox 331 4711 3096 4786">
     <span class='ocr_line' id='line_1_94' title="bbox 331 4711 3096 4786; baseline 0 -23"><span class='ocrx_word' id='word_1_690' title='bbox 331 4715 476 4785; x_wconf 77' lang='lat' dir='ltr'><strong>quod</strong></span> <span class='ocrx_word' id='word_1_691' title='bbox 503 4716 613 4768; x_wconf 75' lang='lat' dir='ltr'><strong>sub</strong></span> <span class='ocrx_word' id='word_1_692' title='bbox 639 4725 787 4768; x_wconf 89' lang='lat' dir='ltr'><strong>terra</strong></span> <span class='ocrx_word' id='word_1_693' title='bbox 810 4722 969 4786; x_wconf 81' lang='lat' dir='ltr'><strong>longo</strong></span> <span class='ocrx_word' id='word_1_694' title='bbox 994 4715 1281 4770; x_wconf 87' lang='lat' dir='ltr'><strong>intervallo</strong></span> <span class='ocrx_word' id='word_1_695' title='bbox 1312 4715 1583 4778; x_wconf 82' lang='lat' dir='ltr'><strong>ferantur,</strong></span> <span class='ocrx_word' id='word_1_696' title='bbox 1607 4723 1662 4769; x_wconf 91' lang='lat' dir='ltr'><strong>et</strong></span> <span class='ocrx_word' id='word_1_697' title='bbox 1692 4715 1913 4770; x_wconf 89' lang='lat' dir='ltr'><strong>tandem</strong></span> <span class='ocrx_word' id='word_1_698' title='bbox 1946 4723 2257 4786; x_wconf 78' lang='lat' dir='ltr'><strong>emergant.</strong></span> <span class='ocrx_word' id='word_1_699' title='bbox 2305 4711 2704 4768; x_wconf 83' lang='lat' dir='ltr'><strong>Admirandum</strong></span> <span class='ocrx_word' id='word_1_700' title='bbox 2749 4725 2879 4766; x_wconf 91' lang='lat' dir='ltr'><strong>vero</strong></span> <span class='ocrx_word' id='word_1_701' title='bbox 2940 4718 3028 4764; x_wconf 89' lang='lat' dir='ltr'><strong>est</strong></span> <span class='ocrx_word' id='word_1_702' title='bbox 3079 4751 3096 4776; x_wconf 92' lang='lat'><strong>,</strong></span> 
     </span>
    </p>
   </div>
   <div class='ocr_carea' id='block_1_95' title="bbox 2050 4523 3634 4597">
    <p class='ocr_par' dir='ltr' id='par_1_95' title="bbox 2050 4523 3634 4597">
     <span class='ocr_line' id='line_1_95' title="bbox 2050 4523 3634 4597; baseline -0.002 -12"><span class='ocrx_word' id='word_1_703' title='bbox 2050 4531 2127 4585; x_wconf 86' lang='lat' dir='ltr'><strong>sis</strong></span> <span class='ocrx_word' id='word_1_704' title='bbox 2155 4528 2292 4582; x_wconf 85' lang='lat' dir='ltr'><strong>locis</strong></span> <span class='ocrx_word' id='word_1_705' title='bbox 2320 4527 2515 4581; x_wconf 89' lang='lat' dir='ltr'><strong>subter</strong></span> <span class='ocrx_word' id='word_1_706' title='bbox 2549 4533 2782 4578; x_wconf 90' lang='lat' dir='ltr'><strong>currunt</strong></span> <span class='ocrx_word' id='word_1_707' title='bbox 2807 4532 2991 4593; x_wconf 87' lang='lat' dir='ltr'><strong>partes</strong></span> <span class='ocrx_word' id='word_1_708' title='bbox 3011 4523 3259 4595; x_wconf 79' lang='lat' dir='ltr'><strong>qmedam</strong></span> <span class='ocrx_word' id='word_1_709' title='bbox 3289 4527 3479 4596; x_wconf 83' lang='lat' dir='ltr'><strong>maris,</strong></span> <span class='ocrx_word' id='word_1_710' title='bbox 3495 4541 3634 4597; x_wconf 86' lang='lat' dir='ltr'><strong>quas</strong></span> 
     </span>
    </p>
   </div>
   <div class='ocr_carea' id='block_1_96' title="bbox 2053 4616 3631 4697">
    <p class='ocr_par' dir='ltr' id='par_1_96' title="bbox 2053 4616 3631 4697">
     <span class='ocr_line' id='line_1_96' title="bbox 2053 4616 3631 4697; baseline -0.003 -20"><span class='ocrx_word' id='word_1_711' title='bbox 2053 4622 2230 4677; x_wconf 85' lang='lat' dir='ltr'><strong>maria</strong></span> <span class='ocrx_word' id='word_1_712' title='bbox 2263 4619 2576 4691; x_wconf 85' lang='lat' dir='ltr'><strong>appellavit.</strong></span> <span class='ocrx_word' id='word_1_713' title='bbox 2612 4617 2689 4673; x_wconf 90' lang='lat' dir='ltr'><strong>De</strong></span> <span class='ocrx_word' id='word_1_714' title='bbox 2718 4616 3041 4672; x_wconf 82' lang='lat' dir='ltr'><strong>ﬂuminibus</strong></span> <span class='ocrx_word' id='word_1_715' title='bbox 3075 4617 3484 4687; x_wconf 81' lang='lat' dir='ltr'><strong>apertissimum</strong></span> <span class='ocrx_word' id='word_1_716' title='bbox 3521 4630 3631 4697; x_wconf 56' lang='grc' dir='ltr'><strong>εει,</strong></span> 
     </span>
    </p>
   </div>
   <div class='ocr_carea' id='block_1_97' title="bbox 3189 4713 3631 4781">
    <p class='ocr_par' dir='ltr' id='par_1_97' title="bbox 3189 4713 3631 4781">
     <span class='ocr_line' id='line_1_97' title="bbox 3189 4713 3631 4781; baseline 0.007 -16"><span class='ocrx_word' id='word_1_717' title='bbox 3189 4713 3471 4781; x_wconf 89' lang='lat' dir='ltr'><strong>quomodo</strong></span> <span class='ocrx_word' id='word_1_718' title='bbox 3521 4729 3631 4770; x_wconf 89' lang='lat' dir='ltr'><strong>n0n</strong></span> 
     </span>
    </p>
   </div>
   <div class='ocr_carea' id='block_1_98' title="bbox 334 4807 3634 4884">
    <p class='ocr_par' dir='ltr' id='par_1_98' title="bbox 334 4807 3634 4884">
     <span class='ocr_line' id='line_1_98' title="bbox 334 4807 3634 4884; baseline -0.001 -18"><span class='ocrx_word' id='word_1_719' title='bbox 334 4814 669 4870; x_wconf 78' lang='lat' dir='ltr'><strong>consideant</strong></span> <span class='ocrx_word' id='word_1_720' title='bbox 703 4823 852 4868; x_wconf 81' lang='lat' dir='ltr'><strong>tanta</strong></span> <span class='ocrx_word' id='word_1_721' title='bbox 885 4823 1048 4870; x_wconf 65' lang='lat' dir='ltr'><strong>terrae</strong></span> <span class='ocrx_word' id='word_1_722' title='bbox 1073 4814 1558 4884; x_wconf 86' lang='lat' dir='ltr'><strong>pondera.0mues</strong></span> <span class='ocrx_word' id='word_1_723' title='bbox 1589 4814 1736 4867; x_wconf 84' lang='lat' dir='ltr'><strong>enim</strong></span> <span class='ocrx_word' id='word_1_724' title='bbox 1768 4824 1986 4869; x_wconf 87' lang='lat' dir='ltr'><strong>montes</strong></span> <span class='ocrx_word' id='word_1_725' title='bbox 2017 4815 2072 4869; x_wconf 89' lang='lat' dir='ltr'><strong>in</strong></span> <span class='ocrx_word' id='word_1_726' title='bbox 2109 4810 2431 4882; x_wconf 86' lang='lat' dir='ltr'><strong>hujusmodi</strong></span> <span class='ocrx_word' id='word_1_727' title='bbox 2489 4809 2648 4878; x_wconf 87' lang='lat' dir='ltr'><strong>aquis</strong></span> <span class='ocrx_word' id='word_1_728' title='bbox 2707 4807 2934 4864; x_wconf 85' lang='lat' dir='ltr'><strong>stabiliti</strong></span> <span class='ocrx_word' id='word_1_729' title='bbox 3007 4816 3178 4875; x_wconf 87' lang='lat' dir='ltr'><strong>sunt,</strong></span> <span class='ocrx_word' id='word_1_730' title='bbox 3226 4818 3280 4864; x_wconf 91' lang='lat' dir='ltr'><strong>et</strong></span> <span class='ocrx_word' id='word_1_731' title='bbox 3344 4818 3526 4865; x_wconf 89' lang='lat' dir='ltr'><strong>tamen</strong></span> <span class='ocrx_word' id='word_1_732' title='bbox 3580 4811 3634 4865; x_wconf 87' lang='lat' dir='ltr'><strong>in</strong></span> 
     </span>
    </p>
   </div>
   <div class='ocr_carea' id='block_1_99' title="bbox 340 4902 3494 4976">
    <p class='ocr_par' dir='ltr' id='par_1_99' title="bbox 340 4902 3494 4976">
     <span class='ocr_line' id='line_1_99' title="bbox 340 4902 3494 4976; baseline -0 -17"><span class='ocrx_word' id='word_1_733' title='bbox 340 4909 421 4962; x_wconf 80' lang='lat' dir='ltr'><strong>his</strong></span> <span class='ocrx_word' id='word_1_734' title='bbox 452 4907 685 4962; x_wconf 76' lang='lat' dir='ltr'><strong>fundata</strong></span> <span class='ocrx_word' id='word_1_735' title='bbox 724 4917 1004 4976; x_wconf 87' lang='lat' dir='ltr'><strong>permanet</strong></span> <span class='ocrx_word' id='word_1_736' title='bbox 1034 4917 1178 4962; x_wconf 87' lang='lat' dir='ltr'><strong>terra</strong></span> <span class='ocrx_word' id='word_1_737' title='bbox 1205 4907 1322 4964; x_wconf 83' lang='lat' dir='ltr'><strong>solo</strong></span> <span class='ocrx_word' id='word_1_738' title='bbox 1353 4906 1603 4962; x_wconf 78' lang='lat' dir='ltr'><strong>Factoris</strong></span> <span class='ocrx_word' id='word_1_739' title='bbox 1644 4907 1728 4961; x_wconf 93' lang='lat' dir='ltr'><strong>sui</strong></span> <span class='ocrx_word' id='word_1_740' title='bbox 1761 4911 2022 4964; x_wconf 87' lang='lat' dir='ltr'><strong>mandato</strong></span> <span class='ocrx_word' id='word_1_741' title='bbox 2058 4916 2336 4963; x_wconf 87' lang='lat' dir='ltr'><strong>contenta.</strong></span> <span class='ocrx_word' id='word_1_742' title='bbox 2373 4902 2710 4969; x_wconf 69' lang='lat' dir='ltr'><strong>Prwparavit</strong></span> <span class='ocrx_word' id='word_1_743' title='bbox 2743 4910 2952 4968; x_wconf 82' lang='lat' dir='ltr'><strong>autem,</strong></span> <span class='ocrx_word' id='word_1_744' title='bbox 2980 4903 3084 4958; x_wconf 88' lang='lat' dir='ltr'><strong>hoc</strong></span> <span class='ocrx_word' id='word_1_745' title='bbox 3117 4911 3224 4970; x_wconf 88' lang='lat' dir='ltr'><strong>est,</strong></span> <span class='ocrx_word' id='word_1_746' title='bbox 3255 4903 3494 4958; x_wconf 82' lang='lat' dir='ltr'><strong>ornavit.</strong></span> 
     </span>
    </p>
   </div>
   <div class='ocr_carea' id='block_1_100' title="bbox 417 5002 1938 5090">
    <p class='ocr_par' dir='ltr' id='par_1_100' title="bbox 417 5002 1938 5090">
     <span class='ocr_line' id='line_1_100' title="bbox 417 5002 1938 5090; baseline -0.001 -31"><span class='ocrx_word' id='word_1_747' title='bbox 417 5008 517 5071; x_wconf 83' lang='grc' dir='ltr'><strong>Τίς</strong></span> <span class='ocrx_word' id='word_1_748' title='bbox 550 5004 930 5073; x_wconf 74' lang='grc' dir='ltr'><strong>ἀναϐήσεται</strong></span> <span class='ocrx_word' id='word_1_749' title='bbox 981 5005 1068 5069; x_wconf 81' lang='grc' dir='ltr'><strong>εὶς</strong></span> <span class='ocrx_word' id='word_1_750' title='bbox 1107 5002 1176 5056; x_wconf 81' lang='grc' dir='ltr'><strong>τὸ</strong></span> <span class='ocrx_word' id='word_1_751' title='bbox 1229 5002 1368 5072; x_wconf 82' lang='grc' dir='ltr'><strong>ὄρος</strong></span> <span class='ocrx_word' id='word_1_752' title='bbox 1420 5005 1646 5072; x_wconf 75' lang='grc' dir='ltr'><strong>Κυρίου</strong></span> <span class='ocrx_word' id='word_1_753' title='bbox 1679 5003 1786 5090; x_wconf 46' lang='lat' dir='ltr'><strong>Li)</strong></span> <span class='ocrx_word' id='word_1_754' title='bbox 1849 5006 1938 5071; x_wconf 78' lang='grc' dir='ltr'><strong>τίς</strong></span> 
     </span>
    </p>
   </div>
   <div class='ocr_carea' id='block_1_101' title="bbox 331 5096 1942 5168">
    <p class='ocr_par' dir='ltr' id='par_1_101' title="bbox 331 5096 1942 5168">
     <span class='ocr_line' id='line_1_101' title="bbox 331 5096 1942 5168; baseline -0.004 -11"><span class='ocrx_word' id='word_1_755' title='bbox 331 5101 632 5168; x_wconf 79' lang='grc' dir='ltr'><strong>στήσεται</strong></span> <span class='ocrx_word' id='word_1_756' title='bbox 675 5100 748 5152; x_wconf 74' lang='grc' dir='ltr'><strong>ἐν</strong></span> <span class='ocrx_word' id='word_1_757' title='bbox 777 5096 941 5164; x_wconf 81' lang='grc' dir='ltr'><strong>τόπῳ</strong></span> <span class='ocrx_word' id='word_1_758' title='bbox 973 5096 1120 5166; x_wconf 75' lang='grc' dir='ltr'><strong>ἁγιῳ</strong></span> <span class='ocrx_word' id='word_1_759' title='bbox 1164 5096 1355 5150; x_wconf 83' lang='grc' dir='ltr'><strong>αὑτοῦ</strong></span> <span class='ocrx_word' id='word_1_760' title='bbox 1393 5113 1413 5162; x_wconf 90' lang='lat'><strong><em>;</em></strong></span> <span class='ocrx_word' id='word_1_761' title='bbox 1458 5096 1635 5151; x_wconf 80' lang='grc' dir='ltr'><strong>Τοῦτο</strong></span> <span class='ocrx_word' id='word_1_762' title='bbox 1673 5099 1803 5168; x_wconf 78' lang='grc' dir='ltr'><strong>περὶ</strong></span> <span class='ocrx_word' id='word_1_763' title='bbox 1833 5097 1942 5150; x_wconf 89' lang='grc' dir='ltr'><strong>τῶν</strong></span> 
     </span>
    </p>
   </div>
   <div class='ocr_carea' id='block_1_102' title="bbox 2118 4995 3637 5064">
    <p class='ocr_par' dir='ltr' id='par_1_102' title="bbox 2118 4995 3637 5064">
     <span class='ocr_line' id='line_1_102' title="bbox 2118 4995 3637 5064; baseline -0.006 -8"><span class='ocrx_word' id='word_1_764' title='bbox 2118 5000 2287 5056; x_wconf 67' lang='lat' dir='ltr'><strong>Vens.</strong></span> <span class='ocrx_word' id='word_1_765' title='bbox 2333 5000 2388 5055; x_wconf 77' lang='grc'><strong>5.</strong></span> <span class='ocrx_word' id='word_1_766' title='bbox 2442 4996 2571 5064; x_wconf 83' lang='lat' dir='ltr'><strong>Quis</strong></span> <span class='ocrx_word' id='word_1_767' title='bbox 2603 4998 2849 5052; x_wconf 81' lang='lat' dir='ltr'><strong>ascendet</strong></span> <span class='ocrx_word' id='word_1_768' title='bbox 2883 4997 2936 5050; x_wconf 87' lang='lat' dir='ltr'><strong>in</strong></span> <span class='ocrx_word' id='word_1_769' title='bbox 2994 5004 3222 5051; x_wconf 81' lang='lat' dir='ltr'><strong>montem</strong></span> <span class='ocrx_word' id='word_1_770' title='bbox 3255 4995 3494 5062; x_wconf 84' lang='lat' dir='ltr'><strong>Domini,</strong></span> <span class='ocrx_word' id='word_1_771' title='bbox 3543 4999 3637 5050; x_wconf 74' lang='lat' dir='ltr'><strong>aut</strong></span> 
     </span>
    </p>
   </div>
   <div class='ocr_carea' id='block_1_103' title="bbox 2041 5085 3635 5168">
    <p class='ocr_par' dir='ltr' id='par_1_103' title="bbox 2041 5085 3635 5168">
     <span class='ocr_line' id='line_1_103' title="bbox 2041 5085 3635 5168; baseline -0.008 -17"><span class='ocrx_word' id='word_1_772' title='bbox 2041 5099 2158 5168; x_wconf 79' lang='lat' dir='ltr'><strong>quis</strong></span> <span class='ocrx_word' id='word_1_773' title='bbox 2207 5093 2371 5150; x_wconf 83' lang='lat' dir='ltr'><strong>stabit</strong></span> <span class='ocrx_word' id='word_1_774' title='bbox 2419 5093 2473 5144; x_wconf 87' lang='lat' dir='ltr'><strong>in</strong></span> <span class='ocrx_word' id='word_1_775' title='bbox 2511 5092 2626 5145; x_wconf 83' lang='lat' dir='ltr'><strong>loco</strong></span> <span class='ocrx_word' id='word_1_776' title='bbox 2657 5099 2840 5143; x_wconf 84' lang='lat' dir='ltr'><strong>sancto</strong></span> <span class='ocrx_word' id='word_1_777' title='bbox 2881 5089 3048 5158; x_wconf 84' lang='lat' dir='ltr'><strong>ejus.’</strong></span> <span class='ocrx_word' id='word_1_778' title='bbox 3084 5088 3199 5143; x_wconf 82' lang='lat' dir='ltr'><strong>Hoc</strong></span> <span class='ocrx_word' id='word_1_779' title='bbox 3246 5091 3316 5144; x_wconf 89' lang='lat' dir='ltr'><strong>de</strong></span> <span class='ocrx_word' id='word_1_780' title='bbox 3370 5085 3635 5144; x_wconf 82' lang='lat' dir='ltr'><strong>sacerdo-</strong></span> 
     </span>
    </p>
   </div>
   <div class='ocr_carea' id='block_1_104' title="bbox 335 5179 1922 5269">
    <p class='ocr_par' dir='ltr' id='par_1_104' title="bbox 335 5187 1922 5269">
     <span class='ocr_line' id='line_1_104' title="bbox 335 5187 1922 5269; baseline -0.008 -19"><span class='ocrx_word' id='word_1_781' title='bbox 335 5198 568 5269; x_wconf 79' lang='grc' dir='ltr'><strong>ἱερέων,</strong></span> <span class='ocrx_word' id='word_1_782' title='bbox 632 5189 816 5266; x_wconf 81' lang='grc' dir='ltr'><strong>οἶμαι,</strong></span> <span class='ocrx_word' id='word_1_783' title='bbox 887 5189 1349 5262; x_wconf 81' lang='grc' dir='ltr'><strong>προσηγόρευται,</strong></span> <span class='ocrx_word' id='word_1_784' title='bbox 1411 5187 1742 5258; x_wconf 79' lang='grc' dir='ltr'><strong>διαγράφων</strong></span> <span class='ocrx_word' id='word_1_785' title='bbox 1797 5189 1922 5241; x_wconf 59' lang='grc' dir='ltr'><strong>οἵους</strong></span> 
     </span>
    </p>
   </div>
   <div class='ocr_carea' id='block_1_105' title="bbox 2025 5179 3634 5269">
    <p class='ocr_par' dir='ltr' id='par_1_105' title="bbox 2045 5179 3634 5256">
     <span class='ocr_line' id='line_1_105' title="bbox 2045 5179 3634 5256; baseline -0.008 -12"><span class='ocrx_word' id='word_1_786' title='bbox 2045 5191 2192 5244; x_wconf 90' lang='lat' dir='ltr'><strong>tibus</strong></span> <span class='ocrx_word' id='word_1_787' title='bbox 2219 5195 2350 5256; x_wconf 82' lang='lat' dir='ltr'><strong>puto</strong></span> <span class='ocrx_word' id='word_1_788' title='bbox 2378 5184 2702 5255; x_wconf 70' lang='lat' dir='ltr'><strong>praedictum</strong></span> <span class='ocrx_word' id='word_1_789' title='bbox 2740 5182 2932 5243; x_wconf 82' lang='lat' dir='ltr'><strong>fuisse,</strong></span> <span class='ocrx_word' id='word_1_790' title='bbox 2959 5189 3020 5236; x_wconf 89' lang='lat' dir='ltr'><strong>ut</strong></span> <span class='ocrx_word' id='word_1_791' title='bbox 3052 5181 3415 5244; x_wconf 84' lang='lat' dir='ltr'><strong>describeret,</strong></span> <span class='ocrx_word' id='word_1_792' title='bbox 3440 5179 3634 5249; x_wconf 67' lang='lat' dir='ltr'><strong>quali-5</strong></span> 
     </span>
    </p>
   </div>
   <div class='ocr_carea' id='block_1_106' title="bbox 339 5267 1922 5357">
    <p class='ocr_par' dir='ltr' id='par_1_106' title="bbox 339 5267 1922 5357">
     <span class='ocr_line' id='line_1_106' title="bbox 339 5267 1922 5357; baseline -0.007 -13"><span class='ocrx_word' id='word_1_793' title='bbox 339 5267 537 5354; x_wconf 51' lang='grc' dir='ltr'><strong>αὖτοὺς</strong></span> <span class='ocrx_word' id='word_1_794' title='bbox 583 5284 726 5344; x_wconf 81' lang='grc' dir='ltr'><strong>εἶναι</strong></span> <span class='ocrx_word' id='word_1_795' title='bbox 787 5283 923 5357; x_wconf 78' lang='grc' dir='ltr'><strong>χρή.</strong></span> <span class='ocrx_word' id='word_1_796' title='bbox 980 5282 1093 5335; x_wconf 75' lang='grc' dir='ltr'><strong>Καὶ</strong></span> <span class='ocrx_word' id='word_1_797' title='bbox 1133 5269 1260 5350; x_wconf 73' lang='grc' dir='ltr'><strong>ὅρος</strong></span> <span class='ocrx_word' id='word_1_798' title='bbox 1319 5280 1526 5352; x_wconf 75' lang='grc' dir='ltr'>Κυρίου</span> <span class='ocrx_word' id='word_1_799' title='bbox 1576 5281 1795 5351; x_wconf 77' lang='grc' dir='ltr'><strong>νοήσεις</strong></span> <span class='ocrx_word' id='word_1_800' title='bbox 1852 5281 1922 5333; x_wconf 63' lang='grc' dir='ltr'><strong>τδε</strong></span> 
     </span>
    </p>
   </div>
   <div class='ocr_carea' id='block_1_107' title="bbox 2025 5267 3630 5357">
    <p class='ocr_par' dir='ltr' id='par_1_107' title="bbox 2047 5267 3630 5346">
     <span class='ocr_line' id='line_1_107' title="bbox 2047 5267 3630 5346; baseline -0.01 -11"><span class='ocrx_word' id='word_1_801' title='bbox 2047 5295 2142 5335; x_wconf 88' lang='lat' dir='ltr'><strong>eos</strong></span> <span class='ocrx_word' id='word_1_802' title='bbox 2194 5293 2320 5334; x_wconf 87' lang='lat' dir='ltr'><strong>esse</strong></span> <span class='ocrx_word' id='word_1_803' title='bbox 2375 5283 2678 5346; x_wconf 88' lang='lat' dir='ltr'><strong>oporteret.</strong></span> <span class='ocrx_word' id='word_1_804' title='bbox 2740 5273 2844 5328; x_wconf 85' lang='lat' dir='ltr'><strong>Per</strong></span> <span class='ocrx_word' id='word_1_805' title='bbox 2899 5279 3146 5327; x_wconf 90' lang='lat' dir='ltr'><strong>montem</strong></span> <span class='ocrx_word' id='word_1_806' title='bbox 3212 5284 3340 5324; x_wconf 80' lang='lat' dir='ltr'><strong>vero</strong></span> <span class='ocrx_word' id='word_1_807' title='bbox 3389 5267 3630 5329; x_wconf 78' lang='lat' dir='ltr'><strong>Domini.</strong></span> 
     </span>
    </p>
   </div>
   <div class='ocr_carea' id='block_1_108' title="bbox 340 5371 1946 5444">
    <p class='ocr_par' dir='ltr' id='par_1_108' title="bbox 340 5371 1946 5444">
     <span class='ocr_line' id='line_1_108' title="bbox 340 5371 1946 5444; baseline -0.008 -8"><span class='ocrx_word' id='word_1_808' title='bbox 340 5383 620 5438; x_wconf 71' lang='grc' dir='ltr'><strong>καθολικὸν</strong></span> <span class='ocrx_word' id='word_1_809' title='bbox 696 5381 944 5435; x_wconf 76' lang='grc' dir='ltr'><strong>ἕκαστον</strong></span> <span class='ocrx_word' id='word_1_810' title='bbox 1005 5374 1165 5436; x_wconf 74' lang='grc' dir='ltr'><strong>ναὸν,</strong></span> <span class='ocrx_word' id='word_1_811' title='bbox 1222 5372 1315 5425; x_wconf 75' lang='grc' dir='ltr'><strong>διὰ</strong></span> <span class='ocrx_word' id='word_1_812' title='bbox 1368 5373 1430 5425; x_wconf 76' lang='grc' dir='ltr'><strong>τὸ</strong></span> <span class='ocrx_word' id='word_1_813' title='bbox 1490 5371 1946 5444; x_wconf 74' lang='grc' dir='ltr'><strong>ὑπερανεστηκὸς</strong></span> 
     </span>
    </p>
   </div>
   <div class='ocr_carea' id='block_1_109' title="bbox 401 5507 1487 5582">
    <p class='ocr_par' dir='ltr' id='par_1_109' title="bbox 401 5507 1487 5582">
     <span class='ocr_line' id='line_1_109' title="bbox 401 5507 1487 5582; baseline -0.011 -9"><span class='ocrx_word' id='word_1_814' title='bbox 401 5524 653 5582; x_wconf 65' lang='lat' dir='ltr'><strong>&quot;Manu,</strong></span> <span class='ocrx_word' id='word_1_815' title='bbox 686 5529 902 5576; x_wconf 63' lang='lat' dir='ltr'><strong>xxvm,</strong></span> <span class='ocrx_word' id='word_1_816' title='bbox 946 5511 1035 5564; x_wconf 74' lang='grc'><strong>18.</strong></span> <span class='ocrx_word' id='word_1_817' title='bbox 1111 5510 1154 5541; x_wconf 69' lang='lat'><strong>9’</strong></span> <span class='ocrx_word' id='word_1_818' title='bbox 1183 5507 1318 5562; x_wconf 72' lang='lat' dir='ltr'><strong>Cen.</strong></span> <span class='ocrx_word' id='word_1_819' title='bbox 1360 5526 1396 5567; x_wconf 83' lang='lat' dir='ltr'><strong>i,</strong></span> <span class='ocrx_word' id='word_1_820' title='bbox 1433 5509 1487 5563; x_wconf 79' lang='lat'><strong>&#39;2.</strong></span> 
     </span>
    </p>
   </div>
   <div class='ocr_carea' id='block_1_110' title="bbox 1562 5507 1977 5578">
    <p class='ocr_par' dir='ltr' id='par_1_110' title="bbox 1562 5507 1977 5578">
     <span class='ocr_line' id='line_1_110' title="bbox 1562 5507 1977 5578; baseline 0 -18"><span class='ocrx_word' id='word_1_821' title='bbox 1562 5511 1580 5538; x_wconf 75' lang='grc'><strong>’¹</strong></span> <span class='ocrx_word' id='word_1_822' title='bbox 1615 5507 1776 5563; x_wconf 77' lang='lat' dir='ltr'><strong>Joun.</strong></span> <span class='ocrx_word' id='word_1_823' title='bbox 1831 5525 1868 5578; x_wconf 80' lang='grc' dir='ltr'><strong>ι,</strong></span> <span class='ocrx_word' id='word_1_824' title='bbox 1925 5508 1977 5561; x_wconf 81' lang='grc'><strong>5.</strong></span> 
     </span>
    </p>
   </div>
   <div class='ocr_carea' id='block_1_111' title="bbox 2049 5359 3634 5441">
    <p class='ocr_par' dir='ltr' id='par_1_111' title="bbox 2049 5359 3634 5441">
     <span class='ocr_line' id='line_1_111' title="bbox 2049 5359 3634 5441; baseline -0.011 -14"><span class='ocrx_word' id='word_1_825' title='bbox 2049 5386 2342 5428; x_wconf 88' lang='lat' dir='ltr'><strong>commune</strong></span> <span class='ocrx_word' id='word_1_826' title='bbox 2381 5369 2685 5439; x_wconf 79' lang='lat' dir='ltr'><strong>unicuique</strong></span> <span class='ocrx_word' id='word_1_827' title='bbox 2717 5366 2979 5436; x_wconf 89' lang='lat' dir='ltr'><strong>templum</strong></span> <span class='ocrx_word' id='word_1_828' title='bbox 3013 5362 3311 5441; x_wconf 75' lang='lat' dir='ltr'><strong>intelligas,</strong></span> <span class='ocrx_word' id='word_1_829' title='bbox 3351 5359 3425 5414; x_wconf 88' lang='lat' dir='ltr'><strong>ob</strong></span> <span class='ocrx_word' id='word_1_830' title='bbox 3477 5374 3634 5414; x_wconf 75' lang='lat' dir='ltr'><strong>sun:-</strong></span> 
     </span>
    </p>
   </div>
   <div class='ocr_carea' id='block_1_112' title="bbox 1723 5645 2296 5709">
    <p class='ocr_par' dir='ltr' id='par_1_112' title="bbox 1723 5645 2296 5709">
     <span class='ocr_line' id='line_1_112' title="bbox 1723 5645 2296 5709; baseline -0.005 -3"><span class='ocrx_word' id='word_1_831' title='bbox 1723 5647 1924 5707; x_wconf 76' lang='lat' dir='ltr'><strong>Variw</strong></span> <span class='ocrx_word' id='word_1_832' title='bbox 1962 5645 2296 5709; x_wconf 74' lang='lat' dir='ltr'><strong>lectiones.</strong></span> 
     </span>
    </p>
   </div>
   <div class='ocr_carea' id='block_1_113' title="bbox 357 5751 1224 5858">
    <p class='ocr_par' dir='ltr' id='par_1_113' title="bbox 357 5751 1224 5858">
     <span class='ocr_line' id='line_1_113' title="bbox 357 5751 1224 5858; baseline -0.046 -18"><span class='ocrx_word' id='word_1_833' title='bbox 357 5785 462 5858; x_wconf 75' lang='lat'><strong>(3‘))</strong></span> <span class='ocrx_word' id='word_1_834' title='bbox 493 5777 731 5835; x_wconf 74' lang='lat' dir='ltr'><strong>Mallem</strong></span> <span class='ocrx_word' id='word_1_835' title='bbox 785 5751 1224 5858; x_wconf 40' lang='grc' dir='ltr'><strong>φαραγγιὲθεσι.</strong></span> 
     </span>
    </p>
   </div>
   <div class='ocr_carea' id='block_1_114' title="bbox 470 5845 1375 5944">
    <p class='ocr_par' dir='ltr' id='par_1_114' title="bbox 470 5845 1375 5944">
     <span class='ocr_line' id='line_1_114' title="bbox 470 5845 1375 5944; baseline -0.004 -36"><span class='ocrx_word' id='word_1_836' title='bbox 470 5882 792 5944; x_wconf 50' lang='lat' dir='ltr'><strong>“Tum,</strong></span> <span class='ocrx_word' id='word_1_837' title='bbox 858 5851 998 5914; x_wconf 64' lang='lat' dir='ltr'><strong>un.</strong></span> <span class='ocrx_word' id='word_1_838' title='bbox 1048 5845 1375 5906; x_wconf 76' lang='lat' dir='ltr'><strong>cxxvut.</strong></span> 
     </span>
    </p>
   </div>
   <div class='ocr_carea' id='block_1_115' title="bbox 3159 5815 3231 5879">
    <p class='ocr_par' dir='ltr' id='par_1_115' title="bbox 3159 5815 3231 5879">
     <span class='ocr_line' id='line_1_115' title="bbox 3159 5815 3231 5879; baseline -0.028 0"><span class='ocrx_word' id='word_1_839' title='bbox 3159 5815 3231 5879; x_wconf 84' lang='lat'><strong>10</strong></span> 
     </span>
    </p>
   </div>
  </div>
