4078 6450
399 508 508 572 315

1636 468 2022 573 EUTHYMII
2063 512 2426 573 ZlGABENI

3562 511 3669 575 316

400 621 706 677 innocentia
752 637 868 674 mea
903 621 1171 690 ingressus
1200 636 1340 674 sum.
1381 619 1622 674 Tametsi
1665 621 1874 686 omnia,
1903 621 1988 674 in-

2109 621 2332 688 >εὐθην.
2361 624 2580 694 Κρῐνον,
2613 624 2784 693 ἤγουν
2815 623 3068 688 ἐξέτασον
3113 624 3215 684 ἔτι,
3265 627 3445 678 καίτοι
3484 629 3672 696 πρόει-

403 725 545 784 qutt,
573 713 816 780 noveris,
846 713 1034 781 judica
1065 713 1200 767 mihi
1232 719 1416 766 tameu
1441 712 1623 767 adhuc
1647 713 1821 783 magis
1849 729 1862 766 :
1887 712 1991 765 hoc

2109 712 2196 775 Ξὼς
2230 716 2448 768 ἅπαντα
2470 732 2482 744 ·
2533 714 2722 786 θαρῤὦ
2761 716 2890 786 γὰρ,
2949 717 3033 770 ὅτι
3063 716 3177 783 ἐγὼ
3211 717 3269 768 ἐν
3324 718 3531 788 ἀκακία
3567 737 3671 788 μου

408 819 514 875 est,
544 808 794 864 examina
846 822 1072 861 causam
1119 822 1319 861 meam.
1353 805 1411 860 ln
1449 808 1552 860 hoc
1574 807 1718 860 enim
1755 804 1990 869 conﬁdo,

407 901 552 971 quod
587 901 859 956 hactenus
885 901 941 955 in
969 900 1280 955 innocentia
1315 914 1434 954 mea
1471 905 1833 954 conversatus
1864 897 1988 951 sim.

2092 805 2434 874 ἐνεστράφην
2485 806 2614 875 ἄχρι
2646 806 2765 860 νῦν.
2812 807 3082 861 ’Λκακίαν
3121 809 3182 862 δὲ
3236 808 3387 876 λέγει
3424 809 3523 879 τὴν
3557 811 3682 863 ἀνι-

2093 899 2345 964 ξικακίαν
2376 903 2472 953 καὶ
2531 899 2938 971 μακροθυμίαν.
2969 900 3150 953 Πολλὰ
3185 900 3316 970 γὰρ,
3345 903 3533 972 φησιν,
3583 903 3680 954 ἐπὶ

405 992 902 1052 Perinnocentiam
929 1007 1062 1048 vero
1084 993 1551 1060 longanimitatem
1587 1006 1650 1045 ac
1671 989 1989 1060 patientiam

2109 989 2186 1042 τοῦ
2225 991 2398 1045 Σαοὺλ
2426 990 2726 1061 ἀδικηθεὶς,
2756 991 2910 1045 οὐδὲν
2959 992 3109 1061 αὐτῷ
3143 992 3531 1056 ἀνταπέδωκα,
3557 993 3682 1046 καί-

408 1103 567 1141 suam
602 1086 882 1157 intelligit.
913 1085 1096 1140 Multis
1126 1085 1270 1139 enim
1301 1084 1520 1152 injuriis
1549 1082 1774 1138 aﬂ'ectus
1798 1098 1918 1138 sum
1961 1097 1991 1136 a

406 1177 563 1242 Saul,
597 1188 652 1232 et
698 1188 876 1232 tamen
919 1177 1177 1244 injuriam
1215 1176 1267 1229 in
1306 1177 1516 1231 nullum
1554 1176 1739 1241 retuli,
1771 1175 1992 1230 tametsi

408 1273 614 1342 saepius
653 1269 952 1341 potuerim,
977 1267 1440 1338 quemadmodum
1471 1282 1536 1322 ex
1575 1265 1784 1336 Regum
1819 1264 1992 1320 histo-

321 1393 328 1401 -
407 1364 493 1418 ria
534 1363 852 1432 perspicere
881 1361 1035 1415 licet.

480 1455 551 1510 Et
569 1456 622 1510 in
648 1454 876 1509 Domino
895 1469 1131 1521 sperans,
1155 1469 1258 1508 non
1283 1452 1619 1522 inﬁrmabor.
1655 1451 1722 1506 Et
1747 1464 1999 1520 sperans,

412 1549 617 1618 inquit,
650 1547 977 1608 iuDomino,
1008 1546 1077 1601 ab
1112 1545 1214 1600 hac
1243 1545 1512 1600 sententia
1551 1558 1663 1596 non
1703 1541 1950 1596 decidam
1982 1557 1995 1591 :

414 1640 985 1708 quinimoinvalescet
1004 1652 1222 1707 semper
1251 1637 1444 1708 magis,
1483 1651 1549 1690 ac
1576 1633 1998 1690 conﬁrmabitur

2097 1099 2182 1133 τοι
2211 1081 2531 1152 δυνάμενος.
2571 1084 2762 1136 Ἔστιν
2794 1082 2884 1136 ὅτε
2933 1082 3029 1138 καὶ
3052 1085 3086 1154 ἡ
3120 1083 3231 1137 τῶν
3259 1083 3559 1138 Βασιλειῶν
3590 1087 3682 1138 ἁν-

2098 1173 2163 1240 ἐγ
2172 1173 2342 1243 ραψεν
2383 1174 2591 1244 βίϐλος.

2178 1443 2306 1498 Ἐπὶ
2339 1444 2420 1508 τῷ
2448 1445 2644 1514 Κυρίῳ
2676 1445 2954 1511 ἐλπίζων,
2986 1437 3060 1500 οὗ
3087 1445 3174 1515 μὴ
3202 1443 3544 1512 ἀσθενήσω.
3574 1447 3686 1500 Καὶ

2103 1535 2340 1601 ἱλπίζων
2357 1537 2449 1589 ἐπὶ
2471 1535 2548 1606 τῷ
2565 1537 2705 1608 Θεῷ,
2733 1538 2794 1590 οὐ
2815 1539 2890 1607 μὴ
2917 1537 3214 1592 καταπέσω
3238 1537 3316 1607 τῷ
3347 1539 3685 1610 φρονήματι,

2077 1663 2080 1666 ~
2100 1627 2457 1698 ρωννυομένῳ
2473 1629 2590 1692 ταῖς
2629 1628 2713 1692 εἰς
2729 1627 2892 1682 αὐτὸν
2918 1627 3122 1682 ἐλπίσι.
3156 1628 3300 1700 Πρὸς
3312 1629 3438 1693 τοὺς
3457 1628 3693 1700 ἐχθροὺς

411 1733 529 1787 bare
560 1747 677 1786 mea
705 1729 914 1800 Opinio,
950 1731 1022 1785 ob
1055 1745 1327 1786 summam
1371 1743 1522 1798 spem
1551 1770 1566 1796 ,
1598 1742 1762 1798 quam
1794 1729 1847 1782 in
1878 1729 1997 1800 ipso

2109 1711 2252 1783 δῖἰτος
2277 1720 2306 1770 ὁ
2331 1718 2510 1789 λόγος.

410 1824 606 1879 habeo.
642 1823 769 1878 Haec
793 1832 976 1877 autem
1001 1823 1171 1878 verba
1197 1823 1265 1879 ad
1304 1823 1562 1876 inimicos
1587 1821 1921 1894 diriguntur.

483 1915 651 1972 Vsus.
685 1917 742 1970 2.
788 1915 965 1970 Proba
1011 1932 1114 1980 me,
1145 1925 1194 1970 et
1228 1924 1371 1970 tenta
1411 1931 1510 1969 me.
1545 1913 1689 1976 Non,
1739 1924 1797 1969 ut
1826 1907 2002 1970 extolé

411 2010 536 2063 lens
560 2024 642 2071 se.
675 2009 780 2062 hoc
805 2008 964 2074 dicit,
992 2009 1088 2063 sed
1120 2008 1288 2064 veluti
1321 2009 1430 2063 duo
1449 2008 1564 2062 haec
1594 2015 2000 2077 rogans,atque

411 2099 736 2163 obsecrans,
763 2100 984 2168 probari
1014 2100 1274 2154 nimirum
1309 2101 1377 2157 de
1408 2100 1702 2168 prteteritis
1731 2101 1855 2154 vitae
1887 2115 2002 2156 suae

413 2191 748 2256 actionibus,
811 2190 916 2246 hoc
953 2203 1059 2256 est,
1095 2193 1400 2247 examinari
1454 2201 1509 2248 et
1555 2193 1772 2262 exquiri
1813 2207 2004 2246 earum

412 2282 690 2336 rationem
733 2298 748 2347 ;
801 2292 854 2336 et
890 2284 1114 2348 tentari,
1168 2283 1274 2336 boc
1307 2292 1412 2343 est.
1457 2285 1894 2352 experimentum
1936 2285 2007 2339 ab

410 2387 477 2426 eo
517 2371 660 2426 sumi
689 2370 744 2425 in
773 2371 1043 2433 futurum,
1077 2387 1146 2427 an
1174 2373 1247 2427 ita
1281 2387 1339 2428 se
1374 2373 1838 2443 gesturus-sit,ut
1869 2374 2001 2429 olim

417 2472 688 2534 gesserat.

491 2554 597 2610 Ure
620 2573 768 2610 renes
789 2573 950 2619 meos,
988 2568 1038 2612 et
1069 2573 1162 2612 cor
1185 2574 1377 2612 meum.
1400 2558 1582 2614 Renes
1602 2559 2006 2629 concupiscen-

2170 1902 2653 1972 Δοκίμασόν-με,
2703 1901 2904 1970 Κύριε,
2961 1899 3059 1956 καὶ
3107 1903 3406 1971 πείρασόν
3449 1902 3696 1973 με.οὑκ

2105 1995 2467 2067 ἐπαιρόμενος
2508 1993 2686 2049 ταῦτά
2747 2011 2950 2064 φησιν,
2989 1994 3128 2048 ἀλλὰ
3157 1995 3496 2067 παρακαλῶν
3543 1995 3696 2048 δοκι-

2110 2088 2386 2159 μασθῆναι
2425 2087 2545 2158 μὲν,
2571 2089 2850 2140 τουτέστιν
2881 2087 3247 2156 ἐξετασθῆναι
3276 2088 3372 2140 ἐπὶ
3401 2086 3516 2148 τοῖς
3552 2101 3695 2154 προ-

2105 2179 2332 2234 λαϐοῦσι
2358 2195 2370 2208 ·
2429 2180 2804 2250 πειρασθῆναι
2837 2179 2917 2245 δὲ,
2944 2180 3114 2250 ἤγουν
3155 2181 3353 2249 πεϊραν
3381 2178 3561 2231 δοῦναι
3596 2177 3698 2230 καὶ

2107 2277 2188 2340 εἰς
2216 2274 2286 2329 τὰ
2315 2275 2607 2344 μέλλοντα,
2637 2276 2686 2327 εἰ
2715 2276 2812 2328 καὶ
2842 2273 2919 2346 μὴ
2949 2269 3108 2338 αὖθις
3131 2275 3159 2328 ὁ
3187 2273 3354 2336 αὐτὸς
3386 2272 3560 2326 ἔσται.

2175 2549 2468 2616 Πύρωσον
2494 2548 2638 2614 τοὺς
2685 2549 2948 2618 νεφρούς
2988 2565 3110 2614 μου
3158 2545 3258 2601 καὶ
3298 2544 3416 2610 τὴν
3443 2545 3699 2612 καρδῖαν

412 2645 548 2700 tiam
610 2647 946 2716 signiﬁcant.
1000 2649 1106 2704 Per
1157 2666 1252 2708 cor
1281 2651 1418 2704 iram
1461 2650 1856 2721 :Ure,inquit.
1897 2653 2003 2706 hoc

2109 2660 2238 2710 μου.
2271 2643 2371 2696 Διὰ
2411 2643 2510 2712 μὲν
2537 2643 2648 2696 τῶν
2694 2643 2912 2712 νεφρῶν
2960 2642 3020 2695 τὸ
3068 2641 3470 2711 ἐπιθυμητικὸν
3503 2641 3687 2710 δηλοῖο

414 2747 502 2794 est
551 2740 746 2809 proba,
807 2755 873 2794 eo
907 2742 1168 2796 nimirum
1195 2751 1382 2812 pacto,
1411 2760 1521 2812 quo
1542 2744 1781 2799 artiﬁces
1805 2760 1999 2798 aurum

411 2830 674 2900 probant.
700 2831 892 2900 Neque
929 2833 1075 2888 enim
1115 2850 1238 2904 ego,
1280 2843 1372 2889 aut
1415 2852 1638 2906 regnum
1681 2838 1999 2908 concupivi,

418 2926 514 2974 aut
544 2921 598 2975 in
632 2919 849 2977 Saulem
881 2922 1115 2994 injurias
1142 2925 1282 2980 ullas
1312 2926 1498 2980 retuli.

484 3100 651 3155 Vens.
689 3103 744 3158 '5.
799 3102 1069 3167 Quoniam
1116 3104 1490 3159 misericordia
1531 3115 1628 3160 tua
1658 3116 1782 3161 ante
1821 3107 2003 3162 oculos

417 3211 556 3250 meos
598 3203 696 3250 est.
745 3196 823 3251 Ita
861 3197 1166 3266 dispositus
1221 3213 1366 3261 sum,
1411 3199 1610 3269 inquit,
1637 3201 1766 3270 quia
1810 3217 1999 3256 coram

2100 2736 2190 2790 διὰ
2218 2737 2278 2789 δὲ
2324 2735 2427 2805 τῆς
2463 2735 2715 2806 καρδίας,
2749 2736 2810 2788 τὸ
2841 2734 3100 2804 θυμικόν.
3138 2734 3431 2798 Πύρωσον
3462 2734 3541 2796 δὲ,
3574 2731 3700 2785 ἀντὶ

2101 2829 2194 2882 τοῦ
2216 2868 2230 2892 ,
2254 2829 2572 2898 δοκίμασον,
2603 2828 2678 2892 ὡς
2701 2830 2750 2881 οἱ
2783 2827 3072 2898 χρυσοχόοι
3094 2826 3184 2880 διὰ
3224 2826 3398 2897 πυρὸς
3438 2826 3530 2878 τὸν
3562 2841 3694 2894 χρυ-

2101 2924 2226 2976 σόν·
2255 2922 2381 2976 οὗτε
2409 2922 2516 2991 γὰρ
2545 2921 2876 2991 ἐπεθύμησα
2901 2920 3003 2990 τῆς
3037 2919 3342 2989 βασιλείας,
3372 2916 3498 2970 οὔτε
3560 2917 3698 2969 ἀντ-

2104 3016 2366 3069 απὲδωκα
2385 3014 2462 3084 τῷ
2482 3014 2678 3067 Σαούλ.

2178 3109 2308 3161 ’Ὀτι
2334 3106 2400 3158 τὸ
2429 3106 2602 3171 ἔλεός
2657 3122 2774 3159 σου
2827 3104 3148 3159 κατέναντι
3202 3104 3322 3158 τῶν
3371 3103 3702 3174 ὀφθαλμῶν

2103 3202 2221 3272 μού
2250 3201 2442 3254 ἐστιν.
2480 3198 2668 3262 Οὕτως
2686 3198 2742 3252 δὲ
2764 3199 3068 3266 διάκειμαι,
3099 3199 3237 3252 διότι
3270 3200 3376 3269 πρὸ
3400 3198 3702 3268 ὀφθαλμῶν

414 3289 598 3345 oculis
645 3290 783 3345 meis
830 3289 1269 3346 misericordiam
1318 3289 1468 3345 illam
1520 3299 1669 3346 tuam
1715 3293 2002 3362 proposui,

2114 3293 2222 3363 ἔχω
2263 3293 2325 3345 τὸ
2357 3291 2508 3362 παρὰ
2545 3290 2642 3344 σοῦ
2685 3290 2858 3354 ἔλεος.
2909 3290 2938 3343 ὃ
2969 3288 3236 3361 παρέχεις
3284 3294 3398 3355 τοῖς
3443 3291 3701 3358 ἀνεξικα-

419 3394 585 3448 quam
605 3381 864 3436 omnibus
889 3381 954 3436 iis
997 3391 1248 3452 pra-stas,
1283 3382 1374 3450 qui
1420 3383 1647 3452 patienti
1688 3384 1876 3438 animo
1906 3383 2006 3438 ad-

415 3487 573 3528 versa
599 3474 783 3527 omnia
811 3475 1117 3528 sustinent.

492 3564 562 3618 Et
592 3564 773 3630 placui
801 3566 854 3619 in
886 3566 1106 3619 veritate
1141 3574 1251 3620 tua.
1289 3567 1425 3622 Cum
1464 3568 1531 3621 de
1581 3566 1800 3621 caeteris
1830 3567 2008 3620 virtu-

415 3657 564 3713 tibus
625 3658 742 3712 suis
793 3665 1038 3712 tractare
1096 3659 1370 3725 intendat,
1423 3675 1547 3729 qua:
1605 3659 1659 3712 in
1710 3664 2008 3730 progressu

416 3750 618 3820 psalmi
674 3749 856 3818 ponit,
900 3750 1051 3818 prius
1104 3766 1418 3806 sermonem
1456 3759 1752 3820 temperat,
1803 3762 1858 3805 et
1901 3750 2011 3806 Deo

415 3842 626 3912 gratias
654 3842 788 3911 agit,
816 3843 963 3911 quod
1001 3843 1055 3897 in
1091 3843 1336 3912 reliquis
1370 3844 1666 3898 virtutibus
1723 3859 1821 3913 per
1860 3843 2009 3898 illius

417 3935 710 3988 veritatem
739 3934 1062 4004 profecerit.
1089 3937 1146 3990 In
1189 3937 1305 4005 lege
1335 3936 1480 3990 enim
1521 3944 1636 4000 tua,
1681 3936 2010 4006 inquit,pol-

419 4025 610 4081 licitus
661 4039 746 4091 es,
805 4040 998 4080 eorum
1066 4034 1119 4079 te
1175 4027 1528 4082 miserturum
1575 4041 1718 4088 esse,
1756 4027 1848 4096 qui
1913 4028 2012 4082 tibi

419 4118 724 4188 placerent.
773 4119 1153 4175 Misericordia
1203 4120 1374 4190 igitur
1404 4130 1520 4185 tua,
1565 4127 1623 4174 et
1654 4121 1859 4175 veritas
1893 4129 2012 4188 tua,

423 4209 620 4264 borum
665 4211 912 4264 omnium
947 4212 1220 4266 bonorum
1263 4212 1394 4266 mihi
1439 4227 1606 4268 causa
1653 4213 2013 4269 exstiterunt.

422 4299 486 4352 Et
515 4301 778 4371 deinceps
805 4310 1038 4358 virtutes
1071 4303 1170 4359 has
1202 4318 1332 4358 suas
1374 4314 1798 4362 commemorat.

493 4391 661 4451 Vitas.
697 4395 751 4449 4.
780 4393 906 4448 Νοη
951 4395 1066 4450 sedi
1114 4411 1237 4448 cum
1294 4396 1524 4449 concilio
1575 4397 1853 4450 sanitatis.
1897 4395 2017 4452 Hoc

420 4493 528 4549 est,
572 4501 698 4542 cum
745 4487 816 4543 iis
848 4487 944 4557 qui
989 4487 1056 4541 ad
1094 4503 1294 4558 nugas,
1340 4499 1433 4541 aut
1481 4488 1547 4542 ad
1595 4488 2016 4557 intempestivos

421 4594 708 4634 sermones
755 4580 1186 4651 conveniebant,
1228 4589 1323 4634 aut
1365 4580 1430 4634 ad
1474 4580 1724 4635 falmlosa
1765 4581 2012 4651 eloquia.

2113 3385 2288 3440 κοῦσι.

2153 3591 2159 3597 ο
2186 3561 2300 3618 Καὶ
2331 3561 2719 3630 εὐηρέστησα
2747 3561 2820 3614 ἐν
2873 3561 2950 3630 τῇ
2978 3561 3232 3629 ἀληθείᾳ
3262 3576 3400 3616 σου.
3435 3562 3542 3614 Καὶ
3575 3562 3714 3631 περὶ

2111 3655 2221 3708 τῶν
2253 3655 2429 3710 ἄλλων
2458 3654 2909 3726 κατορθωμάτων
2934 3654 3102 3709 αὐτοῦ
3129 3654 3470 3726 προθέμενος
3499 3655 3711 3717 εἰπεῖν,

2111 3747 2147 3803 ἃ
2175 3747 2384 3818 προῖὼν
2433 3747 2733 3812 ἐκτίθεται,
2787 3747 3085 3818 θεραπεύει
3123 3747 3216 3800 τὸν
3263 3748 3445 3815 λόγον,
3500 3747 3594 3799 καὶ
3625 3748 3716 3816 τῷ

2113 3841 2234 3910 Θεῷ
2280 3841 2381 3912 τὴν
2413 3840 2576 3912 χάριν
2613 3840 2961 3912 ἀνατίθησιν,
2992 3840 3077 3894 ὅτι
3111 3841 3222 3893 Καὶ
3250 3839 3386 3894 ἄλλα
3416 3839 3540 3892 τινὰ
3565 3856 3678 3892 κατ
3699 3871 3716 3880 -

2113 3933 2351 4004 ώρθωσα
2387 3933 2474 3986 διὰ
2499 3931 2602 4003 τὴν
2624 3932 2722 4002 σὴν
2751 3932 3045 4001 ἀλήθειαν·
3067 3933 3382 4002 ὲπηγγείλω
3411 3931 3520 4001 γὰρ
3551 3933 3609 3986 ὲν
3625 3933 3716 4003 τῷ

2113 4031 2266 4100 νόμῳ
2291 4029 2419 4092 τοὺς
2447 4028 2881 4099 εὐαρεστοῦντάς
2912 4046 2995 4083 σοι
3027 4029 3220 4083 ἐλεεῖν.
3272 4029 3348 4081 Τὸ
3400 4029 3550 4092 ἔλεός
3607 4046 3712 4083 σου

2113 4124 2298 4177 τοίνυν
2329 4124 2424 4176 καὶ
2470 4125 2503 4194 ἡ
2563 4123 2794 4194 ἀλήθειά
2835 4140 2927 4176 σου
2979 4123 3129 4175 αἰτία
3170 4140 3260 4192 μοι
3315 4123 3536 4176 πάντων
3580 4123 3714 4175 τού--

2113 4233 2226 4270 των
2256 4218 2495 4285 ἐγένετο.
2533 4214 2668 4270 Εἶτα
2687 4217 2833 4285 λέγει
2860 4217 2956 4268 καὶ
2978 4217 3048 4270 τὰ
3069 4213 3500 4285 κατορθώματα.

2192 4402 2315 4455 Οὐκ
2343 4401 2601 4457 ἐκάθισα
2624 4399 2778 4468 μετὰ
2805 4400 3135 4468 συνεδρίου
3155 4397 3718 4468 ματαώτητος.Τῶν

2119 4492 2540 4564 συνερχομένων
2573 4492 2667 4545 ὲπὶ
2719 4492 2984 4564 φλυαρίᾳ,
3041 4491 3138 4546 καὶ¹
3191 4491 3374 4560 λόγοις
3431 4490 3716 4577 ἀκαίροις,

2121 4586 2215 4640 καὶ
2248 4583 2506 4655 μυθικοῖς
2531 4585 2861 4655 διηγήμασι.

497 4669 566 4724 Et
611 4686 732 4724 cum
781 4671 970 4741 iniqua
1011 4671 1291 4742 agentibus
1336 4672 1590 4726 introibo.
1627 4671 1765 4727 Cum
1812 4673 1878 4728 iis
1917 4674 2005 4744 qui

2189 4678 2298 4732 Καὶ
2333 4677 2484 4746 μετὰ
2512 4677 3023 4746 παρανομούντων
3067 4677 3142 4731 οὺ
3163 4675 3251 4746 μὴ
3279 4674 3556 4731 εἰσέλθω.
3584 4672 3720 4749 Τῶν

424 4771 618 4816 mutuo
664 4763 811 4818 inter
851 4778 912 4818 se
953 4774 1050 4818 aut
1083 4764 1175 4834 qui
1200 4763 1467 4819 adversus
1515 4764 1735 4820 Saulem
1779 4766 2010 4821 insidias

423 4855 752 4924 disponunt.
793 4851 1110 4911 Verisimile
1140 4863 1321 4910 autem
1353 4864 1437 4910 est
1463 4863 1730 4910 tentatum
1763 4872 2013 4928 saepenu:

427 4959 582 4999 mero
608 4959 732 4998 eum
774 4942 949 4999 fuisse
990 4945 1059 4999 ab
1089 4945 1368 5014 aliquibus
1401 4946 1468 5000 de
1493 4945 1902 5015 coniuratione.

496 5034 664 5092 Vens.
691 5036 744 5092 5.
781 5036 886 5090 Odi
935 5035 1237 5092 Ecclesium
1278 5039 1714 5107 maligttantium.
1763 5038 2014 5109 Congre-

421 5130 700 5198 gatioucm
737 5136 792 5184 et
844 5139 1174 5184 conventum
1202 5131 1520 5199 [pravorum
1545 5129 1793 5184 omnium
1829 5144 1844 5181 :
1883 5142 2011 5199 pra-

426 5222 707 5278 vos’enim
742 5238 1132 5294 quoscunque,
1174 5224 1536 5295 malignitatis
1585 5223 1810 5278 nomine
1859 5236 2016 5277 com-

430 5316 748 5386 prehendit.

505 5405 572 5460 Et
633 5426 753 5462 cum
805 5409 983 5476 impiis
1043 5425 1147 5463 non
1206 5407 1413 5463 sedebo.
1468 5407 1570 5463 Per
1621 5408 1822 5477 impios
1855 5446 1872 5472 ,
1906 5407 2018 5463 'ltic

429 5497 744 5555 Pliilislteos
771 5501 1050 5569 intelligit,
1081 5500 1223 5569 apud
1255 5515 1395 5568 quos
1425 5500 1578 5552 exsul
1606 5497 1703 5553 fuit
1740 5515 1754 5552 :
1781 5513 2016 5568 quorum

435 5593 860 5647 conversatione
908 5602 1093 5647 tamen
1129 5591 1464 5647 abstinebat.
1497 5589 1594 5645 Vel
1631 5589 1751 5644 Non
1809 5589 2017 5656 sedebo,

439 5681 546 5734 hoc
577 5688 686 5745 est,
724 5682 817 5735 diu
855 5697 960 5735 non
1004 5685 1414 5736 commorabor.

509 5769 671 5827 Vitas.
735 5773 790 5827 6.
847 5773 1062 5828 Lavabo
1114 5776 1256 5829 inter
1303 5777 1602 5830 innocentes
1634 5793 1821 5829 manus
1853 5792 2018 5831 meas.

441 5864 670 5931 Antiqui
733 5867 956 5934 quando
1006 5867 1306 5922 conteslari
1367 5870 1622 5923 Volebant
1674 5884 1734 5924 se
1789 5868 2022 5937 alicujus

441 5955 671 6012 sceleris
721 5973 846 6014 esse
893 5957 1170 6025 innoxios,
1213 5976 1398 6015 coram
1435 5962 1788 6017 multitudine
1824 5977 2020 6017 manus

2114 4769 2578 4824 ἐπιϐουλευόντων
2609 4768 2885 4836 ἀλλήλοις,
2918 4769 2952 4840 ἦ
2976 4769 3071 4824 καὶ
3097 4769 3256 4839 αὐτῷ
3275 4770 3356 4839 τῷ
3391 4769 3566 4822 Σαούλ
3587 4784 3600 4798 ο
3631 4770 3717 4821 εἰ-

2115 4862 2212 4923 κὸς
2245 4860 2355 4930 γάρ
2380 4877 2536 4924 τινας
2569 4860 2923 4930 ἐγκαλεῖσθαι
2945 4859 3110 4913 αὑτὸν
3126 4860 3208 4923 εἰς
3246 4859 3577 4931 ἀνταρσιαν.

2199 5041 2503 5108 Ἐμίσησα
2529 5041 2872 5108 ἐκκλησίαν
2891 5037 3418 5107 πονηρευομένων.
3443 5037 3556 5108 Τὴν
3583 5054 3716 5089 συν-

2117 5133 2343 5203 αγωγὴν
2376 5134 2594 5188 πάντων
2622 5134 2733 5187 τῶν
2774 5133 3029 5204 πονηρῶν
3055 5147 3069 5162 ⁸
3116 5133 3272 5196 ὅλους
3303 5130 3412 5202 γὰρ
3434 5130 3563 5194 τοὺς
3601 5147 3709 5184 κα-

2116 5227 2252 5290 κοὺς
2283 5229 2755 5299 συμπεριελὰϐετο
2782 5231 2882 5301 τῆς
2913 5231 3181 5302 πονηρίας
3207 5230 3455 5301 ὀνόματι.

2196 5409 2305 5462 Καὶ
2347 5408 2500 5476 μετὰ
2557 5408 2794 5462 ἀσεϐῶν
2847 5408 2938 5478 μὴ
2966 5410 3212 5465 notatam.
3265 5407 3534 5462 Ἐνταῦθα
3581 5407 3711 5470 τοὺς

2122 5500 2454 5570 ἀλλοφύλους
2486 5500 2659 5568 λέγει,
2709 5501 2840 5569 παρ’
2873 5496 2954 5562 οἷς
2985 5497 3052 5570 ἦν
3089 5501 3290 5567 φυγὰς,
3341 5493 3417 5553 ὧν
3446 5499 3718 5568 ἀπείχετο

2121 5594 2220 5663 τῆς
2251 5594 2556 5655 κοινωνίας.
2593 5593 2662 5646 Ἢ
2691 5595 2948 5656 Καθίσω,
2978 5592 3060 5656 τὸ,
3096 5591 3334 5663 χρονίσω
3363 5590 3494 5645 νόει.

2195 5777 2459 5844 Νίψομαι
2479 5774 2548 5826 ἐν
2579 5772 2792 5838 ἀθώοις
2846 5771 2953 5837 τὰς
2995 5772 3209 5840 χεῖράςς
3231 5790 3361 5836 μου.
3395 5772 3456 5825 Oi
3491 5769 3712 5824 παλαιοὶ

2127 5862 2601 5934 διαμαρτύρασθαι
2660 5861 2925 5924 θέλοντες,
2980 5862 3061 5914 ὅτι
3113 5861 3346 5914 ἀναίτιοί
3406 5861 3514 5914 εἰσί
3567 5875 3711 5918 τινος

2130 5958 2479 6029 πράγματος,
2507 5955 2737 6008 ἐνώπιον
2761 5953 2853 6008 τοῦ
2888 5954 3122 6024 πλήθους
3150 5953 3367 6007 ἔνιπτον
3399 5953 3492 6017 τὰς
3526 5953 3712 6020 χεῖρας
