4078 6456
415 529 527 595 3ιῖ

1584 531 1792 591 COMM
1806 531 1976 591 ENT.
2006 531 2083 592 IN
2125 533 2486 596 PSALMOS.

3587 544 3696 606 318

418 648 602 710 ὕδατι,
638 645 700 698 τὸ
753 645 1000 710 καθαρὴν
1048 644 1148 715 τῆς
1177 644 1536 716 συνειδήσεως
1570 646 1658 701 διὰ
1681 647 1742 700 τὺ
1768 649 2008 719 καθαρὸν

2117 653 2374 707 lavabant
2413 669 2427 706 :
2482 661 2540 706 ut
2592 653 2803 709 scilicet
2852 670 2916 709 ex
2974 653 3063 709 illa
3107 669 3368 710 manuum
3399 657 3697 723 munditia,

421 743 536 794 τῶν
586 739 788 810 χειρῶν
842 737 1206 806 ἐμφαίνοντες
1226 755 1239 768 ·
1281 738 1309 791 ὃ
1341 739 1435 792 καὶ
1459 739 1487 791 ό
1521 740 1752 803 Πιλάτος
1785 741 2014 813 ὕστερον

427 834 523 886 ἐπὶ
566 832 660 885 τοῦ
700 831 944 902 Χριστοῦ
978 832 1271 900 πεποίηκε.
1303 831 1474 902 Φησὶν
1516 831 1608 886 οὖν
1653 834 1682 885 ό
1715 834 1900 900 Δαϐἒδ,
1932 837 2016 890 ὃτι

424 925 544 982 Καὶ
567 925 731 989 αὐτὸς
754 923 893 994 μετά
914 923 1109 977 astam
1137 924 1364 995 νίψομαι
1383 924 1482 988 τὰς
1500 926 1691 994 χεῖράς
1717 943 1840 995 μου,
1872 944 2014 998 μαρ-

426 1019 750 1089 τυρόμενος,
781 1017 863 1081 ὅτι
891 1018 1133 1081 ἀναίτιος
1157 1011 1294 1071 εἶναι
1331 1015 1442 1090 (93)
1475 1017 1695 1070 πάντων
1730 1011 1807 1072 ὧν
1837 1013 2010 1071 εἷπον.

499 1200 609 1256 Kal
637 1199 937 1255 κυκλώσω
964 1189 1034 1254 τό
1059 1199 1498 1267 θυσιαστήριόν
1531 1213 1670 1262 σου,
1707 1203 1906 1270 Κύριε.
1939 1200 2015 1255 Τδ

433 1293 537 1362 μὲν
571 1293 882 1362 ἱλαστήριον
926 1292 1038 1346 ἔσω
1059 1288 1128 1364 ἦν
1158 1294 1290 1364 παρ’
1325 1290 1622 1364 Ἑϐραίοις.
1645 1293 1718 1347 Τὸ
1737 1294 1794 1346 δὲ
1827 1293 2018 1348 θυσια-

431 1388 531 1448 στή
543 1402 676 1453 ριον,
712 1385 818 1451 ἔξω
844 1384 941 1438 τοῦ
965 1385 1482 1454 καταπετάσματος,
1508 1384 1536 1438 ὃ
1570 1383 1851 1438 κυκλῶσαι
1876 1384 2017 1455 πλή-

429 1477 515 1531 θει
549 1477 752 1530 Θυσιῶν
780 1476 876 1531 καὶ
919 1476 1029 1532 τῶν
1059 1478 1190 1548 περὶ
1215 1476 1422 1541 ταύτας
1445 1476 1842 1530 διακονούντων
1878 1493 2014 1548 προ-

429 1568 657 1638 φητεύει
689 1569 778 1623 διὰ
803 1569 905 1639 τὴν
933 1569 1177 1623 ἀκακίαν
1197 1568 1389 1624 αὐτοῦ.

502 1661 617 1716 Τοῦ
645 1661 912 1716 ἀκοῦσαί
950 1679 1028 1732 με
1073 1663 1286 1730 φωνὴν
1335 1663 1623 1730 αἱνέσεώς
1665 1680 1804 1719 σου.
1848 1665 2014 1718 Ὥστε

424 1755 524 1810 καὶ
552 1754 744 1824 φωνῆς
771 1754 1092 1823 ψαλλόντων
1123 1755 1381 1820 ἀκοῦσαι,
1421 1757 1760 1828 χορευόντων
1808 1758 1901 1811 ἐπὶ
1938 1759 2014 1810 εἱ-

424 1848 588 1918 em.

490 1941 601 1995 Kal
628 1940 1037 2010 διηγήσασθαι
1073 1941 1273 1996 πάντα
1301 1943 1376 1996 τὰ
1399 1942 1706 2012 θαυμάσιά
1740 1957 1878 2000 σου.
1913 1946 2011 1997 Διὰ

423 2033 522 2103 τῆς
544 2033 691 2088 κατά
743 2033 942 2104 σχολὴν
977 2033 1340 2102 ἀναγνώσεως
1372 2033 1467 2089 τοῦ
1492 2035 1639 2090 θείου
1689 2038 1857 2106 νόμου
1917 2039 2010 2090 καὶ

423 2127 534 2182 τῶν
550 2127 867 2182 Μωσαῖκῶν
898 2127 1096 2197 βίϐλων
1115 2144 1131 2158 ·
1162 2126 1337 2182 ταῦτα
1379 2129 1489 2199 γάρ
1527 2130 1768 2198 συνεχῶς
1796 2130 1873 2201 τῷ
1897 2129 2010 2201 λαῷ

429 2219 950 2287 ὖπανεγινώσκοντο,
991 2219 1152 2274 τοῦτο
1183 2219 1278 2274 τοῦ
1311 2219 1478 2290 νόμου
1509 2220 1843 2284 κελεύοντος.
1870 2221 2014 2274 Θαυ-

443 2313 605 2380 piata
636 2312 690 2365 δὲ
743 2311 893 2381 λέγει
937 2313 1004 2366 τὰ
1037 2315 1179 2368 κατά
1210 2313 1322 2365 τῶν
1354 2313 1671 2381 Αἰγυπτίων
1703 2328 2008 2384 τερατουρο

447 2402 684 2471 γηθὲντα,
710 2405 809 2457 καὶ
839 2403 927 2458 τὰ’
962 2402 1093 2474 ἑξῆς
1126 2419 1144 2433 ο
1178 2403 1212 2474 ἦ
1254 2403 1444 2469 ἁπλῶς
1472 2405 1650 2464 πάντα
1679 2405 1782 2458 ὅσα
1813 2406 1842 2458 ὁ
1877 2404 2011 2466 Θεὸς

444 2495 539 2548 ἀπ’
559 2497 723 2566 ἀρχῆς
752 2496 1272 2567 ἐθαυματούργησε.

501 2589 694 2656 Κύριε,
728 2589 1020 2658 ἠγάπησα
1058 2587 1421 2656 εὐπρέπειαν
1450 2589 1624 2644 οἵκου
1661 2605 1798 2644 σου.
1845 2590 2012 2658 Ἠγά-

427 2697 574 2749 πησα
595 2697 610 2712 ’
640 2679 722 2734 διὸ
771 2682 866 2734 καὶ
896 2679 1196 2734 θεάσασθαι
1235 2679 1395 2734 πάλιν
1428 2679 1708 2750 γλίχομαι.
1761 2683 1926 2736 Οἴκου
1952 2684 2010 2737 δὲ

419 2773 757 2843 εὐπρέπειαν
788 2772 947 2826 καλεῖ
972 2771 1070 2842 τὴν
1117 2771 1376 2836 εὐταξίαν
1404 2772 1504 2844 τῆς
1546 2774 1850 2846 Μωσαϊκῆς
1877 2792 2011 2844 σκη-

416 2867 518 2937 νῆς
537 2883 553 2898 ·
577 2864 734 2920 οὔπω
753 2866 862 2937 γὰρ
888 2866 917 2918 ὁ
949 2866 1073 2929 ναὸς
1095 2864 1446 2936 ᾠκοδομήθη.

493 3049 603 3101 Kal
652 3051 842 3101 τόπον
872 3047 1267 3116 σκηνώματος
1312 3047 1502 3115 δόξης
1533 3062 1674 3104 σου.
1722 3048 1883 3103 Ἀλλὰ
1913 3049 2010 3104 καὶ

2120 748 2319 801 animae
2368 747 2660 816 puritatem
2695 747 3093 817 signiﬁcarent,
3130 749 3587 819 quemadmodum
3623 750 3700 805 l‘e-

2119 838 2268 893 cisse
2303 839 2538 906 legimus
2587 838 2825 893 Pilatum
2861 841 2916 894 in
2959 841 3161 896 Christi
3199 857 3354 898 nece.
3392 843 3481 895 Ait
3533 843 3700 912 igitur

2121 931 2394 1001 Propheta
2432 950 2446 986 :
2498 931 2609 1002 Ego
2656 947 2766 986 una
2803 946 2928 987 cum
2971 935 3096 988 aliis
3142 933 3534 988 innocentibus
3567 935 3700 990 viris

2120 1024 2315 1078 lavabo
2352 1039 2549 1078 manus
2581 1040 2753 1089 meas,
2783 1032 3104 1080 contestans
3135 1041 3224 1079 me
3269 1026 3536 1080 scelerum
3578 1040 3700 1079 om-

2118 1117 2293 1180 nium,
2321 1131 2444 1187 quae
2466 1117 2608 1171 dicta
2643 1125 2794 1183 sunt,
2826 1127 3171 1172 muocentem
3203 1133 3346 1173 esse.

2188 1206 2259 1261 Et
2299 1207 2640 1262 circumdabo
2672 1208 2846 1262 altare
2889 1217 3059 1272 tuum,
3091 1208 3334 1262 Domine.
3365 1206 3699 1277 Propitiato-

2116 1300 2258 1354 rium
2295 1301 2542 1369 quidem,
2583 1302 2817 1355 interius
2869 1308 2990 1355 erat.
3025 1301 3166 1370 apud
3199 1301 3477 1366 Hebraeos,
3528 1301 3701 1354 altare

2117 1409 2248 1448 vero
2277 1402 2430 1448 extra
2477 1395 2684 1449 velum.
2710 1391 2824 1449 Hoc
2868 1403 3050 1448 autem
3099 1395 3271 1449 altare
3318 1394 3389 1447 ob
3429 1394 3699 1448 innocen-

2117 1485 2250 1539 tiam
2304 1501 2460 1540 suam
2513 1485 2787 1554 Propheta
2841 1486 3171 1551 hostiarum,
3207 1500 3269 1540 ac
3314 1486 3695 1540 ministrorum

2116 1575 2475 1631 multitudine
2509 1577 2987 1632 circumdaturum
3022 1592 3081 1633 se
3102 1577 3376 1647 praedicit.

2188 1667 2356 1722 Vens.
2403 1667 2454 1722 7.
2494 1666 2563 1720 Ut
2598 1667 2814 1721 audiam
2853 1683 3023 1721 vocem
3059 1667 3237 1720 [aridis
3279 1677 3404 1720 tuae.
3455 1666 3604 1720 Adeo
3638 1674 3696 1718 ut

2119 1774 2308 1814 vocem
2337 1759 2651 1813 canentium
2687 1757 2930 1820 audiam,
2957 1766 3010 1813 et
3032 1758 3326 1812 laetantium
3360 1758 3429 1813 de
3456 1758 3697 1828 praestita

2115 1864 2144 1902 a
2187 1858 2240 1904 te
2269 1851 2428 1906 nobis
2453 1867 2606 1920 pace.
3242 1925 3245 1928 _

2187 1940 2254 1995 Et
2294 1958 2535 1996 enarrem
2565 1943 2745 1997 omnia
2786 1944 3060 1998 mirabilia
3093 1954 3204 1997 tua.
3245 1941 3497 2012 Legendo
3529 1940 3694 1994 nimi-

2118 2049 2237 2087 rum
2277 2034 2450 2103 legem
2483 2043 2658 2095 tuam,
2687 2045 2741 2088 et
2771 2044 2998 2090 caeteros
3030 2035 3196 2106 Moysi
3234 2036 3424 2094 libros.
3456 2035 3573 2105 qui,
3600 2035 3688 2101 ju-

2113 2124 2277 2180 bente
2327 2125 2408 2179 sic
2451 2125 2589 2193 lege,
2641 2124 2910 2194 frequenti
2960 2128 3160 2196 populo
3204 2127 3540 2197 legebantur.
3591 2124 3697 2180 Per

2116 2217 2391 2270 mirabilia
2451 2225 2633 2272 autem
2679 2233 2741 2272 ea
2793 2219 3062 2272 miracula
3117 2219 3396 2289 intelligit,
3459 2235 3581 2288 quae
3637 2219 3692 2272 in

2118 2307 2357 2379 Egypt-0
2381 2309 2634 2363 aut‘alihi
2667 2309 3014 2378 postmodum
3057 2310 3198 2365 facta
3230 2318 3360 2366 sunt
3391 2327 3406 2377 ;
3437 2313 3517 2363 vel
3547 2325 3694 2364 sem-

2114 2417 2212 2472 per
2257 2401 2605 2468 admiranda,
2641 2402 2824 2456 omnia
2856 2417 2979 2473 quae
3017 2403 3088 2457 ab
3128 2403 3284 2458 initio
3314 2403 3506 2458 mundi
3549 2403 3694 2458 Deus

2112 2503 2373 2564 operatus
2402 2501 2510 2548 est.

2185 2585 2350 2642 Vsus.
2389 2585 2442 2640 8.
2479 2586 2724 2650 Domine,
2761 2585 2930 2640 dilexi
2967 2585 3204 2640 decorem
3236 2587 3425 2640 damus
3449 2597 3572 2642 tum.
3605 2586 3694 2640 Di-

2112 2681 2245 2744 lexi,
2304 2688 2470 2750 atque
2534 2679 2658 2734 ideo
2713 2680 2905 2734 videre“
2958 2680 3111 2734 illum
3162 2695 3358 2735 rursus
3417 2680 3690 2735 desidero.

2117 2775 2380 2828 Decorcm
2416 2781 2598 2826 autem
2621 2771 2841 2834 domus,
2868 2772 3116 2827 ordinem
3139 2772 3291 2826 illum
3314 2771 3692 2826 admirabilem

2111 2864 2340 2920 llosaici
2381 2865 2622 2934 appellat
2664 2864 3034 2920 tabernaculi.
3078 2863 3335 2919 Nondum
3375 2865 3519 2918 enim
3550 2874 3692 2918 tem-

2113 2959 2264 3029 plum
2292 2965 2676 3013 coustructum
2717 2967 2859 3012 erat.

2187 3049 2256 3105 Et
2293 3051 2462 3104 locum
2506 3049 2839 3103 tabernaculi
2893 3049 3085 3120 glorite
3136 3057 3260 3104 tute.
3316 3047 3584 3114 Quinimo
3635 3054 3691 3101 et

419 3142 586 3195 ⁸ὠτὸν
615 3142 707 3194 τὸν
736 3142 901 3194 τόπον
929 3140 1218 3210 ἠγάπησα,
1248 3141 1336 3210 ἐφ’
1366 3135 1427 3196 οὗ
1455 3143 1488 3211 ὴ
1517 3141 1693 3212 σκηνὴ
1724 3142 1825 3209 τῆς
1849 3141 2008 3212 δόξης

2114 3143 2300 3215 ipsum
2350 3145 2530 3197 locum
2576 3143 2778 3206 amavi,
2806 3144 2859 3196 in
2901 3157 3010 3213 quo
3051 3143 3471 3198 tabernaculum
3506 3142 3694 3211 gloria:

420 3233 688 3303 πέπηγεν.
721 3234 793 3285 "H
824 3236 992 3286 τόπον
1029 3231 1180 3300 λέγει
1219 3231 1582 3304 σκηνώματος
1613 3233 1786 3304 αὐτὴν
1845 3235 2008 3290 πάλιν

2116 3247 2222 3291 tua:
2258 3235 2426 3290 ﬁxum
2459 3243 2562 3290 est.
2600 3235 2691 3289 Vel
2733 3251 2832 3305 per
2884 3237 3062 3288 locum
3124 3235 3485 3299 tabernaculi,
3542 3243 3599 3288 ut
3641 3233 3692 3288 ei

423 3324 518 3396 τὴν
547 3324 776 3395 σκηνὴν,
803 3325 880 3389 ὡς
913 3325 1034 3389 ἔθος
1067 3326 1244 3396 αὐτῷ.

2118 3343 2265 3396 saepe
2299 3343 2420 3383 mos
2446 3335 2552 3392 est,
2592 3327 2774 3396 ipsum
2821 3327 3078 3393 intelligit
3111 3326 3544 3379 tabernaculum.

485 3417 584 3485 Μὴ
630 3419 1074 3487 συναπολέσῃς
1124 3417 1277 3486 μετὰ
1330 3418 1573 3474 ἀσεϐῶν
1622 3420 1740 3490 τὴν
1799 3419 2011 3489 ψυχήν

2181 3419 2348 3475 Vens.
2383 3419 2437 3475 9.
2472 3418 2557 3474 Ne
2582 3418 2741 3472 simul
2764 3420 2952 3486 perdas
2973 3433 3092 3471 cum
3124 3418 3326 3484 impiis,
3367 3417 3532 3482 Deus,
3571 3420 3692 3472 ani-

418 3527 554 3578 μου.
605 3509 745 3578 Παρ⁹
780 3506 862 3573 οἷς
911 3508 1176 3580 διατρίϐω
1215 3510 1349 3566 νῦν⁹
1404 3512 1543 3567 ἀλλά
1601 3513 1885 3582 κατάγαγέ
1939 3531 2007 3578 με

2113 3529 2258 3566 mam
2284 3528 2476 3566 meam.
2508 3510 2666 3580 Apud
2699 3525 2838 3580 quos
2870 3524 3018 3564 nunc
3045 3509 3210 3562 vitam
3239 3524 3375 3579 ago;
3407 3510 3499 3562 sed
3525 3524 3612 3562 me
3635 3510 3692 3562 in

417 3603 611 3654 θᾶττον
641 3603 719 3663 εἱς
743 3601 844 3672 τὴν
881 3601 1058 3657 πόλιν.
1097 3602 1341 3667 Τούτους
1379 3603 1510 3674 γὰρ,
1540 3605 1665 3659 ὅσον
1694 3603 1866 3667 οὔπω,
1910 3623 2010 3660 κα-

418 3691 718 3763 ταλήψεται
751 3691 1023 3758 ἀπώλεια,
1048 3692 1137 3747 διὰ
1161 3692 1260 3759 τὰς
1285 3694 1524 3764 ἀνομίας
1551 3694 1752 3748 αὐτῶν.

488 3869 593 3925 Kal
621 3872 772 3941 μετὰ
825 3870 1064 3941 ἀνδρῶν
1117 3874 1390 3944 αἰμάτων
1419 3875 1536 3945 τὴν
1564 3873 1718 3944 ζωήν
1740 3896 1879 3949 μου.
1931 3881 2005 3934 Οὐ

419 3965 585 4034 μόνον
615 3967 724 4034 γάρ
753 3967 894 4020 εἰσιν
930 3969 1170 4032 ἀσεϐεῖς,
1200 3969 1336 4022 ἀλλὰ
1372 3973 1466 4024 καὶ
1507 3971 1702 4042 ἄνδρες
1732 3973 2005 4041 αἱμάτων,

420 4043 670 4113 τουτέστι
701 4060 834 4129 περὶ
862 4061 1117 4130 αἱμάτων
1147 4061 1542 4132 διατρίϐοντες.

488 4144 604 4205 Ἦν
630 4151 700 4204 ἐν
735 4152 954 4222 χερσιν
996 4155 1034 4220 ἡ
1064 4154 1308 4224 ἀνομία..
1337 4147 1439 4208 Ὧν
1465 4156 1668 4226 ἀνομία
1711 4156 2005 4230 πρόχειρος

418 4241 527 4296 ἀεί.
1137 4271 1142 4274 -

499 4424 565 4480 Ἡ
593 4424 760 4490 δεξιὰ
797 4422 998 4480 αὐτῶν
1027 4425 1312 4494 ἐπλήσθη
1349 4427 1572 4498 δώρων.
1603 4432 1711 4484 Καὶ
1752 4431 1814 4484 ού
1844 4431 2006 4501 μόνον

2110 3604 2389 3659 civitatem
2443 3603 2694 3659 restitue.
2753 3602 2894 3658 Istos
2953 3615 3192 3670 namque
3251 3599 3584 3664 Philistmos,
3619 3600 3693 3655 ob

2110 3697 2353 3751 maxima
2397 3710 2588 3750 eorum
2632 3695 2866 3759 scelera,
2896 3693 3134 3764 perditio
3177 3708 3392 3749 summa
3439 3707 3691 3762 compre-

2110 3791 2351 3844 hensura
2379 3796 2485 3844 est.

2184 3878 2255 3934 Et
2312 3895 2431 3933 cum
2492 3879 2617 3934 viris
2672 3878 2992 3947 sanguinum
3055 3879 3218 3932 vitam
3266 3892 3455 3929 meam.
3503 3875 3692 3944 Neque

2110 3971 2257 4026 enim
2288 3959 2692 4034 tantummodo,
2736 3968 2939 4038 inquit,
2980 3969 3134 4038 impii
3185 3975 3340 4032 sunt,
3391 3967 3488 4021 sed
3524 3969 3688 4022 etiam

2106 4062 2210 4115 viri
2242 4061 2574 4130 sanguinum
2605 4079 2618 4115 :
2647 4061 2752 4114 hoc
2777 4070 2882 4123 est,
2911 4060 3276 4129 sanguinarii.

2187 4151 2349 4208 Vens.
2387 4151 2477 4206 10.
2514 4150 2582 4205 In
2629 4167 2852 4220 quorum
2895 4151 3141 4204 manibus
3179 4151 3490 4218 iniquitates
3541 4163 3686 4207 sunt.

2107 4243 2323 4311 Quibus
2346 4257 2564 4313 semper
2598 4241 2651 4295 in
2701 4251 2982 4311 promptu,
3029 4249 3196 4312 atque
3224 4241 3281 4295 in
3316 4242 3573 4296 manibus
3603 4250 3690 4298 est.

2108 4333 2397 4403 iniquitas.

2180 4424 2415 4478 Dextera
2464 4439 2644 4478 eorum
2689 4421 2886 4490 repleta
2933 4430 3013 4476 est
3057 4423 3383 4477 muneribus.
3418 4423 3529 4479 Nec
3566 4434 3690 4478 tau-

417 4522 556 4574 εἰσιν
577 4521 797 4585 ἀσεϐεῖς
823 4523 920 4577 καὶ
953 4525 1160 4591 φονεῖς,
1181 4521 1320 4577 ἀλλά
1342 4529 1438 4578 καὶ
1460 4525 1777 4597 δωροδόκοι,
1805 4524 2002 4594 δώροις

2113 4523 2250 4578 ιιιηι,
2280 4513 2480 4583 inquit,
2509 4513 2659 4582 impii
2691 4521 2843 4576 sunt,
2875 4519 2928 4567 et
2963 4512 3328 4582 sanguinarii,
3369 4513 3464 4567 sed
3499 4529 3690 4568 mune-

414 4613 886 4685 ἁπεμπωλοῦντες
919 4614 981 4669 τὸ
1013 4614 1254 4670 δίκαιον.

501 4793 651 4863 Ἐγὼ
675 4793 744 4848 δὲ
765 4795 837 4849 ἐν
859 4795 1085 4860 ἀκακία
1109 4813 1230 4863 μου
1259 4795 1617 4864 ἐπορεύθην.
1668 4796 1841 4851 Πάλιν
1870 4797 2004 4851 67:0-

2106 4621 2230 4662 rum
2282 4613 2682 4675 susceptores:
2733 4605 3057 4661 muneribus
3110 4605 3372 4660 nimirum
3410 4604 3686 4676 justitiam

2037 4713 2082 4768 ι)
2110 4705 2540 4757 commutantes.

2174 4790 2345 4847 Vens.
2386 4792 2473 4845 11.
2501 4790 2614 4860 Ego
2643 4796 2821 4843 autem
2851 4787 2908 4842 in
2947 4790 3254 4844 innocentia
3279 4807 3394 4844 mea
3419 4793 3689 4863 ingressus

411 4887 720 4960 μιμνήσκει
752 4886 844 4939 τὸν
863 4885 997 4938 Θεὸν
1029 4885 1120 4938 διὰ
1150 4886 1249 4955 τῆς
1277 4887 1516 4950 ἀκακίας
1548 4889 1738 4952 αὐτοῦ,
1769 4892 2004 4960 μεσίτην

2113 4900 2242 4939 tum.
2311 4885 2549 4938 Rursum
2613 4881 2992 4937 innocentiam
3053 4897 3214 4938 suam
3268 4894 3687 4949 commemorat,

407 4981 584 5034 οἱονεὶ
615 4978 820 5048 ταύτην
856 4977 1328 5049 προϐαλλόμενος.

490 5181 806 5249 Λύτρωσαί
833 5196 931 5249 με,
971 5180 1166 5247 Κύριε.
1199 5180 1313 5251 Τῆς
1351 5181 1539 5234 ἀδίκου
1565 5181 1768 5248 ταύτης
1795 5182 1994 5251 φυγῆς.

407 5275 446 5346 ῆ
491 5273 592 5344 τῆς
622 5273 751 5342 περὶ
777 5271 1042 5335 τοιούτοις
1079 5265 1214 5342 (94).

486 5383 596 5438 Kal
633 5381 896 5450 ἐλέησόν
937 5397 1035 5451 με.
1073 5381 1184 5436 Καὶ
1227 5381 1424 5453 μηκέτι
1470 5383 1582 5434 τῶν
1615 5382 1876 5437 τοιούτων
1906 5400 2000 5436 τυ-

408 5479 550 5549 κείν.

494 5592 557 5644 '0
597 5591 749 5657 πούς
775 5607 896 5660 μου
946 5587 1098 5657 ἔστη
1141 5587 1213 5642 ἐν
1265 5589 1566 5654 εὐθύτητι.
1607 5588 1755 5642 Διότι
1800 5588 1828 5642 ὁ
1859 5588 1995 5653 πούς

409 5701 514 5755 μου
546 5684 784 5755 έδράσθη
816 5683 875 5735 ὲν
896 5679 1172 5753 ὀρθότητι,
1195 5681 1496 5745 τουτέστιν,
1517 5681 1582 5734 Δί
1609 5680 1719 5735 ὁδοί
1750 5697 1853 5751 μου
1874 5698 1997 5734 σκο-

2102 4991 2221 5031 eam
2279 4974 2384 5030 sibi
2439 4974 2819 5030 mediatricem
2885 4974 3294 5046 quodammodo
3369 4990 3688 5044 proponens

2101 5067 2246 5137 apud
2277 5067 2468 5122 Deum.

2176 5178 2393 5233 Redime
2430 5195 2531 5234 me.
2579 5179 2663 5234 Ab
2714 5180 2922 5248 injuste
2941 5178 3160 5241 exsilio,
3199 5191 3376 5244 eoque
3417 5173 3682 5245 periculo,

2105 5272 2250 5341 quod
2284 5271 2431 5325 circa
2460 5270 2596 5326 tales
2626 5271 2878 5327 homines
2909 5279 3016 5326 est.

2179 5385 2246 5439 Et
2287 5387 2536 5442 miserere
2572 5388 2691 5441 mei.
2736 5387 2814 5442 lta
2859 5395 2917 5440 ut
2952 5385 3008 5438 in
3058 5379 3378 5452 hujusmodi
3431 5379 3683 5434 homines

2106 5478 2347 5547 amplius
2385 5494 2495 5533 non
2533 5477 2797 5533 incidam.

2177 5589 2344 5646 Vens.
2383 5591 2468 5646 12.
2494 5589 2593 5645 Pes
2627 5605 2770 5644 meus
2798 5596 2943 5643 stetit
2974 5601 3027 5639 tn
3056 5581 3385 5637 rectitudine.
3419 5583 3533 5638 Hoc
3564 5597 3590 5634 a
3629 5591 3682 5636 te

2106 5691 2254 5754 peto,
2291 5683 2488 5753 inquit,
2525 5683 2652 5754 quia
2688 5697 2784 5752 pes
2820 5695 2974 5736 meus
3001 5675 3282 5734 stabilitus
3317 5685 3402 5730 est
3435 5675 3488 5730 in
3521 5674 3686 5728 recti-

1793 5861 1999 5923 γετί-ω
2033 5861 2360 5925 lectiones.

468 5989 578 6063 (93)
609 5986 700 6043 Ῑσ.
735 5981 880 6053 εἰμί.

2171 5982 2284 6053 ιρι)
2312 6000 2399 6050 γρ.
2429 5979 2723 6047 τοιούτους,
2754 5981 2786 6052 ἦ
2814 5979 3094 6034 τοιούτοιν.
