  <div class='ocr_page' id='page_1' title='image "/cluster/home/n/w/nwhite01/storage/ocr_20150623/128:no.1/coo.31924054870336/169.png"; bbox 0 0 4078 6438; ppageno 0'>
   <div class='ocr_carea' id='block_1_1' title="bbox 414 244 519 308">
    <p class='ocr_par' dir='ltr' id='par_1_1' title="bbox 414 244 519 308">
     <span class='ocr_line' id='line_1_1' title="bbox 414 244 519 308; baseline -0.01 0"><span class='ocrx_word' id='word_1_1' title='bbox 414 244 519 308; x_wconf 72' lang='lat'><strong>3&#39;23</strong></span> 
     </span>
    </p>
   </div>
   <div class='ocr_carea' id='block_1_2' title="bbox 1599 242 2379 305">
    <p class='ocr_par' dir='ltr' id='par_1_2' title="bbox 1599 242 2379 305">
     <span class='ocr_line' id='line_1_2' title="bbox 1599 242 2379 305; baseline 0.003 -1"><span class='ocrx_word' id='word_1_2' title='bbox 1599 242 1981 304; x_wconf 85' lang='lat' dir='ltr'><strong>EUTHYMII</strong></span> <span class='ocrx_word' id='word_1_3' title='bbox 2019 243 2379 305; x_wconf 82' lang='lat' dir='ltr'><strong>ZIGABENI</strong></span> 
     </span>
    </p>
   </div>
   <div class='ocr_carea' id='block_1_3' title="bbox 3577 242 3685 305">
    <p class='ocr_par' dir='ltr' id='par_1_3' title="bbox 3577 242 3685 305">
     <span class='ocr_line' id='line_1_3' title="bbox 3577 242 3685 305; baseline 0 -1"><span class='ocrx_word' id='word_1_4' title='bbox 3577 242 3685 305; x_wconf 61' lang='lat'><strong>394</strong></span> 
     </span>
    </p>
   </div>
   <div class='ocr_carea' id='block_1_4' title="bbox 418 356 2005 433">
    <p class='ocr_par' dir='ltr' id='par_1_4' title="bbox 418 360 2005 433">
     <span class='ocr_line' id='line_1_4' title="bbox 418 360 2005 433; baseline -0.003 -16"><span class='ocrx_word' id='word_1_5' title='bbox 418 361 623 433; x_wconf 80' lang='lat' dir='ltr'><strong>posuit.</strong></span> <span class='ocrx_word' id='word_1_6' title='bbox 653 360 846 417; x_wconf 88' lang='lat' dir='ltr'><strong>Solent</strong></span> <span class='ocrx_word' id='word_1_7' title='bbox 875 363 1022 417; x_wconf 88' lang='lat' dir='ltr'><strong>enim</strong></span> <span class='ocrx_word' id='word_1_8' title='bbox 1053 364 1291 418; x_wconf 89' lang='lat' dir='ltr'><strong>victores</strong></span> <span class='ocrx_word' id='word_1_9' title='bbox 1320 360 1789 426; x_wconf 85' lang='lat' dir='ltr'><strong>victisinsultare,</strong></span> <span class='ocrx_word' id='word_1_10' title='bbox 1821 369 1876 415; x_wconf 92' lang='lat' dir='ltr'><strong>et</strong></span> <span class='ocrx_word' id='word_1_11' title='bbox 1911 376 2005 415; x_wconf 80' lang='lat' dir='ltr'><strong>su-</strong></span> 
     </span>
    </p>
   </div>
   <div class='ocr_carea' id='block_1_5' title="bbox 2108 356 3692 433">
    <p class='ocr_par' dir='ltr' id='par_1_5' title="bbox 2110 356 3692 433">
     <span class='ocr_line' id='line_1_5' title="bbox 2110 356 3692 433; baseline -0.003 -20"><span class='ocrx_word' id='word_1_12' title='bbox 2110 378 2236 415; x_wconf 89' lang='grc' dir='ltr'><strong>νων.</strong></span> <span class='ocrx_word' id='word_1_13' title='bbox 2270 361 2482 423; x_wconf 79' lang='grc' dir='ltr'><strong>’Δλλως</strong></span> <span class='ocrx_word' id='word_1_14' title='bbox 2507 359 2616 429; x_wconf 78' lang='grc' dir='ltr'>γὰρ</span> <span class='ocrx_word' id='word_1_15' title='bbox 2678 361 2781 415; x_wconf 77' lang='grc' dir='ltr'>οὐκ</span> <span class='ocrx_word' id='word_1_16' title='bbox 2828 356 2897 428; x_wconf 76' lang='grc' dir='ltr'><strong>ἦν</strong></span> <span class='ocrx_word' id='word_1_17' title='bbox 2944 360 3300 433; x_wconf 75' lang='grc' dir='ltr'><strong>πληρωθῆναι</strong></span> <span class='ocrx_word' id='word_1_18' title='bbox 3329 358 3426 431; x_wconf 77' lang='grc' dir='ltr'><strong>τὴν</strong></span> <span class='ocrx_word' id='word_1_19' title='bbox 3452 359 3692 428; x_wconf 77' lang='grc' dir='ltr'>αἴτησιν,</span> 
     </span>
    </p>
   </div>
   <div class='ocr_carea' id='block_1_6' title="bbox 418 450 2009 524">
    <p class='ocr_par' dir='ltr' id='par_1_6' title="bbox 418 450 2009 524">
     <span class='ocr_line' id='line_1_6' title="bbox 418 450 2009 524; baseline -0.003 -17"><span class='ocrx_word' id='word_1_20' title='bbox 418 469 514 524; x_wconf 86' lang='lat' dir='ltr'><strong>pra</strong></span> <span class='ocrx_word' id='word_1_21' title='bbox 543 453 665 509; x_wconf 90' lang='lat' dir='ltr'><strong>illos</strong></span> <span class='ocrx_word' id='word_1_22' title='bbox 693 452 1103 523; x_wconf 86' lang='lat' dir='ltr'><strong>quodammodo</strong></span> <span class='ocrx_word' id='word_1_23' title='bbox 1128 469 1189 509; x_wconf 92' lang='lat' dir='ltr'><strong>se</strong></span> <span class='ocrx_word' id='word_1_24' title='bbox 1211 452 1476 507; x_wconf 73' lang='lat' dir='ltr'><strong>extollere</strong></span> <span class='ocrx_word' id='word_1_25' title='bbox 1500 465 1517 516; x_wconf 90' lang='lat'><strong>;</strong></span> <span class='ocrx_word' id='word_1_26' title='bbox 1545 451 1705 505; x_wconf 89' lang='lat' dir='ltr'><strong>aliter</strong></span> <span class='ocrx_word' id='word_1_27' title='bbox 1730 450 1877 504; x_wconf 90' lang='lat' dir='ltr'><strong>enim</strong></span> <span class='ocrx_word' id='word_1_28' title='bbox 1911 466 2009 521; x_wconf 74' lang='grc' dir='ltr'>ρε-</span> 
     </span>
    </p>
   </div>
   <div class='ocr_carea' id='block_1_7' title="bbox 417 542 2007 620">
    <p class='ocr_par' dir='ltr' id='par_1_7' title="bbox 417 542 2007 620">
     <span class='ocr_line' id='line_1_7' title="bbox 417 542 2007 620; baseline -0.001 -20"><span class='ocrx_word' id='word_1_29' title='bbox 417 547 541 600; x_wconf 85' lang='lat' dir='ltr'><strong>titio</strong></span> <span class='ocrx_word' id='word_1_30' title='bbox 572 546 714 600; x_wconf 87' lang='lat' dir='ltr'><strong>beati</strong></span> <span class='ocrx_word' id='word_1_31' title='bbox 751 546 920 601; x_wconf 81' lang='lat' dir='ltr'><strong>David</strong></span> <span class='ocrx_word' id='word_1_32' title='bbox 957 546 1173 617; x_wconf 88' lang='lat' dir='ltr'><strong>impleri</strong></span> <span class='ocrx_word' id='word_1_33' title='bbox 1207 561 1313 600; x_wconf 92' lang='lat' dir='ltr'><strong>non</strong></span> <span class='ocrx_word' id='word_1_34' title='bbox 1345 555 1582 620; x_wconf 78' lang='lat' dir='ltr'><strong>poterat,</strong></span> <span class='ocrx_word' id='word_1_35' title='bbox 1616 544 1723 600; x_wconf 89' lang='lat' dir='ltr'><strong>nisi</strong></span> <span class='ocrx_word' id='word_1_36' title='bbox 1756 543 1878 614; x_wconf 85' lang='lat' dir='ltr'><strong>ejus</strong></span> <span class='ocrx_word' id='word_1_37' title='bbox 1901 542 2007 598; x_wconf 82' lang='lat' dir='ltr'><strong>i&#39;ni-</strong></span> 
     </span>
    </p>
   </div>
   <div class='ocr_carea' id='block_1_8' title="bbox 417 636 1326 708">
    <p class='ocr_par' dir='ltr' id='par_1_8' title="bbox 417 636 1326 708">
     <span class='ocr_line' id='line_1_8' title="bbox 417 636 1326 708; baseline 0 -16"><span class='ocrx_word' id='word_1_38' title='bbox 417 638 549 692; x_wconf 82' lang='lat' dir='ltr'><strong>mici</strong></span> <span class='ocrx_word' id='word_1_39' title='bbox 590 639 744 708; x_wconf 89' lang='lat' dir='ltr'><strong>prius</strong></span> <span class='ocrx_word' id='word_1_40' title='bbox 772 637 1038 693; x_wconf 87' lang='lat' dir='ltr'><strong>destructi</strong></span> <span class='ocrx_word' id='word_1_41' title='bbox 1067 636 1326 692; x_wconf 83' lang='lat' dir='ltr'><strong>fuissent.</strong></span> 
     </span>
    </p>
   </div>
   <div class='ocr_carea' id='block_1_9' title="bbox 482 726 2005 796">
    <p class='ocr_par' dir='ltr' id='par_1_9' title="bbox 482 726 2005 796">
     <span class='ocr_line' id='line_1_9' title="bbox 482 726 2005 796; baseline -0.001 -12"><span class='ocrx_word' id='word_1_42' title='bbox 482 728 722 784; x_wconf 80' lang='lat' dir='ltr'><strong>Circuivi</strong></span> <span class='ocrx_word' id='word_1_43' title='bbox 741 739 790 783; x_wconf 82' lang='lat' dir='ltr'><strong>et</strong></span> <span class='ocrx_word' id='word_1_44' title='bbox 819 728 1090 783; x_wconf 77' lang='lat' dir='ltr'><strong>immolavi</strong></span> <span class='ocrx_word' id='word_1_45' title='bbox 1118 731 1172 782; x_wconf 83' lang='lat' dir='ltr'><strong>in</strong></span> <span class='ocrx_word' id='word_1_46' title='bbox 1206 728 1548 783; x_wconf 83' lang='lat' dir='ltr'><strong>tabernaculo</strong></span> <span class='ocrx_word' id='word_1_47' title='bbox 1573 726 1713 796; x_wconf 72' lang='lat' dir='ltr'><strong>ejus.</strong></span> <span class='ocrx_word' id='word_1_48' title='bbox 1752 726 1910 795; x_wconf 84' lang='lat' dir='ltr'><strong>Quod</strong></span> <span class='ocrx_word' id='word_1_49' title='bbox 1949 729 2005 782; x_wconf 88' lang='lat' dir='ltr'><strong>in</strong></span> 
     </span>
    </p>
   </div>
   <div class='ocr_carea' id='block_1_10' title="bbox 414 816 2010 894">
    <p class='ocr_par' dir='ltr' id='par_1_10' title="bbox 414 816 2010 894">
     <span class='ocr_line' id='line_1_10' title="bbox 414 816 2010 894; baseline -0.002 -17"><span class='ocrx_word' id='word_1_50' title='bbox 414 824 746 894; x_wconf 70' lang='lat' dir='ltr'><strong>praecedenti</strong></span> <span class='ocrx_word' id='word_1_51' title='bbox 781 825 992 894; x_wconf 83' lang='lat' dir='ltr'><strong>psalmo</strong></span> <span class='ocrx_word' id='word_1_52' title='bbox 1017 834 1276 891; x_wconf 87' lang='lat' dir='ltr'><strong>tanquam</strong></span> <span class='ocrx_word' id='word_1_53' title='bbox 1312 820 1557 874; x_wconf 83' lang='lat' dir='ltr'><strong>futurum</strong></span> <span class='ocrx_word' id='word_1_54' title='bbox 1592 818 1733 873; x_wconf 80' lang='lat' dir='ltr'><strong>dixit</strong></span> <span class='ocrx_word' id='word_1_55' title='bbox 1763 834 1776 871; x_wconf 93' lang='lat'>:</span> <span class='ocrx_word' id='word_1_56' title='bbox 1806 816 1879 871; x_wconf 87' lang='lat' dir='ltr'><strong>Et</strong></span> <span class='ocrx_word' id='word_1_57' title='bbox 1902 820 2010 874; x_wconf 84' lang='lat' dir='ltr'><strong>cir-</strong></span> 
     </span>
    </p>
   </div>
   <div class='ocr_carea' id='block_1_11' title="bbox 415 910 2006 979">
    <p class='ocr_par' dir='ltr' id='par_1_11' title="bbox 415 910 2006 979">
     <span class='ocr_line' id='line_1_11' title="bbox 415 910 2006 979; baseline -0.002 -11"><span class='ocrx_word' id='word_1_58' title='bbox 415 914 679 969; x_wconf 78' lang='lat' dir='ltr'><strong>cumdabo</strong></span> <span class='ocrx_word' id='word_1_59' title='bbox 707 914 880 968; x_wconf 83' lang='lat' dir='ltr'><strong>altare</strong></span> <span class='ocrx_word' id='word_1_60' title='bbox 911 923 1082 978; x_wconf 85' lang='lat' dir='ltr'><strong>tuum,</strong></span> <span class='ocrx_word' id='word_1_61' title='bbox 1118 912 1383 978; x_wconf 80' lang='lat' dir='ltr'><strong>Domine;</strong></span> <span class='ocrx_word' id='word_1_62' title='bbox 1423 911 1475 965; x_wconf 96' lang='lat' dir='ltr'><strong>id</strong></span> <span class='ocrx_word' id='word_1_63' title='bbox 1517 924 1665 965; x_wconf 92' lang='lat' dir='ltr'><strong>nunc</strong></span> <span class='ocrx_word' id='word_1_64' title='bbox 1704 910 1863 979; x_wconf 88' lang='lat' dir='ltr'><strong>quasi</strong></span> <span class='ocrx_word' id='word_1_65' title='bbox 1893 914 2006 979; x_wconf 82' lang='lat' dir='ltr'><strong>jam</strong></span> 
     </span>
    </p>
   </div>
   <div class='ocr_carea' id='block_1_12' title="bbox 418 1002 2007 1077">
    <p class='ocr_par' dir='ltr' id='par_1_12' title="bbox 418 1002 2007 1077">
     <span class='ocr_line' id='line_1_12' title="bbox 418 1002 2007 1077; baseline -0.004 -15"><span class='ocrx_word' id='word_1_66' title='bbox 418 1006 770 1076; x_wconf 77' lang='lat' dir='ltr'><strong>adimpletum</strong></span> <span class='ocrx_word' id='word_1_67' title='bbox 812 1007 993 1077; x_wconf 89' lang='lat' dir='ltr'><strong>ponit,</strong></span> <span class='ocrx_word' id='word_1_68' title='bbox 1032 1003 1283 1066; x_wconf 82' lang='lat' dir='ltr'><strong>Circuioi,</strong></span> <span class='ocrx_word' id='word_1_69' title='bbox 1315 1003 1590 1071; x_wconf 85' lang='lat' dir='ltr'><strong>inquiens,</strong></span> <span class='ocrx_word' id='word_1_70' title='bbox 1636 1011 1687 1056; x_wconf 79' lang='lat' dir='ltr'><strong>et</strong></span> <span class='ocrx_word' id='word_1_71' title='bbox 1710 1002 2007 1057; x_wconf 80' lang='lat' dir='ltr'><strong>immolavi.</strong></span> 
     </span>
    </p>
   </div>
   <div class='ocr_carea' id='block_1_13' title="bbox 418 1095 2007 1171">
    <p class='ocr_par' dir='ltr' id='par_1_13' title="bbox 418 1095 2007 1171">
     <span class='ocr_line' id='line_1_13' title="bbox 418 1095 2007 1171; baseline -0.004 -16"><span class='ocrx_word' id='word_1_72' title='bbox 418 1102 614 1171; x_wconf 74' lang='lat' dir='ltr'><strong>Aquila</strong></span> <span class='ocrx_word' id='word_1_73' title='bbox 664 1115 793 1155; x_wconf 85' lang='lat' dir='ltr'><strong>vero</strong></span> <span class='ocrx_word' id='word_1_74' title='bbox 842 1116 858 1152; x_wconf 83' lang='lat'><strong>:</strong></span> <span class='ocrx_word' id='word_1_75' title='bbox 922 1098 1194 1152; x_wconf 74' lang='lat' dir='ltr'><strong>Exaltabo</strong></span> <span class='ocrx_word' id='word_1_76' title='bbox 1225 1137 1240 1162; x_wconf 89' lang='lat'><strong>,</strong></span> <span class='ocrx_word' id='word_1_77' title='bbox 1295 1098 1530 1152; x_wconf 73' lang='grc' dir='ltr'><strong>σὺ·οαὶὸο</strong></span> <span class='ocrx_word' id='word_1_78' title='bbox 1566 1138 1582 1164; x_wconf 89' lang='grc'>,</span> <span class='ocrx_word' id='word_1_79' title='bbox 1640 1109 1687 1150; x_wconf 83' lang='lat' dir='ltr'><strong>et</strong></span> <span class='ocrx_word' id='word_1_80' title='bbox 1724 1095 2007 1151; x_wconf 84' lang='lat' dir='ltr'><strong>immolabo</strong></span> 
     </span>
    </p>
   </div>
   <div class='ocr_carea' id='block_1_14' title="bbox 416 1187 2005 1260">
    <p class='ocr_par' dir='ltr' id='par_1_14' title="bbox 416 1187 2005 1260">
     <span class='ocr_line' id='line_1_14' title="bbox 416 1187 2005 1260; baseline -0.002 -15"><span class='ocrx_word' id='word_1_81' title='bbox 416 1192 723 1257; x_wconf 78' lang='lat' dir='ltr'><strong>transtulit,</strong></span> <span class='ocrx_word' id='word_1_82' title='bbox 755 1200 817 1246; x_wconf 92' lang='lat' dir='ltr'><strong>ut</strong></span> <span class='ocrx_word' id='word_1_83' title='bbox 849 1190 921 1245; x_wconf 85' lang='lat' dir='ltr'><strong>sit</strong></span> <span class='ocrx_word' id='word_1_84' title='bbox 953 1200 1175 1260; x_wconf 86' lang='lat' dir='ltr'><strong>tempus</strong></span> <span class='ocrx_word' id='word_1_85' title='bbox 1216 1205 1317 1260; x_wconf 92' lang='lat' dir='ltr'><strong>pro</strong></span> <span class='ocrx_word' id='word_1_86' title='bbox 1360 1202 1624 1256; x_wconf 88' lang='lat' dir='ltr'><strong>tempore.</strong></span> <span class='ocrx_word' id='word_1_87' title='bbox 1651 1187 2005 1244; x_wconf 85' lang='lat' dir='ltr'><strong>Tabernacu-</strong></span> 
     </span>
    </p>
   </div>
   <div class='ocr_carea' id='block_1_15' title="bbox 421 1279 1714 1351">
    <p class='ocr_par' dir='ltr' id='par_1_15' title="bbox 421 1279 1714 1351">
     <span class='ocr_line' id='line_1_15' title="bbox 421 1279 1714 1351; baseline -0.003 -14"><span class='ocrx_word' id='word_1_88' title='bbox 421 1285 529 1337; x_wconf 89' lang='lat' dir='ltr'><strong>lunt</strong></span> <span class='ocrx_word' id='word_1_89' title='bbox 566 1291 749 1337; x_wconf 89' lang='lat' dir='ltr'><strong>autent</strong></span> <span class='ocrx_word' id='word_1_90' title='bbox 782 1281 838 1335; x_wconf 92' lang='lat' dir='ltr'><strong>id</strong></span> <span class='ocrx_word' id='word_1_91' title='bbox 874 1281 1034 1347; x_wconf 88' lang='lat' dir='ltr'><strong>dicit,</strong></span> <span class='ocrx_word' id='word_1_92' title='bbox 1069 1282 1218 1351; x_wconf 84' lang='lat' dir='ltr'><strong>quod</strong></span> <span class='ocrx_word' id='word_1_93' title='bbox 1252 1282 1443 1336; x_wconf 79' lang='lat' dir='ltr'><strong>ﬁxerat</strong></span> <span class='ocrx_word' id='word_1_94' title='bbox 1477 1279 1714 1350; x_wconf 77' lang='lat' dir='ltr'><strong>Moyses.</strong></span> 
     </span>
    </p>
   </div>
   <div class='ocr_carea' id='block_1_16' title="bbox 492 1459 2008 1531">
    <p class='ocr_par' dir='ltr' id='par_1_16' title="bbox 492 1459 2008 1531">
     <span class='ocr_line' id='line_1_16' title="bbox 492 1459 2008 1531; baseline -0.003 -12"><span class='ocrx_word' id='word_1_95' title='bbox 492 1464 738 1519; x_wconf 82' lang='lat' dir='ltr'><strong>Hostiam</strong></span> <span class='ocrx_word' id='word_1_96' title='bbox 767 1464 945 1517; x_wconf 82' lang='lat' dir='ltr'><strong>laudis</strong></span> <span class='ocrx_word' id='word_1_97' title='bbox 984 1473 1034 1517; x_wconf 83' lang='lat' dir='ltr'><strong>et</strong></span> <span class='ocrx_word' id='word_1_98' title='bbox 1067 1462 1483 1531; x_wconf 75' lang='lat' dir='ltr'><strong>vociferationis.</strong></span> <span class='ocrx_word' id='word_1_99' title='bbox 1520 1460 1726 1516; x_wconf 86' lang='lat' dir='ltr'><strong>Laudis</strong></span> <span class='ocrx_word' id='word_1_100' title='bbox 1764 1459 2008 1531; x_wconf 83' lang='lat' dir='ltr'><strong>quidem,</strong></span> 
     </span>
    </p>
   </div>
   <div class='ocr_carea' id='block_1_17' title="bbox 421 1553 2010 1626">
    <p class='ocr_par' dir='ltr' id='par_1_17' title="bbox 421 1553 2010 1626">
     <span class='ocr_line' id='line_1_17' title="bbox 421 1553 2010 1626; baseline 0 -17"><span class='ocrx_word' id='word_1_101' title='bbox 421 1558 548 1624; x_wconf 85' lang='lat' dir='ltr'><strong>quia</strong></span> <span class='ocrx_word' id='word_1_102' title='bbox 577 1556 646 1610; x_wconf 87' lang='lat' dir='ltr'><strong>ab</strong></span> <span class='ocrx_word' id='word_1_103' title='bbox 674 1570 740 1611; x_wconf 90' lang='lat' dir='ltr'><strong>eo</strong></span> <span class='ocrx_word' id='word_1_104' title='bbox 764 1564 1047 1626; x_wconf 86' lang='lat' dir='ltr'><strong>protectus</strong></span> <span class='ocrx_word' id='word_1_105' title='bbox 1081 1569 1202 1610; x_wconf 75' lang='lat' dir='ltr'><strong>sum</strong></span> <span class='ocrx_word' id='word_1_106' title='bbox 1234 1571 1250 1620; x_wconf 90' lang='lat'><strong>;</strong></span> <span class='ocrx_word' id='word_1_107' title='bbox 1293 1553 1705 1609; x_wconf 79' lang='lat' dir='ltr'><strong>vociferationis</strong></span> <span class='ocrx_word' id='word_1_108' title='bbox 1754 1568 1907 1619; x_wconf 84' lang='lat' dir='ltr'><strong>vero,</strong></span> <span class='ocrx_word' id='word_1_109' title='bbox 1937 1553 2010 1609; x_wconf 87' lang='lat' dir='ltr'><strong>ob</strong></span> 
     </span>
    </p>
   </div>
   <div class='ocr_carea' id='block_1_18' title="bbox 2105 452 3390 524">
    <p class='ocr_par' dir='ltr' id='par_1_18' title="bbox 2105 452 3390 524">
     <span class='ocr_line' id='line_1_18' title="bbox 2105 452 3390 524; baseline 0 -19"><span class='ocrx_word' id='word_1_110' title='bbox 2105 455 2156 507; x_wconf 79' lang='grc' dir='ltr'>εὶ</span> <span class='ocrx_word' id='word_1_111' title='bbox 2187 452 2261 524; x_wconf 80' lang='grc' dir='ltr'><strong>μὴ</strong></span> <span class='ocrx_word' id='word_1_112' title='bbox 2292 454 2342 505; x_wconf 75' lang='grc' dir='ltr'>οἱ</span> <span class='ocrx_word' id='word_1_113' title='bbox 2366 452 2553 524; x_wconf 77' lang='grc' dir='ltr'>ἐχθροὶ</span> <span class='ocrx_word' id='word_1_114' title='bbox 2585 452 2753 507; x_wconf 79' lang='grc' dir='ltr'>αὐτοῦ</span> <span class='ocrx_word' id='word_1_115' title='bbox 2793 452 3390 524; x_wconf 72' lang='grc' dir='ltr'>προκατεργασθῶσιν.</span> 
     </span>
    </p>
   </div>
   <div class='ocr_carea' id='block_1_19' title="bbox 2192 720 3693 792">
    <p class='ocr_par' dir='ltr' id='par_1_19' title="bbox 2192 720 3693 792">
     <span class='ocr_line' id='line_1_19' title="bbox 2192 720 3693 792; baseline 0 -14"><span class='ocrx_word' id='word_1_116' title='bbox 2192 723 2551 778; x_wconf 68' lang='lat' dir='ltr'><strong>“Eacdean</strong></span> <span class='ocrx_word' id='word_1_117' title='bbox 2607 722 2709 777; x_wconf 73' lang='grc' dir='ltr'><strong>καί</strong></span> <span class='ocrx_word' id='word_1_118' title='bbox 2752 722 2945 780; x_wconf 79' lang='grc' dir='ltr'>ἔθυσα</span> <span class='ocrx_word' id='word_1_119' title='bbox 2991 723 3063 778; x_wconf 79' lang='grc' dir='ltr'><strong>ἐν</strong></span> <span class='ocrx_word' id='word_1_120' title='bbox 3110 721 3185 792; x_wconf 78' lang='grc' dir='ltr'><strong>τῇ</strong></span> <span class='ocrx_word' id='word_1_121' title='bbox 3232 721 3437 791; x_wconf 72' lang='grc' dir='ltr'>σκηνῇ</span> <span class='ocrx_word' id='word_1_122' title='bbox 3481 720 3693 779; x_wconf 82' lang='grc' dir='ltr'><strong>αὑτοῦ.</strong></span> 
     </span>
    </p>
   </div>
   <div class='ocr_carea' id='block_1_20' title="bbox 2110 809 3695 888">
    <p class='ocr_par' dir='ltr' id='par_1_20' title="bbox 2110 809 3695 888">
     <span class='ocr_line' id='line_1_20' title="bbox 2110 809 3695 888; baseline -0.001 -18"><span class='ocrx_word' id='word_1_123' title='bbox 2110 817 2293 886; x_wconf 83' lang='grc' dir='ltr'><strong>Ὅπερ</strong></span> <span class='ocrx_word' id='word_1_124' title='bbox 2338 818 2397 870; x_wconf 79' lang='grc' dir='ltr'><strong>ὲν</strong></span> <span class='ocrx_word' id='word_1_125' title='bbox 2428 815 2507 887; x_wconf 82' lang='grc' dir='ltr'><strong>τῷ</strong></span> <span class='ocrx_word' id='word_1_126' title='bbox 2544 816 2875 888; x_wconf 76' lang='grc' dir='ltr'>προλαϐόντι</span> <span class='ocrx_word' id='word_1_127' title='bbox 2913 815 3118 887; x_wconf 75' lang='grc' dir='ltr'>ψαλμῷ</span> <span class='ocrx_word' id='word_1_128' title='bbox 3162 809 3319 869; x_wconf 77' lang='grc' dir='ltr'>εἶπεν</span> <span class='ocrx_word' id='word_1_129' title='bbox 3370 815 3445 879; x_wconf 83' lang='grc' dir='ltr'>ὡς</span> <span class='ocrx_word' id='word_1_130' title='bbox 3474 815 3695 886; x_wconf 80' lang='grc' dir='ltr'><strong>μέλλον,</strong></span> 
     </span>
    </p>
   </div>
   <div class='ocr_carea' id='block_1_21' title="bbox 2107 907 3700 979">
    <p class='ocr_par' dir='ltr' id='par_1_21' title="bbox 2107 907 3700 979">
     <span class='ocr_line' id='line_1_21' title="bbox 2107 907 3700 979; baseline 0.001 -19"><span class='ocrx_word' id='word_1_131' title='bbox 2107 907 2270 961; x_wconf 81' lang='grc' dir='ltr'><strong>τοῦτο</strong></span> <span class='ocrx_word' id='word_1_132' title='bbox 2304 907 2398 962; x_wconf 81' lang='grc' dir='ltr'><strong>νῦν</strong></span> <span class='ocrx_word' id='word_1_133' title='bbox 2436 908 2513 971; x_wconf 80' lang='grc' dir='ltr'><strong>ὡς</strong></span> <span class='ocrx_word' id='word_1_134' title='bbox 2550 907 2722 962; x_wconf 73' lang='grc' dir='ltr'>ἐκϐὰν</span> <span class='ocrx_word' id='word_1_135' title='bbox 2754 910 2835 972; x_wconf 85' lang='grc' dir='ltr'><strong>εἰς</strong></span> <span class='ocrx_word' id='word_1_136' title='bbox 2878 910 3033 972; x_wconf 79' lang='grc' dir='ltr'><strong>τέλος</strong></span> <span class='ocrx_word' id='word_1_137' title='bbox 3064 908 3254 979; x_wconf 83' lang='grc' dir='ltr'>φησίν.</span> <span class='ocrx_word' id='word_1_138' title='bbox 3306 908 3456 962; x_wconf 84' lang='grc' dir='ltr'>Ἐκεῖ</span> <span class='ocrx_word' id='word_1_139' title='bbox 3496 909 3596 979; x_wconf 85' lang='grc' dir='ltr'><strong>μὲν</strong></span> <span class='ocrx_word' id='word_1_140' title='bbox 3623 908 3700 962; x_wconf 78' lang='grc' dir='ltr'><strong>ετ-</strong></span> 
     </span>
    </p>
   </div>
   <div class='ocr_carea' id='block_1_22' title="bbox 2111 1000 3694 1072">
    <p class='ocr_par' dir='ltr' id='par_1_22' title="bbox 2111 1000 3694 1072">
     <span class='ocr_line' id='line_1_22' title="bbox 2111 1000 3694 1072; baseline 0.001 -18"><span class='ocrx_word' id='word_1_141' title='bbox 2111 1016 2304 1072; x_wconf 77' lang='grc' dir='ltr'>ρηκενο</span> <span class='ocrx_word' id='word_1_142' title='bbox 2338 1001 2447 1055; x_wconf 78' lang='grc' dir='ltr'><strong>Καὶ</strong></span> <span class='ocrx_word' id='word_1_143' title='bbox 2468 1000 2767 1056; x_wconf 74' lang='grc' dir='ltr'>κύκλώσω</span> <span class='ocrx_word' id='word_1_144' title='bbox 2796 1005 2863 1054; x_wconf 78' lang='grc' dir='ltr'><strong>τὸ</strong></span> <span class='ocrx_word' id='word_1_145' title='bbox 2884 1000 3324 1070; x_wconf 81' lang='grc' dir='ltr'>θυσιαστήριόν</span> <span class='ocrx_word' id='word_1_146' title='bbox 3338 1018 3477 1066; x_wconf 82' lang='grc' dir='ltr'>σου,</span> <span class='ocrx_word' id='word_1_147' title='bbox 3497 1002 3694 1069; x_wconf 77' lang='grc' dir='ltr'><strong>Κύριε·</strong></span> 
     </span>
    </p>
   </div>
   <div class='ocr_carea' id='block_1_23' title="bbox 2110 1092 3695 1160">
    <p class='ocr_par' dir='ltr' id='par_1_23' title="bbox 2110 1092 3695 1160">
     <span class='ocr_line' id='line_1_23' title="bbox 2110 1092 3695 1160; baseline 0 -13"><span class='ocrx_word' id='word_1_148' title='bbox 2110 1092 2349 1148; x_wconf 71' lang='grc' dir='ltr'>ἐνταῦθα</span> <span class='ocrx_word' id='word_1_149' title='bbox 2378 1094 2462 1160; x_wconf 82' lang='grc' dir='ltr'><strong>δὲ,</strong></span> <span class='ocrx_word' id='word_1_150' title='bbox 2501 1094 2856 1149; x_wconf 79' lang='grc' dir='ltr'><strong>Ἐκύκλωσα</strong></span> <span class='ocrx_word' id='word_1_151' title='bbox 2910 1095 3012 1148; x_wconf 75' lang='grc' dir='ltr'>καὶ</span> <span class='ocrx_word' id='word_1_152' title='bbox 3053 1095 3266 1149; x_wconf 67' lang='grc' dir='ltr'>ἔθυσεν</span> <span class='ocrx_word' id='word_1_153' title='bbox 3300 1094 3695 1158; x_wconf 77' lang='grc' dir='ltr'><strong>ὁδὲοἊκὺλας,</strong></span> 
     </span>
    </p>
   </div>
   <div class='ocr_carea' id='block_1_24' title="bbox 2107 1183 3698 1253">
    <p class='ocr_par' dir='ltr' id='par_1_24' title="bbox 2107 1183 3698 1253">
     <span class='ocr_line' id='line_1_24' title="bbox 2107 1183 3698 1253; baseline -0.001 -15"><span class='ocrx_word' id='word_1_154' title='bbox 2107 1183 2219 1238; x_wconf 77' lang='lat' dir='ltr'><strong>Kal</strong></span> <span class='ocrx_word' id='word_1_155' title='bbox 2261 1183 2508 1253; x_wconf 71' lang='grc' dir='ltr'><strong>ὑψώσω,</strong></span> <span class='ocrx_word' id='word_1_156' title='bbox 2546 1183 2648 1238; x_wconf 79' lang='grc' dir='ltr'>καὶ</span> <span class='ocrx_word' id='word_1_157' title='bbox 2690 1184 3006 1250; x_wconf 76' lang='grc' dir='ltr'>κυκλώσω,</span> <span class='ocrx_word' id='word_1_158' title='bbox 3057 1188 3156 1239; x_wconf 75' lang='grc' dir='ltr'>καὶ</span> <span class='ocrx_word' id='word_1_159' title='bbox 3189 1186 3377 1253; x_wconf 83' lang='grc' dir='ltr'><strong>θύσω,</strong></span> <span class='ocrx_word' id='word_1_160' title='bbox 3411 1185 3698 1251; x_wconf 66' lang='grc' dir='ltr'><strong>ἐξέδωκεν,</strong></span> 
     </span>
    </p>
   </div>
   <div class='ocr_carea' id='block_1_25' title="bbox 2109 1265 3697 1346">
    <p class='ocr_par' dir='ltr' id='par_1_25' title="bbox 2109 1265 3697 1346">
     <span class='ocr_line' id='line_1_25' title="bbox 2109 1265 3697 1346; baseline 0.003 -22"><span class='ocrx_word' id='word_1_161' title='bbox 2109 1271 2185 1334; x_wconf 81' lang='grc' dir='ltr'><strong>ὡς</strong></span> <span class='ocrx_word' id='word_1_162' title='bbox 2216 1265 2360 1324; x_wconf 69' lang='grc' dir='ltr'>εἶναι</span> <span class='ocrx_word' id='word_1_163' title='bbox 2395 1272 2486 1325; x_wconf 81' lang='grc' dir='ltr'><strong>τὸν</strong></span> <span class='ocrx_word' id='word_1_164' title='bbox 2506 1273 2700 1343; x_wconf 86' lang='grc' dir='ltr'><strong>χρόνον</strong></span> <span class='ocrx_word' id='word_1_165' title='bbox 2730 1274 3159 1345; x_wconf 63' lang='grc' dir='ltr'><strong>ἐνηλλαγμένων.</strong></span> <span class='ocrx_word' id='word_1_166' title='bbox 3185 1276 3401 1346; x_wconf 88' lang='grc' dir='ltr'>Σκηνὴν</span> <span class='ocrx_word' id='word_1_167' title='bbox 3431 1274 3487 1329; x_wconf 85' lang='grc' dir='ltr'><strong>δὲ</strong></span> <span class='ocrx_word' id='word_1_168' title='bbox 3519 1275 3697 1344; x_wconf 78' lang='grc' dir='ltr'><strong>λέγει.</strong></span> 
     </span>
    </p>
   </div>
   <div class='ocr_carea' id='block_1_26' title="bbox 2112 1360 2735 1434">
    <p class='ocr_par' dir='ltr' id='par_1_26' title="bbox 2112 1360 2735 1434">
     <span class='ocr_line' id='line_1_26' title="bbox 2112 1360 2735 1434; baseline 0.008 -22"><span class='ocrx_word' id='word_1_169' title='bbox 2112 1362 2182 1431; x_wconf 86' lang='grc' dir='ltr'><strong>ἥν</strong></span> <span class='ocrx_word' id='word_1_170' title='bbox 2213 1360 2417 1431; x_wconf 71' lang='grc' dir='ltr'>ἔπηξεν</span> <span class='ocrx_word' id='word_1_171' title='bbox 2439 1361 2469 1415; x_wconf 84' lang='grc' dir='ltr'><strong>ὁ</strong></span> <span class='ocrx_word' id='word_1_172' title='bbox 2506 1363 2735 1434; x_wconf 81' lang='grc' dir='ltr'><strong>Μωσῆς.</strong></span> 
     </span>
    </p>
   </div>
   <div class='ocr_carea' id='block_1_27' title="bbox 2179 1452 3694 1524">
    <p class='ocr_par' dir='ltr' id='par_1_27' title="bbox 2179 1452 3694 1524">
     <span class='ocr_line' id='line_1_27' title="bbox 2179 1452 3694 1524; baseline 0.001 -19"><span class='ocrx_word' id='word_1_173' title='bbox 2179 1452 2414 1506; x_wconf 77' lang='grc' dir='ltr'>Θυσίαν</span> <span class='ocrx_word' id='word_1_174' title='bbox 2482 1452 2771 1519; x_wconf 71' lang='grc' dir='ltr'><strong>αἰνέσεως</strong></span> <span class='ocrx_word' id='word_1_175' title='bbox 2823 1453 2923 1508; x_wconf 75' lang='grc' dir='ltr'>καὶ</span> <span class='ocrx_word' id='word_1_176' title='bbox 2978 1454 3357 1524; x_wconf 72' lang='grc' dir='ltr'><strong>ἀλαλαγμοῦ.</strong></span> <span class='ocrx_word' id='word_1_177' title='bbox 3414 1455 3694 1516; x_wconf 73' lang='grc' dir='ltr'><strong>Αἰνέσεως</strong></span> 
     </span>
    </p>
   </div>
   <div class='ocr_carea' id='block_1_28' title="bbox 2112 1539 3696 1619">
    <p class='ocr_par' dir='ltr' id='par_1_28' title="bbox 2112 1539 3696 1619">
     <span class='ocr_line' id='line_1_28' title="bbox 2112 1539 3696 1619; baseline 0.003 -23"><span class='ocrx_word' id='word_1_178' title='bbox 2112 1542 2234 1613; x_wconf 84' lang='grc' dir='ltr'><strong>μὲν,</strong></span> <span class='ocrx_word' id='word_1_179' title='bbox 2269 1544 2354 1612; x_wconf 70' lang='grc' dir='ltr'><strong>ἐφ’</strong></span> <span class='ocrx_word' id='word_1_180' title='bbox 2398 1539 2481 1608; x_wconf 78' lang='grc' dir='ltr'><strong>οἷς</strong></span> <span class='ocrx_word' id='word_1_181' title='bbox 2533 1546 2910 1618; x_wconf 72' lang='grc' dir='ltr'>ὲσκεπάσθηψ</span> <span class='ocrx_word' id='word_1_182' title='bbox 2965 1546 3291 1619; x_wconf 82' lang='grc' dir='ltr'><strong>ἀλαλαγμοῦ</strong></span> <span class='ocrx_word' id='word_1_183' title='bbox 3338 1548 3418 1613; x_wconf 86' lang='grc' dir='ltr'><strong>δὲ,</strong></span> <span class='ocrx_word' id='word_1_184' title='bbox 3472 1549 3557 1617; x_wconf 77' lang='grc' dir='ltr'><strong>ἐφ’</strong></span> <span class='ocrx_word' id='word_1_185' title='bbox 3610 1546 3696 1612; x_wconf 77' lang='grc' dir='ltr'><strong>οἷς</strong></span> 
     </span>
    </p>
   </div>
   <div class='ocr_carea' id='block_1_29' title="bbox 419 1634 2005 1712">
    <p class='ocr_par' dir='ltr' id='par_1_29' title="bbox 419 1641 2005 1706">
     <span class='ocr_line' id='line_1_29' title="bbox 419 1641 2005 1706; baseline -0.002 -7"><span class='ocrx_word' id='word_1_186' title='bbox 419 1646 705 1700; x_wconf 80' lang='lat' dir='ltr'><strong>victoriam</strong></span> <span class='ocrx_word' id='word_1_187' title='bbox 753 1648 819 1700; x_wconf 91' lang='lat' dir='ltr'><strong>de</strong></span> <span class='ocrx_word' id='word_1_188' title='bbox 866 1644 1123 1699; x_wconf 88' lang='lat' dir='ltr'><strong>inimicis.</strong></span> <span class='ocrx_word' id='word_1_189' title='bbox 1173 1641 1507 1698; x_wconf 82' lang='lat' dir='ltr'><strong>Vociferatio</strong></span> <span class='ocrx_word' id='word_1_190' title='bbox 1550 1644 1696 1699; x_wconf 89' lang='lat' dir='ltr'><strong>enim</strong></span> <span class='ocrx_word' id='word_1_191' title='bbox 1725 1679 1742 1706; x_wconf 91' lang='lat'><strong>,</strong></span> <span class='ocrx_word' id='word_1_192' title='bbox 1800 1644 2005 1698; x_wconf 89' lang='lat' dir='ltr'><strong>clamor</strong></span> 
     </span>
    </p>
   </div>
   <div class='ocr_carea' id='block_1_30' title="bbox 2108 1634 3698 1712">
    <p class='ocr_par' dir='ltr' id='par_1_30' title="bbox 2110 1634 3698 1712">
     <span class='ocr_line' id='line_1_30' title="bbox 2110 1634 3698 1712; baseline 0.004 -23"><span class='ocrx_word' id='word_1_193' title='bbox 2110 1634 2410 1707; x_wconf 73' lang='grc' dir='ltr'><strong>νενίκηκα·</strong></span> <span class='ocrx_word' id='word_1_194' title='bbox 2445 1637 2767 1709; x_wconf 78' lang='grc' dir='ltr'><strong>ἀλαλαγμὸς</strong></span> <span class='ocrx_word' id='word_1_195' title='bbox 2803 1639 2916 1710; x_wconf 82' lang='grc' dir='ltr'><strong>γάρ</strong></span> <span class='ocrx_word' id='word_1_196' title='bbox 2964 1640 3084 1693; x_wconf 70' lang='grc' dir='ltr'>ἐστι</span> <span class='ocrx_word' id='word_1_197' title='bbox 3282 1641 3407 1694; x_wconf 80' lang='grc' dir='ltr'>κατ’</span> <span class='ocrx_word' id='word_1_198' title='bbox 3458 1638 3698 1711; x_wconf 80' lang='grc' dir='ltr'><strong>ἐχθρῶν.</strong></span> 
     </span>
    </p>
   </div>
   <div class='ocr_carea' id='block_1_31' title="bbox 420 1708 2005 1807">
    <p class='ocr_par' dir='ltr' id='par_1_31' title="bbox 420 1734 2005 1807">
     <span class='ocr_line' id='line_1_31' title="bbox 420 1734 2005 1807; baseline -0.001 -16"><span class='ocrx_word' id='word_1_199' title='bbox 420 1738 644 1807; x_wconf 81' lang='lat' dir='ltr'><strong>quidam</strong></span> <span class='ocrx_word' id='word_1_200' title='bbox 677 1746 762 1791; x_wconf 89' lang='lat' dir='ltr'><strong>est</strong></span> <span class='ocrx_word' id='word_1_201' title='bbox 786 1735 1055 1790; x_wconf 87' lang='lat' dir='ltr'><strong>adversus</strong></span> <span class='ocrx_word' id='word_1_202' title='bbox 1093 1734 1390 1799; x_wconf 83' lang='lat' dir='ltr'><strong>inimicos;</strong></span> <span class='ocrx_word' id='word_1_203' title='bbox 1423 1736 1646 1790; x_wconf 84' lang='lat' dir='ltr'><strong>tametsi</strong></span> <span class='ocrx_word' id='word_1_204' title='bbox 1677 1736 1782 1790; x_wconf 83' lang='lat' dir='ltr'><strong>boc</strong></span> <span class='ocrx_word' id='word_1_205' title='bbox 1807 1736 1862 1789; x_wconf 92' lang='lat' dir='ltr'><strong>in</strong></span> <span class='ocrx_word' id='word_1_206' title='bbox 1886 1734 2005 1790; x_wconf 81' lang='lat' dir='ltr'><strong>loco</strong></span> 
     </span>
    </p>
   </div>
   <div class='ocr_carea' id='block_1_32' title="bbox 2108 1708 3701 1807">
    <p class='ocr_par' dir='ltr' id='par_1_32' title="bbox 2113 1708 3701 1804">
     <span class='ocr_line' id='line_1_32' title="bbox 2113 1708 3701 1804; baseline 0.003 -23"><span class='ocrx_word' id='word_1_207' title='bbox 2113 1727 2366 1782; x_wconf 81' lang='grc' dir='ltr'>Τέθειται</span> <span class='ocrx_word' id='word_1_208' title='bbox 2400 1729 2460 1783; x_wconf 84' lang='grc' dir='ltr'><strong>δὲ</strong></span> <span class='ocrx_word' id='word_1_209' title='bbox 2486 1729 2582 1785; x_wconf 72' lang='grc' dir='ltr'><strong>νῦν</strong></span> <span class='ocrx_word' id='word_1_210' title='bbox 2616 1731 2742 1786; x_wconf 77' lang='grc' dir='ltr'><strong>ἀντὶ</strong></span> <span class='ocrx_word' id='word_1_211' title='bbox 2760 1732 2855 1786; x_wconf 78' lang='grc' dir='ltr'><strong>τοῦ</strong></span> <span class='ocrx_word' id='word_1_212' title='bbox 2883 1708 3701 1804; x_wconf 23' lang='grc' dir='ltr'>νικητηρίουνπαιᾶνος.Ᾰὲγει</span> 
     </span>
    </p>
   </div>
   <div class='ocr_carea' id='block_1_33' title="bbox 418 1824 2005 1897">
    <p class='ocr_par' dir='ltr' id='par_1_33' title="bbox 418 1824 2005 1897">
     <span class='ocr_line' id='line_1_33' title="bbox 418 1824 2005 1897; baseline -0.002 -15"><span class='ocrx_word' id='word_1_213' title='bbox 418 1844 516 1897; x_wconf 87' lang='lat' dir='ltr'><strong>pro</strong></span> <span class='ocrx_word' id='word_1_214' title='bbox 546 1836 708 1882; x_wconf 87' lang='lat' dir='ltr'><strong>cantu</strong></span> <span class='ocrx_word' id='word_1_215' title='bbox 732 1826 970 1897; x_wconf 84' lang='lat' dir='ltr'><strong>quodam</strong></span> <span class='ocrx_word' id='word_1_216' title='bbox 1010 1825 1332 1895; x_wconf 86' lang='lat' dir='ltr'><strong>triumphali</strong></span> <span class='ocrx_word' id='word_1_217' title='bbox 1355 1825 1623 1895; x_wconf 82' lang='lat' dir='ltr'><strong>posuerit.</strong></span> <span class='ocrx_word' id='word_1_218' title='bbox 1642 1824 1748 1881; x_wconf 86' lang='lat' dir='ltr'><strong>Per</strong></span> <span class='ocrx_word' id='word_1_219' title='bbox 1767 1826 2005 1880; x_wconf 85' lang='lat' dir='ltr'><strong>hostiam</strong></span> 
     </span>
    </p>
   </div>
   <div class='ocr_carea' id='block_1_34' title="bbox 418 1916 2008 1987">
    <p class='ocr_par' dir='ltr' id='par_1_34' title="bbox 418 1916 2008 1987">
     <span class='ocr_line' id='line_1_34' title="bbox 418 1916 2008 1987; baseline -0.002 -15"><span class='ocrx_word' id='word_1_220' title='bbox 418 1929 602 1972; x_wconf 79' lang='lat' dir='ltr'><strong>autent</strong></span> <span class='ocrx_word' id='word_1_221' title='bbox 643 1917 980 1973; x_wconf 80' lang='lat' dir='ltr'><strong>sacriﬁcium</strong></span> <span class='ocrx_word' id='word_1_222' title='bbox 1005 1916 1282 1986; x_wconf 75' lang='lat' dir='ltr'><strong>intelligit,</strong></span> <span class='ocrx_word' id='word_1_223' title='bbox 1315 1916 1370 1969; x_wconf 92' lang='lat' dir='ltr'><strong>itt</strong></span> <span class='ocrx_word' id='word_1_224' title='bbox 1405 1917 1709 1987; x_wconf 75' lang='lat' dir='ltr'><strong>gratiarum</strong></span> <span class='ocrx_word' id='word_1_225' title='bbox 1733 1916 2008 1972; x_wconf 80' lang='lat' dir='ltr'><strong>actionem</strong></span> 
     </span>
    </p>
   </div>
   <div class='ocr_carea' id='block_1_35' title="bbox 415 2008 1449 2079">
    <p class='ocr_par' dir='ltr' id='par_1_35' title="bbox 415 2008 1449 2079">
     <span class='ocr_line' id='line_1_35' title="bbox 415 2008 1449 2079; baseline -0.003 -13"><span class='ocrx_word' id='word_1_226' title='bbox 415 2011 682 2073; x_wconf 87' lang='lat' dir='ltr'><strong>oblatnut,</strong></span> <span class='ocrx_word' id='word_1_227' title='bbox 725 2022 822 2079; x_wconf 90' lang='lat' dir='ltr'><strong>pro</strong></span> <span class='ocrx_word' id='word_1_228' title='bbox 851 2008 1060 2063; x_wconf 78' lang='lat' dir='ltr'><strong>auxilio</strong></span> <span class='ocrx_word' id='word_1_229' title='bbox 1095 2018 1153 2062; x_wconf 90' lang='lat' dir='ltr'><strong>et</strong></span> <span class='ocrx_word' id='word_1_230' title='bbox 1184 2008 1449 2063; x_wconf 87' lang='lat' dir='ltr'><strong>victoria.</strong></span> 
     </span>
    </p>
   </div>
   <div class='ocr_carea' id='block_1_36' title="bbox 490 2098 2006 2168">
    <p class='ocr_par' dir='ltr' id='par_1_36' title="bbox 490 2098 2006 2168">
     <span class='ocr_line' id='line_1_36' title="bbox 490 2098 2006 2168; baseline 0.002 -14"><span class='ocrx_word' id='word_1_231' title='bbox 490 2099 729 2154; x_wconf 87' lang='lat' dir='ltr'><strong>Cantabo</strong></span> <span class='ocrx_word' id='word_1_232' title='bbox 763 2110 808 2153; x_wconf 88' lang='lat' dir='ltr'><strong>et</strong></span> <span class='ocrx_word' id='word_1_233' title='bbox 831 2098 1065 2168; x_wconf 78' lang='lat' dir='ltr'><strong>psallam</strong></span> <span class='ocrx_word' id='word_1_234' title='bbox 1090 2098 1340 2153; x_wconf 81' lang='lat' dir='ltr'><strong>Domino.</strong></span> <span class='ocrx_word' id='word_1_235' title='bbox 1377 2099 1517 2164; x_wconf 79' lang='lat' dir='ltr'><strong>Quid</strong></span> <span class='ocrx_word' id='word_1_236' title='bbox 1562 2098 1819 2154; x_wconf 77' lang='lat' dir='ltr'><strong>diﬂ&#39;crant</strong></span> <span class='ocrx_word' id='word_1_237' title='bbox 1859 2114 2006 2157; x_wconf 87' lang='lat' dir='ltr'><strong>can-</strong></span> 
     </span>
    </p>
   </div>
   <div class='ocr_carea' id='block_1_37' title="bbox 417 2188 1713 2262">
    <p class='ocr_par' dir='ltr' id='par_1_37' title="bbox 417 2188 1713 2262">
     <span class='ocr_line' id='line_1_37' title="bbox 417 2188 1713 2262; baseline 0.004 -20"><span class='ocrx_word' id='word_1_238' title='bbox 417 2198 536 2246; x_wconf 87' lang='lat' dir='ltr'><strong>tare</strong></span> <span class='ocrx_word' id='word_1_239' title='bbox 565 2199 622 2246; x_wconf 93' lang='lat' dir='ltr'><strong>et</strong></span> <span class='ocrx_word' id='word_1_240' title='bbox 649 2192 901 2260; x_wconf 81' lang='lat' dir='ltr'><strong>psallere,</strong></span> <span class='ocrx_word' id='word_1_241' title='bbox 933 2188 1141 2245; x_wconf 88' lang='lat' dir='ltr'><strong>dictum</strong></span> <span class='ocrx_word' id='word_1_242' title='bbox 1170 2201 1257 2246; x_wconf 87' lang='lat' dir='ltr'><strong>est</strong></span> <span class='ocrx_word' id='word_1_243' title='bbox 1289 2192 1343 2246; x_wconf 90' lang='lat' dir='ltr'><strong>in</strong></span> <span class='ocrx_word' id='word_1_244' title='bbox 1370 2193 1581 2262; x_wconf 85' lang='lat' dir='ltr'><strong>psalmo</strong></span> <span class='ocrx_word' id='word_1_245' title='bbox 1613 2208 1713 2248; x_wconf 83' lang='lat' dir='ltr'><strong>xu.</strong></span> 
     </span>
    </p>
   </div>
   <div class='ocr_carea' id='block_1_38' title="bbox 486 2364 2005 2443">
    <p class='ocr_par' dir='ltr' id='par_1_38' title="bbox 486 2364 2005 2443">
     <span class='ocr_line' id='line_1_38' title="bbox 486 2364 2005 2443; baseline 0.006 -22"><span class='ocrx_word' id='word_1_246' title='bbox 486 2365 653 2422; x_wconf 73' lang='lat' dir='ltr'><strong>Vens.</strong></span> <span class='ocrx_word' id='word_1_247' title='bbox 674 2367 727 2423; x_wconf 85' lang='grc'><strong>7.</strong></span> <span class='ocrx_word' id='word_1_248' title='bbox 759 2364 979 2422; x_wconf 68' lang='lat' dir='ltr'><strong>Exaudi</strong></span> <span class='ocrx_word' id='word_1_249' title='bbox 995 2367 1223 2424; x_wconf 78' lang='lat' dir='ltr'><strong>Domine</strong></span> <span class='ocrx_word' id='word_1_250' title='bbox 1238 2385 1411 2424; x_wconf 80' lang='lat' dir='ltr'><strong>uocem</strong></span> <span class='ocrx_word' id='word_1_251' title='bbox 1437 2386 1611 2425; x_wconf 83' lang='lat' dir='ltr'><strong>meam</strong></span> <span class='ocrx_word' id='word_1_252' title='bbox 1626 2388 1731 2443; x_wconf 85' lang='lat' dir='ltr'><strong>qua</strong></span> <span class='ocrx_word' id='word_1_253' title='bbox 1753 2373 2005 2432; x_wconf 82' lang='lat' dir='ltr'><strong>clamavi.</strong></span> 
     </span>
    </p>
   </div>
   <div class='ocr_carea' id='block_1_39' title="bbox 417 2458 2006 2532">
    <p class='ocr_par' dir='ltr' id='par_1_39' title="bbox 417 2458 2006 2532">
     <span class='ocr_line' id='line_1_39' title="bbox 417 2458 2006 2532; baseline 0.005 -18"><span class='ocrx_word' id='word_1_254' title='bbox 417 2458 557 2514; x_wconf 90' lang='lat' dir='ltr'><strong>Cum</strong></span> <span class='ocrx_word' id='word_1_255' title='bbox 593 2473 691 2529; x_wconf 91' lang='lat' dir='ltr'><strong>per</strong></span> <span class='ocrx_word' id='word_1_256' title='bbox 717 2460 891 2514; x_wconf 82' lang='lat' dir='ltr'><strong>sancti</strong></span> <span class='ocrx_word' id='word_1_257' title='bbox 918 2459 1160 2530; x_wconf 85' lang='lat' dir='ltr'><strong>Spiritus</strong></span> <span class='ocrx_word' id='word_1_258' title='bbox 1190 2461 1610 2531; x_wconf 85' lang='lat' dir='ltr'><strong>inspirationem</strong></span> <span class='ocrx_word' id='word_1_259' title='bbox 1649 2465 1700 2517; x_wconf 91' lang='lat' dir='ltr'><strong>ei</strong></span> <span class='ocrx_word' id='word_1_260' title='bbox 1736 2465 2006 2532; x_wconf 65' lang='lat' dir='ltr'><strong>praedixe-</strong></span> 
     </span>
    </p>
   </div>
   <div class='ocr_carea' id='block_1_40' title="bbox 418 2550 2006 2622">
    <p class='ocr_par' dir='ltr' id='par_1_40' title="bbox 418 2550 2006 2622">
     <span class='ocr_line' id='line_1_40' title="bbox 418 2550 2006 2622; baseline 0.004 -20"><span class='ocrx_word' id='word_1_261' title='bbox 418 2551 513 2613; x_wconf 86' lang='lat' dir='ltr'><strong>rit,</strong></span> <span class='ocrx_word' id='word_1_262' title='bbox 542 2564 665 2619; x_wconf 82' lang='lat' dir='ltr'><strong>quae</strong></span> <span class='ocrx_word' id='word_1_263' title='bbox 693 2550 762 2604; x_wconf 86' lang='lat' dir='ltr'><strong>ad</strong></span> <span class='ocrx_word' id='word_1_264' title='bbox 792 2563 853 2604; x_wconf 88' lang='lat' dir='ltr'><strong>se</strong></span> <span class='ocrx_word' id='word_1_265' title='bbox 885 2550 1268 2620; x_wconf 78' lang='lat' dir='ltr'><strong>pertinebant,</strong></span> <span class='ocrx_word' id='word_1_266' title='bbox 1311 2566 1505 2607; x_wconf 88' lang='lat' dir='ltr'><strong>rursus</strong></span> <span class='ocrx_word' id='word_1_267' title='bbox 1541 2550 1609 2606; x_wconf 79' lang='lat' dir='ltr'><strong>ad</strong></span> <span class='ocrx_word' id='word_1_268' title='bbox 1648 2554 1889 2622; x_wconf 88' lang='lat' dir='ltr'><strong>priorem</strong></span> <span class='ocrx_word' id='word_1_269' title='bbox 1916 2553 2006 2608; x_wconf 85' lang='lat' dir='ltr'><strong>iu-</strong></span> 
     </span>
    </p>
   </div>
   <div class='ocr_carea' id='block_1_41' title="bbox 417 2640 2010 2716">
    <p class='ocr_par' dir='ltr' id='par_1_41' title="bbox 417 2640 2010 2716">
     <span class='ocr_line' id='line_1_41' title="bbox 417 2640 2010 2716; baseline 0.004 -22"><span class='ocrx_word' id='word_1_270' title='bbox 417 2643 714 2697; x_wconf 83' lang='lat' dir='ltr'><strong>tentionem</strong></span> <span class='ocrx_word' id='word_1_271' title='bbox 752 2640 894 2696; x_wconf 83' lang='lat' dir='ltr'><strong>redit</strong></span> <span class='ocrx_word' id='word_1_272' title='bbox 923 2660 937 2697; x_wconf 90' lang='lat'><strong>:</strong></span> <span class='ocrx_word' id='word_1_273' title='bbox 971 2652 1026 2697; x_wconf 87' lang='lat' dir='ltr'><strong>et</strong></span> <span class='ocrx_word' id='word_1_274' title='bbox 1059 2655 1153 2712; x_wconf 90' lang='lat' dir='ltr'><strong>per</strong></span> <span class='ocrx_word' id='word_1_275' title='bbox 1188 2656 1396 2703; x_wconf 84' lang='lat' dir='ltr'><strong>vocem.</strong></span> <span class='ocrx_word' id='word_1_276' title='bbox 1440 2658 1603 2698; x_wconf 89' lang='lat' dir='ltr'><strong>unam</strong></span> <span class='ocrx_word' id='word_1_277' title='bbox 1638 2645 1785 2699; x_wconf 88' lang='lat' dir='ltr'><strong>illam</strong></span> <span class='ocrx_word' id='word_1_278' title='bbox 1865 2646 2010 2716; x_wconf 82' lang='lat' dir='ltr'><strong>peti-</strong></span> 
     </span>
    </p>
   </div>
   <div class='ocr_carea' id='block_1_42' title="bbox 418 2732 1858 2803">
    <p class='ocr_par' dir='ltr' id='par_1_42' title="bbox 418 2732 1858 2803">
     <span class='ocr_line' id='line_1_42' title="bbox 418 2732 1858 2803; baseline 0.003 -16"><span class='ocrx_word' id='word_1_279' title='bbox 418 2733 626 2787; x_wconf 83' lang='lat' dir='ltr'><strong>tionem</strong></span> <span class='ocrx_word' id='word_1_280' title='bbox 660 2732 935 2803; x_wconf 74' lang='lat' dir='ltr'><strong>intelligit,</strong></span> <span class='ocrx_word' id='word_1_281' title='bbox 963 2732 1032 2788; x_wconf 90' lang='lat' dir='ltr'><strong>de</strong></span> <span class='ocrx_word' id='word_1_282' title='bbox 1060 2748 1169 2803; x_wconf 91' lang='lat' dir='ltr'><strong>qua</strong></span> <span class='ocrx_word' id='word_1_283' title='bbox 1202 2735 1456 2802; x_wconf 89' lang='lat' dir='ltr'><strong>superius</strong></span> <span class='ocrx_word' id='word_1_284' title='bbox 1511 2735 1715 2791; x_wconf 91' lang='lat' dir='ltr'><strong>dictutn</strong></span> <span class='ocrx_word' id='word_1_285' title='bbox 1753 2745 1858 2793; x_wconf 91' lang='lat' dir='ltr'><strong>est.</strong></span> 
     </span>
    </p>
   </div>
   <div class='ocr_carea' id='block_1_43' title="bbox 488 2821 2004 2884">
    <p class='ocr_par' dir='ltr' id='par_1_43' title="bbox 488 2821 2004 2884">
     <span class='ocr_line' id='line_1_43' title="bbox 488 2821 2004 2884; baseline 0.007 -9"><span class='ocrx_word' id='word_1_286' title='bbox 488 2821 738 2878; x_wconf 70' lang='lat' dir='ltr'><strong>Miserere</strong></span> <span class='ocrx_word' id='word_1_287' title='bbox 769 2826 870 2877; x_wconf 83' lang='lat' dir='ltr'><strong>mei</strong></span> <span class='ocrx_word' id='word_1_288' title='bbox 906 2832 957 2877; x_wconf 81' lang='lat' dir='ltr'><strong>et</strong></span> <span class='ocrx_word' id='word_1_289' title='bbox 995 2822 1192 2879; x_wconf 60' lang='lat' dir='ltr'><strong>exaudi</strong></span> <span class='ocrx_word' id='word_1_290' title='bbox 1234 2840 1335 2879; x_wconf 83' lang='lat' dir='ltr'><strong>me.</strong></span> <span class='ocrx_word' id='word_1_291' title='bbox 1364 2824 1485 2878; x_wconf 90' lang='lat' dir='ltr'><strong>Non</strong></span> <span class='ocrx_word' id='word_1_292' title='bbox 1521 2841 1608 2882; x_wconf 88' lang='lat' dir='ltr'><strong>tne</strong></span> <span class='ocrx_word' id='word_1_293' title='bbox 1635 2828 1805 2884; x_wconf 86' lang='lat' dir='ltr'><strong>debes</strong></span> <span class='ocrx_word' id='word_1_294' title='bbox 1831 2844 2004 2884; x_wconf 76' lang='lat' dir='ltr'><strong>exau-</strong></span> 
     </span>
    </p>
   </div>
   <div class='ocr_carea' id='block_1_44' title="bbox 414 2914 2004 2987">
    <p class='ocr_par' dir='ltr' id='par_1_44' title="bbox 414 2914 2004 2987">
     <span class='ocr_line' id='line_1_44' title="bbox 414 2914 2004 2987; baseline 0.005 -18"><span class='ocrx_word' id='word_1_295' title='bbox 414 2914 536 2969; x_wconf 84' lang='lat' dir='ltr'><strong>dire</strong></span> <span class='ocrx_word' id='word_1_296' title='bbox 564 2916 635 2971; x_wconf 91' lang='lat' dir='ltr'><strong>ob</strong></span> <span class='ocrx_word' id='word_1_297' title='bbox 678 2930 799 2970; x_wconf 89' lang='lat' dir='ltr'><strong>mea</strong></span> <span class='ocrx_word' id='word_1_298' title='bbox 837 2917 1069 2978; x_wconf 82' lang='lat' dir='ltr'><strong>scelera.</strong></span> <span class='ocrx_word' id='word_1_299' title='bbox 1102 2915 1197 2971; x_wconf 84' lang='lat' dir='ltr'><strong>sed</strong></span> <span class='ocrx_word' id='word_1_300' title='bbox 1226 2916 1370 2987; x_wconf 90' lang='lat' dir='ltr'><strong>quod</strong></span> <span class='ocrx_word' id='word_1_301' title='bbox 1402 2926 1529 2986; x_wconf 89' lang='lat' dir='ltr'><strong>peto</strong></span> <span class='ocrx_word' id='word_1_302' title='bbox 1558 2926 1664 2986; x_wconf 85' lang='lat' dir='ltr'><strong>est,</strong></span> <span class='ocrx_word' id='word_1_303' title='bbox 1699 2930 1756 2975; x_wconf 90' lang='lat' dir='ltr'><strong>ut</strong></span> <span class='ocrx_word' id='word_1_304' title='bbox 1790 2937 1861 2978; x_wconf 74' lang='lat' dir='ltr'><strong>ex</strong></span> <span class='ocrx_word' id='word_1_305' title='bbox 1909 2929 2004 2978; x_wconf 84' lang='lat' dir='ltr'><strong>tua</strong></span> 
     </span>
    </p>
   </div>
   <div class='ocr_carea' id='block_1_45' title="bbox 416 3005 1399 3062">
    <p class='ocr_par' dir='ltr' id='par_1_45' title="bbox 416 3005 1399 3062">
     <span class='ocr_line' id='line_1_45' title="bbox 416 3005 1399 3062; baseline 0.001 -1"><span class='ocrx_word' id='word_1_306' title='bbox 416 3006 471 3061; x_wconf 89' lang='lat' dir='ltr'><strong>id</strong></span> <span class='ocrx_word' id='word_1_307' title='bbox 509 3005 679 3062; x_wconf 82' lang='lat' dir='ltr'><strong>facias</strong></span> <span class='ocrx_word' id='word_1_308' title='bbox 716 3006 1125 3062; x_wconf 86' lang='lat' dir='ltr'><strong>misericordia.</strong></span> <span class='ocrx_word' id='word_1_309' title='bbox 1392 3014 1399 3019; x_wconf 85' lang='lat'>&#39;</span> 
     </span>
    </p>
   </div>
   <div class='ocr_carea' id='block_1_46' title="bbox 2109 1819 3465 1896">
    <p class='ocr_par' dir='ltr' id='par_1_46' title="bbox 2109 1819 3465 1896">
     <span class='ocr_line' id='line_1_46' title="bbox 2109 1819 3465 1896; baseline 0.004 -21"><span class='ocrx_word' id='word_1_310' title='bbox 2109 1819 2171 1875; x_wconf 76' lang='grc' dir='ltr'><strong>δὲ</strong></span> <span class='ocrx_word' id='word_1_311' title='bbox 2199 1819 2414 1889; x_wconf 83' lang='grc' dir='ltr'>θυσίαν,</span> <span class='ocrx_word' id='word_1_312' title='bbox 2437 1823 2867 1896; x_wconf 69' lang='grc' dir='ltr'>εὐχαριστήριον</span> <span class='ocrx_word' id='word_1_313' title='bbox 2889 1824 3009 1896; x_wconf 63' lang='grc' dir='ltr'>αμα</span> <span class='ocrx_word' id='word_1_314' title='bbox 3039 1826 3138 1881; x_wconf 79' lang='grc' dir='ltr'>καὶ</span> <span class='ocrx_word' id='word_1_315' title='bbox 3171 1826 3465 1881; x_wconf 75' lang='grc' dir='ltr'>ἐπινίκιον.</span> 
     </span>
    </p>
   </div>
   <div class='ocr_carea' id='block_1_47' title="bbox 2187 2086 3701 2159">
    <p class='ocr_par' dir='ltr' id='par_1_47' title="bbox 2187 2086 3701 2159">
     <span class='ocr_line' id='line_1_47' title="bbox 2187 2086 3701 2159; baseline -0.001 -17"><span class='ocrx_word' id='word_1_316' title='bbox 2187 2088 2344 2158; x_wconf 79' lang='grc' dir='ltr'><strong>ᾌσω</strong></span> <span class='ocrx_word' id='word_1_317' title='bbox 2378 2088 2477 2143; x_wconf 77' lang='grc' dir='ltr'>καὶ</span> <span class='ocrx_word' id='word_1_318' title='bbox 2508 2086 2686 2157; x_wconf 74' lang='grc' dir='ltr'>ψαλῶ</span> <span class='ocrx_word' id='word_1_319' title='bbox 2720 2087 2799 2155; x_wconf 81' lang='grc' dir='ltr'><strong><em>τῷ</em></strong></span> <span class='ocrx_word' id='word_1_320' title='bbox 2842 2091 3058 2158; x_wconf 66' lang='grc' dir='ltr'>Κιιρίῳ.</span> <span class='ocrx_word' id='word_1_321' title='bbox 3106 2089 3245 2158; x_wconf 77' lang='grc' dir='ltr'>Περὶ</span> <span class='ocrx_word' id='word_1_322' title='bbox 3287 2089 3387 2157; x_wconf 82' lang='grc' dir='ltr'><strong>τῆς</strong></span> <span class='ocrx_word' id='word_1_323' title='bbox 3428 2088 3701 2159; x_wconf 82' lang='grc' dir='ltr'>διαφορᾶς</span> 
     </span>
    </p>
   </div>
   <div class='ocr_carea' id='block_1_48' title="bbox 2108 2179 3700 2254">
    <p class='ocr_par' dir='ltr' id='par_1_48' title="bbox 2108 2179 3700 2254">
     <span class='ocr_line' id='line_1_48' title="bbox 2108 2179 3700 2254; baseline 0.001 -21"><span class='ocrx_word' id='word_1_324' title='bbox 2108 2179 2204 2234; x_wconf 84' lang='grc' dir='ltr'><strong>τοῦ</strong></span> <span class='ocrx_word' id='word_1_325' title='bbox 2248 2180 2401 2249; x_wconf 80' lang='grc' dir='ltr'><strong>ᾄσω,</strong></span> <span class='ocrx_word' id='word_1_326' title='bbox 2435 2182 2533 2235; x_wconf 76' lang='grc' dir='ltr'>καὶ</span> <span class='ocrx_word' id='word_1_327' title='bbox 2565 2181 2661 2237; x_wconf 85' lang='grc' dir='ltr'><strong>τοῦ</strong></span> <span class='ocrx_word' id='word_1_328' title='bbox 2711 2180 2913 2250; x_wconf 76' lang='grc' dir='ltr'><em>ψαλῶ,</em></span> <span class='ocrx_word' id='word_1_329' title='bbox 2961 2183 3379 2254; x_wconf 77' lang='grc' dir='ltr'><strong>προειρήκαμεν</strong></span> <span class='ocrx_word' id='word_1_330' title='bbox 3428 2182 3488 2235; x_wconf 75' lang='grc' dir='ltr'><strong>ὲν</strong></span> <span class='ocrx_word' id='word_1_331' title='bbox 3522 2181 3602 2251; x_wconf 81' lang='grc' dir='ltr'><strong>τῷ</strong></span> <span class='ocrx_word' id='word_1_332' title='bbox 3629 2180 3700 2252; x_wconf 78' lang='grc' dir='ltr'><strong>ιβ’</strong></span> 
     </span>
    </p>
   </div>
   <div class='ocr_carea' id='block_1_49' title="bbox 2107 2273 2338 2346">
    <p class='ocr_par' dir='ltr' id='par_1_49' title="bbox 2107 2273 2338 2346">
     <span class='ocr_line' id='line_1_49' title="bbox 2107 2273 2338 2346; baseline 0.009 -19"><span class='ocrx_word' id='word_1_333' title='bbox 2107 2273 2338 2346; x_wconf 77' lang='grc' dir='ltr'><strong>ψαλμῷ.</strong></span> 
     </span>
    </p>
   </div>
   <div class='ocr_carea' id='block_1_50' title="bbox 2181 2362 3701 2439">
    <p class='ocr_par' dir='ltr' id='par_1_50' title="bbox 2181 2362 3701 2439">
     <span class='ocr_line' id='line_1_50' title="bbox 2181 2362 3701 2439; baseline -0.001 -18"><span class='ocrx_word' id='word_1_334' title='bbox 2181 2367 2590 2435; x_wconf 78' lang='grc' dir='ltr'><strong>Εῑσάκουσον,</strong></span> <span class='ocrx_word' id='word_1_335' title='bbox 2641 2368 2840 2437; x_wconf 79' lang='grc' dir='ltr'>Κύριε,</span> <span class='ocrx_word' id='word_1_336' title='bbox 2871 2366 2984 2437; x_wconf 82' lang='grc' dir='ltr'><strong>τῆς</strong></span> <span class='ocrx_word' id='word_1_337' title='bbox 3030 2366 3240 2437; x_wconf 77' lang='grc' dir='ltr'><em>φωνῆς</em></span> <span class='ocrx_word' id='word_1_338' title='bbox 3267 2385 3411 2439; x_wconf 80' lang='grc' dir='ltr'><strong>μου,</strong></span> <span class='ocrx_word' id='word_1_339' title='bbox 3445 2362 3522 2439; x_wconf 81' lang='grc' dir='ltr'><strong>ἧς</strong></span> <span class='ocrx_word' id='word_1_340' title='bbox 3564 2366 3701 2421; x_wconf 78' lang='grc' dir='ltr'><strong>ἐκέ-</strong></span> 
     </span>
    </p>
   </div>
   <div class='ocr_carea' id='block_1_51' title="bbox 2108 2458 3702 2529">
    <p class='ocr_par' dir='ltr' id='par_1_51' title="bbox 2108 2458 3702 2529">
     <span class='ocr_line' id='line_1_51' title="bbox 2108 2458 3702 2529; baseline 0.003 -19"><span class='ocrx_word' id='word_1_341' title='bbox 2108 2458 2324 2525; x_wconf 78' lang='grc' dir='ltr'>κραξα.</span> <span class='ocrx_word' id='word_1_342' title='bbox 2365 2459 2748 2529; x_wconf 80' lang='grc' dir='ltr'>Προθεσπὶσας</span> <span class='ocrx_word' id='word_1_343' title='bbox 2799 2460 2868 2514; x_wconf 80' lang='grc' dir='ltr'><strong>τὰ</strong></span> <span class='ocrx_word' id='word_1_344' title='bbox 2910 2460 3035 2514; x_wconf 83' lang='grc' dir='ltr'>καθ’</span> <span class='ocrx_word' id='word_1_345' title='bbox 3081 2462 3274 2514; x_wconf 77' lang='grc' dir='ltr'>ἑαυτὸν</span> <span class='ocrx_word' id='word_1_346' title='bbox 3300 2460 3369 2513; x_wconf 84' lang='grc' dir='ltr'>δι’</span> <span class='ocrx_word' id='word_1_347' title='bbox 3406 2459 3702 2522; x_wconf 72' lang='grc' dir='ltr'>ὶπιπνοίας</span> 
     </span>
    </p>
   </div>
   <div class='ocr_carea' id='block_1_52' title="bbox 2108 2547 3692 2624">
    <p class='ocr_par' dir='ltr' id='par_1_52' title="bbox 2108 2547 3692 2624">
     <span class='ocr_line' id='line_1_52' title="bbox 2108 2547 3692 2624; baseline -0.003 -16"><span class='ocrx_word' id='word_1_348' title='bbox 2108 2548 2204 2608; x_wconf 82' lang='grc' dir='ltr'><strong>τοῦ</strong></span> <span class='ocrx_word' id='word_1_349' title='bbox 2235 2550 2392 2619; x_wconf 81' lang='grc' dir='ltr'><strong>ἁγίου</strong></span> <span class='ocrx_word' id='word_1_350' title='bbox 2444 2551 2791 2622; x_wconf 81' lang='grc' dir='ltr'><strong>Ιινεύματος,</strong></span> <span class='ocrx_word' id='word_1_351' title='bbox 2843 2547 3000 2617; x_wconf 78' lang='grc' dir='ltr'>αὖθις</span> <span class='ocrx_word' id='word_1_352' title='bbox 3050 2553 3236 2624; x_wconf 77' lang='grc' dir='ltr'>ἔχεται</span> <span class='ocrx_word' id='word_1_353' title='bbox 3274 2553 3368 2606; x_wconf 84' lang='grc' dir='ltr'><strong>τοῦ</strong></span> <span class='ocrx_word' id='word_1_354' title='bbox 3421 2553 3692 2622; x_wconf 78' lang='grc' dir='ltr'>προτέρου</span> 
     </span>
    </p>
   </div>
   <div class='ocr_carea' id='block_1_53' title="bbox 2112 2642 3758 2717">
    <p class='ocr_par' dir='ltr' id='par_1_53' title="bbox 2112 2642 3758 2717">
     <span class='ocr_line' id='line_1_53' title="bbox 2112 2642 3758 2717; baseline 0.002 -22"><span class='ocrx_word' id='word_1_355' title='bbox 2112 2642 2344 2707; x_wconf 81' lang='grc' dir='ltr'>σκοποῦ.</span> <span class='ocrx_word' id='word_1_356' title='bbox 2377 2642 2563 2715; x_wconf 81' lang='grc' dir='ltr'>φωνὴν</span> <span class='ocrx_word' id='word_1_357' title='bbox 2614 2643 2791 2714; x_wconf 81' lang='grc' dir='ltr'><strong>λέγων</strong></span> <span class='ocrx_word' id='word_1_358' title='bbox 2824 2644 2923 2715; x_wconf 81' lang='grc' dir='ltr'><strong>τὴν</strong></span> <span class='ocrx_word' id='word_1_359' title='bbox 2949 2646 3082 2717; x_wconf 83' lang='grc' dir='ltr'>περὶ</span> <span class='ocrx_word' id='word_1_360' title='bbox 3109 2646 3208 2715; x_wconf 82' lang='grc' dir='ltr'><strong>τῆς</strong></span> <span class='ocrx_word' id='word_1_361' title='bbox 3242 2645 3370 2715; x_wconf 77' lang='grc' dir='ltr'>μιᾶς</span> <span class='ocrx_word' id='word_1_362' title='bbox 3400 2646 3692 2715; x_wconf 75' lang='grc' dir='ltr'><strong>αἰτήσεως.</strong></span> <span class='ocrx_word' id='word_1_363' title='bbox 3754 2706 3758 2709; x_wconf 18' lang='grc' dir='ltr'><strong>Α</strong></span> 
     </span>
    </p>
   </div>
   <div class='ocr_carea' id='block_1_54' title="bbox 2194 2822 3698 2895">
    <p class='ocr_par' dir='ltr' id='par_1_54' title="bbox 2194 2822 3698 2895">
     <span class='ocr_line' id='line_1_54' title="bbox 2194 2822 3698 2895; baseline -0.001 -15"><span class='ocrx_word' id='word_1_364' title='bbox 2194 2822 2491 2893; x_wconf 77' lang='grc' dir='ltr'><strong>Ἐλέησόν</strong></span> <span class='ocrx_word' id='word_1_365' title='bbox 2508 2842 2606 2895; x_wconf 81' lang='grc' dir='ltr'><strong>με,</strong></span> <span class='ocrx_word' id='word_1_366' title='bbox 2646 2824 2748 2881; x_wconf 79' lang='grc' dir='ltr'>καὶ</span> <span class='ocrx_word' id='word_1_367' title='bbox 2789 2824 3163 2880; x_wconf 75' lang='grc' dir='ltr'><strong>εὶσάκουσόν</strong></span> <span class='ocrx_word' id='word_1_368' title='bbox 3198 2843 3337 2895; x_wconf 81' lang='grc' dir='ltr'><strong>μου.</strong></span> <span class='ocrx_word' id='word_1_369' title='bbox 3400 2824 3476 2878; x_wconf 80' lang='grc' dir='ltr'><strong>Οὐ</strong></span> <span class='ocrx_word' id='word_1_370' title='bbox 3518 2841 3698 2895; x_wconf 83' lang='grc' dir='ltr'>χρεω-</span> 
     </span>
    </p>
   </div>
   <div class='ocr_carea' id='block_1_55' title="bbox 2109 2915 3699 2987">
    <p class='ocr_par' dir='ltr' id='par_1_55' title="bbox 2109 2915 3699 2987">
     <span class='ocr_line' id='line_1_55' title="bbox 2109 2915 3699 2987; baseline -0.002 -17"><span class='ocrx_word' id='word_1_371' title='bbox 2109 2920 2254 2980; x_wconf 76' lang='grc' dir='ltr'>στεϊς</span> <span class='ocrx_word' id='word_1_372' title='bbox 2281 2916 2605 2971; x_wconf 77' lang='grc' dir='ltr'><strong>εἰσακοῦσαι</strong></span> <span class='ocrx_word' id='word_1_373' title='bbox 2661 2933 2787 2986; x_wconf 90' lang='grc' dir='ltr'><strong>μου,</strong></span> <span class='ocrx_word' id='word_1_374' title='bbox 2842 2917 2933 2970; x_wconf 81' lang='grc' dir='ltr'>διὰ</span> <span class='ocrx_word' id='word_1_375' title='bbox 2984 2916 3047 2969; x_wconf 83' lang='grc' dir='ltr'><strong>τὸ</strong></span> <span class='ocrx_word' id='word_1_376' title='bbox 3080 2917 3212 2987; x_wconf 78' lang='grc' dir='ltr'><strong>ὲμδν</strong></span> <span class='ocrx_word' id='word_1_377' title='bbox 3245 2915 3465 2982; x_wconf 79' lang='grc' dir='ltr'><strong>ἀνάξιον</strong></span> <span class='ocrx_word' id='word_1_378' title='bbox 3490 2931 3505 2949; x_wconf 69' lang='grc' dir='ltr'><strong>ν</strong></span> <span class='ocrx_word' id='word_1_379' title='bbox 3555 2915 3699 2970; x_wconf 80' lang='grc' dir='ltr'><strong>ἀλλὰ</strong></span> 
     </span>
    </p>
   </div>
   <div class='ocr_carea' id='block_1_56' title="bbox 2108 3005 3112 3062">
    <p class='ocr_par' dir='ltr' id='par_1_56' title="bbox 2108 3005 3112 3062">
     <span class='ocr_line' id='line_1_56' title="bbox 2108 3005 3112 3062; baseline -0.001 0"><span class='ocrx_word' id='word_1_380' title='bbox 2108 3008 2198 3062; x_wconf 81' lang='grc' dir='ltr'>διὰ</span> <span class='ocrx_word' id='word_1_381' title='bbox 2226 3007 2318 3062; x_wconf 68' lang='grc' dir='ltr'><strong>τὸν</strong></span> <span class='ocrx_word' id='word_1_382' title='bbox 2354 3008 2558 3060; x_wconf 71' lang='grc' dir='ltr'>οἰκεῖον</span> <span class='ocrx_word' id='word_1_383' title='bbox 2584 3007 2735 3060; x_wconf 79' lang='grc' dir='ltr'><strong>ἔλεον</strong></span> <span class='ocrx_word' id='word_1_384' title='bbox 2761 3005 3112 3061; x_wconf 75' lang='grc' dir='ltr'><strong>εἰσάκουσον.</strong></span> 
     </span>
    </p>
   </div>
   <div class='ocr_carea' id='block_1_57' title="bbox 489 3073 2005 3172">
    <p class='ocr_par' dir='ltr' id='par_1_57' title="bbox 489 3094 2003 3172">
     <span class='ocr_line' id='line_1_57' title="bbox 489 3094 2003 3172; baseline 0.006 -23"><span class='ocrx_word' id='word_1_385' title='bbox 489 3094 656 3153; x_wconf 74' lang='lat' dir='ltr'><strong>Vens.</strong></span> <span class='ocrx_word' id='word_1_386' title='bbox 680 3096 735 3152; x_wconf 87' lang='lat'><strong>8.</strong></span> <span class='ocrx_word' id='word_1_387' title='bbox 767 3096 885 3151; x_wconf 84' lang='lat' dir='ltr'><strong>Tibi</strong></span> <span class='ocrx_word' id='word_1_388' title='bbox 913 3097 1051 3152; x_wconf 70' lang='lat' dir='ltr'><strong>dixit</strong></span> <span class='ocrx_word' id='word_1_389' title='bbox 1070 3115 1162 3153; x_wconf 87' lang='lat' dir='ltr'><strong>cor</strong></span> <span class='ocrx_word' id='word_1_390' title='bbox 1188 3115 1360 3154; x_wconf 84' lang='lat' dir='ltr'><strong>meum</strong></span> <span class='ocrx_word' id='word_1_391' title='bbox 1389 3115 1407 3155; x_wconf 93' lang='lat'><em>:</em></span> <span class='ocrx_word' id='word_1_392' title='bbox 1438 3099 1721 3154; x_wconf 81' lang='lat' dir='ltr'><strong>Dominum</strong></span> <span class='ocrx_word' id='word_1_393' title='bbox 1745 3118 2003 3172; x_wconf 65' lang='lat' dir='ltr'><strong>qua’ram.</strong></span> 
     </span>
    </p>
   </div>
   <div class='ocr_carea' id='block_1_58' title="bbox 2108 3073 3696 3172">
    <p class='ocr_par' dir='ltr' id='par_1_58' title="bbox 2175 3096 3696 3169">
     <span class='ocr_line' id='line_1_58' title="bbox 2175 3096 3696 3169; baseline -0.003 -14"><span class='ocrx_word' id='word_1_394' title='bbox 2175 3099 2279 3155; x_wconf 77' lang='grc' dir='ltr'><strong>Σοὶ</strong></span> <span class='ocrx_word' id='word_1_395' title='bbox 2310 3096 2483 3154; x_wconf 75' lang='grc' dir='ltr'>εἶπεν</span> <span class='ocrx_word' id='word_1_396' title='bbox 2511 3101 2550 3169; x_wconf 80' lang='grc' dir='ltr'><em>ἠ</em></span> <span class='ocrx_word' id='word_1_397' title='bbox 2581 3099 2799 3168; x_wconf 82' lang='grc' dir='ltr'>καρδία</span> <span class='ocrx_word' id='word_1_398' title='bbox 2827 3115 2972 3169; x_wconf 84' lang='grc' dir='ltr'>μου·</span> <span class='ocrx_word' id='word_1_399' title='bbox 3006 3100 3226 3169; x_wconf 74' lang='grc' dir='ltr'>Κύριον</span> <span class='ocrx_word' id='word_1_400' title='bbox 3263 3096 3515 3167; x_wconf 75' lang='grc' dir='ltr'><strong>ζητήσω.</strong></span> <span class='ocrx_word' id='word_1_401' title='bbox 3552 3097 3696 3169; x_wconf 68' lang='grc' dir='ltr'><strong>Πρὸς</strong></span> 
     </span>
    </p>
   </div>
   <div class='ocr_carea' id='block_1_59' title="bbox 415 3186 2003 3264">
    <p class='ocr_par' dir='ltr' id='par_1_59' title="bbox 415 3186 2003 3264">
     <span class='ocr_line' id='line_1_59' title="bbox 415 3186 2003 3264; baseline 0.006 -23"><span class='ocrx_word' id='word_1_402' title='bbox 415 3186 494 3243; x_wconf 75' lang='lat' dir='ltr'><strong>Ex</strong></span> <span class='ocrx_word' id='word_1_403' title='bbox 529 3189 741 3255; x_wconf 89' lang='lat' dir='ltr'><strong>intimo,</strong></span> <span class='ocrx_word' id='word_1_404' title='bbox 781 3189 983 3260; x_wconf 88' lang='lat' dir='ltr'><strong>inquit,</strong></span> <span class='ocrx_word' id='word_1_405' title='bbox 1007 3197 1171 3246; x_wconf 86' lang='lat' dir='ltr'><strong>corde</strong></span> <span class='ocrx_word' id='word_1_406' title='bbox 1202 3191 1286 3245; x_wconf 89' lang='lat' dir='ltr'><strong>sic</strong></span> <span class='ocrx_word' id='word_1_407' title='bbox 1306 3191 1442 3247; x_wconf 73' lang='lat' dir='ltr'><strong>dixi.</strong></span> <span class='ocrx_word' id='word_1_408' title='bbox 1466 3191 1655 3262; x_wconf 87' lang='lat' dir='ltr'><strong>Neque</strong></span> <span class='ocrx_word' id='word_1_409' title='bbox 1676 3195 1819 3247; x_wconf 85' lang='lat' dir='ltr'><strong>enim</strong></span> <span class='ocrx_word' id='word_1_410' title='bbox 1844 3198 2003 3264; x_wconf 85' lang='lat' dir='ltr'><strong>quasi</strong></span> 
     </span>
    </p>
   </div>
   <div class='ocr_carea' id='block_1_60' title="bbox 417 3279 2003 3348">
    <p class='ocr_par' dir='ltr' id='par_1_60' title="bbox 417 3279 2003 3348">
     <span class='ocr_line' id='line_1_60' title="bbox 417 3279 2003 3348; baseline 0.008 -17"><span class='ocrx_word' id='word_1_411' title='bbox 417 3281 472 3331; x_wconf 89' lang='lat' dir='ltr'><strong>itt</strong></span> <span class='ocrx_word' id='word_1_412' title='bbox 508 3279 802 3348; x_wconf 80' lang='lat' dir='ltr'><strong>superﬁcie</strong></span> <span class='ocrx_word' id='word_1_413' title='bbox 857 3280 991 3335; x_wconf 81' lang='lat' dir='ltr'><strong>solis</strong></span> <span class='ocrx_word' id='word_1_414' title='bbox 1030 3281 1193 3336; x_wconf 82' lang='lat' dir='ltr'><strong>labiis</strong></span> <span class='ocrx_word' id='word_1_415' title='bbox 1219 3282 1438 3337; x_wconf 86' lang='lat' dir='ltr'><strong>locutus</strong></span> <span class='ocrx_word' id='word_1_416' title='bbox 1462 3298 1606 3337; x_wconf 84' lang='lat' dir='ltr'><strong>smn.</strong></span> <span class='ocrx_word' id='word_1_417' title='bbox 1637 3282 1755 3337; x_wconf 75' lang='lat' dir='ltr'><strong>Dixi</strong></span> <span class='ocrx_word' id='word_1_418' title='bbox 1780 3294 1960 3339; x_wconf 86' lang='lat' dir='ltr'><strong>autent</strong></span> <span class='ocrx_word' id='word_1_419' title='bbox 1987 3303 2003 3343; x_wconf 86' lang='lat'><strong>:</strong></span> 
     </span>
    </p>
   </div>
   <div class='ocr_carea' id='block_1_61' title="bbox 420 3371 2002 3442">
    <p class='ocr_par' dir='ltr' id='par_1_61' title="bbox 420 3371 2002 3442">
     <span class='ocr_line' id='line_1_61' title="bbox 420 3371 2002 3442; baseline 0.004 -19"><span class='ocrx_word' id='word_1_420' title='bbox 420 3371 706 3425; x_wconf 75' lang='lat' dir='ltr'><strong>Dominum</strong></span> <span class='ocrx_word' id='word_1_421' title='bbox 770 3387 1052 3439; x_wconf 68' lang='lat' dir='ltr'><strong>quanam;</strong></span> <span class='ocrx_word' id='word_1_422' title='bbox 1106 3388 1325 3438; x_wconf 87' lang='lat' dir='ltr'><strong>meum,</strong></span> <span class='ocrx_word' id='word_1_423' title='bbox 1378 3373 1637 3442; x_wconf 84' lang='lat' dir='ltr'><strong>inquam,</strong></span> <span class='ocrx_word' id='word_1_424' title='bbox 1680 3373 2002 3440; x_wconf 83' lang='lat' dir='ltr'><strong>Dominum,</strong></span> 
     </span>
    </p>
   </div>
   <div class='ocr_carea' id='block_1_62' title="bbox 414 3462 2003 3533">
    <p class='ocr_par' dir='ltr' id='par_1_62' title="bbox 414 3462 2003 3533">
     <span class='ocr_line' id='line_1_62' title="bbox 414 3462 2003 3533; baseline 0.003 -18"><span class='ocrx_word' id='word_1_425' title='bbox 414 3462 664 3530; x_wconf 77' lang='lat' dir='ltr'><strong>neglecto</strong></span> <span class='ocrx_word' id='word_1_426' title='bbox 682 3477 907 3532; x_wconf 83' lang='lat' dir='ltr'><strong>prorsus</strong></span> <span class='ocrx_word' id='word_1_427' title='bbox 918 3478 985 3517; x_wconf 92' lang='lat' dir='ltr'><strong>ac</strong></span> <span class='ocrx_word' id='word_1_428' title='bbox 999 3473 1187 3533; x_wconf 87' lang='lat' dir='ltr'><strong>spreto</strong></span> <span class='ocrx_word' id='word_1_429' title='bbox 1200 3465 1347 3518; x_wconf 90' lang='lat' dir='ltr'><strong>omni</strong></span> <span class='ocrx_word' id='word_1_430' title='bbox 1379 3466 1489 3518; x_wconf 85' lang='lat' dir='ltr'><strong>alio</strong></span> <span class='ocrx_word' id='word_1_431' title='bbox 1512 3466 1752 3520; x_wconf 87' lang='lat' dir='ltr'><strong>humano</strong></span> <span class='ocrx_word' id='word_1_432' title='bbox 1772 3468 2003 3521; x_wconf 74' lang='lat' dir='ltr'><strong>auxilio.</strong></span> 
     </span>
    </p>
   </div>
   <div class='ocr_carea' id='block_1_63' title="bbox 483 3554 2005 3625">
    <p class='ocr_par' dir='ltr' id='par_1_63' title="bbox 483 3554 2005 3625">
     <span class='ocr_line' id='line_1_63' title="bbox 483 3554 2005 3625; baseline 0.005 -21"><span class='ocrx_word' id='word_1_433' title='bbox 483 3554 780 3624; x_wconf 70' lang='lat' dir='ltr'><strong>Ezquisivit</strong></span> <span class='ocrx_word' id='word_1_434' title='bbox 829 3565 878 3609; x_wconf 81' lang='lat' dir='ltr'><strong>te</strong></span> <span class='ocrx_word' id='word_1_435' title='bbox 924 3554 1089 3623; x_wconf 76' lang='lat' dir='ltr'><strong>facies</strong></span> <span class='ocrx_word' id='word_1_436' title='bbox 1126 3571 1262 3610; x_wconf 81' lang='lat' dir='ltr'><strong>mea.</strong></span> <span class='ocrx_word' id='word_1_437' title='bbox 1332 3554 1657 3625; x_wconf 66' lang='lat' dir='ltr'><strong>Praepositio</strong></span> <span class='ocrx_word' id='word_1_438' title='bbox 1711 3557 1802 3611; x_wconf 89' lang='lat' dir='ltr'><strong>illa</strong></span> <span class='ocrx_word' id='word_1_439' title='bbox 1831 3597 1846 3622; x_wconf 91' lang='lat'><strong>,</strong></span> <span class='ocrx_word' id='word_1_440' title='bbox 1900 3574 2005 3624; x_wconf 69' lang='lat' dir='ltr'><strong>ex,</strong></span> 
     </span>
    </p>
   </div>
   <div class='ocr_carea' id='block_1_64' title="bbox 415 3645 2007 3719">
    <p class='ocr_par' dir='ltr' id='par_1_64' title="bbox 415 3645 2007 3719">
     <span class='ocr_line' id='line_1_64' title="bbox 415 3645 2007 3719; baseline 0.001 -19"><span class='ocrx_word' id='word_1_441' title='bbox 415 3645 780 3700; x_wconf 86' lang='lat' dir='ltr'><strong>intensioncm</strong></span> <span class='ocrx_word' id='word_1_442' title='bbox 811 3645 1103 3715; x_wconf 82' lang='lat' dir='ltr'><strong>quamdam</strong></span> <span class='ocrx_word' id='word_1_443' title='bbox 1131 3645 1359 3700; x_wconf 85' lang='lat' dir='ltr'><strong>denotat</strong></span> <span class='ocrx_word' id='word_1_444' title='bbox 1396 3647 1685 3717; x_wconf 79' lang='lat' dir='ltr'><strong>majorem.</strong></span> <span class='ocrx_word' id='word_1_445' title='bbox 1713 3649 1801 3701; x_wconf 86' lang='lat' dir='ltr'><strong>Ait</strong></span> <span class='ocrx_word' id='word_1_446' title='bbox 1838 3650 2007 3719; x_wconf 80' lang='lat' dir='ltr'><strong>igitur</strong></span> 
     </span>
    </p>
   </div>
   <div class='ocr_carea' id='block_1_65' title="bbox 413 3736 2003 3809">
    <p class='ocr_par' dir='ltr' id='par_1_65' title="bbox 413 3736 2003 3809">
     <span class='ocr_line' id='line_1_65' title="bbox 413 3736 2003 3809; baseline 0.003 -19"><span class='ocrx_word' id='word_1_447' title='bbox 413 3751 629 3790; x_wconf 82' lang='lat' dir='ltr'><strong>summa</strong></span> <span class='ocrx_word' id='word_1_448' title='bbox 659 3750 784 3790; x_wconf 91' lang='lat' dir='ltr'><strong>cum</strong></span> <span class='ocrx_word' id='word_1_449' title='bbox 820 3736 1105 3806; x_wconf 71' lang='lat' dir='ltr'><strong>diligentia</strong></span> <span class='ocrx_word' id='word_1_450' title='bbox 1150 3739 1550 3807; x_wconf 83' lang='lat' dir='ltr'><strong>perquisivisse</strong></span> <span class='ocrx_word' id='word_1_451' title='bbox 1590 3755 1651 3794; x_wconf 87' lang='lat' dir='ltr'><strong>se</strong></span> <span class='ocrx_word' id='word_1_452' title='bbox 1697 3738 2003 3809; x_wconf 77' lang='lat' dir='ltr'><strong>adiutorem</strong></span> 
     </span>
    </p>
   </div>
   <div class='ocr_carea' id='block_1_66' title="bbox 419 3825 2009 3901">
    <p class='ocr_par' dir='ltr' id='par_1_66' title="bbox 419 3825 2009 3901">
     <span class='ocr_line' id='line_1_66' title="bbox 419 3825 2009 3901; baseline 0.003 -22"><span class='ocrx_word' id='word_1_453' title='bbox 419 3827 608 3879; x_wconf 87' lang='lat' dir='ltr'><strong>Deum.</strong></span> <span class='ocrx_word' id='word_1_454' title='bbox 648 3825 716 3880; x_wconf 92' lang='lat' dir='ltr'><strong>Et</strong></span> <span class='ocrx_word' id='word_1_455' title='bbox 746 3840 843 3894; x_wconf 90' lang='lat' dir='ltr'><strong>per</strong></span> <span class='ocrx_word' id='word_1_456' title='bbox 874 3825 1067 3881; x_wconf 81' lang='lat' dir='ltr'><strong>faciem</strong></span> <span class='ocrx_word' id='word_1_457' title='bbox 1102 3842 1257 3880; x_wconf 77' lang='lat' dir='ltr'><strong>suam</strong></span> <span class='ocrx_word' id='word_1_458' title='bbox 1312 3828 1803 3899; x_wconf 90' lang='lat' dir='ltr'><strong>circumloquendo</strong></span> <span class='ocrx_word' id='word_1_459' title='bbox 1864 3832 2009 3901; x_wconf 75' lang='lat' dir='ltr'><strong>seip-</strong></span> 
     </span>
    </p>
   </div>
   <div class='ocr_carea' id='block_1_67' title="bbox 415 3915 2004 3991">
    <p class='ocr_par' dir='ltr' id='par_1_67' title="bbox 415 3915 2004 3991">
     <span class='ocr_line' id='line_1_67' title="bbox 415 3915 2004 3991; baseline 0.004 -21"><span class='ocrx_word' id='word_1_460' title='bbox 415 3929 537 3970; x_wconf 91' lang='lat' dir='ltr'><strong>sum</strong></span> <span class='ocrx_word' id='word_1_461' title='bbox 568 3915 843 3985; x_wconf 72' lang='lat' dir='ltr'><strong>intelligit,</strong></span> <span class='ocrx_word' id='word_1_462' title='bbox 872 3930 938 3969; x_wconf 90' lang='lat' dir='ltr'><strong>ac</strong></span> <span class='ocrx_word' id='word_1_463' title='bbox 965 3916 1012 3970; x_wconf 89' lang='lat' dir='ltr'><strong>si</strong></span> <span class='ocrx_word' id='word_1_464' title='bbox 1040 3916 1247 3972; x_wconf 88' lang='lat' dir='ltr'><strong>diceret</strong></span> <span class='ocrx_word' id='word_1_465' title='bbox 1288 3931 1303 3970; x_wconf 93' lang='lat'><strong>:</strong></span> <span class='ocrx_word' id='word_1_466' title='bbox 1342 3919 1453 3988; x_wconf 78' lang='lat' dir='ltr'><strong>Ego</strong></span> <span class='ocrx_word' id='word_1_467' title='bbox 1478 3919 1593 3988; x_wconf 87' lang='lat' dir='ltr'><strong>ipse</strong></span> <span class='ocrx_word' id='word_1_468' title='bbox 1630 3922 1900 3991; x_wconf 81' lang='lat' dir='ltr'><strong>exquisivi</strong></span> <span class='ocrx_word' id='word_1_469' title='bbox 1931 3930 2004 3976; x_wconf 85' lang='lat' dir='ltr'><strong>te.</strong></span> 
     </span>
    </p>
   </div>
   <div class='ocr_carea' id='block_1_68' title="bbox 492 4005 2008 4083">
    <p class='ocr_par' dir='ltr' id='par_1_68' title="bbox 492 4005 2008 4083">
     <span class='ocr_line' id='line_1_68' title="bbox 492 4005 2008 4083; baseline 0.007 -24"><span class='ocrx_word' id='word_1_470' title='bbox 492 4005 709 4061; x_wconf 72' lang='lat' dir='ltr'><strong>Faciem</strong></span> <span class='ocrx_word' id='word_1_471' title='bbox 744 4017 914 4073; x_wconf 84' lang='lat' dir='ltr'><strong>tuam,</strong></span> <span class='ocrx_word' id='word_1_472' title='bbox 942 4006 1185 4075; x_wconf 82' lang='lat' dir='ltr'><strong>Domine,</strong></span> <span class='ocrx_word' id='word_1_473' title='bbox 1209 4012 1536 4079; x_wconf 75' lang='lat' dir='ltr'><strong>perquirunt.</strong></span> <span class='ocrx_word' id='word_1_474' title='bbox 1574 4014 1687 4066; x_wconf 81' lang='lat' dir='ltr'><strong>Hoc</strong></span> <span class='ocrx_word' id='word_1_475' title='bbox 1710 4024 1795 4068; x_wconf 83' lang='lat' dir='ltr'><strong>cst</strong></span> <span class='ocrx_word' id='word_1_476' title='bbox 1826 4023 2008 4083; x_wconf 87' lang='lat' dir='ltr'><strong>prote-</strong></span> 
     </span>
    </p>
   </div>
   <div class='ocr_carea' id='block_1_69' title="bbox 412 4099 2002 4174">
    <p class='ocr_par' dir='ltr' id='par_1_69' title="bbox 412 4099 2002 4174">
     <span class='ocr_line' id='line_1_69' title="bbox 412 4099 2002 4174; baseline 0.007 -22"><span class='ocrx_word' id='word_1_477' title='bbox 412 4099 655 4153; x_wconf 75' lang='lat' dir='ltr'><strong>ctiouem</strong></span> <span class='ocrx_word' id='word_1_478' title='bbox 691 4108 746 4154; x_wconf 93' lang='lat' dir='ltr'><strong>et</strong></span> <span class='ocrx_word' id='word_1_479' title='bbox 779 4100 1089 4155; x_wconf 85' lang='lat' dir='ltr'><strong>custodiam</strong></span> <span class='ocrx_word' id='word_1_480' title='bbox 1123 4109 1270 4156; x_wconf 88' lang='lat' dir='ltr'><strong>tuam</strong></span> <span class='ocrx_word' id='word_1_481' title='bbox 1303 4143 1318 4168; x_wconf 91' lang='lat'><strong>,</strong></span> <span class='ocrx_word' id='word_1_482' title='bbox 1352 4112 1407 4158; x_wconf 90' lang='lat' dir='ltr'><strong>et</strong></span> <span class='ocrx_word' id='word_1_483' title='bbox 1432 4119 1712 4174; x_wconf 88' lang='lat' dir='ltr'><strong>nunquam</strong></span> <span class='ocrx_word' id='word_1_484' title='bbox 1747 4108 2002 4164; x_wconf 89' lang='lat' dir='ltr'><strong>cessabo.</strong></span> 
     </span>
    </p>
   </div>
   <div class='ocr_carea' id='block_1_70' title="bbox 490 4190 2008 4263">
    <p class='ocr_par' dir='ltr' id='par_1_70' title="bbox 490 4190 2008 4263">
     <span class='ocr_line' id='line_1_70' title="bbox 490 4190 2008 4263; baseline 0.007 -18"><span class='ocrx_word' id='word_1_485' title='bbox 490 4191 653 4247; x_wconf 77' lang='lat' dir='ltr'><strong>Vens.</strong></span> <span class='ocrx_word' id='word_1_486' title='bbox 688 4192 743 4247; x_wconf 90' lang='lat'><strong>9.</strong></span> <span class='ocrx_word' id='word_1_487' title='bbox 776 4190 861 4246; x_wconf 85' lang='lat' dir='ltr'><strong>Ne</strong></span> <span class='ocrx_word' id='word_1_488' title='bbox 886 4202 1097 4247; x_wconf 75' lang='lat' dir='ltr'><strong>avertas</strong></span> <span class='ocrx_word' id='word_1_489' title='bbox 1124 4193 1317 4263; x_wconf 77' lang='lat' dir='ltr'><strong>faciem</strong></span> <span class='ocrx_word' id='word_1_490' title='bbox 1350 4204 1499 4249; x_wconf 79' lang='lat' dir='ltr'><strong>tuam</strong></span> <span class='ocrx_word' id='word_1_491' title='bbox 1539 4213 1574 4250; x_wconf 87' lang='lat' dir='ltr'><strong>a</strong></span> <span class='ocrx_word' id='word_1_492' title='bbox 1624 4213 1725 4252; x_wconf 78' lang='lat' dir='ltr'><strong>me.</strong></span> <span class='ocrx_word' id='word_1_493' title='bbox 1754 4195 1868 4252; x_wconf 88' lang='lat' dir='ltr'><strong>Hoc</strong></span> <span class='ocrx_word' id='word_1_494' title='bbox 1919 4209 2008 4255; x_wconf 85' lang='lat' dir='ltr'><strong>est</strong></span> 
     </span>
    </p>
   </div>
   <div class='ocr_carea' id='block_1_71' title="bbox 418 4283 1991 4357">
    <p class='ocr_par' dir='ltr' id='par_1_71' title="bbox 418 4283 1991 4357">
     <span class='ocr_line' id='line_1_71' title="bbox 418 4283 1991 4357; baseline 0.008 -23"><span class='ocrx_word' id='word_1_495' title='bbox 418 4283 821 4352; x_wconf 86' lang='lat' dir='ltr'><strong>protectionem</strong></span> <span class='ocrx_word' id='word_1_496' title='bbox 843 4293 1013 4350; x_wconf 89' lang='lat' dir='ltr'><strong>tuam,</strong></span> <span class='ocrx_word' id='word_1_497' title='bbox 1039 4299 1145 4353; x_wconf 86' lang='lat' dir='ltr'><strong>qua</strong></span> <span class='ocrx_word' id='word_1_498' title='bbox 1173 4285 1312 4340; x_wconf 88' lang='lat' dir='ltr'><strong>inter</strong></span> <span class='ocrx_word' id='word_1_499' title='bbox 1339 4287 1627 4355; x_wconf 79' lang='lat' dir='ltr'><strong>angustias</strong></span> <span class='ocrx_word' id='word_1_500' title='bbox 1648 4289 1991 4357; x_wconf 76' lang='lat' dir='ltr'><strong>protegebar.</strong></span> 
     </span>
    </p>
   </div>
   <div class='ocr_carea' id='block_1_72' title="bbox 2110 3189 3696 3264">
    <p class='ocr_par' dir='ltr' id='par_1_72' title="bbox 2110 3189 3696 3264">
     <span class='ocr_line' id='line_1_72' title="bbox 2110 3189 3696 3264; baseline -0.003 -18"><span class='ocrx_word' id='word_1_501' title='bbox 2110 3192 2171 3246; x_wconf 78' lang='grc' dir='ltr'><strong>σὲ</strong></span> <span class='ocrx_word' id='word_1_502' title='bbox 2217 3189 2372 3247; x_wconf 77' lang='grc' dir='ltr'>εἶπεν</span> <span class='ocrx_word' id='word_1_503' title='bbox 2407 3193 2547 3264; x_wconf 84' lang='grc' dir='ltr'><strong>αὑτὴ</strong></span> <span class='ocrx_word' id='word_1_504' title='bbox 2602 3194 2666 3245; x_wconf 84' lang='grc' dir='ltr'>ὲκ</span> <span class='ocrx_word' id='word_1_505' title='bbox 2713 3190 2909 3262; x_wconf 83' lang='grc' dir='ltr'>βαθέος</span> <span class='ocrx_word' id='word_1_506' title='bbox 2943 3191 2976 3261; x_wconf 84' lang='grc' dir='ltr'><strong>ή</strong></span> <span class='ocrx_word' id='word_1_507' title='bbox 3008 3189 3209 3261; x_wconf 79' lang='grc' dir='ltr'>καρδία</span> <span class='ocrx_word' id='word_1_508' title='bbox 3258 3208 3399 3261; x_wconf 63' lang='grc' dir='ltr'><strong>μοι,</strong></span> <span class='ocrx_word' id='word_1_509' title='bbox 3459 3190 3554 3243; x_wconf 72' lang='grc' dir='ltr'>καὶ</span> <span class='ocrx_word' id='word_1_510' title='bbox 3591 3189 3696 3242; x_wconf 80' lang='grc' dir='ltr'><strong>οὐκ</strong></span> 
     </span>
    </p>
   </div>
   <div class='ocr_carea' id='block_1_73' title="bbox 2108 3279 3698 3355">
    <p class='ocr_par' dir='ltr' id='par_1_73' title="bbox 2108 3279 3698 3355">
     <span class='ocr_line' id='line_1_73' title="bbox 2108 3279 3698 3355; baseline -0.002 -15"><span class='ocrx_word' id='word_1_511' title='bbox 2108 3285 2447 3349; x_wconf 70' lang='grc' dir='ltr'><strong>ἐπιπολαίως</strong></span> <span class='ocrx_word' id='word_1_512' title='bbox 2483 3286 2551 3340; x_wconf 75' lang='grc' dir='ltr'><strong>τὰ</strong></span> <span class='ocrx_word' id='word_1_513' title='bbox 2579 3285 2737 3355; x_wconf 84' lang='grc' dir='ltr'>χείλη</span> <span class='ocrx_word' id='word_1_514' title='bbox 2781 3301 2908 3355; x_wconf 90' lang='grc' dir='ltr'><strong>μου.</strong></span> <span class='ocrx_word' id='word_1_515' title='bbox 2944 3279 3078 3336; x_wconf 61' lang='lat' dir='ltr'><strong>Elite</strong></span> <span class='ocrx_word' id='word_1_516' title='bbox 3106 3283 3184 3350; x_wconf 82' lang='grc' dir='ltr'><strong>δὲ,</strong></span> <span class='ocrx_word' id='word_1_517' title='bbox 3213 3285 3296 3337; x_wconf 85' lang='grc' dir='ltr'><strong>ὃτι</strong></span> <span class='ocrx_word' id='word_1_518' title='bbox 3329 3284 3551 3351; x_wconf 76' lang='grc' dir='ltr'>Κύριον</span> <span class='ocrx_word' id='word_1_519' title='bbox 3601 3282 3698 3351; x_wconf 71' lang='lat' dir='ltr'><strong>(n-</strong></span> 
     </span>
    </p>
   </div>
   <div class='ocr_carea' id='block_1_74' title="bbox 2108 3376 3699 3451">
    <p class='ocr_par' dir='ltr' id='par_1_74' title="bbox 2108 3376 3699 3451">
     <span class='ocr_line' id='line_1_74' title="bbox 2108 3376 3699 3451; baseline -0.001 -20"><span class='ocrx_word' id='word_1_520' title='bbox 2108 3380 2294 3446; x_wconf 73' lang='grc' dir='ltr'><em>τήσω,</em></span> <span class='ocrx_word' id='word_1_521' title='bbox 2329 3377 2532 3451; x_wconf 78' lang='grc' dir='ltr'>δηλαδὴ</span> <span class='ocrx_word' id='word_1_522' title='bbox 2561 3377 2655 3432; x_wconf 81' lang='grc' dir='ltr'><strong>τὸν</strong></span> <span class='ocrx_word' id='word_1_523' title='bbox 2700 3378 2834 3448; x_wconf 74' lang='grc' dir='ltr'><strong>ἐμὸν</strong></span> <span class='ocrx_word' id='word_1_524' title='bbox 2871 3378 3190 3449; x_wconf 82' lang='grc' dir='ltr'>Δεσπότην,</span> <span class='ocrx_word' id='word_1_525' title='bbox 3240 3376 3699 3449; x_wconf 74' lang='grc' dir='ltr'>περιφρονήσασα</span> 
     </span>
    </p>
   </div>
   <div class='ocr_carea' id='block_1_75' title="bbox 2109 3470 2981 3543">
    <p class='ocr_par' dir='ltr' id='par_1_75' title="bbox 2109 3470 2981 3543">
     <span class='ocr_line' id='line_1_75' title="bbox 2109 3470 2981 3543; baseline 0 -18"><span class='ocrx_word' id='word_1_526' title='bbox 2109 3476 2292 3527; x_wconf 79' lang='grc' dir='ltr'>πᾶσαν</span> <span class='ocrx_word' id='word_1_527' title='bbox 2324 3471 2679 3543; x_wconf 81' lang='grc' dir='ltr'>ἀνθρωπίνην</span> <span class='ocrx_word' id='word_1_528' title='bbox 2704 3470 2981 3542; x_wconf 77' lang='grc' dir='ltr'>βοήθειαν.</span> 
     </span>
    </p>
   </div>
   <div class='ocr_carea' id='block_1_76' title="bbox 2193 3560 3709 3633">
    <p class='ocr_par' dir='ltr' id='par_1_76' title="bbox 2193 3560 3709 3633">
     <span class='ocr_line' id='line_1_76' title="bbox 2193 3560 3709 3633; baseline -0.004 -14"><span class='ocrx_word' id='word_1_529' title='bbox 2193 3562 2548 3633; x_wconf 81' lang='grc' dir='ltr'><strong>Ἐξεζήτησέ</strong></span> <span class='ocrx_word' id='word_1_530' title='bbox 2586 3579 2661 3619; x_wconf 84' lang='grc' dir='ltr'>σε</span> <span class='ocrx_word' id='word_1_531' title='bbox 2698 3563 2766 3617; x_wconf 82' lang='grc' dir='ltr'><strong>τὸ</strong></span> <span class='ocrx_word' id='word_1_532' title='bbox 2803 3564 3132 3632; x_wconf 81' lang='grc' dir='ltr'>πρόσωπόν</span> <span class='ocrx_word' id='word_1_533' title='bbox 3155 3580 3298 3632; x_wconf 80' lang='grc' dir='ltr'>μου.</span> <span class='ocrx_word' id='word_1_534' title='bbox 3360 3562 3424 3615; x_wconf 85' lang='grc' dir='ltr'><strong>Ἦ</strong></span> <span class='ocrx_word' id='word_1_535' title='bbox 3455 3560 3525 3626; x_wconf 81' lang='grc' dir='ltr'><strong>ἐξ</strong></span> <span class='ocrx_word' id='word_1_536' title='bbox 3565 3562 3709 3633; x_wconf 74' lang='grc' dir='ltr'>πρό-</span> 
     </span>
    </p>
   </div>
   <div class='ocr_carea' id='block_1_77' title="bbox 2109 3654 3705 3727">
    <p class='ocr_par' dir='ltr' id='par_1_77' title="bbox 2109 3654 3705 3727">
     <span class='ocr_line' id='line_1_77' title="bbox 2109 3654 3705 3727; baseline -0.002 -17"><span class='ocrx_word' id='word_1_537' title='bbox 2109 3657 2259 3721; x_wconf 80' lang='grc' dir='ltr'>θεσις</span> <span class='ocrx_word' id='word_1_538' title='bbox 2311 3659 2569 3711; x_wconf 70' lang='grc' dir='ltr'>ἐπίτασιν</span> <span class='ocrx_word' id='word_1_539' title='bbox 2639 3655 2920 3727; x_wconf 71' lang='grc' dir='ltr'>ἐμφαίνει.</span> <span class='ocrx_word' id='word_1_540' title='bbox 2960 3656 3132 3725; x_wconf 80' lang='grc' dir='ltr'>Φησὶν</span> <span class='ocrx_word' id='word_1_541' title='bbox 3180 3654 3294 3721; x_wconf 75' lang='grc' dir='ltr'><strong>οὖν,</strong></span> <span class='ocrx_word' id='word_1_542' title='bbox 3334 3655 3417 3709; x_wconf 86' lang='grc' dir='ltr'><strong>ὅτι</strong></span> <span class='ocrx_word' id='word_1_543' title='bbox 3460 3655 3705 3723; x_wconf 69' lang='grc' dir='ltr'>Ἐπιμει</span> 
     </span>
    </p>
   </div>
   <div class='ocr_carea' id='block_1_78' title="bbox 2107 3746 3703 3820">
    <p class='ocr_par' dir='ltr' id='par_1_78' title="bbox 2107 3746 3703 3820">
     <span class='ocr_line' id='line_1_78' title="bbox 2107 3746 3703 3820; baseline 0 -20"><span class='ocrx_word' id='word_1_544' title='bbox 2107 3747 2214 3811; x_wconf 79' lang='grc' dir='ltr'><strong>λῶς</strong></span> <span class='ocrx_word' id='word_1_545' title='bbox 2262 3764 2323 3801; x_wconf 85' lang='grc' dir='ltr'><strong>σε</strong></span> <span class='ocrx_word' id='word_1_546' title='bbox 2376 3750 2619 3820; x_wconf 75' lang='grc' dir='ltr'><strong>ἐζήτησα</strong></span> <span class='ocrx_word' id='word_1_547' title='bbox 2660 3746 2877 3817; x_wconf 86' lang='grc' dir='ltr'>βοηθόν.</span> <span class='ocrx_word' id='word_1_548' title='bbox 2933 3748 3234 3819; x_wconf 87' lang='grc' dir='ltr'>Πρόσωπον</span> <span class='ocrx_word' id='word_1_549' title='bbox 3267 3746 3325 3799; x_wconf 84' lang='grc' dir='ltr'><strong>δὲ</strong></span> <span class='ocrx_word' id='word_1_550' title='bbox 3357 3746 3451 3800; x_wconf 81' lang='grc' dir='ltr'><strong>τοῦ</strong></span> <span class='ocrx_word' id='word_1_551' title='bbox 3503 3747 3703 3812; x_wconf 82' lang='grc' dir='ltr'><strong>Δαϐὶδ,</strong></span> 
     </span>
    </p>
   </div>
   <div class='ocr_carea' id='block_1_79' title="bbox 2107 3822 3703 3909">
    <p class='ocr_par' dir='ltr' id='par_1_79' title="bbox 2107 3822 3703 3909">
     <span class='ocr_line' id='line_1_79' title="bbox 2107 3822 3703 3909; baseline 0 -18"><span class='ocrx_word' id='word_1_552' title='bbox 2107 3839 2272 3902; x_wconf 75' lang='grc' dir='ltr'>αὐτὸς</span> <span class='ocrx_word' id='word_1_553' title='bbox 2326 3841 2355 3892; x_wconf 82' lang='grc' dir='ltr'>ὁ</span> <span class='ocrx_word' id='word_1_554' title='bbox 2401 3822 2566 3893; x_wconf 73' lang='grc' dir='ltr'><strong>Δάϐὶδ</strong></span> <span class='ocrx_word' id='word_1_555' title='bbox 2589 3876 2604 3903; x_wconf 89' lang='grc'><strong><em>,</em></strong></span> <span class='ocrx_word' id='word_1_556' title='bbox 2637 3838 2784 3893; x_wconf 79' lang='grc' dir='ltr'>κατὰ</span> <span class='ocrx_word' id='word_1_557' title='bbox 2817 3836 3157 3909; x_wconf 81' lang='grc' dir='ltr'>περίφρασιν</span> <span class='ocrx_word' id='word_1_558' title='bbox 3180 3852 3196 3868; x_wconf 78' lang='grc'><strong><em>⁸</em></strong></span> <span class='ocrx_word' id='word_1_559' title='bbox 3257 3836 3601 3908; x_wconf 73' lang='grc' dir='ltr'>Ἐξεζήτησά</span> <span class='ocrx_word' id='word_1_560' title='bbox 3634 3855 3703 3891; x_wconf 72' lang='grc' dir='ltr'><strong>σε</strong></span> 
     </span>
    </p>
   </div>
   <div class='ocr_carea' id='block_1_80' title="bbox 2109 3931 2300 3994">
    <p class='ocr_par' dir='ltr' id='par_1_80' title="bbox 2109 3931 2300 3994">
     <span class='ocr_line' id='line_1_80' title="bbox 2109 3931 2300 3994; baseline 0.016 -11"><span class='ocrx_word' id='word_1_561' title='bbox 2109 3931 2300 3994; x_wconf 76' lang='grc' dir='ltr'><strong>αὑτός.</strong></span> 
     </span>
    </p>
   </div>
   <div class='ocr_carea' id='block_1_81' title="bbox 2181 4022 3703 4096">
    <p class='ocr_par' dir='ltr' id='par_1_81' title="bbox 2181 4022 3703 4096">
     <span class='ocr_line' id='line_1_81' title="bbox 2181 4022 3703 4096; baseline -0.003 -16"><span class='ocrx_word' id='word_1_562' title='bbox 2181 4025 2254 4080; x_wconf 85' lang='grc' dir='ltr'><strong>Τὸ</strong></span> <span class='ocrx_word' id='word_1_563' title='bbox 2278 4024 2606 4094; x_wconf 77' lang='grc' dir='ltr'>πρόσωπόν</span> <span class='ocrx_word' id='word_1_564' title='bbox 2631 4039 2772 4091; x_wconf 81' lang='grc' dir='ltr'>σου,</span> <span class='ocrx_word' id='word_1_565' title='bbox 2811 4025 3009 4093; x_wconf 80' lang='grc' dir='ltr'>Κύριε,</span> <span class='ocrx_word' id='word_1_566' title='bbox 3043 4023 3303 4092; x_wconf 79' lang='grc' dir='ltr'><strong>ζητήσω.</strong></span> <span class='ocrx_word' id='word_1_567' title='bbox 3323 4022 3437 4096; x_wconf 84' lang='grc' dir='ltr'><strong>Τὴν</strong></span> <span class='ocrx_word' id='word_1_568' title='bbox 3465 4025 3703 4077; x_wconf 80' lang='grc' dir='ltr'>ἐπισκο-</span> 
     </span>
    </p>
   </div>
   <div class='ocr_carea' id='block_1_82' title="bbox 2108 4117 3607 4191">
    <p class='ocr_par' dir='ltr' id='par_1_82' title="bbox 2108 4117 3607 4191">
     <span class='ocr_line' id='line_1_82' title="bbox 2108 4117 3607 4191; baseline 0 -19"><span class='ocrx_word' id='word_1_569' title='bbox 2108 4119 2216 4188; x_wconf 84' lang='grc' dir='ltr'>πήν</span> <span class='ocrx_word' id='word_1_570' title='bbox 2251 4135 2345 4173; x_wconf 92' lang='grc' dir='ltr'>σου</span> <span class='ocrx_word' id='word_1_571' title='bbox 2373 4118 2468 4172; x_wconf 78' lang='grc' dir='ltr'>καὶ</span> <span class='ocrx_word' id='word_1_572' title='bbox 2495 4119 2577 4172; x_wconf 75' lang='grc' dir='ltr'><strong>ἔτι</strong></span> <span class='ocrx_word' id='word_1_573' title='bbox 2614 4117 2861 4191; x_wconf 78' lang='grc' dir='ltr'><strong>ζητήσω,</strong></span> <span class='ocrx_word' id='word_1_574' title='bbox 2889 4121 2982 4173; x_wconf 67' lang='grc' dir='ltr'>καὶ</span> <span class='ocrx_word' id='word_1_575' title='bbox 3005 4119 3263 4173; x_wconf 78' lang='grc' dir='ltr'><strong>οὐδέποτε</strong></span> <span class='ocrx_word' id='word_1_576' title='bbox 3302 4118 3607 4186; x_wconf 86' lang='grc' dir='ltr'>παύσομαι.</span> 
     </span>
    </p>
   </div>
   <div class='ocr_carea' id='block_1_83' title="bbox 2183 4208 3700 4280">
    <p class='ocr_par' dir='ltr' id='par_1_83' title="bbox 2183 4208 3700 4280">
     <span class='ocr_line' id='line_1_83' title="bbox 2183 4208 3700 4280; baseline 0.001 -15"><span class='ocrx_word' id='word_1_577' title='bbox 2183 4209 2280 4278; x_wconf 81' lang='grc' dir='ltr'><strong>Μὴ</strong></span> <span class='ocrx_word' id='word_1_578' title='bbox 2314 4209 2711 4280; x_wconf 70' lang='grc' dir='ltr'><strong>ἁποστρέψῃς</strong></span> <span class='ocrx_word' id='word_1_579' title='bbox 2754 4213 2824 4264; x_wconf 83' lang='grc' dir='ltr'><em>τὸ</em></span> <span class='ocrx_word' id='word_1_580' title='bbox 2869 4210 3198 4278; x_wconf 79' lang='grc' dir='ltr'>πρόσωπόν</span> <span class='ocrx_word' id='word_1_581' title='bbox 3226 4226 3343 4264; x_wconf 91' lang='grc' dir='ltr'>σου</span> <span class='ocrx_word' id='word_1_582' title='bbox 3389 4208 3492 4265; x_wconf 50' lang='grc' dir='ltr'><strong>ἀπ)</strong></span> <span class='ocrx_word' id='word_1_583' title='bbox 3522 4209 3700 4279; x_wconf 82' lang='grc' dir='ltr'><strong>ἐμοῦ.</strong></span> 
     </span>
    </p>
   </div>
   <div class='ocr_carea' id='block_1_84' title="bbox 2108 4302 3702 4375">
    <p class='ocr_par' dir='ltr' id='par_1_84' title="bbox 2108 4302 3702 4375">
     <span class='ocr_line' id='line_1_84' title="bbox 2108 4302 3702 4375; baseline 0.001 -20"><span class='ocrx_word' id='word_1_584' title='bbox 2108 4303 2221 4373; x_wconf 84' lang='grc' dir='ltr'><strong>Τὴν</strong></span> <span class='ocrx_word' id='word_1_585' title='bbox 2269 4304 2576 4374; x_wconf 71' lang='grc' dir='ltr'>ἐπισκοπὴν</span> <span class='ocrx_word' id='word_1_586' title='bbox 2606 4318 2723 4369; x_wconf 82' lang='grc' dir='ltr'>σου,</span> <span class='ocrx_word' id='word_1_587' title='bbox 2757 4303 2856 4375; x_wconf 81' lang='grc' dir='ltr'><strong>τὴν</strong></span> <span class='ocrx_word' id='word_1_588' title='bbox 2884 4304 2942 4356; x_wconf 79' lang='grc' dir='ltr'><strong>ἐν</strong></span> <span class='ocrx_word' id='word_1_589' title='bbox 2971 4303 3185 4373; x_wconf 74' lang='grc' dir='ltr'>ἀνάγκη</span> <span class='ocrx_word' id='word_1_590' title='bbox 3212 4302 3568 4356; x_wconf 83' lang='grc' dir='ltr'>σκεπάσασάν</span> <span class='ocrx_word' id='word_1_591' title='bbox 3603 4319 3702 4371; x_wconf 89' lang='grc' dir='ltr'><strong>με.</strong></span> 
     </span>
    </p>
   </div>
   <div class='ocr_carea' id='block_1_85' title="bbox 485 4369 2005 4463">
    <p class='ocr_par' dir='ltr' id='par_1_85' title="bbox 485 4369 1997 4431">
     <span class='ocr_line' id='line_1_85' title="bbox 485 4369 1997 4431; baseline 0.005 -8"><span class='ocrx_word' id='word_1_592' title='bbox 485 4369 554 4423; x_wconf 82' lang='lat' dir='ltr'><strong>Et</strong></span> <span class='ocrx_word' id='word_1_593' title='bbox 584 4386 689 4425; x_wconf 79' lang='lat' dir='ltr'><strong>non</strong></span> <span class='ocrx_word' id='word_1_594' title='bbox 711 4370 938 4424; x_wconf 78' lang='lat' dir='ltr'><strong>declines</strong></span> <span class='ocrx_word' id='word_1_595' title='bbox 972 4371 1027 4423; x_wconf 87' lang='lat' dir='ltr'><strong>in</strong></span> <span class='ocrx_word' id='word_1_596' title='bbox 1056 4371 1139 4425; x_wconf 86' lang='lat' dir='ltr'><strong>ira</strong></span> <span class='ocrx_word' id='word_1_597' title='bbox 1160 4386 1193 4424; x_wconf 91' lang='lat' dir='ltr'><strong>a</strong></span> <span class='ocrx_word' id='word_1_598' title='bbox 1221 4387 1367 4425; x_wconf 77' lang='lat' dir='ltr'><strong>servo</strong></span> <span class='ocrx_word' id='word_1_599' title='bbox 1394 4382 1505 4426; x_wconf 86' lang='lat' dir='ltr'><strong>tuo.</strong></span> <span class='ocrx_word' id='word_1_600' title='bbox 1544 4372 1621 4429; x_wconf 88' lang='lat' dir='ltr'><strong>Ne</strong></span> <span class='ocrx_word' id='word_1_601' title='bbox 1651 4377 1705 4428; x_wconf 89' lang='lat' dir='ltr'><strong>in</strong></span> <span class='ocrx_word' id='word_1_602' title='bbox 1735 4376 1816 4429; x_wconf 91' lang='lat' dir='ltr'><strong>ira</strong></span> <span class='ocrx_word' id='word_1_603' title='bbox 1842 4391 1997 4431; x_wconf 89' lang='lat' dir='ltr'><strong>sece-</strong></span> 
     </span>
    </p>
   </div>
   <div class='ocr_carea' id='block_1_86' title="bbox 2108 4369 3702 4463">
    <p class='ocr_par' dir='ltr' id='par_1_86' title="bbox 2176 4369 3702 4463">
     <span class='ocr_line' id='line_1_86' title="bbox 2176 4369 3702 4463; baseline -0.001 -16"><span class='ocrx_word' id='word_1_604' title='bbox 2176 4369 2291 4447; x_wconf 60' lang='grc' dir='ltr'><strong>Καὶ</strong></span> <span class='ocrx_word' id='word_1_605' title='bbox 2322 4392 2410 4463; x_wconf 76' lang='grc' dir='ltr'><strong>μὴ</strong></span> <span class='ocrx_word' id='word_1_606' title='bbox 2468 4369 2761 4463; x_wconf 61' lang='grc' dir='ltr'><strong>ἐκκλίνῃς</strong></span> <span class='ocrx_word' id='word_1_607' title='bbox 2912 4393 3060 4463; x_wconf 73' lang='grc' dir='ltr'><strong>ὀργῇ</strong></span> <span class='ocrx_word' id='word_1_608' title='bbox 3091 4369 3238 4449; x_wconf 13' lang='grc' dir='ltr'><strong>γάπύ</strong></span> <span class='ocrx_word' id='word_1_609' title='bbox 3290 4394 3401 4449; x_wconf 84' lang='grc' dir='ltr'><strong>τοῦ</strong></span> <span class='ocrx_word' id='word_1_610' title='bbox 3464 4369 3702 4447; x_wconf 61' lang='grc' dir='ltr'><strong>δούλου</strong></span> 
     </span>
    </p>
   </div>
   <div class='ocr_carea' id='block_1_87' title="bbox 411 4462 2005 4557">
    <p class='ocr_par' dir='ltr' id='par_1_87' title="bbox 411 4462 1999 4527">
     <span class='ocr_line' id='line_1_87' title="bbox 411 4462 1999 4527; baseline 0.004 -10"><span class='ocrx_word' id='word_1_611' title='bbox 411 4462 512 4517; x_wconf 83' lang='lat' dir='ltr'><strong>das</strong></span> <span class='ocrx_word' id='word_1_612' title='bbox 543 4479 570 4515; x_wconf 76' lang='lat' dir='ltr'><strong>tt</strong></span> <span class='ocrx_word' id='word_1_613' title='bbox 597 4478 706 4527; x_wconf 88' lang='lat' dir='ltr'><strong>me,</strong></span> <span class='ocrx_word' id='word_1_614' title='bbox 738 4463 828 4517; x_wconf 91' lang='lat' dir='ltr'><strong>cui</strong></span> <span class='ocrx_word' id='word_1_615' title='bbox 858 4464 1132 4517; x_wconf 81' lang='lat' dir='ltr'><strong>hactenus</strong></span> <span class='ocrx_word' id='word_1_616' title='bbox 1164 4478 1385 4518; x_wconf 86' lang='lat' dir='ltr'><strong>summo</strong></span> <span class='ocrx_word' id='word_1_617' title='bbox 1414 4480 1539 4519; x_wconf 89' lang='lat' dir='ltr'><strong>cum</strong></span> <span class='ocrx_word' id='word_1_618' title='bbox 1580 4467 1762 4522; x_wconf 89' lang='lat' dir='ltr'><strong>studio</strong></span> <span class='ocrx_word' id='word_1_619' title='bbox 1790 4477 1847 4523; x_wconf 89' lang='lat' dir='ltr'><strong>et</strong></span> <span class='ocrx_word' id='word_1_620' title='bbox 1867 4484 1999 4525; x_wconf 90' lang='lat' dir='ltr'><strong>cura</strong></span> 
     </span>
    </p>
   </div>
   <div class='ocr_carea' id='block_1_88' title="bbox 2108 4462 3704 4557">
    <p class='ocr_par' dir='ltr' id='par_1_88' title="bbox 2108 4462 3704 4557">
     <span class='ocr_line' id='line_1_88' title="bbox 2108 4462 3704 4557; baseline 0 -18"><span class='ocrx_word' id='word_1_621' title='bbox 2108 4501 2242 4540; x_wconf 81' lang='grc' dir='ltr'>σου.</span> <span class='ocrx_word' id='word_1_622' title='bbox 2264 4462 2350 4555; x_wconf 77' lang='grc' dir='ltr'><strong>Μὴ</strong></span> <span class='ocrx_word' id='word_1_623' title='bbox 2384 4462 2749 4557; x_wconf 68' lang='grc' dir='ltr'>ἀναχωρήσης</span> <span class='ocrx_word' id='word_1_624' title='bbox 2773 4485 2869 4538; x_wconf 79' lang='grc' dir='ltr'><strong>ἀπ’</strong></span> <span class='ocrx_word' id='word_1_625' title='bbox 2897 4462 3032 4556; x_wconf 77' lang='grc' dir='ltr'><strong>ἐμοῦ</strong></span> <span class='ocrx_word' id='word_1_626' title='bbox 3057 4487 3112 4538; x_wconf 80' lang='grc' dir='ltr'><strong>ὲν</strong></span> <span class='ocrx_word' id='word_1_627' title='bbox 3141 4486 3349 4556; x_wconf 82' lang='grc' dir='ltr'><strong>ὀργῇ,ὁ</strong></span> <span class='ocrx_word' id='word_1_628' title='bbox 3387 4484 3704 4556; x_wconf 83' lang='grc' dir='ltr'>συμπαρών</span> 
     </span>
    </p>
   </div>
   <div class='ocr_carea' id='block_1_89' title="bbox 413 4550 2002 4621">
    <p class='ocr_par' dir='ltr' id='par_1_89' title="bbox 413 4550 2002 4621">
     <span class='ocr_line' id='line_1_89' title="bbox 413 4550 2002 4621; baseline 0.005 -14"><span class='ocrx_word' id='word_1_629' title='bbox 413 4550 641 4607; x_wconf 84' lang='lat' dir='ltr'><strong>astitisti</strong></span> <span class='ocrx_word' id='word_1_630' title='bbox 671 4568 688 4607; x_wconf 87' lang='lat'><strong>:</strong></span> <span class='ocrx_word' id='word_1_631' title='bbox 719 4550 866 4620; x_wconf 90' lang='lat' dir='ltr'><strong>quod</strong></span> <span class='ocrx_word' id='word_1_632' title='bbox 898 4552 945 4607; x_wconf 89' lang='lat' dir='ltr'><strong>si</strong></span> <span class='ocrx_word' id='word_1_633' title='bbox 973 4559 1033 4604; x_wconf 92' lang='lat' dir='ltr'><strong>ut</strong></span> <span class='ocrx_word' id='word_1_634' title='bbox 1059 4551 1224 4605; x_wconf 88' lang='lat' dir='ltr'><strong>homo</strong></span> <span class='ocrx_word' id='word_1_635' title='bbox 1250 4552 1555 4621; x_wconf 87' lang='lat' dir='ltr'><strong>deliquero,</strong></span> <span class='ocrx_word' id='word_1_636' title='bbox 1577 4563 1636 4609; x_wconf 90' lang='lat' dir='ltr'><strong>tu</strong></span> <span class='ocrx_word' id='word_1_637' title='bbox 1659 4557 2002 4615; x_wconf 87' lang='lat' dir='ltr'><strong>tuebuntane</strong></span> 
     </span>
    </p>
   </div>
   <div class='ocr_carea' id='block_1_90' title="bbox 414 4642 2003 4718">
    <p class='ocr_par' dir='ltr' id='par_1_90' title="bbox 414 4642 2003 4718">
     <span class='ocr_line' id='line_1_90' title="bbox 414 4642 2003 4718; baseline 0.006 -20"><span class='ocrx_word' id='word_1_638' title='bbox 414 4657 481 4698; x_wconf 79' lang='lat' dir='ltr'><strong>ac</strong></span> <span class='ocrx_word' id='word_1_639' title='bbox 514 4642 943 4699; x_wconf 85' lang='lat' dir='ltr'><strong>misericorditer</strong></span> <span class='ocrx_word' id='word_1_640' title='bbox 972 4642 1210 4713; x_wconf 75' lang='lat' dir='ltr'><strong>castiga,</strong></span> <span class='ocrx_word' id='word_1_641' title='bbox 1244 4658 1309 4698; x_wconf 93' lang='lat' dir='ltr'><strong>ac</strong></span> <span class='ocrx_word' id='word_1_642' title='bbox 1331 4660 1557 4701; x_wconf 86' lang='lat' dir='ltr'><strong>rursum</strong></span> <span class='ocrx_word' id='word_1_643' title='bbox 1593 4646 1684 4703; x_wconf 89' lang='lat' dir='ltr'><strong>ubi</strong></span> <span class='ocrx_word' id='word_1_644' title='bbox 1712 4650 2003 4718; x_wconf 84' lang='lat' dir='ltr'><strong>opus.t‘ue-</strong></span> 
     </span>
    </p>
   </div>
   <div class='ocr_carea' id='block_1_91' title="bbox 422 4734 750 4804">
    <p class='ocr_par' dir='ltr' id='par_1_91' title="bbox 422 4734 750 4804">
     <span class='ocr_line' id='line_1_91' title="bbox 422 4734 750 4804; baseline -0.006 -13"><span class='ocrx_word' id='word_1_645' title='bbox 422 4736 497 4791; x_wconf 90' lang='lat' dir='ltr'><strong>rit</strong></span> <span class='ocrx_word' id='word_1_646' title='bbox 527 4734 750 4804; x_wconf 73' lang='lat' dir='ltr'><strong>adiuva.</strong></span> 
     </span>
    </p>
   </div>
   <div class='ocr_carea' id='block_1_92' title="bbox 434 4826 1450 4894">
    <p class='ocr_par' dir='ltr' id='par_1_92' title="bbox 434 4826 1450 4894">
     <span class='ocr_line' id='line_1_92' title="bbox 434 4826 1450 4894; baseline 0.008 -16"><span class='ocrx_word' id='word_1_647' title='bbox 434 4856 438 4860; x_wconf 94' lang='lat'><strong><em>-</em></strong></span> <span class='ocrx_word' id='word_1_648' title='bbox 486 4826 720 4894; x_wconf 78' lang='lat' dir='ltr'><strong>Adjutor</strong></span> <span class='ocrx_word' id='word_1_649' title='bbox 742 4841 889 4880; x_wconf 75' lang='lat' dir='ltr'><strong>meus</strong></span> <span class='ocrx_word' id='word_1_650' title='bbox 918 4835 1054 4882; x_wconf 75' lang='lat' dir='ltr'><strong>esto.</strong></span> <span class='ocrx_word' id='word_1_651' title='bbox 1079 4827 1139 4883; x_wconf 85' lang='lat' dir='ltr'><strong>In</strong></span> <span class='ocrx_word' id='word_1_652' title='bbox 1176 4827 1450 4886; x_wconf 83' lang='lat' dir='ltr'><strong>futurum.</strong></span> 
     </span>
    </p>
   </div>
   <div class='ocr_carea' id='block_1_93' title="bbox 491 4915 2004 4986">
    <p class='ocr_par' dir='ltr' id='par_1_93' title="bbox 491 4915 2004 4986">
     <span class='ocr_line' id='line_1_93' title="bbox 491 4915 2004 4986; baseline 0.008 -15"><span class='ocrx_word' id='word_1_653' title='bbox 491 4915 577 4972; x_wconf 84' lang='lat' dir='ltr'><strong>Ne</strong></span> <span class='ocrx_word' id='word_1_654' title='bbox 597 4917 820 4986; x_wconf 76' lang='lat' dir='ltr'><strong>repellas</strong></span> <span class='ocrx_word' id='word_1_655' title='bbox 848 4934 948 4974; x_wconf 77' lang='lat' dir='ltr'><strong>me.</strong></span> <span class='ocrx_word' id='word_1_656' title='bbox 981 4916 1114 4974; x_wconf 89' lang='lat' dir='ltr'><strong>Tale</strong></span> <span class='ocrx_word' id='word_1_657' title='bbox 1140 4924 1467 4977; x_wconf 83' lang='lat' dir='ltr'><strong>vocabulum</strong></span> <span class='ocrx_word' id='word_1_658' title='bbox 1493 4934 1675 4980; x_wconf 86' lang='lat' dir='ltr'><strong>autem</strong></span> <span class='ocrx_word' id='word_1_659' title='bbox 1730 4940 1761 4980; x_wconf 89' lang='lat' dir='ltr'><strong>a</strong></span> <span class='ocrx_word' id='word_1_660' title='bbox 1812 4924 2004 4983; x_wconf 65' lang='lat' dir='ltr'><strong>Gtmro</strong></span> 
     </span>
    </p>
   </div>
   <div class='ocr_carea' id='block_1_94' title="bbox 417 5013 2004 5088">
    <p class='ocr_par' dir='ltr' id='par_1_94' title="bbox 417 5013 2004 5088">
     <span class='ocr_line' id='line_1_94' title="bbox 417 5013 2004 5088; baseline 0.005 -22"><span class='ocrx_word' id='word_1_661' title='bbox 417 5013 714 5081; x_wconf 79' lang='lat' dir='ltr'><strong>proverbio</strong></span> <span class='ocrx_word' id='word_1_662' title='bbox 741 5024 1098 5080; x_wconf 77' lang='lat' dir='ltr'><strong>sumpserunt</strong></span> <span class='ocrx_word' id='word_1_663' title='bbox 1128 5015 1457 5085; x_wconf 83' lang='lat' dir='ltr'><strong>interpretes</strong></span> <span class='ocrx_word' id='word_1_664' title='bbox 1489 5058 1506 5084; x_wconf 89' lang='lat'><strong>,</strong></span> <span class='ocrx_word' id='word_1_665' title='bbox 1536 5019 1632 5088; x_wconf 90' lang='lat' dir='ltr'><strong>qui</strong></span> <span class='ocrx_word' id='word_1_666' title='bbox 1661 5016 1849 5073; x_wconf 63' lang='lat' dir='ltr'><strong>Graece</strong></span> <span class='ocrx_word' id='word_1_667' title='bbox 1879 5021 2004 5075; x_wconf 83' lang='lat' dir='ltr'><strong>red-</strong></span> 
     </span>
    </p>
   </div>
   <div class='ocr_carea' id='block_1_95' title="bbox 417 5106 700 5161">
    <p class='ocr_par' dir='ltr' id='par_1_95' title="bbox 417 5106 700 5161">
     <span class='ocr_line' id='line_1_95' title="bbox 417 5106 700 5161; baseline -0.007 0"><span class='ocrx_word' id='word_1_668' title='bbox 417 5106 700 5161; x_wconf 86' lang='lat' dir='ltr'><strong>diderunt.</strong></span> 
     </span>
    </p>
   </div>
   <div class='ocr_carea' id='block_1_96' title="bbox 491 5197 2006 5275">
    <p class='ocr_par' dir='ltr' id='par_1_96' title="bbox 491 5197 2006 5275">
     <span class='ocr_line' id='line_1_96' title="bbox 491 5197 2006 5275; baseline 0.005 -25"><span class='ocrx_word' id='word_1_669' title='bbox 491 5197 923 5268; x_wconf 67' lang='lat' dir='ltr'><strong>Nodot-aliaquo;</strong></span> <span class='ocrx_word' id='word_1_670' title='bbox 945 5214 1049 5262; x_wconf 86' lang='lat' dir='ltr'><strong>me,</strong></span> <span class='ocrx_word' id='word_1_671' title='bbox 1071 5197 1231 5264; x_wconf 73' lang='lat' dir='ltr'><strong>Deus,</strong></span> <span class='ocrx_word' id='word_1_672' title='bbox 1262 5210 1501 5254; x_wconf 61' lang='lat' dir='ltr'><strong>salvator</strong></span> <span class='ocrx_word' id='word_1_673' title='bbox 1519 5217 1687 5256; x_wconf 75' lang='lat' dir='ltr'><strong>meus.</strong></span> <span class='ocrx_word' id='word_1_674' title='bbox 1726 5202 2006 5275; x_wconf 84' lang='lat' dir='ltr'><strong>Frequen-</strong></span> 
     </span>
    </p>
   </div>
   <div class='ocr_carea' id='block_1_97' title="bbox 420 5293 2005 5366">
    <p class='ocr_par' dir='ltr' id='par_1_97' title="bbox 420 5293 2005 5366">
     <span class='ocr_line' id='line_1_97' title="bbox 420 5293 2005 5366; baseline 0.003 -18"><span class='ocrx_word' id='word_1_675' title='bbox 420 5304 508 5348; x_wconf 86' lang='lat' dir='ltr'><strong>ter</strong></span> <span class='ocrx_word' id='word_1_676' title='bbox 574 5305 730 5366; x_wconf 75' lang='lat' dir='ltr'><strong>rogat</strong></span> <span class='ocrx_word' id='word_1_677' title='bbox 787 5309 853 5348; x_wconf 90' lang='lat' dir='ltr'><strong>ac</strong></span> <span class='ocrx_word' id='word_1_678' title='bbox 906 5309 1095 5363; x_wconf 76' lang='lat' dir='ltr'><strong>proces</strong></span> <span class='ocrx_word' id='word_1_679' title='bbox 1116 5294 1292 5348; x_wconf 84' lang='lat' dir='ltr'><strong>l&#39;tmdlt</strong></span> <span class='ocrx_word' id='word_1_680' title='bbox 1322 5293 1613 5365; x_wconf 86' lang='lat' dir='ltr'><strong>Propheta,</strong></span> <span class='ocrx_word' id='word_1_681' title='bbox 1639 5299 2005 5354; x_wconf 83' lang='lat' dir='ltr'><strong>constantiam</strong></span> 
     </span>
    </p>
   </div>
   <div class='ocr_carea' id='block_1_98' title="bbox 419 5386 2004 5459">
    <p class='ocr_par' dir='ltr' id='par_1_98' title="bbox 419 5386 2004 5459">
     <span class='ocr_line' id='line_1_98' title="bbox 419 5386 2004 5459; baseline 0.004 -21"><span class='ocrx_word' id='word_1_682' title='bbox 419 5400 577 5439; x_wconf 86' lang='lat' dir='ltr'><strong>suam</strong></span> <span class='ocrx_word' id='word_1_683' title='bbox 628 5386 685 5441; x_wconf 90' lang='lat' dir='ltr'><strong>in</strong></span> <span class='ocrx_word' id='word_1_684' title='bbox 712 5386 921 5441; x_wconf 88' lang='lat' dir='ltr'><strong>orando</strong></span> <span class='ocrx_word' id='word_1_685' title='bbox 958 5400 1230 5441; x_wconf 84' lang='lat' dir='ltr'><strong>summam</strong></span> <span class='ocrx_word' id='word_1_686' title='bbox 1267 5400 1389 5441; x_wconf 87' lang='lat' dir='ltr'><strong>esse</strong></span> <span class='ocrx_word' id='word_1_687' title='bbox 1416 5387 1718 5442; x_wconf 77' lang='lat' dir='ltr'><strong>ostendens</strong></span> <span class='ocrx_word' id='word_1_688' title='bbox 1749 5399 1913 5459; x_wconf 85' lang='lat' dir='ltr'><strong>atque</strong></span> <span class='ocrx_word' id='word_1_689' title='bbox 1936 5405 2004 5443; x_wconf 78' lang='lat' dir='ltr'><strong>ex</strong></span> 
     </span>
    </p>
   </div>
   <div class='ocr_carea' id='block_1_99' title="bbox 415 5476 933 5547">
    <p class='ocr_par' dir='ltr' id='par_1_99' title="bbox 415 5476 933 5547">
     <span class='ocr_line' id='line_1_99' title="bbox 415 5476 933 5547; baseline 0.004 -19"><span class='ocrx_word' id='word_1_690' title='bbox 415 5481 590 5531; x_wconf 88' lang='lat' dir='ltr'><strong>corde</strong></span> <span class='ocrx_word' id='word_1_691' title='bbox 629 5476 933 5547; x_wconf 81' lang='lat' dir='ltr'><strong>proﬁcisci.</strong></span> 
     </span>
    </p>
   </div>
   <div class='ocr_carea' id='block_1_100' title="bbox 488 5564 2005 5636">
    <p class='ocr_par' dir='ltr' id='par_1_100' title="bbox 488 5564 2005 5636">
     <span class='ocr_line' id='line_1_100' title="bbox 488 5564 2005 5636; baseline 0.005 -18"><span class='ocrx_word' id='word_1_692' title='bbox 488 5564 657 5620; x_wconf 69' lang='lat' dir='ltr'><strong>Vens.</strong></span> <span class='ocrx_word' id='word_1_693' title='bbox 687 5567 775 5622; x_wconf 69' lang='lat'><strong>10.</strong></span> <span class='ocrx_word' id='word_1_694' title='bbox 807 5568 1071 5631; x_wconf 82' lang='lat' dir='ltr'><strong>Quoniam</strong></span> <span class='ocrx_word' id='word_1_695' title='bbox 1101 5576 1253 5636; x_wconf 82' lang='lat' dir='ltr'><strong>pater</strong></span> <span class='ocrx_word' id='word_1_696' title='bbox 1275 5585 1418 5622; x_wconf 83' lang='lat' dir='ltr'><strong>meus</strong></span> <span class='ocrx_word' id='word_1_697' title='bbox 1438 5577 1489 5622; x_wconf 84' lang='lat' dir='ltr'><strong>et</strong></span> <span class='ocrx_word' id='word_1_698' title='bbox 1533 5578 1703 5622; x_wconf 82' lang='lat' dir='ltr'><strong>mater</strong></span> <span class='ocrx_word' id='word_1_699' title='bbox 1747 5586 1865 5624; x_wconf 82' lang='lat' dir='ltr'><strong>mea</strong></span> <span class='ocrx_word' id='word_1_700' title='bbox 1912 5570 2005 5625; x_wconf 82' lang='lat' dir='ltr'><strong>de-</strong></span> 
     </span>
    </p>
   </div>
   <div class='ocr_carea' id='block_1_101' title="bbox 416 5657 2006 5735">
    <p class='ocr_par' dir='ltr' id='par_1_101' title="bbox 416 5657 2006 5735">
     <span class='ocr_line' id='line_1_101' title="bbox 416 5657 2006 5735; baseline 0.005 -23"><span class='ocrx_word' id='word_1_701' title='bbox 416 5657 745 5716; x_wconf 76' lang='lat' dir='ltr'><strong>reliquerunt</strong></span> <span class='ocrx_word' id='word_1_702' title='bbox 772 5675 871 5713; x_wconf 86' lang='lat' dir='ltr'><strong>me.</strong></span> <span class='ocrx_word' id='word_1_703' title='bbox 896 5661 1188 5732; x_wconf 82' lang='lat' dir='ltr'><strong>Quoniam,</strong></span> <span class='ocrx_word' id='word_1_704' title='bbox 1214 5662 1411 5735; x_wconf 89' lang='lat' dir='ltr'><strong>inquit,</strong></span> <span class='ocrx_word' id='word_1_705' title='bbox 1436 5666 1583 5719; x_wconf 88' lang='lat' dir='ltr'><strong>omni</strong></span> <span class='ocrx_word' id='word_1_706' title='bbox 1607 5672 1889 5735; x_wconf 87' lang='lat' dir='ltr'><strong>parentum</strong></span> <span class='ocrx_word' id='word_1_707' title='bbox 1915 5679 2006 5720; x_wconf 85' lang='lat' dir='ltr'><strong>so-</strong></span> 
     </span>
    </p>
   </div>
   <div class='ocr_carea' id='block_1_102' title="bbox 2106 4574 3699 4648">
    <p class='ocr_par' dir='ltr' id='par_1_102' title="bbox 2106 4574 3699 4648">
     <span class='ocr_line' id='line_1_102' title="bbox 2106 4574 3699 4648; baseline 0.003 -20"><span class='ocrx_word' id='word_1_708' title='bbox 2106 4594 2197 4647; x_wconf 82' lang='grc' dir='ltr'>μοι</span> <span class='ocrx_word' id='word_1_709' title='bbox 2227 4574 2625 4647; x_wconf 84' lang='grc' dir='ltr'>κηδεμονικῶς,</span> <span class='ocrx_word' id='word_1_710' title='bbox 2655 4579 2706 4630; x_wconf 81' lang='grc' dir='ltr'>ει</span> <span class='ocrx_word' id='word_1_711' title='bbox 2744 4578 2840 4630; x_wconf 76' lang='grc' dir='ltr'>καὶ</span> <span class='ocrx_word' id='word_1_712' title='bbox 2873 4578 2948 4638; x_wconf 74' lang='grc' dir='ltr'>ὡς</span> <span class='ocrx_word' id='word_1_713' title='bbox 2989 4578 3277 4648; x_wconf 76' lang='grc' dir='ltr'>ἄνθρωπος</span> <span class='ocrx_word' id='word_1_714' title='bbox 3305 4576 3699 4648; x_wconf 79' lang='grc' dir='ltr'><strong>πλημμελήσω</strong></span> 
     </span>
    </p>
   </div>
   <div class='ocr_carea' id='block_1_103' title="bbox 2105 4668 3579 4742">
    <p class='ocr_par' dir='ltr' id='par_1_103' title="bbox 2105 4668 3579 4742">
     <span class='ocr_line' id='line_1_103' title="bbox 2105 4668 3579 4742; baseline 0.001 -20"><span class='ocrx_word' id='word_1_715' title='bbox 2105 4684 2211 4723; x_wconf 72' lang='grc' dir='ltr'>σοι*</span> <span class='ocrx_word' id='word_1_716' title='bbox 2251 4668 2552 4733; x_wconf 79' lang='grc' dir='ltr'>παιδεύσας</span> <span class='ocrx_word' id='word_1_717' title='bbox 2588 4669 2646 4723; x_wconf 74' lang='grc' dir='ltr'><strong>δὲ</strong></span> <span class='ocrx_word' id='word_1_718' title='bbox 2673 4669 3099 4742; x_wconf 83' lang='grc' dir='ltr'>φιλανθρώπως,</span> <span class='ocrx_word' id='word_1_719' title='bbox 3129 4669 3288 4734; x_wconf 79' lang='grc' dir='ltr'>αὖθις</span> <span class='ocrx_word' id='word_1_720' title='bbox 3311 4669 3579 4724; x_wconf 70' lang='grc' dir='ltr'>ἀναλαϐε.</span> 
     </span>
    </p>
   </div>
   <div class='ocr_carea' id='block_1_104' title="bbox 2176 4844 3350 4915">
    <p class='ocr_par' dir='ltr' id='par_1_104' title="bbox 2176 4844 3350 4915">
     <span class='ocr_line' id='line_1_104' title="bbox 2176 4844 3350 4915; baseline 0 -15"><span class='ocrx_word' id='word_1_721' title='bbox 2176 4845 2406 4911; x_wconf 82' lang='grc' dir='ltr'>Βοηθός</span> <span class='ocrx_word' id='word_1_722' title='bbox 2430 4861 2535 4913; x_wconf 86' lang='grc' dir='ltr'><strong>μοι</strong></span> <span class='ocrx_word' id='word_1_723' title='bbox 2556 4844 2763 4915; x_wconf 75' lang='grc' dir='ltr'><strong>γενοῦ.</strong></span> <span class='ocrx_word' id='word_1_724' title='bbox 2803 4845 2914 4900; x_wconf 71' lang='grc' dir='ltr'><strong>Καὶ</strong></span> <span class='ocrx_word' id='word_1_725' title='bbox 2940 4847 3021 4909; x_wconf 71' lang='grc' dir='ltr'><strong>εἰς</strong></span> <span class='ocrx_word' id='word_1_726' title='bbox 3049 4846 3108 4898; x_wconf 79' lang='grc' dir='ltr'><strong>τὸ</strong></span> <span class='ocrx_word' id='word_1_727' title='bbox 3134 4845 3350 4914; x_wconf 85' lang='grc' dir='ltr'><strong>μέλλον.</strong></span> 
     </span>
    </p>
   </div>
   <div class='ocr_carea' id='block_1_105' title="bbox 2176 4935 3695 5009">
    <p class='ocr_par' dir='ltr' id='par_1_105' title="bbox 2176 4935 3695 5009">
     <span class='ocr_line' id='line_1_105' title="bbox 2176 4935 3695 5009; baseline 0.001 -19"><span class='ocrx_word' id='word_1_728' title='bbox 2176 4941 2234 4990; x_wconf 88' lang='grc' dir='ltr'><em>Μ</em></span> <span class='ocrx_word' id='word_1_729' title='bbox 2241 4935 2273 5005; x_wconf 76' lang='grc' dir='ltr'>ὴ</span> <span class='ocrx_word' id='word_1_730' title='bbox 2301 4937 2798 5006; x_wconf 80' lang='grc' dir='ltr'>ἀποσκορακίσῃς</span> <span class='ocrx_word' id='word_1_731' title='bbox 2824 4952 2921 5006; x_wconf 80' lang='grc' dir='ltr'><strong>με.</strong></span> <span class='ocrx_word' id='word_1_732' title='bbox 2970 4937 3061 5009; x_wconf 80' lang='grc' dir='ltr'><strong>Μὴ</strong></span> <span class='ocrx_word' id='word_1_733' title='bbox 3091 4937 3319 5009; x_wconf 79' lang='grc' dir='ltr'>ἀπὼσῃς</span> <span class='ocrx_word' id='word_1_734' title='bbox 3360 4955 3448 5008; x_wconf 90' lang='grc' dir='ltr'><strong>με.</strong></span> <span class='ocrx_word' id='word_1_735' title='bbox 3491 4938 3601 5009; x_wconf 85' lang='grc' dir='ltr'><strong>Τὴν</strong></span> <span class='ocrx_word' id='word_1_736' title='bbox 3631 4939 3695 4992; x_wconf 71' lang='grc' dir='ltr'><strong>δὲ</strong></span> 
     </span>
    </p>
   </div>
   <div class='ocr_carea' id='block_1_106' title="bbox 2103 5026 3693 5098">
    <p class='ocr_par' dir='ltr' id='par_1_106' title="bbox 2103 5026 3693 5098">
     <span class='ocr_line' id='line_1_106' title="bbox 2103 5026 3693 5098; baseline 0 -18"><span class='ocrx_word' id='word_1_737' title='bbox 2103 5028 2363 5095; x_wconf 81' lang='grc' dir='ltr'>τοιαύτην</span> <span class='ocrx_word' id='word_1_738' title='bbox 2386 5026 2531 5093; x_wconf 77' lang='grc' dir='ltr'>λέξιν</span> <span class='ocrx_word' id='word_1_739' title='bbox 2558 5029 2667 5080; x_wconf 81' lang='grc' dir='ltr'><strong>ἀπὸ</strong></span> <span class='ocrx_word' id='word_1_740' title='bbox 2705 5026 3009 5097; x_wconf 61' lang='grc' dir='ltr'>παροιμίας</span> <span class='ocrx_word' id='word_1_741' title='bbox 3051 5027 3369 5098; x_wconf 81' lang='grc' dir='ltr'>Ἑλληνικῆς</span> <span class='ocrx_word' id='word_1_742' title='bbox 3398 5026 3592 5083; x_wconf 74' lang='grc' dir='ltr'><strong>ἔλαϐον</strong></span> <span class='ocrx_word' id='word_1_743' title='bbox 3639 5030 3693 5081; x_wconf 72' lang='grc' dir='ltr'><strong>οἱ</strong></span> 
     </span>
    </p>
   </div>
   <div class='ocr_carea' id='block_1_107' title="bbox 2104 5116 2864 5188">
    <p class='ocr_par' dir='ltr' id='par_1_107' title="bbox 2104 5116 2864 5188">
     <span class='ocr_line' id='line_1_107' title="bbox 2104 5116 2864 5188; baseline 0.004 -20"><span class='ocrx_word' id='word_1_744' title='bbox 2104 5116 2551 5186; x_wconf 79' lang='grc' dir='ltr'>ὲξελληνίσαντες</span> <span class='ocrx_word' id='word_1_745' title='bbox 2582 5119 2864 5188; x_wconf 77' lang='grc' dir='ltr'><strong>ἑρμηνεῖς.</strong></span> 
     </span>
    </p>
   </div>
   <div class='ocr_carea' id='block_1_108' title="bbox 2169 5209 3688 5281">
    <p class='ocr_par' dir='ltr' id='par_1_108' title="bbox 2169 5209 3688 5281">
     <span class='ocr_line' id='line_1_108' title="bbox 2169 5209 3688 5281; baseline 0.003 -18"><span class='ocrx_word' id='word_1_746' title='bbox 2169 5209 2267 5279; x_wconf 82' lang='grc' dir='ltr'><strong>Μὴ</strong></span> <span class='ocrx_word' id='word_1_747' title='bbox 2324 5210 2738 5280; x_wconf 62' lang='grc' dir='ltr'>ἐγκαταλίπῃς</span> <span class='ocrx_word' id='word_1_748' title='bbox 2776 5226 2876 5280; x_wconf 82' lang='grc' dir='ltr'><strong>με,</strong></span> <span class='ocrx_word' id='word_1_749' title='bbox 2932 5213 2966 5264; x_wconf 84' lang='grc' dir='ltr'><em>ὁ</em></span> <span class='ocrx_word' id='word_1_750' title='bbox 3026 5211 3192 5279; x_wconf 83' lang='grc' dir='ltr'><strong>Θεὸς,</strong></span> <span class='ocrx_word' id='word_1_751' title='bbox 3237 5213 3270 5266; x_wconf 85' lang='grc' dir='ltr'><em>ὁ</em></span> <span class='ocrx_word' id='word_1_752' title='bbox 3315 5210 3518 5280; x_wconf 81' lang='grc' dir='ltr'><em>σωτήρ</em></span> <span class='ocrx_word' id='word_1_753' title='bbox 3544 5230 3688 5281; x_wconf 85' lang='grc' dir='ltr'><strong>μου.</strong></span> 
     </span>
    </p>
   </div>
   <div class='ocr_carea' id='block_1_109' title="bbox 2106 5302 3691 5377">
    <p class='ocr_par' dir='ltr' id='par_1_109' title="bbox 2106 5302 3691 5377">
     <span class='ocr_line' id='line_1_109' title="bbox 2106 5302 3691 5377; baseline 0.002 -21"><span class='ocrx_word' id='word_1_754' title='bbox 2106 5303 2293 5357; x_wconf 75' lang='grc' dir='ltr'>Πυκνὰ</span> <span class='ocrx_word' id='word_1_755' title='bbox 2324 5303 2654 5374; x_wconf 80' lang='grc' dir='ltr'>παρακαλεῖ,</span> <span class='ocrx_word' id='word_1_756' title='bbox 2683 5303 2898 5367; x_wconf 81' lang='grc' dir='ltr'>δεικνὺς</span> <span class='ocrx_word' id='word_1_757' title='bbox 2927 5302 2990 5357; x_wconf 83' lang='grc' dir='ltr'><strong>τὸ</strong></span> <span class='ocrx_word' id='word_1_758' title='bbox 3035 5304 3134 5373; x_wconf 72' lang='grc' dir='ltr'><strong>τῆς</strong></span> <span class='ocrx_word' id='word_1_759' title='bbox 3170 5304 3482 5376; x_wconf 83' lang='grc' dir='ltr'>προσευχῆς</span> <span class='ocrx_word' id='word_1_760' title='bbox 3513 5304 3691 5377; x_wconf 76' lang='grc' dir='ltr'><strong>ἔμμο-</strong></span> 
     </span>
    </p>
   </div>
   <div class='ocr_carea' id='block_1_110' title="bbox 2106 5395 2658 5466">
    <p class='ocr_par' dir='ltr' id='par_1_110' title="bbox 2106 5395 2658 5466">
     <span class='ocr_line' id='line_1_110' title="bbox 2106 5395 2658 5466; baseline 0.002 -18"><span class='ocrx_word' id='word_1_761' title='bbox 2106 5413 2198 5448; x_wconf 90' lang='grc' dir='ltr'><strong>νον</strong></span> <span class='ocrx_word' id='word_1_762' title='bbox 2224 5397 2319 5449; x_wconf 85' lang='grc' dir='ltr'>κα“ι</span> <span class='ocrx_word' id='word_1_763' title='bbox 2346 5395 2658 5466; x_wconf 70' lang='grc' dir='ltr'>ἐγκάρδιον.</span> 
     </span>
    </p>
   </div>
   <div class='ocr_carea' id='block_1_111' title="bbox 2181 5574 3691 5648">
    <p class='ocr_par' dir='ltr' id='par_1_111' title="bbox 2181 5574 3691 5648">
     <span class='ocr_line' id='line_1_111' title="bbox 2181 5574 3691 5648; baseline 0.003 -22"><span class='ocrx_word' id='word_1_764' title='bbox 2181 5574 2311 5627; x_wconf 85' lang='grc' dir='ltr'><strong>Ὅτι</strong></span> <span class='ocrx_word' id='word_1_765' title='bbox 2350 5576 2383 5628; x_wconf 84' lang='grc' dir='ltr'><em>ὀ</em></span> <span class='ocrx_word' id='word_1_766' title='bbox 2434 5577 2631 5644; x_wconf 80' lang='grc' dir='ltr'>πατήρ</span> <span class='ocrx_word' id='word_1_767' title='bbox 2677 5592 2799 5646; x_wconf 81' lang='grc' dir='ltr'><strong>μου</strong></span> <span class='ocrx_word' id='word_1_768' title='bbox 2839 5576 2938 5631; x_wconf 73' lang='grc' dir='ltr'>καὶ</span> <span class='ocrx_word' id='word_1_769' title='bbox 2972 5579 3009 5646; x_wconf 71' lang='grc' dir='ltr'>ἡ</span> <span class='ocrx_word' id='word_1_770' title='bbox 3037 5578 3236 5647; x_wconf 78' lang='grc' dir='ltr'>μήτηρ</span> <span class='ocrx_word' id='word_1_771' title='bbox 3294 5596 3412 5648; x_wconf 81' lang='grc' dir='ltr'>μου</span> <span class='ocrx_word' id='word_1_772' title='bbox 3475 5580 3691 5648; x_wconf 78' lang='grc' dir='ltr'><strong>ἐγκατ-</strong></span> 
     </span>
    </p>
   </div>
   <div class='ocr_carea' id='block_1_112' title="bbox 2108 5664 3691 5740">
    <p class='ocr_par' dir='ltr' id='par_1_112' title="bbox 2108 5664 3691 5740">
     <span class='ocr_line' id='line_1_112' title="bbox 2108 5664 3691 5740; baseline 0.004 -23"><span class='ocrx_word' id='word_1_773' title='bbox 2108 5664 2327 5720; x_wconf 73' lang='grc' dir='ltr'><strong>έλιπέν</strong></span> <span class='ocrx_word' id='word_1_774' title='bbox 2352 5684 2450 5738; x_wconf 79' lang='grc' dir='ltr'><strong>με.</strong></span> <span class='ocrx_word' id='word_1_775' title='bbox 2484 5669 2633 5722; x_wconf 86' lang='grc' dir='ltr'><strong>Διὸτι</strong></span> <span class='ocrx_word' id='word_1_776' title='bbox 2686 5670 2782 5724; x_wconf 78' lang='grc' dir='ltr'>καὶ</span> <span class='ocrx_word' id='word_1_777' title='bbox 2825 5669 2996 5740; x_wconf 74' lang='grc' dir='ltr'><strong>αὐτῆς</strong></span> <span class='ocrx_word' id='word_1_778' title='bbox 3023 5668 3124 5739; x_wconf 77' lang='grc' dir='ltr'><strong>τῆς</strong></span> <span class='ocrx_word' id='word_1_779' title='bbox 3177 5670 3285 5722; x_wconf 72' lang='grc' dir='ltr'><strong>ἀπὸ</strong></span> <span class='ocrx_word' id='word_1_780' title='bbox 3329 5670 3440 5725; x_wconf 82' lang='grc' dir='ltr'><strong>τῶν</strong></span> <span class='ocrx_word' id='word_1_781' title='bbox 3487 5675 3691 5739; x_wconf 77' lang='grc' dir='ltr'><strong>γονέων</strong></span> 
     </span>
    </p>
   </div>
  </div>
