4078 6422
358 235 465 290 375
1522 229 1918 289 COMMEN’I‘.
1965 229 2043 289 IN
2091 229 2461 292 PSALMOS.

3533 232 3640 295 326

354 334 727 408 παραμυθίας
754 338 1093 407 ὲστερημαι,
1133 335 1229 390 καὶ
1269 337 1329 388 οὐ
1385 335 1546 406 μόνον
1581 339 1683 406 τῆς
1708 338 1816 392 ἀπὸ
1851 338 1960 389 τῶν

2085 337 2193 390 utio
2220 351 2451 406 prorsus
2482 349 2667 403 careo,
2700 342 2758 390 ut
2789 334 2876 390 vel
2905 333 3116 392 amicos
3150 350 3306 392 meos
3337 351 3531 394 omnes
3565 356 3650 394 ta-

355 433 538 502 φίλων
567 429 907 500 συμμαχίας·
943 429 1148 491 πάντες
1186 429 1295 499 γὰρ
1337 427 1611 482 δεδοίκασι
1646 428 1735 482 τὸν
1763 429 1958 483 Σαούλ.

449 525 517 577 '0
554 523 624 575 δὲ
649 523 865 589 Κύριος
902 521 1319 588 προσελάϐετό
1349 539 1450 590 με.
1484 520 1658 574 Τοῦτο
1707 539 1959 593 παρηγο-

359 617 478 688 ρῶν
509 615 704 668 ἑαυτὸν
738 609 896 666 εἶπεν
927 629 941 644 ·
972 614 1032 665 Εί
1065 615 1159 665 nat
1187 613 1388 676 πάντες
1419 630 1512 682 με,
1547 616 1703 683 φησὶ,
1746 614 1963 666 κατέλι-

359 728 494 773 πον,
528 707 669 763 άλλά
709 704 804 762 οὖν
856 709 884 759 ὁ
931 706 1137 778 Κύριος
1183 705 1559 776 προσελάοετό
1606 724 1696 778 με,
1742 707 1962 761 σκέπων

358 806 462 856 καὶ
494 803 786 874 ῥυόμενος.

433 895 866 965 Νυμοθέτησόν
917 910 995 963 με
1038 893 1109 946 ἐν
1160 890 1236 961 τῇ
1270 889 1388 956 ὀδῷ
1435 905 1576 946 σου.
1638 891 1785 942 Ἀντὶ
1828 887 1960 955 τοῦ,

361 987 802 1056 ὒόμοθέτησον
823 1027 839 1052 ,
877 985 1216 1040 Συνέτισον
1249 981 1401 1037 εἶπεν
1432 986 1460 1038 ὁ
1506 982 1733 1046 Ἀκύλας
1755 1001 1767 1015 ο
1802 983 1919 1052 ἤτοι
1944 1022 1960 1048 ,

361 1081 570 1151 νέμους
611 1096 680 1148 με
733 1077 946 1142 δίδαξον
1019 1076 1390 1144 σωτηριὼδεις
1462 1075 1718 1146 βαίνοντα
1783 1075 1842 1128 ὲν
1892 1077 1960 1146 τῇ

362 1173 725 1242 πνευματικῇ
759 1169 885 1240 ὁδῷ,
917 1172 984 1240 τῇ
1022 1170 1158 1239 πρὸς
1184 1168 1243 1221 σὲ
1281 1168 1545 1238 φερούσῃ.

435 1263 552 1317 Καὶ
582 1262 896 1331 ὀὸήγησόν
937 1278 1013 1332 με
1047 1262 1116 1314 ὲν
1155 1262 1332 1329 τρίϐῳ
1355 1261 1579 1326 εὐθείᾳ.
1617 1259 1819 1331 Τρίὸον
1867 1261 1967 1328 τῆς

365 1334 678 1423 σωτηρίας,
744 1355 832 1406 ἴνα
894 1352 971 1424 μὴ
1023 1352 1337 1421 πλανῶμαι,
1389 1351 1625 1415 σκολιοῖς
1681 1337 1966 1422 λογισμοῖς

367 1450 700 1519 ἐμπίπτων.

439 1543 671 1596 Ἕνεκα
698 1541 817 1596 τῶν
857 1540 1090 1611 ἐχθρῶν
1115 1559 1261 1610 μου,
1309 1543 1397 1612 μὴ
1448 1542 1732 1611 παραδῷς
1763 1560 1841 1613 με
1880 1545 1964 1609 είς

2067 445 2246 493 ream,
2286 431 2379 499 qui
2411 430 2596 485 Saulis
2623 431 2919 499 potentiam
2964 438 3250 488 verentur.

2139 522 2401 576 Dominus
2433 532 2611 576 autent
2657 527 2940 592 assumpsit
2975 540 3076 578 me.
3115 524 3232 580 Hoc
3287 526 3355 580 ad
3407 527 3649 584 solamen

2066 627 2226 667 suum
2255 611 2412 666 dicit.
2446 612 2615 680 Licet,
2648 613 2845 684 inquit,
2877 630 3070 670 omnes
3118 630 3207 670 me
3242 614 3648 687 dercliquerint,

2067 707 2184 774 ipse
2212 712 2396 760 tamen
2433 706 2693 762 Dominus
2727 708 3032 777 assumpsit
3064 723 3172 773 me,
3211 719 3505 780 protegens
3537 713 3650 766 sci-

2068 796 2194 850 licet
2234 805 2398 865 atque
2429 795 2669 866 eripiens
2697 812 2725 850 a
2751 798 3038 868 periculis.

2141 891 2301 947 Vens.
2328 893 2415 958 Η,
2450 893 2538 948 12.
2573 891 2758 964 Legem
2785 911 2920 965 pone
2951 896 3080 950 mihi
3111 899 3164 950 in
3189 899 3272 952 via
3300 908 3416 953 tua.
3447 899 3646 970 Aquila

2038 1052 2041 1055 _
2065 999 2165 1053 pro
2196 984 2360 1054 legem
2383 1001 2536 1054 pone,
2561 986 2800 1042 reddidit
2832 1003 2846 1040 :
2887 986 3024 1042 Doce
3047 1005 3157 1051 me,
3200 992 3302 1044 hoc
3332 1000 3452 1047 est:
3485 993 3648 1047 Salu-

2071 1083 2216 1130 tares
2237 1078 2380 1147 leges
2400 1086 2523 1131 tuas
2550 1079 2685 1132 doce
2720 1093 2838 1144 me;
2869 1093 2978 1144 me,
3008 1081 3255 1149 inquam,
3283 1097 3376 1151 per
3394 1085 3647 1138 semitam

2068 1170 2531 1240 Spiritualislegis
2564 1181 2669 1225 tuee
2689 1169 3050 1236 incedentem,
3081 1181 3136 1226 et
3155 1189 3276 1242 qlia:
3295 1174 3358 1227 ad
3382 1185 3434 1228 te
3451 1177 3649 1231 tendit.

2145 1260 2212 1314 Et
2245 1261 2414 1316 deduc
2437 1279 2516 1316 me
2551 1263 2603 1316 in
2640 1264 2884 1316 semitam
2936 1273 3157 1317 rectam.
3200 1264 3282 1317 Ad
3314 1279 3520 1320 rectam
3555 1284 3648 1321 sa-

2067 1349 2200 1404 lutis
2233 1353 2508 1414 semitam,
2547 1367 2615 1406 ne
2640 1351 2874 1407 seducar
2902 1352 2970 1408 de
3003 1355 3113 1419 via,
3143 1363 3198 1409 et
3233 1355 3286 1408 in
3321 1370 3515 1425 pravas
3568 1359 3652 1412 in-

2069 1441 2244 1496 cidam
2279 1442 2668 1510 cogitationes.

2139 1533 2364 1603 Propter
2388 1536 2630 1589 inimicos
2676 1553 2816 1592 meos
2856 1554 2920 1592 ne
2968 1539 3154 1594 tradas
3215 1557 3296 1594 me
3344 1541 3398 1595 in
3445 1541 3654 1597 animas

367 1636 578 1705 ψυχὰς
609 1635 942 1689 θλιϐόντων
966 1652 1065 1703 με.
1097 1637 1194 1699 Είς
1232 1635 1412 1706 ψυχάς
1447 1637 1765 1703 ϐλιὸόντων,
1799 1638 1966 1708 ἤγουν

2082 1626 2440 1681 tribulantium
2465 1644 2566 1682 me.
2602 1627 2658 1682 In
2684 1630 2898 1684 animas
2921 1630 3303 1685 tribulantiuin
3353 1633 3654 1688 circumlo-

367 1733 449 1791 εἰς
481 1728 614 1791 τοὺς
638 1727 922 1790 θλίόοντάς
951 1745 1018 1798 με
1044 1729 1410 1795 στρατιώτας,
1432 1733 1576 1785 κατά
1607 1733 1961 1802 περίφρασιν.

2082 1719 2286 1787 mendo
2319 1718 2482 1783 dixit,
2516 1734 2636 1788 pro,
2673 1719 2728 1773 in
2763 1718 2912 1790 ipsos
2941 1722 3273 1778 tribulantes
3305 1739 3391 1778 me
3435 1726 3655 1780 milites.

370 1823 463 1890 lii;
510 1820 772 1890 παραδῴς
812 1838 880 1889 με
913 1819 1010 1874 οὖν
1039 1821 1226 1885 αὐτοῖς
1278 1823 1616 1894 ὑποχείριον,
1666 1825 1754 1878 ἵνα
1807 1824 1882 1896 μὴ
1919 1827 1968 1878 οί

2082 1809 2147 1864 Ne
2180 1811 2369 1866 tradas
2399 1811 2568 1880 igitur
2605 1827 2689 1866 me
2716 1813 2826 1868 illis
2861 1814 2919 1868 in
2957 1823 3300 1883 potestatem,
3341 1830 3410 1870 ne
3454 1818 3654 1885 praeci-

372 1915 565 1987 ὲχϐροί
606 1931 714 1985 μου
748 1915 1174 1978 ἀποστείλαντες
1204 1915 1402 1978 αὐτοὺς
1437 1918 1520 1980 εἰς
1563 1915 1625 1969 τὸ
1670 1917 1970 1986 συμϐαλεῖν

375 2027 465 2076 με,
490 2007 731 2078 χαρῶσιο
767 2006 916 2075 λέγει
947 2006 1004 2059 δὲ
1029 2006 1121 2060 τὸν
1154 2007 1352 2063 Σαούλ.

452 2187 582 2238 Ὀτι
616 2183 1054 2249 ὲπανέστησάν
1079 2201 1182 2252 μοι
1221 2183 1522 2253 μάρτυρες
1577 2183 1792 2238 ἄδικοι.
1822 2186 1972 2238 Κατ-

391 2278 684 2348 εμαρτύρει
742 2279 852 2348 γὰρ
903 2274 1072 2330 αὑτοῦ
1123 2277 1351 2329 ὁΣαοὺλ
1394 2275 1619 2342 ἀδίκως,
1654 2276 1729 2338 ὡς
1763 2278 1974 2331 ἀνελεῖν

404 2371 555 2424 αὐτὴν
584 2369 936 2441 μελετῶντος.

461 2549 562 2602 Καὶ
598 2548 906 2618 ἐψεύσατο
947 2549 986 2618 ἡ
1017 2549 1223 2603 ἀδικία
1269 2547 1480 2618 ἑαυτῇ.
1540 2549 1608 2602 Ἦ
1649 2549 1706 2602 δὲ
1747 2552 1976 2621 τοιαύτη

390 2643 667 2713 μαρτυρία
725 2642 999 2713 ἐψεύσατο
1042 2642 1234 2712 ἑαυτῇ,
1269 2641 1576 2707 τουτέστιν,
1625 2641 1726 2712 οὐχ
1773 2641 1974 2714 εὑρέθη

387 2734 753 2806 ἀληθεύουσα.
797 2735 968 2788 Οὐδὲν
1011 2734 1120 2803 γὰρ
1167 2733 1332 2787 αὑτὸν
1381 2733 1641 2804 ἠδίκησα,
1677 2735 1726 2786 εί
1756 2733 1832 2805 μὴ
1881 2735 1978 2788 καὶ

326 2871 344 2887 ,
385 2829 589 2896 μᾶλλον
612 2828 896 2898 ὠφέλησα.
943 2824 1008 2878 "II
1050 2825 1146 2878 καὶ
1180 2825 1390 2887 άλλως·
1425 2823 1578 2893 Αὕτη
1623 2825 1977 2896 ὑποσχομένη

382 2923 554 2991 ἑαυτῇ
615 2919 907 2973 συλλαϐεῖν
959 2934 1054 2987 με,
1115 2917 1406 2986 ἐψεύσατο,
1464 2917 1541 2987 μὴ
1592 2915 1832 2988 τυχοῦσα
1879 2915 1976 2970 τοῦ

385 3030 622 3067 σκοπου.

459 3189 732 3242 Πιστεύω
775 3188 876 3241 τοῦ
907 3187 1056 3243 ίδεῒν
1082 3186 1155 3242 τὰ
1189 3187 1381 3257 ἀγαθὰ
1429 3187 1674 3255 Κυρίου.
1722 3188 1978 3241 Πιστεύω

381 3280 461 3352 τῷ
494 3281 936 3353 πληροφορούντί
969 3297 1061 3350 μοι
1101 3280 1245 3350 ἁγίῳ
1285 3277 1593 3347 Πνεύματι,
1622 3279 1705 3331 ὅτι
1742 3279 1976 3347 νικήσω,

383 3376 481 3427 καὶ
520 3372 880 3442 ἀπολήψομαι
909 3371 1007 3445 τὴν
1038 3371 1346 3444 βασιλείαν,
1381 3370 1480 3425 καὶ
1521 3369 1821 3425 ἀπολαύσω
1869 3370 1979 3425 τῶν

385 3466 616 3536 ἀγαθῶν
646 3467 844 3534 αὐτῆς.

470 3558 575 3611 Ἔν
596 3556 674 3624 τῇ
707 3554 962 3617 ζώντων.
1005 3555 1094 3606 Ἐν
1117 3554 1196 3625 τῷ
1227 3557 1439 3626 κόσμῳ·
1477 3555 1548 3626 γῆ
1577 3554 1678 3625 μὲν
1705 3554 1818 3625 γὰρ
1845 3553 1982 3618 ζών-

386 3667 522 3714 των,
550 3641 706 3712 οὗτος
735 3665 746 3677 ·
781 3649 856 3718 γῆ
893 3648 952 3700 δὲ
987 3646 1324 3710 τεθνεώτων,
1361 3650 1388 3700 ὁ
1422 3647 1576 3718 ᾅδης.
1619 3647 1780 3701 Ἐστι
1803 3647 1859 3700 δὲ
1884 3646 1982 3699 καὶ

388 3742 565 3804 eum;
595 3743 795 3805 εἰπεῖν,
827 3741 910 3794 ὅτι
947 3739 1077 3810 περὶ
1123 3740 1227 3811 τῆς
1269 3741 1627 3804 ἀναστάσεως
1660 3739 1981 3811 δογματίζει

389 3833 502 3887 τῶν
527 3833 737 3901 νεκρῶν
760 3847 777 3863 ο
819 3835 924 3902 γῆν
954 3833 1054 3902 μὲν
1079 3833 1190 3903 γὰρ
1221 3831 1442 3896 ζώντων
1482 3832 1659 3902 λέγων
1701 3831 1982 3902 βασιλείαν

390 3927 501 3979 τῶν
528 3927 777 3998 οὐρανῶν
801 3943 816 3960 ο
850 3927 1036 3994 ἁγαθά
1064 3926 1148 3993 δὲ,
1183 3925 1220 3980 ἃ
1265 3926 1570 3998 ἡτοίμασεν
1615 3928 1644 3981 ὁ
1691 3927 1823 3991 Θεὸς
1872 3928 1983 3989 τοῖς

391 4019 689 4088 ἀγαπῶσιν
720 4019 908 4072 αὐτόν.

473 4111 823 4180 Ὺπόμεινον
845 4110 954 4164 τὸν
983 4110 1226 4178 Κύριον.
1285 4108 1456 4162 Τοῦτο
1503 4109 1597 4163 καὶ
1630 4108 1691 4164 τὸ
1726 4109 1853 4180 ἑξῆς
1884 4109 1987 4178 ῥη-

390 4205 485 4258 τὸν
557 4204 696 4274 πρὸς
743 4203 938 4257 ἑαυτὸν
993 4199 1381 4268 ἀποτείνεται”,
1431 4200 1755 4273 κατεπᾴδων
1809 4197 1987 4269 ἑαυτῷ

392 4295 760 4366 λυπουμένῳ,
802 4295 900 4348 καὶ
975 4295 1050 4365 μὴ
1103 4293 1476 4348 καταπίπτειν
1528 4293 1983 4361 ἐγκελευόμενος.

2072 1907 2165 1974 pui
2194 1903 2382 1960 hostes
2411 1904 2514 1960 mei
2540 1905 2636 1975 qui
2669 1905 2792 1960 illos
2836 1908 3106 1962 miserunt
3154 1916 3215 1961 ut
3266 1922 3353 1962 me
3402 1923 3657 1976 compre-

2072 1996 2399 2061 henderent,
2431 1998 2630 2067 gaudio
2664 2013 2727 2052 ac
2761 1999 2944 2054 laetitia
2979 1999 3105 2053 inde
3134 2000 3465 2056 afﬁciantur.
3492 2001 3660 2057 Intel-

2074 2089 2192 2160 ligit
2222 2097 2402 2144 autem
2432 2089 2613 2158 ipsum
2648 2088 2894 2144 Saulem.

2147 2181 2412 2249 Quoniam
2445 2183 2848 2237 insurrexerunt
2892 2183 2945 2236 in
2979 2199 3060 2238 me
3105 2193 3258 2239 testes
3304 2185 3492 2255 iniqui.
3544 2183 3663 2257 Ipse

2074 2274 2277 2330 etenim
2311 2273 2439 2328 Saul
2480 2282 2661 2327 notam
2705 2275 3011 2344 impingere
3044 2277 3273 2344 cupiens
3301 2277 3463 2332 brato
3493 2277 3662 2332 David

2076 2366 2282 2437 injuste
2305 2408 2320 2434 ,
2365 2366 2498 2421 illud
2530 2366 2821 2421 adversum
2858 2382 2982 2421 eum
3013 2367 3379 2423 attestabatur
3402 2407 3419 2434 ,
3450 2369 3664 2435 dicens,

2077 2458 2218 2514 scire
2252 2473 2313 2513 se
2344 2458 2490 2528 quod
2547 2459 2866 2514 decreverat
2909 2457 3076 2512 David
3119 2461 3295 2529 ipsum
3338 2461 3663 2517 interﬁcere.

2150 2545 2222 2600 Et
2254 2548 2475 2600 utentita
2506 2555 2583 2601 est
2612 2548 2868 2617 iniquitas
2897 2548 3017 2602 sibi.
3051 2548 3194 2617 Ipsa,
3223 2551 3405 2619 inquit
3431 2590 3446 2616 ,
3481 2551 3669 2605 inimi-

2077 2654 2266 2694 corum
2297 2640 2579 2695 attestatio
2609 2641 2710 2695 sibi
2741 2626 2847 2709 ipsi
2877 2640 3103 2694 mentita
3135 2650 3258 2706 est,
3301 2643 3404 2698 hoc
3441 2651 3560 2706 est,
3587 2646 3669 2697 in~

2090 2741 2254 2787 venta
2288 2739 2374 2787 est
2396 2745 2524 2787 vera
2558 2748 2667 2786 non
2697 2748 2841 2787 esse.
2876 2731 3023 2786 Nihil
3053 2734 3200 2788 enim
3233 2734 3386 2788 illum
3432 2735 3542 2790 laesi
3577 2746 3672 2790 aut

2082 2826 2284 2897 injuria
2319 2824 2497 2892 alieci,
2530 2827 2663 2897 quin
2703 2827 2814 2882 imo
2851 2828 3036 2898 potius
3060 2829 3266 2897 adiuvi.
3322 2831 3417 2885 Vel
3453 2832 3611 2886 aliter
3653 2851 3666 2886 :

2081 2918 2210 2988 Ipsa
2243 2918 2514 2990 injustitia
2549 2935 2672 2989 qua:
2712 2920 2814 2974 sibi
2844 2921 3210 2989 pollicebatur
3235 2924 3668 2992 comprehensu-

2084 3027 2203 3065 rum
2241 3027 2326 3066 me
2353 3026 2498 3076 esse,
2526 3009 2754 3066 mentita
2786 3021 2873 3068 est
2903 3029 2916 3066 :
2952 3013 3054 3068 hoc
3081 3025 3183 3079 est,
3217 3029 3327 3069 non
3372 3025 3457 3070 est
3518 3032 3673 3074 asse-

2004 3073 2048 3133 c
2081 3110 2206 3158 cuta
2238 3103 2385 3173 quod
2426 3073 2707 3172 sperabat.

2158 3192 2320 3249 Vsus.
2353 3195 2441 3249 15.
2477 3193 2648 3249 Credo
2679 3193 2854 3249 videre
2891 3195 3029 3249 bona
3068 3195 3304 3253 Domini.
3340 3198 3516 3254 Credo
3541 3240 3556 3265 ,
3588 3201 3675 3255 iii-

2083 3286 2223 3355 quit,
2255 3297 2447 3340 sancto
2483 3284 2706 3354 Spiritui
2739 3287 2832 3354 qui
2877 3285 2946 3342 de
2978 3288 3238 3342 omnibus
3292 3289 3377 3346 his
3426 3307 3513 3347 me
3553 3309 3671 3348 cer-

2085 3376 2279 3429 liorem
2322 3374 2472 3441 facit,
2515 3377 2662 3445 quod
2690 3379 2966 3446 superabo
2994 3378 3210 3442 hostes,
3248 3389 3306 3434 et
3337 3388 3674 3453 recuperabu

2085 3481 2340 3531 regnum,
2371 3466 2629 3536 quodque
2670 3466 2817 3521 illius
2849 3469 3008 3522 bonis
3038 3469 3134 3522 diu
3171 3470 3442 3539 perfruar.

2158 3555 2226 3611 In
2249 3568 2388 3611 terra
2422 3559 2725 3612 viventium.
2749 3557 2808 3612 In
2841 3559 2944 3613 hoc
2974 3561 3174 3615 mundo
3196 3562 3289 3632 qui
3320 3577 3404 3615 eat
3425 3563 3672 3619 vivorum

2089 3661 2229 3706 terra
2266 3670 2278 3705 :
2326 3662 2464 3704 terra
2492 3652 2636 3704 enim
2674 3663 3011 3707 mortuorum
3044 3651 3312 3717 infernus.
3372 3653 3676 3710 Possumus

2085 3741 2248 3795 etiam
2286 3742 2496 3807 dicere,
2531 3740 2677 3811 quod
2712 3742 2963 3796 tradatur
2997 3743 3085 3798 hic
3129 3745 3325 3815 degtua
3375 3745 3443 3800 de
3492 3761 3678 3801 resur-

2087 3833 2330 3893 rectione
2372 3844 2716 3889 mortuorum
2755 3843 2850 3889 :et
2877 3835 3024 3904 quod
3072 3851 3168 3906 per
3228 3845 3428 3892 terrain
3488 3843 3678 3894 viven-

2087 3925 2247 3989 tium,
2285 3941 2513 3996 regnum
2543 3927 2812 3981 coelorum
2843 3927 3099 3996 intelligit
3135 3945 3150 3982 :
3183 3937 3237 3981 et
3261 3943 3353 3996 per
3383 3932 3521 3984 bona
3541 3971 3558 3996 ,
3585 3932 3674 3986 illa

2086 4018 2251 4079 bona,
2277 4033 2398 4085 quae
2431 4017 2760 4086 prasparuvit
2798 4017 2941 4071 Deus
2973 4017 3328 4087 diligentibus
3363 4035 3443 4074 se.

2159 4108 2326 4162 Vens.
2357 4108 2669 4162 M.Sustine
2694 4109 3003 4162 Dominum.
3038 4109 3164 4163 llaec
3182 4111 3342 4164 verba
3360 4124 3550 4181 etquae
3588 4127 3679 4167 se-

2087 4206 2326 4270 quuntur
2361 4197 2628 4268 Propheta
2660 4197 2730 4252 ad
2765 4199 3005 4266 seipsuui
3039 4197 3229 4268 dirigit
3258 4239 3274 4263 ,
3311 4199 3478 4253 veluti
3533 4207 3678 4252 tein-

2093 4307 2292 4363 perans
2321 4306 2442 4346 sese
2466 4306 2530 4344 ac
2580 4290 2687 4346 sibi
2732 4291 2836 4360 ipsi
2888 4291 3132 4345 solamen
3187 4300 3482 4358 praestans.
3519 4290 3682 4348 lubet

405 4390 772 4458 ’Υπόμεινον
807 4387 902 4454 δὲ,
960 4387 1083 4440 ἀντὶ
1141 4384 1261 4451 τοῦ,
1308 4385 1644 4455 ἀνάμεινον,
1703 4382 1977 4455 προσδόκα

2090 4396 2271 4441 autem
2303 4399 2409 4438 non
2450 4384 2703 4439 decidere
2731 4399 2760 4436 a
2799 4383 2941 4437 bona
2969 4399 3066 4453 spe
3096 4399 3112 4437 :
3146 4381 3362 4438 Sustine
3393 4425 3408 4452 ,
3447 4383 3628 4454 inquit
3661 4424 3679 4452 ,

395 4479 625 4550 βοηθόν.

478 4570 809 4640 ’Δνδρίζου,
839 4569 940 4624 καί
976 4568 1343 4637 reparatode
1382 4566 1420 4634 ὴ
1470 4564 1684 4633 καρδία
1705 4581 1844 4629 σου,
1883 4565 1984 4618 καί

398 4665 730 4732 ὑπόμεινον
765 4663 871 4715 τὸν
925 4661 1162 4727 Κύριον.
1226 4655 1548 4728 Θαρσοποιὰ
1599 4653 1693 4707 καὶ
1741 4651 1989 4722 ρωστικά

394 4754 579 4825 ψυχῆς
621 4753 690 4806 τά
737 4753 1138 4821 ὲπιφωνήματα
1166 4764 1179 4778 ·
1222 4745 1614 4818 μεμονωμένος
1671 4745 1781 4814 γὰρ
1825 4743 1989 4806 αὐτὸς

396 4847 596 4902 ἑαυτὸν
620 4846 911 4909 ἀνεκτᾶτο,
967 4845 1062 4899 καὶ
1111 4841 1556 4916 παρεθάρρυνεν.
1600 4835 1768 4899 Αὖθις
1804 4837 1860 4889 δὲ
1890 4835 1986 4900 τὸ,

403 4941 762 5010 Ὑπόμεινον
801 4939 909 4992 τὸν
953 4939 1194 5007 Κύριον,
1247 4937 1329 4997 είς
1379 4931 1605 4987 πλείονα
1640 4929 1990 5004 παράκλησιν

400 5035 500 5089 καὶ
530 5032 920 5104 ψυχαγωγίαν.

909 5122 1158 5191 Ψαλμὸς
1182 5118 1262 5186 τῷ
1292 5115 1493 5172 Δαϐίδ.

964 5214 1259 5270 ΨΑΛΜΟΣ
1297 5213 1426 5267 ΚΖ’.

474 5317 588 5370 Καὶ
617 5314 812 5370 τοῦτον
835 5312 926 5365 τὸν
962 5311 1182 5382 ψαλμὸν
1219 5309 1300 5362 ἔτι
1353 5305 1687 5377 διωκόμενος
1741 5299 1844 5356 ὑπὸ
1898 5299 1993 5352 τοῦ

401 5409 578 5464 Σαοὺλ
614 5407 878 5479 ἔγραψεν.

473 5503 633 5570 Πρὸς
661 5500 760 5565 σὲ,
795 5501 997 5566 Κύριε,
1041 5495 1422 5565 κεκράξομαι.
1475 5489 1576 5546 Οἷα
1628 5490 1764 5563 πρὸς
1791 5491 1998 5560 μηδένα

401 5598 596 5668 ἓτερον
650 5592 1024 5648 ἀποϐλέπων*
1075 5592 1296 5645 πάντων
1351 5588 1462 5656 γὰρ
1515 5585 1843 5656 μεμόνωμαι
1889 5583 1997 5637 τῶν

401 5694 745 5766 ἀξιομάχων.
779 5691 883 5745 Διά
926 5690 1026 5759 τῆς
1056 5688 1310 5760 κραυγῆς
1360 5687 1458 5741 καὶ
1505 5685 1566 5739 τὸ
1614 5682 1715 5754 τῆς
1761 5681 1999 5754 δεήσεως

403 5789 806 5861 ἐπιτεταμένον
833 5785 899 5852 ὲμ
912 5784 1186 5851 φαίνεται.

2092 4479 2198 4532 hoc
2226 4485 2332 4541 est,
2365 4484 2626 4544 exspecta
2675 4474 3073 4530 auxiliatorem.

2171 4569 2404 4624 Viriliter
2431 4584 2548 4638 age,
2579 4567 2869 4622 innotescat
2898 4583 2992 4620 cor
3017 4577 3188 4632 tuum,
3245 4577 3294 4620 et
3335 4568 3539 4622 sustine
3576 4566 3685 4621 Do-

2097 4661 2325 4714 minum.
2362 4657 2536 4714 Verba
2566 4659 2682 4713 haec
2713 4667 2844 4713 sunt
2879 4657 3094 4713 ﬁdentis
3126 4665 3180 4712 et
3224 4658 3531 4714 constantis
3567 4659 3686 4715 ani-

2100 4771 2218 4809 mae.
2256 4753 2418 4809 Solus
2461 4755 2605 4806 enim
2661 4753 2936 4808 exsistens
2987 4752 3183 4806 beatus
3236 4753 3403 4808 David
3455 4753 3572 4822 ipse
3624 4770 3687 4810 se

2099 4847 2372 4901 conlidere
2406 4845 2672 4914 iubebat,
2725 4854 2783 4899 et
2838 4859 3032 4901 rursus
3074 4845 3142 4898 ad
3189 4845 3448 4916 majorem
3492 4848 3689 4902 animae

2099 4939 2530 4995 consolationem
2551 4949 2606 4992 et
2633 4937 3126 5002 oblectamentum,
3151 4941 3350 5007 repetit
3381 4937 3468 4993 illa
3492 4939 3684 4993 verba:

2102 5034 2318 5091 Sustine
2341 5032 2653 5087 Dominum.

2567 5121 2826 5176 Psalmus
2865 5122 2968 5189 ipsi
3019 5120 3213 5178 David.

2601 5212 2925 5270 PSALMUS
2973 5213 3190 5268 XXVII.

2175 5307 2334 5362 nunc
2361 5307 2631 5378 psalmum
2666 5307 2830 5362 etiam
2869 5306 3402 5375 conscripsitbeatus
3435 5300 3600 5358 David
3622 5317 3687 5358 eo

2109 5409 2354 5468 tempore
2381 5413 2490 5466 quo
2523 5397 2956 5468 persequebatur
2981 5410 3105 5449 eum
3135 5394 3289 5449 Saul.

2181 5491 2350 5548 Vens.
2372 5493 2425 5544 I.
2445 5490 2524 5545 Ad
2550 5500 2619 5553 te,
2646 5487 3170 5552 Domine,ciamabo.
3195 5485 3362 5553 Quasi
3389 5486 3453 5540 ad
3476 5488 3684 5543 nullmn

2111 5587 2278 5641 alium
2311 5583 2652 5654 respiciens:
2683 5580 2939 5634 omnibus
2971 5578 3115 5632 enim
3143 5579 3264 5633 aliis
3321 5579 3536 5632 auxiliis
3581 5582 3690 5648 pri-

2107 5687 2269 5736 vatus
2303 5692 2449 5733 sum.
2484 5675 2588 5730 Per
2637 5673 2934 5728 clamorem
2969 5681 3147 5728 autem
3179 5715 3194 5739 ,
3220 5687 3440 5744 precum
3469 5687 3692 5726 suarum

2113 5772 2484 5830 intensionem
2515 5767 2884 5823 demonstrat.
