4078 6462
449 272 558 336 327
579 262 588 268 ’

523 382 661 434 Deus
697 395 868 444 meus,
893 394 958 432 ne
982 376 1140 432 sileas
1171 393 1204 430 a
1237 383 1339 430 me.
1375 373 1452 430 Ne
1483 373 1747 429 obaudias
1776 388 1885 438 me,
1921 387 2034 427 me-
2067 385 2112 434 Α

451 472 731 540 taphorice
756 472 988 526 dictum.
1020 471 1214 524 Solem
1239 469 1383 523 enim
1428 467 1532 538 qui
1587 467 1889 521 obaudiunt
1911 506 1926 530 ,
1956 475 2039 520 ta-

450 575 598 617 cere.
620 569 676 617 et
715 561 851 616 nihil
886 560 1216 631 ιὀεροιιιιενε
1255 561 1589 629 petentibus.

527 739 611 794 Ne
631 740 846 812 quando
880 748 1054 795 taceas
1084 757 1116 793 a
1141 755 1242 794 me.
1269 737 1349 794 Ne
1380 753 1464 793 me
1481 752 1721 807 unquam
1749 736 2040 803 obaudias,

450 833 544 903 qui
578 844 672 888 tuo
700 849 920 904 semper
954 834 1161 889 auxilio
1191 833 1428 903 indigeo.

530 925 603 981 Et
632 927 824 981 similis
856 943 946 982 ero
970 924 1405 981 descendentibus
1447 925 1503 978 in
1553 923 1749 978 lacum.
1783 921 1840 977 Si
1868 922 2042 978 obau-

447 1019 616 1075 dieris
656 1033 763 1084 me.
795 1019 996 1090 inquit,
1033 1018 1222 1075 statim
1258 1018 1457 1073 similis
1481 1033 1576 1072 cro
1607 1017 1741 1086 ipsis
1783 1017 2040 1071 mortuis:

450 1113 555 1168 hoc
582 1119 690 1179 est,
731 1115 920 1168 statim
950 1111 1178 1166 moriar.
1198 1109 1302 1165 Per
1324 1113 1499 1165 lacum
1522 1110 1666 1165 enim
1700 1110 2042 1180 sepulturam

451 1203 728 1274 intelligit.
761 1203 924 1259 Putes
955 1204 1121 1258 etiam
1169 1217 1267 1272 per
1296 1203 1475 1257 lucum
1502 1241 1516 1264 ,
1566 1200 1778 1257 foveam
1835 1201 2045 1256 intelli-

451 1308 602 1363 gere,
643 1294 697 1348 in
727 1308 892 1364 quam
928 1297 972 1348 si
1003 1293 1128 1361 quis
1165 1291 1442 1357 inciderit,
1474 1291 1592 1346 sine
1621 1289 1830 1344 auxilio
1868 1303 2046 1344 rema-

455 1393 568 1450 net,
603 1400 670 1439 eo
703 1386 850 1455 quod
893 1385 1046 1438 illinc
1073 1383 1312 1454 eﬂ'ugere
1348 1397 1462 1436 non
1495 1381 1686 1449 possit.

533 1475 694 1531 Vens.
709 1476 764 1534 2.
785 1476 1028 1539 Exaudi,
1044 1474 1284 1540 Domine,
1300 1489 1473 1528 uocem
1491 1470 1876 1542 deprecationis
1894 1486 2043 1536 meas,

1659 258 2009 326 EUTHYMI
2026 269 2045 322 ι
2077 257 2443 323 ZIGABENI

3625 246 3740 312 328

2223 361 2292 420 ’ό
2319 367 2465 432 Θεός
2491 382 2634 435 μου,
2660 362 2748 434 μὴ
2781 359 3265 432 παρασιωπήσῃς
3294 360 3398 414 ἀπ’
3439 357 3609 430 ἐμοῦ.
3642 353 3734 425 Μὴ

2142 459 2506 531 παρακούσῃς
2545 475 2676 530 μου,
2707 457 2852 510 κατὰ
2894 454 3232 526 μεταφορὰν.
3267 451 3508 506 Είὼθασι
3539 450 3650 522 γὰρ
3681 454 3734 505 οι

2141 553 2556 623 παρακούοντες
2600 551 2835 620 σιωπᾷν,
2887 550 2986 606 καὶ
3023 548 3190 619 μηδὲν
3225 545 3568 615 φθέγγεσθαι
3597 546 3735 616 πρὸς

2144 648 2274 710 τοὺς
2299 648 2683 718 αἰτουμένους.

2217 739 2462 807 Μήποτε
2514 740 3004 809 παρασιωπήσῃς
3045 735 3149 792 ἀπ’
3198 734 3368 804 ἐμοῦ.
3447 731 3736 804 Μηδέποτε

2145 834 2508 905 παρακούσῃς
2539 851 2666 904 μου,
2696 833 2994 905 χρῄζοντος
3016 831 3105 884 ἀεὶ
3135 829 3234 898 τῆς
3266 830 3365 898 σῆς
3391 825 3739 896 ἐπικουρίας.

2217 921 2324 981 Kal
2354 925 2799 994 ὀμοιωθήσομαι
2831 923 2956 989 τοῖς
2979 920 3458 976 καταϐαίνουσιν
3474 921 3563 984 εις
3594 917 3743 972 λάκ-

2144 1036 2275 1074 κον.
2312 1021 2373 1072 El
2409 1021 2504 1072 καὶ
2535 1019 2894 1090 παρεικούσης
2933 1034 3060 1088 μου,
3100 1014 3265 1078 εὐθὺς
3289 1014 3476 1084 ὄμοτος
3506 1011 3742 1082 γενήσο-

2148 1127 2246 1181 μαι
2291 1110 2404 1172 τοῖς
2456 1111 2694 1179 νεκροῖς,
2747 1109 2918 1179 ἣγουν
2972 1104 3270 1159 ἀποθάνω·
3321 1102 3524 1166 λάκκος
3561 1102 3671 1172 γὰρ
3713 1101 3744 1153 ὁ

2143 1201 2335 1268 τάφος.
2379 1201 2451 1253 Ἣ
2481 1199 2581 1254 καὶ
2604 1200 2809 1254 λάκκον
2841 1198 2934 1252 τδν
2987 1197 3180 1268 βόθρον
3227 1196 3524 1266 νοήσομεν,
3570 1194 3652 1257 είς
3680 1191 3743 1247 ὃν

2146 1294 2174 1344 ό
2207 1291 2502 1346 ἐμπίπτων
2551 1289 2859 1362 ἁσοήθητος
2893 1289 2983 1344 διὰ
3009 1291 3072 1343 τὸ
3098 1289 3344 1359 ἄφυκτον
3376 1290 3608 1356 γίνεται.

2218 1471 2632 1536 Εισὰκουσον,
2677 1471 2876 1540 Κύριε,
2907 1469 3018 1540 τῆς
3071 1469 3280 1540 φωνῆς
3325 1470 3437 1538 τῆς
3476 1469 3750 1536 δεήσεώς

451 1570 576 1622 dum
600 1586 693 1622 oro
725 1569 795 1621 ad
825 1581 892 1634 te,
928 1567 1055 1620 dum
1083 1566 1280 1620 extollo
1303 1575 1494 1618 manus
1531 1577 1676 1617 meas
1694 1562 1764 1616 ad
1789 1561 2043 1630 templum

2162 1583 2280 1631 ιου,
2310 1565 2381 1618 ὲν
2408 1563 2488 1629 τῷ
2511 1563 2767 1619 δέεσθαι
2790 1569 2868 1632 με
2897 1563 3048 1631 πρὸς
3090 1561 3189 1626 σὲ,
3220 1563 3290 1616 ἐν
3327 1562 3408 1627 τῷ
3455 1561 3644 1631 αἴρειν
3667 1579 3752 1630 με

449 1673 690 1712 sanctum
713 1670 883 1712 tuum.
917 1657 1021 1711 Per
1047 1657 1337 1728 templum,
1372 1665 1432 1711 ut
1469 1656 1716 1710 diximus
1737 1695 1753 1721 ,
1781 1655 2038 1710 taberna-

2147 1656 2351 1726 χεῖράς
2370 1672 2487 1726 μου
2510 1655 2661 1724 πρὸς
2690 1655 2844 1710 ναὸν
2866 1655 3040 1725 ἅγιόν
3065 1670 3206 1709 σου.
3239 1654 3409 1717 Ναὸν,
3451 1653 3526 1716 ὼς
3554 1669 3753 1723 «post.-

450 1751 634 1804 culum
671 1749 928 1819 intelligit
991 1747 1058 1801 ad
1121 1749 1270 1819 quod
1323 1762 1518 1803 manus
1561 1747 1858 1811 tendebat,
1909 1745 2038 1800 dum

2162 1747 2420 1816 οήκαμεν,
2473 1745 2572 1812 τὴν
2626 1743 2836 1816 σκηνὴν
2891 1743 3065 1812 λέγει,
3127 1744 3266 1813 πρὸς
3317 1743 3384 1813 ἢν
3437 1742 3609 1795 ἔτεινε
3643 1739 3754 1805 τὰς

451 1849 661 1904 oraret,
694 1837 914 1894 tametsi
943 1838 996 1892 id
1033 1837 1222 1907 procul
1258 1844 1427 1892 esset.
1457 1834 1550 1889 Sir.
1575 1833 1744 1890 etiam
1768 1842 1822 1887 et
1854 1831 2042 1887 Daniel

449 1950 617 1989 orans
653 1936 706 1990 in
755 1934 1064 2002 Babylone,
1112 1934 1395 2004 aperiebat
1438 1931 1710 1987 fenestras
1750 1944 1874 1999 quas
1913 1943 2045 1984 con-

451 2043 626 2082 versa:
653 2036 817 2080 erant
837 2027 904 2080 ad
932 2025 1238 2081 Jerusalem
1269 2041 1285 2080 :
1323 2038 1428 2079 non
1469 2023 1616 2094 quod
1642 2023 1756 2077 illic
1788 2021 2048 2076 divinita-

452 2128 560 2174 tem
593 2118 1145 2183 circumscriberent,
1178 2116 1276 2172 sed
1297 2118 1428 2187 quia
1462 2115 1710 2170 sciebant
1733 2115 1906 2170 Deum
1929 2115 2046 2171 illic

451 2210 797 2278 apparuisse.
833 2207 927 2264 Vel
966 2211 1231 2280 templum
1283 2221 1383 2280 pro
1433 2208 1576 2263 cutio
1625 2206 2044 2278 intelligendum

450 2309 558 2364 est,
581 2301 712 2369 jura
737 2300 872 2355 illud
906 2318 921 2355 :
954 2300 1057 2367 Qui
1077 2300 1284 2355 habitat
1315 2303 1369 2355 in
1404 2300 1550 2355 catis
1576 2299 1817 2354 irridebit
1852 2315 1940 2354 eos
1977 2300 2042 2353 ".

524 2477 689 2532 Vens.
706 2477 760 2532 5.
785 2475 866 2531 Ne
877 2477 1038 2531 simul
1055 2477 1242 2531 trahas
1264 2493 1344 2532 me
1366 2494 1486 2530 cum
1507 2475 1890 2548 peccatoribus.
1909 2475 2048 2542 Qui-

453 2571 683 2626 buscum
740 2585 1122 2639 saepenumero
1176 2583 1501 2624 conversor.
1563 2569 1689 2624 Noli
1744 2569 1913 2639 igitur
1976 2566 2048 2622 ob

455 2679 630 2717 meam
665 2663 807 2717 hanc
844 2663 1322 2717 conversationem
1349 2701 1364 2724 ,
1393 2676 1520 2715 cum
1559 2661 1667 2714 illis
1710 2675 1797 2714 me
1840 2660 2048 2730 pariter

454 2754 521 2808 ad
559 2755 788 2808 luendas
830 2769 1020 2825 poenas
1051 2755 1298 2809 trahere.
1323 2753 1480 2809 Nosti
1512 2753 1660 2824 quod
1689 2753 1894 2808 invitus
1919 2762 2045 2807 cuin

454 2847 538 2901 eis
571 2857 888 2900 conversor.
943 2847 1003 2902 Et
1060 2847 1337 2918 superﬂua
1390 2848 1610 2902 videtur
1666 2847 1838 2903 dictio
1897 2846 2043 2901 illa:

455 2937 648 2992 Simul.
673 2937 828 3003 Quod
866 2940 913 2992 si
951 2940 1036 2994 his
1073 2941 1258 2996 verbis
1293 2941 1370 2993 uti
1405 2950 1458 2994 et
1483 2955 1586 2994 nos
1641 2941 1899 2995 volumus
1921 2943 2046 2994 cuin

451 3045 700 3094 oramus,
737 3047 833 3100 per
871 3033 1495 3100 peccatorusdzemones
1530 3033 1922 3102 intelligemus,
1948 3040 2044 3087 aut

451 3123 664 3178 alienos
697 3139 724 3177 a
770 3125 896 3186 title,
935 3133 1029 3177 aut
1062 3125 1229 3178 etiam
1266 3125 1488 3194 iniquos
1517 3137 1739 3178 omnes.

525 3213 595 3268 Et
623 3232 742 3268 cuin
769 3216 1115 3284 operantibus
1145 3217 1483 3287 iniquitatem
1512 3232 1574 3271 ne
1591 3219 1784 3286 perdas
1806 3229 1908 3271 me.
1929 3212 2047 3269 Hoc

454 3306 522 3360 ad
577 3308 837 3379 majorem
899 3311 1209 3380 superioris
1267 3311 1400 3367 dicti
1458 3310 1890 3366 declarationem
1939 3316 2044 3364 est.

450 3399 602 3452 Idem
638 3401 782 3454 enim
804 3402 1104 3471 signiﬁcat.

526 3491 631 3558 Qui
649 3493 943 3562 loquuntur
964 3510 1153 3564 pacem
1182 3511 1302 3548 cum
1331 3497 1578 3564 proximo
1602 3511 1721 3560 suo,
1767 3497 1915 3550 mala
1951 3515 2047 3551 au-

455 3599 555 3643 tem
593 3591 645 3641 in
671 3588 920 3642 cordibus
977 3604 1184 3643 eorum.
1234 3589 1467 3653 Quidam
1515 3591 1660 3644 enim
1718 3594 1908 3645 enrttnt
1953 3590 2045 3659 qui

454 3690 759 3733 erantcum
793 3678 978 3743 Saule,
1002 3680 1302 3733 amicitiam
1334 3680 1674 3733 simulabant
1696 3696 1822 3751 erga
1853 3680 2044 3748 David,

451 3785 507 3824 et
536 3772 769 3826 insidias
808 3771 1169 3826 nihilominus
1205 3772 1473 3827 adversus
1508 3787 1633 3826 eum
1681 3776 1824 3826 clam
1883 3790 2046 3844 para-

457 3868 607 3924 trant,
632 3869 694 3931 et
721 3861 993 3929 principtte
1026 3860 1171 3914 inter
1201 3863 1348 3917 alios
1383 3863 1500 3932 ipse
1528 3863 1692 3916 etiam
1748 3862 1901 3917 Saul.

531 3949 698 4006 Vens.
723 3953 778 4006 4.
814 3952 894 4006 Da
925 3953 1056 4019 illis,
1087 3951 1331 4018 Domine,
1356 3956 1642 4008 secundum
1662 3971 1820 4024 opera
1843 3970 2047 4012 eorum.

455 4043 738 4112 Condigua
775 4043 986 4098 scilicet
1015 4059 1208 4098 eorum
1240 4046 1642 4115 protervitatis.

531 4132 596 4186 Et
629 4134 915 4188 secundum
967 4135 1254 4203 nequitiam
1295 4135 1732 4190 adinvculiouum
1791 4137 2046 4203 ipsorum.

454 4225 580 4279 l‘l'ec
610 4226 726 4296 pari
759 4227 922 4282 modo
951 4227 1021 4280 ad
1063 4226 1428 4297 praecedentis
1483 4229 1744 4284 versiculi
1800 4229 2050 4285 declara-

455 4320 661 4371 tionem
699 4317 847 4372 dicta
881 4327 1032 4371 sunt.

2147 1841 2334 1910 χεῖρας
2365 1839 2684 1909 εὐχόμενος,
2720 1838 2772 1889 ει
2802 1837 2901 1890 καὶ
2943 1836 3136 1907 esset.)
3173 1831 3262 1907 ἦν.
3308 1834 3467 1888 Οὕτω
3497 1833 3606 1905 γὰρ
3649 1834 3755 1887 καὶ

2146 1930 2349 1999 Δανιὴλ
2381 1933 2439 1982 ὲν
2483 1928 2770 1982 Βαϐυλῶνι
2807 1927 3250 2000 προσευχόμενος
3272 1965 3286 1990 ,
3339 1926 3439 1989 τὰς
3467 1925 3606 1997 πρὸς
3639 1926 3754 1977 Ἰε-

2151 2024 2436 2097 ρουσαλὴμ
2464 2023 2859 2095 τετραμμένας
2889 2023 3124 2093 ἀνεῴγει
3153 2023 3466 2092 φωταγοὺς,
3501 2022 3603 2076 οὐκ
3628 2021 3756 2076 ἐκεῖ

2151 2119 2511 2190 περιγράφων
2532 2119 2592 2172 τὲ
2613 2119 2790 2183 Θεῖον,
2821 2117 2938 2171 ἀλλ’
2968 2120 3086 2172 ἐκεῖ
3114 2119 3213 2190 τὴν
3237 2118 3388 2170 θείαν
3420 2118 3755 2186 ἐπιφάνειαν

2147 2212 2478 2282 γεγενῆσθαι
2511 2209 2874 2282 μεμαθηκώς.
2933 2212 3003 2263 Ἢ
3040 2211 3136 2264 καὶ
3173 2211 3302 2264 ναὸν
3363 2209 3455 2263 τὸν
3513 2209 3756 2280 οὐρανὸν

2147 2305 2515 2373 ὑποληπτέον,
2569 2305 2713 2356 κατὰ
2745 2303 2841 2355 τόο
2897 2302 2960 2356 'O
2993 2299 3286 2356 κατοικῶν
3327 2301 3397 2354 ἐν
3438 2299 3751 2368 οὐρανοῖς,

2147 2399 2544 2468 ὲκγελάσεται
2576 2398 2820 2463 αὐτούς.
3793 2385 3798 2390 ’

2221 2492 2276 2542 Μ
2285 2489 2318 2557 ὴ
2348 2489 2749 2555 συνελκὺσῃς
2770 2504 2846 2556 με
2872 2487 3019 2552 μετὰ
3054 2485 3446 2556 ἁμαρτωλῶν.
3497 2479 3592 2548 Οἷς
3623 2485 3755 2540 πολ-

2148 2581 2310 2644 λάκις
2341 2579 2886 2650 συναναστρέφομαι.
2925 2577 3018 2648 Μὴ
3039 2575 3132 2631 οὖν
3156 2577 3245 2630 διὰ
3271 2577 3367 2650 τὴν
3393 2578 3747 2648 ἀναστροφὴν

2151 2672 2487 2743 omnem;
2540 2672 2686 2741 κάμὲ
2726 2670 2844 2739 μετ’
2871 2669 3075 2734 αὐτῶν,
3114 2673 3194 2733 εἰς
3226 2672 3286 2723 τὸ
3317 2671 3504 2723 δοῦναι
3549 2669 3743 2738 δίκην·

2149 2761 2296 2828 οἶδας
2325 2765 2458 2834 γὰρ,
2490 2764 2573 2818 ὅτι
2613 2766 2710 2816 καὶ
2751 2763 2902 2818 ἄκων
2927 2762 3090 2816 τοῦτο
3123 2765 3285 2818 ποιῶ·
3329 2763 3564 2834 περιττὴ
3615 2747 3672 2818 δὲ
3717 2765 3752 2836 ἡ

2148 2857 2272 2910 σύν
2316 2855 2596 2926 πρόθεσις.
2619 2845 2807 2926 Ἡμεῖς
2828 2856 2886 2907 δὲ
2915 2855 3057 2925 ὑπὲρ
3078 2855 3292 2909 ἑαυτῶν
3318 2855 3495 2908 ταῦτα
3514 2855 3777 2924 προσευ-’

2157 2949 2408 3018 χύμενοι,
2444 2948 2808 3018 ἁμαρτωλοὺς
2838 2947 3107 3018 νοὴσομεν
3139 2947 3265 3010 τοὺς
3315 2945 3682 3018 ἑτεροδόξους,
3721 2947 3755 3018 ἢ

2150 3041 2276 3103 τοὺς
2307 3039 2596 3112 δαίμονας,
2623 3039 2655 3109 ἢ
2688 3039 2784 3094 καὶ
2813 3041 3075 3110 ἀνόμους.

2221 3218 2328 3274 Καὶ
2373 3218 2526 3288 μετὰ
2570 3217 2976 3288 ἐργαζομένων
3002 3217 3265 3286 ἀνομίαν
3279 3216 3366 3287 μὴ
3403 3216 3767 3270 συναπολέ-

2150 3329 2270 3380 σῃς
2323 3323 2424 3379 με.
2477 3312 2651 3364 Τοῦτο
2719 3312 2813 3364 τοῦ
2865 3314 3141 3382 προτέρου
3195 3312 3614 3382 σαφηνισῖικὶιν,
3657 3313 3765 3364 καὶ

2151 3406 2317 3459 ταυτὸ
2365 3403 2584 3476 δηλοῦν.

2227 3494 2351 3549 Τῶν
2391 3495 2755 3550 λαλούντων
2809 3494 3062 3562 εἰρήνην
3113 3494 3268 3564 μετὰ
3312 3493 3433 3547 τῶν
3483 3494 3765 3560 πλησίον

2150 3587 2372 3652 αὐτῶν,
2411 3591 2565 3643 κακὰ
2594 3589 2662 3643 δὲ
2701 3589 2771 3642 ἐν
2819 3591 2950 3656 ταῖς
2999 3589 3275 3656 καρδίαις
3325 3588 3547 3644 αὐτῶν.
3588 3590 3760 3655 Τινὲς

2154 3683 2262 3753 γὰρ
2315 3682 2422 3736 τῶν
2457 3682 2596 3752 μετὰ
2644 3682 2737 3734 τοῦ
2771 3683 2968 3748 Σαοὺλ,
3024 3682 3454 3754 ὑποκρινόμενοι
3505 3685 3760 3754 φανερὰν

2153 3775 2341 3843 φιλίαν
2375 3775 2508 3844 πρὸς
2564 3774 2752 3840 Δαῢὶδ,
2798 3772 3164 3828 ἐπεϐούλευον
3201 3773 3352 3846 αὐτῷ
3401 3774 3602 3846 λάθρα,
3660 3776 3763 3830 καὶ

2155 3865 2392 3935 μάλιστα
2421 3864 2616 3918 Σαούλ.

2219 3958 2330 4023 Δὸς
2361 3957 2592 4024 αὐτοῖς,
2621 3957 2821 4026 Κύριε,
2849 3956 3003 4011 κατὰ
3044 3955 3116 4012 τὰ
3149 3958 3294 4027 ἔργα
3333 3957 3554 4014 αὐτῶν.
3588 3958 3761 4023 Ἀξια

2149 4051 2249 4117 τῆς
2279 4051 2480 4114 κακίας
2509 4051 2718 4104 αὐτῶν.

2222 4142 2335 4197 Καὶ
2381 4144 2533 4198 κατὰ
2583 4144 2698 4210 τὴν
2740 4145 3048 4214 πονηρίαν
3089 4147 3209 4200 τῶν
3255 4144 3756 4214 ἐπιτηδευμάτων

2151 4237 2372 4297 αὐτῶν.
2410 4239 2522 4294 Καὶ
2549 4241 2712 4295 τοῦτο
2734 4241 2830 4294 τοῦ
2864 4244 2972 4314 πρὸ
3003 4243 3173 4297 αὐτοῦ
3210 4244 3632 4314 σαφηνιστικόν.

524 4406 822 4462 Secundum
854 4425 1014 4476 opera
1038 4425 1293 4462 manuum
1325 4425 1506 4463 eorum
1532 4410 1601 4463 da
1627 4410 1758 4465 illis.
1792 4412 2042 4469 Dolorem

2225 4420 2388 4473 Κατὰ
2418 4419 2492 4472 τὰ
2528 4418 2674 4488 ἔργα
2702 4418 2822 4473 τῶν
2850 4421 3067 4488 χειρῶν
3123 4420 3325 4476 αὐτῶν
3378 4422 3485 4489 δὸς
3513 4422 3748 4490 αὐτοῖς.

457 4500 726 4570 Propheta
763 4501 960 4554 animas
1009 4515 1124 4554 sure
1171 4503 1290 4554 zelo
1322 4503 1558 4570 quodam
1590 4503 1700 4556 odii
1751 4503 1804 4558 in
1845 4519 2045 4574 pravos

456 4605 731 4658 accensas,
762 4590 1021 4644 omnibus
1054 4589 1331 4658 patefacit,
1360 4591 1491 4644 dum
1548 4593 1794 4646 eamdem
1843 4595 2047 4662 sapius

455 4684 624 4738 variis
662 4683 845 4737 verbis
880 4683 1084 4752 repetit
1106 4684 1462 4740 sententi-am.

526 4775 703 4830 Redde
738 4776 1139 4830 retributionem
1166 4793 1346 4832 eorum
1373 4779 1521 4846 ipsis.
1570 4777 1756 4834 Redde
1800 4781 1908 4836 illis
1951 4783 2049 4835 de-

453 4867 624 4922 bitam
655 4868 921 4922 ultionem
951 4877 1048 4937 pro
1083 4868 1449 4938 malignitate,
1477 4884 1542 4924 ex
1575 4869 1662 4924 his
1687 4880 1869 4924 autem
1911 4886 2042 4926 ver-

454 4957 540 5012 bis
573 4957 944 5019 demonstrat,
972 4972 1032 5013 se
1069 4971 1178 5011 non
1214 4967 1270 5010 ut
1308 4959 1564 5012 acerbum
1608 4961 1818 5013 hostem
1857 4960 2052 5015 adsero

455 5066 552 5105 sus
581 5041 693 5103 eos
711 5052 1028 5119 imprecari,
1053 5053 1147 5107 sed
1181 5060 1239 5105 ut
1267 5051 1495 5120 justilia'.
1513 5064 1834 5116 amatorem,
1859 5061 2050 5123 optare

456 5145 566 5199 illis
601 5143 816 5200 debitas
841 5160 1032 5216 plenas
1067 5163 1080 5198 :
1121 5157 1176 5202 ut
1207 5146 1310 5200 hac
1366 5148 1578 5201 ratione
1667 5149 1814 5216 pravi
1858 5163 2048 5202 omnes

456 5237 762 5294 reddantur
789 5239 1073 5295 meliores.

525 5331 691 5386 Vnus.
723 5332 776 5389 5.
801 5334 1068 5398 Quoniam
1105 5345 1207 5388 non
1228 5331 1600 5387 intellexerunt
1632 5341 1792 5400 opera
1812 5329 2046 5385 Domini.

457 5426 594 5491 Quia
623 5427 893 5480 hactenus
916 5427 1362 5495 dispensationes
1388 5425 1478 5478 Dei
1509 5438 1614 5477 non
1641 5424 2046 5479 intellexerunt:

458 5517 604 5585 quod
639 5517 849 5572 scilicet
885 5518 1029 5573 Deus
1056 5531 1256 5587 pravos
1286 5515 1559 5578 sustinet,
1593 5525 1653 5566 ut
1686 5515 1876 5567 carum
1919 5529 2046 5582 pra-

531 5703 576 5733 "
605 5699 751 5756 Psal.
786 5718 846 5769 tt,
881 5704 932 5758 ό.

2157 4511 2256 4565 Διά
2277 4512 2376 4581 τῆς
2397 4512 2758 4579 ταυτολογίας
2782 4512 2882 4581 τὴν
2903 4511 3101 4584 ὀδύνην
3130 4515 3385 4584 ἐμφαίνει
3411 4515 3513 4583 τῆς
3540 4514 3751 4585 ψυχῆς,

2156 4602 2637 4676 ὲμπιμπρώμενος
2667 4603 2746 4673 τῷ
2769 4601 2918 4675 ζήλῳ
2943 4606 3041 4676 τῆς
3073 4606 3497 4677 μισοπονηρίας.

2241 4783 2482 4850 Ἀπόδος
2510 4785 2576 4837 τὸ
2610 4781 3002 4851 ἀνταπόδομα
3023 4781 3229 4836 ἀὐτῶν
3255 4782 3478 4847 αὐτοῖς.
3527 4781 3759 4844 Ἀπόδος

2157 4878 2342 4941 αὐτοῖς
2375 4875 2472 4946 τὴν
2508 4876 3009 4945 κεχρεωστημένην
3045 4875 3326 4944 ἐκδίκησιν
3375 4873 3496 4926 ἀντὶ
3525 4873 3622 4941 τῆς
3651 4890 3758 4925 κα.

2157 4969 2302 5032 χίας.
2361 4965 2646 5020 Ἐντεῦθεν
2703 4965 2758 5019 δὲ
2811 4965 3088 5036 φαίνεται,
3141 4966 3224 5018 ὅτι
3280 4965 3378 5033 οὐχ
3429 4964 3503 5026 ὡς
3555 4963 3756 5032 πικρὸς

2159 5061 2468 5131 καταρᾶται
2501 5059 2729 5122 τούτων,
2768 5057 2883 5111 ἀλλ’
2913 5057 2988 5120 ὡς
3041 5059 3376 5128 φιλοδίκαιος
3433 5055 3758 5126 ἐπιταχύνει

2158 5153 2258 5223 τὴν
2290 5152 2655 5223 ὀφειλομένην
2706 5151 3002 5221 τιμωρίαν,
3055 5152 3142 5204 ἵνα
3185 5150 3454 5221 βελτίονες
3496 5151 3546 5201 οἱ
3591 5150 3759 5202 κακοὶ

2159 5246 2451 5314 γένωνται.

2235 5339 2355 5390 ’Ὁτι
2381 5340 2454 5391 οὐ
2475 5335 2763 5405 συνῆκαν
2791 5339 2878 5403 εἷς
2896 5335 2969 5389 τὰ
2991 5335 3136 5405 ἔργα
3165 5335 3412 5402 Κυρίου.
3439 5328 3562 5386 Ὅτι
3591 5331 3757 5401 μέχρι

2159 5429 2254 5482 τοῦ
2285 5431 2381 5485 νῦν
2413 5431 2473 5483 οὐ
2509 5430 2753 5499 συνῆκαν
2779 5431 2878 5494 τὰς
2915 5429 3064 5491 θείας
3089 5428 3429 5496 οἰκονομίας,
3456 5425 3530 5488 ὡς
3559 5423 3754 5491 ἀνέχε-

2158 5537 2249 5573 ται
2288 5520 2468 5576 αὐτῶν
2497 5524 2524 5575 ὁ
2549 5521 2704 5585 Θεὸς,
2737 5521 2882 5575 οὓτω
2939 5520 3422 5591 πονηρευομένων,
3455 5517 3543 5570 ἵνα
3579 5514 3671 5570 ναὶ
3717 5515 3753 5581 ή
