  <div class='ocr_page' id='page_1' title='image "/cluster/home/n/w/nwhite01/storage/ocr_20150623/128:no.1/coo.31924054870336/172.png"; bbox 0 0 4078 6430; ppageno 0'>
   <div class='ocr_carea' id='block_1_1' title="bbox 375 397 489 459">
    <p class='ocr_par' dir='ltr' id='par_1_1' title="bbox 375 397 489 459">
     <span class='ocr_line' id='line_1_1' title="bbox 375 397 489 459; baseline 0.009 -1"><span class='ocrx_word' id='word_1_1' title='bbox 375 397 489 459; x_wconf 66' lang='lat'><strong>329</strong></span> 
     </span>
    </p>
   </div>
   <div class='ocr_carea' id='block_1_2' title="bbox 1556 392 2473 458">
    <p class='ocr_par' dir='ltr' id='par_1_2' title="bbox 1556 392 2473 458">
     <span class='ocr_line' id='line_1_2' title="bbox 1556 392 2473 458; baseline 0.001 -4"><span class='ocrx_word' id='word_1_2' title='bbox 1556 396 1710 458; x_wconf 73' lang='grc' dir='ltr'><strong>(ἷοΜ</strong></span> <span class='ocrx_word' id='word_1_3' title='bbox 1720 397 1876 456; x_wconf 70' lang='grc' dir='ltr'><strong>ΜΕΝ</strong></span> <span class='ocrx_word' id='word_1_4' title='bbox 1885 397 1954 456; x_wconf 83' lang='grc' dir='ltr'>Τ.</span> <span class='ocrx_word' id='word_1_5' title='bbox 1981 393 2064 454; x_wconf 84' lang='lat' dir='ltr'><strong>1N</strong></span> <span class='ocrx_word' id='word_1_6' title='bbox 2107 392 2473 456; x_wconf 75' lang='lat' dir='ltr'><strong>PSALMOS.</strong></span> 
     </span>
    </p>
   </div>
   <div class='ocr_carea' id='block_1_3' title="bbox 3531 397 3639 460">
    <p class='ocr_par' dir='ltr' id='par_1_3' title="bbox 3531 397 3639 460">
     <span class='ocr_line' id='line_1_3' title="bbox 3531 397 3639 460; baseline 0 -1"><span class='ocrx_word' id='word_1_7' title='bbox 3531 397 3639 460; x_wconf 70' lang='lat'><strong>33‘)</strong></span> 
     </span>
    </p>
   </div>
   <div class='ocr_carea' id='block_1_4' title="bbox 375 508 1996 586">
    <p class='ocr_par' dir='ltr' id='par_1_4' title="bbox 375 508 1965 586">
     <span class='ocr_line' id='line_1_4' title="bbox 375 508 1965 586; baseline -0.001 -21"><span class='ocrx_word' id='word_1_8' title='bbox 375 512 661 581; x_wconf 73' lang='grc' dir='ltr'><strong>φαυλότης</strong></span> <span class='ocrx_word' id='word_1_9' title='bbox 692 510 874 565; x_wconf 73' lang='grc' dir='ltr'>αὐτῶν</span> <span class='ocrx_word' id='word_1_10' title='bbox 902 508 1155 583; x_wconf 71' lang='grc' dir='ltr'>ἐλεγχθῇ,</span> <span class='ocrx_word' id='word_1_11' title='bbox 1187 513 1278 566; x_wconf 68' lang='grc' dir='ltr'><strong>καὶ</strong></span> <span class='ocrx_word' id='word_1_12' title='bbox 1314 513 1371 566; x_wconf 85' lang='grc' dir='ltr'>ὲν</span> <span class='ocrx_word' id='word_1_13' title='bbox 1409 514 1588 586; x_wconf 78' lang='grc' dir='ltr'>καιρῷ</span> <span class='ocrx_word' id='word_1_14' title='bbox 1635 511 1965 585; x_wconf 84' lang='grc' dir='ltr'>τιμωρηθῶ-</span> 
     </span>
    </p>
   </div>
   <div class='ocr_carea' id='block_1_5' title="bbox 2104 508 3646 586">
    <p class='ocr_par' dir='ltr' id='par_1_5' title="bbox 2110 511 3646 584">
     <span class='ocr_line' id='line_1_5' title="bbox 2110 511 3646 584; baseline 0.003 -20"><span class='ocrx_word' id='word_1_15' title='bbox 2110 513 2216 567; x_wconf 90' lang='lat' dir='ltr'><strong>itas</strong></span> <span class='ocrx_word' id='word_1_16' title='bbox 2250 512 2423 582; x_wconf 85' lang='lat' dir='ltr'><strong>magis</strong></span> <span class='ocrx_word' id='word_1_17' title='bbox 2459 514 2840 576; x_wconf 68' lang='lat' dir='ltr'><strong>convincatur,</strong></span> <span class='ocrx_word' id='word_1_18' title='bbox 2876 523 2930 566; x_wconf 91' lang='lat' dir='ltr'><strong>et</strong></span> <span class='ocrx_word' id='word_1_19' title='bbox 2966 511 3021 568; x_wconf 93' lang='lat' dir='ltr'><strong>in</strong></span> <span class='ocrx_word' id='word_1_20' title='bbox 3051 521 3364 582; x_wconf 87' lang='lat' dir='ltr'><strong>opportuno</strong></span> <span class='ocrx_word' id='word_1_21' title='bbox 3399 520 3646 584; x_wconf 87' lang='lat' dir='ltr'><strong>tempore</strong></span> 
     </span>
    </p>
   </div>
   <div class='ocr_carea' id='block_1_6' title="bbox 379 604 896 671">
    <p class='ocr_par' dir='ltr' id='par_1_6' title="bbox 379 604 896 671">
     <span class='ocr_line' id='line_1_6' title="bbox 379 604 896 671; baseline 0.002 -13"><span class='ocrx_word' id='word_1_22' title='bbox 379 622 472 658; x_wconf 82' lang='grc' dir='ltr'><strong>σιν</strong></span> <span class='ocrx_word' id='word_1_23' title='bbox 511 604 896 671; x_wconf 75' lang='grc' dir='ltr'>ἀσύγγνωστα.</span> 
     </span>
    </p>
   </div>
   <div class='ocr_carea' id='block_1_7' title="bbox 449 697 1966 768">
    <p class='ocr_par' dir='ltr' id='par_1_7' title="bbox 449 697 1966 768">
     <span class='ocr_line' id='line_1_7' title="bbox 449 697 1966 768; baseline -0.003 -16"><span class='ocrx_word' id='word_1_24' title='bbox 449 699 558 753; x_wconf 76' lang='grc' dir='ltr'><strong>Καὶ</strong></span> <span class='ocrx_word' id='word_1_25' title='bbox 591 701 679 764; x_wconf 79' lang='grc' dir='ltr'>εἰς</span> <span class='ocrx_word' id='word_1_26' title='bbox 725 698 797 751; x_wconf 82' lang='grc' dir='ltr'>τὰ</span> <span class='ocrx_word' id='word_1_27' title='bbox 837 697 984 768; x_wconf 71' lang='grc' dir='ltr'>ἔργα</span> <span class='ocrx_word' id='word_1_28' title='bbox 1022 698 1140 752; x_wconf 79' lang='grc' dir='ltr'>τῶν</span> <span class='ocrx_word' id='word_1_29' title='bbox 1184 697 1394 768; x_wconf 77' lang='grc' dir='ltr'>χειρῶν</span> <span class='ocrx_word' id='word_1_30' title='bbox 1426 697 1634 753; x_wconf 76' lang='grc' dir='ltr'>αὐτοῦ.</span> <span class='ocrx_word' id='word_1_31' title='bbox 1691 697 1870 768; x_wconf 83' lang='grc' dir='ltr'>Ἔργα</span> <span class='ocrx_word' id='word_1_32' title='bbox 1910 697 1966 748; x_wconf 79' lang='grc' dir='ltr'><strong>δὲ</strong></span> 
     </span>
    </p>
   </div>
   <div class='ocr_carea' id='block_1_8' title="bbox 375 789 1966 861">
    <p class='ocr_par' dir='ltr' id='par_1_8' title="bbox 375 789 1966 861">
     <span class='ocr_line' id='line_1_8' title="bbox 375 789 1966 861; baseline -0.002 -18"><span class='ocrx_word' id='word_1_33' title='bbox 375 791 550 858; x_wconf 76' lang='grc' dir='ltr'>λέγω,</span> <span class='ocrx_word' id='word_1_34' title='bbox 597 790 632 844; x_wconf 78' lang='grc' dir='ltr'><strong>ἃ</strong></span> <span class='ocrx_word' id='word_1_35' title='bbox 661 790 825 852; x_wconf 72' lang='grc' dir='ltr'>αὐτὸς</span> <span class='ocrx_word' id='word_1_36' title='bbox 861 791 1157 861; x_wconf 73' lang='grc' dir='ltr'><strong>ἐργάζεται</strong></span> <span class='ocrx_word' id='word_1_37' title='bbox 1193 793 1330 861; x_wconf 72' lang='grc' dir='ltr'>μετὰ</span> <span class='ocrx_word' id='word_1_38' title='bbox 1361 791 1455 843; x_wconf 72' lang='grc' dir='ltr'>τοῦ</span> <span class='ocrx_word' id='word_1_39' title='bbox 1493 789 1723 842; x_wconf 79' lang='grc' dir='ltr'><strong>σκοποῦ·</strong></span> <span class='ocrx_word' id='word_1_40' title='bbox 1755 790 1812 842; x_wconf 82' lang='grc' dir='ltr'>αἱ</span> <span class='ocrx_word' id='word_1_41' title='bbox 1852 790 1966 860; x_wconf 83' lang='grc' dir='ltr'><strong>χεῖ-</strong></span> 
     </span>
    </p>
   </div>
   <div class='ocr_carea' id='block_1_9' title="bbox 383 882 1968 955">
    <p class='ocr_par' dir='ltr' id='par_1_9' title="bbox 383 882 1968 955">
     <span class='ocr_line' id='line_1_9' title="bbox 383 882 1968 955; baseline -0.003 -19"><span class='ocrx_word' id='word_1_42' title='bbox 383 901 482 952; x_wconf 85' lang='grc' dir='ltr'><strong>ρες</strong></span> <span class='ocrx_word' id='word_1_43' title='bbox 524 882 637 952; x_wconf 73' lang='grc' dir='ltr'>γὰρ</span> <span class='ocrx_word' id='word_1_44' title='bbox 667 882 938 949; x_wconf 79' lang='grc' dir='ltr'>ἐνταῦθα,</span> <span class='ocrx_word' id='word_1_45' title='bbox 991 884 1052 936; x_wconf 82' lang='grc' dir='ltr'>τὸ</span> <span class='ocrx_word' id='word_1_46' title='bbox 1082 882 1469 955; x_wconf 80' lang='grc' dir='ltr'><strong>λελογισμένον</strong></span> <span class='ocrx_word' id='word_1_47' title='bbox 1505 883 1613 936; x_wconf 83' lang='grc' dir='ltr'>τῶν</span> <span class='ocrx_word' id='word_1_48' title='bbox 1652 883 1832 952; x_wconf 73' lang='grc' dir='ltr'>ἔργων</span> <span class='ocrx_word' id='word_1_49' title='bbox 1867 883 1968 951; x_wconf 84' lang='grc' dir='ltr'><strong>ἐμ-</strong></span> 
     </span>
    </p>
   </div>
   <div class='ocr_carea' id='block_1_10' title="bbox 383 974 662 1044">
    <p class='ocr_par' dir='ltr' id='par_1_10' title="bbox 383 974 662 1044">
     <span class='ocr_line' id='line_1_10' title="bbox 383 974 662 1044; baseline 0.004 -17"><span class='ocrx_word' id='word_1_50' title='bbox 383 974 662 1044; x_wconf 76' lang='grc' dir='ltr'>φαίνουσι.</span> 
     </span>
    </p>
   </div>
   <div class='ocr_carea' id='block_1_11' title="bbox 447 1149 1969 1222">
    <p class='ocr_par' dir='ltr' id='par_1_11' title="bbox 447 1149 1969 1222">
     <span class='ocr_line' id='line_1_11' title="bbox 447 1149 1969 1222; baseline 0 -17"><span class='ocrx_word' id='word_1_51' title='bbox 447 1151 738 1217; x_wconf 76' lang='grc' dir='ltr'>Καθελεῖς</span> <span class='ocrx_word' id='word_1_52' title='bbox 760 1149 1007 1217; x_wconf 82' lang='grc' dir='ltr'>αὐτοὺς,</span> <span class='ocrx_word' id='word_1_53' title='bbox 1048 1151 1145 1205; x_wconf 74' lang='grc' dir='ltr'><strong>καὶ</strong></span> <span class='ocrx_word' id='word_1_54' title='bbox 1173 1154 1246 1206; x_wconf 84' lang='grc' dir='ltr'>οὐ</span> <span class='ocrx_word' id='word_1_55' title='bbox 1283 1151 1369 1222; x_wconf 71' lang='grc' dir='ltr'>μὴ</span> <span class='ocrx_word' id='word_1_56' title='bbox 1409 1151 1831 1221; x_wconf 70' lang='grc' dir='ltr'>οἰκοδομήσας</span> <span class='ocrx_word' id='word_1_57' title='bbox 1860 1153 1969 1205; x_wconf 68' lang='lat' dir='ltr'><strong>a1)-</strong></span> 
     </span>
    </p>
   </div>
   <div class='ocr_carea' id='block_1_12' title="bbox 378 1243 1970 1315">
    <p class='ocr_par' dir='ltr' id='par_1_12' title="bbox 378 1243 1970 1315">
     <span class='ocr_line' id='line_1_12' title="bbox 378 1243 1970 1315; baseline -0.001 -18"><span class='ocrx_word' id='word_1_58' title='bbox 378 1243 548 1308; x_wconf 77' lang='grc' dir='ltr'>τούς.</span> <span class='ocrx_word' id='word_1_59' title='bbox 604 1244 774 1296; x_wconf 82' lang='grc' dir='ltr'>Τοῦτο</span> <span class='ocrx_word' id='word_1_60' title='bbox 821 1245 1133 1315; x_wconf 74' lang='grc' dir='ltr'>προφητεία</span> <span class='ocrx_word' id='word_1_61' title='bbox 1183 1245 1282 1315; x_wconf 84' lang='grc' dir='ltr'>τῆς</span> <span class='ocrx_word' id='word_1_62' title='bbox 1334 1246 1616 1308; x_wconf 77' lang='grc' dir='ltr'><strong>ἀπωλείας</strong></span> <span class='ocrx_word' id='word_1_63' title='bbox 1653 1244 1852 1308; x_wconf 80' lang='grc' dir='ltr'>αὐτῶν,</span> <span class='ocrx_word' id='word_1_64' title='bbox 1886 1244 1970 1297; x_wconf 86' lang='grc' dir='ltr'>ὃτι</span> 
     </span>
    </p>
   </div>
   <div class='ocr_carea' id='block_1_13' title="bbox 379 1335 1409 1408">
    <p class='ocr_par' dir='ltr' id='par_1_13' title="bbox 379 1335 1409 1408">
     <span class='ocr_line' id='line_1_13' title="bbox 379 1335 1409 1408; baseline 0.002 -20"><span class='ocrx_word' id='word_1_65' title='bbox 379 1336 672 1399; x_wconf 75' lang='grc' dir='ltr'><strong>πεσόντες,</strong></span> <span class='ocrx_word' id='word_1_66' title='bbox 696 1335 883 1388; x_wconf 79' lang='grc' dir='ltr'>οὐκέτι</span> <span class='ocrx_word' id='word_1_67' title='bbox 907 1335 1409 1408; x_wconf 78' lang='grc' dir='ltr'>ἀνορθωθήσονται.</span> 
     </span>
    </p>
   </div>
   <div class='ocr_carea' id='block_1_14' title="bbox 447 1607 1976 1678">
    <p class='ocr_par' dir='ltr' id='par_1_14' title="bbox 447 1607 1976 1678">
     <span class='ocr_line' id='line_1_14' title="bbox 447 1607 1976 1678; baseline 0.001 -16"><span class='ocrx_word' id='word_1_68' title='bbox 447 1607 808 1677; x_wconf 66' lang='grc' dir='ltr'>Εὐλογητὸς</span> <span class='ocrx_word' id='word_1_69' title='bbox 835 1608 1076 1676; x_wconf 83' lang='grc' dir='ltr'>Κύριος,</span> <span class='ocrx_word' id='word_1_70' title='bbox 1117 1608 1207 1663; x_wconf 79' lang='grc' dir='ltr'>ὅτι</span> <span class='ocrx_word' id='word_1_71' title='bbox 1255 1609 1588 1678; x_wconf 75' lang='grc' dir='ltr'>εἰσήκουσε</span> <span class='ocrx_word' id='word_1_72' title='bbox 1629 1607 1740 1676; x_wconf 86' lang='grc' dir='ltr'>τῆς</span> <span class='ocrx_word' id='word_1_73' title='bbox 1767 1608 1976 1678; x_wconf 72' lang='grc' dir='ltr'>φωνῆς</span> 
     </span>
    </p>
   </div>
   <div class='ocr_carea' id='block_1_15' title="bbox 379 1697 1977 1768">
    <p class='ocr_par' dir='ltr' id='par_1_15' title="bbox 379 1697 1977 1768">
     <span class='ocr_line' id='line_1_15' title="bbox 379 1697 1977 1768; baseline 0.001 -17"><span class='ocrx_word' id='word_1_74' title='bbox 379 1697 494 1764; x_wconf 81' lang='grc' dir='ltr'><strong>τῆς</strong></span> <span class='ocrx_word' id='word_1_75' title='bbox 523 1697 792 1765; x_wconf 79' lang='grc' dir='ltr'>δεήσεώς</span> <span class='ocrx_word' id='word_1_76' title='bbox 819 1715 955 1767; x_wconf 86' lang='grc' dir='ltr'>μου.</span> <span class='ocrx_word' id='word_1_77' title='bbox 985 1727 1052 1738; x_wconf 87' lang='grc'><strong>--</strong></span> <span class='ocrx_word' id='word_1_78' title='bbox 1080 1701 1453 1768; x_wconf 76' lang='grc' dir='ltr'><strong>Εὐλογητὸς,</strong></span> <span class='ocrx_word' id='word_1_79' title='bbox 1495 1699 1617 1754; x_wconf 78' lang='grc' dir='ltr'>ἀντὶ</span> <span class='ocrx_word' id='word_1_80' title='bbox 1641 1699 1756 1765; x_wconf 84' lang='grc' dir='ltr'>τοῦ,</span> <span class='ocrx_word' id='word_1_81' title='bbox 1789 1699 1977 1765; x_wconf 75' lang='grc' dir='ltr'>’Ἄξιος</span> 
     </span>
    </p>
   </div>
   <div class='ocr_carea' id='block_1_16' title="bbox 378 1782 1976 1858">
    <p class='ocr_par' dir='ltr' id='par_1_16' title="bbox 378 1782 1976 1858">
     <span class='ocr_line' id='line_1_16' title="bbox 378 1782 1976 1858; baseline -0.001 -16"><span class='ocrx_word' id='word_1_82' title='bbox 378 1787 734 1856; x_wconf 74' lang='grc' dir='ltr'><strong>εὐλογεῖσθαι</strong></span> <span class='ocrx_word' id='word_1_83' title='bbox 793 1791 887 1840; x_wconf 79' lang='grc' dir='ltr'><strong>καὶ</strong></span> <span class='ocrx_word' id='word_1_84' title='bbox 927 1787 1216 1856; x_wconf 71' lang='grc' dir='ltr'><strong>ὑμνεῖσθαι</strong></span> <span class='ocrx_word' id='word_1_85' title='bbox 1242 1800 1256 1815; x_wconf 80' lang='grc'><strong>⁸</strong></span> <span class='ocrx_word' id='word_1_86' title='bbox 1287 1782 1376 1841; x_wconf 74' lang='grc' dir='ltr'>οἷα</span> <span class='ocrx_word' id='word_1_87' title='bbox 1425 1788 1482 1840; x_wconf 77' lang='grc' dir='ltr'><strong>δὲ</strong></span> <span class='ocrx_word' id='word_1_88' title='bbox 1531 1787 1976 1858; x_wconf 70' lang='grc' dir='ltr'><strong>πληροφορηθεὶς</strong></span> 
     </span>
    </p>
   </div>
   <div class='ocr_carea' id='block_1_17' title="bbox 379 1876 1590 1950">
    <p class='ocr_par' dir='ltr' id='par_1_17' title="bbox 379 1876 1590 1950">
     <span class='ocr_line' id='line_1_17' title="bbox 379 1876 1590 1950; baseline 0 -16"><span class='ocrx_word' id='word_1_89' title='bbox 379 1876 457 1934; x_wconf 75' lang='grc' dir='ltr'>ὧν</span> <span class='ocrx_word' id='word_1_90' title='bbox 486 1881 748 1949; x_wconf 77' lang='grc' dir='ltr'>ἐζήτησε,</span> <span class='ocrx_word' id='word_1_91' title='bbox 777 1881 966 1949; x_wconf 76' lang='grc' dir='ltr'>φησὶν,</span> <span class='ocrx_word' id='word_1_92' title='bbox 993 1879 1120 1934; x_wconf 83' lang='grc' dir='ltr'>Ὀτι</span> <span class='ocrx_word' id='word_1_93' title='bbox 1148 1880 1424 1950; x_wconf 70' lang='grc' dir='ltr'>ἐπήκουσὲ</span> <span class='ocrx_word' id='word_1_94' title='bbox 1463 1897 1590 1949; x_wconf 86' lang='grc' dir='ltr'>μου.</span> 
     </span>
    </p>
   </div>
   <div class='ocr_carea' id='block_1_18' title="bbox 450 1972 1970 2042">
    <p class='ocr_par' dir='ltr' id='par_1_18' title="bbox 450 1972 1970 2042">
     <span class='ocr_line' id='line_1_18' title="bbox 450 1972 1970 2042; baseline 0 -16"><span class='ocrx_word' id='word_1_95' title='bbox 450 1976 675 2040; x_wconf 78' lang='grc' dir='ltr'>Κύριος</span> <span class='ocrx_word' id='word_1_96' title='bbox 717 1972 950 2039; x_wconf 81' lang='grc' dir='ltr'>βοηθός</span> <span class='ocrx_word' id='word_1_97' title='bbox 1001 1989 1119 2041; x_wconf 88' lang='grc' dir='ltr'><strong>μου</strong></span> <span class='ocrx_word' id='word_1_98' title='bbox 1145 2011 1160 2037; x_wconf 87' lang='grc'><strong>,</strong></span> <span class='ocrx_word' id='word_1_99' title='bbox 1197 1973 1295 2027; x_wconf 76' lang='grc' dir='ltr'><strong>καὶ</strong></span> <span class='ocrx_word' id='word_1_100' title='bbox 1333 1972 1799 2042; x_wconf 79' lang='grc' dir='ltr'>ὑπερασπιστής</span> <span class='ocrx_word' id='word_1_101' title='bbox 1834 1991 1970 2042; x_wconf 84' lang='grc' dir='ltr'>μου.</span> 
     </span>
    </p>
   </div>
   <div class='ocr_carea' id='block_1_19' title="bbox 382 2063 1132 2135">
    <p class='ocr_par' dir='ltr' id='par_1_19' title="bbox 382 2063 1132 2135">
     <span class='ocr_line' id='line_1_19' title="bbox 382 2063 1132 2135; baseline -0.003 -16"><span class='ocrx_word' id='word_1_102' title='bbox 382 2064 559 2119; x_wconf 78' lang='grc' dir='ltr'>Τοῦτο</span> <span class='ocrx_word' id='word_1_103' title='bbox 584 2065 690 2132; x_wconf 78' lang='grc' dir='ltr'>τῆς</span> <span class='ocrx_word' id='word_1_104' title='bbox 729 2063 1132 2135; x_wconf 83' lang='grc' dir='ltr'>πληροφορίας.</span> 
     </span>
    </p>
   </div>
   <div class='ocr_carea' id='block_1_20' title="bbox 473 2258 1978 2334">
    <p class='ocr_par' dir='ltr' id='par_1_20' title="bbox 473 2258 1978 2334">
     <span class='ocr_line' id='line_1_20' title="bbox 473 2258 1978 2334; baseline 0.001 -18"><span class='ocrx_word' id='word_1_105' title='bbox 473 2261 598 2316; x_wconf 77' lang='grc' dir='ltr'><strong>Ἐπ’</strong></span> <span class='ocrx_word' id='word_1_106' title='bbox 624 2258 788 2326; x_wconf 81' lang='grc' dir='ltr'><strong>αὐτῷ</strong></span> <span class='ocrx_word' id='word_1_107' title='bbox 816 2259 1086 2330; x_wconf 73' lang='grc' dir='ltr'>ἤλπισεν</span> <span class='ocrx_word' id='word_1_108' title='bbox 1137 2261 1174 2315; x_wconf 73' lang='grc' dir='ltr'><em>ἡ</em></span> <span class='ocrx_word' id='word_1_109' title='bbox 1230 2261 1447 2331; x_wconf 80' lang='grc' dir='ltr'>καρδιά</span> <span class='ocrx_word' id='word_1_110' title='bbox 1483 2279 1626 2332; x_wconf 82' lang='grc' dir='ltr'>μου.</span> <span class='ocrx_word' id='word_1_111' title='bbox 1695 2263 1782 2327; x_wconf 79' lang='grc' dir='ltr'>Ὠς</span> <span class='ocrx_word' id='word_1_112' title='bbox 1831 2263 1978 2334; x_wconf 77' lang='grc' dir='ltr'>μόνῳ</span> 
     </span>
    </p>
   </div>
   <div class='ocr_carea' id='block_1_21' title="bbox 404 2351 786 2422">
    <p class='ocr_par' dir='ltr' id='par_1_21' title="bbox 404 2351 786 2422">
     <span class='ocr_line' id='line_1_21' title="bbox 404 2351 786 2422; baseline 0.008 -19"><span class='ocrx_word' id='word_1_113' title='bbox 404 2351 617 2421; x_wconf 49' lang='grc' dir='ltr'><strong>ἀψευδεῖ</strong></span> <span class='ocrx_word' id='word_1_114' title='bbox 643 2352 786 2422; x_wconf 83' lang='grc' dir='ltr'>Θεῷ.</span> 
     </span>
    </p>
   </div>
   <div class='ocr_carea' id='block_1_22' title="bbox 488 2464 1978 2540">
    <p class='ocr_par' dir='ltr' id='par_1_22' title="bbox 488 2464 1978 2540">
     <span class='ocr_line' id='line_1_22' title="bbox 488 2464 1978 2540; baseline 0.003 -22"><span class='ocrx_word' id='word_1_115' title='bbox 488 2464 587 2518; x_wconf 76' lang='grc' dir='ltr'><strong>Καὶ</strong></span> <span class='ocrx_word' id='word_1_116' title='bbox 617 2464 973 2536; x_wconf 75' lang='grc' dir='ltr'>ἐϐοηθήθην.</span> <span class='ocrx_word' id='word_1_117' title='bbox 1046 2468 1157 2522; x_wconf 74' lang='grc' dir='ltr'><strong>Καὶ</strong></span> <span class='ocrx_word' id='word_1_118' title='bbox 1219 2468 1320 2524; x_wconf 59' lang='grc' dir='ltr'><strong>οὐκ</strong></span> <span class='ocrx_word' id='word_1_119' title='bbox 1377 2468 1654 2540; x_wconf 77' lang='grc' dir='ltr'><strong>ἀπέτυχον</strong></span> <span class='ocrx_word' id='word_1_120' title='bbox 1733 2469 1834 2540; x_wconf 84' lang='grc' dir='ltr'>τῆς</span> <span class='ocrx_word' id='word_1_121' title='bbox 1888 2469 1978 2522; x_wconf 85' lang='grc' dir='ltr'><strong>ὲλ-</strong></span> 
     </span>
    </p>
   </div>
   <div class='ocr_carea' id='block_1_23' title="bbox 413 2559 575 2622">
    <p class='ocr_par' dir='ltr' id='par_1_23' title="bbox 413 2559 575 2622">
     <span class='ocr_line' id='line_1_23' title="bbox 461 2559 474 2574; baseline 0 0"><span class='ocrx_word' id='word_1_122' title='bbox 461 2559 474 2574; x_wconf 78' lang='grc'><strong><em>1</em></strong></span> 
     </span>
     <span class='ocr_line' id='line_1_24' title="bbox 413 2559 575 2622; baseline 0.025 -13"><span class='ocrx_word' id='word_1_123' title='bbox 413 2559 575 2622; x_wconf 76' lang='grc' dir='ltr'>πεδος.</span> 
     </span>
    </p>
   </div>
   <div class='ocr_carea' id='block_1_24' title="bbox 484 2675 1980 2748">
    <p class='ocr_par' dir='ltr' id='par_1_24' title="bbox 484 2675 1980 2748">
     <span class='ocr_line' id='line_1_25' title="bbox 484 2675 1980 2748; baseline 0.002 -18"><span class='ocrx_word' id='word_1_124' title='bbox 484 2675 766 2731; x_wconf 71' lang='grc' dir='ltr'>’Δνέθαλε</span> <span class='ocrx_word' id='word_1_125' title='bbox 795 2677 835 2744; x_wconf 80' lang='grc' dir='ltr'>ἡ</span> <span class='ocrx_word' id='word_1_126' title='bbox 875 2675 1035 2746; x_wconf 75' lang='grc' dir='ltr'>σάρξ</span> <span class='ocrx_word' id='word_1_127' title='bbox 1090 2695 1232 2747; x_wconf 80' lang='grc' dir='ltr'>μου.</span> <span class='ocrx_word' id='word_1_128' title='bbox 1270 2679 1333 2732; x_wconf 85' lang='grc' dir='ltr'><strong><em>Ἡ</em></strong></span> <span class='ocrx_word' id='word_1_129' title='bbox 1363 2679 1468 2747; x_wconf 77' lang='grc' dir='ltr'>πρὸ</span> <span class='ocrx_word' id='word_1_130' title='bbox 1497 2678 1692 2733; x_wconf 83' lang='grc' dir='ltr'>τούτου</span> <span class='ocrx_word' id='word_1_131' title='bbox 1751 2680 1980 2748; x_wconf 81' lang='grc' dir='ltr'>ἐκτετη-</span> 
     </span>
    </p>
   </div>
   <div class='ocr_carea' id='block_1_25' title="bbox 400 2769 1556 2838">
    <p class='ocr_par' dir='ltr' id='par_1_25' title="bbox 400 2769 1556 2838">
     <span class='ocr_line' id='line_1_26' title="bbox 400 2769 1556 2838; baseline 0.003 -15"><span class='ocrx_word' id='word_1_132' title='bbox 400 2773 529 2823; x_wconf 80' lang='grc' dir='ltr'>κυῖα</span> <span class='ocrx_word' id='word_1_133' title='bbox 568 2771 690 2831; x_wconf 80' lang='grc' dir='ltr'>ταῖς</span> <span class='ocrx_word' id='word_1_134' title='bbox 717 2769 966 2838; x_wconf 77' lang='grc' dir='ltr'>φροντίσι</span> <span class='ocrx_word' id='word_1_135' title='bbox 1007 2769 1098 2822; x_wconf 72' lang='grc' dir='ltr'><strong>καὶ</strong></span> <span class='ocrx_word' id='word_1_136' title='bbox 1137 2770 1556 2836; x_wconf 74' lang='grc' dir='ltr'>κακοπαθείαις.</span> 
     </span>
    </p>
   </div>
   <div class='ocr_carea' id='block_1_26' title="bbox 468 2882 1981 2955">
    <p class='ocr_par' dir='ltr' id='par_1_26' title="bbox 468 2882 1981 2955">
     <span class='ocr_line' id='line_1_27' title="bbox 468 2882 1981 2955; baseline 0.003 -17"><span class='ocrx_word' id='word_1_137' title='bbox 468 2882 584 2938; x_wconf 78' lang='lat' dir='ltr'><strong>Kal</strong></span> <span class='ocrx_word' id='word_1_138' title='bbox 614 2883 685 2937; x_wconf 79' lang='grc' dir='ltr'><strong>ἐκ</strong></span> <span class='ocrx_word' id='word_1_139' title='bbox 722 2883 1060 2952; x_wconf 76' lang='grc' dir='ltr'>θελήματός</span> <span class='ocrx_word' id='word_1_140' title='bbox 1098 2901 1218 2952; x_wconf 82' lang='grc' dir='ltr'><strong>μου</strong></span> <span class='ocrx_word' id='word_1_141' title='bbox 1241 2883 1768 2955; x_wconf 77' lang='grc' dir='ltr'>ἑξομολογήσομαι</span> <span class='ocrx_word' id='word_1_142' title='bbox 1799 2886 1981 2952; x_wconf 81' lang='grc' dir='ltr'>αὐτῷ.</span> 
     </span>
    </p>
   </div>
   <div class='ocr_carea' id='block_1_27' title="bbox 409 2975 1986 3046">
    <p class='ocr_par' dir='ltr' id='par_1_27' title="bbox 409 2975 1986 3046">
     <span class='ocr_line' id='line_1_28' title="bbox 409 2975 1986 3046; baseline 0.001 -17"><span class='ocrx_word' id='word_1_143' title='bbox 409 2977 508 3030; x_wconf 82' lang='grc' dir='ltr'><strong>Ἐκ</strong></span> <span class='ocrx_word' id='word_1_144' title='bbox 538 2975 796 3044; x_wconf 75' lang='grc' dir='ltr'><strong>καρδίας,</strong></span> <span class='ocrx_word' id='word_1_145' title='bbox 847 2976 1168 3046; x_wconf 72' lang='grc' dir='ltr'>προθύμως,</span> <span class='ocrx_word' id='word_1_146' title='bbox 1216 2977 1320 3030; x_wconf 83' lang='grc' dir='ltr'><strong>οὐκ</strong></span> <span class='ocrx_word' id='word_1_147' title='bbox 1375 2978 1819 3046; x_wconf 67' lang='grc' dir='ltr'>ἀναγκαστιὶιῶς.</span> <span class='ocrx_word' id='word_1_148' title='bbox 1857 2980 1986 3032; x_wconf 80' lang='grc' dir='ltr'>Τοι-</span> 
     </span>
    </p>
   </div>
   <div class='ocr_carea' id='block_1_28' title="bbox 397 3068 1989 3142">
    <p class='ocr_par' dir='ltr' id='par_1_28' title="bbox 397 3068 1989 3142">
     <span class='ocr_line' id='line_1_29' title="bbox 397 3068 1989 3142; baseline 0.001 -20"><span class='ocrx_word' id='word_1_149' title='bbox 397 3068 560 3122; x_wconf 71' lang='grc' dir='ltr'>οῦτόν</span> <span class='ocrx_word' id='word_1_150' title='bbox 593 3072 711 3122; x_wconf 77' lang='grc' dir='ltr'>ἐστι</span> <span class='ocrx_word' id='word_1_151' title='bbox 753 3069 850 3122; x_wconf 78' lang='grc' dir='ltr'><strong>καὶ</strong></span> <span class='ocrx_word' id='word_1_152' title='bbox 879 3070 940 3122; x_wconf 83' lang='grc' dir='ltr'><strong>τό</strong></span> <span class='ocrx_word' id='word_1_153' title='bbox 964 3085 979 3100; x_wconf 77' lang='grc' dir='ltr'><strong><em>ο</em></strong></span> <span class='ocrx_word' id='word_1_154' title='bbox 1023 3069 1355 3135; x_wconf 74' lang='grc' dir='ltr'>Ἑκουσίως</span> <span class='ocrx_word' id='word_1_155' title='bbox 1387 3071 1554 3125; x_wconf 82' lang='grc' dir='ltr'>θύσω</span> <span class='ocrx_word' id='word_1_156' title='bbox 1600 3087 1720 3125; x_wconf 85' lang='grc' dir='ltr'>σοι.</span> <span class='ocrx_word' id='word_1_157' title='bbox 1761 3072 1989 3142; x_wconf 81' lang='grc' dir='ltr'>Ἐξομο-</span> 
     </span>
    </p>
   </div>
   <div class='ocr_carea' id='block_1_29' title="bbox 399 3160 1464 3232">
    <p class='ocr_par' dir='ltr' id='par_1_29' title="bbox 399 3160 1464 3232">
     <span class='ocr_line' id='line_1_30' title="bbox 399 3160 1464 3232; baseline 0.002 -18"><span class='ocrx_word' id='word_1_158' title='bbox 399 3162 630 3231; x_wconf 74' lang='grc' dir='ltr'>λὸγησιν</span> <span class='ocrx_word' id='word_1_159' title='bbox 663 3161 722 3214; x_wconf 82' lang='grc' dir='ltr'><strong>δὲ</strong></span> <span class='ocrx_word' id='word_1_160' title='bbox 750 3160 849 3231; x_wconf 77' lang='grc' dir='ltr'><strong>τὴν</strong></span> <span class='ocrx_word' id='word_1_161' title='bbox 880 3161 1265 3232; x_wconf 81' lang='grc' dir='ltr'>εὑχαριστείαν</span> <span class='ocrx_word' id='word_1_162' title='bbox 1295 3162 1464 3232; x_wconf 84' lang='grc' dir='ltr'>λέγει.</span> 
     </span>
    </p>
   </div>
   <div class='ocr_carea' id='block_1_30' title="bbox 474 3277 1990 3347">
    <p class='ocr_par' dir='ltr' id='par_1_30' title="bbox 474 3277 1990 3347">
     <span class='ocr_line' id='line_1_31' title="bbox 474 3277 1990 3347; baseline -0.001 -15"><span class='ocrx_word' id='word_1_163' title='bbox 474 3278 694 3345; x_wconf 77' lang='grc' dir='ltr'>Κύριος</span> <span class='ocrx_word' id='word_1_164' title='bbox 723 3279 1062 3347; x_wconf 76' lang='grc' dir='ltr'>κραταίωμα</span> <span class='ocrx_word' id='word_1_165' title='bbox 1091 3278 1197 3333; x_wconf 84' lang='grc' dir='ltr'>τοῦ</span> <span class='ocrx_word' id='word_1_166' title='bbox 1236 3277 1392 3332; x_wconf 76' lang='grc' dir='ltr'>λαοῦ</span> <span class='ocrx_word' id='word_1_167' title='bbox 1426 3278 1636 3344; x_wconf 80' lang='grc' dir='ltr'>αὐτοῦ,</span> <span class='ocrx_word' id='word_1_168' title='bbox 1679 3279 1774 3331; x_wconf 79' lang='grc' dir='ltr'><strong>καὶ</strong></span> <span class='ocrx_word' id='word_1_169' title='bbox 1813 3281 1990 3344; x_wconf 79' lang='grc' dir='ltr'>ὑπερ-</span> 
     </span>
    </p>
   </div>
   <div class='ocr_carea' id='block_1_31' title="bbox 403 3368 1992 3439">
    <p class='ocr_par' dir='ltr' id='par_1_31' title="bbox 403 3368 1992 3439">
     <span class='ocr_line' id='line_1_32' title="bbox 403 3368 1992 3439; baseline -0.001 -16"><span class='ocrx_word' id='word_1_170' title='bbox 403 3369 718 3434; x_wconf 74' lang='grc' dir='ltr'>ασπιστὴς</span> <span class='ocrx_word' id='word_1_171' title='bbox 785 3369 904 3423; x_wconf 82' lang='grc' dir='ltr'>τῶν</span> <span class='ocrx_word' id='word_1_172' title='bbox 973 3369 1284 3438; x_wconf 73' lang='grc' dir='ltr'><strong>σωτηρίων</strong></span> <span class='ocrx_word' id='word_1_173' title='bbox 1328 3370 1436 3424; x_wconf 84' lang='grc' dir='ltr'>τοῦ</span> <span class='ocrx_word' id='word_1_174' title='bbox 1491 3369 1750 3439; x_wconf 85' lang='grc' dir='ltr'>Χριστοῦ</span> <span class='ocrx_word' id='word_1_175' title='bbox 1804 3368 1992 3424; x_wconf 82' lang='grc' dir='ltr'>αὑτοῦ</span> 
     </span>
    </p>
   </div>
   <div class='ocr_carea' id='block_1_32' title="bbox 404 3461 1991 3533">
    <p class='ocr_par' dir='ltr' id='par_1_32' title="bbox 404 3461 1991 3533">
     <span class='ocr_line' id='line_1_33' title="bbox 404 3461 1991 3533; baseline -0.003 -17"><span class='ocrx_word' id='word_1_176' title='bbox 404 3463 561 3516; x_wconf 81' lang='grc' dir='ltr'>ἐστι.</span> <span class='ocrx_word' id='word_1_177' title='bbox 614 3462 821 3531; x_wconf 81' lang='grc' dir='ltr'>Κύριος</span> <span class='ocrx_word' id='word_1_178' title='bbox 861 3464 1037 3533; x_wconf 76' lang='grc' dir='ltr'>ἰσχύει</span> <span class='ocrx_word' id='word_1_179' title='bbox 1074 3463 1166 3516; x_wconf 73' lang='grc' dir='ltr'><strong>τὸν</strong></span> <span class='ocrx_word' id='word_1_180' title='bbox 1198 3462 1623 3532; x_wconf 79' lang='grc' dir='ltr'>ἀνατεθειμένον</span> <span class='ocrx_word' id='word_1_181' title='bbox 1659 3462 1807 3533; x_wconf 70' lang='grc' dir='ltr'>αὐτῷ</span> <span class='ocrx_word' id='word_1_182' title='bbox 1839 3461 1991 3525; x_wconf 74' lang='grc' dir='ltr'>λαὸν,</span> 
     </span>
    </p>
   </div>
   <div class='ocr_carea' id='block_1_33' title="bbox 411 3553 1995 3626">
    <p class='ocr_par' dir='ltr' id='par_1_33' title="bbox 411 3553 1995 3626">
     <span class='ocr_line' id='line_1_34' title="bbox 411 3553 1995 3626; baseline -0.002 -18"><span class='ocrx_word' id='word_1_183' title='bbox 411 3558 506 3608; x_wconf 73' lang='grc' dir='ltr'><strong>καὶ</strong></span> <span class='ocrx_word' id='word_1_184' title='bbox 564 3555 880 3625; x_wconf 80' lang='grc' dir='ltr'>ὑπερμαχετ</span> <span class='ocrx_word' id='word_1_185' title='bbox 931 3555 1033 3623; x_wconf 76' lang='grc' dir='ltr'><strong>τῆς</strong></span> <span class='ocrx_word' id='word_1_186' title='bbox 1096 3555 1372 3624; x_wconf 81' lang='grc' dir='ltr'>σωτηρίας</span> <span class='ocrx_word' id='word_1_187' title='bbox 1410 3554 1505 3608; x_wconf 84' lang='grc' dir='ltr'>τοῦ</span> <span class='ocrx_word' id='word_1_188' title='bbox 1561 3553 1875 3626; x_wconf 82' lang='grc' dir='ltr'>χρισθέντος</span> <span class='ocrx_word' id='word_1_189' title='bbox 1913 3555 1995 3616; x_wconf 84' lang='grc' dir='ltr'><strong>εἰς</strong></span> 
     </span>
    </p>
   </div>
   <div class='ocr_carea' id='block_1_34' title="bbox 414 3644 1994 3714">
    <p class='ocr_par' dir='ltr' id='par_1_34' title="bbox 414 3644 1994 3714">
     <span class='ocr_line' id='line_1_35' title="bbox 414 3644 1994 3714; baseline 0 -18"><span class='ocrx_word' id='word_1_190' title='bbox 414 3645 642 3714; x_wconf 80' lang='grc' dir='ltr'>βασιλέα</span> <span class='ocrx_word' id='word_1_191' title='bbox 669 3646 820 3698; x_wconf 84' lang='grc' dir='ltr'>κατὰ</span> <span class='ocrx_word' id='word_1_192' title='bbox 855 3645 1156 3712; x_wconf 79' lang='grc' dir='ltr'>πρόσταξιν</span> <span class='ocrx_word' id='word_1_193' title='bbox 1191 3644 1380 3699; x_wconf 82' lang='grc' dir='ltr'>αὑτοῦ.</span> <span class='ocrx_word' id='word_1_194' title='bbox 1441 3645 1605 3714; x_wconf 84' lang='grc' dir='ltr'>Λέγει</span> <span class='ocrx_word' id='word_1_195' title='bbox 1666 3644 1722 3698; x_wconf 80' lang='grc' dir='ltr'><strong>δὲ</strong></span> <span class='ocrx_word' id='word_1_196' title='bbox 1785 3645 1912 3713; x_wconf 82' lang='grc' dir='ltr'>περί</span> <span class='ocrx_word' id='word_1_197' title='bbox 1935 3661 1994 3696; x_wconf 83' lang='grc' dir='ltr'><strong>τε</strong></span> 
     </span>
    </p>
   </div>
   <div class='ocr_carea' id='block_1_35' title="bbox 415 3737 1998 3810">
    <p class='ocr_par' dir='ltr' id='par_1_35' title="bbox 415 3737 1998 3810">
     <span class='ocr_line' id='line_1_36' title="bbox 415 3737 1998 3810; baseline 0 -20"><span class='ocrx_word' id='word_1_198' title='bbox 415 3738 618 3802; x_wconf 62' lang='grc' dir='ltr'>παντὸς</span> <span class='ocrx_word' id='word_1_199' title='bbox 645 3738 742 3791; x_wconf 79' lang='grc' dir='ltr'>τοῦ</span> <span class='ocrx_word' id='word_1_200' title='bbox 769 3737 922 3803; x_wconf 81' lang='grc' dir='ltr'>λαοῦ,</span> <span class='ocrx_word' id='word_1_201' title='bbox 957 3739 1054 3790; x_wconf 76' lang='grc' dir='ltr'><strong>καὶ</strong></span> <span class='ocrx_word' id='word_1_202' title='bbox 1087 3739 1216 3810; x_wconf 71' lang='grc' dir='ltr'>περὶ</span> <span class='ocrx_word' id='word_1_203' title='bbox 1244 3739 1466 3802; x_wconf 77' lang='grc' dir='ltr'>ἑαυτοῦ,</span> <span class='ocrx_word' id='word_1_204' title='bbox 1506 3737 1664 3802; x_wconf 82' lang='grc' dir='ltr'>εἰδὼς</span> <span class='ocrx_word' id='word_1_205' title='bbox 1728 3738 1828 3808; x_wconf 84' lang='grc' dir='ltr'>τὴν</span> <span class='ocrx_word' id='word_1_206' title='bbox 1877 3739 1998 3791; x_wconf 81' lang='grc' dir='ltr'>ὲσο-</span> 
     </span>
    </p>
   </div>
   <div class='ocr_carea' id='block_1_36' title="bbox 419 3830 949 3902">
    <p class='ocr_par' dir='ltr' id='par_1_36' title="bbox 419 3830 949 3902">
     <span class='ocr_line' id='line_1_37' title="bbox 419 3830 949 3902; baseline 0.002 -19"><span class='ocrx_word' id='word_1_207' title='bbox 419 3831 592 3902; x_wconf 80' lang='grc' dir='ltr'>μένην</span> <span class='ocrx_word' id='word_1_208' title='bbox 617 3830 949 3901; x_wconf 74' lang='grc' dir='ltr'>μεταϐολήν.</span> 
     </span>
    </p>
   </div>
   <div class='ocr_carea' id='block_1_37' title="bbox 483 3943 2000 4014">
    <p class='ocr_par' dir='ltr' id='par_1_37' title="bbox 483 3943 2000 4014">
     <span class='ocr_line' id='line_1_38' title="bbox 483 3943 2000 4014; baseline -0.004 -14"><span class='ocrx_word' id='word_1_209' title='bbox 483 3945 717 4009; x_wconf 78' lang='grc' dir='ltr'>Σῶσον,</span> <span class='ocrx_word' id='word_1_210' title='bbox 777 3945 978 4014; x_wconf 76' lang='grc' dir='ltr'>Κύριε,</span> <span class='ocrx_word' id='word_1_211' title='bbox 1013 3945 1119 3998; x_wconf 78' lang='grc' dir='ltr'><strong>τὸν</strong></span> <span class='ocrx_word' id='word_1_212' title='bbox 1147 3947 1303 4000; x_wconf 72' lang='grc' dir='ltr'>λαόν</span> <span class='ocrx_word' id='word_1_213' title='bbox 1330 3962 1469 4011; x_wconf 84' lang='grc' dir='ltr'>σου,</span> <span class='ocrx_word' id='word_1_214' title='bbox 1521 3945 1618 3997; x_wconf 75' lang='grc' dir='ltr'><strong>καὶ</strong></span> <span class='ocrx_word' id='word_1_215' title='bbox 1653 3943 2000 4012; x_wconf 60' lang='grc' dir='ltr'>εὐλόγησον</span> 
     </span>
    </p>
   </div>
   <div class='ocr_carea' id='block_1_38' title="bbox 418 4036 2000 4108">
    <p class='ocr_par' dir='ltr' id='par_1_38' title="bbox 418 4036 2000 4108">
     <span class='ocr_line' id='line_1_39' title="bbox 418 4036 2000 4108; baseline -0.003 -16"><span class='ocrx_word' id='word_1_216' title='bbox 418 4042 536 4107; x_wconf 74' lang='grc' dir='ltr'><strong>τὴν</strong></span> <span class='ocrx_word' id='word_1_217' title='bbox 609 4039 1024 4108; x_wconf 66' lang='grc' dir='ltr'>κληρονομίαν</span> <span class='ocrx_word' id='word_1_218' title='bbox 1079 4054 1220 4093; x_wconf 91' lang='grc' dir='ltr'>σου.</span> <span class='ocrx_word' id='word_1_219' title='bbox 1263 4039 1354 4100; x_wconf 83' lang='grc' dir='ltr'>Ὠς</span> <span class='ocrx_word' id='word_1_220' title='bbox 1402 4037 1821 4108; x_wconf 71' lang='grc' dir='ltr'>ἀποληψόμενος</span> <span class='ocrx_word' id='word_1_221' title='bbox 1875 4036 2000 4088; x_wconf 81' lang='grc' dir='ltr'>ὅσον</span> 
     </span>
    </p>
   </div>
   <div class='ocr_carea' id='block_1_39' title="bbox 418 4127 2000 4203">
    <p class='ocr_par' dir='ltr' id='par_1_39' title="bbox 418 4127 2000 4203">
     <span class='ocr_line' id='line_1_40' title="bbox 418 4127 2000 4203; baseline -0.003 -19"><span class='ocrx_word' id='word_1_222' title='bbox 418 4130 576 4184; x_wconf 74' lang='grc' dir='ltr'>οὔπω</span> <span class='ocrx_word' id='word_1_223' title='bbox 599 4131 700 4202; x_wconf 74' lang='grc' dir='ltr'>τὴν</span> <span class='ocrx_word' id='word_1_224' title='bbox 736 4129 1046 4202; x_wconf 81' lang='grc' dir='ltr'>βασιλείαν,</span> <span class='ocrx_word' id='word_1_225' title='bbox 1086 4130 1455 4203; x_wconf 81' lang='grc' dir='ltr'>ὑπερεύχεται</span> <span class='ocrx_word' id='word_1_226' title='bbox 1505 4130 1602 4182; x_wconf 77' lang='grc' dir='ltr'>τοῦ</span> <span class='ocrx_word' id='word_1_227' title='bbox 1631 4127 1787 4182; x_wconf 83' lang='grc' dir='ltr'>λαοῦ.</span> <span class='ocrx_word' id='word_1_228' title='bbox 1833 4127 1921 4180; x_wconf 86' lang='grc' dir='ltr'>Ἐν</span> <span class='ocrx_word' id='word_1_229' title='bbox 1945 4127 2000 4180; x_wconf 81' lang='grc' dir='ltr'>δὲ</span> 
     </span>
    </p>
   </div>
   <div class='ocr_carea' id='block_1_40' title="bbox 418 4220 1999 4296">
    <p class='ocr_par' dir='ltr' id='par_1_40' title="bbox 418 4220 1999 4296">
     <span class='ocr_line' id='line_1_41' title="bbox 418 4220 1999 4296; baseline -0.006 -16"><span class='ocrx_word' id='word_1_230' title='bbox 418 4229 486 4296; x_wconf 76' lang='grc' dir='ltr'>τῇ</span> <span class='ocrx_word' id='word_1_231' title='bbox 522 4225 690 4296; x_wconf 75' lang='grc' dir='ltr'>βίϐλῳ</span> <span class='ocrx_word' id='word_1_232' title='bbox 708 4227 807 4296; x_wconf 77' lang='grc' dir='ltr'>τῆς</span> <span class='ocrx_word' id='word_1_233' title='bbox 855 4225 1068 4292; x_wconf 73' lang='grc' dir='ltr'>Ἐξόδου</span> <span class='ocrx_word' id='word_1_234' title='bbox 1098 4225 1126 4279; x_wconf 82' lang='grc' dir='ltr'>ὁ</span> <span class='ocrx_word' id='word_1_235' title='bbox 1149 4224 1284 4290; x_wconf 79' lang='grc' dir='ltr'>Θεὸς</span> <span class='ocrx_word' id='word_1_236' title='bbox 1307 4224 1437 4278; x_wconf 74' lang='grc' dir='ltr'>λαὸν</span> <span class='ocrx_word' id='word_1_237' title='bbox 1469 4222 1635 4278; x_wconf 80' lang='grc' dir='ltr'>αὑτοῦ</span> <span class='ocrx_word' id='word_1_238' title='bbox 1664 4220 1999 4293; x_wconf 81' lang='grc' dir='ltr'>περιούσιον,</span> 
     </span>
    </p>
   </div>
   <div class='ocr_carea' id='block_1_41' title="bbox 419 4315 1837 4390">
    <p class='ocr_par' dir='ltr' id='par_1_41' title="bbox 419 4315 1837 4390">
     <span class='ocr_line' id='line_1_42' title="bbox 419 4315 1837 4390; baseline -0.003 -20"><span class='ocrx_word' id='word_1_239' title='bbox 419 4321 543 4390; x_wconf 70' lang='grc' dir='ltr'>ἦτοι</span> <span class='ocrx_word' id='word_1_240' title='bbox 571 4319 994 4388; x_wconf 77' lang='grc' dir='ltr'>κληρονομιαῐον</span> <span class='ocrx_word' id='word_1_241' title='bbox 1036 4319 1163 4381; x_wconf 75' lang='grc' dir='ltr'>τοὺς</span> <span class='ocrx_word' id='word_1_242' title='bbox 1206 4317 1549 4390; x_wconf 81' lang='grc' dir='ltr'>Ἰσραηλίτας</span> <span class='ocrx_word' id='word_1_243' title='bbox 1587 4315 1837 4369; x_wconf 69' lang='grc' dir='ltr'>ἐκάλεσε.</span> 
     </span>
    </p>
   </div>
   <div class='ocr_carea' id='block_1_42' title="bbox 2020 3212 2066 3272">
    <p class='ocr_par' dir='ltr' id='par_1_42' title="bbox 2020 3212 2066 3272">
     <span class='ocr_line' id='line_1_43' title="bbox 2020 3212 2066 3272; baseline 0 0"><span class='ocrx_word' id='word_1_244' title='bbox 2020 3212 2066 3272; x_wconf 86' lang='lat' dir='ltr'><strong>C</strong></span> 
     </span>
    </p>
   </div>
   <div class='ocr_carea' id='block_1_43' title="bbox 2075 603 3219 676">
    <p class='ocr_par' dir='ltr' id='par_1_43' title="bbox 2075 603 3219 676">
     <span class='ocr_line' id='line_1_44' title="bbox 2075 603 3219 676; baseline 0.003 -18"><span class='ocrx_word' id='word_1_245' title='bbox 2075 605 2536 658; x_wconf 84' lang='lat' dir='ltr'><strong>irremissibiliter</strong></span> <span class='ocrx_word' id='word_1_246' title='bbox 2571 603 2878 658; x_wconf 82' lang='lat' dir='ltr'><strong>afﬁciantur</strong></span> <span class='ocrx_word' id='word_1_247' title='bbox 2908 606 3219 676; x_wconf 83' lang='lat' dir='ltr'><strong>suppliciis.</strong></span> 
     </span>
    </p>
   </div>
   <div class='ocr_carea' id='block_1_44' title="bbox 2143 698 3652 771">
    <p class='ocr_par' dir='ltr' id='par_1_44' title="bbox 2143 698 3652 771">
     <span class='ocr_line' id='line_1_45' title="bbox 2143 698 3652 771; baseline 0.002 -19"><span class='ocrx_word' id='word_1_248' title='bbox 2143 699 2250 752; x_wconf 88' lang='lat' dir='ltr'><strong>Nec</strong></span> <span class='ocrx_word' id='word_1_249' title='bbox 2272 712 2431 764; x_wconf 86' lang='lat' dir='ltr'><strong>opera</strong></span> <span class='ocrx_word' id='word_1_250' title='bbox 2461 713 2712 751; x_wconf 84' lang='lat' dir='ltr'><strong>manuum</strong></span> <span class='ocrx_word' id='word_1_251' title='bbox 2731 698 2866 766; x_wconf 78' lang='lat' dir='ltr'><strong>ejus.</strong></span> <span class='ocrx_word' id='word_1_252' title='bbox 2884 698 3083 770; x_wconf 85' lang='lat' dir='ltr'><strong>Opera,</strong></span> <span class='ocrx_word' id='word_1_253' title='bbox 3117 701 3362 771; x_wconf 90' lang='lat' dir='ltr'><strong>inquam,</strong></span> <span class='ocrx_word' id='word_1_254' title='bbox 3388 700 3508 755; x_wconf 80' lang='lat' dir='ltr'><strong>dico</strong></span> <span class='ocrx_word' id='word_1_255' title='bbox 3532 715 3652 770; x_wconf 68' lang='lat' dir='ltr'><strong>quae</strong></span> 
     </span>
    </p>
   </div>
   <div class='ocr_carea' id='block_1_45' title="bbox 2072 788 3651 861">
    <p class='ocr_par' dir='ltr' id='par_1_45' title="bbox 2072 788 3651 861">
     <span class='ocr_line' id='line_1_46' title="bbox 2072 788 3651 861; baseline 0.003 -21"><span class='ocrx_word' id='word_1_256' title='bbox 2072 788 2190 858; x_wconf 84' lang='lat' dir='ltr'><strong>ipse</strong></span> <span class='ocrx_word' id='word_1_257' title='bbox 2232 803 2450 843; x_wconf 90' lang='lat' dir='ltr'><strong>summo</strong></span> <span class='ocrx_word' id='word_1_258' title='bbox 2493 789 2724 842; x_wconf 89' lang='lat' dir='ltr'><strong>consilio</strong></span> <span class='ocrx_word' id='word_1_259' title='bbox 2774 800 3068 859; x_wconf 77' lang='lat' dir='ltr'><strong>operatur,</strong></span> <span class='ocrx_word' id='word_1_260' title='bbox 3119 802 3173 845; x_wconf 91' lang='lat' dir='ltr'><strong>et</strong></span> <span class='ocrx_word' id='word_1_261' title='bbox 3209 806 3318 845; x_wconf 91' lang='lat' dir='ltr'><strong>non</strong></span> <span class='ocrx_word' id='word_1_262' title='bbox 3351 805 3483 846; x_wconf 85' lang='lat' dir='ltr'><strong>casu</strong></span> <span class='ocrx_word' id='word_1_263' title='bbox 3510 808 3524 857; x_wconf 91' lang='lat'><strong>;</strong></span> <span class='ocrx_word' id='word_1_264' title='bbox 3554 806 3651 861; x_wconf 87' lang='lat' dir='ltr'><strong>per</strong></span> 
     </span>
    </p>
   </div>
   <div class='ocr_carea' id='block_1_46' title="bbox 2073 879 3652 952">
    <p class='ocr_par' dir='ltr' id='par_1_46' title="bbox 2073 879 3652 952">
     <span class='ocr_line' id='line_1_47' title="bbox 2073 879 3652 952; baseline 0.001 -20"><span class='ocrx_word' id='word_1_265' title='bbox 2073 894 2270 933; x_wconf 89' lang='lat' dir='ltr'><strong>manus</strong></span> <span class='ocrx_word' id='word_1_266' title='bbox 2320 879 2464 932; x_wconf 87' lang='lat' dir='ltr'><strong>enim</strong></span> <span class='ocrx_word' id='word_1_267' title='bbox 2511 879 2603 932; x_wconf 92' lang='lat' dir='ltr'><strong>hic</strong></span> <span class='ocrx_word' id='word_1_268' title='bbox 2657 881 3155 936; x_wconf 79' lang='lat' dir='ltr'><strong>considerationem</strong></span> <span class='ocrx_word' id='word_1_269' title='bbox 3210 881 3542 952; x_wconf 86' lang='lat' dir='ltr'><strong>quamdam,</strong></span> <span class='ocrx_word' id='word_1_270' title='bbox 3597 891 3652 936; x_wconf 85' lang='lat' dir='ltr'><strong>et</strong></span> 
     </span>
    </p>
   </div>
   <div class='ocr_carea' id='block_1_47' title="bbox 2075 969 3655 1040">
    <p class='ocr_par' dir='ltr' id='par_1_47' title="bbox 2075 969 3655 1040">
     <span class='ocr_line' id='line_1_48' title="bbox 2075 969 3655 1040; baseline 0.001 -15"><span class='ocrx_word' id='word_1_271' title='bbox 2075 971 2314 1025; x_wconf 88' lang='lat' dir='ltr'><strong>studium</strong></span> <span class='ocrx_word' id='word_1_272' title='bbox 2395 969 2450 1023; x_wconf 92' lang='lat' dir='ltr'><strong>in</strong></span> <span class='ocrx_word' id='word_1_273' title='bbox 2519 969 2721 1024; x_wconf 80' lang='lat' dir='ltr'><strong>divinis</strong></span> <span class='ocrx_word' id='word_1_274' title='bbox 2776 971 3185 1040; x_wconf 78' lang='lat' dir='ltr'><strong>operationibus</strong></span> <span class='ocrx_word' id='word_1_275' title='bbox 3238 987 3363 1028; x_wconf 84' lang='lat' dir='ltr'><strong>esse</strong></span> <span class='ocrx_word' id='word_1_276' title='bbox 3430 971 3655 1027; x_wconf 86' lang='lat' dir='ltr'><strong>demon-</strong></span> 
     </span>
    </p>
   </div>
   <div class='ocr_carea' id='block_1_48' title="bbox 2077 1068 2280 1115">
    <p class='ocr_par' dir='ltr' id='par_1_48' title="bbox 2077 1068 2280 1115">
     <span class='ocr_line' id='line_1_49' title="bbox 2077 1068 2280 1115; baseline -0.01 0"><span class='ocrx_word' id='word_1_277' title='bbox 2077 1068 2280 1115; x_wconf 87' lang='lat' dir='ltr'><strong>strant.</strong></span> 
     </span>
    </p>
   </div>
   <div class='ocr_carea' id='block_1_49' title="bbox 2146 1151 3658 1222">
    <p class='ocr_par' dir='ltr' id='par_1_49' title="bbox 2146 1151 3658 1222">
     <span class='ocr_line' id='line_1_50' title="bbox 2146 1151 3658 1222; baseline 0.002 -16"><span class='ocrx_word' id='word_1_278' title='bbox 2146 1151 2402 1207; x_wconf 80' lang='lat' dir='ltr'><strong>Destrues</strong></span> <span class='ocrx_word' id='word_1_279' title='bbox 2425 1153 2546 1208; x_wconf 81' lang='lat' dir='ltr'><strong>illos</strong></span> <span class='ocrx_word' id='word_1_280' title='bbox 2572 1163 2620 1208; x_wconf 89' lang='lat' dir='ltr'><strong>et</strong></span> <span class='ocrx_word' id='word_1_281' title='bbox 2654 1170 2753 1206; x_wconf 87' lang='lat' dir='ltr'><strong>non</strong></span> <span class='ocrx_word' id='word_1_282' title='bbox 2782 1152 3070 1222; x_wconf 77' lang='lat' dir='ltr'><strong>wdiﬁcabis</strong></span> <span class='ocrx_word' id='word_1_283' title='bbox 3091 1169 3200 1208; x_wconf 79' lang='lat' dir='ltr'><strong>eos.</strong></span> <span class='ocrx_word' id='word_1_284' title='bbox 3234 1152 3489 1209; x_wconf 71' lang='lat' dir='ltr'><strong>Prmdicit</strong></span> <span class='ocrx_word' id='word_1_285' title='bbox 3521 1153 3658 1209; x_wconf 86' lang='lat' dir='ltr'><strong>Pro-</strong></span> 
     </span>
    </p>
   </div>
   <div class='ocr_carea' id='block_1_50' title="bbox 2079 1245 3659 1317">
    <p class='ocr_par' dir='ltr' id='par_1_50' title="bbox 2079 1245 3659 1317">
     <span class='ocr_line' id='line_1_51' title="bbox 2079 1245 3659 1317; baseline 0.001 -17"><span class='ocrx_word' id='word_1_286' title='bbox 2079 1245 2241 1316; x_wconf 89' lang='lat' dir='ltr'><strong>pheta</strong></span> <span class='ocrx_word' id='word_1_287' title='bbox 2267 1246 2620 1302; x_wconf 87' lang='lat' dir='ltr'><strong>inimicorum</strong></span> <span class='ocrx_word' id='word_1_288' title='bbox 2656 1261 2884 1301; x_wconf 89' lang='lat' dir='ltr'><strong>suorum</strong></span> <span class='ocrx_word' id='word_1_289' title='bbox 2921 1246 3284 1317; x_wconf 69' lang='lat' dir='ltr'><strong>perditioiiem</strong></span> <span class='ocrx_word' id='word_1_290' title='bbox 3313 1288 3328 1312; x_wconf 89' lang='lat'><strong>,</strong></span> <span class='ocrx_word' id='word_1_291' title='bbox 3357 1262 3478 1316; x_wconf 73' lang='lat' dir='ltr'><strong>qua:</strong></span> <span class='ocrx_word' id='word_1_292' title='bbox 3507 1248 3659 1316; x_wconf 87' lang='lat' dir='ltr'><strong>ejus-</strong></span> 
     </span>
    </p>
   </div>
   <div class='ocr_carea' id='block_1_51' title="bbox 2079 1333 3659 1406">
    <p class='ocr_par' dir='ltr' id='par_1_51' title="bbox 2079 1333 3659 1406">
     <span class='ocr_line' id='line_1_52' title="bbox 2079 1333 3659 1406; baseline 0.002 -19"><span class='ocrx_word' id='word_1_293' title='bbox 2079 1334 2222 1389; x_wconf 92' lang='lat' dir='ltr'><strong>modi</strong></span> <span class='ocrx_word' id='word_1_294' title='bbox 2254 1333 2440 1389; x_wconf 90' lang='lat' dir='ltr'><strong>futura</strong></span> <span class='ocrx_word' id='word_1_295' title='bbox 2479 1345 2618 1401; x_wconf 85' lang='lat' dir='ltr'><strong>erat,</strong></span> <span class='ocrx_word' id='word_1_296' title='bbox 2651 1343 2710 1390; x_wconf 91' lang='lat' dir='ltr'><strong>ut</strong></span> <span class='ocrx_word' id='word_1_297' title='bbox 2759 1337 2850 1391; x_wconf 86' lang='lat' dir='ltr'><strong>ubi</strong></span> <span class='ocrx_word' id='word_1_298' title='bbox 2898 1337 3068 1392; x_wconf 88' lang='lat' dir='ltr'><strong>semel</strong></span> <span class='ocrx_word' id='word_1_299' title='bbox 3117 1336 3172 1391; x_wconf 89' lang='lat' dir='ltr'><strong>in</strong></span> <span class='ocrx_word' id='word_1_300' title='bbox 3222 1351 3462 1406; x_wconf 62' lang='lat' dir='ltr'><strong>praeceps</strong></span> <span class='ocrx_word' id='word_1_301' title='bbox 3512 1337 3659 1390; x_wconf 84' lang='lat' dir='ltr'><strong>ccci-</strong></span> 
     </span>
    </p>
   </div>
   <div class='ocr_carea' id='block_1_52' title="bbox 2077 1424 3659 1499">
    <p class='ocr_par' dir='ltr' id='par_1_52' title="bbox 2077 1424 3659 1499">
     <span class='ocr_line' id='line_1_53' title="bbox 2077 1424 3659 1499; baseline 0 -19"><span class='ocrx_word' id='word_1_302' title='bbox 2077 1424 2334 1493; x_wconf 88' lang='lat' dir='ltr'><strong>dissent,</strong></span> <span class='ocrx_word' id='word_1_303' title='bbox 2388 1442 2672 1498; x_wconf 86' lang='lat' dir='ltr'><strong>resurgere</strong></span> <span class='ocrx_word' id='word_1_304' title='bbox 2719 1429 2995 1499; x_wconf 83' lang='lat' dir='ltr'><strong>amplius,</strong></span> <span class='ocrx_word' id='word_1_305' title='bbox 3059 1437 3154 1482; x_wconf 89' lang='lat' dir='ltr'><strong>aut</strong></span> <span class='ocrx_word' id='word_1_306' title='bbox 3207 1444 3267 1484; x_wconf 89' lang='lat' dir='ltr'><strong>se</strong></span> <span class='ocrx_word' id='word_1_307' title='bbox 3308 1429 3521 1499; x_wconf 77' lang='lat' dir='ltr'><strong>erigere</strong></span> <span class='ocrx_word' id='word_1_308' title='bbox 3549 1442 3659 1482; x_wconf 89' lang='lat' dir='ltr'><strong>non</strong></span> 
     </span>
    </p>
   </div>
   <div class='ocr_carea' id='block_1_53' title="bbox 2080 1527 2326 1584">
    <p class='ocr_par' dir='ltr' id='par_1_53' title="bbox 2080 1527 2326 1584">
     <span class='ocr_line' id='line_1_54' title="bbox 2080 1527 2326 1584; baseline 0.012 -18"><span class='ocrx_word' id='word_1_309' title='bbox 2080 1527 2326 1584; x_wconf 88' lang='lat' dir='ltr'><strong>possent.</strong></span> 
     </span>
    </p>
   </div>
   <div class='ocr_carea' id='block_1_54' title="bbox 2152 1605 3660 1682">
    <p class='ocr_par' dir='ltr' id='par_1_54' title="bbox 2152 1605 3660 1682">
     <span class='ocr_line' id='line_1_55' title="bbox 2152 1605 3660 1682; baseline 0.004 -23"><span class='ocrx_word' id='word_1_310' title='bbox 2152 1605 2320 1661; x_wconf 74' lang='lat' dir='ltr'><strong>Vens.</strong></span> <span class='ocrx_word' id='word_1_311' title='bbox 2341 1607 2394 1662; x_wconf 89' lang='lat'><strong>6.</strong></span> <span class='ocrx_word' id='word_1_312' title='bbox 2424 1607 2741 1661; x_wconf 73' lang='lat' dir='ltr'><strong>Benedictus</strong></span> <span class='ocrx_word' id='word_1_313' title='bbox 2777 1609 3033 1665; x_wconf 74' lang='lat' dir='ltr'><strong>Dominus</strong></span> <span class='ocrx_word' id='word_1_314' title='bbox 3053 1611 3177 1682; x_wconf 87' lang='lat' dir='ltr'><strong>quia</strong></span> <span class='ocrx_word' id='word_1_315' title='bbox 3196 1611 3468 1667; x_wconf 78' lang='lat' dir='ltr'><strong>exaudivit</strong></span> <span class='ocrx_word' id='word_1_316' title='bbox 3488 1629 3660 1667; x_wconf 83' lang='lat' dir='ltr'><strong>uocem</strong></span> 
     </span>
    </p>
   </div>
   <div class='ocr_carea' id='block_1_55' title="bbox 2081 1699 3660 1774">
    <p class='ocr_par' dir='ltr' id='par_1_55' title="bbox 2081 1699 3660 1774">
     <span class='ocr_line' id='line_1_56' title="bbox 2081 1699 3660 1774; baseline 0.003 -21"><span class='ocrx_word' id='word_1_317' title='bbox 2081 1700 2470 1768; x_wconf 80' lang='lat' dir='ltr'><strong>deprecationis</strong></span> <span class='ocrx_word' id='word_1_318' title='bbox 2503 1715 2649 1754; x_wconf 74' lang='lat' dir='ltr'><strong>metu.</strong></span> <span class='ocrx_word' id='word_1_319' title='bbox 2679 1699 3032 1766; x_wconf 74' lang='lat' dir='ltr'><strong>Benedictus,</strong></span> <span class='ocrx_word' id='word_1_320' title='bbox 3060 1702 3164 1757; x_wconf 84' lang='lat' dir='ltr'><strong>hoc</strong></span> <span class='ocrx_word' id='word_1_321' title='bbox 3204 1711 3308 1770; x_wconf 90' lang='lat' dir='ltr'><strong>est,</strong></span> <span class='ocrx_word' id='word_1_322' title='bbox 3343 1704 3540 1774; x_wconf 86' lang='lat' dir='ltr'><strong>dignus</strong></span> <span class='ocrx_word' id='word_1_323' title='bbox 3569 1705 3660 1760; x_wconf 90' lang='lat' dir='ltr'><strong>cui</strong></span> 
     </span>
    </p>
   </div>
   <div class='ocr_carea' id='block_1_56' title="bbox 2080 1793 3666 1866">
    <p class='ocr_par' dir='ltr' id='par_1_56' title="bbox 2080 1793 3666 1866">
     <span class='ocr_line' id='line_1_57' title="bbox 2080 1793 3666 1866; baseline 0.004 -18"><span class='ocrx_word' id='word_1_324' title='bbox 2080 1793 2459 1856; x_wconf 85' lang='lat' dir='ltr'><strong>benedicatur,</strong></span> <span class='ocrx_word' id='word_1_325' title='bbox 2497 1793 2590 1864; x_wconf 90' lang='lat' dir='ltr'><strong>qui</strong></span> <span class='ocrx_word' id='word_1_326' title='bbox 2623 1793 2894 1848; x_wconf 89' lang='lat' dir='ltr'><strong>laudetur.</strong></span> <span class='ocrx_word' id='word_1_327' title='bbox 2935 1795 3140 1852; x_wconf 83' lang='lat' dir='ltr'><strong>Deinde</strong></span> <span class='ocrx_word' id='word_1_328' title='bbox 3165 1798 3320 1866; x_wconf 88' lang='lat' dir='ltr'><strong>quasi</strong></span> <span class='ocrx_word' id='word_1_329' title='bbox 3369 1808 3554 1853; x_wconf 88' lang='lat' dir='ltr'><strong>certus</strong></span> <span class='ocrx_word' id='word_1_330' title='bbox 3596 1798 3666 1854; x_wconf 84' lang='lat' dir='ltr'><strong>de</strong></span> 
     </span>
    </p>
   </div>
   <div class='ocr_carea' id='block_1_57' title="bbox 2081 1887 3600 1960">
    <p class='ocr_par' dir='ltr' id='par_1_57' title="bbox 2081 1887 3600 1960">
     <span class='ocr_line' id='line_1_58' title="bbox 2081 1887 3600 1960; baseline 0.002 -18"><span class='ocrx_word' id='word_1_331' title='bbox 2081 1888 2150 1942; x_wconf 90' lang='lat' dir='ltr'><strong>iis</strong></span> <span class='ocrx_word' id='word_1_332' title='bbox 2183 1903 2306 1958; x_wconf 70' lang='lat' dir='ltr'><strong>quae</strong></span> <span class='ocrx_word' id='word_1_333' title='bbox 2336 1889 2737 1960; x_wconf 86' lang='lat' dir='ltr'><strong>postulaverat,</strong></span> <span class='ocrx_word' id='word_1_334' title='bbox 2781 1887 2932 1942; x_wconf 82' lang='lat' dir='ltr'><strong>addit</strong></span> <span class='ocrx_word' id='word_1_335' title='bbox 2969 1907 2982 1942; x_wconf 90' lang='lat'><strong>:</strong></span> <span class='ocrx_word' id='word_1_336' title='bbox 3012 1887 3150 1956; x_wconf 87' lang='lat' dir='ltr'><strong>Quia</strong></span> <span class='ocrx_word' id='word_1_337' title='bbox 3181 1891 3463 1946; x_wconf 79' lang='lat' dir='ltr'><strong>exaudivit</strong></span> <span class='ocrx_word' id='word_1_338' title='bbox 3492 1907 3600 1947; x_wconf 91' lang='lat' dir='ltr'><strong>me.</strong></span> 
     </span>
    </p>
   </div>
   <div class='ocr_carea' id='block_1_58' title="bbox 2151 1975 3664 2050">
    <p class='ocr_par' dir='ltr' id='par_1_58' title="bbox 2151 1975 3664 2050">
     <span class='ocr_line' id='line_1_59' title="bbox 2151 1975 3664 2050; baseline 0.003 -18"><span class='ocrx_word' id='word_1_339' title='bbox 2151 1975 2320 2032; x_wconf 71' lang='lat' dir='ltr'><strong>Vens.</strong></span> <span class='ocrx_word' id='word_1_340' title='bbox 2364 1977 2419 2032; x_wconf 88' lang='lat'><strong>7.</strong></span> <span class='ocrx_word' id='word_1_341' title='bbox 2456 1976 2712 2038; x_wconf 73' lang='lat' dir='ltr'><strong>Dominus</strong></span> <span class='ocrx_word' id='word_1_342' title='bbox 2737 1975 2956 2046; x_wconf 84' lang='lat' dir='ltr'><strong>adjutor</strong></span> <span class='ocrx_word' id='word_1_343' title='bbox 2979 1995 3122 2034; x_wconf 79' lang='lat' dir='ltr'><strong>meus</strong></span> <span class='ocrx_word' id='word_1_344' title='bbox 3142 1989 3191 2035; x_wconf 90' lang='lat' dir='ltr'><strong>et</strong></span> <span class='ocrx_word' id='word_1_345' title='bbox 3214 1990 3479 2050; x_wconf 78' lang='lat' dir='ltr'><strong>protector</strong></span> <span class='ocrx_word' id='word_1_346' title='bbox 3500 1997 3664 2037; x_wconf 72' lang='lat' dir='ltr'><strong>naeus.</strong></span> 
     </span>
    </p>
   </div>
   <div class='ocr_carea' id='block_1_59' title="bbox 2080 2065 3668 2144">
    <p class='ocr_par' dir='ltr' id='par_1_59' title="bbox 2080 2065 3668 2144">
     <span class='ocr_line' id='line_1_60' title="bbox 2080 2065 3668 2144; baseline 0.004 -24"><span class='ocrx_word' id='word_1_347' title='bbox 2080 2065 2217 2133; x_wconf 81' lang='lat' dir='ltr'><strong>Hoc,</strong></span> <span class='ocrx_word' id='word_1_348' title='bbox 2251 2067 2418 2122; x_wconf 88' lang='lat' dir='ltr'><strong>simili</strong></span> <span class='ocrx_word' id='word_1_349' title='bbox 2448 2068 2612 2123; x_wconf 92' lang='lat' dir='ltr'><strong>modo</strong></span> <span class='ocrx_word' id='word_1_350' title='bbox 2641 2068 2708 2122; x_wconf 88' lang='lat' dir='ltr'><strong>ad</strong></span> <span class='ocrx_word' id='word_1_351' title='bbox 2755 2069 3144 2125; x_wconf 86' lang='lat' dir='ltr'><strong>certitudinem</strong></span> <span class='ocrx_word' id='word_1_352' title='bbox 3193 2073 3340 2126; x_wconf 88' lang='lat' dir='ltr'><strong>illam</strong></span> <span class='ocrx_word' id='word_1_353' title='bbox 3384 2074 3621 2144; x_wconf 87' lang='lat' dir='ltr'><strong>pertinet</strong></span> <span class='ocrx_word' id='word_1_354' title='bbox 3653 2115 3668 2140; x_wconf 91' lang='lat'><strong>,</strong></span> 
     </span>
    </p>
   </div>
   <div class='ocr_carea' id='block_1_60' title="bbox 2081 2157 3186 2231">
    <p class='ocr_par' dir='ltr' id='par_1_60' title="bbox 2081 2157 3186 2231">
     <span class='ocr_line' id='line_1_61' title="bbox 2081 2157 3186 2231; baseline 0.005 -21"><span class='ocrx_word' id='word_1_355' title='bbox 2081 2173 2244 2225; x_wconf 84' lang='lat' dir='ltr'><strong>quam</strong></span> <span class='ocrx_word' id='word_1_356' title='bbox 2278 2158 2344 2213; x_wconf 91' lang='lat' dir='ltr'><strong>de</strong></span> <span class='ocrx_word' id='word_1_357' title='bbox 2374 2157 2564 2213; x_wconf 84' lang='lat' dir='ltr'><strong>divino</strong></span> <span class='ocrx_word' id='word_1_358' title='bbox 2589 2159 2797 2214; x_wconf 78' lang='lat' dir='ltr'><strong>auxilio</strong></span> <span class='ocrx_word' id='word_1_359' title='bbox 2829 2169 3186 2231; x_wconf 87' lang='lat' dir='ltr'><strong>conceperat.</strong></span> 
     </span>
    </p>
   </div>
   <div class='ocr_carea' id='block_1_61' title="bbox 2157 2263 3672 2334">
    <p class='ocr_par' dir='ltr' id='par_1_61' title="bbox 2157 2263 3672 2334">
     <span class='ocr_line' id='line_1_62' title="bbox 2157 2263 3672 2334; baseline 0.009 -16"><span class='ocrx_word' id='word_1_360' title='bbox 2157 2263 2224 2319; x_wconf 84' lang='lat' dir='ltr'><strong>In</strong></span> <span class='ocrx_word' id='word_1_361' title='bbox 2257 2267 2371 2333; x_wconf 78' lang='lat' dir='ltr'><strong>ipso</strong></span> <span class='ocrx_word' id='word_1_362' title='bbox 2412 2270 2644 2334; x_wconf 77' lang='lat' dir='ltr'><strong>speravit</strong></span> <span class='ocrx_word' id='word_1_363' title='bbox 2670 2284 2763 2321; x_wconf 85' lang='lat' dir='ltr'><strong>cor</strong></span> <span class='ocrx_word' id='word_1_364' title='bbox 2795 2285 2990 2324; x_wconf 86' lang='lat' dir='ltr'><strong>meum.</strong></span> <span class='ocrx_word' id='word_1_365' title='bbox 3030 2268 3208 2327; x_wconf 76' lang='lat' dir='ltr'><strong>Veluti</strong></span> <span class='ocrx_word' id='word_1_366' title='bbox 3247 2271 3301 2327; x_wconf 88' lang='lat' dir='ltr'><strong>in</strong></span> <span class='ocrx_word' id='word_1_367' title='bbox 3360 2275 3481 2331; x_wconf 87' lang='lat' dir='ltr'><strong>solo</strong></span> <span class='ocrx_word' id='word_1_368' title='bbox 3541 2289 3672 2332; x_wconf 85' lang='lat' dir='ltr'><strong>vero</strong></span> 
     </span>
    </p>
   </div>
   <div class='ocr_carea' id='block_1_62' title="bbox 2083 2357 2796 2428">
    <p class='ocr_par' dir='ltr' id='par_1_62' title="bbox 2083 2357 2796 2428">
     <span class='ocr_line' id='line_1_63' title="bbox 2083 2357 2796 2428; baseline 0.003 -16"><span class='ocrx_word' id='word_1_369' title='bbox 2083 2373 2147 2414; x_wconf 85' lang='lat' dir='ltr'><strong>ac</strong></span> <span class='ocrx_word' id='word_1_370' title='bbox 2170 2374 2280 2413; x_wconf 86' lang='lat' dir='ltr'><strong>non</strong></span> <span class='ocrx_word' id='word_1_371' title='bbox 2319 2357 2498 2412; x_wconf 80' lang='lat' dir='ltr'><strong>fallaci</strong></span> <span class='ocrx_word' id='word_1_372' title='bbox 2526 2359 2796 2428; x_wconf 79' lang='lat' dir='ltr'><strong>adiutore.</strong></span> 
     </span>
    </p>
   </div>
   <div class='ocr_carea' id='block_1_63' title="bbox 2157 2472 3676 2547">
    <p class='ocr_par' dir='ltr' id='par_1_63' title="bbox 2157 2472 3676 2547">
     <span class='ocr_line' id='line_1_64' title="bbox 2157 2472 3676 2547; baseline 0.009 -21"><span class='ocrx_word' id='word_1_373' title='bbox 2157 2472 2222 2526; x_wconf 87' lang='lat' dir='ltr'><strong>Et</strong></span> <span class='ocrx_word' id='word_1_374' title='bbox 2253 2472 2474 2542; x_wconf 76' lang='lat' dir='ltr'><strong>adjutus</strong></span> <span class='ocrx_word' id='word_1_375' title='bbox 2505 2487 2645 2526; x_wconf 82' lang='lat' dir='ltr'><strong>sum.</strong></span> <span class='ocrx_word' id='word_1_376' title='bbox 2684 2472 2753 2527; x_wconf 84' lang='lat' dir='ltr'><strong>Et</strong></span> <span class='ocrx_word' id='word_1_377' title='bbox 2782 2488 2878 2545; x_wconf 88' lang='lat' dir='ltr'><strong>spe</strong></span> <span class='ocrx_word' id='word_1_378' title='bbox 2901 2487 3164 2547; x_wconf 88' lang='lat' dir='ltr'><strong>concepta</strong></span> <span class='ocrx_word' id='word_1_379' title='bbox 3220 2495 3328 2535; x_wconf 90' lang='lat' dir='ltr'><strong>non</strong></span> <span class='ocrx_word' id='word_1_380' title='bbox 3384 2497 3507 2538; x_wconf 89' lang='lat' dir='ltr'><strong>sum</strong></span> <span class='ocrx_word' id='word_1_381' title='bbox 3560 2483 3676 2540; x_wconf 82' lang='lat' dir='ltr'><strong>fru-</strong></span> 
     </span>
    </p>
   </div>
   <div class='ocr_carea' id='block_1_64' title="bbox 2087 2571 2312 2619">
    <p class='ocr_par' dir='ltr' id='par_1_64' title="bbox 2087 2571 2312 2619">
     <span class='ocr_line' id='line_1_65' title="bbox 2087 2571 2312 2619; baseline -0.009 -1"><span class='ocrx_word' id='word_1_382' title='bbox 2087 2571 2312 2619; x_wconf 79' lang='lat' dir='ltr'><strong>stratus.</strong></span> 
     </span>
    </p>
   </div>
   <div class='ocr_carea' id='block_1_65' title="bbox 2160 2675 3677 2748">
    <p class='ocr_par' dir='ltr' id='par_1_65' title="bbox 2160 2675 3677 2748">
     <span class='ocr_line' id='line_1_66' title="bbox 2160 2675 3677 2748; baseline 0.009 -16"><span class='ocrx_word' id='word_1_383' title='bbox 2160 2675 2229 2732; x_wconf 87' lang='lat' dir='ltr'><strong>Et</strong></span> <span class='ocrx_word' id='word_1_384' title='bbox 2263 2679 2504 2747; x_wconf 81' lang='lat' dir='ltr'><strong>reﬂoruit</strong></span> <span class='ocrx_word' id='word_1_385' title='bbox 2535 2695 2660 2734; x_wconf 87' lang='lat' dir='ltr'><strong>caro</strong></span> <span class='ocrx_word' id='word_1_386' title='bbox 2689 2697 2828 2736; x_wconf 89' lang='lat' dir='ltr'><strong>mea.</strong></span> <span class='ocrx_word' id='word_1_387' title='bbox 2864 2681 2994 2748; x_wconf 62' lang='lat' dir='ltr'><strong>Qua:</strong></span> <span class='ocrx_word' id='word_1_388' title='bbox 3025 2693 3154 2740; x_wconf 83' lang='lat' dir='ltr'><strong>ante</strong></span> <span class='ocrx_word' id='word_1_389' title='bbox 3182 2685 3254 2741; x_wconf 90' lang='lat' dir='ltr'><strong>ob</strong></span> <span class='ocrx_word' id='word_1_390' title='bbox 3276 2687 3677 2747; x_wconf 76' lang='lat' dir='ltr'><strong>sollicitudines</strong></span> 
     </span>
    </p>
   </div>
   <div class='ocr_carea' id='block_1_66' title="bbox 2087 2767 3166 2830">
    <p class='ocr_par' dir='ltr' id='par_1_66' title="bbox 2087 2767 3166 2830">
     <span class='ocr_line' id='line_1_67' title="bbox 2087 2767 3166 2830; baseline 0.007 -9"><span class='ocrx_word' id='word_1_391' title='bbox 2087 2775 2142 2822; x_wconf 84' lang='lat' dir='ltr'><strong>ct</strong></span> <span class='ocrx_word' id='word_1_392' title='bbox 2167 2767 2494 2824; x_wconf 77' lang='lat' dir='ltr'><strong>alliictiones</strong></span> <span class='ocrx_word' id='word_1_393' title='bbox 2525 2769 2708 2826; x_wconf 83' lang='lat' dir='ltr'><strong>varias</strong></span> <span class='ocrx_word' id='word_1_394' title='bbox 2748 2771 3017 2829; x_wconf 82' lang='lat' dir='ltr'><strong>labefacta</strong></span> <span class='ocrx_word' id='word_1_395' title='bbox 3047 2787 3166 2830; x_wconf 87' lang='lat' dir='ltr'><strong>erat</strong></span> 
     </span>
    </p>
   </div>
   <div class='ocr_carea' id='block_1_67' title="bbox 2161 2879 3674 2962">
    <p class='ocr_par' dir='ltr' id='par_1_67' title="bbox 2161 2879 3674 2962">
     <span class='ocr_line' id='line_1_68' title="bbox 2161 2879 3674 2962; baseline 0.01 -28"><span class='ocrx_word' id='word_1_396' title='bbox 2161 2879 2228 2933; x_wconf 86' lang='lat' dir='ltr'><strong>Et</strong></span> <span class='ocrx_word' id='word_1_397' title='bbox 2247 2897 2314 2935; x_wconf 79' lang='lat' dir='ltr'><strong>ea:</strong></span> <span class='ocrx_word' id='word_1_398' title='bbox 2347 2883 2618 2937; x_wconf 76' lang='lat' dir='ltr'><strong>voluntate</strong></span> <span class='ocrx_word' id='word_1_399' title='bbox 2649 2902 2762 2938; x_wconf 84' lang='lat' dir='ltr'><strong>mea</strong></span> <span class='ocrx_word' id='word_1_400' title='bbox 2786 2887 3079 2955; x_wconf 85' lang='lat' dir='ltr'><strong>conﬁtebor</strong></span> <span class='ocrx_word' id='word_1_401' title='bbox 3097 2889 3164 2942; x_wconf 86' lang='lat' dir='ltr'><strong>ei.</strong></span> <span class='ocrx_word' id='word_1_402' title='bbox 3187 2887 3448 2962; x_wconf 90' lang='lat' dir='ltr'><strong>Prompto</strong></span> <span class='ocrx_word' id='word_1_403' title='bbox 3467 2892 3674 2958; x_wconf 90' lang='lat' dir='ltr'><strong>animo,</strong></span> 
     </span>
    </p>
   </div>
   <div class='ocr_carea' id='block_1_68' title="bbox 2092 2974 3676 3045">
    <p class='ocr_par' dir='ltr' id='par_1_68' title="bbox 2092 2974 3676 3045">
     <span class='ocr_line' id='line_1_69' title="bbox 2092 2974 3676 3045; baseline 0.01 -19"><span class='ocrx_word' id='word_1_404' title='bbox 2092 2974 2294 3042; x_wconf 79' lang='lat' dir='ltr'><strong>inquit,</strong></span> <span class='ocrx_word' id='word_1_405' title='bbox 2335 2984 2503 3045; x_wconf 88' lang='lat' dir='ltr'><strong>atque</strong></span> <span class='ocrx_word' id='word_1_406' title='bbox 2532 2992 2596 3030; x_wconf 84' lang='lat' dir='ltr'><strong>ex</strong></span> <span class='ocrx_word' id='word_1_407' title='bbox 2627 2977 2796 3032; x_wconf 87' lang='lat' dir='ltr'><strong>corde</strong></span> <span class='ocrx_word' id='word_1_408' title='bbox 2829 2977 2882 3032; x_wconf 92' lang='lat' dir='ltr'><strong>id</strong></span> <span class='ocrx_word' id='word_1_409' title='bbox 2917 2977 3144 3044; x_wconf 88' lang='lat' dir='ltr'><strong>faciam,</strong></span> <span class='ocrx_word' id='word_1_410' title='bbox 3188 2996 3298 3035; x_wconf 91' lang='lat' dir='ltr'><strong>non</strong></span> <span class='ocrx_word' id='word_1_411' title='bbox 3330 2991 3387 3036; x_wconf 88' lang='lat' dir='ltr'><strong>ut</strong></span> <span class='ocrx_word' id='word_1_412' title='bbox 3425 2993 3676 3042; x_wconf 87' lang='lat' dir='ltr'><strong>coactus.</strong></span> 
     </span>
    </p>
   </div>
   <div class='ocr_carea' id='block_1_69' title="bbox 2095 3067 3683 3140">
    <p class='ocr_par' dir='ltr' id='par_1_69' title="bbox 2095 3067 3683 3140">
     <span class='ocr_line' id='line_1_70' title="bbox 2095 3067 3683 3140; baseline 0.009 -20"><span class='ocrx_word' id='word_1_413' title='bbox 2095 3067 2286 3123; x_wconf 86' lang='lat' dir='ltr'><strong>Simile</strong></span> <span class='ocrx_word' id='word_1_414' title='bbox 2312 3069 2458 3123; x_wconf 89' lang='lat' dir='ltr'><strong>istud</strong></span> <span class='ocrx_word' id='word_1_415' title='bbox 2491 3077 2574 3125; x_wconf 88' lang='lat' dir='ltr'><strong>est</strong></span> <span class='ocrx_word' id='word_1_416' title='bbox 2613 3083 2629 3123; x_wconf 89' lang='lat'><strong>:</strong></span> <span class='ocrx_word' id='word_1_417' title='bbox 2668 3067 2986 3124; x_wconf 71' lang='lat' dir='ltr'><strong>Voluntaria</strong></span> <span class='ocrx_word' id='word_1_418' title='bbox 3014 3073 3331 3140; x_wconf 79' lang='lat' dir='ltr'><strong>sacriﬁcabo</strong></span> <span class='ocrx_word' id='word_1_419' title='bbox 3363 3076 3460 3130; x_wconf 82' lang='lat' dir='ltr'><strong>tibi</strong></span> <span class='ocrx_word' id='word_1_420' title='bbox 3491 3077 3555 3131; x_wconf 77' lang='grc'><strong>⁸⁸.</strong></span> <span class='ocrx_word' id='word_1_421' title='bbox 3575 3076 3683 3134; x_wconf 81' lang='lat' dir='ltr'><strong>Per</strong></span> 
     </span>
    </p>
   </div>
   <div class='ocr_carea' id='block_1_70' title="bbox 2099 3161 3678 3238">
    <p class='ocr_par' dir='ltr' id='par_1_70' title="bbox 2099 3161 3678 3238">
     <span class='ocr_line' id='line_1_71' title="bbox 2099 3161 3678 3238; baseline 0.006 -25"><span class='ocrx_word' id='word_1_422' title='bbox 2099 3161 2515 3216; x_wconf 80' lang='lat' dir='ltr'><strong>confessionem</strong></span> <span class='ocrx_word' id='word_1_423' title='bbox 2549 3175 2682 3217; x_wconf 88' lang='lat' dir='ltr'><strong>vero</strong></span> <span class='ocrx_word' id='word_1_424' title='bbox 2705 3161 3009 3231; x_wconf 80' lang='lat' dir='ltr'><strong>gratiarum</strong></span> <span class='ocrx_word' id='word_1_425' title='bbox 3057 3165 3338 3221; x_wconf 86' lang='lat' dir='ltr'><strong>actionem</strong></span> <span class='ocrx_word' id='word_1_426' title='bbox 3410 3167 3678 3238; x_wconf 80' lang='lat' dir='ltr'><strong>intelligo.</strong></span> 
     </span>
    </p>
   </div>
   <div class='ocr_carea' id='block_1_71' title="bbox 2170 3273 3680 3350">
    <p class='ocr_par' dir='ltr' id='par_1_71' title="bbox 2170 3273 3680 3350">
     <span class='ocr_line' id='line_1_72' title="bbox 2170 3273 3680 3350; baseline 0.004 -20"><span class='ocrx_word' id='word_1_427' title='bbox 2170 3273 2337 3331; x_wconf 71' lang='lat' dir='ltr'><strong>Vens.</strong></span> <span class='ocrx_word' id='word_1_428' title='bbox 2369 3276 2422 3332; x_wconf 92' lang='lat'><strong>8.</strong></span> <span class='ocrx_word' id='word_1_429' title='bbox 2458 3275 2723 3330; x_wconf 77' lang='lat' dir='ltr'><strong>Dominus</strong></span> <span class='ocrx_word' id='word_1_430' title='bbox 2754 3275 3016 3344; x_wconf 78' lang='lat' dir='ltr'><strong>fortitudo</strong></span> <span class='ocrx_word' id='word_1_431' title='bbox 3048 3277 3230 3344; x_wconf 85' lang='lat' dir='ltr'><strong>populi</strong></span> <span class='ocrx_word' id='word_1_432' title='bbox 3256 3282 3358 3344; x_wconf 81' lang='lat' dir='ltr'><strong>sui,</strong></span> <span class='ocrx_word' id='word_1_433' title='bbox 3392 3289 3442 3334; x_wconf 88' lang='lat' dir='ltr'><strong>et</strong></span> <span class='ocrx_word' id='word_1_434' title='bbox 3501 3292 3680 3350; x_wconf 82' lang='lat' dir='ltr'><strong>prole-</strong></span> 
     </span>
    </p>
   </div>
   <div class='ocr_carea' id='block_1_72' title="bbox 2102 3365 3681 3446">
    <p class='ocr_par' dir='ltr' id='par_1_72' title="bbox 2102 3365 3681 3446">
     <span class='ocr_line' id='line_1_73' title="bbox 2102 3365 3681 3446; baseline 0.007 -26"><span class='ocrx_word' id='word_1_435' title='bbox 2102 3377 2215 3421; x_wconf 87' lang='lat' dir='ltr'><strong>ctor</strong></span> <span class='ocrx_word' id='word_1_436' title='bbox 2247 3367 2480 3421; x_wconf 79' lang='lat' dir='ltr'><strong>solutum</strong></span> <span class='ocrx_word' id='word_1_437' title='bbox 2507 3365 2705 3421; x_wconf 81' lang='lat' dir='ltr'><strong>Christi</strong></span> <span class='ocrx_word' id='word_1_438' title='bbox 2734 3369 2814 3421; x_wconf 78' lang='lat' dir='ltr'><strong>sui</strong></span> <span class='ocrx_word' id='word_1_439' title='bbox 2839 3377 2939 3425; x_wconf 70' lang='lat' dir='ltr'><strong>est.</strong></span> <span class='ocrx_word' id='word_1_440' title='bbox 2973 3369 3261 3439; x_wconf 80' lang='lat' dir='ltr'><strong>Dominus,</strong></span> <span class='ocrx_word' id='word_1_441' title='bbox 3287 3371 3486 3443; x_wconf 72' lang='lat' dir='ltr'><strong>inquit,</strong></span> <span class='ocrx_word' id='word_1_442' title='bbox 3505 3391 3681 3446; x_wconf 82' lang='lat' dir='ltr'><strong>popu~</strong></span> 
     </span>
    </p>
   </div>
   <div class='ocr_carea' id='block_1_73' title="bbox 2103 3459 3682 3539">
    <p class='ocr_par' dir='ltr' id='par_1_73' title="bbox 2103 3459 3682 3539">
     <span class='ocr_line' id='line_1_74' title="bbox 2103 3459 3682 3539; baseline 0.008 -27"><span class='ocrx_word' id='word_1_443' title='bbox 2103 3460 2216 3513; x_wconf 89' lang='lat' dir='ltr'><strong>lum</strong></span> <span class='ocrx_word' id='word_1_444' title='bbox 2252 3475 2412 3515; x_wconf 85' lang='lat' dir='ltr'><strong>suum</strong></span> <span class='ocrx_word' id='word_1_445' title='bbox 2438 3459 2545 3515; x_wconf 88' lang='lat' dir='ltr'><strong>sibi</strong></span> <span class='ocrx_word' id='word_1_446' title='bbox 2583 3459 2903 3515; x_wconf 76' lang='lat' dir='ltr'><strong>dedicatum</strong></span> <span class='ocrx_word' id='word_1_447' title='bbox 2928 3459 3217 3519; x_wconf 88' lang='lat' dir='ltr'><strong>fortiorem</strong></span> <span class='ocrx_word' id='word_1_448' title='bbox 3247 3463 3450 3530; x_wconf 85' lang='lat' dir='ltr'><strong>reddit,</strong></span> <span class='ocrx_word' id='word_1_449' title='bbox 3502 3476 3556 3522; x_wconf 92' lang='lat' dir='ltr'><strong>et</strong></span> <span class='ocrx_word' id='word_1_450' title='bbox 3583 3484 3682 3539; x_wconf 89' lang='lat' dir='ltr'><strong>pro</strong></span> 
     </span>
    </p>
   </div>
   <div class='ocr_carea' id='block_1_74' title="bbox 2104 3551 3681 3630">
    <p class='ocr_par' dir='ltr' id='par_1_74' title="bbox 2104 3551 3681 3630">
     <span class='ocr_line' id='line_1_75' title="bbox 2104 3551 3681 3630; baseline 0.006 -25"><span class='ocrx_word' id='word_1_451' title='bbox 2104 3551 2254 3608; x_wconf 90' lang='lat' dir='ltr'><strong>illius</strong></span> <span class='ocrx_word' id='word_1_452' title='bbox 2281 3562 2486 3624; x_wconf 79' lang='lat' dir='ltr'><strong>pugnat</strong></span> <span class='ocrx_word' id='word_1_453' title='bbox 2512 3551 2716 3614; x_wconf 81' lang='lat' dir='ltr'><strong>salute,</strong></span> <span class='ocrx_word' id='word_1_454' title='bbox 2745 3553 2841 3624; x_wconf 85' lang='lat' dir='ltr'><strong>qui</strong></span> <span class='ocrx_word' id='word_1_455' title='bbox 2874 3553 3130 3610; x_wconf 87' lang='lat' dir='ltr'><strong>mandato</strong></span> <span class='ocrx_word' id='word_1_456' title='bbox 3164 3555 3288 3626; x_wconf 86' lang='lat' dir='ltr'><strong>ejus</strong></span> <span class='ocrx_word' id='word_1_457' title='bbox 3331 3557 3400 3612; x_wconf 91' lang='lat' dir='ltr'><strong>ad</strong></span> <span class='ocrx_word' id='word_1_458' title='bbox 3453 3573 3681 3630; x_wconf 79' lang='lat' dir='ltr'><strong>regnum</strong></span> 
     </span>
    </p>
   </div>
   <div class='ocr_carea' id='block_1_75' title="bbox 2108 3643 3682 3724">
    <p class='ocr_par' dir='ltr' id='par_1_75' title="bbox 2108 3643 3682 3724">
     <span class='ocr_line' id='line_1_76' title="bbox 2108 3643 3682 3724; baseline 0.005 -23"><span class='ocrx_word' id='word_1_459' title='bbox 2108 3654 2311 3703; x_wconf 91' lang='lat' dir='ltr'><strong>unctus</strong></span> <span class='ocrx_word' id='word_1_460' title='bbox 2339 3653 2424 3700; x_wconf 89' lang='lat' dir='ltr'><strong>est</strong></span> <span class='ocrx_word' id='word_1_461' title='bbox 2479 3643 2760 3717; x_wconf 81' lang='lat' dir='ltr'><strong>[Christus</strong></span> <span class='ocrx_word' id='word_1_462' title='bbox 2821 3645 3026 3699; x_wconf 87' lang='lat' dir='ltr'><strong>etenim</strong></span> <span class='ocrx_word' id='word_1_463' title='bbox 3084 3659 3309 3701; x_wconf 90' lang='lat' dir='ltr'><strong>unctum</strong></span> <span class='ocrx_word' id='word_1_464' title='bbox 3364 3650 3682 3724; x_wconf 81' lang='lat' dir='ltr'><strong>signiﬁcat].</strong></span> 
     </span>
    </p>
   </div>
   <div class='ocr_carea' id='block_1_76' title="bbox 2112 3734 3686 3807">
    <p class='ocr_par' dir='ltr' id='par_1_76' title="bbox 2112 3734 3686 3807">
     <span class='ocr_line' id='line_1_77' title="bbox 2112 3734 3686 3807; baseline 0.005 -17"><span class='ocrx_word' id='word_1_465' title='bbox 2112 3737 2185 3794; x_wconf 84' lang='lat' dir='ltr'><strong>De</strong></span> <span class='ocrx_word' id='word_1_466' title='bbox 2220 3738 2405 3806; x_wconf 85' lang='lat' dir='ltr'><strong>seipso</strong></span> <span class='ocrx_word' id='word_1_467' title='bbox 2436 3745 2618 3789; x_wconf 87' lang='lat' dir='ltr'><strong>autem</strong></span> <span class='ocrx_word' id='word_1_468' title='bbox 2649 3749 2714 3788; x_wconf 87' lang='lat' dir='ltr'><strong>ac</strong></span> <span class='ocrx_word' id='word_1_469' title='bbox 2750 3734 2817 3788; x_wconf 88' lang='lat' dir='ltr'><strong>de</strong></span> <span class='ocrx_word' id='word_1_470' title='bbox 2845 3743 2964 3789; x_wconf 88' lang='lat' dir='ltr'><strong>toto</strong></span> <span class='ocrx_word' id='word_1_471' title='bbox 2996 3738 3199 3807; x_wconf 85' lang='lat' dir='ltr'><strong>populo</strong></span> <span class='ocrx_word' id='word_1_472' title='bbox 3239 3754 3550 3797; x_wconf 89' lang='lat' dir='ltr'><strong>sermonem</strong></span> <span class='ocrx_word' id='word_1_473' title='bbox 3599 3744 3686 3798; x_wconf 87' lang='lat' dir='ltr'><strong>fa-</strong></span> 
     </span>
    </p>
   </div>
   <div class='ocr_carea' id='block_1_77' title="bbox 2109 3825 3372 3898">
    <p class='ocr_par' dir='ltr' id='par_1_77' title="bbox 2109 3825 3372 3898">
     <span class='ocr_line' id='line_1_78' title="bbox 2109 3825 3372 3898; baseline 0.002 -15"><span class='ocrx_word' id='word_1_474' title='bbox 2109 3832 2205 3896; x_wconf 87' lang='lat' dir='ltr'><strong>cit,</strong></span> <span class='ocrx_word' id='word_1_475' title='bbox 2231 3829 2400 3883; x_wconf 81' lang='lat' dir='ltr'><strong>velnti</strong></span> <span class='ocrx_word' id='word_1_476' title='bbox 2437 3826 2699 3898; x_wconf 68' lang='lat' dir='ltr'><strong>prazscius</strong></span> <span class='ocrx_word' id='word_1_477' title='bbox 2724 3825 2923 3881; x_wconf 71' lang='lat' dir='ltr'><strong>futurae</strong></span> <span class='ocrx_word' id='word_1_478' title='bbox 2946 3829 3372 3886; x_wconf 85' lang='lat' dir='ltr'><strong>immutationis.</strong></span> 
     </span>
    </p>
   </div>
   <div class='ocr_carea' id='block_1_78' title="bbox 2181 3940 3688 4010">
    <p class='ocr_par' dir='ltr' id='par_1_78' title="bbox 2181 3940 3688 4010">
     <span class='ocr_line' id='line_1_79' title="bbox 2181 3940 3688 4010; baseline 0.001 -12"><span class='ocrx_word' id='word_1_479' title='bbox 2181 3945 2350 3998; x_wconf 70' lang='lat' dir='ltr'><strong>Vens.</strong></span> <span class='ocrx_word' id='word_1_480' title='bbox 2385 3942 2440 3998; x_wconf 87' lang='lat'><strong>9.</strong></span> <span class='ocrx_word' id='word_1_481' title='bbox 2473 3940 2695 3997; x_wconf 75' lang='lat' dir='ltr'><strong>Salvum</strong></span> <span class='ocrx_word' id='word_1_482' title='bbox 2725 3940 2813 4009; x_wconf 77' lang='lat' dir='ltr'><strong>fac</strong></span> <span class='ocrx_word' id='word_1_483' title='bbox 2848 3941 3102 4010; x_wconf 84' lang='lat' dir='ltr'><strong>papulum</strong></span> <span class='ocrx_word' id='word_1_484' title='bbox 3130 3951 3299 4007; x_wconf 80' lang='lat' dir='ltr'><strong>tuum,</strong></span> <span class='ocrx_word' id='word_1_485' title='bbox 3332 3943 3571 4010; x_wconf 87' lang='lat' dir='ltr'><strong>Domine,</strong></span> <span class='ocrx_word' id='word_1_486' title='bbox 3602 3947 3688 4000; x_wconf 54' lang='lat' dir='ltr'><strong>be.</strong></span> 
     </span>
    </p>
   </div>
   <div class='ocr_carea' id='block_1_79' title="bbox 2111 4030 3688 4103">
    <p class='ocr_par' dir='ltr' id='par_1_79' title="bbox 2111 4030 3688 4103">
     <span class='ocr_line' id='line_1_80' title="bbox 2111 4030 3688 4103; baseline 0.001 -16"><span class='ocrx_word' id='word_1_487' title='bbox 2111 4033 2262 4087; x_wconf 84' lang='lat' dir='ltr'><strong>nedic</strong></span> <span class='ocrx_word' id='word_1_488' title='bbox 2294 4031 2596 4086; x_wconf 67' lang='lat' dir='ltr'><strong>Itan-editati</strong></span> <span class='ocrx_word' id='word_1_489' title='bbox 2627 4040 2752 4082; x_wconf 68' lang='lat' dir='ltr'><strong>tua’.</strong></span> <span class='ocrx_word' id='word_1_490' title='bbox 2776 4030 2945 4095; x_wconf 81' lang='lat' dir='ltr'><strong>Quasi</strong></span> <span class='ocrx_word' id='word_1_491' title='bbox 2968 4034 3080 4099; x_wconf 87' lang='lat' dir='ltr'><strong>jam</strong></span> <span class='ocrx_word' id='word_1_492' title='bbox 3126 4047 3352 4100; x_wconf 89' lang='lat' dir='ltr'><strong>regnum</strong></span> <span class='ocrx_word' id='word_1_493' title='bbox 3393 4042 3688 4103; x_wconf 81' lang='lat' dir='ltr'><strong>susceptu-</strong></span> 
     </span>
    </p>
   </div>
   <div class='ocr_carea' id='block_1_80' title="bbox 2113 4116 3690 4195">
    <p class='ocr_par' dir='ltr' id='par_1_80' title="bbox 2113 4116 3690 4195">
     <span class='ocr_line' id='line_1_81' title="bbox 2113 4116 3690 4195; baseline 0.004 -22"><span class='ocrx_word' id='word_1_494' title='bbox 2113 4135 2210 4173; x_wconf 87' lang='lat' dir='ltr'><strong>rus</strong></span> <span class='ocrx_word' id='word_1_495' title='bbox 2245 4127 2416 4183; x_wconf 88' lang='lat' dir='ltr'><strong>esset,</strong></span> <span class='ocrx_word' id='word_1_496' title='bbox 2443 4129 2498 4171; x_wconf 84' lang='lat' dir='ltr'><strong>et</strong></span> <span class='ocrx_word' id='word_1_497' title='bbox 2530 4116 2662 4170; x_wconf 86' lang='lat' dir='ltr'><strong>huic</strong></span> <span class='ocrx_word' id='word_1_498' title='bbox 2695 4116 2774 4169; x_wconf 89' lang='lat' dir='ltr'><strong>rei</strong></span> <span class='ocrx_word' id='word_1_499' title='bbox 2802 4117 3031 4186; x_wconf 85' lang='lat' dir='ltr'><strong>propior</strong></span> <span class='ocrx_word' id='word_1_500' title='bbox 3087 4133 3250 4188; x_wconf 86' lang='lat' dir='ltr'><strong>quam</strong></span> <span class='ocrx_word' id='word_1_501' title='bbox 3302 4130 3484 4189; x_wconf 86' lang='lat' dir='ltr'><strong>antea,</strong></span> <span class='ocrx_word' id='word_1_502' title='bbox 3532 4133 3690 4195; x_wconf 84' lang='lat' dir='ltr'><strong>rogat.</strong></span> 
     </span>
    </p>
   </div>
   <div class='ocr_carea' id='block_1_81' title="bbox 2113 4208 3689 4283">
    <p class='ocr_par' dir='ltr' id='par_1_81' title="bbox 2113 4208 3689 4283">
     <span class='ocr_line' id='line_1_82' title="bbox 2113 4208 3689 4283; baseline 0.006 -19"><span class='ocrx_word' id='word_1_503' title='bbox 2113 4211 2388 4283; x_wconf 85' lang='lat' dir='ltr'><strong>Propheta</strong></span> <span class='ocrx_word' id='word_1_504' title='bbox 2422 4224 2522 4281; x_wconf 87' lang='lat' dir='ltr'><strong>pro</strong></span> <span class='ocrx_word' id='word_1_505' title='bbox 2553 4209 2753 4280; x_wconf 83' lang='lat' dir='ltr'><strong>populo</strong></span> <span class='ocrx_word' id='word_1_506' title='bbox 2814 4208 2952 4277; x_wconf 88' lang='lat' dir='ltr'><strong>Dei;</strong></span> <span class='ocrx_word' id='word_1_507' title='bbox 2982 4211 3206 4280; x_wconf 87' lang='lat' dir='ltr'><strong>etquod</strong></span> <span class='ocrx_word' id='word_1_508' title='bbox 3242 4212 3548 4271; x_wconf 82' lang='lat' dir='ltr'><strong>haereditati</strong></span> <span class='ocrx_word' id='word_1_509' title='bbox 3572 4235 3689 4274; x_wconf 65' lang='lat' dir='ltr'><strong>sum</strong></span> 
     </span>
    </p>
   </div>
   <div class='ocr_carea' id='block_1_82' title="bbox 2115 4301 3691 4376">
    <p class='ocr_par' dir='ltr' id='par_1_82' title="bbox 2115 4301 3691 4376">
     <span class='ocr_line' id='line_1_83' title="bbox 2115 4301 3691 4376; baseline 0.005 -17"><span class='ocrx_word' id='word_1_510' title='bbox 2115 4305 2269 4368; x_wconf 89' lang='lat' dir='ltr'><strong>dicit,</strong></span> <span class='ocrx_word' id='word_1_511' title='bbox 2295 4303 2472 4358; x_wconf 85' lang='lat' dir='ltr'><strong>simile</strong></span> <span class='ocrx_word' id='word_1_512' title='bbox 2502 4303 2550 4356; x_wconf 93' lang='lat' dir='ltr'><strong>ci</strong></span> <span class='ocrx_word' id='word_1_513' title='bbox 2574 4309 2655 4356; x_wconf 75' lang='lat' dir='ltr'><strong>est</strong></span> <span class='ocrx_word' id='word_1_514' title='bbox 2710 4301 2855 4370; x_wconf 89' lang='lat' dir='ltr'><strong>quod</strong></span> <span class='ocrx_word' id='word_1_515' title='bbox 2900 4303 3130 4372; x_wconf 83' lang='lat' dir='ltr'><strong>legimus</strong></span> <span class='ocrx_word' id='word_1_516' title='bbox 3201 4304 3255 4358; x_wconf 91' lang='lat' dir='ltr'><strong>in</strong></span> <span class='ocrx_word' id='word_1_517' title='bbox 3322 4306 3532 4376; x_wconf 82' lang='lat' dir='ltr'><strong>Exodo,</strong></span> <span class='ocrx_word' id='word_1_518' title='bbox 3598 4313 3691 4368; x_wconf 72' lang='lat' dir='ltr'><strong>ubi</strong></span> 
     </span>
    </p>
   </div>
   <div class='ocr_carea' id='block_1_83' title="bbox 2115 4395 3694 4468">
    <p class='ocr_par' dir='ltr' id='par_1_83' title="bbox 2115 4395 3694 4468">
     <span class='ocr_line' id='line_1_84' title="bbox 2115 4395 3694 4468; baseline 0.003 -16"><span class='ocrx_word' id='word_1_519' title='bbox 2115 4397 2392 4453; x_wconf 88' lang='lat' dir='ltr'><strong>lsraelitas</strong></span> <span class='ocrx_word' id='word_1_520' title='bbox 2415 4395 2560 4450; x_wconf 84' lang='lat' dir='ltr'><strong>Deus</strong></span> <span class='ocrx_word' id='word_1_521' title='bbox 2593 4395 2851 4465; x_wconf 88' lang='lat' dir='ltr'><strong>populum</strong></span> <span class='ocrx_word' id='word_1_522' title='bbox 2890 4411 3050 4452; x_wconf 90' lang='lat' dir='ltr'><strong>suum</strong></span> <span class='ocrx_word' id='word_1_523' title='bbox 3085 4397 3569 4468; x_wconf 86' lang='lat' dir='ltr'><strong>peculiarem,hoc</strong></span> <span class='ocrx_word' id='word_1_524' title='bbox 3601 4413 3694 4460; x_wconf 86' lang='lat' dir='ltr'><strong>est</strong></span> 
     </span>
    </p>
   </div>
   <div class='ocr_carea' id='block_1_84' title="bbox 2120 4486 2876 4556">
    <p class='ocr_par' dir='ltr' id='par_1_84' title="bbox 2120 4486 2876 4556">
     <span class='ocr_line' id='line_1_85' title="bbox 2120 4486 2876 4556; baseline -0.005 -14"><span class='ocrx_word' id='word_1_525' title='bbox 2120 4486 2526 4542; x_wconf 69' lang='lat' dir='ltr'><strong>hmreditarium</strong></span> <span class='ocrx_word' id='word_1_526' title='bbox 2564 4486 2876 4556; x_wconf 82' lang='lat' dir='ltr'><strong>appellavit.</strong></span> 
     </span>
    </p>
   </div>
   <div class='ocr_carea' id='block_1_85' title="bbox 490 4568 1996 4679">
    <p class='ocr_par' dir='ltr' id='par_1_85' title="bbox 490 4601 1996 4676">
     <span class='ocr_line' id='line_1_86' title="bbox 490 4601 1996 4676; baseline -0.006 -14"><span class='ocrx_word' id='word_1_527' title='bbox 490 4608 605 4662; x_wconf 82' lang='lat' dir='ltr'><strong>Kal</strong></span> <span class='ocrx_word' id='word_1_528' title='bbox 638 4607 938 4676; x_wconf 78' lang='grc' dir='ltr'>ποίμαγον</span> <span class='ocrx_word' id='word_1_529' title='bbox 976 4605 1219 4671; x_wconf 82' lang='grc' dir='ltr'>αὐτούς.</span> <span class='ocrx_word' id='word_1_530' title='bbox 1251 4601 1838 4674; x_wconf 74' lang='grc' dir='ltr'>Συμϐασιλεύωνὲμοὶ,</span> <span class='ocrx_word' id='word_1_531' title='bbox 1864 4619 1996 4671; x_wconf 90' lang='grc' dir='ltr'>συμ-</span> 
     </span>
    </p>
   </div>
   <div class='ocr_carea' id='block_1_86' title="bbox 2104 4568 3698 4679">
    <p class='ocr_par' dir='ltr' id='par_1_86' title="bbox 2187 4598 3698 4679">
     <span class='ocr_line' id='line_1_87' title="bbox 2187 4598 3698 4679; baseline 0.007 -24"><span class='ocrx_word' id='word_1_532' title='bbox 2187 4601 2255 4655; x_wconf 89' lang='lat' dir='ltr'><strong>Et</strong></span> <span class='ocrx_word' id='word_1_533' title='bbox 2282 4617 2437 4668; x_wconf 77' lang='lat' dir='ltr'><strong>pasce</strong></span> <span class='ocrx_word' id='word_1_534' title='bbox 2467 4617 2576 4654; x_wconf 73' lang='lat' dir='ltr'><strong>eos.</strong></span> <span class='ocrx_word' id='word_1_535' title='bbox 2647 4598 2820 4653; x_wconf 85' lang='lat' dir='ltr'><strong>Simul</strong></span> <span class='ocrx_word' id='word_1_536' title='bbox 2870 4613 3084 4654; x_wconf 87' lang='lat' dir='ltr'><strong>mecum</strong></span> <span class='ocrx_word' id='word_1_537' title='bbox 3122 4617 3354 4672; x_wconf 89' lang='lat' dir='ltr'><strong>regnans</strong></span> <span class='ocrx_word' id='word_1_538' title='bbox 3384 4644 3399 4670; x_wconf 93' lang='lat'><strong>,</strong></span> <span class='ocrx_word' id='word_1_539' title='bbox 3450 4609 3698 4679; x_wconf 82' lang='lat' dir='ltr'><strong>mihique</strong></span> 
     </span>
    </p>
   </div>
   <div class='ocr_carea' id='block_1_87' title="bbox 422 4699 866 4768">
    <p class='ocr_par' dir='ltr' id='par_1_87' title="bbox 422 4699 866 4768">
     <span class='ocr_line' id='line_1_88' title="bbox 422 4699 866 4768; baseline -0.002 -16"><span class='ocrx_word' id='word_1_540' title='bbox 422 4699 699 4754; x_wconf 74' lang='grc' dir='ltr'>δουλεύων</span> <span class='ocrx_word' id='word_1_541' title='bbox 723 4701 747 4752; x_wconf 79' lang='grc' dir='ltr'>ὲ</span> <span class='ocrx_word' id='word_1_542' title='bbox 755 4699 846 4768; x_wconf 80' lang='grc' dir='ltr'><strong>μοί</strong></span> <span class='ocrx_word' id='word_1_543' title='bbox 852 4735 866 4751; x_wconf 94' lang='grc'><strong>.</strong></span> 
     </span>
    </p>
   </div>
   <div class='ocr_carea' id='block_1_88' title="bbox 497 4807 2011 4886">
    <p class='ocr_par' dir='ltr' id='par_1_88' title="bbox 497 4807 2011 4886">
     <span class='ocr_line' id='line_1_89' title="bbox 497 4807 2011 4886; baseline -0.009 -16"><span class='ocrx_word' id='word_1_544' title='bbox 497 4816 611 4870; x_wconf 76' lang='lat' dir='ltr'><strong>Kal</strong></span> <span class='ocrx_word' id='word_1_545' title='bbox 665 4815 895 4882; x_wconf 62' lang='grc' dir='ltr'>ἔπταρον</span> <span class='ocrx_word' id='word_1_546' title='bbox 971 4811 1195 4886; x_wconf 56' lang='lat' dir='ltr'><strong>aptat);-</strong></span> <span class='ocrx_word' id='word_1_547' title='bbox 1259 4810 1370 4876; x_wconf 79' lang='grc' dir='ltr'>ἕως</span> <span class='ocrx_word' id='word_1_548' title='bbox 1430 4810 1539 4865; x_wconf 83' lang='grc' dir='ltr'>τοῦ</span> <span class='ocrx_word' id='word_1_549' title='bbox 1586 4808 1822 4874; x_wconf 82' lang='grc' dir='ltr'>αἰῶνος.</span> <span class='ocrx_word' id='word_1_550' title='bbox 1903 4807 2011 4859; x_wconf 79' lang='grc' dir='ltr'><strong>Καὶ</strong></span> 
     </span>
    </p>
   </div>
   <div class='ocr_carea' id='block_1_89' title="bbox 430 4899 2012 4980">
    <p class='ocr_par' dir='ltr' id='par_1_89' title="bbox 430 4899 2012 4980">
     <span class='ocr_line' id='line_1_90' title="bbox 430 4899 2012 4980; baseline -0.008 -16"><span class='ocrx_word' id='word_1_551' title='bbox 430 4911 655 4980; x_wconf 60' lang='lat' dir='ltr'><strong>comm</strong></span> <span class='ocrx_word' id='word_1_552' title='bbox 678 4911 793 4971; x_wconf 80' lang='grc' dir='ltr'>τοῖς</span> <span class='ocrx_word' id='word_1_553' title='bbox 822 4905 1109 4978; x_wconf 74' lang='grc' dir='ltr'>τροπαίοις</span> <span class='ocrx_word' id='word_1_554' title='bbox 1137 4907 1299 4974; x_wconf 84' lang='grc' dir='ltr'>μέχρι</span> <span class='ocrx_word' id='word_1_555' title='bbox 1327 4903 1547 4965; x_wconf 80' lang='grc' dir='ltr'>παντός.</span> <span class='ocrx_word' id='word_1_556' title='bbox 1565 4901 1802 4956; x_wconf 86' lang='grc' dir='ltr'>Δύναται</span> <span class='ocrx_word' id='word_1_557' title='bbox 1832 4899 1890 4952; x_wconf 82' lang='grc' dir='ltr'><strong>δὲ</strong></span> <span class='ocrx_word' id='word_1_558' title='bbox 1919 4901 2012 4951; x_wconf 75' lang='grc' dir='ltr'><strong>καὶ</strong></span> 
     </span>
    </p>
   </div>
   <div class='ocr_carea' id='block_1_90' title="bbox 427 4998 1211 5075">
    <p class='ocr_par' dir='ltr' id='par_1_90' title="bbox 427 4998 1211 5075">
     <span class='ocr_line' id='line_1_91' title="bbox 427 4998 1211 5075; baseline -0.009 -18"><span class='ocrx_word' id='word_1_559' title='bbox 427 5008 460 5075; x_wconf 74' lang='grc' dir='ltr'><strong>ἡ</strong></span> <span class='ocrx_word' id='word_1_560' title='bbox 496 5006 612 5074; x_wconf 66' lang='grc' dir='ltr'>ἀρὰ</span> <span class='ocrx_word' id='word_1_561' title='bbox 645 5002 764 5064; x_wconf 83' lang='grc' dir='ltr'>τοῦ,</span> <span class='ocrx_word' id='word_1_562' title='bbox 818 5002 929 5065; x_wconf 75' lang='grc' dir='ltr'><strong>Δὸς</strong></span> <span class='ocrx_word' id='word_1_563' title='bbox 983 4998 1211 5064; x_wconf 82' lang='grc' dir='ltr'>αὐτοῖς,</span> 
     </span>
    </p>
   </div>
   <div class='ocr_carea' id='block_1_91' title="bbox 429 5085 2013 5160">
    <p class='ocr_par' dir='ltr' id='par_1_91' title="bbox 429 5085 2013 5160">
     <span class='ocr_line' id='line_1_92' title="bbox 429 5085 2013 5160; baseline -0.009 -13"><span class='ocrx_word' id='word_1_564' title='bbox 429 5093 656 5153; x_wconf 77' lang='grc' dir='ltr'><strong>ιιὺτῶν,</strong></span> <span class='ocrx_word' id='word_1_565' title='bbox 689 5095 785 5144; x_wconf 80' lang='grc' dir='ltr'><strong>καὶ</strong></span> <span class='ocrx_word' id='word_1_566' title='bbox 817 5092 882 5144; x_wconf 69' lang='grc' dir='ltr'><strong>τὰ</strong></span> <span class='ocrx_word' id='word_1_567' title='bbox 902 5089 1050 5160; x_wconf 77' lang='grc' dir='ltr'><strong>ἑξῆς,</strong></span> <span class='ocrx_word' id='word_1_568' title='bbox 1083 5091 1178 5142; x_wconf 73' lang='grc' dir='ltr'><strong>καὶ</strong></span> <span class='ocrx_word' id='word_1_569' title='bbox 1209 5089 1354 5141; x_wconf 69' lang='grc' dir='ltr'>κατὰ</span> <span class='ocrx_word' id='word_1_570' title='bbox 1409 5087 1522 5140; x_wconf 81' lang='grc' dir='ltr'><strong>τῶν</strong></span> <span class='ocrx_word' id='word_1_571' title='bbox 1575 5085 2013 5154; x_wconf 83' lang='grc' dir='ltr'>σταυρωσὰντων</span> 
     </span>
    </p>
   </div>
   <div class='ocr_carea' id='block_1_92' title="bbox 427 5173 2014 5255">
    <p class='ocr_par' dir='ltr' id='par_1_92' title="bbox 427 5173 2014 5255">
     <span class='ocr_line' id='line_1_93' title="bbox 427 5173 2014 5255; baseline -0.01 -15"><span class='ocrx_word' id='word_1_572' title='bbox 427 5189 521 5240; x_wconf 72' lang='grc' dir='ltr'><strong>τὸν</strong></span> <span class='ocrx_word' id='word_1_573' title='bbox 554 5183 798 5255; x_wconf 59' lang='grc' dir='ltr'>Χριστόν</span> <span class='ocrx_word' id='word_1_574' title='bbox 822 5182 1097 5237; x_wconf 85' lang='grc' dir='ltr'>Ἰουδαίων</span> <span class='ocrx_word' id='word_1_575' title='bbox 1126 5180 1407 5242; x_wconf 77' lang='grc' dir='ltr'>ἕλκεσθαι,</span> <span class='ocrx_word' id='word_1_576' title='bbox 1459 5179 1657 5239; x_wconf 76' lang='grc' dir='ltr'>οἵτινες</span> <span class='ocrx_word' id='word_1_577' title='bbox 1717 5173 2014 5246; x_wconf 79' lang='grc' dir='ltr'>παμπόνη-</span> 
     </span>
    </p>
   </div>
   <div class='ocr_carea' id='block_1_93' title="bbox 434 5266 2020 5350">
    <p class='ocr_par' dir='ltr' id='par_1_93' title="bbox 434 5266 2020 5350">
     <span class='ocr_line' id='line_1_94' title="bbox 434 5266 2020 5350; baseline -0.009 -19"><span class='ocrx_word' id='word_1_578' title='bbox 434 5297 519 5350; x_wconf 83' lang='grc' dir='ltr'><strong>ροι</strong></span> <span class='ocrx_word' id='word_1_579' title='bbox 546 5279 725 5340; x_wconf 69' lang='grc' dir='ltr'>ὄντες,</span> <span class='ocrx_word' id='word_1_580' title='bbox 751 5275 814 5328; x_wconf 81' lang='grc' dir='ltr'>οὐ</span> <span class='ocrx_word' id='word_1_581' title='bbox 852 5277 1096 5344; x_wconf 71' lang='grc' dir='ltr'>συνῆκαν</span> <span class='ocrx_word' id='word_1_582' title='bbox 1128 5275 1209 5336; x_wconf 86' lang='grc' dir='ltr'>εἰς</span> <span class='ocrx_word' id='word_1_583' title='bbox 1229 5272 1263 5326; x_wconf 77' lang='grc' dir='ltr'>ἃ</span> <span class='ocrx_word' id='word_1_584' title='bbox 1293 5269 1569 5341; x_wconf 72' lang='grc' dir='ltr'>ἠργάζετο</span> <span class='ocrx_word' id='word_1_585' title='bbox 1618 5270 1902 5338; x_wconf 84' lang='grc' dir='ltr'>τεράστια.</span> <span class='ocrx_word' id='word_1_586' title='bbox 1928 5266 2020 5318; x_wconf 86' lang='grc' dir='ltr'><strong>Διὸ</strong></span> 
     </span>
    </p>
   </div>
   <div class='ocr_carea' id='block_1_94' title="bbox 432 5357 2022 5438">
    <p class='ocr_par' dir='ltr' id='par_1_94' title="bbox 432 5357 2022 5438">
     <span class='ocr_line' id='line_1_95' title="bbox 432 5357 2022 5438; baseline -0.01 -14"><span class='ocrx_word' id='word_1_587' title='bbox 432 5366 890 5438; x_wconf 80' lang='grc' dir='ltr'>καθαιρεθέντες,</span> <span class='ocrx_word' id='word_1_588' title='bbox 959 5365 1142 5419; x_wconf 70' lang='grc' dir='ltr'>οὐκέτι</span> <span class='ocrx_word' id='word_1_589' title='bbox 1199 5361 1606 5431; x_wconf 80' lang='grc' dir='ltr'>ἀνωρθώθησαν</span> <span class='ocrx_word' id='word_1_590' title='bbox 1638 5375 1653 5392; x_wconf 78' lang='grc' dir='ltr'><strong><em>ο</em></strong></span> <span class='ocrx_word' id='word_1_591' title='bbox 1708 5361 1736 5413; x_wconf 79' lang='grc' dir='ltr'>ὁ</span> <span class='ocrx_word' id='word_1_592' title='bbox 1786 5358 1844 5411; x_wconf 81' lang='grc' dir='ltr'><strong>δὲ</strong></span> <span class='ocrx_word' id='word_1_593' title='bbox 1887 5357 2022 5419; x_wconf 71' lang='grc' dir='ltr'>Θεὸς</span> 
     </span>
    </p>
   </div>
   <div class='ocr_carea' id='block_1_95' title="bbox 434 5449 2023 5531">
    <p class='ocr_par' dir='ltr' id='par_1_95' title="bbox 434 5449 2023 5531">
     <span class='ocr_line' id='line_1_96' title="bbox 434 5449 2023 5531; baseline -0.011 -15"><span class='ocrx_word' id='word_1_594' title='bbox 434 5460 820 5531; x_wconf 76' lang='grc' dir='ltr'>ἐκραταὶωσεν</span> <span class='ocrx_word' id='word_1_595' title='bbox 851 5459 942 5512; x_wconf 81' lang='grc' dir='ltr'><strong>τὸν</strong></span> <span class='ocrx_word' id='word_1_596' title='bbox 977 5457 1176 5510; x_wconf 81' lang='grc' dir='ltr'>πιστὸν</span> <span class='ocrx_word' id='word_1_597' title='bbox 1231 5454 1384 5519; x_wconf 77' lang='grc' dir='ltr'>λαὸν,</span> <span class='ocrx_word' id='word_1_598' title='bbox 1443 5454 1538 5507; x_wconf 78' lang='grc' dir='ltr'><strong>καὶ</strong></span> <span class='ocrx_word' id='word_1_599' title='bbox 1582 5451 1653 5505; x_wconf 82' lang='grc' dir='ltr'>τὰ</span> <span class='ocrx_word' id='word_1_600' title='bbox 1711 5450 1862 5519; x_wconf 76' lang='grc' dir='ltr'>ἑξῆς.</span> <span class='ocrx_word' id='word_1_601' title='bbox 1912 5449 2023 5504; x_wconf 67' lang='grc' dir='ltr'><strong>Καὶ</strong></span> 
     </span>
    </p>
   </div>
   <div class='ocr_carea' id='block_1_96' title="bbox 436 5539 2020 5620">
    <p class='ocr_par' dir='ltr' id='par_1_96' title="bbox 436 5539 2020 5620">
     <span class='ocr_line' id='line_1_97' title="bbox 436 5539 2020 5620; baseline -0.01 -12"><span class='ocrx_word' id='word_1_602' title='bbox 436 5551 598 5616; x_wconf 74' lang='grc' dir='ltr'>αὖθις</span> <span class='ocrx_word' id='word_1_603' title='bbox 636 5554 670 5620; x_wconf 83' lang='grc' dir='ltr'>ἡ</span> <span class='ocrx_word' id='word_1_604' title='bbox 696 5551 834 5620; x_wconf 69' lang='grc' dir='ltr'><strong>εὐχὴ</strong></span> <span class='ocrx_word' id='word_1_605' title='bbox 862 5549 1000 5620; x_wconf 74' lang='grc' dir='ltr'>πρὸς</span> <span class='ocrx_word' id='word_1_606' title='bbox 1025 5549 1119 5602; x_wconf 79' lang='grc' dir='ltr'>τὸν</span> <span class='ocrx_word' id='word_1_607' title='bbox 1145 5546 1404 5617; x_wconf 78' lang='grc' dir='ltr'>Χριστὸν,</span> <span class='ocrx_word' id='word_1_608' title='bbox 1430 5545 1572 5615; x_wconf 78' lang='grc' dir='ltr'>ὑπὲρ</span> <span class='ocrx_word' id='word_1_609' title='bbox 1606 5543 1700 5596; x_wconf 83' lang='grc' dir='ltr'>τοῦ</span> <span class='ocrx_word' id='word_1_610' title='bbox 1730 5542 1789 5608; x_wconf 77' lang='grc' dir='ltr'>ἐξ</span> <span class='ocrx_word' id='word_1_611' title='bbox 1848 5539 2020 5595; x_wconf 80' lang='grc' dir='ltr'>ὲονῶν</span> 
     </span>
    </p>
   </div>
   <div class='ocr_carea' id='block_1_97' title="bbox 436 5631 2023 5710">
    <p class='ocr_par' dir='ltr' id='par_1_97' title="bbox 436 5631 2023 5710">
     <span class='ocr_line' id='line_1_98' title="bbox 436 5631 2023 5710; baseline -0.01 -10"><span class='ocrx_word' id='word_1_612' title='bbox 436 5648 570 5701; x_wconf 84' lang='grc' dir='ltr'>λαοῦ</span> <span class='ocrx_word' id='word_1_613' title='bbox 611 5643 784 5700; x_wconf 70' lang='grc' dir='ltr'>αὐτοῦ</span> <span class='ocrx_word' id='word_1_614' title='bbox 816 5643 1064 5704; x_wconf 80' lang='grc' dir='ltr'>δοθέντος</span> <span class='ocrx_word' id='word_1_615' title='bbox 1105 5641 1257 5710; x_wconf 81' lang='grc' dir='ltr'><strong>αὐτῷ</strong></span> <span class='ocrx_word' id='word_1_616' title='bbox 1287 5641 1367 5702; x_wconf 80' lang='grc' dir='ltr'><strong>είς</strong></span> <span class='ocrx_word' id='word_1_617' title='bbox 1421 5637 1810 5709; x_wconf 80' lang='grc' dir='ltr'>κληρονομίαν,</span> <span class='ocrx_word' id='word_1_618' title='bbox 1839 5634 1898 5687; x_wconf 80' lang='grc' dir='ltr'>ὃν</span> <span class='ocrx_word' id='word_1_619' title='bbox 1929 5631 2023 5686; x_wconf 76' lang='grc' dir='ltr'>καὶ</span> 
     </span>
    </p>
   </div>
   <div class='ocr_carea' id='block_1_98' title="bbox 437 5729 1351 5802">
    <p class='ocr_par' dir='ltr' id='par_1_98' title="bbox 437 5729 1351 5802">
     <span class='ocr_line' id='line_1_99' title="bbox 437 5729 1351 5802; baseline -0.008 -12"><span class='ocrx_word' id='word_1_620' title='bbox 437 5738 714 5790; x_wconf 73' lang='grc' dir='ltr'>ἑποίαανε</span> <span class='ocrx_word' id='word_1_621' title='bbox 743 5735 839 5786; x_wconf 76' lang='grc' dir='ltr'><strong>καὶ</strong></span> <span class='ocrx_word' id='word_1_622' title='bbox 863 5732 1080 5802; x_wconf 79' lang='grc' dir='ltr'>ὕψωσεν</span> <span class='ocrx_word' id='word_1_623' title='bbox 1113 5729 1351 5800; x_wconf 82' lang='grc' dir='ltr'>ἀληθῶς.</span> 
     </span>
    </p>
   </div>
   <div class='ocr_carea' id='block_1_99' title="bbox 510 5915 1606 5983">
    <p class='ocr_par' dir='ltr' id='par_1_99' title="bbox 510 5915 1606 5983">
     <span class='ocr_line' id='line_1_100' title="bbox 510 5915 1606 5983; baseline 0.005 -13"><span class='ocrx_word' id='word_1_624' title='bbox 510 5921 554 5951; x_wconf 82' lang='grc'><strong>¹⁶</strong></span> <span class='ocrx_word' id='word_1_625' title='bbox 585 5917 742 5976; x_wconf 86' lang='lat' dir='ltr'><strong>Psal.</strong></span> <span class='ocrx_word' id='word_1_626' title='bbox 778 5933 898 5983; x_wconf 80' lang='lat' dir='ltr'>LIII,</span> <span class='ocrx_word' id='word_1_627' title='bbox 939 5916 992 5970; x_wconf 90' lang='lat'><strong>8.</strong></span> <span class='ocrx_word' id='word_1_628' title='bbox 1085 5916 1127 5948; x_wconf 76' lang='grc'>⁸⁷</span> <span class='ocrx_word' id='word_1_629' title='bbox 1160 5915 1304 5970; x_wconf 76' lang='lat' dir='ltr'><strong>Psal.</strong></span> <span class='ocrx_word' id='word_1_630' title='bbox 1343 5931 1510 5974; x_wconf 73' lang='lat' dir='ltr'><strong>xxv&quot;.</strong></span> <span class='ocrx_word' id='word_1_631' title='bbox 1553 5919 1606 5970; x_wconf 75' lang='grc'>4.</span> 
     </span>
    </p>
   </div>
   <div class='ocr_carea' id='block_1_100' title="bbox 746 6012 1578 6076">
    <p class='ocr_par' dir='ltr' id='par_1_100' title="bbox 746 6012 1578 6076">
     <span class='ocr_line' id='line_1_101' title="bbox 746 6012 1578 6076; baseline -0.008 0"><span class='ocrx_word' id='word_1_632' title='bbox 746 6017 1031 6076; x_wconf 72' lang='grc' dir='ltr'>ΡΑΤειοι..</span> <span class='ocrx_word' id='word_1_633' title='bbox 1083 6012 1201 6071; x_wconf 82' lang='lat' dir='ltr'><strong>Gn.</strong></span> <span class='ocrx_word' id='word_1_634' title='bbox 1237 6012 1578 6074; x_wconf 66' lang='lat' dir='ltr'><strong>CXXVI“.</strong></span> 
     </span>
    </p>
   </div>
   <div class='ocr_carea' id='block_1_101' title="bbox 1294 4991 2016 5065">
    <p class='ocr_par' dir='ltr' id='par_1_101' title="bbox 1294 4991 2016 5065">
     <span class='ocr_line' id='line_1_102' title="bbox 1294 4991 2016 5065; baseline -0.011 -13"><span class='ocrx_word' id='word_1_635' title='bbox 1294 4997 1491 5065; x_wconf 85' lang='grc' dir='ltr'>Κύριε,</span> <span class='ocrx_word' id='word_1_636' title='bbox 1540 4994 1692 5050; x_wconf 83' lang='grc' dir='ltr'>κατὰ</span> <span class='ocrx_word' id='word_1_637' title='bbox 1738 4992 1812 5048; x_wconf 82' lang='grc' dir='ltr'>τὰ</span> <span class='ocrx_word' id='word_1_638' title='bbox 1869 4991 2016 5060; x_wconf 61' lang='grc' dir='ltr'>ἔργα</span> 
     </span>
    </p>
   </div>
   <div class='ocr_carea' id='block_1_102' title="bbox 2117 4695 2429 4752">
    <p class='ocr_par' dir='ltr' id='par_1_102' title="bbox 2117 4695 2429 4752">
     <span class='ocr_line' id='line_1_103' title="bbox 2117 4695 2429 4752; baseline -0.016 0"><span class='ocrx_word' id='word_1_639' title='bbox 2117 4695 2429 4752; x_wconf 81' lang='lat' dir='ltr'><strong>consulens.</strong></span> 
     </span>
    </p>
   </div>
   <div class='ocr_carea' id='block_1_103' title="bbox 2198 4808 3700 4878">
    <p class='ocr_par' dir='ltr' id='par_1_103' title="bbox 2198 4808 3700 4878">
     <span class='ocr_line' id='line_1_104' title="bbox 2198 4808 3700 4878; baseline 0.007 -14"><span class='ocrx_word' id='word_1_640' title='bbox 2198 4811 2262 4864; x_wconf 85' lang='lat' dir='ltr'><strong>Et</strong></span> <span class='ocrx_word' id='word_1_641' title='bbox 2292 4809 2482 4864; x_wconf 74' lang='lat' dir='ltr'><strong>extolle</strong></span> <span class='ocrx_word' id='word_1_642' title='bbox 2506 4825 2592 4864; x_wconf 71' lang='lat' dir='ltr'><strong>eos</strong></span> <span class='ocrx_word' id='word_1_643' title='bbox 2625 4825 2787 4878; x_wconf 85' lang='lat' dir='ltr'><strong>usque</strong></span> <span class='ocrx_word' id='word_1_644' title='bbox 2813 4808 3160 4864; x_wconf 75' lang='lat' dir='ltr'><strong>irtsttculum.</strong></span> <span class='ocrx_word' id='word_1_645' title='bbox 3236 4809 3303 4865; x_wconf 82' lang='lat' dir='ltr'><strong>Et</strong></span> <span class='ocrx_word' id='word_1_646' title='bbox 3355 4816 3560 4870; x_wconf 76' lang='lat' dir='ltr'><strong>extolle</strong></span> <span class='ocrx_word' id='word_1_647' title='bbox 3603 4832 3700 4874; x_wconf 81' lang='lat' dir='ltr'><strong>eos</strong></span> 
     </span>
    </p>
   </div>
   <div class='ocr_carea' id='block_1_104' title="bbox 2124 4901 3700 4976">
    <p class='ocr_par' dir='ltr' id='par_1_104' title="bbox 2124 4901 3700 4976">
     <span class='ocr_line' id='line_1_105' title="bbox 2124 4901 3700 4976; baseline 0.003 -18"><span class='ocrx_word' id='word_1_648' title='bbox 2124 4905 2349 4974; x_wconf 79' lang='lat' dir='ltr'><strong>tropaeis</strong></span> <span class='ocrx_word' id='word_1_649' title='bbox 2401 4902 2702 4970; x_wconf 85' lang='lat' dir='ltr'><strong>perpetuis.</strong></span> <span class='ocrx_word' id='word_1_650' title='bbox 2756 4901 2852 4954; x_wconf 91' lang='lat' dir='ltr'><strong>Illa</strong></span> <span class='ocrx_word' id='word_1_651' title='bbox 2886 4901 3051 4955; x_wconf 89' lang='lat' dir='ltr'><strong>etiam</strong></span> <span class='ocrx_word' id='word_1_652' title='bbox 3084 4903 3406 4972; x_wconf 88' lang='lat' dir='ltr'><strong>imprecatio</strong></span> <span class='ocrx_word' id='word_1_653' title='bbox 3446 4909 3700 4976; x_wconf 82' lang='lat' dir='ltr'><strong>superius</strong></span> 
     </span>
    </p>
   </div>
   <div class='ocr_carea' id='block_1_105' title="bbox 2123 4995 3698 5064">
    <p class='ocr_par' dir='ltr' id='par_1_105' title="bbox 2123 4995 3698 5064">
     <span class='ocr_line' id='line_1_106' title="bbox 2123 4995 3698 5064; baseline 0.001 -13"><span class='ocrx_word' id='word_1_654' title='bbox 2123 4999 2266 5052; x_wconf 85' lang='lat' dir='ltr'><strong>facta</strong></span> <span class='ocrx_word' id='word_1_655' title='bbox 2299 5013 2312 5049; x_wconf 88' lang='lat'><strong>:</strong></span> <span class='ocrx_word' id='word_1_656' title='bbox 2359 4995 2441 5049; x_wconf 91' lang='lat' dir='ltr'><strong>Da</strong></span> <span class='ocrx_word' id='word_1_657' title='bbox 2470 4996 2604 5059; x_wconf 82' lang='lat' dir='ltr'><strong>illis,</strong></span> <span class='ocrx_word' id='word_1_658' title='bbox 2635 4995 2880 5058; x_wconf 79' lang='lat' dir='ltr'><strong>Domine,</strong></span> <span class='ocrx_word' id='word_1_659' title='bbox 2919 4995 3206 5048; x_wconf 73' lang='lat' dir='ltr'><strong>secundum</strong></span> <span class='ocrx_word' id='word_1_660' title='bbox 3239 5013 3396 5064; x_wconf 81' lang='lat' dir='ltr'><strong>opera</strong></span> <span class='ocrx_word' id='word_1_661' title='bbox 3418 5015 3597 5052; x_wconf 87' lang='lat' dir='ltr'><strong>eorum</strong></span> <span class='ocrx_word' id='word_1_662' title='bbox 3633 5001 3698 5064; x_wconf 71' lang='grc' dir='ltr'><strong>υ,</strong></span> 
     </span>
    </p>
   </div>
   <div class='ocr_carea' id='block_1_106' title="bbox 2123 5085 3700 5160">
    <p class='ocr_par' dir='ltr' id='par_1_106' title="bbox 2123 5085 3700 5160">
     <span class='ocr_line' id='line_1_107' title="bbox 2123 5085 3700 5160; baseline 0.001 -19"><span class='ocrx_word' id='word_1_663' title='bbox 2123 5096 2308 5160; x_wconf 85' lang='lat' dir='ltr'><strong>potest</strong></span> <span class='ocrx_word' id='word_1_664' title='bbox 2339 5089 2405 5141; x_wconf 85' lang='lat' dir='ltr'><strong>ad</strong></span> <span class='ocrx_word' id='word_1_665' title='bbox 2437 5086 2798 5141; x_wconf 80' lang='lat' dir='ltr'><strong>cruciﬁxores</strong></span> <span class='ocrx_word' id='word_1_666' title='bbox 2849 5085 3050 5140; x_wconf 87' lang='lat' dir='ltr'><strong>Christi</strong></span> <span class='ocrx_word' id='word_1_667' title='bbox 3102 5085 3340 5143; x_wconf 86' lang='lat' dir='ltr'><strong>referri:</strong></span> <span class='ocrx_word' id='word_1_668' title='bbox 3405 5091 3499 5158; x_wconf 91' lang='lat' dir='ltr'><strong>qui</strong></span> <span class='ocrx_word' id='word_1_669' title='bbox 3552 5092 3700 5144; x_wconf 91' lang='lat' dir='ltr'><strong>omni</strong></span> 
     </span>
    </p>
   </div>
   <div class='ocr_carea' id='block_1_107' title="bbox 2123 5179 3705 5253">
    <p class='ocr_par' dir='ltr' id='par_1_107' title="bbox 2123 5179 3705 5253">
     <span class='ocr_line' id='line_1_108' title="bbox 2123 5179 3705 5253; baseline -0.001 -17"><span class='ocrx_word' id='word_1_670' title='bbox 2123 5184 2397 5253; x_wconf 86' lang='lat' dir='ltr'><strong>pravitate</strong></span> <span class='ocrx_word' id='word_1_671' title='bbox 2433 5180 2652 5244; x_wconf 87' lang='lat' dir='ltr'><strong>imbuti,</strong></span> <span class='ocrx_word' id='word_1_672' title='bbox 2678 5194 2787 5232; x_wconf 88' lang='lat' dir='ltr'><strong>non</strong></span> <span class='ocrx_word' id='word_1_673' title='bbox 2828 5179 3221 5234; x_wconf 76' lang='lat' dir='ltr'><strong>intellexerunt</strong></span> <span class='ocrx_word' id='word_1_674' title='bbox 3263 5181 3553 5241; x_wconf 87' lang='lat' dir='ltr'><strong>miracula,</strong></span> <span class='ocrx_word' id='word_1_675' title='bbox 3609 5191 3705 5234; x_wconf 86' lang='lat' dir='ltr'><strong>aut</strong></span> 
     </span>
    </p>
   </div>
   <div class='ocr_carea' id='block_1_108' title="bbox 2130 5268 3702 5340">
    <p class='ocr_par' dir='ltr' id='par_1_108' title="bbox 2130 5268 3702 5340">
     <span class='ocr_line' id='line_1_109' title="bbox 2130 5268 3702 5340; baseline -0.003 -12"><span class='ocrx_word' id='word_1_676' title='bbox 2130 5272 2422 5328; x_wconf 89' lang='lat' dir='ltr'><strong>aDomino</strong></span> <span class='ocrx_word' id='word_1_677' title='bbox 2480 5271 2647 5326; x_wconf 87' lang='lat' dir='ltr'><strong>facta.</strong></span> <span class='ocrx_word' id='word_1_678' title='bbox 2707 5268 3055 5340; x_wconf 85' lang='lat' dir='ltr'><strong>Quapropter</strong></span> <span class='ocrx_word' id='word_1_679' title='bbox 3114 5278 3168 5324; x_wconf 91' lang='lat' dir='ltr'><strong>et</strong></span> <span class='ocrx_word' id='word_1_680' title='bbox 3233 5269 3504 5324; x_wconf 86' lang='lat' dir='ltr'><strong>destructi</strong></span> <span class='ocrx_word' id='word_1_681' title='bbox 3555 5281 3702 5336; x_wconf 79' lang='lat' dir='ltr'><strong>sunt,</strong></span> 
     </span>
    </p>
   </div>
   <div class='ocr_carea' id='block_1_109' title="bbox 2134 5359 3709 5432">
    <p class='ocr_par' dir='ltr' id='par_1_109' title="bbox 2134 5359 3709 5432">
     <span class='ocr_line' id='line_1_110' title="bbox 2134 5359 3709 5432; baseline -0.003 -14"><span class='ocrx_word' id='word_1_682' title='bbox 2134 5374 2189 5418; x_wconf 85' lang='lat' dir='ltr'><strong>et</strong></span> <span class='ocrx_word' id='word_1_683' title='bbox 2213 5363 2449 5432; x_wconf 86' lang='lat' dir='ltr'><strong>amplius</strong></span> <span class='ocrx_word' id='word_1_684' title='bbox 2539 5376 2647 5415; x_wconf 92' lang='lat' dir='ltr'><strong>non</strong></span> <span class='ocrx_word' id='word_1_685' title='bbox 2744 5361 2965 5415; x_wconf 89' lang='lat' dir='ltr'><strong>erecti:</strong></span> <span class='ocrx_word' id='word_1_686' title='bbox 3051 5369 3244 5413; x_wconf 87' lang='lat' dir='ltr'><strong>contra</strong></span> <span class='ocrx_word' id='word_1_687' title='bbox 3333 5368 3513 5411; x_wconf 84' lang='lat' dir='ltr'><strong>autem</strong></span> <span class='ocrx_word' id='word_1_688' title='bbox 3565 5359 3709 5414; x_wconf 83' lang='lat' dir='ltr'><strong>Deus</strong></span> 
     </span>
    </p>
   </div>
   <div class='ocr_carea' id='block_1_110' title="bbox 2136 5451 3708 5526">
    <p class='ocr_par' dir='ltr' id='par_1_110' title="bbox 2136 5451 3708 5526">
     <span class='ocr_line' id='line_1_111' title="bbox 2136 5451 3708 5526; baseline -0.001 -18"><span class='ocrx_word' id='word_1_689' title='bbox 2136 5456 2402 5526; x_wconf 89' lang='lat' dir='ltr'><strong>populum</strong></span> <span class='ocrx_word' id='word_1_690' title='bbox 2429 5467 2590 5508; x_wconf 83' lang='lat' dir='ltr'><strong>suum</strong></span> <span class='ocrx_word' id='word_1_691' title='bbox 2619 5451 2958 5513; x_wconf 82' lang='lat' dir='ltr'><strong>fortiﬁcavit,</strong></span> <span class='ocrx_word' id='word_1_692' title='bbox 2992 5460 3046 5504; x_wconf 91' lang='lat' dir='ltr'><strong>et</strong></span> <span class='ocrx_word' id='word_1_693' title='bbox 3071 5463 3192 5517; x_wconf 72' lang='lat' dir='ltr'><strong>quae</strong></span> <span class='ocrx_word' id='word_1_694' title='bbox 3250 5461 3572 5518; x_wconf 79' lang='lat' dir='ltr'><strong>sequuntur,</strong></span> <span class='ocrx_word' id='word_1_695' title='bbox 3599 5462 3708 5506; x_wconf 83' lang='lat' dir='ltr'><strong>etc.</strong></span> 
     </span>
    </p>
   </div>
   <div class='ocr_carea' id='block_1_111' title="bbox 2135 5541 3712 5615">
    <p class='ocr_par' dir='ltr' id='par_1_111' title="bbox 2135 5541 3712 5615">
     <span class='ocr_line' id='line_1_112' title="bbox 2135 5541 3712 5615; baseline -0.004 -11"><span class='ocrx_word' id='word_1_696' title='bbox 2135 5549 2204 5604; x_wconf 89' lang='lat' dir='ltr'><strong>Et</strong></span> <span class='ocrx_word' id='word_1_697' title='bbox 2239 5562 2432 5603; x_wconf 85' lang='lat' dir='ltr'><strong>rursus</strong></span> <span class='ocrx_word' id='word_1_698' title='bbox 2459 5547 2626 5602; x_wconf 89' lang='lat' dir='ltr'><strong>etiam</strong></span> <span class='ocrx_word' id='word_1_699' title='bbox 2666 5543 2842 5599; x_wconf 91' lang='lat' dir='ltr'><strong>oratio</strong></span> <span class='ocrx_word' id='word_1_700' title='bbox 2873 5541 2940 5597; x_wconf 86' lang='lat' dir='ltr'><strong>ad</strong></span> <span class='ocrx_word' id='word_1_701' title='bbox 2966 5541 3250 5596; x_wconf 86' lang='lat' dir='ltr'><strong>Christum</strong></span> <span class='ocrx_word' id='word_1_702' title='bbox 3288 5541 3582 5610; x_wconf 87' lang='lat' dir='ltr'><strong>referatur,</strong></span> <span class='ocrx_word' id='word_1_703' title='bbox 3609 5561 3712 5615; x_wconf 88' lang='lat' dir='ltr'><strong>pro</strong></span> 
     </span>
    </p>
   </div>
   <div class='ocr_carea' id='block_1_112' title="bbox 2138 5631 3712 5706">
    <p class='ocr_par' dir='ltr' id='par_1_112' title="bbox 2138 5631 3712 5706">
     <span class='ocr_line' id='line_1_113' title="bbox 2138 5631 3712 5706; baseline 0.001 -17"><span class='ocrx_word' id='word_1_704' title='bbox 2138 5635 2342 5706; x_wconf 90' lang='lat' dir='ltr'><strong>populo</strong></span> <span class='ocrx_word' id='word_1_705' title='bbox 2390 5649 2456 5689; x_wconf 83' lang='lat' dir='ltr'><strong>ex</strong></span> <span class='ocrx_word' id='word_1_706' title='bbox 2508 5633 2789 5703; x_wconf 87' lang='lat' dir='ltr'><strong>gentibus,</strong></span> <span class='ocrx_word' id='word_1_707' title='bbox 2817 5631 2909 5700; x_wconf 93' lang='lat' dir='ltr'><strong>qui</strong></span> <span class='ocrx_word' id='word_1_708' title='bbox 2943 5631 3018 5686; x_wconf 92' lang='lat' dir='ltr'><strong>illi</strong></span> <span class='ocrx_word' id='word_1_709' title='bbox 3062 5632 3114 5685; x_wconf 91' lang='lat' dir='ltr'><strong>in</strong></span> <span class='ocrx_word' id='word_1_710' title='bbox 3145 5632 3518 5688; x_wconf 75' lang='lat' dir='ltr'><strong>haereditatem</strong></span> <span class='ocrx_word' id='word_1_711' title='bbox 3549 5633 3712 5690; x_wconf 84' lang='lat' dir='ltr'><strong>datus</strong></span> 
     </span>
    </p>
   </div>
   <div class='ocr_carea' id='block_1_113' title="bbox 2136 5721 3465 5796">
    <p class='ocr_par' dir='ltr' id='par_1_113' title="bbox 2136 5721 3465 5796">
     <span class='ocr_line' id='line_1_114' title="bbox 2136 5721 3465 5796; baseline -0.002 -13"><span class='ocrx_word' id='word_1_712' title='bbox 2136 5735 2241 5792; x_wconf 89' lang='lat' dir='ltr'><strong>est,</strong></span> <span class='ocrx_word' id='word_1_713' title='bbox 2267 5735 2320 5780; x_wconf 92' lang='lat' dir='ltr'><strong>et</strong></span> <span class='ocrx_word' id='word_1_714' title='bbox 2347 5739 2508 5796; x_wconf 87' lang='lat' dir='ltr'><strong>quem</strong></span> <span class='ocrx_word' id='word_1_715' title='bbox 2540 5723 2688 5792; x_wconf 88' lang='lat' dir='ltr'><strong>pavit</strong></span> <span class='ocrx_word' id='word_1_716' title='bbox 2713 5721 2968 5780; x_wconf 88' lang='lat' dir='ltr'><strong>Christus</strong></span> <span class='ocrx_word' id='word_1_717' title='bbox 2995 5731 3158 5795; x_wconf 84' lang='lat' dir='ltr'><strong>atque</strong></span> <span class='ocrx_word' id='word_1_718' title='bbox 3185 5725 3465 5782; x_wconf 78' lang='lat' dir='ltr'><strong>exaltavit.</strong></span> 
     </span>
    </p>
   </div>
   <div class='ocr_carea' id='block_1_114' title="bbox 3333 5995 3400 6058">
    <p class='ocr_par' dir='ltr' id='par_1_114' title="bbox 3333 5995 3400 6058">
     <span class='ocr_line' id='line_1_115' title="bbox 3333 5995 3400 6058; baseline 0.045 -3"><span class='ocrx_word' id='word_1_719' title='bbox 3333 5995 3400 6058; x_wconf 84' lang='lat'><strong>11</strong></span> 
     </span>
    </p>
   </div>
  </div>
