4078 6424
526 453 778 510 Psalmus
810 453 909 524 ipsi
938 449 1112 505 David
1144 447 1460 520 egressionis
1492 447 1851 524 tabernaculi.

913 542 1242 600 PSALMUS
1273 538 1515 597 XXVIII.

491 643 656 697 Juxta
680 639 970 698 historiam
1007 638 1099 693 hic
1130 637 1376 708 psalmus
1438 641 1772 705 praeceptum
1829 634 2006 705 quod-

421 737 547 791 dam
570 735 841 797 continet,
873 731 939 786 ad
975 730 1292 787 sacerdotes
1314 736 1369 784 et
1387 727 1633 791 Levites,
1676 727 1744 782 de
1781 740 2004 797 egressu

419 827 788 893 tabernaculi,
822 825 909 881 vel
960 825 1029 881 de
1063 839 1286 893 egressu
1338 821 1524 891 templi
1566 838 1579 874 :
1618 819 1749 890 quid
1795 818 2007 873 scilicet

421 921 578 974 illinc
601 919 810 989 egressi
839 918 1091 987 sequenti
1123 916 1212 971 die
1247 914 1429 970 facere
1471 912 1735 968 deberent
1761 930 1776 965 :
1798 910 1997 968 aﬁ‘erre

420 1012 681 1067 nimirum
725 1011 868 1066 ﬁlios
904 1008 1162 1074 arietum,
1196 1007 1496 1071 masculos,
1520 1020 1700 1075 nuper
1732 1012 1917 1068 natos,
1950 1012 2007 1059 et

418 1103 672 1174 gloriam,
706 1117 802 1173 per
826 1100 1182 1156 laudationes
1208 1107 1263 1155 et
1292 1101 1560 1168 psalmos,
1616 1106 1671 1152 et
1706 1096 2002 1162 honorem,

418 1210 515 1265 per
537 1197 785 1265 regulam
830 1202 887 1249 et
927 1192 1299 1262 religionem:
1362 1201 1527 1262 atque
1590 1190 1695 1245 ltoc
1769 1190 1826 1244 in
1880 1188 2005 1245 aula

418 1288 635 1358 templi,
665 1294 854 1343 etnon
883 1286 992 1340 alio
1027 1285 1251 1339 inloco.
1285 1282 1447 1339 Juxta
1481 1281 1843 1352 anagogicum
1873 1296 2003 1337 vero

418 1394 671 1443 sensum,
691 1377 923 1449 intelligi
950 1384 1130 1449 potest
1155 1379 1224 1432 de
1252 1390 1482 1446 egressu
1517 1390 1547 1429 a
1578 1375 2001 1445 corpore,quod

419 1471 712 1541 Apostolus
735 1468 1157 1525 tabernaculum
1183 1476 1345 1522 vocat
1368 1467 1436 1523 “‘.
1472 1465 1568 1522 Est
1620 1466 1765 1521 enim
1799 1480 2001 1537 corpus

420 1565 618 1618 animae
646 1561 1086 1618 tabernaculum.
1124 1559 1402 1615 Admonet
1440 1560 1611 1630 igitur
1656 1559 1760 1615 hoc
1791 1559 2002 1629 psalmo

418 1654 692 1726 Propheta
746 1655 878 1724 quid
935 1653 1117 1709 facere
1158 1651 1477 1719 debeamus,
1521 1659 1580 1707 ut
1627 1666 2002 1723 praeparemur

415 1746 481 1800 ad
522 1744 734 1801 exitum
759 1742 828 1798 ab
864 1744 967 1798 hoc
989 1756 1244 1813 corpore.
1269 1742 1534 1798 Actiones
1555 1743 1760 1798 etenim
1796 1752 1999 1799 nostra:

415 1837 470 1891 in
501 1837 603 1892 hac
640 1835 773 1904 vita,
803 1835 1003 1889 anima:
1035 1842 1168 1890 tunc
1200 1844 1367 1889 erunt
1392 1833 1679 1888 viaticum.

484 1930 655 1986 Vens.
682 1930 730 1983 l.
765 1928 968 1998 A/ferte
996 1927 1241 1991 Domino,
1269 1927 1372 1996 ﬁlii
1406 1927 1521 1993 Dei,
1555 1928 1744 1997 a/ferte
1778 1928 2002 1983 Domino

415 2021 560 2091 ﬁlios
592 2021 850 2076 arietum.
882 2018 1004 2074 Filii
1037 2019 1258 2089 quidem
1298 2002 1407 2074 Dei.
1446 2021 1682 2091 apostoli
1743 2029 1894 2077 sunt.
1924 2021 2001 2075 Ita

415 2113 563 2167 enim
597 2112 865 2167 Dominus
888 2113 1301 2182 appellaviteos
1361 2111 1550 2166 direns
1581 2131 1595 2167 :
1668 2112 1908 2171 Ascendo
1933 2115 2003 2168 ad

416 2204 632 2257 Patrem
664 2217 840 2256 meum
877 2210 927 2256 et
959 2200 1177 2255 Patrem
1210 2212 1441 2256 vestrum
1502 2202 1569 2259 ¹⁹.
1636 2202 1762 2259 Filii
1815 2213 1998 2258 autem

416 2294 676 2359 arietum,
708 2293 898 2348 ﬁdeles
932 2309 998 2348 ex
1027 2293 1300 2364 gentibus,
1335 2310 1572 2365 quorum
1626 2303 1899 2366 parentes,
1931 2298 2002 2352 oh

410 2400 663 2442 errorem
695 2400 974 2441 summum
1002 2385 1195 2455 inquo
1253 2394 1439 2451 erant,
1472 2386 1829 2442 irrationales
1889 2388 1999 2442 dici

415 2477 633 2539 merito,
666 2485 721 2530 et
759 2474 1028 2529 arietibus
1065 2476 1379 2545 comparari
1403 2485 1682 2545 pateram.
1716 2477 1993 2533 Admonet

416 2568 586 2638 igitur
609 2566 891 2635 apostolos
918 2564 1194 2635 Propheta
1238 2566 1345 2621 hoc
1383 2567 1619 2636 psalmo,
1648 2577 1704 2622 ut
1736 2568 2004 2625 festinent

415 2656 697 2711 adducere
720 2654 974 2711 inﬁdeles
1014 2664 1205 2724 gentes
1237 2655 1304 2709 ad
1350 2655 1653 2713 Christum.
1689 2658 1838 2715 Ordo
1875 2669 1957 2716 est
1986 2679 2001 2716 :

419 2750 465 2805 0
484 2750 579 2805 lilii
605 2749 726 2818 Dei,
751 2749 942 2805 afferte
974 2749 1228 2814 Domino,
1247 2748 1437 2803 all‘erte
1466 2749 1604 2806 ﬁlios
1626 2752 1881 2808 arietum.
1909 2753 2001 2808 Illa

416 2852 601 2899 autem
633 2841 993 2914 ingeminatio
1031 2840 1179 2897 verbi
1203 2841 1412 2910 aﬂ'erle,
1443 2841 1689 2897 studium
1730 2845 2002 2914 quoddam

417 2951 482 2992 ac
504 2935 841 3007 diligentiam
875 2948 985 2989 non
1011 2933 1290 3003 vulgarem
1320 2934 1712 2991 adhibendam
1752 2950 1874 2994 esse
1910 2938 2006 2993 de-

416 3038 688 3085 monsrat.
724 3027 821 3083 Vel
856 3027 1016 3081 aliter
1051 3045 1064 3082 :
1108 3025 1232 3081 Filii
1271 3026 1497 3097 quidem
1545 3026 1641 3083 Dei
1693 3029 1731 3084 ii
1782 3018 2002 3087 dicendi

414 3131 573 3187 sunt,
602 3121 695 3191 qui
723 3134 817 3188 per
838 3116 1190 3187 baptismatis
1245 3117 1724 3188 regenerationem
1775 3120 2003 3177 Christo

399 3211 664 3282 zadoptati
689 3221 743 3264 et
765 3211 834 3264 ad
860 3209 1106 3266 virtutes
1138 3206 1343 3263 initiati
1375 3216 1540 3275 sunt;
1569 3208 1664 3263 ﬁlii
1697 3225 1823 3266 vero
1853 3212 2001 3268 arie~

1629 333 2016 395 EUTHYMII
2063 331 2430 394 ZIGABENI

2350 443 2601 515 Ψαλμὸς
2658 443 2738 510 τῷ
2771 440 2951 497 Δαϐὶδ
2988 438 3221 508 ἐξόδου
3246 436 3506 508 σκηνῆς.

2407 582 2411 587 .
2691 535 2988 590 ΨΑΛΜΟΣ
3017 535 3157 589 Kﬂ'.

2180 627 2342 683 Κατὰ
2377 627 2476 697 μὲν
2507 626 2608 697 τὴν
2634 625 2881 696 ἱστορίαν
2914 624 3002 695 εἴη
3054 623 3123 678 ἂν
3166 624 3197 677 ό
3232 621 3426 694 παρὼν
3474 621 3693 693 ψαλμῖις

2108 720 2484 792 παράγγελμα
2507 721 2622 783 τοῖς
2648 718 2860 791 ἱερεῦσι
2914 717 3013 772 καὶ
3063 716 3342 783 Λευίταις,
3398 717 3528 789 περὶ
3592 716 3693 786 τῆς

2106 817 2289 884 ἐξόδου
2316 818 2416 888 τῆς
2453 816 2685 888 σκηνῆς,
2716 816 2837 887 ἦτοι
2869 814 3004 888 περὶ
3045 815 3147 885 τῆς
3207 813 3560 878 ὲξελεύσεως,
3593 812 3696 882 τῆς

2106 912 2348 967 ἀπὸτοῦ
2386 911 2543 979 ναοῦ,
2568 912 2622 966 τί
2660 909 2901 977 ἐξιόντες
2946 909 3194 980 μέλλοιεν
3231 908 3409 962 ποιεῖν
3465 910 3548 970 εἰς
3592 906 3694 976 τὴν

2106 1006 2237 1077 ἑξῆς
2266 1006 2489 1078 ἡμέραν
2529 1007 2643 1070 ἀεὶ,
2692 1006 2777 1059 ὅτι
2826 1005 2985 1072 ἄγειν
3031 1001 3205 1074 κριῶν
3240 1001 3450 1073 ἄρρενα
3503 1001 3693 1061 τέκνα,

2105 1099 2350 1168 νεογιλὰ,
2372 1099 2458 1152 ὅτι
2480 1096 2578 1152 καὶ
2607 1095 2768 1160 δόξαν
2793 1094 2860 1149 δι’
2892 1095 3171 1166 εὐφημίας
3198 1094 3296 1147 καὶ
3328 1091 3584 1161 ψαλμῶν,
3610 1091 3693 1144 ὅτι

2104 1191 2203 1244 καὶ
2224 1189 2392 1261 τιμὴν
2424 1189 2496 1242 δι’
2514 1186 2773 1255 εὐταξίας
2801 1187 2898 1241 καὶ
2915 1185 3233 1248 εὐλαϐείας,
3265 1185 3349 1237 ὅτι
3372 1186 3431 1237 ὲν
3454 1185 3520 1252 τῇ
3551 1183 3692 1253 αὐλῇ
3728 1216 3733 1221 ~

2102 1281 2199 1337 τοῦ
2224 1283 2378 1351 ναοῦ,
2402 1281 2504 1336 οὐκ
2528 1283 2588 1335 ὲν
2623 1281 2799 1352 ἑτέρῳ
2850 1280 3003 1349 τόπῳ
3037 1295 3050 1308 ·
3094 1274 3238 1331 κατὰ
3282 1277 3339 1329 δὲ
3375 1273 3691 1343 ἀναγωγὴν,

2103 1376 2189 1447 εἴη
2224 1376 2292 1431 ἂν
2323 1377 2456 1449 περί
2481 1375 2583 1446 τῆς
2632 1372 2969 1439 ὲξελεύσεως
3010 1371 3108 1442 τῆς
3132 1371 3244 1424 ἀπὸ
3272 1367 3368 1421 τοῦ
3417 1368 3692 1436 σώματος,

2101 1464 2402 1535 ὃσκῆνοςό
2474 1463 2804 1526 Ἀπόστολος
2851 1461 3049 1516 καλεῖ’
3100 1461 3372 1530 σκήνωμα
3426 1459 3534 1527 7&9
3589 1453 3695 1523 τῆς

2099 1555 2282 1628 ψυχῆς
2305 1556 2493 1611 τοῦτο’
2521 1557 2819 1627 παρεγγυᾷ
2857 1556 2915 1608 δὲ
2941 1557 2970 1608 ὁ
2996 1553 3211 1625 ψαλμδς
3243 1552 3299 1605 τί
3327 1552 3509 1604 ποιεῖν
3534 1548 3690 1616 ὀφεί-

2045 1645 2053 1652 ’
2100 1653 2293 1724 λομεν,
2334 1651 2808 1721 συσκευαζόμενοι
2838 1648 2975 1718 πρὸς
3004 1646 3105 1718 τὴν
3148 1644 3355 1709 ἔξοδον,
3418 1643 3519 1712 τὴν
3572 1641 3687 1695 ἀπὸ

2100 1744 2196 1800 τοῦ
2233 1742 2491 1815 σώματος
2523 1758 2537 1773 ⁸
2572 1741 2808 1812 ἐπείπερ
2841 1740 2899 1793 al
2931 1737 3169 1792 ἐνταῦθα
3199 1735 3450 1807 πράξεις,
3479 1734 3695 1811 ἑφόδιον

2027 1809 2075 1869 Β
2104 1838 2204 1907 τῆς
2233 1809 2416 1907 ψυλίῆς
2440 1832 2749 1907 τηνικαῦτα
2779 1809 3056 1901 γίνονται.

2186 1931 2504 2000 Ἐνέγκατε
2578 1926 2659 1994 τῷ
2713 1927 2926 1996 Κυρίῳ,
2982 1925 3102 1980 vlol
3173 1921 3345 1986 Θεοῦ,
3405 1920 3696 1991 ἐνέγκατε

2101 2021 2182 2089 τῷ
2205 2022 2399 2091 Κυρίῳ
2412 2019 2584 2086 υἱοὺς
2602 2017 2803 2086 κριῶν.
2832 2016 2954 2070 Υἱοὶ
2983 2014 3084 2086 μὲν
3105 2012 3267 2079 Θεοῦ,
3283 2013 3332 2065 oi
3364 2009 3694 2065 ἀπόστολοι.

2102 2114 2262 2171 Οὐτω
2295 2114 2392 2167 καὶ
2441 2113 2469 2165 ὃ
2496 2110 2705 2182 Κύριος
2733 2107 2935 2171 αὐτοὺς
2964 2104 3436 2176 προσηγόρευσεν,
3478 2099 3651 2155 εἰπών
3674 2116 3689 2130 ·

2115 2207 2445 2263 Ἀναϐαίνω
2457 2205 2610 2273 πρὸς
2627 2203 2734 2256 τὸν
2750 2200 2987 2268 Πατέρα
2998 2217 3119 2267 μου
3142 2196 3240 2251 καί
3255 2195 3486 2266 Πατέρα
3502 2190 3691 2264 ὑμῶν.

2103 2296 2227 2350 Υίοὶ
2244 2296 2299 2350 δὲ
2327 2295 2520 2363 κριῶν,
2558 2295 2609 2346 ol
2642 2293 2701 2358 ἐξ
2732 2291 2924 2353 ἐθνῶν,
2945 2283 3022 2345 ὧν
3040 2291 3090 2344 oi
3122 2287 3356 2359 πατέρες
3376 2286 3580 2353 ἄλογοι,
3600 2285 3696 2337 διὰ

2101 2390 2203 2458 τὴν
2230 2386 2461 2456 πλάνην.
2492 2384 2869 2457 Προτρέπεται
2894 2382 2988 2437 οὖν
3010 2383 3136 2444 τοὺς
3154 2378 3485 2443 ἀποστόλους
3518 2393 3699 2449 προσ-

2102 2482 2261 2549 άγειν
2322 2477 2401 2548 τῷ
2425 2476 2647 2548 Χριστῷ
2678 2476 2749 2530 τὰ
2783 2476 2914 2543 ἔθνη
2949 2491 2963 2506 ·
2993 2474 3140 2528 οὓτω
3170 2473 3227 2526 δὲ
3260 2472 3329 2526 τὰ
3369 2471 3512 2543 ῥητὰ
3566 2487 3702 2522 συν-

2102 2569 2336 2623 τακτέον
2361 2584 2375 2598 ·
2415 2570 2573 2623 Ὅσοι
2609 2570 2717 2623 υἱοὶ
2745 2568 2905 2632 Θεοῦ,
2926 2568 3188 2637 ἐνέγκατε
3222 2564 3300 2636 τῷ
3329 2563 3541 2636 Κυρίῳ,
3606 2562 3695 2614 ὲν-

2105 2662 2305 2729 έγκατε
2331 2662 2482 2725 υἱοὺς
2513 2662 2708 2731 κριῶν.
2782 2659 3153 2731 Ἐμφαντικύν
3211 2658 3322 2728 γὰρ
3372 2655 3609 2723 σπουδῆς
3654 2653 3691 2723 ἡ

2106 2752 2504 2818 ἀναδίπλωσις.
2537 2755 2609 2807 Ἢ
2643 2753 2741 2808 καὶ
2766 2753 2944 2816 ἄλλως
2969 2767 2981 2782 ο
3015 2751 3125 2805 utet
3183 2750 3284 2822 μὲν
3328 2748 3490 2811 Θεοῦ,
3521 2750 3571 2800 οἱ
3601 2745 3695 2800 διὰ

2104 2846 2651 2918 τῆςπαλιγγενεσίας
2682 2847 2778 2901 τοῦ
2836 2846 3219 2918 βαπτίσματος
3273 2841 3695 2912 υἱοθετηθέντες

2104 2938 2350 3010 Χριστῷ,
2383 2938 2479 2993 καὶ
2506 2936 2886 3001 τελειωθέντες
2902 2939 2983 3000 είς
3012 2939 3220 3009 ἀρετήν
3245 2950 3261 2969 ⁸
3295 2936 3401 2989 υἱοὶ
3423 2933 3480 2987 δὲ
3494 2932 3695 3005 κριῶν,

2105 3034 2153 3086 oi
2185 3031 2275 3086 διὰ
2304 3032 2400 3086 τοῦ
2434 3030 2799 3102 εὐαγγελικοῦ
2822 3031 3185 3101 κηρύγματος
3207 3026 3563 3099 γεννηθέντες
3577 3025 3697 3087 τοῖς

2107 3123 2457 3189 ἀποστόλοις,
2497 3122 2579 3176 ἔτι
2602 3123 2658 3176 δὲ
2692 3123 2928 3186 ἀτελεῖς.
2965 3120 3173 3192 Κριούς
3187 3119 3297 3191 7&9
3329 3116 3698 3178 ἀποστόλους,

2106 3219 2155 3270 εἰ
2180 3215 2382 3286 βούλει,
2409 3218 2645 3287 νοήσεις,
2681 3214 2755 3279 ὡς
2788 3213 3121 3284 ἀγελάρχας.
3151 3206 3278 3266 Οἷον
3305 3226 3320 3241 ο
3375 3209 3440 3263 Oi
3486 3206 3707 3262 τελειό-

416 3317 532 3360 tum
592 3305 652 3370 ii,
684 3318 823 3373 quos
856 3300 1094 3373 apostoli
1120 3316 1216 3371 per
1241 3299 1522 3371 Evangelii
1545 3302 1998 3371 praedicationem

2102 3324 2276 3379 τεροι,
2317 3308 2713 3380 χειραγωγεῖτε
2741 3308 2869 3370 τούς
2916 3304 3303 3373 ἀτελεστέρους
3327 3318 3341 3333 ·
3371 3299 3531 3354 τοῦτο
3582 3298 3708 3370 γὰρ

410 3405 750 3468 genuerunt,
786 3396 1023 3451 necdum
1046 3393 1122 3448 ad
1150 3393 1423 3463 integram
1455 3393 1851 3464 perfectionem
1905 3397 2000 3453 de-

2104 3401 2472 3456 εὐαπόδεκτον
2520 3400 2600 3472 τῷ
2638 3400 2777 3472 Θεῷ.
2829 3403 2968 3472 Φησὶ
2998 3400 3108 3470 7&9
3137 3398 3276 3468 πρὸς
3307 3396 3513 3466 Πέτρον
3543 3409 3559 3426 ·
3620 3394 3705 3449 El

410 3495 705 3543 uenerunt.
728 3484 851 3538 'Per
875 3484 1075 3538 arietes
1106 3483 1255 3539 enim
1307 3484 1542 3553 apostoli
1583 3485 1999 3543 convenientis-

2106 3492 2306 3561 φιλεῖς
2358 3510 2455 3564 με,
2487 3495 2768 3563 ποίμαινε
2792 3493 2865 3548 τὰ
2896 3490 3317 3562 πρόϐατὰμου.
3485 3515 3489 3518 ν

412 3578 553 3633 sime
579 3576 805 3646 intelligi
855 3580 1110 3645 possunt,
1151 3587 1276 3627 cum
1325 3583 1380 3627 et
1451 3572 1555 3644 ipsi
1613 3574 1988 3644 spiritualium
2020 3595 2246 3652 gregum
2277 3600 2505 3641 suorum
2532 3585 2643 3640 sint
2703 3586 2896 3640 duces.
2960 3582 3127 3648 Quasi
3178 3580 3329 3636 dicat
3379 3575 3698 3647 Propheta:

324 3704 331 3709 -
412 3669 546 3735 Vos,
576 3664 888 3737 oapostoli,
912 3665 1008 3737 qui
1040 3663 1397 3734 perfectiores
1424 3664 1583 3729 estis,
1613 3664 1867 3722 adducite
1889 3683 1986 3725 eos
2018 3672 2087 3726 ad
2114 3672 2310 3742 Deum,
2352 3677 2447 3746 qui
2506 3675 2687 3732 adhuc
2723 3676 3162 3747 itnperl'ectiorcs
3219 3680 3372 3738 sunt,
3409 3670 3702 3725 instruet)-

406 3775 496 3822 tes
526 3779 621 3817 eos
674 3760 926 3816 doctrina
954 3768 1195 3825 vestra;
1259 3759 1363 3814 hoc
1409 3759 1555 3814 enim
1618 3762 1997 3830 gratissimum
2034 3767 2145 3824 Deo
2208 3782 2293 3827 est
2331 3770 2681 3842 obsequium.
2734 3771 2951 3825 Dictum
2991 3769 3137 3825 enim
3201 3765 3435 3835 legimus
3486 3762 3700 3822 Petro:

412 3857 479 3911 Si
508 3854 687 3924 diligis
730 3871 828 3918 me,
865 3869 1024 3922 pasce
1053 3870 1171 3909 oves
1206 3870 1348 3909 meas
1378 3854 1446 3909 ’°.

482 3950 683 4019 A/ferte
718 3948 1204 4019 Domino§gloriam
1237 3958 1288 4003 et
1317 3950 1854 4007 honorem.'Gloriam
1889 3950 1999 4011 Deo

412 4041 666 4108 aﬂerent,
705 4040 957 4098 canendo
999 4041 1077 4095 illi
1102 4042 1337 4114 hymnos
1369 4057 1433 4097 ac
1468 4043 1698 4112 laudes;
1732 4045 1998 4102 honorem

2188 3958 2505 4027 Ἐνέγκατε
2529 3955 2610 4022 τῷ
2658 3957 2854 4024 Κυρίῳ
2899 3952 3089 4018 δόξαν
3137 3952 3235 4007 καί
3284 3952 3485 4021 τιμήν.
3522 3949 3702 4016 Δόξαν

2108 4049 2230 4120 μὲν,
2265 4048 2355 4101 διὰ
2377 4045 2740 4117 ύμνολογίας’
2791 4045 2881 4098 διὰ
2927 4042 3023 4096 τοῦ
3081 4041 3249 4111 φόϐου
3306 4040 3383 4102 δὲ,
3441 4038 3699 4111 τιμὴν,ἢ

412 4150 564 4199 vero,
581 4148 675 4206 per
695 4136 949 4190 timorem
971 4142 1138 4204 atque
1156 4135 1998 4207 observantiamlmandatorum.

407 4224 544 4280 Nam
577 4225 624 4280 si
659 4225 741 4297 (ut
763 4224 1489 4296 Apostolusinquit“),per
1505 4229 2000 4300 transgressionem

407 4318 546 4389 legis
569 4318 713 4374 Deus
743 4318 1143 4380 inhonoratur,
1194 4317 1557 4373 manifestum
1587 4328 1672 4375 est
1727 4321 1870 4390 quod
1905 4338 2003 4392 per

2108 4140 2359 4210 φυλακῆς
2390 4140 2500 4193 τῶν
2524 4137 2757 4194 ἐντολῶν
2778 4135 2969 4190 αὐτοῦ.
2999 4133 3210 4204 Εἱγὰρ,
3232 4132 3376 4187 κατὰ
3405 4131 3497 4185 τὸν
3525 4129 3702 4184 Ἀπό·

2110 4234 2298 4288 στολον
2319 4233 2518 4296 εἰπεῖν,
2553 4230 2642 4284 διὰ
2684 4229 2784 4300 τῆς
2826 4226 3197 4298 παραὸάσεως
3245 4224 3340 4279 τοῦ
3388 4224 3553 4294 νόμου
3596 4224 3701 4277 τὸν

2108 4322 2244 4377 Θεὸν
2275 4320 2590 4392 ἀτιμάζεις,
2630 4317 2858 4389 εύδηλον
2909 4318 2984 4382 ὡς
3022 4318 3190 4388 τιμᾷς
3239 4315 3404 4369 αὐτὸν
3456 4314 3545 4368 διὰ
3589 4313 3704 4384 τῆς

406 4411 529 4483 ejus
563 4409 1008 4465 observationem
1060 4407 1446 4463 honorabilut‘.

2106 4413 2376 4483 φυλακῆς,

482 4500 730 4560 νειιελ.
762 4501 967 4568 Aﬂ'erte
1022 4498 1252 4554 Domino
1313 4500 1545 4571 gloriam
1590 4504 1795 4557 nomini
1856 4504 1991 4574 ejus.

2184 4507 2501 4577 Ἐνέγκατε
2553 4503 2635 4571 τῷ
2683 4505 2880 4573 Κυρίῳ
2932 4502 3125 4568 δόξαν
3189 4502 3435 4571 ὀνόματι
3477 4499 3697 4555 αὐτοῦ.

410 4595 514 4649 Per
558 4593 866 4649 laudabiles
931 4592 1192 4647 nimirum
1235 4594 1507 4651 actiones.
1580 4595 1799 4651 Dictum
1850 4600 1997 4654 enim

2103 4600 2182 4654 Δι’
2210 4597 2516 4653 ἐπαινετῶν
2555 4596 2852 4669 πράξεων·
2920 4595 3138 4665 εἴρηται
3195 4594 3305 4664 7&9
3364 4593 3504 4664 προς
3559 4594 3698 4657 τοὺς

407 4685 640 4756 legimus
676 4685 745 4738 ad
778 4693 1097 4753 peccatores
1155 4699 1220 4738 ex
1298 4700 1534 4754 persona
1585 4685 1681 4741 Dei
1737 4686 1998 4743 :Nomen

2102 4689 2524 4760 ἁμαρτάνοντας
2551 4703 2565 4718 ·
2624 4686 2699 4741 Τὸ
2727 4686 2919 4757 ὄνομά
2939 4703 3060 4758 μου
3091 4685 3167 4741 δι’
3194 4682 3353 4754 ὑμᾶς
3394 4684 3689 4753 βλασφη.

408 4793 583 4832 meum
609 4784 828 4846 propter
854 4792 943 4831 vos
973 4776 1369 4845 blasphematur
1392 4778 1455 4832 in
1484 4780 1729 4850 gentibus
1752 4782 1817 4836 “.
1852 4780 1999 4838 Gen-

2102 4780 2297 4851 μείται
2326 4781 2398 4835 ἐν
2423 4779 2546 4846 τοῖς
2587 4779 2855 4836 ἔθνεσιν.
2873 4779 3103 4850 ’ω’γάρ,
3131 4777 3344 4840 ἐθνικὸς
3390 4776 3533 4847 ὁρῶν
3589 4776 3688 4830 τοί

409 4869 537 4925 tiles
561 4870 765 4925 ctenim
797 4882 926 4922 cum
967 4868 1168 4924 bonam
1218 4869 1396 4926 ﬁdelis
1428 4871 1533 4927 viri
1554 4873 1722 4927 vitam
1779 4888 1843 4927 ac
1866 4888 2000 4927 cou-

2105 4872 2302 4926 πιστοῦ
2339 4872 2440 4941 τὴν
2468 4871 2772 4942 διαγωγὴν,
2792 4873 2843 4925 εί
2875 4870 2976 4941 μὲν
3003 4871 3091 4942 εἴη
3127 4870 3292 4942 καλὴ,
3327 4870 3541 4924 ἐπαινεῖ
3593 4869 3695 4923 τὸν

407 4961 779 5017 versationem
815 4960 1078 5024 viderint,
1105 4963 1411 5017 incitantur
1456 4972 1517 5018 ut
1545 4965 1717 5019 Deum
1743 4976 1995 5021 nostrum

2104 4963 2369 5033 Χριστὸν,
2396 4962 2473 5027 ὡς
2506 4965 2714 5034 ἀρετῆς
2749 4961 3076 5016 διδάσκαλον
3101 4978 3116 4993 ⁸
3146 4963 3197 5015 εὶ
3239 4962 3295 5015 δὲ
3329 4961 3532 5031 φαύλη,
3563 4961 3694 5015 δια-

405 5050 641 5105 laudent
673 5060 936 5122 tanquam
968 5067 1160 5107 verum
1195 5053 1419 5109 virtutis
1477 5055 1765 5111 doctorem
1795 5055 1989 5126 :quod

2102 5057 2255 5128 σύρει
2284 5056 2509 5127 μᾶλλον,
2528 5055 2611 5119 ὡς
2638 5055 2836 5119 κακίας
2862 5056 3187 5126 εἰσηγητήν.
3245 5054 3537 5122 Ἐνέγκατε
3591 5052 3694 5107 οὖν

406 5146 454 5201 si
478 5147 759 5215 perversis
792 5148 1050 5203 moribus
1091 5147 1311 5203 ﬁdelem
1338 5147 1600 5214 viderint,
1634 5148 1747 5206 Deo
1807 5151 1993 5207 statim

2102 5150 2177 5221 τῷ
2207 5149 2401 5222 Κυρίῳ
2428 5148 2654 5203 ἔπαινον
2686 5148 2784 5202 τοῦ
2843 5148 3110 5221 ὀνόματος
3151 5146 3342 5215 αὐτοῦ,
3402 5147 3692 5200 τουτέστιν

402 5248 602 5295 nostro
634 5239 1042 5303 detrahunt,et
1070 5240 1336 5295 vitiorum
1362 5241 1802 5298 introductorem
1867 5260 1996 5300 cre-

2109 5241 2302 5305 αὐτοῦ,
2333 5240 2478 5295 κατὰ
2507 5243 2870 5314 περίφρασιν.

401 5328 559 5387 dunt.
601 5328 757 5387 Unde
784 5333 839 5386 in
871 5331 1167 5401 Evangelio
1203 5333 1434 5403 legimus
1467 5353 1481 5388 :
1516 5333 1584 5389 Ut
1612 5335 1824 5390 videant
1861 5336 2001 5391 bona
2035 5346 2210 5391 vestra
2239 5351 2424 5405 opera,
2447 5347 2498 5390 et
2535 5335 2835 5405 gloriﬁcent
2868 5334 3085 5389 Patrem
3162 5345 3393 5389 vestrum
3454 5336 3544 5404 qui
3623 5335 3690 5386 in

402 5427 546 5483 ratio
602 5436 678 5480 est
707 5425 777 5479 ³³.
808 5424 1017 5481 All‘erte
1064 5427 1231 5495 igitur
1290 5427 1521 5484 Domino
1586 5430 1803 5484 laudem
1873 5431 2080 5485 nomini
2131 5430 2281 5500 ejus;
2319 5431 2423 5484 hoc
2455 5437 2562 5497 est,
2593 5428 2782 5486 aﬁerte
2806 5430 2856 5485 ei
2880 5429 3122 5485 laudent.

2169 5521 2648 5590 Προσκυνήσατε
2686 5521 2766 5588 τῷ
2792 5524 2988 5591 Κυρίῳ
3015 5524 3086 5578 ἐν
3117 5523 3283 5594 αὐλῇ
3306 5526 3444 5594 ἁγίᾳ
3468 5524 3683 5578 αὑτοῦ.

2091 5610 2204 5669 Ἵιν
2239 5617 2510 5689 πρότερον
2559 5618 2660 5687 μὲν
2723 5618 2862 5689 αὐλὴ
2906 5617 3039 5685 ἁγία
3096 5620 3209 5682 τοῖς
3283 5619 3581 5681 Ἰουδαίοις,
3616 5620 3683 5669 ἐν

463 5516 714 5571 .Adorate
747 5516 1035 5572 Dominum
1072 5520 1129 5573 in
1168 5520 1298 5573 aula
1340 5530 1530 5574 sancta
1561 5522 1699 5590 ejus.
1754 5521 1855 5577 Per
1887 5540 1986 5579 au-

402 5609 513 5663 lam
557 5618 832 5672 sanctam,
862 5609 990 5663 olim
1053 5611 1340 5682 Synagoga
1394 5614 1823 5685 intelligebatur,
1861 5630 1983 5685 qua:

470 5765 517 5799 ⁸⁸
542 5761 565 5817 ι
594 5762 721 5820 Cor.
753 5780 834 5848 ut,
866 5766 950 5821 16.
1057 5768 1103 5801 ¹⁹
1127 5765 1289 5825 Joau.
1325 5785 1413 5841 xx,
1450 5772 1536 5828 l7.
1590 5770 1816 5831 "Joan.
1853 5791 1964 5844 ιιι,

2136 5780 2213 5853 ο⁹¹
2250 5779 2414 5837 Rom.
2452 5796 2512 5848 tt,
2539 5780 2629 5838 23.
2693 5782 2761 5863 _”
2788 5782 2893 5841 lsa.
2920 5799 3013 5854 ιιι,
3053 5782 3131 5859 5,..
3191 5785 3237 5816 ’³
3273 5782 3464 5841 Matth.
3497 5798 3547 5852 ν,
3580 5780 3677 5838 l6.
