4078 6422
384 356 497 422 333

1551 345 1947 411 COMMENT.
1981 341 2066 402 ΙΝ
2102 342 2466 406 PSALMOS.

3547 340 3656 405 834

395 465 802 539 Ἱεροσολύμοις
837 465 1137 535 συναγωγὴ
1166 481 1178 496 ·
1215 462 1354 533 μετὰ
1379 461 1436 516 δὲ
1455 461 1556 532 τὴν
1603 463 1682 524 εἰς
1735 457 1972 530 Χριστδν

2078 459 2268 513 eratin
2296 459 2602 515 Jerusalem
2640 458 2774 526 ;sed
2803 466 2926 530 post
2961 458 3321 514 contumelias
3374 471 3402 512 a
3446 456 3652 514 Judaeis

386 561 570 630 ὕϐριν,
594 559 814 626 ἐγένετο
836 560 869 628 ἡ
889 558 1120 620 ἔπαυλις
1147 557 1331 610 αὐτῶν
1372 555 1738 626 ἡρημωμένη.
1773 553 1969 605 ’Υστεο

389 669 485 723 ρον
523 651 578 703 δὲ
603 653 828 718 γέγονεν
860 649 1004 720 αὐλὴ
1034 650 1166 717 ἁγία
1181 649 1276 701 τοῦ
1313 647 1575 718 Χριστοῦ,
1607 648 1640 718 ἡ
1681 646 1789 700 τῶν
1837 646 1970 714 Χρι-

387 741 626 793 στιανῶν
669 739 974 809 Ἐκκλησία
997 740 1092 792 καὶ
1127 738 1330 805 πίστις,
1363 741 1421 792 ὲν
1523 738 1854 810 προσκυνεῖν
1873 737 1969 789 αὑ-

383 835 478 886 τὸν
509 835 537 885 ὁ
563 832 719 900 λόγος
752 831 1150 901 προτρέπεται,
1178 831 1409 884 κωλύων
1434 833 1534 894 τὰς
1587 828 1972 900 σχισματικῶς

387 923 897 994 παρασυναγωγὰς,
923 925 1020 976 καὶ
1048 924 1220 994 μόνην
1245 923 1517 993 ἐκκρὶνων
1554 923 1653 992 τὴν
1702 923 1810 976 άπὸ
1837 922 1968 992 Χρι-

390 1014 523 1067 στοῦ
557 1013 998 1086 παραδεδομένην
1031 1015 1234 1068 πίστιν.
1265 1013 1504 1067 Δυνατὸν
1531 1013 1588 1065 δὲ
1627 1014 1822 1082 νοῆσαι
1875 1013 1971 1064 aii-

386 1105 489 1173 λὴν
521 1105 614 1156 καὶ
637 1105 734 1173 τὴν
762 1103 1114 1173 ἐπουράνιον.
1147 1104 1246 1157 Διὰ
1272 1103 1432 1158 τοῦτο
1457 1105 1506 1157 οἰ
1569 1103 1969 1172 πεφυτευμένοι

386 1192 632 1246 ἐνταῦθα
658 1195 714 1245 ἐν
735 1193 813 1263 τῷ
839 1194 974 1265 οἴκῳ
1005 1195 1240 1265 Κυρίου,
1303 1193 1505 1264 δηλαδὴ
1560 1197 1627 1263 τῇ
1673 1193 1973 1264 Ἐκκλησία

387 1285 500 1335 τῶν
534 1285 764 1349 πιστῶν,
788 1285 847 1337 ἐν
908 1288 1030 1349 ταῖς
1089 1287 1282 1350 αὐλαῖς
1334 1288 1454 1341 ἐκεῖ
1493 1285 1590 1340 τοῦ
1633 1285 1767 1338 Θεοῦ
1813 1286 1972 1356 ἡμῶν

385 1378 769 1447 ἐξανθήσουσι.

456 1470 638 1536 Φωνὴ
685 1474 904 1540 Kvplov
960 1473 1061 1526 ἐπὶ
1097 1473 1215 1528 τῶν
1243 1474 1499 1529 ὑδάτων.
1533 1475 1708 1528 Τοῦτο
1757 1493 1972 1547 προφη-

385 1563 508 1614 τεία
537 1565 667 1634 περὶ
694 1565 794 1634 τῆς
827 1565 1142 1636 ἐνεχθείσης
1171 1565 1382 1619 ἄνωθεν
1416 1567 1600 1636 φωνῆς
1634 1569 1692 1621 ὲν
1708 1567 1970 1642 Ἰορδάνῃ,

385 1657 478 1709 ὅτε
510 1657 538 1707 ὁ
573 1656 814 1724 Χριστὸς
858 1655 1216 1717 ὲϐαπτίσατο,
1252 1656 1554 1726 λεγούσης
1584 1653 1775 1724 Οὗτός
1804 1657 1975 1712 ἐστιν

389 1751 422 1800 ό
460 1747 603 1812 Υἱός
625 1764 746 1815 μου
786 1749 819 1800 ό
840 1747 1170 1815 ἀγαπητὸς,
1203 1749 1273 1801 ἐν
1301 1743 1350 1816 ᾧ
1385 1749 1723 1816 ηὺδόκησα.

471 1839 537 1890 ’0
565 1803 716 1903 oga.
739 1837 849 1905 τῆς
871 1803 1060 1906 δόξης
1088 1803 1436 1910 signa...
1454 1841 1513 1893 '0
1537 1803 1728 1913 Πατὴρ
1760 1843 1973 1912 ἀφῆκεν
2003 1803 2046 1858 Β

391 1932 612 2003 ἐκείνην
642 1934 744 2002 τὴν
790 1934 1000 2004 φωνὴν,
1052 1933 1119 2005 ἢν
1156 1935 1253 1988 καὶ
1301 1935 1532 2004 βροντὴν
1563 1934 1843 2003 ὀνομάζει,
1885 1935 1974 1988 διὰ

392 2026 452 2076 τὸ
485 2025 543 2090 ἐξ
575 2024 816 2094 ούρανοῦ
847 2025 1203 2096 κατηνέχθαι,
1239 2027 1364 2080 ὅθεν
1399 2028 1493 2080 καὶ
1527 2028 1582 2080 αἰ
1617 2027 1860 2098 βρονταὶ,
1879 2029 1974 2080 καὶ

393 2118 484 2170 διὰ
510 2117 572 2168 τὺ
596 2118 850 2189 στερῤδν,
877 2118 974 2170 καὶ
1005 2118 1355 2182 ἐξάκουστον.
1389 2121 1537 2184 Θεὸς
1555 2119 1613 2172 δὲ
1641 2119 1748 2187 τῆς
1764 2119 1970 2188 δόξης,

398 2210 517 2261 ἀντὶ
542 2206 659 2271 τοῦ,
689 2208 924 2274 ἔνδοξος,
960 2208 1153 2279 ὥσπερ
1194 2209 1291 2262 καὶ
1325 2209 1456 2273 Θεὸς
1491 2211 1592 2280 τῆς
1622 2210 1904 2282 ἀληθείας,
1946 2213 1974 2264 ὁ

406 2300 666 2368 ἀληθινὸς,
703 2298 802 2352 καὶ
851 2299 986 2363 Θεὸς
1030 2302 1388 2372 ἐκδικήσεως,
1443 2305 1471 2356 ὁ
1520 2302 1836 2374 ὲκδικητὴς,
1878 2305 1976 2358 καὶ

414 2392 543 2453 Θεὸς
572 2393 869 2462 δυνάμεων,
903 2395 930 2446 ὁ
957 2394 1206 2460 δυνατὸς,
1233 2396 1328 2466 καὶ
1357 2394 1493 2458 Θεὸς
1528 2395 1732 2462 ἐλέους,
1764 2399 1792 2450 ὁ
1821 2397 1977 2468 ὲλεήυ

415 2500 550 2551 μων,
581 2485 665 2536 καὶ
700 2485 804 2538 ὅσα
851 2484 1082 2540 τοιαῦτα
1106 2501 1122 2518 ο
1159 2486 1357 2558 ἰδίωμα
1400 2487 1510 2559 γὰρ
1541 2489 1638 2543 καὶ
1681 2490 1842 2544 τοῦτο
1877 2489 1977 2562 τῆς

405 2571 660 2635 Βαλαίας.

467 2759 689 2826 Κύριος
724 2761 824 2815 ἐπὶ
882 2763 1124 2818 ὑδάτων
1171 2767 1440 2821 πολλῶν.
1503 2767 1562 2822 '0
1618 2771 1856 2841 Χριστὸς
1917 2773 1977 2825 ἐν

343 2848 354 2856 ’
394 2851 555 2906 ὕδασι
578 2891 598 2918 ,
633 2857 747 2918 τοῖς
776 2856 870 2910 τοῦ
909 2858 1198 2927 Ἰορδάνου,
1233 2861 1328 2912 καὶ
1354 2858 1424 2912 δι’
1459 2859 1687 2914 ἐκείνων
1717 2861 1777 2914 ὲν
1809 2863 1978 2916 πᾶσιν

393 2943 607 3010 ὕδασιν,
632 2947 877 3014 ἁγιάζων
907 2948 1005 3019 τὴν
1033 2950 1194 3018 φύσιν
1223 2950 1403 3003 αὐτῶν
1434 2953 1493 3004 ὲν
1529 2952 1795 3025 Ἰορδάνῃ.

465 3038 643 3105 Φωνὴ
670 3041 891 3108 Κυρίου
921 3043 993 3094 ἐν
1021 3044 1209 3111 ἰσχύϊ.
1230 3045 1318 3096 Ἐν
1347 3044 1426 3114 τῷ
1466 3046 1673 3116 ἰσχυρῷ
1701 3047 1844 3101 κατὰ
1866 3049 1976 3103 τῶν

2073 551 2128 605 in
2163 552 2443 607 Christum
2468 553 2676 617 illatas,
2719 551 2862 606 facta
2904 559 2987 606 est
3016 551 3285 605 habitatio
3327 551 3418 605 illa
3484 551 3648 606 deso-

2073 643 2543 700 lata.Novissime
2578 655 2761 700 autem
2803 647 2924 700 aula
2974 657 3163 700 sancta
3221 645 3449 708 Christi,
3505 644 3648 700 facta

2073 746 2161 793 est
2190 739 2632 794 Christianorum
2669 739 2916 794 Ecclesia
2943 756 3004 795 ac
3039 741 3196 801 ﬁdes.
3240 741 3297 794 in
3359 755 3467 810 qua
3525 756 3653 809 pro-

2074 832 2331 903 pheticus
2355 846 2541 887 sermo
2576 833 2918 888 adorandum
2968 850 3094 890 esse
3127 834 3420 889 Dominum
3471 834 3650 904 jubet,

2075 941 2270 980 omnes
2301 925 2439 981 alias
2475 927 2794 996 illegitimas
2841 929 3292 999 congregationes
3330 927 3650 998 prohibens,

2074 1026 2128 1072 et
2161 1019 2334 1073 solam
2376 1018 2584 1090 eligens
2618 1019 2778 1074 ﬁdem
2805 1034 2832 1073 a
2863 1019 3082 1075 Christo
3125 1019 3407 1074 traditam.
3443 1019 3655 1075 Intelli-

2076 1127 2202 1181 gere
2235 1112 2403 1166 etiam
2447 1127 2747 1182 possumus
2773 1129 2869 1184 per
2903 1113 3108 1178 aulam,
3136 1115 3417 1168 caelestem
3439 1111 3657 1166 habita-

2075 1204 2303 1258 tionem.
2345 1203 2481 1256 Nain
2520 1204 2556 1258 ii
2594 1205 2686 1274 qui
2730 1205 2784 1258 in
2834 1205 2939 1259 hac
2965 1206 3076 1258 vita
3131 1203 3360 1274 plantati
3415 1212 3544 1258 sunt
3599 1205 3652 1256 in

2075 1293 2236 1349 domo
2268 1293 2505 1361 Domini,
2531 1296 2644 1351 illic
2672 1297 2726 1351 in
2758 1297 2896 1352 aulis
2924 1296 3018 1352 Dei
3047 1297 3222 1352 nostri
3251 1295 3546 1350 ﬂorebunt.

2153 1469 2314 1525 Vsus.
2346 1474 2399 1528 5.
2437 1471 2546 1527 Vox
2571 1471 2787 1526 Domini
2812 1490 2969 1542 super
3007 1488 3194 1543 aquas.
3223 1470 3512 1541 Prophetia
3539 1469 3654 1522 lure

2075 1573 2164 1618 est
2193 1565 2259 1617 tle
2281 1579 2414 1618 voce
2455 1581 2577 1634 qua:
2626 1567 2679 1618 in
2715 1563 2954 1619 Jordanc
2985 1580 3226 1634 superne
3256 1563 3497 1618 demissa
3541 1571 3648 1626 est,

2077 1657 2298 1726 quando
2325 1655 2580 1711 Christus
2612 1656 3014 1727 baptizahalnr,
3049 1657 3241 1711 dicens
3268 1676 3280 1711 :
3315 1655 3420 1708 llic
3449 1666 3526 1710 est
3556 1654 3651 1708 Fi-

2077 1751 2180 1804 lius
2214 1767 2358 1803 meus
2379 1750 2624 1826 dilectus,
2646 1751 2699 1804 iu
2729 1767 2830 1820 quo
2867 1751 3167 1819 complacui
3222 1751 3350 1803 mihi
3371 1751 3435 1802 ".

2149 1841 2291 1894 Deus
2352 1841 2536 1911 gloria:
2577 1843 2832 1896 intonuit.
2893 1842 3014 1912 Ipse
3059 1841 3218 1897 Pater
3276 1857 3462 1896 vocem
3501 1842 3648 1895 illam

2077 1935 2264 1990 emisit
2295 1950 2459 2002 qnam
2496 1935 2762 1990 diximus.
2799 1935 3130 1989 Tonitruum
3161 1945 3344 1988 autem
3385 1949 3505 1987 eam
3549 1949 3648 2003 ap—

2077 2027 2306 2097 pellavit
2331 2025 2628 2097 Propheta,
2666 2035 2720 2081 et
2751 2027 2883 2094 quia
2917 2043 2948 2082 e
2980 2028 3122 2082 coelo
3147 2027 3329 2081 delata
3377 2035 3462 2081 est
3505 2028 3652 2081 unde

2079 2119 2313 2174 veniunt
2343 2120 2590 2174 tonitrua
2620 2126 2674 2174 et
2715 2128 2936 2190 propter
2969 2120 3118 2175 illius
3155 2120 3594 2190 magnitudinem
3633 2137 3648 2173 :

2080 2226 2208 2266 nam
2245 2213 2313 2266 ah
2340 2213 2602 2267 omnibus
2649 2215 2716 2268 de
2749 2212 2900 2268 facili
2933 2214 3117 2267 audita
3145 2223 3250 2269 est.
3291 2214 3430 2268 Deus
3466 2223 3646 2268 autem

2077 2305 2264 2375 gloria:
2296 2304 2438 2359 dixit
2471 2321 2593 2375 pro,
2639 2307 2782 2361 Deus
2827 2307 3130 2376 gloriosus,
3185 2305 3648 2376 quemadmodum

2077 2407 2136 2452 et
2157 2397 2304 2452 'alibi
2355 2398 2496 2454 Deus
2527 2399 2730 2454 dicitur
2757 2399 3024 2465 veritatis,
3046 2399 3190 2454 Deus
3236 2398 3479 2461 ultionis,
3507 2397 3653 2451 Deus

2078 2491 2487 2561 potentiarum,
2525 2499 2580 2547 et
2636 2490 2777 2545 Dens
2837 2490 3380 2554 misericordiarum,
3427 2505 3525 2559 pro
3586 2503 3655 2544 eo

2077 2583 2226 2653 quod
2239 2590 2345 2650 est,
2366 2582 2510 2640 Deus
2524 2597 2710 2650 verus,
2731 2582 2869 2638 Deus
2886 2582 3106 2646 vindex,
3125 2584 3264 2638 Dens
3278 2591 3490 2653 potens,
3511 2581 3656 2639 Deus

2079 2673 2416 2730 misericors.
2457 2675 2662 2730 Idioma
2688 2675 2835 2730 enim
2868 2683 2953 2731 est
2981 2676 3182 2731 veteris
3213 2676 3530 2746 Scripturae.

2154 2769 2414 2823 Dominus
2441 2785 2599 2839 super
2634 2785 2802 2838 aquas
2839 2769 3064 2824 multas.
3097 2768 3360 2826 Christus
3390 2770 3652 2826 nimirum

2082 2860 2138 2914 in
2188 2859 2349 2930 aquis
2378 2858 2623 2916 ﬂuminis
2681 2858 2963 2928 Jordanis,
3007 2870 3063 2916 et
3116 2861 3322 2931 ubique
3378 2877 3478 2932 per
3505 2863 3654 2929 illas,

2083 2967 2348 3024 aquarum
2374 2961 2627 3008 naturam
2659 2954 3034 3011 sanctiﬁcans.

2154 3045 2319 3103 Vsus.
2351 3047 2404 3101 4.
2462 3047 2574 3102 Vox
2602 3047 2817 3103 Domini
2843 3050 2898 3103 in
2921 3049 3255 3119 fortitudine.
3289 3050 3344 3104 in
3377 3050 3530 3115 forti,
3565 3051 3656 3105 in-

392 3127 588 3182 παθῶν
620 3131 775 3202 ἀνδρὶ
807 3133 958 3204 φωνὴ
986 3133 1196 3202 γίνεται
1226 3136 1458 3206 Κυρίου,
1517 3140 1837 3207 ρωννύουσα
1879 3142 1974 3194 καί

2080 3140 2220 3210 quit,
2277 3155 2343 3195 ac
2399 3141 2632 3198 robusto
2667 3141 2935 3198 adversus
2982 3144 3270 3212 passiones
3321 3153 3488 3216 atque
3525 3145 3657 3202 aﬁ‘e-

396 3221 770 3294 ύποτιθεμένη
805 3226 872 3278 τὰ
899 3225 1108 3280 δέοντα.

465 3419 643 3489 Φωνὴ
699 3422 924 3490 Kvplov
974 3423 1047 3477 ἐν
1088 3426 1596 3494 μεγαλοπρεπείᾳ.
1654 3429 1763 3480 Και
1801 3430 1859 3481 ἐν
1893 3429 1974 3499 τῷ

399 3512 838 3583 μεγαλοπρεπεῖ,
874 3514 952 3584 τῷ
984 3517 1416 3586 καταφρονοῦντι
1459 3519 1558 3586 μὲν
1589 3520 1696 3573 τῶν
1733 3522 1974 3592 γεηρῶν,

399 3600 688 3669 φρονοῦντι
722 3603 778 3656 δὲ
805 3604 872 3656 τὰ
897 3605 1127 3674 οὐράνια
1149 3623 1161 3637 ·
1195 3607 1268 3670 ὡς
1298 3607 1594 3678 δηλοῦσθαι
1634 3609 1722 3662 διὰ
1755 3611 1853 3680 μὲν
1874 3611 1976 3682 τῆς

399 3693 612 3764 ἰσχύος,
639 3696 732 3749 τὸν
762 3700 1072 3767 πρακτικόν
1093 3717 1108 3731 ·
1145 3701 1233 3756 διὰ
1265 3701 1322 3756 δὲ
1343 3704 1442 3773 τῆς
1469 3703 1972 3776 μεγαλοπρεπείας,

396 3786 486 3838 τὸν
512 3786 872 3858 θεωρητικόν.

470 3880 646 3948 Φωνὴ
675 3885 923 3949 Κυρίου,
946 3888 1378 3954 συντρίϐοντος
1400 3890 1671 3958 κέδρους.
1691 3891 1757 3946 Ἦ
1782 3894 1974 3964 κέδρος

396 3972 530 4024 ποτὲ
585 3973 684 4043 μὲν
721 3975 815 4026 ὲπί
863 3975 1033 4029 καλοῦ
1084 3978 1442 4048 λαμϐάνεται,
1475 3981 1566 4034 διὰ
1598 3984 1661 4036 τὸ
1719 3985 1973 4056 ἄσηπτον

395 4065 491 4118 καὶ
549 4066 864 4136 κατάκομον
923 4070 1016 4121 καὶ
1060 4071 1284 4135 εὑῶδες,
1338 4073 1416 4136 ὡς
1468 4075 1567 4127 τόο
1603 4077 1841 4142 Δίκαιος
1891 4078 1974 4145 ὡς

393 4155 600 4222 φοίνιξ
626 4158 898 4224 ἀνθήσει,
926 4159 1024 4213 καὶ
1049 4162 1191 4216 ὡσεὶ
1216 4162 1428 4232 κέδρος
1471 4167 1510 4236 ἡ
1541 4168 1612 4220 ἐν
1633 4166 1712 4232 τῷ
1741 4168 1974 4234 Λιϐάνῳ

396 4249 899 4317 πληθυνθήσεται
921 4267 934 4280 ’
981 4253 1111 4306 ποτὲ
1144 4255 1199 4308 δὲ
1231 4255 1322 4308 ἐπὶ
1357 4257 1562 4324 κακοῦ,
1591 4258 1680 4311 διὰ
1710 4264 1770 4312 τὸ
1800 4259 1975 4330 ἄκαρυ

394 4354 501 4391 πον
522 4339 620 4392 καὶ
647 4340 1073 4412 δυσκαμπὲς,ὠς
1093 4346 1154 4399 τό
1173 4361 1186 4375 ·
1219 4345 1403 4402 Εἶδον
1430 4350 1535 4403 τὸν
1571 4350 1764 4420 ἀσεϐῆ
1795 4354 1974 4421 ὑπερ-

2080 3243 2203 3288 ctus
2230 3233 2472 3297 homine,
2517 3248 2623 3288 vox
2680 3233 2894 3288 Domini
2956 3236 3036 3300 ﬁt,
3087 3237 3360 3293 roborans
3413 3254 3540 3294 eum
3587 3255 3655 3295 ac

2080 3338 2385 3393 suggerens
2415 3339 2536 3394 quae
2569 3326 2884 3380 necessaria
2912 3333 3063 3379 sunt.

2164 3412 2276 3469 Vox
2315 3415 2528 3470 Domini
2563 3417 2620 3470 in
2661 3419 3082 3486 magnificentia.
3125 3420 3239 3476 Hoc
3283 3429 3390 3485 est,
3443 3421 3496 3477 in
3536 3439 3656 3478 ma-

2079 3508 2281 3577 gniﬁco
2313 3523 2381 3563 eo
2407 3509 2546 3573 viro,
2571 3510 2663 3579 qui
2695 3513 2980 3566 terrestria
3005 3513 3297 3581 spreverit,
3324 3521 3378 3568 et
3400 3515 3653 3573 cmlestia

2082 3607 2295 3653 tantum
2361 3599 2660 3655 meditetur
2695 3616 2708 3653 :
2746 3609 2805 3655 ut
2866 3618 2964 3663 per
3005 3604 3389 3660 fortitudinem
3427 3609 3652 3678 quidem

2082 3693 2280 3756 activa,
2311 3707 2374 3748 ac
2405 3693 2632 3748 moralis
2665 3695 2863 3760 virtus,
2893 3711 2992 3766 per
3013 3696 3484 3767 magniﬁcentiam
3521 3717 3655 3757 vero

2080 3787 2515 3854 contemplativa
2545 3787 2909 3855 signiﬁcetur.

2157 3881 2318 3934 Vens.
2355 3879 2408 3933 5.
2460 3879 2574 3934 Vox
2606 3879 2860 3946 Domini,
2902 3882 3281 3952 confringeutis
3308 3869 3520 3943 cedros.
3551 3887 3655 3942 Cc-

2080 3971 2218 4025 drus
2253 3971 2553 4039 aliquando
2587 3971 2642 4024 in
2677 3972 2880 4026 bonum
2933 3973 3221 4042 accipitur,
3255 3976 3383 4046 quia
3428 3977 3651 4032 cedriua

2079 4063 2226 4132 ligna
2276 4063 2762 4118 immarcescibilia
2815 4071 2983 4128 sunt,
3017 4073 3184 4132 atque
3233 4067 3555 4135 imputrida,
3596 4081 3652 4123 et

2081 4169 2271 4209 earum
2291 4154 2520 4208 materia
2541 4153 2709 4208 densa
2734 4159 2820 4208 est
2847 4163 3014 4222 atque
3031 4155 3280 4219 odorata,
3297 4157 3455 4223 juxta
3481 4159 3650 4212 illud:

2078 4241 2266 4296 Justus
2290 4249 2344 4294 ut
2369 4240 2553 4308 palma
2581 4241 2818 4310 ﬂarebit,
2866 4250 2914 4295 et
2945 4241 3083 4295 sicut
3141 4243 3328 4297 cedrus
3364 4245 3416 4299 in
3446 4245 3652 4301 Libano

2080 4332 2536 4402 multiplicabitur
2579 4333 2648 4396 ",
2716 4331 3017 4401 aliquando
3073 4343 3254 4388 autem
3304 4336 3358 4389 in
3427 4338 3654 4402 malum,

393 4433 750 4502 υψούμενον
768 4436 865 4488 καὶ
899 4436 1319 4507 ἐπαιρόμενον,
1343 4441 1424 4507 ὡς
1453 4443 1560 4506 τὰς
1589 4443 1843 4511 κέδρους
1864 4444 1970 4498 τοῦ

2078 4426 2205 4494 quia
2247 4425 2412 4480 arbor
2463 4431 2550 4478 est
2603 4423 2813 4478 sterilis
2875 4432 3044 4493 atque
3083 4423 3434 4495 inﬂexibilis,
3496 4429 3652 4498 juxta

395 4524 685 4580 Λιϐάνου.
716 4526 829 4578 Νῦν
861 4526 956 4580 οῦν
979 4528 1203 4599 κέδρους
1249 4531 1506 4601 ὀνομάζει
1529 4535 1656 4596 τοὺς
1687 4534 1969 4604 δαίμονας,

394 4613 480 4668 διὰ
507 4617 569 4668 τὸ
601 4617 932 4686 ἐπῃρμένον.
977 4620 1040 4674 Ἦ
1065 4622 1299 4693 ἔπαρσις
1349 4625 1457 4694 γὰρ
1486 4626 1687 4688 αὐτοὺς
1729 4625 1838 4678 ἀπὸ
1874 4627 1972 4679 τοῦ

396 4709 637 4778 ούρανοῦ
663 4714 1128 4782 κατεκρήμνισεν.
1181 4715 1361 4783 Φωνὴ,
1393 4715 1551 4785 φησὶ,
1587 4719 1800 4784 γίνεται
1857 4720 1972 4771 Κυ-

396 4799 540 4868 ρίου,
601 4801 691 4852 ὅτε
746 4803 1023 4872 συντρίϐει
1060 4806 1152 4858 καὶ
1198 4806 1463 4876 ταράσσει
1503 4809 1630 4870 τοὺς
1687 4807 1969 4876 δαίμονας.

404 4889 803 4944 ’Υποστικτέον
851 4895 959 4964 γὰρ
1016 4897 1156 4964 μετὰ
1183 4897 1244 4950 τὸ
1289 4899 1534 4964 Κυρίου,
1571 4900 1656 4952 ἵνα
1685 4900 1901 4976 νοηθείη
1940 4901 1974 4967 ἡ

394 4983 640 5050 πλαγεία
689 4985 960 5050 σύνταξις.
997 4989 1186 5059 Τούτῳ
1219 4989 1276 5042 δὲ
1318 4991 1395 5060 τῷ
1428 4992 1670 5061 σχήματι
1713 4994 1806 5045 καὶ
1841 4993 1978 5045 ὑπο-

394 5073 604 5126 κατιὼν
633 5075 933 5145 ἐχρήσατο.

470 5253 582 5304 Kal
612 5254 933 5321 συντρίψει
965 5255 1181 5322 Κύριος
1211 5254 1318 5321 τὰς
1351 5255 1606 5323 κέδρους
1660 5257 1766 5310 τοῦ
1810 5257 1979 5312 Λιϐά-

393 5361 530 5398 νου.
568 5344 800 5407 Λίϐανος
833 5346 955 5416 ὅρος
985 5347 1189 5417 ὑψηλὸν
1218 5349 1584 5418 Παλαιστίνης
1621 5349 1975 5421 κεδροφόρον,

396 5436 702 5500 εἰδωλικοῖς
742 5441 894 5500 ναοῖς
925 5440 1309 5509 ἀνακείμενον.
1341 5441 1506 5494 Ὅθεν
1548 5441 1774 5511 κέδρους
1804 5443 1976 5495 Λιϐά-

397 5546 488 5581 νου
532 5529 688 5597 λέγει
715 5531 784 5582 τὰ
811 5532 1016 5602 τεμένη
1048 5533 1156 5586 τῶν
1197 5534 1456 5597 εἰδώλων,
1489 5534 1558 5587 τὰ
1605 5537 1662 5587 ἐν
1704 5534 1874 5604 αὐτῷ,
1913 5536 1978 5587 ὲκ

390 5621 489 5674 τοῦ
541 5622 897 5694 περιέχοντος
928 5623 1106 5693 δηλῶν
1138 5629 1205 5680 τὰ
1241 5629 1636 5698 περιεχόμενα,
1674 5629 1768 5683 καὶ
1805 5629 1980 5691 άλλως

2079 4518 2214 4573 illud
2242 4535 2255 4572 :
2295 4516 2420 4571 Vidi
2449 4519 2675 4587 impium
2707 4521 3170 4588 superexaltatum
3212 4532 3370 4592 atque
3396 4523 3654 4578 eleuatum

2079 4611 2214 4662 sicut
2236 4609 2420 4663 cedrus
2452 4607 2643 4664 Libani
2670 4610 2738 4662 “.
2760 4609 2876 4664 Hoc
2905 4610 2961 4664 in
2994 4611 3116 4666 loco
3148 4611 3316 4683 igitur
3340 4629 3438 4682 per
3459 4616 3656 4670 cedros

2080 4703 2358 4755 dwmones
2382 4701 2640 4771 intelligit
2669 4711 2892 4770 propter
2929 4703 3224 4759 elationem
3249 4721 3312 4759 ac
3341 4709 3654 4776 superbiam

2082 4791 2259 4856 illam,
2307 4807 2431 4859 quae
2461 4791 2528 4845 de
2556 4793 2700 4845 caelo
2729 4807 2825 4846 eos
2861 4793 3244 4863 precipitavit.
3294 4794 3426 4860 Vox,
3454 4797 3654 4868 inquit,

2084 4881 2299 4944 Domini
2348 4883 2406 4936 ﬁt
2435 4924 2450 4948 ,
2483 4883 2705 4953 quando
2735 4885 2979 4939 conterit
3009 4901 3073 4940 ac
3122 4888 3421 4958 confringit
3459 4891 3658 4943 daemo-

2087 4990 2207 5028 nes.
2239 4975 2484 5030 Punctns
2522 4975 2668 5028 enim
2703 4976 2993 5044 ponendus
3027 4986 3132 5042 est,
3169 4987 3296 5047 post
3330 4980 3652 5042 dictionem,

2083 5067 2323 5130 Domini,
2351 5075 2409 5121 ut
2446 5067 2786 5137 intelligatur
2825 5084 2947 5123 esse
2982 5068 3205 5138 obliqua
3237 5071 3488 5140 quaedam
3516 5087 3653 5125 cou—

2085 5160 2314 5213 structio
2341 5176 2354 5223 ;
2379 5173 2487 5227 qua
2519 5158 2784 5229 loquendi
2820 5157 2993 5229 ﬁgura
3025 5160 3170 5212 inira
3195 5161 3357 5212 etiam
3385 5175 3520 5213 usus
3547 5169 3650 5212 est.

2159 5253 2226 5307 Et
2268 5254 2558 5325 confringet
2611 5253 2865 5308 Dominus
2913 5255 3095 5308 cedros
3149 5253 3353 5307 Libani.
3412 5253 3652 5307 Libantts

2077 5359 2234 5398 mons
2273 5355 2357 5398 est
2399 5344 2704 5400 Palaestinae
2747 5345 3009 5415 regionis,
3046 5345 3215 5405 altus,
3249 5357 3313 5393 ac
3345 5341 3524 5395 terens
3563 5357 3649 5396 ce-

2078 5439 2232 5500 dros,
2275 5438 2546 5494 idolorum
2578 5439 2798 5508 templis
2822 5443 3206 5491 consecratum
3231 5451 3246 5499 ;
3279 5435 3420 5488 unde
3447 5449 3542 5501 per
3560 5450 3650 5489 ce-

2079 5532 2210 5588 dros
2230 5532 2498 5588 idolorum
2525 5545 2748 5586 nemora
2773 5543 2838 5583 ac
2861 5529 3016 5584 lucos
3039 5526 3313 5596 intelligit,
3337 5526 3431 5595 qui
3456 5527 3509 5581 in
3531 5527 3650 5596 ipso

2081 5640 2232 5696 sunt,
2264 5645 2362 5700 per
2389 5629 2683 5686 continens
2715 5633 2977 5681 contenta
3041 5623 3383 5695 signiﬁcans.
3434 5620 3647 5676 Similia

514 5806 559 5840 ”
591 5804 801 5864 Matth.
853 5820 940 5869 ιιι,
977 5805 1060 5859 l7.
1104 5806 1150 5838 "
1175 5805 1324 5864 Psal.
1358 5821 1466 5876 χει,
1499 5807 1586 5864 13.
1645 5809 1690 5842 ³⁸
1717 5807 1864 5866 Psal.
1887 5825 2071 5882 sxxvr,
2100 5811 2192 5868 '55.
