4078 6412
425 488 530 552 339

1625 479 2007 540 ΕΠΤΗΥΜΙῘ
2040 479 2401 539 ZlGABENI

3567 473 3672 536 340

490 624 659 679 Vens.
703 621 790 675 Η.
824 620 1080 674 Dominus
1103 619 1463 689 fortitudinem
1494 618 1688 686 populo
1715 633 1808 670 suo
1826 616 1996 674 dabit.

2170 618 2385 684 Κύριος
2401 615 2586 684 ἰσχὺν
2613 613 2692 679 τῷ
2708 613 2836 678 λαῷ
2859 611 3046 667 αὐτοῦ
3065 611 3266 664 δώσει.
3295 609 3386 678 Τῷ
3402 608 3510 662 τῶν
3534 610 3669 680 Χρι-

426 716 635 784 Populo
661 713 1102 768 Christianorum
1142 711 1355 766 scilicet
1415 710 1507 777 qui
1545 709 1646 763 sub
1685 709 1995 762 daemonum

420 822 485 862 ac
519 806 841 878 passionum
898 802 1190 874 tyrannide
1228 802 1357 855 olim
1418 799 1890 870 opprimebantur.

492 897 753 950 Dominus
788 894 1052 948 benedicet
1081 895 1276 963 populo
1330 909 1424 945 suo
1458 892 1512 944 in
1542 906 1689 960 pace.
1743 889 1998 960 Oppres—

423 1005 542 1042 sum
565 989 711 1042 bello
746 987 1006 1056 populum
1061 986 1360 1046 roborabit,
1394 992 1448 1038 et
1491 983 1542 1036 in
1578 991 1822 1051 tempore
1844 982 1998 1051 pacis

420 1079 713 1133 benedicet
745 1095 758 1132 :
795 1077 900 1129 hoc
932 1084 1018 1129 est
1052 1077 1227 1142 gratia
1270 1089 1370 1128 sua
1409 1073 1636 1142 dignum
1689 1071 1876 1135 faciet,
1906 1085 2000 1139 per

421 1174 628 1226 donum
663 1172 840 1226 sancti
869 1171 1128 1240 Spiritus.
1172 1169 1266 1223 Vel
1303 1169 1589 1233 benedicet,
1643 1182 1762 1237 pro,
1812 1164 2002 1218 lauda-

424 1265 530 1328 bit,
555 1273 818 1332 tanquam
846 1263 948 1317 sibi
978 1263 1282 1330 placentem
1314 1269 1370 1314 et
1409 1267 1643 1329 gratum.

424 1355 674 1410 Psalmus
718 1353 931 1410 Cantici
999 1352 1352 1406 reuovationis
1423 1352 1614 1402 domus
1647 1349 1751 1418 ipsi
1809 1345 1998 1400 David.

950 1441 1272 1496 PSALMUS
1298 1439 1492 1494 XXIX.

498 1535 640 1601 Quid
675 1535 744 1590 sit
771 1534 1014 1588 Psalmus
1036 1530 1247 1587 Cantici
1271 1533 1324 1585 in
1365 1531 1637 1600 prooemio
1665 1530 1868 1587 dictum
1902 1544 2005 1588 est.

425 1630 504 1682 Ite
537 1628 747 1696 reliqua
809 1627 975 1694 hujus
1014 1624 1206 1693 psalmi
1246 1623 1611 1693 inscriptione
1641 1626 1809 1698 varia:
1870 1634 2003 1680 sunt

429 1721 792 1788 interpretum
824 1717 1130 1771 sententiae.
1163 1716 1346 1785 Aliqui
1372 1717 1518 1770 enim
1550 1716 1740 1772 dicunt
1773 1733 1867 1786 per
1902 1720 2002 1772 do-

427 1824 574 1862 mum
610 1807 790 1862 hocin
843 1807 987 1870 loco,
1045 1805 1277 1876 intelligi
1325 1806 1563 1860 animam
1621 1807 1795 1875 ipsius
1856 1808 2004 1861 beati

424 1901 617 1963 David,
653 1915 774 1969 qua:
829 1899 1139 1967 prophetici
1200 1899 1552 1954 charismatis
1589 1898 1862 1968 quoddam
1893 1908 2011 1954 erat

429 1991 807 2044 habitaculum
852 2006 866 2042 :
904 1999 961 2043 et
1015 2005 1112 2058 per
1138 1991 1558 2044 renovationem
1592 1989 1812 2056 domus,
1838 2005 2001 2046 reno-

2122 1987 2338 2057 ρητικοῦ
2391 1987 2733 2056 χαρίσματος
2771 2000 2784 2014 ⁶

439 2083 715 2136 vationem
753 2080 955 2135 divina:
978 2083 1165 2150 gratia:
1212 2080 1548 2151 intelligunt,
1585 2082 1806 2151 quando
1846 2085 2004 2136 nimi-

429 2188 552 2227 rum
586 2179 709 2242 post
737 2172 988 2226 adulterii
1021 2183 1076 2227 et
1132 2173 1296 2228 caedis
1332 2176 1587 2240 crimina,
1620 2189 1837 2245 peracta
1891 2193 2004 2246 pm-

429 2260 663 2314 nitcntia
703 2259 902 2329 dignus
944 2277 1166 2315 rursum
1194 2260 1421 2317 elTecIus
1445 2273 1548 2326 est,
1589 2267 1677 2319 cui
1713 2281 1741 2320 a
1777 2266 2007 2321 Domino

432 2351 733 2421 prophetiae
770 2353 975 2406 donum
1008 2351 1416 2409 restitueretur.
1458 2355 1565 2410 Alii
1591 2361 1837 2421 domum,
1872 2358 2007 2412 ﬁde-

429 2443 564 2496 lium
592 2442 891 2497 Ecclesiam
939 2459 1063 2499 esse
1112 2443 1343 2499 dicunt:
1377 2453 1432 2500 et
1465 2462 1562 2515 per
1593 2450 2004 2503 renovationem

437 2534 660 2598 domus,
688 2534 1095 2589 renovationem
1132 2533 1281 2588 illam
1317 2536 1796 2606 intelligunt,qua:
1826 2537 1884 2591 ﬁt
1915 2553 2011 2608 per

429 2623 904 2694 regenerationem
937 2625 1309 2694 baptismatis.
1340 2625 1445 2680 Alii
1482 2627 1610 2680 item
1649 2626 2006 2682 festivitatem

430 2715 580 2768 illam
625 2714 965 2768 renovationi
1029 2715 1285 2776 similem,
1349 2725 1512 2784 quam
1562 2718 1832 2773 Ezechias
1896 2720 2012 2774 Rex

430 2814 556 2875 post
591 2805 951 2875 Assyriorum
982 2806 1420 2876 proﬂigationem
1447 2809 1500 2861 in
1530 2810 1728 2878 templo
1761 2811 2012 2865 celebra-

429 2899 554 2953 vit:
591 2897 852 2966 templum
913 2897 1116 2968 quippe
1158 2898 1354 2953 domus
1407 2899 1621 2954 Domini
1654 2911 1740 2954 est
1784 2902 1900 2954 :ita
1956 2913 2016 2955 ut

432 3005 679 3060 praesens
702 2991 968 3060 psalmus,
1010 2991 1097 3045 cui
1124 2991 1450 3062 inscriptum
1484 3002 1590 3056 est,
1618 2991 1867 3049 Psalmus
1891 3011 2017 3048 can-

433 3084 527 3136 εἰσί
575 3084 932 3137 renovationis
989 3084 1201 3147 domus,
1247 3086 1518 3150 enuntiet,
1570 3101 1821 3155 qumnam
1852 3087 2016 3140 verba

431 3176 578 3229 dicta
612 3174 813 3229 fuerint
845 3190 872 3227 a
911 3174 1070 3229 beato
1097 3173 1288 3241 David,
1315 3176 1359 3229 si
1386 3178 1452 3230 ad
1480 3192 1604 3230 eum
1624 3178 1789 3232 verba
1819 3173 2014 3246 psalmi

433 3267 782 3332 referamus,
839 3274 933 3319 aut
1014 3281 1265 3336 quaenam
1334 3267 1636 3323 verisimile
1694 3279 1840 3323 esset
1904 3269 2012 3322 dici

2103 707 2335 760 στιανῶν
2373 705 2765 777 πολεμουμένῳ
2797 703 2902 757 ὑπὸ
2930 702 3218 773 τυράννων
3248 701 3280 772 ἣ
3315 701 3608 771 δαιμόνων,
3637 701 3672 772 ἢ

2103 799 2312 853 παθῶν.

2173 894 2385 958 Κύριος
2413 890 2736 959 solertiae-rt
2762 887 2869 941 τὸν
2904 887 3058 941 λαὸν
3107 885 3294 941 αὑτοῦ
3327 885 3398 938 ἐν
3444 883 3674 952 εἰρήνῃ.

2101 982 2518 1052 Πολεμούμενον
2579 981 2700 1048 μὲν,
2751 979 3048 1050 ἐνισχύσει,
3111 981 3168 1032 ἐν
3211 977 3289 1048 τῷ
3339 975 3516 1046 καιρῷ
3574 975 3676 1044 τῆς

2102 1073 2328 1143 εἰρήνης
2354 1071 2660 1139 εύλογήσει,
2710 1071 2983 1133 τουτέστι,
3033 1069 3256 1139 χάριτος
3316 1065 3558 1130 ἀξιώσει,
3590 1065 3680 1118 διὰ

2103 1163 2199 1232 τῆς
2233 1162 2443 1231 δωρεᾶς
2496 1158 2590 1212 τοῦ
2648 1159 2805 1226 ἁγίου
2853 1158 3190 1227 Πνεύματος.
3237 1157 3306 1208 Ἦ
3329 1155 3678 1224 εὐλογήσω,

1992 1289 2010 1311 ο
2103 1253 2226 1306 ἀντὶ
2249 1250 2367 1316 τοῦ,
2389 1249 2760 1314 ἐπαινέσεται,
2800 1246 3230 1319 εύχαριστοῠντα
3256 1245 3430 1314 αύτῷ.

2113 1338 2360 1412 Ψαλμὸς
2430 1341 2605 1412 ’ῼδῆς
2646 1340 3039 1409 ἐγκαινισμοῦ
3093 1339 3200 1392 τοῦ
3260 1338 3429 1391 οἴκου
3484 1335 3683 1388 Aac-76.

2679 1432 2974 1486 ΨΑΛΜΟΣ
3004 1428 3135 1484 ΚΘ’.

2181 1529 2246 1582 Τί
2269 1529 2368 1598 μέν
2408 1529 2524 1580 ἐστι
2579 1525 2829 1596 Ψαλμὸς
2877 1521 3060 1590 ᾠδῆς,
3087 1523 3143 1572 ἐν
3166 1519 3245 1586 τῷ
3281 1517 3555 1589 προοιμίῳ
3584 1516 3686 1578 τῆς

2108 1621 2422 1692 ἐξηγήσεως
2460 1621 2563 1688 τῆς
2615 1617 2904 1686 παρούσης
2937 1614 3123 1684 βίϐλου
3157 1614 3484 1683 προείρηται
3510 1627 3522 1640 ο
3556 1609 3689 1678 περὶ

2109 1716 2165 1769 δέ
2193 1716 2290 1783 τῆς
2341 1714 2537 1782 λοιπῆς
2587 1709 2906 1778 ἐπιγραφῆς
2933 1707 3187 1775 διάφοροι
3220 1704 3371 1769 λόγοι
3400 1703 3687 1770 φέρονται.

2111 1807 2266 1869 Τινὲς
2303 1806 2405 1876 μέν
2459 1821 2647 1872 φασιν,
2703 1799 2851 1855 οἷκον
2905 1799 3003 1869 μὲν
3060 1798 3158 1866 τὴν
3188 1795 3282 1848 τοῦ
3317 1794 3479 1846 Δαὸὶδ
3507 1793 3692 1861 ψυχὴν

2112 1897 2502 1966 ὀνομασθῆναι,
2548 1896 2623 1958 ὡς
2654 1892 3090 1962 κατοικητήριον
3121 1889 3408 1957 γεγονυῖαν
3439 1884 3530 1938 τοῦ
3561 1902 3698 1953 προ-

2860 1978 3216 2048 ἐγκαινισμὸν
3270 1978 3326 2029 δὲ
3380 1974 3478 2044 τὴν
3534 1973 3696 2034 αὖθις

2112 2081 2429 2140 ἀνανέωσιν,
2483 2080 2574 2130 ὅτε
2626 2077 2764 2146 μετὰ
2819 2076 2918 2144 τὴν
2973 2072 3234 2143 πορνείαν
3269 2068 3363 2121 καὶ
3413 2068 3504 2120 τὸν
3528 2066 3697 2133 φόνον

2113 2169 2315 2238 Οὐρίου
2348 2167 2692 2236 μετανοήσας
2721 2163 2963 2231 θερμῶς,
2990 2157 3197 2230 ἠξιώθη
3230 2156 3393 2210 πάλιν
3432 2153 3524 2205 τοῦ
3553 2168 3696 2221 προ-

2117 2258 2392 2330 φητεύειν,
2424 2258 2498 2320 ὡς
2539 2257 2600 2307 τὸ
2667 2254 2955 2325 πρότερον.
2989 2249 3146 2310 Τινὲς
3180 2248 3236 2299 δὲ
3262 2241 3410 2299 οἶκον
3447 2243 3566 2310 μὲν,
3593 2241 3698 2308 τὴν

2130 2351 2460 2420 Ἰῖκκλησίαν
2522 2348 2629 2402 τῶν
2672 2345 2905 2408 πιστῶν,
2962 2339 3322 2410 ἐγκαινισμδν
3369 2335 3448 2400 δὲ,
3481 2334 3577 2402 τὴν
3607 2332 3701 2384 διὰ

2115 2447 2215 2515 τῆς
2267 2442 2682 2511 ἀναγεννήσεως
2741 2439 2835 2491 τοῦ
2908 2436 3289 2507 βαπτίσματος
3345 2427 3702 2481 ἀνακαίνισιν

2119 2534 2312 2602 αὐτῆς.
2353 2531 2541 2584 Ἀλλοι
2569 2530 2626 2582 δὲ
2661 2530 3020 2595 ἐγκαινισμὸν
3070 2522 3340 2577 ἐκάλεσαν
3369 2519 3468 2588 τὴν
3501 2519 3700 2583 ἐγκαιο

2119 2623 2297 2693 νισμῷ
2339 2622 2605 2683 ἐοικυῖαν,
2654 2620 2722 2690 ἣν
2765 2621 2793 2670 6
2836 2617 3090 2681 Ἐζεκίας
3131 2609 3373 2683 ἑώρταζε
3415 2607 3553 2678 μετὰ
3598 2606 3697 2676 τὴν

2122 2717 2403 2787 ἀναίρεσιν
2438 2713 2548 2765 τῶν
2593 2710 2915 2780 Ἀσσυρίων,
2945 2710 3002 2761 ἐν
3037 2705 3114 2776 τῷ
3151 2703 3265 2772 ναῷ
3291 2699 3368 2769 τῷ
3421 2698 3553 2765 οἴκῳ
3581 2698 3704 2749 Κυ-

2124 2786 2282 2882 ρίου·
2315 2809 2391 2871 ὡς
2421 2804 2562 2860 εῖναι
2583 2805 2673 2857 τὸν
2695 2802 2911 2870 ψαλμὸν
2936 2801 3148 2860 τοῦτον,
3172 2795 3390 2864 ψαλμὸν
3425 2791 3563 2860 ᾠδῆς
3585 2786 3698 2882 ,τοῦ

2123 2897 2477 2968 ἐγκαινισμοῦ
2503 2895 2596 2948 τοῦ
2623 2895 2792 2958 οἴκου,
2835 2885 3350 2960 προαναφωνοῦντα,
3375 2882 3525 2942 τίνας
3552 2877 3705 2939 εἰκὸς

2123 2977 2312 3060 λόγους
2377 2989 2612 3059 ῥηθῆναι
2664 2981 2991 3053 τηνικαῦτα,
3034 2978 3147 3032 εἴτε
3176 2975 3328 3046 παρὰ
3377 2971 3473 3026 τοῦ
3513 2969 3707 3029 Δαϐἶδ,

2126 3085 2236 3136 εῐτε
2273 3083 2424 3152 παρὰ
2442 3083 2539 3150 τῆς
2579 3076 2932 3146 Ἐκκλησίας,
2957 3072 3067 3125 εἴτε
3101 3070 3252 3140 παρὰ
3277 3065 3370 3119 τοῦ
3412 3062 3665 3128 Ἐζεκίου
3691 3076 3706 3091 ⁶

2126 3177 2343 3244 ἑκάστῳ
2365 3172 2473 3242 γὰρ
2495 3170 2703 3226 τούτων
2731 3166 3027 3238 ἁρμόσειεν
3055 3163 3139 3216 ἄν.
3165 3160 3239 3212 T6
3262 3159 3339 3223 δὲ,
3371 3155 3477 3210 τοῦ
3499 3152 3709 3216 Δαϐίδ,

2134 3266 2510 3336 ἀναγνωστέον
2543 3265 2644 3318 καθ
2695 3255 3113 3327 ἐαυτὸν,δηλοῦν
3145 3253 3235 3306 τὸν
3271 3250 3600 3319 ποιήσαντα--

431 3358 632 3416 debere
665 3360 732 3413 ab
768 3359 1035 3424 Ecclesia,
1097 3372 1192 3416 aut
1223 3362 1290 3416 ab
1322 3362 1440 3432 ipso
1495 3363 1754 3418 Ezechia.
1783 3363 2093 3433 Unicuique
2121 3364 2267 3419 enim
2306 3377 2497 3417 eorum
2568 3365 2747 3430 potest
2789 3347 3216 3409 accommodari.
3282 3345 3345 3400 Et
3414 3339 3558 3412 quod
3634 3346 3715 3408 ait

432 3453 596 3520 ipsius
652 3451 838 3515 David,
881 3468 975 3522 per
1037 3467 1099 3508 se
1152 3455 1441 3523 legendum
1506 3465 1614 3516 est,
1661 3467 1718 3510 ut
1763 3456 2012 3512 auctoris
2054 3465 2268 3512 tantum
2309 3471 2512 3510 nomen
2545 3453 2834 3523 exprimat.

507 3541 674 3597 Vens.
697 3542 768 3598 2.-
789 3542 1052 3598 Exaltabo
1081 3555 1152 3613 te,
1185 3546 1429 3614 Dom-ine,
1463 3550 1711 3618 quoniam
1736 3551 2014 3621 suscepisti
2042 3558 2084 3614 α

437 3650 542 3689 me.
572 3634 680 3689 Sed
716 3649 954 3702 quonam
980 3647 1144 3706 pacto
1179 3639 1403 3695 humilis
1455 3641 1617 3694 homo
1652 3644 2020 3712 eumpoterit

438 3727 706 3790 exaltare,
734 3727 828 3796 qui
868 3731 1120 3784 excelsus
1142 3730 1268 3786 est?
1311 3730 1636 3788 Conﬁtendo
1667 3735 1924 3788 nimirum
1956 3751 2020 3790 ac

439 3816 809 3888 praedicando,
848 3819 994 3888 quod
1041 3820 1251 3876 altusis
1270 3822 1434 3878 siLac
1461 3824 1737 3880 sublimis.
1775 3825 1891 3879 Hac
1927 3841 2019 3879 ra-

443 3908 592 3960 tione
640 3909 996 3974 magnilicare
1043 3912 1208 3964 etiam
1253 3911 1425 3966 Deum
1483 3913 1609 3982 quis
1663 3912 1887 3976 dicitur,
1923 3913 2020 3983 qui

440 4013 698 4068 magnum
766 4000 924 4053 illum
972 4016 1098 4056 esse
1157 4011 1491 4066 asseverat,
1553 4005 2015 4072 quemadmodum

442 4099 661 4157 contra,
697 4093 742 4148 is
773 4093 940 4148 Deum
959 4093 1233 4160 humiliat,
1284 4111 1347 4150 ac
1379 4094 1663 4166 deprimit,
1695 4097 1786 4166 qui
1839 4099 2022 4152 humi-

405 4185 515 4239 ‘lia
563 4201 627 4240 ac
678 4187 804 4240 vilia
851 4187 917 4241 de
946 4203 1012 4242 eo
1046 4188 1310 4258 loquitur.
1357 4187 1650 4257 Suscepisti
1701 4203 1853 4254 vero,
1918 4190 2024 4244 hoc

2201 3551 2454 3620 ’Υψώσω
2480 3566 2574 3612 σε,
2601 3548 2799 3614 Κύριε,
2833 3544 2922 3598 ὅτι
2960 3539 3264 3603 ὑπέλαϐές
3283 3552 3376 3606 με.
3405 3531 3530 3594 Πῶς
3552 3531 3580 3580 6
3603 3546 3713 3581 τα-

2121 3644 2304 3707 πεινὸς
2331 3642 2540 3712 ὑψώσει
2561 3640 2654 3692 τὸν
2686 3637 2920 3708 ὑψηλόν;
2957 3637 3028 3688 ’Ἡ
3044 3631 3287 3704 δηλονότι
3308 3625 3514 3696 ὑψηλὸν
3541 3621 3714 3673 αὐτὸν

2115 3735 2398 3807 ὁμολογῶν
2421 3751 2435 3764 ⁸
2468 3732 2613 3786 οὕτω
2651 3715 2758 3800 γὰρ
2801 3729 2899 3781 καὶ
2939 3723 3232 3796 μεγαλύνει
3258 3718 3442 3781 αὐτὸν,
3499 3715 3574 3774 ὡς
3610 3713 3716 3807 μέΪ

2116 3805 2302 3896 γιστον
2333 3823 2702 3894 δογματίζων,
2732 3821 2920 3889 ὥσπερ
2949 3820 3019 3871 ὲκ
3040 3815 3132 3870 τοῦ
3167 3811 3414 3866 ἐναντίου
3446 3805 3714 3896 ταπεινοί

2118 3891 2213 3972 καὶ
2273 3891 2584 3986 σμικρύνει,
2635 3915 2663 3966 6
2693 3909 2929 3965 ταπεινὰ
2980 3907 3076 3960 καὶ⁸
3125 3903 3300 3976 μικρὰ
3363 3891 3712 3986 περὶαύτοῦ

2127 3985 2522 4076 φθεγγόμενος.
2567 4002 2888 4066 Ὑπέλαϐες
2917 3999 2998 4064 δὲ,
3029 3995 3150 4050 ἀντὶ
3195 3992 3290 4046 τοῦ
3324 3985 3715 4056 Μετεώρισας,

2140 4099 2442 4166 ἐκούφισας
2470 4112 2603 4150 κατε
2613 4091 2926 4166 ρραγμένον
2947 4091 3012 4160 τῇ
3036 4080 3529 4159 ἀμαρτίᾳ,ὑποθεὶς
3551 4079 3718 4148 χεῖρα

2135 4190 2236 4258 τῆς
2274 4189 2530 4260 βοηθείας
2559 4204 2676 4239 σου.

415 4287 552 4344 'est,
585 4279 918 4343 sublimasti,
941 4290 1104 4350 atque
1133 4283 1403 4348 allevasti,
1427 4283 1626 4336 auxilii
1652 4282 1912 4336 nimirum
1945 4283 2024 4336 tui
2063 4298 2284 4338 manum
2319 4296 2661 4352 supponens,
2691 4291 2815 4333 cutn
2845 4280 3194 4333 peccatorum
3257 4281 3423 4324 onere
3482 4265 3717 4335 depres-

446 4385 544 4426 sus
573 4371 836 4439 iacerem.

520 4463 634 4517 Nec
657 4465 930 4518 delectasti
955 4467 1196 4521 inimicos
1224 4484 1364 4522 meos
1393 4484 1546 4536 super
1578 4487 1676 4525 me.
1695 4469 1748 4525 Si
1773 4471 1842 4524 de
1869 4471 2028 4526 beato

449 4558 617 4612 David
686 4560 954 4628 psalmum
1017 4562 1276 4629 exponis,
1331 4577 1427 4631 per
1479 4564 1754 4629 inimicos,
1810 4579 1905 4618 eos
1951 4565 2032 4619 in-

449 4651 655 4720 tellige,
706 4651 908 4721 quibus
965 4650 1222 4706 daturmn
1276 4669 1336 4708 se
1372 4653 1516 4709 Deus
1579 4655 1728 4708 illius
1797 4668 2026 4725 regnum

452 4743 822 4798 comminatus
874 4742 1051 4796 fuerat
1113 4758 1211 4812 per
1256 4743 1576 4812 prophetam
1606 4742 1857 4809 Nathau;
1884 4743 1927 4798 si
1961 4741 2030 4796 dc

455 4833 744 4899 Ecclesia,
805 4833 1124 4899 daemones;
1183 4827 1229 4889 si
1279 4849 1409 4888 vero
1457 4835 1524 4888 de
1574 4850 1700 4905 rege
1757 4833 2029 4900 Ezechia,

451 4926 733 4996 Assyrios.
773 4924 898 4978 Non
933 4925 1208 4979 delectasti
1246 4936 1454 4992 autem,
1480 4925 1586 4980 hoc
1625 4936 1731 4990 est,
1755 4925 1873 4980 Non
1908 4940 2032 4994 per-

457 5017 659 5071 misisti
695 5026 754 5070 ut
787 5017 1190 5072 delectarentur
1209 5017 1498 5072 adversum
1527 5034 1629 5072 me.

525 5109 690 5164 Vsus.
721 5109 774 5164 5.
807 5109 1028 5164 Domine
1066 5111 1204 5165 Deus
1249 5127 1416 5176 meus,
1469 5110 1697 5163 clamavi
1747 5107 1816 5162 ad
1851 5117 1932 5172 te,
1985 5118 2034 5162 et

452 5204 662 5259 sanasti
708 5220 804 5257 me.
859 5202 979 5256 Non
1033 5218 1202 5268 sero,
1233 5201 1449 5272 inquit,
1491 5217 1577 5256 me
1638 5199 1871 5255 curasti.
1914 5197 2023 5254 Ubi

454 5296 598 5350 enim
623 5294 912 5351 confessus
955 5303 1040 5348 est
1086 5293 1278 5347 beatus
1326 5292 1493 5346 David
1555 5293 1809 5347 delictum
1863 5305 2026 5346 suum

456 5387 645 5443 dicens
678 5407 690 5442 :
728 5387 946 5440 Peccavi
975 5386 1200 5440 Domino
1232 5385 1301 5446 “,
1336 5385 1519 5439 statim
1550 5384 1598 5438 ci
1651 5383 1856 5438 dictum
1889 5392 1974 5436 est
2004 5395 2032 5434 a

454 5475 710 5530 Natltan:
752 5475 981 5529 Abstulit
1009 5474 1263 5527 Dominus
1292 5482 1569 5539 peccatum
1605 5479 1755 5524 tuum
1814 5470 1878 5525 ”.
1931 5469 2037 5523 Ec-

458 5569 625 5624 clesia
656 5569 821 5622 etiam
856 5567 971 5636 pari
992 5566 1152 5621 modo
1176 5563 1398 5635 quando
1423 5563 1770 5633 baptismatis
1793 5573 2039 5630 tempore

462 5660 630 5712 Deum
654 5658 892 5722 invocat,
921 5657 1105 5734 Statim
1138 5657 1377 5710 abluitur
1396 5671 1425 5710 a
1452 5665 1795 5724 peccatorum
1826 5653 2034 5724 plagis:

459 5761 513 5803 et
545 5750 739 5804 beatus
769 5749 1029 5804 Ezechias
1060 5763 1219 5802 sacco
1249 5747 1496 5811 indutus,
1527 5756 1582 5803 et
1615 5746 1932 5816 supplicans
1967 5743 2033 5797 ad

461 5840 663 5899 Deum,
698 5839 983 5892 confestim
1008 5839 1275 5892 liberatus
1301 5847 1384 5892 est
1415 5837 1484 5894 ab
1517 5837 1819 5896 obsidionis
1849 5835 2036 5906 plaga.

543 5948 586 5988 “
635 5947 676 6004 ιι
716 5947 846 6016 Reg.
880 5964 974 6015 xu,
1009 5949 1092 6004 15.
1162 5951 1204 5982 τ’
1229 5949 1366 6006 Ibid.

2204 4467 2309 4523 Καί
2359 4467 2470 4520 οὐκ
2515 4464 2819 4530 εὔφρανας
2852 4458 2991 4523 τοὺς
3018 4455 3275 4526 ἐχθρούς
3314 4469 3432 4520 μου
3455 4452 3530 4504 ἐπ
3581 4451 3714 4520 ἐμὲ.

2135 4557 2296 4613 Κατὰ
2320 4555 2413 4608 τὸν
2445 4551 2609 4605 Δαϐὶδ
2641 4550 2762 4618 μὲν,
2795 4543 2876 4610 οἷς
2902 4545 3130 4618 δοθῆναι
3155 4543 3256 4611 τὴν
3287 4541 3570 4611 βασιλείαν
3613 4542 3720 4593 αὐ.

2133 4645 2228 4698 τοῦ
2252 4645 2279 4696 6
2305 4643 2437 4703 Θεὸς
2471 4638 2559 4692 διὰ
2581 4637 2676 4690 τοῦ
2713 4636 2994 4706 προφήτου
3025 4632 3122 4686 τοῦ
3180 4632 3367 4684 Νάθαν
3401 4630 3672 4700 ἠπείλησε
3699 4648 3712 4660 ·

2138 4736 2282 4792 κατὰ
2310 4734 2366 4787 δέ
2413 4733 2511 4804 τὴν
2582 4728 2938 4797 Ἐκκλησίαν,
2994 4726 3122 4788 τοὺς
3151 4725 3419 4793 δαίμονας
3443 4735 3456 4749 '
3489 4721 3636 4775 κατὰ
3658 4721 3716 4773 δὲ

2137 4829 2230 4882 τὸν
2267 4824 2538 4890 Ἐζεκίαν,
2589 4821 2716 4884 τοὺς
2784 4818 3111 4889 Ἀσσυρίους
3159 4832 3172 4847 ⁸
3228 4817 3350 4869 Οὐκ
3409 4814 3717 4882 εὔφρανας

2138 4923 2216 4986 δὲ,
2253 4918 2375 4974 ἀντὶ
2401 4915 2520 4982 τοῦ,
2552 4914 2668 4968 Οὐκ
2701 4911 2912 4974 ἔδωκας
2944 4905 3324 4978 εὐφρανθῆναι
3356 4905 3556 4966 αὐτοὺς
3591 4904 3720 4956 κατ’

2139 5013 2299 5083 ἐμοῦ.

2205 5103 2381 5170 Κύριε
2403 5102 2436 5154 ό
2467 5097 2610 5162 Θεός
2639 5113 2778 5165 μου,
2799 5090 3096 5160 ἐκέκραξα
3142 5088 3291 5157 πρὸς
3312 5087 3406 5151 σὲ,
3437 5083 3536 5139 καὶ
3563 5084 3721 5137 Ιίίσω

2136 5213 2230 5266 με.
2266 5192 2523 5262 Δηλονότι
2553 5190 2654 5244 οὐκ
2690 5189 2770 5251 εἰς
2806 5183 3023 5256 μακράν
3045 5199 3059 5214 ν
3091 5183 3120 5234 6
3154 5181 3252 5250 μὲν
3285 5180 3394 5248 γὰρ
3425 5177 3590 5230 Δαϐὶδ
3639 5179 3722 5227 ει-

2135 5286 2272 5350 πὼν,
2311 5283 2640 5351 Ἠμὰρτηκα
2669 5277 2750 5341 τῷ
2772 5275 2988 5343 Κυρίῳ,
3020 5273 3254 5343 ἤκουσεν
3283 5271 3468 5331 εὐθὺς,
3505 5269 3587 5320 ὅτι
3647 5266 3718 5318 '0

2142 5380 2354 5446 Κύριος
2389 5374 2600 5443 ἀφεῖλε
2636 5371 2701 5424 τὸ
2727 5365 3046 5439 ἁμάρτημά
3069 5381 3207 5419 σου’
3235 5365 3269 5432 ἡ
3302 5363 3357 5416 δὲ
3396 5357 3716 5428 Ἐκκλησία,

2143 5467 2550 5536 ἐπικαλουμένη
2586 5462 2748 5516 αὑτὸν
2798 5463 2856 5513 ἐν
2906 5459 2983 5529 τῷ
3014 5456 3193 5526 καιρῷ
3242 5454 3338 5506 τοῦ
3402 5451 3718 5521 βαπτίσμα-

2141 5579 2254 5625 τος,
2288 5558 2450 5620 εὐθὺς
2481 5553 2806 5608 ἀπολούεται
2836 5551 2934 5612 τὰς
2970 5548 3186 5616 πληγὰς
3238 5546 3338 5615 τῆς
3383 5540 3661 5612 ἁμαρτίας
3696 5553 3713 5568 ⁸

2139 5656 2168 5707 6
2201 5653 2257 5704 δὲ
2307 5649 2556 5714 Ἑζεκίας
2582 5645 2786 5698 σάκκον
2847 5637 3332 5708 περιϐαλλόμενος-
3403 5635 3420 5673 τ
3464 5629 3713 5691 ςτεύσας,

2139 5741 2348 5815 ταχέως
2382 5739 2504 5809 ίὰθη
2540 5737 2647 5792 ἀπὸ
2678 5737 2776 5806 τῆς
2804 5731 3020 5803 πληγῆς
3060 5729 3159 5800 τῆς
3207 5725 3548 5796 πολιορκίας.
