4078 6420
487 437 593 500 3H

1648 444 1800 504 COM
1810 443 2045 508 MENT.
2076 445 2158 505 IN
2199 445 2562 505 PSALMOS.

3637 443 3742 505 342

563 548 674 603 Καὶ
701 546 1004 619 ἀνήγαγες
1027 551 1096 615 ἐξ
1117 551 1264 618 ᾅδου
1303 551 1406 619 τὴν
1465 553 1676 623 ψυχήν
1706 572 1852 624 μου.
1907 557 2064 609 Κατὰ

2245 553 2408 608 Vens.
2436 561 2488 608 4.
2541 552 2780 620 Domine,
2825 543 3093 606 deduxisti
3135 551 3201 606 ab
3259 551 3464 621 inferno
3505 552 3740 606 animam

493 641 597 711 μὲν
649 641 742 695 τδν
781 643 950 696 Δαὸὶδ
999 644 1092 699 καὶ
1136 646 1233 714 τὴν
1270 645 1622 716 Ἐκκλησίαν,
1673 649 1781 701 ἀπὸ
1813 651 1908 702 του
1941 651 2065 702 σκο-

487 751 616 796 τους
653 733 752 802 τῆς
781 735 1080 805 ἁμαρτίας.
1126 737 1195 789 Ἦ
1229 737 1324 789 καὶ
1342 737 1431 792 διὰ
1460 739 1561 809 τὴν
1617 739 1711 793 τοῦ
1738 740 1865 812 ᾅδου
1899 742 2067 796 κατὰ·

486 826 646 880 λυσιν
675 825 858 892 τοῦτο,
907 829 1004 882 καὶ
1031 830 1132 899 τὴν
1163 829 1274 883 τῶν
1305 831 1497 901 ψυχῶν
1522 833 1860 904 ἐλευθερίαν.
1912 836 2067 890 Κατά

486 919 546 972 δὲ
574 919 669 972 τὸν
709 919 985 986 Ἑζεκίαν,
1011 922 1119 976 ἀπὸ
1155 921 1250 976 τοῦ
1292 923 1520 988 σκότους
1564 928 1662 997 τῆς
1711 926 1975 992 δουλείας,
2030 929 2064 998 ἢ

490 1010 759 1064 σκὸτωσιν
786 1013 1026 1080 ἐμποιεῖ.

562 1187 847 1254 Ἔσωσάς
862 1206 939 1258 με
965 1190 1084 1246 ἀπὸ
1113 1192 1233 1246 τῶν
1255 1196 1736 1250 καταϐαινόντων
1773 1200 1863 1265 είς
1913 1199 2062 1252 λάκε

487 1294 628 1332 κον.
667 1277 740 1331 Τὸ
767 1279 901 1332 αὐτὸ
927 1282 1089 1336 πάλιν
1120 1279 1276 1338 εἶπεν
1311 1301 1326 1316 ⁸
1357 1286 1478 1350 ἔθος
1518 1289 1628 1357 γὰρ
1683 1291 1797 1352 τοῖς
1843 1292 2064 1361 εὐχαρι-

489 1368 708 1433 στοῦσι,
771 1372 1077 1426 ποικίλλειν
1105 1375 1204 1445 τὴν
1247 1377 1504 1448 διήγησιν
1565 1381 1666 1451 τῆς
1721 1382 2061 1454 εὐεργεσίας.

487 1464 712 1518 Δάκκον
742 1463 799 1518 δὲ
836 1467 1056 1536 νοήσεις
1086 1467 1177 1520 τὸν
1207 1469 1450 1536 ἄφυκτον
1493 1470 1758 1537 κίνδυνον,
1823 1474 2063 1537 τοιοῦτος

487 1554 600 1624 γὰρ
635 1555 667 1606 ὁ
699 1553 915 1625 βόθρος,
951 1557 984 1628 ἢ
1012 1558 1102 1610 τὸν
1127 1559 1317 1626 τάφον,
1346 1561 1379 1632 ἢ
1409 1562 1500 1615 τὸν
1543 1562 1677 1635 ᾅδην
1711 1581 1725 1596 ο
1763 1565 1858 1619 καὶ
1886 1565 2061 1620 ταῦτα

487 1648 603 1718 γὰρ
629 1649 686 1701 ὲν
713 1647 790 1720 τῷ
821 1649 979 1718 βάθει
1013 1654 1109 1720 τῆς
1129 1655 1231 1725 γῆς
1263 1656 1371 1710 εἰσὶ
1400 1657 1495 1712 καὶ
1525 1658 1762 1728 ἄφυκτα.
1809 1661 2064 1724 Ἐσωσάς

489 1756 584 1807 με,
620 1741 805 1810 φησὶν,
837 1741 946 1794 ἀπὸ
995 1745 1105 1798 τῶν
1153 1747 1592 1803 καταϐαινόντων
1643 1753 1722 1814 είς
1770 1752 2056 1806 κίνδυνον·

488 1833 631 1886 κατά
666 1835 769 1903 μὲν
806 1835 895 1888 τὸν
917 1837 1084 1890 Δασὶδ
1108 1841 1201 1892 καὶ
1230 1839 1328 1910 τὴν
1375 1842 1726 1913 Ἐκκλησίαν,
1788 1843 2020 1916 ψυχικόν
2043 1861 2057 1876 ⁶

486 1925 635 1976 κατά
669 1925 728 1976 δὲ
753 1925 843 1978 τὸν
885 1925 1156 1996 Ἐζεκίαν,
1199 1931 1534 1998 σωματικόν.
1594 1934 1714 2004 Χρὴ
1767 1935 1824 1988 δὲ
1897 1935 2062 2004 γινώ-

489 2031 664 2080 σκειν,
702 2016 784 2069 ὅτι
815 2018 874 2068 οὗ
909 2018 1086 2071 πάντα
1113 2021 1180 2074 τὰ
1212 2023 1340 2092 ἑξῆς
1399 2026 1560 2094 ῥητὰ,
1627 2027 1837 2090 τούτοις
1886 2029 2063 2100 ἁρμό-

489 2106 698 2171 ζουσιν,
739 2108 876 2161 ἀλλά
910 2126 1029 2163 τινα
1061 2130 1072 2141 ·
1117 2114 1344 2167 τοιαῦτα
1384 2115 1516 2184 γὰρ,
1573 2117 1649 2180 ὡς
1715 2119 1940 2184 ἐπίπαν,
1996 2124 2065 2175 τά

492 2199 826 2266 προφητικά.

573 2376 809 2430 Ψάλατε
878 2378 959 2444 τῷ
988 2381 1183 2450 Κυρίῳ
1209 2385 1262 2437 οὶ
1283 2383 1440 2440 ὅσιοι
1477 2387 1687 2445 αὐτοῦ.
1747 2389 1810 2444 Oi
1866 2390 2066 2445 δίκαιοι

505 2468 745 2533 αὑτοῦ,οί
785 2469 1065 2540 ὲνὰρετοι·
1097 2476 1146 2527 oi
1170 2476 1278 2547 γὰρ
1319 2477 1394 2549 μὴ
1429 2479 1603 2543 οὕτως
1641 2481 1883 2552 ἔχοντες,
1924 2483 2066 2554 ψάλ-

497 2559 674 2622 λοντες
696 2561 760 2613 οὐ
795 2561 1112 2630 ψάλλουσιν.
1146 2567 1223 2620 Οὐ
1249 2569 1361 2640 γὰρ
1385 2569 1613 2626 δύναται
1647 2574 1868 2646 δένδρον
1896 2594 2064 2647 πονη-

497 2651 589 2720 ρὸν
638 2657 888 2726 καρποὺς
917 2657 1160 2726 ἀγαθοὺς
1190 2665 1389 2728 ποιεῖν,
1426 2664 1549 2718 οὐδὲ
1585 2667 1785 2738 καρδία
1827 2669 2066 2740 θανατη-

492 2745 682 2815 φόρος,
725 2749 950 2819 ῥήματα
975 2749 1261 2807 ἐκϐάλλειν
1287 2753 1454 2826 ζωῆς.
2002 2762 2005 2764 ί

575 2929 1069 3002 Ἐξομολογεῖσθε
1124 2934 1200 3004 τῇ
1249 2937 1458 3008 μνήμῃ
1514 2938 1626 3010 τῆς
1673 2941 2068 3012 δικαιοσύνης

493 3021 708 3075 αὐτοῦ.
741 3024 851 3076 Καὶ
887 3024 1264 3095 εὐχαριστεῖτε
1293 3030 1394 3098 τῆς
1431 3029 1542 3097 (97)
1599 3033 1818 3101 μνήμης
1879 3036 2066 3102 αὑτοῦ,

493 3115 580 3166 ὅτι
605 3115 1017 3184 ἐμνημόνευσεν
1039 3119 1195 3187 ἡμῶν
1223 3119 1384 3191 αὕτη,
1441 3121 1552 3174 τῶν
1606 3125 2066 3196 ἐπιλελησμένων,

493 3204 586 3257 διὰ
605 3204 706 3269 τὰς
736 3207 1010 3278 ἁμαρτίας
1049 3211 1227 3279 ἡμῶν.

569 3320 703 3372 Ὅτι
736 3321 884 3389 ὀργὴ
938 3321 1007 3373 ἐν
1036 3320 1115 3387 τῷ
1149 3320 1312 3391 θυμῷ
1335 3323 1547 3386 αὐτοῦ,
1572 3325 1668 3379 καί
1704 3325 1819 3396 ζωὴ
1873 3327 1942 3380 ἐν
1989 3328 2068 3393 τῷ

496 3411 783 3481 θελήματι
810 3413 1018 3468 αὑτοῦ.
1064 3413 1266 3484 Ὀργήν
1298 3416 1396 3485 μὲν
1423 3417 1678 3485 ὀνομάζει
1703 3417 1797 3471 νῦν
1819 3420 1917 3486 τὴν
1973 3421 2069 3474 κό-

495 3503 654 3557 λασιν
677 3522 692 3535 ’
714 3503 886 3574 Θυμὸν
911 3505 986 3569 δὲ,
1021 3505 1118 3577 τὴν
1140 3507 1535 3578 ἀγανάκτησιν.
1571 3511 1726 3564 Ἔστι
1749 3511 1804 3564 δὲ
1832 3512 2070 3576 τοιοῦτος

493 3596 524 3647 ὁ
566 3593 692 3658 νοῦς
719 3610 738 3630 ο
767 3595 848 3648 ὅτι
875 3595 1095 3658 κόλασις
1119 3598 1218 3666 μέν
1243 3599 1411 3664 ἐστιν,
1477 3600 1537 3652 ἐν
1583 3603 1648 3672 τῇ
1699 3602 2070 3670 ἀγανακτήσει

497 3685 665 3737 αὖτοῦ
707 3703 721 3718 -
752 3685 866 3756 ζωὴ
894 3687 972 3754 δὲ,
1006 3688 1063 3739 ὲν
1094 3689 1171 3756 τῷ
1202 3688 1470 3759 θελήματι
1520 3689 1690 3744 αὐτοῦ
1725 3708 1740 3723 ·
1789 3694 2069 3747 τουτέστιν

497 3777 825 3842 ἀγανακτῶν
865 3779 985 3846 μὲν,
1022 3779 1262 3845 κολάζει,
1297 3781 1373 3844 ὡς
1402 3781 1612 3845 δίκαιος
1642 3800 1654 3814 ·
1683 3782 1828 3836 θέλει
1879 3784 1936 3837 δὲ
1982 3786 2070 3837 ἀεὶ

500 3869 694 3936 ἐλεεῖν,
726 3870 800 3932 ὡς
827 3870 1096 3941 ἐλεήμων,
1143 3872 1221 3935 ὡς
1278 3868 1417 3927 εἶναι
1456 3874 1516 3927 τὸ
1574 3874 1693 3944 μὲν,
1752 3877 2071 3946 περιστάσει

500 3963 855 4032 ἀπροαιρέτῳ
888 3981 904 3994 ·
939 3963 1000 4016 τὸ
1021 3963 1100 4030 δὲ,
1125 3963 1284 4032 φύσει
1316 3964 1574 4037 θελητικῇ
1605 3984 1620 3998 ·
1653 3968 1786 4036 φησὶ
1828 3967 1936 4039 γάρ
1984 3968 2074 4022 διὰ

514 4051 768 4122 Ἰεζεκιήλ
823 4069 838 4082 ·
871 4053 968 4120 Μὴ
1021 4056 1265 4122 θελήσει
1308 4055 1460 4109 θέλω
1505 4055 1612 4108 τὸν
1661 4057 1920 4112 θάνατον
1959 4057 2066 4112 τοῦ

499 4145 874 4213 ἀμαρτωλοῦ,
902 4147 982 4212 ὡς
1011 4147 1077 4200 τὸ
1113 4147 1471 4214 ἐπιστρέψαι
1511 4149 1717 4202 αὐτόν.
1774 4149 2070 4220 Προτάττει

498 4240 552 4292 δὲ
582 4241 615 4309 ἡ
649 4239 841 4310 Γραφὴ
897 4241 965 4294 τά
1003 4241 1224 4312 λυπηρά
1253 4241 1360 4295 τῶν
1394 4241 1564 4312 ἡδέων
1591 4257 1605 4272 ο
1665 4241 1775 4311 (98)
1832 4240 2070 4310 ήδύσιμα

498 4332 611 4402 γὰρ
654 4333 793 4402 μετά
815 4333 1036 4402 λυπηρά
1063 4333 1130 4386 τὰ
1159 4333 1396 4404 χρηστὰ,
1454 4334 1528 4396 ὡς
1556 4332 1619 4386 τό
1659 4349 1672 4362 ·
1729 4333 1876 4402 Ἐγὼ
1923 4333 2070 4387 ἀπο·

497 4425 689 4479 κτενῶ
721 4427 819 4479 καί
852 4425 960 4494 ζῇν
998 4426 1260 4492 ποιήσω·
1292 4425 1557 4491 πατάξω,
1594 4426 1758 4495 κάγὼ
1800 4425 2067 4495 ἰάσομαι.

2168 666 2357 704 meam.
2391 647 2516 704 Sive
2552 661 2792 716 exponas
2822 645 3090 716 psalmum
3119 644 3188 700 de
3223 644 3380 699 beato
3408 643 3596 709 David,
3624 647 3742 699 sive

2167 739 2236 794 de
2257 736 2523 799 Ecclesia,
2544 751 2639 805 per
2658 735 2930 789 infernum
2964 735 3206 805 intellige
3233 735 3484 789 tenebras
3506 736 3735 804 peccati.

2166 832 2262 887 Vel
2305 830 2390 885 his
2437 827 2617 883 verbis
2663 825 2862 881 inferni
2888 827 3316 882 destructionem
3345 837 3397 880 et
3423 829 3730 880 animarum

2167 921 2540 980 liberationem
2571 917 2860 987 significat.
2894 917 3050 982 Quod
3099 917 3144 972 si
3179 916 3245 971 de
3278 915 3542 983 Ezechia,
3589 925 3742 971 tene-

2168 1017 2294 1071 bras
2365 1011 2689 1068 formidinis.
2751 1009 2900 1064 Solet
2965 1009 3110 1064 enim
3179 1007 3413 1063 formido
3478 1010 3738 1064 tenebras

2165 1121 2443 1178 generare.

2238 1203 2477 1259 Satvasti
2505 1218 2584 1256 me
2619 1219 2650 1255 a
2674 1200 3104 1256 descendentibus
3140 1199 3192 1252 in
3227 1197 3425 1254 lacum.
3475 1195 3740 1251 Eamdem

2165 1296 2363 1350 iterum
2395 1294 2518 1350 aliis
2546 1293 2728 1349 verbis
2762 1293 2959 1360 repetit
2987 1291 3338 1349 sententiam.
3382 1289 3744 1359 quemadmo-

2166 1383 2295 1438 dum
2324 1399 2442 1438 mos
2471 1393 2556 1440 est
2585 1384 2674 1448 iis,
2706 1383 2799 1450 qui
2830 1383 2895 1438 de
2919 1381 3162 1450 acceptis
3213 1379 3497 1434 beneﬁciis
3536 1378 3741 1450 gratias

2163 1484 2350 1545 agunt.
2391 1475 2494 1529 Per
2523 1475 2701 1529 lacum
2743 1488 2872 1528 vero
2927 1471 3244 1527 inevitabile
3298 1469 3600 1541 periculum
3652 1469 3740 1522 in-

2163 1566 2363 1635 tellige.
2390 1563 2521 1620 Nam
2542 1565 2635 1635 qui
2659 1565 2712 1618 in
2738 1565 2915 1619 lacum
2943 1570 3040 1618 aut
3077 1562 3288 1619 foveam
3312 1571 3408 1617 aut
3443 1561 3739 1622 infernum.

2164 1675 2285 1730 quae
2321 1659 2583 1716 omniain
2620 1657 2893 1728 profundo
2916 1665 3076 1714 terrae
3115 1665 3264 1723 sunt,
3308 1654 3537 1720 incidit,
3591 1653 3744 1709 illinc

2164 1751 2394 1806 evadere
2432 1765 2542 1806 non
2578 1756 2780 1819 potest.
2825 1747 3057 1804 Salvasti
3090 1763 3177 1802 me
3205 1788 3219 1813 ,
3279 1747 3498 1817 inquit,
3551 1746 3620 1801 ab
3675 1747 3742 1800 iis

2165 1842 2256 1913 qui
2274 1840 2616 1897 descendunt
2633 1840 2687 1894 in
2711 1839 3043 1909 periculum;
3071 1840 3122 1892 in
3141 1838 3469 1909 periculum,
3493 1838 3742 1905 inquam.

2169 1934 2384 1998 animae,
2409 1931 2454 1986 si
2489 1931 2556 1986 de
2579 1929 2844 1992 Ecclesia,
2881 1939 2976 1982 aut
3006 1929 3072 1983 de
3095 1928 3264 1981 David
3298 1928 3569 1996 intelligas
3599 1942 3614 1981 :
3642 1927 3741 1982 sed

2169 2025 2473 2094 corporale,
2509 2023 2555 2078 si
2581 2022 2648 2078 de
2685 2021 2936 2077 Ezechia.
2966 2020 3106 2074 Illud
3168 2029 3348 2075 autem
3402 2019 3749 2072 animadver-

2170 2117 2389 2172 tendum
2417 2122 2523 2181 est,
2557 2113 2699 2185 quod
2729 2128 2851 2183 quae
2876 2119 3178 2182 sequuntur
3203 2154 3215 2175 ,
3269 2126 3375 2164 non
3424 2110 3604 2164 omnia
3656 2108 3744 2164 bis

2169 2209 2346 2263 tribus
2367 2213 2698 2277 congruunt,
2724 2204 2820 2261 sed
2848 2205 3028 2272 aliqua
3051 2202 3428 2258 tantummodo
3447 2215 3464 2260 τ
3482 2202 3562 2258 sic
3596 2201 3740 2258 enim

2171 2301 2282 2357 fere
2309 2315 2368 2357 se
2393 2301 2594 2354 habent
2616 2297 2779 2352 verba
2803 2297 3136 2366 praplietica.

2240 2392 2405 2446 Vens.
2440 2391 2494 2445 5.
2527 2391 2746 2444 Psallite
2770 2389 2992 2442 Domino
3019 2387 3190 2441 sancti
3207 2387 3341 2456 ejus.
3365 2384 3496 2451 Vos,
3524 2401 3558 2441 o
3604 2385 3738 2454 justi

2169 2495 2222 2542 et
2261 2487 2460 2540 virtute
2491 2482 2724 2559 praediti.
2755 2479 2891 2535 Nam
2925 2481 3018 2550 qui
3045 2477 3357 2549 huiusmodi
3402 2494 3510 2533 non
3566 2486 3739 2544 sunt,

2171 2576 2385 2634 tametsi
2404 2577 2660 2647 psallant,
2690 2574 2926 2630 Domino
2956 2589 3063 2627 non
3104 2572 3370 2642 psallunt,
3401 2587 3577 2642 neque
3597 2571 3740 2626 enim

2170 2678 2347 2742 potest
2373 2669 2536 2724 arbor
2579 2667 2721 2720 mala
2755 2664 2970 2719 fructus
3016 2664 3192 2719 bonos
3239 2664 3457 2726 facere,
3486 2667 3605 2718 'nec
3649 2677 3745 2716 cor

2169 2761 2532 2825 mortiferum,
2567 2773 2629 2814 ac
2645 2757 2884 2814 caedibus
2915 2757 3134 2827 plenum
3171 2798 3186 2822 ,
3215 2757 3378 2813 verba
3417 2757 3542 2810 vitae
3583 2755 3744 2810 emit-

2172 2866 2311 2913 tere.

2246 2947 2310 3002 Et
2333 2949 2653 3018 conﬁtemini
2684 2949 2950 3004 memorite
2979 2945 3282 3002 sanctitatis
3333 2942 3471 3012 ejus.
3510 2939 3574 2993 Et
3616 2954 3743 3010 gra-

2172 3039 2277 3094 tias
2303 3039 2446 3112 agite
2496 3038 2643 3094 illius
2695 3038 2992 3099 meruerim,
3043 3036 3186 3105 quod
3234 3040 3486 3089 nostrum
3530 3031 3744 3086 scilicet

2173 3129 2516 3193 meminerit,
2571 3145 2803 3200 quorum
2869 3139 3030 3184 antea
3071 3171 3085 3194 ,
3151 3127 3222 3182 ob
3262 3125 3460 3182 delicta
3492 3164 3507 3190 ,
3561 3123 3738 3176 fuerat

2100 3242 2142 3300 α
2175 3229 2392 3284 oblitus.

2245 3341 2411 3398 Vens.
2436 3340 2488 3396 6.
2560 3339 2821 3406 Quoniam
2861 3337 2946 3390 ira
2985 3336 3041 3389 in
3076 3330 3508 3390 excandescentia
3545 3329 3656 3398 ejus
3691 3339 3742 3384 et

2172 3436 2280 3489 vita
2306 3434 2358 3486 in
2386 3431 2653 3487 voluntate
2681 3430 2820 3499 ejus.
2862 3427 2964 3482 Per
2997 3425 3161 3490 iram,
3199 3420 3612 3491 castigationem
3639 3433 3737 3473 seu

2172 3526 2510 3597 punitionem
2544 3521 2800 3592 intelligit
2830 3537 2844 3584 ;
2877 3527 2931 3574 et
2962 3516 3158 3574 Sensus
3188 3512 3436 3583 estquod
3461 3510 3745 3579 castigatio

2170 3619 2226 3672 in
2256 3612 2708 3673 excandescentia
2751 3612 2844 3666 Dei
2883 3617 2993 3674 est;
3029 3607 3140 3661 vita
3171 3619 3303 3660 vero
3326 3603 3381 3658 in
3407 3603 3524 3672 ejus
3547 3602 3747 3655 volun-

2171 3717 2305 3775 tate,
2339 3707 2442 3763 hoc
2483 3714 2590 3772 est,
2618 3703 2764 3775 quod
2801 3701 2949 3768 licet,
2985 3706 3046 3754 ut
3069 3699 3274 3768 justus,
3303 3695 3494 3767 puniat
3527 3692 3745 3762 quoties

2171 3798 2540 3862 excandescit,
2570 3803 2632 3851 ut
2665 3793 2981 3849 misericors
3016 3798 3219 3850 tamen,
3251 3802 3467 3856 semper
3502 3783 3652 3854 cupit
3682 3797 3745 3836 ac

2169 3890 2287 3942 vult
2312 3885 2676 3950 misereri,ita
2712 3894 2772 3938 ut
2804 3883 3062 3946 alterum,
3095 3879 3240 3951 quod
3276 3878 3490 3948 puniat,
3531 3889 3641 3928 non
3672 3874 3747 3927 ita

2171 3977 2533 4046 exzclcctioue
2557 3974 2650 4028 Dei
2680 3987 2803 4029 esse
2829 3972 3261 4032 demonstretur,
3286 3967 3382 4022 sed
3429 3980 3561 4019 casu
3609 3979 3747 4032 quo-

2171 4067 2483 4130 dammodo,
2505 4073 2726 4135 prapter
2757 4062 3037 4118 hominum
3059 4061 3253 4115 delicta
3291 4077 3302 4110 :
3329 4059 3561 4111 alterum
3594 4071 3746 4118 vero,

2178 4158 2322 4227 quod
2361 4157 2617 4220 viviﬁcet,
2650 4172 2712 4211 ex
2746 4162 2941 4208 natura
2974 4152 3094 4223 ejus
3121 4165 3242 4205 esse
3270 4156 3546 4218 appareat,
3567 4155 3620 4200 et
3652 4163 3748 4200 vo-

2177 4246 2470 4300 luntarium
2513 4263 2526 4299 :
2555 4241 3014 4314 quemadmodum
3044 4247 3096 4294 et
3127 4239 3256 4294 alibi
3281 4253 3376 4307 per
3409 4236 3744 4291 Ezecbiclcm

2177 4336 2336 4391 docet
2365 4336 2551 4390 dicens
2584 4357 2595 4389 :
2653 4333 2776 4387 Non
2809 4333 2984 4387 volens
3013 4333 3124 4385 volo
3161 4339 3380 4382 mortem
3417 4329 3706 4396 peccatoris
3731 4368 3746 4389 ,

2178 4427 2268 4482 sed
2304 4436 2357 4481 ut
2389 4434 2744 4489 convertatur,
2777 4431 2824 4478 et
2850 4423 2981 4476 vivat
3019 4421 3084 4474 ³³.
3115 4419 3387 4489 Prtrponit
3421 4418 3581 4474 etiam
3613 4419 3749 4472 Pro-

499 4519 661 4587 pheta
693 4518 1490 4587 mmstajucundis:eo‘quod
1557 4519 1800 4574 dulciora
1856 4518 2144 4573 videantur
2202 4519 2348 4574 bona
2436 4534 2557 4589 qua:
2603 4527 2728 4589 post
2775 4515 2949 4570 tristia
2995 4513 3315 4569 obveniunt.
3405 4509 3594 4565 Simile
3664 4518 3748 4565 est

501 4608 636 4663 illud
676 4626 694 4660 :
737 4607 849 4678 Ego
884 4607 1119 4661 occidam
1143 4616 1191 4660 et
1214 4607 1508 4676 viuiﬁcabo,
1535 4609 1827 4677 percutiam
1875 4615 1926 4662 et
1985 4608 2186 4662 sanabo
2211 4609 2278 4664 ".

577 4723 653 4777 Τὸ
687 4721 949 4791 ἑσπέρας
979 4721 1416 4789 αὑλισθήσεται
1443 4722 1772 4792 κλαυθμὸς,
1830 4721 1930 4774 καί
1987 4723 2067 4788 εἰς

2196 4755 2213 4772 .
2251 4721 2332 4774 Ad
2359 4736 2625 4790 vesperum
2654 4718 3014 4773 demorabitur
3045 4710 3200 4785 ﬂetus
3230 4724 3278 4770 et
3320 4715 3390 4769 ad
3430 4717 3750 4770 matutinum

497 4817 569 4870 τὸ
599 4817 752 4884 πρωτ
776 4815 1160 4883 ἀγαλλίασις.
1184 4811 1356 4866 Τοῦτο
1399 4813 1647 4883 βούλεται
1707 4811 1924 4880 δηλοῦν,
1993 4812 2074 4864 ὃτι

496 4912 532 4978 ἡ
599 4906 1114 4978 μετάνοιαδταχείαν
1159 4904 1498 4974 ἀνεπάγεται
1533 4904 1631 4976 τὴν
1700 4903 2073 4975 συγχώρησιν.

509 5004 572 5056 '0
615 5003 725 5069 γὰρ
778 4999 1020 5071 ἑσπέρας
1047 4999 1314 5064 κλαύσας,
1354 4999 1414 5052 τὸ
1469 4997 1616 5068 πρωῒ
1662 4998 2074 5064 ἀγαλλιάσεται.

497 5094 995 5165 παρηγορούμενος
1023 5094 1089 5163 τῇ
1131 5090 1398 5162 ἐπιδημίᾳ
1426 5091 1522 5142 τοῦ
1545 5090 1702 5158 ἁγίου
1734 5089 2073 5160 Πνεύματος.

499 5186 739 5241 Ἕστιδὲ
783 5186 876 5238 καὶ
913 5187 1218 5254 προφητεία
1257 5183 1511 5252 περὶτῶν
1547 5181 1879 5244 ἀποστόλων,
1923 5175 2002 5244 οἷς
2022 5184 2080 5233 ἐν

498 5279 719 5347 ἑσπέρᾳ
747 5276 842 5330 τοῦ
872 5276 1176 5340 Σαϐϐἀτου,
1212 5274 1470 5344 μετὰ,τὴν
1492 5274 1670 5342 ταφὴν
1688 5273 1779 5326 τοῦ
1803 5274 2078 5342 Σωτῆρος,

495 5371 777 5432 κλαίουσι,
801 5370 896 5422 καὶ
915 5373 976 5422 τὸ
1001 5367 1147 5440 πρωῒ
1173 5368 1264 5438 τῆς
1285 5366 1569 5438 Κυριακῆς
1593 5368 1646 5419 αἱ
1670 5368 1925 5434 γυναῖκες
1955 5366 2078 5419 ἐκό-

495 5484 673 5536 μισαν
715 5465 893 5535 χαρᾶς
926 5460 1246 5529 εὐαγγέλια,
1280 5463 1372 5514 καὶ
1407 5461 1486 5514 ὅτι
1522 5459 1722 5529 ἀνέστη
1766 5459 1795 5511 ὁ
1848 5457 2077 5530 Κύριος.

571 5645 621 5680 ⁵³
657 5644 864 5700 Ezecb.
900 5655 1052 5708 xvul,
1093 5641 1182 5696 23.
1243 5641 1288 5674 ³³⁵
1316 5640 1469 5696 Deut.
1506 5653 1676 5703 xxxtt,
1703 5639 1794 5694 59.

2177 4813 2384 4868 ίαίἱιία.
2411 4812 2619 4869 Sensus
2646 4819 2754 4875 est,
2783 4810 2927 4880 quod
2967 4807 3291 4879 ptenitentia
3344 4807 3412 4862 de
3464 4808 3706 4878 peccatis
3736 4847 3750 4866 .

2177 4889 2625 4955 celerem'secum
2658 4884 2875 4952 a'dducit
2916 4896 3154 4950 veniam.
3203 4893 3336 4948 Nam
3383 4894 3476 4962 qui
3528 4908 3754 4960 vespere

2176 5006 2274 5046 sua
2307 4989 2516 5044 ﬂeverit
2540 4994 2786 5058 peccata,
2814 5002 2975 5042 mane
3005 4985 3350 5053 postmodum
3403 4998 3619 5038 summa
3656 4983 3750 5036 lae-

2181 5079 2300 5138 titia
2336 5080 2652 5146 exsultabit,
2683 5081 2915 5134 adventu
2964 5079 3224 5134 nimirum
3281 5076 3454 5132 sancti
3509 5074 3752 5146 Spiritus

2179 5177 2512 5233 consolatus.
2546 5172 2640 5229 Est
2673 5179 2726 5226 et
2750 5173 2864 5226 haec
2893 5171 3180 5242 prophetia
3209 5169 3273 5224 de
3306 5167 3592 5236 apostolis,
3631 5165 3751 5233 qui-

2177 5269 2282 5324 bus
2318 5277 2440 5338 post
2469 5265 2682 5319 Domini
2717 5265 3052 5334 sepulturam
3088 5273 3312 5327 vespere
3343 5256 3566 5310 Sabbati
3613 5253 3751 5308 ﬂen-

2179 5361 2366 5426 tibus,
2419 5373 2619 5420 mane,
2667 5353 2953 5408 Dominico
3001 5350 3089 5403 die
3146 5346 3403 5400 mulieres
3445 5342 3747 5411 jucundqu

2181 5454 2312 5509 illud
2344 5452 2545 5508 laetitiae
2571 5445 2822 5504 nuntium
2859 5441 3196 5502 attulerunt,
3237 5433 3526 5490 Dominum
3559 5447 3748 5490 resur-

1864 5758 2062 5824 Varitn
2092 5759 2417 5824 lectiones.

557 5901 679 5972 (97)
718 5893 920 5952 Scribe
951 5893 1017 5963 τῇ
1061 5891 1273 5964 μνήμῃ,
1306 5889 1388 5948 vel
1413 5889 1641 5948 subaudi
1677 5890 1884 5945 ἕνεκεν.

2247 5884 2357 5957 (98)
2401 5882 2486 5934 ἶσ.
2525 5877 2728 5950 ἡδίονα.
