4078 6422
364 352 470 449 :m
1609 386 2001 453 EUTHYMII
2039 391 2405 459 ZlGABENl

3520 398 3627 464 344

365 512 574 567 rexisse
607 522 1009 569 asseverantes.
1044 509 1309 568 Ezechias
1346 520 1530 567 autem
1562 518 1619 566 et
1646 509 1938 566 universus

2045 514 2152 567 Καὶ
2187 517 2237 568 οἱ
2269 515 2398 588 περὶ
2427 514 2519 570 τὸν
2565 515 2818 581 Ἐζεκίαν
2845 514 3095 587 δὲ,”μετὰ
3126 516 3300 587 φορὰν
3329 515 3442 589 (99)
3458 499 3626 572 ἄπει-

366 606 623 675 populus,
668 620 900 676 vespere
929 606 985 660 in
1019 621 1190 660 unum
1248 606 1464 661 collecti
1515 603 1720 660 ﬂebant
1747 644 1763 670 ,
1818 619 1942 659 cum

366 699 672 757 horrendas
703 699 1077 758 Sennaclterib
1103 700 1283 777 minas
1333 698 1621 755 audissent
1646 739 1663 764 ,
1690 698 1945 752 timentes

364 810 428 850 se
456 795 682 865 jamjam
706 795 760 851 in
795 794 1145 852 inimicorum
1174 801 1504 865 potestatem
1538 799 1942 864 perventuros:

364 895 609 949 et.mane
636 903 855 942 summo
877 885 1079 958 gaudio
1111 885 1291 941 affecti
1326 893 1457 941 sunt
1488 924 1503 947 ,
1533 884 1902 956 intelligentes
1928 925 1942 949 ,

363 976 510 1045 quod
557 992 620 1031 ea
651 986 815 1031 nocte
848 983 928 1030 tot
968 975 1139 1029 millia
1173 974 1417 1029 hostium
1464 972 1701 1029 fuissent
1750 973 1819 1028 ab
1849 987 1948 1026 an-

364 1071 483 1139 gelo
521 1070 739 1125 Domini
794 1071 1145 1140 interempta.
1195 1067 1575 1124 Demorabitur
1619 1078 1749 1120 vero
1781 1105 1796 1132 ,
1843 1064 1948 1121 hoc

364 1174 469 1223 est,
502 1162 792 1218 habitabit.

441 1255 606 1308 Vsus.
629 1257 681 1309 7.
719 1252 830 1325 Ego
851 1265 1028 1309 autem
1049 1253 1163 1308 dixi
1186 1254 1243 1306 in
1268 1251 1604 1308 abundantia
1637 1266 1751 1305 mea
1777 1263 1796 1301 :
1824 1248 1946 1303 Non

365 1349 610 1402 movebar
638 1347 987 1402 insazculum.
1011 1346 1199 1401 Potest
1231 1345 1335 1399 hoc
1360 1351 1468 1399 tam
1498 1342 1751 1399 Ezechiae
1780 1355 1944 1412 quam

366 1439 529 1494 beato
566 1438 732 1493 David
760 1437 1189 1502 accommodari,
1216 1437 1388 1507 quiin
1415 1448 1661 1505 tempore
1686 1433 1947 1491 secundae

366 1526 602 1583 fortunae
627 1527 880 1584 arbitrati
915 1535 1048 1584 sunt
1084 1543 1206 1583 eam
1255 1527 1510 1583 stabilem
1552 1540 1771 1594 semper
1793 1522 1945 1579 futu-

367 1634 507 1685 ram,
532 1628 585 1675 et
606 1635 884 1691 nunquam
912 1621 1223 1677 adversam.
1253 1621 1359 1675 Per
1380 1618 1772 1676 abundantiam
1794 1618 1943 1675 cnim

365 1713 567 1768 bonum
620 1727 684 1768 ac
716 1712 928 1769 felicem
967 1720 1173 1770 statum
1205 1711 1480 1783 intelligit,
1532 1719 1587 1767 et
1625 1726 1722 1782 per
1744 1710 1945 1766 motio-

363 1818 512 1868 nem,
537 1819 633 1860 seu
662 1803 1097 1870 tluctnationem,
1122 1804 1540 1882 conversionem
1561 1817 1593 1857 a
1620 1801 1941 1859 stabilitate.

440 1896 604 1953 Visus.
640 1897 694 1953 8.
727 1897 969 1964 Domine,
1004 1898 1059 1951 in
1099 1896 1369 1951 voluntate
1399 1904 1493 1950 tua
1525 1895 1827 1965 prmstitisti
1849 1894 1944 1949 de-

362 1991 471 2045 cori
501 2007 614 2045 meo
637 1992 960 2056 potentiam,
997 1989 1238 2045 avertiin
1272 1988 1466 2058 [aciem
1518 1997 1665 2041 tuam
1686 2004 1718 2041 a
1743 2003 1852 2052 me,
1894 1996 1947 2041 et

360 2084 538 2153 factus
568 2098 689 2138 sum
718 2080 1085 2136 conturbatus.
1129 2079 1208 2136 Ad
1263 2080 1486 2135 eosdem
1544 2086 1776 2149 possunt
1828 2079 1944 2134 haec

359 2177 528 2232 verba
560 2176 854 2244 pertinere.
892 2174 1044 2229 Illam
1067 2212 1083 2237 ,
1119 2173 1299 2244 inquit
1323 2212 1339 2237 ,
1392 2173 1691 2245 potentiam
1714 2215 1729 2239 ,
1778 2188 1942 2244 quam

361 2266 717 2335 pulchritudo
743 2281 840 2322 seu
874 2266 1040 2320 decor
1073 2278 1230 2321 meus
1258 2273 1417 2319 antea
1462 2263 1696 2320 habebat
1725 2283 1741 2317 :
1791 2264 1940 2318 illam

362 2360 623 2429 nimirum
646 2358 953 2416 claritatem
986 2368 1155 2428 atque
1185 2357 1568 2413 excellentiam
1602 2356 1795 2427 regni,
1828 2370 1939 2411 non

361 2463 480 2504 mea
512 2462 616 2518 ego
643 2446 865 2511 virtute,
897 2455 993 2502 aut
1021 2447 1157 2502 meis
1189 2445 1422 2507 meritis,
1469 2445 1570 2501 sed
1623 2453 1676 2501 te
1717 2446 1799 2503 sic
1847 2460 1944 2501 vo—

359 2540 504 2597 lente
528 2540 818 2596 habebam.
848 2538 1107 2594 Avertisti
1141 2548 1320 2594 autem
1353 2533 1749 2606 p'rotectionem
1786 2546 1936 2592 tuam

358 2648 393 2688 a
418 2646 526 2698 me,
550 2638 774 2701 propter
807 2631 1270 2688 existimationem
1301 2645 1476 2687 meam
1500 2669 1518 2694 ,
1567 2639 1622 2686 et
1650 2631 1836 2686 statim
1884 2631 1939 2685 in

358 2723 754 2780 turbulentiam
787 2731 951 2792 atque
979 2722 1321 2777 calamitates
1358 2737 1550 2778 versus
1581 2737 1730 2778 sum.

434 2814 605 2871 Vsus.
636 2814 690 2869 9.
731 2814 815 2868 Ad
868 2813 1199 2880 te,Domtne,
1244 2814 1508 2869 clamabo.
1537 2814 1879 2869 Consecutus
1910 2829 1938 2867 a

358 2919 414 2964 te
429 2908 816 2979 tempestivum
840 2907 1126 2968 auxilium,
1154 2907 1220 2962 ad
1244 2916 1296 2964 te
1316 2907 1369 2962 in
1397 2906 1934 2963 iuturum'clamabo.

359 2999 543 3055 Utitur
592 3007 774 3053 autem
826 2998 1091 3069 propheta
1144 3012 1523 3068 saepenumero
1581 2998 1685 3053 hoc
1725 2998 1934 3064 verbo,

354 3092 578 3163 quando
603 3105 794 3161 preces
817 3105 882 3146 ex
914 3090 1107 3144 intimo
1130 3091 1364 3146 emissas
1394 3091 1559 3146 corde
1583 3092 1878 3161 significat.

2046 607 2145 678 λὴν
2169 608 2264 662 τοῦ
2295 610 2639 683 Σεναχηρεὶμ
2664 611 2905 679 ἑσπέρας
2931 609 3310 679 συλλεγέντες.
3335 613 3433 664 καὶ
3455 610 3625 665 κλαύ-

2049 718 2265 769 σαντες,
2303 702 2380 768 ὡς
2414 704 2517 775 ἢδη
2553 704 3116 775 κατασχεθησόμενοι,
3149 703 3210 756 τὸ
3248 701 3396 775 πρωῒ
3450 704 3627 774 χαρᾶς

2046 798 2418 868 ἐπλήσθησαν,
2443 799 2532 854 διὰ
2556 798 2663 870 τῆς
2710 799 2903 863 νυκτὸς
2927 798 3184 868 ἀοράτως
3227 794 3624 866 ἀναιρεθεισῶν

2046 893 2157 944 τῶν
2180 893 2451 946 τοσούτων
2476 891 2703 947 ἐκείνων
2742 891 3020 963 χιλιάδων.
3055 886 3507 956 Αὑλισθήσεται
3546 886 3627 949 δὲ,

2047 988 2169 1041 ἀντὶ
2196 987 2312 1055 τοῦ,
2349 988 2643 1058 σκηνώσει.

2133 1261 2275 1331 Ἐγὼ
2303 1260 2371 1315 δὲ
2397 1257 2540 1315 εἶπα
2564 1258 2638 1313 ἐν
2671 1258 2746 1329 τῇ
2776 1256 3029 1324 attonuit;
3053 1272 3176 1326 μου
3204 1271 3220 1285 ο
3257 1255 3340 1310 Οὐ
3372 1253 3458 1323 μὴ
3519 1267 3630 1306 σα-

2047 1349 2246 1408 λευθῶ
2276 1353 2364 1418 εἰς
2391 1350 2498 1405 τὸν
2525 1347 2730 1404 αἰῶνα.
2759 1347 2933 1401 Τοῦτο
2983 1346 3111 1416 περὶ
3146 1344 3311 1399 Δαδίδ
3363 1344 3480 1397 ἐστι
3538 1344 3630 1396 καὶ

2061 1440 2329 1508 Ἐζεκίου,
2362 1442 2414 1496 οἳ
2436 1443 2497 1497 ἐν
2527 1442 2648 1506 ταῖς
2671 1439 2998 1512 εὐημερίαις
3023 1438 3227 1500 αὐτῶν,
3290 1433 3485 1506 ᾤοντο,
3551 1434 3627 1505 μὴ

2048 1533 2437 1605 δυσπραγῆσαι
2497 1550 2648 1587 ποτε.
2709 1531 2949 1602 Εὐθηνία
3009 1529 3107 1599 μὲν
3140 1528 3273 1596 γὰρ,
3318 1530 3352 1597 ἡ
3400 1526 3625 1593 εὐεξία·

2050 1626 2303 1688 σάλευσις
2326 1625 2407 1690 δὲ,
2429 1626 2463 1695 ἡ
2498 1620 2828 1695 παρατροπὴ
2852 1621 2949 1691 τῆς
2970 1618 3317 1681 εὐπαθείας.

2118 1898 2314 1965 Κύριε,
2344 1896 2415 1952 ἐν
2440 1894 2521 1961 τῷ
2551 1892 2840 1963 θελήματι
2871 1906 2988 1947 σου
3020 1889 3340 1959 παράσχου
3372 1885 3452 1951 τῷ
3481 1882 3634 1939 κάλ-

2036 1984 2139 2045 ’λει
2155 2006 2276 2060 μου
2301 1989 2579 2057 δύναμιν,
2626 1985 3019 2054 ἀστέστρεψας
3070 1982 3138 2036 δὲ
3190 1981 3258 2035 τὸ
3305 1978 3634 2048 πρόσωπόν

2047 2097 2190 2150 σου,
2220 2081 2318 2136 καί
2340 2079 2637 2149 ἐγενήθην
2665 2076 3124 2148 τεταραγμένος.
3156 2073 3295 2145 Περὶ
3314 2072 3424 2126 τῶν
3447 2068 3631 2124 αὐτῶν

2048 2175 2143 2227 καὶ
2164 2173 2376 2229 ταῦτα’
2404 2173 2540 2242 φησὶ
2572 2171 2701 2242 γὰρ,
2730 2172 2813 2224 ὅτι
2853 2170 3070 2239 Ἦνπερ
3111 2162 3225 2236 εἶχε
3273 2163 3507 2232 δυνάμιν
3569 2159 3634 2215 τὸ

2046 2265 2246 2328 κάλλος
2281 2281 2382 2336 μου
2406 2264 2697 2336 πρότερον,
2745 2263 2868 2334 ἦτοι
2895 2263 2929 2332 ἡ
2962 2259 3293 2330 λαμπρότης
3331 2255 3428 2309 καὶ
3467 2270 3632 2325 περι-

2046 2356 2246 2426 φάνεια
2273 2355 2373 2425 τῆς
2414 2354 2695 2427 βασιλείας
2751 2368 2877 2423 μου,
2922 2348 3015 2404 σοῦ
3074 2346 3404 2418 θελήσαντος
3461 2338 3631 2414 εἶχον,

2045 2448 2140 2503 καὶ
2179 2448 2279 2501 οὐκ
2298 2447 2357 2514 ἐξ
2388 2446 2529 2516 ἐμῆς
2554 2444 2777 2516 ἀρετῆς.
2814 2438 3203 2510 Ἀπέστρεψας
3241 2436 3353 2506 γὰρ
3379 2436 3479 2505 τὴν
3511 2434 3634 2487 ἐπι-

2048 2541 2261 2610 σκοπήν
2283 2556 2378 2592 σου
2412 2538 2502 2593 διὰ
2530 2538 2628 2607 τὴν
2657 2538 2796 2607 ἐμὴν
2824 2535 3026 2605 οῐησιν,
3053 2532 3147 2586 καὶ
3175 2529 3339 2592 εὐθὺς
3360 2527 3632 2597 ἐγενόμην

2044 2632 2104 2687 ἐν
2127 2631 2344 2705 θορύϐῳ
2367 2631 2461 2687 καὶ
2485 2630 2764 2701 συμφορᾷ.

2114 2820 2271 2890 Πρὸς
2297 2817 2395 2881 σὲ,
2427 2815 2622 2883 Κύριε,
2642 2809 3024 2879 κεκράξομαι.
3052 2805 3378 2863 Ἀπολαύσω
3403 2803 3632 2874 ταχείας

2042 2914 2365 2983 ἐπικουρίας
2394 2928 2409 2942 ·
2444 2911 2582 2978 πρὸς
2624 2907 2683 2962 σὲ
2701 2906 2780 2968 εἰς
2802 2904 2864 2959 τὸ
2890 2901 3018 2972 ἑξῆς
3043 2897 3406 2971 κεκράξομαι.
3437 2898 3634 2968 Παραη

2040 3007 2310 3079 τηρητέον
2338 3006 2416 3067 δὲ,
2458 3004 2542 3057 ὅτι
2573 3000 2635 3054 τὸ
2662 2997 2911 3071 κράζειν,
2936 2995 3036 3050 καὶ
3081 2993 3345 3064 τδῖβοᾷν,
3386 2991 3481 3045 ἐπὶ
3517 2989 3630 3044 τῶν

2042 3103 2109 3154 ἐκ
2133 3098 2366 3169 καρδίας
2393 3094 2669 3164 δεομένων
2693 3090 2909 3161 τίθησιν
2938 3089 2972 3158 ἡ
2998 3085 3217 3157 Γραφή.

429 3183 502 3237 Et
529 3181 597 3237 ad
619 3182 788 3237 Deum
813 3196 983 3235 meum
1035 3181 1374 3250 deprecabor.
1422 3181 1680 3237 Eantdem
1745 3182 1937 3253 repetit

2118 3191 2229 3246 Καὶ
2263 3188 2413 3258 πρὸς
2456 3187 2565 3241 τὸν
2597 3185 2747 3240 Θεόν
2790 3200 2913 3252 μου
2951 3178 3345 3248 δεηθήσομαι.
3386 3174 3461 3229 Τδ
3493 3172 3628 3228 αὐτὸ

358 3275 713 3331 sententiam.
741 3273 858 3330 νει.
889 3273 1034 3343 quod
1068 3289 1234 3344 supra
1263 3273 1360 3337 ait,
1388 3274 1469 3328 Ad
1503 3282 1573 3336 te,
1602 3273 1845 3340 Domine,
1869 3276 1938 3330 ad

356 3365 575 3421 Patrem
597 3366 803 3420 dictum
819 3373 936 3419 est:
959 3364 1174 3436 etquod
1202 3380 1346 3420 nunc
1362 3364 1439 3419 ait
1460 3364 1530 3419 ad
1556 3365 1715 3420 Deum
1740 3381 1936 3428 meum,

356 3460 424 3515 ad
458 3458 657 3515 Filium
686 3459 939 3530 pertinet.
966 3457 1125 3513 Illum
1156 3466 1334 3513 autem
1368 3459 1511 3514 diem
1561 3460 1938 3530 prmnuntiare

355 3549 493 3607 mihi
519 3550 736 3605 videtur
763 3548 960 3604 beatus
995 3547 1192 3611 David,
1227 3564 1334 3621 quo
1366 3549 1604 3609 Absalon
1637 3550 1784 3607 ﬁlius
1808 3566 1936 3605 eum

355 3651 680 3722 persecutus
710 3648 815 3709 est,
855 3639 910 3694 in
947 3655 1056 3711 qua
1092 3643 1474 3710 persecutione
1509 3641 1678 3697 Deum
1713 3643 1938 3698 invoca-

353 3740 435 3793 vit
468 3737 593 3793 :vel
643 3735 784 3790 diem
808 3734 984 3802 illum,
1005 3750 1116 3807 quo
1148 3734 1414 3791 Ezechias
1436 3736 1613 3792 factus
1635 3744 1719 3793 est
1742 3736 1940 3792 certior

356 3843 459 3898 per
483 3825 815 3895 Prophetam
839 3865 856 3890 ,
887 3824 1032 3895 quod
1061 3825 1312 3896 sequenti
1345 3824 1436 3880 die
1488 3826 1540 3881 ei
1591 3826 1934 3881 moriendum

354 3923 495 3981 erat,
519 3928 628 3983 quo
660 3912 874 3980 audito,
903 3913 1089 3968 statim
1116 3912 1226 3967 Deo
1255 3927 1353 3983 pro
1376 3913 1486 3969 vita
1521 3926 1623 3967 sua
1655 3913 1937 3984 supplica-

320 4009 455 4075 tvit.
493 4007 775 4070 Clamabo,
812 4005 1013 4077 inquit,
1050 4014 1105 4061 et
1147 4005 1411 4075 precabor
1446 4004 1526 4060 sic
1561 4004 1788 4060 dicens:

422 4097 593 4153 Vens.
617 4096 704 4152 10.
737 4096 869 4163 Qua:
894 4097 1102 4151 utilitas
1135 4095 1189 4149 in
1229 4096 1492 4167 sanguine
1518 4111 1633 4151 meo
1681 4097 1805 4149 dum
1842 4095 1938 4151 de-

352 4192 544 4247 scendo
578 4191 630 4246 in
658 4190 1045 4259 corruptionem
1065 4189 1090 4241 .9
1126 4188 1227 4245 Per
1257 4188 1578 4260 sanguinem
1604 4231 1618 4255 ,
1659 4189 1934 4259 propriam

2047 3284 2350 3343 κάνταῦθα.
2380 3282 2452 3336 Ἦ
2475 3279 2629 3350 πρὸς
2659 3278 2719 3332 σὲ
2746 3277 2868 3346 μὲν,
2898 3274 2986 3329 διὰ
3035 3273 3127 3327 τὸν
3160 3270 3383 3341 Πατέρα
3422 3284 3438 3300 ο
3471 3266 3626 3335 πρὸς

2043 3380 2153 3434 τὸν
2177 3377 2327 3432 Θεόν
2358 3392 2478 3446 μου
2504 3372 2585 3438 δὲ,
2617 3370 2707 3426 διὰ
2736 3369 2829 3424 τὸν
2858 3367 3012 3423 Υίόν.
3046 3367 3231 3419 Ἐοικε
3256 3363 3314 3418 δὲ
3349 3377 3629 3433 προσαγο-

2046 3469 2226 3540 ρεύειν
2252 3466 2351 3537 τὴν
2368 3465 2587 3537 ἡμέραν
2606 3461 2730 3519 καθ’
2757 3462 2825 3535 ἦν
2844 3459 3009 3523 αὐτὸς
3033 3460 3063 3512 ό
3096 3454 3419 3527 ’Δῦεσαλὼμ
3439 3452 3633 3509 ἐδίωκε

2041 3562 2135 3616 τὸν
2170 3558 2333 3614 Δαϐίδ
2356 3575 2369 3590 ·
2411 3555 2741 3627 διωκόμενος
2781 3553 2890 3625 γὰρ
2917 3546 3091 3617 οὗτος,
3131 3548 3507 3606 ἐπεκαλέσατο
3536 3546 3634 3600 τὸν

2042 3651 2207 3707 Δαὸίδ
2231 3665 2246 3679 ·
2273 3651 2306 3723 ἢ
2335 3648 2459 3703 καθ’
2491 3648 2559 3721 ἣν
2608 3645 2859 3710 Ἐζεκίας
2904 3643 3347 3716 πληροφορηθεὶς
3396 3639 3485 3694 διὰ
3532 3639 3631 3691 τοῦ

2043 3742 2328 3813 προφήτου
2381 3740 2466 3794 ὅτι
2508 3736 2700 3810 αὔριον
2751 3735 3132 3802 ἀποθανεῖται,
3205 3727 3486 3786 ἱκέτευσεν
3531 3729 3633 3784 τὸν

2041 3836 2249 3909 Κύριον
2276 3834 2406 3904 περὶ
2435 3831 2538 3903 τῆς
2581 3828 2778 3885 ἑαυτοῦ
2832 3828 3003 3899 ζωῆς.
3026 3824 3410 3901 Κεκράξομαι,
3464 3821 3630 3893 φησι,

2042 3930 2139 3983 καὶ
2171 3926 2534 3998 δεηθήσομαι,
2565 3924 2745 3994 λέγων
2786 3921 2983 4003 οὔτω-ς’

2118 4112 2215 4179 Τίς
2245 4109 2503 4183 ὠφέλεια
2525 4107 2595 4163 ἐν
2630 4106 2711 4173 τῷ
2740 4105 2947 4176 αἵματί
2972 4120 3114 4176 μου,
3140 4104 3213 4158 ἐν
3235 4098 3317 4171 τῷ
3344 4098 3632 4155 καταϐαί-

2040 4222 2170 4261 νειν
2190 4221 2267 4275 με
2304 4205 2391 4270 εις
2420 4198 2755 4273 διαφθοράν
2774 4215 2795 4265 ;
2847 4191 3000 4267 Αἷμα
3036 4195 3185 4265 λέγει
3225 4193 3324 4266 τὴν
3389 4193 3573 4264 σάρκα
3608 4205 3629 4224 ο

353 4299 575 4339 carnem
606 4282 885 4353 intelligit,
915 4297 1038 4352 quae
1063 4281 1332 4350 sanguine
1353 4289 1609 4336 concreta
1637 4290 1739 4337 est.
1770 4281 1933 4347 Qum-

2045 4300 2077 4370 ἡ
2135 4297 2275 4368 σὰρξ
2331 4296 2460 4366 γὰρ,
2523 4288 2666 4363 αἷμα
2725 4291 2976 4362 πεπηγός
3035 4291 3176 4346 ἐστι.
3235 4286 3396 4355 Ποία,
3429 4284 3625 4355 φησὶν,

351 4391 504 4443 nam,
537 4376 740 4447 inquit,
770 4382 856 4432 est
891 4373 1103 4430 utilitas
1132 4374 1184 4428 in
1217 4389 1382 4429 carne
1433 4389 1554 4429 mea
1585 4414 1600 4441 ,
1651 4375 1725 4427 ita
1776 4383 1933 4429 aucta

2045 4390 2279 4459 ὠφέλεια
2308 4386 2558 4459 τῇ⁴σαρκί
2587 4403 2713 4457 μου,
2743 4383 2917 4448 οὕτως
2947 4380 3268 4455 αὐξηθείσῃ,
3301 4377 3425 4431 ἐπεὶ
3449 4393 3628 4431 κατα-

348 4477 514 4539 atque
539 4475 757 4535 ornata,
781 4467 829 4522 si
861 4466 927 4522 ad
951 4464 1403 4535 putrefactionem
1429 4466 1763 4520 deventurus
1785 4466 1938 4521 sum?

2045 4480 2207 4550 ϐῆναι
2239 4476 2420 4547 μέλλω
2446 4476 2528 4539 είς
2558 4475 2741 4547 σῆψιν.
2775 4476 3038 4544 Ἄμεινον
3088 4472 3199 4539 γὰρ
3243 4469 3380 4541 μηδὲ
3421 4484 3625 4537 γεννηο

249 4634 252 4638 Α
351 4561 532 4615 satius
564 4567 708 4615 esset
744 4572 1026 4627 nunquam
1058 4564 1246 4610 natum
1270 4555 1463 4612 fuisse.
1497 4554 1759 4612 Naturam
1783 4556 1927 4612 enim

2045 4570 2202 4642 θῆναι
2234 4587 2325 4640 με.
2359 4566 2617 4632 Φαυλίζει
2645 4567 2704 4620 δὲ
2735 4565 2836 4636 τὴν
2868 4564 3056 4635 φύσιν,
3082 4562 3159 4625 ὼς
3193 4561 3493 4633 ἐπίκηρον,
3524 4560 3627 4612 καὶ

349 4654 648 4707 humanam
680 4647 966 4717 vilipendit
992 4646 1263 4718 PrOpheta
1309 4649 1416 4704 hoc
1467 4648 1521 4703 in
1573 4649 1694 4704 loco
1720 4690 1736 4712 ,
1770 4649 1929 4719 quasi

2045 4662 2420 4734 ὀλιγοχρόνιον.
2472 4661 2813 4728 Ἀνθρωπος
2853 4656 2987 4728 γὰρ,
3049 4655 3208 4725 φησὶ,
3266 4651 3624 4724 ματαιότητι

350 4742 638 4798 mortalem
686 4751 745 4825 et
794 4739 948 4796 brevi
1017 4740 1468 4810 exstinguendam
1523 4758 1537 4795 :
1600 4742 1745 4797 unde
1802 4741 1931 4796 alihi
2037 4755 2327 4825 ὡμοιώθη,

348 4836 514 4894 etiam
539 4837 614 4891 ait
648 4853 664 4891 :
710 4834 881 4890 Homo
905 4834 1131 4888 vanitati
1162 4832 1355 4888 similis
1386 4834 1562 4903 {actus
1582 4844 1680 4889 est.

420 4928 680 5001 Nunquid
700 4928 1045 4998 conﬁtebitur
1078 4927 1175 4981 tibi
1217 4927 1412 4995 pluvia,
1450 4937 1545 4983 aut
1586 4935 1932 4990 annuntiabit

2107 4940 2206 5008 Μὴ
2274 4935 2788 5009 ἐξομολογήσεται
2831 4949 2932 4990 σοι
2987 4933 3156 5005 χοῦς,
3206 4931 3246 5002 ἢ
3301 4930 3623 5001 ἀναγγελεῖ

348 5022 623 5076 veritatem
683 5020 872 5074 tuam?
925 5017 1101 5076 Verba
1152 5019 1357 5076 similia
1412 5022 1523 5079 illis
1578 5033 1709 5079 sunt
1750 5044 1764 5080 :
1802 5025 1928 5083 Non

2045 5033 2158 5100 τὴν
2184 5029 2475 5097 ἀλήθειάν
2494 5044 2649 5093 σου;
2673 5028 2877 5098 Ὀμοια
2905 5026 3078 5082 ταῦτα
3097 5027 3175 5097 τῷ
3197 5042 3212 5059 ·
3244 5025 3390 5094 Οὐχὶ
3418 5023 3621 5093 νεκροί

348 5112 550 5168 mortui
614 5110 913 5165 laudabunt
966 5121 1035 5173 te,
1090 5109 1337 5176 Domine,
1390 5129 1552 5183 neque
1611 5133 1790 5171 omnes
1839 5120 1932 5188 qui

2045 5121 2361 5177 αἱνέσουσί
2389 5135 2482 5184 σε,
2515 5120 2713 5188 Κύριε,
2764 5118 2910 5174 οὐδὲ
2956 5118 3182 5184 πάντες
3239 5121 3295 5173 οί
3338 5116 3622 5171 acutam!-

345 5202 666 5269 descendunt
699 5201 1090 5276 inlinfernum;
1113 5202 1203 5256 sed
1232 5220 1325 5257 nos
1353 5206 1444 5275 qui
1466 5206 1688 5262 vivimus
1711 5208 1927 5264 benedi-

2045 5229 2249 5279 νοντες
2273 5213 2360 5277 εἰς
2387 5210 2559 5280 ᾅδην·
2580 5210 2718 5266 ἀλλ’
2742 5209 2935 5279 ἡμεῖς,
2965 5212 3018 5265 οί
3074 5208 3306 5275 ζῶντες,
3366 5205 3619 5275 εὐλογή-

345 5311 520 5350 cemus
556 5290 784 5348 Domino
819 5292 885 5348 ".
917 5292 1119 5349 Fidens
1144 5291 1290 5349 cnim
1334 5295 1389 5349 in
1417 5310 1631 5353 summa
1682 5299 1777 5354 Dei
1832 5318 1926 5370 pa-

2045 5323 2227 5375 ονομεν
2253 5305 2360 5359 τὸν
2391 5305 2632 5373 Κύριον.
2666 5302 2899 5374 Θαρρῶν
2924 5301 3034 5374 γὰρ
3068 5303 3132 5375 τῇ
3158 5299 3480 5371 ἀνεξικακίᾳ
3520 5297 3617 5350 τοῦ

344 5384 539 5439 tientia
598 5398 663 5438 ac
712 5383 1129 5455 longanimitate
1171 5398 1396 5440 causam
1450 5402 1604 5441 suam
1658 5388 1926 5457 justilicat

2045 5399 2195 5464 Θεοῦ,
2228 5398 2671 5467 δικαιολογεῖται,
2696 5396 2874 5466 λέγων
2901 5413 2916 5426 ·
2958 5393 3108 5466 Ἀρα
3155 5394 3543 5466 εὐχαριστήσει
3588 5395 3617 5446 ό

346 5473 538 5529 dicens
574 5492 587 5526 :
626 5473 883 5545 Nunquid
918 5473 1094 5544 pulvis
1144 5475 1258 5540 ille,
1293 5477 1349 5531 in
1375 5493 1538 5547 quem
1586 5494 1688 5551 ego
1743 5484 1923 5538 resol-

2045 5491 2186 5562 ίαῦς,
2210 5493 2289 5555 εἰς
2316 5491 2375 5545 ὃν
2401 5490 2732 5563 ἅναλυθῆναι
2787 5490 3117 5556 κινδυνεύω;
3160 5486 3194 5560 ἢ
3228 5486 3431 5553 διδάξει
3487 5484 3617 5545 τοὺς

421 5656 465 5686 ³⁵
493 5653 640 5711 Psal.
679 5670 871 5719 cum,
906 5657 961 5711 4.
1021 5658 1063 5690 ³⁸
1091 5657 1237 5714 l’sal.
1280 5674 1437 5725 CXIII,
1470 5661 1556 5717 l7.

1678 5755 1883 5818 Variae
1921 5755 2249 5822 lectiones.

420 5847 531 5911 (99)
556 5850 640 5903 ἴσ.
677 5853 931 5921 ἀπειλῆς.
