4078 6422
221 418 320 480 3:25

1383 407 1781 470 COMMENT.
1822 405 1908 468 IN
1945 407 2310 468 PSALMOS.

3385 396 3494 461 31.5
3512 362 3518 370 ’

219 523 578 595 ἀγνοοῦντας,
611 521 696 576 ὅτι
725 521 788 576 σὺ
809 521 1035 592 ἀληθῶς
1063 520 1216 585 Θεὸς,
1259 519 1293 591 ἦ
1319 520 1400 574 ὅτι
1449 519 1690 590 amem;
1744 516 1818 571 Τὸ

1940 519 2136 575 rendus
2160 535 2308 583 sum,
2341 495 2549 591 gratias
2572 517 2874 590 aliquando
2903 515 3004 573 tibi
3035 509 3207 586 aget?
3237 507 3495 580 Nunquid

221 621 338 688 μὲν,
369 616 454 688 (l)
496 616 610 669 τῶν
637 615 816 670 ἄλλων
841 613 982 667 θεῶν
1013 611 1225 682 ψευδῶν
1253 603 1464 666 ὄντων’
1524 612 1586 665 τὸ
1628 612 1707 676 δὲ,
1737 609 1811 673 ὡς

223 709 570 782 πληροῦντδς
608 726 704 762 σου
731 706 800 761 τὰ
841 707 1255 777 ἐπηγγελμένα.
1308 705 1530 758 Βέλτιον
1582 701 1677 758 οὖν
1729 703 1812 756 ἔτι

220 803 314 872 ζῇν
347 820 451 871 με,
490 803 543 856 εί
566 801 664 855 καὶ
694 799 772 871 μὴ
788 799 858 853 δι’
883 799 1009 868 ἐμὲ,
1044 797 1277 852 ἀλλ’ἵνα
1303 795 1572 866 δοξολογῶ
1619 813 1680 850 σε
1718 796 1814 850 καὶ

222 893 394 965 ὑμνῶ,
431 892 538 947 καὶ
566 892 825 963 κηρύττω
854 891 956 962 τὴν
981 891 1239 962 ἀλήθειάν
1273 908 1390 946 σου.

1919 613 2102 668 etiam“
2129 611 2243 676 ille,
2273 612 2592 684 ignorantes
2631 611 2872 673 docebit.
2898 609 3044 681 quod
3071 621 3200 662 vere
3237 619 3304 658 ac
3333 617 3500 662 verax

1922 703 2070 759 Deus
2101 705 2200 760 es?
2230 720 2358 760 vere
2397 704 2621 775 quidem
2651 704 2808 775 quasi
2843 701 3039 774 reliqui
3063 699 3157 755 Dei
3207 696 3330 752 falsi
3367 694 3500 759 sint,

1922 796 2154 852 alterum
2218 811 2348 852 vero
2403 807 2464 852 ut
2497 797 2680 866 jussa,
2711 811 2778 852 ac
2825 795 3081 850 mandata
3111 801 3202 845 tua
3233 787 3498 860 perﬁciat.

1921 888 2117 946 Melius
2163 899 2252 946 est
2299 889 2467 961 igitur
2491 900 2552 945 ut
2582 889 2765 945 adhuc
2797 887 3052 958 praesenti
3100 885 3210 940 vita
3251 883 3426 945 fruar,
3455 878 3501 934 si

225 992 291 1044 ob
333 988 553 1042 nullam
608 987 882 1056 privatam
951 985 1059 1040 mei
1117 985 1292 1052 ipsius
1342 985 1637 1049 rationem,
1669 984 1863 1040 saltem
1898 983 2152 1040 obillam
2185 985 2272 1040 vel
2325 985 2583 1052 maxime,
2630 995 2689 1040 ut
2717 983 3019 1055 gloriﬁcem
3045 989 3118 1045 te,
3151 989 3207 1034 et
3264 977 3505 1033 laudem.

227 1091 386 1151 atque
415 1088 482 1134 ut
508 1079 797 1132 veritatem
829 1086 977 1130 tuam
1006 1073 1320 1147 praedicem.

295 1174 579 1224 ’Πκουσε
620 1171 838 1236 Κύριος
863 1209 877 1227 .
919 1167 1022 1222 καί
1055 1166 1284 1236 ἠλέησέ
1339 1183 1438 1237 με.
1484 1165 1824 1236 Δίσθόμενος

234 1267 327 1336 τῆς
356 1262 677 1335 μελλούσης
710 1260 986 1333 βοηθείας,
1009 1261 1098 1330 ζὼς
1142 1261 1244 1331 ἤδη
1295 1260 1608 1329 γεγονυίας,
1654 1258 1825 1329 αὐτὴν

232 1360 527 1429 διηγεῖται.
561 1357 842 1409 Ἤκουσεν
876 1355 977 1424 τῆς
1028 1355 1171 1424 ἐμῆς
1221 1356 1506 1423 κραυγῆς,
1554 1353 1824 1415 τουτέστι,

234 1449 555 1522 προσήκατὸ
584 1466 689 1520 μου
731 1447 831 1518 τὴν
857 1447 1044 1518 δέησιν
1069 1463 1083 1478 ·
1113 1448 1166 1501 οἱ
1199 1445 1307 1517 γὰρ
1336 1445 1413 1518 μὴ
1446 1445 1828 1518 προσιέμενοι,

237 1546 341 1601 ὧδ’
358 1544 594 1599 ἀκούειν
619 1541 928 1612 ἀνέχονται.

301 1727 524 1792 Κύριος
551 1722 811 1793 ἐγενήθη
845 1721 1077 1787 ,βοηθός
1106 1719 1532 1790 μου.’Δκούσας
1568 1718 1823 1793 ἠλέησεν,

239 1818 329 1872 καὶ
358 1817 623 1888 ἐλεήσας,
647 1814 916 1885 ἐϐοήθησέ
940 1831 1055 1885 μοι,
1085 1815 1392 1884 ῥυσάμενος
1419 1815 1483 1867 ἐκ
1530 1811 1627 1868 τοῦ
1669 1829 1825 1882 τηνι-

246 1910 410 1963 καῦτα
442 1908 710 1961 Θανάτου.

318 2002 665 2069 Ἕστρεψας
694 1998 803 2052 τὸν
823 1999 1084 2054 κοπετόν
1111 2014 1232 2067 μου
1257 1999 1345 2064 είς
1386 1993 1600 2066 χαράν.
1645 1995 1826 2050 Κοπε-

1998 1165 2165 1223 Vens.
2197 1166 2288 1222 il.
2321 1167 2539 1221 Audiuit
2572 1166 2831 1221 Dominus
2861 1174 2912 1220 et
2963 1164 3215 1218 misertus
3255 1169 3332 1215 est
3380 1158 3503 1212 mei-

1923 1257 2241 1315 Praevidens
2269 1258 2540 1328 Propheta
2569 1258 2891 1314 adfuturum
2919 1257 3025 1314 sibi
3063 1255 3314 1310 divinum
3342 1249 3507 1305 auxi-
3582 1281 3586 1290 ι

1926 1351 2240 1414 lium,illud
2275 1361 2467 1406 narrat
2511 1360 2572 1406 ut
2597 1353 2712 1422 jam
2756 1351 3063 1422 praestitum
3093 1347 3373 1412 :Audivit,
3421 1347 3506 1398 lu-

1926 1444 2069 1513 quit,
2115 1444 2416 1499 clamorem
2449 1458 2656 1509 meum,
2721 1444 2828 1498 hoc
2877 1451 2986 1508 est,
3031 1441 3274 1497 Admisit
3303 1437 3509 1494 oratio-

1926 1549 2050 1588 nem
2085 1548 2286 1588 meam.
2317 1533 2454 1589 Nam
2481 1535 2574 1604 qui
2604 1548 2716 1590 non
2749 1533 3142 1598 admittuntur,
3187 1529 3365 1585 audiri
3399 1544 3508 1582 non

1926 1636 2180 1698 possunt.

1997 1720 2258 1774 Dominus
2286 1721 2464 1790 factus
2493 1728 2571 1776 est
2599 1720 2817 1790 adjutor
2844 1734 3011 1773 meus.
3043 1715 3283 1771 Audiens
3315 1713 3512 1769 miser-

1930 1822 2021 1870 tus
2049 1822 2156 1877 est,
2183 1821 2237 1869 et
2265 1813 2478 1884 adjuvit
2505 1829 2614 1879 me,
2654 1813 2896 1883 eripiens
2925 1827 2954 1865 a
2979 1818 3180 1873 morte,
3225 1821 3346 1877 qua:
3381 1815 3512 1861 tunc

1931 1905 2304 1977 impendebat.

2005 1999 2174 2054 Vens.
2216 2001 2301 2054 12.
2345 1999 2662 2054 Convertisti
2689 1998 2957 2068 planctum
2981 2011 3156 2051 meum
3175 1994 3231 2047 in
3255 1989 3512 2061 gaudium

249 2093 333 2157 τός
357 2094 475 2145 ἔστι
505 2092 563 2144 τὸ
595 2092 820 2163 θρηνεῖν
847 2093 942 2145 καὶ
987 2091 1068 2158 τὸ⁵
1094 2091 1324 2146 τύπτειν
1370 2090 1434 2144 τὸ
1497 2087 1696 2159 στῆθος
1732 2087 1828 2142 καὶ

1940 2090 2085 2144 mihi.
2122 2089 2388 2161 Plangere
2411 2090 2556 2145 idem
2584 2097 2669 2145 est
2700 2089 2846 2159 quod
2875 2088 3085 2157 lugere,
3115 2099 3179 2138 ac
3211 2094 3383 2151 genas
3418 2093 3515 2146 Pe-

251 2188 345 2250 τὰς
379 2185 611 2259 παρειάς
633 2202 648 2214 ·
673 2186 877 2239 κόπτω
910 2183 1020 2256 γὰρ
1056 2183 1119 2237 τὸ
1150 2185 1372 2240 τύπτω.
1411 2181 1702 2254 Ἐνήλλαξε
1731 2179 1830 2251 τὴν

254 2281 430 2349 λύπην
465 2296 560 2349 μου
594 2279 671 2341 είς
696 2277 898 2348 χαράν.

1930 2191 2162 2250 eiusque
2222 2190 2535 2252 percutere.
2602 2181 2841 2237 Verbum
2894 2179 3040 2234 enim
3098 2176 3314 2246 plango,
3372 2169 3518 2225 unde

1929 2273 2116 2344 plaga.
2164 2273 2310 2330 idem
2367 2273 2668 2346 signiﬁcat,
2721 2272 2867 2342 quod
2911 2270 3057 2327 cazdo
3103 2285 3202 2324 seu
3255 2263 3514 2334 percutio.

266 2371 546 2442 [Eamdem
566 2371 695 2426 enim
735 2369 1122 2442 etymologiam
1157 2375 1343 2426 servat
1375 2365 1567 2422 Graeca
1592 2358 1816 2433 dictio.]
1855 2360 2231 2418 Commutavit
2265 2363 2450 2434 itaque
2485 2363 2698 2417 luctum
2736 2375 2801 2416 ac
2837 2373 3132 2416 maerorem
3202 2368 3384 2410 meum
3458 2351 3514 2406 in

268 2463 526 2522 latitiam.

324 2559 642 2629 Διέίρηξας
662 2558 773 2614 τὸν
801 2558 1041 2614 σάκκον
1058 2576 1200 2629 μου,
1231 2557 1331 2613 καὶ
1355 2551 1728 2624 περιέζῖυσάς
1754 2568 1832 2621 με

246 2653 656 2723 εὐφροσύνην.
698 2653 758 2707 Ὀ
788 2653 1014 2717 σάκκος,
1058 2650 1346 2723 μετανοίας
1373 2645 1442 2722 ἦν
1486 2649 1581 2704 καὶ
1635 2663 1834 2700 ταπει-

246 2744 466 2808 νώσεως
494 2745 764 2815 σύμϐολον
797 2763 810 2776 ·
840 2746 890 2798 οἱ
917 2747 1022 2817 γὰρ
1053 2745 1266 2818 μεγάλῃ
1294 2743 1390 2797 καὶ
1417 2739 1832 2811 ἀπαρηγορήτῳ

248 2840 506 2909 συμφορᾷ
540 2839 962 2909 περιπεσόντες,
1007 2838 1211 2893 σάκκον
1258 2836 1700 2909 περιεϐάλλοντο,
1737 2834 1834 2886 καὶ

246 2932 439 2984 σποδὸν
473 2932 577 3000 τῆς
617 2932 860 3001 κεφαλῆς
881 2931 1227 2986 κατέπασσον
1253 2946 1266 2961 ·
1299 2931 1388 2984 ὅτε
1437 2929 1493 2984 δὲ
1544 2927 1834 2998 ὲψυχαγω-

243 3022 460 3090 γοῦντο,
514 3021 952 3092 περιρρήξαντες
1008 3020 1192 3086 αὐτὸν,
1253 3016 1597 3088 εὐφροσύνης
1643 3014 1836 3084 ἱμάτια

244 3113 733 3185 ττεριεζωννύοντο.
771 3111 1113 3180 Διέρῤηξας,
1138 3111 1259 3164 ἀντὶ
1284 3110 1402 3177 τοῦ,
1439 3108 1728 3175 Ἐξέδυσας
1773 3101 1835 3158 τὸ

247 3208 442 3270 πένθος
484 3223 502 3242 ο
539 3203 907 3272 Περιέζωσας
935 3203 1012 3271 δὲ,
1045 3202 1346 3271 τουτέστιν,
1406 3200 1694 3272 ὴμφίασας
1747 3195 1837 3250 εὖ·

249 3299 550 3372 φροσύνην.

2007 2546 2333 2607 Conscidisti
2368 2560 2583 2601 saccum
2613 2557 2806 2606 meum,
2839 2548 2889 2594 et
2913 2535 3242 2607 prwcinxist:
3276 2547 3355 2584 me
3380 2529 3520 2584 laeti-

1938 2646 2038 2698 tia.
2073 2643 2306 2704 Saccus,
2334 2635 2700 2711 paenitentiae,
2736 2643 2902 2703 atque
2933 2625 3264 2683 humilitatis
3295 2625 3512 2693 signum

1938 2744 2081 2792 erat.
2123 2733 2301 2787 Sacco
2331 2731 2477 2786 enim
2513 2729 2667 2784 indui
2718 2725 2994 2788 solebant,
3029 2730 3083 2776 et
3116 2720 3304 2775 cinere
3357 2724 3524 2785 caput

1937 2827 2182 2899 aspergi,
2213 2826 2260 2881 si
2293 2823 2516 2894 quando
2559 2822 2612 2875 in
2671 2818 2967 2874 maximam
3001 2825 3167 2883 atque
3210 2809 3520 2865 inconsola-

1937 2923 2106 2978 bilem
2139 2918 2509 2975 calamitatem
2540 2912 2872 2974 inciderent,
2903 2916 2957 2962 et
2997 2914 3258 2962 cessnnte
3299 2903 3518 2956 domum

1939 3011 2250 3070 calamitate
2274 3004 2566 3070 consolati,
2598 3017 2821 3062 saccum
2859 2998 3209 3057 scindebant,
3237 3001 3293 3050 et
3322 2991 3524 3046 laetitiae

1941 3104 2186 3161 vestibus
2241 3097 2631 3155 induebantnr.
2665 3091 2986 3151 Conscidisti
3031 3090 3216 3157 itaque
3285 3091 3521 3142 saccum,

1940 3197 2048 3254 hoc
2079 3203 2182 3260 est,
2211 3191 2388 3247 Luctu
2417 3205 2505 3246 me
2547 3185 2793 3254 exuisti;
2840 3194 2888 3238 et
2918 3177 3251 3238 vrwcinxisti
3275 3192 3375 3241 me,
3419 3173 3525 3228 huc

1943 3299 2052 3354 est,
2086 3286 2316 3344 induisti
2345 3283 2614 3338 laetitiam.

316 3362 529 3459 Ὀπιιίς
558 3391 638 3446 ἂν
664 3390 835 3462 ψάλῃ
871 3407 969 3448 σοι
1005 3391 1042 3457 ἠ
1082 3390 1234 3454 δόξα
1252 3409 1392 3459 μου.
1443 3390 1562 3444 Ἵνα
1623 3388 1837 3459 ἀνυμνῇ

2016 3381 2185 3438 Vsus.
2212 3379 2301 3434 l3.
2341 3375 2409 3430 Ut
2442 3380 2618 3429 cantet
2640 3371 2736 3425 tibi
2761 3369 2938 3441 gloria
2967 3383 3102 3422 mea.
3139 3362 3209 3419 Ut
3238 3362 3347 3417 vita
3379 3373 3521 3414 mea.

255 3503 314 3538 σε
350 3487 388 3550 ἡ
438 3484 811 3553 δεδοξασμένη
855 3483 968 3554 ζωή
1019 3500 1121 3553 μου
1150 3501 1163 3514 ο
1216 3481 1580 3552 δεδοξασμένῃ
1617 3480 1696 3545 δὲ,
1751 3478 1840 3532 διὰ

255 3578 350 3651 τὴν
387 3577 547 3649 παρὰ
577 3579 671 3630 σοῦ
706 3576 979 3647 βοήθειαν.
1014 3577 1084 3628 Ἦ
1117 3577 1213 3630 καὶ
1254 3575 1451 3639 ἄλλως,
1483 3574 1642 3638 δόξαν
1685 3573 1840 3638 λέγει

257 3672 346 3725 τὸν
387 3671 541 3738 νοῦν,
577 3664 623 3740 ᾧ
650 3669 994 3741 τετιμήμεθα
1024 3668 1113 3723 διὰ
1155 3668 1218 3722 τδ
1283 3667 1404 3722 κατ’
1463 3667 1651 3721 εἰκόνα
1700 3661 1841 3718 εἶναι

259 3765 415 3820 Θεοῦ.

321 3948 436 4004 Kal
463 3949 541 4003 οὐ
574 3947 662 4018 μὴ
689 3945 1021 4015 κατανυτῶ,
1047 3945 1193 4000 Ἀντὶ
1231 3945 1349 4010 τοῦ,
1401 3946 1483 3999 Οὐ
1528 3944 1614 4014 μὴ
1666 3960 1845 3999 κατα·

254 4040 441 4112 νυγῶ,
478 4043 565 4095 Οὐ
585 4040 672 4110 μὴ
691 4040 932 4110 σιγήσω
954 4041 1306 4110 ήρμήνευσεν
1333 4041 1362 4092 ὁ
1392 4037 1692 4107 Σύμμαχος
1713 4053 1727 4066 ·
1778 4037 1844 4090 ἐκ

254 4135 351 4190 τοῦ
381 4132 810 4205 προηγουμένου
838 4125 934 4184 οὖν
959 4129 1019 4184 τὸ
1047 4130 1317 4199 ἑπόμενον
1360 4127 1606 4198 ἐδηλώθη
1642 4144 1656 4158 ·
1708 4127 1844 4180 ἒπε-

252 4249 342 4285 ται
374 4231 489 4298 γὰρ
537 4231 605 4298 τῇ
638 4225 936 4289 κατανύξει
960 4225 1109 4295 σιγή.
1141 4225 1235 4290 Ἢ,
1266 4224 1350 4277 Οὐ
1396 4221 1482 4292 μὴ
1510 4220 1844 4290 κατανυγεῶ,

252 4320 378 4373 ἀντὶ
398 4318 522 4380 τοῦ,
558 4318 633 4372 Ού
681 4316 756 4386 μὴ
794 4316 1099 4388 ἀμαρτήσω
1133 4315 1236 4380 ἔτι,
1283 4314 1358 4378 ὡς
1415 4313 1705 4385 δηλοῦσθαι
1755 4312 1848 4366 διὰ

247 4410 349 4465 τοῦ
384 4410 665 4479 ἑπομένου
701 4408 764 4462 τὸ
807 4408 1227 4480 προηγούμενον
1253 4425 1268 4439 ·
1328 4406 1522 4461 ἕπεται
1570 4407 1680 4477 γὰρ
1735 4407 1849 4468 τοῖς

252 4502 646 4574 ἁμαρτάνουσι
677 4500 996 4565 κατάνυξις.

317 4597 511 4664 Κύριε
529 4597 565 4648 ὁ
599 4594 745 4659 Θεός
764 4610 906 4662 μου,
934 4595 1021 4658 είς
1046 4592 1155 4647 τὸν
1185 4592 1372 4646 αίῶνα
1401 4590 1851 4662 ἐξομολογήσα-

243 4691 359 4758 gat
389 4703 522 4743 σοι.
562 4686 680 4740 ’Δεὶ
719 4687 1124 4757 εὐχαριστήσω,
1153 4687 1229 4749 ὡς
1264 4685 1526 4755 τοιαύτης
1573 4701 1640 4754 με
1669 4700 1847 4754 σωτη-

251 4783 376 4850 ρίας
416 4777 752 4846 ἀξιώσαντι.
781 4778 890 4831 Καὶ
923 4777 1101 4841 ἄλλως
1128 4779 1234 4848 γάρ
1273 4795 1288 4810 ⁸
1321 4781 1398 4832 Δι’
1429 4779 1551 4832 ὅλου
1581 4775 1676 4830 τοῦ
1704 4792 1848 4844 παρ-

252 4875 405 4938 ὄντος
453 4871 666 4934 αἰῶνος
719 4870 1106 4942 εὐχαριστήσει
1167 4872 1338 4942 αύτῷ,
1376 4875 1493 4935 τοῖς
1555 4871 1849 4943 ἡμετέροις

250 4967 498 5036 στόμασι
524 4960 841 5033 χρώμενος,
868 4963 1057 5026 ὁσάκις
1081 4962 1282 5034 ᾄδομεν
1313 4964 1404 5017 τὸν
1433 4962 1670 5033 ψαλμδν.

315 5246 424 5312 Ε’ίς
460 5242 531 5297 τὸ
557 5241 740 5308 τέλος
786 5238 1033 5308 Ψαλμὸς
1090 5236 1170 5303 τῷ
1203 5236 1382 5292 Δαϐὶδ
1419 5237 1785 5304 ἐκστάσεως.

858 5332 1153 5386 ΨΔΛΜΟΣ
1196 5332 1277 5384 Λ’.

321 5434 436 5498 Εἰς
461 5429 530 5484 τὸ
561 5426 744 5492 τέλος
780 5425 900 5494 μὲν,
933 5424 1011 5486 ὡς
1059 5422 1334 5493 περιέχων
1388 5421 1731 5495 προφητείαν
1777 5421 1859 5483 είς

250 5523 313 5578 τὸ
380 5521 543 5586 τέλος
606 5517 878 5590 ὁρῶσαν;
923 5513 1305 5580 Ἐκστάσεως
1367 5513 1425 5568 δὲ
1489 5509 1725 5582 ψαλμὺς,
1782 5506 1859 5570 ὡς

256 5608 758 5688 μνημονεύωνψτῆς
797 5606 1162 5680 παρατροπῆς
1227 5605 1296 5676 ἢν
1339 5601 1693 5673 παρετράπη,
1739 5613 1858 5666 μοιο

1944 3475 2174 3550 gloriam
2213 3476 2464 3527 assecuta
2498 3466 2684 3523 laudet
2707 3473 2799 3529 te;
2834 3469 3084 3517 assecuta
3117 3459 3242 3514 dico
3272 3455 3524 3525 gloriam,

1942 3542 2013 3626 ob
2040 3565 2305 3622 auxilium
2337 3578 2366 3616 a
2402 3568 2456 3616 te
2486 3559 2620 3614 mihi
2671 3555 3002 3626 praestitum.
3039 3549 3136 3606 Vel
3185 3548 3345 3602 aliter
3376 3563 3390 3600 :
3423 3542 3529 3597 Per

1945 3660 2198 3734 gloriam,
2255 3663 2517 3719 mentem,
2574 3666 2672 3707 εευ
2703 3649 3042 3704 intellectum
3084 3641 3364 3710 intelligit,
3418 3651 3530 3708 quo

1945 3753 2185 3809 maxime
2237 3748 2601 3811 honoramur,
2653 3758 2777 3799 cum
2811 3740 2882 3796 ob
2917 3739 3070 3793 illum
3108 3734 3178 3791 ad
3230 3731 3529 3802 imaginem

1946 3847 2040 3904 Dei
2073 3843 2200 3900 facti
2234 3856 2356 3898 esse
2394 3839 2667 3895 dicamur.

2018 3941 2087 3996 Et
2109 3956 2211 3993 non
2234 3949 2576 4004 compungar.
2606 3931 2735 3992 Pro,
2761 3927 2884 3982 Non
2906 3938 3252 3996 compnngar,
3277 3920 3532 3992 Symma-

1946 4035 2085 4091 chus
2120 4033 2514 4098 interpretatus
2545 4033 2651 4087 est,
2679 4022 2750 4076 Et
2777 4038 2880 4095 non
2912 4028 3139 4072 taceam.
3181 4015 3256 4069 Ex
3279 4029 3346 4068 eo
3376 4011 3524 4066 enim

1948 4127 2092 4199 quod
2125 4122 2408 4196 praecedit,
2436 4117 2816 4190 signiﬁcatum
2849 4121 2935 4168 est
2965 4111 3112 4182 quod
3148 4105 3531 4174 consequitur.

1947 4215 2449 4288 Compunctionem
2489 4210 2635 4264 enim
2671 4206 3026 4263 taciturnitas
3075 4199 3391 4258 comitatur.
3431 4191 3531 4248 Vel

1950 4286 2109 4364 aliter
2136 4325 2149 4361 :
2184 4304 2308 4359 Non
2338 4314 2680 4368 compungar,
2714 4297 2818 4351 hoc
2848 4307 2952 4359 est,
2983 4292 3103 4348 Non
3136 4286 3374 4358 amplius
3399 4297 3531 4354 pec-

1950 4404 2094 4460 cabo
2147 4417 2164 4454 :
2225 4409 2286 4452 ut
2339 4411 2408 4451 ex
2465 4390 2832 4462 consequenti
2894 4385 3215 4457 praecedens
3261 4375 3537 4450 signiﬁce-

1951 4502 2062 4548 tur.
2103 4489 2236 4544 Nam
2271 4495 2398 4558 post
2428 4491 2717 4555 peccatum
2752 4481 3006 4551 sequitur
3051 4471 3429 4544 compunctio.

2023 4583 2246 4638 Domine
2291 4580 2433 4634 Deus
2489 4591 2667 4640 meus,
2705 4575 2762 4628 in
2795 4572 3052 4628 sa’culum
3084 4564 3374 4636 conﬁtebor
3423 4559 3539 4615 tibi.

1953 4678 2254 4745 Perpetuo,
2287 4671 2491 4742 inquit,
2550 4668 2649 4724 tibi
2689 4667 2897 4736 gratias
2931 4677 3116 4734 agam,
3171 4672 3297 4714 cum
3339 4654 3541 4723 hujus-

1958 4769 2106 4827 modi
2136 4783 2222 4822 mc
2262 4765 2440 4820 salute
2462 4763 2687 4833 dignum
2717 4759 2940 4814 feceris.
2969 4755 3065 4810 Vel
3097 4753 3255 4807 aliter
3282 4765 3298 4804 :
3327 4747 3546 4802 Per~to-

1960 4873 2076 4917 tum
2105 4861 2210 4915 hoc
2236 4871 2482 4927 praesens
2503 4853 2788 4918 sacculum,
2814 4851 3022 4921 gratias
3049 4859 3267 4915 semper
3297 4841 3410 4896 Deo
3432 4842 3546 4909 agit

1962 4955 2158 5009 beatus
2215 4947 2414 5010 David,
2476 4961 2576 5017 per
2621 4958 2740 5010 ora,
2784 4957 2850 4998 ac
2894 4941 3040 4997 labia
3087 4943 3548 5011 quorumcunque

1963 5046 2227 5109 ﬁdelium,
2260 5041 2354 5113 qui
2386 5040 2537 5096 illius
2588 5037 2980 5095 celeberrimos
3035 5031 3278 5104 psalmos
3308 5027 3420 5082 Deo
3451 5038 3548 5078 ca-

1965 5147 2124 5196 nunt.

2185 5229 2253 5284 In
2293 5228 2452 5297 ﬁnem
2485 5225 2725 5294 psalmus
2779 5222 2884 5286 ipsi
2915 5217 3084 5274 Dauid
3114 5212 3368 5273 exstasis.

2459 5313 2783 5370 PSALMUS
2836 5310 3008 5367 XXX.

2035 5411 2103 5466 In
2133 5411 2290 5480 ﬁnem
2323 5407 2544 5480 quidem
2584 5405 2709 5460 idco
2768 5400 3096 5468 inscriptum
3124 5401 3228 5455 est,
3257 5386 3388 5459 quia
3417 5398 3546 5455 pro-

1965 5476 2150 5572 phetia
2185 5501 2274 5556 hic
2298 5476 2614 5555 continetur
2636 5510 2758 5564 quae
2779 5494 2846 5547 ad
2881 5492 3040 5545 ﬁnem
3061 5483 3258 5541 tendit.
3295 5476 3544 5533 Exstasr's

1967 5604 2150 5650 autem
2179 5591 2576 5648 Psalmusideo
2598 5586 2777 5641 dictus
2811 5591 2919 5647 est,
2961 5577 3090 5648 quia
3145 5567 3544 5631 commutatio-

1634 5785 1830 5850 Varie:
1879 5783 2208 5846 lectiones.

322 5902 400 5978 (ι)
428 5899 775 5962 Addendum
806 5892 1049 5951 fortasse
1077 5889 1172 5956 ὡς.
