4078 6484
569 483 669 543 ρετ

1780 447 2167 527 EUTH‘YMII
2196 456 2561 520 ZIGABENI

3733 447 3865 513 ΜΒ

571 607 696 644 nem
732 587 876 644 illam
916 589 1337 647 commemorat,
1377 593 1544 652 quam
1574 593 1776 651 passus
1820 588 1907 636 est
1956 580 2154 635 beatus

2274 571 2461 642 (εύσας
2484 571 2586 642 τὴν
2613 568 2814 640 Οὐρίου
2838 569 3098 638 γυναῖκα,
3128 565 3225 622 καὶ
3253 562 3463 620 ἀνελὼν
3501 562 3667 619 αὐτόν
3703 580 3720 597 ο
3754 564 3871 618 Eic—

573 683 743 739 David
776 674 898 752 post
928 676 1262 735 adulterium
1288 675 1595 738 Bersabeae,
1639 683 1696 729 et
1721 672 1924 729 caedem
1979 671 2150 730 Uriae.

574 773 852 830 Exstasim
887 773 1031 829 enim
1059 767 1409 826 rectitudinis
1456 766 1954 839 transgressionem
1982 766 2154 821 inter-

575 872 885 932 pretantur.
918 861 1277 931 Compositus
1313 868 1399 915 est
1431 865 1617 913 autem
1640 872 1707 913 eo
1742 865 2012 928 tempore,
2042 872 2155 928 quo

576 950 818 1007 Absalon
848 950 994 1006 illius
1017 965 1142 1005 eum
1172 947 1630 1020 persequebatur.
1660 946 1965 1004 Possumus
1987 947 2153 1003 etiam

578 1043 740 1099 nobis
759 1044 1048 1114 praesentis
1074 1042 1273 1112 psalmi
1294 1040 1461 1097 verba
1501 1039 1939 1106 accommodare,
1966 1038 2012 1096 si
2037 1039 2157 1096 loco

576 1134 873 1192 Absalonis
913 1143 969 1192 et
1001 1134 1377 1205 AeliitOphelis
1416 1142 1471 1190 et
1505 1132 1741 1187 aliorum
1775 1132 2155 1197 inimicorum,

579 1228 887 1284 daemonem
946 1227 1274 1300 principem,
1334 1241 1461 1283 cum
1520 1226 1673 1281 illius
1721 1224 2054 1281 satellitibus
2102 1234 2159 1282 et

578 1319 848 1377 ministris
886 1321 1281 1392 intelligamus,
1303 1327 1358 1377 et
1394 1319 1500 1374 alia
1528 1334 1633 1376 suo
1659 1318 1970 1390 significatu
2004 1318 2161 1376 simi-

579 1413 708 1466 liter
741 1414 1047 1483 capiamus.

649 1497 818 1555 Vsns.
843 1500 899 1554 2.
936 1500 996 1555 le
1020 1509 1089 1566 te,
1118 1500 1366 1567 Domine,
1391 1502 1619 1570 speravi,
1650 1517 1753 1556 non
1783 1502 2084 1571 confundor
2104 1506 2158 1561 in

579 1594 855 1647 secutum.
911 1594 1176 1649 Eumdem
1246 1595 1451 1650 habent
1502 1608 1725 1650 sensum
1789 1595 1907 1651 haec
1965 1598 2157 1664 verba,

580 1700 744 1754 quem
777 1693 830 1740 et
864 1685 955 1740 illa
986 1701 1002 1740 :
1044 1685 1189 1741 Deus
1221 1702 1389 1751 meus,
1418 1687 1472 1740 iu
1508 1694 1558 1740 te
1589 1687 1818 1755 speravi,
1872 1704 1977 1742 non
2033 1707 2162 1745 cou-

580 1776 784 1845 fuud‘ar
836 1779 892 1832 in
931 1778 1223 1844 satculum;
1255 1795 1378 1851 quae
1413 1780 1776 1850 exposuimus
1812 1781 1868 1836 in
1918 1784 2162 1841 secundo

578 1868 850 1925 versiculo
885 1871 1082 1940 psalmi
1117 1887 1272 1927 ιτιν.

655 1962 719 2017 In
740 1963 966 2032 justitia
992 1972 1086 2019 tua
1118 1965 1284 2019 libera
1337 1981 1441 2029 me,
1482 1976 1533 2021 et
1583 1983 1708 2024 erue
1737 1986 1839 2024 me.
1893 1968 2161 2041 Indignus

578 2054 834 2123 equidem
863 2070 985 2111 sum
1027 2064 1124 2112 tuo
1163 2056 1391 2112 auxilio.
1426 2057 1507 2112 οι)
1560 2068 1708 2115 tuam
1768 2069 1950 2116 tamen
2005 2062 2165 2132 juSti-

581 2144 739 2209 tium,
764 2161 870 2216 qua
904 2147 1127 2216 iniquos
1154 2162 1348 2205 omnes
1374 2164 1440 2204 ac
1466 2151 1773 2220 parricidas
1798 2152 2160 2226 condemnas,

584 2233 759 2290 libera
811 2252 920 2294 me.
972 2238 1117 2294 idem
1167 2250 1351 2295 autem
1382 2249 1469 2297 est
1502 2240 1692 2298 hocin
1724 2243 1843 2301 loco
1900 2245 2159 2316 liberare,

582 2332 731 2397 quod
779 2346 1002 2397 eruere,
1057 2334 1126 2391 ab
1177 2334 1531 2392 inimicorum
1596 2337 1861 2393 nimirum
1912 2340 2160 2410 insidiis,

582 2427 680 2471 aut
727 2420 797 2474 ab
838 2421 957 2490 ipsa
1002 2433 1200 2479 morte.
2152 2435 2157 2440 ‘

652 2507 823 2566 Vsus.
863 2511 918 2568 ὃ.
946 2510 1161 2569 Inclina
1194 2530 1262 2569 aa
1291 2534 1372 2572 me
1403 2535 1587 2574 aurem
1620 2530 1791 2577 tuam.
1816 2521 1895 2579 De
1925 2524 2163 2580 inclina-

582 2599 737 2655 tione
791 2603 947 2657 auris
990 2603 1232 2663 diximus
1282 2607 1340 2662 in
1384 2609 1595 2679 psalmo
1640 2628 1751 2677 xw,
1788 2615 1860 2669 ibi
1905 2616 2164 2673 :lnclina

582 2706 766 2747 aurem
803 2704 947 2749 tuam
980 2697 1127 2765 mihi,
1160 2708 1211 2754 et
1233 2701 1428 2770 exaudi
1457 2705 1612 2759 verba
1640 2722 1778 2762 mea.

654 2869 905 2928 Accelera
933 2884 991 2931 ut
1017 2892 1176 2932 eruas
1203 2894 1302 2934 me.
1338 2878 1456 2937 Non
1489 2889 1725 2953 tantum,
1755 2884 1952 2957 inquit,
1990 2885 2166 2946 libera

582 2976 694 3029 me,
728 2965 823 3020 sed
849 2968 1098 3024 accelera
1143 2977 1204 3024 ut
1232 2969 1283 3025 id
1322 2971 1521 3030 facias.

656 3051 787 3108 Esto
811 3057 940 3111 mihi
968 3059 1025 3112 in
1054 3059 1221 3115 Deum
1253 3071 1628 3132 protectorem.
1677 3065 1808 3136 Pro,
1840 3066 1973 3129 Esto
2001 3071 2164 3127 'mihi

583 3142 732 3202 Deus
771 3159 1076 3218 protector.
1111 3151 1320 3210 ldioma
1352 3164 1440 3213 cst
1469 3167 1526 3215 et
1562 3159 1667 3214 hoc
1717 3160 2000 3218 Hebraicae
2052 3164 2163 3219 lin-

2263 679 2455 717 στασιν
2483 661 2615 732 γὰρ,
2644 660 2745 732 τὴν
2800 659 3135 733 παραφορὰν
3175 659 3276 728 τῆς
3319 655 3614 726 εὐθύτητος
3664 657 3864 727 ἑρμη-

2261 754 2530 809 νεύουσιν.
2577 752 2812 825 Ἐρῤέθη
2841 754 2900 806 δέ
2926 752 3051 805 καθ’
3078 750 3138 805 δν
3169 750 3364 820 καιρὸν
3405 748 3664 804 ἐδιώκετο
3693 749 3868 818 παρὰ

2261 847 2358 900 τοῦ
2393 844 2514 898 υίοῦ
2544 843 2709 899 αὐτοῦ
2739 843 2835 898 τοῦ
2864 844 3232 913 Ἀὁεσαλώμι
3259 842 3373 910 Οὐχ
3411 835 3577 914 ἦττον
3622 839 3703 905 δὲ,
3752 840 3869 892 καὶ

2263 939 2323 993 ἐν
2353 937 2575 1009 ἑκάστῳ
2602 939 2763 1009 ἡμῶν
2797 938 3070 1009 προσήκει
3106 935 3178 988 τὰ
3209 937 3433 1006 ῥήματα
3479 932 3575 987 τοῦ
3603 931 3865 1002 ψαλμοῦ,

2264 1026 2477 1081 νοοῦᾫτι
2521 1026 2844 1098 Ἀὁεσαλὼμ
2874 1026 2970 1078 καὶ
3008 1023 3295 1096 ’Ᾱχιτόφελ
3349 1022 3447 1076 καὶ
3494 1019 3624 1083 τοὺς
3673 1015 3869 1070 τοιού-

2265 1137 2392 1184 τους
2415 1119 2667 1191 ἐχθροὺς,
2702 1119 2795 1173 τὸν
2829 1117 3078 1173 διάϐολον
3102 1116 3198 1171 καὶ
3230 1114 3358 1179 τοὺς
3408 1112 3604 1175 ἄλλους
3657 1109 3872 1179 δαίμο-

2266 1230 2385 1281 νας,
2415 1214 2511 1269 καὶ
2538 1214 2587 1269 τ’
2611 1212 2747 1269 ἄλλα
2775 1211 2992 1276 οίκείως
3010 1207 3439 1282 ἐκλαμϐάνοντι.

2341 1495 2497 1564 Πρὸς
2533 1493 2632 1549 σὲ.
2670 1494 2869 1561 Κύριε,
2915 1491 3174 1560 ἤλπισα,
3216 1486 3299 1556 μὴ
3340 1484 3872 1556 καταισχυνθείην

2267 1591 2356 1655 είς
2398 1589 2505 1642 τὸν
2541 1586 2750 1643 αίῶνα.
2803 1583 2977 1637 Τοῦτο
3008 1582 3088 1652 (‘2)
3126 1580 3344 1635 ’ταύτὸν
3371 1579 3597 1634 δύναται
3622 1578 3683 1631 τό
3719 1593 3736 1610 ο
3788 1575 3869 1629 ’0

2272 1681 2416 1749 Θεός
2448 1698 2586 1743 μου.
2619 1676 2718 1732 ἐπί
2742 1677 2838 1751 σοι
2885 1675 3162 1735 πέποιθα,
3209 1671 3294 1742 μὴ
3343 1668 3873 1738 καταισχυνθείην

2269 1778 2357 1842 είς
2378 1775 2486 1829 τὸν
2508 1772 2715 1830 αἰῶνα.
2743 1772 2857 1825 Kal
2892 1770 3047 1840 ζήτει
3107 1768 3294 1821 λοιπὸν
3342 1764 3443 1837 τὴν
3490 1763 3756 1834 ἐξήγησιν
3798 1763 3872 1819 ἐν

2267 1868 2348 1940 τῷ
2373 1867 2613 1939 δευτέρῳ
2638 1866 2808 1935 στίχῳ
2843 1863 2937 1918 τοῦ
2976 1863 3057 1918 κδ’
3081 1861 3323 1932 ψαλμοῦ.

2349 1957 2544 2027 Ἔντῇ
2569 1957 2928 2025 δικαιοσύνῃ
2964 1970 3083 2010 σου
3120 1955 3312 2024 ρὐαι
3352 1962 3452 2022 με,
3489 1950 3584 2005 καὶ
3637 1949 3870 2014 ἐξελοῦ

2262 2069 2361 2123 με.
2394 2052 2460 2106 Εί
2486 2052 2581 2106 καὶ
2608 2050 2829 2116 ἀνάξιός
2878 2049 2995 2119 είμι
3058 2046 3332 2117 βοηθείας,
3388 2044 3590 2111 άλλάγε
3632 2041 3725 2097 διὰ
3759 2041 3870 2113 τὴν

2270 2145 2373 2217 σὴν
2413 2143 2575 2216 ρύσαι
2604 2160 2673 2215 με
2703 2141 3075 2212 δικαιοσύνην,
3133 2140 3257 2211 ἥτις
3316 2136 3671 2201 καταδικάζει
3730 2136 3868 2199 τοὺς

2270 2237 2629 2309 πατραλοίας,
2663 2236 2758 2290 καὶ
2798 2234 2991 2297 ἁπλῶς
3050 2232 3263 2294 πάντας
3318 2230 3448 2294 τοὺς
3504 2227 3863 2292 ἀδικοῦντας.

2268 2331 2478 2386 Ταὺτδν
2523 2331 2581 2385 δὲ
2629 2330 2713 2394 τὸ,
2759 2329 2973 2384 Ῥὐσαι
3023 2344 3120 2396 με,
3176 2325 3273 2380 καὶ
3326 2323 3411 2391 τὸ,
3454 2323 3704 2388 Ἐξελοῦ
3730 2339 3809 2392 με
3846 2335 3866 2354 ⁶

2267 2422 2430 2494 δῆλον
2459 2422 2537 2489 δέ,
2570 2423 2652 2477 δτι
2686 2421 2781 2476 τοῦ
2819 2420 3054 2476 θανάτου
3083 2417 3296 2488 καὶτῆς
3328 2416 3573 2487 ἐνέδρας.

2342 2517 2567 2571 lii/livor
2599 2515 2751 2583 πρός
2777 2530 2854 2584 με
2891 2513 2960 2567 τὸ
3003 2506 3113 2578 οὖς
3140 2527 3281 2566 σου.
3324 2510 3461 2579 Περὶ
3500 2507 3598 2577 τῆς
3624 2506 3868 2569 κλίσεως

2269 2607 2367 2661 τοῦ
2406 2607 2552 2660 θείου
2578 2606 2717 2670 ὠτὸς
2749 2606 3059 2676 εἰρήκαμεν
3084 2604 3142 2657 ἐν
3173 2602 3251 2674 τῷ
3291 2599 3665 2669 ἑκκαιδεκάτῳ
3705 2597 3861 2666 ψαλ-

2273 2700 2382 2772 μῷ,
2408 2699 2540 2755 ἔνθα
2568 2700 2632 2754 τό
2655 2715 2671 2732 υ
2705 2698 2934 2754 Κλῖνον
2960 2696 3028 2752 τὸ
3058 2691 3169 2763 οὖς
3198 2710 3315 2750 σου
3341 2692 3493 2765 ἐμοὶ,
3533 2691 3632 2747 καί
3685 2689 3861 2745 εἱσά-

2270 2810 2503 2851 κουσον
2528 2792 2649 2848 τῶν
2670 2792 2961 2863 ῥημάτων
2991 2809 3136 2861 μου.

2346 2890 2620 2959 Τάχυνον
2650 2888 2757 2943 τοῦ
2790 2886 3112 2952 ἐξελέσθαι
3162 2901 3261 2952 με.
3304 2883 3397 2955 Μὴ
3455 2881 3616 2952 μόνον
3671 2877 3866 2946 ἐξελοῦ

2274 3000 2368 3053 με,
2392 2982 2532 3036 ἀλλὰ
2574 2980 2670 3036 καὶ
2701 2981 2934 3052 τάχυνον
2962 2980 3043 3043 είς
3070 2977 3254 3032 τοῦτο.

2343 3074 2538 3130 Γενοῦ
2561 3093 2664 3146 μοι
2725 3076 2815 3140 είς
2872 3072 3024 3128 Θεὸν
3064 3067 3552 3140 ὑπερασπιστήν.
3605 3067 3700 3129 Τὸ,
3755 3066 3869 3132 Είς

2274 3168 2425 3224 Θεὸν
2462 3165 2935 3236 ὑπερασπιστὴν
2959 3205 2976 3231 ,
3036 3164 3161 3219 ἀντὶ
3204 3160 3322 3227 τοῦ,
3372 3161 3506 3214 Θεὸς
3550 3160 3874 3229 ὑπερασπι-

582 3253 725 3345 guae.
759 3239 857 3299 Vel
890 3242 1014 3300 ideo
1055 3245 1226 3302 Deum
1252 3257 1619 3318 protectorem
1646 3253 1803 3319 dicit,
1838 3255 1970 3325 quia
1999 3266 2160 3314 antea

2274 3261 2407 3333 στής
2427 3276 2444 3293 °
2501 3260 2700 3329 ἰδίωμα
2723 3258 2831 3330 γὰρ
2861 3257 3021 3311 τοῦτο
3042 3256 3143 3326 τῆς
3166 3255 3432 3311 Παλαιᾶς.
3467 3252 3579 3307 Kal
3633 3252 3728 3305 ἔσο
3770 3268 3868 3321 μοι

581 3332 804 3401 quidem
863 3337 1007 3393 Deus
1041 3339 1119 3394 illi
1170 3352 1310 3411 erat,
1354 3354 1410 3398 at
1458 3361 1608 3402 nunc
1658 3346 1714 3403 in
1765 3349 2161 3406 adversitatum

581 3433 830 3497 tempore
856 3443 965 3484 non
1002 3432 1333 3503 simpliciter
1365 3444 1427 3492 ut
1460 3435 1630 3492 Deum
1658 3438 1812 3494 illum
1836 3440 1942 3497 sibi
1968 3442 2164 3500 adesse

583 3518 842 3587 postulat,
867 3521 961 3577 sed
997 3523 1163 3579 etiam
1198 3533 1258 3580 ut
1293 3535 1688 3597 protectorem.

658 3630 729 3684 Et
756 3633 811 3687 in
844 3635 1064 3690 domum
1099 3639 1315 3710 refugii,
1362 3650 1421 3695 ut
1467 3644 1674 3698 salvum
1729 3662 1811 3699 me
1864 3648 2057 3717 facias.
2096 3649 2167 3705 Ut

586 3725 768 3782 salves
803 3742 890 3783 me
926 3729 981 3783 in
1018 3738 1266 3801 tempore
1318 3732 1462 3802 fugae
1507 3734 1922 3807 confugientem
1975 3741 2041 3795 ad
2090 3751 2166 3805 te.

587 3821 857 3886 tanquam
895 3821 961 3875 ad
999 3823 1318 3890 praesidium
1355 3826 1600 3895 aliquod,
1635 3834 1690 3882 et
1724 3827 1791 3882 ad
1833 3828 2017 3886 locum
2049 3849 2171 3888 mu-

587 3909 760 3964 nitum
785 3920 952 3984 atque
988 3915 1496 3989 inexpugnabilem.

664 4022 829 4083 Vsus.
878 4029 932 4083 4.
983 4028 1252 4095 Quoniam
1308 4032 1572 4102 fortitudo
1628 4051 1748 4090 mea
1803 4046 1854 4091 et
1902 4037 2169 4108 refugium

585 4131 758 4172 meum
793 4134 847 4171 es
889 4128 965 4173 lu.
1009 4120 1145 4187 Quia
1188 4131 1421 4194 utraque
1482 4124 1599 4181 haec
1644 4141 1765 4196 quae
1821 4130 2063 4198 postulo,
2111 4138 2167 4185 tu

584 4209 713 4263 olim
750 4211 881 4266 mihi
916 4215 1251 4283 praestitisti.
1282 4215 1419 4271 Nam
1452 4227 1509 4273 et
1540 4219 1681 4277 alias
1722 4220 1991 4276 auxilium
2035 4221 2170 4278 mihi

585 4307 739 4355 tuum
764 4314 963 4373 praesto
990 4305 1233 4364 adfuisse
1268 4316 1531 4378 expertus
1560 4326 1705 4365 sum.

660 4415 730 4469 Et
756 4428 971 4489 propter
999 4437 1190 4476 nomen
1224 4430 1375 4476 tuum
1406 4423 1631 4481 deduce:
1682 4442 1787 4491 me,
1841 4436 1893 4482 et
1932 4428 2169 4484 euutries

585 4526 687 4566 me.
726 4511 796 4565 Et
843 4514 1084 4580 confido,
1145 4516 1347 4586 inquit,
1405 4534 1516 4575 non
1556 4521 1629 4575 ob
1658 4536 1836 4575 meam
1886 4523 2169 4587 virtutem,

2269 3353 2351 3417 είς
2382 3349 2503 3406 τόδε
2526 3351 2622 3406 καὶ
2644 3349 2786 3403 τόδε.
2812 3348 2925 3403 Kal
2962 3347 3071 3420 μὴν
3098 3346 3305 3417 Κύριος
3337 3344 3472 3409 Θεὸς
3502 3344 3668 3399 αὐτοῦ
3688 3359 3701 3373 °
3738 3343 3871 3397 ἀλλ’

2271 3442 2371 3515 οὐχ
2416 3434 2604 3505 ἁπλῶς
2661 3440 2798 3494 Θεὸν
2852 3437 3022 3494 αὐτοῦ
3073 3435 3269 3492 τοῦτον
3316 3432 3458 3490 εῖναι
3515 3436 3694 3505 ζητεῖ,
3725 3433 3872 3488 ἀλλὰ

2271 3536 2406 3591 Θεὸν
2443 3533 2885 3606 ὑπερασπιστὴν,
2920 3533 2979 3588 ἐν
3009 3532 3188 3603 καιρῷ
3214 3530 3618 3601 ταλαιπωρίας.
3675 3599 3678 3602 ,

2345 3651 2456 3705 Kal
2484 3652 2573 3716 εἷς
2602 3644 2774 3704 οἷκον
2806 3646 3183 3719 καταφυγῆς,
3222 3646 3330 3701 τοῦ
3359 3644 3560 3701 σῶσαί
3580 3661 3679 3714 με.
3738 3643 3871 3696 Ἐπὶ

2272 3743 2333 3797 τὸ
2365 3743 2536 3796 σῶσαί
2573 3760 2643 3813 με
2671 3745 2728 3795 ἐν
2760 3740 2936 3811 καιρῷ
2957 3740 3157 3811 φυγῆς,
3197 3739 3450 3810 καθάπερ
3473 3739 3580 3792 ’τινῖ¹
3611 3737 3865 3809 φρουρίῳ

2273 3832 2535 3902 ἀναλὼτῳ
2562 3832 2987 3905 προσφεύγοντὰ
3012 3849 3117 3887 σοι.

2345 4037 2468 4091 ’Ὁτι
2495 4036 2836 4108 separale
2859 4008 3001 4107 μου,
3026 4036 3124 4092 καί
3157 4036 3473 4107 καταφυγή
3506 4054 3626 4105 μου
3661 4036 3744 4091 σὺ
3781 4033 3860 4092 εἴ.

2274 4127 2419 4182 Διότι
2452 4127 2549 4182 καὶ
2575 4127 2804 4199 ἄμφωθ.
2840 4127 3012 4198 ζητῶ,
3054 4126 3119 4181 σύ
3167 4144 3260 4198 μοι
3306 4127 3557 4195 γέγονας,
3613 4126 3706 4181 καὶ
3755 4127 3863 4198 τῆς

2274 4218 2427 4288 παρὰ
2447 4217 2542 4273 σοῦ
2583 4218 2679 4273 καὶ
2707 4216 2898 4272 ἄλλοτε
2938 4216 3280 4289 πεπείραμαι
3310 4216 3586 4288 βοηθείας.

2344 4427 2597 4483 Ἕνεκεν
2628 4426 2736 4482 τοῦ
2766 4426 3061 4495 ὀνόματός
3099 4439 3219 4481 σου
3263 4423 3594 4495 ὀδηγήσεις
3629 4441 3729 4493 με,
3758 4425 3868 4480 καὶ

2275 4521 2619 4592 διαθρέψεις
2646 4538 2744 4591 με.
2773 4520 2883 4575 Kal
2905 4521 3168 4585 πέποιθα,
3199 4520 3304 4584 ὅτι,
3363 4518 3413 4572 εί
3478 4518 3572 4590 μὴ’
3609 4517 3701 4571 διὰ
3760 4518 3868 4588 τὴν

586 4603 683 4659 sed
724 4613 949 4675 propter
980 4623 1178 4663 nomen
1231 4617 1409 4677 tuum,
1460 4612 1590 4682 quia
1646 4612 1908 4669 nimirum
1954 4618 2164 4674 vocaris

2275 4614 2416 4686 ἐμὴν
2445 4613 2670 4686 ἀρετὴν,
2696 4612 2837 4668 ἀλλά
2861 4629 2926 4682 γε
2952 4612 3042 4667 διὰ
3083 4612 3146 4664 τὸ
3203 4611 3297 4665 σὺν
3357 4611 3552 4679 ὄνομα,
3611 4609 3869 4680 ἐλεήμων

587 4692 927 4752 misericors.
969 4696 1215 4755 Deduces
1246 4709 1428 4758 autem
1464 4718 1551 4759 me
1591 4704 1657 4759 ad
1686 4704 1867 4760 locum
1902 4707 2047 4773 vitae,
2071 4708 2172 4764 ab-

590 4783 801 4840 ducens
836 4801 865 4840 a
896 4788 1184 4857 periculis.
1219 4789 1287 4845 Et
1335 4792 1582 4850 enutries
1639 4809 1749 4859 me,
1805 4794 1859 4850 in
1914 4798 2167 4868 angustia

591 4880 1030 4936 necessariarum
1065 4898 1247 4938 rerum
1274 4885 1658 4943 constitutum.
1696 4886 1789 4943 Vel
1818 4900 2033 4960 propter
2074 4907 2175 4945 uo-

566 4985 708 5024 .men
756 4981 926 5040 tuum,
981 4975 1477 5048 circumloqueudo
1525 4980 1684 5047 dixit,
1725 4980 1830 5037 hoc
1876 4991 1981 5047 est,
2041 4998 2170 5054 pro-

590 5070 712 5132 pter
746 5074 818 5119 te.

665 5177 831 5235 Vens.
869 5180 926 5237 5.
955 5182 1165 5240 Educes
1218 5202 1299 5240 me
1330 5187 1393 5242 de
1411 5187 1602 5259 laqueo
1635 5190 1734 5244 hoc
1766 5206 1919 5259 quem
1949 5189 2178 5245 abscon-

592 5271 783 5324 tterunt
821 5274 972 5331 milii.
1001 5276 1106 5330 Per
1145 5276 1401 5346 laqueum
1434 5295 1585 5339 nunc
1614 5281 1907 5336 consilium
1934 5282 2176 5354 intellige

593 5364 663 5419 ab
686 5364 1011 5433 AchitOphel
1051 5369 1314 5425 Absaloui
1353 5371 1566 5433 datum.
1597 5382 1660 5428 ut
1686 5374 1932 5428 studeret
1964 5382 2176 5443 quanto

593 5455 760 5511 citius
819 5458 1024 5513 alicubi
1091 5459 1340 5515 locorum
1376 5464 1710 5519 concludere
1752 5465 1971 5519 beatum
2007 5464 2177 5520 David

596 5546 742 5599 unde
780 5548 1014 5603 evadere
1053 5564 1161 5603 non
1217 5560 1426 5619 posset.
1480 5551 1736 5623 Laqueus
1766 5554 1912 5610 enim
1946 5555 2173 5624 dicitur,

596 5636 741 5703 quod
775 5640 954 5708 capiat
983 5656 1130 5706 cum,
1166 5643 1260 5712 qui
1292 5644 1347 5700 in
1379 5646 1558 5716 ipsum
1606 5648 1885 5705 inciderit.
1923 5649 2175 5705 Abscon-

2274 4706 2386 4778 γὰρ
2418 4707 2686 4779 ὀνομάζῃ,
2710 4705 3006 4776 ὁδηγήσεις
3047 4721 3115 4775 με
3139 4703 3217 4769 εἰς
3247 4703 3413 4757 τόπον
3444 4704 3611 4771 ζωῆς,
3651 4702 3870 4771 ἐξάγων

2276 4816 2345 4866 με
2372 4799 2467 4853 τοῦ
2497 4799 2771 4858 κινδύνου,
2806 4799 2903 4851 καὶ
2924 4795 3247 4867 διαθρὲψεις
3280 4813 3370 4866 με,
3402 4795 3730 4865 πιεζόμενον
3777 4797 3871 4849 ἐν⁴

2270 4891 2391 4961 δείᾳ
2411 4891 2521 4945 τῶν
2559 4890 2909 4962 ἐπιτηδείων.
2958 4891 3030 4944 Ἢ
3058 4888 3168 4944 τοῦ
3212 4887 3511 4958 ὀνόματός
3540 4901 3681 4954 σου,
3741 4888 3870 4942 ἀντὶ

2269 4982 2387 5050 τοῦ,
2420 4983 2539 5050 σοῦ,
2570 4982 3044 5054 περιφραστικῶς.

2331 5184 2609 5252 Ἐεάξεις
2623 5200 2702 5254 με
2722 5183 2793 5237 ἐκ
2814 5183 3071 5253 παγίδος
3088 5181 3333 5250 ταύτης,
3355 5174 3433 5250 ἧς
3448 5179 3863 5251 Eripuit-drum.

2273 5278 2484 5347 Παγίδα
2515 5276 2664 5344 λέγει
2695 5276 2792 5329 νῦν
2833 5275 2935 5346 τὴν
2972 5273 3288 5346 συμϐουλὴν
3348 5272 3653 5343 Ἀχιτόφελ,
3684 5275 3753 5344 ἢν
3782 5273 3865 5343 τῷ

2285 5367 2609 5439 Ἀσεσαλὼμ
2626 5366 2781 5429 οὗτος
2812 5365 3070 5427 ὑπέθετο,
3098 5364 3423 5433 συγκλεῖσαι
3455 5365 3549 5417 τὸν
3580 5364 3768 5431 Δαόὶδ,
3801 5366 3865 5417 ὲν

2271 5464 2500 5535 ἀφύκτῳ
2535 5460 3003 5532 διασκεψάμενος.
3029 5459 3210 5537 Παγὶς
3234 5460 3333 5529 μὲν
3352 5457 3485 5529 γὰρ,
3514 5457 3592 5520 ὡς
3626 5454 3702 5528 (3)
3728 5457 3859 5511 συλ-

2272 5555 2628 5627 λαμϐάνοντα
2646 5553 2737 5607 τὸν
2755 5552 3183 5624 περιπίπτοντα.
3220 5548 3459 5619 Ἐκρὺὃη
3485 5548 3542 5602 δέ
3563 5546 3736 5621 αὐτῷ,
3770 5548 3865 5603 διὰ

2283 5648 2345 5703 τὸ
2384 5645 2675 5722 λαθραῖον·
2709 5646 2860 5701 πᾶσα
2887 5644 2998 5715 γὰρ
3025 5642 3196 5713 παγὶς
3217 5642 3548 5712 κέκρυπται.
3571 5640 3865 5715 ’Υπολήζῃ

1946 5828 2144 5893 νεανία)
2172 5829 2499 5895 lectiones.

675 5915 751 5985 (9.)
790 5917 877 5974 ισ.
905 5921 1097 5991 τοιῖτῳ.

2353 5929 2430 6003 (3)
2463 5932 2565 6000 Γρ.
2605 5927 3083 6000 Συλλαμσάνουσα,
3110 5926 3144 5999 ἢ
3173 5923 3533 5981 συλλαϐοῦσα.
