4078 6448
302 469 409 538 διο

1477 455 1873 527 COMMENT.
1916 455 2002 519 IN
2032 453 2279 519 PSALM
2287 453 2398 516 OS.

3508 429 3619 496 350

305 588 363 641 δὲ
392 582 497 638 καὶ
528 581 722 647 ἄλλως
764 580 977 653 παγίδα
1005 580 1109 654 τὴν
1141 579 1460 654 πρόσφατον
1487 577 1786 648 ἐπιϐουλὴν
1807 574 1917 630 τῶν

2041 572 2226 628 lerunt
2255 576 2441 626 autem
2475 579 2624 631 eum,
2670 575 2777 617 uoc
2802 566 2909 625 est,
2939 560 3157 617 secreto
3188 561 3615 624 disposuerunt,

310 677 623 750 δαιμόνων.

387 945 527 998 Ὅτι
572 943 654 998 σὺ
690 939 751 999 εἷ
778 946 814 1000 ὁ
842 942 1317 1012 ὑπερασπιστὴς
1343 960 1487 1013 μου,
1516 941 1722 1012 Κύριε.
1755 942 1929 998 Πάλιν

314 1039 397 1111 τῷ
441 1038 572 1108 Θεῷ
626 1037 782 1110 μόνῳ
813 1037 915 1109 τὴν
954 1036 1211 1110 βοήθειαν
1246 1038 1548 1106 ἐπιγράφει
1574 1051 1589 1066 ⁸
1623 1036 1785 1091 τοῦτο
1826 1035 1928 1105 μὲν

323 1131 733 1201 εὖγνωμονῶν,
775 1130 855 1195 ὡς
894 1129 1452 1202 προευηργετημένος
1479 1148 1496 1164 -
1532 1127 1693 1182 τοῦτο
1722 1127 1803 1193 δὲ,
1830 1127 1930 1180 καὶ

330 1226 414 1288 εἰς
441 1221 635 1278 οἶκτον
666 1222 761 1277 διὰ
789 1223 866 1295 (4)
902 1223 1007 1294 τῆς
1031 1222 1232 1292 ἀλόγου
1262 1220 1548 1292 συνεχείας
1588 1219 1932 1289 ἐκκαλούμε-

326 1334 417 1380 νος
440 1316 635 1378 αὑτζον,
661 1311 758 1370 οἷα
777 1316 987 1386 μηδένα
1017 1315 1208 1387 ἕτερον
1238 1312 1434 1384 βοηθὸν
1464 1311 1750 1381 ἀξιόλογον
1779 1311 1930 1382 ἔχειν

319 1410 555 1466 διαὸεόα
564 1410 849 1483 ιοῦμενος.
1882 1424 1887 1429 ο

396 1591 507 1656 Εἷς
534 1588 753 1659 χεῖράς
775 1604 896 1644 σου
931 1590 1400 1662 παραστήσομαι
1429 1582 1500 1648 τὸ
1526 1591 1767 1664 πνεῦμά
1784 1611 1930 1665 μου.

323 1685 407 1755 Τῇ
436 1685 506 1754 σῇ
544 1683 789 1751 δυνάμει
823 1684 1254 1740 καταπιστεύσω
1295 1686 1398 1758 ἤδη
1431 1687 1533 1756 τὴν
1579 1687 1759 1761 ψυχήν
1802 1705 1929 1759 μου,

324 1777 615 1832 τουτέστιν
639 1777 907 1847 ἐμαυτὸν,
953 1777 1147 1848 μηδενὶ
1178 1778 1326 1847 ἄλλῳ
1359 1778 1600 1852 θαρρῶν.
1638 1781 1843 1852 Χεῖρας
1870 1780 1932 1834 δὲ

328 1865 492 1933 Θεοῦ,
516 1865 625 1938 τὴν
669 1867 831 1938 ἰσχὺν
862 1866 1051 1922 καλεῖ·
1082 1869 1142 1922 ὲν
1167 1870 1326 1940 χερσὶ
1368 1871 1479 1941 γὰρ
1501 1871 1537 1942 ἡ
1565 1869 1821 1941 δύναμις.

420 2134 787 2204 Ἦλιντρώσω
831 2151 932 2206 με,
960 2132 1162 2205 Κύριε,
1183 2138 1219 2191 ὁ
1277 2136 1428 2203 Θεὸς
1460 2136 1573 2206 τῆς
1613 2137 1931 2205 ἀληθείας.

344 2226 624 2291 Πολλάκις
655 2228 771 2300 γάρ
804 2245 874 2297 με
911 2227 1127 2294 ἔσωσας
1174 2229 1288 2283 ἀπὸ
1322 2228 1419 2283 τοῦ
1456 2229 1672 2292 ramo,
1696 2230 1804 2283 ἀπὸ
1836 2227 1933 2282 τοῦ

352 2317 559 2380 Σαοὺλ,
610 2318 706 2371 καὶ
756 2318 870 2371 ἀπὸ
918 2318 1182 2374 κινδύνων
1238 2320 1437 2376 ἄλλων.
1488 2320 1557 2375 Ἤ
1601 2323 1696 2376 καὶ
1733 2321 1935 2388 ᾷλλως,

361 2406 698 2477 προφητεύει
739 2408 997 2481 περὶτῆς
1026 2409 1223 2465 ἑαυτοῦ
1249 2411 1552 2482 σωτηρίας.
1607 2413 1672 2467 '0
1697 2386 1845 2480 Θεὸς
1877 2386 1935 2466 δέ

360 2496 777 2565 τῆς-ἀληθείας,
800 2500 925 2556 ἀντὶ
940 2499 1060 2566 τοῦ,
1075 2501 1377 2574 ’Δληθινδς,
1397 2503 1473 2569 ὡς
1484 2504 1580 2559 καὶ
1591 2504 1650 2559 ὲν
1666 2504 1745 2576 τῷ
1766 2503 1935 2576 στίχῳ

349 2590 447 2651 τοῦ
470 2588 558 2660 κη’
583 2590 803 2661 ψαλμοῦ
830 2592 1327 2666 παραδεδώκαμεν.

431 2686 773 2755 Ἐμίσησας
798 2689 943 2755 τοὺς
967 2688 1513 2757 διαφυλάσσοντας
1531 2692 1938 2760 ματαιότητας

338 2777 660 2847 διακενῆς.
703 2779 1100 2851 ’Δπεστράφης
1138 2780 1266 2845 τοὺς
1300 2781 1388 2852 ἐφ’
1431 2782 1614 2837 ἱκανὸν
1636 2782 1938 2854 τηροῦντας

340 2870 443 2934 τὰς
467 2873 718 2940 ματαίας
740 2870 962 2942 βουλὰς,
995 2872 1093 2926 καὶ
1119 2873 1194 2944 μὴ
1226 2873 1763 2943 μεταγινώσκοντας,
1799 2873 1938 2931 ἀλλὰ

339 2962 715 3033 θαρροῦντας,
751 2967 928 3019 ὁποῖοι
959 2959 1102 3035 ἦσαν
1126 2966 1177 3021 oi
1209 2967 1343 3037 περὶ
1369 2965 1465 3020 τὸν
1499 2966 1853 3038 Ἀϐεσαλὼμο
1878 2966 1938 3021 τὺ

342 3056 644 3125 διακενῆς
700 3057 761 3111 δὲ
798 3059 1149 3129 πρόσκειται,
1203 3060 1325 3113 ἀντὶ
1378 3059 1797 3132 τοῦίάχρήστως
1843 3058 1941 3115 καὶ

340 3150 649 3222 περιττῶς,
675 3151 860 3206 διὰτὸ
875 3152 1277 3208 ἀποτευκτικδν
1302 3152 1399 3208 τοῦ
1434 3153 1666 3208 σκοποῦ.

426 3423 584 3494 Ἐγὼ
617 3423 689 3479 δὲ
727 3425 828 3480 ἐπὶ
856 3424 940 3494 τῷ
982 3424 1182 3498 Κυρίῳ
1237 3427 1496 3499 ἤλπισα.
1543 3430 1655 3485 Καὶ
1702 3430 1802 3486 οὐκ
1845 3431 1938 3486 ἐπὶ

353 3518 748 3590 πανουργίαις,
782 3519 859 3580 ὡς
887 3520 1105 3575 ἐκεῖνοι.
1726 3581 1733 3589 _

418 3613 933 3684 Ἀγαλλιάσομαι,
987 3614 1087 3669 καὶ
1141 3617 1643 3688 εὐφρανθήσομαι
1691 3616 1791 3672 ἐπὶ
1858 3615 1941 3684 τῷ

353 3705 507 3760 ἐλέει
538 3720 681 3759 σου.
718 3706 789 3758 Ἢ
834 3706 923 3759 διὰ
972 3709 1072 3774 τῆς
1122 3707 1480 3776 ταυτολογίας
1501 3709 1563 3762 τὸ
1598 3709 1942 3780 ὑπερϐάλλον

357 3802 455 3867 τῆς
528 3796 838 3869 μελλούσης
897 3798 1093 3869 ἡδονῆς
1166 3800 1521 3871 παραστῆσαι
1577 3800 1860 3871 βούλεται·
1905 3800 1939 3872 ἢ

353 3889 505 3960 ζήτει
526 3891 631 3958 τήν
658 3891 929 3961 διαφορὰν
955 3893 1014 3945 ὲν
1031 3891 1110 3962 τῷ
1134 3893 1304 3964 τρίτῳ
1320 3893 1489 3963 στίχῳ
1504 3892 1600 3947 τοῦ
1615 3893 1660 3946 ϐ’
1681 3891 1902 3963 ψαλμοῦ
1923 3908 1938 3926 ·

354 3982 484 4038 Ἐπὶ
518 3976 602 4050 τῷ
630 3983 794 4038 ἐλέει
858 3983 938 4047 δὲ,
990 3982 1020 4035 ὃ
1054 3986 1306 4056 ποιήσεις
1357 3986 1437 4049 εἰς
1487 3986 1612 4056 ἐμὲ,
1639 3985 1731 4039 τὸν
1755 3985 1945 4048 ἐλέους

352 4074 505 4142 ἄξιον
542 4076 615 4131 δι’
644 4076 682 4131 ἃ.
714 4076 985 4132 πέπονθα.

423 4352 564 4405 Ὀτι
606 4349 848 4417 ἐπεῖδες
873 4349 973 4404 ἐπὶ
1022 4349 1140 4419 τὴν
1176 4331 1552 4409 ταπείνωσιν
1579 4371 1723 4424 μου.
1756 4353 1821 4408 Ἠ
1848 4370 1948 4409 τα-

352 4444 624 4505 πείνωσις
680 4443 813 4497 ποτὲ
840 4445 938 4511 μὲν
970 4443 1123 4515 δηλοῖ
1150 4444 1252 4515 τὴν
1278 4446 1535 4513 ἀτυφίαν,
1595 4446 1729 4501 ποτὲ
1763 4447 1819 4500 δὲ
1846 4448 1949 4515 τὴν

355 4536 666 4607 κακουχίαν
683 4536 776 4591 καὶ
804 4536 1208 4607 ταλαιπωρίαν,
1226 4536 1305 4602 ὡς
1337 4540 1432 4593 καὶ
1459 4538 1576 4595 νῦν.
1607 4542 1947 4612 Πὲπεισμαι,

2026 675 2086 723 ut
2110 666 2373 723 nimirum
2401 661 2620 716 lateret.
2656 657 2862 714 ‘Solent
2894 661 3078 709 autem
3108 649 3294 720 laquei
3321 646 3464 701 clam
3499 643 3615 697 dis-

2029 759 2184 832 poni.
2248 755 2346 813 Vel
2389 753 2570 818 aliter,
2613 765 2711 821 per
2751 748 3036 818 laqueum,
3083 740 3317 799 insidias
3351 736 3617 807 intellige,

2027 866 2206 922 nuper
2238 865 2267 904 a
2295 849 2547 904 daemone
2575 840 2900 913 dispositas.

2102 943 2367 1010 Quoniam
2404 947 2460 993 tu
2492 953 2548 992 es
2592 941 2859 1005 protector
2900 946 3070 997 meus,
3105 927 3351 982 Domine.
3395 921 3618 977 Rursus

2029 1038 2134 1096 soli
2174 1036 2288 1090 Deo
2322 1030 2590 1087 auxilium
2649 1025 2756 1085 sibi
2804 1023 3114 1096 praestitum
3150 1016 3401 1080 ascribit,
3450 1023 3620 1082 atque

2031 1133 2136 1187 hoc
2179 1126 2408 1201 partim,
2460 1132 2522 1179 ut
2568 1129 2925 1191 acceptorum
2976 1112 3371 1170 beneﬁciorum
3426 1113 3618 1176 gratus

2029 1198 2287 1290 exs’stat,
2320 1219 2520 1291 partim
2558 1222 2620 1271 ut
2676 1208 3044 1284 perpetuitate
3089 1202 3365 1262 sermonis
3390 1242 3405 1266 ,
3444 1198 3619 1253 Deum

2030 1319 2206 1387 magis
2243 1331 2308 1371 ac
2358 1311 2534 1379 magis
2575 1309 2641 1364 ad
2701 1300 3142 1361 misericordiam
3189 1295 3442 1356 advocet,
3487 1289 3619 1344 dum

2033 1412 2243 1469 nullum
2278 1424 2339 1464 sc
2393 1406 2559 1462 alium
2629 1402 2683 1454 in
2738 1399 2906 1454 tantis
2964 1393 3228 1469 periculis
3290 1387 3621 1457 condignum

2031 1505 2238 1560 habere
2271 1502 2577 1572 adiutorem
2612 1494 2876 1552 ostendit.

2102 1595 2272 1651 Vens.
2312 1595 2365 1651 6.
2423 1591 2491 1647 In
2553 1606 2746 1646 manus
2812 1596 2955 1652 tuas,
3007 1582 3256 1645 Domine,
3315 1569 3623 1631 commendo

2034 1692 2287 1760 spiritum
2333 1703 2528 1743 meum.
2588 1681 2861 1739 Potentia:
2918 1686 3047 1743 tuae,
3111 1673 3314 1744 inquit,
3381 1668 3622 1723 animam

2036 1796 2241 1846 meam,
2265 1781 2370 1834 hoc
2392 1785 2479 1833 est
2502 1790 2586 1830 me
2615 1775 2822 1844 ipsum,
2846 1767 3178 1826 servandum
3216 1766 3455 1825 tradam,
3493 1771 3622 1814 cum

2035 1875 2090 1929 in
2121 1873 2276 1928 nullo
2307 1871 2416 1926 alio
2441 1868 2736 1926 conﬁdam.
2771 1863 2878 1920 Per
2902 1876 3101 1918 manus
3143 1866 3327 1914 autem
3363 1853 3482 1915 Dei,
3513 1852 3628 1906 ror-

1957 1939 2005 2000 B
2035 1968 2332 2025 titudinem
2367 1964 2519 2020 illius
2555 1946 2836 2033 intelligit.
2868 1957 2928 2013 In
2965 1953 3223 2012 manibus
3253 1949 3401 2006 enim
3427 1955 3626 2018 poten-

2036 2066 2169 2120 tiam
2202 2062 2473 2117 babemus
2499 2064 2555 2111 et
2588 2056 2758 2110 vires.

2105 2150 2393 2208 Redemisti
2426 2165 2530 2215 me,
2594 2145 2841 2209 Domine,
2871 2141 3008 2197 Deus
3056 2138 3319 2195 ueritatis.
3370 2105 3630 2204 Saepenu-

2034 2262 2190 2305 mero
2259 2246 2404 2300 enim
2464 2256 2554 2297 me
2617 2237 2866 2302 salvasti,
2926 2249 2958 2291 a
3005 2232 3220 2289 Goliatb
3267 2228 3552 2292 nimirum,
3598 2239 3629 2276 a

2035 2340 2192 2403 Saul,
2256 2347 2421 2407 atque
2469 2348 2500 2387 a
2539 2331 2731 2389 multis
2762 2329 2887 2384 aliis
2936 2325 3222 2398 periculis.
3269 2321 3369 2378 Vel
3409 2320 3574 2375 aliter
3611 2355 3627 2380 ,

2036 2428 2287 2504 praedicit
2316 2424 2464 2497 quod
2516 2420 2820 2480 salvandus
2849 2426 3021 2474 esset.
3053 2414 3124 2470 Et
3145 2411 3294 2485 quod
3345 2411 3442 2474 ait,
3490 2409 3628 2462 Deus

2037 2523 2303 2587 veritatis,
2353 2531 2592 2588 expone,
2650 2514 2760 2568 hoc
2793 2523 2899 2577 est,
2934 2509 3079 2564 Deus
3106 2520 3275 2563 verus
3314 2523 3326 2560 :
3360 2512 3420 2558 ut
3446 2497 3629 2556 tradi—

2039 2619 2226 2676 dimus
2256 2616 2311 2670 in
2343 2621 2545 2682 quarto
2574 2605 2851 2663 versiculo
2889 2601 3086 2674 psalmi
3125 2613 3324 2655 xxvut.

2111 2703 2281 2759 Vsus.
2312 2700 2367 2754 7.
2403 2697 2584 2753 Odisti
2638 2710 2816 2751 omnes
2861 2691 3198 2747 observantes
3246 2687 3506 2742 vanitates
3537 2700 3632 2738 su-

2039 2812 2313 2870 pervacue.
2343 2789 2637 2857 Avertisti,
2695 2786 2900 2859 inquit,
2938 2798 3038 2839 eos
3071 2796 3266 2837 omnes
3297 2779 3391 2850 qui
3444 2776 3633 2832 inania

2040 2892 2340 2948 observant
2370 2883 2630 2948 consilia,
2680 2891 2736 2936 et
2798 2894 2940 2949 quos
2979 2875 3412 2933 commissorum
3461 2867 3635 2924 scele-

2043 2999 2166 3040 rum
2200 2995 2307 3036 nou
2344 2977 2509 3034 modo
2542 2990 2651 3030 non
2694 2971 2947 3043 pmnitct,
2982 2968 3078 3025 sed
3112 2967 3166 3021 in
3191 2967 3271 3020 eis
3299 2963 3464 3019 etiam
3497 2976 3636 3015 con-

2045 3077 2241 3139 ﬁdunt,
2295 3073 2491 3145 quales
2539 3076 2699 3125 erant
2739 3066 3010 3129 Absalon,
3064 3070 3119 3117 et
3149 3060 3270 3130 ejus
3311 3056 3631 3126 complices.

2043 3169 2197 3238 Quod
2220 3182 2352 3224 vero
2383 3168 2481 3232 ait,
2515 3163 2875 3232 Supervacue,
2908 3155 3155 3226 intellige
3188 3164 3321 3223 pro,
3363 3146 3636 3203 inutiliter

2045 3277 2110 3319 ac
2157 3256 2431 3328 superﬂue
2469 3272 2483 3308 :
2519 3268 2587 3309 eo
2619 3251 2767 3323 quod
2811 3248 3050 3305 inaniter
3096 3259 3162 3300 ac
3192 3240 3442 3314 procula
3476 3239 3637 3312 signo

2043 3369 2147 3411 suo
2168 3354 2281 3409 ictu
2319 3349 2543 3405 feriant.

2111 3446 2282 3503 Vens.
2308 3445 2362 3500 8.
2394 3447 2507 3515 Ego
2543 3448 2720 3496 autem
2773 3438 2829 3492 in
2890 3433 3114 3490 Domino
3147 3430 3377 3503 speravi.
3419 3426 3539 3483 Non
3575 3427 3633 3481 in

2043 3540 2265 3599 astutiis
2300 3544 2361 3593 ut
2396 3535 2473 3590 illi
2513 3537 2761 3604 sperant.

2116 3628 2423 3689 Exsultabo
2485 3635 2535 3682 et
2578 3623 2802 3680 lmtabor
2848 3622 2902 3676 in
2944 3614 3310 3673 misericordia
3366 3621 3482 3667 tua.
3524 3608 3639 3664 Hac

2042 3724 2379 3796 repetitione
2431 3716 2745 3784 sententiae,
2788 3726 3060 3770 summam
3106 3706 3529 3764 delectationem
3573 3716 3640 3757 ac

2043 3791 2294 3874 laetitiam
2342 3813 2729 3868 demonstrare
2766 3803 2964 3868 voluit,
3000 3815 3123 3872 qua:
3150 3798 3333 3853 futura
3364 3804 3505 3852 erat.
3536 3791 3640 3849 Vel

2045 3911 2142 3967 illa
2170 3914 2349 3979 potest
2388 3901 2716 3960 differentiae
2757 3897 2900 3954 ratio
2937 3893 3427 3965 assignari,quam
3462 3887 3640 3943 tradi-

2046 3999 2230 4057 dimus
2258 3998 2314 4051 in
2347 3993 2513 4051 tertio
2552 3990 2758 4049 Psalmi
2792 4004 2848 4042 Ix
2881 3983 3181 4041 versiculo.
3233 3982 3302 4037 In
3334 3979 3639 4034 misericor-

2045 4092 2137 4146 dia
2165 4097 2348 4144 autem
2373 4096 2489 4151 tua,
2523 4098 2687 4152 quam
2721 4076 3170 4136 nimirumfacies
3194 4088 3321 4143 erga
3358 4086 3465 4126 me.
3500 4067 3637 4122 Nam

2048 4185 2120 4241 ob
2138 4197 2203 4240 ea
2232 4196 2356 4252 qua;
2383 4192 2581 4250 passus
2605 4191 2752 4242 sum,
2774 4167 3158 4228 misericordia
3182 4174 3271 4221 tua
3299 4179 3386 4220 me
3411 4162 3638 4234 dignum

2050 4271 2220 4350 puto.

2122 4366 2389 4433 Quoniam
2417 4360 2702 4432 respexisti
2729 4357 3089 4412 humilitatem
3117 4369 3311 4409 meam.
3344 4345 3639 4404 llumilitas

2050 4456 2347 4530 aliquando
2400 4468 2501 4525 pro
2546 4467 2611 4509 ea
2662 4451 2870 4507 virtute
2935 4446 3203 4517 accipitur
3251 4458 3374 4514 quae
3431 4439 3642 4494 directe

2051 4549 2354 4622 opponitur
2384 4544 2682 4616 superbiae,
2735 4540 3033 4612 aliquando
3067 4544 3252 4593 autem
3278 4549 3379 4606 pro
3410 4532 3642 4601 depres-

358 4631 555 4700 φησὶν,
589 4631 673 4683 ὅτι
705 4629 921 4693 ὲπείδες
985 4629 1080 4682 ἐπὶ
1114 4631 1216 4700 τὴν
1268 4632 1587 4703 συντριὸὴν,
1617 4634 1684 4705 ἢν
1717 4634 1939 4705 ὑφίστα-

2055 4643 2214 4700 sione
2273 4647 2439 4710 atque
2471 4636 2793 4697 aﬁlictione,
2835 4641 2895 4689 ut
2929 4631 3042 4689 hic.
3083 4628 3316 4686 Conﬁdo
3350 4625 3522 4690 enim,
3551 4622 3642 4678 in-

361 4741 458 4794 μαι
515 4720 674 4790 παρᾶ
700 4719 809 4773 τῶν
842 4722 1290 4777 καταδιωκόντων
1325 4738 1428 4792 με’
1474 4724 1802 4793 Ὀφθαλμοὶ
1845 4726 1954 4797 γὰρ

359 4815 590 4885 Κυρίου
619 4813 719 4867 ἐπὶ
749 4813 1051 4882 δικαίους.

428 5001 730 5064 Ἐσωσας
772 4997 842 5053 ἐκ
870 4998 991 5053 τῶν
1032 4999 1320 5069 ἀναγκῶν
1368 4999 1484 5068 τὴν
1542 5000 1762 5071 ψυχήν
1809 5018 1953 5070 μου.

364 5094 509 5160 Ἤδη
533 5093 907 5164 προαγορεῦει
930 5093 1031 5165 τὴν
1056 5094 1253 5148 ἑαυτοῦ
1278 5098 1576 5167 σωτηρίαν,
1599 5094 1958 5165 διηγούμενος

360 5186 540 5257 αὐτὴν
569 5187 650 5250 ὠς
676 5186 1056 5258 γεγενημένην
1085 5187 1273 5241 λοιπὸν
1311 5188 1464 5258 νόμῳ
1491 5186 1853 5258 προφητείας.
1882 5188 1956 5241 Ἦ

359 5283 456 5335 καὶ
484 5280 691 5346 ἄλλως,
716 5280 960 5344 παλαιᾶς
986 5280 1319 5352 μνημονεύει
1355 5280 1609 5350 βοηθείας
1631 5298 1645 5312 ·
1673 5277 1958 5349 ἀναγκῶν

360 5373 439 5437 δὲ,
468 5372 587 5427 τῶν
631 5373 1017 5443 περιστάσεων
1060 5372 1155 5427 καὶ
1196 5372 1625 5440 κινδύνων.,Διὰ
1647 5372 1703 5426 δὲ
1728 5373 1828 5442 τῆς
1856 5373 1960 5443 ψυ-

362 5465 485 5535 λῆςν
511 5464 641 5519 ὅλον
671 5465 871 5519 ἐαυτδν
906 5465 1204 5537 ἐσήμανεν.
1226 5464 1366 5519 [Io-rs
1414 5463 1515 5536 μὲν
1568 5463 1680 5534 γὰρ
1717 5464 1825 5518 ἀπὸ
1857 5465 1959 5534 τῆς

363 5557 544 5629 ψυχῆς
603 5557 866 5628 δηλοῦται
916 5560 945 5613 ὁ
974 5559 1283 5629 ἄνθρωπος,
1317 5559 1394 5621 ὡς
1439 5560 1497 5612 ὲν
1519 5558 1912 5629 τῷ.Λευῖτικῷ
1939 5575 1955 5592 ο

364 5648 537 5707 Πᾶσα
574 5650 756 5722 ψυχὴ
826 5649 963 5720 ἥτις
990 5650 1242 5723 φάγεται
1277 5650 1660 5722 θνησιμαῒον,
1686 5650 1726 5722 ἢ
1749 5650 1957 5723 θηριὰ-

2053 4735 2196 4806 qnit,
2229 4731 2378 4803 quod
2435 4728 2502 4782 ad
2557 4726 2952 4783 contritionem
2999 4731 3166 4793 atque
3226 4722 3295 4778 ad
3361 4718 3644 4776 miseriam

2057 4839 2235 4882 meam
2259 4820 2575 4892 respexisti,
2599 4834 2766 4890 quam
2799 4818 2869 4872 ab
2897 4818 2967 4872 iis
3000 4816 3252 4872 sustineo
3275 4812 3369 4885 qui
3403 4828 3491 4868 me
3519 4826 3648 4883 per-

2053 4923 2400 4984 sequuntur:
2435 4911 2594 4969 Oculi
2624 4913 2773 4967 enim
2798 4908 3016 4964 Domini
3047 4923 3209 4979 super
3224 4907 3430 4976 justas.

2128 5004 2367 5062 Salvasti
2402 5004 2467 5057 de
2520 4999 2930 5058 necessitatibus
2967 5000 3211 5054 animam
3251 5013 3446 5052 meam.
3503 4991 3648 5048 Ecce

2056 5100 2205 5170 quod
2264 5098 2500 5154 salutem
2548 5110 2706 5151 suam
2748 5095 2864 5164 jam
2907 5093 3175 5165 praedicit,
3230 5107 3353 5148 eam
3411 5101 3648 5144 narrans

2058 5193 2218 5262 quasi
2271 5191 2385 5262 iam
2449 5190 2774 5260 pra'stitam,
2830 5195 2997 5258 atque
3027 5187 3134 5241 hoc
3174 5185 3293 5255 lege
3322 5180 3644 5253 prophetiae.

2057 5282 2154 5339 Vel
2187 5282 2370 5348 aliter,
2402 5281 2631 5351 antiqua
2674 5284 3069 5334 commemorat
3102 5274 3392 5340 beneﬁcia,
3435 5280 3493 5326 et
3547 5282 3649 5339 per

2060 5374 2447 5438 necessitates,
2474 5371 2776 5428 infortunia
2798 5386 2862 5426 ac
2886 5368 3154 5440 pericula,
3185 5375 3242 5423 et
3271 5380 3367 5435 per
3394 5363 3641 5418 animam

2065 5483 2252 5530 suam,
2274 5466 2634 5537 semetipsum
2666 5462 2941 5533 intelligit.
2967 5458 3253 5529 Accipitur
3290 5454 3436 5511 enim
3471 5468 3644 5523 saepe-

2064 5574 2297 5615 numero
2330 5558 2512 5614 anima
2548 5572 2648 5628 pro
2671 5556 2793 5624 ipso
2848 5550 3095 5614 homine,
3143 5548 3299 5621 juxta
3325 5544 3473 5617 quod
3512 5545 3648 5618 legi-

2064 5666 2189 5707 mus
2212 5650 2269 5706 in
2291 5648 2537 5707 Levitico
2569 5662 2584 5701 :
2620 5646 2808 5703 Omnis
2834 5644 3017 5699 anima
3038 5657 3156 5713 quae
3182 5637 3470 5696 comederit
3504 5653 3649 5694 mor-

1746 5827 1947 5893 Variaa
1987 5829 2321 5893 lectiones.

423 5942 502 6011 vi)
539 5941 633 5996 ῖσ.
664 5935 766 5992 τοῦ
796 5935 983 6007 λόγον.
