4078 6502
512 473 619 536 351
720 527 727 551 ,
1753 463 2141 527 EUTIIYMII
2181 465 2541 529 ZIGABENI
3660 450 3801 514 ‘35?

517 586 737 638 ticimtm
763 590 854 637 aut
884 587 1100 652 captum
1127 596 1161 634 α
1195 581 1309 652 fera
1338 578 1414 640 ⁸⁷.
1439 583 1494 632 et
1520 590 1585 632 ca
1607 591 1731 647 quae
1759 585 2091 645 sequuntur.
2124 580 2145 638 Δ

2245 597 2416 645 tutor,
2475 579 2574 635 καὶ
2594 578 2665 633 τὰ
2709 578 2838 646 ἑξῆς
2859 591 2874 609 ⁶
2913 576 3048 631 ποτὲ
3079 575 3156 641 δὲ,
3186 571 3295 630 an?»
3330 570 3558 640 σαρκὸς,
3592 566 3669 630 ὡς
3696 565 3787 618 τό.

521 675 696 730 Siculi
729 674 894 730 etiam
923 671 1242 742 aliquando,
1276 684 1408 726 caro
1436 683 1537 738 pro
1567 666 1787 720 homine
1814 666 2106 736 accipitur,

2245 675 2366 742 Ῑρός
2394 677 2471 730 σὲ
2498 673 2669 730 πᾶσα
2700 673 2859 743 σὰρξ
2892 672 3045 740 ἣξει.

517 767 676 837 juxta
701 766 832 821 illud
859 780 876 818 :
904 765 985 818 Ad
1017 773 1064 818 te
1094 765 1269 817 omnis
1298 778 1426 816 caro
1458 759 1625 814 veniet
1653 756 1723 809 ³⁸.

592 856 705 911 Ner.
729 856 1037 911 conclusisti
1061 871 1142 909 me
1174 856 1230 908 in
1289 852 1532 907 manibus
1582 848 1941 905 inimicorum.
1996 848 2113 906 Hoc

521 966 618 1021 rer
652 964 713 1006 se
735 950 945 1004 clarum
976 956 1082 1005 est.

593 1041 850 1098 Statuisti
878 1043 937 1096 in
977 1042 1090 1096 loco
1121 1042 1356 1111 spatioso
1393 1039 1550 1112 pedes
1582 1056 1747 1097 meos.
1780 1039 1899 1096 Hoc
1924 1046 2031 1098 est.
2054 1038 2110 1091 in

527 1135 708 1204 ampla
746 1136 1023 1198 libertate,
1063 1134 1133 1190 ab
1163 1134 1419 1204 angustia
1450 1133 1714 1191 nimirum
1757 1131 2111 1189 circumdan-

526 1226 664 1280 tiunt
705 1242 792 1279 me
822 1226 1201 1282 inimicorum.

2245 1228 2320 1295 πῆς
2347 1225 2714 1296 στενοχωρίας
2745 1225 2840 1278 τοῦ
2865 1222 3224 1293 κυκλώματος
3252 1220 3362 1273 τῶν
3387 1218 3478 1287 ὲχθ
3489 1216 3616 1285 ρῶν.

606 1310 772 1367 Vens.
806 1314 894 1368 i0.
926 1313 1174 1368 Miserere
1193 1314 1317 1379 mei,
1343 1311 1847 1381 Domine,quoniam
1866 1312 2117 1367 tribulor.

2297 1317 2597 1384 Ἐλέησόν
2641 1332 2741 1385 με.
2800 1316 2997 1385 Κύριε,
3036 1314 3124 1369 ὅτι
3166 1314 3459 1379 θλίϐομαι.
3507 1306 3675 1362 Πάλιν
3704 1305 3811 1358 ἐπὶ

532 1403 775 1460 Rursum
831 1406 899 1460 ad
958 1405 1307 1476 propositum
1353 1404 1553 1475 refugit
1578 1405 1849 1466 solamen,
1881 1403 2114 1458 salutem

2245 1409 2323 1481 εὴν
2359 1409 2720 1479 προτεθεῖσαν
2774 1407 3068 1478 ἀνατρέχει
3125 1403 3496 1474 παράκλησιν,
3547 1399 3643 1453 διὰ
3698 1399 3811 1468 τῆς

534 1514 690 1552 suam
731 1499 1066 1563 accclerans,
1091 1499 1162 1553 ob
1186 1498 1460 1553 intensam
1491 1497 1692 1553 divina:
1717 1495 2116 1555 misericordiae

2245 1501 2622 1573 ιπιτεταμένης
2667 1498 3062 1568 ὲλεεινολογίας
3090 1496 3436 1567 ἐπιταχύνων
3483 1491 3581 1563 τὴν
3624 1507 3811 1560 σωτη-

534 1590 1151 1657 commemorationem.

2245 1596 2376 1652 >ίαν.

611 1681 884 1736 Turbatus
910 1690 987 1736 est
1016 1682 1070 1734 in
1100 1682 1185 1735 ira
1221 1679 1410 1735 oculus
1435 1680 1683 1736 meus.In
1719 1679 1801 1736 ira
1831 1685 1924 1736 tua
1953 1677 2120 1733 nimi-

2309 1685 2647 1758 Ἔταράχθη
2686 1685 2756 1740 ἐν
2789 1681 2958 1753 θυμῷ
2993 1684 3027 1737 ὁ
3060 1678 3371 1749 ὀφθαλμός
3397 1692 3539 1746 μου.
3580 1673 3672 1743 Τῷ
3723 1670 3813 1741 σῷ

536 1787 683 1827 rum.
715 1769 850 1827 Nam
886 1770 933 1827 si
966 1773 1036 1827 ob
1066 1771 1368 1827 commissa
1400 1777 1565 1839 atque
1592 1777 1774 1826 errata
1798 1784 1918 1825 mea
1944 1769 2119 1825 iratus

2245 1778 2472 1851 ἱηλονότι
2500 1794 2515 1808 ·
2558 1778 2611 1832 εἰ
2664 1777 2740 1847 μὴ
2770 1775 2883 1845 γὰρ
2919 1770 3214 1840 ἑθυμώθης
3239 1770 3328 1822 διὰ
3364 1766 3436 1819 τὰ
3466 1780 3819 1834 προγεγενη-

537 1864 673 1919 mihi
703 1879 810 1918 non
852 1863 1079 1929 fuisses,
1115 1864 1167 1917 in
1198 1871 1402 1920 tantam
1433 1877 1566 1919 sane
1613 1877 1893 1932 nunquam
1931 1862 2118 1917 conci-

2245 1872 2376 1941 μένα
2402 1887 2492 1943 μοι
2520 1869 2838 1940 σφάλματα,
2859 1866 2960 1919 οὐκ
2989 1864 3056 1917 ἂν
3076 1860 3251 1924 οὕτως
3283 1853 3810 1949 ἐταλαιπωρούμην.

538 1953 745 2014 dissem
780 1956 1087 2014 miseriam.
1118 1955 1465 2025 Quapropter
1495 1954 1754 2010 turbatus
1802 1963 1888 2009 est
1935 1953 2133 2009 oculus

2245 1964 2324 2016 te
2356 1963 2451 2016 καὶ
2484 1960 2762 2032 ἐταράχθη
2782 1961 2810 2012 ὁ
2841 1954 3119 2026 ὀφθαλμός
3145 1970 3271 2023 μου,
3305 1950 3414 2003 ἀπὸ
3436 1947 3531 2001 τοῦ
3563 1946 3815 2015 συνεχῶς

542 2067 722 2117 meus,
764 2050 833 2102 ob
872 2048 1124 2103 assiduas
1154 2047 1444 2118 lacrymas.
1477 2044 1612 2100 Nam
1641 2045 1788 2114 quod
1809 2042 1948 2098 LXX
1977 2044 2129 2099 dixe-

2245 2053 2531 2125 Βακρύεινο
2590 2053 2651 2106 τὸ
2695 2051 2805 2120 γὰρ
2857 2040 3214 2115 Ἑταράχθη,
3267 2043 3296 2095 δ
3335 2042 3636 2111 Σύμμαχος
3679 2038 3817 2092 ἐθο-

544 2149 681 2196 runt
721 2157 735 2194 :
769 2138 1038 2194 Turbatus
1061 2133 1162 2201 est,
1191 2135 1555 2208 Symmachus
1578 2134 1813 2191 reddidit
1841 2135 2128 2207 (.‘aligavit,

2245 2141 2392 2210 ιώθη
2411 2141 2785 2212 ἡρμήνευκεν.

2286 853 2697 922 Συνέκλεισάς
2721 871 2799 923 με
2836 855 2925 920 εις
2961 852 3164 922 χεῖρας
3209 849 3462 921 ἐχθρῶν.
3491 845 3667 901 Τοῦτο
3698 861 3798 898 σα-

2257 950 2340 1005 ἐς.

2257 966 2284 1003 ε
2320 986 2340 1005 .

2217 967 2254 1019 φ
2288 966 2607 1107 SEa'z-naac
2657 1040 2729 1095 ἐν
2762 1041 3081 1111 εὐρυχώρῳ
3113 1036 3257 1102 τοὺς
3290 1032 3481 1095 πόδας
3513 1046 3653 1099 μου.
3704 1027 3809 1081 Ἐν
3870 1081 3883 1088 ,

2218 1132 2554 1205 εὐρυχωρίᾳ,
2585 1131 2875 1187 τουτέστιν·
2927 1133 3008 1195 είς
3039 1129 3243 1191 πλάτος
3297 1123 3637 1193 ἐλευθερίας,
3688 1121 3808 1173 ἀπὸ

617 2231 818 2285 Anima
879 2244 996 2284 mea
1025 2238 1074 2283 et
1106 2238 1286 2284 venter
1331 2243 1499 2282 meus.
1558 2225 1755 2282 Anima
1803 2227 2023 2299 quidem
2058 2226 2129 2282 ob

548 2338 822 2379 summam
856 2322 1176 2376 moestitiam
1223 2330 1277 2376 et
1308 2320 1556 2387 taedium,
1607 2330 1798 2375 venter
1826 2334 1958 2374 vero
1985 2319 2128 2389 quod

547 2416 731 2470 cibum
804 2429 912 2468 non
962 2413 1254 2483 reciperet.
1298 2412 1543 2469 Possunt
1594 2410 1714 2467 haac
1753 2411 1918 2468 etiam
1973 2410 2128 2481 juxta

510 2508 909 2580 ,anagogicum
966 2520 1192 2564 sensum
1238 2504 1493 2575 intelligi,
1564 2512 1618 2558 et
1643 2503 1845 2558 oculus
1904 2503 2128 2571 quidem

552 2600 696 2656 sumi
731 2615 831 2670 pro
894 2597 1201 2658 intellectu.
1237 2603 1301 2650 ut
1343 2594 1584 2650 diximus
1616 2595 1669 2649 in
1707 2593 1920 2662 psalmo
1956 2608 2051 2658 vr;
2078 2599 2135 2647 et

554 2693 735 2746 anima
775 2707 875 2761 pro
910 2705 1027 2762 spe,
1065 2704 1190 2758 quae
1241 2686 1625 2759 pusillanimes
1673 2684 1963 2755 refrigerat
1999 2702 2016 2752 ;
2081 2695 2136 2740 et

552 2786 747 2834 venter
779 2794 877 2849 pro
932 2778 1321 2843 memorativa,
1368 2784 1427 2829 ut
1459 2778 1533 2831 ita
1576 2775 1780 2841 dicam,
1826 2775 1916 2833 illa
1943 2776 2137 2831 animae

559 2882 741 2942 parte,
777 2873 832 2928 in
859 2887 966 2942 qua
991 2870 1278 2927 rationalis
1308 2866 1465 2925 cibus
1496 2869 1837 2924 reconditur.

630 2964 800 3019 Vens.
827 2964 913 3019 H.
941 2962 1079 3027 Quia
1107 2960 1299 3029 defecit
1335 2962 1389 3015 in
1420 2959 1603 3015 dolore
1641 2961 1746 3016 vita
1775 2976 1909 3027 mea,
1928 2969 1978 3014 et
2010 2961 2139 3015 anni

557 3055 662 3108 mei
692 3055 743 3107 in
778 3052 1083 3124 gemitibus.
1115 3051 1155 3103 Δ
1192 3049 1470 3105 communi
1507 3064 1675 3104 sensu
1712 3048 1979 3106 sumenda
2010 3056 2140 3104 sunt

558 3145 727 3200 verba
764 3144 853 3199 ilia
888 3160 902 3196 :
944 3143 1193 3198 Miserere
1220 3143 1345 3207 mei,
1388 3140 1631 3207 Domine,
1667 3140 1794 3211 quia
1829 3155 1940 3212 prie
1964 3140 2138 3195 nimio

2313 2234 2377 2289 Ἡ
2404 2232 2576 2303 ψυχή
2631 2251 2749 2304 μου
2800 2232 2900 2286 καί
2933 2231 2974 2299 ἡ
3004 2226 3238 2299 γαστήρ
3273 2243 3412 2294 μου.
3460 2224 3528 2277 Ἦ
3547 2222 3667 2294 μὲν,
3702 2220 3818 2273 ἀπὸ

2229 2327 2326 2381 τοῦ
2360 2326 2611 2403 σφοδρῶς
2652 2326 2944 2397 ἀδημονεῖν
2969 2322 3067 2376 καὶ
3100 2320 3333 2391 ἀκηδιᾷν
3359 2334 3373 2349 ο
3405 2319 3438 2387 ή
3472 2316 3550 2381 δὲ,
3578 2314 3687 2369 ἀπὸ
3714 2313 3816 2368 τοῦ

2236 2418 2314 2490 μὴ
2346 2417 2683 2490 προσίεσθαι
2732 2418 2963 2488 τροφήν.
2993 2414 3228 2468 Δύναται
3280 2407 3644 2477 ἀναγωγικῶς
3675 2408 3814 2461 νοεῖ-

2234 2508 2380 2571 σθαι,
2416 2507 2688 2578 ὀφθαλμὸς
2743 2508 2843 2578 μὲν
2867 2508 2896 2559 ὸ
2925 2504 3073 2568 νοῦς,
3106 2503 3183 2566 ὡς
3230 2504 3289 2555 ἐν
3320 2499 3399 2570 τῷ
3427 2500 3572 2569 ἕκτῳ
3612 2496 3818 2566 ψαλμῷ

2233 2600 2556 2671 προέφημεν
2583 2615 2599 2632 ’
2636 2599 2783 2669 ψυχὴ
2821 2599 2898 2665 ss,
2943 2595 3181 2660 ἐλπίδες,
3207 2594 3282 2655 ὡς
3311 2591 3678 2662 ἀναψύχουσαι
3714 2587 3820 2640 τὸν

2232 2693 2603 2764 ὀλιγωροῦντα
2628 2708 2645 2723 ⁸
2667 2690 2884 2762 γαστὴρ
2937 2691 3028 2753 δὲ,
3064 2688 3126 2742 τὸ
3161 2683 3593 2758 μνημονευτικδν
3645 2680 3817 2751 μέρος

2235 2788 2334 2858 τῆς
2362 2786 2560 2857 ψυχῆς,
2588 2786 2647 2839 ὲν
2665 2777 2711 2853 ᾧ
2739 2783 3131 2855 θησαυρίζεται
3158 2781 3193 2852 ἡ
3222 2775 3417 2849 λογικὴ
3441 2775 3671 2848 βρῶσις.

2312 2967 2434 3020 ’Ότι
2459 2964 2748 3030 ἐξέλιπεν
2773 2963 2846 3017 ἐν
2863 2962 3053 3029 ὀδύνῃ
3078 2959 3119 3027 ἠ
3149 2958 3263 3026 ζωή
3294 2975 3444 3028 μου,
3493 2955 3591 3011 καί
3618 2954 3692 3009 τὰ
3711 2954 3831 3019 ἔτη

2214 3070 2357 3129 ’μου
2382 3058 2453 3113 ἐν·
2471 3055 2854 3125 στεναγμοῖς.
2890 3052 3026 3108 Ἀπὸ
3040 3051 3219 3106 κοινοῦ
3250 3051 3483 3119 ληπτέον
3502 3048 3584 3111 τὸ,
3620 3048 3834 3112 Ἐλέη-

2244 3151 2362 3204 σόν
2385 3165 2483 3219 με,
2515 3149 2714 3216 Κύριε,
2753 3149 2857 3209 ὅτι,
2908 3146 3097 3215 φησὶν,
3152 3142 3260 3198 ὑπὸ
3308 3140 3413 3210 τῆς
3442 3140 3587 3206 ἄγαν
3630 3137 3831 3203 ὀδύνης

562 3236 757 3291 dolore
788 3234 993 3291 defecit
1025 3237 1131 3288 vita
1166 3248 1309 3298 mea,
1346 3241 1401 3289 et
1433 3247 1545 3303 prae
1578 3231 1797 3288 acerbis
1817 3231 2134 3302 gemitibus,

2246 3242 2496 3309 ἐξέλιπεν
2530 3242 2564 3310 ὴ
2597 3240 2711 3310 ζωή
2757 3255 2886 3308 μου.
2938 3238 3034 3291 καὶ
3064 3235 3171 3290 ὑπὸ
3200 3235 3312 3288 τῶν
3343 3232 3561 3303 πικρῶν
3596 3244 3841 3296 στεναγ-

561 3328 690 3381 anni
720 3330 840 3388 mci,
869 3327 972 3382 hoc
1008 3336 1112 3392 est,
1137 3327 1254 3382 dies
1285 3325 1411 3381 vitae
1444 3340 1583 3381 meae
1620 3324 1961 3380 defecerunt.
1996 3324 2145 3379 Idem

561 3416 707 3470 enim
750 3416 1026 3487 signiﬁcat
1079 3417 1188 3470 vita
1220 3432 1359 3479 mea,
1392 3415 1564 3486 quod,
1609 3414 1740 3468 anni
1772 3414 1892 3469 mei.
1935 3412 2147 3469 Idioma

563 3514 649 3562 est
721 3508 883 3562 etiam
967 3508 1246 3577 peculiare
1305 3507 1447 3577 apud
1511 3520 1723 3561 sacram
1784 3504 2146 3575 Scripturam,

564 3614 677 3668 quo
727 3599 851 3669 quis
912 3599 967 3655 in
1001 3614 1219 3655 summo
1242 3597 1434 3656 dolore
1473 3598 1832 3662 constitutus,
1862 3597 2149 3669 appellare

570 3704 629 3744 se
651 3698 931 3744 mortuum
965 3692 1165 3754 soleat,
1200 3689 1858 3762 propterinbecillitatem
1894 3689 2150 3746 videlicet

570 3781 773 3836 virium
812 3783 1086 3853 corporis.

642 3897 933 3966 .uﬁrmafa
986 3905 1063 3952 est
1117 3897 1171 3952 in
1208 3904 1521 3968 paupertate
1550 3895 1813 3966 fortitudo
1840 3913 1980 3952 mea.
2018 3895 2151 3953 Pro-

574 3998 696 4059 pter
734 3998 1109 4059 paupertatem
1171 3988 1283 4052 hic,
1349 3987 1588 4043 inediam
1645 3995 1699 4044 et
1732 3987 2006 4058 jejunium
2061 4005 2151 4047 tu-

575 4080 795 4152 lelligit,
825 4080 973 4151 quod
1026 4096 1094 4138 ex
1133 4080 1254 4151 ipsa
1292 4080 1459 4137 etiam
1494 4078 1721 4137 historia
1771 4079 2015 4150 conspici
2056 4095 2153 4152 po-

576 4178 707 4227 test.

641 4282 711 4335 Et
741 4297 863 4336 ossa
884 4299 1000 4337 mea
1021 4283 1341 4338 conturbata
1369 4291 1515 4338 sunt.
1537 4281 1681 4337 Mota
1709 4293 1839 4338 sunt
1879 4298 1907 4337 a
1940 4282 2154 4339 fortitu-

576 4372 728 4441 dine,
760 4382 814 4427 et
843 4373 1126 4430 soliditate
1148 4375 1263 4440 illa,
1303 4388 1470 4440 quam
1501 4374 1793 4439 habebam,
1830 4389 1937 4431 non
1964 4374 2153 4429 valen-

579 4464 654 4517 tia
700 4463 965 4533 amplius,
1023 4473 1084 4518 ιιι
1144 4474 1327 4528 antea,
1380 4479 1467 4519 me
1518 4465 1816 4519 sustinere.
1865 4462 2154 4520 Fortitudo

2254 3335 2372 3405 μῶν
2415 3334 2485 3388 τὰ
2533 3333 2629 3403 ἔτη
2658 3349 2782 3403 μου,
2824 3332 2996 3402 ἤγουν
3024 3330 3080 3383 αῑ
3134 3328 3343 3399 ἡμέραι
3391 3326 3491 3396 τῆς
3523 3323 3670 3391 ζωῆς
3699 3339 3830 3391 μου·

2248 3425 2417 3480 ταύτὸ
2439 3425 2498 3478 δὲ
2525 3424 2592 3478 δι’
2628 3423 2959 3493 ἀμφοτέρων
2993 3420 3341 3491 σημαίνεται.
3388 3416 3608 3486 ’ἰδίωμα
3638 3413 3696 3468 δὶ
3728 3416 3834 3483 τῆς

2251 3516 2499 3579 Παλαιᾶς
2533 3516 2593 3568 τὸ
2643 3515 2734 3568 ἐπὶ
2760 3515 2860 3580 τῆς
2893 3514 3034 3582 ἄγαν
3060 3509 3426 3582 περιωδυνίας
3476 3507 3680 3573 λέγειν,
3743 3505 3836 3557 ὅτι

2263 3608 2616 3675 Ἀπέθανον,
2657 3607 2747 3662 διὰ
2774 3606 2874 3677 τὴν
2905 3604 3194 3661 ἀσθένειαν
3259 3603 3479 3665 πάντως
3506 3600 3617 3654 τῶν
3646 3615 3840 3667 σωμα-

2250 3700 2421 3757 τικῶν
2441 3700 2748 3773 δυνάμεων.

2336 3905 2705 3973 Ἠσθένησεν
2731 3902 2802 3958 ἐν
2830 3902 3093 3972 πτωχείᾳ
3117 3901 3156 3970 ἠ
3183 3899 3364 3969 ίσχύς
3379 3916 3521 3970 μου.
3550 3894 3835 3967 Πτωχείαιο

2252 3996 2489 4050 ινταῦθα
2538 3996 2639 4067 τὴν
2673 3993 2783 4049 ἀπὸ
2811 3994 2912 4065 τῆς
2937 3994 3153 4057 ἀσιτίας
3179 3992 3293 4046 νόει
3324 4008 3340 4024 ο
3398 3988 3677 4046 καὶτοῦτο
3721 3987 3837 4058 γὰρ

2252 4090 2286 4160 ἠ
2321 4088 2535 4161 ίστορία
2562 4087 2933 4159 παρέστησεν.

2328 4294 2436 4349 Καὶ
2474 4293 2546 4347 τὰ
2571 4290 2723 4349 ὀστᾶ
2747 4309 2866 4361 μου
2894 4289 3340 4360 ἐταράχθησαν.
3377 4286 3839 4359 Παρεκινήθησαν

2255 4385 2349 4453 ἀφ’
2378 4380 2448 4456 ἧς
2494 4380 2640 4453 εἵχον
2668 4383 3049 4454 στερεότητος,
3083 4381 3158 4452 μὴ
3189 4382 3465 4449 δυνάμενα
3481 4377 3835 4451 συνέχειν,ὠς

2255 4476 2319 4529 τὸ
2350 4474 2637 4545 πρότερον.
2689 4473 2910 4527 Νοεϊται
2940 4472 2996 4526 δὲ
3030 4472 3191 4527 πάλιν
3223 4473 3256 4542 ἡ
3287 4470 3479 4540 ἀνδρία
3497 4470 3596 4538 τῆς
3619 4467 3831 4536 ψυχῆς,

578 4554 746 4607 (tiam
797 4569 898 4623 pro
946 4553 1210 4610 virilitate
1259 4554 1458 4609 animo:
1511 4555 1800 4625 accipitur,
1827 4553 1983 4624 juxta
2009 4553 2145 4625 quod

2264 4567 2349 4636 ἐφ’
2383 4561 2417 4641 ᾖ
2449 4565 2723 4635 πτωχείαν
2755 4564 2916 4635 εἴπῃς
2964 4565 3065 4633 τὴν
3129 4563 3239 4616 ἀπὸ
3265 4562 3366 4632 τῆς
3395 4560 3548 4624 θείας
3593 4561 3841 4629 ἐγκατα-

583 4659 681 4713 per
715 4654 1115 4715 paupertatem,
1179 4646 1271 4702 hic
1314 4662 1435 4704 eam
1490 4647 1791 4718 intelliges,
1823 4659 1987 4715 quam
2033 4646 2145 4715 quis

2261 4657 2491 4730 λείψιως
2512 4674 2526 4690 ·
2552 4657 2685 4711 ὀστᾶ
2709 4657 2786 4723 δὲ,
2818 4658 2867 4710 oi
2899 4655 3118 4728 στερροὶ
3147 4653 3424 4725 λογισμοί.

580 4737 790 4805 patitur
815 4751 940 4791 cum
962 4737 1365 4808 derelinquitur
1392 4755 1421 4795 a
1447 4739 1578 4807 Deo,
1599 4749 1763 4810 etper
1789 4752 1938 4804 ossa,
1956 4738 2162 4796 solidas

582 4836 751 4898 atque
791 4840 1109 4889 constantes
1131 4833 1514 4914 cogitationes.

654 4942 821 4998 Vens.
853 4944 943 5001 12.
972 4943 1145 5008 Supra
1174 4962 1351 5001 omnes
1372 4946 1619 5001 inimicos
1660 4960 1800 4999 meos
1832 4945 2009 5014 factus
2040 4961 2159 4999 sum

2336 4954 2501 5023 Παρὰ
2525 4952 2757 5019 πάντας
2784 4950 2926 5018 τοὺς
2950 4949 3205 5019 ἐχθρούς
3223 4965 3345 5019 μου
3373 4944 3671 5015 ἐγενήθην
3691 4944 3841 5000 ὄνει-

583 5031 949 5101 opprobrium.
977 5033 1326 5104 Exprobrant
1374 5035 1521 5090 enim
1583 5035 1714 5089 mihi
1751 5050 1966 5101 omnes,
2000 5045 2145 5106 atqut

2261 5047 2385 5109 δος.
2415 5045 2543 5099 Ἀνὰ
2577 5044 2809 5106 πάντας,
2842 5041 2924 5106 είς
2949 5041 3157 5103 πάντας
3181 5056 3196 5072 ο
3246 5039 3570 5102 ὀνειδίζουσι
3600 5039 3711 5108 γάρ
3751 5054 3841 5106 μοι

584 5124 857 5193 objiciunt
908 5127 1204 5196 ignaviam,
1239 5128 1407 5182 veluti
1443 5127 1537 5196 qui
1564 5126 1635 5182 ob
1681 5128 1903 5198 propria
1940 5134 2164 5199 peccata

510 5248 547 5271 -.
587 5214 895 5286 aufugerim
934 5232 1001 5271 ac
1029 5217 1209 5273 victus
1238 5217 1342 5272 sim

662 5332 730 5385 Et
762 5329 950 5383 vicinis
1009 5331 1138 5381 meis
1173 5329 1342 5384 valde.
1383 5329 1523 5400 Ipsis
1566 5330 1731 5385 etiam
1767 5331 2044 5400 gentibus,
2077 5345 2162 5385 re-

591 5423 684 5493 gui
736 5423 841 5478 mei
888 5422 1160 5486 ﬁnitimis,
1215 5423 1270 5475 in
1326 5437 1543 5477 summo
1599 5423 1897 5493 opprobrio
1946 5423 2166 5479 habitus

592 5529 739 5578 sum,
760 5529 883 5584 qua:
921 5528 1046 5567 cum
1078 5520 1238 5567 antea
1278 5512 1630 5569 felicitatibus
1661 5517 1799 5570 meis
1834 5514 2163 5576 inviderent,

592 5606 758 5661 modo
780 5605 1166 5670 infortunium,
1200 5621 1263 5661 ac
1281 5606 1644 5662 calamitatem
1674 5622 1850 5662 meam
1871 5608 2163 5664 vehemen-

597 5706 680 5751 ter
710 5700 843 5753 mihi
877 5699 1204 5770 exprobrant
1219 5739 1233 5755 .

712 5873 759 5907 ³⁷
788 5875 959 5931 chit.
992 5891 1123 5941 xm,
1179 5875 1244 5929 15
1294 5876 1337 5908 ³⁸
1373 5874 1520 5931 Psal.
1551 5890 1698 5941 wa,
1732 5873 1786 5927 5.

2262 5138 2336 5201 ὡς
2363 5136 2643 5205 φεύγοντι,
2698 5133 3015 5205 ἀνανδρίαν,
3066 5132 3162 5187 καλ⁵
3189 5130 3266 5195 ὡς
3293 5130 3592 5203 ἡττωμένῳ
3632 5129 3719 5183 διὰ
3741 5130 3842 5193 τὰς

2264 5229 2404 5300 ἐμὰς
2437 5226 2736 5300 ἁμαρτίας.

2336 5344 2447 5401 Kal
2466 5342 2592 5410 τοῖς
2612 5341 2842 5413 γείτοσι
2862 5358 2982 5413 μου
3012 5338 3272 5410 σφόδρα.
3302 5336 3413 5391 Καὶ
3444 5336 3566 5397 ταῖς
3592 5333 3843 5401 γειτνιῶ-

2272 5455 2328 5492 σι
2358 5439 2424 5507 τῇ
2457 5434 2706 5508 βασιλείᾳ
2738 5452 2843 5506 μου
2898 5432 3112 5486 ἔθνεσιν
3151 5431 3274 5485 λίαν
3301 5429 3569 5500 ἐγενόμην
3606 5427 3840 5490 ὄνειδοςο

2272 5526 2593 5598 φθονοῦντες
2638 5525 2747 5595 γάρ
2777 5541 2867 5595 μοι
2916 5521 3084 5579 πάλαι
3122 5521 3210 5577 διὰ
3241 5520 3340 5583 τὰς
3366 5516 3672 5589 εὐπραγίας
3717 5533 3841 5586 μου,

2271 5620 2370 5675 νῦν
2419 5617 2655 5691 ἀφειδῶς
2713 5616 3033 5683 ὀνειδίζουσι
3071 5615 3172 5685 τὴν
3230 5612 3524 5684 δυστυχίαν
3572 5608 3667 5664 καὶ
3707 5624 3845 5678 συμ-

2272 5712 2467 5786 φοράν.
