4078 6462
252 358 359 444 3B3

1451 355 1850 418 COMMENT.
1892 353 1977 415 IN
2010 353 2386 415 PSALMOS.

3460 350 3572 417 3M

324 469 428 525 Καὶ
466 468 667 535 φόϐος
699 467 833 537 τοῖς
890 467 1192 539 γνωστοῖς
1225 483 1370 538 μου.
1394 467 1605 523 Δεδιόσι
1631 469 1707 540 μή
1746 484 1862 532 πως

2047 462 2109 516 Ει
2152 466 2339 529 timor,
2369 464 2513 519 notis
2533 463 2689 520 meis.
2717 461 2995 520 Verentur
3040 462 3187 519 enim
3218 477 3290 519 ne
3346 463 3420 520 ob
3482 465 3573 520 fa-

260 561 653 618 ιιιδυνεὺσωσι
685 561 782 615 διὰ
812 562 912 634 τὴν
942 564 1026 626 εἰς
1066 561 1168 632 ἐμὲ
1198 560 1501 615 οίκείωσιν.

321 749 386 801 οι
437 743 825 813 θεωροῦντές
856 760 956 813 με,
988 743 1109 810 ἔξω
1127 744 1359 813 ἕξειγον
1388 743 1492 798 ἀπ’
1520 743 1689 813 ἐμοῦ.
1724 744 1876 809 Ἐξε-

254 840 544 909 τρέποντο,
582 837 665 907 μὴ
706 837 853 890 δοῖεν
885 837 1184 907 ὑπόληψιν,
1225 837 1301 900 ὼς
1331 839 1459 908 ἐμοὶ
1481 837 1866 909 πρόσκεινται,

253 936 337 985 καὶ
370 930 444 984 τὰ
482 930 785 1000 ἀνήκεστα
808 929 1062 985 πάθοιεν.

330 1103 744 1172 ἐπελήσθην
793 1104 941 1159 ὡσεὶ
987 1105 1204 1175 νεκρὸς
1260 1105 1381 1161 ἀπὸ
1427 1104 1701 1174 καρδίας.
1746 1105 1871 1160 Ἐπ-

258 1198 487 1269 amem.
503 1200 622 1251 ἀπὸ
651 1198 886 1268 καρδία;
919 1199 1031 1253 τῶν
1054 1200 1246 1267 φίλων,
1304 1201 1608 1264 τουτέστιν,
1648 1201 1861 1270 ἐμονώ-

261 1290 377 1357 θην,
405 1289 482 1354 ὡς
514 1291 629 1360 ἤδη
664 1292 889 1360 νεκρὸς,
920 1290 1080 1344 διὰτὸ
1113 1292 1357 1360 ἄφυκτον
1375 1292 1475 1360 τῆς
1504 1292 1867 1362 ἀναιρέσεως.

258 1384 466 1455 Ὥσπερ
494 1384 729 1454 νεκρὸς,
755 1386 816 1435 ἐν
845 1383 987 1454 λήθῃ
1018 1384 1301 1456 ῥίπτεται,
1324 1381 1471 1436 οὕτω
1528 1381 1713 1451 κάγὼ,
1776 1382 1866 1436 δε-

255 1474 517 1528 δοικότων
545 1475 653 1544 τὴν
695 1473 965 1544 ὑποψίαν.

1980 557 2383 621 miliaritatem,
2420 565 2584 626 atque
2616 557 2918 615 amicitiam
2947 571 3058 629 qua
3089 573 3305 613 mecum
3334 558 3577 630 conjun~

1976 647 2052 704 cli
2088 656 2241 716 sunt,
2278 648 2589 716 periculurn
2622 650 2849 719 aliquod
2879 651 3225 706 sustineant.

2043 739 2215 798 Vnus.
2251 741 2344 796 1⁸5.
2381 742 2488 808 Qui
2514 743 2767 797 videbant
2805 758 2905 808 me,
2945 743 3095 812 [oras
3111 745 3373 814 fugerunt
3401 760 3435 797 a
3466 760 3570 800 me.

1970 830 2248 887 Conversi
2270 834 2406 887 Sunt
2444 846 2472 885 a
2508 847 2617 898 me,
2658 833 2859 902 inquit,
2910 849 2979 890 ne
3026 835 3402 904 suspicionem
3469 836 3574 891 ali-

1970 938 2139 994 quam
2168 924 2486 995 injicerent,
2534 940 2595 980 se
2618 925 2755 979 mibi
2804 925 3109 982 adhaerere.
3147 926 3305 982 illinc
3366 928 3573 1000 quippe

1970 1019 2259 1074 imminere
2281 1018 2368 1074 eis
2392 1018 2704 1088 periculum
2728 1024 2966 1088 poterat.

2041 1108 2322 1165 Οὐιῑυὶοηὶ
2348 1113 2507 1165 datus
2535 1127 2675 1176 sum,
2711 1119 2975 1180 tanquam
3005 1119 3272 1174 mortuus.
3324 1129 3357 1166 a
3386 1112 3568 1166 corde.

1970 1203 2014 1259 A
2050 1203 2243 1269 corde,
2272 1205 2478 1276 inquit,
2514 1207 2825 1261 amicorum
2862 1194 3112 1260 meor'um
3166 1204 3433 1259 oblivioni
3470 1203 3576 1258 da-

1970 1305 2062 1351 tus
2095 1311 2220 1353 sum
2252 1314 2267 1352 :
2334 1299 2440 1353 hoc
2469 1305 2555 1353 est
2585 1296 2698 1353 mei
2724 1296 2878 1354 obliti
2913 1304 3071 1362 sunt,
3099 1295 3272 1351 veluti
3330 1293 3574 1349 hominis

1971 1387 2087 1457 jam
2112 1388 2321 1442 mortui
2351 1398 2504 1444 sunt.
2540 1387 2626 1444 Ob
2657 1388 3036 1444 inevitabilem
3067 1387 3217 1442 enim
3273 1386 3563 1441 interitum

1971 1494 2073 1549 pro
2107 1489 2327 1537 mortuo
2358 1481 2709 1537 existimatus
2779 1495 2928 1546 sum,
2975 1479 3059 1536 vel
3106 1493 3176 1535 eo
3225 1486 3409 1548 pacto,
3458 1492 3571 1547 quo

258 1578 519 1623 mortuus
554 1568 687 1639 quis
720 1568 776 1622 in
800 1568 1136 1623 oblivionem
1166 1568 1485 1639 projicitur,
1539 1577 1597 1624 ct
1659 1583 1764 1640 ego
1830 1569 2101 1629 oblivioni
2177 1572 2350 1632 datus
2404 1589 2584 1631 sum:
2652 1574 2978 1631 vehentibus
3054 1572 3323 1628 nimirum
3373 1570 3573 1625 amicis

255 1665 410 1729 meis,
463 1679 540 1719 ne
591 1665 654 1718 in
712 1664 1161 1720 adversariorum
1201 1679 1447 1720 meorum
1476 1665 1858 1736 suspicionem
1899 1670 2174 1727 venirent.

326 1778 676 1848 Ἐτενήθην
693 1778 841 1832 ὡσεὶ
888 1777 1116 1844 σκεῦος
1137 1778 1479 1846 ἀπολωλός.
1537 1779 1754 1852 ’Ὠσπερ
1801 1781 1863 1834 τδ

2049 1780 2261 1840 Factus
2295 1802 2412 1841 sum
2448 1785 2607 1856 quasi
2637 1800 2732 1839 vas
2764 1782 3059 1854 perditum.
3081 1781 3570 1848 Quemadmodum

260 1874 446 1937 σκεῦος
474 1871 805 1942 σωζόμενον
830 1870 957 1941 μὲν,
987 1872 1262 1942 χρήσιμον
1315 1870 1485 1936 δοκεῖ,
1544 1870 1855 1943 ἀπολλύμε-

1972 1876 2109 1932 ntile
2139 1893 2262 1933 esse
2293 1880 2515 1934 videtur
2546 1893 2711 1933 omne
2768 1893 2891 1944 vas,
2952 1891 3053 1932 seu
3112 1875 3567 1942 instrumentum,

266 1985 349 2020 νον
374 1966 451 2033 Et,
488 1966 551 2018 ὲν
582 1963 964 2035 ἀμνημοσύνη
986 1964 1227 2032 γίνεται,
1246 1960 1390 2016 οὕτω
1416 1963 1480 2034 δὴ
1512 1962 1695 2033 κάγώ.

259 2056 488 2111 edicitur
528 2064 702 2124 atque
770 2069 801 2110 e
877 2054 1157 2123 memoria.
1208 2054 1495 2112 hominum
1575 2055 1823 2122 labitur,
1890 2057 1938 2114 si
1987 2058 2334 2131 deperditum
2402 2060 2495 2126 sit,
2555 2061 2632 2116 ita
2698 2057 2864 2113 etiam
2917 2058 2988 2115 de
3034 2073 3124 2114 me
3174 2058 3285 2115 dici
3363 2067 3566 2129 paleato
3653 2057 3660 2065 ’

330 2176 460 2228 ὀτι
488 2173 736 2242 ἥκουσα
796 2173 997 2241 ψόγον
1050 2169 1341 2236 πολλῶν,
1394 2170 1862 2238 περιοικούντων

269 2269 595 2323 κυκλόθεν.
612 2264 914 2319 Κανταῦθα
940 2263 1178 2335 ληπτέον
1205 2264 1315 2319 ἀπὸ
1331 2264 1512 2318 κοινοῦ
1531 2264 1614 2325 τὸ,
1653 2261 1864 2332 Ἐλέη-

277 2372 422 2421 σον,
450 2358 536 2409 ὅτι
570 2357 783 2420 οίκείοις
819 2355 956 2409 ὠσὶν
987 2356 1201 2427 ἥκουσα
1225 2354 1397 2424 ψόγον
1434 2356 1586 2425 παρὰ
1613 2354 1850 2422 πολλῶν,

278 2443 361 2500 ὧν
394 2442 474 2510 εἷς
499 2449 589 2501 καὶ
615 2451 642 2504 ὁ
662 2449 849 2519 Σεμεεὶ
884 2443 975 2519 ἦν,
1000 2447 1413 2519 λοιδορούμενος
1439 2448 1534 2500 καὶ
1554 2445 1862 2502 διασάλλων

280 2540 550 2610 φεύγοντα
579 2540 666 2594 τὸν
682 2542 878 2596 Δαὸίδ.

371 2806 484 2859 ἐν
530 2804 613 2872 τῷ
668 2807 1159 2879 ἐπισυναχθῆναι
1188 2808 1413 2877 αὐτοὺς
1453 2808 1574 2882 ἅμα
1602 2808 1697 2864 ἐπ’
1726 2808 1855 2882 ἐμὲ,

268 2895 365 2949 τοῦ
413 2896 636 2950 λαϐεῖν·
677 2898 794 2964 τὴν
831 2901 1046 2968 ψυχήν
1062 2917 1184 2970 μου
1217 2900 1687 2959 ἐϐουλεύσαντο.
1718 2903 1858 2958 Συν-

212 2988 217 2991 ’
268 2987 527 3058 αχῡέντες
554 2988 614 3040 δὲ
637 2990 686 3041 oi
722 2989 913 3063 ἐχθροί
942 3008 1044 3061 μου
1077 2993 1134 3043 ὲν
1161 2991 1368 3062 ταύτῷ,
1392 2993 1520 3045 κατ’
1539 2994 1672 3065 ἐμοῦ
1699 2996 1857 3048 ἐδουο

267 3081 549 3146 leonum,
589 3081 737 3135 ὥστε
777 3082 1077 3153 ἀφελέσθαι
1139 3084 1247 3137 ἀπὸ
1288 3082 1385 3138 τοῦ
1439 3084 1692 3156 σώματός
1753 3104 1855 3156 μου

267 3174 357 3243 τὴν
378 3174 567 3245 ψυχήν
602 3191 730 3244 μου.
761 3175 835 3228 To
866 3175 998 3229 Ἀπ’
1028 3177 1176 3246 ἐμοῦ
1204 3176 1314 3249 γὰρ
1347 3177 1468 3244 νῦν,
1491 3179 1552 3232 τὸ
1584 3179 1743 3247 σῶμα
1761 3180 1857 3251 δη-

268 3268 366 3323 λῶ.
396 3271 567 3338 Λέγει
589 3271 649 3324 δὲ
683 3272 929 3345 περὶτῆς
957 3274 1260 3345 βουλῆς,ἣν
1284 3275 1576 3346 Ἀχιτόφελ
1601 3276 1854 3331 ὑπέθετο.

272 3362 576 3432 Ἐμὰνοανε
600 3366 713 3435 γὰρ
746 3368 925 3420 πάντα
953 3368 1043 3421 διὰ
1082 3369 1272 3422 Σαδὼκ
1312 3371 1409 3430 καὶ
1439 3369 1710 3442 Ἀϐιάθαρ
1743 3372 1852 3424 τῶν

274 3455 480 3524 ἱερέων,
514 3457 594 3521 ὡς
622 3459 655 3528 ἡ
682 3459 793 3511 τῶν
817 3458 1117 3513 Βασιλειῶν
1144 3460 1485 3515 ἀναπτύσσει
1516 3462 1731 3526 Βίϐλος.

337 3635 487 3706 Ἐγὼ
513 3636 585 3690 δὲ
624 3637 724 3692 ἐπὶ
757 3638 882 3704 σοί,
932 3639 1135 3708 Κύριε,
1185 3639 1445 3708 ἤλπισα.
1466 3640 1698 3695 Ἐκεῖνοι
1757 3640 1861 3713 μὲν

272 3726 446 3794 οὕτως
469 3745 486 3760 ·
520 3729 638 3783 ὲνὼ
664 3730 747 3795 δὲ,
767 3732 853 3784 σοὶ
880 3732 1035 3804 μόνῳ
1057 3732 1316 3787 πέποιθα.
1334 3753 1360 3776 ο

339 3930 503 3989 Bina
529 3949 547 3966 ·
582 3933 669 3989 Σὺ
706 3929 766 3989 εἴ
798 3934 945 4003 Θεός
987 3952 1128 4006 μου.
1180 3934 1243 3988 '0
1303 3923 1658 4003 ἑξούσιαστής
1711 3950 1814 4004 μου
1844 3948 1858 3964 ο

266 4027 433 4081 τοῦτο
449 4026 637 4099 γὰρτὸ
665 4027 810 4093 Θεός
832 4027 928 4080 νῦν
944 4026 1202 4098 ἐμφαίνει
1221 4041 1238 4062 ο
1263 4026 1357 4081 καὶ
1392 4024 1604 4091 λοιπὸν,
1631 4024 1708 4089 ὠς
1738 4023 1864 4095 βού-

266 4119 377 4187 λει,
404 4120 477 4173 τὰ
509 4117 637 4173 κατ’
668 4118 771 4190 ἐμὲ
797 4118 1180 4189 οίκονόμησον.

336 4298 451 4355 Ἕν
471 4296 611 4364 ταῖς
649 4288 828 4365 χεροι
873 4313 993 4352 σου
1035 4300 1092 4351 οἱ
1135 4297 1354 4367 κλῆροι
1377 4314 1515 4368 μου.
1567 4297 1631 4351 0i
1670 4296 1866 4366 κλῆροι

263 4407 402 4461 μου,
435 4388 540 4443 καὶ
578 4388 677 4442 τοῦ
703 4389 937 4443 Θανάτου
971 4405 1073 4461 μου
1099 4390 1196 4442 καὶ
1221 4390 1318 4460 τῆς
1350 4387 1497 4460 ζωῆς
1533 4406 1659 4460 im",
1685 4387 1725 4459 ἢ
1763 4389 1868 4458 τῆς

260 4481 636 4554 δυσπραγῐας
670 4497 773 4551 μου
806 4481 901 4533 καὶ
924 4480 1232 4551 εὐπραγίας
1282 4497 1409 4550 μου,
1460 4481 1520 4532 εν
1548 4481 1613 4551 τῇ
1634 4478 1866 4548 δυνάμει

268 4578 508 4627 κεῖνται
548 4574 618 4643 τῇ
649 4574 719 4644 σῇ
743 4587 757 4601 ’
791 4573 981 4643 χεῖρας
1006 4573 1114 4642 γὰρ
1144 4571 1386 4626 ἐνταῦθα
1413 4571 1623 4642 ταύτην
1653 4569 1863 4639 ὑπολη-

262 4665 466 4718 πτέον.
500 4662 719 4731 Κύριος
748 4664 856 4732 γὰρ
877 4662 1129 4717 (iur-arci
1150 4662 1247 4716 καὶ
1278 4660 1570 4732 (moror-ei,
1594 4660 1873 4714 ταπεινοῖ

1968 1966 2144 2024 donec
2172 1970 2450 2042 integrum
2487 1984 2551 2025 ac
2585 1971 2798 2025 salvum
2832 1976 2940 2035 est,
2995 1976 3051 2024 et
3114 1977 3307 2024 contra
3368 1968 3572 2025 inutile

2044 2174 2216 2234 Vens.
2256 2177 2341 2232 l4.
2372 2176 2645 2243 Quoniam
2683 2162 2867 2230 audivi
2892 2173 3340 2245 vituperationem
3370 2174 3570 2229 multo‘

1968 2284 2085 2322 rum
2111 2269 2475 2324 habitantium
2504 2268 2560 2322 in
2589 2269 2843 2323 circuitu.
2872 2265 2986 2322 Hoc
3035 2269 3090 2321 in
3142 2266 3267 2321 loco
3312 2267 3479 2322 etiam
3535 2284 3567 2322 ιι

1967 2361 2248 2417 communi
2278 2377 2446 2419 sensu
2482 2362 2815 2417 sumendum
2880 2368 2965 2417 est
2992 2359 3244 2425 verbum,
3284 2358 3565 2414 Miserere.

1966 2450 2111 2520 Quia
2167 2454 2413 2528 propriis
2475 2452 2728 2522 auribus,
2786 2452 2992 2523 inquit,
3039 2450 3347 2522 vituperari
3401 2467 3489 2506 me
3533 2467 3565 2505 a

1965 2546 2158 2604 multis
2187 2547 2748 2616 audivi,atqueinter
2787 2553 3021 2602 caeteros
3061 2559 3093 2600 a
3180 2542 3362 2600 Semei
3387 2583 3406 2610 ,
3472 2543 3567 2615 qui

1964 2636 2262 2709 fugientem
2292 2652 2381 2693 me
2406 2636 2706 2693 Absalonis
2726 2636 2957 2692 insidias
3012 2633 3278 2690 conviciis
3361 2644 3416 2690 et
3470 2649 3568 2689 ca-

1965 2729 2193 2784 lumniis
2229 2728 2517 2784 insecutus
2548 2735 2654 2782 est.

2036 2817 2178 2873 Dum
2227 2819 2565 2873 convenirent
2619 2817 2786 2871 simul
2827 2815 3107 2870 adrersum
3169 2831 3271 2885 me,
3331 2816 3568 2886 accipere

1966 2910 2206 2965 animam
2240 2927 2411 2967 meam
2433 2911 2711 2966 conciliati
2741 2921 2889 2964 sunt.
2920 2908 3140 2964 Inimici
3163 2910 3268 2964 mei
3302 2910 3361 2964 in
3394 2925 3563 2965 unum

1960 3004 2261 3081 adversum
2294 3020 2384 3059 me
2418 3003 2741 3074 congregati
2789 3004 3089 3057 consilium
3162 3001 3435 3068 inierunt,
3503 3012 3568 3059 ut

1965 3095 2208 3150 animam
2247 3111 2424 3152 meam
2457 3095 2743 3151 auferrent
2812 3109 2842 3149 a
2898 3109 3155 3165 corpore.
3213 3094 3348 3149 Nam
3407 3096 3559 3166 quod

1962 3187 2038 3243 ait
2062 3187 2127 3243 In
2160 3203 2261 3256 me,
2292 3187 2707 3260 intelligendum
2742 3194 2849 3253 est,
2888 3189 2945 3242 in
2979 3202 3183 3259 corpus
3208 3201 3419 3242 meum.
3447 3187 3567 3243 Hoc

1963 3286 2148 3334 autem
2178 3279 2317 3335 dicit
2359 3280 2428 3335 de
2493 3279 2731 3335 consilio
2779 3286 3039 3349 suggesto
3098 3280 3167 3334 ab
3213 3277 3561 3348 Acbitophel.

1964 3369 2258 3425 nesciebat
2281 3373 2427 3424 enim
2455 3372 2641 3425 omnia
2683 3371 2879 3425 beatus
2926 3368 3099 3423 David
3137 3384 3168 3423 a
3206 3367 3444 3435 Sadoch,
3477 3378 3563 3423 at-

1888 3455 1933 3514 C
1966 3480 2073 3533 quc
2107 3465 2176 3519 ab
2200 3463 2471 3519 Abiatbar
2502 3463 2914 3529 sacerdotibus,
2951 3452 3274 3533 ut'legimus
3308 3462 3366 3516 in
3400 3460 3562 3519 libris

1965 3554 2197 3627 Regum.

2040 3655 2205 3707 Vsus.
2239 3651 2326 3709 i3.
2363 3649 2477 3722 Ego
2509 3661 2685 3705 autem
2718 3651 2771 3703 in
2815 3659 2884 3717 te,
2927 3648 3170 3716 Domine,
3216 3649 3444 3715 sperari.
3479 3648 3560 3703 Illi

1966 3746 2209 3816 quidem,
2245 3745 2447 3815 inquit,
2480 3745 2585 3800 hoc
2612 3752 2772 3815 pacto
2800 3759 2860 3799 se
2890 3744 3118 3811 habent,
3173 3759 3276 3816 ego
3324 3749 3455 3800 vero
3504 3743 3563 3800 in

1967 3850 2021 3895 te
2081 3853 2190 3893 uno
2217 3838 2460 3897 conﬁdo.

2036 3930 2215 3986 Dixi:
2249 3930 2329 3985 Tu
2354 3948 2407 3985 es
2440 3931 2582 3986 Deus
2616 3948 2785 3986 meus.
2818 3930 2922 3998 Qui
2955 3931 3087 3986 mihi
3125 3931 3362 3998 scilicet,
3393 3933 3564 3988 robur

1968 4037 2032 4076 ac
2061 4022 2360 4093 potentiam
2390 4033 2654 4092 praestas;
2681 4027 2755 4076 ita
2781 4023 2925 4076 enim
2960 4023 3063 4079 sibi
3094 4025 3209 4076 vult
3233 4024 3336 4076 hoc
3363 4023 3564 4078 inloco

1967 4104 2138 4169 dictio
2158 4114 2255 4167 illa
2281 4152 2295 4174 ,
2322 4112 2464 4166 Deus
2484 4128 2503 4167 :
2533 4128 2724 4167 verum
2755 4122 2837 4176 tu,
2866 4125 2925 4167 ut
2956 4115 3109 4179 libet,
3142 4114 3340 4184 inquit,
3369 4116 3554 4168 omnia

1967 4216 2089 4272 qua).
2122 4201 2191 4255 ad
2239 4216 2326 4255 me
2349 4203 2625 4270 pertinent
2656 4201 3001 4271 dispensato.

2042 4292 2338 4349 “116.16.
2385 4291 2454 4347 In
2478 4291 2720 4347 manibus
2782 4294 2889 4346 tuis
2945 4301 3117 4346 sortes
3173 4310 3325 4348 mean
3370 4292 3563 4348 Sortes

1968 4401 2128 4452 mea),
2163 4385 2356 4442 mortis
2378 4386 2637 4440 nimirum
2670 4394 2724 4442 et
2756 4386 2878 4440 vita:
2904 4400 3073 4447 meae;
3104 4387 3192 4441 vel
3222 4394 3427 4451 sortes,
3470 4401 3565 4441 se-

1969 4480 2188 4545 cundae,
2231 4487 2393 4549 atque
2424 4477 2669 4533 adversa:
2707 4478 2965 4533 fortunae.
3006 4479 3135 4534 ηεεο
3170 4480 3318 4535 enim
3351 4482 3559 4546 omnia,

1970 4573 2026 4625 in
2064 4578 2398 4643 potetestate
2429 4581 2521 4625 tua
2558 4580 2711 4625 sunt.
2748 4570 2854 4627 Per
2902 4586 3103 4628 manus
3130 4574 3293 4627 etiam
3324 4582 3563 4641 potesta-

1970 4667 2080 4713 tem
2117 4658 2428 4729 intelligere
2450 4657 2751 4716 debemus:
2793 4659 3050 4715 Dominus
3085 4664 3233 4716 enim
3271 4665 3562 4734 mortiﬁcat

264 4755 370 4809 καὶ
388 4753 638 4823 dﬂigi-oi
654 4770 669 4787 ·
689 4752 854 4819 ὥστε,
884 4752 978 4806 σοῦ
999 4753 1317 4825 θέλοντος,ἢ
1344 4753 1577 4825 νικήσας
1600 4752 1862 4823 ζήσομαι,

1970 4758 2019 4803 ει
2054 4748 2306 4818 viviﬁcat,
2341 4748 2589 4803 humiliat
2634 4757 2685 4803 et
2735 4750 2943 4806 exultat
2969 4752 3036 4809 ³⁸.
3067 4750 3437 4817 Quamobrem
3507 4767 3564 4813 te

270 4851 311 4919 ἦ
346 4849 603 4920 νικηθεὶς
629 4846 909 4902 ἀποθανοῦ
918 4864 1038 4917 μαι.

288 4940 500 4997 Ῥὑο-αι
528 4956 614 5011 με
639 4940 711 4993 ἐκ
746 4941 947 5011 χειρὸς
969 4937 1199 5008 ἐχθρῶν
1217 4956 1360 5009 μου,
1383 4940 1480 4994 καί
1509 4939 1578 4994 ἐκ
1605 4938 1725 4994 τῶν
1755 4955 1864 4993 κα-

273 5034 701 5089 τοδιωκόντων
715 5028 963 5104 με.οἷδα
1008 5034 1095 5086 ὅτι
1131 5033 1192 5087 οὐ
1221 5031 1401 5098 Θέλεις
1447 5032 1543 5086 τὸν
1591 5031 1728 5103 ὲμδν
1763 5030 1865 5087 θά-

268 5143 457 5192 νατον,
536 5126 618 5190 ὡς
683 5125 1052 5178 ἀνοσιώτατον
1076 5140 1091 5156 ⁸
1147 5126 1276 5189 παῖς
1316 5141 1420 5196 μου
1468 5125 1601 5197 γὰρ,
1652 5124 1681 5176 ὁ
1737 5121 1865 5175 τοῦ-

268 5236 363 5272 tow
405 5218 675 5288 ἐπείγων.
726 5215 804 5271 Οὐ
854 5210 1018 5288 μόνον
1080 5215 1134 5269 δὲ
1187 5211 1331 5288 ἦσαν
1405 5215 1595 5289 ἐχθροὶ
1633 5216 1685 5270 oi
1727 5232 1863 5269 κατ-

276 5310 501 5384 άγοντες
535 5313 709 5367 αὐτὸν
771 5311 875 5383 τῆς
903 5309 1208 5382 βασιλείας,
1244 5309 1383 5365 ἀλλὰ
1437 5313 1535 5366 καὶ
1586 5308 1865 5380 φεύγοντα

277 5406 633 5461 κατεδίωκον.

1975 4844 2215 4909 volente,
2247 4850 2347 4899 aut
2374 4844 2552 4899 victor
2585 4845 2791 4911 vivam,
2811 4854 2907 4900 aut
2935 4847 3112 4904 victus
3141 4851 3366 4905 moriar.

2043 4934 2240 4990 Libera
2270 4952 2352 4991 me
2373 4935 2437 4991 de
2471 4952 2633 4991 manu
2654 4937 2995 4993 inimicorum
3029 4956 3286 5008 meorum,
3307 4951 3357 4996 et
3379 4961 3409 4995 a
3436 4960 3562 5012 per-
3586 4958 3613 4965 ί

1974 5030 2309 5101 sequentibus
2340 5046 2441 5085 me.
2483 5027 2627 5086 Novi
2689 5032 2833 5101 quod
2889 5040 2948 5086 tu
2996 5048 3107 5088 non
3157 5034 3241 5090 vis
3308 5047 3545 5091 mortem

1976 5136 2173 5189 meam,
2229 5130 2286 5177 et
2348 5120 2496 5192 quod
2551 5135 2584 5175 a
2649 5130 2803 5177 tanto
2851 5120 3103 5178 facinore
3171 5124 3443 5179 abliorres
3499 5135 3559 5179 ut

1971 5214 2196 5271 occidar
2226 5228 2256 5268 a
2315 5214 2449 5270 lilio.
2508 5213 2687 5271 Filius
2713 5217 2861 5271 enim
2897 5231 3055 5273 meus
3088 5227 3171 5272 est
3199 5216 3293 5285 qui
3323 5229 3555 5271 mortem

1970 5307 2105 5363 mihi
2161 5305 2367 5363 inferre
2414 5317 2672 5363 conatur.
2715 5308 2991 5363 Saevitiam
3058 5318 3327 5378 praeterea
3368 5307 3557 5360 inimi-

1971 5418 2165 5460 corum
2200 5416 2428 5458 suorum
2459 5401 2515 5456 in
2552 5402 2659 5457 hoc
2707 5401 2796 5456 vel
2837 5401 3083 5455 maxime
3111 5396 3379 5461 oetendit,
3427 5396 3553 5451 dum

277 5504 404 5559 satis
447 5519 560 5559 non
625 5500 813 5557 fuisse
852 5511 938 5556 eis
964 5495 1261 5569 signiﬁcat,
1287 5497 1436 5570 quod
1461 5497 1641 5570 ipsum
1660 5512 1831 5571 regno
1890 5501 2257 5574 expulissent,
2289 5500 2388 5558 sed
2459 5498 2611 5557 addit
2657 5497 2805 5568 quod
2844 5495 3147 5566 fugientem
3170 5492 3337 5549 etiam
3366 5504 3551 5562 perse-

274 5600 602 5670 quebantur.

322 5785 367 5874 ’ξ
393 5786 421 5845 ι
448 5784 672 5856 Rng,
700 5776 762 5846 6,
797 5773 858 5832 7.
