4078 6456
499 296 505 303 ’
566 324 675 390 355

553 545 833 588 tuum.—
877 531 1129 595 Ostende,
1171 529 1278 585 hoc
1339 539 1448 593 cst,
1520 528 1815 581 Converte.
1881 524 2145 578 Avertere

554 626 762 697 quippe
797 638 917 678 eam
945 623 1173 687 videris,
1206 622 1423 692 quoties
1445 620 1517 676 ob
1546 627 1774 686 peccata
1799 632 1919 672 mea
1951 630 2143 672 cessas

548 720 685 775 mihi
716 732 873 788 opem
905 715 1067 771 t‘erre.
1091 715 1192 771 Per
1224 714 1420 771 faciem
1459 721 1642 769 autem
1673 710 1792 778 Dei,
1834 710 1981 766 illius
2007 708 2145 765 visi-

553 809 811 864 tationem
842 814 1007 877 atque
1038 804 1377 868 custodiam,
1397 818 1494 859 seu
1513 802 1679 858 etiam
1703 799 2142 857 benevolentiam

548 899 822 955 intellurit.

622 915 822 970 Letngit.

622 989 845 1044 Salvum
870 1003 952 1043 me
1014 987 1105 1058 {ac
1175 989 1232 1042 in
1296 985 1673 1042 misericordia
1739 993 1855 1041 tua.
1914 983 1974 1038 Si
2034 996 2143 1038 non

548 1091 778 1152 propter
813 1097 922 1145 me,
958 1080 1161 1136 saltem
1192 1079 1267 1134 ob
1325 1076 1770 1134 misericordiam
1828 1084 2002 1131 tuam.
2063 1074 2143 1130 De

547 1177 604 1225 te
625 1172 773 1225 enim
798 1167 987 1225 dixisti
1019 1168 1074 1223 in
1100 1168 1238 1222 libro
1251 1165 1510 1222 Levitici:
1537 1165 1644 1236 Ego
1673 1164 1974 1219 misericors
2001 1179 2141 1218 sum.

622 1261 793 1318 Vnus.
834 1260 923 1315 i8.
954 1260 1200 1327 Domine,
1234 1276 1340 1313 non
1388 1258 1711 1329 confundor,
1757 1257 2006 1328 quoniam
2057 1256 2143 1309 in-

553 1353 739 1407 vocavi
768 1360 838 1406 te.
869 1349 1065 1406 Simile
1096 1350 1357 1420 estquod
1411 1350 1641 1418 legimus
1694 1348 1907 1418 psalmo
1957 1360 2140 1400 XXIII:

562 1442 681 1497 Non
708 1441 1030 1512 confundor,
1082 1441 1337 1512 quoniam
1366 1441 1574 1511 speravi
1603 1443 1655 1494 in
1708 1448 1777 1494 te.

626 1555 1041 1625 Confundantur
1068 1556 1221 1625 impii
1268 1565 1318 1611 et
1370 1555 1693 1611 descendant
1731 1557 1789 1608 in
1845 1556 2138 1626 infernum.

555 1649 973 1717 Achitophelem
1003 1648 1234 1718 impium
1263 1650 1525 1718 appellat,
1554 1647 1722 1704 veluti
1753 1648 1844 1718 qui
1870 1647 2040 1716 legem
2074 1645 2142 1701 de

1780 314 2173 379 EUTHYMII
2206 314 2574 376 ZIGABENI

620 440 790 496 Vsus.
829 439 918 495 i7.
968 437 1200 494 Ostende
1230 435 1425 508 faciem
1493 443 1642 490 tuam
1710 447 1869 500 super
1941 446 2140 485 servum

2321 427 2660 497 Ἐπιςρανον
2694 424 2761 479 τὸ
2798 424 3128 494 πρόσωπόν
3150 438 3265 480 σου
3300 424 3399 480 ἐπὶ
3429 426 3536 480 τὸν
3593 425 3834 481 δοῦλόν

3708 314 3827 379 356

2245 535 2386 576 σου.
2427 519 2880 588 -Ἐπίφανον,
2950 518 3075 572 ἀντὶ
3126 520 3245 581 τοῦ,
3302 517 3655 590 ἐπίστρεψον.
3728 519 3832 589 Μὴ

2246 609 2458 682 βοηθῶν
2490 627 2578 681 μοι
2619 611 2751 680 γὰρ,
2780 609 2959 672 δοκεῖς
3002 606 3349 680 ἀποστρέψαι
3403 607 3585 671 τοῦτο,
3621 607 3711 661 διὰ
3758 608 3830 660 τὸ

2244 703 2355 757 τῶν
2386 700 2680 773 ἁμαρτιῶν
2711 717 2816 772 μου
2850 699 2928 772 (5)
2962 700 3231 771 είδαχθές.
3272 700 3575 772 Πρόσωπον
3617 698 3695 768 δὲ,
3722 698 3834 772 τὴν

2243 795 2557 866 ἐπισκοπὴν
2583 793 2678 859 καὶ
2701 793 2979 847 οἰκείωσιν
3010 794 3186 848 καλεῖ.

2317 971 2530 1029 Σῶσόν
2550 991 2628 1043 με
2651 976 2721 1028 ἐν
2749 967 2831 1043 τῷ
2851 972 3010 1028 ἐλέει
3040 990 3178 1029 σου.
3210 974 3272 1026 Ei
3298 971 3374 1044 μὴ
3410 971 3478 1025 δι’
3525 971 3647 1041 ἐμὲ,
3686 969 3836 1024 ἀλλὰ

2244 1064 2333 1119 διὰ
2363 1065 2425 1118 τὸ
2446 1065 2536 1119 σὺν
2567 1066 2739 1129 ἕλεος.
2790 1065 2863 1117 Σὺ
2914 1064 3023 1135 γὰρ
3055 1061 3220 1128 εἶπας
3279 1065 3340 1117 ἐν
3386 1065 3453 1134 τῇ
3505 1061 3676 1132 ﬂiam
3730 1058 3835 1113 τοῦ

2243 1154 2558 1221 Δευῖτικοῦ,
2583 1156 2666 1209 ὃτι
2699 1153 3004 1223 Ἑλεήμων
3034 1154 3178 1223 ειμι.

2313 1248 2493 1316 Κύριε
2527 1286 2542 1311 ,
2580 1247 2668 1316 μὴ
2741 1246 3297 1317 καταισχυνθειην,
3355 1243 3840 1313 ἐπεκαλεσάμην

2243 1357 2337 1396 σε.
2374 1340 2560 1392 Ἐοικε
2599 1339 2759 1392 τοῦτο
2787 1338 2865 1407 τῷ
2894 1337 3124 1408 εἰκοστῷ
3147 1336 3393 1408 τετάρτῳ
3450 1335 3671 1408 ψαλμῷ·
3722 1339 3779 1390 Μ
3789 1336 3832 1405 ὴ

2245 1432 2781 1500 καταισχυνθείην,
2820 1429 2911 1484 ὅτι
2948 1430 3183 1500 ἤλπισα
3204 1429 3304 1483 ἐπὶ
3338 1430 3434 1485 σέ.

2306 1545 2800 1615 Αίσχυνθείησαν
2884 1544 3146 1611 ἀσεϐεῖς,
3218 1546 3315 1600 καὶ
3376 1549 3837 1616 καταχθείησαν

2240 1638 2330 1703 εις
2366 1636 2538 1704 ᾅδου.
2576 1636 2776 1706 ’Δσεϐῆ
2807 1636 2904 1707 μὲν
2931 1637 3082 1705 λέγει
3114 1636 3210 1690 τὸν
3259 1637 3568 1707 ’Δχιτόφελ,
3614 1639 3690 1700 ὡς
3741 1641 3828 1709 μὴ

554 1738 852 1809 parricidio
885 1753 996 1794 non
1028 1748 1115 1794 est
1168 1740 1402 1806 veritus,
1464 1740 1594 1794 dum
1652 1739 1827 1794 tilium
1901 1738 2140 1793 irritavit

2245 1729 2540 1799 σεϐόμενον
2568 1730 2697 1792 τοὺς
2728 1729 2868 1781 κατὰ
2896 1728 3246 1800 πατραλοιῶν
3274 1730 3471 1800 νόμους
3515 1730 3609 1783 τοῦ
3656 1731 3827 1796 Θεοῦ,

556 1789 1113 1809 ττ---π---νυ
1181 1789 1402 1806 --ψ--τ
1468 1789 1594 1794 -----

553 1830 819 1887 adversus
902 1838 1137 1901 patrem,
1232 1840 1398 1900 atque
1493 1831 1787 1901 insurgere
1877 1830 1933 1884 in
2009 1845 2137 1885 eum

2246 1823 2304 1875 ὲν
2328 1789 2405 1889 sit")
2436 1789 2743 1892 ἐπεγείρειν
2762 1820 2854 1873 τὸν
2880 1820 2994 1874 υἱὸν
3012 1789 3098 1890 ’τῷ
3113 1820 3304 1891 πατρί.
3331 1789 3555 1883 insece
3580 1789 3829 1889 léyouot;
3855 1812 3865 1818 ’

556 1921 718 1978 fecit.
754 1923 940 1994 Aliqui
985 1932 1170 1977 autem
1227 1922 1440 1999 dicunt,
1504 1922 1674 1977 verba
1736 1920 1852 1976 haec
1910 1919 2140 1976 formam

551 2016 778 2087 quidem
838 2014 1261 2085 imprecationis
1325 2013 1554 2078 habere,
1632 2011 1730 2068 sed
1787 2011 1896 2067 vim
1956 2022 2143 2067 tenere

554 2105 884 2176 prophetiae,
918 2113 1084 2175 atque
1129 2104 1354 2175 praedici
1414 2117 1479 2159 ea
1536 2118 1658 2173 quae
1703 2115 1969 2172 passurus
2023 2107 2142 2155 erat

554 2197 912 2268 Aehitophel,
948 2198 1041 2268 qui
1084 2210 1302 2254 summa
1342 2194 1579 2250 refertus
1613 2192 1970 2256 confusione,
1992 2189 2141 2261 quod

557 2289 857 2346 consilium
896 2287 1066 2345 Chus‘t
1116 2302 1217 2343 suo
1251 2286 1612 2357 praepositum
1663 2283 1888 2350 fuisset,
1940 2284 2141 2354 laqueo

555 2397 864 2451 suspensus
897 2379 1142 2449 seipsum
1202 2379 1502 2433 interemit.
1555 2374 1953 2445 Multiplicibus
2005 2389 2139 2429 vero

552 2470 743 2527 verbis
779 2470 975 2526 beatus
998 2468 1195 2536 David,
1224 2469 1499 2524 adversus
1559 2467 1812 2522 inimicos
1863 2479 1924 2522 se
1967 2466 2142 2536 impu-

555 2570 790 2633 gnantcs
819 2561 1062 2617 divinam
1091 2561 1327 2615 advocat
1367 2558 1808 2629 indignationem
1844 2574 1860 2612 :
1897 2557 2139 2627 primum

555 2669 621 2709 ca
668 2653 907 2719 ratione,
972 2663 1033 2708 ut
1091 2652 1350 2724 castigati
1397 2651 1654 2707 meliores
1718 2649 2138 2705 redderentur:

555 2745 782 2800 Percute
821 2746 991 2811 enim,
1033 2745 1239 2815 inquit,
1264 2754 1544 2816 argentum
1595 2742 1900 2814 reprobum,
1931 2749 1981 2796 et
2008 2755 2142 2810 pur-

556 2838 776 2906 gabitur
824 2838 917 2904 ‘°;
968 2838 1236 2903 secundo,
1292 2846 1351 2893 ut
1400 2838 1455 2891 in
1521 2836 1624 2891 hac
1674 2836 1786 2891 vita
1850 2834 2140 2891 tormentis

554 2929 755 2995 aﬂ‘ecti,
811 2929 866 2985 in
915 2929 1106 2985 futura
1165 2930 1234 2986 ab
1266 2929 1490 2985 eternis
1548 2928 1726 3000 poenis
1786 2927 2136 2993 liberentur;

556 3021 744 3085 tertio,
779 3028 834 3074 ut
870 3020 1081 3091 posteri
1127 3020 1234 3074 hoc
1267 3026 1429 3090 pacto
1463 3018 1864 3073 moderatiores
1913 3017 2136 3084 ﬁerent;

2242 1914 2314 1967 τὰ
2342 1914 2591 1985 παρόντα
2625 1914 2767 1985 ῥητὰ
2788 1913 2942 1983 ἰσχὺν
2972 1912 3075 1984 μὲν
3107 1912 3253 1983 ἔχειν
3280 1914 3440 1983 ἀρᾶς,
3500 1913 3734 1984 δύναμιν
3764 1914 3831 1967 δὲ

2244 2005 2595 2077 προφητείας
2615 2021 2629 2036 ⁸
2665 2004 3004 2076 προείρηκεν
3036 2004 3142 2077 γὰρ
3168 2004 3203 2059 δι
3234 2003 3432 2076 ἔμελλε
3456 2004 3675 2058 παθεῖν.
3713 2006 3831 2059 Καὶ

2242 2097 2485 2171 ᾐσχύνθη
2517 2098 2647 2169 γὰρ,
2679 2098 3120 2169 προτιμηθείσης
3147 2096 3352 2168 τῆςτοῦ
3384 2098 3554 2152 Χουσὶ
3583 2098 3832 2168 συμϐου-

2243 2191 2365 2261 λῆς,
2396 2192 2493 2245 κοιλ⁵
2515 2189 2780 2261 ἀνῃρέθη,
2815 2190 3012 2261 βρόχον
3052 2190 3357 2261 ἁψάμενος.
3382 2192 3480 2245 Διὰ
3539 2191 3711 2245 πολλὰ
3766 2192 3830 2245 δὲ

2241 2282 2418 2337 ταῦτα
2445 2282 2544 2353 τὴν
2570 2281 2722 2335 θείαν
2743 2282 3119 2351 ἀγανάκτησιν
3136 2283 3278 2337 κατὰ
3304 2284 3413 2337 τῶν
3440 2281 3830 2354 πολεμούντων

2241 2374 2393 2445 αὐτῷ
2419 2373 2736 2429 ἐκκαλεῖται
2772 2389 2786 2403 ·
2824 2374 2883 2429 ἓν
2915 2375 3036 2444 μὲν,
3074 2373 3218 2428 ὥστε
3257 2374 3484 2440 τούτους
3527 2375 3830 2447 βελτιουθῆ-

2242 2484 2355 2523 ναι⁹
2387 2469 2579 2523 Τύπτε
2609 2467 2743 2540 γὰρ,
2791 2469 2982 2538 φησὶν,
3030 2464 3329 2538 ἀδόκιμον
3360 2469 3647 2539 ἀργύριον
3669 2509 3685 2535 ,
3719 2469 3824 2521 καὶ

2242 2561 2690 2630 καθαρθήσεται
2708 2578 2723 2593 ⁶
2750 2561 2938 2632 ἕτερον
2970 2560 3051 2626 δὲ,
3094 2563 3182 2616 ἵνα
3210 2561 3347 2633 τῷδε
3374 2560 3819 2632 βασανισθέντες,

2242 2655 2364 2708 ἐκεῖ
2389 2654 2633 2725 ρυσθῶσι
2665 2654 2775 2707 τῶν
2807 2654 3044 2708 αἰωνίων
3077 2655 3359 2710 κολάσεων
3388 2670 3403 2685 ·
3469 2653 3671 2725 τρίτον,
3723 2653 3818 2706 ἵνα

2242 2746 2339 2799 καὶ⁵
2357 2745 2537 2817 ἕτεροι
2557 2744 2646 2799 διὰ
2672 2744 2833 2799 τοῦτο
2860 2745 3300 2817 σωφρονισθῶσιο
3347 2747 3659 2818 πανοῦργος
3686 2745 3823 2814 γὰρ,

2243 2837 2432 2908 φησὶν,
2460 2836 2584 2889 ίδὼν
2609 2836 2824 2908 ἄφρονα
2856 2838 3276 2909 τιμωρούμενον
3318 2838 3622 2908 κραταιῶς,
3655 2835 3826 2900 αὐτὸς

2242 2925 2613 2980 παιδεύεται·
2672 2927 2961 2998 τέταρτον,
3017 2926 3162 2981 ὥστε
3234 2929 3330 2982 καὶ
3387 2928 3503 3000 βίον
3523 2925 3831 2998 λοιμώδους

2242 3017 2625 3088 ἀπαλλαγῆναι
2647 3019 2887 3083 κακίας·
2930 3020 3205 3091 πέμπτον,
3235 3021 3324 3074 ἴνα
3374 3020 3450 3093 μὴ
3512 3022 3608 3074 καὶ¹
3673 3018 3832 3073 ἄλλοι

554 3112 827 3166 scelestus
858 3113 1003 3166 enim
1024 3112 1217 3167 videns
1251 3111 1353 3166 sibi
1385 3110 1620 3166 similem
1654 3108 1811 3176 caedi,
1852 3109 2138 3175 eruditur;

2251 3112 2580 3165 ἐπι-τεθῶσιν
2608 3110 2780 3183 αὐτῷ,
2813 3112 2912 3175 τὰς
2939 3113 3328 3184 ἐπενεχθείσας
3386 3112 3616 3176 ἐκείνοις
3649 3112 3834 3182 (906n-

554 3212 775 3272 quarto,
810 3211 871 3257 ut
902 3217 1141 3271 praesens
1180 3202 1294 3257 vita
1349 3203 1417 3257 ab
1477 3200 1796 3272 hujusmodi
1862 3199 2143 3272 pestilenti

552 3294 690 3348 vitio
715 3294 1014 3360 liberetur;
1052 3296 1267 3363 quinto,
1296 3310 1366 3350 ue
1388 3294 1479 3349 alii
1510 3294 1818 3349 addantur:
1843 3300 2140 3348 cernentes

2254 3202 2439 3268 θέντες
2466 3202 2683 3274 πληγάς
2707 3219 2723 3235 ο
2750 3204 2930 3270 ἕκτον,
2968 3204 3055 3258 ἵνα
3086 3206 3160 3276 μή
3198 3222 3345 3270 τινες
3402 3205 3656 3272 εἴπωσιν,
3700 3205 3833 3258 Οὐκ

2244 3292 2378 3347 ἔστι
2406 3296 2672 3363 σωτηρία
2700 3293 2861 3365 αὺτῷ
2889 3295 2960 3349 ἐν
2993 3293 3074 3361 τῷ
3114 3295 3255 3361 Θεῷ.

554 3388 816 3444 nimirum
847 3404 913 3446 ac
944 3390 1100 3445 veriti
1151 3391 1339 3463 plagas
1388 3389 1498 3445 illis
1555 3388 1771 3456 illatas;
1831 3397 2014 3455 sexto,
2073 3402 2143 3443 ne
2180 3390 2308 3459 quis
2332 3388 2467 3445 illud
2489 3390 2675 3446 dicere
2707 3390 2919 3461 possit:
2963 3389 3088 3446 Non
3121 3402 3198 3447 est
3269 3391 3417 3446 salus
3462 3392 3544 3447 illi
3600 3392 3656 3445 in
3713 3389 3833 3444 Deo

552 3482 669 3551 ejus
702 3484 771 3538 “.

613 3598 780 3655 Vens.
814 3599 904 3654 19.
941 3596 1098 3652 Muta
1126 3599 1261 3667 [iant
1288 3598 1436 3652 labia
1465 3597 1654 3653 dolosa
1691 3614 1810 3670 quae
1842 3598 2137 3671 loquuntur

553 3701 741 3744 contra
757 3690 972 3759 justum
1003 3690 1315 3759 iniquitates
1347 3689 1401 3743 in
1431 3690 1679 3758 superbia
1705 3701 1754 3745 et
1788 3690 2138 3760 despectione.

554 3782 660 3838 Per
691 3782 835 3836 labia
865 3780 1055 3836 dolosa
1087 3780 1471 3850 AchitOphelis
1524 3782 1667 3835 labia
1712 3782 1991 3852 intelligit,
2045 3797 2142 3836 ve-

556 3875 659 3929 luti
687 3888 809 3944 quae
837 3873 1122 3942 antiquum
1161 3871 1346 3926 dolum
1364 3887 1432 3927 eo
1469 3887 1647 3941 usque
1711 3872 2140 3938 occultaverant,

551 3974 609 4021 et
631 3980 755 4035 quas
790 3973 942 4018 muta
1010 3963 1155 4018 facta
1196 3971 1326 4019 sunt
1369 3963 1496 4033 quia
1530 3962 1696 4033 paulo
1753 3971 1877 4033 post
1916 3972 2145 4019 enectus

553 4067 659 4113 cst.
690 4056 933 4124 gJustum
995 4064 1177 4112 autem
1235 4056 1480 4127 seipsum
1540 4055 1820 4125 appellatJ
1846 4071 1913 4111 eo
1987 4055 2136 4127 quod

556 4160 658 4202 nec
707 4144 1034 4201 Absalonem
1104 4146 1310 4216 injuria
1379 4158 1619 4215 unquam
1701 4143 1977 4210 affecerat,
2039 4160 2140 4199 nec

557 4238 996 4307 Achitopltelem,
1048 4246 1145 4292 aut
1187 4238 1354 4292 alium
1411 4252 1480 4293 ex
1533 4251 1726 4292 eorum
1786 4237 1977 4292 sociis.
2035 4236 2140 4293 Per

557 4328 906 4398 iniquitatem
938 4342 1094 4395 vero,
1128 4342 1322 4383 eorum
1354 4326 1651 4383 consilium
1710 4328 1988 4399 intelligit,
2025 4342 2135 4397 quo

2316 3598 2557 3652 Ἀλαλα
2593 3595 2905 3665 γενηθήτω
2936 3594 3010 3650 τὰ
3038 3596 3217 3666 χείλη
3244 3595 3318 3650 τὰ
3346 3595 3543 3665 δόλια,
3595 3597 3669 3652 τὰ
3715 3601 3834 3653 λα-

2238 3694 2470 3749 λοῦντα
2506 3693 2657 3747 κατὰ
2685 3691 2796 3751 τοῦ
2826 3691 3065 3746 δικαίου
3121 3691 3399 3761 ἀνομίαν,
3454 3691 3525 3744 ἐν
3598 3694 3832 3760 ὑπερη-

2239 3787 2429 3856 φανίᾳ
2452 3783 2557 3839 καί
2582 3782 3004 3848 ὲξουδενώσει.
3032 3782 3198 3867 δείλη
3224 3782 3394 3849 δόλια,
3418 3782 3490 3835 τὰ
3539 3781 3634 3835 τοῦ
3667 3783 3827 3852 Ἀχιο

2240 3879 2428 3949 τόφελ,
2455 3879 2531 3943 ὡς
2560 3877 2852 3950 κρύψαντα
2885 3877 2978 3931 τὸν
3003 3878 3069 3931 ἐκ
3101 3876 3272 3931 πάλαι
3297 3876 3447 3929 δόλον
3497 3875 3629 3948 ἄχρι
3658 3877 3827 3944 τότε,

2241 3972 2278 4026 ἃ
2302 3972 2398 4026 καὶ
2416 3971 2592 4025 ἄλαλα
2622 3970 2938 4039 γεγόνασιν,
2971 3970 3367 4037 ἀποπνιγέντος
3426 3969 3528 4022 οὐκ
3579 3970 3661 4032 είς
3710 3986 3826 4040 μα-

2238 4064 2403 4135 κράν.
2432 4062 2655 4116 Δίκαιον
2675 4062 2732 4116 δὲ
2759 4061 2951 4115 ἑαυτὸν
2983 4060 3155 4130 λέγει,
3196 4062 3271 4123 ὡς
3330 4077 3405 4131 μη
3428 4061 3761 4131 ἀδικήσαντα
3786 4061 3824 4132 ἢ

2237 4155 2331 4209 τὸν
2370 4153 2776 4226 Ἀδεσαλὼμ,ἢ
2810 4153 2904 4208 τὸν
2946 4151 3258 4229 Ἀχιτόφελ,
3295 4152 3328 4223 ἡ
3381 4169 3505 4205 τινα
3556 4152 3664 4205 τῶν
3717 4153 3828 4207 σὺν

2238 4248 2443 4312 αὐτοῖς.
2463 4247 2720 4318 ’Δνομίαν
2739 4246 2814 4311 δὲ,
2840 4247 2938 4316 τὴν
2967 4246 3162 4300 τούτου
3188 4244 3502 4316 συμϐουλὴν
3530 4245 3825 4314 ὀνομάζει·

2240 4340 2442 4410 ἄνομος
2466 4341 2598 4410 γὰρ,
2628 4340 2704 4403 ὡς
2726 4339 3125 4408 παραθήγουσα
3143 4339 3258 4393 υἱὸν
3294 4341 3432 4410 πρὸς
3458 4340 3549 4392 τὸν
3577 4341 3823 4410 πατέρα.

556 4419 727 4473 tilium
778 4420 1048 4475 adversus
1110 4428 1320 4489 patrem
1377 4419 1691 4474 irritabant.
1756 4417 1823 4472 In
1889 4417 2135 4487 superbia

2244 4429 2337 4484 Ἐν
2377 4430 2730 4501 ὑπερηφανίᾳ
2778 4429 2957 4496 δὲ,ὄτι
2986 4429 3407 4501 ἐμεγαλαύχησε
3449 4429 3709 4483 δύνασθαι
3747 4431 3825 4483 δι’

554 4512 721 4566 etiam
752 4510 925 4575 addit,
992 4510 1120 4579 quia
1163 4510 1410 4579 iactabat
1452 4511 1774 4583 Achitophel
1825 4519 1988 4566 nocte
2044 4511 2136 4566 illa

2244 4519 2372 4587 ὅλης
2394 4519 2498 4589 τῆς
2529 4517 2722 4580 νυκτὸς
2745 4519 2961 4589 ἐκείνης
2992 4518 3067 4587 (6)
3096 4520 3417 4583 ἀποπεσεῖν,
3465 4518 3561 4572 καὶ
3605 4518 3826 4574 ἀνελεῖν

558 4616 682 4655 sese
719 4602 983 4670 impetum
1022 4599 1298 4655 facturum
1331 4610 1499 4671 atque
1548 4602 2010 4671 interempturum
2033 4598 2137 4653 Da-

2244 4604 2404 4673 αύτὸς
2433 4609 2526 4663 τὸν
2548 4608 2734 4673 Δαϐὶδ,
2759 4608 2835 4672 ὠς
2863 4611 2921 4663 ὲν
2955 4611 3021 4679 τῇ
3058 4608 3356 4662 Βασιλειῶν
3386 4608 3591 4676 ἐδίδαξε
3623 4608 3822 4679 βίϐλῳ.

556 4691 669 4757 vid,
712 4700 773 4745 ut
805 4691 1039 4745 habetur
1072 4692 1125 4745 in
1157 4690 1318 4747 libris
1371 4690 1608 4762 Regum.
1677 4689 1744 4743 In
1802 4689 2134 4756 despectione

2244 4699 2670 4768 Ἐξουδενώσει
2716 4699 2794 4765 δὲ,
2827 4700 2909 4753 ὅτι
2933 4699 3029 4754 καὶ
3053 4698 3279 4772 ὕϐρισεν
3305 4699 3494 4755 αὐτόν.

555 4782 834 4849 similiter,
867 4782 998 4853 quia
1045 4784 1344 4853 opprobrio
1374 4797 1441 4837 ac
1473 4782 1814 4837 contumelia
1846 4796 1972 4836 eum
2003 4779 2136 4838 aﬂ‘e—

555 4881 731 4928 cerat.

627 4964 792 5021 Vens.
823 4964 916 5021 20.
945 4965 1117 5031 Quam
1140 4982 1333 5036 magna
1383 4962 1671 5018 multitudo
1720 4963 1975 5019 bonitatis
2006 4973 2133 5032 tute,

2313 4965 2416 5032 Ὠς
2453 4965 2611 5020 πολὺ
2666 4965 2736 5020 τὸ
2781 4965 3019 5035 πλῆθος
3062 4965 3176 5035 τῆς
3203 4968 3619 5038 χρηστότητός
3673 4985 3821 5037 σου,

558 5056 802 5123 Domine,
862 5073 1020 5127 quam
1073 5057 1396 5111 abscondisti
1459 5056 1764 5110 timentibus
1819 5057 1910 5111 te!
1961 5057 2134 5124 Quam

2244 5059 2445 5125 Κύριε,
2481 5057 2565 5125 ἢν
2599 5059 2874 5126 ἔκρυψας
2902 5058 3026 5125 τοῖς
3055 5059 3451 5129 φοϐουμένοις
3485 5077 3581 5115 σε.
3613 5060 3686 5114 Τὸ
3714 5063 3823 5128 ὡς,

557 5163 780 5217 magna,
823 5164 945 5219 pro,
991 5149 1150 5203 valde
1184 5163 1422 5217 magna:
1483 5147 1902 5219 philosophatur
1950 5158 2133 5205 autem

2244 5152 2367 5206 ἀντὶ⁸
2390 5150 2507 5214 τοῦ,
2540 5149 2686 5204 λίαν.
2711 5150 2996 5220 Φιλοσοφεῖ
3032 5151 3088 5204 δὲ
3110 5152 3240 5222 περὶ
3269 5152 3370 5224 τῆς
3395 5152 3491 5206 τοῦ
3521 5153 3657 5205 Θεοῦ
3686 5156 3824 5207 ποτὲ

557 5239 843 5307 propheta,
888 5239 1052 5294 modo
1085 5238 1563 5310 longanimitatem
1600 5239 1717 5306 Dei,
1750 5240 1913 5295 modo
1950 5241 2135 5295 vindi-

2248 5241 2349 5312 μὲν
2384 5241 2791 5315 μακροθυμίας,
2828 5247 2960 5300 ποτε
3002 5247 3061 5301 δὲ
3090 5244 3350 5319 ἀμύνης,Δ
3378 5249 3473 5302 καί
3510 5266 3695 5318 φησιν,
3732 5249 3821 5303 ὅτι

554 5337 699 5384 ctam
757 5329 1061 5395 admirans,
1095 5339 1263 5402 atque
1309 5330 1408 5399 ait,
1458 5331 1608 5403 quod
1652 5333 1813 5390 valde
1842 5335 2021 5404 ampla
2051 5344 2136 5389 est

2245 5334 2383 5389 Δίαν
2412 5335 2584 5406 πολλὴ
2607 5337 2970 5410 ἠ’χρηστότης
3003 5355 3120 5407 σου,
3145 5341 3213 5411 ἢν
3256 5340 3395 5413 πρὸς
3423 5341 3616 5411 καιρὸν
3650 5340 3821 5415 ἔκρυ-

629 5508 675 5539 ⁶⁰
706 5509 853 5566 Psal.
885 5527 962 5581 xi,
994 5512 1050 5566 7.
1126 5513 1173 5547 "
1206 5513 1357 5571 Psal.
1404 5531 1488 5584 ιιι,
1515 5517 1571 5572 5.

1841 5625 2034 5691 Variae
2065 5625 2397 5689 lectiones.

630 5746 705 5818 (5)
728 5751 833 5819 Γρ.
864 5750 1135 5823 Είδεχθές.
2315 5750 2393 5826 (6)
2434 5749 2648 5808 Mallem
2686 5752 3047 5825 Προσπεσεϊν.
