4078 6428
201 311 308 379 357

1399 311 1789 374 COMMENT.
1828 311 1910 374 IN
1953 312 2344 376 PSALMOSa

3383 316 3490 380 33.8

201 440 302 500 φας
319 428 444 491 τοῖς
468 425 689 490 δούλοις
706 442 829 489 σου,
859 427 1162 496 γυμνάζων
1185 427 1284 498 τὴν
1303 426 1582 498 ὑπομονὴν
1604 427 1805 491 αὐτῶν,

1916 428 2094 482 divina
2129 426 2468 498 benignitas,
2500 441 2666 498 quam
2695 435 2882 484 tamen
2915 427 2981 483 ad
3013 434 3228 498 tempus
3258 428 3492 485 abscon-

203 529 257 576 ἐν
287 521 370 592 τῷ
398 518 839 574 ἀναϐάλλεσθαι.

279 701 666 772 Ἐξειρτάσω
697 700 829 768 τοῖς
861 699 1218 763 ἐλπίζουσιν
1243 701 1343 754 ἐπὶ
1387 702 1483 766 σὲ,
1527 701 1810 754 ἐναντίον

201 796 319 852 τῶν
345 795 506 851 υιῶν
539 798 663 849 τῶν
703 795 1062 862 ἀνθρώπων.
1114 795 1537 865 Ἐξεπλήρωσας
1583 794 1660 858 δὲ,
1713 795 1810 847 καὶ

200 891 436 958 ἔκδηλον
496 887 750 956 εἰργάσω
798 887 974 956 αὐτὴν
1023 889 1134 950 τοῖς
1177 886 1494 950 ἐλπίζουσιν
1549 887 1646 938 ἐπὶ
1701 886 1808 951 σοὶ,

201 984 285 1033 ὅτι
320 980 612 1049 ἠθέλησας
678 977 915 1031 ἐνώπιον
972 977 1208 1040 πολλῶν,
1260 978 1350 1030 ἵνα
1403 977 1687 1047 μάθωσιν,
1725 976 1808 1028 ὅτι

205 1072 620 1143 ὑπερασπίζεις
662 1071 775 1124 τῶν
818 1071 929 1124 σῶν
960 1085 973 1100 ·
1009 1071 1138 1141 περὶ
1167 1070 1224 1123 δὲ
1260 1069 1381 1122 τῶν
1416 1068 1566 1123 υἱῶν
1587 1069 1811 1138 ἀνθρώ-

210 1183 360 1230 πων,
405 1166 752 1234 προείρηται
780 1165 837 1216 ὲν
864 1163 941 1232 τῷ
971 1160 1020 1230 γ’
1049 1162 1140 1215 τοῦ
1169 1161 1210 1214 δ’
1232 1161 1473 1232 ψαλμοῦ.

279 1344 711 1412 Κατακρύψεις
755 1339 977 1405 αὐτοὺς
1004 1339 1075 1393 ἐν
1107 1340 1435 1408 ἀποκρύφῳ
1472 1339 1580 1393 τοῦ
1622 1352 1812 1407 προσ-

207 1439 374 1492 ώπου
414 1455 562 1490 σου.
606 1435 722 1506 Τὴν
774 1433 1026 1504 ποικίλην
1068 1431 1163 1485 τοῦ
1197 1431 1334 1485 Θεοῦ
1380 1431 1635 1502 βοήθειαν
1675 1434 1808 1502 ὁμοο

212 1533 380 1598 λογεῖ,
411 1532 566 1591 ὅπως
613 1527 747 1590 τοὺς
793 1526 1168 1595 φοσουμένους
1201 1525 1364 1578 αὑτὸν
1414 1525 1675 1588 παντοίας
1718 1526 1809 1591 ἐξ·

214 1627 435 1694 αιρῆται
470 1623 861 1693 περιστάσεως
885 1638 902 1653 ο
939 1619 1414 1690 ἀναζητουμένους
1441 1620 1572 1688 γὰρ,
1619 1620 1806 1690 φησιν,

214 1717 301 1767 ἐπ’
330 1714 578 1784 ὲλθρῶν,
614 1711 1022 1782 κατακρύψεις,
1060 1713 1116 1763 ὲν
1162 1712 1470 1781 ἀποκρύφῳ
1515 1712 1665 1782 τόπῳ
1713 1729 1807 1764 σου

213 1768 455 1876 δηλονότι
488 1820 506 1834 ⁸
565 1768 685 1858 ἆόῦ
738 1768 1068 1870 προίέώσὶὸυ
1115 1815 1232 1854 σου
1272 1768 1408 1871 γαρ,
1442 1768 1596 1854 ’κατὰ
1635 1768 1809 1871 ’περί-
1839 1768 1886 1827 Β

222 1917 439 1971 φρασιν,
479 1899 610 1952 ἀντὶ
639 1896 760 1958 τοῦ,
796 1893 925 1949 Σοῦ.

307 1992 432 2047 Ἀπὸ
497 1987 778 2060 ταραχῆς
827 1987 1159 2056 ἀνθρώπων
1203 1988 1538 2054 σκεπάσεις
1587 1989 1813 2056 αὐτοὺς

220 2089 289 2142 ἐν
335 2084 564 2152 σκηνῇ.
634 2083 725 2135 Ἐν
766 2081 828 2134 δὲ
877 2080 1058 2150 καιρῷ
1101 2082 1348 2152 ταραχῆς
1409 2081 1813 2144 στασιαζόντων

224 2179 525 2241 σκεπασεις
568 2175 794 2240 αὐτοὺς,
846 2176 906 2228 ὲν
955 2175 1128 2244 σκηνῇ
1189 2174 1288 2243 τῆς
1337 2173 1548 2242 σκέπης
1603 2190 1721 2238 σου,
1777 2174 1810 2244 ἢ

229 2273 385 2342 δίκην
419 2269 644 2340 σκηνῆς.

323 2367 464 2421 Ἀπὸ
513 2367 851 2434 ἀντιλογιας
903 2361 1227 2431 γλωσσῶν.
1300 2365 1434 2420 ’Λπὸ
1481 2367 1664 2420 κοινοῦ
1718 2368 1816 2438 λη-

246 2456 410 2509 πτέον
435 2455 754 2520 σκεπὰσεις
771 2455 1098 2522 αὐτοὺς-,ὲν
1122 2454 1302 2525 καιρῷ
1324 2458 1486 2513 πάλιν
1502 2460 1814 2528 ἀντιλογίας

238 2549 370 2604 λαοῦ
397 2567 415 2582 ο
453 2551 560 2604 ἀπὸ
589 2551 698 2604 τῶν
725 2551 999 2619 γλωσσῶν
1043 2551 1153 2623 γὰρ
1200 2554 1329 2616 τοὺς
1372 2555 1634 2623 λέγοντας
1693 2559 1816 2628 ἐδή-

227 2643 400 2697 λωσεν
433 2659 448 2673 ·
478 2643 762 2714 ἀντιλογία
794 2644 874 2710 δὲ,
908 2645 942 2716 ἡ
975 2644 1240 2699 ἀπείθεια
1280 2647 1389 2702 τῶν
1419 2649 1701 2720 ὑπηκόων.

287 2917 652 2986 Εὐλογητὸς
687 2917 927 2985 Κύριος,
955 2916 1045 2971 ὅτι
1070 2917 1504 2988 ἐθαυμάστωσε
1543 2919 1608 2973 τὸ
1641 2921 1816 2988 ἕλεος

222 3011 407 3064 αὐτοῦ
455 3011 740 3064 ἐνπόλει
776 3009 1090 3078 περιοχῆς.
1143 3010 1383 3082 Περιοχὴ
1441 3013 1542 3082 μέν
1589 3015 1708 3067 ἐστι
1754 3013 1816 3066 τὸ

1907 518 1988 572 dit
2024 518 2200 573 servis
2251 519 2391 581 suis,
2441 525 2503 572 ιιι
2563 518 2783 573 illorum
2840 519 3158 588 patientiam
3213 529 3488 587 exerceat,

1909 611 2038 666 dum
2071 612 2286 666 diutius
2322 610 2506 667 dill‘crt
2543 611 2654 667 illis
2691 621 2890 682 praesto
2918 627 3061 668 esse.

1979 702 2260 772 Perfecisti
2295 703 2362 758 iis
2398 704 2488 772 qui
2511 713 2730 771 sperant
2758 704 2814 756 in
2845 712 2916 766 te,
2948 704 3003 757 in
3038 713 3318 773 conspectu
3348 704 3492 773 ﬁlio-

1908 811 2028 849 rum
2058 795 2354 850 hominum.
2381 794 2622 864 lmplesti
2659 809 2722 848 ac
2752 793 3099 849 manifestam
3134 796 3315 850 fecisti
3339 796 3490 850 boni-
3521 843 3524 846 .

1909 901 2072 944 tatem
2110 896 2283 952 tuam,
2325 890 2394 944 iis
2425 890 2519 959 qui
2561 890 2614 941 ιιι
2653 897 2706 941 te
2735 895 2958 957 sperant
2992 906 3005 941 :
3041 888 3486 958 quandoquidem

1909 991 2098 1034 notqu
2129 983 2213 1036 eis
2256 980 2442 1036 facere
2484 980 2732 1045 voluisti,
2765 982 2908 1050 quod
2964 981 3059 1035 tibi
3109 993 3298 1052 gratos
3343 982 3491 1036 viros

1911 1087 2022 1127 non
2074 1073 2310 1128 deseris.
2374 1072 2440 1124 Et
2487 1071 2633 1141 quod
2682 1071 2807 1126 ait:
2867 1068 3136 1124 Filiorum
3196 1073 3488 1138 hominum,

1909 1165 2173 1236 intcllige,
2213 1165 2698 1220 utdeclaravimus
2725 1165 2779 1218 itt
2809 1165 2974 1219 tertio
3000 1163 3272 1219 versiculo
3306 1167 3488 1236 quarti

1912 1258 2135 1313 Psalmi.

1983 1351 2146 1406 Vens.
2175 1350 2266 1404 ΩΙ.
2300 1351 2600 1406 Abscondes
2637 1369 2724 1407 eos
2763 1353 2818 1405 in
2844 1353 3152 1408 abscondito
3178 1355 3336 1423 faciei
3364 1365 3490 1410 tute.

1913 1440 2074 1495 Varia
2127 1440 2459 1495 auxiliorum
2523 1441 2616 1497 Dei
2677 1457 2881 1512 genera
2941 1453 3376 1510 commemorat,
3439 1453 3496 1499 et

1910 1533 2188 1603 quomodo
2272 1519 2531 1590 timentes
2604 1551 2731 1589 eum
2797 1551 2826 1589 a
2907 1551 3238 1605 quocunque
3297 1538 3494 1592 liberat

1912 1628 2184 1696 periculo.
2215 1625 2346 1681 Nam
2378 1627 2423 1683 si
2459 1627 2527 1682 ab
2577 1628 2844 1692 inimicis,
2878 1627 3082 1696 inquit,
3108 1632 3491 1697 exqttirantur,

1913 1725 1971 1769 tu
2021 1717 2330 1771 abscondas
2387 1731 2484 1770 eos
2539 1715 2593 1768 iit
2649 1718 2978 1771 abscondito
3022 1717 3181 1773 faciei
3231 1728 3358 1784 tuae,
3392 1721 3496 1775 lmc

1913 1815 2020 1870 est,
2071 1807 2124 1860 in
2180 1807 2512 1861 abscondito
2572 1806 2693 1862 loco
2726 1817 2842 1862 tuo.
2892 1808 2991 1864 Est
3041 1809 3188 1864 enim
3241 1811 3494 1880 quaedam

1915 1899 2360 1954 circumlocutio.

1985 1993 2028 2044 Δ
2062 1991 2461 2061 perturbatione
2488 1991 2758 2046 hominum
2783 2000 3018 2063 protegcs
3047 2009 3130 2046 eos
3163 1994 3219 2048 in
3248 1994 3491 2049 taberna-

1913 2083 2052 2138 culo.
2101 2082 2159 2137 ιιι
2197 2085 2630 2153 perturbationis
2676 2099 2773 2140 seu
2825 2084 3193 2140 contentionis
3224 2093 3496 2154 tempore,

1914 2185 1972 2229 tu
2005 2189 2260 2247 proteges
2300 2192 2420 2240 eos,
2453 2176 2654 2246 inquit,
2694 2178 2748 2230 in
2791 2177 3147 2232 tabernaculo
3195 2179 3496 2248 protectio-

1914 2269 2004 2325 nis
2031 2277 2162 2324 tuae.
2192 2267 2291 2324 Vel
2323 2277 2379 2323 tu
2410 2269 2757 2324 tabernaculi
2789 2271 2964 2325 instar
2985 2285 3083 2326 eos
3118 2279 3388 2342 protegcs.

1987 2362 2030 2416 Α
2087 2362 2508 2416 contradictione
2557 2362 2889 2432 linguarum.
2938 2363 2983 2417 A
3013 2365 3294 2418 communi
3326 2379 3495 2421 sensu

1915 2454 2248 2511 sumendum
2280 2462 2368 2511 est
2418 2455 2648 2510 verbum
2675 2464 2935 2526 proteges.
2969 2459 3014 2510 A
3049 2457 3496 2512 contradictione

1915 2557 2101 2604 autem
2139 2548 2480 2619 linguarum,
2527 2547 2632 2602 hoc
2687 2557 2797 2614 est,
2855 2564 2886 2604 a
2917 2549 3366 2604 contradictione
3397 2565 3499 2619 po.

1914 2640 2053 2712 puli.
2093 2639 2199 2695 Per
2253 2639 2495 2708 linguam
2542 2637 2691 2693 enim
2739 2639 2889 2708 ipsos
2947 2640 3258 2710 loquentes,
3317 2651 3370 2696 et
3402 2657 3500 2711 per

1917 2734 2446 2798 contradictionem,
2477 2733 2828 2787 subditorum
2863 2729 3296 2789 inobedientiam
3329 2733 3498 2790 intel-

1915 2829 2059 2900 ligit.

1993 2917 2158 2974 Vsus.
2175 2918 2265 2974 22.
2290 2918 2604 2974 Benedictus
2624 2916 2908 2984 Dominus,
2929 2919 3177 2988 quoniam
3193 2918 3500 2986 miriﬁcam

1921 3015 2343 3068 misericordiam
2400 3029 2552 3067 suam
2608 3013 2664 3066 in
2724 3013 2935 3066 civitate
3000 3015 3331 3067 munitionis.
3393 3013 3502 3068 Per

222 3107 398 3174 τεῖχος
429 3121 447 3136 ο
511 3105 672 3168 πόλις
715 3103 774 3157 δὲ
831 3104 1119 3176 περιοχῆς,
1179 3105 1212 3174 ἡ
1268 3107 1806 3177 περιτετειχισμένη.

1921 3107 2306 3172 munitionem,
2344 3120 2442 3160 seu
2491 3111 2575 3174 (ut
2636 3105 2812 3174 magis
2871 3113 3035 3159 sonat
3089 3105 3276 3159 Graeca
3329 3105 3499 3160 dictio

224 3202 386 3269 φησιν
419 3199 541 3263 οὖν,
587 3200 673 3251 ὅτι
730 3195 1050 3260 Ἐπαινετὸς
1084 3194 1280 3258 όΘεὸς,
1314 3196 1398 3249 ὅτι
1429 3195 1812 3268 θαυμάζεσθαι

1916 3198 2165 3270 περιοχὴ)
2220 3213 2316 3268 per
2349 3197 2642 3261 ambitum,
2676 3197 2880 3253 moenia
2913 3198 3156 3254 civitatis
3191 3198 3447 3267 intelligit
3479 3215 3497 3266 ;

228 3292 452 3360 ὲποίησε
502 3291 562 3343 τὸ
608 3289 760 3352 ἕλεος
805 3287 974 3342 αὑτοῦ
1033 3289 1092 3340 ὲν
1137 3288 1264 3356 ἐμοὶ
1293 3287 1371 3358 τῷ
1402 3291 1813 3360 χρηματίσαντι

1916 3293 2062 3348 unde
2091 3291 2370 3347 civitatem
2415 3290 2740 3345 munitionis
2783 3307 2878 3344 seu
2929 3291 3186 3355 ambitus,
3220 3291 3497 3346 civitatem

226 3385 376 3436 πόλει
408 3381 931 3452 περιτετειχισμένῃ
957 3397 972 3412 ο
1003 3379 1160 3451 δίκην
1185 3382 1294 3450 γὰρ
1320 3381 1530 3444 πόλεως
1553 3385 1814 3456 τοιαύτης

222 3475 505 3537 ἀναλωτος
543 3477 767 3544 ἔσομαι,
801 3473 892 3527 διὰ
916 3473 1015 3543 τῆς
1048 3473 1215 3526 αὐτοῦ
1252 3475 1524 3546 φυλακῆς.

1917 3387 2157 3457 appellat
2227 3383 2503 3439 moenibus
2547 3381 2972 3438 circumdatam.
3025 3382 3376 3447 Laudandus,
3412 3381 3502 3435 in-

1923 3480 2068 3550 quit,
2097 3478 2338 3532 maxime
2375 3474 2526 3531 Deus
2573 3483 2677 3539 est,
2726 3475 2818 3544 qui
2867 3474 3307 3529 misericordiam
3343 3488 3502 3530 suam

224 3571 273 3623 in
327 3586 417 3624 me
470 3577 663 3623 notam
694 3568 972 3632 omnibus,
1007 3575 1172 3638 atque
1228 3568 1612 3624 admirabilem
1657 3567 1810 3637 fecit,
1853 3574 1928 3628 ita
1967 3580 2028 3626 nt
2059 3569 2260 3625 civitas
2312 3571 2452 3623 bene
2507 3567 2718 3621 munita
2773 3565 3039 3637 appellari
3111 3566 3365 3636 possim;
3433 3583 3502 3624 eo

222 3665 367 3738 quod
402 3672 636 3733 propter
668 3676 942 3715 sumntam
987 3660 1042 3715 in
1095 3677 1178 3715 me
1223 3660 1318 3715 Dei
1361 3661 1695 3728 custodiam,
1734 3662 2177 3736 inexpugnabilis
2203 3675 2350 3725 sum,
2405 3661 2578 3715 instar
2629 3659 2870 3713 civitatis
2929 3658 3066 3712 bene
3119 3658 3360 3713 munitae.

301 3759 457 3829 Ἐγὼ
498 3756 567 3809 δὲ
609 3751 751 3808 εἶπα
787 3755 858 3806 ἐν
899 3751 974 3822 τῇ
1003 3752 1291 3807 ἐκστάσει
1321 3769 1456 3818 μου·
1507 3753 1816 3824 Ἀπέρριμ-

211 3871 320 3923 μαι
350 3851 475 3907 ἀπὸ
506 3846 839 3916 προσώπου
873 3845 994 3899 τῶν
1032 3843 1365 3915 ὀφθαλμῶν
1393 3858 1533 3900 σου.
1576 3848 1818 3902 Ἐκστα-

214 3964 326 4012 σιν,
354 3945 434 4006 ὡς
462 3943 817 4011 προέφημεν,
843 3939 993 4008 λέγει
1026 3939 1126 4008 τὴν
1159 3937 1438 4009 ἐκτροπὴν
1468 3937 1571 4008 τῆς
1599 3939 1820 4004 εὐθείας

209 4039 340 4092 ὀδοῦ
367 4038 484 4091 τῶν
527 4035 692 4088 θείων
717 4032 970 4087 ἐντολῶν·
1005 4031 1158 4098 Ὅτε,
1189 4033 1379 4101 φησιν,
1415 4031 1819 4102 ἐπλημμέλησα

205 4130 312 4198 τὴν
352 4125 614 4197 μοιχείαν
668 4124 766 4177 καὶ
804 4125 898 4176 τὸν
953 4121 1134 4191 φόνον,
1187 4121 1595 4193 μεταμεληθεὶς
1641 4117 1816 4185 εἷπον,

201 4221 296 4274 ὅτι
334 4220 449 4275 ’1ὀῦ
477 4217 674 4272 λοιποῦ
709 4217 1068 4288 ἁπὲρῤιμμαι
1101 4215 1212 4270 ἀπὸ
1234 4215 1334 4287 τῆς
1363 4215 1669 4285 ἐπισκοπῆς
1699 4231 1815 4268 σου.

283 4497 402 4551 Διά
425 4495 616 4551 τοῦτο
640 4491 1014 4560 εισήκουσας
1044 4491 1160 4560 τὴν
1183 4487 1396 4560 φωνὴν
1419 4488 1530 4557 τῆς
1559 4485 1826 4557 δεήσεώς

1991 3755 2160 3811 Vens.
2181 3755 2270 3808 23.
2297 3753 2410 3821 Ego
2439 3761 2615 3806 autem
2655 3752 2769 3804 dixi
2813 3752 2868 3803 in
2893 3752 3098 3804 εωθιαεί
3142 3767 3256 3806 mea
3275 3766 3293 3803 :
3323 3751 3506 3821 Proje-

1922 3861 2038 3903 ctus
2070 3864 2187 3902 sum
2213 3863 2244 3898 a
2269 3845 2412 3914 facie
2460 3844 2734 3898 oculorum
2766 3853 2996 3898 tuorum.
3019 3841 3124 3896 Per
3143 3845 3424 3907 exstasim,
3448 3852 3508 3898 ιιι

1917 3941 2178 4012 superius
2219 3939 2484 4004 diximus,
2519 3936 3014 4006 transgressionem
3053 3947 3220 4006 atque
3257 3935 3508 3992 aversio-

1919 4050 2046 4089 nem
2076 4032 2369 4102 intelligit,
2401 4044 2432 4083 a
2468 4038 2619 4084 recta
2666 4029 2753 4082 via
2800 4029 3187 4085 mandatorum
3249 4026 3367 4080 Dei.
3407 4029 3506 4090 Eo,

1921 4123 2129 4194 inquit,
2165 4136 2438 4191 tempore,
2465 4136 2577 4190 quo
2606 4120 2816 4190 deliqui
2847 4157 2863 4183 ,
2893 4119 3230 4176 adulterium
3275 4124 3408 4178 illud
3453 4128 3508 4179 et

1924 4219 2126 4272 caedem
2185 4213 2560 4277 committens,
2620 4227 2685 4267 ac
2745 4213 2944 4266 deinde
2997 4214 3063 4266 ad
3119 4216 3505 4282 pmnitentiam

1924 4322 2224 4365 conversus
2261 4321 2407 4372 sum,
2434 4305 2549 4360 dixi
2581 4320 2667 4360 me
2689 4305 2956 4374 deinceps
2982 4306 3290 4374 projectum
3318 4322 3443 4362 esse
3477 4323 3508 4362 ιι

1927 4400 2240 4473 praesentia,
2284 4405 2338 4452 et
2369 4406 2672 4467 conspectu
2708 4398 3217 4466 protectionistnze.

2003 4497 2294 4565 Propterea
2365 4493 2635 4548 exaudisti
2693 4508 2866 4546 vocem
2932 4491 3320 4560 deprecationis
3382 4505 3513 4544 mea:

197 4610 360 4660 μου,
410 4591 490 4644 ἐν
542 4585 627 4650 τῷ
671 4588 1029 4656 κεκραγέναι
1073 4603 1146 4654 με
1185 4585 1338 4653 πρὸς
1364 4583 1457 4637 σέ.
1494 4582 1593 4634 Διὰ
1625 4582 1680 4634 δὲ
1724 4582 1817 4650 τὴν

1928 4589 2054 4640 dum
2078 4592 2366 4640 clamarem
2393 4586 2463 4637 ad
2500 4595 2568 4638 te.
2601 4582 2684 4638 Ob
2724 4583 3106 4654 paenitentiam
3141 4591 3196 4638 et
3218 4583 3513 4637 contritio-

207 4682 616 4755 μεταμέλειαν
663 4680 758 4733 καὶ
809 4679 910 4749 τὴν
963 4677 1259 4748 συντριϐήν
1313 4692 1438 4746 μου,
1495 4673 1817 4744 εἰσήκουσάς

1927 4694 2052 4734 nem
2079 4692 2254 4732 meam
2287 4675 2562 4731 exaudisti
2601 4690 2688 4729 me
2726 4675 3059 4729 clamantem
3107 4673 3172 4729 ad
3214 4683 3288 4728 te.
3327 4673 3514 4728 Conli‘

218 4795 359 4844 μου,
418 4775 732 4846 βοήσαντος
783 4771 922 4842 πρὸς
976 4772 1058 4828 σέ.
1116 4771 1437 4839 Πέπεισμαι
1482 4769 1592 4837 γὰρ
1644 4765 1824 4830 τοῦτο,

221 4868 333 4919 καὶ
351 4865 619 4937 παρέξεις
650 4863 927 4933 βοήθειαν.

322 4962 707 5032 Ἀγαπήσατε
745 4956 856 5010 τὸν
885 4955 1129 5023 Κύριον,
1165 4952 1393 5019 πάντες
1431 4953 1486 5006 οι
1531 4951 1687 5004 ὅσιοι
1717 4950 1827 5002 αὺ-

222 5051 360 5108 τοῦ.
410 5051 504 5116 Ἐξ
537 5044 617 5105 ὧν
665 5048 832 5110 αὐτὸς
881 5046 959 5118 (7)
1008 5045 1256 5118 ᾐσθάνθη
1304 5047 1405 5114 τῆς
1440 5043 1590 5105 θείας
1629 5042 1823 5112 ῥοπῆς,

227 5147 610 5216 προτρέπεται
639 5140 778 5204 τοὺς
808 5139 1014 5203 ὁσίους,
1045 5140 1166 5210 ἢτοι
1206 5137 1335 5198 τοὺς
1364 5135 1656 5206 ἐναρέτους
1683 5134 1824 5201 ἀγα-

233 5241 341 5308 πᾷν
377 5238 473 5292 τὸν
508 5237 752 5309 Κύριον,
790 5233 868 5302 μὴ
897 5231 1107 5296 ἁπλῶς,
1138 5230 1256 5283 ἀλλ’
1287 5228 1348 5293 ἐξ
1379 5229 1511 5299 ὅλης
1546 5225 1774 5297 καρδίας
1807 5241 1823 5255 ·

243 5331 387 5385 τοῦτο
417 5332 526 5404 γὰρ
550 5331 645 5385 διὰ
681 5327 804 5381 τῶν
842 5325 969 5394 ἑξῆς
1003 5324 1298 5394 ἐδήλωσεν,
1331 5321 1504 5374 εἰπών
1529 5333 1544 5349 ⁸

309 5426 427 5481 Ὀτι
471 5423 784 5494 ἀληθείας
837 5417 1074 5486 ἐκζητεῖ
1131 5416 1371 5485 Κύριος.
1433 5415 1546 5478 Τὰς
1604 5411 1828 5482 ἀληθεῖς

247 5519 358 5590 πρὸς
386 5521 554 5576 αὐτὸν
580 5517 850 5585 ἀγάπαις.

1925 4772 2123 4826 debam
2173 4769 2356 4834 enim,
2422 4769 2570 4840 quod
2626 4767 2899 4821 auxilium
2957 4767 3094 4821 milii
3155 4782 3310 4824 esses
3368 4783 3515 4838 pra:-

1927 4871 2196 4920 staturus.

1999 4953 2169 5009 Vens.
2201 4953 2293 5008 24.
2330 4952 2546 5024 Diligite
2586 4951 2894 5016 Dominum,
2945 4967 3124 5006 omnes
3155 4952 3331 5006 sancti
3377 4951 3513 5020 ejus.

1933 5046 2189 5100 Divinum
2224 5043 2496 5114 propheta
2530 5041 2778 5097 sentiens
2806 5041 3095 5106 auxilium,
3123 5052 3347 5096 sanctos
3377 5043 3515 5096 alios

1930 5149 1986 5195 et
2029 5139 2239 5193 virtute
2281 5137 2540 5208 praeditos
2569 5135 2916 5202 exhortatur,
2952 5143 3013 5189 ut
3037 5135 3272 5203 diligant
3328 5131 3514 5186 Domi«

1931 5245 2063 5286 num
2089 5269 2105 5294 ,
2160 5243 2341 5298 neque
2389 5227 2496 5282 hoc
2527 5227 2880 5295 simpliciter,
2926 5225 3022 5281 sed
3055 5241 3121 5280 cx
3160 5233 3275 5279 toto
3324 5225 3511 5279 corde.

1931 5316 2085 5383 Quod
2119 5331 2183 5371 ex
2219 5316 2584 5386 sequentibus
2612 5315 2968 5384 signiﬁcavit,
3001 5312 3231 5367 dicens:

2005 5408 2271 5474 Quoniam
2299 5409 2549 5464 veritates
2585 5408 2814 5478 exquirit
2841 5405 3121 5459 Dominus.
3153 5401 3324 5458 Veras
3364 5401 3512 5458 scili-

1887 5543 1892 5548 .
1936 5509 2025 5557 cet
2055 5502 2379 5560 dilectiones
2404 5512 2568 5574 atque
2593 5515 2662 5558 ex
2691 5499 2878 5555 corde.

1580 5677 1788 5742 Varia)
1823 5676 2155 5740 lectiones.

270 5813 338 5887 (η
365 5813 460 5868 la.
514 5796 878 5878 ᾘσθάνετο.
