4078 6438
605 332 710 396 359

1764 327 2161 388 EUTHYMII
2221 327 2591 389 ZIGABENI

3763 331 3874 397 360

673 438 746 493 Et
776 437 1021 492 retribuit
1049 437 1115 491 iis
1159 437 1249 508 qui
1271 434 1605 490 abundanter
1635 436 1845 506 faciunt
1864 439 2175 508 superbiam.

2367 439 2473 493 Kal
2539 437 2986 493 ἀνταποδίδωσι
3050 441 3174 506 τοῖς
3248 440 3552 508 περισσῶς
3625 441 3878 497 ποιοῦσι

603 531 739 600 Hoc,
767 541 824 586 ut
851 531 1224 602 praediximus,
1253 539 1475 600 propter
1512 529 1928 601 Acltitophelem
1979 533 2186 587 dictum

602 635 709 680 est.
735 624 872 678 Cum
908 624 977 678 iis
1035 623 1201 693 igitur
1249 623 1344 693 qui
1394 623 1720 693 simpliciter
1772 623 2000 693 superbi
2036 634 2186 691 sunt,

608 712 874 768 Dominus
922 712 1258 782 longanimis
1282 720 1366 766 est
1398 727 1413 764 :
1445 726 1568 767 cum
1601 712 1669 766 iis
1718 728 1849 767 vero
1892 714 1986 783 qui
2031 715 2188 768 nimii

507 831 512 834 -
605 815 733 859 sunt
789 805 844 858 in
902 819 969 859 eo
1023 804 1182 868 vitio,
1245 802 1518 874 condigna
1581 801 1707 873 [nec
1765 802 1919 875 sero]
1973 804 2190 860 delictis

605 897 862 952 retribuit
895 898 1190 968 supplicia.

675 987 846 1044 Vens.
903 988 997 1042 25.
1069 987 1307 1042 Viriliter
1377 989 1542 1058 agite,
1604 999 1655 1043 et
1720 989 2038 1058 [ortiﬁcetur
2097 1005 2188 1043 cor

599 1092 852 1146 vestrum,
884 1096 1062 1134 omnes
1105 1081 1198 1151 qui
1229 1083 1456 1150 speratis
1503 1083 1558 1134 in
1601 1081 1848 1135 Domino.
1885 1082 2186 1152 Adjuvahit

600 1173 797 1239 procul
827 1172 998 1227 dubio
1031 1173 1300 1228 Dominus
1331 1189 1450 1239 vos,
1475 1185 1530 1230 et
1560 1189 1668 1228 non
1703 1174 1994 1244 despiciet.
2039 1173 2174 1229 Nam

600 1261 695 1330 qui
748 1262 803 1315 in
840 1261 998 1316 illum
1056 1263 1365 1329 conﬁdunt,
1399 1279 1509 1318 non
1543 1263 1988 1318 confunduntur.
2038 1263 2185 1319 Con-

599 1366 740 1406 sona
767 1361 954 1407 autem
1004 1354 1121 1408 haec
1172 1362 1305 1408 sunt
1367 1353 1439 1410 iis
1487 1368 1610 1423 quae
1660 1352 1938 1408 habentur
1989 1354 2048 1408 in
2076 1353 2183 1409 line

599 1443 804 1501 Psalmi
843 1459 992 1499 τινι.

889 1539 1138 1594 Psalmus
1181 1539 1283 1607 ipsi
1308 1537 1482 1592 David
1515 1537 1897 1608 intelligentia.

1105 1631 1428 1687 PSALMUS
1477 1630 1672 1685 XXXI.

669 1724 1037 1794 [intelligentiae
1097 1723 1442 1788 inscribitur,
1491 1723 1599 1788 vel,
1649 1724 1775 1794 quia
1833 1723 2006 1778 multa
2062 1731 2181 1778 erat

2293 533 2767 601 ὑπερηφάνειαν.
2799 532 2973 586 Τοῦτο
3002 533 3090 586 διὰ
3125 535 3216 586 τὸν
3262 533 3565 603 Ἀχιτόφελ,
3613 534 3690 597 ὡς
3725 551 3870 604 προ⁸

2293 625 2614 695 ειρήκαμεν.
2649 623 2773 676 Ἐπὶ
2796 624 2894 694 μὲν
2918 626 3030 687 τοῖς
3053 624 3241 688 ἁπλῶς
3268 625 3370 678 ὑπε
3381 626 3874 696 ρηφανευομένοις,

2295 716 2642 786 μακροθυμεῖ
2662 729 2679 746 ⁸
2710 715 2824 778 τοῖς
2852 714 2909 767 δὲ
2946 716 3225 785 περισσῶς
3257 715 3417 769 τοῦτο
3463 717 3736 785 ποιοῦσιν,
3767 718 3877 772 οὐκ

2290 810 2371 869 εἰς
2394 807 2618 878 μακρὰν
2647 805 2770 861 ἀντὶ
2799 805 3006 878 ταύτης
3036 807 3368 862 ἀποδίδωσιν
3390 809 3692 880 τιμωρίαν.

2371 980 2734 1049 Ἀνδρίζεο-θε
2778 983 2875 1036 καί
2913 985 3325 1051 κραταιούσθω
3363 988 3401 1056 ἠ
3437 988 3651 1057 καρδία
3678 992 3877 1060 ὑμῶν.

2289 1075 2516 1142 πάντες
2557 1080 2610 1130 ol
2654 1073 3000 1142 ἐλπίζοντες
3043 1077 3140 1130 ἐπὶ
3169 1079 3413 1146 Κύριον.
3449 1081 3723 1154 Βοηθήσει
3760 1085 3880 1155 γὰρ

2287 1169 2700 1238 ἀναμφιϐόλως,
2733 1172 2827 1221 καὶ
2855 1171 2918 1222 οὐ
2950 1170 3294 1240 περιόψεται.
3323 1173 3388 1225 Οἱ
3408 1174 3518 1245 γὰρ
3549 1177 3882 1240 πεποιθότες

2286 1262 2374 1314 ἐπ’
2406 1261 2591 1327 αὑτὸν,
2615 1262 2675 1314 οὐ
2711 1261 2786 1332 μὴ
2820 1263 3320 1331 καταισχυνθῶσιν.
3365 1264 3753 1337 Ἐπεφώνησεν
3777 1269 3882 1322 καὶ

2285 1353 2462 1409 ταῦτα
2489 1353 2670 1424 ἑαυτῷ
2696 1356 2754 1407 ὲν
2789 1353 2867 1424 τῷ
2894 1353 3038 1407 τέλει
3058 1354 3152 1408 τοῦ
3181 1352 3276 1418 κς¹
3305 1355 3547 1426 ψαλμοῦ.

2609 1528 2855 1600 Ψαλμὸς
2884 1529 2964 1596 τῷ
2997 1532 3177 1609 sane
3217 1533 3550 1600 συνέσεως.

2846 1623 3138 1677 ΨΑΛΜΟΣ
3174 1623 3302 1680 ΛΜ.

2354 1722 2427 1774 Ἦ
2472 1722 2554 1774 ὅτι
2602 1719 2871 1782 συνέσεως
2919 1719 3181 1788 πλησθεὶς
3210 1720 3451 1790 ἔγραψεν
3482 1723 3682 1788 ταῦτα,
3715 1725 3750 1794 ἢ
3784 1726 3874 1778 ὅτι

599 1783 872 1887 Propheta
905 1817 1100 1886 plenus
1147 1783 1532 1886 intelligentia,
1582 1783 1803 1886 quando
1841 1815 1990 1870 hunc
2034 1815 2175 1885 psal-

2281 1813 2442 1886 χρεία
2481 1813 2751 1876 σδνέσεως
2779 1811 3043 1879 ἐνταῦθα,
3085 1813 3117 1884 ἢ
3164 1813 3260 1866 καὶ
3289 1815 3372 1866 ὃτι
3415 1817 3685 1885 συνετιίζει
3734 1819 3874 1881 τοὺς

603 1924 749 1961 mum
809 1907 1170 1978 composuit;
1231 1909 1340 1971 vel,
1400 1910 1529 1978 quia
1586 1909 1656 1962 ob
1718 1906 2183 1977 profundissimos

597 2000 797 2070 psalmi
823 2013 1040 2064 sensus,
1070 1999 1263 2054 lectori
1293 1999 1463 2053 multa
1491 2014 1634 2069 opus
1659 2009 1745 2054 est
1777 1999 2136 2070 intelligentia
2165 2017 2183 2056 :

596 2095 706 2159 vel,
739 2096 871 2164 quia
913 2094 1174 2147 lectorem
1206 2093 1394 2147 erudit
1420 2102 1586 2164 atque
1613 2093 2010 2164 intelligentem
2057 2092 2186 2148 red-

595 2188 700 2240 dit.
751 2186 1028 2238 Admonet
1083 2183 1291 2253 quippe
1346 2199 1472 2237 eum
1523 2184 1762 2240 dicens:
1823 2182 2006 2238 Nolite
2058 2185 2181 2254 fieri

597 2279 732 2333 sicut
773 2293 934 2346 equus
984 2285 1032 2330 et
1089 2275 1286 2342 mulus,
1312 2275 1502 2345 quibus
1561 2293 1667 2330 non
1725 2286 1800 2329 est
1853 2276 2172 2331 intellectus.

597 2370 942 2438 Conscripsit
995 2371 1162 2423 etiam
1218 2369 1413 2423 beatus
1471 2369 1640 2423 David
1698 2370 1848 2423 hunc
1897 2369 2171 2439 psalmum

595 2471 723 2532 post
754 2460 1112 2514 eonnnissum
1167 2460 1502 2514 adulterium
1557 2468 1604 2514 et
1655 2460 1857 2514 caedem
1897 2476 1911 2512 :
1949 2460 2020 2514 ob
2050 2474 2174 2526 quae

595 2568 719 2605 cum
752 2554 804 2605 in
839 2555 1020 2606 varias
1053 2550 1348 2608 incidisset
1375 2552 1738 2619 calamitates,
1781 2553 1964 2607 varios
2005 2552 2171 2607 etiam
2210 2551 2453 2621 psalmos
2479 2549 2835 2620 conscripsit,
2868 2549 2962 2606 illa
3005 2549 3302 2620 deplorans

2284 1905 2783 1975 ἀναγινώσκοντας.
2817 1904 2956 1973 Φησὶ
2990 1902 3100 1973 γάρ
3126 1919 3141 1934 ·
3173 1903 3270 1971 Μὴ
3306 1906 3550 1972 γίνεσθε
3577 1907 3658 1973 ὡς
3679 1907 3875 1974 ἵππος

2284 1998 2384 2053 καί
2437 1996 2732 2066 ἡμίονος,
2794 1989 2886 2061 οἷς
2933 1997 3046 2049 οὐκ
3103 1995 3238 2050 ἐστι
3283 1998 3557 2063 σύνεσις.
3627 1999 3874 2068 Είρηκεν

2282 2091 2340 2144 δὲ.
2399 2088 2492 2142 τὸν
2546 2087 2793 2158 παρόντα
2843 2085 3062 2158 ψαλμὸν
3113 2087 3252 2158 μετὰ
3304 2088 3406 2159 τὴν
3462 2088 3715 2160 μοιχείαν
3773 2092 3876 2143 καὶ

2283 2183 2376 2234 τὸν
2405 2179 2570 2250 φόνον
2623 2177 2720 2232 τοῦ
2770 2177 3000 2249 Οὐρίου.
3057 2179 3346 2249 Διαφόροις
3398 2179 3510 2250 γὰρ
3551 2180 3876 2252 περιπεσὼν

2283 2276 2350 2327 ὲκ
2411 2274 2534 2326 τότε
2577 2273 2883 2342 λογισμοῖς,
2942 2272 3236 2342 διαφόρους
3293 2271 3546 2342 ψαλμοὺς
3599 2273 3872 2345 ἔγραψεν,

2287 2364 2732 2436 μνημονεύοντας
2786 2361 3005 2433 ἐκείνης
3056 2364 3155 2434 τῆς
3187 2364 3491 2436 ἁμαρτίας.
3545 2366 3868 2437 Πρόσφορος

2280 2457 2338 2510 δὲ
2369 2459 2502 2528 ἡμῖν
2534 2458 2564 2510 ὁ
2593 2455 2831 2525 ψαλμὸς,
2861 2454 3144 2523 ἀναλόγως
3179 2455 3683 2528 ἐκλαμϐανόμενος.

3375 2560 3622 2621 peccata.
3697 2551 3867 2608 L'tilis

597 2651 762 2702 etiam
813 2648 915 2703 erit
947 2651 1033 2702 hic
1069 2649 1336 2719 psalmus,
1369 2650 1414 2703 si
1442 2650 1599 2718 juxta
1627 2649 1988 2720 anagogicum
2031 2663 2257 2704 sensum
2295 2648 2657 2718 intelligatur.

671 2744 833 2795 Vens.
863 2741 915 2794 1.
949 2740 1100 2793 Beati
1143 2756 1368 2810 quorum
1410 2741 1643 2794 remissa:
1687 2751 1808 2794 sunt
1840 2741 2178 2810 iniquitates,

594 2846 642 2891 et
676 2852 900 2906 quarum
933 2843 1072 2887 tecta
1123 2845 1246 2888 sunt
1291 2849 1528 2905 peccata.
1561 2835 1696 2889 Cum
1728 2846 1850 2904 post
1883 2836 2176 2892 commissa

595 2946 626 2983 a
651 2944 709 2983 se
729 2927 950 2992 delicta,
986 2927 1189 2981 multos
1218 2929 1508 2998 pertulerit
1537 2929 1774 2993 labores,
1809 2927 2000 2983 beatos
2031 2935 2184 2984 nunc

595 3021 718 3074 illos
765 3021 879 3073 fore
929 3018 1088 3085 dicit,
1135 3021 1341 3090 quibus
1375 3022 1583 3090 absque
1614 3021 1730 3074 ullo
1767 3021 1960 3076 labore
1995 3021 2180 3077 conti-

599 3114 758 3182 gerit,
793 3115 1014 3184 propria
1050 3115 1275 3170 abluere
1307 3125 1532 3184 peccata
1566 3133 1579 3168 :
1614 3115 1738 3172 illos
1792 3117 2054 3171 nimirum
2103 3117 2181 3172 si-

2350 2743 2642 2808 Μακάριοι
2689 2734 2777 2793 ὧν
2826 2739 3147 2808 ἀφέθησαν
3191 2743 3251 2794 αἱ
3307 2740 3570 2810 ἀνομίαι,
3623 2741 3720 2795 καὶ
3771 2736 3862 2796 ὧν

2279 2835 2807 2902 ἀπεκαλύφθησαν
2861 2836 2922 2890 al
2980 2835 3278 2902 ἁμαρτίαι.
3337 2835 3511 2896 Αὐτὸς
3568 2835 3708 2903 μετὰ
3757 2835 3861 2904 τὴν

2279 2926 2555 2997 ἁμαρτίαν
2578 2926 2753 2978 πολλὰ
2789 2927 3032 2996 πονήσας
3065 2928 3124 2979 ὲν
3159 2929 3225 2998 τῇ
3259 2927 3527 2998 ἁμαρτίᾳ,
3559 2928 3862 2997 μακαρίζει

2277 3019 2404 3081 τοὺς
2454 3018 2673 3082 ἀπόνως
2725 3016 3168 3085 ἀπολουομένους
3211 3018 3279 3070 τὰ
3326 3019 3674 3090 ἐγκλήματα,
3731 3019 3865 3082 τοὺς

2277 3107 2713 3179 βαπτιζομένους
2763 3109 3158 3177 αἰνιττόμενος.
3229 3108 3386 3163 Ἐπεὶ
3437 3109 3493 3162 δὲ
3545 3109 3754 3163 τούτων
3811 3113 3862 3163 oi

597 3205 890 3273 gnificans,
924 3206 1018 3275 qui
1049 3206 1267 3260 lavacro
1307 3207 1659 3276 baptismatis
1710 3208 1813 3262 hoc
1855 3208 2058 3262 fuerint
2088 3224 2174 3263 re-

2284 3203 2382 3272 μὲν
2433 3200 2494 3266 ἐξ
2541 3201 2721 3259 ἐθνῶν
2780 3204 2940 3267 εἰσὶν,
2995 3203 3046 3254 of.
3097 3203 3155 3256 δὲ
3210 3203 3274 3254 ἐκ
3340 3203 3644 3274 περιτομῆς
3677 3220 3690 3234 ’
3733 3205 3865 3255 ἀνο-

595 3297 874 3352 missionis
912 3297 1115 3351 donum
1159 3300 1438 3353 consecuti
1466 3315 1480 3366 ;
1514 3306 1570 3354 et
1620 3299 1749 3368 quia
1785 3315 1852 3354 ex
1882 3301 1950 3354 iis
1975 3300 2070 3354 alii
2103 3315 2172 3353 ex

593 3391 853 3457 gentibus
901 3391 1072 3445 futuri
1117 3402 1298 3453 erant,
1345 3391 1436 3444 alii
1485 3406 1548 3445 ex
1592 3393 2040 3456 circumcisione,
2071 3393 2176 3446 ini-

593 3483 831 3548 quitates
861 3483 1079 3551 quidem
1112 3499 1232 3551 quae
1260 3483 1446 3537 Gneca
1495 3483 1742 3538 dictione
1792 3484 2018 3553 ἀνομίαι
2071 3485 2177 3538 hoc

2287 3294 2416 3366 μίαν
2477 3295 2577 3365 μὲν
2629 3289 2802 3360 εἶπεν,
2856 3296 2950 3347 ἐπὶ
2981 3294 3086 3348 τῶν
3113 3295 3171 3362 ἐξ
3225 3295 3418 3358 ἐθνῶν,
3451 3291 3531 3360 οἷς
3570 3298 3671 3348 οὐκ
3699 3295 3859 3368 ἐδόθη

2282 3388 2484 3464 νόμος·
2538 3389 2819 3459 ἁμαρτίαν
2865 3391 2942 3454 δὲ,
2998 3391 3091 3442 ἐπὶ
3136 3389 3247 3442 τῶν
3289 3393 3352 3442 ἐκ
3387 3391 3711 3462 περιτομῆς,
3743 3389 3858 3444 τῶν

2284 3481 2390 3534 ὑπὸ
2419 3479 2510 3535 τὸν
2543 3481 2744 3550 νόμον·
2780 3480 3032 3551 ἁμαρτία
3061 3481 3188 3550 γὰρ,
3228 3479 3488 3550 ἀθέτησις
3521 3480 3710 3549 νόμου.

592 3589 678 3635 est
705 3579 921 3647 esleges
981 3583 1162 3642 erant,
1228 3577 1297 3632 de
1318 3577 1616 3646 gentilibus
1643 3577 1894 3646 dicit‘qui
1927 3577 2077 3630 omni
2102 3589 2334 3646 prorsus
2361 3576 2624 3630 carebant
2663 3575 2816 3645 lege;
2849 3583 3075 3645 peccata
3103 3588 3234 3629 vero
3265 3573 3333 3629 de
3362 3573 3589 3642 Judaeis,
3625 3577 3722 3646 qui
3753 3576 3858 3632 sub

593 3671 713 3740 lege
742 3679 921 3723 erant.
957 3667 1251 3722 Peccatum
1275 3669 1422 3721 enim
1451 3669 1735 3738 neglectus
1759 3679 1866 3732 est,
1891 3677 1985 3723 aut
2006 3679 2350 3738 contemptus
2375 3668 2531 3735 legis.

667 3759 835 3813 Vens.
861 3763 915 3812 ‘2.
949 3759 1147 3813 Beatus
1180 3761 1261 3814 vir
1291 3761 1378 3813 cui
1406 3777 1509 3814 non
1547 3763 1886 3828 imputarerit
1920 3763 2172 3816 Dominus

595 3861 892 3920 peccatum.
915 3851 1015 3904 Cui
1039 3865 1103 3904 ea
1127 3853 1340 3906 ratione
1363 3861 1646 3920 peccatum
1671 3869 1779 3908 non
1829 3855 2170 3924 ascripserit,

593 3945 742 4014 quod
769 3943 1208 4012 regenerationis
1236 3944 1512 3997 lavacrum
1542 3945 1786 3999 ablutum
1810 3946 1947 4016 jam,
1974 3961 2037 4000 ac
2069 3961 2169 4015 pe-

2346 3759 2653 3828 Μακάριος
2700 3759 2880 3829 ἀνὴρ,
2936 3755 2985 3830 ᾧ
3033 3764 3106 3816 οὐ
3148 3762 3234 3831 μὴ
3275 3764 3581 3832 λογίσεται
3637 3763 3860 3830 Κύριος

2271 3851 2586 3921 ἁμαρτίαν.
2619 3845 2688 3924 Ὤ
2709 3854 2811 3906 οὐκ
2843 3855 3231 3925 ἐπιγράφεται,
3264 3859 3325 3909 οὐ
3365 3859 3645 3926 μετρήσει,
3677 3856 3766 3909 διὰ
3795 3857 3860 3910 τὸ

2265 3947 2627 4019 ἀφανισθῆναι
2647 3949 2854 4019 ταύτην
2875 3950 3024 4020 παρὰ
3047 3951 3139 4003 τοῦ
3170 3951 3266 4020 τῆς
3291 3951 3708 4019 παλιγγενεσίας
3727 3951 3860 4006 λου-

594 4036 745 4090 nitus
768 4035 1003 4088 deletum
1024 4036 1117 4091 sit.
1143 4021 1428 4090 Peccatum
1455 4036 1830 4092 indifferenter
1853 4038 2035 4106 posuit
2066 4053 2164 4108 pro

2279 4036 2416 4106 ιροῦ.
2446 4039 2756 4108 Ἁμαρτίαν
2773 4042 2828 4094 δὲ
2850 4041 2943 4095 νῦν
2965 4042 3275 4112 ἀδιαφόρως
3302 4044 3356 4095 τὸ
3375 4043 3625 4113 ἔγκλημα
3646 4041 3858 4110 κέκλη-

591 4129 774 4196 Culpa.
801 4127 1030 4192 Quidam
1061 4137 1243 4180 autem
1277 4127 1418 4181 idem
1452 4138 1684 4197 utraque
1705 4129 2015 4198 significare
2037 4143 2172 4183 con-

592 4219 880 4273 tendentes
925 4219 1290 4288 praecedentia
1323 4219 1468 4274 dicta
1507 4220 1878 4276 indifferenter
1917 4225 2166 4291 capiunt.

663 4309 778 4364 Nec
834 4323 908 4365 est
965 4312 1019 4364 in
1077 4327 1168 4364 ore
1216 4312 1333 4381 ejus
1377 4312 1554 4367 dolus.
1596 4313 1709 4368 Nec
1738 4323 1865 4383 post
1895 4315 2167 4385 baptisma

591 4403 857 4456 mentitus
894 4412 1000 4464 est,
1041 4410 1137 4456 aut
1188 4403 1412 4456 violarit
1477 4413 1657 4472 pacta,
1709 4421 1831 4475 qum
1879 4421 2005 4460 cum
2058 4406 2171 4461 Deo

591 4492 778 4547 habet.
837 4493 1032 4547 Delum
1084 4493 1230 4548 enim
1275 4494 1362 4548 hic
1411 4511 1511 4564 pro
1538 4498 1828 4552 mendacio
1863 4498 2172 4569 intelligere

590 4584 874 4639 debemus.
910 4583 1207 4639 Proﬁtetur
1239 4586 1384 4640 enim
1439 4589 1508 4653 is,
1545 4592 1639 4659 qui
1671 4591 2006 4658 baptizatur,
2037 4604 2168 4660 0pc-

2281 4147 2392 4187 κεν.
2427 4133 2584 4196 Τινὲς
2605 4133 2663 4186 δὲ
2695 4134 2763 4188 τὰ
2794 4135 2903 4188 ἄνω
2927 4135 3088 4204 ῥητὰ,
3119 4135 3432 4204 ἀδιαφόρως
3455 4134 3856 4204 λαμϐάνουσιν,

2278 4220 2344 4272 ὲκ
2373 4221 2717 4292 παραλλήλου
2752 4222 2812 4275 τὸ
2872 4223 3005 4276 αὐτὸ
3067 4224 3314 4291 λέγοντες
3340 4225 3508 4294 ἄμφω
3537 4226 3854 4294 σημαίνειν.

2351 4312 2503 4366 Οὺδέ
2534 4313 2666 4366 ἐστι
2699 4314 2770 4366 ἐν
2811 4313 2890 4379 τῷ
2934 4314 3188 4382 στόματῐ
3231 4315 3416 4370 αὑτοῦ
3450 4317 3651 4382 δόλος.
3713 4317 3856 4370 Οὐδὲ

2278 4404 2418 4471 μετὰ
2449 4404 2508 4456 τὸ
2542 4403 2826 4475 βάπτισμα
2852 4405 3119 4474 ἐψεύσατο
3149 4408 3245 4470 τὰς
3271 4411 3351 4472 εἰς
3387 4408 3517 4462 Θεὸν
3553 4408 3850 4478 συνθήκας.

2273 4495 2436 4549 Δόλον
2477 4496 2585 4566 γὰρ
2617 4496 2733 4560 νῦν,
2776 4500 2838 4549 τὸ
2887 4496 3085 4568 ψεῦδος
3133 4499 3494 4567 ὑποληπτέον.
3562 4499 3856 4570 Ὁμολογεῖ

2271 4587 2382 4656 γὰρ
2412 4587 2441 4639 ό
2495 4587 2892 4658 βαπτιζόμενος
2941 4590 3320 4655 ἀποτάξασθαι
3379 4591 3478 4659 μὲν
3521 4595 3636 4654 τοῖς
3663 4591 3852 4660 ἔργοις

591 4671 747 4727 ribus
777 4674 1086 4728 daemonum
1132 4675 1454 4732 renuntiare
1478 4717 1495 4744 ,
1548 4688 1603 4734 et
1649 4677 1858 4734 Christi
1890 4681 2166 4736 mandatis

2279 4677 2369 4732 τοῦ
2400 4678 2682 4749 δαίμονος,
2737 4679 3105 4745 συντάξασθαι
3127 4681 3185 4733 δὲ
3217 4683 3329 4745 τοῖς
3352 4682 3445 4734 τοῦ
3476 4681 3737 4750 Χριστοῦ.

591 4779 648 4818 se
681 4763 1002 4833 adjungere.

671 4856 830 4911 Vens.
856 4858 908 4913 5.
941 4856 1205 4922 Quoniam
1243 4861 1404 4914 tacui.
1438 4859 1586 4916 Beati
1616 4862 1709 4918 isti
1742 4874 1891 4930 sunt,
1914 4880 2013 4936 ego
2035 4881 2165 4922 vero

590 4948 901 5020 plangendo
940 4950 1200 5020 fatigatus
1233 4952 1386 5008 silui.

662 5038 966 5095 luveterata
993 5052 1117 5096 sunt
1142 5060 1263 5098 ossa
1292 5060 1430 5105 mea,
1457 5043 1582 5098 dum
1617 5044 1901 5102 clamarem
1924 5057 2033 5104 tota
2055 5049 2162 5105 die.

2335 4862 2458 4916 Ὅτι
2478 4861 2758 4932 adimo-t1.
2787 4862 3064 4933 Μακάριοι
3095 4855 3240 4916 οὗτοι
3263 4879 3276 4892 ο
3311 4863 3405 4916 καὶ
3435 4863 3546 4933 γὰρ
3580 4863 3691 4932 ἐγὼ
3711 4865 3853 4920 ἀπο-

2241 4954 2456 5029 ,καμὼν
2489 4957 2546 5008 ὲν
2571 4954 2648 5023 τῷ
2678 4953 2999 5015 κόπτεσθαι,
3037 4953 3288 5024 ἐσίγησα.

2347 5045 2720 5113 Ἐπαλαιώθη
2752 5046 2825 5098 τὰ
2858 5044 3010 5100 ὀστᾶ
3056 5063 3178 5114 μου
3228 5046 3347 5099 ἀπὸ
3375 5047 3482 5101 τοῦ
3508 5043 3744 5115 κράζειν
3766 5069 3853 5118 με

591 5131 714 5186 llaec
751 5133 850 5188 fuit
882 5135 1087 5189 silentii
1119 5152 1310 5192 causa.
1349 5140 1457 5192 Per
1482 5151 1606 5192 ossa
1637 5148 1822 5194 autem
1853 5143 1996 5196 vires
2031 5157 2163 5198 suas

2279 5139 2416 5206 ὅλην
2441 5139 2558 5205 τὴν
2584 5136 2834 5206 ἡμέραν.
2869 5137 3042 5192 Τοῦτο
3069 5141 3100 5208 ή
3127 5139 3276 5193 αἰτία
3308 5139 3409 5209 τῆς
3441 5142 3600 5211 σιγῆς
3625 5159 3638 5173 ο
3672 5143 3760 5194 διὰ
3786 5144 3851 5197 δὲ

589 5225 840 5295 intelligit
868 5244 882 5289 ;
915 5241 1042 5282 ossa
1067 5228 1214 5282 enim
1254 5243 1459 5298 corpus
1485 5231 1780 5293 sustinent,
1813 5248 1878 5287 ac
1907 5235 2157 5290 stabilem

2279 5229 2370 5281 τῶν
2391 5226 2587 5292 ὀστῶν,
2637 5227 2734 5298 τὴν
2775 5227 3003 5296 δύναμιν
3029 5229 3196 5282 αὑτοῦ
3232 5231 3556 5299 ἐνεσήμαινε.
3597 5233 3677 5284 Τἁ
3709 5235 3851 5286 ὀστᾶ

589 5315 846 5370 reddunt.
883 5315 1190 5371 lnveterata
1227 5327 1409 5372 autem
1432 5329 1579 5384 sunt,
1601 5319 1704 5375 hoc
1732 5331 1817 5376 est
1876 5323 2162 5379 inﬁrmata

2279 5320 2368 5390 (ip
2398 5319 2739 5387 ὑπερείδουσι
2773 5320 2834 5371 τὸ
2863 5319 3021 5382 ζῶον.
3063 5321 3439 5390 Ἐπαλιιιώθη
3479 5323 3557 5386 δὲ,
3591 5325 3717 5377 ἀντὶ
3744 5327 3848 5380 τοῦ

591 5419 655 5458 ac
686 5407 995 5462 debilitata.
1025 5407 1162 5462 Nam
1193 5409 1339 5479 quod
1373 5411 1659 5481 antiquum
1680 5423 1785 5478 est,
1813 5415 2047 5471 debilius
2077 5419 2158 5471 iit.

591 5499 907 5560 lutirmataa,
941 5500 1142 5568 inquit,
1174 5511 1306 5555 sunt
1327 5504 1474 5558 vires
1517 5519 1667 5559 meae.
1717 5505 1851 5560 Tota
1886 5524 2016 5565 vero
2049 5508 2156 5576 die,

2272 5412 2626 5482 Ἦσθένησαν,
2650 5412 2730 5466 ὅτι
2756 5412 2816 5464 τὸ
2845 5412 3089 5476 παλαιὸν,
3109 5413 3354 5475 ἀσθενές.
3397 5415 3711 5485 ’Πσθένησε,
3739 5432 3848 5482 φη-

2261 5509 2365 5570 σὶν,
2423 5507 2456 5572 ή
2508 5506 2732 5574 δύναμίς
2769 5522 2892 5575 μου.
2931 5505 3126 5573 Ὀλην
3162 5508 3220 5561 δὲ
3271 5508 3382 5575 τὴν
3411 5508 3668 5577 ἡμέραν,
3719 5511 3848 5565 ἀντὶ

588 5587 720 5641 dicit
750 5605 868 5657 pro,
905 5591 1150 5661 Semper,
1184 5602 1347 5662 atque
1382 5595 1619 5650 assidue.
1646 5597 1872 5662 Quoties
1905 5601 2051 5654 enim
2105 5604 2160 5656 in

2279 5599 2380 5664 τοῦ,
2412 5597 2511 5650 Διὰ
2547 5599 2772 5660 παντός.
2815 5599 3034 5661 Ὀσάκις
3062 5599 3169 5668 γὰρ
3205 5601 3272 5653 ἄν
3321 5603 3614 5672 πειρασμῷ
3653 5604 3847 5672 περιέ-

592 5679 918 5733 tentationes
950 5680 1248 5743 incidebat,
1281 5683 1442 5736 toties
1474 5698 1633 5736 suum
1689 5685 1908 5754 lugebat
1962 5702 2158 5756 pecca-

591 5777 729 5834 tum,
754 5769 914 5837 quasi
946 5771 1127 5825 omnis
1152 5772 1302 5827 illinc
1324 5772 1445 5827 vita:
1473 5789 1585 5828 sum
1618 5775 1961 5847 inaequalitas
1989 5778 2153 5834 deﬂu-

2266 5706 2488 5753 πιπτεν,
2546 5689 2766 5758 ὀδύρετο
2797 5690 2892 5760 τὴν
2933 5692 3204 5760 ἁμαρτίαν
3244 5693 3481 5762 ἐκείνην,
3524 5694 3598 5755 ὡς
3628 5694 3846 5749 ἐκεῖθεν

2265 5781 2413 5851 αὖτῷ
2442 5784 2537 5852 τῆς
2575 5781 2890 5851 ἀνωμαλίας
2937 5783 3032 5835 τοῦ
3062 5784 3176 5854 βίου
3226 5787 3467 5856 ῥυείσης.
3525 5788 3677 5842 Ἐπεὶ
3728 5789 3844 5860 γάρ
