4078 6420
309 317 426 385 36!

1488 320 1879 383 COMMENT.
1914 318 1994 380 ΙΝ
2028 317 2162 378 PSA
2172 317 2389 379 LMOS.

3483 317 3590 381 362

307 440 413 488 καὶ
460 435 529 503 τῇ
563 429 780 501 μοιχείᾳ
817 428 915 482 καὶ
956 428 1034 501 τῷ
1060 429 1207 500 φόνῳ
1233 429 1465 495 θάνατος
1506 428 1575 503 ἦν
1601 434 1903 504 ἐπιτίμιον,

2018 433 2220 504 sisset;
2250 442 2305 487 et
2331 430 2460 501 quia
2484 443 2586 499 pro
2609 428 2810 485 delicto
2841 444 3006 485 caenis
3059 437 3113 485 et
3147 429 3398 487 adulterii
3438 448 3589 489 mors

306 525 512 578 τοῦτον
560 523 659 592 μὲν
698 521 1057 594 συνεχωρήθη
1101 522 1191 577 διὰ
1217 522 1312 576 τοῦ
1346 526 1636 596 προφήτου
1694 525 1906 591 Νάθαν,

310 615 666 686 ὁμολογήσας
695 615 1102 685 ἡμαρτηκέναι,
1136 615 1445 686 φήσαντος*
1506 618 1589 671 Οὐ
1622 616 1710 687 μὴ
1759 618 1910 672 ἀπο·

311 706 534 775 θάνῃς.
564 707 857 777 Συμφοραὶ
897 705 955 760 δὲ
983 705 1133 777 αὑτῷ
1173 706 1270 762 καὶ
1308 709 1376 779 τῇ
1411 708 1558 781 οίκίᾳ
1604 710 1700 763 καὶ
1752 714 1910 779 παρα

311 800 514 851 «τοῦτου
546 795 947 871 ἡπειλήθησαν,
997 797 1064 864 ἃς
1118 798 1213 853 καὶ
1257 799 1364 868 πρὸ
1414 798 1710 871 ὀφθαλμῶν
1763 800 1957 872 ἐχειν-

315 890 591 947 ὠδυνᾶτο.

385 1160 517 1215 Ὅτι
561 1159 789 1229 ἡμέρας
827 1158 930 1214 καί
984 1162 1206 1228 νυκτὸς
1265 1162 1563 1231 ἐϐαρύνθη
1620 1162 1841 1231 ἐπ’ἐμὲ
1867 1164 1906 1232 ἡ

318 1250 448 1321 χείρ
488 1265 632 1305 σου.
667 1249 838 1304 Τοῦτο
871 1251 1035 1305 πάλιν
1080 1252 1230 1306 αἰτία
1256 1252 1352 1306 τοῦ
1385 1252 1613 1324 κράζειν
1634 1268 1651 1283 '
1675 1254 1801 1326 χεὶρ
1852 1254 1910 1308 δὲ

319 1342 580 1408 ἐνταῦθα,
610 1345 643 1414 ἡ
678 1343 977 1413 κολαστικὴ
999 1343 1232 1415 δύναμις
1256 1360 1271 1374 ⁸
1291 1347 1358 1415 τῇ
1388 1346 1534 1416 χειρὶ
1554 1346 1663 1417 γὰρ
1688 1345 1910 1410 κολάζει

315 1453 440 1502 τις·
500 1434 787 1507 ὲόαρύνθη·
836 1436 917 1501 δὲ,
970 1437 1092 1490 ἀντὶ
1146 1435 1262 1503 τοῦ,
1324 1437 1541 1507 βαρέως
1592 1438 1909 1509 ὲπηνέχθηο

315 1527 531 1599 ἡμέρας
562 1526 622 1580 δὲ
647 1526 746 1580 καὶ
786 1528 1003 1592 νυκτὸς,
1038 1526 1159 1582 ἀντὶ
1203 1528 1326 1593 τοῦ,
1354 1527 1446 1582 διὰ
1488 1528 1715 1591 παντός.

395 1709 756 1781 Ἐστράφην
778 1711 867 1776 είς
894 1709 1306 1778 ταλαιπωρίαν
1339 1708 1421 1775 τῷ
1441 1708 1788 1780 apum-ﬁmi
1808 1727 1914 1780 μοι

310 1804 614 1857 ἄκανθαν.
646 1799 928 1854 ’Δκανθαν
957 1801 1217 1870 ὀνομάζει
1241 1799 1340 1871 τὴν
1371 1801 1675 1870 ἁμαρτίαν,
1722 1801 1815 1853 καὶ
1837 1800 1914 1864 ὡς

315 1893 521 1962 ιξωθεν
548 1886 965 1964 παραφυείσαν,
1002 1893 1436 1963 ὲμπειρομένην,
1466 1892 1560 1946 καὶ
1585 1892 1662 1956 ὡς
1682 1892 1913 1945 νύσσου-

321 2005 419 2040 σαν
450 1988 554 2041 καὶ
582 1984 968 2055 άλγείνουσαν.
1009 1985 1388 2055 Ἐμπαγείσης
1432 1979 1528 2038 οὖν
1559 2001 1651 2053 μοι
1679 1982 1908 2056 ταύτης.

320 2075 677 2151 περιετράπη
711 2094 805 2148 μοι
832 2076 901 2131 τὰ
923 2078 1022 2149 τῆς
1043 2076 1308 2143 εὐτυχίας
1335 2076 1415 2141 είς
1447 2074 1768 2147 ἀθλιότητα.

399 2253 524 2323 Τὴν
552 2255 814 2324 ἀνομίαν
856 2273 969 2321 μου
993 2255 1307 2324 ἐγνώρισα,
1343 2254 1445 2312 καί
1471 2254 1589 2322 τὴν
1618 2254 1915 2325 ἁμαρτίαν

336 2365 455 2416 μου
475 2349 583 2401 aint
606 2347 914 2415 ἐκάλυψα.
941 2345 1057 2400 Ἰνα
1084 2350 1160 2418 μὴ
1181 2347 1307 2419 δόξῃ
1333 2346 1652 2415 γογγύξειν,
1685 2345 1919 2416 μετέϐα-

344 2443 407 2494 λε
438 2440 527 2495 τὸν
574 2442 741 2508 λόγον,
793 2442 889 2495 καὶ
923 2440 1196 2511 διηγεῖται
1235 2440 1352 2503 πῶς
1387 2439 1550 2510 ἔτυχε
1598 2438 1913 2509 φιλανθρω-

341 2535 489 2597 πίας.
539 2533 706 2586 Τοῦτο
752 2531 831 2602 (8)
863 2532 969 2602 γάρ
1000 2531 1188 2586 Νάθαν
1244 2531 1331 2583 ἐπ’
1389 2530 1554 2584 ἄλλον
1614 2530 1916 2600 προσώπου

330 2626 922 2693 δραματουργήσαντος
934 2623 1031 2691 τὴν
1046 2620 1411 2691 παρανομίαν,
1437 2615 1555 2673 εἷτα
1589 2619 1920 2691 προστεθέν-

324 2731 438 2778 τος,
467 2716 551 2768 ὅτι
581 2715 653 2769 Σὺ
684 2710 737 2769 εἰ
767 2715 895 2785 περὶ
925 2709 987 2767 οἲ
1027 2712 1221 2780 ταῦτα,
1269 2712 1568 2785 ἐγνώρισα,
1616 2714 1771 2780 φησι,
1819 2712 1919 2781 τὴν

321 2805 573 2877 ἐμαυτοῦ
606 2808 1023 2876 πλημμέλειαν,
1078 2806 1173 2860 καὶ⁸
1217 2806 1318 2858 οὐκ
1350 2806 1702 2876 ἠρνησάμην.
1748 2804 1921 2857 Τοῦτο

321 2900 433 2971 γάρ
464 2900 623 2970 δηλοῐ
640 2899 724 2967 τὸ,
753 2901 875 2953 Οὐκ
921 2900 1237 2968 ἐκάλυψαο
1275 2897 1508 2969 ἀνομίαν
1532 2895 1646 2966 γὰρ
1689 2895 1787 2949 νῦν
1823 2895 1921 2965 τὴν

324 2993 683 3065 παρανομίαν
715 2993 947 3065 νοήσεις,
983 2991 1051 3063 ἢν
1082 2993 1177 3045 καὶ⁵
1228 2982 1503 3063 άμαρτίαν
1535 2988 1695 3053 αὖθις
1725 2986 1921 3071 ἐκάλε-

325 3102 442 3138 σεν.

394 3172 558 3231 Εἷπα
576 3191 592 3207 ⁸
624 3168 1040 3245 Ἐξατορεύσω
1071 3173 1199 3229 κατ’
1225 3173 1371 3244 ἐμοῦ
1396 3173 1513 3243 τὴν
1531 3172 1790 3242 ἀνομίαν
1797 3187 1918 3242 μου

325 3267 409 3335 τῷ
436 3269 661 3337 Κυρίῳ.
692 3267 861 3330 Γνοὺς
898 3267 982 3321 ὅτι
1017 3267 1076 3319 ὲν
1105 3266 1336 3337 ἀφύκτῳ
1365 3266 1670 3334 καταδίκης
1694 3264 1917 3333 γέγονα,

327 3358 461 3415 εἶπα
493 3363 553 3413 ὲν
576 3358 805 3430 ἐμαυτῷ
827 3374 842 3388 ⁸
881 3358 1100 3427 Ποιήσω
1123 3357 1268 3415 τόδε.
1300 3357 1485 3420 Εὐθὺς
1516 3357 1623 3427 γὰρ
1650 3354 1921 3426 ἐξωμολο-

327 3457 563 3524 γήσατο,
598 3456 812 3525 φήσαςο
855 3451 1191 3523 Ἠμὰρτηκα
1221 3448 1304 3516 τῷ
1328 3450 1543 3519 Κυρίῳ.

397 3635 509 3691 Καὶ
541 3634 625 3689 σὺ
646 3632 890 3704 ἀφῆκας
914 3632 1030 3702 τὴν
1050 3632 1334 3688 ἀσέϐειαν
1358 3630 1468 3701 τῆς
1510 3630 1762 3701 καρδίας
1775 3650 1916 3700 μου.

332 3730 433 3785 Διὰ
455 3727 550 3784 τοῦ
578 3728 863 3800 προφήτου
883 3726 1093 3791 Νάθαν,
1123 3725 1373 3789 εἰπόντος
1401 3723 1600 3779 αὐτίκα
1618 3741 1633 3755 ο
1667 3724 1779 3779 Καί
1807 3724 1924 3778 Κύ-

325 3842 461 3892 ριος
500 3824 717 3892 ἀφεῖλε
752 3821 820 3875 τὸ
839 3818 1158 3891 ἁμάρτημὰ
1189 3834 1330 3874 σου.
1374 3816 1661 3872 Ἀσέϐειαν
1686 3818 1743 3872 δὲ
1769 3817 1922 3887 λέγει

334 3914 568 3986 καρδίας
623 3913 724 3986 τὴν
759 3911 1060 3983 ἁμαρτίαν,
1095 3904 1185 3966 οἷα
1218 3913 1318 3980 τῆς
1354 3908 1604 3980 μοιχείας
1643 3911 1719 3982 μὴ
1755 3910 1923 3964 σεϐα-

334 4005 562 4076 σθείσης
587 4006 714 4067 τοὺς
746 4004 875 4075 περὶ
901 4004 1145 4076 μοιχείας
1175 4002 1270 4057 καὶ
1307 4002 1467 4071 φόνου
1493 4002 1716 4070 νόμους.
1748 4000 1922 4069 Ἀφῆ-

332 4113 449 4161 stac
479 4095 561 4156 δὲ,
593 4095 717 4149 ἀντὶ
739 4095 857 4161 τοῦ,
892 4093 1302 4166 συνεχώρησας.
1365 4091 1661 4165 ἈπορΟὗσι
1690 4092 1747 4145 δέ
1776 4108 1924 4155 τινες

332 4188 411 4250 ὥς
437 4187 491 4240 εί
525 4186 880 4259 συνεχωρήθη
905 4185 1005 4258 τὴν
1033 4186 1334 4258 ἁμαρτίαν,
1389 4186 1508 4250 πῶς
1538 4185 1691 4252 λέχει
1726 4183 1925 4253 βαρυν-

332 4278 503 4349 θῆναι
534 4277 624 4331 ἐπ’
670 4276 834 4332 αὐτὸν
862 4277 964 4348 τὴν
988 4276 1082 4331 τοῦ
1114 4277 1250 4331 Θεοῦ
1293 4276 1623 4348 κολαστικὴν
1650 4274 1885 4347 δύναμιν
1905 4289 1920 4303 ·

333 4372 431 4426 καί
467 4387 674 4440 φαμεν,
706 4370 810 4434 ὃτι,
845 4369 971 4422 ἐπεὶ
992 4369 1151 4433 αὐτὸς
1171 4371 1199 4423 ὁ
1221 4369 1385 4423 Δαδὶδ
1405 4369 1504 4440 τὴν
1527 4369 1923 4439 ὑποκριθεϊσαν

2012 524 2165 578 illum
2215 524 2270 577 in
2326 537 2544 594 pinnam
2600 522 2878 588 manebat,
2915 531 3146 578 mortem
3187 525 3409 594 quidem
3462 540 3593 595 pro-

2010 617 2174 689 pheta
2206 614 2425 670 Nathan
2466 616 2518 670 ei
2553 615 2785 679 remisit,
2814 615 3037 684 quando
3070 617 3353 686 proprium
3400 631 3593 686 peccao

2011 719 2128 764 tum
2189 723 2349 763 suum
2403 708 2637 778 ingenue
2692 708 2980 762 confessus
3028 717 3143 773 est;
3193 707 3401 763 dixisse
3446 709 3593 764 enim

2013 801 2171 855 illum
2201 799 2249 855 ei
2278 798 2508 870 legimus
2551 814 2565 852 :
2605 795 2731 851 Non
2801 799 3072 863 morieris,
3130 799 3466 856 domesticas
3511 810 3595 855 ta-

2012 907 2139 947 men
2206 891 2555 945 calamitates
2618 891 2671 944 ei
2731 891 3104 945 comminatus
3168 897 3256 947 est
3293 907 3306 944 :
3342 891 3398 944 in
3453 905 3597 960 quas

1934 1022 1943 1031 .
2012 982 2176 1038 modo
2231 996 2355 1038 cum
2396 996 2457 1038 se
2494 987 2743 1037 cerneret
2770 980 3242 1046 incidiSse,.ﬂebat
3288 997 3352 1037 ac
3382 981 3562 1037 tamen

2013 1078 2254 1131 tabatur.

2084 1168 2256 1226 Vens.
2292 1170 2347 1225 Δ.
2381 1171 2649 1238 Quoniam
2679 1172 2768 1225 die
2798 1184 2863 1223 ac
2894 1178 3045 1223 nocte
3078 1176 3302 1239 gravata
3331 1177 3411 1223 est
3438 1183 3596 1235 super

2012 1277 2095 1316 me
2129 1278 2322 1317 manus
2354 1273 2469 1318 tua.
2511 1262 2636 1318 Hmc
2689 1275 2773 1317 est
2811 1277 3032 1317 rursum
3085 1260 3344 1316 clamoris
3397 1272 3591 1315 causa.

2013 1352 2235 1407 Manum
2274 1365 2458 1409 autem
2491 1353 2579 1408 hic
2634 1355 2790 1425 ponit
2846 1369 2946 1425 pro
2998 1353 3256 1424 puniendi
3325 1354 3593 1424 potentia.

2014 1444 2171 1498 Manu
2190 1444 2337 1499 enim
2370 1445 2645 1514 castigare
2665 1446 2930 1510 solemus,
2960 1461 3083 1515 qua:
3106 1451 3330 1515 gravata
3355 1455 3461 1508 est,
3481 1445 3596 1499 hoc

2014 1519 2096 1591 est
2129 1534 2374 1605 graviter
2399 1535 2604 1590 delata.
2634 1534 2732 1591 Die
2764 1550 2894 1590 vero
2925 1550 2989 1589 ac
3032 1543 3218 1601 nocte,
3274 1534 3415 1588 dixit
3469 1549 3593 1604 pro,

2018 1635 2302 1701 perpetuo.
2395 1625 2401 1637 ’

2087 1718 2383 1774 Contersus
2416 1735 2536 1773 sum
2579 1719 2636 1772 in
2666 1718 2932 1773 miseriam
2986 1717 3111 1771 dum
3140 1718 3426 1789 conﬁgitur
3464 1718 3596 1771 mihi

2020 1810 2197 1876 spina.
2227 1808 2520 1864 Peccatum
2561 1809 2777 1878 spinam
2806 1808 3066 1878 appellat,
3102 1809 3270 1862 veluti
3307 1822 3415 1861 non
3454 1807 3597 1861 iute~

2013 1900 2157 1965 rins,
2206 1900 2303 1954 sed
2338 1899 2589 1955 exterius
2615 1898 2957 1969 penetrando
2988 1892 3271 1963 adnatum,
3319 1905 3374 1953 et
3430 1898 3597 1951 veluti

2016 2007 2269 2065 pungcns
2300 2008 2365 2047 ac
2402 1992 2647 2046 dolorem
2681 1992 2945 2048 inferens.
3006 1992 3181 2047 infixa
3248 1990 3379 2044 mihi
3431 1990 3600 2060 igitur

2000 2075 2121 2140 hac
2153 2085 2310 2154 spina
2339 2086 2573 2154 peccati,
2603 2084 2789 2139 omnia
2825 2098 2947 2153 qua:
2979 2082 3222 2138 secunda
3278 2081 3411 2134 mihi
3461 2083 3595 2135 olim

2014 2184 2173 2231 erant
2214 2191 2279 2229 ac
2322 2190 2609 2244 prospera,
2646 2189 2914 2230 conversa
2946 2184 3075 2229 sunt
3102 2174 3160 2229 in
3186 2173 3488 2229 miseriam.

2090 2259 2256 2317 Vens.
2286 2262 2339 2317 5.
2375 2261 2723 2331 Iniquitate»:
2755 2279 2927 2317 meam
2967 2264 3236 2334 cognitam
3260 2262 3357 2315 tibi
3395 2264 3518 2332 foci,
3549 2270 3601 2314 et

2024 2364 2301 2419 peccatum
2338 2369 2512 2408 meum
2575 2370 2679 2407 non
2729 2352 3010 2409 abscondi.
3057 2352 3138 2408 Ne
3180 2354 3603 2407 obmurmurare

2018 2444 2290 2514 Propheta
2314 2444 2586 2500 adversus
2619 2443 2787 2499 Deum
2825 2443 3101 2510 videatur,
3126 2458 3439 2499 sermonem
3471 2459 3597 2496 mu-

2019 2541 2124 2598 tat,
2152 2543 2207 2589 et
2237 2534 2462 2604 exponit
2490 2535 2769 2604 quomodo
2798 2535 3232 2589 misericordiam
3265 2549 3296 2589 a
3324 2534 3433 2588 Deo
3461 2549 3603 2589 eon-

2020 2634 2247 2679 secutus
2282 2629 2375 2681 sit.
2410 2624 2546 2679 Dum
2582 2622 2825 2691 Natltan,
2858 2625 3061 2695 inquit,
3092 2625 3199 2681 sub
3225 2626 3331 2679 alia
3361 2639 3601 2695 persona

2019 2716 2281 2772 delictum
2302 2733 2484 2772 tneum
2518 2717 2651 2772 mihi
2683 2732 2920 2772 narrans
2943 2716 3327 2785 conﬁnxisset,
3353 2732 3416 2773 ac
3447 2719 3605 2773 dein-

2021 2821 2151 2877 ccps
2178 2806 2480 2862 addidisset
2520 2823 2536 2862 :
2572 2805 2652 2861 Tu
2680 2820 2742 2863 es
2773 2807 2841 2861 de
2866 2821 2976 2876 quo
3006 2807 3121 2862 haec
3144 2806 3431 2869 dicuntur,
3457 2807 3604 2861 indi-

2022 2902 2143 2954 cavi
2185 2901 2371 2956 statim
2406 2915 2508 2970 ego
2541 2899 2807 2955 delictum
2839 2913 3045 2965 meum,
3086 2914 3187 2953 nec
3228 2900 3443 2968 negavi.
3488 2900 3602 2954 lnio

2022 2993 2288 3062 quitatem
2319 3000 2500 3047 autem
2532 3005 2653 3047 eam
2687 2990 2989 3061 intelliges.
3037 3005 3202 3060 quam
3224 2999 3281 3045 et
3311 2998 3603 3059 peccatum

2025 3084 2344 3154 appellavit.

2095 3174 2225 3230 Dixi
2252 3174 2635 3231 :Annuntiabo
2675 3173 2951 3229 aduersum
2977 3190 3058 3228 me
3078 3173 3402 3244 injustitiam
3432 3190 3604 3229 nteant

2021 3266 2270 3322 Domino.
2297 3266 2655 3337 Cognosccns
2689 3280 2777 3321 me
2811 3267 3328 3321 condemnationem
3385 3265 3601 3321 evitare

2022 3377 2134 3416 non
2168 3376 2352 3431 posse,
2390 3360 2503 3413 dixi
2558 3359 2702 3413 intra
2758 3375 2845 3415 Inc
2909 3359 3089 3430 ipsum
3153 3359 3206 3413 id
3257 3360 3403 3429 quod
3453 3374 3604 3413 eram

2024 3453 2272 3508 facturus
2300 3469 2315 3507 :
2341 3462 2397 3508 et
2422 3450 2610 3508 statim
2644 3450 2935 3507 confessus
2967 3464 3087 3504 sum
3120 3450 3308 3506 dicens
3335 3467 3351 3504 :
3381 3449 3605 3505 I’ercaoi

2023 3545 2275 3601 Domino.

2096 3636 2165 3692 Et
2182 3647 2237 3693 tu
2265 3636 2519 3692 remisisti
2550 3637 2871 3707 impietatem
2907 3635 3082 3691 cordis
3111 3636 3235 3691 mei.
3260 3634 3365 3691 Per
3390 3635 3604 3690 Nathan

2024 3731 2241 3788 scilicet
2270 3732 2595 3802 prophetam
2631 3732 2906 3786 dicentem
2936 3747 2951 3784 :
2994 3727 3062 3782 Et
3094 3727 3351 3782 Dominus
3387 3727 3609 3782 abstulit

2023 3831 2296 3893 peccatum
2323 3832 2473 3877 tuum
2512 3822 2585 3877 “.
2612 3821 2813 3878 Cordis
2864 3828 3048 3876 autem
3095 3820 3429 3889 impietatem
3480 3820 3606 3874 ideo

2025 3921 2313 3985 peccatum
2357 3914 2615 3984 appellat,
2644 3914 2773 3982 quia
2808 3913 2864 3968 in
2890 3913 3057 3969 corde
3106 3926 3209 3967 suo
3245 3911 3426 3966 nullas
3456 3912 3606 3965 veri-

2027 4015 2115 4061 tus
2152 4006 2332 4061 fuerat
2369 4008 2513 4077 leges
2550 4021 2582 4060 a
2639 4007 2752 4061 Deo
2782 4006 2921 4059 latas
2956 4003 3027 4058 de
3062 4003 3378 4068 homicidio,
3410 4010 3507 4057 aut
3537 4002 3606 4056 de

2025 4097 2320 4151 adulterio.
2362 4096 2651 4152 Remisiin
2704 4106 2913 4160 autem.
2967 4096 3074 4150 hoc
3124 4104 3231 4161 est,
3283 4096 3603 4166 pepercisti.

2023 4187 2209 4258 Aliqui
2240 4187 2518 4251 dubitant,
2555 4187 2833 4256 quomodo
2885 4186 2933 4241 si
2976 4187 3269 4241 remissum
3318 4186 3369 4241 ei
3420 4186 3606 4241 fuerat

2025 4289 2335 4351 peccatum,
2367 4291 2647 4350 gravatam
2685 4278 3038 4350 postmodum
3088 4292 3213 4332 esse
3251 4278 3394 4332 dicat
3439 4293 3607 4346 super

2027 4386 2087 4426 se
2112 4386 2333 4427 manum
2379 4371 2498 4427 Dei.
2535 4370 2596 4425 Et
2629 4370 2883 4429 dicimus.
2911 4370 3059 4441 quod
3095 4378 3381 4440 postquam
3414 4369 3608 4426 beatus

333 4466 413 4537 τῷ
444 4464 640 4518 Νάθαν
677 4463 835 4533 δίκην
865 4463 1141 4528 εὐθύνων,
1187 4464 1509 4532 ἀπεφήνατο
1560 4462 1744 4533 ἔνοχον
1780 4459 1919 4515 εἶναι

2029 4463 2201 4520 David
2234 4479 2459 4521 causam
2503 4464 2653 4518 illam
2691 4477 2721 4517 a
2763 4462 3032 4534 propheta
3060 4460 3275 4517 Nathan
3309 4461 3604 4516 confictam

334 4559 431 4612 καὶ
474 4556 555 4627 (9)
589 4554 821 4610 θάνατον
850 4556 946 4609 καὶ
975 4554 1181 4626 ζημίαν
1229 4554 1323 4608 τὸν
1350 4552 1496 4607 οὕτω
1522 4552 1923 4624 πεπλημμελη-

334 4646 473 4700 attica
497 4661 513 4676 °
544 4643 641 4698 τδν
683 4644 782 4713 μὲν
812 4643 1041 4697 θάνατον
1084 4643 1287 4697 αὐτίκα
1323 4643 1707 4713 συνεχωρήθη,
1744 4642 1832 4695 διὰ
1863 4642 1925 4694 τὸ

336 4738 541 4811 θερμὸν
605 4736 702 4791 καὶ
750 4734 1038 4806 ἐγκάρδιον
1085 4734 1185 4806 τῆς
1214 4735 1695 4805 ὲξομολογήσεωςο
1739 4731 1839 4802 τὴν
1868 4732 1924 4785 δὲ

334 4828 545 4901 ζημίαν
602 4826 883 4898 ἀπῃτήθη,
935 4826 1024 4879 διὰ
1079 4825 1189 4878 τῶν
1248 4825 1549 4895 μετέπειτα
1602 4823 1922 4895 συμφορῶν,

342 4921 476 4975 κατὰ
506 4920 612 4989 τὴν
642 4917 856 4972 οίκείαν
883 4917 1180 4987 ἀπόφασιν,
1213 4916 1303 4969 ἴνα
1348 4916 1423 4988 μὴ
1452 4914 1638 4969 τέλεον
1686 4917 1780 4968 καὶ
1830 4913 1927 4968 τὰρ

338 5028 453 5081 χιον
469 5009 842 5079 ἀπαλλαγεὶς,
873 5009 1185 5063 ἐπιλάθοιτο
1206 5008 1429 5080 ῥᾳδίως,
1452 5008 1549 5063 καὶ
1578 5006 1739 5061 πάλιν
1763 5006 1933 5077 ὲμπέ-

333 5120 445 5160 σοι.

411 5380 591 5450 Ὑπὲρ
624 5377 855 5445 ταύτης
878 5378 1277 5445 προσεύξεται
1308 5377 1428 5448 πᾶς
1459 5381 1630 5447 ὅσιος
1648 5381 1717 5436 ἑν
1745 5379 1927 5450 καιρῷ

433 5499 481 5533 δ’
511 5493 562 5550 ll
586 5493 725 5565 Reg.
759 5506 863 5557 χιι,
895 5489 989 5543 15.

2022 4570 2171 4614 recte
2215 4559 2598 4623 intellexisset,
2665 4569 2716 4612 et
2765 4559 3030 4628 scipsunt,
3090 4557 3234 4626 quod
3291 4556 3613 4625 deliquisset

2026 4663 2135 4704 non
2168 4650 2366 4704 mortis
2389 4657 2628 4713 tantum,
2662 4648 2757 4703 sed
2790 4663 2948 4703 noxa:
2977 4648 3141 4702 etiam
3176 4663 3331 4702 reum
3365 4663 3487 4703 esse.
3517 4648 3611 4717 ju-

2023 4740 2299 4809 dicasset;
2335 4757 2487 4798 mors
2518 4742 2737 4811 quidem
2793 4743 2843 4796 ei
2879 4742 3062 4797 statim
3116 4739 3344 4795 remissa
3389 4751 3496 4803 est,
3541 4743 3614 4795 oh

2024 4844 2337 4900 promptam
2394 4843 2561 4903 atque
2614 4832 2875 4886 humilem
2941 4831 3127 4886 cordis
3183 4831 3611 4893 confessionem,

2031 4920 2295 4977 damnum
2328 4938 2458 4978 vero
2491 4926 2558 4978 ab
2596 4938 2661 4978 eo
2711 4934 2965 4978 exactum
3001 4934 3107 4989 est,
3147 4940 3243 4991 per
3286 4928 3614 4980 subsecutae

2032 5014 2398 5079 calamitates,
2445 5014 2600 5083 juxta
2661 5017 2939 5085 propriam
2973 5018 3328 5080 sententiam.
3380 5032 3447 5071 ne
3497 5024 3609 5070 tam

2031 5105 2307 5169 celeriter,
2337 5108 2581 5176 atquein
2616 5115 2791 5163 totum
2816 5109 3106 5172 liberatus,
3153 5117 3362 5162 tantum
3403 5107 3616 5160 facinus

2031 5212 2098 5252 ac
2133 5207 2344 5252 tantum
2377 5198 2704 5255 beneﬁcium
2741 5202 3005 5257 oblivioni
3039 5200 3263 5255 facilius
3298 5199 3607 5261 mandaret,

2032 5301 2086 5348 ct
2116 5306 2307 5346 rursus
2340 5292 2392 5345 in
2418 5293 2611 5346 eadem
2649 5291 2914 5348 incideret
2938 5291 3159 5346 delicta.

2113 5383 2281 5439 Vens.
2314 5383 2368 5439 Β.
2416 5382 2524 5438 Pro
2565 5385 2666 5439 Itac
2712 5385 2883 5438 orabit
2916 5383 2988 5436 ad
3022 5394 3068 5436 te
3100 5381 3272 5435 omnis
3300 5385 3515 5434 sanctus
3557 5379 3611 5433 in

1683 5579 1882 5642 Variae
1944 5580 2280 5647 lectiones.

404 5669 471 5739 ’8)
505 5669 596 5725 Ισ.
636 5665 764 5721 τοῦ.

388 5684 468 5816 ἒθ)
500 5736 764 5796 Mallem!

413 5729 468 5816 9)
500 5740 728 5796 ﬂauam
750 5731 991 5788 θανάτου
1022 5731 1139 5794 καὶ,
1165 5730 1247 5784 Vel
1273 5729 1489 5803 θανάτῳ
1514 5731 1608 5785 καὶ
1638 5731 1832 5804 ἔημεᾳν
1867 5745 1919 5790 ¹¹¹

2018 5736 2127 5793 ibet
2155 5736 2295 5791 aiius
2325 5736 2520 5792 codex.

562 5836 872 5899 ΡΛτιιοι..
919 5825 1039 5888 Gn.
1080 5823 1427 5890 CXXVIII.

3102 5826 3180 5886 12
