4078 6428
423 292 531 357 363
1687 280 2068 350 EUTHYMII
2102 243 2461 349 ZIGABENI
3577 288 3686 356 3st

423 414 656 470 (stupore
686 409 1004 469 opportuno.
1034 397 1148 455 l‘ro
1193 399 1318 463 liae,
1351 399 1454 454 ltoc
1502 407 1606 464 est,
1640 399 1722 454 Ab
1755 399 1859 456 hac
1897 399 1994 453 ini.

2110 399 2352 466 εὐθέτῳ.
2400 398 2473 475 Τὸ
2531 396 2685 466 ὑπὲρ
2731 399 2971 467 ταύτης,
3000 399 3122 453 ἀντὶ
3143 398 3261 467 τοῦ,
3319 399 3450 455 Ἀπὸ
3476 403 3683 478 ταύτης

423 496 636 564 quitate
664 492 796 547 milii
829 492 1086 556 remissa.
1128 491 1256 563 pius
1305 506 1370 545 ac
1407 491 1695 561 religiosus
1723 491 1805 545 vir
1834 491 1994 561 quili-

2102 492 2206 562 τῆς
2228 490 2505 562 ἁμαρτίας
2534 491 2874 562 κινούμενος,
2908 491 3282 564 παρακαλέσει
3318 511 3379 548 σε
3428 497 3535 559 πᾶς
3558 496 3683 551 θεο-

421 588 512 641 bet
546 585 845 642 instinctus
874 585 1091 655 rogabit
1127 594 1201 641 te.
1236 584 1340 640 Ubi
1381 584 1527 638 enim
1576 584 1880 639 innotuerit
1910 598 1994 639 re-

2105 586 2309 655 σεϐήςο
2367 584 2556 655 μαθὼν
2595 585 2728 656 γὰρ,
2774 585 2860 639 ὅτι
2904 584 3465 657 ἐξομολογησάμενος,
3517 587 3680 652 εὐθὺς

425 679 652 734 missum
681 677 812 732 mihi
842 677 1014 733 fuisse
1030 686 1349 747 pet-catum,
1380 676 1589 740 statim,
1616 684 1675 729 ut
1704 674 1994 730 confessus

2104 676 2512 747 συνεχωρήθην,
2539 678 2844 749 μιμήσεταί
2905 694 2971 746 με
3003 679 3062 730 ὲν
3113 677 3294 747 καιρῷ
3347 678 3680 747 μετανοίας·

421 783 569 834 sum,
610 767 973 825 imitabantur
998 781 1084 822 me
1129 766 1390 836 deinceps
1423 767 1495 835 pii
1528 780 1719 820 otnnes
1759 765 1812 820 in
1861 769 1994 819 tem-

2096 765 2292 829 ,τοῦτον
2321 768 2429 838 γὰρ
2462 766 2683 821 εὔθετον
2736 767 2832 821 καὶ
2863 767 3172 839 ἐπιτήδειον
3202 769 3416 837 είρηκε,
3451 770 3546 822 καὶ
3580 767 3677 821 αὖ·

424 875 557 930 pnre
610 860 965 930 pusuiteutiae.
1008 858 1124 915 tloc
1164 860 1310 913 enim
1369 856 1707 929 pmnitentiae
1756 863 1993 926 tempus,

2101 873 2168 926 τη
2197 857 2349 911 ἔσται
2368 859 2482 921 τοῖς
2503 857 2859 927 μετανοοῦσιν
2878 859 3184 929 ὑπόδειγμα
3209 876 3224 890 ο
3247 860 3277 912 ὁ
3329 859 3440 931 γὰρ
3467 859 3681 924 ἀνόσιος

418 950 579 1020 quasi
612 952 869 1006 idoneum
930 966 995 1006 ac
1029 949 1402 1016 commodum,
1451 958 1816 1020 opportunum
1854 956 1993 1003 temo

2098 950 2164 1002 ού
2188 939 2593 1020 ’μεταμέλεταμ
2622 951 2781 1004 Ἔστι
2801 951 2857 1005 δὲ
2887 950 3181 1035 καὶᾶλλως
3210 953 3406 1015 εἰπεῖν,
3441 953 3526 1006 ὅτι
3548 968 3674 1023 προ-

421 1057 525 1113 pus
581 1042 897 1115 appellavit.
955 1042 1183 1112 Eritque
1237 1041 1351 1096 haec
1398 1041 1651 1096 remissio
1684 1039 1994 1110 exemplum

2102 1038 2329 1107 φητεύει
2364 1039 2494 1110 περὶ
2523 1041 2632 1094 τῶν
2666 1040 2898 1106 πιστῶν,
2930 1042 3130 1106 οἵτινες
3153 1043 3210 1095 ὲν
3245 1041 3424 1113 καιρῷ
3454 1041 3683 1113 εὐθέτῳ,

417 1132 674 1187 omnibus
698 1133 1096 1202 pmnitentibus
1119 1148 1139 1187 :
1173 1147 1315 1203 quos
1343 1131 1468 1187 ideo
1504 1129 1719 1186 vocavit
1745 1137 1992 1192 sanctos,

416 1226 546 1295 quia
569 1224 724 1294 impii
769 1234 936 1295 atque
958 1225 1184 1281 omnino
1213 1224 1411 1296 perditi
1434 1224 1473 1279 ii
1496 1231 1647 1287 sunt,
1669 1235 1809 1292 quos
1841 1220 1993 1275 nulla

418 1317 543 1372 duci
577 1316 854 1387 contingit
899 1316 1242 1386 paenitentia.
1292 1315 1596 1372 Possumus
1629 1324 1684 1370 et
1713 1312 1871 1371 aliter
1910 1314 1995 1368 di-

2101 1125 2301 1199 δηλαδὴ
2331 1128 2411 1200 τῷ
2447 1130 2587 1200 μετά
2633 1130 2694 1184 τὸ
2726 1132 3017 1203 κήρυγμα,
3059 1131 3336 1204 χρώμενοι
3389 1133 3503 1194 τοῖς
3550 1133 3683 1201 περὶ

2101 1221 2376 1293 ἁμαρτίας
2392 1223 2559 1277 αὐτοῦ
2578 1223 2835 1295 ψαλμοῖς,
2852 1225 3260 1296 δοκοῦσινιὺπὶρ
3277 1225 3483 1296 ταύτης
3505 1242 3682 1297 προσο

2102 1314 2389 1386 εὐχεσθαι.

418 1424 565 1476 cere,
623 1411 770 1481 quod
822 1405 1071 1465 tradatur
1116 1408 1407 1481 prophetia
1459 1409 1528 1462 de
1579 1404 1855 1468 lidelibus,
1888 1405 1981 1475 qui
2024 1413 2271 1476 tempore
2342 1418 2675 1479 opportuno,
2746 1410 2851 1468 hoc
2901 1418 2988 1468 est
3036 1417 3163 1482 post
3236 1410 3679 1481 praedicationem

422 1502 725 1571 Evangelii,
758 1503 887 1556 dum
960 1515 1060 1556 eos
1092 1500 1255 1557 'beati
1326 1498 1511 1592 David.
1549 1497 1789 1568 psalmos
1835 1504 2061 1563 canunt,
2101 1498 2197 1568 qui
2229 1498 2380 1556 illius
2411 1511 2633 1572 peccata
2655 1512 3114 1571 commemorant,
3144 1519 3244 1574 pro
3272 1521 3463 1573 eorum
3487 1509 3682 1565 remis-

419 1599 574 1654 sione
601 1596 666 1652 ad
700 1595 864 1652 Deum
890 1595 1294 1666 quodammodo
1322 1609 1483 1650 orare
1509 1594 1787 1652 videntur.
2162 1623 2189 1643 .

501 1685 879 1768 Verumtamen
908 1687 965 1742 in
1017 1686 1217 1741 diluvio
1264 1702 1534 1756 aquarum
1573 1685 1866 1741 multarum
1922 1685 1992 1738 ad

2172 1683 2347 1753 Πλὴν
2392 1685 2463 1738 ἐν
2507 1684 2917 1754 κατακλυσμῷ
2958 1682 3198 1740 ὑδάτων
3240 1683 3488 1740 πολλῶν
3528 1688 3682 1759 πρὸς

415 1795 533 1834 eum
565 1795 670 1832 non
696 1777 1173 1848 approximabunl.
1205 1777 1380 1834 Dictio
1414 1785 1772 1831 verumtamen
1801 1776 1905 1831 hoc
1935 1776 1990 1830 in

2097 1778 2287 1833 αὐτὸν
2332 1779 2447 1832 οὐκ
2489 1776 2786 1847 ἐγγιοῦσι.
2815 1778 2889 1832 Τὸ
2913 1778 3101 1846 πλὴν,
3133 1779 3257 1834 ἀντὶ
3279 1778 3387 1833 τοῦ
3425 1781 3520 1834 καὶ
3552 1798 3683 1835 συν·

420 1877 541 1926 loco
572 1886 673 1941 pro
698 1871 1014 1942 copulativa
1065 1870 1460 1938 conjunctione
1488 1868 1759 1924 sumenda
1795 1877 1903 1934 est,
1936 1876 1994 1923 ut

2096 1871 2295 1940 δέσμου
2320 1869 2573 1938 νοοῦμεν,
2593 1867 2726 1944 τναῇ
2752 1869 3014 1933 τοιοῦτον,
3040 1871 3121 1924 ὅτι
3153 1871 3247 1924 καὶ
3276 1872 3337 1925 ὲν
3369 1871 3682 1945 πλημμύρᾳ

419 1964 493 2017 sit
557 1976 761 2018 sensus
799 1980 812 2017 :
848 1961 993 2031 quod
1056 1971 1113 2016 et
1172 1961 1228 2016 in
1287 1960 1583 2015 mulatione
1636 1959 1995 2014 teutationum

421 2054 551 2121 (per
583 2066 758 2122 aquas
784 2053 931 2106 enim
975 2050 1079 2105 lioc
1106 2050 1160 2105 in
1200 2050 1320 2104 loco
1350 2049 1682 2103 tentationes
1725 2062 1789 2101 ac
1843 2046 1994 2101 cala-

423 2143 645 2197 mitates
681 2141 1051 2212 intelligenda!
1073 2150 1222 2205 sunt,
1248 2139 1710 2211 quemadmodum
1742 2145 1797 2191 et
1825 2136 1954 2191 alibi
1979 2153 1993 2189 :

420 2232 611 2289 Libera
643 2248 724 2288 me
747 2232 810 2287 de
838 2232 986 2304 aquis
1026 2231 1247 2300 matis),
1287 2230 1432 2299 quod
1461 2231 1513 2283 in
1548 2226 1883 2297 ltnjusmodi,
1910 2226 1997 2280 in-

421 2342 610 2396 quam,
667 2325 986 2391 tmdatione,
1011 2324 1172 2387 nulla:
1202 2336 1358 2392 aqua:
1389 2321 1455 2376 ad
1490 2335 1614 2375 eum
1647 2315 1995 2388 approxima-

421 2417 580 2478 bunt,
623 2417 716 2485 qui
751 2415 833 2471 sic
868 2414 1160 2471 conlessus
1196 2412 1383 2474 fuerit,
1430 2421 1484 2465 et
1527 2411 1615 2466 cui
1651 2409 1754 2463 hac
1782 2407 1999 2462 ratione

422 2506 655 2561 remissa
687 2504 892 2560 fuerint
931 2512 1179 2574 peccata.
1213 2502 1616 2572 Approximare
1652 2507 1860 2565 autem,
1898 2514 1995 2554 seu

419 2595 883 2665 appropinquare,
915 2595 1019 2649 boc
1060 2593 1115 2649 in
1157 2594 1276 2648 loco
1313 2591 1455 2646 idem
1501 2599 1586 2647 est
1633 2591 1777 2661 quod
1832 2591 2000 2644 attin-

420 2703 550 2755 κοτε
581 2695 637 2741 et
670 2686 890 2741 laedere.
930 2684 1024 2739 Vel
1058 2699 1157 2754 per
1197 2683 1463 2742 diluvium
1533 2682 1802 2750 baptisma
1834 2680 1995 2735 intel-

426 2780 552 2848 lige,
581 2779 811 2849 quodin
859 2776 1017 2848 aquis
1075 2777 1152 2842 lit,
1195 2783 1250 2831 et
1301 2784 1523 2845 peccata
1564 2773 1756 2829 abluit.
1811 2775 1998 2843 Aquas

424 2885 555 2926 vero
584 2868 934 2940 baptismatis
985 2868 1186 2926 multas
1220 2868 1481 2938 appellat,
1518 2865 1863 2923 considerata
1896 2882 1996 2936 po-

420 2964 530 3020 tius
590 2963 852 3033 qualitate
941 2977 1006 3018 ac
1059 2961 1298 3030 potentia
1334 2958 1597 3030 Spiritus,
1622 2974 1786 3028 quam
1821 2960 1996 3012 unda-

420 3071 541 3111 rum
574 3056 917 3128 quantitate;
947 3071 1056 3126 quo
1094 3062 1256 3126 pacto
1314 3054 1500 3109 dicere
1552 3054 1797 3108 solemus
1860 3067 1995 3106 vett-

2093 1960 2395 2031 λογισμῶν,
2444 1960 2613 2015 ὕδατα
2645 1962 2754 2032 γὰρ
2774 1959 2995 2023 τούτους
3029 1960 3261 2032 οἰητέον,
3291 1962 3367 2025 ὡς
3403 1965 3465 2015 τὸ
3485 2000 3502 2031 ,
3545 1963 3681 2019 Ῥῦο

2094 2069 2199 2108 σαι
2244 2068 2320 2121 με
2368 2050 2468 2106 καί
2503 2051 2829 2121 ἐξελοῦμαι
2867 2051 2937 2116 ἐξ
2986 2051 3224 2106 ὑδάτων
3258 2051 3525 2120 πολλῶν,
3576 2054 3682 2108 οὐκ

2094 2142 2342 2212 ὲγγιοῦσι
2389 2144 2563 2197 ταῦτα
2596 2143 2665 2197 τὰ
2715 2144 2883 2198 ὕδατα
2937 2145 3073 2214 πρὸς
3127 2142 3314 2211 αὑτὸν,
3362 2144 3451 2198 τὸν
3502 2143 3680 2210 οὕτως

2094 2231 2635 2302 ὲξομολογησάμενον
2666 2232 2762 2286 καὶ
2788 2233 3237 2304 συγχωρηθέντα.
3272 2235 3371 2289 Διὰ
3401 2235 3496 2290 τοῦ
3518 2237 3679 2305 ἐγγί-

2102 2321 2215 2386 ζειν
2243 2321 2300 2375 δὲ
2333 2321 2393 2375 τὸ
2422 2321 2691 2377 ἅπτεσθαι
2725 2324 2820 2377 καὶ
2848 2323 3065 2377 δάκνειν
3091 2323 3335 2396 ᾐνίξατο.
3369 2326 3438 2378 Ἢ
3462 2327 3558 2380 καὶ
3579 2327 3678 2382 ἄ).-

2098 2410 2199 2477 λως
2217 2414 2626 2484 κατακλυσμὸς,
2678 2414 2739 2467 τὸ
2764 2414 2833 2468 δι’
2876 2415 3084 2470 ὑδάτων
3122 2415 3408 2487 βάπτισμα
3432 2416 3677 2488 νοηθείη,

2095 2504 2169 2568 ὡς
2202 2504 2544 2571 κατακλύζον
2589 2506 2688 2576 τὴν
2729 2506 3038 2577 ἁμαρτίαν
3083 2507 3291 2561 ὑδάτων
3334 2508 3392 2563 δὲ
3438 2509 3673 2573 πολλῶν,

2096 2599 2163 2666 τῇ
2199 2597 2446 2666 ποιότητι
2475 2598 2569 2651 καὶ
2602 2599 2831 2668 δυνάμει
2867 2599 2963 2652 τοῦ
3008 2599 3350 2668 Πνεύματος,
3380 2601 3474 2656 καὶ
3501 2601 3560 2654 οὐ
3603 2603 3672 2672 τῇ

2093 2689 2352 2759 ποσότητι
2373 2689 2479 2742 τῶν
2505 2689 2745 2761 ρύθρων·
2780 2689 2922 2744 οὕτω
2948 2691 3059 2763 γὰρ
3089 2691 3320 2762 λέγομεν
3348 2692 3516 2746 πολὺν
3546 2692 3673 2748 ἄνει

2102 2796 2202 2850 μον
2248 2781 2339 2835 τὸν
2368 2781 2607 2851 ἰσχυρόν.
2635 2781 3030 2853 Προσεύξεται,
3055 2784 3211 2854 φησι,
3247 2784 3383 2855 πρὸς
3408 2785 3467 2839 σέ
3489 2801 3503 2816 ·
3537 2783 3679 2855 πλὴν

2097 2871 2156 2922 ὲν
2185 2868 2263 2940 τῷ
2297 2868 2634 2940 βαπτίσματι
2685 2871 2821 2942 πρὸς
2843 2873 3007 2926 αὐτὸν
3043 2873 3144 2927 οὐκ
3176 2873 3442 2942 ἐγγιοῦσι,
3488 2874 3682 2946 δηλον-

2095 2959 2177 3014 ότι
2218 2960 2275 3015 αί
2339 2961 2606 3032 ἁμαρτίαι
2652 2963 3123 3036 κατακλυζόμεναι
3181 2965 3277 3018 καὶ
3339 2965 3676 3038 ἀφανιζόμε-

2101 3070 2213 3105 ναι.

424 3163 539 3206 tum
600 3149 855 3214 multant,
914 3149 1022 3204 boc
1072 3155 1177 3212 est,
1242 3147 1508 3202 validum.
1580 3143 1773 3200 Orabit
1805 3146 1995 3215 igitur,
2039 3143 2240 3215 inquit,
2278 3145 2348 3202 ad
2378 3156 2451 3213 te,
2485 3162 2675 3204 verum
2707 3149 2764 3205 in
2797 3149 3069 3223 baptismo
3097 3153 3165 3211 ad
3202 3167 3328 3211 eum
3394 3168 3507 3221 non
3581 3167 3682 3224 ap-

423 3242 812 3313 proximabunt
845 3248 1105 3310 peccata;
1141 3239 1289 3295 illine
1317 3239 1578 3293 nimirum
1618 3236 1869 3291 demersa
1904 3249 1969 3291 ac
2008 3236 2213 3292 delata.
3724 3245 3737 3251 ·

434 3347 437 3353 ‘
494 3336 659 3391 Vsus.
687 3335 744 3389 7.
776 3331 853 3388 Tu
874 3349 927 3388 es
953 3331 1214 3401 refugium
1247 3347 1416 3384 meum
1452 3347 1484 3384 α
1516 3329 1858 3385 tribulatione
1879 3343 1994 3398 qua:

2165 3333 2251 3387 Σύ
2275 3351 2379 3403 μοι
2437 3331 2500 3390 εἷ
2539 3337 2855 3408 καταφυγὴ
2894 3336 3017 3393 ἀπὸ
3054 3336 3321 3406 θλίψεως
3349 3335 3460 3406 τῆς
3488 3350 3684 3409 περιε-

420 3425 771 3482 circumdedit
826 3440 929 3478 me.
982 3424 1067 3478 Ab
1122 3423 1223 3478 liae
1270 3422 1475 3477 etenim
1528 3420 1598 3477 ad
1629 3433 1680 3476 te
1717 3418 1996 3491 confugio,

422 3531 681 3586 tanquam
710 3514 778 3569 ad
805 3514 1066 3584 gaudium
1119 3522 1170 3569 et
1198 3500 1464 3567 lanitium.

497 3607 805 3664 Exsultatio
864 3622 1004 3668 inca,
1037 3620 1161 3659 erue
1210 3619 1290 3658 me
1322 3620 1356 3657 a
1391 3600 1841 3657 circumdantibus
1893 3615 1994 3654 me.

421 3699 742 3773 Opportuna
765 3705 852 3774 est
887 3697 1002 3752 haec
1048 3694 1342 3750 invocatio.
1377 3691 1482 3758 Tu,
1525 3706 1558 3745 ο
1597 3692 1760 3755 Deus,
1795 3690 1997 3760 inquit,

421 3794 517 3864 qui
557 3807 618 3847 es
649 3790 911 3861 gaudium
945 3802 1155 3850 nteant,
1197 3786 1349 3855 eripe
1395 3799 1481 3840 me
1518 3799 1548 3838 a
1577 3782 1996 3847 Ientationibus,

381 3883 627 3954 ~quibus
675 3880 1082 3952 quodammodo
1144 3874 1518 3932 circumdatus
1571 3874 1844 3938 detineor,
1899 3888 1996 3928 seu

423 3975 667 4035 visibiles
690 3988 788 4029 seu
816 3973 981 4031 etiam
1031 3969 1336 4029 invisibiles
1387 3968 1646 4024 inimicos
1696 3965 1995 4035 intelligas.

421 4069 436 4139 ι
460 4062 823 4137 Diapsalma.]
1973 4061 1987 4067 ’

495 4159 658 4216 Vens.
696 4157 752 4213 8.
784 4155 1123 4212 Intellectum
1159 4153 1255 4208 tibi
1281 4151 1441 4215 dabo,
1471 4161 1521 4206 et
1551 4150 1723 4228 simul
1741 4148 1991 4204 accedam

420 4255 477 4307 iu
511 4254 594 4307 vis
622 4253 723 4306 hac
770 4266 876 4319 qua
920 4248 1209 4319 gradieris.
1260 4245 1569 4314 Diapsalma
1615 4242 1722 4298 hoc
1764 4242 1820 4297 in
1878 4241 1996 4296 loco

421 4343 781 4399 mutationem
808 4341 1016 4396 iudicat
1038 4337 1448 4409 consequentiae
1481 4334 1778 4390 sermonis.
1817 4331 1995 4387 Verba

418 4435 567 4492 enim
593 4449 720 4503 qua:
751 4440 1059 4501 sequuntur
1107 4445 1173 4484 ex
1225 4441 1460 4497 persona
1521 4425 1611 4480 Dei
1667 4424 1994 4494 proferenda

421 4535 572 4587 sunt,
608 4522 991 4592 respondentis
1034 4519 1102 4577 ad
1135 4516 1489 4586 Propltetam,
1522 4516 1611 4569 cui
1643 4514 1746 4568 soli
1777 4512 1995 4569 auditus

2100 3422 2330 3492 χούσης
2352 3443 2448 3494 με.
2495 3426 2628 3481 Ἀπὸ
2656 3427 2860 3500 ταύτης
2886 3429 2971 3492 τίς
3005 3428 3065 3481 σὲ
3095 3427 3430 3499 καταφεύγω
3450 3471 3464 3496 ,
3494 3428 3569 3495 ὡς
3598 3432 3683 3494 είς

2100 3514 2460 3585 εὐφροσύνην.

2176 3605 2248 3660 Τὸ
2274 3606 2615 3677 (ig-aulam
2648 3626 2788 3680 μου.
2828 3608 3137 3679 λύτρωσαί
3160 3627 3237 3680 με
3265 3608 3387 3666 ἀπὸ
3418 3609 3539 3665 τῶν
3569 3628 3682 3664 κυ-

2101 3698 2469 3754 κλωσάντων
2512 3717 2612 3770 με.
2681 3702 3015 3767 Ἐνδιάθετος
3078 3704 3112 3773 ή
3169 3703 3548 3775 ὲπιφώνησις’
3608 3700 3683 3757 Ὠ

2100 3792 2246 3861 χαρά
2285 3809 2408 3861 μου,
2453 3791 2616 3864 ῥῦσαί
2640 3810 2708 3862 με
2741 3792 2851 3849 ἀπὸ
2884 3795 2991 3849 τῶν
3018 3796 3418 3851 κυκλωσάντων
3452 3813 3522 3866 με
3558 3812 3681 3849 πει-

2104 3879 2350 3950 ρασμῶν,
2380 3879 2459 3948 οἷς
2491 3883 2924 3953 ὲνοιπείλημμαι,
2980 3883 3014 3956 ἢ
3056 3882 3271 3955 ὲχθοῶν
3321 3884 3539 3940 ὀοατῶν
3585 3884 3681 3939 καὶ

2099 3974 2367 4042 ἀοράτων.

2166 4154 2425 4211 Συνετιῶ
2447 4169 2521 4210 σε
2547 4155 2643 4209 καί
2674 4153 2938 4226 συμϐιϐὧ
2958 4167 3033 4210 σε
3055 4154 3125 4208 ἐν
3151 4153 3268 4220 ὁδῳ
3298 4156 3486 4224 ταύτῃ
3514 4149 3555 4227 ᾖ
3574 4171 3683 4208 πο-

2092 4246 2309 4316 ρεύσῃ.
2347 4245 2421 4301 Τὺ
2462 4245 2742 4316 διάῲαλμα
2792 4247 3156 4318 προκείμενον
3208 4247 3447 4305 ἐνταῦθα
3507 4262 3681 4317 μετα·

2101 4338 2263 4409 δολὴν
2290 4341 2390 4409 τῆς
2429 4339 2751 4402 ἀκολουθίας
2800 4338 2953 4407 δηλοί
2975 4355 2987 4370 ο
3023 4342 3103 4393 κα·
3139 4340 3248 4411 γὰρ
3277 4341 3305 4394 ὁ
3338 4339 3463 4410 ἑξῆς
3494 4339 3676 4406 λόγος,

2100 4428 2207 4480 ἀπὸ
2229 4426 2324 4480 τοῦ
2358 4425 2495 4479 Θεοῦ
2543 4428 2783 4494 λέγεται,
2825 4427 2914 4482 διὰ
2942 4432 3124 4500 φωνῆς
3163 4429 3438 4499 ἀκουστῆς
3464 4431 3681 4498 προφή-

2044 4575 2055 4583 _
2100 4536 2219 4580 ταις
2248 4517 2705 4588 ἀποκρινομένου,
2735 4520 2817 4572 ὅτι
2845 4520 3115 4579 Συνετίσω
3138 4537 3219 4585 σε,
3244 4521 3391 4583 ὅπως
3419 4520 3484 4573 ἂν
3508 4520 3681 4588 ὑπερ-

421 4626 499 4670 est
527 4632 541 4669 :
568 4614 681 4684 Ego
719 4621 774 4668 te
816 4611 1140 4682 prudentem
1198 4608 1414 4670 l‘aciam,
1457 4604 1523 4660 ad
1561 4605 1684 4670 hoc,
1718 4613 1772 4657 ut
1809 4603 1994 4658 inimi-

2100 4612 2362 4681 τερήσῃς,
2397 4611 2485 4663 καὶ
2521 4610 2826 4665 συνοδεύσω
2875 4628 2955 4664 σοι
2984 4611 3087 4682 ἤδη
3119 4612 3177 4665 ὲν
3220 4614 3285 4682 τῇ
3334 4610 3679 4682 προκειμένῃ

421 4721 614 4763 eorum
649 4705 902 4775 superior
924 4702 1150 4766 evadas,
1178 4707 1233 4755 et
1265 4698 1431 4754 simul
1463 4708 1645 4754 tecum
1684 4696 1897 4750 veniam
1935 4694 1988 4749 in

2103 4672 2186 4757 σοι
2218 4672 2413 4773 πορείᾳ
2436 4701 2529 4754 τοῦ
2553 4700 2788 4772 πολέμου
2808 4718 2822 4733 ο
2846 4672 3158 4773 βιόὧυγάρ,
3185 4703 3245 4757 τὸ
3258 4672 3477 4768 :Baliaw.
3501 4672 3682 4757 utam:
3754 4738 3763 4742 _

423 4802 527 4854 hoc
558 4798 774 4860 itinere,
800 4809 911 4866 quo
950 4794 1016 4849 ad
1061 4792 1261 4848 bellum
1295 4788 1623 4860 accingeris.
1670 4785 1817 4841 Βιϐῶ
1845 4785 1991 4843 enim

424 4892 568 4946 idem
588 4900 772 4954 sonat,
793 4886 938 4957 quod
972 4870 1161 4957 βαίνω,
1197 4882 1438 4955 gradior.
1468 4880 1787 4936 lndill'erens
1807 4885 1990 4933 autem

422 4990 507 5039 est
534 4982 641 5036 hoc
672 4994 890 5052 quoque
917 4978 1036 5032 loco
1063 4973 1425 5031 constructio.

377 5057 393 5111 δ
494 5071 749 5127 Firmabo
796 5085 949 5137 super
977 5078 1025 5121 te
1070 5065 1248 5122 oculos
1285 5079 1445 5118 nteos.
1490 5058 1608 5115 Non
1644 5057 1993 5128 simpliciter,

370 5156 385 5174 “
420 5167 623 5235 inquit,
659 5178 760 5233 ego
799 5171 851 5218 te
885 5161 1176 5230 aspiciam,
1209 5155 1304 5212 sed
1350 5160 1667 5209 constanter
1707 5159 1871 5220 atque
1904 5149 1995 5202 in-

420 5259 735 5313 desinenter
763 5261 815 5307 te
846 5249 1149 5307 observabo
1180 5266 1193 5303 :
1222 5260 1413 5311 eorum
1445 5245 1621 5300 instar
1644 5243 1739 5312 qui
1772 5242 1828 5296 in
1856 5240 1998 5296 bello

421 5350 652 5420 alicujus
693 5362 885 5403 curam
933 5343 1270 5412 suscipiunt,
1326 5349 1379 5395 et
1424 5338 1615 5394 oculos
1654 5337 1710 5390 in
1755 5350 1877 5390 eum
1909 5333 2000 5388 lir-

425 5452 599 5508 mant,
628 5454 685 5496 ut
718 5438 1054 5511 periclitanti
1096 5433 1425 5490 subveniant
1485 5446 1548 5485 ac
1576 5437 1771 5499 praesto
1798 5426 1998 5481 adsint.

423 5534 565 5588 Alibi
610 5548 753 5602 saepe
795 5531 1060 5592 diximus,
1097 5526 1243 5596 quod
1287 5522 1574 5593 Scriptura
1619 5520 1688 5574 ab
1739 5519 1994 5573 humanis

422 5624 727 5685 amictibus.
751 5633 845 5677 aut
864 5620 1104 5675 moribus
1124 5626 1498 5686 saepenumero
1516 5610 1730 5666 divinas
1748 5610 1993 5666 actiones

423 5717 705 5782 describit,
755 5712 1069 5769 auditorum
1115 5706 1475 5766 imbecillitati
1523 5705 1988 5763 condescendens.

2101 4813 2263 4866 φορος
2290 4796 2346 4849 δὲ
2376 4794 2656 4864 κάνταῦθα
2686 4796 2721 4866 ἠ
2760 4794 3035 4861 σύνταξις.

2180 5063 2536 5135 Ἔπιστηριῶ
2564 5065 2661 5119 ἐπί
2717 5064 2793 5119 σὲ
2831 5062 2973 5131 τοὺς
3003 5062 3341 5133 ὀρθαλμούς
3364 5080 3507 5131 μου.
3559 5062 3674 5116 Οὐκ

2097 5157 2377 5227 ὲπιδλέψω
2434 5157 2615 5227 μόνον,
2651 5154 2789 5210 ἀλλὰ
2825 5157 2921 5209 καὶ
2950 5156 3207 5219 ἁκλινῶς,
3256 5156 3413 5224 δίκην
3447 5155 3561 5210 τῶν
3616 5157 3678 5207 ὲν

2099 5250 2357 5321 πολέμοις
2399 5248 2712 5319 κηδομένων
2745 5246 2913 5312 τινὸς,
2955 5247 3051 5300 καὶ⁸
3083 5247 3210 5311 τοὺς
3237 5246 3551 5316 ὀφθαλμοὺς
3581 5247 3674 5300 ἐπ’

2100 5344 2263 5399 αὐτὸν
2301 5342 2720 5415 ἀπερειδόντων,
2773 5341 2861 5393 ῐνα
2893 5339 3256 5395 κινδυνεύοντι
3304 5338 3673 5410 βοηθήσωσιν.

2101 5437 2421 5507 Εἰρήκαμεν
2467 5433 2523 5486 δὲ
2558 5432 2841 5497 πολλάκις,
2874 5430 2955 5484 ὅτι
3011 5432 3122 5484 ἀπὸ
3172 5430 3280 5483 τῶν
3313 5428 3678 5500 ἀνθρωπίνων

2101 5526 2393 5581 διαθέσεων
2446 5526 2481 5593 ἡ
2532 5521 2723 5593 Γραφὴ
2763 5520 3094 5592 σχηματίζει
3126 5519 3195 5573 τὰ
3223 5518 3365 5587 θεία,
3398 5534 3677 5587 συγκαταο

2102 5619 2363 5674 ϐαίνουσα
2383 5619 2449 5689 τῇ
2482 5614 2737 5685 ἀσθενείᾳ
2766 5614 2874 5670 τῶν
2900 5613 3290 5685 ἀκρτωμένων.
