4078 6418
338 275 445 337 3(ιῖ

1609 280 1998 341 FUTHYMII
2031 279 2394 341 ZlGABENI

3516 278 3624 342 368

336 403 467 444 vere
504 386 726 459 adjuvat
752 402 810 445 et
843 387 1123 445 victoriam
1157 396 1403 461 praestat.
1434 387 1623 460 Neque
1652 389 1798 444 enim
1834 398 1924 443 aut

2032 390 2143 444 τῶν
2198 389 2404 443 ἄλλων·
2451 386 2577 442 οὔτε
2634 387 2745 458 γὰρ
2798 387 2973 457 ίσχὺς,
3034 386 3158 441 οὔτε
3195 387 3447 461 στρατὸς,
3490 391 3621 444 οὕτε

335 478 623 548 fortitudo,
655 490 746 535 aut
780 482 1084 549 exercitus,
1151 492 1245 538 aut
1295 481 1523 546 divitiae,
1593 493 1688 537 aut
1718 482 1923 538 moenia

337 574 548 644 aliquid
580 583 711 631 tunc
742 575 851 631 illis
890 576 1241 646 profuerunt.

411 665 599 723 Recto:
645 667 792 722 decet
836 668 1100 723 laudatio.
1155 667 1256 723 Per
1299 668 1724 725 exsultationem
1776 669 1922 725 enim

335 759 709 817 laudationem
742 761 1095 832 signiﬁcavit.
1120 761 1257 817 Nam
1304 762 1397 833 qui
1426 764 1612 833 aliqua
1646 763 1702 818 in
1737 781 1796 820 re
1824 779 1925 820 ex-

335 850 527 914 sultat,
583 853 813 907 omnino
869 867 990 908 eam
1045 853 1233 909 laudat
1264 870 1278 908 :
1308 862 1366 909 et
1410 854 1539 925 quia
1586 855 1725 911 solis
1783 856 1922 912 viris

337 943 540 998 virtute
572 945 819 1016 praeditis
877 945 1305 1002 exsultationem
1347 947 1664 1018 huiusmodi
1710 962 1778 1002 ac
1807 948 1926 1003 lau-

333 1036 608 1093 dationem
651 1038 929 1109 apposuit,
963 1052 1191 1094 causam
1232 1041 1417 1096 statim
1457 1040 1671 1096 addidit
1706 1042 1920 1111 dicens,

334 1128 481 1199 quod
533 1144 630 1186 eos
680 1131 959 1202 praecipue
1017 1131 1176 1187 decet
1229 1141 1287 1186 ut
1340 1131 1507 1188 Deum
1558 1133 1922 1206 laudent,qui

336 1231 486 1276 recte
544 1223 784 1289 ac,duce
812 1223 930 1294 ipsa
962 1223 1154 1279 vivunt
1185 1225 1411 1281 virtute.
1442 1226 1635 1297 Neque
1661 1228 1832 1294 enim,
1865 1235 1925 1284 ut

336 1313 469 1369 alibi
521 1313 746 1380 dicitur,
781 1313 1026 1369 formosa
1075 1326 1162 1370 est
1217 1316 1337 1371 laus
1376 1318 1430 1370 in
1463 1332 1559 1373 ore
1594 1318 1921 1393 peccatoris,

339 1420 441 1461 nec
476 1421 573 1478 pes
605 1406 861 1463 obtortns
911 1418 1064 1465 recto
1092 1411 1350 1479 congruit
1384 1410 1758 1466 calceamento
1789 1430 1802 1466 :
1838 1427 1923 1467 re-

335 1506 462 1555 ctus
486 1508 670 1554 autem
698 1507 785 1554 est
813 1500 1081 1556 Dominus
1122 1500 1267 1557 Deus
1300 1510 1508 1569 noster,
1545 1504 1923 1559 etlrectitudi-

337 1604 438 1645 nes
470 1590 605 1645 vidit
627 1591 810 1647 vultus
832 1591 977 1662 ejus.
1007 1592 1209 1648 Contra
1239 1608 1369 1650 vero
1392 1595 1644 1651 diabolus
1661 1596 1922 1667 obliquus

335 1696 401 1736 ac
430 1690 718 1738 tortuosus
746 1690 850 1749 est,
889 1692 948 1738 ut
974 1698 1204 1754 serpens
1235 1701 1249 1739 :
1297 1696 1463 1755 atque
1489 1686 1612 1743 ideo
1647 1689 1733 1744 sui
1760 1688 1920 1743 simi-

336 1774 482 1829 libus
506 1775 834 1830 delectatur.

405 1862 570 1921 Veas.
606 1866 661 1920 2.
704 1865 1048 1935 Conﬁtemini
1072 1866 1301 1922 Domino
1343 1869 1397 1924 in
1431 1870 1663 1936 cithara,
1697 1871 1750 1925 in
1777 1873 1926 1941 psal-

334 1957 466 2012 terio
498 1956 675 2034 decent
711 1957 1033 2013 chordarum
1061 1960 1275 2027 psallite
1308 1961 1374 2015 ά.
1411 1961 1670 2032 Antiquis
1701 1964 1782 2019 lex
1807 1974 1925 2020 erat

338 2060 398 2106 ut
435 2051 605 2107 Deum
647 2051 939 2107 laudarent
961 2055 1015 2106 in
1044 2053 1261 2107 cithara
1295 2065 1350 2108 et
1374 2056 1427 2108 in
1460 2057 1727 2126 psalterio
1757 2070 1926 2127 atque

335 2145 391 2199 in
448 2144 573 2200 aliis
614 2144 846 2201 musicis
897 2145 1305 2213 instrumentis,
1354 2148 1821 2218 quemadmodum
1867 2151 1926 2205 in

337 2238 620 2294 Prommio
672 2238 858 2308 operis
916 2238 1268 2306 tradidimus,
1307 2238 1569 2296 docentes
1627 2256 1923 2311 quamnam

336 2328 708 2384 differentiam
742 2330 941 2383 habeat
990 2330 1314 2398 psalterium
1348 2332 1415 2386 ad
1450 2332 1559 2399 alia
1591 2334 1803 2389 musica
1838 2332 1926 2389 in-

336 2429 667 2475 strumenta.
699 2421 863 2476 Juxta
895 2435 1200 2492 anagogem
1236 2437 1332 2492 per
1361 2422 1653 2490 citharam,
1682 2440 1803 2495 qua:
1836 2426 1924 2480 in-

335 2512 490 2568 ferne
522 2513 797 2583 pulsatur,
825 2512 1003 2582 ipsum
1037 2527 1334 2582 possumus
1365 2528 1566 2585 corpus
1597 2516 1928 2588 intelligere,

335 2606 463 2674 quia
495 2603 581 2676 [ut
635 2605 817 2675 inquit
866 2621 1099 2677 magnus
1133 2604 1391 2679 Basilius]
1426 2607 1481 2661 in
1523 2608 1734 2663 cithara
1762 2620 1929 2680 atque

339 2700 395 2753 in
426 2699 543 2769 lyra
569 2712 645 2752 ms
679 2697 911 2753 inferius
937 2708 1160 2754 resonat
1194 2699 1261 2754 ad
1293 2700 1580 2768 plectrum.
1610 2700 1920 2759 Conﬁtemi-

339 2793 397 2847 ni
421 2792 589 2861 igitur
622 2789 883 2852 Domino.
917 2790 1021 2845 hoc
1053 2800 1157 2855 est,
1189 2791 1411 2848 Gratias
1434 2793 1483 2848 ci
1509 2793 1682 2863 agite,
1719 2809 1817 2851 vos
1844 2796 1926 2850 Iti-

339 2883 563 2948 mirum,
589 2882 906 2953 quicunque
935 2882 1004 2936 ab
1027 2883 1413 2940 intellectualis
1444 2885 1652 2955 Assyrii
1683 2885 1930 2943 obsidio-

338 2989 410 3031 ne
460 2977 785 3031 admirande
830 2974 1049 3031 liberati
1093 2975 1276 3032 estis:
1311 2984 1365 3030 et
1416 2976 1653 3046 primum
1704 2978 1926 3048 quidem

1952 1755 1999 1816 Β

2036 482 2290 549 πλοῦτος,
2314 480 2439 536 οὔτε
2471 483 2668 553 τεῖχος,
2697 480 2971 554 ὠφέλησε.

2108 664 2234 730 Τοῖς
2263 665 2469 721 εὺθέσι
2504 663 2716 733 πρέπει
2769 664 3028 729 αῖνεσις.
3082 663 3182 717 Διὰ
3217 662 3312 717 τοῦ
3359 663 3626 732 ἀγαλλιᾶτ-

2035 755 2151 821 σθε,
2183 757 2275 810 καὶ
2303 757 2363 810 τὸ
2394 758 2597 810 αίνεϊτε
2626 755 2960 827 δεδήλωκεν*
2989 756 3018 809 ὁ
3053 756 3164 824 γὰρ
3208 754 3624 826 ἀγαλλιώμενος

2034 851 2127 904 ἐπί
2159 868 2288 914 τινι,
2320 850 2529 922 χαίρων
2565 851 2779 904 ἐπαινεῖ
2817 849 2971 904 αὐτό.
3016 848 3171 903 Ἐπεὶ
3202 849 3259 903 δὲ
3282 852 3395 914 τοῖς
3426 850 3623 921 ἐναρέ-

2031 959 2146 1006 τοις
2186 926 2373 1011 ⁴μόνοις
2417 943 2654 1014 ἀνέθηκε
2695 942 2794 1013 τὴν
2843 942 3167 1012 ἀγαλλίασιν
3199 944 3296 998 κοιλ⁸
3329 942 3421 997 τὸν
3449 937 3621 1008 αἶνον,

2031 1035 2214 1105 τίθησι
2248 1037 2341 1089 καὶ
2365 1034 2464 1107 τὴν
2491 1034 2692 1100 αἰτίαν,
2723 1035 2923 1105 λέγων,
2970 1036 3053 1089 ὅτι
3084 1039 3197 1099 τοῖς
3221 1034 3398 1105 ὀρθῶς
3444 1034 3626 1106 βιοῦσι

2034 1126 2293 1200 πρέπειή
2320 1127 2413 1182 τοῦ
2444 1127 2581 1181 Θεοῦ
2612 1128 2842 1192 αἵνεσις.
2885 1130 2960 1183 Οὐ
3013 1130 3124 1201 γὰρ
3152 1130 3380 1198 ὡραῖος,
3432 1130 3622 1199 φησιν,

2032 1217 2181 1286 αἶνος
2214 1222 2271 1275 ὲν
2309 1222 2542 1292 στόματι
2568 1214 2921 1292 ἀμαρτωλοῦ,
2969 1221 3066 1275 καὶ
3097 1220 3313 1284 σκολιὸς
3344 1222 3482 1285 ποὺς
3518 1223 3623 1276 οὐκ

2033 1312 2407 1385 ὲναρμόζηται
2433 1314 2579 1385 ὀρθῷ
2612 1313 2928 1384 ὑποδήματι
2950 1327 2964 1343 ’
2988 1313 3165 1376 εὐθὺς
3219 1313 3328 1384 γὰρ
3360 1313 3567 1384 Κύριος
3593 1316 3622 1368 ὁ

2032 1406 2164 1471 Θεὸς
2193 1406 2379 1477 ἡμῶν·
2411 1406 2715 1479 εὐθύτητας
2743 1403 2853 1481 οἶδε
2883 1406 2945 1460 τὸ
2985 1407 3281 1476 πρόσωπον
3330 1407 3519 1460 αὐτοῦ.
3562 1410 3623 1463 '0

2031 1497 2089 1551 δὲ
2141 1497 2412 1565 διάϐολος,
2449 1498 2664 1563 σκολιὸς
2704 1497 2850 1568 ὄφις,
2908 1498 3143 1563 καὶτοῖς
3189 1492 3405 1571 ὁμοίοις
3428 1500 3624 1572 ἥδεται

2034 1589 2291 1653 σκολιοῖς.

2114 1861 2618 1934 Ἐξομολογεῒσθε
2650 1862 2732 1929 τῷ
2766 1862 2964 1931 Κυρίῳ
2998 1861 3068 1916 ἐν
3101 1861 3336 1931 κιθάρᾳ,
3372 1863 3442 1916 ἐν
3466 1865 3628 1933 ψαλ-

2028 1957 2212 2026 τηρίῳ
2242 1956 2591 2027 δεκαχόρδῳ
2621 1957 2862 2027 grauata
2889 1948 3072 2023 αὐτῷ.
3126 1955 3252 2020 Τοῖς
3303 1957 3425 2010 τότε
3458 1957 3568 2027 γὰρ
3600 1960 3629 2010 ὁ

2026 2049 2191 2120 νόμος
2220 2044 2313 2121 ἦν,
2340 2049 2532 2119 ὑμνεῖν
2571 2049 2664 2102 τὸν
2681 2049 2817 2102 Θεὸν
2848 2050 2907 2102 ὲν
2937 2047 3160 2120 κιθάρᾳ,
3192 2046 3287 2101 καὶ
3314 2046 3627 2119 ψαλτηρξῳ,

2027 2142 2124 2196 καὶ
2148 2142 2266 2206 τοῖς
2294 2141 2478 2205 ἄλλοις
2507 2144 2789 2210 μουσικοῖς
2821 2138 3097 2212 ὀργάνοις,
3127 2140 3203 2204 ὡς
3233 2142 3292 2193 ὲν
3320 2138 3396 2209 τῷ
3435 2157 3625 2209 προοι-

2032 2237 2140 2308 μίῳ
2161 2238 2261 2307 τῆς
2285 2235 2569 2306 παρούσης
2604 2234 2791 2306 βίϐλου
2819 2233 3008 2303 σαφῶς
3030 2233 3349 2306 ἐξεθέμεθα,
3375 2230 3629 2298 διδάξαν-

2024 2346 2117 2392 τες
2163 2331 2258 2383 καὶ
2287 2329 2451 2384 ποίαν
2490 2329 2758 2400 διαφορὰν
2788 2328 2901 2399 ἔχει
2946 2327 3006 2382 τὸ
3049 2328 3351 2399 ψαλτήριον
3389 2328 3524 2399 πρὸς
3557 2327 3626 2381 τὰ

2027 2421 2185 2477 ἄλλα.
2232 2422 2354 2494 Χρὴ
2389 2421 2446 2475 δὲ
2493 2421 2806 2491 γινώσκειν,
2863 2422 2958 2475 καὶ
3008 2421 3375 2490 ἀναγωγικῶς
3422 2421 3626 2474 είπεῖν.
3695 2437 3705 2444 '

2028 2515 2281 2585 Κιθάραν
2306 2515 2404 2586 μὲν
2444 2515 2554 2568 νόει
2586 2530 2679 2579 μοι
2719 2515 2778 2567 τὸ
2811 2513 2992 2585 σῶμα,
3018 2513 3108 2567 διὰ
3139 2513 3200 2567 τὸ
3226 2513 3625 2583 κάτωθενὴμῖν

2031 2605 2482 2677 συμπεπλάσθαι.
2531 2606 2672 2676 Φησὶ
2701 2605 2811 2677 γὰρ
2842 2609 2870 2659 ὁ
2897 2606 3073 2676 μέγας
3120 2604 3425 2669 Βασίλειος,
3451 2605 3532 2659 ὅτι
3563 2605 3622 2655 ἐν

2029 2703 2097 2770 τῇ
2147 2698 2353 2770 κιθάρᾳ
2408 2700 2502 2753 καὶ
2558 2701 2623 2769 τῇ
2654 2697 2795 2769 λύρᾳ
2851 2697 3097 2752 κάτωθεν
3132 2697 3159 2750 ὁ
3193 2695 3396 2768 χαλκὸς
3422 2694 3625 2766 ὑπηχεῖ

2029 2793 2168 2865 πρδς
2197 2792 2259 2846 τὸ
2281 2792 2578 2863 πλῆκτρον.
2614 2790 3060 2862 Ἐξομολογείσθε
3078 2790 3279 2855 τοίνυν,
3307 2789 3619 2857 τουτέστιν,

2030 2885 2424 2957 Εὐχαριστείτε
2459 2884 2535 2954 τῷ
2565 2884 2685 2956 Θεῷ
2712 2883 2799 2938 διὰ
2826 2882 2917 2938 τοῦ
2945 2883 3199 2952 σώματος
3227 2884 3470 2954 πρῶτον,
3508 2881 3624 2936 ὅσοι

2031 2975 2126 3029 τοῦ
2171 2975 2364 3045 νοητοῦ
2423 2976 2714 3047 Ἀσσυρίου
2764 2974 3088 3046 παραδόξως
3121 2975 3454 3048 ὲρῤύσθητε,
3509 2968 3626 3027 οἷον

336 3069 463 3140 ipso
514 3082 770 3139 corpore,
824 3066 1154 3138 lejunando,
1206 3066 1411 3134 ﬂendo,
1456 3068 1607 3123 humi
1650 3069 1924 3135 cubando,

2035 3065 2348 3137 νηστεύετε.
2384 3065 2625 3133 κλαίετε,
2674 3067 3023 3136 χαμευνεῖτε,
3058 3065 3236 3137 ᾄδετε,
3273 3066 3501 3119 καὶ“ὃσα
3522 3063 3626 3133 τῆς

336 3159 625 3231 psalleudo
650 3158 838 3220 etiam,
870 3159 976 3213 hoc
1002 3166 1108 3221 est,
1133 3157 1383 3214 canendo
1416 3172 1430 3212 :
1471 3159 1518 3214 si
1553 3174 1661 3228 qua
1691 3168 1892 3230 praeter

335 3268 404 3307 ea
444 3252 552 3307 alia
609 3260 743 3308 sunt
798 3251 966 3316 dona,
1019 3265 1143 3322 quae
1192 3250 1260 3307 ad
1314 3252 1602 3306 mortalem
1657 3253 1931 3321 pertinent

333 3345 617 3408 virtutem,
654 3352 711 3399 et
765 3342 969 3413 quibus
1023 3343 1108 3412 agi
1162 3351 1393 3411 possunt
1427 3344 1620 3414 gratiae
1651 3341 1785 3409 Deo,
1812 3342 1931 3398 haec

338 3435 525 3491 omnia
559 3434 669 3489 Deo
695 3432 905 3489 offerte.
930 3432 1037 3488 Per
1059 3434 1383 3505 psalterium
1410 3442 1592 3488 autem
1613 3434 1929 3492 intellectus

337 3527 745 3597 signiﬁcatur;
820 3526 951 3595 quia
1005 3524 1472 3595 quemadmodum
1535 3525 1592 3579 in
1657 3523 1929 3582 Psalterio

337 3619 533 3673 decem
585 3616 804 3672 chordae
844 3615 1227 3681 intenduntur,
1265 3631 1387 3685 quae
1423 3617 1572 3681 soni,
1601 3631 1700 3672 seu
1729 3632 1928 3673 vocum

337 3725 809 3780 causas-superne
841 3708 1066 3773 habent,
1102 3719 1161 3764 ut
1188 3708 1315 3764 alibi
1350 3708 1614 3775 diximus,
1672 3709 1745 3765 ita
1770 3710 1932 3767 intel-

339 3801 509 3859 lectui
567 3810 761 3857 nostro
787 3802 976 3857 decem
1044 3800 1300 3870 adjacent
1346 3800 1543 3871 legalia
1608 3810 1879 3871 praecepta
1910 3842 1927 3867 ,

340 3915 581 3970 superne
609 3898 769 3955 nobis
797 3912 826 3951 a
859 3896 975 3952 Deo
1002 3892 1090 3967 [ut
1115 3894 1190 3949 ita
1218 3893 1426 3967 dicam]
1463 3895 1718 3950 iusonata
1754 3912 1769 3949 :
1804 3910 1928 3967 quae

336 3995 433 4064 qui
483 3991 884 4056 observaverit,
928 4003 1025 4059 per
1065 3987 1285 4042 illorum
1324 3987 1724 4059 symphonias,
1760 3997 1926 4059 atque

336 4094 639 4141 concentus
679 4082 1027 4153 spiritualem
1047 4090 1210 4150 atque
1241 4079 1666 4135 intellectualem
1698 4087 1922 4135 cantum

2034 3158 2351 3229 πρακτικῆς
2372 3158 2576 3229 ἀρετῆς
2611 3159 3012 3230 εὐχαριστήρια
3043 3158 3217 3229 δῶρα,
3254 3157 3430 3210 ταῦτα
3456 3173 3628 3224 προσ-

2035 3254 2282 3322 άγοντες.
2318 3251 2635 3321 Ψαλτήριον
2685 3251 2743 3304 δὲ
2778 3250 2911 3304 λάϐε
2948 3267 3040 3320 μοι
3087 3250 3179 3304 τὸν
3209 3249 3335 3304 νοῦν
3357 3265 3372 3279 ·
3405 3247 3481 3313 ὡς
3511 3249 3623 3318 γὰρ

2031 3345 2112 3414 τῷ
2142 3343 2389 3414 μουσικῷ
2410 3342 2701 3414 ψαλτηρίῳ
2750 3341 2883 3396 δέκα
2910 3342 3009 3412 μὲν
3036 3341 3369 3394 ὲνετείνοντο
3389 3339 3579 3411 χορδαί
3605 3355 3621 3368 '

2033 3434 2242 3490 ἄνωθεν
2272 3435 2330 3490 δὲ
2362 3434 2461 3500 τὰς
2490 3435 2751 3505 ἀφορμὰς
2784 3429 2899 3505 εἷχε
2952 3433 3063 3487 τῶν
3110 3432 3388 3504 φθόγγων,
3439 3431 3516 3495 ὡς
3564 3432 3625 3485 ὲν

2033 3528 2112 3598 τῷ
2137 3527 2431 3599 δηλωθέντι
2460 3524 2733 3597 προοιμίῳ
2754 3525 3112 3597 λεπτομερῶς
3131 3522 3623 3595 παραδεδώκαμεν,

2034 3619 2181 3674 οὓτω
2210 3621 2306 3673 καὶ
2341 3619 2401 3672 ὲν
2429 3617 2506 3689 τῷ
2533 3617 2615 3672 νοῒ
2644 3618 2777 3671 δέκα
2804 3618 2903 3688 μὲν
2925 3618 3234 3671 ἐπίκεινται
3263 3618 3450 3679 vomat!
3474 3616 3624 3666 ἐντο-

2035 3713 2157 3767 λαί·
2190 3712 2399 3767 ἄνωθεν
2456 3712 2513 3766 δὲ
2559 3712 2711 3784 παρὰ
2751 3711 2889 3766 Θεοῦ
2921 3711 3290 3783 ἐνηχήθησαν,
3325 3709 3390 3772 ἃς
3416 3709 3625 3777 φυλάτκ

2036 3822 2144 3859 των
2164 3804 2252 3858 διὰ
2276 3805 2376 3875 τῆς
2406 3804 2731 3875 συμφωνίας
2773 3803 2975 3868 αὐτῶν,
3007 3802 3204 3873 ψάλλει
3237 3801 3315 3873 τῷ
3350 3788 3470 3870 Θεῷ
3497 3817 3625 3870 νοη-

2035 3897 2126 3950 τὸν
2181 3896 2365 3968 μέλος.
2408 3896 2542 3950 Ἀπὸ
2571 3895 2704 3965 γοῦν
2727 3895 2829 3967 τῆς
2853 3894 3087 3968 κιθάρας
3108 3894 3294 3950 ἔλθετε
3320 3894 3415 3949 καὶ
3443 3894 3538 3947 ἐπὶ
3561 3895 3626 3947 τδ

2032 3987 2353 4060 ψαλτήριον,
2384 3989 2477 4043 καὶ
2510 3986 2719 4060 ψάλατε
2747 3989 2993 4069 νοερῶς,
3031 3988 3119 4043 διὰ
3164 3987 3265 4061 τῆς
3305 3987 3621 4059 πρακτικῆς

2033 4082 2256 4153 ἀρετῆς.

336 4180 447 4237 Deo
468 4189 651 4236 canet.
677 4180 719 4233 Α
747 4179 963 4235 cithara
994 4177 1163 4247 igitur
1191 4176 1445 4233 accedite
1471 4177 1540 4233 ad
1575 4178 1924 4247 psalterium,
1966 4187 2017 4235 et
2049 4194 2148 4248 per
2170 4181 2581 4254 contemplandi
2615 4180 2874 4245 virtutem
2939 4181 3158 4252 psallite
3226 4195 3351 4235 cum
3421 4177 3625 4234 intelli-

333 4278 515 4347 gentia
544 4289 891 4347 qnmcunque
911 4273 1134 4329 canitis.

406 4372 577 4430 Vens.
603 4374 656 4427 5.
679 4371 908 4427 Cantate
944 4368 1170 4423 Domino
1204 4367 1475 4422 canticum
1497 4383 1712 4423 novum.
1752 4366 1920 4424 Juxta

335 4467 583 4526 historia:
641 4479 893 4526 sensum,
947 4476 1148 4516 novum
1202 4462 1481 4515 canticum
1539 4460 1699 4529 dicit,
1752 4463 1921 4516 veluti

2106 4369 2334 4439 ’ᾼσατε
2383 4366 2547 4433 αὐτῷ
2594 4362 2761 4436 ᾆσμα
2811 4366 3048 4424 καινόν.
3123 4364 3436 4436 Ἰστορικῶς
3496 4366 3619 4435 μὲν,

2036 4460 2350 4530 πρόσφατον
2381 4459 2474 4514 ἐπὶ
2512 4460 2816 4531 προσφάτῳ
2847 4460 3337 4530 τερατουργήματι
3357 4476 3373 4491 ο
3401 4459 3620 4528 ἀναγω-

336 4563 407 4618 de
430 4558 639 4616 recenti
708 4570 773 4611 ac
799 4568 975 4625 nuper
1008 4553 1399 4623 compositum,
1424 4554 1494 4609 ob
1539 4554 1924 4608 admirandum

2033 4552 2209 4622 γικῶς
2237 4554 2317 4619 δὲ,
2346 4555 2416 4608 τὰ
2444 4554 2814 4622 Χριστιανικὰ
2853 4554 3075 4624 νοητέον
3100 4552 3347 4626 ᾄσματα,
3381 4552 3484 4606 ὅσα
3530 4551 3613 4623 τῷ

337 4652 602 4709 nimirum
643 4647 736 4703 Dei
757 4663 896 4718 opus
927 4661 1039 4716 quo
1068 4662 1096 4702 a
1121 4656 1230 4701 tam
1265 4644 1461 4716 grandi
1487 4643 1708 4701 fuerant
1764 4647 1928 4717 Assy-

222 4756 234 4770 ‘
337 4745 546 4815 riorum
590 4739 880 4795 obsidione
940 4738 1192 4807 liberati;
1243 4738 1400 4808 juxta
1445 4751 1731 4808 anagogen
1774 4752 1927 4819 vero,

2036 4646 2229 4718 Κυρίῳ
2262 4648 2312 4700 οἱ
2340 4647 2525 4700 πιστοὶ
2559 4646 2892 4716 συνέθηκαν.
2923 4645 3100 4700 Καινὰ
3130 4646 3237 4717 γὰρ
3268 4644 3442 4699 ταῦτα
3479 4645 3622 4715 πρὸς
3715 4644 3719 4649 ⁷

2035 4740 2105 4793 τὰ
2133 4738 2234 4809 τῆς
2266 4741 2504 4802 παλαιᾶς
2525 4739 2874 4810 νομοθεσίας.

335 4824 781 4900 Christianorum
805 4836 1298 4908 cantusintelligit,
1322 4849 1690 4907 quoscunque
1711 4834 1925 4890 scilicet
1969 4834 2156 4892 ﬁdeles
2197 4845 2656 4909 composuerunt,
2689 4836 2782 4906 qui
2815 4835 2939 4891 novi
2999 4845 3129 4891 sunt
3205 4834 3624 4906 comparatione

338 4938 696 5007 antiquorum
740 4929 1158 4985 mandatorum.

406 5030 547 5085 Bene
583 5024 799 5098 psallite
828 5024 877 5078 ei
912 5023 965 5077 in
992 5021 1395 5093 vociferatione.
1453 5019 1797 5078 Vociferatio
1842 5031 1927 5077 est

338 5124 675 5196 ingeminata
704 5120 941 5174 militum
966 5132 1095 5181 vox,
1124 5130 1247 5186 quae
1277 5115 1549 5171 adversus
1592 5115 1788 5171 hostes
1821 5129 1924 5169 au-

335 5218 548 5274 daciam
578 5220 823 5285 praestat.
858 5208 964 5266 Per
996 5208 1317 5280 huiusmodi
1368 5222 1500 5285 vero
1565 5206 1924 5262 vociferatio-

337 5327 461 5367 nem
490 5306 773 5366 contidere
800 5319 901 5361 nos
956 5302 1239 5367 admonet,
1271 5300 1496 5356 dicens:
1520 5300 1748 5356 Psallite
1775 5299 1924 5371 jubi-

334 5405 471 5458 lanti
503 5417 636 5458 voce
666 5416 732 5456 ac
781 5399 1036 5454 ﬁduciam
1063 5401 1380 5463 praestante,
1405 5402 1699 5465 postquam
1734 5393 1923 5449 hostes

334 5509 530 5551 onlnes
563 5492 740 5549 territi
802 5489 1045 5559 atquein
1076 5486 1258 5554 fugam
1290 5485 1546 5540 conversi
1583 5491 1733 5538 sunt.
1764 5481 1923 5549 Quod

339 5602 467 5641 vero
501 5586 598 5646 ait.
637 5583 774 5638 Bene
805 5581 1036 5651 psallite,
1076 5578 1223 5635 idem
1247 5586 1334 5633 est
1372 5577 1544 5647 quod,
1580 5574 1919 5639 sublimiter,

336 5692 434 5733 seu
467 5675 706 5745 egregie,
752 5682 916 5742 atque
943 5687 1009 5725 ex
1043 5680 1156 5725 tota
1198 5670 1404 5724 anima.

408 5764 571 5820 Vsus.
606 5766 661 5819 4.
700 5764 842 5831 Quia
911 5773 1112 5819 rectum
1158 5771 1237 5817 est
1294 5761 1506 5815 verbum
1569 5759 1807 5827 Domini,
1868 5769 1917 5814 et

2104 5017 2318 5085 Καλῶς
2370 5007 2622 5087 add/late
2652 5014 2814 5083 αὑτῷ
2867 5017 2936 5070 ἐν
2997 5015 3347 5087 ἀλαλαγμῷ.
3386 5015 3621 5073 Ἀλαλα-

2037 5111 2180 5182 γμός
2218 5114 2366 5165 ἐστιν
2403 5100 2578 5181 ἀθρόα
2602 5109 2755 5181 φωνὴ
2784 5112 2895 5164 τῶν
2923 5109 3389 5175 συνασπιζόντων,
3422 5109 3623 5180 θαρσο-

2035 5206 2186 5268 ποιὸς
2226 5206 2366 5260 κατὰ
2394 5206 2504 5258 τῶν
2530 5204 2844 5275 πολεμίων·
2878 5203 2967 5259 διὰ
3013 5203 3106 5257 τοῦ
3184 5201 3505 5273 ἀλαλαγμοῦ
3562 5203 3620 5257 δὲ

2032 5299 2091 5353 τὸ
2116 5298 2342 5372 θαρρεῖν
2374 5298 2766 5372 προτρέπεται,
2802 5297 3050 5364 Ψάλατε,
3109 5294 3307 5365 λέγων,
3350 5299 3407 5349 ὲν
3465 5297 3617 5365 φωνῇ

2032 5374 2402 5463 ἀλαλαζούσῃ,
2440 5389 2691 5443 τουτέστι
2724 5388 3027 5461 θαρσαλέα,
3059 5388 3456 5459 τροπωθέντων
3511 5387 3616 5456 ἤδη

2032 5483 2145 5536 τῶν
2176 5480 2555 5552 ἐκφοϐούντων
2590 5481 2822 5554 ἐχθρῶν.
2850 5481 2924 5534 Τὸ
2969 5480 3025 5534 δὲ
3056 5477 3278 5547 καλῶς,
3329 5480 3452 5534 ἀντὶ
3497 5476 3615 5543 τοῦ,

2032 5575 2477 5647 ἀμετεωρίστως,
2503 5573 2806 5646 ὁλοψύχως.

2104 5757 2235 5811 Ὅτι
2269 5755 2452 5821 εὐθὺς
2477 5757 2508 5810 ὀ
2533 5757 2716 5827 λόγος
2741 5754 2847 5811 τοῦ
2887 5755 3109 5825 Κυρίου
3141 5752 3239 5809 καὶ
3296 5752 3493 5808 πάντα
3543 5751 3618 5805 τὰ
