4078 6424
456 493 570 556 36‘)

1638 489 2031 553 COMMENT.
2077 491 2159 552 IN
2200 490 2569 553 PSALMOS.

3634 494 3745 563 3ῗο

453 604 602 673 ἔργα
630 600 819 656 αὐτοῦ
841 599 1152 655 ἐνπῖστει.
1183 597 1443 654 Τοιοῦτόν
1467 597 1521 652 τί
1541 615 1711 669 φησιν
1740 617 1753 630 ·
1801 599 1990 670 Ὀρθδς
2022 601 2049 654 ό

2155 602 2337 657 omnia
2366 617 2526 668 opera
2555 616 2674 671 ejus
2716 602 2768 655 in
2800 601 2926 671 ﬁde.
2956 601 3161 657 Rectus
3184 610 3291 665 est,
3324 601 3522 673 inquit,
3560 619 3746 660 sermo

454 698 638 768 λόγος,
673 696 731 749 δν
762 694 1013 767 ἐμήνυσε
1035 694 1127 749 διὰ
1158 692 1256 749 τοῦ
1299 693 1586 765 προφήτου
1634 691 1867 745 Ἡσαΐου
1917 692 2051 762 περὶ

454 790 553 846 τοῦ
582 788 813 861 λυθῆναι
843 787 947 860 τὴν
968 787 1313 860 πολιορκίαν.
1346 787 1461 842 Καὶ
1488 786 1599 840 ἰδοὺ
1626 784 1698 840 τὰ
1730 784 1869 856 ἔργα
1896 784 2050 853 ἐποί-

455 900 560 955 ησε
589 882 734 937 κατὰ
765 880 875 934 τῶν
912 880 1219 953 ’Δσσυρίων
1244 880 1433 947 πιστὰ,
1465 877 1791 951 βεϐαιοῦντα
1822 878 1916 931 τὸν
1961 877 2051 931 λό-

456 992 578 1047 γον.
614 974 689 1028 Ἢ
718 973 900 1028 πάντα
922 973 992 1027 τὰ
1032 974 1170 1046 ἔργα
1206 972 1372 1027 αὐτοῦ
1403 974 1460 1026 ἐν
1489 971 1674 1024 πίστει
1704 970 1832 1037 εἰσὶ,
1859 968 2049 1023 τουτέ-

455 1083 607 1133 στιν,
633 1068 713 1131 εἰς
762 1066 952 1120 πίστιν
1000 1065 1097 1120 τοῦ
1143 1064 1485 1136 δημιουργοῦ
1533 1062 1671 1117 Θεοῦ
1710 1062 1805 1116 τὸν
1833 1061 2048 1133 ὁρῶντα

460 1158 709 1213 κινοῦσιν
730 1175 744 1189 ο
774 1158 975 1213 αὐτίκα
998 1158 1131 1229 γὰρ,
1163 1157 1251 1212 Iv:
1279 1157 1328 1211 τ’
1361 1157 1501 1212 ἄλλα
1533 1154 1822 1227 παρῶμεν,
1853 1155 1916 1208 τὸ
1969 1154 2050 1207 λε-

462 1250 735 1304 πτότατον
790 1248 1019 1320 κέντρον
1073 1252 1175 1320 τῆς
1240 1248 1506 1319 μελίσσης
1564 1247 1919 1318 σωληνοειδὲς
1964 1246 2047 1311 ὃν,

462 1343 611 1397 ὥστε
665 1341 736 1397 δι’
771 1342 941 1397 αὐτοῦ
985 1342 1176 1397 τδνῐὺν
1204 1341 1514 1414 ἐκκεῖσθαι,
1563 1341 1876 1395 διδακτικόν
1930 1340 2048 1393 ἐστι

456 1436 556 1490 τοῦ
588 1435 663 1507 μὴ
692 1436 1043 1506 αύτομάτως,
1074 1434 1212 1492 ἀλλὰ
1256 1436 1377 1507 θείᾳ
1420 1436 1650 1506 δυνάμει
1693 1435 2047 1505 κοιλανθῆναι

454 1530 562 1601 τὴν
593 1529 865 1602 τοσαύτην
887 1530 1216 1603 λεπτότητα.
1262 1530 1476 1593 Ἀλλως
1509 1530 1566 1583 δὲ
1597 1529 1781 1595 πάλιν,
1830 1527 1992 1600 ὀρθὸς
2019 1529 2048 1581 ὀ

453 1623 558 1693 τῆς
582 1622 711 1685 νέας
730 1621 1000 1694 διαθήκης
1017 1623 1174 1692 λόγος
1207 1622 1303 1677 τοῦ
1324 1623 1599 1695 Σωτῆρος,
1638 1622 1807 1692 μηδὲν
1834 1620 2047 1674 σκολιὸν

452 1715 552 1768 καὶ
566 1714 825 1768 δύσλυτον
841 1714 1003 1785 ἔχων,
1030 1711 1118 1769 οἷα
1140 1714 1210 1769 τὰ
1223 1715 1320 1786 τῆς
1338 1716 1608 1778 Παλαιᾶς.
1629 1715 1752 1769 Ἔτι
1770 1716 1825 1768 δὲ
1838 1716 1933 1769 καὶ
1948 1716 2047 1769 ὅσα

451 1805 718 1876 ἐποίησεν
740 1805 879 1876 ἔργα
908 1806 1332 1878 πολιτευόμενος
1363 1808 1420 1861 ἐν
1456 1808 1642 1878 σαρκὶ,
1676 1809 1932 1862 πιστοῦσι
1954 1810 2047 1862 τὸν

452 1897 614 1965 λόγον
641 1897 809 1952 αὐτοῦ
836 1898 1239 1969 συμφωνοῦντα
1260 1900 1465 1969 τούτῳ·
1498 1901 1593 1953 καὶ
1609 1900 1750 1954 αὐτὰ
1785 1900 1842 1954 δέ
1877 1900 2044 1954 πιστά

450 1956 619 2055 εἰσιν,
674 1988 752 2055 ὡς
808 1956 984 2061 ἀληθέι
1045 1993 1141 2045 καὶ
1200 1956 1594 2066 ἀναντίρρητα.
1630 1996 1704 2047 Ἦ
1730 1994 1829 2048 καὶ
1883 1993 2047 2065 λόγος
2081 1956 2119 2010 Β

454 2083 621 2147 αὐτὸς
647 2085 676 2137 δ
699 2083 858 2162 Υἱὸς,
898 2083 960 2149 ὃς
986 2085 1138 2138 ἐστιν
1172 2085 1354 2149 εὐθὺς.
1381 2086 1457 2150 ὡς
1478 2086 1599 2150 ὁδὸς
1628 2087 1896 2157 ἀπλανὴς,
1951 2089 2048 2143 καὶ

454 2174 718 2245 ἀλήθειασ
754 2177 923 2249 ἔφησε
948 2178 1059 2250 γάρ
1084 2193 1101 2212 ο
1139 2178 1287 2247 Ἐγώ
1315 2181 1434 2249 ειμι
1464 2180 1502 2248 ἡ
1534 2180 1679 2247 ὁδὸς
1702 2181 1800 2234 καὶ
1832 2181 1872 2249 ἡ
1899 2181 2049 2249 ἁλή-

462 2271 609 2324 θεια.
672 2270 785 2325 Καὶ
815 2273 994 2325 πάντα
1047 2273 1148 2327 ὅσα
1188 2273 1415 2343 ἐποίησε
1456 2275 1680 2344 σημεῖα,
1733 2273 1822 2328 διὰ
1861 2274 2047 2328 πίστιν

472 2359 580 2411 τῶν
600 2361 847 2431 ὁρώντων
880 2362 1164 2434 ἐποίησεν,
1189 2364 1278 2419 ἵνα
1310 2365 1829 2436 πιστεύσωσιν,(10)
1855 2365 2042 2420 αὐτόν.

2154 695 2397 756 Domini,
2428 708 2591 765 quem
2615 694 2925 763 perlsaiam
2956 694 3280 764 prepbctam
3300 692 3368 748 de
3388 694 3746 752 dissolvenda

2151 787 2445 843 obsidione
2484 786 2846 858 signiﬁcavit.
2888 784 3034 841 Ecce
3065 785 3214 842 enim
3246 785 3396 857 quod
3432 800 3599 856 opera
3625 784 3748 859 quae

2154 879 2420 934 Dominus
2454 888 2646 935 contra
2677 879 2942 952 Assyrios
2977 878 3127 944 fecit,
3164 878 3324 935 [idem
3363 890 3632 949 praestant
3692 891 3747 937 ct

2152 972 2486 1027 continuant
2507 972 2658 1027 illius
2694 986 3033 1026 sermonem.
3067 970 3161 1024 Vel
3221 971 3401 1038 aliter,
3442 973 3629 1027 omnia
3687 974 3742 1027 in

2153 1064 2470 1119 universum
2515 1078 2683 1133 opera
2736 1062 2953 1118 Domini
3025 1064 3080 1118 in
3148 1064 3254 1120 ﬁde
3304 1079 3427 1120 esse
3457 1065 3743 1135 dicuntur,

2151 1155 2282 1225 quia
2313 1168 2677 1226 quoscunque
2707 1170 2771 1210 ea
2799 1165 3094 1211 cernentes
3119 1166 3339 1211 moveut
3372 1156 3437 1210 ad
3472 1155 3656 1220 ﬁdem,
3684 1169 3745 1210 ιιι

2152 1247 2382 1301 credant
2415 1246 2742 1317 illepiﬁcem
2768 1262 2833 1301 ac
2865 1256 3176 1302 creatorem
3235 1248 3432 1303 Deum.
3483 1246 3618 1302 Nam
3656 1246 3743 1320 [ut

2151 1342 2257 1396 alia
2293 1341 2478 1396 omnia
2511 1340 2792 1415 omittam]
2841 1357 3027 1397 nonne
3089 1342 3173 1397 vel
3213 1342 3414 1398 unicus
3444 1343 3564 1412 apis
3619 1358 3748 1397 acu-

2153 1435 2297 1499 leus,
2324 1434 2417 1504 qui
2453 1434 2651 1490 ﬁstulae
2678 1435 2732 1491 in
2764 1451 2970 1491 morem
3006 1434 3187 1491 factus
3230 1442 3338 1501 est,
3403 1436 3476 1490 ita
3541 1445 3601 1490 ut
3652 1452 3746 1506 per

2149 1543 2274 1581 eum
2328 1527 2573 1601 [tametsi
2607 1530 2858 1600 alioquin
2896 1529 3265 1587 tenuissimus
3297 1527 3426 1602 est]
3455 1529 3578 1598 apis
3650 1545 3745 1585 ve-

2150 1638 2354 1678 nenum
2404 1622 2676 1690 eiiundat,
2702 1624 2921 1680 abunde
2956 1624 3157 1680 docere
3183 1638 3287 1680 nos
3345 1625 3544 1694 possit,
3593 1625 3741 1696 quod

2150 1732 2260 1771 non
2296 1716 2546 1783 fortuito,
2572 1727 2667 1773 aut
2695 1716 2760 1774 ex
2795 1732 2940 1785 sese,
2968 1718 3063 1774 sed
3106 1719 3252 1788 quod
3282 1717 3466 1772 divina
3495 1719 3543 1772 vi
3578 1726 3730 1772 tanta

2149 1810 2395 1865 tenuitas
2428 1810 2594 1866 fuerit
2648 1811 3005 1866 concavata?
3048 1811 3111 1865 Et
3140 1810 3336 1865 aliter:
3380 1811 3613 1865 Rectum
3651 1821 3739 1866 est

2148 1902 2282 1959 Novi
2313 1902 2649 1961 Testamenti
2681 1920 2744 1960 ac
2787 1903 3090 1961 Salvatoris
3120 1905 3297 1961 nostri
3322 1905 3579 1969 verbum,
3603 1905 3741 1958 nihil

2150 1996 2466 2066 obliquum,
2503 1996 2644 2051 nihil
2687 1999 2987 2053 obscurum
3023 1997 3255 2062 habens,
3292 2008 3351 2052 ut
3403 1995 3573 2051 Vetus
3632 1995 3741 2050 lex.

2148 2086 2419 2143 Praeterea
2452 2098 2509 2145 et
2546 2105 2894 2161 qumcunque
2926 2104 3094 2161 opera
3129 2090 3259 2144 olim
3295 2081 3741 2150 iccit'Domiuus,

2148 2180 2278 2235 dum
2311 2193 2737 2238 eonversaretur
2764 2185 2819 2237 in
2845 2198 3035 2248 carne,
3078 2182 3289 2238 ﬁdelem
3324 2182 3563 2237 reddunt
3621 2180 3743 2249 ejus

2150 2288 2492 2336 sermonem.
2536 2275 2666 2329 dum
2718 2274 2827 2330 sibi
2862 2289 3107 2330 consona
3142 2284 3313 2342 sunt;
3355 2282 3411 2327 et
3446 2273 3572 2328 aliis
3623 2288 3741 2327 cre-

2148 2366 2351 2433 denda,
2398 2376 2587 2439 utpote
2618 2382 2748 2423 vera
2777 2375 2831 2422 et
2865 2368 3069 2437 quibus
3099 2366 3409 2421 contradici
3448 2381 3556 2421 non
3608 2380 3741 2435 pos—

473 2458 562 2512 sit.
589 2456 869 2523 Velaliter,
902 2475 999 2532 per
1056 2459 1299 2517 Verbum
1358 2463 1477 2532 ipse
1504 2462 1680 2519 Filius
1717 2461 2133 2534 intelligendus,
2168 2470 2225 2517 et
2262 2464 2345 2519 via
2374 2480 2484 2520 non
2532 2478 2753 2529 errans,
2820 2478 2888 2518 ac
2920 2464 3150 2519 veritas.
3222 2462 3335 2533 Ego
3387 2462 3535 2518 enim
3596 2477 3737 2515 sum.

463 2550 653 2621 inquit,
679 2558 770 2609 via
823 2564 881 2610 et
932 2555 1133 2612 veritas
1158 2556 1229 2614 “.
1284 2556 1483 2613 Omnia
1556 2557 1722 2613 etiam
1774 2556 1934 2626 signa
1991 2570 2334 2628 quaecunque
2399 2557 2551 2622 fecit,
2595 2557 2666 2613 ob
2720 2555 3024 2613 videntium
3103 2563 3158 2611 et
3211 2556 3524 2613 auditorum
3579 2556 3739 2611 [idem

458 2639 598 2696 facta
625 2653 779 2707 sunt,
814 2653 874 2700 ut
898 2646 1111 2703 scilicet
1151 2647 1443 2703 crederent
1472 2647 1527 2702 in
1557 2646 1759 2717 ipsum.

538 2736 769 2807 Ἀγαπᾷ
782 2739 1209 2809 ἐλεημοσύνην
1223 2742 1322 2795 καὶ
1336 2741 1542 2810 κρίσιν
1568 2742 1602 2795 ό
1625 2742 1863 2809 Κύριος.
1881 2740 2049 2812 Ὅρα,

454 2827 575 2898 ’πρὸ
601 2829 707 2900 τῆς
736 2830 977 2901 κρίσεως
1017 2832 1167 2902 φιλεί
1230 2832 1329 2904 τὴν
1380 2831 1757 2903 ἐλεημοσύνην
1779 2848 1793 2862 ·
1845 2832 1927 2886 διὸ
1954 2833 2052 2887 καὶ

462 2921 562 2975 ἐπὶ
592 2921 704 2975 τῶν
732 2923 1185 2994 ἁμαρτανόντων,
1224 2925 1446 2995 πρῶτον
1476 2926 1575 2997 μὲν
1630 2926 1896 2997 ἀναμένει
1947 2927 2049 2997 τὴν

464 3013 766 3080 μετάνοιαν
800 3014 1004 3081 αὑτῶν,
1037 3016 1174 3087 ὅπερ
1197 3016 1348 3071 ἐστὶν
1400 3017 1798 3087 ἐλεημοσύνηςο
1854 3006 2073 3071 ἔπειται

458 3104 1024 3174 μένονταςοὰνιάτους
1063 3108 1309 3173 κολάζει,
1336 3109 1472 3181 ὅπερ
1502 3110 1618 3163 ἐστὶ
1672 3109 1930 3180 κρεσεως.
1971 3110 2045 3162 Ἦ

454 3198 556 3251 καὶ
587 3198 670 3252 ὅτι
701 3198 838 3269 ἐλέῳ
861 3201 1044 3255 πᾶσαν
1095 3201 1280 3273 κρίσιν
1324 3201 1493 3256 αὐτοῦ
1556 3201 1834 3273 κίρνησιν.
1897 3198 2040 3254 Ἐὰν

454 3288 568 3359 γὰρ
612 3290 925 3360 ἀνομοίας,
988 3296 1145 3364 φησι,
1194 3294 1668 3365 παρατηρήσεις,
1713 3296 1909 3365 Κύριε,
1952 3293 2045 3361 τίς

454 3382 873 3449 ὐ.τοστήσεται
894 3401 915 3451 ;
942 3385 1013 3439 Ἣ
1040 3387 1233 3458 ἀγαπᾷ
1264 3388 1638 3457 ἐλεημοσύνην
1661 3388 1781 3458 μὲν,
1808 3389 1889 3445 εἰς
1917 3388 2044 3451 τοὺς

2222 2735 2392 2791 Vens.
2426 2733 2479 2795 5.
2512 2732 2701 2804 Diligit
2724 2733 3148 2789 misericordia»:
3173 2743 3223 2790 et
3243 2735 3514 2806 judicium
3556 2734 3742 2790 Domi-

2150 2825 2416 2883 nus.Vidc
2446 2825 2731 2896 quomodo
2778 2827 3222 2881 misericordiam
3254 2829 3539 2899 [imponat
3584 2829 3741 2899 judi-

2149 2922 2256 2987 cio,
2289 2929 2455 2990 utque
2496 2933 2614 2973 eam
2640 2916 2783 2973 Deus
2815 2919 2986 2989 magis
3011 2919 3223 2990 diligat.
3251 2918 3364 2977 "ac
3406 2920 3607 2976 etenim
3643 2938 3700 2975 ra
3724 2951 3739 2964 -

2147 3012 2301 3068 tione
2333 3013 2388 3065 in
2452 3010 2845 3082 peccatoribus
2907 3009 3052 3067 Deus
3113 3014 3356 3081 primum
3413 3024 3739 3084 exspectare

2153 3106 2222 3160 ab
2254 3105 2337 3160 eis
2359 3103 2520 3165 solet,
2562 3118 2630 3156 au
2660 3103 3045 3172 pmnitentiam
3073 3112 3259 3173 agant,
3295 3104 3424 3176 quia
3474 3107 3737 3162 nimirum

2156 3198 2472 3253 misericors
2500 3205 2621 3262 est;
2655 3196 2877 3257 deinde.
2917 3197 2962 3252 si
3002 3197 3437 3253 immedicabiles
3482 3215 3737 3269 perman-

2154 3289 2353 3352 serint,
2380 3303 2477 3345 eos
2543 3289 2805 3358 castigat,
2849 3287 2995 3356 quod
3050 3289 3287 3357 pertinet
3320 3289 3387 3342 ad
3441 3288 3735 3358 judicium.

2154 3380 2275 3443 Yel,
2307 3382 2434 3452 quia
2467 3381 2783 3451 cuicunque
2814 3380 3030 3450 judicio
3089 3394 3190 3451 suo
3232 3380 3374 3435 Deus
3419 3381 3737 3437 misericon

454 3476 896 3546 διορθωοένταςο
931 3479 1114 3550 κρίσιν
1133 3480 1211 3544 δὲ,
1251 3482 1331 3544 εἰς
1357 3480 1485 3544 τοὺς
1546 3480 1928 3551 ἀδιοροὼτους.
1972 3481 2044 3533 Ἥ

2152 3473 2297 3529 diam
2324 3472 2670 3540 commiscet,
2717 3472 2874 3541 juxta
2911 3474 3081 3528 illud:
3118 3471 3178 3528 Si
3211 3473 3519 3543 iniquitates
3564 3476 3743 3529 obser-

457 3568 611 3621 ἓλεον
646 3570 769 3638 μὲν,
801 3572 861 3623 ἐν
897 3569 972 3641 τῷ
1002 3571 1232 3643 παρόντι
1267 3573 1426 3626 αἰῶνι
1451 3588 1466 3602 ⁸
1530 3574 1614 3627 Οὐ
1662 3575 1773 3645 γίιρ
1827 3568 2043 3643 ἦλθον,

459 3657 620 3726 φησι,
646 3658 845 3727 κρῖναι
867 3660 978 3715 τὸν
1004 3662 1240 3732 κόσμον
1258 3677 1271 3691 ·
1299 3661 1483 3733 κρίσιν
1499 3662 1554 3716 δὲ
1572 3664 1628 3715 ἐν
1656 3662 1733 3733 τῷ
1764 3662 2011 3733 μέλλοντι
2031 3701 2046 3718 .

457 3748 716 3804 τοιοῦτόν
749 3754 867 3805 ἐστι
902 3754 997 3805 καὶ
1028 3754 1089 3807 τό
1115 3770 1128 3786 ·
1184 3755 1400 3809 Ἔλεον
1429 3754 1527 3808 καὶ
1558 3755 1765 3820 κρίσιν
1821 3753 2051 3823 ᾄσομαι

459 3858 584 3909 σοι,
613 3844 810 3911 Κύριε.
839 3845 1094 3915 ’ᾼσομαι
1141 3844 1198 3898 δέ
1222 3886 1234 3909 ,
1263 3845 1389 3899 ἀντὶ
1424 3846 1541 3912 τοῦ,
1591 3846 1755 3917 ᾮδήν
1789 3863 1871 3899 σοι
1928 3863 2051 3900 ποι-

462 3938 605 4004 ⁴ἥσω,
642 3938 738 3990 καὶ
774 3935 945 4006 ὕμνον
974 3939 1065 3990 τὸν
1091 3939 1261 4004 ἐλεον,
1305 3939 1403 3993 καὶ
1436 3939 1537 4009 τὴν
1561 3939 1773 4013 κρίσιν,
1807 3933 1940 4001 οἷον,
1961 3940 2047 3993 ὅτι

460 4024 634 4080 ἐλθὼν
660 4029 872 4096 κρίνεις
902 4029 1028 4083 καθ’
1046 4030 1106 4082 δν
1139 4031 1452 4102 εἰρήκαμεν
1486 4032 1713 4102 τρόπον.
1760 4031 2047 4101 Κέκραται

460 4113 520 4169 δὲ
549 4117 645 4170 καὶ
669 4118 729 4171 τὸ
753 4117 903 4182 ἕλεος
932 4121 1135 4191 κρίσει,
1161 4121 1255 4174 καὶ
1285 4122 1318 4191 ἡ
1347 4120 1529 4192 κρίσις
1552 4121 1708 4193 ἐλέῳ,
1759 4122 1845 4174 ἴνα
1908 4120 2048 4192 μήτε

458 4208 488 4260 ὅ
534 4206 1009 4279 ἕλεοςηχαύνωσιν
1066 4212 1345 4283 ἐμποιήσῃ
1403 4212 1584 4282 μόνος,
1624 4212 1763 4283 μήτε
1791 4213 1826 4282 ἡ
1858 4211 2045 4281 κρίσις

457 4297 796 4370 ἀπόγνωσιν.
865 4303 990 4357 Ἐπὶ
1011 4304 1067 4358 δὲ
1091 4305 1192 4368 τῆς
1224 4304 1545 4368 ὑποθέσεως
1581 4304 1832 4369 Ἐζεκίου
1891 4303 2046 4375 εῐλη-

458 4408 597 4446 πται
628 4392 690 4446 τὺ
721 4393 887 4466 ῥητόν
911 4412 925 4426 ·
957 4396 1042 4467 ὅτι
1076 4395 1310 4467 ἐλεήσας
1341 4396 1442 4469 τὴν
1516 4395 1879 4469 Ἰερουσαλὴμ
1942 4413 2046 4449 πο-

456 4483 883 4558 λιορκουμένην,
940 4488 1236 4561 κατέκρινε
1282 4489 1411 4554 τοὺς
1481 4487 1810 4552 ἀδικοῦντας
1872 4487 2046 4559 αὐτὴν

471 4575 825 4647 Ἀσσυρίους.

2148 3565 2370 3631 vaveris,
2416 3563 2657 3629 Domine,
2721 3564 2964 3630 Domine,
3016 3566 3135 3634 quis
3187 3566 3465 3622 sustinebit
3495 3566 3584 3622 u’?
3643 3568 3737 3624 Vel

2150 3657 2590 3714 misericordiam
2629 3656 2849 3726 quidem
2886 3657 3064 3727 diligit
3130 3658 3297 3725 Deus,
3376 3659 3432 3714 in
3497 3660 3564 3716 iis
3596 3677 3738 3731 quos

2152 3751 2475 3823 castigando
2533 3750 2716 3806 erudit
2770 3765 2833 3805 ac
2892 3750 3101 3821 dirigit,
3155 3752 3425 3821 judicium
3505 3769 3636 3809 vero
3683 3755 3739 3809 in

2153 3846 2223 3900 iis
2245 3845 2337 3913 qui
2380 3844 2628 3913 perversi
2675 3853 2843 3913 atque
2906 3843 3316 3913 incorrigibiles
3368 3856 3734 3913 perseverant.

2158 3936 2253 3992 Vel
2284 3938 2715 3993 misericordiam
2745 3936 2926 4008 diligit
2971 3939 3024 3991 in
3056 3940 3314 4009 praesenti
3339 3942 3577 3995 saeculo:
3613 3938 3739 3995 Non

2152 4030 2269 4083 veni
2291 4029 2458 4095 enim,
2487 4028 2685 4098 inquit,
2726 4038 2784 4082 ut
2811 4031 3049 4098 judicent
3071 4036 3326 4084 mundum
3356 4030 3401 4063 ⁵⁸
3428 4031 3737 4100 ;judicium

2156 4130 2338 4175 autem
2377 4119 2431 4174 in
2468 4120 2678 4175 futuro.
2721 4119 2917 4174 Simile
2945 4129 3030 4175 est
3054 4122 3221 4175 etiam
3252 4123 3397 4191 quod
3444 4124 3573 4177 alibi
3606 4123 3740 4194 legi-

2156 4212 2371 4283 gimus:
2401 4211 2854 4275 Misericordiam,
2878 4224 2924 4267 et
2947 4213 3216 4281 judicium
3237 4214 3461 4270 cantabo
3491 4216 3607 4278 tibi,
3627 4214 3743 4269 Do—

2156 4304 2295 4359 mine
2323 4305 2411 4370 “,
2445 4304 2548 4359 hoc
2584 4315 2689 4368 est,
2741 4304 3178 4360 misericordiam
3234 4315 3292 4361 et
3350 4307 3621 4377 judicium
3680 4309 3735 4362 in

2155 4398 2430 4453 canticum
2453 4397 2553 4453 tibi
2586 4413 2649 4453 ac
2682 4396 2895 4453 laudem
2924 4413 3275 4468 componam,
3310 4415 3546 4457 narrans
3578 4401 3740 4457 nimi-

2157 4505 2302 4556 rum,
2338 4476 2618 4559 quomodo
2650 4490 3085 4546 misericorditer
3110 4491 3350 4557 indicas,
3393 4503 3450 4546 ut
3488 4493 3741 4564 pradixi-

2160 4597 2306 4637 mus.
2342 4579 2748 4635 Commiseetur
2777 4580 2922 4634 enim
2966 4580 3343 4639 misericordia
3386 4584 3619 4655 judicio,
3685 4591 3740 4639 et

455 4673 735 4744 judicium
764 4678 1182 4746 misericordiae,
1216 4695 1287 4735 ne
1353 4680 1727 4737 misericordia
1768 4681 2048 4735 laxitatem
2089 4693 2153 4733 ac
2195 4677 2502 4740 mollitiem,
2537 4690 2673 4730 neve
2734 4675 3004 4742 judicium
3082 4678 3515 4748 desperationem
3577 4696 3743 4752 gene-

462 4783 573 4827 ret.
614 4772 842 4841 Quodsi
867 4778 1141 4846 psalmum
1178 4776 1389 4834 referas
1413 4776 1483 4831 ad
1505 4787 1751 4847 tempora
1780 4776 2052 4839 Ezechizc,
2093 4776 2182 4831 die
2204 4773 2351 4841 quod
2384 4771 2650 4826 Dominus
2683 4769 2979 4828 miseratus
3018 4780 3104 4828 est
3169 4772 3452 4830 obsessam
3517 4775 3738 4833 Jerusa-

459 4865 598 4931 lem,
625 4875 682 4921 ct
716 4870 860 4936 quod
882 4870 1096 4939 judicio
1122 4886 1228 4927 suo
1255 4873 1513 4943 Assyrios
1547 4872 1753 4941 injuste
1778 4870 2097 4927 obsidentes
2114 4866 2521 4924 condemnavit.

538 4985 658 5041 Τοῦ
695 4986 909 5055 ἐλέους
937 4990 1161 5059 Κυρίου
1188 4991 1428 5061 πλήρης
1459 4993 1497 5059 ἢ
1531 4991 1633 5060 τῆ.
1685 4991 1903 5052 Πάντας
1940 4992 2049 5062 γὰρ

2167 4989 2177 4995 ’
2230 4987 2600 5044 Misericordia
2647 4986 2864 5043 Domini
2917 4986 3073 5058 plena
3126 4999 3204 5043 est
3259 4998 3419 5044 terra.
3478 4985 3734 5041 Omnium

456 5079 631 5143 ἐλεεῖ,
666 5078 905 5144 καὶτοὺς
938 5084 1163 5148 ἀθέους·
1226 5085 1456 5156 καὶγὰρ
1504 5086 1607 5138 οὐκ
1654 5084 1722 5137 ἂν
1780 5085 1870 5137 εἴα
1928 5084 2050 5155 ζῇν·

2154 5082 2299 5137 enim
2336 5082 2630 5138 miseretur
2660 5082 2826 5145 Deus,
2848 5081 3145 5153 impiorum
3174 5083 3338 5137 etiam
3362 5080 3448 5153 [ac
3480 5096 3539 5136 sc
3569 5080 3732 5134 Deum

460 5171 611 5243 πλὴν
636 5172 764 5235 τοὺς
796 5174 896 5242 μὲν
922 5179 1360 5241 πεπιστευκότας
1385 5178 1611 5247 μᾶλλον,
1648 5173 1814 5249 ἦττον
1840 5177 1897 5230 δὲ
1926 5176 2049 5239 τοὺς

2154 5174 2589 5246 abnegantium].
2607 5174 2742 5228 Nam
2773 5175 3001 5244 alioqui,
3028 5175 3076 5229 si
3095 5172 3474 5228 misericordia
3495 5179 3736 5226 nouute-

462 5262 690 5328 ἄλλους.
725 5265 796 5318 Ἦ
835 5268 931 5321 καὶ
962 5267 1110 5332 ἔλεος
1158 5269 1369 5338 Κυρίου
1400 5269 1511 5323 νόει
1539 5270 1601 5323 τὸ
1635 5271 1904 5339 κήρυγμα
1957 5266 2049 5320 τοῦ

2156 5275 2332 5332 retur,
2391 5266 2670 5337 quomo‘do
2716 5267 2926 5322 sineret
2981 5280 3078 5319 cos
3120 5263 3342 5319 vivere?
3390 5261 3734 5317 credentium

459 5357 816 5426 εὐαγγελίου,
852 5360 1058 5432 πλῆρες
1090 5361 1149 5415 ὃν
1179 5362 1386 5427 ἐλέους,
1418 5363 1494 5426 ὡς
1518 5361 1614 5416 καὶ
1654 5360 1947 5431 δεδομένον
1995 5360 2049 5428 ἐξ

2158 5368 2341 5415 tamen
2372 5374 2591 5429 semper
2623 5358 2797 5429 magis
2830 5357 3154 5420 miseretur,
3198 5362 3255 5410 et
3284 5353 3575 5421 impiorum
3635 5355 3739 5407 mi-

459 5450 844 5524 ἐλεημοσύνης
869 5453 964 5507 τοῦ
987 5453 1499 5527 δημιουργήσαντος
1531 5454 1700 5525 ἡμᾶς,
1736 5444 1799 5506 οὖ
1834 5450 2049 5523 πεπλή-

438 5534 649 5612 ’ρωται
670 5542 875 5616 πᾶσαή
906 5544 978 5615 γῆ
1011 5543 1103 5599 διὰ
1120 5548 1218 5617 τῆς
1274 5544 1385 5601 τῶν
1424 5544 1743 5601 ἀποστόλων
1793 5542 2054 5597 διδασκα-

2161 5470 2287 5509 nus.
2321 5453 2418 5510 Vel
2446 5469 2545 5524 per
2568 5451 2999 5508 misericordiam
3030 5448 3266 5512 Domini,
3299 5443 3576 5514 Evangelii
3598 5460 3735 5515 prae-

2162 5545 2495 5603 dicationem
2522 5543 2786 5617 intelligo,
2821 5540 2969 5625 quod
3001 5536 3375 5597 misericordia
3411 5535 3630 5607 picnum
3653 5545 3738 5591 est

543 5720 595 5758 δ’
617 5722 777 5781 Joan.
813 5702 926 5793 xlv,
960 5725 1016 5782 6.
1092 5726 1302 5786 “Psal.
1332 5743 1516 5797 cxxxx,
1556 5728 1609 5783 5.
1678 5727 1722 5760 ⁸⁸
1752 5725 1911 5783 Joan.
1945 5740 2044 5790 xu,

2152 5727 2187 5780 Γ.
2260 5725 2305 5758 ⁴⁶
2334 5724 2479 5780 Psal.
2517 5737 2568 5789 C,
2600 5723 2649 5777 1.

1833 5860 2029 5925 Variae
2080 5856 2408 5925 lectio-nes.

531 5987 646 6065 (l0)
681 5987 767 6047 ἶσ.
794 5989 875 6053 εἰς
928 5987 1111 6045 αὑτόν.
