4078 6466
330 471 435 535 371
1556 481 1760 541 EUTH
1774 481 1871 542 YM
1886 481 1919 541 ιζ

2032 481 2312 544 IGABEN
2320 482 2348 540 Ι
3488 469 3598 537 372

331 597 497 656 atque
554 601 619 641 ex
671 587 1052 666 misericordia
1079 590 1359 651 Creatoris
1400 596 1576 651 nostri
1620 595 1716 652 Dei
1750 598 1912 654 nobis

2022 599 2158 662 λίας.
2195 594 2334 653 Εἶτα
2371 598 2516 652 κινεῖ
2556 597 2653 651 τὸν
2701 596 2862 662 λόγον
2884 596 2966 660 εἰς
2999 593 3193 666 ὕμνον,
3229 589 3594 663 διηγούμενος

328 680 544 745 datum,
568 688 624 736 et
664 696 775 751 quo
802 682 915 753 jam
944 663 1104 755 plena
1121 674 1208 744 est
1240 697 1348 744 tota
1383 698 1531 745 terra
1560 690 1634 746 ob
1655 691 1909 748 dissemi-

2014 690 2085 745 τὰ
2114 690 2398 762 θαυμάσια
2426 686 2519 744 τοῦ
2558 686 2720 755 Θεοῦ,
2738 689 2835 743 καί
2878 703 3015 760 φησι
3037 702 3054 720 ο

330 782 515 869 natam
546 776 788 844 undique
828 780 1205 849 apostolorum
1221 783 1554 841 doctrinam.
1581 785 1907 842 Sermonem
1951 793 2134 869 autem
2174 786 2437 858 deinceps
2477 793 2654 840 mutat
2676 787 2732 839 in
2764 784 3008 849 laudem,
3049 795 3287 837 narrans
3319 770 3597 836 mirabilia

332 864 449 933 Dei,
484 877 539 922 et
568 868 761 925 dicens
796 888 810 925 :

404 963 568 1018 Vatis.
595 964 647 1019 6.
684 964 858 1021 Verbo
884 966 1098 1023 Domini
1121 969 1237 1024 caeli
1254 970 1619 1040 ﬁrmatisunt,
1642 981 1692 1027 et
1715 971 1907 1038 spiritu

330 1055 439 1110 oris
465 1057 579 1126 ejus
614 1058 785 1114 omnis
809 1061 1045 1131 potentia
1106 1078 1312 1116 eorum.
1360 1060 1631 1117 Videntur
1685 1065 1909 1133 quidem

330 1146 447 1203 haec
481 1151 649 1207 verba
689 1152 833 1208 idem
866 1169 1022 1224 mque
1041 1156 1371 1226 signiﬁcare.
1426 1156 1567 1212 Dicit
1599 1158 1745 1214 eni'u
1768 1158 1912 1215 Deus

328 1237 399 1295 de
425 1257 784 1313 unoquoque,
809 1243 951 1312 Fiat,
966 1255 1020 1301 ct
1044 1245 1246 1302 factum
1271 1255 1375 1305 est.
1397 1246 1632 1305 Verbum
1650 1258 1909 1318 praeterea

328 1331 447 1388 oris
479 1334 713 1402 spiritus
748 1345 855 1401 est,
898 1352 1078 1394 aerem
1118 1340 1454 1406 verberans;
1485 1350 1538 1396 et
1585 1341 1769 1410 qualis
1823 1351 1911 1397 est

329 1424 444 1477 oris
468 1425 720 1494 spiritus,
745 1428 839 1495 qui
870 1443 1050 1484 aerem
1083 1429 1360 1491 verberat.
1388 1431 1496 1485 tale
1533 1439 1698 1486 estet
1730 1432 1906 1501 ipsum

329 1514 582 1571 verbum.
650 1516 914 1574 Similiter
971 1521 1374 1577 ﬁrmamentum
1408 1539 1473 1577 ac
1510 1525 1753 1592 potentia
1812 1541 1912 1596 pro

331 1602 526 1659 eodem
557 1615 876 1664 sumuntur.
913 1610 1048 1664 (ΣαεΙί
1092 1612 1239 1667 enim
1268 1612 1488 1669 dillicile
1534 1630 1909 1686 corrumpun-

332 1705 443 1758 tur,
470 1698 726 1767 ﬁrmique
756 1715 820 1755 ac
849 1701 1075 1758 stabiles
1100 1712 1253 1758 sunt.
1310 1703 1419 1760 Sed
1445 1707 1604 1774 juxta
1657 1708 1908 1764 altiorem

333 1802 556 1844 sensum
585 1788 719 1860 [quo
750 1791 936 1847 dicere
964 1808 1264 1864 possumus
1320 1795 1542 1851 beatum
1591 1797 1761 1855 David
1809 1798 1913 1856 hoc

334 1881 389 1934 in
434 1882 555 1936 loco
583 1879 650 1937 de
668 1892 862 1940 sancta
888 1885 1162 1941 Trinitatc
1211 1888 1642 1964 philosophari},
1677 1908 1777 1962 per
1805 1893 1914 1950 Do-

333 1972 567 2038 minum,
593 1973 811 2032 Patrem
850 1976 1134 2049 intellige:
1167 1989 1228 2037 et.
1247 1980 1471 2049 Filium,
1508 2000 1607 2054 per
1651 1986 1912 2042 verbum:

331 2071 386 2116 et
413 2079 510 2132 per
532 2066 787 2135 spiritum
820 2072 936 2127 oris
976 2072 1120 2144 ejus,
1145 2073 1410 2144 Spiritum
1431 2090 1686 2133 sanctum
1715 2094 1914 2149 :quem
1949 2055 1989 2111 Β

335 2153 460 2210 ideo
483 2157 741 2227 Spiritum
776 2163 892 2218 oris
915 2163 1037 2234 ejus
1062 2167 1383 2238 appellavit,
1412 2178 1471 2223 ut
1503 2170 1754 2242 ejusdem
1788 2186 1914 2227 eum

333 2249 657 2306 ostenderet
684 2267 807 2311 esse
837 2244 1164 2314 substantia
1196 2274 1320 2314 cum
1378 2262 1473 2316 illo
1505 2278 1535 2317 a
1571 2279 1682 2332 quo
1708 2263 1917 2319 emitti-

335 2348 451 2408 tur,
482 2351 536 2396 et
564 2344 712 2413 quod
741 2361 848 2401 non
881 2358 1104 2405 creatus
1129 2352 1545 2409 essetaliunde.
1588 2352 1696 2410 Per
1748 2356 1920 2410 caelo-

334 2447 457 2486 rum
486 2450 617 2490 vero
646 2441 971 2507 potentiam,
1002 2443 1260 2499 cmlestes
1290 2446 1613 2517 angelorum
1637 2447 1915 2517 potentias

334 2524 602 2599 lntellige.
639 2529 777 2586 lllud
811 2540 993 2589 tamen
1025 2534 1271 2601 adverte,
1298 2538 1446 2608 quod
1482 2555 1593 2597 non
1619 2540 1914 2609 separatim

338 2615 514 2673 Filius
577 2620 830 2679 homines
874 2628 1104 2693 creavit,
1146 2640 1196 2683 et
1248 2629 1790 2701 Spiritusﬁngelos;
1820 2632 1916 2688 sed

336 2711 510 2770 Filius
533 2713 755 2785 quidem
775 2717 958 2771 omnia
981 2718 1048 2773 ad
1079 2735 1201 2776 esse
1220 2720 1505 2791 produxit:
1532 2720 1729 2778 Omnia
1744 2723 1916 2789 enim,

338 2803 535 2876 inquit,
568 2822 662 2876 per
693 2806 862 2876 ipsum
891 2809 1041 2878 [acta
1070 2821 1196 2866 sunt
1233 2809 1281 2843 ⁸⁷
1307 2828 1324 2880 ;
1354 2819 1585 2870 sanctus
1613 2828 1748 2870 vero
1794 2813 1921 2886 Spi-

336 2898 477 2953 riuis
503 2900 727 2970 angelos
761 2902 1156 2972 sanetilicavit,
1183 2914 1472 2975 postquam
1514 2907 1687 2963 creati
1741 2917 1914 2963 sunt:

336 3005 500 3060 quam
516 2991 588 3046 ob
618 3006 842 3050 causam
883 3011 991 3051 non
1014 2995 1083 3052 de
1111 2994 1259 3052 facili
1285 3006 1577 3053 moventur
1600 3000 1667 3054 ad
1689 2998 1916 3055 malum.

336 3080 394 3136 In
424 3082 568 3138 bono
606 3086 917 3141 conﬁrmati
962 3088 1140 3159 angeli
1196 3088 1350 3145 nullo
1410 3087 1575 3145 modo
1623 3097 1919 3145 moventur

336 3177 404 3233 ad
435 3179 663 3246 malum,
704 3195 830 3236 cum
864 3181 932 3235 ab
964 3180 1125 3236 initio
1156 3181 1366 3249 statim,
1394 3181 1515 3252 ipso
1545 3192 1739 3238 sancto
1789 3182 1920 3253 Spi-

338 3269 470 3335 ritu,
505 3268 674 3325 veluti
719 3270 963 3326 tinctura
994 3272 1235 3341 quadam
1268 3272 1595 3329 consolidati
1627 3288 1692 3329 ac
1732 3287 1920 3328 corro-

2088 950 2178 1039 ’Τῷ
2226 972 2387 1043 λόγῳ
2455 973 2681 1041 Κυρίου
2707 975 2764 1027 oi
2816 969 3062 1039 οὐρανοὶ
3102 967 3589 1038 ἐστερεώθησαν,

2000 1065 2115 1119 ’καὶ
2145 1064 2225 1131 τῷ
2245 1065 2539 1134 πνεύματι
2572 1064 2680 1119 τοῦ
2728 1062 3031 1132 στόματος
3086 1058 3277 1115 αὐτοῦ
3340 1057 3512 1116 πᾶσα
3549 1057 3592 1125 ἡ

2013 1155 2269 1225 δύναμις
2308 1153 2532 1210 αὐτῶν.
2561 1154 2720 1210 Κατά
2746 1155 2846 1224 μὲν
2874 1152 2937 1206 τὸ
2983 1150 3301 1223 πρόχειρον,
3323 1150 3389 1203 ὲκ
3437 1165 3584 1221 παρ-

2014 1249 2248 1320 αλλήλου
2305 1249 2368 1303 τὸ
2422 1249 2556 1303 αὐτό
2575 1265 2741 1319 φησιν
2757 1264 2772 1279 ⁸
2813 1242 2968 1300 εἶπεν
2993 1245 3104 1314 γάρ
3128 1246 3158 1298 ὁ
3185 1242 3322 1306 Θεδς
3347 1242 3435 1311 ἐφ’
3457 1242 3592 1295 ἑκα-

2011 1342 2173 1415 τέρου
2197 1358 2212 1374 '
2262 1342 2575 1414 Γενηθήτω,
2627 1340 2724 1395 καὶ
2771 1339 3022 1409 ἐγένετο·
3074 1337 3171 1390 καὶ
3213 1338 3241 1391 ό
3268 1335 3428 1405 λόγος
3479 1335 3591 1406 γάρ

2019 1431 2243 1502 πνεῦμὰ
2263 1434 2379 1486 ἐστι
2406 1431 2677 1503 πόματος
2702 1430 2763 1484 τὸ
2783 1429 3023 1498 πλῆττον
3052 1425 3145 1480 τὸν
3169 1425 3339 1496 ἀέρα*
3367 1423 3595 1478 τοιῶσδε

2013 1528 2112 1581 καὶ
2163 1525 2228 1580 τὸ
2282 1524 2504 1597 πνεῦμα
2550 1525 2646 1579 τοῦ
2704 1525 2971 1594 στόματος
3017 1522 3252 1591 πλῆττον
3287 1519 3381 1573 τὸν
3432 1518 3595 1588 ἀέρα,

2012 1617 2237 1673 τοιῶσδε
2256 1616 2417 1686 λόγος
2450 1618 2624 1672 ἐστίν.
2666 1616 2901 1687 Ὁμοίως
2930 1614 2990 1668 δὲ
3022 1614 3119 1668 καὶ
3145 1610 3446 1684 στερέωσις
3500 1609 3597 1663 καὶ

2012 1709 2246 1782 δύναμις
2270 1711 2489 1765 ταύτόν·
2523 1709 2611 1782 είη
2643 1709 2689 1763 δ’
2721 1708 2790 1763 ἂν
2819 1707 2883 1761 τὸ
2914 1706 3262 1777 δύσφθαρτον
3291 1698 3474 1758 αὐτῶν
3501 1700 3599 1756 καὶ

2018 1801 2250 1856 εὔτονον
2273 1815 2287 1831 ’
2324 1801 2471 1856 κατὰ
2509 1800 2569 1854 δὲ
2591 1800 2655 1853 τὸ
2718 1798 3079 1870 ὑψηλότερον,
3131 1795 3260 1865 περὶ
3283 1795 3384 1865 τῆς
3439 1793 3601 1863 ἁγίας
3686 1866 3701 1873 ο

2016 1893 2248 1963 Τριάδος
2274 1894 2302 1946 ὁ
2332 1892 2498 1946 Δαϐὶδ
2524 1890 2767 1946 ἐνταῦθα
2803 1890 3065 1958 θεολογεῖ,
3104 1888 3311 1957 Κύριον
3378 1886 3478 1958 μὲν
3504 1885 3599 1939 τὸν

2021 1985 2241 2055 Πατέρα
2260 1985 2436 2053 λέγων
2455 1999 2470 2016 ·
2501 1984 2662 2053 λόγον
2687 1983 2766 2048 δὲ,
2791 1983 2882 2037 τὸν
2910 1981 3069 2036 Υίόνο
3135 1979 3364 2050 πνεῦμα
3416 1977 3496 2044 δὲ,
3533 1977 3597 2032 τδ

2019 2079 2176 2149 ἆγιον
2208 2076 2459 2150 Πνεῦμα.
2515 2076 2625 2131 Τοῦ
2656 2076 2929 2147 στόματος
2961 2074 3020 2129 δὲ
3075 2069 3253 2136 εἶπεν,
3303 2071 3441 2127 διότι
3499 2071 3603 2140 τῆς

2020 2172 2194 2242 αὐτῆς
2210 2173 2402 2236 ούσίας
2426 2171 2546 2227 ἐστὶ
2567 2172 2647 2242 τῷ
2672 2169 3123 2242 προϐαλλομένῳ,
3152 2166 3250 2221 καὶ
3273 2166 3375 2220 οὐκ
3398 2163 3604 2232 ἔξωθεν

2020 2264 2264 2321 κτιστύν.
2292 2263 2539 2334 Δύναμις
2572 2262 2631 2317 δὲ
2657 2261 2930 2333 οὐρανῶν.
2969 2261 3028 2315 αἱ
3077 2257 3402 2330 ὲπουράνιαι
3443 2255 3606 2310 δυνά-

2025 2374 2155 2429 μεις
2187 2358 2301 2412 τῶν
2346 2355 2620 2426 ἀγγέλων.
2672 2350 2747 2410 Ού
2778 2352 3111 2427 διῃρημένος
3154 2350 3213 2404 δὲ
3240 2350 3268 2404 ὁ
3309 2349 3409 2419 μὲν
3466 2346 3599 2411 Υἱὸς

2018 2449 2145 2513 τοὺς
2166 2448 2264 2502 ἀνθ
2273 2430 2492 2519 pom;
2523 2445 2731 2509 ἔκτισε,
2749 2443 2811 2498 τὸ
2833 2444 2891 2497 δὲ
2918 2441 3144 2514 Πνεῦμα
3164 2437 3602 2509 τοῦςῇἀγγέλους,

2019 2542 2134 2598 ἀλλ’
2158 2543 2188 2597 ὁ
2211 2542 2310 2613 μὲν
2339 2541 2470 2605 Υἱὸς
2510 2539 2693 2595 πάντα
2745 2537 3101 2608 παρήγαγεν,
3136 2532 3341 2588 Πάντα
3367 2530 3476 2603 γάρ
3525 2529 3602 2583 δι’

2017 2636 2206 2692 αὐτοῦ
2258 2634 2526 2706 ἐγένετο·
2582 2631 2645 2686 τδ
2681 2630 2905 2701 Πνεῦμα
2955 2629 3100 2683 δὲτὸ
3153 2626 3311 2696 ἅγιον
3368 2623 3599 2695 ἡγίασεν

2018 2730 2147 2794 τοὺς
2181 2727 2474 2799 ἀγγέλους,
2510 2725 2630 2797 ἅμα
2682 2726 2751 2795 τῇ
2806 2722 2985 2777 κτίσει
3033 2719 3259 2776 αὐτῶνθ
3327 2716 3452 2772 ὅθεν
3504 2715 3601 2769 καὶ

2017 2823 2334 2893 δυσκίνητοι
2401 2819 2539 2893 πρὸς
2588 2817 2651 2872 τὸ
2708 2816 2878 2872 κακόν
2919 2816 3059 2870 εἰσιν
3110 2813 3273 2876 εὐθὺς
3308 2811 3367 2878 εξ
3400 2810 3601 2880 ἀρχῆς.

2017 2911 2107 2970 οἷα
2153 2914 2299 2987 βαφῇ
2355 2930 2467 2967 τινι
2517 2911 2597 2983 τῷ
2632 2907 2892 2981 ἁγιασμῷ
2941 2905 3333 2977 στομωθέντες.
3375 2903 3603 2956 Νοοῖντο

2018 3008 2136 3063 δ’ἂν
2168 3006 2393 3079 οὐρανοὶ
2421 3005 2518 3059 καὶ
2542 3006 2590 3058 οἱ
2627 3002 2943 3068 ἀπόστολοι,
2997 2998 3164 3063 ὡςτά
3194 2995 3422 3067 ούράνια
3472 3008 3610 3065 φρο-

2020 3099 2243 3162 νοῦντες
2271 3098 2369 3152 καὶ
2398 3096 2795 3168 ύπερκείμενοι
2826 3092 2938 3147 τῶν
2968 3091 3200 3162 γηΐνων,
3233 3087 3285 3142 οἶ
3331 3086 3411 3155 τῷ
3456 3083 3607 3154 λόγῳ

2019 3191 2122 3263 τῆς
2142 3190 2238 3245 τοῦ
2270 3190 2527 3260 Σωτῆρος
2557 3185 2910 3250 διδασκαλίας
2938 3182 3163 3256 στερῤοὶ
3210 3180 3503 3250 γεγόνασιν
3524 3177 3606 3240 είς

2027 3285 2233 3350 πίστιν,
2291 3282 2389 3336 καὶ
2415 3284 2495 3346 είς
2517 3280 2718 3351 θλίψιν,
2743 3282 2841 3333 καὶ
2860 3278 2938 3350 τῷ
2964 3276 3243 3346 πνεύματι
3270 3271 3364 3327 τοῦ
3395 3269 3604 3340 στόμα-

340 3359 514 3414 borati
548 3360 678 3417 sint.
716 3360 949 3434 lntclligi
984 3370 1168 3418 autem
1200 3369 1437 3435 possunt
1477 3362 1603 3419 οωιί
1653 3363 1916 3436 apostoli,

2028 3392 2119 3439 τος
2149 3372 2315 3428 αὐτοῦ
2362 3375 2557 3444 πᾶσαὴ
2581 3371 2817 3441 δύναμις
2837 3368 3018 3424 αὐτῶν
3035 3367 3225 3437 γέγονε
3250 3379 3264 3394 ·
3295 3363 3456 3417 τοῦτο
3494 3359 3607 3433 γὰρ

336 3453 538 3525 quippe
555 3455 646 3524 qui
676 3455 921 3512 caelestia
943 3455 1182 3525 sapiunt,
1208 3457 1555 3526 terrenisque
1571 3458 1735 3513 rebus
1753 3470 1921 3527 supe-

338 3547 514 3602 riores
553 3558 704 3613 sunt,
757 3548 850 3618 qui
917 3552 1086 3604 verbo
1125 3549 1391 3604 doctrina:
1458 3547 1917 3604 Salvatorislirmi

339 3636 466 3692 farti
500 3648 629 3695 sunt
655 3640 723 3694 ad
758 3641 916 3697 tidem
957 3649 1121 3711 atque
1146 3641 1581 3706 tribulationem,
1613 3652 1779 3711 atque
1809 3641 1924 3712 spi-

2030 3464 2479 3530 συνεξακούεται.
2516 3462 2854 3533 Ἐνεφύσησε
2882 3459 2993 3530 γὰρ
3023 3459 3125 3512 καὶ
3174 3452 3327 3538 εἶπεν
3377 3453 3560 3514 αὐτοῖς
3588 3466 3607 3484 ο

2030 3556 2254 3614 Λάϐετε
2286 3555 2527 3625 Πνεῦμα
2554 3555 2729 3624 ἅγιον
2750 3572 2765 3586 ’
2797 3555 3028 3624 δύναμις
3058 3553 3140 3617 δὲ,
3163 3552 3199 3620 ὴ
3226 3547 3315 3602 διὰ
3338 3545 3450 3610 τῶν
3483 3546 3609 3597 επι·

2029 3643 2188 3697 τελου
2199 3644 2401 3714 μένων-
2416 3643 2683 3715 σημείων.

341 3727 452 3782 ritu
488 3728 604 3785 oris
624 3730 745 3799 ejus
799 3731 981 3786 omnis
1004 3732 1185 3786 virtus
1207 3748 1396 3788 eorum
1425 3732 1660 3788 exstitit.
1698 3733 1757 3787 ld
1787 3733 1933 3789 enim
1974 3735 2326 3791 subauditur.
2361 3735 2661 3799 lnsulllavit
2695 3735 2867 3794 enim.
2888 3740 2945 3789 et
2976 3732 3116 3789 dixit
3150 3749 3164 3787 :
3207 3728 3448 3799 Accipite
3485 3723 3614 3794 Spi-

340 3827 505 3881 ritum
539 3835 783 3881 sanctum
811 3826 877 3880 ⁸⁸.
916 3826 1166 3883 Potentia
1179 3836 1389 3895 autem,
1416 3844 1538 3899 qua:
1559 3827 1907 3886 manifestata
1944 3839 2029 3885 est
2051 3845 2148 3902 per
2176 3834 2330 3903 signa
2367 3842 2531 3902 atque
2556 3832 2822 3904 prodigia.
2847 3845 2970 3902 quzie
3003 3834 3378 3901 patrarentur.

413 3920 580 3977 Vens.
618 3922 670 3975 7.
702 3920 1037 3994 Congregaus
1085 3923 1241 3994 quasi
1281 3935 1453 3981 utrem
1508 3941 1676 3996 aqua:
1727 3923 1916 3979 maris.

344 4013 810 4086 Subintefl‘genda
831 4024 914 4071 est
948 4017 1260 4088 praepositio
1292 4019 1367 4083 in,
1405 4026 1464 4073 ut
1494 4019 1566 4074 sit
1595 4016 1920 4089 ordo.quod

341 4118 639 4180 congregat
677 4111 833 4178 quasi
854 4111 909 4164 in
930 4120 1097 4166 utrem
1117 4151 1132 4167 .
1160 4110 1493 4182 Congregat,
1521 4111 1725 4181 inquit,
1752 4124 1922 4183 aquas

340 4207 511 4263 maris
544 4207 598 4262 in
639 4214 799 4263 terra:
828 4208 1227 4276 concavitates,
1264 4209 1420 4279 quasi
1465 4209 1521 4263 in
1571 4215 1772 4265 utrem.
1820 4206 1923 4264 Vel

340 4299 499 4354 aliter
532 4316 546 4353 :
580 4298 885 4372 Cougregal
918 4317 1092 4372 aquas
1120 4302 1290 4356 maris
1314 4342 1328 4367 ,
1358 4302 1517 4372 quasi
1574 4312 1749 4357 utrem
1772 4340 1788 4367 ,
1820 4300 1924 4357 hoc

340 4402 443 4454 est,
477 4391 651 4445 instar
685 4392 846 4458 utris,
878 4400 1156 4448 tumentes
1190 4393 1449 4447 nimirum
1490 4407 1598 4447 non
1651 4407 1813 4448 secus
1844 4401 1929 4447 at-

286 4508 295 4514 -
341 4500 450 4555 que
482 4493 624 4544 uter.
656 4492 944 4538 ventorum
975 4485 1052 4547 vi,
1081 4493 1137 4539 et
1160 4484 1280 4555 pari
1315 4485 1479 4539 modo
1502 4483 1794 4549 remissas,
1815 4497 1931 4540 ces-

343 4579 595 4635 santibus
628 4578 830 4633 ventis.
866 4575 964 4632 Vel
988 4592 1084 4647 per
1108 4586 1311 4639 utrem,
1344 4576 1626 4631 humorem
1658 4575 1927 4646 intelligit,

343 4671 437 4740 qui
492 4672 550 4725 in
592 4678 714 4726 utre
763 4669 1121 4735 continetur,
1175 4684 1206 4723 a
1254 4668 1568 4725 continente
1607 4677 1925 4724 contentum

2099 3928 2406 3999 Συνάγων,
2436 3929 2581 3982 ὡσεὶ
2616 3927 2834 3993 ἀσκὸν,
2865 3925 3054 3979 ὕδατα
3085 3919 3428 3986 θαλάσσης.
3486 3912 3615 3969 Ael-

2028 4036 2123 4072 πει
2151 4019 2212 4072 τὸ
2248 4022 2356 4086 εἰς,
2413 4020 2479 4073 ἵν’
2506 4015 2563 4093 ᾗ,
2598 4020 2676 4086 ὡς
2714 4020 2803 4085 είς
2829 4017 3047 4071 ἀσκόν.
3076 4014 3357 4081 Συνάγων,
3421 4007 3609 4079 φησιν,

2026 4110 2148 4180 ἦτοι
2184 4110 2265 4174 εἰς
2318 4109 2389 4162 τὰ
2432 4109 2754 4180 κοιλώματα
2797 4108 2897 4178 τῆς
2926 4108 3055 4177 γῆς,
3080 4103 3158 4169 ὡς
3196 4103 3278 4167 είς
3330 4100 3500 4154 ἁσκδν
3540 4097 3613 4153 τὰ

2028 4202 2201 4257 ὕδατα
2240 4204 2338 4273 τῆς
2373 4201 2728 4273 θαλάσσης,ἦ
2761 4199 2897 4254 ὡσεὶ
2923 4197 3114 4264 ἀσκὸν,
3152 4197 3273 4255 ἀντὶ
3304 4193 3422 4255 τοῦ,
3452 4191 3613 4262 δίκην

2026 4296 2224 4364 ἀσκοῦ,
2277 4296 2633 4368 ἐξοιδούμενα
2663 4297 2763 4369 μὲν
2792 4297 2857 4367 τῇ
2889 4294 2978 4366 βίᾳ
2993 4292 3089 4348 τοῦ
3109 4291 3314 4362 ἀνέμου
3334 4330 3352 4357 ,
3385 4285 3612 4342 συστελ-

2025 4387 2232 4460 λόμενα
2280 4391 2341 4443 δὲ
2389 4393 2459 4461 τῇ
2524 4387 2785 4460 ἀπουσίᾳ.
2822 4387 2893 4441 Ἢ
2938 4385 3108 4440 ἀσκὸν
3144 4382 3295 4452 λέγει
3317 4380 3380 4435 τὸ
3430 4383 3488 4434 ὲν
3534 4376 3612 4450 τῷ

2026 4478 2184 4551 ἀσκῷ
2224 4480 2415 4552 ὑγρὸν,
2456 4481 2524 4533 ὲκ
2556 4479 2650 4534 τοῦ
2681 4470 3035 4549 περιέχοντος
3076 4475 3140 4530 τὸ
3176 4473 3607 4545 περιεχόμενονο

2026 4565 2141 4625 οἷον
2195 4573 2447 4640 συνάγων
2493 4571 2565 4625 τά
2649 4570 2822 4624 ὕδατα
2858 4571 2959 4640 τῆς
2998 4567 3300 4638 θαλάσσης,
3351 4564 3429 4627 ὡς
3466 4563 3528 4618 τὸ
3554 4562 3615 4615 ἀν

2028 4663 2189 4734 ἀσκῷ
2224 4663 2515 4735 συνῆκται,
2559 4663 2927 4735 κατεχόμενα,
2957 4660 3055 4716 καὶ
3083 4660 3159 4731 μὴ
3208 4655 3614 4725 σκεδαννύμενα

342 4760 525 4830 ipsum
556 4759 894 4830 significans,
931 4767 988 4813 ut
1017 4758 1090 4816 sit
1116 4773 1313 4814 sensus
1335 4774 1354 4816 :
1380 4755 1734 4829 Cungregans
1754 4771 1919 4828 aquas

2035 4758 2177 4813 κατὰ
2203 4759 2300 4828 τῆς
2325 4760 2429 4829 γῆς
2454 4757 2532 4830 τῷ
2556 4754 2942 4829 προστάγματι
2959 4773 3074 4817 σου,
3096 4753 3281 4816 καθὼς
3302 4752 3480 4806 ἐκεῖνο
3497 4751 3545 4820 (l
3563 4747 3612 4819 l)

343 4852 536 4918 maris,
565 4867 632 4908 eo
658 4852 822 4907 modo
846 4866 957 4922 quo
986 4850 1187 4906 humor
1223 4850 1420 4920 aliquis
1449 4850 1503 4905 in
1528 4859 1649 4907 utrc
1675 4851 1927 4906 contine-

342 4954 453 5001 tur.
485 4944 851 5001 Continentur
888 4944 1091 5000 etenim
1154 4944 1208 4998 in
1251 4943 1451 5014 seipsis
1504 4957 1662 5014 aqua:
1711 4930 1924 5009 maris,

336 5038 606 5094 mandato
639 5038 756 5103 Dei,
791 5053 891 5093 nec
923 5038 1317 5110 disperguntur
1346 5036 1399 5091 in
1431 5045 1631 5091 terram
1660 5075 1675 5100 ,
1708 5048 1818 5090 non
1845 5050 1929 5090 se-

2036 4852 2116 4920 τῷ
2165 4849 2376 4921 δεσμῷ.
2431 4851 2592 4914 Τινὲς
2625 4850 2683 4905 δὲ
2713 4849 2986 4919 λέγουσιν,
3023 4850 3106 4902 ὅτι
3165 4845 3297 4918 περὶ
3341 4843 3451 4897 τῶν
3503 4841 3614 4896 ἀπὸ

2037 4942 2316 5012 θαλάσσης
2365 4941 2559 5011 ἀτμῶν
2601 4944 2629 4996 ό
2651 4942 2829 5010 λόγος,
2856 4940 2907 4995 οἳ
2935 4940 3080 4994 κατὰ
3116 4938 3311 5010 μικρὸν
3339 4932 3613 5003 ἀναφερό-

2040 5049 2217 5103 μενοι,
2268 5032 2642 5099 συνίστανται,
2699 5033 2797 5089 καὶ
2831 5031 3192 5104 παχύνονται,
3226 5024 3384 5098 δίκην
3413 5023 3613 5091 ἀσκοῦ,

341 5144 442 5187 cus
469 5140 635 5202 atque
666 5131 863 5187 humor
888 5132 1003 5189 ille.
1034 5133 1129 5203 qui
1150 5130 1305 5202 quasi
1337 5128 1573 5185 vinculis
1606 5128 1919 5199 quibusdan‘

2029 5128 2127 5180 καὶ
2155 5125 2379 5194 νεφέλαι
2412 5124 2681 5195 γίνονται.

339 5231 396 5286 ἰιι
428 5236 552 5284 utre
578 5229 914 5285 continetur.
948 5227 1178 5296 Quidam
1208 5227 1371 5282 etiam
1408 5224 1641 5292 dicunt,
1673 5223 2003 5293 PrOphctam
2042 5222 2135 5276 hic
2165 5224 2230 5277 de
2300 5222 2368 5277 iis
2444 5222 2589 5292 loqui
2665 5222 2995 5292 vaporibus,
3035 5217 3127 5290 qui
3214 5221 3547 5289 generantur
3583 5226 3617 5269 e

340 5324 500 5389 mari,
531 5333 587 5379 et
616 5322 875 5393 paulatim
910 5320 1219 5377 circumlati
1242 5320 1296 5374 in
1329 5332 1455 5374 aere
1484 5317 1822 5380 consistunt,
1862 5325 1916 5370 et
1957 5315 2098 5371 utris
2129 5315 2307 5370 instar
2343 5315 2757 5370 condcnsantur
2789 5322 2841 5369 et
2872 5305 3009 5367 liun't
3033 5313 3086 5366 in
3119 5310 3342 5366 nubem.

410 5417 621 5474 Peneus
637 5420 695 5473 in
725 5419 989 5474 thesauris
1012 5417 1253 5489 abyssos.
1274 5414 1520 5486 Abyssus
1539 5412 1740 5467 dicitur
1761 5426 1930 5482 aqua-

254 5527 265 5545 σ
341 5526 462 5565 rum
495 5509 850 5581 profundum.
876 5508 975 5564 Est
998 5516 1181 5564 autem
1215 5508 1403 5563 Graeca
1434 5504 1607 5561 dictio
1630 5546 1644 5571 ,
1677 5503 1926 5573 abyssus,

340 5615 391 5658 et
428 5602 588 5674 juxta
622 5603 1282 5676 nominisjetymologiam
1315 5602 1396 5659 sic
1426 5600 1572 5658 dicta
1616 5599 1774 5672 quasi
1825 5600 1929 5655 im-

412 5782 456 5813 "
482 5781 645 5836 Joan.
698 5797 738 5847 ι,
766 5782 825 5837 '5.
903 5782 949 5815 ⁸⁸
973 5780 1132 5838 Joan.
1157 5797 1250 5848 xx,
1273 5779 1367 5837 22.

2112 5413 2301 5482 Τιθεὶς
2342 5415 2413 5468 ἐν
2446 5406 2796 5483 ’θησαιιροῖς
2831 5413 3164 5478 ἀϐύσσους.
3205 5438 3273 5451 -—
3305 5403 3620 5471 Ἀὄὺσσος

2036 5505 2257 5575 λέγεται
2281 5507 2343 5560 τὸ
2380 5506 2542 5577 βάθος
2573 5506 2672 5576 τῆς
2700 5505 3002 5573 θαλάσσης,
3033 5504 3114 5568 εἰς
3144 5502 3173 5556 ὃ
3194 5500 3256 5556 ού
3285 5496 3477 5571 βύεταί
3507 5513 3613 5558 τις.

2035 5600 2317 5673 Θησαυροὶ
2361 5598 2419 5654 δὲ
2467 5597 2744 5666 ἀϐύσσων,
2785 5598 2835 5653 οί
2880 5597 3077 5651 κόλποι
3114 5596 3214 5665 τῆς
3248 5590 3377 5663 γῆς,
3416 5587 3510 5658 ἀφ’
3537 5577 3617 5641 ὧν

1706 5868 1913 5935 ναιὶω
1944 5868 2276 5936 lectiones.

416 5974 461 6044 (Ι
483 5975 526 6047 Ι)
552 5976 638 6031 Al.
671 5975 885 6049 ἐκείνῳ.
