4078 6462
381 480 490 544 373

1555 483 1954 546 COMMENT.
1992 483 2076 544 ΙΝ
2099 483 2463 546 PSAIMOS.

3566 490 3676 557 374

383 598 732 657 ἀναδίδονται
774 596 976 669 πηγαὶ,
1031 592 1128 653 καὶ
1159 598 1348 670 ῥέουσι
1381 599 1640 669 ποταμοί.
1672 601 1746 652 Ἥ
1772 599 1979 669 θησαυ-

2095 599 2349 669 possibile
2380 599 2451 655 sit
2478 605 2537 653 ut
2578 598 2630 654 in
2666 599 2798 654 illud
2833 599 3165 676 profundum
3192 604 3316 674 quis
3346 605 3673 664 descendat.

392 696 503 766 ροὶ,
552 696 582 748 6
626 693 818 748 ἐπάνω
872 691 970 746 τοῦ
1025 691 1418 764 περεώματοξ
1459 690 1650 756 τόπος,
1690 685 1868 761 ὲιρόὖ
1908 687 1979 742 τὰ

2095 690 2424 762 Abyssnrum
2474 698 2656 748 autem
2711 691 2956 750 thesauri
3001 705 3131 752 sunt
3188 697 3345 753 sinus
3391 708 3598 767 teme,
3645 718 3676 758 e

386 791 568 863 ἡμίση
605 788 718 845 τῶν
753 789 968 845 ύδάτων
1009 790 1293 860 καταρχὰς
1325 791 1354 843 6
1379 788 1512 854 Θεὸς
1543 789 1698 844 ἔθετο
1719 805 1733 819 ·
1769 789 1980 858 θησαυ-

391 885 481 956 ροὶ
521 882 602 948 δὲ,
641 883 733 938 διὰ
780 882 845 938 τδ
896 883 1144 954 δαψιλὲς,
1171 883 1267 936 καὶ
1297 883 1360 937 τδ
1389 883 1804 956 κεκρυμμένον,
1837 880 1982 934 κατᾶ

387 978 585 1049 χρείαν
617 974 978 1047 ἀνοιγόμενον
1028 977 1122 1033 καὶ
1157 977 1504 1048 κλειόμενον·
1535 977 1710 1033 ταῦτα
1733 977 1843 1048 γὰρ
1875 976 1984 1031 ἴδια

391 1068 701 1141 θησαυροῦ.
743 1065 890 1138 Ἐγὼ
923 1069 983 1123 δὲ
1015 1070 1078 1123 τὸ
1117 1071 1283 1142 ῥητὸν
1341 1071 1440 1125 καὶ
1489 1072 1606 1132 τοῖς
1663 1069 1988 1132 ἀποστόλοις

392 1161 790 1234 προσαρμόζω,
831 1164 880 1217 οἳ
935 1162 1202 1233 θησαυροὶ
1235 1165 1329 1217 καὶ
1379 1162 1623 1233 φύλακες
1651 1161 1761 1215 τῶν
1812 1159 1985 1214 ἀϐύσ-

2087 783 2289 854 quibus
2324 784 2503 839 fontes
2559 787 2888 855 proveniunt
2924 796 2978 843 et
3009 786 3256 846 flumina.
3285 789 3383 847 Vel
3429 808 3526 863 per
3558 793 3676 849 tbe-
3735 834 3752 848 .

2091 892 2286 934 sauros
2352 879 2531 933 locum
2591 879 2840 952 intelligo
2884 898 3052 952 supra
3094 884 3500 941 firmamentum
3528 930 3546 954 ,
3589 887 3682 943 ubi

2092 969 2289 1025 Densa
2319 971 2592 1043 principio
2617 987 2884 1043 aquarum
2938 975 3228 1030 dimidium
3283 980 3509 1048 posuit:
3563 979 3683 1034 tbe-

2089 1077 2286 1118 sauros
2315 1072 2495 1118 autem
2526 1079 2650 1119 eum
2685 1063 2864 1120 locum
2888 1067 3300 1137 appellavit,vel
3324 1079 3545 1140 propter
3567 1072 3684 1127 ioci

2086 1155 2526 1225 amplitudinem,
2569 1157 2653 1212 vel
2683 1157 2812 1229 quia
2847 1158 2978 1214 latet
3040 1169 3092 1214 et
3121 1163 3370 1220 occultus
3407 1173 3511 1232 est,
3540 1173 3686 1218 tam-

394 1273 524 1317 σων,
555 1256 679 1326 ἦτοι
717 1257 826 1309 τῶν
862 1253 1183 1326 βαθυτάτων
1216 1258 1540 1328 μυστηρίων
1583 1256 1686 1326 τῆς
1739 1255 1983 1316 πίστεως

2095 1248 2188 1302 etsi
2227 1257 2538 1319 opportuno
2566 1259 2812 1322 tempore
2852 1253 3134 1322 aperiatur
3167 1253 3334 1309 etiam
3379 1256 3427 1326 οξ
3453 1256 3561 1312 Deo
3586 1297 3601 1319 .
3635 1271 3688 1314 et

391 1349 672 1418 ἐγένοντο.

2081 1339 2395 1398 claudatur.
2434 1341 2760 1414 Hujusmodi
2795 1347 2940 1401 enim
2970 1355 3102 1402 sunt
3131 1347 3376 1404 thesauri
3428 1352 3684 1422 proprie-

388 1452 551 1497 tates.
589 1439 704 1510 Ego
768 1455 897 1495 vero
944 1440 1090 1496 hunc
1131 1441 1465 1497 versiculum
1516 1449 1650 1512 puto
1699 1435 1969 1510 apostolis
2007 1441 2338 1500 congruere.
2376 1434 2468 1503 qui
2502 1435 2749 1492 thesauri
2785 1435 3030 1503 fuerunt,
3105 1437 3368 1495 custodes
3428 1440 3689 1496 nimirum

382 1543 443 1591 et
482 1542 903 1590 conservatores
936 1533 1286 1605 abyssorum,
1322 1534 1427 1588 hoc
1454 1543 1562 1598 est,
1598 1528 2165 1605 profundissimorum
2197 1525 2347 1580 ﬁdei.

462 1625 776 1693 Φοϐήθητε
805 1625 914 1679 τὸν
953 1625 1196 1694 Κύριον,
1228 1623 1401 1680 πᾶσα
1429 1625 1466 1693 ἡ
1496 1622 1592 1695 τῆ.
1637 1625 1750 1695 Γῆν
1779 1623 1978 1677 πολλά-

392 1736 484 1781 κις
518 1718 680 1776 καλεῖ
708 1718 837 1782 τοὺς
861 1718 1213 1790 ἀνθρώπους,
1237 1717 1313 1783 ὡς
1342 1719 1438 1774 καὶ
1469 1719 1588 1784 νῦν,
1614 1719 1648 1791 ἢ
1671 1718 1762 1773 διὰ
1785 1717 1848 1770 τὺ
1873 1716 1982 1770 ἀπὸ

388 1811 496 1880 γῆς
533 1809 875 1878 πεπλάσθαι,
902 1810 936 1881 ἢ
964 1810 1053 1865 διὰ
1084 1811 1146 1865 τὸ
1169 1813 1262 1866 ἐπὶ
1294 1814 1398 1884 γῆς
1419 1813 1610 1867 οἰκεῖν.
1641 1809 1982 1881 Παραδείξας

388 1903 501 1973 γὰρ
528 1903 642 1956 ἀπὸ
666 1901 770 1972 τῆς
803 1903 1210 1976 μεγαλουργίας
1238 1905 1347 1958 τῶν
1383 1904 1701 1974 κτισμάτων
1741 1903 1841 1974 τὴν
1886 1901 1982 1956 τοῦ

2161 1615 2328 1672 Vens.
2360 1617 2416 1673 8.
2449 1616 2650 1674 Timete
2678 1619 2986 1686 Dominum,
3022 1624 3194 1677 omnis
3239 1633 3404 1679 lerra.
3461 1623 3692 1681 Terram

2089 1725 2490 1780 saepenumero,
2533 1723 2593 1767 ut
2629 1729 2794 1780 nunc,
2833 1714 3087 1770 homines
3133 1728 3313 1784 vocat,
3355 1718 3446 1772 vel
3475 1718 3601 1789 quia
3625 1717 3694 1774 de

2091 1815 2236 1859 terra
2264 1805 2521 1874 plasmati
2553 1814 2718 1873 sunt,
2753 1808 2872 1873 vel,
2927 1809 3054 1878 quia
3106 1808 3356 1863 habitant
3411 1809 3466 1864 in
3521 1817 3694 1865 terra.

2091 1895 2229 1952 Nam
2260 1911 2387 1951 cum
2452 1912 2480 1950 a
2529 1907 2910 1955 creaturarum
2967 1900 3376 1969 magniﬁcentia
3410 1900 3693 1956 Creatoris

393 1996 688 2059 κτίσαντος
715 1995 972 2066 δύναμιν,
1011 1996 1203 2052 τοῦτον
1254 1997 1562 2068 φοϐηθῆναι
1593 1997 1690 2053 καὶ
1731 1996 1986 2062 σέϐεσθαι

2098 1988 2400 2060 potentiam
2439 1989 2766 2056 ostenderit,
2797 1991 2943 2060 quod
2971 1991 3248 2062 reliquum
3283 2001 3391 2056 est,
3428 1992 3694 2047 admonet.

394 2087 795 2160 προτρέπεται,
822 2087 898 2152 ὡς
937 2089 1100 2159 μόνον
1131 2088 1288 2145 Θεόν.
1323 2089 1393 2142 Ἢ
1417 2089 1526 2159 γῆν
1563 2088 1715 2158 λέγει
1734 2088 1830 2142 νῦν
1860 2089 1987 2151 τοὺς

403 2181 653 2248 μόνοντὰ
695 2181 875 2251 γεώδη
909 2179 1276 2252 φρονοῦντας·
1315 2182 1434 2236 ἐστι
1467 2181 1580 2254 γὰρ
1615 2181 1709 2236 καὶ
1757 2180 1987 2250 τοιαύτη

410 2274 652 2342 σημασία
704 2273 980 2344 πολλαχοῦ
1031 2275 1128 2344 τῆς
1157 2275 1405 2346 Γραφῆς·
1443 2273 1538 2338 οὓς
1568 2272 1784 2328 κελεύει
1816 2272 1989 2343 φοϐη-

421 2365 574 2434 θῆναι
600 2365 685 2418 τὸν
715 2365 873 2432 Θεὸν,
903 2366 998 2420 καὶ
1032 2365 1268 2435 φυλάξαι
1301 2365 1404 2431 τὰς
1432 2365 1656 2431 ἐντολὰς
1696 2363 1889 2421 αὑτοῦ.

498 2541 615 2596 Ἀπ’
646 2543 840 2598 αὐτοῦ
885 2542 957 2597 δὲ
983 2545 1469 2616 σαλευθήτωσαν
1510 2547 1734 2614 πάντες
1764 2551 1818 2603 οἱ
1848 2565 1989 2602 κατ-

401 2633 710 2702 οικοῦντες
758 2635 880 2703 τὴν
929 2637 1323 2707 οἰκουμένην.
1375 2639 1512 2693 Ἀπὸ
1564 2639 1622 2693 δὲ
1669 2640 1766 2695 τοῦ
1818 2642 1988 2710 φόϐου

397 2726 568 2780 αὑτοῦ
619 2727 1057 2798 τρομαξάτωσαν
1088 2731 1137 2784 oi
1188 2729 1496 2801 ἄνθρωποι,
1531 2731 1615 2785 ὅτι
1669 2732 1848 2801 μέγας
1895 2731 1991 2785 καὶ

395 2816 635 2888 φοϐερός
685 2820 858 2873 ἐστιν.
905 2819 965 2874 '0
1003 2820 1062 2874 δὲ
1121 2820 1301 2892 μέγας
1341 2821 1626 2884 Βασίλειο;
1659 2823 1834 2887 ἄλλως
1871 2822 1991 2877 ἑδέ-

390 2908 527 2973 ξατο
559 2911 622 2962 τδ
657 2912 851 2980 ρητόνο
886 2912 948 2964 τὸ
981 2911 1081 2982 μὲν
1133 2913 1245 2984 γὰρ
1301 2914 1405 2968 ἀπ’
1433 2914 1651 2980 αὑτοῦ,
1697 2914 1774 2978 ὡς
1826 2916 1990 2978 αὐτὸς

392 3001 650 3071 βούλεται
668 3018 683 3032 ’
715 3003 777 3055 τὸ
799 3003 855 3057 δὲ
884 3004 1393 3072 σαλευθιξτωσαν,
1422 3007 1545 3061 ἀντὶ
1575 3004 1693 3072 τοῦ,
1712 3007 1991 3062 κινείσθω-

391 3111 521 3149 σαν.
583 3088 732 3150 Οἷον·
772 3095 959 3150 Ἔστω
1008 3097 1222 3160 τούτοις
1257 3098 1354 3153 καὶ
1386 3098 1458 3152 τὰ
1485 3099 1776 3170 σωματικὰ
1802 3100 1899 3156 καὶ
1922 3102 1992 3156 τὰ

390 3186 604 3257 ψυχικὰ
639 3189 920 3261 κινήματα
972 3191 1114 3246 κατὰ
1147 3191 1302 3255 Θεὸν,
1335 3192 1430 3246 τοῦ
1480 3191 1626 3247 θείου
1675 3194 1843 3264 φόϐου
1872 3195 1992 3265 ἐχό-

395 3295 560 3348 μενα.
610 3280 753 3350 Ἐγὼ
776 3283 832 3335 δὲ
857 3282 952 3334 καὶ
982 3284 1062 3348 είς
1096 3283 1261 3342 αὐτὸν
1294 3283 1586 3358 [Χριστὸν]
1607 3287 1905 3357 ἐκδέχομαι
1931 3287 1992 3339 τὺ

2091 2082 2397 2138 timendum
2426 2099 2551 2138 eum
2587 2097 2711 2138 esse
2772 2094 2825 2140 et
2862 2084 3236 2140 venerandmn
3265 2124 3280 2150 ,
3318 2085 3477 2155 quasi
3513 2087 3689 2140 solum

2089 2175 2282 2230 Deum.
2321 2174 2410 2230 Vel
2438 2191 2536 2245 per
2565 2184 2794 2244 terram,
2838 2191 2989 2232 nunc
3015 2192 3112 2231 eos
3148 2174 3305 2243 dicit,
3336 2176 3430 2246 qui
3469 2184 3691 2232 terrena

2091 2276 2308 2323 tantum
2343 2269 2614 2339 cogitant,
2651 2284 2792 2338 quos
2822 2268 2977 2338 jubet
3006 2278 3065 2324 ut
3100 2269 3333 2326 timeant
3369 2270 3539 2326 Deum
3571 2286 3691 2324 ser-

2091 2370 2330 2430 ventque
2362 2360 2482 2430 ejus
2514 2361 2792 2416 mandata.
2819 2364 2924 2416 ista
2955 2362 3101 2418 enim
3131 2361 3548 2433 significariper
3581 2371 3693 2418 ter-

2093 2470 2208 2508 ram
2242 2469 2387 2522 swpe
2415 2453 2558 2521 apud
2593 2453 2938 2524 Scripturam
2969 2455 3312 2511 invenimus.

2165 2545 2242 2600 Ab
2264 2562 2323 2600 eo
2354 2554 2530 2599 autem
2558 2555 2984 2600 commoveantur
3031 2562 3210 2601 omnes
3256 2547 3561 2603 habitantes
3602 2565 3690 2602 or-

2094 2640 2229 2694 bem.
2280 2637 2399 2694 Prae
2422 2639 2619 2696 timore
2667 2640 2810 2710 ejus,
2846 2639 3065 2710 inquit,
3122 2648 3361 2695 tremant
3403 2642 3679 2706 homines,

2091 2733 2353 2802 quoniam
2385 2747 2619 2801 magnus
2651 2741 2736 2788 est
2770 2741 2825 2787 et
2874 2733 3163 2788 terribilis.
3214 2733 3444 2804 Magnus
3501 2745 3688 2790 autem

2095 2826 2332 2882 Basilius
2361 2827 2698 2882 versiculum
2735 2826 2883 2881 hunc
2908 2827 3073 2882 aliter
3113 2827 3406 2884 intellexit.
3429 2827 3694 2884 Habitan-

2093 2927 2174 2974 tes
2203 2917 2413 2982 orbem,
2447 2917 2643 2988 inquit,
2674 2928 3128 2974 commoveantur
3159 2919 3230 2974 ab
3261 2934 3327 2974 eo
3358 2959 3376 2986 ,
3432 2919 3535 2975 hoc
3582 2929 3690 2978 est.

2092 3020 2450 3075 meveantur,
2502 3009 2973 3080 quemadmodum
3006 3010 3128 3079 ipse
3155 3009 3301 3065 Deus
3333 3011 3480 3078 vult;
3523 3020 3581 3066 ut
3621 3011 3693 3066 sit

2094 3117 2312 3166 sensus,
2333 3103 2656 3172 Prophetam
2681 3101 2919 3172 precari,
2944 3111 3002 3156 ut
3023 3103 3285 3158 omnibus
3301 3102 3687 3159 habitantibus

2093 3193 2305 3260 orbem,
2333 3193 2586 3263 corporis
2607 3202 2774 3262 atque
2797 3194 2994 3248 anima:
3011 3203 3214 3258 motus,
3236 3193 3346 3248 sint
3373 3194 3690 3249 secundum

2096 3286 2288 3352 Deum,
2317 3294 2370 3342 et
2394 3302 2422 3340 a
2456 3286 2645 3341 divino
2677 3285 2876 3339 timore
2905 3284 3240 3355 dirigantur.
3271 3282 3382 3355 Ego
3403 3299 3534 3339 vero
3561 3294 3692 3354 puto

395 3371 596 3441 ῥητόν·
619 3373 728 3427 ἀπὸ
754 3375 864 3446 γὰρ
893 3375 1005 3429 τῶν
1042 3374 1217 3444 λόγων
1273 3378 1370 3432 καὶ
1419 3377 1601 3449 ἔργων
1650 3379 1819 3432 αὐτοῦ
1851 3380 1989 3432 ἐσεί-

2101 3379 2205 3433 boc
2238 3378 2306 3434 de
2340 3376 2564 3433 Christo
2590 3377 2799 3432 dictum
2833 3391 2958 3432 esse
2981 3419 2998 3444 ,
3054 3392 3083 3430 a
3129 3377 3288 3448 cujus
3345 3376 3605 3446 operibus
3641 3388 3694 3430 et

396 3462 610 3532 σθησαν
635 3463 840 3526 πάντες
862 3483 875 3497 ·
913 3466 962 3518 οἱ
998 3465 1120 3536 μὲν,
1150 3467 1482 3537 μεταθέντες
1521 3471 1597 3532 εἰς
1640 3470 1743 3542 τὴν
1770 3471 1987 3524 πίστινι

392 3557 447 3610 oi
475 3557 554 3621 δὲ,
585 3558 976 3629 ταραχθέντες.

473 3650 603 3704 ὀτι
647 3653 833 3717 αὐτὸς
865 3647 1014 3721 εἶπε,
1065 3655 1165 3711 καὶ
1223 3655 1629 3722 ἐγενήθησαν.
1672 3656 1780 3712 Τοῦ
1817 3657 1988 3727 φόϐου

394 3736 458 3790 ea
484 3735 710 3807 εὔλογον
741 3740 1077 3812 παρίστησιν
1129 3743 1157 3794 6
1197 3741 1356 3811 λόγος
1377 3759 1391 3774 ο
1421 3741 1598 3808 Αὐτὸς
1628 3745 1758 3818 γὰρ,
1795 3749 1984 3818 φησὶν,

397 3832 428 3884 6
457 3829 663 3883 τούτων
695 3830 1031 3902 δημιουργός
1051 3850 1066 3866 ο
1116 3829 1274 3888 εἶπεν
1305 3833 1416 3904 γάρ
1437 3848 1452 3864 ⁶
1505 3835 1806 3909 Γενηθήτω
1837 3839 1984 3904 τόδε,

397 3922 494 3975 καὶ
520 3923 714 3991 γέγονε
739 3925 1080 3994 παραυτίκα.

462 4011 654 4079 Αὐτὸς
685 4013 1049 4080 ἐνετείλατο,
1086 4016 1184 4070 καί
1214 4017 1614 4088 ἐκτίσθησαν.
1652 4022 1746 4076 Ἐκ
1782 4024 1992 4092 παράλ-

393 4103 565 4174 λήλου
597 4106 659 4158 τὸ
681 4107 848 4161 αὐτόο
875 4107 906 4180 ἦ
936 4108 1018 4175 τὸ,
1039 4110 1407 4179 ἐνετείλατο,
1443 4115 1841 4186 σαφηνιστικόν
1869 4118 1987 4172 ἐστι

390 4197 518 4262 τοῦ,
550 4193 740 4255 εἶπεν.
779 4201 856 4255 Ού
882 4201 991 4272 γὰρ
1020 4203 1212 4269 ἁπλῶς
1240 4199 1416 4274 εἷπεν,
1449 4207 1589 4261 ἀλλὰ
1628 4209 1984 4280 προσέταξεν,

390 4293 474 4356 ὡς
503 4292 950 4364 παντοδύναμος·
983 4297 1016 4366 ἢ
1072 4297 1134 4351 τὸ
1191 4299 1321 4369 μὲν,
1371 4296 1524 4356 Εἷπε
1561 4301 1661 4356 καί
1699 4303 1988 4374 ἐγενήθη-

389 4401 544 4450 σαν,
571 4386 805 4440 τακτέον
829 4388 923 4441 ἐπὶ
946 4389 1043 4458 τῆς
1073 4390 1263 4455 ἁπλῶς
1297 4391 1667 4464 δημιουργίας
1724 4395 1835 4450 τῶν
1891 4398 1987 4450 ἀν-

391 4475 666 4544 θρώπων·
692 4478 754 4531 τὸ
783 4479 873 4543 δὲ,
919 4479 1297 4537 Ἔνετείλατο
1333 4484 1431 4538 καί
1460 4484 1858 4554 ἐκτίσθησαν,
1893 4489 1987 4542 ἐπὶ

389 4568 494 4638 τῆς
525 4568 616 4624 διὰ
665 4570 761 4623 τοῦ
792 4572 1154 4644 κηρύγματος
1186 4573 1604 4647 ἀναγεννήσεως
1631 4594 1646 4608 ο
1680 4578 1989 4635 ἐνετείλατο

391 4663 508 4734 γὰρ
539 4665 654 4726 τοῖς
686 4665 1032 4732 ἀποστόλοις,
1083 4667 1167 4720 ὅτι
1226 4668 1650 4738 Πορευθέντες,
1683 4674 1984 4741 μαθητεύ-

395 4731 554 4812 σατε
604 4757 805 4814 πάντα
843 4759 917 4814 τὰ
969 4759 1140 4828 ἔθνη,
1177 4762 1276 4815 καὶ
1307 4731 1382 4814 τὰ
1426 4731 1742 4834 ἐξῆςσένπεὶ
1800 4731 1894 4817 καὶ
1939 4765 1992 4819 oi
2022 4731 2068 4785 θ

398 4848 610 4914 πιστοὶ,
641 4847 806 4920 καινὴ
843 4849 1022 4914 κτίσις
1058 4848 1412 4919 ὀνομάζεται.

467 5119 690 5188 Κύριος
717 5117 1091 5179 δίωκε-διέξει
1132 5118 1374 5183 ,ϐουλὰς
1407 5117 1602 5173 ἐθνῶν
1623 5137 1636 5152 ο
1671 5121 1872 5176 ἀθετεῖ
1923 5124 1993 5178 δὲ

396 5210 739 5281 λογισμοὺς
766 5209 955 5274 λαῶν,
989 5209 1088 5265 καὶ
1117 5209 1322 5265 ἀθετεῖ
1362 5210 1604 5277 βουλὰς
1655 5212 1988 5280 ἀρχόντων.

397 5302 689 5372 Διαφόρως
724 5303 820 5355 καὶ
852 5300 1026 5355 ταῦτα
1043 5302 1288 5369 νοητέον,
1322 5300 1415 5354 ὲπί
1450 5319 1511 5355 τε
1543 5301 1654 5355 τῶν
1690 5321 1992 5374 περικεκα-

399 5397 639 5450 θικότων
687 5396 789 5466 τὴν
849 5395 1207 5468 Ἰερουσαλὴμ
1267 5396 1596 5463 Ἀσσυρίων,
1642 5397 1735 5451 ἐπί
1789 5417 1849 5451 τε
1879 5401 1991 5454 τῶν

403 5489 840 5559 ἐσταυρωκότων
869 5488 964 5542 τὸν
1007 5487 1238 5558 Κύριον,
1274 5489 1369 5542 καὶ
1398 5487 1493 5540 ἐπὶ
1517 5487 1626 5540 τῶν
1656 5491 1986 5559 τυραννούν-

397 5598 511 5636 των
555 5581 684 5644 τοὺς
725 5580 1062 5643 ἀποστόλους
1111 5581 1208 5634 καὶ
1244 5578 1531 5650 μάρτυρας
1555 5596 1570 5610 ·
1611 5581 1704 5634 καὶ
1744 5581 1837 5634 ἐπὶ
1889 5582 1989 5652 μὲν

395 5676 510 5730 τῶν
543 5675 870 5748 Ἀσσυρίων,
900 5674 1029 5747 ἔθνη
1051 5673 1201 5744 λέγει
1239 5673 1485 5739 τούτους,
1518 5674 1594 5737 ὡς
1623 5674 1688 5727 ἐκ
1713 5674 1987 5748 διαφόρων

397 5769 570 5826 ἐθνῶν
639 5769 1165 5840 συστρατεύσαντας
1219 5767 1362 5821 κατὰ
1419 5766 1521 5836 τῆς
1581 5766 1984 5842 Ἰερουσαλήμ·

456 5955 500 5988 ⁸⁸
533 5955 730 6012 Matth.
770 5969 971 6021 xxvm,
1006 5953 1101 6009 l9.
1175 5948 1287 6005 “Il
1313 5952 1438 6010 Cor.
1465 5972 1520 6022 v,
1566 5954 1660 6011 17.

2098 3471 2280 3528 verbis
2305 3487 2501 3526 omnes
2542 3469 2804 3524 commoti
2839 3476 2972 3524 sunt
2994 3507 3008 3533 ,
3043 3465 3136 3522 alii
3172 3467 3393 3536 quidem
3419 3466 3486 3521 ad
3530 3465 3691 3529 ﬁdem

2099 3565 2318 3627 mutati,
2360 3563 2452 3618 alii
2493 3577 2619 3616 vero
2656 3571 2864 3617 terrore
2894 3575 2957 3615 ac
2996 3559 3414 3630 perturbatione
3451 3557 3660 3615 aﬂecti.

2170 3656 2333 3713 Vnus.
2402 3656 2458 3711 9.
2524 3655 2793 3723 Quoniam
2864 3654 2975 3722 ipse
3006 3654 3166 3717 dixit,
3231 3662 3279 3706 et
3340 3654 3489 3723 facta
3545 3659 3688 3717 sunt,

2097 3746 2355 3802 Traditur
2385 3746 2644 3815 biejusla
2674 3744 2894 3800 timoris
2935 3759 3124 3799 causa.
3188 3741 3308 3812 lpse
3343 3743 3491 3796 enim
3531 3784 3546 3808 ,
3600 3740 3687 3794 inv

2097 3840 2236 3908 quit,
2263 3838 2508 3895 omnium
2529 3837 2756 3894 Creator
2780 3847 2883 3893 est.
2920 3836 3064 3891 Dixit
3095 3835 3240 3890 enim
3266 3852 3279 3890 :
3301 3832 3424 3890 Fiat
3444 3833 3568 3898 hoc,
3597 3834 3692 3887 aut

2098 3933 2253 3998 illud,
2282 3940 2337 3986 et
2372 3931 2576 3986 factum
2610 3940 2694 3986 est
2731 3929 2949 3986 statim.

2170 4025 2294 4093 Ipse
2319 4024 2591 4078 mandavit
2611 4030 2662 4077 et
2691 4032 2874 4077 creata
2906 4031 3052 4076 sunt.
3088 4021 3236 4076 idem
3275 4019 3390 4075 fere
3443 4020 3547 4075 sibi
3585 4034 3688 4073 vo-

2096 4117 2216 4171 lunt
2247 4118 2362 4170 haec
2391 4115 2576 4179 verba,
2616 4113 2761 4184 quod
2802 4114 3053 4184 proxime
3086 4111 3394 4181 superiora.
3425 4111 3520 4167 Vel
3558 4127 3688 4162 ver.

2095 4209 2249 4273 bum,
2263 4204 2879 4275 mandavit,appositum
2893 4211 2976 4258 est
2989 4201 3054 4256 ad
3070 4201 3495 4257 declarationem
3514 4202 3689 4266 verbi,

2096 4300 2254 4364 dixit,
2284 4314 2460 4368 neque
2478 4297 2625 4353 enim
2654 4295 2980 4365 simpliciter
3003 4293 3162 4358 dixit,
3187 4292 3282 4348 sed
3308 4292 3475 4360 jussit
3497 4291 3686 4354 etiam,

2096 4393 2253 4464 quasi
2285 4391 2658 4460 omnipotens.
2697 4386 2818 4450 Vel,
2858 4387 3007 4458 quod
3056 4386 3133 4439 ait
3173 4403 3187 4439 :
3240 4383 3410 4449 Dixit,
3443 4392 3492 4438 et
3543 4383 3690 4453 [acra

2096 4495 2218 4539 sunt
2248 4526 2261 4547 ,
2291 4484 2354 4538 ad
2389 4485 2561 4554 ipsam
2595 4479 2981 4536 tantummodo
3002 4477 3288 4535 hominum
3349 4476 3686 4530 creationem

2097 4576 2440 4632 referendum
2471 4581 2578 4630 est.
2624 4572 2782 4640 Quod
2840 4587 2970 4627 vero
3005 4569 3224 4625 subdit:
3272 4567 3552 4622 Mandavit
3584 4609 3599 4632 ,
3633 4577 3683 4622 et

2098 4680 2281 4726 creata
2310 4678 2454 4732 sunt,
2485 4668 2553 4724 ad
2589 4665 3062 4737 regenerationem
3100 4663 3361 4724 refertur,
3419 4674 3540 4727 qua:
3593 4675 3690 4728 per

2100 4761 2382 4830 Evangelii
2433 4759 2878 4831 przedicationem
2919 4755 3058 4811 facta
3089 4763 3193 4810 est.
3236 4751 3512 4808 Mandavit
3542 4753 3688 4805 enim

2101 4851 2366 4923 apostolis
2419 4859 2477 4906 ut
2535 4852 2680 4906 irent
2725 4859 2780 4904 et
2830 4848 3092 4904 docerent
3131 4861 3326 4901 omnes
3387 4852 3578 4913 gentes
3618 4842 3686 4896 ι’.

2100 4945 2234 5002 Nam
2275 4952 2330 4999 et
2357 4943 2468 5014 ipsi.
2498 4941 2686 4997 ﬁdeles
2737 4958 2873 4996 nova
2932 4939 3026 4995 Dei
3081 4947 3335 4994 creatura
3386 4937 3433 4970 ⁸⁸
3494 4935 3683 5006 appel-

2102 5037 2308 5090 lantur.

2166 5127 2331 5183 Vuns.
2375 5127 2457 5181 ιθ.
2493 5126 2752 5181 Dominus
2781 5125 3008 5194 dissipat
3046 5124 3278 5178 consilia
3302 5119 3572 5192 gentium;
3599 5132 3683 5169 re-

2092 5225 2278 5291 probat
2320 5233 2498 5277 autent
2533 5222 2879 5292 cogitationes
2933 5217 3272 5288 populorum,
3321 5224 3372 5268 et
3436 5207 3684 5280 reprobat

2093 5315 2317 5369 consilia
2356 5313 2682 5382 principum.
2735 5309 2934 5367 Varios
2983 5323 3182 5363 sensus
3236 5304 3516 5374 recipiunt
3568 5301 3682 5355 Iure

2093 5407 2278 5462 verba.
2311 5407 2550 5462 Possunt
2579 5404 2726 5460 enim
2761 5407 2827 5458 de
2853 5401 3094 5472 Assyriis
3135 5395 3363 5466 intelligi
3394 5435 3409 5459 ,
3457 5392 3552 5462 qui
3583 5393 3683 5446 ob-

2095 5502 2357 5556 sederunt
2384 5497 2687 5554 Jerusalem
2711 5512 2724 5560 ;
2757 5502 2811 5549 et
2839 5494 2906 5549 de
2922 5491 3130 5547 Chriin
3151 5485 3600 5548 erueilixoribus,
3626 5493 3682 5538 et

2095 5594 2164 5651 de
2195 5593 2260 5650 iis
2294 5592 2385 5664 qui
2423 5590 2699 5662 apostolos
2759 5603 2823 5642 ac
2851 5592 3124 5657 martyres
3186 5580 3235 5636 vi
3269 5587 3435 5652 atque
3490 5583 3681 5650 tyran-

2101 5684 2226 5740 nide
2249 5687 2643 5752 Oppresserunt
2675 5696 2689 5745 ;
2719 5684 2796 5742 et,
2830 5676 2876 5732 si
2908 5674 3129 5746 quidem
3178 5673 3246 5729 de
3299 5669 3542 5742 Assyriis
3595 5667 3684 5724 in-

2097 5775 2332 5846 telligas,
2359 5773 2451 5829 dic
2473 5770 2619 5842 quod
2647 5777 2835 5842 gentes
2860 5767 2987 5826 ideo
3016 5783 3113 5827 eos
3129 5766 3364 5840 appellat
3383 5764 3675 5836 Propheta,
