4078 6474
372 438 484 502 375

1647 451 2033 513 EUTHYMII
2057 453 2424 516 ZIGABENI

3548 455 3661 522 376

377 558 503 626 quia
533 571 596 610 ex
633 555 866 613 diversis
914 558 1226 615 nationibus
1268 561 1335 616 ad
1382 562 1586 618 bellum
1630 564 1953 637 huiusmodi

2070 569 2227 633 λαοὺς
2252 570 2334 633 δὲ,
2366 570 2497 633 τοὺς
2546 568 2839 640 Ἐὄραίους
2863 588 2878 605 ο
2913 583 3060 634 τινες
3096 569 3209 641 γὰρ
3263 568 3445 624 αὐτῶν
3478 562 3659 640 ἐλογί-

259 694 269 705 ,
375 648 592 701 fuerant
617 650 929 720 congregati
966 647 1231 706 adversus
1276 650 1580 710 Jerusalem
1604 694 1620 721 ,
1646 664 1701 712 et
1740 672 1836 726 per
1865 671 1964 728 po-

375 741 533 813 pulos
586 740 844 798 llebraros
880 744 1029 813 ipsos
1062 745 1338 817 intelligit.
1369 747 1603 814 Quidam
1659 749 1805 803 enim
1859 764 1955 804 eo-

371 851 497 890 rum
534 843 758 905 propter
787 839 1069 907 angustias
1099 837 1153 892 in
1183 839 1384 908 quibus
1422 850 1580 895 erant
1625 840 1913 897 constituti
1943 880 1959 907 ,

369 936 624 996 oportere
654 931 968 1000 cogitabant
1003 945 1126 986 sese
1157 930 1210 984 in
1239 946 1437 986 manus
1459 932 1811 988 inimicorum
1846 941 1959 986 tra-

369 1019 523 1073 dere.
563 1019 664 1074 Per
695 1022 970 1091 principes
1001 1037 1149 1087 vero,
1186 1021 1357 1078 duces
1419 1038 1483 1078 ac
1512 1024 1802 1093 praefectos
1844 1026 1958 1078 As-

2064 661 2224 726 ζοντο
2270 663 2383 717 δεῖν
2429 665 2572 733 σφᾶς
2602 663 2802 727 αὐτοὺς
2848 664 3160 735 ἐγχειρίσαι
3188 666 3303 728 τοῖς
3338 663 3653 745 πολεμίοις,

2062 752 2153 806 διὰ
2181 751 2279 824 τὴν
2303 753 2584 825 ἀνάγκηνο
2616 754 2888 824 ἄρχοντας
2914 754 2994 820 δὲ,
3020 755 3150 819 τοὺς
3175 756 3521 827 στρατηγοὺς
3544 755 3655 809 τῶν

2062 844 2505 915 πολιορκούντων
2524 860 2538 874 ·
2575 846 2671 899 ἐπὶ
2698 846 2755 899 δὲ
2790 845 2902 899 τῶν
2955 846 3389 918 ὲσταυρωκὸτων
3417 845 3508 898 τὸν
3537 844 3654 899 Κύ-

2069 954 2189 1007 ριον
2219 937 2342 1006 εἴσῃ
2390 937 2492 1008 τὴν
2530 920 3109 1008 διαφορὰν,’ὲντυχὼν
3139 940 3206 1008 τῇ
3242 937 3505 1007 ἐξηγήσει
3555 934 3654 989 τοῦ

2065 1027 2325 1099 δευτέρου
2356 1027 2578 1098 ψαλμοῦ
2600 1044 2615 1059 ·
2643 1029 2738 1081 ἐπὶ
2770 1028 2827 1082 δὲ
2861 1028 2972 1083 τῶν
3006 1028 3310 1097 τυράννων,
3345 1027 3473 1095 ἔθνη
3528 1027 3652 1096 μὲν,

374 1113 675 1181 syriorum.
711 1112 868 1178 Quod
932 1113 975 1168 si
1027 1113 1300 1183 psalmum
1352 1130 1598 1186 exponas
1640 1116 1708 1172 de
1753 1115 1957 1171 Christi

2070 1116 2135 1171 τὰ
2172 1118 2409 1190 διάφορα
2434 1119 2578 1174 κατὰ
2611 1118 2800 1183 πόλεις
2827 1118 2962 1189 γένη
2987 1135 3002 1150 ο
3033 1117 3157 1171 λαοὶ
3188 1117 3267 1180 δὲ,
3303 1117 3353 1171 οἱ
3385 1116 3652 1187 Ἐδραϊοιο

371 1202 818 1269 cruciﬁxoribus,
853 1202 1219 1258 diﬂ‘erentiam
1252 1219 1614 1274 personarum
1658 1220 1879 1269 nosces,
1911 1208 1957 1260 si

2070 1208 2327 1278 ἄρχοντες
2353 1210 2432 1272 δὲ,
2468 1212 2518 1263 οἱ
2544 1208 2785 1279 βασιλεῖς
2826 1209 2922 1262 καὶ
2944 1207 3244 1279 ἡγεμόνες.

371 1295 768 1363 expositionem
802 1296 1000 1368 legeris
1027 1295 1255 1351 secundi
1278 1298 1472 1367 psalmi
1501 1315 1518 1367 ;
1545 1299 1592 1354 si
1624 1312 1752 1354 vero
1779 1299 1940 1354 malis
1979 1298 2047 1355 de
2074 1303 2325 1372 tyrannis
2356 1304 2686 1374 intelligere,
2749 1318 2849 1375 per
2911 1311 3101 1375 gentes
3165 1301 3418 1357 nationes
3474 1299 3656 1355 varias

373 1388 633 1457 intelligo,
655 1404 775 1458 qua:
801 1390 1002 1460 ubique
1027 1389 1273 1445 locorum
1297 1400 1424 1445 sunt
1450 1409 1463 1446 :
1497 1399 1552 1447 et
1578 1406 1677 1461 per
1698 1391 1950 1462 populos,
1992 1392 2247 1452 inimicos
2270 1395 2512 1453 fidelium
2541 1395 2791 1462 Iudaeos;
2821 1411 2918 1467 per
2943 1394 3217 1467 principes
3272 1408 3428 1459 vero,
3487 1407 3650 1463 reges

369 1479 523 1551 ipsos
558 1497 622 1537 ac
652 1483 838 1536 duces.

441 1579 612 1634 Vens.
667 1580 753 1634 il.
787 1578 1079 1635 Consilium
1131 1587 1311 1634 autem
1368 1579 1582 1635 Domini
1606 1580 1660 1634 in
1702 1589 1959 1635 internum

2147 1585 2222 1637 Ἠ
2243 1583 2313 1638 δὲ
2333 1582 2538 1652 βουλὴ
2570 1582 2678 1638 τοῦ
2706 1580 2932 1649 Κυρίου
2960 1579 3131 1649 μένει
3173 1579 3264 1643 είς
3309 1576 3418 1631 τὸν
3441 1572 3653 1631 αἰῶνα.

366 1682 656 1741 permanet.
680 1672 783 1728 Per
805 1672 1093 1726 consilium
1118 1680 1298 1727 autem
1339 1671 1556 1727 Domini
1584 1673 1957 1742 evangelicam

2070 1678 2242 1749 Βουλῆ
2274 1677 2371 1732 τοῦ
2422 1678 2653 1749 Κυρίου,
2687 1678 2749 1730 τὸ
2780 1673 3153 1743 Εὖαγγελικδν
3203 1673 3488 1742 κήρυγμα,
3530 1669 3657 1740 βου-

368 1763 811 1833 praedicationem
848 1762 1110 1834 intellige,
1143 1778 1268 1833 qum
1300 1779 1496 1819 omnes
1541 1764 1798 1820 homines
1838 1780 1959 1819 cre-

2070 1770 2293 1841 λόμενον
2345 1770 2588 1840 σωθῆναι
2633 1768 2702 1822 δι’
2749 1766 2920 1822 αὑτοῦ
2953 1765 3165 1828 πάντας
3204 1764 3331 1827 τοὺς
3364 1760 3656 1817 πιστεύον-

371 1855 566 1910 dentes
599 1870 696 1925 per
727 1869 786 1909 se
815 1855 1017 1910 salvari
1047 1855 1183 1909 vult.
1264 1854 1379 1910 Hoc
1425 1855 1596 1925 igitur
1669 1855 1960 1911 consilium

2070 1882 2182 1930 τας.
2213 1864 2242 1918 ὃ
2271 1865 2425 1934 μένει
2458 1862 2753 1934 μέλλοντος
2784 1859 2983 1923 αίῶνος
3016 1858 3315 1931 ἀήττητον.

368 1947 566 2003 stabile
616 1957 782 2017 atque
815 1947 1081 2003 invictum
1109 1963 1284 2018 usque
1305 1948 1373 2004 ad
1403 1946 1651 2003 futurum
1689 1947 1955 2004 saeculum

370 2039 740 2111 permanebit.

444 2131 802 2201 Cogitationes
829 2134 1005 2188 corais
1022 2134 1137 2201 ejus
1169 2134 1224 2188 in
1248 2135 1636 2204 generationem
1676 2144 1724 2190 et
1741 2152 1962 2207 genera-

371 2222 586 2277 tionem.
629 2223 1104 2290 Quemadmodum
1148 2227 1405 2297 superius
1436 2228 1668 2283 consilia
1709 2216 1763 2283 et
1807 2230 1961 2299 cogi-

371 2314 610 2371 lationes
640 2315 798 2381 dixit,
831 2316 903 2372 ita
954 2325 1009 2372 et
1050 2333 1216 2374 nunc.
1268 2316 1365 2374 Est
1422 2328 1605 2374 autem
1665 2321 1960 2377 consilium

371 2405 684 2473 sententia,
715 2422 838 2477 qua:
885 2415 1033 2463 recta
1079 2423 1204 2465 esse
1250 2409 1603 2471 existimatur
1630 2451 1646 2476 ,
1698 2412 1964 2483 cogitatio

370 2510 505 2550 vero
537 2496 771 2567 simplex
796 2499 1191 2555 consideratio.
1219 2497 1285 2554 In
1323 2503 1715 2571 generationem
1737 2513 1786 2557 et
1806 2520 1963 2575 gene-

369 2588 637 2641 rationem
662 2598 1075 2644 consueverunt
1113 2590 1322 2659 antiqui
1356 2589 1541 2645 dicere
1588 2607 1689 2659 pro
1738 2610 1962 2663 semper,

370 2677 528 2747 quasi
572 2692 668 2746 per
714 2678 958 2732 omnium
988 2678 1405 2748 generationum
1434 2681 1836 2739 successiones.
1866 2683 1966 2739 Per

2134 2134 2426 2207 Λογωμοὶ
2459 2131 2568 2200 τῆς
2603 2129 2855 2198 καρδίας
2906 2124 3116 2191 αὑτοῦ,
3166 2125 3256 2189 είς
3303 2118 3522 2193 γενεὰν
3555 2117 3658 2172 καὶ

2067 2226 2305 2299 γενεάν.
2347 2224 2562 2294 Ὥσπερ
2598 2223 2712 2276 ἄνω
2742 2221 2938 2291 βουλὰς
2982 2217 3080 2272 καὶ
3124 2214 3425 2286 λογισμοὺς
3468 2207 3653 2274 εἶπεν,

2066 2319 2210 2375 οὕτω
2258 2317 2355 2372 καὶ
2392 2315 2509 2370 νῦν.
2545 2315 2671 2370 Ἔτι
2700 2313 2757 2367 δὲ
2797 2311 2963 2383 βουλὴ
2993 2310 3114 2382 μὲν,
3148 2310 3182 2380 ἡ
3235 2305 3419 2369 καλῶς
3450 2302 3659 2370 δόξασα

2065 2413 2261 2483 γνώμη
2281 2408 2593 2481 σ’λογισμδς
2625 2390 2705 2473 δὲ,
2749 2407 2783 2476 ἠ
2826 2404 3014 2466 ἁπλῶς
3044 2400 3371 2472 ὲνθύμησις.
3401 2399 3507 2463 Εἰς
3551 2411 3659 2464 τεο

2064 2506 2215 2561 νεὰν
2259 2504 2316 2558 δὲ
2360 2504 2459 2558 καὶ
2522 2501 2755 2571 γενεὰν,
2784 2496 3010 2551 εἰώθασι
3039 2493 3222 2562 λέγειν
3253 2490 3304 2544 οἱ
3341 2486 3564 2543 παλαιοὶ
3592 2485 3659 2539 τὸ

2067 2599 2176 2662 ἀεὶ,
2222 2595 2285 2649 τὸ
2339 2593 2420 2657 είς
2472 2593 2652 2645 πᾶσαν
2689 2588 2883 2657 γενεὰν
2932 2587 2997 2638 ὲκ
3046 2580 3319 2653 διαδοχῆς.
3352 2574 3562 2646 Καρδία
3591 2573 3650 2626 δὲ

2067 2688 2203 2742 Θεοῦ
2265 2680 2760 2756 ἀνθρωποπρεπῶς
2813 2677 3031 2749 εἴρηται
3090 2674 3124 2746 ἡ
3188 2672 3410 2742 θέλησις
3458 2664 3647 2721 αὐτοῦ.

373 2784 472 2824 cor
517 2776 700 2822 autem
753 2768 900 2834 Dei,
954 2770 1197 2825 humano
1238 2770 1475 2841 quodam
1528 2788 1679 2829 more
1731 2775 1964 2845 loquens

2070 2778 2279 2844 Σκοπὸς
2326 2778 2383 2831 δὲ
2420 2778 2535 2838 τοῖς
2593 2774 2778 2845 ῥητοῖς
2818 2766 3102 2832 ’τοιοῦτος,
3156 2767 3240 2818 ὅτι
3267 2763 3298 2816 ὃ
3334 2760 3584 2832 βούλεται
3624 2757 3656 2809 ὁ
3717 2756 3723 2761 ’

374 2861 674 2931 Pmpheta,
699 2862 1045 2918 voluntatem
1076 2863 1171 2918 Dei
1206 2864 1459 2935 intelligit
1491 2884 1504 2929 ;
1541 2876 1596 2922 et
1630 2883 1828 2925 sensus
1861 2877 1964 2935 est,

2070 2871 2221 2935 Θεὸς,
2266 2870 2353 2924 ἀεὶ
2409 2867 2597 2940 μένει·
2654 2863 2750 2918 καὶ
2779 2862 2841 2916 οὐ
2875 2861 3033 2914 τοῦτο
3087 2855 3272 2927 μόνον,
3329 2850 3467 2907 ἀλλὰ
3498 2848 3596 2940 καλ1
3624 2845 3659 2899 ὅ

374 2955 518 3025 quod
553 2970 776 3026 semper
815 2954 869 3009 id
907 2964 1196 3023 permanet
1231 2958 1376 3025 quod
1418 2959 1533 3012 vult
1564 2960 1705 3015 Deus
1733 3003 1748 3027 ,
1780 2976 1957 3030 neque

2070 2963 2377 3032 ἐνθυμηθῇ.
2413 2938 2420 2940 ⁷
2456 2958 2531 3012 To
2585 2956 2696 3028 γὰρ
2754 2953 3019 3023 ἐννόημα,
3074 2948 3264 3020 φησὶν,
3320 2945 3481 3014 ἔργον
3534 2938 3657 2994 νῦν.

374 3049 428 3103 id
463 3049 638 3105 solum
668 3048 814 3119 quod
852 3050 989 3113 vult,
1024 3049 1116 3105 sed
1155 3050 1286 3105 illud
1327 3049 1487 3105 etiam
1538 3052 1685 3122 quod
1740 3055 1963 3124 cogitat.

2074 3055 2230 3107 Ἔστι
2259 3052 2315 3106 δὲ
2346 3050 2443 3104 καὶ
2471 3048 2645 3113 ἄλλως
2675 3047 2874 3109 εἰπεῖν,
2926 3041 3189 3113 λογισμδν
3216 3038 3446 3109 καρδίας
3491 3032 3657 3098 Θεοῦ,

372 3141 646 3213 Cogitatio
675 3145 818 3198 enim
853 3143 1036 3197 divina
1097 3126 1401 3214 perfectum
1432 3161 1571 3214 opus
1606 3157 1710 3204 εει.
1748 3147 1957 3203 Possu-

2071 3148 2170 3219 τὴν
2205 3143 2450 3200 Παλαιὰν
2502 3141 2598 3196 καὶ
2658 3140 2758 3209 τὴν
2802 3139 2951 3192 Νέαν
3002 3135 3316 3206 Διαθήκην·
3346 3129 3542 3201 γενεὰν
3597 3126 3661 3181 δὲ

375 3252 498 3290 nzns
538 3249 593 3291 et
622 3236 781 3290 aliter
836 3236 1019 3292 dicere
1048 3236 1192 3305 quod
1224 3230 1585 3307 cegitationes
1617 3240 1797 3295 cordis
1829 3239 1923 3296 Dei
1954 3282 1967 3306 ,

2070 3240 2162 3295 καὶ
2187 3235 2404 3307 γενεὰν,
2429 3235 2531 3305 τήν
2560 3250 2618 3286 τε
2665 3230 2778 3285 τῶν
2823 3227 3095 3284 Ἰουδαίων
3128 3226 3221 3281 καὶ
3248 3225 3358 3277 τῶν
3385 3224 3661 3292 Χριστια-

380 3323 546 3380 Vetus
565 3324 825 3379 nimirum
856 3339 920 3381 ac
938 3323 1150 3380 Novum
1177 3323 1615 3395 Testamentum,
1650 3314 1967 3398 permanent

2070 3331 2208 3385 vt'Iw'
2242 3331 2275 3400 ἡ
2312 3328 2412 3398 μὲν
2443 3326 2553 3397 γὰρ
2590 3323 2844 3386 ἐκείνοις,
2876 3322 2910 3393 ἡ
2948 3320 3006 3374 δὲ
3056 3318 3270 3381 τούτοις
3320 3312 3659 3386 παραμένει.

375 3416 432 3469 in
463 3416 921 3486 generationem:
963 3416 1195 3471 alterum
1242 3417 1496 3473 videlicet
1549 3419 1603 3473 in
1657 3418 1967 3477 Judmorum

2080 3420 2453 3493 Ἐκδεχόμεθα
2490 3419 2547 3472 δὲ
2576 3416 2763 3479 ἁπλῶς
2790 3414 2857 3468 τὰ
2895 3412 3035 3484 ῥητὰ
3061 3410 3156 3464 καὶ
3184 3407 3278 3460 ἐπὶ
3306 3407 3413 3459 τῶν
3438 3403 3662 3457 ἐπιϐου-

379 3507 816 3575 generationem,
850 3507 1089 3562 alterum
1120 3522 1252 3562 vero
1279 3508 1334 3562 in
1377 3509 1637 3564 ﬁdelium.
1662 3510 1966 3581 Antiquum

2070 3515 2380 3570 λευσάντων
2410 3513 2544 3581 ἡμῖν
2570 3507 2785 3580 ὁρατῶν
2811 3505 2844 3576 ἥ
2877 3504 3128 3576 ἀοράτων
3158 3498 3389 3571 ἐχθρῶν,
3422 3497 3503 3549 ετι
3541 3494 3663 3548 Κύ-
3712 3512 3717 3515 ι

377 3598 582 3668 quippe
611 3599 742 3665 illis,
770 3597 983 3653 Novum
1034 3595 1214 3655 autem
1246 3599 1365 3655 istis
1396 3610 1699 3670 permanet.
1741 3603 1967 3675 intelligi

2075 3624 2189 3679 ριος
2211 3602 2559 3666 διασκεδάζει
2585 3601 2684 3663 τὰς
2715 3598 2909 3668 βουλὰς
2941 3594 3138 3660 αὐτῶν,
3169 3594 3263 3646 καὶ
3285 3592 3313 3645 ὅ
3337 3589 3500 3652 αὐτὸς
3528 3585 3658 3658 βού-

377 3689 542 3742 etiam
582 3696 807 3759 possunt
839 3689 953 3745 haec
975 3690 1135 3745 verba
1176 3690 1499 3760 simpliciter
1528 3692 1597 3748 de
1641 3694 1967 3760 visibilibus.

2079 3699 2255 3763 λεται,
2289 3698 2434 3750 ποιεῖ
2464 3693 2602 3765 πρὸς
2637 3690 2915 3762 σωτηρίαν
2937 3688 3119 3758 ἡμῶν.

379 3797 478 3837 seu
542 3784 704 3837 etiam
755 3782 1123 3840 invisibilihus
1166 3783 1406 3840 inimicis
1444 3804 1457 3839 :
1508 3788 1653 3855 quod
1707 3789 1963 3848 Christus
1988 3793 2246 3848 nimirum
2270 3805 2460 3848 eorum
2502 3786 2733 3843 consilia
2758 3782 3067 3856 dissipabit,
3094 3789 3149 3835 et
3206 3775 3371 3862 quod.
3395 3773 3659 3831 Dominus

377 3874 625 3946 perﬁciet
682 3889 1021 3945 quaecunque
1080 3874 1148 3929 ad
1187 3874 1418 3930 salutem
1454 3884 1697 3933 nostram
1726 3878 2015 3951 disponere
2041 3882 2294 3940 voluerit.

456 3969 633 4028 Vens.
682 3971 773 4027 12.
818 3970 989 4025 Beata
1037 3987 1182 4042 gens,
1227 3972 1380 4041 cujus
1407 3981 1486 4029 est
1528 3973 1789 4030 Dominus
1828 3976 1967 4033 Deut

2142 3976 2451 4046 Μακάρων
2505 3974 2575 4029 τὸ
2627 3972 2824 4037 ἔθνος,
2863 3963 2935 4024 οὗ
2959 3968 3091 4023 ἐστι
3145 3965 3361 4031 Κύριος
3426 3963 3460 4016 ό
3512 3959 3664 4027 Θεὸς

381 4065 520 4136 ejus.
555 4065 717 4121 Beata
750 4080 905 4135 gens,
938 4080 1056 4134 qua:
1088 4065 1295 4136 regitur
1338 4072 1393 4118 et
1431 4066 1772 4136 gubernatur
1804 4084 1833 4121 a
1864 4068 1967 4125 Deo

2073 4068 2285 4124 αὐτοῦ.
2322 4065 2613 4136 Μακάριον
2665 4062 2727 4116 τὸ
2781 4060 2957 4124 ἔθνος,
3007 4058 3069 4112 τὸ
3120 4053 3515 4127 κυριευὸμενον
3565 4052 3664 4106 καὶ

386 4173 514 4213 suo.
563 4154 693 4213 Haec
726 4169 909 4214 autem
942 4158 1057 4213 sola
1094 4167 1178 4212 est
1221 4156 1665 4213 Christianorum
1699 4177 1854 4231 gens,
1886 4163 1967 4218 cui

2075 4154 2533 4227 οἰκονομούμενον
2581 4153 2686 4208 ὑπὸ
2741 4150 2837 4205 τοῦ
2906 4149 3040 4204 ίδίου
3080 4146 3251 4201 Θεοῐν
3287 4146 3372 4216 εἴη
3426 4143 3470 4197 δ’
3504 4141 3569 4196 ἂν
3598 4141 3665 4195 τὸ

388 4249 645 4306 Salvator
694 4250 948 4322 promisit
979 4251 1170 4305 dicens
1204 4266 1218 4303 :
1248 4249 1385 4304 Ecce
1420 4266 1514 4321 ego
1554 4253 1820 4307 vobiscum
1862 4271 1967 4308 sum

2078 4251 2188 4305 τῶν
2219 4247 2570 4320 Χριστιανῶν
2621 4247 2804 4316 μόνον,
2848 4235 2929 4304 οἷς
2983 4238 3353 4307 ἐπηγγείλατο
3406 4235 3583 4306 λέγων
3633 4236 3665 4288 ὀ

383 4359 548 4413 usque
575 4343 645 4397 ad
674 4344 1181 4398 consummationem
1210 4342 1480 4398 swculi".
1764 4338 1769 4343 “

2083 4341 2311 4412 Σωτήρ*
2337 4338 2447 4394 Καὶ
2474 4335 2606 4393 ἰδοὺ
2639 4333 2756 4405 ἐγὼ
2796 4332 2926 4403 μεθ’
2959 4330 3127 4400 ὑμῶν
3158 4331 3275 4398 εἰμι
3307 4326 3510 4393 πάσας
3554 4323 3668 4390 τὰς

458 4521 697 4591 Populus
718 4539 869 4593 quem
896 4523 1051 4593 elegit
1079 4521 1133 4576 in
1159 4520 1517 4579 [nereditatem
1545 4525 1667 4579 sibi.
1695 4523 1804 4579 Nos
1837 4525 1975 4581 ﬁde-

2080 4435 2328 4505 ὴμέρας,
2359 4432 2472 4499 ἕως
2503 4429 2613 4500 τῆς
2633 4426 2994 4492 συντελείας
3018 4423 3126 4479 τοῦ
3158 4421 3395 4487 αἰῶνος.

2153 4527 2314 4592 Λαὸς
2353 4524 2426 4579 ὃν
2477 4522 2799 4588 ἐξελέξατο
2853 4522 2941 4586 εὶς
2992 4516 3399 4585 κληρονομίαν
3448 4511 3663 4591 ἐαυτῷ.

342 4616 345 4617 ⁷
388 4616 470 4671 les
511 4626 566 4671 et
606 4630 741 4686 gens
782 4615 1041 4678 dicimur,
1083 4615 1253 4669 veluti
1292 4632 1354 4670 ex
1402 4617 1657 4687 gentibus
1709 4618 1763 4670 in
1805 4633 1967 4671 unam

2091 4620 2282 4689 Ἡμεῖς
2306 4618 2476 4687 ἐσμεν
2506 4614 2661 4676 ἔθνος
2700 4613 2822 4682 μὲν,
2855 4611 2929 4675 ὡς
2953 4608 3013 4675 ἐξ
3050 4608 3221 4663 ἐθνῶν
3278 4605 3663 4673 συλλεγέντες.

388 4707 697 4763 Eeelesiam
730 4707 1048 4777 congregati
1083 4725 1097 4774 ;
1139 4718 1193 4762 et
1226 4709 1487 4777 populus,
1516 4707 1681 4761 veluti
1724 4707 1816 4775 qui
1858 4707 1981 4761 loco

389 4797 590 4868 abjccti
630 4797 780 4852 illius
829 4795 1146 4851 Judaeornm
1185 4797 1373 4868 populi
1434 4797 1734 4851 introducti
1762 4811 1977 4851 smnus.

393 4888 741 4958 Elegitenim
776 4904 880 4943 nos
916 4889 1058 4943 Deus
1086 4889 1140 4942 in
1166 4873 1573 4954 ‘ha‘reditatem,
1602 4889 1755 4957 juxta
1787 4886 1921 4941 illud
1962 4902 1978 4941 :

392 4979 546 5035 Dabo
579 4979 674 5034 tibi
709 4990 886 5050 gentes
913 4979 1279 5034 [nereditatem
1326 4988 1473 5033 tuam
1499 4980 1567 5032 δ’.
1607 4977 1804 5033 Beatos
1853 4994 1981 5036 vero

392 5090 496 5129 nos
541 5072 800 5144 appellat,
837 5072 909 5128 ob
957 5082 1276 5144 paratorum
1331 5071 1490 5126 nobis
1521 5072 1790 5125 bonorum
1844 5070 1981 5127 frui—

394 5167 625 5221 tionem.

464 5254 635 5312 Vens.
665 5256 754 5310 15.
796 5254 872 5309 De
910 5255 1040 5309 c0310
1077 5254 1305 5322 respexit
1346 5253 1623 5308 Dominus.
1655 5253 1781 5310 llaec
1810 5256 1976 5311 verba

387 5353 554 5407 etiam
590 5350 861 5405 habentur
905 5350 963 5404 in
998 5348 1219 5402 Psalmo
1258 5363 1348 5401 xm
1397 5366 1410 5401 :
1466 5347 1720 5404 Dominus
1749 5351 1814 5405 de
1849 5352 1978 5405 coelo

390 5442 663 5514 prospexit
714 5440 784 5496 ad
818 5441 960 5511 ﬁlios
1011 5441 1305 5494 hominum.
1342 5439 1479 5495 Vide
1527 5456 1649 5510 quae
1688 5441 1799 5497 illic
1834 5443 1976 5498 dicta

396 5549 548 5591 ευιυ.
854 5546 867 5554 ’

471 5626 611 5682 Vidit
675 5642 854 5681 omnes
912 5625 1055 5694 ﬁlios
1099 5622 1390 5677 hominum.
1443 5624 1647 5683 Omnes
1681 5628 1827 5685 enim
1872 5630 1974 5685 sub

392 5719 534 5776 cmlo
562 5718 813 5775 habitant
849 5725 946 5787 :ﬂct
974 5717 1162 5771 nullus
1200 5732 1320 5771 eum
1356 5717 1508 5771 latet.

468 5922 511 5956 ἰ
553 5918 743 5975 Matth.
780 5934 974 5986 xxvm,
1004 5919 1098 5975 ‘20.
1172 5919 1384 5993 “.I‘sal.
1410 5936 1470 5988 ιι,
1501 5921 1555 5974 8.

2077 4709 2206 4773 λαὸς
2241 4708 2322 4775 δὲ,
2348 4709 2425 4771 ὡς
2459 4703 2912 4776 ἀντεισαχθέντες
2940 4701 3036 4755 τοῦ
3073 4698 3474 4768 ἁποὸληθὲντος
3505 4695 3661 4751 λαοῦ.

2089 4801 2404 4868 Ἐξελέξατο
2418 4799 2474 4853 δὲ
2495 4800 2643 4869 ἡμᾶς
2680 4798 2761 4859 είς
2779 4791 3169 4865 κληρονομίαν,
3190 4789 3333 4842 κατὰ
3358 4788 3418 4841 τό
3437 4804 3451 4819 ·
3484 4785 3665 4840 Δώσω

2079 4913 2179 4950 σοι
2205 4896 2351 4960 ἔθνη
2390 4890 2507 4959 τὴν
2552 4888 2961 4957 κληρονομίαν
2983 4898 3123 4938 σου.
3157 4882 3444 4950 Μακάριον
3473 4879 3551 4945 δὲ,
3574 4879 3667 4932 διὰ

2078 4989 2179 5060 τὴν
2213 4987 2322 5042 τῶν
2348 4983 2778 5057 ἡτοιμασμένων
2805 4979 3033 5049 ἀγαθῶν
3062 4978 3393 5033 ἀπόλαυσιν.

2166 5251 2263 5315 ‘EE
2294 5247 2555 5318 οίῬανοῦ
2580 5244 2922 5313 ἐπέϐλεψεν
2945 5244 2977 5295 ό
3010 5239 3247 5307 Κύριος.
3283 5232 3455 5287 Τοῦτο
3483 5231 3575 5285 καὶ
3604 5231 3664 5285 ὲν

2077 5342 2156 5413 τῷ
2192 5338 2633 5413 τρισκαιδεκάτῳ
2666 5338 2846 5389 κεῖται
2883 5327 3090 5402 ψαλμῷ
3112 5343 3127 5358 ·
3170 5326 3386 5392 Κύριος
3434 5322 3504 5413 ἐκ
3554 5319 3664 5375 τοῦ

2079 5412 2344 5501 οὐρανοῦ
2363 5430 2658 5497 διέκυψε-ν
2685 5426 2784 5480 ἐπὶ
2803 5419 3136 5489 τοὺςκυίοὺς
3162 5417 3280 5472 τῶν
3308 5412 3661 5481 ἀνθρώπων

2086 5528 2181 5582 καὶ
2216 5525 2370 5597 ζήτει
2405 5525 2543 5577 ἐκεῖ.

2155 5594 2296 5674 Etsi;
2331 5618 2557 5682 πάντας
2586 5613 2727 5680 τοὺς
2759 5608 2930 5675 υἱοὺς
2952 5604 3296 5673 ἀνθρώπων.
3321 5600 3531 5658 Πάντες
3556 5594 3668 5665 γὰρ

2083 5712 2190 5766 ὑπὸ
2217 5709 2310 5765 τὸν
2355 5708 2588 5782 οὐρανὸν
2621 5702 2859 5768 οἰκοῦσι,
2892 5700 2987 5754 καὶ
3035 5695 3227 5750 λοιπὸν
3253 5690 3431 5754 οὐδεὶς
3469 5687 3671 5743 λανθά·

2075 5821 2177 5860 νει.
