4078 6416
297 444 403 509 3'17

1469 450 1862 514 COMMENT.
1890 452 1977 514 IN
2014 448 2420 514 PSALMOSJ

3468 454 3577 519 3'18

380 561 489 626 Ἓξ
515 561 760 632 ἑτοίμου
806 567 1269 638 κατοικητηριου
1295 563 1506 622 αὐτοῦ.
1528 561 1637 618 Τοῦ
1668 566 1890 636 προχεί-

2067 563 2234 620 Vsus.
2264 565 2353 620 M.
2384 564 2461 619 De
2481 572 2783 635 preparato
2805 565 3111 622 habitacula
3151 583 3272 623 suo.
3326 565 3443 624 Hoc
3471 582 3573 627 est.

310 676 412 730 ρου
447 659 530 722 είς
559 658 625 712 τὸ
646 658 831 714 πάντα
863 660 1095 716 θεᾶσθαι
1125 662 1280 733 ῥᾷον.

388 839 791 909 Ἐπέϐλεψενη
827 839 931 895 ἐπὶ
990 840 1225 909 πάντας
1276 843 1722 909 κατοικοῦντας
1779 842 1901 911 τὴν

306 933 450 1005 τῆν.
473 932 575 986 Διὰ
615 933 716 1001 τῆς
767 931 1189 997 ἀναδιπλώσεως
1249 935 1570 1006 ἐπέϐλεψεν,
1607 938 1692 1002 είς
1729 936 1897 1006 φόϐον

304 1025 572 1094 ὲμδαλεῖν
616 1025 881 1094 πειρᾶται
936 1024 1063 1087 τοὺς
1104 1024 1562 1095 ἐντυγχάνοντας,
1586 1026 1663 1091 ὡς
1705 1027 1768 1081 οὐ
1802 1026 1899 1098 λή-

307 1114 505 1179 θοντας
541 1113 629 1185 ἐφ’
660 1110 744 1177 οἷς
780 1113 850 1167 ἂν
889 1113 1158 1170 ποιοῦσιν.

385 1206 455 1260 '0
501 1204 748 1269 πλάσας
793 1202 947 1259 κατὰ
984 1205 1181 1274 μόνας
1236 1202 1345 1270 τὰς
1394 1203 1643 1285 καρδίας
1672 1203 1895 1259 αὐτῶν.

313 1300 437 1354 Ἔτι
481 1296 865 1368 φοϐερώτερον
925 1294 1087 1351 τοῦτο
1110 1312 1126 1328 ·
1158 1297 1210 1349 εί
1270 1297 1381 1366 γὰρ
1412 1296 1638 1362 ἔπλασε,
1673 1296 1894 1359 πάντως

303 1385 415 1445 οἶδε
448 1392 547 1444 καὶ
574 1389 675 1452 τὰς
711 1390 961 1458 κινήσεις
994 1387 1196 1444 αὐτῶν.
1246 1387 1369 1459 Χρὴ
1423 1387 1607 1442 τοίνυν
1637 1386 1891 1453 δεδιέναι,

301 1485 352 1536 εί
383 1484 464 1554 μὴ
496 1481 663 1551 μόνον
697 1483 758 1535 ἐν
795 1479 877 1551 τῷ
906 1480 1169 1552 πράττειν
1202 1480 1266 1551 οὐ
1297 1477 1561 1551 λήθομεν,
1617 1478 1733 1533 ἀλλ’
1782 1477 1894 1532 οὐδ’

299 1577 359 1629 ἐν
384 1574 465 1645 τῷ
489 1571 846 1628 διανοεῖσθαι.
878 1570 1041 1626 Κατὰ
1071 1572 1264 1641 μόνας
1287 1572 1366 1637 δὲ,
1396 1572 1521 1628 ἀντὶ
1545 1569 1664 1636 τοῦ,
1720 1587 1894 1642 μεμο-

298 1667 564 1739 νωμὲνας
614 1664 711 1719 καὶ
758 1664 1174 1735 κεχωρισμένας
1250 1663 1352 1734 τῆς
1402 1662 1604 1727 κακίας
1649 1662 1744 1716 καὶ
1790 1663 1892 1733 τῆς

294 1757 605 1827 ἐπιπλοκῆς
626 1755 734 1810 τῶν
747 1755 960 1812 παθῶν.
984 1757 1057 1810 Ἦ
1072 1755 1221 1811 κατὰ
1232 1755 1449 1826 μόνας,
1466 1754 1587 1809 ἀντὶ
1606 1753 1701 1808 τοῦ
1718 1771 1893 1825 κεχω-

300 1849 589 1919 ρισμένως
629 1846 754 1918 (12)
791 1847 948 1919 παρὰ
1000 1846 1100 1912 τὰς
1154 1845 1267 1900 τῶν
1320 1844 1523 1899 λοιπῶν
1580 1842 1761 1910 ζώων,
1807 1843 1886 1908 ὡς

296 1940 543 2007 λογικάς.

2007 657 2173 712 habili
2220 672 2284 712 ac
2323 657 2635 725 commodo,
2678 666 2738 712 ut
2796 658 2955 716 facile
3016 659 3173 717 illinc
3220 661 3405 716 omnia
3456 678 3582 730 pcr-

2003 747 2222 817 spiciat.

2077 833 2327 904 Respexit
2358 822 2412 889 in
2441 852 2621 891 omnes
2649 839 2741 908 qui
2766 838 3008 893 habitant
3046 847 3264 896 terram.
3310 843 3446 898 Dum
3498 860 3585 899 rc-

2002 929 2140 997 pctit
2197 926 2471 997 Propheta
2532 926 2703 983 Deum
2766 932 3112 999 reSpexissc.
3174 934 3388 988 videtur
3441 936 3581 988 velle

2000 1019 2201 1074 lcetori
2228 1019 2483 1075 timorem
2511 1021 2785 1087 incutere,
2807 1023 2974 1077 veluti
3007 1039 3074 1078 ex
3106 1039 3174 1080 eo
3204 1026 3349 1095 quod
3364 1027 3581 1081 occulta

1997 1126 2119 1168 esse
2155 1111 2267 1168 Deo
2294 1129 2402 1168 non
2438 1114 2651 1182 possint
2674 1114 2817 1168 mala
2843 1131 2966 1185 quae
2991 1115 3208 1173 fecerit.

2069 1203 2239 1260 Vens.
2262 1207 2349 1265 i5.
2376 1204 2478 1271 Qui
2508 1207 2959 1278 ﬁnxitsigillatim
2982 1207 3144 1263 corda
3163 1224 3365 1265 eorum.
3382 1208 3577 1264 Adhuc

1998 1293 2403 1353 formidabilius
2457 1297 2732 1367 quoddam
2777 1299 2934 1353 dicit.
2988 1297 3128 1353 Nam
3181 1298 3228 1354 si
3292 1298 3580 1369 plasmavit

1995 1401 2194 1443 omnes
2214 1388 2380 1448 Deus.
2413 1391 2639 1445 omnino
2670 1390 2832 1445 etiam
2861 1400 2916 1445 et
2943 1392 3090 1446 novit
3123 1390 3483 1461 cogitationes
3525 1398 3581 1444 et

1970 1492 2183 1563 -mOtus
2213 1496 2406 1539 onmes
2431 1499 2621 1539 eorum
2642 1483 2842 1552 quibus
2869 1482 3014 1538 dedit
3039 1492 3101 1538 ut
3121 1490 3328 1538 essent.
3361 1468 3583 1537 Timen-

1994 1569 2123 1625 dum
2152 1580 2238 1628 est
2270 1573 2428 1629 nobis
2457 1574 2626 1644 igitur
2647 1588 2676 1627 a
2702 1572 2834 1640 Deo,
2859 1589 2985 1629 cum
3018 1590 3128 1628 non
3165 1588 3331 1644 prava
3367 1580 3579 1628 tantum

1993 1677 2184 1731 opera,
2250 1663 2344 1718 sed
2394 1679 2496 1719 nec
2543 1663 2677 1734 ipsa:
2733 1663 2901 1717 etiam
2966 1662 3328 1733 cOgitationes
3376 1673 3580 1717 nostra:

1991 1752 2161 1809 latere
2188 1771 2313 1811 eum
2343 1757 2575 1827 possint.
2612 1753 2783 1826 ,Quod
2810 1769 2941 1810 vero
2984 1756 3060 1809 ait
3087 1753 3255 1809 Deum
3294 1753 3572 1827 s’gillatim

1992 1846 2219 1904 ﬁnxisse
2246 1850 2414 1905 corda
2447 1865 2665 1914 eorum,
2691 1849 2836 1903 idem
2861 1858 2947 1902 est
2969 1863 3032 1902 ac
3053 1847 3099 1901 si
3122 1847 3347 1909 diceret.
3382 1845 3582 1902 iecisse

1917 1927 1959 1983 Β
1987 1951 2054 1992 ea
2100 1939 2270 1995 Deum
2318 1941 2644 2011 singularia,
2678 1956 2742 1996 ac
2790 1946 3043 2010 separata
3073 1954 3102 1992 a
3135 1938 3309 2002 vitiis,
3349 1947 3515 2007 atque
3548 1954 3578 1990 a

303 2035 620 2103 passionum
670 2031 930 2099 vinculis,
969 2032 1055 2090 vel
1100 2032 1268 2089 etiam
1317 2031 1629 2104 sigillatim,
1668 2031 1773 2088 hoc
1796 2037 1882 2088 est
1920 2037 2242 2103 separatim,
2277 2037 2347 2092 ab
2375 2037 2499 2093 aliis
2523 2035 2785 2092 nimirum
2827 2034 3188 2103 animalibus,
3261 2034 3422 2107 quasi
3487 2047 3582 2088 ra-

301 2124 618 2181 tiouabilia.

380 2216 614 2282 Συγιείς
645 2216 735 2282 εις
765 2213 966 2269 πάντα
1002 2214 1075 2269 τὰ
1127 2213 1273 2283 ἔργα
1301 2211 1523 2267 αὐτῶν.
1560 2211 1672 2265 Καὶ
1730 2208 1891 2264 τοῦτο

325 2309 594 2380 μέγιστον,
621 2310 708 2363 ὅτι
739 2307 869 2380 μηδ’
893 2306 1203 2378 αἰσθήσεως
1230 2305 1405 2360 δεῖται
1436 2305 1576 2376 πρὸς
1617 2304 1889 2376 κατανόη-

334 2419 420 2455 σιν
450 2402 555 2456 τῶν
583 2401 997 2472 πραττομένων,
1024 2400 1060 2471 ἦ
1109 2398 1448 2469 λεγομένων,
1484 2398 1519 2469 ἢ
1551 2397 1888 2468 νοουμένων,

327 2493 448 2548 ἀλλ’
472 2493 647 2557 ἁπλῶς
678 2491 936 2562 συνίησιν
968 2494 1029 2546 ὲν
1065 2493 1257 2546 πᾶσιν.

388 2584 474 2640 οὐ
505 2582 748 2645 σώζεται
806 2583 1113 2649 ,ϐασιλεὺς
1165 2582 1265 2637 διὰ
1319 2583 1564 2651 πολλὴν
1609 2582 1890 2652 δύναμιν,

307 2676 408 2731 καί
441 2677 609 2747 γίγας
636 2678 710 2730 οὐ
740 2676 1085 2743 σωθήσεται
1130 2675 1201 2731 ἐν
1256 2675 1474 2741 πλήθει
1530 2676 1742 2744 ἰσχύος
1786 2677 1895 2730 αὐ-

306 2769 438 2824 τοῦ.
468 2770 569 2823 Διὰ
601 2768 806 2840 πολλὴν
858 2767 1114 2838 δύναμιν,
1151 2769 1251 2840 τὴν
1291 2769 1350 2822 ὲν
1379 2768 1581 2839 πλήθει
1614 2784 1891 2838 στρατιω-

306 2860 440 2922 τῶν,
470 2861 567 2913 καὶ
596 2859 802 2924 ἵππων,
836 2858 934 2912 καὶ
961 2859 1163 2925 ὃπλων,
1191 2859 1286 2913 καὶ
1308 2857 1570 2913 πλούτου.
1619 2857 1787 2927 Γίγας
1812 2857 1891 2919 δὲ,

308 2953 338 3005 ὁ
370 2953 516 3006 κατὰ
553 2950 616 3005 τὸ
667 2952 828 3022 σῶμα
872 2937 1286 3021 γενναιότατος·
1311 2949 1453 3004 ὥστε
1489 2952 1544 3005 ετ
1570 2968 1653 3014 τις
1688 2949 1897 3003 τούτων

306 3042 536 3113 σωθείη,
590 3042 680 3096 διὰ
724 3042 884 3115 χάριν
947 3042 1082 3097 Θεοῦ
1133 3041 1392 3111 σώζεται,
1440 3041 1537 3097 καὶ
1585 3042 1645 3096 οὗ
1694 3041 1762 3097 δι’
1817 3042 1895 3096 οἰ-

307 3130 468 3183 κείαν
502 3130 639 3201 (15).

382 3397 630 3468 1τευὸὴς
654 3398 841 3464 ἵππος
863 3399 953 3464 είς
983 3399 1308 3467 σωτηρίαν.
1346 3375 1655 3462 Ἀὃέὄαιοςο
1699 3397 1896 3471 ἄδιψον

305 3490 442 3562 γὰρ,
473 3490 523 3542 εἰ
557 3489 725 3542 σώσει
760 3489 853 3542 τὸν
876 3486 1169 3561 ἐπιϐάτην.

292 3684 305 3687 “
386 3666 495 3721 Ἐν
520 3665 590 3719 δὲ
616 3665 836 3733 πλήθει
867 3665 1175 3737 δυνάμεως
1216 3668 1405 3724 αὐτοῦ
1434 3668 1507 3724 οὐ
1532 3669 1890 3737 σωθήσεται.

319 3759 381 3812 '0
409 3758 584 3821 ἵππος
603 3757 853 3827 δηλονότι
872 3773 888 3789 ⁸
920 3760 1033 3822 τοῖς
1058 3758 1168 3828 γὰρ
1197 3757 1658 3828 ἐπαριϐμηθεῐσιν
1679 3761 1706 3814 ὁ
1730 3761 1896 3814 Σενα-

307 3852 520 3922 χηρεὶμ
571 3849 991 3919 εὐθηνούμενος,
1037 3850 1191 3905 οὐδὲν
1222 3849 1459 3903 ἐνταῦθα
1491 3849 1770 3927 ἀπώνατο,
1795 3869 1896 3907 κα-

309 3946 406 4008 κὸς
438 3943 626 4007 κακῶς
641 3942 985 4013 διαφθαρείς.
1082 3990 1089 3995 .

379 4035 543 4091 Ἰδοὺ
594 4038 650 4089 οι
703 4035 997 4104 ὀφθαλμοὶ
1043 4036 1266 4104 Κυρίου
1305 4036 1403 4091 ἐπὶ
1437 4035 1575 4103 τοὺς
1608 4033 1898 4105 φοϐουμέ-

307 4145 465 4193 νους
514 4126 727 4191 αὐτὸν,
756 4126 901 4194 τοὺς
929 4128 1284 4196 ἐλπίζοντας
1336 4129 1434 4182 ἐπὶ
1471 4128 1537 4182 τὸ
1566 4128 1743 4193 ἕλεος
1787 4130 1895 4181 αὐ-

307 4219 447 4275 τοῦ.
483 4219 657 4273 Τοῦτο
712 4221 844 4291 περὶ
895 4221 1115 4275 πάντων
1142 4221 1252 4297 τῶν
1285 4220 1547 4275 τοιούτων
1568 4237 1582 4253 ·
1618 4237 1898 4293 προηγου-

311 4313 501 4380 μένως
536 4311 619 4379 δὲ,
665 4312 756 4366 διὰ
808 4314 937 4375 τοὺς
992 4312 1123 4382 περὶ
1177 4312 1463 4377 Ἐζεκίαν’
1516 4312 1749 4366 τοιοῦτοι
1788 4313 1898 4384 γὰρ

309 4400 485 4475 ἦσαν.
507 4399 645 4459 Εἶτα
666 4403 848 4476 τίθησι
874 4405 970 4459 καὶ
1000 4403 1103 4458 τὴν
1131 4404 1316 4458 αἰτίαν
1341 4405 1440 4475 τῆς
1471 4405 1772 4458 ἐποπτεία(
1811 4421 1826 4436 ο

410 4577 735 4634 Ρύσασθαι
764 4577 834 4630 ἐκ
866 4577 1128 4630 θανάτου
1152 4575 1261 4643 τὰς
1288 4577 1489 4647 ψυχὰς
1541 4569 1761 4633 αὐτῶν.
1790 4578 1897 4632 Τοῦ

308 4670 780 4742 προσδοκωμένου
808 4668 933 4724 καθ’
961 4670 1197 4741 ἡμέραν,
1246 4670 1320 4735 ὡς
1350 4672 1788 4743 προειρήκαμεν.
1826 4673 1897 4726 Τὸ

308 4761 586 4831 ἑσπέρας
616 4760 726 4832 γὰρ
756 4759 1200 4828 αὐλισθήσεται
1219 4761 1548 4831 κλαυθμός.

388 4940 502 4994 Kal
536 4938 856 5008 διαθρέψαι
884 4939 1110 5006 αὐτοὺς
1141 4940 1208 4995 ἐν
1236 4941 1411 5011 λιμῷ.
1443 4941 1532 5013 Τῷ
1553 4942 1662 4999 ἀπὸ
1684 4945 1785 5015 τῆς
1810 4962 1905 4999 πο-

316 5028 604 5102 λιορκίας·
632 5029 670 5083 ἃ
700 5030 879 5085 πάντα
930 5029 1244 5100 γεγόνασιν,
1279 5031 1354 5095 ὡς
1388 5034 1423 5103 ἡ
1461 5032 1572 5086 τῶν
1608 5034 1907 5089 Βασιλειῶν

314 5122 505 5194 βίόλος
537 5122 856 5193 ἑρμηνεύει.
1183 5142 1191 5150 “
1628 5128 1637 5135 ’

395 5214 465 5269 Ἡ
494 5214 568 5267 δὲ
587 5213 761 5283 ψυχὴ
791 5214 962 5283 ἡμῶν
991 5215 1288 5285 ὑπομενεῖ
1313 5214 1394 5282 τῷ
1415 5214 1633 5285 Κυρίῳ.
1663 5217 1775 5272 Καὶ
1805 5216 1905 5271 αῦ-

313 5304 402 5367 οις
437 5306 501 5359 ιν
552 5306 735 5378 καιρῷ
762 5307 1090 5379 πειρασμῶν
1118 5307 1513 5380 ὑπομενοῦμεν
1539 5312 1637 5362 ιιὺν
1660 5309 1870 5381 Κύριον
1888 5325 1905 5342 ο

312 5400 387 5453 δι’
412 5399 587 5453 αὐτὸν
637 5401 749 5470 γὰρ
803 5399 1117 5471 μισούμεθα
1167 5402 1320 5473 παρὰ
1367 5405 1484 5466 τοῖς
1555 5403 1910 5474 ὲτεροδόξοις.

311 5488 460 5547 Εἶτα
492 5492 593 5546 καὶ
613 5491 712 5564 τὴν
741 5493 925 5548 αἰτίαν
950 5497 1204 5567 ἐπήγαγε
1236 5497 1338 5566 τῆς
1377 5498 1676 5569 ὑπομονῆς.

393 5695 449 5730 ³³
472 5693 622 5751 Psal.
668 5712 824 5763 XXII,
863 5696 918 5755 6.

2066 2206 2172 2273 Qui
2200 2206 2448 2276 intelligit
2476 2207 2530 2260 in
2576 2204 2757 2260 omnia
2808 2220 2970 2274 opera
3015 2220 3219 2258 eorum.
3254 2203 3435 2273 Atque
3467 2203 3575 2258 hoc

1991 2298 2157 2354 etiam
2197 2310 2454 2367 magnum
2504 2307 2613 2362 est,
2664 2297 2808 2368 quod
2849 2297 3021 2352 nullis
3060 2295 3320 2350 sensibus
3375 2295 3584 2365 indiget

1994 2390 2139 2445 Deus
2158 2389 2221 2442 ad
2243 2389 2656 2460 percipiendum
2688 2403 2812 2457 quae
2841 2387 2978 2442 ltunt
3007 2398 3100 2441 aut
3118 2385 3451 2456 cogitantur,
3486 2383 3582 2439 scd

1995 2496 2153 2552 pure,
2191 2479 2536 2548 simpliciter,
2576 2493 2643 2533 ac
2670 2477 2887 2540 sincere
2922 2478 3107 2531 omnia
3160 2474 3435 2546 intelligit.

2066 2572 2234 2627 Vsus.
2269 2572 2358 2627 l6.
2392 2570 2518 2624 Non
2561 2570 2859 2625 salvabitur
2891 2585 2985 2624 rea:
3017 2570 3079 2623 ob
3125 2568 3351 2623 multam
3392 2578 3579 2638 potem.

1998 2666 2151 2727 tiam,
2185 2674 2237 2718 et
2269 2665 2416 2735 gigas
2437 2680 2540 2717 non
2569 2663 2866 2717 salvabitur
2896 2664 2952 2715 in
2988 2661 3333 2717 multitudine
3362 2661 3581 2730 fortitu-

1996 2757 2137 2810 dinis
2171 2772 2304 2810 sua’.
2342 2755 2425 2810 Ob
2454 2754 2681 2809 multam
2719 2753 3038 2821 potentiam,
3071 2753 3173 2807 hoc
3206 2761 3312 2816 est,
3346 2753 3417 2807 ob
3441 2750 3586 2805 tuiti-

2002 2855 2118 2901 tum
2182 2853 2276 2899 aut
2348 2861 2623 2919 equorum
2658 2844 2869 2913 copias,
2907 2858 3169 2913 armaque
3201 2851 3295 2896 aut
3329 2841 3579 2897 divitias.

1996 2939 2102 2994 Per
2141 2939 2423 3009 gigantem
2465 2951 2596 2991 vero
2637 2950 3022 3005 quemcunque
3058 2933 3347 2988 robustum
3404 2931 3585 2986 homi-

1998 3045 2122 3085 nem
2155 3028 2420 3097 intellige.
2450 3027 2543 3097 qui
2575 3040 2846 3097 generoso
2883 3040 2947 3078 ac
2980 3022 3265 3093 praestanti
3293 3023 3364 3077 sit
3387 3036 3582 3091 corpo-

1999 3139 2080 3178 re.
2122 3120 2291 3188 Quasi
2327 3120 2371 3175 si
2414 3118 2538 3188 quis
2579 3119 2810 3172 istorum
2845 3113 3146 3184 aliquando
3174 3114 3438 3176 salvatur,
3472 3126 3583 3165 non

2003 3215 2246 3286 propriis
2283 3211 2512 3276 viribus,
2537 3208 2631 3264 sed
2665 3207 2849 3263 divina
2884 3206 3061 3277 gratia
3097 3203 3333 3259 salutem
3369 3216 3584 3257 conse-

2002 3314 2242 3450 W321;
2281 3395 2370 3448 Π.
2425 3390 2628 3447 Fallax
2676 3405 2840 3460 equus
2894 3386 2963 3443 ad
3011 3386 3260 3441 salutem.
3307 3383 3584 3440 Instabilis

1917 3470 1963 3533 C
1996 3491 2207 3548 scilicet
2239 3503 2302 3543 ac
2330 3502 2436 3543 non
2469 3492 2638 3539 tutus.
2678 3483 2950 3536 incertum
2981 3478 3124 3532 enim
3148 3484 3254 3543 est,
3283 3491 3354 3530 an
3389 3490 3555 3530 ascen

1999 3598 2180 3641 sorem
2213 3595 2373 3636 suum
2416 3578 2732 3634 salvaturus
2765 3574 2837 3629 sit

2070 3673 2137 3729 In
2184 3667 2529 3725 multitudine
2574 3674 2751 3720 autem
2779 3663 3032 3735 potentia:
3062 3675 3174 3717 sua:
3199 3674 3304 3713 non
3340 3656 3579 3713 salvabi-

1999 3772 2110 3817 tur.
2139 3760 2328 3831 Equus
2355 3757 2592 3814 scilicet.
2628 3754 2784 3810 Unde
2825 3751 3209 3809 Scnnachcrib
3239 3749 3332 3819 qui
3367 3763 3581 3804 connu-

2002 3852 2230 3908 meratis
2265 3849 2478 3905 viribus
2500 3845 2840 3914 abundabat,
2884 3844 3019 3899 nihil
3059 3842 3185 3897 inde
3210 3841 3431 3912 adjutus
3454 3839 3580 3904 fuit,

1996 3938 2246 4016 quinimo
2275 3942 2455 3997 malus
2491 3940 2737 4009 perditus
2765 3945 2872 3992 est.

2069 4035 2237 4091 Vens.
2264 4034 2353 4087 18.
2381 4031 2515 4085 Ecce
2547 4029 2689 4085 oculi
2720 4026 2937 4082 Domini
2965 4040 3124 4095 super
3155 4024 3397 4077 timentes
3433 4034 3578 4083 eunt,

1998 4137 2050 4181 et
2100 4141 2260 4194 super
2302 4140 2391 4178 eos
2416 4123 2507 4193 qui
2549 4128 2764 4189 sperant
2797 4119 2852 4173 in
2889 4113 3254 4171 misericordia
3294 4112 3428 4182 ejus.
3456 4108 3585 4165 ﬂare

1998 4219 2068 4285 de
2089 4215 2348 4273 omnibus
2371 4214 2438 4271 iis
2462 4212 2553 4283 qui
2588 4212 2723 4266 tales
2744 4217 2906 4275 sunt,
2935 4209 2989 4263 in
3018 4206 3208 4281 primis
3230 4214 3412 4260 autem
3437 4202 3583 4258 dicta

2000 4318 2132 4368 sunt
2194 4318 2417 4381 propter
2466 4305 2754 4362 Ezecltiam
2825 4317 3006 4373 regem
3067 4307 3123 4355 et
3183 4297 3366 4354 socios
3404 4297 3586 4352 :talcs

1999 4405 2144 4460 enim
2183 4409 2361 4458 erant.
2390 4397 2596 4454 Deinde
2619 4411 2840 4452 causam
2868 4393 3064 4448 divinas
3092 4391 3260 4461 hujus
3290 4387 3588 4460 protectio-

2001 4497 2088 4552 nis
2132 4505 2292 4565 atque
2315 4491 2578 4547 custodia
2625 4488 2794 4556 addit,
2825 4486 3014 4542 dicens
3050 4501 3066 4541 :
3472 4561 3481 4572 .

2070 4585 2242 4642 Vens.
2298 4584 2388 4639 l9.
2441 4581 2511 4637 Ut
2563 4590 2713 4636 eruat
2746 4597 2779 4634 a
2826 4588 2995 4633 morte
3033 4577 3242 4631 animas
3289 4590 3493 4631 eorum.
3545 4576 3588 4628 A

2008 4684 2210 4743 marte,
2242 4677 2485 4747 inquam,
2510 4691 2632 4745 quae
2660 4681 2781 4744 post
2800 4672 2942 4727 diem
2977 4671 3133 4726 illum
3155 4669 3589 4739 exspectabitur.

1938 4808 1985 4865 ι)
2009 4782 2070 4829 ut
2106 4770 2478 4842 praediximus.
2506 4767 2586 4824 Ad
2607 4781 2871 4837 vesperum
2899 4765 3073 4829 enim,
3106 4761 3306 4833 inquit,
3346 4760 3596 4815 demora-

2011 4864 2152 4920 bilur
2176 4864 2334 4932 ﬂetus
2364 4862 2433 4913 ⁵³.

2035 5015 2056 5028 η
2085 4956 2153 5011 Et
2191 4955 2300 5010 alat
2337 4970 2424 5008 eos
2454 4954 2507 5007 in
2532 4949 2773 5023 {anteJn
2792 4947 2934 5003 fame
2954 4962 3077 5018 qua:
3102 4953 3324 5017 propter
3349 4941 3595 4999 obsidio-

2012 5064 2138 5105 nem
2198 5054 2421 5102 causata
2466 5053 2570 5098 est.
2622 5040 2754 5107 Quae
2785 5037 2972 5094 omnia
3004 5037 3300 5093 subsecuta
3332 5039 3487 5097 sunt,
3534 5039 3595 5083 ut

2012 5143 2067 5197 in
2106 5139 2264 5194 libris
2286 5137 2497 5206 Regum
2533 5133 2789 5187 traditur.

2081 5230 2253 5285 Vsus.
2280 5227 2377 5282 20.
2428 5225 2618 5280 Anima
2668 5229 2852 5278 nostra
2895 5217 3179 5274 sustinebit
3223 5215 3472 5269 Domino.
3529 5211 3593 5264 Et

2012 5338 2257 5386 rursum,
2280 5319 2477 5390 inquit,
2518 5319 2573 5373 in
2610 5314 2971 5372 tentationum
3012 5319 3257 5379 tempore
3296 5304 3597 5360 sustinebi-

1997 5429 2138 5470 mus
2164 5412 2402 5468 Domino
2432 5426 2449 5472 ;
2478 5409 2533 5464 id
2583 5416 2692 5474 est,
2716 5406 2772 5460 in
2803 5403 3033 5474 gratiam
3072 5397 3312 5459 Doinini,
3346 5412 3442 5450 seu
3470 5411 3595 5466 pro-

2016 5516 2138 5575 pter
2168 5505 2460 5560 Dominum
2488 5510 2711 5571 propter
2736 5509 2896 5566 quem
2920 5490 3161 5546 oderunt
3187 5503 3287 5542 nos
3321 5486 3591 5541 inﬁdeles.

2018 5594 2226 5651 Deinde
2247 5589 2688 5658 longanimitatis
2721 5600 2787 5640 ac
2827 5579 3108 5653 patientiae
3138 5594 3362 5636 causam
3404 5579 3592 5636 infert.

1684 5772 1879 5836 Varie?
1909 5773 2236 5840 lectiones.

396 5863 510 5938 (l2)
534 5866 619 5923 Ia.
646 5866 1090 5938 κεχωρισμένας,
1122 5876 1180 5923 ιιι
1203 5866 1258 5924 in
1286 5867 1394 5924 alio
1413 5867 1639 5928 Codice.

2067 5873 2180 5946 (15)
2200 5867 2444 5935 Subaudi
2468 5867 2720 5943 δύναμιν.
2750 5864 2837 5923 Al.
2867 5864 3107 5936 ἐκείνην.
