4078 6416
530 449 641 514 373

536 660 686 713 enim
720 659 876 716 nobis
900 660 1101 715 adsunt
1124 660 1355 731 judicia,
1384 665 1457 719 ob
1490 682 1610 736 quae
1636 669 1773 724 certi
1805 669 2108 736 reddimur,

536 756 682 823 quod
712 754 853 808 inter
887 756 1128 825 pericula
1170 759 1330 813 nobis
1357 775 1511 828 opem
1544 760 1696 817 feret.

611 843 774 900 Vens.
831 846 922 904 2|.
969 846 1105 913 Quia
1150 852 1205 903 in
1245 852 1356 920 ipso
1397 854 1668 908 la'tabitur
1706 874 1797 911 cor
1846 866 2109 914 nostrum.

536 934 968 1003 Sustinebimus,
1007 940 1203 1009 inquit,
1236 943 1361 1011 quia
1400 944 1660 1001 Dominus
1686 948 1906 1017 adjutor
1928 959 2113 1006 noster

532 1034 638 1087 cst,
665 1027 793 1094 quia
830 1044 928 1097 per
959 1028 1136 1098 ipsum
1166 1030 1473 1089 laatahimur
1504 1052 1625 1091 cum
1651 1038 1965 1097 vicerimus.

602 1117 671 1170 Et
706 1118 760 1171 in
800 1122 1012 1176 nomine
1037 1135 1221 1179 sancto
1258 1126 1372 1196 ejus
1418 1134 1765 1199 speravimus.
1805 1163 1875 1173 --
1917 1133 1984 1188 In
2012 1152 2110 1190 no-

531 1208 671 1261 mine
698 1221 883 1266 sancto
905 1212 1037 1283 ejus.
1073 1217 1561 1290 circumloquendo
1580 1222 1736 1289 dixit,
1769 1240 1890 1295 pro,
1914 1229 1967 1281 in
1988 1229 2108 1300 ipso

530 1299 785 1368 Domino,
811 1307 896 1360 vel
929 1307 987 1362 in
1022 1311 1368 1369 invocatione
1394 1317 1632 1371 nominis
1669 1320 1812 1389 ejus,
1869 1338 1991 1392 quae
2022 1325 2105 1379 vel

530 1393 588 1449 in
616 1393 795 1466 fugam
832 1409 1009 1467 potest
1044 1401 1297 1461 inimicos
1332 1418 1677 1466 convertere.
1718 1412 1958 1471 Possunt
1993 1418 2108 1473 haec

528 1491 695 1543 etiam
722 1490 953 1562 intelligi
982 1494 1049 1550 de
1075 1495 1430 1566 Christianis,
1490 1505 1583 1574 qui
1617 1506 1866 1563 victuros
1895 1524 1955 1564 se
1984 1527 2109 1581 spc-

526 1589 675 1645 rant,
709 1585 927 1653 quoties
958 1587 1046 1641 vel
1079 1604 1275 1646 nomen
1306 1589 1433 1648 Jesu
1466 1598 1772 1654 nominant.
1827 1600 1993 1658 Multa
2025 1614 2108 1660 et-

526 1675 671 1727 enim
710 1678 971 1735 miracula
1025 1683 1198 1738 solum
1240 1685 1292 1740 id
1325 1696 1947 1754 nomen,tantummodo
1980 1714 2107 1767 pro-

526 1761 721 1828 latum,
755 1770 1008 1837 perfecit,
1066 1776 1227 1843 quale
1279 1778 1411 1833 illud
1447 1790 1529 1835 est
1560 1801 1573 1835 :
1612 1781 1679 1837 In
1711 1789 1925 1843 nomine
1973 1790 2104 1847 Iesu

1766 462 2115 527 EUTHYMI
2128 463 2158 523 Ι
2197 465 2561 531 ZlGABENI

606 567 875 633 Quoniam
915 566 1135 637 adjutor
1182 576 1233 623 et
1276 544 1557 638 protector,
1597 582 1776 628 noster
1808 584 1909 629 est.
1945 574 2114 629 Multa
2145 572 2190 627 Α

2291 576 2419 631 Ὀτι
2462 577 2695 648 ,βοηθὸς
2741 578 2842 633 καὶ
2889 580 3354 650 ὑπερασπιστὴς
3413 585 3584 655 ἡμῶν
3637 588 3797 644 ἐστι.

2216 670 2770 743 Πεπληροφορήμεθα
2808 675 2918 747 γὰρ
2953 676 3015 728 ἐκ
3044 674 3280 741 πολλῶν,
3316 678 3466 743 ὅπως
3492 682 3627 752 ἡμῖν
3662 683 3801 755 βοη-

2215 759 2317 814 θεῖ.

2287 850 2417 905 Ὄτι
2451 850 2521 904 ἐν
2547 851 2711 919 αὐτῷ
2755 855 3239 924 εὐφρανθήσεται
3261 858 3299 927 ἡ
3338 859 3552 930 καρδία
3600 862 3795 931 ἡμῶν.

2224 941 2663 1015 ’Υπομενοῦμεν,
2695 946 2884 1017 φησὶν,
2913 949 2997 1003 ὄτι
3045 950 3243 1020 βοηθὸς
3292 954 3427 1024 ἡμῖν
3457 957 3606 1009 ἐστιν
3634 958 3661 1009 ὁ
3681 956 3797 1011 Κύ-
3852 998 3857 1007 λ

2215 1049 2352 1103 ριος,
2390 1036 2472 1089 ὅτι
2506 1038 2579 1091 δι’
2606 1037 2773 1092 αὐτοῦ
2813 1040 3312 1113 εὐφρανθησόμεθα
3334 1046 3684 1114 νικήσαντες.
3848 1102 3857 1111 ,

2284 1128 2390 1181 Καὶ
2420 1129 2490 1183 ἐν
2525 1130 2606 1197 τῷ
2625 1133 2879 1202 ’ὀνόματι
2914 1132 2994 1199 τῷ
3025 1136 3170 1205 ἁγίῳ
3200 1135 3388 1189 αὐτοῦ
3418 1138 3794 1208 ἠλπίσαμεν.
3856 1150 3864 1156 ’

2215 1219 2689 1291 Περιφραστικῶς,
2743 1226 2867 1279 ἀντὶ
2916 1225 3032 1289 τοῦ,
3090 1228 3148 1279 ὲν
3177 1226 3348 1297 αὐτῷ,
3408 1228 3442 1298 ἢ
3482 1230 3539 1282 ὲν
3566 1232 3632 1301 τῇ
3676 1233 3799 1286 ἐπι-

2211 1309 2456 1378 φωνήσει
2506 1311 2603 1363 τοῦ
2662 1312 2931 1384 ὀνόματος
3001 1316 3190 1382 αὐτοῦ,
3232 1317 3507 1390 δυναμένῃ
3569 1320 3796 1388 τρέπειν

2208 1401 2336 1464 τοὺς
2366 1402 2617 1472 ἐχθρούς.
2653 1405 2846 1459 Νοοῖτο
2878 1404 2925 1461 δ’
2950 1406 3018 1462 ἂν
3048 1407 3207 1461 τοῦτο
3244 1407 3346 1462 καῖ
3371 1410 3499 1479 περὶ
3523 1412 3791 1483 Χριστια-

2208 1492 2334 1557 νῶν,
2364 1494 2413 1547 οἳ
2442 1495 2724 1560 ἐλπίζουσι
2751 1499 2911 1569 νικᾷν
2948 1500 3006 1553 ὲν
3040 1499 3119 1571 τῷ
3145 1500 3510 1572 ὀνομάζεσθαι
3541 1504 3620 1576 τῷ
3666 1507 3794 1559 ὀνό-

2212 1603 2343 1657 ματι
2375 1587 2470 1640 τοῦ
2510 1589 2751 1659 Χριστοῦ
2779 1608 2792 1622 ⁸
2828 1592 2999 1647 πολλὰ
3043 1593 3154 1663 γὰρ
3210 1595 3475 1665 τεράστια
3524 1597 3585 1651 τὸ
3615 1598 3795 1669 ὄνομα

2206 1676 2373 1731 τοῦτο
2407 1679 2572 1748 μόνον
2622 1682 3030 1754 ὀνομαζόμενον
3060 1687 3309 1760 ἐποίησε,
3342 1692 3439 1744 καὶ
3464 1693 3644 1745 ποιεῖ·
3685 1693 3795 1746 Ἐν

2206 1766 2288 1833 τῷ
2321 1769 2567 1841 ὀνόματι
2595 1772 2702 1844 γὰρ
2737 1773 2848 1829 τοῦ
2871 1777 3134 1844 Χριστοῦ
3157 1778 3419 1847 ἀνάστα,
3455 1781 3551 1833 καὶ
3583 1783 3655 1836 τὰ
3678 1800 3798 1835 τοι·

526 1854 729 1913 Christi
762 1879 919 1930 surge
943 1872 991 1918 et
1028 1867 1246 1922 ambula
1271 1869 1339 1936 “,
1416 1882 1581 1941 atque
1620 1876 1725 1931 alia
1758 1878 2099 1947 hujusmodi.
2137 1907 2179 1965 Β
2206 1862 2369 1965 αὔτα)

596 1947 766 2009 VEns.
814 1955 909 2013 2‘2.
964 1955 1112 2023 Fiat,
1138 1963 1383 2029 Domine,
1411 1969 1770 2024 misericordia
1816 1983 1906 2027 tua
1947 1993 2105 2046 super

527 2057 624 2096 nos
652 2049 1098 2113 quemadmodum
1134 2056 1457 2120 speravimus
1487 2061 1539 2114 in
1567 2070 1630 2115 te.
1663 2061 1755 2118 Sic
1784 2064 1873 2119 fiat
1912 2078 1966 2120 ut
2001 2083 2102 2125 nos

527 2137 898 2200 speravimus.
961 2140 1317 2210 Speravimus
1370 2158 1549 2205 autem
1611 2168 1775 2222 quam
1841 2159 2115 2216 maxime.»

530 2224 761 2283 Maxima
798 2234 905 2287 erit
946 2234 1129 2306 itaque
1154 2250 1205 2294 et
1236 2248 1329 2294 tua
1364 2242 1762 2301 misericordia.

524 2317 774 2377 Psalmus
819 2326 925 2392 ipsi
970 2327 1138 2384 David
1179 2332 1391 2400 quando
1434 2338 1655 2391 mutavit
1708 2339 1902 2407 faciem
1946 2358 2101 2397 suam

688 2431 867 2471 coram
893 2420 1214 2485 Abimeleclt,
1243 2433 1292 2478 et
1323 2424 1528 2480 dimisit
1551 2445 1693 2495 eum,
1714 2439 1762 2484 et
1789 2432 1941 2486 abiit.

1005 2600 1281 2661 PSALMU
1295 2605 1332 2662 S
1370 2607 1616 2666 XXXIII.

597 2686 770 2745 David
806 2689 1023 2763 fugiens
1057 2696 1277 2754 Saulem
1310 2702 1461 2756 venit
1498 2704 1553 2758 in
1583 2703 1791 2761 Nomba
1821 2708 2101 2767 civitatem

527 2780 904 2844 sacerdotum,
938 2793 991 2839 et
1014 2786 1232 2842 obviam
1263 2788 1443 2848 factus
1474 2794 1851 2865 Achimelech,
1888 2802 1979 2871 qui
2015 2803 2104 2858 in-

525 2876 611 2923 ter
660 2870 785 2928 illos
833 2873 1101 2947 dignitate
1155 2881 1482 2949 excellebat,
1549 2886 1706 2943 finxit
1756 2906 1816 2947 se
1870 2896 2100 2951 missum

524 2960 699 3019 fuisse
727 2980 757 3020 a
793 2964 959 3022 Saule
982 2969 1048 3023 ad
1084 2981 1296 3027 certum
1321 2979 1624 3048 negotium,
1653 2984 1919 3055 petiitque
1944 2989 2012 3044 ab
2032 3006 2098 3046 eo

524 3068 694 3124 panes
762 3066 817 3113 et
844 3057 1087 3130 gladium
1119 3082 1133 3117 :
1165 3080 1405 3136 cumque
1461 3073 1645 3130 nullos
1683 3076 1824 3132 alios
1856 3079 2102 3138 invenis-

518 3155 622 3209 set.
674 3164 844 3218 panes
896 3156 1295 3224 propositionis
1357 3164 1588 3231 accepit,
1622 3182 1762 3235 quos
1811 3186 1920 3225 una
1976 3189 2101 3230 cum

517 3236 691 3291 sociis
727 3237 873 3296 fame
911 3241 1183 3314 impulsus
1249 3252 1527 3317 comedit,
1564 3264 1731 3326 atque
1760 3258 1864 3315 hoc
1906 3272 2104 3331 praater

516 3328 714 3399 legem.
749 3331 893 3390 Solis
927 3338 1075 3391 enim
1121 3343 1506 3401 sacerdotibus
1537 3362 1633 3404 eos
1674 3351 1838 3407 edere
1863 3328 2091 3412 licebat.

517 3422 747 3492 Accepit
780 3426 944 3481 etiam
980 3437 1036 3484 et
1090 3431 1305 3488 hastam
1343 3436 1589 3504 Goliath,
1626 3458 1749 3512 qute
1780 3445 1893 3502 illic
1919 3450 2103 3506 obser-

518 3515 757 3571 vabatur
791 3519 843 3573 in
880 3523 1197 3591 anathema,
1231 3528 1335 3583 hoc
1367 3538 1452 3585 est
1479 3570 1495 3596 ,
1530 3535 1587 3587 in
1618 3536 1951 3597 oblationem
1990 3544 2101 3602 Do-

517 3605 691 3661 mino.
727 3607 928 3668 Exiens
959 3624 1141 3670 autem
1178 3619 1352 3687 illinc,
1392 3625 1678 3692 profectus
1709 3641 1796 3686 est
1828 3634 1892 3688 ad
1932 3636 2099 3695 Achis

518 3692 864 3754 Philistaeum
920 3719 1105 3771 regem
1139 3708 1310 3778 Geth;
1362 3728 1604 3786 cumque
1641 3717 1938 3785 familiares
1978 3728 2104 3795 qui-

520 3787 647 3841 dam
682 3794 827 3862 regis
884 3811 1007 3851 eum
1051 3802 1457 3873 cognovissent,
1505 3817 1558 3863 et
1604 3813 1793 3869 nescio
1835 3816 1967 3885 quid
2008 3834 2101 3874 su-

518 3892 855 3945 surrasscnt,
918 3889 1116 3946 timore
1181 3905 1505 3965 correptus,
1582 3902 1739 3958 ﬁnxit
1812 3907 2094 3965 insanum.

517 3970 1029 4034 Cit‘cumfcrebatur
1059 3993 1244 4040 autem
1272 4029 1286 4052 ,
1321 3997 1375 4044 et
1409 3995 1645 4063 strepitu
1700 3996 1844 4055 fores
1888 4016 2098 4058 concu-

519 4062 724 4134 tiebat;
756 4069 1034 4130 deﬂuebat
1075 4088 1258 4134 autem
1303 4082 1357 4137 in
1390 4062 1619 4142 barbam
1652 4104 1847 4159 spuma
1884 4094 1953 4149 ab
1975 4096 2097 4165 ejus

515 4171 635 4212 ore.
674 4158 1045 4225 Quamobrem
1090 4184 1251 4227 sacro
1292 4189 1419 4229 cum
1454 4178 1648 4233 morbo
1679 4183 1884 4253 corripi
1937 4194 2098 4257 puta-

513 4263 736 4320 verunt,
771 4266 940 4328 atque
978 4261 1081 4319 hoc
1138 4278 1299 4334 pacto
1332 4269 1599 4328 dimissus
1632 4290 1697 4330 ac
1727 4282 1968 4334 salvatus
1988 4291 2095 4336 est.

2279 1962 2547 2025 Γένοιτο,
2586 1965 2787 2031 Κύριε,
2858 1964 2927 2019 τὸ
2963 1966 3137 2033 ἔλεός
3177 1983 3297 2022 σου
3323 1967 3418 2036 ἐφ’
3445 1967 3626 2038 ἡμᾶς.
3653 1972 3796 2024 καθ-

2205 2049 2360 2121 άπερ
2389 2053 2742 2121 ἠλπίσαμεν
2790 2054 2891 2109 ἐπὶ
2928 2057 3024 2111 σέ.
3057 2056 3274 2111 Γένοιτο
3296 2058 3491 2123 οὕτως,
3525 2061 3601 2123 ὡς
3630 2063 3798 2131 ἡμεῖς

2206 2143 2899 2217 ἠλπίσαμενοήλπίσαμεν
2944 2148 3003 2202 δὲ
3056 2149 3312 2222 θερμῶς·
3349 2152 3485 2205 πολὺ
3550 2148 3643 2208 οὖν
3697 2156 3799 2223 γέ-

2204 2252 2368 2289 νοιτο.

2212 2329 2461 2398 Ψαλμός
2494 2328 2576 2397 τῷ
2610 2332 2792 2387 Δαόὶδ
2824 2334 3006 2388 ὁπότε
3062 2334 3410 2401 ἠλλοῖωσεν
3467 2338 3536 2391 τὸ
3597 2339 3795 2406 πρόσ-

2277 2437 2444 2474 ωπον
2461 2422 2651 2477 αὑτοῦ
2679 2423 2963 2480 ἐναντίον
2976 2426 3289 2497 Ἀὄιμέλεχ
3346 2429 3445 2485 καὶ
3475 2430 3798 2489 ἀπέλυσεν

2276 2512 2486 2581 αὐτὸν,
2515 2515 2613 2569 καὶ
2645 2516 2908 2583 ἀπῆλθε.

2759 2610 3055 2665 ΨᾹΛΜΟΣ
3092 2612 3194 2666 AI"

2278 2699 2504 2769 Φεύγων
2540 2701 2709 2756 Δαὸὶδ
2742 2702 2833 2756 τὸν
2868 2704 3065 2769 Σαοὺλ,
3106 2700 3239 2775 ἦλθε
3282 2704 3365 2771 εἰς
3393 2706 3589 2778 Νομὸἁ
3626 2707 3789 2764 πόλιν

2204 2790 2315 2846 τῶν
2348 2793 2543 2865 ἱερέων
2567 2810 2581 2822 ⁸
2608 2793 2704 2847 καὶ
2734 2794 2977 2864 ἐντυχὼν
3017 2795 3314 2869 Ἀϐιμέλεχ
3348 2797 3426 2869 τῷ
3459 2801 3797 2875 ὲντιμοτέρῳ

2205 2884 2408 2947 αὐτῶν,
2430 2887 2875 2958 προσεποιήσατο
2899 2888 3053 2958 παρὰ
3082 2888 3255 2943 Σαοὺλ
3280 2891 3659 2961 ἀποσταλῆναι
3698 2895 3797 2949 ὲπί

2206 2995 2331 3032 τινα
2354 2979 2565 3050 χρείαν,
2588 2979 2685 3033 καὶ
2712 2978 2979 3051 ἐζήτησεν
3015 2980 3215 3051 ἄρτους
3249 2988 3340 3037 καὶ
3368 2986 3672 3055 ῥομφαίανο
3694 2991 3798 3042 καὶ

2211 3070 2286 3142 μὴ
2314 3071 2494 3140 εὑρὼν
2523 3071 2718 3138 ἄλλους
2741 3112 2755 3136 ,
2802 3073 2964 3127 ἔλαϐε
2995 3074 3125 3137 τοὺς
3179 3075 3279 3146 τῆς
3319 3077 3657 3149 προθέσεως,
3698 3084 3800 3136 xui.

2206 3165 2412 3234 ἔφαγεν
2460 3166 2624 3229 αὐτὸς
2671 3166 2766 3219 καὶ
2796 3168 2844 3220 οἱ
2916 3166 3037 3236 μετ’
3068 3167 3235 3222 αὐτοῦ
3278 3170 3367 3222 διὰ
3408 3171 3508 3242 τὴν
3540 3173 3798 3244 ἀνάγκην

2203 3256 2300 3310 τοῦ
2330 3257 2518 3327 λιμοῦ,
2538 3258 2689 3329 παρὰ
2723 3258 2815 3312 τὸν
2839 3259 3034 3329 νόμον·
3075 3262 3190 3324 τοῖς
3221 3262 3332 3335 γὰρ
3370 3263 3575 3333 ἱερεῦσι
3603 3267 3798 3336 μόνοις

2204 3350 2644 3419 ἅπονενέμηντο.
2677 3348 2786 3403 Ναὶ
2816 3350 2944 3421 μὴν,
2974 3352 3169 3422 εἴληφε
3201 3354 3383 3409 καὶτὸ
3420 3355 3547 3426 δόρυ
3593 3358 3795 3414 Γολιὰθ

2206 3441 2324 3492 ἐκεῖ
2348 3441 2781 3510 φυλαττόμενον,
2809 3443 2892 3505 εἰς
2920 3444 3184 3514 ἀνάθημα
3219 3444 3296 3514 τῷ
3324 3448 3533 3519 Κυρίῳ.
3559 3450 3669 3503 Καὶ
3702 3451 3801 3518 ἐξ-

2204 3531 2396 3597 ελθὼν,
2419 3532 2634 3603 ἀπῆλθε
2669 3533 2804 3602 πρὸς
2833 3533 2926 3587 τὸν
2957 3535 3258 3605 ἀλλόφυλον
3302 3536 3525 3608 ’Λχοὺς,
3548 3543 3642 3595 τὸν
3686 3543 3791 3597 Γὲθ

2208 3624 2594 3695 βασιλεύοντα·
2628 3627 2740 3680 τῶν
2779 3628 2835 3680 δὲ
2862 3628 2991 3700 περὶ
3022 3630 3112 3685 τὸν
3146 3631 3339 3701 Ἀχοὺς
3368 3634 3794 3705 ἀναγνωρισάν-

2204 3735 2314 3771 των
2348 3718 2534 3784 αὑτὸν,
2572 3720 2667 3773 καὶ
2695 3719 3232 3792 ὑποψιθυριζόντων,
3278 3724 3578 3790 δειλιάσας,
3608 3746 3790 3797 προσ-

2204 3811 2503 3880 εποιὴσατο
2530 3806 2843 3880 μαίνεσθαι,
2875 3813 2970 3867 καὶ
3009 3815 3455 3886 παραφέρεσθαι,
3488 3819 3583 3871 καὶ
3614 3820 3792 3890 ἐτυμ-

2203 3902 2430 3965 πάνιζεν
2455 3903 2549 3956 ἐπὶ
2578 3905 2700 3967 ταῖς
2751 3904 3103 3984 θύραιςηκαὶ
3132 3907 3353 3973 ἔπιπτε,
3400 3911 3494 3963 καὶ
3521 3911 3591 3965 τὰ
3631 3914 3792 3967 σὶελοι

2204 3996 2467 4066 κατέρρει
2498 3995 2594 4048 τοῦ
2629 3996 2901 4065 στόματος
2930 3997 3045 4068 (14)
3090 4000 3282 4061 αὑτοῦ,
3311 4002 3405 4055 καὶ
3444 4002 3588 4059 οὕτω
3626 4006 3791 4073 δόξας

2201 4087 2523 4159 ἐπίληπτος,
2557 4088 2826 4159 ἀπελύθη,
2860 4090 2958 4143 καὶ
3016 4091 3250 4164 διεσώθη
3294 4093 3529 4151 ἐκεῖθεν.
3581 4097 3646 4151 Ἦ
3680 4100 3787 4169 μὲν

2204 4180 2439 4251 ἱστορία,
2472 4181 2723 4251 τοιαύτη.
2773 4182 3138 4253 Ὀνομάζουσι
3171 4184 3229 4238 δέ
3283 4203 3431 4251 τινες
3470 4189 3791 4263 Ἀϐιμέλεχ,

2200 4274 2293 4329 τὸν
2334 4275 2624 4347 Ἀχιμέλεχ
2659 4274 2807 4346 (15),
2866 4276 2941 4339 ὡς
3001 4277 3296 4348 διώνυμον,
3350 4280 3449 4336 καὶ
3495 4282 3794 4338 ἀλλοίωσιν

516 4338 757 4401 Historia
789 4350 1010 4419 quidem
1052 4354 1368 4424 hujusmodi
1408 4374 1516 4418 est.
1564 4365 1630 4419 Et
1686 4370 1908 4437 quidam
1964 4373 2097 4428 Abi-

2206 4365 2505 4437 προσώπου
2552 4364 2782 4419 καλοῦσι
2830 4366 2929 4438 τὴν
2964 4368 3258 4440 ὑπόκρισιν
3287 4370 3384 4425 τοῦ
3421 4374 3747 4444 πράγματος
3769 4392 3788 4408 ⁶

518 4436 728 4491 melech
762 4443 1017 4497 eumdem
1051 4460 1173 4501 esse
1206 4450 1572 4521 existimant,
1601 4436 1763 4526 quem
1795 4476 1962 4532 supra
2002 4480 2100 4535 ap-

517 4527 846 4593 pellavimus
879 4533 1233 4594 Achimelcch
1257 4581 1271 4604 ,
1301 4543 1624 4611 primarium
1666 4550 1809 4606 inter
1838 4557 2100 4611 sacerdo-

517 4627 622 4686 tes,
679 4638 918 4694 eumque
945 4629 1146 4698 gemini
1208 4632 1381 4691 fuisse
1434 4641 1677 4698 nominis
1708 4643 2001 4713 afﬁrmant,
2043 4659 2098 4705 et

517 4728 613 4781 per
642 4717 1001 4775 mutationem
1036 4722 1199 4780 faciei
1236 4725 1403 4783 David
1433 4769 1448 4793 ,
1488 4731 1767 4792 fictionem
1803 4739 1955 4795 illam
1997 4758 2096 4798 ne-

517 4806 655 4875 gotii
688 4807 1030 4881 intelligunt,
1066 4817 1134 4871 ad
1166 4817 1314 4890 Quod
1347 4838 1408 4879 se
1436 4826 1668 4883 missum
1700 4846 1826 4887 esse
1878 4833 2097 4890 dixerat

515 4911 547 4951 a
597 4897 752 4964 Saul,
784 4903 984 4961 timens
1012 4923 1081 4964 ne
1112 4910 1159 4966 si
1190 4912 1312 4981 ejus
1346 4915 1470 4985 fuga
1505 4933 1534 4972 a
1572 4923 1957 4980 sacerdotibus
1997 4943 2091 4982 co-

517 4990 668 5057 gnita
693 4991 912 5064 fuisset,
956 5000 1067 5071 regi
1122 5002 1175 5057 id
1229 5005 1481 5064 fortassis
1510 5010 1713 5067 deferri
1746 5023 1957 5085 posset.
1994 5017 2101 5073 Ve-

515 5094 638 5131 rum
679 5081 810 5137 licet
846 5090 1218 5149 concedamus
1247 5100 1593 5155 sacerdotem
1619 5102 1972 5161 Achimclech
2004 5123 2100 5179 ge-

515 5171 649 5227 mini
689 5174 858 5234 fuisse
887 5185 1152 5248 nominis,
1187 5187 1398 5260 Regum
1430 5201 1614 5249 tamen
1649 5195 1880 5253 historia
1906 5214 2095 5256 coram

511 5259 679 5320 Achis
715 5274 931 5326 tantum
975 5285 1222 5334 mutasse
1269 5259 1394 5335 eum
1428 5281 1627 5337 faciem
1658 5288 1846 5356 tradit,
1889 5298 1945 5345 ct
1982 5307 2093 5347 non

516 5370 704 5411 coram
738 5361 1122 5423 Achimelech.
1155 5369 1310 5427 Unde
1340 5374 1407 5429 ad
1442 5379 1732 5445 praesentis
1774 5382 2095 5453 inscriptio-

514 5448 604 5505 nis
630 5450 1075 5531 intelligentiam,
1105 5463 1335 5536 Magnus
1363 5467 1601 5526 Basilius
1642 5448 2096 5533 animadverten-

578 5641 626 5673 “
652 5644 775 5699 Act.
796 5661 877 5711 ιιι,
900 5646 957 5703 8.

2200 4459 2421 4528 φεύγων
2467 4457 2617 4528 γὰρ’,
2678 4458 2958 4512 ἐπλάσατο
3023 4460 3401 4531 ἀποσταλῆναι
3460 4465 3597 4535 πρός
3659 4483 3794 4519 τινα

2198 4548 2410 4619 χρείαν,
2437 4549 2527 4603 ἵνα
2557 4548 2633 4620 μὴ
2663 4548 2960 4621 φωραθεὶς,
2990 4551 3357 4622 κατανοηθεῐη
3394 4554 3528 4624 (16).
3554 4554 3701 4625 Πλὴν
3734 4558 3793 4610 si

2196 4643 2292 4695 καὶ
2326 4641 2508 4712 δῶμεν
2546 4641 2819 4712 διώνυμον
2851 4638 2992 4697 εἶναι
3037 4645 3129 4698 τὸν
3172 4645 3466 4718 ’Δὸιμέλεχ
3491 4688 3506 4712 ,
3540 4648 3657 4703 ἀλλ’
3690 4646 3793 4705 οὖν

2194 4737 2228 4804 ἡ
2262 4734 2369 4788 τῶν
2404 4735 2703 4790 Βασιλειῶν
2731 4735 2913 4807 βίὸλος
2974 4738 3128 4809 παρὰ
3177 4740 3323 4809 μόνῳ
3349 4740 3429 4808 τῷ
3464 4741 3652 4811 ’Δχοὺς
3686 4743 3799 4811 ὴλ-

2196 4829 2487 4884 λοιωκέναι
2515 4830 2578 4884 τὸ
2608 4831 2906 4902 πρόσωπον
2936 4831 3104 4887 αὐτοῦ
3136 4834 3227 4886 τὸν
3257 4834 3423 4887 Δαὸὶδ
3447 4836 3789 4906 ἀναγράφει,

2199 4920 2294 4974 καὶ
2326 4921 2387 4975 ού
2418 4921 2572 4991 παρὰ
2611 4921 2688 4991 τῷ
2724 4921 3034 4993 Ἀϐιμέλεχ.
3068 4924 3159 4976 Διό
3188 4942 3357 4995 φησιν
3400 4926 3430 4978 ὁ
3476 4926 3649 4996 μέγας
3681 4929 3792 4982 Βα-

2201 5013 2423 5078 σίλειος,
2454 5013 2622 5068 ὅτιτὸ
2662 5014 2949 5085 Ἀϐιμέλεχ
3015 5015 3189 5086 ὄνομα
3214 5017 3395 5071 κοινὸν
3436 5013 3506 5090 ἦν
3550 5018 3658 5072 τῶν
3689 5020 3788 5090 βα-

2202 5104 2401 5159 σιλέων
2446 5105 2546 5175 τῆς
2577 5105 2701 5171 Γὲθ,
2750 5106 2825 5169 ὡς
2857 5109 2949 5160 καὶ
2995 5108 3147 5178 παρᾶ
3188 5110 3487 5179 Ῥωμαίοις
3517 5112 3687 5166 πάλαι
3724 5114 3790 5168 τὸ

2200 5200 2446 5269 Καῖσαρ,
2475 5200 2571 5252 καὶ
2606 5198 2668 5251 τὸ
2700 5198 3035 5266 Αὔγουστος,
3066 5201 3166 5253 καὶ
3203 5202 3338 5271 παρ’
3362 5202 3685 5269 Αἰγυπτίοις
3724 5205 3790 5259 τὸ

2202 5290 2426 5360 Φαραὼ,
2453 5293 2545 5344 καὶ
2574 5290 2642 5344 τὰ
2673 5291 2919 5345 τοιαῦτα.
2946 5293 3112 5346 Ὥστε
3146 5294 3326 5346 κοινὸν
3364 5295 3463 5364 μὲν
3502 5295 3789 5364 βασιλικὸν

2203 5382 2353 5455 εἶχεν
2388 5387 2417 5437 ὁ
2450 5386 2647 5454 ’Λχοὺς
2682 5386 2877 5454 ὄνομα,
2909 5385 2970 5438 τὸ
3009 5385 3336 5457 Ἀϐιμέλεχο
3372 5388 3664 5441 ἱδιαίτατον
3702 5388 3785 5451 δὲ,

2202 5479 2262 5533 τὸ
2303 5477 2516 5549 ’Δχούς.
2556 5477 2656 5532 ’Όν
2691 5477 2787 5531 καὶ
2813 5477 3059 5549 ἐφοϐήθη
3091 5480 3255 5533 Δαόὶδ
3275 5521 3289 5546 ,
3325 5480 3422 5534 καὶ
3454 5473 3516 5534 οὗ
3542 5479 3786 5550 ἄσμενος

1871 5752 2075 5814 Varia;
2104 5752 2433 5817 lectiones.

594 5859 706 5936 (ι
741 5861 820 5936 A_l_.
848 5862 1126 5936 πώγωνος,
1158 5874 1217 5918 ut
1245 5867 1373 5936 legit
1402 5867 1694 5935 lntcrpres.

598 5929 711 5999 (15)
751 5930 835 5985 At.
894 5932 986 5987 τὸν
1044 5935 1255 6005 Ἀχούς.
1297 5929 1579 6010 interpres
1625 5941 1756 6013 legit
1808 5946 2097 6017 utrobique

2210 5876 2517 5946 Ἂχιμέλεχ.

2275 5944 2387 6017 (16)
2428 5948 2507 6002 Al.
2545 5944 2981 6017 καταμηνυθείηι
