4078 6442
565 508 675 572 383
1759 501 2151 564 EUTHYMII
2186 500 2553 564 ZlGABENI
3724 496 3847 565 38E

633 625 799 679 Vens.
841 621 896 677 5.
945 620 1225 692 Exquisivi
1268 619 1580 682 Dominum,
1633 628 1681 674 et
1731 618 2001 674 exaudivit
2044 634 2145 673 me.
2179 623 2222 679 Α

2322 614 2694 683 Ἐξεζιῖτησα
2725 613 2831 667 τὸν
2859 611 3102 682 Κύριον,
3138 608 3567 678 καὶέπήκουσέ
3587 630 3731 683 μου.
3765 614 3835 666 Ἦ

560 715 891 786 Praapositio
949 730 1036 775 ex.
1089 712 1459 766 intensionem
1515 710 1812 780 quamdam
1874 708 2140 780 majorem

2246 709 2316 773 ἐξ
2350 709 2606 780 πρόθεσις
2650 706 2906 759 ἐπίτασιν
2953 705 3215 775 ἐμφαίνει
3251 702 3558 776 ζητήσεως.
3602 706 3697 759 Ἐν
3739 707 3839 777 μὲ-

563 808 934 864 demonstrat.
985 805 1047 859 In
1104 803 1322 863 mediis.
1376 801 1590 872 inquit,
1638 803 1903 872 periculis
1937 802 2143 857 dereli-

2249 818 2387 864 σοις,
2442 800 2597 870 φησὶ,
2649 801 2764 861 τοῖς
2810 798 3079 863 κινδύνοις
3134 796 3516 867 ἀπολειφθεὶς,
3573 797 3839 869 ἐμπόνως

560 903 710 958 ctus,
739 907 862 948 cum
888 891 1079 947 labore
1102 889 1404 961 ρει-(μιῑείνί
1430 889 1724 945 Dominum
1750 892 1805 946 in
1840 893 2141 958 auxilium,

2250 892 2495 962 ἐζήτησα
2536 892 2630 946 τὸν
2662 888 2871 962 Κύριον
2929 891 3010 954 είς
3058 889 3407 961 ἐπικουρίαν,
3468 891 3566 946 καὶ
3620 891 3842 963 ταχέως

563 995 622 1040 et
656 987 840 1040 statim
872 985 1158 1039 exaudivit
1188 1000 1298 1039 me.

2288 987 2461 1053 πήκου
2470 983 2530 1036 σέ
2565 1000 2690 1053 μου.
3887 1028 3897 1039 .

635 1074 700 1129 Ει
732 1091 799 1130 ea:
847 1076 1092 1130 omnibus
1139 1077 1580 1131 tribulationibus
1622 1074 1751 1129 meis
1782 1076 1989 1144 eripuit
2041 1091 2144 1130 me.

2318 1074 2428 1129 Kal
2451 1076 2520 1129 ἐκ
2555 1074 2773 1130 πασῶν
2798 1075 2919 1131 τῶν
2947 1073 3215 1145 θλίψοεών
3254 1093 3375 1145 μου
3416 1075 3718 1145 ὲῤῥύσατό
3734 1092 3835 1145 με.
3890 1077 3898 1085 ’

562 1164 743 1220 Variae
789 1168 938 1222 enim
972 1167 1297 1224 aﬂlictiones
1329 1184 1453 1223 eum
1486 1168 1862 1234 detinuerant,
1901 1166 2032 1221 dum
2077 1168 2148 1221 ti-

2252 1166 2511 1238 Διάφοροι
2557 1169 2668 1236 γὰρ
2711 1167 2876 1221 αὐτὸν
2915 1162 3062 1238 εἶχον
3097 1166 3328 1237 θλίψεις,
3379 1167 3463 1221 ὅτι
3512 1167 3699 1238 μέλλει
3745 1168 3840 1222 ἐκ·

571 1266 773 1321 meret.
828 1272 897 1314 ne
926 1259 981 1314 in
1030 1258 1213 1316 Saulis
1261 1275 1458 1314 manus
1500 1258 1792 1320 incideret.
1839 1273 1908 1313 ne
1959 1266 2153 1313 contu-

2248 1259 2468 1329 δοθῆναι
2497 1259 2574 1330 τῷ
2600 1259 2777 1314 Σαοὺλ
2803 1298 2821 1325 ,
2860 1260 2943 1314 ὅτι
2987 1261 3342 1334 αἰκισθῆναι,
3372 1261 3455 1315 ὅτι
3493 1260 3847 1333 προπηλακι-

570 1353 737 1405 melia
771 1352 1114 1415 allit'iendus.
1145 1359 1199 1408 et
1229 1360 1511 1424 postremo
1562 1363 1632 1405 ne
1675 1364 1817 1405 saeve
1862 1350 2032 1405 etiam
2074 1349 2152 1403 in-

1978 1363 2032 1403 m
2074 1349 2152 1403 in-
2255 1351 2473 1420 σθῆναι,
2504 1351 2590 1405 ὅτι
2612 1353 2927 1406 τελευταῖον
2954 1354 3316 1425 ἀναιρεθῆναι
3349 1354 3583 1426 πικρῶς.

573 1444 921 1499 terimendus
948 1454 1117 1499 esset.

641 1532 806 1600 Vsus.
835 1535 890 1587 6.
925 1533 1169 1588 Accedite
1202 1533 1271 1586 ad
1290 1550 1432 1595 eum.
1459 1543 1507 1589 et
1532 1531 1948 1595 illuminamini,
1974 1537 2027 1585 et
2067 1530 2154 1601 fa-

2324 1533 2703 1600 Προονέλθετε
2748 1535 2901 1602 πρύς
2929 1528 3137 1599 αὐτὸν,
3196 1535 3295 1589 καί
3341 1536 3703 1606 φωτίσθητε,
3739 1534 3844 1590 καὶ

570 1628 676 1682 cies
712 1636 900 1681 vestra:
937 1643 1041 1680 non
1076 1626 1498 1696 confundantur.
1556 1625 1707 1681 Solet
1743 1624 1965 1680 aulictio
1998 1640 2153 1679 men-

2276 1624 2326 1679 rd
2351 1628 2644 1693 πρόσωπα
2674 1626 2845 1696 ὑμῶν
2873 1629 2945 1682 οὐ
2975 1627 3061 1697 μὴ
3093 1627 3534 1697 καταισχυνθῇ.
3564 1628 3630 1682 Ἦ
3660 1629 3886 1697 elidi;-

575 1727 686 1773 tem
714 1719 997 1773 hominum
1034 1717 1373 1774 confundere
1430 1728 1595 1789 atque
1623 1717 2006 1773 obtenebrare.
2041 1713 2152 1772 Vos

2257 1715 2454 1770 εῐωθεν
2484 1718 2740 1789 συγχέειν
2774 1718 2869 1771 καὶ
2903 1719 3177 1782 σκοτίζειν
3196 1722 3289 1773 τὸν
3314 1719 3462 1773 νοῦν.
3480 1709 3540 1772 di
3567 1721 3624 1772 ἐν
3657 1720 3846 1773 σκότει

569 1808 744 1878 igitur
793 1811 884 1879 qui
912 1811 965 1865 in
995 1812 1356 1867 alilictionum
1392 1811 1637 1866 tenebris
1667 1810 1957 1866 constituti
1988 1810 2148 1875 estis,

2255 1801 2351 1860 οὖν
2387 1805 2643 1877 θλίψεως,
2674 1808 3008 1880 προσέλθετε
3040 1808 3116 1878 τῷ
3149 1809 3301 1880 Θεῷ,
3348 1809 3439 1863 διὰ
3468 1809 3563 1862 τοῦ
3589 1808 3849 1879 ἐκζητεῖν

571 1903 819 1958 accedite
846 1902 913 1957 ad
946 1918 1095 1968 eum,
1152 1912 1212 1957 ut
1239 1903 1704 1971 quemadmodum
1760 1918 1864 1973 ego
1892 1900 2017 1965 l‘eci,
2055 1917 2153 1957 vos

2257 1898 2443 1962 αὐτὸν,
2489 1899 2756 1975 ὼςίἐγώο
2802 1900 2897 1952 καὶ
2951 1900 3295 1969 φωτίσθητε
3348 1903 3415 1971 τῇ
3446 1900 3683 1973 εὐθυμία
3729 1902 3847 1955 διας

568 1992 688 2062 pari
717 1993 879 2048 modo
911 2009 1034 2048 eum
1066 1995 1392 2064 exquiratis.
1448 1993 1518 2047 Et
1569 1994 1995 2058 itluminamini;
2035 1995 2150 2064 ipsa

2259 1972 2600 2063 σκεδαζούσῄ
2631 1991 2729 2059 τὴν
2752 1990 2921 2061 ἀχλὺν
2949 1992 3049 2060 τῆς
3082 1991 3336 2062 θλίψεως,
3367 1970 3463 2047 καὶ
3495 1995 3558 2046 οὐ
3602 1970 3676 2064 pi]
3713 2012 3852 2048 κατ-

567 2082 830 2138 nimirum
864 2084 1055 2139 laetitia
1117 2093 1283 2151 atque
1311 2085 1620 2152 alacritate,
1648 2084 2027 2140 calamitatum
2069 2094 2152 2144 te-

2259 2079 2590 2149 αισχυνθῆτε
2622 2082 2742 2143 ταῖς
2768 2079 2952 2134 ἐλπίσι
2984 2082 3084 2150 τῆς
3124 2082 3423 2153 σωτηρίας.
3460 2084 3853 2152 Ἀναγωγικὼο

574 2173 776 2229 nebras
814 2190 879 2229 ac
927 2175 1217 2245 caliginem
1264 2175 1594 2245 dissipante,
1625 2192 1695 2231 ne
1734 2174 2150 2231 confundamini

2258 2187 2421 2240 τερον
2444 2170 2521 2234 δὲ,
2553 2172 2684 2240 περὶ
2727 2170 2824 2224 τοῦ
2857 2172 3014 2240 ἁγίου
3050 2172 3428 2241 βαπτίσματος
3471 2174 3504 2241 ἡ
3533 2175 3848 2245 προτροπὴ,

572 2265 742 2319 etiam
781 2281 915 2337 spe;
949 2282 1071 2336 spe,
1111 2267 1359 2337 inquam,
1391 2268 1607 2324 salutis.
1652 2268 1814 2324 Juxta
1848 2284 2152 2339 anagogeu,

2261 2258 2679 2329 λαμπρύνοντος
2710 2259 2808 2330 τὴν
2838 2260 3040 2330 ψυχὴν,
3070 2262 3167 2314 καὶ
3206 2262 3263 2314 τὸ
3294 2260 3450 2331 ὄμμα
3474 2263 3680 2332 ταύτης
3705 2264 3847 2318 ἀνα-

571 2364 752 2427 pmest
790 2359 904 2415 haec
960 2358 1254 2430 Propheta:
1286 2361 1603 2415 exhortatio
1657 2361 1727 2417 de
1756 2361 1945 2417 divino
1975 2362 2157 2430 bapti-

2264 2352 2644 2424 καθαίροντος.
2712 2353 2823 2406 Καὶ
2872 2352 2935 2406 οὐ
3002 2353 3076 2424 μὴ
3119 2354 3582 2425 καταισχυνθῆτε,
3636 2354 3724 2408 διὰ
3781 2356 3847 2408 τδ

571 2456 752 2505 smate
824 2450 1078 2521 intelligi.
1120 2450 1398 2519 Accedite,
1463 2452 1663 2522 inquit,
1718 2451 1787 2507 ad
1848 2452 2054 2506 Christi
2096 2451 2159 2506 ll-

2264 2444 2679 2500 ἀπολούσασθαι
2717 2445 2786 2500 τὰ
2826 2446 2979 2501 αἴτια
3035 2447 3136 2516 τῆς
3187 2447 3473 2518 αἰσχύνης.
3532 2448 3612 2502 Τὰ
3649 2450 3847 2517 (odd-

571 2538 719 2602 dem,
767 2554 893 2603 vos,
934 2541 1029 2610 qui
1094 2541 1149 2595 in
1208 2556 1398 2596 errore
1451 2542 1612 2606 estis,
1666 2548 1722 2595 et
1768 2541 2154 2595 illuminamini

2263 2553 2396 2592 ωπα
2452 2537 2509 2592 δὲ
2567 2538 2772 2608 ὑμῶν,
2840 2538 2966 2594 ἀντὶ
3033 2538 3167 2607 τοῦ,
3239 2542 3436 2613 ὑμεῖς,
3484 2541 3590 2595 ἀπὸ
3639 2542 3849 2613 μέρους

571 2642 674 2697 per
726 2630 1105 2701 baptismum,
1152 2647 1262 2701 quo
1317 2634 1501 2688 anima
1550 2633 1849 2688 illuminari
1883 2635 2061 2699 solet,
2103 2643 2159 2689 et
2262 2631 2324 2683 τὸ
2364 2631 2494 2709 πᾶν.
3064 2652 3073 2657 -

573 2729 770 2784 animae
804 2728 1002 2785 oculus
1032 2733 1253 2801 purgari
1280 2746 1296 2786 :
1329 2740 1385 2787 et
1415 2746 1524 2787 non
1547 2731 1988 2799 conlundemini,
2019 2734 2149 2804 quia
2189 2745 2413 2786 omnem
2441 2730 2555 2786 illic
2585 2729 2934 2786 confusionis
2960 2728 3265 2793 materiam,
3335 2736 3501 2799 atque
3567 2726 3843 2800 originem

583 2819 847 2874 abluetis.
904 2819 1092 2876 Facies
1152 2833 1333 2877 autem
1384 2833 1603 2890 vestrm,
1661 2825 2152 2896 circumloquendo
2189 2824 2348 2886 dixit.
2380 2838 2502 2891 pro,
2547 2838 2670 2887 vos,
2705 2824 2872 2879 veluti
2904 2830 3079 2877 totum
3114 2838 3143 2877 a
3176 2830 3353 2891 parte.

642 2907 813 2964 Vens.
844 2909 899 2964 7.
934 2908 1046 2965 Iste
1074 2926 1274 2981 pauper
1303 2912 1577 2977 clamavit,
1608 2923 1656 2969 et
1686 2914 1946 2970 Dominus
1981 2932 2150 2970 exau-

2326 2910 2516 2979 Οὗτος
2556 2916 2589 2968 ὀ
2613 2913 2853 2981 πτωχὸς
2888 2912 3329 2981 ἐκέκραξε,-καί
3366 2916 3401 2968 δ
3454 2914 3672 2982 Κύριος
3708 2917 3841 2970 εισι

579 3000 712 3054 divit
741 3016 884 3064 eum,
917 3010 966 3054 et
992 3016 1057 3056 ea:
1086 3002 1330 3057 omnibus
1362 3004 1799 3060 tribulationibus
1828 3006 1944 3073 ejus
1979 3007 2159 3060 salva-

2254 3008 2533 3073 ἤκουσεν
2575 3005 2789 3072 αὐτοῦ,
2859 3004 2959 3060 καί
3003 3005 3072 3060 ἐκ
3135 3005 3353 3060 πασῶν
3408 3006 3529 3061 τῶν
3584 3008 3844 3076 θλίψεων

560 3095 655 3147 ‘vit
687 3108 827 3148 eum.
861 3094 1017 3158 Quod
1049 3096 1128 3149 ait
1160 3096 1281 3156 iste,
1313 3095 1750 3154 demonstrative
1813 3099 2016 3153 dictum
2054 3106 2162 3165 est,

2256 3099 2498 3155 ἔσωσεν
2529 3099 2737 3154 αὐτόν.
2774 3128 2821 3138 -
2869 3093 3081 3163 Οὗτος,
3159 3097 3434 3152 δεικτικόν
3466 3114 3480 3129 ·
3540 3099 3852 3151 τουτέστιν-

577 3200 645 3242 ac
679 3188 724 3243 si
760 3187 969 3241 diceret
1013 3206 1026 3242 :
1067 3188 1182 3258 Ego
1224 3188 1342 3256 ipse
1366 3206 1529 3259 quem
1556 3191 1804 3246 cernitis.
1862 3191 2163 3262 Pauperem

2282 3189 2430 3258 Ἐγὼ
2459 3189 2518 3244 ὃν
2562 3190 2749 3261 ὁρᾶτε.
2786 3189 3009 3260 Πτωχδν
3039 3189 3096 3243 δὲ
3129 3188 3330 3242 ἐαυτὸν
3366 3189 3546 3256 καλεῖ,
3568 3172 3655 3253 ὧς
3694 3189 3864 3260 ἐνδεῆ

582 3289 767 3334 autem
793 3295 851 3334 se
880 3286 1063 3347 vocat,
1112 3281 1237 3349 quia
1273 3283 1520 3336 humano
1578 3281 1859 3353 indigebat
1913 3282 2116 3338 auxilio
2147 3299 2163 3350 ;

2276 3282 2457 3352 πάσης
2487 3283 2834 3353 ἐπικουρίας,
2869 3282 2901 3354 ἢ
2938 3282 3032 3335 καὶ
3058 3281 3146 3336 διὰ
3172 3281 3270 3354 τὴν
3296 3282 3575 3337 εὐτέλειαν
3629 3283 3726 3337 τοῦ
3759 3283 3859 3351 γέ-

560 3368 668 3425 ‘vel
700 3370 769 3423 ob
802 3368 1030 3423 humani
1063 3370 1281 3440 generis
1324 3371 1670 3425 tenuitatem.

1015 3369 1030 3422 i
1063 3370 1281 3440 generis
1324 3371 1670 3425 tenuitatem.
2275 3391 2402 3436 νους
2432 3373 2620 3428 αὐτοῦ.

652 3457 822 3514 Vens.
862 3458 916 3513 8.
951 3458 1446 3514 Castrametabitur
1472 3460 1694 3529 angelus
1733 3460 1944 3514 Domini
1974 3461 2029 3515 in
2056 3462 2165 3515 cir—
2193 3476 2237 3537 α

2343 3467 2724 3538 ﬂagitatam/lsi
2747 3468 3004 3541 ἅγγελος
3035 3469 3271 3540 ,ιζιψίου
3302 3469 3527 3536 ,κύκλῳ
3569 3466 3690 3524 τῶν
3752 3485 3867 3539 φο·

579 3551 727 3604 cuitu
755 3551 1050 3604 timentium
1071 3566 1217 3614 eum,
1255 3560 1304 3605 et
1350 3552 1536 3619 eripiet
1587 3567 1695 3608 eos.
1761 3552 1957 3608 Castra
2015 3556 2169 3625 ponit

2276 3560 2583 3633 Gatfpérwr
2647 3563 2855 3617 αὐτόν.
2926 3562 3358 3632 Στρατοπεδεύει
3410 3562 3569 3632 πέριξ
3624 3560 3864 3615 ἕκαστον

589 3642 855 3699 Dominus
895 3644 1041 3698 circa
1087 3657 1533 3716 unumquemque
1588 3645 1871 3701 hominum
1936 3645 2052 3718 [qui
2094 3647 2169 3701 ti-

2279 3652 2416 3721 (18),
2466 3654 2852 3726 περιτειχίζων
2879 3655 3064 3710 αὐτόν.
3110 3655 3250 3726 Ὅρα
3282 3655 3340 3708 δὲ
3374 3655 3474 3722 τὴν
3500 3654 3733 3724 δύναμιν
3761 3654 3861 3707 τοῦ

584 3736 918 3798 metDcum.
982 3736 1135 3791 illum
1172 3738 1429 3792 nimirum
1489 3739 1757 3794 adversus
1799 3747 2017 3794 omnem
2074 3754 2176 3795 no-

2275 3744 2517 3812 φύ).ακος
2554 3746 2653 3817 τῆς
2686 3747 2919 3800 ἑκάστου
2971 3747 3117 3817 ζωῆς
3176 3748 3447 3816 ἀγγέλων
3490 3741 3575 3811 εἷς
3619 3746 3732 3816 γὰρ
3764 3745 3845 3799 ὢν

583 3826 731 3880 xiam
767 3829 1025 3883 muniens
1060 3826 1503 3900 adversitatem].
1563 3826 1765 3882 Verum
1820 3828 1966 3883 illius
1996 3828 2175 3899 angeli

2275 3836 2382 3907 ὅλῳ
2423 3839 2640 3909 στρατῷ
2674 3840 3048 3912 παρείκασται
3078 3839 3218 3911 (l9).
3287 3837 3664 3909 Φοόουμένους
3688 3838 3745 3891 δὲ
3771 3837 3862 3891 λέ-

583 3920 881 3986 potentiam
915 3920 1228 3983 considera,
1278 3920 1371 3990 qui
1429 3920 1869 3991 uniuscujusque
1928 3932 2177 3977 nostrum

2332 3945 2364 3980 at
2392 3931 2519 3992 τοὺς
2551 3928 2855 4002 τηροῦντας
2881 3931 2983 3995 τὰς
3012 3930 3271 3994 ἐντολάςδ
3292 3923 3369 3984 Οὗ
3387 3930 3494 4000 γὰρ
3544 3928 3734 3999 φόϐος,
3770 3929 3869 3982 ἐνε-
3919 3948 3942 3967 -

586 4007 756 4064 vitam
811 4010 1077 4065 custodit.
1112 4009 1251 4064 Nam
1285 4023 1408 4066 cum
1465 4027 1611 4065 unus
1680 4025 1911 4066 numero
1962 4020 2175 4066 tantum

2132 4027 2175 4065 ιη
2278 4021 2451 4074 τολῶν
2477 4021 2728 4093 τήρησις.
3740 4004 3742 4007 Ι

585 4099 680 4160 sit.
726 4100 984 4155 universo
1028 4100 1430 4169 atqueiutegro
1479 4099 1725 4154 hostium
1763 4099 2027 4155 exercitui
2062 4103 2291 4165 resistit,
2346 4110 2626 4169 Timentes
2656 4122 2840 4169 autem
2911 4113 3199 4170 Dominum
3273 4129 3368 4170 eos
3442 4113 3703 4185 apponat,
3755 4094 3866 4183 qui

585 4193 734 4248 illius
769 4194 1068 4249 observant
1091 4194 1372 4251 mandata.
1437 4193 1543 4251 Ubi
1572 4210 1575 4215 ί
1607 4194 1777 4259 enim,
1840 4195 2039 4266 inquit,
2094 4209 2178 4255 est
2215 4203 2401 4273 timor,
2436 4209 2509 4263 ibi
2539 4209 2703 4264 etiam
2742 4212 3121 4266 mandatorum
3152 4209 3476 4267 observatio.

660 4287 825 4343 Vsus.
852 4287 907 4342 9.
933 4285 1155 4340 Gustate
1183 4294 1234 4340 et
1265 4288 1451 4351 videte,
1481 4288 1732 4356 quoniam
1761 4286 1927 4341 bonus
1952 4297 2028 4342 est
2060 4288 2174 4343 Do-

2349 4300 2665 4355 Γεύσασθε
2693 4301 2793 4355 καὶ
2828 4301 3005 4367 ἴδετε,
3059 4301 3149 4355 ὅτι
3204 4301 3473 4371 χρηστὸς
3526 4303 3561 4356 ὀ
3619 4301 3867 4370 Κύριος.

586 4379 786 4435 minus.
815 4377 1376 4448 Cognoscite,inquit,
1407 4387 1461 4431 et
1486 4391 1622 4440 vos;
1654 4391 1751 4446 per
1774 4386 1997 4447 gustum
2026 4378 2173 4433 enim

2274 4393 2454 4446 Γνῶτε
2486 4395 2584 4446 καὶ
2622 4393 2783 4463 ὑμεῖς
2818 4410 2832 4426 ο
2857 4393 3045 4462 γεῦσιν
3074 4392 3184 4462 γὰρ
3213 4391 3447 4447 ἐνταῦθα
3500 4393 3600 4463 τὴν
3656 4392 3872 4461 γνῶσιν

589 4471 679 4526 hic
708 4470 1105 4540 experientiam
1137 4469 1412 4539 intelligit.
1444 4469 1752 4525 Gustabitis
1806 4478 1989 4525 autem
2023 4469 2167 4541 (‘20),

2280 4484 2565 4555 ὀνομάζει.
2631 4485 2759 4547 Πῶς
2815 4484 2873 4538 δὲ
2938 4484 3253 4554 γεύσεσθες
3307 4485 3368 4537 Εἰ
3436 4484 3689 4552 καθάπερ
3744 4483 3868 4553 ἐγὼ

592 4564 639 4617 si
671 4563 774 4617 mei
807 4561 1057 4631 exemplo
1078 4576 1143 4615 ex
1178 4569 1292 4615 tota
1322 4562 1388 4616 ad
1421 4577 1546 4615 eum
1572 4562 1750 4615 anima
1776 4562 2172 4627 clamaveritis,

2374 4577 2533 4646 ἱξετε,
2571 4578 2979 4650 εἰέκζητήσετε
3013 4578 3179 4632 αὐτὸν
3201 4578 3528 4649 ὁλοσχερῶς,
3588 4581 3638 4631 εί
3703 4578 3872 4631 ἐλπί-
3975 4582 3984 4591 '

593 4651 680 4704 vel
711 4649 758 4704 si
786 4650 1199 4720 exquisiveritis
1230 4665 1353 4705 eum
1382 4651 1695 4722 diligenter,
1740 4650 1787 4705 si
1850 4666 1958 4706 non
2004 4652 2179 4706 ambi-

2281 4687 2404 4724 σετε
2433 4670 2522 4724 ἐπ’
2552 4669 2716 4724 αὑτὸν
2747 4649 3106 4734 ἅδιστὰκτως.
3141 4670 3519 4741 Προτρέπεται
3554 4669 3611 4723 δὲ
3639 4670 3734 4722 καὶ
3762 4668 3869 4723 ἆλ-

591 4752 753 4811 guam
786 4740 839 4795 in
865 4741 960 4795 illo
989 4756 1141 4812 spem
1178 4744 1553 4799 servaveritis.
1580 4741 1677 4798 Vel
1706 4742 1885 4812 aliter,
1913 4743 2180 4798 exhorta-

2279 4763 2389 4825 λως
2467 4763 2550 4826 εἰς
2624 4762 2725 4833 τὴν
2774 4762 3079 4835 μετάληψιν
3139 4761 3235 4816 τοῦ
3287 4764 3622 4816 Δεσποτικοῦ
3668 4760 3869 4831 σώμα-

590 4845 686 4887 tur
710 4846 810 4888 nos
835 4831 1109 4903 Propheta
1136 4834 1201 4888 ad
1235 4832 1504 4889 Dominici
1531 4835 1782 4904 corporis
1807 4846 1873 4887 ac
1894 4834 2181 4904 sanguinis

2281 4872 2376 4918 τος
2424 4854 2519 4909 καὶ
2590 4831 2844 4925 αἵματος,
2907 4831 3084 4909 (bV-vol
3176 4855 3463 4926 γευόμενοι
3552 4854 3717 4918 ἀξίως
3769 4854 3871 4906 εὐ-

591 4918 1115 4989 participationem:
1154 4936 1276 4992 qua:
1335 4922 1446 4977 duo
1488 4937 1682 4977 omnes
1716 4920 1812 4991 qui
1856 4921 2023 4991 digne
2076 4938 2176 4992 gn—

2283 4947 2382 5010 θὺς
2468 4918 2839 5003 αἰσθάνονται
2884 4947 2985 5019 τῆς
3067 4918 3224 5017 παρᾶ
3298 4918 3434 5001 θεοῦ
3506 4945 3686 5017 ῥοπῆς
3767 4946 3869 4998 καὶ

595 5010 888 5077 slaverint,
931 5013 1171 5068 sentient
1193 5013 1298 5070 sibi
1331 5014 1515 5070 statim
1548 5014 1691 5069 vires
1721 5023 1886 5082 atque
1914 5013 2179 5067 auxilium
2281 5039 2557 5110 βοηθείας,

595 5102 841 5171 praestari
868 5117 903 5155 a-
934 5103 1065 5158 Deo.

666 5192 863 5248 Beatus
901 5195 981 5249 vir
1006 5197 1098 5265 qui
1127 5206 1308 5266 sperat
1337 5198 1394 5250 in
1423 5212 1504 5251 eo.
1541 5193 1677 5249 Nam
1747 5195 1793 5252 si
1854 5194 2182 5254 maledictus

2350 5193 2657 5263 Μακάριος
2685 5192 2864 5262 ἀνὴρ,
2897 5192 2968 5257 ὃς
2992 5192 3219 5253 ἐλπίζει
3239 5193 3335 5247 ἐπ’
3369 5192 3579 5247 αὐτόν.
3632 5191 3695 5244 Ei
3753 5192 3873 5263 γὰρ

578 5284 766 5339 ‘homo
787 5295 875 5342 est
903 5287 995 5355 qui
1036 5297 1223 5357 sperat
1253 5290 1309 5342 in
1339 5287 1579 5349 homine.
1612 5297 1808 5345 contra
1849 5289 1956 5344 erit
1989 5290 2180 5346 beatus

2280 5281 2695 5357 ἐπικατάρατος
2724 5288 2754 5340 ὁ
2791 5285 3030 5349 ἐλπίζων
3087 5284 3177 5337 ἐπ’
3204 5285 3515 5355 ἄνθρωπον,
3552 5283 3878 5340 τούναντίον

590 5377 688 5446 qui
715 5387 904 5446 sperat
929 5377 984 5432 in
1020 5377 1153 5433 Deo.

2294 5380 2566 5451 μακάριος
2596 5379 2623 5431 ὁ
2651 5377 2890 5440 ἐλπίζων
2918 5376 3013 5430 ἐπὶ
3044 5374 3270 5449 Κύριον.

663 5470 828 5526 Vsus.
846 5470 934 5526 l0.
958 5470 1158 5525 Timete
1175 5470 1477 5536 Dominum,
1496 5487 1673 5525 omnes
1688 5471 1861 5526 sancti
1878 5471 2016 5542 ejus.
2036 5470 2180 5527 San-

2359 5468 2663 5535 Φοϐήθητε
2700 5468 2810 5522 τὸν
2832 5468 3072 5536 Κύριον,
3134 5468 3360 5532 πάντες
3388 5468 3445 5520 οἱ
3471 5466 3624 5534 ἅγιοι
3654 5466 3877 5523 αὐτοῦ.

597 5571 722 5618 ctos
758 5576 854 5620 eos
882 5570 1063 5631 vocat,
1093 5564 1187 5634 qui
1216 5564 1329 5621 Deo
1369 5563 1538 5620 oblati
1567 5574 1731 5634 atque
1765 5564 1814 5619 ei
1839 5564 2179 5620 'sanctifleati

2300 5561 2519 5630 ’Δγίους
2546 5560 2699 5629 λέγει
2728 5561 2854 5624 τοὺς
2886 5559 3325 5630 ἀφωσιωμένους
3378 5557 3458 5629 τῷ
3502 5558 3647 5629 Θεῷ.
3689 5556 3881 5629 Φοϐή-

1948 5743 2149 5806 V'arite
2171 5741 2509 5805 lectiones.

588 5844 595 5851 ’
669 5867 784 5937 (l8)
817 5870 902 5924 Al.
932 5871 1186 5925 ἑκάστου.

2367 5868 2481 5930 (ΞΟ)
2518 5866 2703 5923 Grmca
2735 5867 2899 5937 verba
2934 5864 3005 5919 ita
3032 5872 3242 5937 sonant
3274 5881 3287 5918 :
3315 5864 3590 5932 Quomodo
3614 5864 3883 5936 ’φιδίτιῦὶ-

669 5936 780 6003 (l9)
804 5939 889 5994 ίσ.
920 5940 1281 6011 παρίσταται.

2296 5942 2362 5996 tis
2396 5940 2420 5995 .7
2446 5939 2503 5994 Si
2532 5940 2780 5994 nimirum
2813 5936 3134 6006 clamabitis,
3171 5944 3227 5989 ut
3257 5951 3365 6006 ego.
