4078 6424
245 264 357 329 385

1419 267 1811 333 COMMENT.
1851 271 1931 333 IN
1972 269 2331 335 PSALMOS.

3418 279 3527 345 386

250 354 380 450 θητε
411 374 531 441 οὖν,
566 374 705 429 διότι
734 374 763 427 ὀ
799 375 967 445 φόϐος
1005 377 1101 432 τοῦ
1145 374 1282 431 Θεοῦ
1319 378 1512 452 δεσμεῖ
1560 385 1659 448 τὰς
1714 383 1837 438 ἀτά¹

1965 398 2100 447 ιυηι.
2129 388 2341 444 Timch
2364 386 2529 458 igitur
2560 385 2875 453 Dominum,
2925 385 3056 457 quia
3112 385 3424 456 huiusmodi
3457 397 3532 445 ti-

249 485 410 531 κτους
432 468 641 539 ὁρμάς.
664 468 1042 539 Καθήλωσον
1063 471 1194 543 γὰρ,
1214 475 1403 544 φησὶν,
1427 476 1494 529 ἐκ
1525 475 1634 530 τοῦ
1653 477 1844 545 φόϐου

249 574 366 613 σου
395 561 506 622 τὰς
527 559 766 627 σάρκας
788 578 935 630 μου.
978 557 1112 615 Εἶτα
1150 565 1350 633 ἐπάγει
1371 566 1466 620 καὶ
1512 566 1576 620 τὸ
1609 567 1718 621 ἀπὸ
1747 567 1843 622 τοῦ

254 646 422 715 φόϐου
463 645 684 716 κέρδος.
711 693 717 698 ,

327 738 456 792 Ὀτι
491 739 609 793 οὐκ
670 738 846 795 ἐστιν
898 741 1210 813 ὑστέρημα
1270 744 1399 812 τοῖς
1455 747 1848 816 φοϐουμένοις

256 830 469 886 αὐτόν.
499 832 566 885 0i
598 832 709 903 γὰρ
734 834 827 886 τὸν
864 835 1009 888 θεῖον
1038 836 1208 905 φόϐον
1234 838 1294 891 ὲν
1337 842 1404 911 τῇ
1434 839 1582 912 ψυχῇ
1643 843 1847 912 φυτεύο

265 940 483 990 σαντες,
516 924 620 977 οὐκ
654 924 1001 981 ἐλλείπουσιν
1027 931 1109 992 εις
1137 929 1366 1001 ἀρετὴν,
1395 931 1490 986 τοῦ
1522 932 1694 1001 φόϐου
1722 935 1849 989 τού-

261 1036 381 1083 τους
411 1016 856 1085 ἀναγκάξοντος.
909 1020 1070 1074 Ἐστι
1099 1022 1157 1076 δὲ
1189 1025 1288 1078 καὶ
1328 1024 1507 1090 ἄλλως
1536 1027 1732 1094 εἰπεῖν,
1767 1030 1850 1083 ὅτι

261 1110 357 1163 οὒκ
378 1108 528 1162 ἐστιν
545 1110 822 1181 ἔλλειμμα
847 1111 1080 1177 τούτοις.
1119 1116 1342 1185 Ἔχουσι
1366 1120 1475 1189 γὰρ
1501 1118 1705 1190 ἔνδυμα
1725 1121 1847 1191 μὲν,

269 1201 329 1253 τὸ
356 1203 497 1255 θεῖον
522 1203 853 1274 βάπτισμα*
880 1205 1089 1276 τροφὴν
1118 1205 1197 1275 δὲ,
1226 1209 1327 1279 τὴν
1349 1209 1444 1264 τοῦ
1473 1211 1622 1265 θείου
1663 1210 1852 1283 σώμαι

270 1308 354 1353 τος
377 1295 472 1369 διαὶ
504 1294 746 1364 αἵματος
778 1312 792 1325 ·
820 1296 990 1350 ὅπλον
1020 1296 1100 1362 δὲ,
1123 1298 1215 1352 τὸν
1246 1299 1431 1371 τίμιον
1470 1303 1729 1374 σταυρὸν,
1758 1306 1852 1360 καὶ

264 1384 470 1453 ἁπλῶς,
508 1379 589 1441 ὧν
624 1386 932 1459 χρῄζουσιν
954 1389 1308 1447 ἀπολαύουσι.
1334 1383 1347 1395 ’

326 1621 628 1677 Πλούσιοι
676 1622 1074 1694 ἐπτώχευσαν
1126 1628 1228 1683 καὶ
1293 1630 1629 1688 ἐπείνασαν
1649 1650 1662 1666 ο
1697 1639 1749 1690 οὶ
1786 1636 1855 1690 δὲ

261 1710 656 1778 ἐκζητοῦντες
718 1716 829 1769 τὸν
868 1716 1091 1785 Κύριον
1158 1722 1271 1776 οὐκ
1323 1723 1853 1795 ἐλαττωθήσοι·ται

261 1803 490 1870 παντὸς
528 1806 788 1874 ἀγαθοῦ.
822 1807 1011 1864 Εἰπὼν
1048 1811 1249 1866 ὅτιούκ
1279 1812 1431 1869 ἐστιν
1461 1816 1646 1882 αὐτοῖς
1693 1819 1856 1873 ὑστέ-

272 1911 443 1966 ρημα,
470 1896 773 1952 πιστοῦται
795 1900 889 1955 τὸν
907 1900 1067 1971 λόγον
1093 1905 1492 1971 ἀποδεικτικῶς
1510 1924 1523 1951 ε
1542 1910 1593 1962 οἱ
1626 1911 1725 1981 μὲν
1746 1911 1856 1984 γάρ

274 1988 514 2042 πλοὸσιοι
544 1989 645 2042 τοῦ
687 1988 807 2060 βίου
826 1990 1043 2059 τούτου,
1069 1995 1420 2068 ὲπτὼχευσαν
1446 2001 1727 2070 πολλάκις,
1760 2007 1856 2059 καὶ

272 2078 564 2133 ἐπείνασαν
589 2094 607 2113 ⁸
633 2080 1067 2150 εὐμετάπτωτος
1099 2084 1209 2158 γὰρ
1242 2088 1270 2140 ὁ
1289 2088 1551 2161 αἰσθητὸς
1596 2092 1854 2158 πλοῦτος,

271 2171 367 2221 καὶ
404 2170 663 2234 ἄπιστος.
701 2171 768 2225 0i
797 2171 853 2225 δὲ
879 2172 968 2227 διὰ
1006 2174 1099 2228 τοῦ
1115 2176 1260 2230 θείου
1293 2179 1461 2246 φόϐου
1488 2179 1584 2233 καὶ
1610 2181 1709 2252 τῆς
1738 2182 1858 2238 ὀδοῦ

277 2257 641 2312 τῶνὲντολῶν
695 2259 1059 2330 ἐπιζητοῦντες
1106 2265 1196 2317 τὸν
1262 2265 1470 2336 Κύριον
1520 2268 1623 2321 οὐκ
1675 2270 1860 2341 ἐνδεή-

285 2363 445 2400 σουσι
471 2350 662 2414 παντδς
692 2350 926 2420 ἀγαθοῦ,
959 2353 1207 2425 δηλονότι
1225 2357 1319 2410 τοῦ
1344 2359 1719 2430 ἀποκειμένου
1747 2365 1863 2426 τοῖς

286 2438 702 2510 εὐηρεστηκόσιν
732 2442 906 2514 αὐτῷ.
932 2445 1057 2499 Τῶν
1082 2446 1194 2519 γάρ
1236 2447 1602 2520 ἀνθρωπίνων
1636 2452 1862 2520 ἀγαθῶν

285 2532 380 2582 καὶ
417 2530 556 2584 πάνυ
595 2534 934 2605 ἑνδεήσουσι,
961 2535 1049 2591 διὰ
1099 2539 1293 2611 στενῆς
1336 2541 1434 2596 καὶ
1492 2541 1863 2615 τεθλιμμένης

273 2618 397 2672 ὁδσῦ
427 2620 764 2688 βαδίζοντες.
803 2624 1116 2678 Δίνίττεται
1164 2626 1223 2680 δὲ
1279 2629 1308 2681 ό
1361 2627 1523 2697 λόγος
1585 2631 1681 2683 καὶ
1738 2631 1864 2693 τοὺς

280 2710 598 2781 Ἰουδαίους,
623 2714 679 2768 οἳ
713 2714 964 2769 πλούσιοι
1007 2719 1282 2790 πρότερον
1326 2720 1480 2784 ὄντες
1539 2723 1598 2775 ὲν
1647 2723 1860 2788 πόλεσι,

268 2804 361 2857 καὶ
384 2803 589 2875 πλήθει
614 2808 882 2897 στρατοῦ3
920 2811 1017 2863 καὶ
1057 2810 1137 2882 τῷ
1164 2812 1503 2886 περιωνῦμιρ
1564 2814 1701 2885 ναῷ,
1765 2816 1863 2869 καὶ

268 2900 496 2975 τῷθείῳ
521 2904 703 2974 νόμῳ,
724 2907 819 2959 καὶ
844 2908 911 2977 τῇ
943 2908 1079 2980 πρὸς
1105 2907 1240 2963 Θεὸν
1267 2909 1476 2981 ὁμιλίᾳ,
1509 2909 1864 2981 ὲπτὼχευσαν

271 2992 480 3046 τούτων
514 2995 766 3063 πάντων,
798 2997 987 3070 ἐπειδὴ
1017 2998 1111 3053 τὸν
1155 3000 1417 3056 πλούσιον
1474 3002 1535 3055 ὲν
1563 3001 1726 3066 ἐλέει,
1768 3001 1865 3055 καὶ

270 3082 591 3196 π’ωχῗνὶδΰ
621 3086 774 3196 pud;
825 3087 1157 3196 ἀπέκτειναν
1191 3091 1456 3160 ἀνοήτως,
1505 3091 1600 3146 καὶ
1646 3092 1866 3146 ὲπείνα-
1893 3136 1939 3196 c

275 3188 398 3234 σαν.
425 3174 568 3227 διότι
587 3175 682 3228 τὸν
709 3177 877 3246 ἄρτον
917 3179 1017 3248 τῆς
1061 3177 1207 3250 ζωῆς
1259 3183 1470 3237 ἀνεῖλον
1496 3197 1514 3216 ο
1549 3184 1598 3236 οἱ
1649 3182 1709 3236 δὲ
1775 3185 1863 3236 ἐκ·

271 3263 577 3405 ἓητοῦντες
603 3267 698 3321 τὸν
723 3268 932 3340 Κύριον
960 3271 1025 3338 ἐξ
1082 3271 1256 3327 ἐθνῶν
1306 3274 1634 3348 αὑξήσουσιν
1663 3275 1745 3330 ἔτι
1772 3278 1867 3329 καὶ

300 3370 374 3405 τι.

300 3370 374 3408 τι.

1950 497 2075 536 mor
2110 480 2457 536 inordinatos
2493 487 2678 535 motus
2705 487 2947 534 coercet.
2972 477 3188 550 Conﬁge
3224 481 3395 546 enim,
3443 480 3541 551 in-‘

1948 573 2089 644 quit,
2120 574 2307 627 timore
2338 582 2430 625 tuo
2458 586 2648 624 carnes
2673 586 2838 625 meas.
2864 571 3070 627 Deinde
3099 569 3267 626 infert
3294 572 3531 638 lucrum,

1947 665 2091 735 quod
2126 666 2196 722 ab
2228 665 2341 720 isto
2378 663 2636 735 provenit
2663 663 2884 726 timore.

2025 784 2293 851 Quoniam
2364 801 2469 840 non
2542 793 2622 840 est
2688 784 2911 855 defectio
3005 784 3313 840 timentibus
3385 802 3530 841 eum.

1949 874 2086 931 Nam
2170 876 2264 946 qui
2316 877 2410 931 Dei
2490 875 2742 931 timorem
2826 875 2881 929 in
2941 889 3039 929 sua
3110 876 3292 929 anima
3374 876 3533 945 plan-

1951 977 2230 1034 taverunt,
2264 984 2550 1039 nunquam
2582 982 2612 1022 a
2646 967 2866 1022 virtutis
2883 967 3208 1036 operatione
3236 967 3529 1029 deﬁciunt,

1951 1066 2182 1131 cogente
2212 1072 2312 1114 eos
2342 1059 2556 1113 timore.
2586 1056 2893 1113 Possumus
2924 1056 3093 1111 etiam
3128 1054 3335 1120 dicere,
3385 1057 3530 1123 quod

1954 1149 2285 1206 timentibus
2322 1148 2614 1203 Dominum
2647 1148 2795 1202 nulla
2836 1157 2919 1203 est
2961 1146 3202 1203 defectio
3241 1148 3418 1217 :quia
3476 1159 3534 1203 et

1950 1251 2108 1300 veste
2136 1242 2283 1297 sacri
2337 1240 2687 1310 baptismatis
2734 1239 2909 1295 induti
2988 1248 3139 1304 sunt,
3194 1247 3252 1294 et
3306 1252 3538 1309 corpore

1953 1351 2020 1391 ac
2049 1334 2319 1405 sanguine
2349 1334 2563 1388 Domini
2594 1342 2922 1396 vescuntur,
2948 1342 3004 1387 et
3061 1332 3170 1387 telo
3206 1331 3396 1387 crucis
3443 1346 3539 1387 ar-

1957 1427 2089 1479 mati
2126 1433 2255 1479 sunt
2290 1439 2305 1477 :
2333 1431 2388 1478 et
2420 1423 2659 1494 denique
2681 1422 2811 1494 quia
2831 1422 3164 1478 necessariis
3190 1421 3538 1492 quibuscuu-

1955 1532 2064 1588 quc
2082 1516 2248 1572 rebus
2268 1515 2548 1570 fruuntur.

2026 1634 2195 1690 Vens.
2230 1635 2318 1690 Η.
2351 1634 2550 1689 Divites
2581 1641 2834 1703 eguerunt
2865 1640 2914 1686 et
2973 1630 3271 1686 esurierunt
3294 1672 3311 1698 ,
3347 1632 3537 1702 exqui-

1957 1737 2131 1783 rentes
2186 1736 2362 1781 autem
2452 1725 2738 1778 Dominum
2818 1739 2921 1777 non
2978 1725 3339 1777 diminuentur
3396 1726 3540 1778 omni

1959 1817 2115 1875 bono.
2183 1817 2322 1872 Cum
2390 1816 2595 1871 nullam
2653 1828 2777 1868 esse
2826 1814 3222 1870 asseveraverit
3272 1812 3539 1868 defectio-

1959 1926 2082 1966 nem
2109 1910 2179 1965 iis
2207 1909 2300 1981 qui
2334 1908 2531 1962 timent
2558 1905 2875 1971 Dominum,
2938 1919 3087 1959 nunc
3135 1905 3380 1959 sermoni
3436 1918 3541 1960 suo

1961 2001 2118 2057 Iidem
2148 2000 2300 2067 facit,
2337 1997 2548 2053 docens
2581 1997 2862 2068 quomodo
2893 1996 3057 2065 hujus
3096 1996 3283 2052 saeculi
3336 1996 3536 2052 divites

1961 2093 2162 2163 saepius
2191 2090 2370 2148 eﬂ‘eeti
2395 2098 2523 2144 sunt
2553 2102 2844 2159 pauperes,
2880 2094 2936 2143 et
2991 2086 3140 2142 fame
3173 2087 3375 2143 vexati.
3401 2085 3543 2142 Ter-

1961 2198 2108 2240 renae
2141 2183 2291 2239 enim
2324 2181 2534 2236 divitiae
2571 2180 2801 2235 fallaces
2830 2186 2988 2244 sunt,
3016 2189 3072 2233 et
3105 2193 3249 2248 saepe
3291 2192 3546 2231 commu-

1963 2286 2182 2343 tantur,
2213 2290 2280 2330 ac
2306 2275 2573 2330 decidunt
2600 2290 2614 2329 :
2652 2281 2847 2327 contra
2877 2286 3010 2325 vero
3041 2285 3257 2337 omnes,
3314 2270 3409 2339 qui
3445 2285 3548 2341 per

1964 2366 2056 2422 Dei
2105 2368 2357 2421 timorem
2416 2378 2481 2419 ac
2510 2361 2892 2416 mandatorum
2959 2359 3401 2414 observationem
3442 2359 3548 2413 Do-

1964 2461 2174 2515 minum
2210 2464 2493 2528 quarunt,
2524 2455 2694 2510 nullis
2730 2466 2970 2521 unquam
3002 2451 3161 2506 bonis
3195 2450 3541 2520 indigebunt,

1964 2564 2028 2605 ex
2098 2549 2167 2604 iis
2210 2546 2470 2603 nimirum
2513 2558 2637 2615 quae
2695 2541 2938 2612 reposita
2994 2547 3127 2596 sunt
3193 2538 3550 2609 diligentibus

1964 2640 2284 2696 Dominum.
2337 2636 2609 2692 Humanis
2665 2626 2827 2687 enim
2875 2630 3037 2685 bonis
3093 2644 3255 2700 quam
3311 2630 3552 2683 maxime

1965 2728 2307 2799 indigebunt,
2339 2740 2463 2779 cum
2507 2738 2602 2793 per
2635 2731 2841 2776 arctam
2892 2717 3242 2772 amictionum
3279 2729 3343 2769 ac
3374 2724 3552 2769 tema-

1966 2821 2176 2875 tinnum
2217 2819 2360 2872 viam
2393 2815 2474 2870 eis
2506 2812 2872 2869 incedendum
2905 2809 3000 2865 sit.
3049 2807 3336 2863 Pertinere
3381 2804 3549 2859 etiam
3584 2840 3591 2846 -

1964 2910 2224 2966 videntur
2253 2907 2370 2961 hanc
2396 2904 2564 2959 verba
2597 2902 2665 2957 ad
2710 2899 2953 2966 Iudaeos,
3012 2898 3105 2969 qui
3166 2898 3297 2951 olim
3347 2895 3551 2951 divites

1976 3002 2220 3063 fuerunt,
2256 2999 2543 3053 civitatum
2568 2993 2783 3049 scilicet
2808 3006 2874 3046 ac
2906 2989 3144 3045 militum
3185 2988 3364 3058 copia,
3397 2987 3550 3041 insu-

1969 3104 2067 3161 per
2087 3096 2140 3144 et
2168 3085 2530 3142 celeberrimo
2560 3082 2657 3137 illo
2703 3081 2930 3151 templo,
2960 3079 3148 3133 divina
3185 3078 3304 3147 lege
3330 3085 3384 3131 et
3414 3090 3553 3131 con-

1974 3180 2286 3236 versatione
2318 3175 2435 3241 Dei,
2469 3189 2533 3229 ac
2567 3173 2829 3242 deinceps
2871 3171 2956 3226 bis
3017 3168 3278 3225 erunibus
3333 3164 3553 3238 privati.

1976 3283 2244 3339 pauperes
2267 3263 2448 3322 eh‘ecti
2472 3270 2620 3328 sunt,
2673 3276 2737 3317 ea
2803 3258 3068 3314 nimirum
3130 3257 3387 3323 ratione,
3424 3256 3555 3325 quia

1981 3361 2268 3417 Dominum
2295 3361 2480 3413 Jesum
2513 3349 2894 3410 misericordia
2929 3350 3179 3414 divitem,
3238 3358 3296 3402 et
3334 3362 3537 3419 paupe-

272 3461 387 3503 rem
414 3448 680 3506 eﬂ‘eetum
711 3461 939 3525 propter
966 3471 1089 3523 nos,
1162 3455 1643 3528 impudentissime
1710 3458 2094 3515 occiderunt:
2144 3453 2348 3525 quique
2405 3449 2742 3514 esurierunt,
2795 3456 3084 3520 postquam
3145 3460 3336 3502 verum
3396 3442 3548 3497 illum

275 3543 401 3599 vita
429 3562 634 3617 panem
669 3546 740 3606 de
771 3550 955 3607 medio
977 3554 1348 3610 sustulerunt.
1423 3553 1642 3611 Fideles
1715 3563 1897 3612 autem
1976 3552 2073 3624 qui
2123 3565 2191 3607 ex
2258 3547 2513 3621 gentiLus
2571 3544 2813 3612 fuerunt,
2861 3549 3172 3614 quaerentes
3243 3536 3557 3595 Dominum.

268 3640 529 3696 omnibus
561 3643 725 3699 bonis
751 3646 918 3700 etiam
959 3658 1125 3720 atque
1164 3648 1328 3704 etiam
1364 3649 1510 3705 aucti
1549 3659 1707 3706 sunt.

340 3736 548 3801 Δεῦτε,
589 3737 793 3807 τέκνα,
848 3742 1154 3799 ἀκούσατέ
1208 3762 1350 3815 μου,
1397 3747 1588 3816 φόϐον
1636 3746 1860 3816 Κυρίου

268 3822 501 3889 διδάξω
524 3827 709 3896 ὑμᾶς.
737 3830 890 3903 Αὕτη
920 3834 1240 3889 διδασκάλου
1273 3839 1428 3907 φωνή
1451 3852 1465 3867 ⁶
1502 3838 1694 3891 τέκνον
1750 3839 1861 3910 γὰρ

268 3919 300 3968 ὁ
329 3919 591 3991 μαθητὴς
620 3921 717 3974 τοῦ
742 3922 1112 3991 διδάσκοντος,
1138 3927 1510 3997 πλαττόμενος
1543 3928 1861 4000 είςάρετὴν,

268 4008 369 4061 καὶ
392 4005 511 4064 οἷον
537 4014 944 4086 μορφοῦμενος.
967 4018 1138 4072 Φόϐον
1164 4019 1221 4074 δὲ
1254 4021 1461 4090 Κυρίου
1488 4016 1668 4088 εἶπεν,
1722 4022 1861 4092 πρὸς

265 4099 696 4174 ἁντιδιαστολὴν
720 4104 816 4158 τοῦ
847 4107 1015 4176 φόϐου
1048 4108 1143 4162 τοῦ
1210 4109 1493 4180 δαίμονος,
1541 4110 1601 4163 ὃν
1652 4113 1863 4174 ἐκεῖνος

265 4190 523 4257 ἐμποιεῖ,
550 4195 685 4265 περὶ
714 4190 778 4250 οὗ
808 4214 974 4269 φησιν
993 4202 1051 4254 ὲν
1083 4201 1264 4266 ἄλλοις
1297 4217 1312 4233 ’
1356 4203 1500 4258 Ἀπὸ
1546 4205 1744 4272 φόϐου
1773 4205 1870 4274 ἐχ-

266 4284 424 4352 θροῦ
458 4286 686 4352 ἐξελοῦ
713 4287 831 4359 τὴν
850 4293 1064 4361 ψυχήν
1093 4311 1235 4363 μου.

2035 3746 2206 3803 Vsus.
2240 3747 2327 3801 12.
2367 3743 2553 3799 Venite
2587 3742 2714 3812 ﬁlii,
2743 3740 2923 3795 audite
2947 3752 3050 3805 me,
3076 3735 3316 3789 timorem
3344 3728 3556 3784 Domini

1963 3837 2155 3893 docebo
2187 3851 2296 3891 vos.
2328 3835 2425 3889 Est
2458 3834 2549 3888 ltic
2582 3830 2828 3902 quidam,
2851 3827 3018 3883 veluti
3045 3822 3424 3895 praeceptoris,
3449 3833 3547 3872 seu

1966 3925 2212 3982 doctoris
2249 3936 2451 3979 sermo.
2487 3921 2679 3976 Solent
2712 3919 2858 3974 enim
2898 3916 3159 3970 doctores
3220 3911 3423 3965 habere
3458 3907 3556 3961 .ἁὶ-

1968 4017 2212 4089 scipulos
2236 4015 2476 4069 ﬁliorum
2501 4013 2647 4078 loco,
2675 4026 2744 4065 eo
2769 4007 2917 4080 quod
2976 4006 3183 4076 ﬁngant
3239 4002 3366 4057 illos
3416 4013 3560 4089 quo-7

1969 4088 2267 4166 dammodo
2320 4121 2385 4161 ac
2420 4105 2659 4159 forment
2684 4101 2749 4155 ad
2775 4101 3009 4153 virtutes
3043 4094 3132 4167 [ac
3188 4105 3329 4162 pene
3383 4088 3557 4143 veluti

1977 4202 2101 4258 novi
2130 4209 2312 4270 patres
2355 4213 2452 4253 eos
2495 4197 2692 4251 iterum
2726 4186 3033 4263 gei.erent.]
3064 4186 3339 4240 Timorem
3371 4194 3556 4235 autem

1981 4293 2194 4349 Domini
2223 4292 2384 4357 dixit,
2413 4288 2478 4344 ad
2515 4286 2924 4342 distinctionem
2980 4278 3196 4335 timoris
3224 4276 3556 4331 dtetuouum.

267 4378 473 4438 Potest
538 4382 741 4437 eternim
794 4391 850 4439 et
900 4384 1112 4440 daemon
1185 4388 1438 4444 timorem
1497 4387 1765 4454 incutere,
1814 4387 1880 4443 de
1917 4399 2028 4458 quo
2096 4382 2228 4440 alibi
2303 4380 2570 4452 scriptum
2625 4385 2754 4433 est:
2802 4374 2847 4428 A
2904 4372 3094 4427 timore
3148 4369 3353 4423 inimici
3419 4366 3561 4432 eripe

267 4480 515 4531 nimam
540 4492 714 4531 meam
741 4477 807 4533 “.‘

350 4568 452 4630 TI;
480 4566 661 4620 ἐστιν
681 4565 1013 4636 ἄνθρωπος,
1046 4571 1080 4625 ὁ
1119 4570 1312 4627 θέλων
1340 4571 1496 4642 ζωήν
1524 4592 1545 4642 ;
1584 4573 1861 4646 Είρηκὼς,

2040 4563 2213 4620 Vens.
2252 4561 2342 4616 1‘5.
2377 4559 2512 4628 Quis
2531 4567 2613 4612 est
2639 4556 2816 4620 homo,
2852 4552 2943 4623 qui
2989 4548 3102 4605 vult
3157 4547 3320 4603 vitam
3346 4547 3374 4602 2
3437 4543 3557 4600 Non

270 4656 480 4723 δεῦτε,
525 4656 593 4709 οὐ
616 4657 826 4721 πάντας
856 4660 1037 4726 καλεῖ,
1069 4661 1208 4717 ἀλλὰ
1241 4663 1296 4716 εί
1335 4681 1422 4730 τις
1482 4665 1633 4720 θέλει
1695 4666 1866 4738 ζωὴν,

272 4747 339 4800 οὐ
394 4749 502 4819 τὴν
556 4747 747 4818 κοινὴν
807 4747 1031 4821 ταύτην,
1107 4751 1175 4822 ἢν
1250 4755 1344 4808 καὶ
1411 4755 1479 4809 τὰ
1545 4754 1715 4824 ἄλογα
1780 4757 1871 4827 ζῇ,

286 4838 555 4911 ἂλλάτὴν
606 4839 801 4905 ὅντως,
879 4842 981 4912 τὴν
1064 4844 1237 4899 ἀΐδιον
1266 4862 1281 4877 ⁸
1337 4847 1371 4919 ἡ
1442 4849 1553 4919 γὰρ
1626 4847 1876 4918 παροῦσα

291 4928 519 4999 θάνατος
553 4930 760 5001 μᾶλλόν
818 4931 937 4985 ἐστι
997 4935 1126 5004 περὶ
1180 4932 1249 5008 ἦς
1292 4934 1479 5006 ἔλεγεν
1524 4939 1553 4991 ὁ
1617 4939 1877 4993 Ἀπόστο-

283 5020 378 5085 λος
395 5037 412 5050 ⁸
449 5022 550 5089 Τίς
571 5038 651 5091 με
668 5022 920 5089 ῥύσεται
947 5024 1016 5078 ἐκ
1051 5026 1158 5081 τοῦ
1187 5027 1457 5098 σώματος
1485 5029 1594 5084 τοῦ
1616 5029 1875 5085 θανάτου

280 5114 548 5180 τούτου;
579 5114 814 5170 θάνατον
874 5116 936 5170 τὸ
994 5116 1157 5190 σῶμα
1209 5120 1389 5176 καλῶν
1416 5162 1432 5187 ,
1478 5123 1598 5193 ἦτοι
1662 5122 1762 5194 τὴν
1816 5122 1875 5176 ὲν

282 5209 507 5282 σώματι
546 5208 718 5281 ζωήν.

364 5470 648 5542 Ἅταπῶν
686 5470 919 5542 ἡμέρας
971 5470 1123 5524 Mair
1182 5472 1432 5541 ἀγαθάς.
1492 5474 1567 5526 Οὐ
1636 5474 1735 5538 τὰς
1778 5472 1872 5528 τοῦ

280 5562 479 5631 αἰῶνος
501 5565 701 5620 τούτου
735 5582 751 5596 ·
782 5563 922 5636 φησὶ
957 5567 1069 5634 γὰρ
1136 5563 1355 5629 Ἰακὼϐ,
1416 5566 1501 5638 ὅτι
1532 5568 1606 5621 At
1662 5566 1877 5636 ἡμέραι

339 5749 565 5807 “Psal.
608 5761 770 5815 eam,
796 5743 855 5800 5.
914 5743 959 5777 ⁶¹
992 5741 1155 5801 Rom.
1190 5760 1284 5814 vn,
1325 5743 1420 5801 24.

1967 4670 2162 4715 omnes
2192 4662 2354 4709 vocat
2380 4649 2676 4721 Propheta,
2714 4647 2931 4701 tametsi
2956 4644 3280 4700 indistincte
3333 4640 3558 4705 dixerit,

1970 4753 2162 4819 renite,
2199 4748 2297 4805 sed
2332 4763 2429 4804 eos
2481 4753 2696 4800 tantum
2748 4741 3010 4813 appellat,
3067 4739 3162 4809 qui
3225 4737 3396 4792 vitam
3450 4752 3559 4791 non

1977 4843 2118 4896 lianc
2151 4850 2500 4895 communem
2550 4840 2763 4896 amant,
2814 4843 2923 4900 qua
2976 4826 3317 4883 irrationalia
3373 4825 3561 4881 omnia

1975 4934 2170 4989 vivunt
2198 4929 2481 4991 animalia,
2511 4922 2606 4981 sed
2643 4923 2980 4994 peculiarem
3037 4921 3331 4990 quamdam
3373 4931 3558 4971 veram

1980 5033 2145 5094 atque
2172 5036 2457 5078 aeternam.
2490 5018 2742 5074 Praesens
2771 5016 2975 5071 etenim
3038 5013 3152 5068 vita
3194 5026 3342 5066 mors
3373 5010 3558 5079 potius

1974 5114 2295 5185 appellanda
2348 5120 2452 5167 est.
2501 5110 2678 5179 Atque
2727 5106 2849 5161 ideo
2903 5105 3099 5160 merito
3146 5100 3443 5171 Apostolus
3472 5098 3560 5152 d.-

1972 5207 2128 5262 cebat
2160 5222 2173 5259 :
2197 5204 2329 5271 Qui:
2356 5219 2437 5256 me
2470 5199 2711 5256 liberabit
2734 5199 2800 5252 de
2824 5212 3041 5265 corpore
3063 5194 3248 5249 mortis
3271 5192 3427 5259 hujus
3455 5188 3499 5220 “
3531 5188 3555 5240 ἲ

1970 5313 2066 5367 per
2094 5301 2324 5350 mortem
2366 5294 2545 5363 ipsum
2608 5305 2811 5364 corpus
2860 5287 3189 5356 intelligens,
3246 5284 3329 5337 vel
3389 5281 3553 5332 vitam

1975 5389 2181 5462 potius,
2204 5400 2328 5458 quia
2358 5392 2440 5440 est
2469 5385 2522 5455 in
2554 5398 2807 5455 corpore.

2057 5479 2295 5549 Diligens
2329 5476 2444 5531 dies
2474 5475 2650 5530 uidere
2710 5474 2895 5526 bonos.
2952 5466 3071 5522 Non
3130 5463 3296 5535 hujus
3365 5458 3551 5517 saecuii

1986 5570 2104 5627 dies
2127 5568 2286 5637 dicit,
2338 5568 2405 5623 de
2459 5566 2659 5637 quibus
2720 5556 3089 5632 pzntriarcltam
3135 5553 3303 5611 Iacob
3347 5550 3552 5607 dixisse
