4078 6424
1752 271 2136 334 EUTHYMII
2180 268 2544 332 ZlGABENI
3727 267 3838 330 338

549 287 655 352 331

551 407 829 477 legimus:
870 399 994 455 Dies
1038 410 1300 451 annorum
1335 407 1572 447 meorum
1600 391 1759 460 pauci
1820 400 1869 444 et
1901 389 2032 443 mali
2055 388 2146 454 ";

2253 386 2374 440 τῶν
2405 385 2558 440 ἐτῶν
2577 401 2698 455 μου
2719 383 2929 454 μικραί
2958 383 3056 438 καὶ
3125 383 3386 452 πονηραί
3407 399 3418 413 ·
3479 383 3571 436 καὶ
3606 385 3634 437 ό
3663 383 3842 454 μέγας

551 503 608 551 et
644 505 903 562 magnum
936 488 1162 542 Paulum
1194 501 1208 538 :
1250 482 1588 537 Redimentes
1627 489 1851 549 tempus,
1883 481 2137 548 quoniam

2249 480 2462 543 Παῦλος
2497 496 2510 510 ο
2549 477 3074 547 Ἐξαγοραζόμενοι
3105 477 3210 531 τὸν
3253 477 3465 546 καιρὸν
3483 477 3573 530 ὅτι
3597 479 3658 531 al
3687 478 3842 547 ἠμέ-

551 585 667 638 dies
702 582 831 636 mali
861 591 982 634 sunt
1020 579 1086 632 ⁸³.
1121 575 1227 630 Sed
1258 577 1325 629 de
1351 573 1523 628 futuri
1579 572 1768 627 saeculi
1831 572 2024 626 diebus
2053 571 2140 625 ιυ-

2249 589 2340 637 pat
2367 571 2632 639 πονηραί
2658 574 2840 626 εἰσιν.
2895 570 3142 640 Ἡμέρας
3172 570 3230 623 δὲ
3261 570 3391 624 ίδείν
3443 571 3680 639 ἀγαθὰς,
3706 572 3840 642 περὶ

553 677 766 747 quitur.
798 671 936 728 lllud
975 670 1122 726 enim
1149 679 1233 723 est
1262 665 1553 728 sacculum,
1598 663 1746 733 quod
1820 667 1998 718 bonos
2051 664 2143 716 lia-

2249 664 2338 717 τοῦ
2370 663 2664 734 μέλλοντός
2699 680 2868 733 φησιν
2902 663 3124 725 αἰῶνος.
3155 656 3328 726 Οὗτος
3355 663 3463 732 γὰρ
3493 663 3706 732 ἀγαθὰς
3733 663 3841 732 μὲν

561 775 654 822 bet
683 765 825 831 dies,
852 765 925 818 ob
955 777 1144 817 verum
1171 759 1305 814 illud
1361 766 1528 828 atque
1553 754 1828 812 inell‘abile
1855 755 2140 823 gaudium.

2249 754 2382 821 ἔχει,
2421 752 2512 806 διὰ
2539 752 2640 821 τὴν
2672 751 2932 821 ἄληκτον,
2950 752 3047 805 καὶ⁸
3082 751 3326 824 ἄρρητον
3373 752 3550 824 χαράν
3571 771 3584 784 ·
3617 755 3842 825 ἡμέρας

557 860 686 916 Dies
753 867 938 913 autem
991 857 1114 910 ideo
1167 853 1329 916 dixit,
1384 853 1514 922 quia
1569 849 1681 904 illic
1736 856 2000 918 perpetua
2058 855 2144 902 est

2249 844 2324 910 δὲ,
2355 842 2444 896 διὰ
2479 842 2541 894 τὺ
2585 843 2651 895 δι’
2680 841 2804 896 ὅλου
2829 843 2965 912 φῶς.

557 955 670 1006 lux.

629 1038 913 1094 νεκωι.
941 1033 1136 1091 Cohibe
1180 1033 1420 1102 linguam
1473 1039 1622 1084 luam
1685 1045 1718 1082 a
1764 1027 1929 1081 malo.
1985 1025 2144 1082 Nunc

557 1142 726 1196 opera
750 1123 998 1192 subjicit,
1037 1135 1159 1192 quae
1188 1119 1407 1175 edicere
1438 1119 1580 1174 solet
1631 1117 1727 1171 Dei
1791 1117 1979 1171 timor.
2046 1113 2143 1169 Ti-

559 1232 769 1273 morem
799 1231 933 1270 vero
963 1215 1054 1271 Dei
1083 1227 1231 1267 nunc
1280 1210 1552 1266 initialem
1599 1209 1750 1273 dico,
1808 1223 1921 1262 nou
1969 1207 2146 1277 perle-

556 1317 731 1365 ctum.
767 1307 834 1362 Et
887 1309 1130 1377 linguam
1172 1307 1226 1359 in
1293 1305 1484 1374 primis
1563 1301 1724 1372 jubet
1769 1314 2142 1371 compescere,

2322 1022 2574 1077 Παῦσον
2610 1021 2727 1091 τὴν
2752 1021 3048 1092 γλῶσσάν
3077 1036 3197 1077 σου
3227 1023 3350 1078 ἀπὸ
3379 1023 3590 1079 κακοῦ.
3627 1024 3846 1078 Ἑντεῦ-

2247 1115 2340 1168 θεν
2366 1113 2685 1167 ὑποτίθεται
2724 1113 2863 1184 ἔργα
2890 1114 2985 1167 τοῦ
3018 1112 3164 1166 θείου
3207 1114 3400 1184 φόϐου,
3431 1115 3525 1168 τοῦ
3561 1132 3849 1185 στοιχειω-

2245 1206 2424 1261 τικοῦ.
2455 1207 2756 1278 Προτὶθησι
2779 1207 2838 1259 δὲ
2861 1207 2964 1277 τὴν
2997 1205 3276 1274 γλῶσσαν,
3315 1207 3392 1270 ὡς
3421 1206 3704 1262 εὐόλισθον
3739 1207 3848 1278 μό·-

2250 1314 2389 1370 ριον,
2455 1301 2553 1352 καὶ
2611 1298 3041 1370 προχειρότατον
3089 1299 3168 1362 είς
3213 1300 3326 1352 πᾶν
3413 1295 3556 1362 εῐδος
3610 1303 3841 1363 κακίας.

559 1403 727 1458 veluti
763 1400 1071 1456 membrum
1097 1398 1241 1452 inter
1269 1405 1467 1451 caetera
1494 1395 1668 1464 magis
1717 1392 1902 1458 labile,
1961 1402 2018 1446 et
2075 1392 2142 1448 ad

559 1509 725 1550 omne
751 1492 867 1546 vitii
893 1505 1069 1562 genus
1095 1486 1269 1556 magis
1299 1493 1638 1556 promptum.
1675 1483 1929 1540 Ministra
1993 1483 2144 1538 enim

563 1583 722 1638 nobis
742 1588 825 1636 est
851 1579 918 1634 ad
953 1578 1237 1634 hominum
1263 1574 1651 1638 contumelias,
1691 1581 1745 1628 et
1774 1573 1842 1628 ad
1867 1571 1962 1627 Dei
1996 1574 2146 1628 blas-

561 1675 808 1746 phemias
858 1691 873 1726 :
909 1670 1165 1740 turpibus
1188 1667 1351 1724 etiam
1383 1665 1858 1734 concupiscentiis
1913 1665 2146 1720 inservit

2249 1387 2562 1459 ’Ὑπουργεῖ
2591 1389 2702 1458 γὰρ
2724 1387 3101 1458 βλασφημίαις
3130 1387 3294 1452 Θεοῦ,
3341 1387 3566 1459 ὕϐρεσιν
3619 1388 3842 1460 ἀνθρώ-

2249 1499 2389 1549 πων,
2436 1481 2814 1552 μαστροπεὺει
2872 1483 3129 1551 αἰσχραῖς
3164 1480 3508 1552 ἐπιθυμίαις,
3566 1498 3844 1551 συκοφαν-

2249 1578 2352 1641 τεῖ,
2379 1574 2698 1641 καταλαλεῖ,
2730 1577 3053 1644 κατηγορεῖ,
3069 1572 3254 1637 δόλους
3284 1573 3526 1643 ὑφαίνει,
3562 1572 3839 1643 ἐξαπατᾷ,

2254 1670 2698 1739 καταμαρτυρεῖ,
2760 1667 3033 1737 ἐπιορκεῖ,
3098 1666 3194 1719 καὶ
3248 1666 3386 1731 ὅλως
3439 1665 3670 1736 ὄργανόν
3720 1670 3844 1720 ἐστι

559 1778 615 1822 et
675 1762 973 1826 lenocinio,
1038 1760 1320 1816 detrahit:
1387 1769 1645 1828 praeterea
1707 1765 1950 1821 accusat,
2010 1757 2147 1810 texit

2254 1759 2425 1814 κακοῦ
2465 1760 2686 1822 παντός.

562 1862 746 1925 dolos,
788 1856 1019 1926 decipit,
1060 1855 1197 1910 falsa
1252 1857 1462 1922 praebet
1518 1847 1862 1914 testimonia,
1913 1847 2146 1918 pejerat,

561 1961 617 2012 et
655 1951 906 2007 omnium
938 1947 1178 2014 denique
1235 1946 1494 2000 vitiorum
1552 1944 1983 1996 instrumentum
2038 1951 2144 1999 est.

631 2043 699 2097 Et
731 2041 875 2096 labia
911 2051 1003 2095 tua
1027 2056 1088 2096 ne
1125 2039 1409 2108 loquantur
1429 2037 1634 2092 dolum.
1668 2035 1834 2091 Dolus
1859 2039 2142 2090 occultum

2318 2033 2424 2086 Kal
2455 2049 2628 2101 zeum
2656 2048 2794 2096 σου,
2823 2030 2930 2086 τοῦ
2955 2031 3041 2101 μὴ
3090 2030 3365 2100 λαλῆσαι
3417 2032 3626 2086 δόλον.
3678 2031 3842 2097 Δόλος

561 2149 649 2195 est
689 2135 909 2192 facinus
931 2134 1038 2190 sub
1094 2133 1222 2187 boni
1289 2131 1644 2186 simulatione
1697 2130 2033 2186 eonﬁetum:
2089 2136 2146 2183 et

2249 2124 2364 2178 ἐστὶ
2421 2126 2724 2178 κακοποιία
2778 2124 3039 2194 λαθραία,
3109 2125 3170 2179 ὲν
3224 2125 3588 2197 προσποιήσει
3641 2125 3838 2179 καλοῦ.

560 2230 690 2285 dum
723 2227 979 2296 superius
1005 2224 1146 2279 dixit
1181 2241 1195 2276 :
1225 2221 1421 2276 Cohibe
1453 2222 1688 2292 linguam
1726 2230 1874 2276 tuam
1909 2240 1942 2274 a
1979 2221 2144 2285 malo,

2249 2217 2590 2286 Προσεκτέον
2621 2216 2736 2280 οὖν,
2767 2217 2968 2270 ὅτιδιά
3013 2215 3110 2270 τοῦ
3170 2218 3370 2281 εἰπεῖν,
3431 2216 3682 2271 Παῦσον
3721 2216 3840 2284 τὴν·

560 2334 758 2376 omnes
807 2319 861 2373 in
901 2317 1222 2372 universum
1274 2329 1476 2384 pravos
1548 2329 1834 2368 sermones
1893 2329 2148 2383 compre-

2254 2308 2549 2378 γλῶσσάν
2565 2326 2682 2363 σου
2721 2309 2842 2363 ἀπὸ
2882 2309 3096 2374 κακοῦ,
3151 2309 3381 2363 καθόλου
3431 2309 3611 2362 πάντα
3679 2309 3838 2377 λόγον

561 2408 877 2472 hendit;at
901 2419 1052 2460 nunc
1076 2405 1143 2459 de
1173 2418 1342 2474 pravo
1373 2401 1612 2472 quodam
1669 2417 1734 2456 ac
1795 2403 1967 2472 magis
2020 2416 2149 2471 paro

2249 2401 2421 2454 κακὸν
2455 2401 2864 2472 συμπεριέλαὸε
2889 2413 2903 2434 ⁸
2929 2403 3025 2456 νῦν
3072 2402 3130 2455 δὲ
3195 2401 3586 2473 κατεξαίρετον
3635 2403 3837 2456 ἐπανὲ-

561 2498 780 2554 ticulari
809 2504 1012 2551 tractat
1042 2509 1321 2556 sermone,
1352 2492 1518 2546 veluti
1574 2492 1645 2547 de
1707 2492 1840 2546 vitio
1903 2494 2148 2545 omnium

2255 2491 2391 2544 λαὸε
2411 2491 2503 2544 τὸν
2524 2492 2697 2558 δόλον,
2724 2494 2796 2556 ὡς
2823 2493 3230 2563 χαλεπώτατον,
3255 2493 3342 2548 διὰ
3367 2493 3428 2546 τὸ
3451 2493 3706 2562 λαθραῖον
3736 2494 3836 2548 καὶ

565 2587 918 2661 gravissimo,
953 2600 1079 2640 cum
1109 2584 1461 2638 clandestine
1513 2583 1768 2651 componi
1829 2581 2044 2637 soleant
2086 2581 2141 2636 hi

2251 2583 2514 2650 ἄφυκτον,
2550 2583 2767 2654 πρῶτον
2793 2587 2903 2656 γὰρ
2936 2586 3125 2640 τοῦτον
3149 2585 3238 2639 τὸν
3293 2587 3369 2640 ἰὸν
3401 2588 3430 2640 ὁ
3471 2584 3706 2646 διάϐολος
3734 2585 3832 2648 ἑξ-

563 2680 701 2743 doli,
729 2687 897 2746 atque
920 2677 1044 2731 ideo
1079 2676 1245 2730 etiam
1281 2673 1510 2729 minime
1540 2675 1733 2729 evitari
1786 2673 2001 2744 possint
2033 2691 2046 2728 :
2078 2688 2142 2727 ac

2253 2673 2459 2742 ήμεσεν
2486 2674 2576 2727 ὅτε
2607 2676 2707 2747 τὴν
2757 2672 2903 2732 Εὕαν
2955 2678 3262 2748 ἠπάτησεν,
3303 2680 3396 2734 καὶ
3442 2679 3518 2746 ὠς
3571 2676 3834 2733 ἐπιπολα-

562 2771 731 2828 vcluti
764 2770 832 2826 de
855 2786 934 2833 re,
971 2783 1091 2839 quae
1118 2767 1173 2821 in
1205 2767 1466 2821 universo
1482 2782 1682 2838 genere
1713 2767 1955 2822 humano
1977 2781 2141 2836 quam

2253 2767 2418 2832 ζοντα
2450 2769 2654 2840 μᾶλλον
2687 2774 2798 2836 τοῖς
2821 2771 3154 2843 ἀνθρώποις.

565 2861 836 2918 latissime
867 2864 1075 2930 pateat,
1109 2851 1170 2911 in
1216 2856 1366 2928 quod
1419 2858 1490 2912 ab
1541 2857 1698 2912 initio
1741 2858 1995 2914 diabolus
2044 2857 2366 2915 lethil'erum
2424 2861 2526 2918 hoc
2577 2863 2731 2920 virus
2778 2866 3041 2930 evomuit,
3109 2865 3331 2936 quando
3383 2865 3614 2936 primum
3660 2863 3836 2920 Evam

564 2956 798 3026 decepit.

635 3045 805 3100 Vsus.
829 3044 920 3099 l5.
949 3043 1171 3099 Declina
1205 3061 1237 3098 a
1292 3041 1456 3106 malo,
1485 3052 1535 3098 et
1575 3044 1662 3114 [ac
1695 3043 1910 3100 bonum.
1943 3043 2144 3102 Consi-
2170 3054 2213 3110 ο

563 3142 694 3199 dera
745 3138 1010 3207 optimum
1067 3135 1319 3207 ordinem
1352 3154 1367 3192 :
1399 3137 1527 3205 quia
1577 3138 1745 3193 verba
1778 3139 1833 3191 in
1888 3148 2143 3208 promptu

563 3230 739 3301 magis
770 3237 922 3294 sunt,
945 3243 1108 3297 quam
1139 3226 1304 3293 facta,
1338 3227 1517 3298 primo
1547 3244 1575 3282 a
1608 3229 1790 3298 pravis
1823 3244 1926 3285 nos
1957 3231 2149 3285 admo-

566 3336 658 3379 net
693 3321 880 3378 verbis
905 3318 1295 3375 abstinendum
1328 3335 1450 3375 esse
1476 3335 1492 3373 :
1515 3319 1708 3375 Cohibe
1740 3321 1911 3388 enim,
1945 3323 2145 3392 inquit,

565 3415 805 3485 linguam
839 3422 985 3468 tuam
1021 3429 1057 3466 a
1081 3412 1245 3466 malo.
1301 3413 1496 3468 Sermo
1530 3417 1700 3480 enim,
1753 3425 1812 3469 ut
1868 3417 2148 3486 sapientes

566 3509 777 3570 dixere,
813 3508 900 3560 via
924 3505 1174 3576 quaedam
1217 3515 1299 3561 est
1356 3507 1422 3559 ad
1447 3507 1716 3562 actiones.
1741 3507 1817 3562 Ac
1844 3509 2041 3563 deinde
2079 3511 2149 3566 ab

565 3599 704 3670 ipsis
737 3597 902 3653 etiam
935 3596 1119 3665 pravis
1147 3597 1348 3650 avertit
1378 3597 1859 3666 Operibus,dicens
1888 3613 1903 3649 :
1928 3599 2150 3656 Declina

567 3714 601 3750 a
643 3693 810 3748 malo.
837 3691 906 3746 Et
933 3699 1366 3760 consequenter,
1425 3691 1664 3748 su‘blatis
1714 3694 2146 3764 impedimentis,

569 3801 674 3841 nos
704 3786 932 3855 insuper
951 3783 1018 3838 ad
1048 3784 1184 3839 bene
1215 3786 1557 3854 aperandum
1605 3785 1854 3850 adducit,
1899 3786 2093 3844 dicens
2130 3804 2145 3842 :

574 3876 640 3932 Et
673 3876 760 3945 {ac
790 3875 1002 3929 bonum.
1031 3873 1167 3930 Nam
1189 3875 1655 3944 quemadmodum
1683 3879 2149 3950 impossibileest,
2189 3937 2194 3944 ο

570 3968 850 4024 infirmum
881 3967 1117 4034 aliquem
1147 3965 1213 4020 ad
1239 3967 1532 4023 sanitatem
1563 3971 1806 4035 restitui,
1850 3971 1955 4028 nisi
1992 3975 2148 4042 prius

567 4076 599 4115 a
644 4060 837 4114 morbo
899 4059 1182 4125 liberetur,
1219 4058 1297 4113 ita
1333 4062 1498 4115 etiam
1545 4061 1886 4131 impossibile
1933 4074 2018 4122 cst
2048 4068 2150 4122 ali-

567 4166 731 4220 quem
760 4150 900 4208 bene
927 4151 1168 4220 opcrari,
1199 4150 1294 4220 qui
1325 4166 1354 4205 a
1391 4153 1543 4208 vitiis
1589 4156 1741 4222 prius
1781 4172 1891 4211 non
1919 4158 2147 4216 absces-

563 4244 722 4300 serit.
765 4243 904 4298 Illud
951 4243 1117 4298 etiam
1165 4243 1496 4309 considera,
1548 4248 1827 4316 quomodo
1871 4250 2148 4306 abstinere

567 4340 780 4388 tantum
803 4347 916 4387 non
942 4332 1138 4388 sullicit
1168 4346 1198 4386 a
1231 4333 1404 4397 vitiis,
1433 4336 1528 4389 sed
1565 4336 1726 4390 bonis
1755 4337 1922 4392 etiam
1954 4354 2149 4410 opera-

2321 3047 2653 3100 Ἔκκλινον
2689 3043 2808 3100 ἀπὸ
2852 3047 3066 3110 κακοῦ,
3117 3046 3217 3102 καὶ
3268 3045 3535 3116 ποίησον
3582 3047 3838 3119 ἀγαθόν.

2253 3140 2397 3211 Ὅρα
2421 3139 2574 3208 τάξιν
2605 3138 2869 3209 ἀρίστηνο
2902 3137 3093 3208 ἐπειδὴ
3142 3138 3252 3211 γὰρ
3300 3139 3647 3209 ἑτοιμότερος
3681 3143 3838 3198 ἐστιν

2248 3235 2276 3287 ό
2302 3234 2460 3300 λόγος
2498 3233 2601 3303 τῆς
2639 3231 2917 3301 πράξεως,
2971 3235 3232 3300 παραινεῖ
3280 3232 3498 3300 πρῶτον
3525 3233 3843 3303 ἀπέχεσθαι

2249 3323 2424 3376 κακοῦ
2453 3322 2635 3389 λόγον’
2672 3318 2921 3374 Παῦσον
2981 3317 3111 3388 γὰρ,
3169 3323 3324 3391 φησι,
3379 3326 3496 3388 τὴν
3542 3321 3838 3391 γλῶσσάν

2248 3432 2366 3472 σου
2403 3415 2523 3469 ἀπὸ
2553 3413 2767 3469 κακοῦο
2800 3415 2828 3466 ὁ
2872 3413 2982 3484 γὰρ
3018 3413 3189 3481 λόγος.
3231 3415 3348 3478 ὁδός
3381 3416 3531 3468 ἐστιν
3579 3417 3662 3480 είς
3690 3418 3841 3488 πρε-

2250 3505 2356 3572 ξιν,
2387 3508 2462 3568 ὡς
2490 3506 2538 3558 οί
2578 3505 2734 3574 σοφοὶ
2757 3503 3045 3572 λέγουσιν’
3098 3501 3222 3559 εἶτα
3268 3505 3576 3576 ἀποτρέπει
3609 3507 3706 3560 καὶ
3738 3506 3839 3561 τοῦ

2250 3599 2423 3653 κακοῦ
2481 3599 2809 3668 πράγματος
2839 3613 2854 3630 ⁶
2892 3601 3222 3654 Ἐκκλινον
3275 3597 3425 3670 γὰρ,
3481 3600 3666 3670 φησὶν,
3710 3600 3836 3655 ἀπὸ

2250 3691 2441 3747 κακοῦ
2472 3707 2487 3722 ·
2518 3693 2612 3746 καὶ
2663 3693 2805 3753 οὕτω
2859 3694 3052 3761 ἀνάγει
3106 3691 3242 3762 πρὸς
3275 3692 3373 3764 τὴν
3424 3692 3834 3765 ἀγαθοεργίαν,

2251 3783 2557 3855 προεξάξας
2611 3784 2724 3854 (2|)
2760 3784 2828 3838 τὰ
2891 3783 3112 3838 σκῶλα⁶
3166 3785 3357 3855 ὥσπερ
3399 3785 3508 3856 γὰρ
3547 3787 3836 3858 ἀμήχανον

2253 3876 2443 3945 ὑγείαν
2481 3876 2778 3934 ἀπολαϐεῖν
2810 3876 2891 3955 ,μὴ
2913 3876 3303 3948 ἀπαλλαγέντα
3336 3877 3438 3948 τῆς
3469 3879 3650 3942 νότου,
3691 3879 3841 3934 οὕτω

2251 3971 2347 4022 καὶ
2365 3969 2588 4039 ποιῆσαι
2618 3969 2823 4038 ἀγαθὸν
2849 3972 2926 4041 μὴ
2949 3970 3264 4025 ἀποστάντα
3288 3970 3383 4024 τοῦ
3405 3971 3602 4026 κακοῦ.
3629 3971 3841 4027 Σκόπει

2249 4059 2305 4112 δὲ
2335 4062 2416 4114 ὅτι
2444 4061 2544 4113 οὐκ
2597 4062 2761 4132 ἀρκεῖ
2815 4062 2974 4129 μόνον
3027 4062 3060 4130 ἡ
3109 4061 3290 4132 ἀποχὴ
3329 4061 3426 4120 τοῦ
3459 4060 3657 4128 κακοῦ,
3691 4062 3837 4116 ἁ).λά

2249 4153 2357 4224 χρὴ
2387 4155 2481 4207 καὶ
2509 4155 2734 4222 ποιῆσαι
2777 4155 2839 4208 τὸ
2869 4154 3099 4222 ἀγαθὸν,
3142 4157 3191 4206 εἰ
3224 4155 3300 4224 μὴ
3332 4155 3517 4225 μέλλει
3559 4173 3642 4219 τις
3695 4157 3844 4208 ἀπο-

2252 4250 2476 4317 σχέσθαι
2515 4249 2615 4319 μὲν
2660 4247 2754 4301 τοῦ
2787 4247 2981 4313 κακοῦ,
3040 4247 3116 4318 μὴ
3165 4248 3393 4319 ποιῆσαι
3425 4249 3481 4301 δὲ
3513 4249 3574 4300 τὸ
3620 4247 3791 4300 καλόν
3821 4263 3840 4280 ο

2250 4340 2364 4410 (92)
2399 4340 2461 4392 τδ
2495 4341 2612 4411 μὲν,
2641 4340 2727 4393 ἵνα
2757 4341 2833 4411 μὴ
2856 4339 3208 4412 τιμωρηθῇς·
3241 4340 3303 4392 τὸ
3332 4339 3410 4406 δὲ,
3441 4340 3527 4393 ἵνα
3567 4342 3841 4412 τιμηθῇς.

569 4423 816 4477 tionibus
841 4437 980 4491 upns
1018 4430 1124 4476 est.
1161 4419 1302 4494 [Vel
1339 4423 1495 4478 aliter
1526 4441 1539 4475 :
1581 4425 1801 4479 Declina
1836 4445 1867 4480 a
1904 4430 2066 4493 malo,
2100 4444 2146 4485 et

2255 4431 2394 4486 Καθ’
2426 4432 2612 4502 ἓτερον
2643 4433 2698 4485 δὲ
2727 4433 2908 4500 λόγον,
2943 4432 3038 4485 καὶ
3065 4433 3128 4484 τὸ
3160 4431 3237 4501 μὴ
3265 4431 3490 4501 ποιῆσαι
3521 4431 3578 4484 τὸ
3625 4433 3840 4497 ἀγαθὸν

564 4513 652 4581 {ac
681 4514 870 4570 bonum
894 4511 938 4584 :]
964 4514 1116 4576 illud,
1142 4530 1210 4568 ne
1238 4531 1396 4583 paena
1423 4517 1697 4582 alliclaris,
1722 4519 1824 4572 hoc
1853 4531 2060 4583 autem.
2089 4533 2150 4578 ut

569 4605 734 4659 etiam
771 4591 1083 4658 liouoreris.
1139 4606 1258 4660 Alia
1307 4608 1538 4673 ratione,
1597 4609 1727 4663 vitio
1765 4612 1849 4666 cui
1894 4606 2080 4681 datur,
2107 4616 2152 4672 si

565 4695 772 4751 bonum
815 4713 922 4750 non
957 4697 1121 4752 faciat
1151 4715 1164 4752 :
1201 4699 1330 4768 quia
1361 4701 1550 4755 inertis
1602 4717 1665 4755 ac
1694 4703 1872 4772 ignaii
1916 4706 2153 4765 hominis

561 4796 649 4842 est
675 4787 808 4841 nihil
844 4790 1084 4858 operari,
1121 4797 1287 4859 atque
1315 4789 1429 4846 otio
1458 4799 1792 4861 torpescere.

641 4876 862 4947 Inquire
888 4894 1092 4946 pacem,
1124 4889 1173 4932 et
1223 4895 1529 4950 persequere
1561 4897 1700 4936 eam.
1749 4881 1858 4940 Pax
1895 4896 1979 4940 est
2033 4903 2151 4942 om-

571 4969 723 5025 nium
759 4969 1028 5025 bonorum
1063 4980 1246 5040 caput,
1283 4987 1448 5041 quam
1485 4973 1774 5042 discipulis
1820 4977 1936 5032 suis
1967 4976 2152 5032 Domi-

567 5077 672 5116 nus
707 5063 874 5117 Veluti
903 5062 1274 5118 haereditatem
1298 5065 1588 5134 quamdam
1622 5067 1842 5137 reliquit
1876 5083 1888 5120 :
1932 5068 2148 5134 Pacem,

564 5153 842 5223 inquiens,
895 5170 1063 5208 meam
1091 5153 1158 5209 do
1195 5157 1358 5223 vobis,
1401 5173 1580 5225 pacem
1626 5157 1863 5227 relinquo
1911 5161 2051 5213 vobis
2076 5159 2141 5213 ⁸⁸.

565 5245 702 5302 Nam
734 5247 824 5315 qui
873 5261 1004 5317 erga
1041 5245 1208 5302 Deum
1252 5257 1309 5301 et
1357 5249 1607 5303 homines
1660 5250 1823 5302 luerit
1858 5248 2140 5320 paciﬁcus,

565 5341 614 5395 is
646 5338 916 5394 humanas
937 5339 1104 5393 etiam
1154 5339 1442 5409 passiones
1479 5335 1688 5395 omnes
1723 5351 1970 5409 superat.
2013 5340 2136 5396 Non

2248 4524 2410 4594 ἑτέρα
2441 4525 2523 4586 τίς
2553 4527 2669 4577 ἐστι
2715 4525 2905 4590 κακία,
2953 4525 3030 4589 ὡς
3070 4524 3240 4594 ἀργία
3275 4525 3368 4578 τοῦ
3405 4523 3596 4580 καλοῦ.
3646 4527 3840 4581 Κακία

2248 4618 2366 4670 ἐστὶ
2395 4616 2678 4688 προδήλως
2709 4618 2742 4688 ἡ
2774 4616 3001 4688 τοιαύτη
3033 4618 3223 4688 ἀργία.

2322 4876 2606 4946 Ζήτησον
2655 4877 2924 4948 εἰρήνην,
2966 4879 3065 4938 καὶ
3108 4878 3330 4943 δίωξον
3361 4880 3576 4947 αὐτὴν.
3645 4879 3713 4935 'H
3755 4883 3842 4935 εἰ-

2250 4971 2385 5042 ρήνη
2427 4971 2535 5023 τῶν
2600 4971 2821 5038 ἀγαθῶν
2877 4974 2994 5026 ἐστι
3048 4972 3110 5024 τὸ
3165 4972 3482 5042 κεφάλαιον,
3543 4975 3609 5044 ἣν
3659 4974 3754 5027 καὶ
3799 4975 3842 5026 '6

2247 5063 2454 5133 Κύριος
2485 5057 2574 5116 οἷά
2597 5080 2720 5115 τινα
2749 5063 2951 5135 κλῆρον
2993 5067 3106 5128 τοῖς
3135 5065 3330 5118 ἑαυτοῦ
3377 5065 3648 5136 μαθηταῖς
3695 5065 3840 5118 ἀποο

2250 5155 2504 5207 λέλοιπεν
2530 5170 2544 5183 °
2575 5153 2840 5222 Εἰρήνην
2877 5154 3007 5225 γὰρ,
3054 5157 3218 5226 φησὶ,
3255 5156 3372 5223 τὴν
3415 5155 3569 5224 ἐμὴν
3617 5156 3840 5225 ἀφίημι

2249 5246 2411 5316 ὑμῖν.
2463 5247 2524 5298 '0
2559 5249 2666 5316 γὰρ
2707 5247 3004 5316 είρηνεύων
3053 5248 3190 5318 πρὸς
3238 5247 3370 5300 Θεὸν
3423 5250 3516 5300 καὶ
3565 5247 3702 5318 πρὸς
3736 5249 3843 5300 ἀν-

2249 5340 2504 5411 θρώπους
2563 5340 2764 5404 παντὸς
2823 5339 3026 5404 πάθους
3111 5342 3456 5411 ὑπέρκειται.
3506 5341 3598 5410 Μὴ
3648 5341 3841 5396 τοίνυν

670 5481 715 5514 ⁶“
745 5480 883 5536 Gen.
917 5496 1083 5548 ιινιι,
1121 5481 1176 5538 9.
1255 5483 1300 5517 ⁸³
1329 5481 1532 5553 Ephes.
1565 5497 1616 5548 ν,
1650 5481 1739 5539 l6.
1821 5482 1866 5514 “
1914 5482 2075 5539 Joan.
2138 5504 2246 5553 τιν,
2276 5487 2369 5539 27.

1920 5575 2115 5639 Variae
2164 5580 2496 5642 lectiones.

780 5673 864 5750 ᾼΙ.
891 5677 1231 5750 Δπροεξάρας.

633 5741 747 5812 (ἓξ)
783 5741 1011 5804 Latinus
1049 5741 1321 5817 interpres
1348 5749 1544 5818 legisse
1577 5757 1837 5820 praeterea
1889 5752 2129 5809 videtur.

2241 5681 2322 5734 ἰι
2353 5680 2450 5731 καί
2477 5680 2714 5747 ἄλλως·
2757 5678 3046 5733 Ἐκκλινον
3083 5676 3194 5734 ἀπὺ
3235 5676 3432 5746 κακοῦ,
3467 5675 3561 5730 καὶ
3605 5671 3848 5745 ποίησον

2249 5750 2478 5820 ἀγαθόν.
