4078 6420
287 289 402 355 389

1466 292 1617 353 (ἸοΜ
1628 290 1861 357 ΜΕΝΤ.
1908 289 1990 349 ΙΝ
2025 289 2392 350 PSALMOS.

3461 293 3573 356 390

288 401 484 466 ἁπλῶς
511 402 763 475 ζητήσῃς
792 402 989 474 αὐτὴν,
1043 402 1183 458 ἀλλὰ
1234 403 1375 473 μετὰ
1422 404 1687 475 σπουδῆς.
1720 402 1891 457 Τοῦτο

2000 400 2168 468 igitur
2217 398 2548 469 simpliciter
2576 414 2603 451 τι
2654 398 2816 455 nobis
2864 398 3159 469 quaerenda
3191 410 3276 457 est
3306 416 3430 471 pax,
3478 410 3576 460 sed

287 498 402 566 γὰρ
428 494 530 549 νῦν
558 496 822 565 ἐμφαίνει
849 495 935 561 τὸ,
968 495 1183 560 δίωξον,
1209 497 1330 567 ἢτοι
1363 496 1725 562 καταδίωξον,
1767 496 1888 549 κατ’

289 586 442 658 ἴχνος
489 585 667 656 αὐτῆς
695 586 933 658 τρέχων,
968 586 1110 641 ὥστε
1149 587 1357 656 φθάσαι
1415 588 1514 642 καὶ
1556 587 1891 641 καταλαϐεῖν

302 680 503 750 αὐτήν.

374 855 710 926 Ὀρθαλιιοι
733 855 964 925 Κυρίου
992 856 1091 912 ἐπὶ
1116 856 1411 925 δικαίους,
1435 857 1533 912 καί
1560 852 1682 912 ὦτα
1699 856 1888 911 αὐτοῦ

287 948 377 1010 είς
407 944 633 1013 δέησιν
658 946 880 1004 αὐτῶν.
930 946 1239 1017 Ὀφθαλμοὶ
1266 948 1367 1018 μὲν
1396 948 1630 1021 Κυρίου,
1674 949 1709 1018 ὴ
1756 950 1889 1000 ἐπο-

294 1039 468 1110 πτικὴ
494 1038 670 1093 αὑτοῦ
715 1038 969 1110 δύναμις·
998 1033 1113 1093 ὦτα
1138 1040 1221 1106 δὲ,
1278 1041 1313 1111 ἡ
1363 1040 1689 1109 ἁκουστική.
1722 1038 1889 1108 Λέγει

292 1134 496 1198 τοίνυν,
526 1134 614 1186 ὅτι
656 1135 685 1187 ὁ
734 1132 871 1197 Θεὸς
904 1133 994 1189 διὰ
1025 1135 1227 1199 παντὸς
1253 1135 1427 1206 ἐφορᾷ
1459 1135 1588 1199 τοὺς
1619 1133 1886 1200 δικαίους,

300 1227 805 1299 ἐπευφραινόμενος
818 1232 943 1294 ταῖς
970 1229 1235 1298 πράξεσιν
1256 1229 1458 1283 αὐτῶν
1486 1229 1583 1281 καὶ
1608 1226 1888 1282 είσακούει

297 1321 391 1390 τῆς
429 1320 681 1386 δεήσεως
717 1320 949 1389 τούτων,
996 1319 1073 1386 ὡς
1127 1320 1286 1385 ἀξίας
1339 1318 1747 1375 είσακούεσθαι.
1800 1322 1889 1375 Δι-

295 1414 490 1477 καίους
514 1414 575 1467 δὲ
605 1412 704 1467 νῦν
742 1414 904 1468 καλεῖ
936 1415 1063 1478 τοὺς
1085 1415 1407 1484 ἐναρέτους.

360 1506 707 1574 Πρόσωπον
729 1505 800 1560 δὲ
828 1506 1051 1575 Κυρίου
1079 1504 1180 1559 ἐπὶ
1212 1505 1541 1573 ποιοῦντας
1567 1504 1748 1569 κακὰ,
1780 1505 1888 1561 τοῦ

286 1599 735 1668 ἑξολοθρεῦσαι
796 1599 868 1653 ἐκ
923 1598 1039 1667 τῆς
1082 1598 1151 1653 τὸ
1205 1600 1615 1668 μνημόσυνον
1662 1596 1884 1653 αὐτῶν.

300 1692 458 1763 Ὁρᾷ,
487 1692 650 1762 φησι,
702 1691 801 1745 καὶ
848 1691 979 1755 τοὺς
1006 1690 1076 1746 τὰ
1107 1691 1323 1761 πονηρὰ
1365 1690 1737 1763 πράσσοντας,
1768 1689 1887 1744 ἀλλ’

1994 506 2119 545 cum
2153 492 2359 556 studio,
2390 500 2451 546 ut
2481 493 2644 547 docet
2687 508 2790 549 nos
2832 492 3105 565 Propheta
3134 494 3256 561 \hoc
3309 496 3369 551 in
3430 496 3578 568 loco,

1994 587 2123 641 dum
2160 586 2239 639 ait
2270 602 2285 641 :
2326 584 2642 655 Persequere
2669 603 2804 641 eam.
2835 585 2915 642 Ac
2939 588 2985 644 si
3012 587 3219 643 diceret
3245 604 3261 645 ι
3293 588 3400 645 Per
3428 590 3576 647 illius

1994 678 2228 747 vestigia
2254 677 2415 733 vobis
2441 678 2777 733 currendum
2804 687 2910 746 est,
2938 688 2998 735 ut
3028 681 3425 750 praevenientes
3453 697 3573 738 eam

1994 767 2503 838 comprehendatis.

2065 859 2230 915 Vens.
2253 859 2342 915 16.
2378 859 2536 915 Oculi
2567 859 2780 915 Domini
2799 878 2955 932 super
2972 862 3170 933 justas,
3200 874 3252 919 et
3281 881 3435 921 aures
3462 867 3578 937 ejus

1990 953 2047 1007 in
2070 969 2249 1021 preces
2290 970 2491 1008 eorum.
2534 953 2641 1009 Per
2674 956 2895 1011 -oculos
2939 964 2994 1013 et
3031 972 3193 1014 aures
3223 959 3459 1027 Domini,
3492 962 3577 1016 vi.

1991 1044 2157 1099 dendi
2211 1054 2376 1116 atque
2439 1046 2702 1102 audiendi
2748 1049 3026 1117 powntias
3081 1050 3139 1105 in
3198 1066 3267 1107 eo
3315 1053 3580 1125 intellige.

1991 1132 2161 1201 Deus,
2221 1136 2424 1206 inquit,
2486 1151 2705 1207 semper
2762 1137 2914 1194 videt
2973 1138 3179 1207 iustos,
3238 1149 3295 1197 et
3355 1143 3575 1199 illorum

1990 1228 2305 1285 actionibus
2361 1229 2692 1297 delectatur,
2752 1240 2807 1286 et
2861 1246 3055 1300 preces
3099 1234 3349 1298 exaudit,
3389 1242 3578 1305 utpote

1988 1320 2239 1375 exaudiri
2267 1321 2483 1392 dignas.
2516 1320 2619 1378 Per
2641 1322 2821 1393 justos
2848 1332 3031 1379 autem
3058 1324 3162 1385 hoc
3191 1325 3386 1383 inloco
3431 1326 3577 1384 viros

1988 1412 2246 1483 intelligit
2282 1415 2431 1469 omni
2458 1416 2715 1484 praeditos
2743 1415 2968 1473 virtute.

2058 1504 2227 1561 Vens.
2279 1506 2368 1560 l7.
2418 1504 2607 1562 Vultus
2650 1517 2825 1563 autem
2870 1508 3081 1564 Domini
3127 1526 3283 1579 super
3320 1512 3577 1582 facientes

1989 1597 2153 1663 mala,
2187 1608 2241 1653 ut
2274 1600 2461 1668 perdat
2495 1602 2560 1656 de
2609 1612 2754 1655 terra
2794 1604 3122 1658 memoriam.
3153 1620 3357 1660 eorum.
3396 1603 3574 1673 Videt,

1990 1689 2191 1758 inquit,
2226 1690 2492 1748 Dominus
2520 1707 2616 1749 eos
2646 1692 2813 1749 etiam
2844 1693 2936 1763 qui
2972 1709 3138 1764 prava
3153 1709 3319 1765 opera
3342 1696 3575 1764 faciunt,

285 1788 348 1840 οὐ
368 1762 648 1855 καθάπερ
678 1785 809 1848 τοὺς
843 1782 1110 1848 δικαίους.
1159 1762 1437 1847 Ἐκείνους
1458 1782 1561 1854 μὲν
1584 1783 1715 1854 γὰρ,
1742 1782 1883 1836 ὥστε

1994 1798 2181 1837 \erutu
2219 1797 2330 1839 non
2356 1784 2549 1839 eodem
2585 1783 2750 1840 modo
2798 1762 2907 1854 quo
2935 1762 3154 1855 iustos;
3189 1762 3333 1842 istos
3348 1762 3571 1857 quidem

290 1880 590 1949 φυλάττειν
613 1894 628 1908 ⁸
664 1877 895 1942 τούτους
932 1876 1012 1944 δὲ,
1064 1875 1208 1931 ὥστε
1242 1875 1400 1940 δίκας
1432 1876 1884 1948 εἰσπράττεσθαι.

296 1975 404 2027 Καὶ
438 1973 628 2042 μέντοι
654 1973 766 2035 πᾶς
804 1971 1084 2036 τοιοῦτος,
1135 1970 1329 2043 καιροῦ
1368 1970 1686 2036 καλοῦντος,
1715 1971 1888 2026 ἀπόλ-

296 2066 545 2121 λυταιὲκ
577 2067 706 2137 γῆς,
757 2068 870 2119 εῑτε
916 2065 1147 2136 ταύτης,
1200 2063 1316 2118 εἴτε
1369 2063 1480 2118 τῶν
1537 2063 1885 2135 σωζομένων.

292 2160 703 2231 Φοδηθήτωσαν
729 2161 915 2214 τοίων
958 2161 1163 2219 πάντες
1214 2157 1265 2212 oi
1314 2156 1654 2227 ἁμαρτωλοὶ,
1702 2157 1780 2222 ὡς
1824 2159 1887 2213 οὐ

296 2250 657 2314 λανθάνοντες
693 2252 753 2303 ἐν
786 2246 869 2313 οἷς
900 2250 1255 2322 πράττουσιν.
1316 2250 1388 2301 ’Ἡ
1438 2248 1730 2318 πρόσωπον
1774 2251 1888 2303 Κυ-

314 2342 432 2413 ρίου
472 2342 614 2409 λέγει
638 2341 741 2412 τὴν
777 2343 837 2395 ὲν
880 2343 948 2411 τῇ
1008 2339 1281 2411 μελλούσῃ
1338 2338 1521 2408 κρίσει
1562 2338 1888 2408 ἐπιφάνειαν

357 2430 503 2497 ὑτοῦ,
534 2434 613 2486 ὅτε
644 2432 846 2505 πικρὸν
887 2433 1078 2496 αὐτοῖς
1136 2431 1403 2503 ἑμόλέᾴει
1455 2431 1550 2484 καὶ
1589 2431 1884 2502 αὐστηρόν.

394 2696 751 2764 Ειέλιραξαν
778 2701 833 2752 oi
864 2697 1105 2760 δίκαιοι,
1140 2696 1243 2750 καί
1290 2698 1323 2751 d
1367 2695 1584 2764 Κύριος
1608 2693 1889 2763 εἰσήκου-

292 2808 411 2849 σεν
432 2788 658 2856 αὐτῶν,
692 2790 791 2844 καὶ
820 2790 893 2847 ἐκ
946 2787 1165 2843 πασῶν
1213 2788 1335 2843 τῶν
1373 2789 1643 2858 θλίψεων
1689 2786 1891 2843 αὐτῶν

290 2883 594 2949 ἑρῤὐσατο
641 2884 889 2950 αὐτούς.
957 2885 1020 2937 '0
1079 2882 1154 2955 μὴ
1207 2885 1337 2953 περὶ
1387 2882 1750 2953 χαμαιζήλων
1794 2881 1890 2935 καὶ

290 2975 503 3045 γηΐνων
554 2974 902 3045 αἰτούμενος,
956 2974 1096 3029 ἀλλὰ
1152 2974 1406 3045 μεγάλων
1450 2975 1546 3027 καὶ
1591 2973 1886 3045 οὐρανίων,

289 3073 343 3125 sl
384 3072 483 3127 καὶ
521 3072 656 3142 σιγᾷ
688 3074 754 3141 τῇ
786 3068 1030 3141 γλώσσῃ,
1050 3069 1189 3125 ἀλλά
1210 3086 1273 3137 γε
1303 3068 1382 3139 τῷ
1410 3069 1487 3140 νῷ
1527 3069 1724 3140 κράζει
1751 3086 1887 3140 τρα-

292 3161 423 3226 νῶς,
456 3160 615 3232 καὶὴ
651 3161 873 3232 κραυγὴ
924 3159 1091 3216 αὑτοῦ
1132 3159 1330 3229 φθάνει
1369 3159 1534 3231 μέχρι
1562 3159 1674 3213 τῶν
1705 3158 1887 3215 ἀκοῶν

294 3256 387 3309 τοῦ
410 3254 577 3313 Θεοῦ.
615 3255 815 3310 Ἔνθεν
862 3271 945 3309 τοι
995 3253 1094 3308 καὶ
1147 3252 1535 3317 είσακούεται,
1570 3252 1667 3306 καὶ
1699 3250 1888 3322 ῥύεται

294 3348 478 3418 πάσης
505 3347 769 3417 θλίψεωςο
802 3346 963 3401 τοῦτο
1014 3346 1140 3417 μὲν,
1174 3344 1658 3413 ἀπαλλαττόμενος
1692 3345 1887 3414 αὐτῆς,

294 3440 458 3494 τοῦτο
486 3440 549 3494 δὲ
590 3439 763 3494 νικῶν
814 3442 882 3510 τῇ
940 3438 1219 3511 καρτερία
1256 3437 1358 3510 τὴν
1416 3436 1668 3492 ἐπίθεσιν
1692 3437 1887 3506 αὐτῆς.

301 3535 371 3588 Ἦ
432 3535 533 3589 καὶ
573 3532 737 3589 τοῦτο
774 3533 1047 3605 λύτρωσίς
1097 3534 1268 3598 ἐστιν,
1317 3532 1395 3597 ὡς
1435 3532 1497 3586 ἐν
1522 3531 1707 3595 ἄλλοις
1734 3530 1890 3601 είρή-

298 3645 501 3701 καμεν.

380 3808 602 3880 Ἐπὺς
631 3810 848 3878 Κύριος
884 3807 1009 3873 τοῖς
1031 3806 1566 3875 συντετριμμένοις
1600 3804 1716 3874 τὴν
1748 3821 1892 3871 καρ-

296 3905 462 3959 δίαν.
517 3903 579 3957 '0
643 3901 746 3974 μὲν
795 3900 929 3963 Θεὸς
980 3899 1048 3953 δι’
1095 3897 1436 3968 ἁγαθότητος
1504 3899 1672 3951 πᾶσιν
1726 3895 1891 3965 ἐγγύς

294 3999 442 4062 ἐστι,
475 3994 615 4066 φησι
637 3993 767 4065 γάρ’
808 3991 953 4059 Θεὸς
1000 3990 1244 4062 ἐγγίζων
1270 3990 1401 4061 ,ἐγὼ
1450 3992 1587 4060 είμυ
1641 3990 1805 4060 ἡμεῖς
1835 3988 1894 4041 δὲ

293 4092 387 4145 διὰ
418 4089 734 4161 μοχθηρίαν
774 4087 995 4160 μακρὰν
1030 4087 1197 4141 αὑτοῦ
1228 4086 1495 4156 γινόμεθα
1530 4102 1548 4119 ο
1580 4086 1714 4155 φησὶ
1738 4086 1847 4153 γάρ
1875 4100 1890 4115 ⁸

308 4185 473 4240 Ἰδοὺ
502 4186 560 4237 oi
590 4183 1005 4252 μακρύνοντες
1021 4180 1277 4246 ἑαυτοὺς
1302 4180 1422 4234 ἀπὸ
1448 4177 1567 4233 σοῦ
1590 4176 1895 4231 ἀπολοῦν-

294 4296 417 4333 ται.
454 4276 920 4347 Συντετριμμένοι
946 4276 1002 4329 δὲ
1031 4276 1132 4347 τὴν
1160 4274 1416 4346 καρδίαν.
1456 4274 1507 4327 οἱ
1549 4287 1893 4339 κατανενυγ-

301 4372 462 4441 μένοι
523 4369 622 4422 ἐπὶ
649 4370 764 4432 τοῖς
817 4367 1029 4421 ἑαυτῶν
1085 4367 1473 4437 ἁμαρτήμασι.
1531 4366 1746 4435 Σφόδρα
1786 4363 1895 4433 γὰρ

298 4462 594 4535 συντρίϐει
622 4460 686 4515 τὸ
718 4464 978 4533 φρόνημα
1004 4461 1040 4529 ἡ
1067 4457 1385 4523 κατάνυξις.

369 4639 488 4695 Kal
526 4638 672 4704 τοὺς
699 4636 1020 4702 ταπεινοὺς
1047 4634 1127 4701 τῷ
1148 4635 1444 4703 πνεύματι
1476 4632 1683 4688 σώσει.
1720 4634 1903 4704 Προη-

298 4738 488 4804 γείται
534 4732 637 4803 μὲν
689 4732 723 4800 ὴ
772 4728 1085 4793 κατάνυξις’
1123 4725 1320 4780 ἕπεται
1369 4726 1425 4778 δὲ
1479 4726 1513 4796 ἡ
1543 4725 1899 4787 ταπείνωσις.

304 4829 398 4899 Τῷ
432 4825 716 4897 πνεύματι
742 4824 801 4877 δὲ
836 4822 1153 4887 ταπεινοὺς,
1208 4821 1330 4888 ἦτοι
1372 4822 1438 4890 τῇ
1486 4820 1660 4890 ψυχῇ,
1689 4821 1783 4873 καὶ
1824 4819 1901 4890 μὴ

309 4920 388 4990 τῷ
416 4919 661 4990 σώματι,
685 4917 713 4971 ὅ
739 4918 857 4969 ἐστι
881 4913 961 4984 τῷ
992 4913 1259 4984 σχήματι,
1300 4913 1435 4983 μηδὲ
1460 4912 1541 4983 τῷ
1570 4912 1739 4983 λόγῳ,
1766 4911 1904 4982 μηδὲ

311 5012 372 5077 ἐξ
393 5013 651 5080 ἀνάγκης
683 5010 850 5072 τινός.

376 5102 621 5159 Πολλοὶ
658 5104 719 5158 al
753 5104 990 5172 θλΙψεις
1022 5100 1143 5155 τῶν
1167 5098 1434 5165 δικαίων,
1464 5098 1561 5152 καὶ
1592 5098 1662 5152 ἐκ
1686 5096 1903 5152 πασῶν

304 5196 515 5254 αὐτῶν
540 5199 794 5266 ῥύσεται
845 5196 1071 5262 αὐτοὺς
1114 5196 1147 5248 ὸ
1186 5195 1425 5263 Κύριος.
1479 5193 1767 5262 Συγχωρεῖ
1805 5192 1905 5261 μὲν

307 5293 423 5363 γὰρ
469 5294 501 5345 ὁ
541 5289 753 5361 Κύριος
786 5288 1071 5343 κατελθεῖν
1102 5286 1303 5350 αὐτοὺς
1341 5289 1423 5350 είς
1468 5285 1530 5339 τὸ
1562 5285 1662 5355 τῆς
1702 5284 1908 5356 ἀρετῆς

308 5384 645 5454 γυμνάσιον·
691 5382 792 5435 οὐκ
831 5382 897 5452 ἑᾷ
945 5380 1003 5433 δὲ
1036 5378 1144 5433 τῶν
1188 5378 1369 5431 πόνων
1419 5378 1713 5448 ἡττᾶσθαι,
1766 5377 1909 5446 ὅπερ

1986 1874 2137 1928 videt
2162 1884 2221 1928 ut
2250 1874 2546 1939 custodiat,
2586 1874 2711 1930 illos
2748 1884 2929 1931 autem
2978 1884 3042 1931 ut
3091 1876 3304 1946 perdat,
3335 1886 3394 1933 ut
3426 1893 3575 1935 con-

1988 1965 2236 2031 demuet,
2296 1974 2356 2021 ut
2420 1980 2613 2037 pinnas
2670 1966 2739 2022 ab
2777 1967 2861 2021 eis
2925 1965 3126 2037 exigat.
3164 1966 3376 2025 Pravus
3424 1971 3574 2027 enim

1988 2058 2225 2129 quilibet
2257 2067 2470 2115 statuto
2498 2074 2528 2113 ιι
2560 2057 2671 2114 Deo
2706 2067 2953 2129 tempore
2993 2059 3139 2131 perit
3157 2061 3227 2117 de
3257 2070 3425 2127 terra,
3458 2064 3577 2120 sive

1988 2151 2132 2207 hanc
2166 2152 2354 2207 mundi
2389 2160 2595 2208 terram
2634 2152 2932 2222 intelligas.
2976 2154 3094 2210 sive
3117 2162 3321 2212 terram
3358 2171 3576 2225 eorum,

1987 2244 2083 2315 qui
2124 2244 2431 2300 salvantur.
2476 2244 2729 2300 Tiuieant
2774 2244 2942 2315 igitur
2992 2260 3184 2302 omnes
3236 2258 3577 2317 peccatores,

1988 2351 2115 2390 cum
2162 2352 2354 2393 eorum
2393 2336 2588 2392 delicta
2626 2337 2794 2392 Deum
2851 2337 3078 2393 minime
3125 2339 3354 2395 lateant.
3412 2341 3577 2398 Potes

1987 2430 2153 2486 etiam
2214 2444 2314 2500 per
2362 2430 2571 2485 vultum
2638 2429 2857 2486 Domini
2919 2430 3220 2499 intelligere
3276 2431 3574 2487 adventum

1987 2524 2130 2594 ejus,
2167 2524 2220 2578 in
2266 2521 2457 2579 futuro
2491 2522 2724 2593 judicio,
2768 2523 2990 2595 quando
3016 2538 3215 2581 severo
3267 2538 3333 2580 ac
3376 2524 3579 2581 acerbo

1990 2616 2143 2671 vultu
2179 2632 2276 2673 eos
2305 2616 2553 2688 aspiciet.

2063 2705 2228 2763 Vens.
2263 2707 2350 2763 18.
2381 2706 2929 2777 Clantavsruntjusti,
2953 2716 3005 2763 et
3034 2706 3580 2763 Dominusexaudivit

1991 2810 2165 2861 eos,et
2186 2814 2252 2853 ea:
2272 2800 2517 2855 omnibus
2537 2799 2965 2855 tribulationibus
2992 2817 3175 2855 eorum
3203 2801 3442 2855 liberavit
3466 2818 3577 2856 eos.

1992 2891 2095 2956 Qui
2138 2899 2356 2946 terrena
2388 2900 2553 2961 atque
2580 2892 2805 2946 humilia
2844 2893 2986 2950 votis
3022 2908 3130 2947 non
3162 2901 3447 2962 expetunt,
3479 2895 3576 2950 sed

1993 2984 2247 3039 coelestia
2298 3000 2362 3041 ac
2392 2984 2673 3049 sublimia,
2698 2984 2915 3041 tametsi
2942 2986 3127 3055 lingua
3147 2985 3369 3051 sileant,
3399 2994 3580 3041 mente

1996 3083 2176 3129 tamen
2204 3088 2268 3130 ac
2301 3074 2495 3145 spiritu
2524 3075 2703 3145 palam
2737 3076 3002 3140 clamant,
3035 3083 3092 3131 et
3137 3090 3330 3131 eorum
3370 3075 3581 3131 clamor

1998 3179 2166 3235 quam
2221 3164 2483 3221 facillime
2538 3166 2790 3235 pervenit
2823 3166 2890 3221 ad
2924 3180 3089 3222 aures
3122 3164 3339 3221 Domini
3375 3183 3391 3220 :
3435 3165 3582 3222 unde

1996 3259 2162 3315 etiam
2192 3258 2594 3322 exaudiuntur,
2626 3267 2680 3313 et
2709 3258 2777 3312 ub
2802 3258 2953 3313 omni
2981 3257 3295 3329 eripiuntur
3322 3257 3584 3313 tentatio-

1999 3366 2068 3406 ne
2100 3366 2164 3406 ac
2193 3350 2438 3411 miseria,
2470 3349 2553 3405 vel
2590 3349 2721 3419 quia
2767 3350 2837 3405 ab
2870 3350 3020 3404 omni
3053 3349 3384 3405 adversitate
3409 3363 3439 3402 a
3473 3348 3585 3404 Deo

1997 3442 2324 3506 liberantur,
2375 3440 2458 3497 vel
2506 3443 2636 3513 quia
2676 3441 3003 3497 fortitudine
3050 3452 3215 3510 atque
3264 3442 3579 3495 constantia

2000 3549 2221 3589 omnem
2276 3532 2596 3588 amictiouis
2649 3534 2917 3604 impetum
2968 3540 3281 3603 superant;
3317 3547 3439 3602 qua:
3492 3547 3583 3587 res

1999 3626 2165 3681 etiam
2189 3623 2445 3683 liberatio
2492 3624 2721 3689 dicitur,
2772 3634 2831 3679 ut
2869 3624 2993 3679 aliis
3026 3624 3081 3678 in
3108 3623 3244 3678 locis
3283 3622 3589 3677 declaravi-

1998 3733 2148 3775 ntus.

2074 3810 2247 3869 Vens.
2288 3812 2376 3867 i9.
2412 3810 2585 3879 Prope
2630 3820 2705 3866 est
2752 3809 3009 3864 Dominus
3056 3808 3299 3863 omnibus
3344 3806 3587 3862 contritis

2004 3904 2183 3957 corde.
2219 3904 2364 3959 Deus
2400 3904 2622 3973 quidem
2653 3903 2722 3957 ob
2755 3917 3029 3957 summam
3052 3900 3174 3970 ejus
3191 3900 3585 3969 benignitatem

2004 3994 2268 4051 omnibus
2322 4010 2495 4064 prope
2562 4001 2666 4050 est.
2722 3995 2815 4048 Ait
2874 3992 3024 4048 enim
3082 4006 3178 4061 per
3212 3991 3584 4060 prophetam:

2003 4086 2145 4143 Deus
2173 4088 2607 4157 appropinquans
2640 4101 2734 4155 ego
2757 4100 2873 4139 sum
2892 4084 2959 4135 ”.
3007 4082 3208 4137 Verum
3242 4096 3342 4135 nos
3367 4081 3589 4135 sceleri-

2004 4179 2109 4233 bus
2151 4180 2357 4232 nostris
2384 4179 2545 4248 longe
2585 4177 2656 4231 ab
2712 4190 2778 4232 eo
2843 4173 3205 4229 discedimus.
3246 4171 3380 4225 Ecce
3417 4173 3589 4237 cnim,

2006 4272 2187 4341 inquit
2222 4270 2353 4325 alibi
2406 4268 2701 4341 Propheta,
2733 4269 2770 4321 ii
2798 4268 2889 4335 qui
2938 4266 3182 4335 elongant
3212 4266 3409 4333 seipsos
3452 4280 3483 4317 a
3515 4273 3590 4329 te,

2004 4364 2247 4433 peribunt
2268 4364 2333 4417 ⁸⁸.
2392 4362 2674 4418 Contritos
2744 4373 2925 4415 autem
2976 4359 3142 4414 corde
3177 4372 3273 4412 eos
3328 4357 3589 4425 appellat,

1934 4481 1978 4537 ι)
2010 4458 2104 4529 qui
2135 4459 2202 4513 de
2236 4458 2473 4529 propriis
2503 4455 2747 4525 peccatis
2776 4452 3097 4523 compuncti
3132 4460 3281 4505 sunt.
3310 4450 3593 4518 Compuli-

2009 4552 2122 4605 ctio
2152 4552 2299 4605 enim
2338 4550 2655 4619 superbiam
2702 4562 2765 4600 ac
2820 4545 3019 4600 fastum
3056 4542 3296 4597 uinxime
3332 4543 3593 4596 conterit.

2080 4641 2153 4696 Et
2177 4643 2399 4697 humiles
2430 4642 2623 4710 spiritu
2663 4639 2912 4693 salvabit.
2966 4635 3235 4690 Pure-edit
3262 4634 3409 4688 enim
3441 4648 3595 4687 com-

2008 4735 2260 4806 punctio,
2299 4742 2353 4789 et
2381 4733 2737 4802 subsequitur
2756 4728 3086 4784 humiliatio.
3110 4725 3380 4781 Humilem
3409 4735 3592 4780 autem

2009 4830 2211 4899 spiritu
2253 4827 2410 4892 dixit,
2437 4827 2541 4881 hoc
2567 4834 2674 4890 est,
2704 4823 2910 4878 animo.
2950 4820 3083 4875 Nam
3120 4836 3350 4889 corpore
3378 4828 3593 4873 tantum

2006 4930 2105 4976 aut
2139 4929 2321 4991 gestu,
2374 4935 2472 4975 seu
2512 4919 2716 4984 verbis,
2759 4926 2852 4971 aut
2886 4915 2992 4970 alia
3025 4915 3222 4986 quavis
3260 4913 3595 4969 necessitate

2008 5015 2270 5081 humiles,
2307 5013 2419 5068 Deo
2448 5014 2588 5083 grati
2617 5027 2729 5066 non
2762 5020 2919 5067 sunt.

2081 5104 2246 5160 Vsus.
2301 5105 2395 5160 20.
2451 5104 2630 5159 Multis
2690 5102 3056 5157 tribulationes
3103 5102 3472 5170 justorum,et
3531 5098 3598 5150 de

2006 5199 2248 5253 omnibus
2284 5198 2364 5251 Itis
2387 5197 2630 5251 liberabit
2661 5214 2746 5252 eos
2771 5196 3046 5250 Dominus.
3065 5193 3341 5249 Permittit
3370 5189 3593 5259 quidem

2006 5306 2104 5348 eos
2156 5289 2422 5345 Dominus
2474 5290 2527 5343 in
2562 5288 2786 5343 virtutis
2833 5285 3178 5359 gymnasium
3231 5278 3594 5342 descendere,

2008 5383 2104 5440 sed
2129 5396 2238 5437 non
2271 5382 2400 5437 sinit
2439 5382 2688 5451 superari
2719 5396 2750 5433 a
2788 5376 3065 5432 laboribus
3100 5391 3115 5428 :
3150 5372 3293 5443 quod
3328 5380 3510 5424 tamen
3542 5378 3597 5423 et

306 5478 428 5531 ἐστὶ
464 5479 622 5547 νίκη,
672 5474 863 5537 καθὼς
906 5472 1259 5544 προείρηται.
1316 5471 1410 5524 Διό
1455 5486 1643 5542 φησιν·
1685 5471 1788 5525 Ἐν
1830 5469 1891 5534 τι]

2011 5474 2242 5530 victoria
2266 5482 2574 5545 reputatur,
2605 5482 2660 5527 ut
2690 5470 3041 5543 praediximus
3069 5464 3089 5538 [
3116 5473 3171 5521 et
3193 5464 3413 5519 illorum
3444 5460 3593 5516 laudi

307 5571 520 5643 κόσμῳ
571 5566 790 5638 autem
819 5566 990 5632 ἕξετε
1011 5582 1026 5597 ο
1059 5563 1219 5620 ἀλλὰ
1250 5562 1525 5633 θαρσεῖτε
1550 5577 1567 5595 ο
1613 5562 1708 5616 καὶ
1738 5562 1839 5616 ὅσα
1884 5581 1891 5614 ε

2020 5562 2363 5631 ascribitur].
2413 5564 2595 5633 Atque
2633 5560 2758 5618 ideo
2805 5559 2936 5616 alibi
2982 5557 3125 5615 dicit
3158 5553 3475 5612 Dominus:
3527 5549 3596 5604 In

353 5749 398 5785 ⁸⁸
419 5750 637 5808 Jerem.
659 5762 827 5813 astu,
850 5743 945 5799 25.
1002 5744 1047 5776 ⁸*
1073 5741 1220 5799 Psal.
1253 5756 1430 5810 mm,
1448 5740 1539 5797 27.
