4078 6424
485 303 591 371 391

495 421 692 477 mundo
735 418 1134 474 tribulationem
1168 416 1449 483 habebitis,
1494 416 1585 470 sed
1621 415 1869 485 conﬁdite
1894 415 1978 480 ";
2029 423 2083 468 ct
2108 420 2159 478 Α

494 513 796 585 Apostolus
823 529 836 566 :
872 509 940 564 In
985 512 1228 565 omnibus
1258 508 1501 562 tributati
1540 509 1690 575 estis,
1721 506 1812 562 sed
1840 522 1943 561 non
1981 522 2087 559 an-

493 606 717 678 gustiati
739 604 807 669 ‘3,
843 614 897 659 et
928 603 1099 656 multa
1125 603 1230 657 alia
1259 601 1534 656 habentur
1571 599 1918 668 huiusmodi.

569 697 732 753 Vsus.
762 696 855 750 21.
911 694 1154 750 Custodit
1207 693 1469 748 Dominus
1512 693 1692 747 omnia
1727 708 1849 746 ossa
1877 707 2084 758 eorum,

495 804 661 842 unum
692 802 758 841 ea:
784 786 865 840 his
895 801 996 839 non
1032 795 1347 839 conteretur.
1378 785 1544 855 Atqui
1595 785 1892 838 multorum
1935 796 2088 837 mar-

493 890 674 951 tyrum
707 894 833 934 ossa
866 881 1105 933 contrita
1160 885 1310 932 sunt.
1347 874 1544 931 Verum
1577 876 1744 930 homo
1777 889 1884 929 non
1909 873 2088 929 solum

494 970 543 1024 is
596 967 831 1031 dicitur,
875 965 968 1036 qni
1000 966 1242 1020 exterior
1285 974 1387 1030 est,
1443 965 1546 1019 lioc
1595 971 1684 1019 est
1736 977 1846 1017 non
1906 961 2087 1017 solum

497 1062 680 1132 ipsum
709 1074 936 1130 corpus,
979 1059 1074 1114 sed
1108 1059 1273 1112 etiam
1297 1058 1390 1127 qui
1416 1057 1672 1121 interior,
1702 1056 1807 1109 hoc
1835 1064 1920 1109 est
1972 1055 2089 1124 ipsa

495 1154 702 1215 anima,
730 1167 855 1221 quae
886 1165 986 1207 sua
1007 1153 1174 1207 etiam
1197 1152 1444 1207 membra
1470 1151 1672 1206 habere
1701 1148 1929 1214 dicitur,
1948 1147 2092 1202 sicut

495 1250 552 1300 et
581 1258 809 1314 corpus,
840 1252 1008 1314 atque
1039 1243 1254 1298 eisdem
1278 1243 1601 1300 nominibus
1640 1240 1924 1296 distincta.
1952 1238 2090 1293 Nam

497 1350 624 1391 cutn
657 1336 892 1406 legimus
927 1350 942 1389 :
979 1335 1294 1390 Mandatum
1336 1335 1553 1389 Domini
1583 1335 1843 1399 lucidum,
1885 1333 2091 1387 illumi-

495 1442 631 1481 nans
661 1427 843 1485 oculos
878 1428 924 1458 “
949 1444 964 1495 ;
993 1428 1121 1482 item
1156 1445 1169 1481 :
1202 1425 1307 1492 Qui
1333 1427 1488 1480 habet
1512 1442 1669 1480 aures
1697 1423 1950 1478 audiendi
1990 1440 2091 1477 au-

495 1520 605 1573 diat
630 1518 678 1551 ⁷⁶
704 1535 721 1587 ;
763 1520 849 1574 vel
883 1536 897 1574 :
924 1518 999 1574 0s
1021 1535 1191 1574 meum
1227 1519 1411 1588 aperui
1441 1528 1489 1572 et
1522 1519 1725 1572 attraxi
1744 1517 1989 1587 spiritum
2005 1516 2045 1548 ⁷⁸
2072 1530 2088 1582 ;

500 1618 560 1666 et
579 1629 595 1667 :
616 1610 808 1665 Dentes
835 1628 1018 1665 eorum
1048 1612 1342 1665 contrivisti
1361 1613 1439 1678 ";
1470 1610 1624 1678 item,
1648 1610 1889 1665 Ventrem
1917 1624 2092 1663 meum

495 1701 648 1755 doleo
668 1699 744 1767 ⁷⁸;
771 1708 889 1766 aut,
914 1698 1012 1754 Pes
1027 1700 1161 1769 justi
1186 1715 1290 1754 non
1319 1699 1545 1769 oﬁ'endet
1572 1700 1639 1765 ⁷⁸,
1669 1710 1723 1754 et
1755 1700 1865 1753 alia
1901 1699 2091 1769 hujus-

1698 299 2086 364 EUTHYMII
2112 296 2479 360 zmABENI
2540 264 2549 271 ”

3664 296 3781 359 392

2197 409 2546 475 ’Δπόστολος’
2578 410 2681 466 Ἑν
2707 407 2889 463 παντί
2923 406 3287 475 θλιϐόμενοι,
3312 404 3452 462 ἀλλ’
3476 406 3550 461 οὐ
3571 421 3785 463 στενο-

2188 505 2580 574 χωρούμενοι.

2261 680 2577 737 dividam
2608 679 2827 749 Κύριος
2883 678 3085 733 πάντα
3138 677 3213 732 τὰ
3257 676 3413 734 ὀστᾶ
3454 675 3677 742 αὐτῶν,
3714 675 3789 731 ἓν

2187 772 2260 838 ἐξ
2284 771 2485 827 αὐτῶν
2505 773 2578 826 οὺ
2602 769 3094 840 συντριϐήσεται.
3127 770 3241 825 Καὶ
3273 770 3382 841 μὴν
3405 768 3621 823 πολλῶν
3647 787 3791 840 μαρ-

2188 866 2372 938 τύρων
2425 863 2828 935 συνετρίϐησαν
2856 881 2871 896 ’
2910 863 3027 917 ἀλλ’
3066 863 3192 916 ἐπεὶ
3234 860 3529 933 ἄνθρωπος
3563 863 3787 931 λέγεται

2190 958 2290 1027 οὐχ
2315 959 2343 1010 ὁ
2363 957 2525 1019 ἐκτὸς
2563 956 2746 1027 μόνον,
2771 957 2894 1029 ἦτοι
2927 957 2992 1011 τὸ
3027 954 3208 1025 σῶμα,
3245 956 3383 1011 ἀλλὰ
3432 957 3526 1010 καί
3549 958 3578 1010 δ
3608 957 3785 1021 ἐντὸς,

2187 1049 2476 1104 τουτέστιν
2505 1049 2539 1119 ἡ
2563 1049 2734 1119 ψυχὴ,
2777 1049 2894 1120 ἔχει
2928 1049 3152 1113 πάντως
3189 1051 3285 1102 καὶ
3331 1047 3468 1119 μέλη
3511 1048 3787 1119 ὁμώνυμα

2191 1143 2306 1204 τοῖς
2334 1140 2432 1195 τοῦ
2476 1140 2757 1213 σώματος,
2793 1142 2871 1204 ὡς
2913 1141 2997 1194 τό·
3030 1140 3105 1196 Ἥ
3152 1140 3375 1209 ἐντολὴ
3407 1141 3650 1209 Κυρίου,
3685 1157 3787 1209 τη-

2190 1234 2447 1304 λαυγὴς,
2511 1233 2859 1303 φωτίζουσα
2916 1233 3290 1303 ὀφθαλμοὺς,
3351 1232 3596 1305 δηλονότι
3654 1234 3790 1296 τοὺς

2190 1327 2292 1397 τῆς
2322 1325 2524 1397 ψυχῆς
2553 1327 2673 1380 καί·
2721 1325 2785 1378 Ὃ
2810 1325 2971 1393 ἔχων
3004 1320 3129 1380 ὦτα
3172 1324 3446 1387 ἀκούειν,
3474 1323 3743 1378 ἀκουέτω
3768 1339 3787 1359 ο

2194 1420 2312 1474 καίο
2350 1419 2421 1473 Τὸ
2447 1420 2646 1488 στόμα
2669 1433 2792 1488 μου
2825 1416 3064 1485 ἤνοιξα,
3096 1417 3197 1474 καὶ
3228 1418 3493 1472 saxum:
3527 1415 3787 1484 πνεῦμαο

2193 1511 2310 1566 καί·
2342 1510 2621 1578 Ὀδόντας
2649 1509 3019 1580 ἁμαρτωλῶν
3060 1507 3467 1579 συνέτριψαςο
3498 1508 3634 1564 καί·
3670 1510 3792 1577 Τὴν

2193 1604 2437 1659 κοιλίαν
2461 1620 2582 1673 μου
2618 1602 2809 1674 ἀλτῶο
2846 1601 2965 1657 καίο
3007 1602 3062 1655 '0
3109 1602 3264 1670 ποὺς
3301 1603 3410 1657 τοῦ
3442 1602 3681 1657 δικαίου
3715 1605 3791 1657 οὐ

2190 1696 2279 1765 μὴ
2307 1697 2658 1766 προσκόψῃ,
2712 1699 2808 1750 καὶ⁵
2833 1696 2959 1749 ὅσαι
2987 1685 3240 1749 τοιαῦται
3269 1695 3533 1765 δυνάμεις
3561 1694 3664 1765 τῆς
3686 1694 3792 1766 ψυ-

495 1791 644 1847 modi
674 1808 690 1846 :
720 1806 832 1847 non
878 1793 1152 1863 corporis,
1193 1793 1288 1848 sed
1316 1794 1516 1847 animae
1560 1792 1805 1847 membra
1838 1792 2090 1862 intelligi-

2197 1762 2319 1860 άῆς.
2347 1762 2538 1853 ὸῦτως
2688 1786 2784 1842 καὶ
2816 1788 2913 1841 νῦν
2937 1788 3074 1841 ὀστᾶ
3095 1787 3249 1856 λέγει
3272 1762 3790 1859 τοὺςνστερεοῧντας

494 1896 640 1938 nius.
694 1880 854 1938 Unde
909 1890 966 1938 et
1022 1897 1174 1938 nunc
1212 1896 1310 1953 per
1342 1896 1469 1938 ossa
1495 1882 1789 1938 solidiores
1823 1885 2088 1951 quasdam

494 1974 691 2030 animae
734 1974 1099 2046 cogitationes
1132 1975 1411 2045 intelligit,
1447 1990 1572 2045 quae
1613 1990 1735 2032 eam
1777 1988 1886 2029 non
1924 1988 2089 2030 secus

495 2075 665 2136 atque
725 2082 854 2122 ossa
892 2081 1103 2139 corpus
1164 2068 1466 2134 sustinent,
1526 2079 1688 2139 atque
1737 2067 2087 2122 conﬁrmant.

496 2157 757 2213 Custodit
786 2167 973 2214 autem
1006 2157 1274 2215 Dominus
1309 2159 1448 2225 haec,
1478 2175 1603 2230 quae
1649 2159 2091 2229 diximusjusto-

496 2266 618 2306 rum
658 2253 956 2321 ossa,qnia
986 2250 1036 2306 ei
1058 2251 1297 2320 placent,
1312 2260 1368 2308 et
1385 2252 1525 2308 nihil
1547 2266 1740 2308 eorum
1770 2258 2092 2308 conteretur

497 2341 752 2397 violentia
783 2341 994 2397 scilicet
1025 2342 1259 2412 peccati.

565 2432 733 2488 Vens.
749 2433 845 2488 ‘22.
867 2433 1009 2488 Mors
1025 2445 1361 2503 peccatorum
1385 2451 1570 2505 prava.
1591 2435 1710 2491 Hoc
1724 2443 1832 2502 est,
1851 2435 2090 2493 laborio-

496 2539 557 2581 sa
588 2534 752 2597 atque
787 2526 1016 2583 molesta
1054 2526 1223 2599 [quod
1259 2543 1325 2584 ex
1352 2525 1559 2583 Graeca:
1589 2529 1846 2584 dictionis
1875 2536 2091 2602 etymo-

498 2619 642 2690 logia
680 2619 879 2675 melius
943 2618 1299 2691 percipitur].
1359 2619 1518 2675 Tunc
1574 2622 1837 2690 temporis
1885 2620 2089 2676 etenim

498 2712 710 2767 certius
746 2712 1081 2782 dignoscunt
1115 2727 1312 2783 pinnas
1360 2713 1465 2767 sibi
1515 2712 1634 2768 fore
1669 2713 1960 2783 repositas.
1993 2711 2089 2768 Ju-

498 2811 715 2858 storum
755 2816 937 2858 autem
993 2819 1142 2860 mors
1176 2806 1363 2860 suavis
1408 2818 1530 2873 est,
1562 2806 1690 2877 quia
1733 2804 1932 2876 gaudia
1982 2807 2087 2863 sibi

500 2895 748 2952 sentiunt
784 2904 1117 2967 praeparata.

567 2985 638 3041 Et
663 2988 754 3057 qui
786 2987 1014 3042 oderunt
1059 2988 1286 3057 iustum,
1315 2989 1644 3061 delinquant.
1696 2989 1946 3048 Oderunt
1999 2992 2091 3062 ju-

498 3088 645 3131 stum
677 3078 709 3131 ii
739 3078 833 3145 qui
881 3077 936 3131 in
975 3082 1223 3148 peccatis
1282 3089 1453 3147 sunt;
1511 3096 1638 3136 nam
1695 3083 1741 3137 si
1780 3082 1960 3137 simile
1987 3095 2088 3137 suo

499 3166 666 3223 simili
697 3167 935 3234 laetatur,
969 3169 1103 3225 illud
1134 3183 1545 3242 consequenter
1574 3181 1745 3243 patet,
1786 3173 1935 3243 quod
1972 3173 2089 3228 dis-

498 3256 679 3314 simile
709 3273 870 3314 suum
897 3259 1011 3313 odit
1047 3260 1318 3315 dissimile
1357 3274 1631 3331 :quornm
1658 3261 1803 3316 enim
1832 3261 1939 3315 vita
1971 3260 2090 3316 dis-

500 3347 701 3403 similis
732 3358 839 3413 est,
870 3349 1069 3403 borum
1100 3351 1265 3404 etiam
1293 3351 1584 3407 sentcntiae
1606 3358 1917 3422 pugnantes
1948 3350 2092 3405 inter

502 3455 564 3496 sc
597 3448 754 3507 situt,
794 3449 962 3512 atque
1000 3442 1317 3497 contrarim.
1357 3442 1687 3513 Delinquent
1714 3451 1930 3509 autem,
1962 3444 2091 3514 quia

499 3530 759 3586 omnibus
788 3532 913 3586 aliis
955 3532 1179 3589 delictis
1219 3533 1326 3588 hoc
1364 3534 1478 3589 odii
1544 3543 1832 3605 peccatum
1864 3534 2092 3590 addide-

502 3627 657 3675 runt.
682 3619 797 3675 Non
843 3622 1023 3677 solum
1068 3624 1214 3678 enim
1262 3640 1388 3681 eum
1433 3625 1634 3680 imitati
1669 3640 1781 3680 non
1816 3634 1968 3691 sunt,
1996 3624 2092 3697 qui

502 3720 626 3767 erat
660 3709 866 3781 justus,
896 3714 993 3769 sed
1031 3714 1160 3769 odio
1208 3718 1438 3788 insuper
1476 3732 1602 3772 eum
1636 3718 1915 3784 prosecuti
1939 3729 2090 3773 sunt.

502 3801 817 3874 Delinqucnt
850 3805 1039 3875 igitur,
1075 3806 1131 3862 id
1151 3817 1257 3877 est,
1287 3810 1618 3879 peccabunt,
1650 3817 1769 3876 aut,
1809 3810 2093 3881 periclita-

507 3893 734 3949 buntur.

581 3983 752 4042 Vens.
805 3987 900 4044 23.
956 3988 1198 4046 Redimet
1256 3991 1517 4049 Dominus
1563 3995 1771 4052 animas
1819 4010 2092 4051 servorum

504 4092 750 4133 suorum.
772 4081 856 4135 Ab
879 4081 1137 4140 humanis
1161 4084 1420 4141 nimirum
1437 4102 1503 4142 ac
1527 4086 1820 4145 diabolicis
1850 4089 2090 4156 insidiis,

504 4187 646 4243 quas
678 4175 900 4245 pt-Opria
933 4177 1197 4246 patientia
1231 4185 1596 4250 superabunt.

576 4264 645 4319 Et
669 4282 773 4320 non
794 4266 1097 4339 delinquont
1151 4285 1330 4326 omnes
1377 4272 1468 4342 qui
1518 4284 1739 4343 sperant
1768 4274 1826 4328 in
1853 4291 1936 4330 eo.
1969 4272 2090 4329 Non

505 4360 840 4429 peccabunt,
870 4374 936 4415 eo
965 4361 1114 4431 quod
1157 4362 1334 4417 valida
1367 4373 1532 4433 atque
1578 4369 1860 4424 constanti
1893 4382 1991 4437 spe
2021 4367 2087 4422 ad

511 4451 811 4509 Dominum
851 4453 1121 4521 terantur,
1150 4469 1257 4511 nec
1300 4456 1469 4510 ullum
1502 4460 1668 4513 etiam
1699 4463 1901 4515 animat
1939 4462 2085 4530 peri-
2121 4483 2165 4540 υ

2115 3125 2159 3185 C

397 4594 403 4599 .
505 4544 691 4598 culum
724 4545 1097 4601 sustinebunt.

970 4656 1227 4714 Psalmus
1276 4659 1381 4730 ipsi
1419 4659 1618 4717 David.

997 4793 1324 4850 PSALMUS
1356 4794 1606 4853 XXXIV.

574 4906 733 4964 Hunc
767 4907 932 4964 etiam
973 4908 1245 4978 psalmum
1285 4909 1601 4979 composuit
1654 4909 1850 4965 beatus
1893 4906 2085 4975 David,

504 5017 628 5057 cum
662 5001 1105 5072 persecutionem
1147 5001 1462 5057 sustineret
1491 5016 1524 5056 a
1564 5000 1749 5066 Saule,
1796 5011 1851 5056 et
1896 5002 2085 5056 nullibi

502 5093 553 5148 ei
580 5091 807 5148 daretur
842 5102 958 5148 tuto
986 5098 1318 5158 consistere,
1358 5094 1723 5164 congruitque
1751 5093 1873 5148 aliis
1903 5093 2085 5147 omni-

2197 1881 2292 1935 καὶ
2320 1880 2617 1952 ἀνέχοντας
2651 1880 2753 1953 τὴν
2774 1880 2955 1952 ψυχὴν
2994 1881 3317 1952 λογισμοὺς,
3339 1880 3414 1944 ὡς
3437 1884 3533 1934 καὶ
3553 1881 3625 1935 τὰ
3652 1882 3792 1936 δστᾶ

2196 1975 2261 2028 τὸ
2289 1974 2472 2045 σῶμα.
2493 1975 2767 2029 Φυλάσσει
2790 1975 2849 2028 δὲ
2875 1974 3106 2038 τούτους
3125 1975 3154 2028 ὁ
3171 1974 3380 2046 Κύριος
3406 1974 3497 2028 διὰ
3512 1974 3612 2045 τὴν
3653 1975 3793 2046 πρὸς

2196 2068 2365 2122 αὐτὸν
2393 2068 2783 2139 εὐαρέστησιν.
2819 2067 2989 2124 Οὐδὲν
3014 2067 3074 2123 δὲ
3109 2066 3321 2124 τούτων
3360 2068 3792 2141 ωντριὸήσεται

2194 2161 2263 2232 τῇ
2301 2158 2396 2232 βίᾳ
2432 2158 2536 2230 τῆς
2563 2159 2869 2232 ἁμαρτίας.

2272 2430 2542 2496 Θάνατος
2593 2430 2965 2502 ἁμαρτωλῶν
3010 2433 3297 2502 πονηρός.
3342 2432 3652 2499 Ἑπίπονος,
3692 2422 3797 2485 δελ⁹

2196 2522 2397 2591 γεινός.
2448 2520 2584 2575 Τότε
2620 2523 2734 2593 γὰρ
2767 2523 2937 2590 ὀξέως
2988 2524 3340 2578 αἰσθάνονται
3391 2523 3493 2593 τῆς
3543 2522 3792 2592 διαδεχο-

2203 2615 2374 2686 μένης
2404 2616 2608 2679 αὐτοὺς
2639 2615 2916 2678 κολάσεως
2950 2632 2966 2647 ’
2997 2617 3025 2669 ὁ
3062 2616 3119 2670 δὲ
3152 2618 3261 2671 τῶν
3289 2616 3534 2684 δικαίων,
3558 2616 3788 2685 ἀγαθὸς,

2198 2704 2611 2776 αἰσθανομένων
2641 2706 2740 2776 τῆς
2776 2705 3049 2779 μενούσης
3079 2705 3281 2772 αὐτοὺς
3315 2707 3515 2778 χαςᾶς.

2268 2976 2382 3028 Kat
2412 2989 2466 3026 ο.
2510 2970 2842 3042 μισοῦντες
2870 2971 2979 3027 τὸν
3012 2970 3271 3037 δίκαιον,
3307 2973 3795 3043 πλημμελήσου-

2196 3082 2321 3121 σιν.
2353 3064 2591 3120 Μισοῦσι
2621 3064 2714 3120 τὸν
2742 3065 2953 3119 δίκαιον
3006 3067 3058 3120 oi
3089 3069 3150 3120 ὲν
3207 3067 3511 3139 ἁμαρτίαις
3531 3082 3548 3098 ο
3594 3069 3645 3121 εί
3677 3066 3797 3140 γὰρ

2192 3159 2271 3231 τῷ
2299 3160 2472 3230 ὁμοίῳ
2510 3158 2694 3229 χαίρει
2738 3159 2800 3212 τὸ
2827 3159 3038 3230 ὅμοιον,
3078 3159 3240 3232 δῆλον
3271 3160 3350 3224 ὡς
3396 3162 3550 3231 μισεῖ
3577 3160 3638 3213 τὸ
3666 3160 3801 3213 ἀνό-

2196 3266 2373 3322 μοιονο
2410 3251 2510 3305 καὶ
2540 3245 2623 3321 ὧν
2650 3251 2680 3303 ὁ
2711 3250 2827 3321 βίος
2855 3250 3139 3320 ἀνόμοιος,
3180 3252 3390 3307 τούτων
3418 3252 3659 3307 ἐναντίαι
3690 3254 3799 3305 καὶ

2193 3345 2251 3398 αἱ
2277 3345 2517 3414 γνῶμαι.
2551 3343 3022 3415 Πλημμελήσουσι
3046 3343 3125 3411 δὲ,
3153 3345 3231 3408 ὡς
3258 3347 3374 3409 τοῖς
3396 3345 3581 3409 ἄλλοις
3607 3345 3800 3399 αὐτῶν

2194 3440 2590 3511 ἁμαρτήμασιν
2633 3437 2716 3491 ἔτι
2772 3437 3160 3509 προστιθέντες
3218 3438 3316 3493 καὶ
3363 3438 3425 3491 τὸ
3463 3436 3561 3492 τοῦ
3592 3439 3799 3509 μίσους

2195 3530 2364 3585 αὐτοῦ
2408 3529 2740 3601 ἁμάρτημα.
2792 3531 2870 3584 Οὐ
2931 3530 3097 3602 μόνον
3137 3530 3250 3600 γὰρ
3295 3531 3399 3584 οὐκ
3445 3531 3803 3602 ἐμιμήσαντο

2193 3620 2406 3689 τοῦτον,
2460 3621 2600 3675 ἀλλὰ
2629 3622 2725 3675 καὶ
2759 3622 3056 3694 ἐμίσησαν.
3098 3623 3172 3676 Ἢ
3200 3622 3384 3675 τοίνυν
3415 3623 3478 3676 τὸ
3519 3626 3803 3693 πλημμε-

2194 3714 2529 3783 λήσουσιν,
2567 3714 2690 3769 ἀντὶ
2718 3714 2835 3782 τοῦ,
2859 3716 3263 3787 ἀμαρτήσουσι,
3321 3715 3574 3786 νοητέον,
3606 3714 3641 3786 ἢ
3667 3716 3800 3770 ἀντὶ

2193 3802 2313 3867 τοῦ,
2361 3803 2792 3857 κινδυνεύσουσι.

2266 3982 2646 4052 Λυτρώσεται
2676 3984 2887 4053 Κύριος
2911 3982 3119 4054 ψυχὰς
3144 3983 3385 4038 δούλων
3409 3983 3620 4039 αὐτοῦ.
3652 3983 3801 4039 Ἀπὸ

2193 4078 2305 4133 τῶν
2334 4077 2697 4149 ἀνθρωπίνων
2727 4078 2824 4132 καὶ
2857 4076 3194 4148 δαιμονικῶν
3234 4076 3560 4143 ἐπιϐουλῶν,
3603 4075 3662 4130 αἶ
3689 4078 3796 4146 ἠτ-

2193 4166 2527 4238 τηθήσονται
2553 4168 2654 4238 τῆς
2688 4167 2972 4239 ὑπομονῆς
3005 4167 3208 4223 αὐτῶν.

2266 4262 2376 4315 Καί
2432 4262 2507 4315 οὐ
2546 4260 2634 4330 μὴ
2685 4261 3205 4331 πλημμελήσουω
3256 4260 3482 4327 πάντες
3514 4261 3569 4314 ot
3622 4259 3792 4313 ἐνιπὶ-

2195 4352 2397 4419 ζοντες
2420 4351 2514 4406 ἐπ’
2540 4354 2753 4407 αὐτόν.
2797 4352 2938 4407 Οὔτε
2967 4353 3078 4424 γὰρ
3113 4350 3519 4423 ἀμαρτήσόυσι,
3549 4351 3618 4421 τῇ
3648 4349 3793 4418 πρὸς

2194 4445 2359 4499 αὑτὸν
2401 4443 2582 4498 ἐλπίδι
2615 4445 3162 4521 χειραγωγούμενοι,
3197 4443 3327 4499 οὔτε
3375 4445 3795 4500 κινδυνεύσουσι

2194 4537 2468 4610 ψυχικῶς.
3013 4580 3029 4606 ,

2701 4650 2950 4720 Ψαλμός
2971 4650 3051 4716 τῷ
3080 4651 3280 4706 Δαϐίδ.

2757 4789 3053 4843 ΨΑΑΜΟΣ
3084 4790 3207 4844 AA'.
3261 4760 3265 4764 ’

2265 4905 2379 4957 Καὶ
2427 4902 2618 4958 τοῦτον
2665 4903 2861 4975 εἴρηκε
2893 4904 2985 4957 τὸν
3018 4904 3259 4976 ψαλμὸν,
3316 4904 3400 4958 ἔτι
3453 4906 3814 4974 διωκόμενος

2194 4997 2299 5050 ὑπὸ
2342 4997 2517 5050 Σαοὺλ
2541 5035 2556 5059 ,
2595 4998 2691 5050 καὶ
2747 4997 3001 5067 μηδαμοῦ
3033 4998 3231 5068 στῆναι
3290 5000 3746 5071 συγχωρούμενος
3777 5020 3798 5036 θ

2193 5094 2465 5164 προσήκει
2490 5091 2549 5143 δὲ
2579 5092 2675 5144 καὶ
2718 5092 2853 5143 πᾶσι
2888 5090 3388 5161 καταδιωκομένοις
3417 5092 3511 5145 ὑπ’
3542 5093 3790 5162 ἐχθρῶν.

503 5186 609 5241 bus
640 5185 990 5240 inimicorum
1035 5186 1478 5256 persecutionem
1512 5186 1940 5241 sustinentibus.
1981 5184 2089 5238 lm-

2197 5185 2314 5257 Χρὴ
2347 5185 2404 5237 δὲ
2450 5185 2571 5245 ταῖς
2609 5182 2708 5252 μὲν
2757 5184 2919 5253 ἀραῖς
2964 5184 3023 5234 ὲν
3058 5184 3195 5236 πᾶσι
3238 5186 3354 5245 τοῖς
3383 5183 3620 5254 ψαλμοῖς
3647 5185 3798 5239 κατὰ

502 5279 914 5349 precationibus
962 5288 1169 5344 autem,
1210 5295 1337 5351 quae
1377 5288 1489 5333 tam
1544 5279 1599 5333 in
1640 5279 1896 5350 praisenti
1953 5286 2084 5333 sunt

2197 5279 2291 5331 ιῶν
2336 5276 2609 5347 δαιμόνων
2644 5274 2917 5345 χρῆσθαι·
2958 5269 3109 5329 οὗτοι
3145 5275 3255 5346 γὰρ
3309 5277 3406 5329 καὶ
3452 5276 3580 5337 τοὺς
3623 5275 3798 5328 πολε-
3872 5308 3878 5313 ο

501 5371 737 5441 psalmo,
769 5386 936 5442 quant
964 5371 1116 5438 alibi,
1159 5372 1238 5426 uti
1271 5386 1374 5427 nos
1402 5377 1626 5440 Oportet
1679 5370 1949 5426 adversus
1976 5368 2086 5424 dae-

505 5476 699 5519 mones
731 5480 746 5517 :
781 5463 821 5517 ii
850 5464 997 5519 enim
1033 5469 1187 5529 sunt,
1223 5463 1317 5533 qui
1360 5471 1584 5519 nostros
1611 5464 1856 5518 excitant
1896 5459 2084 5515 inimi-

573 5660 794 5717 "Juan.
835 5680 945 5731 xvr,
980 5665 1070 5721 55.
1192 5665 1237 5699 ⁸⁸
1270 5667 1310 5722 ll
1333 5668 1459 5723 Cor.
1500 5684 1571 5733 tv,
1603 5667 1657 5722 8.

1780 5667 1823 5697 “’
1867 5665 2007 5721 Psal.
2042 5682 2201 5731 xvm,
2243 5665 2331 5720 l9.

506 5745 689 5802 cxvni,
722 5735 845 5805 151.
889 5737 932 5768 ⁷²
955 5737 1101 5794 Psal.
1129 5751 1211 5805 ιιι,
1235 5739 1289 5795 8.
1365 5742 1413 5774 ’³³
1449 5739 1652 5798 iorem.
1682 5754 1755 5807 tv,
1805 5737 1893 5793 19.
1971 5738 2017 5769 ⁷³⁵
2050 5737 2069 5793 ι

2197 5752 2246 5808 g.
2304 5751 2365 5805 tt,
2399 5735 2453 5793 9.

2187 5368 2423 5440 μοῦντας
2453 5368 2590 5437 ἡμῖν
2637 5366 2965 5437 ἀνθρώπους
3003 5367 3363 5439 διεγείρουσι·
3395 5369 3514 5429 τοῖς
3550 5366 3793 5421 ὀνείδεσι

2183 5460 2264 5526 δὲ,
2300 5458 2444 5513 κατᾶ
2477 5457 2589 5512 τῶν
2615 5457 3094 5515 ἐπιϐουλευόντων
3141 5461 3277 5531 ἡμῖν
3332 5459 3642 5531 ἀνθρώπων
3664 5475 3684 5494 ο
3715 5462 3793 5516 τὰ

2437 5662 2483 5698 το
2510 5659 2702 5719 Matth.
2756 5677 2836 5735 ιιι,
2884 5662 3035 5752 laet
3064 5662 3193 5720 alibi
3215 5665 3446 5738 passim.
3555 5665 3602 5699 "
3631 5663 3803 5726 Psala
