4078 6430
314 474 315 481 Ν
425 374 543 443 σοι

1682 373 2067 436 ΕΠΤΗΥΜΙΙ
2110 344 2491 438 ΖιοΑΒΕΝι

3592 380 3709 447 396

510 487 669 544 Vitas.
702 484 757 542 6.
801 483 930 540 Fiat
965 482 1049 538 via
1097 499 1279 539 eorum
1327 482 1575 549 tenebris,
1610 500 1671 539 ac
1720 484 2005 537 lubricum.

2184 487 2505 553 Γενηθήτω
2532 486 2570 553 ἠ
2598 486 2737 552 ὁδὸς
2770 485 2972 541 αὐτῶν
2992 486 3214 552 σκότος
3250 482 3346 541 καί
3379 482 3705 563 ὀλίσθημα.

431 579 773 639 Gravissima
795 584 882 634 est
910 575 1227 647 hujusmodi
1258 575 1608 646 imprecatio.
1652 576 1818 647 Optat
1862 575 2009 629 enim

433 682 493 727 ut
519 670 627 727 illis
664 667 993 740 fugientibus
1024 665 1110 722 via
1143 666 1280 721 adeo
1315 666 1387 721 sit
1412 666 1669 731 obscura,
1727 674 1787 722 ut
1827 666 2013 721 videre

431 770 729 834 nequeant,
773 774 880 831 qua
926 770 1076 815 recta
1129 758 1234 814 sibi
1282 757 1526 814 eundum
1576 761 1701 815 sit:
1751 770 2013 829 praeterea

429 859 596 911 etiam
634 861 689 908 ut
722 851 859 908 adeo
884 851 964 908 sit
991 849 1231 917 lubrica,
1267 850 1412 921 quod
1437 850 1495 905 in
1518 865 1762 922 praeceps
1792 848 2013 920 aliquod

323 1015 332 1025 ρ
429 946 778 1025 deferantur.

502 1023 827 1106 Et'augelus
852 1031 1070 1088 Domini
1110 1047 1423 1104 persequens
1470 1046 1580 1086 eos.
1632 1029 1777 1086 Istos
1822 1029 2012 1095 etiam,

429 1127 527 1199 qui
563 1125 621 1182 in
647 1134 727 1181 tot
779 1128 855 1194 ae
890 1132 1044 1180 tanta
1073 1125 1217 1178 mala
1252 1123 1591 1189 inciderunt,
1626 1122 1858 1193 angelus
1910 1121 2015 1176 Do-

430 1220 566 1276 mini
609 1228 906 1275 contercns
951 1225 1352 1288 persequatur.
1402 1214 1544 1282 Quid
1599 1214 1770 1284 igitur
1797 1229 1896 1285 par
1930 1222 2014 1269 est

429 1321 756 1369 eventurum
789 1311 840 1367 ei
873 1324 1021 1377 esse,
1055 1310 1146 1380 qui
1180 1323 1360 1378 neque
1392 1305 1571 1362 oculis
1602 1306 1802 1372 videat,
1836 1321 2014 1376 neque

430 1407 664 1478 pedibus
715 1405 1033 1476 adjuvetur,
1075 1411 1131 1458 et
1171 1402 1241 1458 ab
1297 1401 1420 1472 ipso
1451 1400 1616 1456 etiam
1651 1407 2016 1469 persequente

428 1500 628 1572 angelo
658 1496 971 1570 urgeatur?

506 1591 670 1648 Vens.
694 1593 747 1648 7.
783 1590 1048 1658 Quoniam
1076 1587 1243 1661 gratis
1279 1586 1662 1643 absconderant
1696 1584 1825 1639 mihi
1849 1584 2014 1638 inter-

428 1689 564 1741 itum
598 1685 771 1756 laquei
817 1684 928 1738 sui.
957 1680 1325 1753 Symmachus
1356 1695 1456 1752 pro
1485 1678 1650 1749 gratis
1679 1675 1863 1741 ,dixit,
1903 1675 2017 1729 sine

428 1793 619 1836 causa.
648 1778 785 1833 Cum
811 1776 946 1832 nihil
975 1791 1004 1830 a
1030 1790 1137 1842 me,
1160 1774 1363 1845 inquit,
1391 1772 1504 1827 laesi
1530 1770 1762 1832 fuerint,
1783 1769 2018 1823 abscon-

2119 576 2310 637 Τοῦτο,
2336 578 2635 650 σφοδρότης
2659 578 2760 647 τῆς
2788 579 2926 649 ἀρᾶς
2951 595 2966 610 ⁸
3007 582 3334 651 κατεύχεται
3367 586 3478 654 γὰρ
3501 586 3708 653 αὐτῶν,

2120 666 2205 722 ῐνα
2234 668 2531 737 φεύγουσιν
2564 671 2751 733 αὐτοῖς
2800 672 2832 741 ἡ
2866 671 2982 733 ὁδὸς
3032 671 3261 742 γένηται
3303 677 3550 747 σκοτεινὴ
3582 677 3705 747 μὲν,

2115 755 2191 819 ὡς
2220 758 2280 810 τὺ
2339 759 2414 828 μὴ
2473 758 2736 813 δύνασθαι
2788 758 3029 830 βαδίζειν
3064 761 3269 835 ὀρθῶς,
3317 765 3584 838 ὀλισθηρὰ
3620 768 3706 834 δὲ,

2116 847 2258 902 ὥστε
2289 847 2853 923 κατακρημνιςεσόαι.

2186 1031 2298 1084 Kal
2321 1030 2575 1102 ἅγγελος
2601 1035 2829 1104 Κυρίου
2866 1036 3251 1092 καταδιώκων
3295 1041 3539 1110 αὐτούς.
3572 1044 3715 1098 Τού-

2115 1138 2240 1186 τους
2264 1123 2321 1176 δὲ
2353 1123 2629 1189 τοσούτοις
2668 1130 2859 1191 κακοῖς
2902 1131 3357 1200 περιπίπτοντας,
3402 1135 3495 1187 καὶ
3538 1136 3568 1188 ὁ
3608 1138 3708 1190 ὲκ-

2118 1212 2315 1267 Θλίϐων
2348 1216 2581 1285 ἄγγελος
2614 1219 3003 1275 καταδιωκέτω
3038 1223 3288 1291 προσέτι.
3326 1224 3390 1277 Τί
3429 1222 3524 1281 οὖν
3558 1229 3709 1292 εἰκὸς

2116 1304 2312 1358 παθεῖν
2335 1306 2426 1361 τὸν
2454 1311 2592 1381 μήτε
2621 1311 2944 1382 ὀφθαλμοῖς,
2991 1317 3129 1385 μήτε
3158 1318 3284 1370 ποδὶ
3310 1318 3706 1391 βοηθούμενον,

2116 1398 2257 1453 ἀλλὰ
2288 1401 2383 1453 καὶ
2422 1405 2888 1472 κατεπειγόιιενον
2916 1407 3021 1461 ὑπὸ
3050 1407 3144 1462 τοῦ
3173 1408 3500 1480 διώκοντοςς

2189 1581 2313 1636 Ὅτι
2356 1581 2586 1653 δωρεὰν
2606 1585 2886 1656 ἔκρυψαν
2925 1606 3029 1658 μοι
3073 1589 3406 1661 διαφθορὰν
3453 1595 3708 1664 παγίδος

2116 1675 2337 1729 αὐτῶν.
2359 1677 2432 1729 Τὸ
2469 1677 2702 1747 δωρεὰν
2725 1682 2753 1734 ὁ
2774 1680 3069 1753 Σύμμαχος
3096 1683 3378 1752 ἀναιτίως
3403 1683 3544 1743 εἶπε.
3580 1690 3707 1761 Μη-

2115 1768 2205 1825 δὲν
2230 1771 2323 1823 ὑπ’
2352 1773 2512 1843 ἐμοῦ,
2539 1776 2695 1847 φησι,
2738 1776 3050 1847 βλαϐέντες,
3090 1781 3334 1851 ἔκρυψάν
3367 1800 3457 1849 μοι
3483 1784 3711 1855 ὅλεθρον

429 1872 631 1927 derunt
654 1868 786 1923 mihi
821 1878 1004 1922 tamen
1045 1841 1330 1920 interitum
1358 1861 1538 1933 laquei
1571 1861 1679 1915 sui.
1707 1858 1804 1913 Est
1832 1870 2012 1914 autem

2120 1862 2347 1929 παγίδος
2367 1841 2573 1921 αὐτῶνλ
2601 1841 2711 1922 ττὸν
2739 1841 2855 1941 γὰρ
2879 1871 2970 1925 διὰ
3000 1841 3485 1945 παγῶοςνὸλεὸρον
3538 1841 3717 1933 uasa-

431 1979 617 2023 sermo
646 1963 736 2018 hic
762 1958 1201 2031 metaphoricus,
1237 1970 1267 2010 a
1300 1954 1656 2011 venatoribus
1687 1952 2013 2018 translatus,

430 2061 526 2128 qui
557 2059 786 2127 laqueos
809 2055 1030 2110 occulte
1057 2050 1383 2121 disponunt,
1415 2062 1514 2120 per
1553 2059 1694 2118 quos
1732 2044 2013 2107 interitum

429 2149 565 2207 feris
593 2148 863 2204 inferunt.

505 2240 839 2312 Supervacua
889 2233 1345 2308 exprobrauerunt
1377 2232 1615 2289 animam
1645 2247 1840 2287 meam.
1883 2228 2017 2285 Ani-

432 2346 579 2387 mam
626 2346 806 2387 meam
837 2325 1339 2398 circumloquendo
1378 2326 1538 2392 dixit,
1584 2339 1685 2396 pro
1721 2325 2015 2394 meipsum.

433 2423 646 2497 Estque
689 2420 1261 2482 animadvertendum,
1298 2418 1447 2488 quod
1484 2416 1797 2487 huiusmodi
1845 2417 2015 2485 tigura

432 2515 716 2588 loquendi,
748 2529 872 2585 qua
896 2508 1087 2568 Graece
1121 2508 1464 2581 periphrasis
1491 2508 1721 2572 dicitur,
1759 2509 2018 2576 frequen.

434 2610 654 2667 tissima
701 2607 975 2677 reperitur
1024 2602 1169 2674 apud
1220 2603 1444 2658 beatum
1491 2600 1681 2661 David.
1727 2609 1786 2652 ut
1833 2598 2014 2653 illud:

432 2699 629 2755 Anima
658 2711 815 2762 mea;
842 2695 948 2749 vita
985 2710 1099 2747 mea
1124 2706 1145 2757 ;
1184 2705 1375 2745 nomen
1398 2700 1571 2754 tuum,
1597 2697 1652 2746 et
1685 2689 1789 2742 alia
1821 2688 2015 2758 hujus-

433 2791 604 2847 modi.
668 2784 1021 2845 Mentientes.
1085 2785 1297 2855 inquit,
1368 2783 1845 2850 cXprobravernnt
1908 2794 2014 2846 me,

440 2887 716 2955 ingratum
755 2877 1124 2951 appellantes,
1155 2887 1208 2931 et
1236 2877 1385 2947 regis
1435 2874 1840 2929 insidiatorem.

504 2974 671 3029 Vns.
702 2971 754 3027 8.
803 2968 990 3025 Veniat
1025 2968 1107 3023 illi
1131 2967 1373 3039 laqueus,
1408 2982 1560 3036 quem
1593 2967 1827 3037 ignorat.
1855 2962 2018 3019 Incx-

430 3062 922 3138 spectatorimquit,
957 3061 1242 3116 calamitas
1298 3059 1376 3113 illi
1434 3057 1691 3137 obveniat
1729 3073 1749 3123 ;
1780 3055 1899 3123 illi,
1938 3055 2022 3109 in-

2118 1955 2460 2026 κρύπτουσιν
2493 1962 2543 2014 οἱ
2576 1960 2926 2032 θηρεύοντες.

2188 2220 2400 2290 Μάτην
2444 2222 2770 2279 ὡνείδισαν
2818 2228 2932 2296 τὴν
2966 2230 3180 2299 ψυχήν
3217 2250 3361 2300 μου.
3391 2233 3716 2302 Τουτέστιν,

2117 2313 2237 2383 ἐμὲ,
2267 2314 2411 2369 κατὰ
2451 2316 2823 2389 περίφρασιν·
2867 2323 3290 2399 παρατηρητέον
3338 2325 3417 2388 δὲ,
3447 2327 3531 2380 ὅτι
3566 2329 3707 2383 πολὺ

2121 2409 2273 2477 παρὰ
2310 2410 2420 2471 τοῖς
2452 2408 2706 2479 Ψαλμοῖς
2761 2411 2857 2465 τοῦ
2889 2413 3059 2467 Δαϐὶδ
3085 2415 3146 2468 τὸ
3193 2417 3383 2487 σχῆμα
3417 2421 3516 2489 τῆς
3545 2437 3711 2491 περι-

2119 2499 2397 2573 φράσεως,
2431 2495 2564 2556 οἷοψ
2603 2503 2636 2574 ἡ
2671 2503 2817 2576 ψυχή
2850 2523 2975 2577 μου,
3003 2509 3042 2577 ἡ
3083 2507 3196 2578 ζωή
3234 2527 3361 2579 μου,
3394 2511 3454 2563 τὸ
3491 2513 3711 2582 πρόσω-

2121 2593 2220 2645 πόν
2254 2611 2380 2663 μου,
2418 2594 2480 2647 τὸ
2502 2595 2674 2665 ὄνομά
2702 2614 2819 2664 σου,
2847 2601 2940 2652 καὶ
2964 2600 3034 2653 τὰ
3069 2602 3314 2667 τοιαῦτα.
3341 2605 3703 2675 Ψευδόμενοι,

2120 2686 2307 2754 φησὶν,
2334 2684 2623 2741 ὠνείδισάν
2673 2708 2764 2760 με,
2816 2692 3114 2763 ἀχάριστον
3159 2697 3564 2762 ἀποκαλοῦντες
3601 2702 3701 2753 καὶ

2117 2776 2212 2830 τοῦ
2242 2778 2508 2848 βασιλέως
2538 2782 2846 2838 ἐπίϐουλον.

2204 2960 2456 3015 Ἐλθέτω
2484 2963 2643 3027 αὐτῷ
2674 2965 2876 3034 παγίς,
2930 2967 3010 3035 ἢν
3075 2973 3148 3024 οὺ
3190 2969 3488 3041 γινώσκει.
3553 2977 3705 3048 Συμ-

2124 3054 2263 3122 (popa
2297 3054 2633 3124 ἀπρόοπτος.
2667 3060 2829 3130 Αὐτῷ
2859 3061 2941 3128 δὲ,
2996 3063 3075 3133 τῷ
3126 3065 3407 3135 κρύψαντε.
3439 3070 3544 3139 τὴν
3589 3071 3710 3124 δια-

428 3130 616 3231 quam,
647 3130 817 3228 quiet
849 3156 985 3210 mihi
1008 3154 1287 3225 interitum
1325 3130 1728 3215 absconditpet
1769 3150 1864 3221 qui
1922 3163 2010 3203 me

2123 3146 2351 3215 φθορὰν,
2388 3150 2482 3203 καὶ
2513 3150 2863 3220 ὁνειδίσαντι,
2886 3155 2998 3209 εἴτε
3026 3157 3119 3210 τὸν
3150 3159 3327 3213 Σαοὺλ
3358 3161 3553 3226 είποις,
3591 3164 3707 3217 εἴτε

416 3251 803 3322 exprobravit,
843 3245 961 3302 sive
1005 3244 1226 3301 Saulem
1268 3242 1580 3314 intelligas,
1623 3258 1720 3299 seu
1768 3239 2012 3312 quemvis

2123 3240 2214 3315 καὶ
2233 3238 2462 3296 ἕκαστον
2483 3241 2592 3295 τῶν
2622 3244 3042 3313 ἀναγκαζόντων
3087 3250 3251 3305 αὐτὸν
3313 3254 3458 3308 κατὰ
3516 3256 3706 3311 Δασιδ..

431 3346 622 3409 alium,
654 3343 746 3413 qui
778 3340 996 3396 Saulem
1033 3345 1251 3409 urgeret
1284 3336 1551 3391 adversus
1574 3335 1761 3405 ipsum
1786 3336 2010 3389 beatum

431 3436 625 3493 David.

504 3526 574 3582 Et
627 3536 735 3582 rete
778 3523 919 3595 quod
969 3519 1242 3576 abscondit
1303 3516 1707 3587 comprehendat
1764 3532 1914 3570 eum-
1951 3514 2017 3569 Et

430 3629 567 3683 rete,
597 3616 743 3688 quod
774 3615 914 3671 clam
945 3614 1211 3667 adversus
1248 3626 1335 3664 me
1377 3609 1628 3674 tetendit,
1658 3607 2019 3677 comprehen-

433 3712 527 3766 dat
550 3724 701 3775 eum,
731 3707 837 3762 hoc
866 3713 972 3770 est,
996 3700 1200 3760 Omnis
1231 3702 1380 3757 illius
1406 3709 1663 3765 conatus,
1690 3714 1854 3755 omne
1880 3715 2017 3754 con-

434 3804 618 3860 silium
642 3801 700 3857 in
726 3808 1005 3855 auctorem
1033 3804 1408 3852 convertatur.

509 3894 580 3949 Et
605 3894 661 3950 in
694 3892 879 3962 laqueo
912 3890 1062 3944 cadet
1089 3888 1142 3942 in
1170 3889 1301 3958 ipso.
1330 3887 1477 3941 Idem
1506 3885 1672 3939 etiam
1699 3883 2015 3954 signiﬁcant

433 3989 550 4043 hac
577 3984 765 4039 verba.
798 3980 1015 4036 Etcum
1065 3977 1268 4033 dixerit
1319 3978 1375 4030 in
1415 3976 1599 4044 laqueo
1624 4014 1640 4042 ,
1708 3972 1915 4028 addidit
1959 3973 2015 4027 in

432 4084 566 4152 ipso.
606 4077 663 4133 In
689 4078 828 4149 ipso,
859 4074 1102 4144 inquam,
1139 4071 1337 4142 laqueo
1368 4108 1384 4136 ,
1419 4083 1583 4138 quem
1613 4066 1754 4121 idem
1783 4066 1873 4121 ille
1897 4064 2013 4121 dis-

435 4174 640 4249 posuit.
1302 4152 1307 4157 δ

500 4264 668 4319 νεεδ.
726 4260 781 4316 9.
840 4259 910 4314 Et
933 4256 1114 4313 anima
1165 4270 1281 4310 mea
1331 4251 1619 4308 exsultabit
1662 4250 1719 4306 in
1764 4248 2010 4304 Domino.

431 4356 675 4415 inimicis
710 4353 847 4409 meis
873 4352 947 4406 ita
983 4347 1302 4420 castigatis,
1344 4345 1571 4402 laetabor
1619 4343 1675 4399 in
1738 4342 1967 4398 Domino
1994 4380 2010 4407 ,

434 4453 527 4523 qui
554 4447 719 4521 iustis
751 4459 846 4500 eos
874 4442 1056 4498 ati‘ecit
1080 4441 1279 4511 pennis.

2191 3503 2298 3558 Καὶ
2324 3504 2496 3574 θήρα,
2524 3503 2604 3574 ἦν
2629 3507 2881 3577 ἔκρυψε,
2922 3514 3278 3568 συλλαϐέτω
3330 3516 3539 3573 αὐτόν.
3592 3519 3708 3571 Καὶ

2118 3593 2179 3647 τὸ
2199 3594 2413 3650 δίκτυον
2431 3601 2530 3669 τῆς
2556 3599 2751 3671 θήρας,
2783 3601 2811 3654 δ
2837 3602 3115 3674 λαθραίοις
3146 3607 3373 3677 ἥπλωσε
3395 3625 3466 3662 κα
3477 3610 3517 3662 τ’
3538 3611 3705 3681 ἐμοῦ,

2120 3689 2432 3744 συλλαϐἐτω
2467 3692 2652 3761 αὐτὸν,
2678 3696 2925 3749 τουτέστι
2960 3698 3082 3751 κατ’
3111 3700 3276 3754 αὐτοῦ
3306 3706 3708 3775 περιτραπήτω

2117 3783 2149 3852 ἡ
2177 3783 2399 3855 μηχανὴ
2424 3785 2617 3840 αὐτοῦ.

2188 3876 2295 3929 Καί
2322 3876 2395 3930 ἐν
2422 3875 2497 3945 τῇ
2526 3880 2732 3949 παγίδι
2770 3885 3043 3938 πεσεῖται
3091 3885 3163 3939 ἐν
3217 3885 3392 3955 αὐτῇ.
3454 3889 3526 3942 Τὸ
3566 3891 3708 3945 αὐτα

2117 3970 2211 4021 καὶ
2245 3969 2405 4023 τοῦτο
2435 3970 2604 4042 δηλοῖ’
2633 3972 2803 4026 εἰπὼν
2829 3975 2908 4039 δὲ,
2940 3977 3009 4030 ἐν
3037 3977 3112 4046 τῇ
3135 3981 3360 4048 παγίδι,
3389 3983 3704 4056 προσέθηκε

2115 4059 2197 4127 τὸ,
2219 4064 2289 4115 ἐν
2318 4062 2494 4131 αὐτῇ,
2521 4064 2752 4147 δηλαδὴ,
2781 4071 2847 4140 τῇ
2882 4070 3013 4141 παρ’
3031 4070 3196 4125 αὑτοῦ
3224 4074 3482 4146 παγείσῃ.

2198 4234 2269 4290 Ἠ
2290 4237 2359 4289 δὲ
2383 4237 2553 4307 ψυχή
2579 4257 2701 4308 μου
2759 4241 3194 4312 ἀγαλλιάσεται
3239 4245 3337 4300 ἐπὶ
3369 4246 3445 4312 τῷ
3480 4250 3701 4317 Κυρίῳ.

2115 4323 2239 4378 Τῶν
2271 4327 2484 4396 ἐχθρῶν
2511 4326 2655 4382 οὕτω
2714 4333 3164 4403 τιμωρηοέντων,
3215 4339 3532 4408 χαρήσομαι
3603 4340 3703 4391 ἐπὶ

2114 4414 2192 4484 τῷ
2224 4416 2435 4486 Κυρίῳ,
2467 4416 2693 4482 δικαίως
2721 4421 2918 4484 αὐτοὺς
2963 4423 3276 4481 κολάσαντι.

504 4505 869 4595 Delectabitur
899 4532 956 4587 in
984 4505 1215 4586 salutari
1248 4546 1366 4585 suo.
1393 4527 1532 4597 Quia
1558 4528 1680 4583 illos
1731 4514 1965 4597 perdidit
1991 4564 2006 4589 ,

2189 4505 2597 4578 Τερφθήσεται
2613 4511 2713 4565 ἐπὶ
2742 4512 2822 4578 τῷ
2846 4517 3120 4584 σωτηρίῳ
3151 4518 3363 4572 αὐτοῦ.
3403 4521 3526 4573 Ὀτι
3552 4521 3700 4574 ὲκεί-

432 4641 488 4688 et
519 4644 621 4685 nos
653 4625 903 4683 salvavil.

511 4718 672 4773 tiens.
702 4714 788 4769 10.
818 4711 1009 4767 Omnia
1033 4726 1151 4766 ossa
1183 4727 1297 4765 mea
1329 4711 1540 4765 dicent:
1586 4708 1805 4764 Domine
1829 4748 1844 4771 ,
1892 4707 2011 4777 quis

430 4809 622 4869 similis
671 4805 784 4871 tibi,
837 4820 1023 4858 eruens
1068 4818 1350 4873 pauperem
1411 4808 1474 4857 de
1519 4818 1680 4855 manu
1728 4800 2012 4868 fortiorum

431 4905 549 4962 illo.
572 4902 781 4969 inopem
806 4904 853 4951 et
867 4910 1149 4966 pauperem
1188 4913 1221 4949 a
1242 4893 1612 4964 diripientibus
1633 4908 1749 4946 eum
1769 4893 1799 4946 1"
1819 4893 2011 4946 Omnia

433 5005 611 5050 autem
642 4975 766 5047 ossa
797 5005 940 5057 mea,
976 4989 1027 5043 id
1052 4997 1161 5053 est,
1191 4987 1437 5041 membra
1489 4999 1606 5039 mea
1656 4984 1840 5039 omnia
1891 5000 2012 5055 qua:

429 5085 781 5169 inprofnndo
806 5081 1056 5149 corporis
1091 5087 1239 5135 sunt.
1281 5076 1607 5148 Signiﬁcare
1634 5083 1816 5131 autem
1862 5077 2012 5140 vide-

430 5188 523 5234 tur
555 5193 647 5248 per
674 5178 791 5231 haec
814 5173 976 5228 verba
1004 5170 1379 5242 plenissimam
1410 5169 1708 5238 gratiarum
1737 5169 2008 5224 actionem

428 5287 495 5329 ex
532 5270 724 5325 intimo
756 5269 949 5321 animae
983 5263 1418 5333 provenientem.
1467 5260 1557 5315 Vel
1584 5300 1599 5325 ,
1622 5276 1715 5330 per
1745 5276 1891 5325 ossa,
1921 5277 2010 5316 so-

431 5364 573 5419 lidas
606 5377 670 5416 ac
696 5358 987 5413 validiores
1015 5353 1210 5408 animae
1238 5351 1602 5423 cogitationes
1635 5351 1890 5421 intelligit
1914 5393 1928 5416 ,
1951 5362 2033 5406 ut.

434 5470 577 5525 saepe
624 5452 883 5506 diximus.
948 5445 1170 5514 lnopem
1231 5452 1410 5498 autem
1451 5445 1690 5514 seipsum
1740 5443 2005 5514 Propheta

429 5546 687 5618 appellat,
721 5542 875 5613 quasi
895 5539 1163 5599 exsulem,
1192 5536 1740 5606 necessariorumque
1761 5537 2002 5591 omnium

426 5634 781 5703 indigentem,
805 5638 861 5684 et
889 5629 1092 5683 solum.
1126 5623 1230 5680 Per
1277 5624 1559 5681 fortiorem
1608 5639 1739 5680 vero
1785 5623 2003 5679 Saulem

427 5723 702 5792 intelligit,
731 5721 822 5787 qui
853 5729 909 5776 et
939 5719 1147 5775 divitiis
1176 5728 1232 5775 et
1266 5717 1479 5774 bellicis
1504 5716 1678 5787 copiis
1708 5715 1960 5773 adluebat
1986 5736 2001 5782 ;

427 5825 488 5873 et
527 5817 654 5871 dum
686 5814 901 5882 inopem
931 5827 989 5867 se
1014 5810 1097 5866 bis
1133 5810 1304 5878 dicit,
1327 5817 1382 5867 et
1428 5809 1652 5881 insuper
1702 5823 1998 5880 pauperem

2087 5527 2229 5597 ’δεῆ,
2289 5528 2383 5579 καὶ
2443 5528 2838 5598 μεμονωμένον
2864 5545 2876 5559 ’

2122 4617 2248 4664 νους
2285 4602 2578 4669 ἀπολέσας,
2613 4606 2760 4677 ἡμᾶς
2783 4607 2979 4661 ἔσωσε.

2193 4693 2397 4747 Πάντα
2426 4696 2497 4750 τὰ
2527 4697 2677 4753 ὀστὰ
2704 4716 2823 4768 μου
2852 4700 3080 4768 ἐροῦσι,
3113 4704 3310 4771 Κύριε,
3366 4706 3562 4775 Κύριε,
3606 4708 3706 4773 τίς

2120 4784 2327 4856 ὅμοιός
2370 4802 2492 4853 σοι,
2526 4790 2827 4860 ῥυόμενος
2854 4794 3094 4861 πτωχὸν
3132 4795 3201 4848 ἐκ
3225 4798 3424 4865 χειρὸς
3446 4815 3705 4867 στερεω-

2118 4878 2302 4949 τέρων
2328 4881 2535 4945 αὑτοῦ,
2567 4882 2663 4936 καὶ
2694 4885 2934 4953 πτωχὸν
2985 4884 3085 4938 καί
3132 4886 3362 4955 πένητα
3415 4890 3536 4953 ἀπὸ
3583 4889 3706 4945 τῶν

2118 4970 2561 5042 διαρπαζόντων
2589 4976 3026 5041 αὐτόν;[1ἁντα
3056 4982 3125 5031 τὰ
3169 4981 3226 5031 ἐν
3270 4981 3346 5051 τῷ
3387 4981 3544 5053 βάθει
3602 4985 3701 5036 τοῦ

2121 5066 2374 5136 σώματος
2409 5067 2545 5138 μέλη
2574 5082 2587 5094 ’
2629 5069 2884 5138 ἐμφαίνει
2915 5069 2970 5122 δὲ
3003 5070 3093 5124 διὰ
3115 5072 3307 5125 τούτου
3343 5074 3439 5143 τὴν
3495 5078 3559 5128 ἑκ
3601 5077 3703 5145 βά-

2119 5159 2248 5222 Θους
2281 5160 2458 5231 ψυχῆς
2492 5159 2757 5232 ὁλοσχερῆ
2793 5161 3164 5232 εὐχαριστίαν.
3201 5166 3270 5219 Ἢ
3304 5167 3437 5221 ὀστᾶ
3484 5171 3703 5240 νοήσεις

2118 5254 2207 5304 ἐπὶ
2233 5252 2411 5324 ψυχῆς
2445 5253 2647 5322 μᾶλλον
2696 5256 2822 5317 τοὺς
2853 5258 3247 5328 στεῤῥοτέρους
3307 5260 3401 5313 καὶ
3449 5277 3702 5314 συνεκτι-

2117 5345 2247 5407 κοὺς
2279 5345 2597 5414 λογισμοὺς,
2624 5346 2697 5409 ὡς
2736 5345 2994 5409 πολλάκις
3024 5349 3353 5420 εἰρήκαμεν.
3390 5351 3610 5423 Πτωχὸν
3637 5353 3699 5407 δὲ

2115 5439 2308 5491 ἑαυτὸν
2336 5438 2509 5507 λέγει,
2546 5438 2618 5500 ὡς
2651 5438 2884 5507 φυγάδι,
2929 5442 3024 5493 καὶ
3060 5442 3166 5495 τῶν
3203 5444 3523 5512 ἀναγκαίων
3569 5448 3695 5498 ἐπι-

2952 5534 3354 5604 στερεωτέρους
3392 5530 3500 5600 δὲ,
3565 5537 3695 5599 τοὺς

2111 5619 2256 5689 ἀμφὶ
2284 5619 2477 5685 Σαοὺλ,
2504 5613 2592 5672 οἷα
2630 5620 2847 5691 πλούτῳ
2868 5623 2963 5674 καὶ
2994 5623 3212 5694 στρατῷ
3246 5624 3566 5694 βριοὲνταςο
3613 5627 3697 5685 δὶς

2114 5713 2329 5784 πτωχὸν
2352 5711 2549 5778 εἰπὼν,
2598 5713 2803 5767 καὶτὸν
2828 5714 3039 5787 πένητα
3077 5718 3361 5789 προσθεὶς,
3408 5693 3510 5788 τὴν
3549 5720 3695 5787 ἄγαν

2113 5807 2391 5861 εὒτέλειαν
2417 5806 2612 5862 ἑαυτοῦ
2647 5806 2926 5878 ἐνέφηνεν,
2981 5808 3099 5881 ἅμα
3151 5811 3245 5865 καὶ
3308 5812 3699 5884 ταπεινολογίᾳ
