4078 6410
334 376 435 454 39⁸1

1518 380 1914 454 ὈΟΜΜΕΝΤ.
1962 380 2043 448 ΙΝ
2076 384 2442 449 PSALMOS.

3462 388 3573 455 ’398

328 494 493 568 ταύτῃ
552 494 690 567 πρὸς
741 488 919 549 οἶκτον
976 488 1293 565 χρώμενος’
1348 492 1761 566 διαρπαζόντων
1806 497 1887 564 δὲ,

1999 495 2164 562 addit,
2197 494 2520 554 tenuitatem
2550 492 2701 552 suam
2740 497 3036 553 maximam
3097 497 3358 565 denotat,
3387 513 3441 557 et
3475 503 3577 557 lut-

330 584 445 638 ὅσον
471 584 566 637 ἐπὶ
584 586 704 650 ταῖς
731 584 950 639 ἐκείνων
981 580 1216 638 ἐλπίσιν.

1990 587 2235 657 jusmodi
2267 578 2560 644 verborum
2587 589 2894 647 humilitate
2923 583 3093 647 Deum
3131 594 3338 663 pariter
3368 594 3438 650 ad
3460 611 3580 649 ma-

329 676 492 746 jorem
526 676 952 733 misericordiam
1001 675 1225 733 excitat;
1270 674 1602 748 Diripientes
1666 678 1833 734 etiam
1897 679 2049 749 ipsos
2079 680 2269 737 hostes
2326 681 2563 752 appellat
2607 698 2622 737 :
2662 681 2851 739 habito
2874 682 3135 739 nimirum
3197 697 3456 757 respectu
3512 688 3583 744 ad

333 769 536 824 illorum
563 782 735 838 spem,
763 768 854 838 qui
899 782 1018 825 sese
1043 782 1167 825 eum
1192 766 1510 839 direpturos
1565 770 1884 841 sperabant.

409 862 788 929 Ἀναστάντες
842 876 947 932 μοι
1016 860 1316 933 μάρτυρες
1370 862 1605 927 ἄδικοι,
1672 863 1712 919 d
1775 867 1889 919 οὐκ

337 957 654 1030 ἐγίνωσκον
675 955 915 1025 ἠρώτων
938 971 1034 1025 με.
1059 956 1229 1019 Αύτός
1289 971 1348 1009 τε
1398 957 1427 1008 ὀ
1468 955 1643 1010 Σαοὺλ
1688 953 1783 1010 καὶ
1839 957 1889 1010 oi

339 1050 556 1114 κόλακες
587 1047 753 1103 αὐτοῦ
778 1065 794 1082 ο
820 1047 1094 1120 μάρτυρες
1116 1048 1238 1119 μὲν,
1286 1048 1362 1112 ὡς
1396 1047 1890 1119 καταμαρτυροῦν-

340 1160 422 1205 τες
444 1159 461 1173 θ
484 1141 655 1196 ἄδικοι
685 1140 765 1204 δὲ,
787 1140 863 1203 ὥς
890 1138 1230 1209 ψευδόμενοι,
1266 1138 1316 1192 οἳ
1373 1139 1468 1191 καὶ
1512 1137 1887 1208 χλευάζοντες,

343 1233 546 1304 ἠρώτων
575 1232 753 1294 αὑτὸν,
776 1233 823 1284 εἰ
843 1231 943 1284 ούκ
973 1228 1311 1283 ἐπιϐουλεύει
1346 1231 1413 1301 τῇ
1440 1228 1690 1300 βασιλείᾳ
1713 1246 1728 1261 ο
1749 1230 1891 1300 ὅπερ

343 1323 484 1377 αὐτοὶ
522 1324 619 1394 μὲν
652 1321 1103 1393 κατεμαρτύρουν
1148 1336 1167 1352 ο
1220 1321 1386 1386 αὐτὸς
1434 1320 1493 1375 δὲ
1521 1321 1622 1375 οὐκ
1656 1321 1891 1390 ἐγίνωσ-

341 1432 429 1468 κεν
459 1415 584 1487 (ει),
624 1417 697 1479 ὡς
750 1415 1008 1477 ἀναίτιος.
1065 1412 1235 1467 Τοῦτο
1266 1413 1324 1467 δὲ
1368 1415 1466 1468 καὶ
1527 1413 1620 1467 ἐπὶ
1648 1411 1891 1486 Χριστοῦ

340 1506 571 1577 νοοῦμεν,
596 1507 679 1561 διὰ
708 1507 835 1571 τοὺς
852 1505 1336 1579 ψευδομάρτυρας,
1367 1505 1418 1559 οἳ
1438 1503 1669 1576 ἠρώτων
1700 1505 1886 1572 αὐτὸν,

342 1601 389 1653 si
412 1601 505 1653 οὐκ
533 1599 971 1671 ὲόλασφήμησεν,
1005 1598 1082 1661 ὡς
1113 1599 1147 1671 ἡ
1194 1598 1306 1653 τῶν
1352 1597 1709 1668 Εύαγγελεων
1750 1600 1891 1653 icto-

344 1692 426 1762 ρία
443 1692 686 1751 διδάσκει.

2072 861 2239 916 Vens.
2275 860 2362 915 ll.
2388 860 2671 930 Sargetae:
2694 868 2850 915 testes
2886 861 3077 930 injuin
3097 903 3113 929 ,
3140 880 3259 932 qua:
3287 866 3584 920 nesciebam

1998 954 2397 1026 interrogabant
2425 958 2525 1009 me.
2547 953 2672 1025 ipse
2699 954 2951 1009 nimirum
2978 954 3132 1024 Saul,
3168 967 3222 1013 et
3269 961 3585 1031 quicunque

1999 1050 2049 1103 ei
2082 1040 2517 1104 ‘assentabahtur
2555 1062 2570 1112 ;
2605 1056 2744 1116 quos
2798 1047 2992 1102 beatus
3032 1047 3203 1105 David
3251 1061 3419 1107 testes
3461 1054 3584 1108 ideo

2001 1139 2262 1209 appt-Ilat,
2294 1139 2421 1208 quia
2447 1130 2712 1194 adVersus
2742 1144 2802 1195 se
2867 1140 3243 1195 testimonium
3291 1141 3584 1227 ferebant,

2000 1235 2056 1282 et
2082 1225 2342 1294 iniustos,
2374 1227 2503 1296 quia
2538 1226 2829 1282 mendaces
2858 1235 3048 1290 erant,
3074 1228 3161 1282 vel
3208 1229 3337 1299 quia
3395 1225 3587 1300 hujus-

1990 1320 2341 1374 tnodi'testes
2376 1332 2501 1374 cum
2534 1319 2971 1376 subsannatione
3014 1321 3250 1392 quadam
3287 1337 3352 1377 ac
3392 1323 3579 1379 derisu

1989 1412 2401 1482 interrogabant
2433 1427 2578 1477 eum,
2609 1412 2873 1482 numquid
2905 1415 3176 1483 aspiraret
3205 1415 3272 1469 ad
3300 1430 3529 1486 regnum
3563 1433 3578 1481 ;

1990 1506 2408 1577 interrogabant
2442 1516 2621 1562 autem
2654 1510 2781 1575 hoc,
2816 1518 2872 1563 et
2918 1510 3126 1581 pariter
3171 1513 3586 1578 asseverabant,

1990 1598 2067 1653 ita
2098 1614 2245 1655 esse.
2267 1598 2425 1666 Quod
2452 1602 2635 1656 tamen
2661 1600 2855 1658 beatus
2880 1601 3047 1657 David
3068 1645 3083 1669 ,
3106 1612 3294 1674 utpote
3319 1605 3587 1663 innocens

1984 1692 2272 1762 ignorasse
2305 1706 2366 1749 se
2413 1694 2510 1749 ait.
2536 1692 2852 1767 [Nunquam
2887 1696 3032 1749 enim
3060 1695 3126 1750 ad
3157 1706 3384 1769 regnum
3431 1700 3585 1772 aspi-

342 1785 585 1858 raverat.]
609 1787 839 1844 Possunt
867 1786 1029 1842 etiam
1062 1785 1178 1841 haec
1207 1785 1370 1841 verba
1416 1785 1484 1840 de
1521 1783 1744 1839 ChriSIO
1789 1782 2019 1855 intelligi
2053 1793 2277 1856 propter
2309 1785 2484 1843 falsos
2550 1789 2745 1855 testes,
2814 1791 2906 1857 qui
2968 1787 3376 1861 ittterrOgabant
3431 1811 3581 1863 eum,

346 1881 585 1952 numquid
612 1897 711 1936 non
736 1880 1184 1952 blasphemasset,
1215 1890 1275 1935 ut
1303 1880 1723 1951 Evangeliorum
1757 1880 1922 1934 tradit
1959 1882 2208 1938 historia.

420 1971 899 2028 Ἀνταπεδίδοσάν
913 1990 1015 2043 μοι
1052 1972 1289 2042 πονηρὰ
1324 1972 1461 2028 ἀντὶ
1504 1970 1764 2043 ἀγαθῶν,
1796 1970 1892 2025 καὶ

2056 1974 2239 2031 ηνειιε.
2263 1974 2349 2032 12.
2368 1972 2744 2033 Retribueruut
2764 1972 2907 2033 mata
2928 1978 3023 2049 pro
3041 1977 3212 2047 bonis,
3251 1977 3587 2059 sterilitatem

351 2063 606 2122 ἀτεκνίαν
632 2063 703 2135 τῇ
739 2064 914 2135 ψυχῇ
947 2083 1089 2135 μου.
1147 2066 1253 2120 Τὸν
1302 2065 1484 2122 κοινὸν
1538 2063 1650 2136 γὰρ
1704 2063 1899 2135 ἐχθρὸν

354 2156 528 2210 meo
552 2156 767 2222 ἀνελὼν,
801 2158 895 2210 καὶ
922 2158 1047 2220 τοὺς
1072 2155 1406 2226 ἀλλοφύλους
1425 2157 1685 2228 νικήσας,
1716 2155 1811 2209 καὶ
1833 2153 1896 2207 τὺ

361 2249 567 2323 πονηρὴν
592 2250 802 2320 πνεῦμα
839 2249 935 2305 τοῦ
966 2248 1143 2305 Σαοὺλ
1180 2250 1406 2317 διώξας,
1453 2244 1683 2320 ὕστερον
1734 2244 1894 2301 ὲδιῶ-

371 2360 517 2398 κετο·
542 2346 937 2401 ἁνταπεδίδοσαν
973 2345 1030 2401 δὲ
1051 2346 1147 2400 καὶ
1179 2345 1442 2399 ἀτεκνίαν
1475 2346 1544 2416 τῇ
1579 2337 1729 2415 ψυχῇ
1764 2359 1891 2413 μου,

377 2438 608 2493 τουτέστιν
626 2434 902 2512 ἀκαρπίαν
957 2440 1039 2504 εἰς
1083 2438 1313 2515 αρετὴν,
1365 2434 1454 2492 οἷα
1495 2437 1898 2508 μελετήσαντες

2009 2068 2378 2125 animwmeaz.
2438 2070 2573 2126 Cum
2637 2069 2987 2127 communem
3040 2074 3320 2129 inimicum
3365 2075 3584 2134 Guliath

2006 2155 2382 2213 interemisset
2412 2160 2604 2215 beatus
2638 2153 2832 2227 David,
2864 2173 2920 2217 et
2963 2156 3274 2223 Pbilistmbs
3331 2184 3590 2240 superas-

2003 2261 2110 2315 set,
2143 2253 2198 2306 el
2221 2252 2450 2322 pravum
2484 2250 2668 2310 S‘auli's
2696 2254 2951 2324 spiritum
2979 2256 3301 2327 depulisset,
3327 2277 3588 2332 persecu-

2002 2343 2205 2398 tionem
2258 2356 2438 2401 tamen
2494 2347 2806 2403 sustinebat
2858 2363 2888 2403 a
2943 2342 3130 2406 Saule.
3165 2344 3586 2414 .Retribuerunt

1999 2434 2188 2505 itaque
2214 2437 2415 2492 animae
2443 2453 2576 2493 mea:
2606 2440 2979 2506 sterilitatem,
3015 2434 3118 2499 hoc
3145 2455 3232 2502 est
3280 2449 3586 2509 infructuo-

368 2531 549 2584 ἀνελεῖν
568 2549 644 2604 με,
666 2533 758 2586 καὶ
794 2531 1002 2587 παῦσαι
1024 2532 1125 2603 τὴν
1145 2531 1327 2602 ψυχήν
1353 2547 1454 2601 μου
1473 2528 1582 2583 ἀπὸ
1612 2521 1714 2599 τῆς
1752 2544 1892 2599 καρ-

1999 2528 2239 2583 sitatem.
2265 2527 2536 2583 Virtutem
2566 2530 2764 2596 meam,
2806 2530 3005 2602 inquit,
3041 2529 3375 2597 studuerunt
3406 2543 3587 2601 infru-

361 2624 596 2694 ποφορίας
612 2624 714 2678 τῶν
731 2623 962 2696 ἀρετῶν.
982 2622 1053 2677 Ἢ
1070 2618 1497 2676 ἀνταπεδίδοσαν
1521 2620 1616 2676 καὶ
1635 2619 1892 2675 ἀτεκνίαν

1999 2626 2248 2674 etuosam
2275 2621 2639 2687 constituere,
2665 2610 2792 2677 cum
2820 2620 3074 2683 occidere
3096 2645 3183 2685 me
3200 2633 3586 2703 cegitaverint,

354 2718 487 2785 ἐμοὶ,
511 2716 637 2769 κατὰ
664 2717 1009 2787 περίφρασιν,
1044 2714 1133 2768 ἵνα
1168 2714 1245 2786 μὴ
1277 2714 1452 2785 ζήσας
1476 2710 1886 2782 τεκνογονήσω.

1999 2722 2041 2766 at
2071 2708 2252 2767 facere
2282 2720 2340 2766 ut
2368 2711 2550 2768 anima
2579 2726 2698 2769 mea
2727 2714 2973 2773 cesSaret
3005 2735 3035 2773 a
3088 2714 3371 2781 fertilitate
3408 2729 3587 2784 virtu-

350 2798 471 2861 lum.
505 2804 590 2862 Vel
616 2808 971 2863 retribuerunt
1004 2805 1138 2860 mihi
1177 2804 1544 2867 sterilitatem,
1577 2800 2069 2872 eireumloquendo
2101 2801 2263 2868 dixit,
2298 2818 2361 2857 ac
2393 2805 2439 2858 si
2461 2799 2708 2861 diceret:
2772 2805 2880 2859 Pro
2959 2802 3242 2868 beneﬁciis
3312 2830 3343 2869 a
3410 2834 3497 2873 me
3529 2821 3584 2877 in

344 2912 435 2952 eos
460 2897 674 2963 collatis,
701 2898 829 2954 illttd
854 2897 1034 2953 conati
1100 2902 1230 2951 sunt
1284 2895 1414 2949 mihi
1461 2892 1803 2965 rependere,
1852 2901 1914 2946 ut
1989 2906 2075 2947 me
2108 2885 2446 2959 oéciderent,
2485 2907 2554 2949 ne
2583 2894 2818 2951 vivendo
2853 2892 3000 2955 tilios
3050 2912 3424 2971 procreat-em.
3461 2903 3589 2978 [Vel

345 2989 534 3055 aliter,
583 2992 829 3048 sterilitas
878 3006 979 3064 pro
1027 2990 1305 3046 oblivione
1362 2989 1674 3061 accipitur,
1748 2985 1881 3058 quia
1920 2999 2019 3055 per
2043 2985 2186 3042 filios
2226 2995 2283 3042 et
2331 2996 2587 3059 posteros
2629 2991 2893 3046 memoria
2981 2984 3267 3050 hominum
3358 3010 3586 3055 conser-

349 3091 523 3135 Villi".

420 3179 554 3249 Ἐγὼ
576 3178 641 3234 δὲ
674 3181 743 3236 ἑν
766 3178 846 3247 τῷ
873 3180 1093 3247 αὐτοὺς
1115 3178 1518 3249 παρενοχλεῖν
1540 3194 1620 3248 με
1666 3174 1892 3232 ἐνεδυό-

2083 3171 2245 3231 Vens.
2276 3162 2367 3230 l3.
2392 3172 2506 3247 Ego
2540 3184 2717 3231 autem
2740 3176 2860 3231 cum
2889 3177 3021 3233 mihi
3044 3169 3253 3235 molesti
3278 3192 3472 3249 essent,
3497 3186 3587 3242 itt-

339 3291 460 3346 μην
495 3271 737 3339 σάκκον,
797 3272 894 3330 καὶ
950 3270 1314 3328 ἐταπείνουν
1364 3272 1435 3325 ἐν
1484 3268 1742 3338 νηστείᾳ
1789 3266 1892 3338 τὴν

2003 3267 2394 3329 ἀιιεὺαηαοεο,
2413 3278 2462 3323 et
2477 3268 2826 3324 humiliabam
2843 3272 2893 3324 in
2907 3256 3116 3340 jejunio
3129 3275 3370 3329 animam
3391 3292 3584 3337 meam.

343 3365 542 3436 ῨνΧῆν
568 3383 702 3435 μου.
743 3364 1020 3419 Ἐντεῦθεν
1048 3364 1314 3430 διδάσκει,
1347 3362 1465 3426 πῶς
1504 3362 1586 3416 δεῖ
1616 3360 1770 3414 λύειν
1800 3362 1892 3424 τὰς

2002 3357 2269 3426 Deinceps
2293 3363 2452 3414 docet
2480 3357 2753 3431 Propheta
2775 3362 3058 3431 quomodo
3083 3352 3385 3421 dissolvere
3421 3383 3587 3439 opor-

345 3460 613 3531 συμφοράς
643 3475 659 3491 ⁸
694 3457 1197 3529 συκοφαντούμενος
1247 3456 1381 3528 γὰρ,
1408 3455 1601 3526 σάκκῳ
1649 3453 1747 3507 καὶ
1800 3469 1892 3521 νη-

1999 3457 2116 3505 teat
2146 3450 2507 3507 calamitates.
2533 3447 2666 3506 Nam
2692 3468 2814 3508 cum
2855 3453 2925 3507 ab
2974 3448 3213 3510 inimicis
3252 3454 3586 3515 calumniam

347 3554 490 3626 στείᾳ
520 3554 708 3624 ετηκέν
735 3554 833 3626 τὴν
861 3554 1055 3607 ἑαυτοῦ
1079 3552 1285 3623 ψυχὴν,
1316 3552 1439 3624 ἤτοι
1491 3549 1707 3615 ἑαυτὸν,
1744 3547 1892 3618 uixd-

2004 3542 2326 3605 sustiueret,
2358 3557 2521 3599 sacco
2572 3559 2637 3599 ac
2678 3543 2893 3614 jejunio
2958 3542 3195 3601 animam
3236 3563 3387 3603 sitam
3415 3590 3430 3614 ,
3484 3550 3589 3606 hoc

349 3663 497 3718 μενος
522 3646 862 3717 ἐξαιρεθῆναι
882 3649 980 3717 τῆς
1003 3644 1323 3714 ὲπιὸουλῆς.

1999 3635 2085 3689 est
2114 3631 2380 3703 selpsuni,
2436 3632 2784 3703 humiliabat,
2813 3650 3018 3710 rogans
3068 3640 3138 3693 ab
3181 3639 3397 3696 insidiis
3448 3643 3607 3699 "be-‘

2000 3742 2137 3782 Tal‘l.

2076 3825 2143 3875 Et
2184 3820 2359 3875 oratio
2393 3838 2509 3876 mea
2535 3820 2593 3875 in
2631 3821 2808 3876 sinum
2856 3838 3029 3877 meum
3070 3835 3423 3880 convertatur.
3475 3824 3587 3884 Hoc

2005 3913 2459 3977 esgexaudietur
2489 3926 2606 3967 mea
2649 3914 2849 3967 oratio.
2894 3914 2969 3967 Ita
3020 3916 3165 3970 enim
3234 3918 3588 3988 intelligenda

2005 4011 2134 4055 sunt
2173 4003 2289 4055 haec
2316 4001 2507 4066 verba,
2538 3996 2698 4071 quasi
2729 4002 2963 4070 seipsam
2998 4015 3331 4058 conversum
3370 4007 3590 4062 situra-

410 3828 508 3884 Kal
525 3829 563 3897 ἡ
585 3827 891 3897 προσευχὴ
920 3832 1037 3897 μου
1067 3828 1154 3893 εἰς
1190 3828 1430 3881 κόλπον
1450 3842 1572 3895 μου
1594 3822 1894 3892 ἀποστραο

348 3910 1129 3991 βήσεται,Εἰσακουσθήσόμαι
1162 3933 1176 3949 °
1231 3916 1391 3970 τοῦτο
1439 3912 1549 3986 γὰρ
1600 3906 1662 3965 τὸ
1714 3910 1903 3983 σχῆμα

349 4012 468 4065 ποτὲ
489 4012 582 4083 μὲν
635 4013 725 4064 ἐπὶ
766 4009 859 4064 τοῦ
915 4009 1362 4072 εἰσακουσθέντος
1406 4001 1770 4079 λαμϐάνεται,
1820 4003 1897 4066 ὡς

2007 4096 2081 4148 ιὶο
2114 4095 2179 4148 ad
2206 4091 2560 4162 Pr0phetam,
2592 4093 2685 4162 qui
2721 4108 2839 4147 eam
2875 4094 3091 4162 emisit;
3147 4111 3252 4148 non
3289 4097 3473 4154 inanis
3504 4108 3590 4154 ta-

2004 4199 2150 4244 men,
2188 4197 2290 4236 nec
2318 4196 2480 4244 vana,
2512 4191 2603 4234 aut
2631 4197 2689 4235 re
2717 4180 2915 4235 infecta
2939 4220 2954 4244 ,
3006 4184 3136 4251 quin
3194 4182 3303 4239 imo
3336 4185 3390 4241 in
3438 4189 3591 4244 illius

2004 4271 2129 4327 siu'u
2160 4258 2336 4324 instar
2365 4266 2753 4339 pretiosissimi
2774 4264 2901 4323 doni
2935 4272 3284 4342 suscipienda
3338 4277 3430 4335 sit.
3465 4274 3588 4342 Vel,

350 4356 578 4449 ᾐτήσατο
610 4395 624 4410 ’
655 4380 782 4433 ποτὲ
815 4370 896 4445 δὲ,
930 4379 1022 4432 ἐπὶ
1050 4365 1143 4432 to?)
1172 4377 1248 4449 μὴ
1277 4372 1755 4435 εἰσακουσθέντος,
1807 4366 1892 4423 οἷα

2004 4365 2129 4435 quia
2155 4365 2228 4417 ita
2264 4363 2638 4427 couvertelttr,
2669 4370 2731 4415 ut
2753 4356 2967 4415 orantis
3006 4362 3191 4417 sinum
3218 4366 3400 4434 petitis
3421 4369 3590 4423 rebus

357 4468 699 4538 στρεφομένου
730 4469 1034 4539 ἁπράκτὸυ.

2007 4455 2295 4525 itupletura
2329 4451 2439 4518 sit,
2471 4452 2690 4505 tametsi
2717 4450 3012 4521 aliquando
3038 4455 3201 4509 etiam
3270 4458 3587 4527 huiusmodi

356 4560 585 4635 laqueudi
622 4564 810 4618 modus
836 4561 1166 4618 contrarium
1195 4562 1412 4632 penitus
1472 4563 1696 4616 Sensum
1743 4552 1999 4624 recipiat.
2031 4544 2256 4620 quando
2286 4541 2499 4604 scilicet
2529 4548 2656 4618 quis
2722 4555 2832 4601 non
2899 4549 3230 4619 exauditur,
3289 4563 3343 4608 et
3410 4559 3591 4612 oratio

356 4656 403 4709 in
426 4656 595 4710 sinnm
628 4671 684 4711 re
724 4655 918 4711 infecta
947 4655 1129 4711 inanis
1165 4654 1527 4710 cdnvertitur.

427 4748 518 4817 Ὠς
565 4752 846 4818 πλησίον,
883 4751 962 4816 ὡς
1003 4748 1274 4818 ἀδελφὸν
1323 4749 1613 4819 ἡμέτερον
1637 4782 1652 4811 ,
1715 4742 1892 4808 οὕτως

2083 4730 2250 4789 Vens.
2284 4724 2375 4788 ιι.
2416 4730 2586 4797 Quasi
2620 4732 2865 4801 proximo
2908 4741 2960 4786 et
2997 4735 3153 4804 quasi
3205 4730 3367 4804 fratri
3410 4750 3592 4798 nostro

356 4842 721 4909 εύηρέστουν.
758 4842 832 4894 Τὸ
850 4841 1110 4913 διάπυρον
1142 4842 1242 4911 τῆς
1263 4842 1398 4913 πρὸς
1422 4841 1516 4895 τὸν
1544 4838 1717 4893 Σαοὺλ
1763 4838 1892 4905 ἀγά·

2011 4828 2087 4882 sic
2115 4827 2531 4895 complacebam.
2566 4824 2847 4879 Summam
2876 4841 3032 4881 suam
3059 4826 3409 4887 dilectionem
3461 4848 3593 4906 erga

359 4908 459 5002 της
489 4937 830 5003 παραστῆσαι
869 4908 1056 4996 θέλων,
1105 4908 1431 5003 τῷᾐόνόιλιατι
1489 4930 1585 4984 τοῦ
1653 4930 1892 4998 πλησίον,

2014 4923 2235 4979 Saulem
2258 4920 2549 4977 ostendere
2571 4921 2783 4987 volens,
2808 4923 2991 4978 fratris
3015 4938 3081 4979 ac
3107 4928 3340 4995 proximi
3368 4930 3590 4985 nomine

361 5025 443 5074 καὶ
495 5024 585 5077 τοῦ
641 5025 866 5095 ἀδελφοῦ
908 5026 1175 5097 ἐχρήσατο
1206 5040 1221 5055 '
1264 5024 1391 5086 τοὺς
1447 5023 1549 5094 μὲν
1580 5021 1690 5091 γὰρ
1726 5024 1892 5090 γονεῖς

2011 5032 2146 5071 usus
2179 5025 2286 5071 est.
2317 5017 2584 5070 Parentes
2634 5016 2778 5070 enim
2829 5025 2885 5071 et
2914 5015 3168 5073 dominos
3217 5020 3444 5090 proprie
3490 5021 3591 5075 ho-

360 5113 586 5175 καὶτοὺς
620 5113 838 5179 κυρίους
888 5115 1050 5184 τιμᾷν
1096 5111 1327 5181 λέγομεν
1376 5108 1615 5180 κυρίως·
1684 5107 1892 5177 ἀγαπᾷκ

2012 5108 2292 5162 norandos
2326 5106 2485 5160 nobis
2523 5121 2648 5162 esse
2676 5107 2910 5164 dicimus
2938 5150 2953 5175 ,
3000 5109 3200 5165 fratres
3227 5127 3353 5165 vero
3401 5129 3590 5168 aman-

362 5199 409 5253 ὄὲ
436 5202 550 5263 τοὺς
578 5201 858 5268 ἀδελφοὺς,
880 5203 1006 5255 ὅταν
1032 5195 1185 5270 ὦμεν
1211 5197 1465 5261 ἄπαιδες.
1502 5195 1822 5266 Ἀδιάφορος
1849 5193 1892 5246 δὲ

2011 5197 2135 5259 dos,
2170 5196 2443 5266 praecipue
2475 5197 2690 5265 quando
2732 5213 2924 5253 sumus
2966 5200 3083 5253 sine
3134 5201 3307 5269 prole.
3371 5201 3588 5259 lndiﬂ'e-

361 5294 498 5363 ήτοῦ
532 5295 893 5363 εὑηρέστουν
929 5292 1202 5357 σύνταξις.

2013 5299 2198 5344 renter
2234 5295 2416 5343 autem
2448 5303 2510 5344 se
2541 5289 2709 5345 habet
2733 5293 3073 5347 constructio
3106 5291 3256 5345 verbi
3288 5293 3588 5359 complacco

2013 5378 2155 5432 bam.

2085 5473 2253 5539 Quasi
2280 5470 2465 5542 lugens
2511 5480 2562 5525 et
2606 5482 2842 5538 manus,
2891 5474 2968 5527 sic
3010 5460 3353 5525 humiliabar.
3390 5473 3591 5531 Videtis

2015 5564 2169 5618 illum
2197 5565 2327 5618 mihi
2358 5563 2624 5627 invidere,
2651 5564 2781 5634 quia
2810 5562 3107 5619 multitudo
3141 5577 3204 5618 ac
3242 5566 3474 5634 populus
3504 5577 3591 5618 me

348 4106 438 4158 καὶ
457 4103 545 4157 νῦν
589 4098 675 4156 οἷα
696 4104 1064 4172 στρεφομένου
1100 4102 1447 4173 ὲμπράκτου,
1496 4099 1590 4152 καὶ
1611 4094 1893 4155 τοσοῦτον,

347 4193 415 4257 ὡς
436 4196 510 4259 εἰς
538 4196 729 4249 κόλπον
758 4194 1135 4264 ὑποδεχοῆναι,
1153 4193 1308 4263 δίκην
1338 4191 1514 4262 δώρου
1543 4185 1892 4249 πολυτελοῦς,

350 4281 381 4357 ἢ
419 4287 489 4351 ὡς
536 4287 807 4358 ἐμπλῆσαι
838 4287 928 4339 τὸν
982 4283 1180 4340 κόλπον
1227 4284 1321 4338 τοῦ
1377 4272 1760 4343 ἀπαιτοῦντος,
1820 4268 1897 4330 ὧν

431 5474 522 5542 Ὠς
549 5474 779 5531 πενθῶν
811 5474 907 5528 καὶ
930 5471 1385 5543 σκυθρωπάζων,
1437 5460 1626 5539 οὕτως
1673 5472 1906 5525 ἐταπει-

361 5573 598 5638 νοϊψην.
631 5565 794 5629 Εἰδὼς
814 5568 974 5620 αὐτὸν
1005 5563 1395 5632 διαφθονοῦντὰ
1451 5583 1541 5637 μοι
1580 5564 1881 5647 ἐπαινουμὲ

1702 5754 1892 5819 Variae
1938 5751 2261 5819 lectiones.

421 5854 533 5929 (2‘)
564 5858 651 5912 Al.
678 5857 1057 5927 ἐπιγινωσκεν.
