4078 6410
373 365 475 429 uti}
1490 370 1881 434 COMMENT.
1935 373 2014 432 ΙΝ
2055 376 2416 441 PSALMOS.
3492 398 3604 462 406

377 479 584 550 μᾶλλον,
629 478 742 532 ἀλλ’
777 479 832 530 ὲν
873 479 1013 548 ἀρᾶς
1051 478 1206 549 τόπῳ
1243 479 1645 549 προσαγορεύει
1681 479 1749 533 τὰ
1799 481 1928 548 μέλι
1965 489 1987 542 Α

1996 519 2000 540 ι
2039 500 2177 537 mum
2209 495 2378 551 tuum,
2405 498 2454 542 et
2481 492 2600 544 odio
2635 497 2966 564 prosequeris
2997 499 3271 555 inimicum
3310 513 3490 571 tuum;
3513 525 3606 578 ego

373 573 524 624 λοντα
575 572 946 642 συμϐήσεσθαι
999 574 1107 634 τοῖς
1154 572 1367 643 ἐχθροῖς
1401 573 1592 627 αὑτοῦ.
1648 574 1708 626 Ei
1741 573 1798 626 δὲ
1831 573 1926 626 καὶ

2036 582 2212 628 autem
2242 576 2361 630 dico
2387 578 2528 632 vobis
2560 595 2578 634 :
2615 581 2832 653 Diligite
2881 586 3127 641 inimicos
3189 598 3412 656 vestros,
3455 572 3607 650 bene-

375 665 656 734 ἐπαρᾶται,
681 664 898 732 νομικὸν
923 663 1099 726 τοῦτο,
1133 664 1274 718 καθά
1307 664 1652 734 προείρηται.
1686 667 1794 716 Καὶ
1832 665 1926 720 ἄλ·-

2033 663 2194 717 dicite
2247 669 2676 737 persequentibus
2721 689 2809 727 vos
2843 675 2936 742 '3;
2983 677 3067 731 vel
3111 680 3237 748 quia
3292 683 3454 738 verba
3493 685 3607 740 haec

375 757 473 817 λως
495 744 630 825 γάρῖ
665 755 849 808 Τύπτε
894 753 1200 823 ἀδόκιμον,
1236 755 1420 824 φησὶν,
1456 755 1760 824 ἀργύριον,
1822 757 1920 808 καὶ

2033 755 2172 808 beati
2206 755 2371 810 David
2423 759 2775 830 intelligenda
2827 775 2976 831 sunt,
3038 744 3145 824 non
3200 782 3259 826 ut
3300 775 3607 844 imprecen-

379 848 856 914 καθορισθήσεται
894 848 1088 902 ἅπαν·
1123 849 1368 918 ἐπηρᾶτο
1410 847 1540 917 γάρ,
1577 849 1676 918 οὐχ
1723 848 1800 910 ὼς
1829 866 1920 900 πι-

2031 859 2140 913 tur,
2173 848 2269 904 sed
2298 853 2444 918 quod
2484 854 2588 908 sub
2633 856 3056 925 imprecationis
3095 865 3255 918 modo
3287 881 3351 920 ea
3412 869 3608 937 prardi-

380 940 518 1007 κρδς,
546 938 656 990 ἁλλ’
686 937 760 1000 ὡς
792 939 1174 1008 μισοπόνηρος,
1208 939 1295 992 ἴνα
1344 939 1756 1008 μαστιχθέντες,
1815 939 1920 1006 φύ-

2027 947 2175 1005 cant,
2201 957 2322 1010 qua:
2362 943 2604 1000 inimicis
2637 959 2903 1003 eventura
2934 964 3114 1009 erant.
3154 956 3250 1010 Vel
3293 973 3355 1013 ea
3391 960 3605 1014 ratione

380 1049 512 1097 γοιεν
551 1031 646 1101 τὴν
685 1030 984 1102 μέλλουσαν
1015 1032 1195 1102 κρίσιν
1218 1049 1232 1063 ’
1281 1031 1312 1103 ἢ
1347 1033 1434 1085 ἵνα
1473 1033 1678 1110 τούτων
1728 1032 1928 1086 παθόν.

2030 1031 2284 1088 fortassis
2333 1035 2690 1105 imprecatnr,
2742 1054 2849 1110 qua
2898 1045 3161 1113 scriptum
3212 1059 3296 1104 est
3330 1067 3344 1105 :
3382 1049 3609 1106 Percute

383 1139 500 1184 των,
523 1122 691 1192 ἕτεροι
713 1123 972 1190 γένωνται
1007 1123 1270 1194 βελτίους.
1293 1125 1388 1176 Δεῖ
1412 1125 1468 1178 δὲ
1495 1123 1808 1192 γινώσκειν,
1841 1123 1926 1211 δτι

2028 1130 2309 1192 argentum
2358 1127 2662 1193 reprobum,
2705 1139 2752 1183 et
2805 1135 3145 1203 purgabilur.
3200 1137 3610 1210 lmprecabatur

385 1213 441 1266 τά
474 1213 680 1266 πλείονα
710 1215 801 1269 καὶ
833 1215 1163 1287 καιριώτερα
1190 1215 1285 1269 τοῦ
1315 1216 1531 1288 ψαλμοῦ
1563 1219 1642 1278 εἰς
1666 1216 1758 1268 τὸν
1789 1217 1928 1286 Χρι-

2028 1223 2208 1269 autem
2243 1216 2326 1272 eis
2355 1217 2551 1275 beatus
2583 1219 2776 1287 David,
2807 1239 2917 1279 non
2953 1237 3007 1282 ut
3031 1231 3265 1287 acerbus
3290 1233 3488 1301 hostis,
3511 1237 3607 1290 sed

386 1305 494 1354 στὸν
520 1305 954 1374 ἐκλαμϐάνονται,
990 1307 1100 1360 τῶν
1154 1307 1466 1380 ἀχαρίστων
1513 1307 1785 1362 Ἰουδαίων
1819 1325 1924 1360 κατι

2030 1305 2200 1358 velnti
2241 1307 2289 1362 is
2342 1309 2435 1378 qui
2487 1324 2690 1378 pravos
2748 1329 2945 1372 omnes
3000 1319 3252 1378 homines
3306 1324 3514 1390 oderat,
3555 1334 3608 1381 et

383 1395 727 1450 ταδιωκόντων
751 1398 930 1452 αὐτόν.

2029 1398 2255 1466 optabat
2288 1414 2384 1454 eos
2417 1403 2786 1473 castigatione
2815 1411 3122 1481 emendari,
3171 1424 3230 1468 ut
3263 1415 3508 1472 futurum
3542 1433 3607 1471 ac

384 1487 622 1544 horribile
664 1490 922 1560 judicium
956 1494 1268 1560 evaderent,
1316 1495 1400 1552 vel
1437 1506 1496 1549 ut
1533 1510 1631 1565 per
1675 1495 1892 1548 illorum
1936 1508 2129 1563 poenas
2172 1493 2262 1548 alii
2299 1493 2494 1551 tierent
2557 1500 2832 1558 meliores.
2913 1504 3052 1560 Illud
3101 1509 3324 1579 insuper
3407 1514 3614 1570 adden-

382 1581 502 1636 dum
583 1593 829 1652 putamus
889 1587 956 1642 ad
1012 1589 1290 1658 prazdicta,
1365 1589 1522 1660 quod
1567 1588 1722 1658 plura
1777 1603 1842 1642 ac
1923 1588 2137 1656 potiora
2181 1586 2358 1658 ipsius
2410 1589 2606 1659 psalmi
2651 1594 2816 1649 verba
2869 1597 3093 1654 Christo
3184 1601 3420 1662 Domino
3464 1617 3613 1662 recte

382 1678 756 1733 acconnuodari
789 1691 1038 1750 possunt,
1072 1683 1337 1741 adversus
1375 1685 1785 1755 ingratissimos
1813 1681 2054 1738 Judazos.
2165 1740 2174 1749 ,

551 1772 646 1837 Εἰς
667 1771 836 1840 τέλος
861 1775 937 1841 τῷ
967 1778 1130 1830 παιδὶ
1153 1780 1398 1846 Κυρίου,
1427 1776 1509 1843 τῷ
1525 1777 1723 1832 Δαϐίδ.

2282 1773 2344 1827 In
2385 1775 2544 1842 linem
2576 1776 2678 1843 ipsi
2713 1792 2873 1845 puero
2901 1779 3115 1836 Domini
3160 1783 3351 1844 David.

909 1867 1200 1923 ΨΑΛΜΟΣ
1232 1871 1354 1926 AE'.
1961 1882 2004 1936 Β

1961 1882 2004 1936 Β
2530 1867 2854 1926 PSALMUS
2892 1872 3109 1931 xxxv.

445 1957 760 2028 Διωκόμενος
809 1963 838 2014 6
879 1963 1042 2017 Δαὸὶδ
1091 1965 1198 2017 ὑπὸ
1255 1965 1450 2042 Σαοὺλ,
1502 1967 1813 2035 κατέφυγεν
1844 1969 1923 2030 εἰς

2095 1959 2236 2014 Cum
2269 1959 2469 2017 beatus
2503 1961 2676 2018 David
2703 1965 2911 2023 veritus
2945 1965 3131 2024 Saulis
3162 1975 3603 2044 persecutionem

389 2048 626 2120 σπήλαιον
669 2049 1132 2121 κοιμηθησόμενος
1155 2069 1169 2083 ·
1202 2049 1338 2123 ἦλθε
1367 2054 1424 2107 δὲ
1461 2057 1556 2107 καὶ
1599 2055 1792 2119 Σαοὺλ,
1829 2053 1925 2108 καὶ

2027 2058 2335 2107 moraretur
2386 2054 2442 2108 in
2476 2053 2718 2122 deserto,
2776 2064 2838 2112 et
2881 2058 3180 2128 quamdam
3226 2063 3336 2117 illic
3383 2066 3611 2134 spelun-

389 2140 670 2208 ὲνεκυλίσθη
701 2141 890 2212 τούτῳ,
933 2144 1010 2213 μὴ
1052 2143 1226 2209 εἰδὼς,
1258 2147 1340 2199 ὅτι
1377 2145 1541 2199 Δαδὶδ
1574 2148 1692 2199 ἐκεῖ
1719 2148 1922 2217 κέκρυ-

2027 2157 2147 2197 cam
2174 2144 2517 2202 dormiturus
2562 2148 2959 2217 subimrasset,
2997 2155 3150 2209 venit
3188 2168 3253 2210 eo
3275 2155 3380 2211 loci
3425 2173 3611 2227 perse-

397 2250 529 2285 πται.
549 2234 742 2296 Νυκτὸς
763 2235 819 2286 δὲ
849 2235 1009 2288 Δασὶδ
1031 2236 1292 2300 ἀναστὰς,
1323 2239 1596 2308 ἐπέστησε
1625 2238 1774 2309 αὐτῷ
1807 2256 1924 2292 κοιο

2027 2247 2187 2292 culor
2217 2236 2340 2306 ejus
2375 2238 2528 2305 Saul,
2575 2244 3052 2315 pernoctavitque,
3092 2247 3264 2303 latere
3297 2250 3409 2306 illic
3459 2253 3613 2322 igno-

409 2326 619 2395 μωμένῳ,
655 2327 747 2380 καὶ
781 2328 1128 2395 φεισάμενος,
1179 2329 1421 2399 περιεῖλε
1455 2330 1615 2400 μόνον
1636 2331 1697 2382 τὸ
1725 2330 1926 2400 πτερύ-

2026 2343 2158 2383 rans
2176 2328 2392 2384 beatum
2419 2329 2612 2386 David.
2643 2331 2819 2388 Noctu
2852 2336 3039 2407 itaque
3061 2337 3228 2396 David
3248 2357 3606 2414 consurgens,

421 2434 520 2481 γιον
537 2418 610 2486 τῆς
632 2418 892 2484 διπλοΐδος
923 2419 1109 2485 αὐτοῦ,
1139 2423 1274 2490 πρὸς
1307 2421 1604 2487 ἀπόδειξιν.
1637 2419 1772 2477 Εῐτα
1805 2424 1924 2492 μεθ’
2029 2442 2031 2470 ;

2029 2420 2205 2474 astitit
2238 2436 2406 2491 supra
2434 2423 2821 2491 dormientem,
2851 2442 3197 2500 parcensque
3232 2435 3305 2500 ei,
3333 2435 3605 2492 {iinbriam

408 2509 585 2578 ἡμέραν
622 2513 786 2566 Σαοὺλ
820 2513 918 2579 μὲν
948 2513 1168 2584 ἐξῆλθεν
1189 2532 1202 2547 ⁸
1250 2515 1414 2568 Δαὸὶδ
1444 2515 1500 2568 δὲ
1530 2516 1924 2582 ἀκολουθήσας,

2027 2520 2241 2566 tantum
2283 2513 2541 2583 diploidis
2565 2515 2752 2586 gladio
2791 2520 3042 2586 abstulit,
3084 2523 3138 2578 in
3189 2524 3318 2582 facti
3364 2530 3610 2583 testimo-

394 2599 562 2667 ἐϐόησε
593 2603 882 2676 πόρρωθεν,
933 2607 1028 2658 καὶ
1077 2606 1352 2660 ὠνείδισεν
1400 2607 1552 2678 αὐτῷ
1586 2608 1683 2680 τὴν
1738 2608 1923 2664 ἄδικον

2031 2603 2204 2658 nium.
2245 2605 2314 2659 Et
2345 2615 2567 2675 postera
2605 2607 2693 2664 die
2719 2618 3013 2666 exeuntem
3044 2613 3196 2669 illinc
3222 2614 3443 2673 Saulem
3473 2635 3609 2673 con-

389 2693 666 2764 ὲπισουλήν.
697 2697 1010 2767 Ἀνήγγειλε
1053 2698 1109 2750 δὲ
1141 2698 1237 2751 καὶ
1267 2698 1367 2770 τὴν
1401 2699 1599 2752 ἑαυτοῦ
1641 2700 1924 2755 δικαιοσύ-

2029 2704 2276 2762 seen-tus,
2306 2703 2529 2751 ostensa
2568 2698 2782 2755 [imbria
2830 2699 3094 2771 diploidis
3126 2707 3475 2774 acclamavit,
3513 2727 3610 2764 exr

385 2800 495 2851 νην,
546 2785 810 2852 ὑποδείξας
841 2789 902 2842 τὸ
932 2789 1034 2858 τῆς
1079 2789 1350 2853 διπλοΐδος
1407 2791 1724 2863 πτερύγιον.
1777 2795 1837 2847 '0
1867 2794 1926 2848 δὲ

2025 2787 2297 2856 probrans
2339 2787 2575 2856 injustas
2607 2789 2757 2846 illius
2811 2791 3066 2858 insidias,
3103 2803 3158 2849 et
3212 2812 3368 2851 suam
3408 2801 3613 2867 pariter

381 2879 1273 2952 καταισχυνθεὶς,ιὼμολόγησε,ικαὶ
1301 2884 1602 2956 κατενύγη,
1632 2887 1726 2939 καὶ
1744 2885 1925 2954 λόγοις

2021 2878 2292 2946 justitiam
2348 2879 2704 2936 annuntians.
2739 2879 2836 2937 ille
2882 2884 3065 2939 autem
3109 2885 3317 2955 pudore
3366 2889 3609 2948 suﬂusus

378 2969 836 3040 ἐπικεχρυσμένοις
880 2973 1068 3046 ἀγάπῃ
1117 2975 1254 3046 πρὸς
1283 2976 1450 3029 Δαὸὶδ
1480 2977 1776 3048 ἐχρήσατο.
1812 2978 1925 3032 Πάν

2029 2984 2134 3023 non
2173 2970 2458 3036 mediocri,
2485 2973 2779 3030 conlessus
2819 2985 2924 3041 est,
2958 2983 3013 3031 et
3056 2988 3438 3049 compunctus,
3495 3000 3611 3038 ver-

374 3062 454 3114 λιν
498 3062 550 3115 δὲ
594 3065 930 3120 κατεδίωκεν.
992 3066 1156 3120 Ὅθεν
1220 3067 1619 3139 βαρυθυμήσας
1659 3071 1687 3123 6
1735 3071 1922 3138 Δαϐὶδ,

2028 3061 2227 3131 bisque
2257 3062 2608 3119 dilectionem
2656 3065 2978 3134 simulabat,
3031 3084 3227 3126 rursus
3261 3079 3443 3127 tamen
3481 3091 3605 3129 eum

380 3153 652 3225 συνέθηκεν
681 3157 766 3209 τὸν
795 3158 1035 3229 παρόντα
1061 3158 1297 3230 ψαλμὸν,
1332 3164 1767 3232 προηγουμένως
1823 3164 1924 3232 μὲν
1961 3224 1989 3232 _

2028 3153 2477 3222 persequebatur.
2512 3152 2869 3225 Quod’aagre
2931 3154 3110 3211 ferens
3167 3158 3361 3213 beatus
3411 3160 3605 3225 David,

373 3247 529 3299 αὐτοῦ
560 3224 972 3320 καθαπτόμενος,
1003 3224 1197 3308 ἔπειτα
1222 3224 1316 3309 καὶ
1341 3224 1538 3318 παντδς
1564 3224 1758 3310 δολίου
1784 3224 1917 3326 στη-
1948 3224 1990 3281 c
2027 3251 2352 3310 ντπεεεεηιθηι
2411 3243 2680 3312 νεειιηυπι
2739 3247 3050 3314 εοηψθευίῑ
3093 3262 3108 3301 τ
3158 3248 3334 3316 Primo
3386 3249 3604 3316 (Ιυίδθιη

373 3337 582 3392 λιτεύων
601 3343 970 3412 κακοτροπίαν.
995 3347 1096 3410 Εἰς
1119 3343 1187 3399 τὸ
1209 3346 1387 3414 τέλος
1405 3347 1462 3400 δὲ
1485 3348 1915 3418 ἐπιγέγραπται,

2021 3335 2306 3404 proposito
2333 3344 2392 3388 ut
2422 3334 2567 3390 illius
2608 3334 2800 3391 vitium
2835 3347 3107 3407 carperet,
3129 3339 3325 3394 deinde
3354 3340 3518 3395 etiam
3550 3351 3607 3394 ut

371 3428 452 3482 δά
483 3429 540 3483 τὺ
588 3430 938 3500 προφητεύειν
975 3435 1032 3487 ὲν
1062 3434 1211 3506 αὐτῷ
1240 3437 1340 3506 τὴν
1373 3439 1455 3500 είς
1484 3437 1637 3500 τέλος
1683 3437 1916 3508 ἐκδεδη-

2021 3425 2198 3482 dolosi
2229 3425 2524 3496 cujuslibet
2571 3429 2993 3498 perversitatem
3031 3439 3275 3486 notaret.
3342 3430 3407 3486 In
3445 3433 3605 3502 ﬁnem

374 3522 517 3573 κυῖαν
541 3521 642 3575 τῶν
675 3523 880 3595 ἐχθρῶν
910 3524 1207 3582 ἀπώλειαν.
1246 3529 1383 3593 Παῖς
1419 3529 1478 3582 δὲ
1508 3529 1715 3601 Κυρίου
1753 3533 1781 3584 6
1808 3532 1918 3586 Δα-

2020 3528 2201 3576 autem
2233 3519 2576 3587 inscribitur,
2617 3521 2746 3593 quia
2781 3522 2837 3577 in
2869 3536 2938 3578 eo
2975 3522 3330 3578 inimicorum
3382 3523 3606 3579 destru-

371 3612 467 3676 δὶδ,
495 3615 568 3678 ὡς
592 3616 647 3667 ὲν
678 3622 739 3687 τῇ
772 3622 1042 3689 ἐπιγραφῇ
1075 3619 1170 3674 τοῦ
1203 3622 1668 3678 ἑπτακαιδεκάτου
1697 3623 1915 3696 ψαλμοῦ

2021 3612 2130 3669 ctio
2159 3612 2496 3682 pradicitur,
2529 3630 2660 3686 quae
2711 3616 2777 3671 ad
2807 3614 2992 3682 tinem,
3021 3631 3118 3672 seu
3149 3615 3356 3683 exitum
3415 3631 3607 3686 perve-

374 3704 733 3775 Wﬁntmi:
779 3714 798 3727 "
817 3731 856 3754 τ
1235 3707 1237 3709 ’

2019 3706 2122 3760 nit.
2159 3704 2306 3760 Puer
2335 3715 2521 3762 autem
2548 3705 2765 3762 Domini
2811 3707 3020 3764 dicitur
3047 3706 3242 3763 beatus
3278 3707 3451 3762 David
3497 3709 3604 3763 du-

2021 3797 2149 3868 plici
2206 3797 2443 3866 ratione,
2478 3799 2942 3870 quemadmodum
2996 3815 3180 3872 supra,
3226 3799 3501 3856 declaravi
3548 3801 3601 3856 in

2018 3889 2378 3961 inscriptione
2400 3893 2609 3961 psalmi
2634 3907 2764 3947 xvn.
3093 3878 3097 3880 ’

435 3965 619 4030 «Mair
646 3971 680 4023 δ
707 3970 1045 4043 παράνομος
1069 3975 1178 4031 τοῦ
1204 3975 1570 4046 ἁμαρτάνειν
1604 3980 1674 4032 ἐν
1698 3977 1910 4046 ἐαυτῷ.

2090 3979 2256 4037 νεεδ.
2280 3981 2336 4035 2.
2373 3981 2517 4036 Dicit
2551 3983 2768 4054 iniquus
2797 3983 3104 4054 delinquere
3125 3983 3178 4037 in
3208 3983 3402 4050 seipso.
3434 3980 3599 4048 Dicit,

369 4056 434 4107 Τὸ
463 4061 666 4128 Φησὶν,
694 4063 812 4117 ἀντὶ
857 4065 973 4128 τοῦ,
1015 4067 1224 4135 Οῖεται,
1253 4071 1469 4140 νοήσεις
1490 4087 1504 4102 ο
1529 4072 1624 4125 καὶ
1671 4073 1754 4137 τὸ,
1781 4072 1913 4138 τοῦ,

2018 4068 2074 4126 id
2097 4077 2202 4136 est,
2229 4079 2408 4142 putat.
2452 4073 2738 4130 Articulus
2771 4084 2952 4129 autem
2985 4074 3102 4142 τοῦ,
3134 4075 3227 4144 qui
3277 4073 3512 4129 habetur
3545 4075 3597 4129 in

365 4151 630 4219 περιττόν·
664 4153 731 4208 ἵν’
766 4150 1064 4230 ᾖτοιοῦτος
1110 4161 1138 4212 6
1179 4159 1338 4222 νοῦςο
1371 4162 1559 4216 Οίεται
1599 4163 1628 4214 6
1673 4165 1914 4234 παράνο-

2016 4161 2208 4218 Graeco
2235 4173 2361 4218 ante
2389 4165 2613 4219 verbum
2651 4164 2989 4236 Delinquere,
3044 4165 3361 4236 superﬂuus
3397 4171 3504 4230 est,
3539 4175 3601 4219 ut

365 4258 514 4308 νομος
541 4245 868 4316 ἁμαρτάνειν
918 4252 974 4303 ὲν
1005 4251 1203 4322 ἑαυτῷ,
1257 4254 1538 4306 τουτέστιν
1567 4256 1625 4306 έν
1658 4254 1794 4324 μόνῃ
1843 4255 1910 4325 τῇ

2018 4254 2092 4311 sit
2134 4270 2379 4312 sensus:
2427 4254 2591 4311 Putat
2645 4256 2868 4327 iniquus
2899 4271 3127 4327 peccare
3159 4257 3211 4311 in
3248 4255 3455 4327 seipso,
3493 4257 3600 4312 hoc

363 4330 540 4386 ἑαυτοῦ
590 4338 886 4408 συνειδήσει
937 4340 1258 4411 λεληθότως,
1293 4343 1370 4408 ὡς
1402 4344 1570 4414 μηδὲν
1617 4342 1714 4397 τοῦ
1769 4344 1908 4398 Θεοῦ

2016 4353 2124 4414 est,
2161 4354 2328 4416 putat
2349 4362 2410 4404 se
2439 4348 2581 4402 clam
2617 4363 2681 4405 ac
2715 4349 2950 4405 latenter
2974 4348 3297 4420 delinquere
3330 4363 3513 4420 posse,
3547 4359 3602 4406 et

365 4423 646 4491 βλέποντος.
678 4430 745 4482 Ἦ
777 4430 868 4482 καὶ
893 4431 1096 4497 ἄλλωςο
1131 4435 1300 4504 Φησὶν
1324 4436 1384 4488 ἐν
1417 4435 1599 4506 ἑαυτῷ
1620 4437 1647 4488 6
1669 4436 1912 4507 παράνο-

2017 4439 2071 4493 ἱιι
2107 4453 2205 4494 sua
2235 4442 2351 4495 sola
2381 4442 2746 4510 conscientia,
2775 4443 2850 4498 ita
2881 4451 2937 4498 ut
2969 4459 3148 4514 neque
3183 4444 3251 4503 ab
3278 4443 3398 4514 ipso
3433 4444 3598 4500 etiam

367 4531 472 4622 μοςῖ
501 4518 660 4622 ἤγουν
704 4521 924 4594 μελετᾷ,
954 4523 1093 4578 ὥστε
1146 4527 1482 4598 ἁμαρτάνειν
1504 4543 1518 4557 ⁸
1582 4527 1752 4622 τοῦτο-
1802 4531 1911 4598 γὰρ
1939 4563 1977 4622 Ε

1991 4529 2130 4600 ‘Deo
2166 4531 2346 4586 videri
2373 4533 2571 4603 possit.
2610 4532 2701 4589 Vel
2733 4535 2779 4590 si
2822 4534 3116 4590 articulum
3153 4535 3246 4589 τοῦ
3301 4535 3443 4591 nolis
3473 4550 3601 4591 esse

365 4606 481 4658 ποτὲ
524 4609 616 4676 μὲν
640 4611 1086 4682 ὲπιρῤηματικῶς
1112 4617 1308 4683 κεῖται,
1341 4619 1601 4687 σημαῖνον
1629 4617 1688 4670 τὸ
1718 4616 1906 4672 ὦστε’
1940 4606 1975 4622 ﬂ

2019 4623 2385 4693 superﬂuum,
2415 4636 2470 4680 et
2503 4625 2722 4696 legere:
2767 4625 2907 4682 Dicit
2941 4627 3190 4700 iniquus,
3231 4639 3287 4683 ut
3313 4628 3601 4698 delinquat

367 4696 482 4747 ποτὲ
507 4698 581 4763 δὲ,
629 4703 910 4771 περιττῶς.
948 4705 1268 4776 Παράνομος
1294 4707 1351 4761 δὲ
1381 4708 1409 4760 6
1441 4707 1634 4773 Σαοὺλ,
1665 4709 1694 4762 6
1726 4710 1913 4778 μισῶν.

2017 4713 2077 4768 in
2103 4730 2166 4770 se
2195 4715 2314 4785 ipso
2340 4732 2358 4774 :
2390 4716 2480 4772 dic
2514 4733 2741 4774 sensum
2772 4734 2921 4786 esse,
2970 4721 3118 4790 quod
3150 4719 3462 4794 hujusmodi
3516 4721 3600 4774 vir

364 4784 442 4837 τὸν
465 4788 606 4855 φίλον
626 4791 787 4846 αὑτοῦ
823 4793 916 4847 καὶ
938 4796 1206 4867 γαμϐρόν.

2011 4784 2238 4876 iniquus
2264 4806 2470 4878 cogitat
2502 4807 2560 4862 in
2588 4809 2793 4879 seipse,
2831 4784 2934 4866 hoc
2965 4784 3050 4866 est
3086 4787 3341 4875 intrase,
3385 4821 3446 4867 ut
3469 4828 3599 4882 pec-

367 4887 454 4934 cet.
495 4879 674 4936 Solent
708 4884 850 4938 enim
881 4885 1197 4955 hujusmodi
1239 4890 1452 4947 articuli
1478 4892 1775 4964 aliquando
1802 4893 2062 4964 superﬂui
2093 4897 2300 4967 jacere,
2339 4898 2638 4970 aliquando
2670 4900 2838 4956 etiam
2869 4901 3264 4959 adverbialiter
3314 4879 3485 4974 poni;
3532 4913 3595 4956 ut

367 4967 758 5030 deelaravimus.
793 4975 894 5030 Per
912 4977 1159 5048 iniquum
1190 4989 1370 5038 autem
1393 4983 1494 5037 hoc
1525 4984 1578 5038 in
1622 4985 1742 5041 loco
1789 4985 2006 5044 Saulem
2047 4988 2227 5058 ipsum
2272 4991 2548 5062 intelligit,
2583 5007 2748 5064 quem
2785 5007 3000 5049 summa
3033 5005 3250 5063 constat
3277 5010 3439 5050 usum
3470 5010 3594 5053 esse

367 5058 646 5131 iniquitate,
675 5065 801 5121 dum
837 5069 1069 5125 amicum
1106 5069 1335 5144 [pariter
1367 5091 1433 5131 ac
1463 5077 1896 5151 benefactorem]
1938 5086 1993 5136 et
2020 5096 2282 5154 generum
2316 5058 2475 5141 tanto
2503 5058 2630 5142 odio
2660 5096 3113 5157 prosequeretur.

417 5154 528 5252 ρὺκ
556 5155 700 5252 ἔον-τι.
711 5160 893 5228 φόϐος
931 5165 1078 5220 Θεοῦ
1105 5167 1401 5226 ἀπέναντι
1428 5171 1550 5227 τῶν
1577 5172 1908 5242 ὀφθαλμῶν

2077 5175 2204 5233 Non
2233 5188 2309 5233 est
2343 5180 2506 5233 timore
2535 5179 2631 5234 Dei
2660 5154 2785 5236 ante
2817 5181 3001 5236 oculos
3037 5182 3172 5252 ejus.
3199 5179 3312 5236 Hoc
3331 5193 3438 5248 est,
3466 5192 3593 5238 ante

363 5241 545 5345 apro-17.
599 5246 702 5300 Τοῦ
746 5252 985 5308 τοιούτου
1032 5257 1088 5310 δὲ
1119 5261 1226 5330 πρὸ
1255 5261 1550 5334 ὀφθαλμῶν
1579 5241 1679 5335 τῆς
1723 5241 1906 5335 ψυχῆς

2004 5270 2195 5327 oculos
2225 5271 2430 5327 animat»
2451 5270 2616 5344 hujus
2648 5272 2842 5343 iniqui.
2880 5241 3076 5344 Atque'
3107 5273 3233 5329 ideo
3259 5274 3333 5328 ita
3363 5241 3586 5345 cogitat,

364 5331 579 5436 pix-Eon
617 5338 778 5406 φόϐος
799 5342 965 5398 Θεοῦ·
1015 5347 1096 5402 διὸ
1124 5353 1218 5409 καὶ
1249 5331 1478 5410 τοιαῦτά
1502 5331 1696 5423 οἴεται,

1517 5356 1696 5423 datm,
1738 5357 1769 5427 ἦ
1806 5375 1902 5429 μευ
2003 5377 2113 5418 non
2142 5363 2490 5435 perspiciens
2523 5380 2580 5420 se
2605 5365 2779 5422 latere
2812 5379 2920 5421 non
2942 5381 3127 5436 posse.

365 5427 578 5495 λετᾶται,
607 5431 682 5501 μὴ
711 5434 1126 5510 ἐνθυμούμενος,
1157 5445 1232 5508 ὡς
1262 5446 1322 5499 οὐ
1369 5447 1614 5519 λέληθεν.

422 5520 538 5575 ὀτι
569 5523 867 5582 eodem"
893 5531 1146 5589 ἐνώπιον
1171 5540 1379 5604 αὑτοῦ,
1407 5541 1514 5595 τοῦ
1539 5541 1737 5610 εὑρεῖν
1784 5541 1896 5611 τὴν

2077 5544 2340 5610 Quoniam
2381 5545 2562 5599 dolose
2600 5544 2702 5614 egit
2737 5545 2791 5598 in
2814 5550 3088 5612 conspectu
3127 5558 3247 5607 suo,
3287 5547 3344 5593 ut
3384 5557 3579 5614 cogito--

358 5607 590 5680 ἀνομίαν
620 5616 825 5685 αὐτοῦ,
855 5622 950 5676 καὶ
975 5625 1254 5695 μισῆσαι.
1279 5631 1388 5686 Καὶ
1419 5632 1552 5704 γὰρ,
1585 5607 1769 5705 ςρησὶν,
1795 5607 1896 5704 δρα

2003 5607 2166 5692 sceret
2197 5645 2467 5706 peccatum
2502 5607 2678 5701 suum,
2715 5645 2764 5691 et
2791 5607 3011 5692 odisset.
3044 5633 3200 5703 Vide,
3226 5634 3426 5705 inquit,
3453 5627 3584 5706 quid

415 5792 455 5822 τι
475 5791 668 5848 Matth.
693 5812 743 5862 ν,
780 5797 867 5866 45,
897 5803 982 5860 ιι.
