4078 6414
454 319 556 389 ill

1668 339 2058 403 EUTHYMII
2098 345 2463 410 ZIGABENI

3614 363 3723 429 412

457 452 636 491 sunus
697 436 764 491 ad
815 438 1071 503 salutem,
1122 448 1180 494 et
1224 456 1253 495 a
1310 442 1482 513 priori
1535 460 1729 505 errore
1775 466 1887 521 quo
1943 454 2349 516 seducebatnur
2384 463 2639 520 intutum
2668 467 2879 530 educti,
2951 478 3007 524 et
3081 486 3297 527 summa
3378 473 3560 530 allecti
3632 480 3725 534 lae-

453 530 597 585 tilia.

523 622 692 681 Vens.
721 625 809 680 10.
845 626 1112 692 Quoniam
1141 630 1286 699 apud
1332 641 1380 687 te
1422 643 1500 688 est
1554 634 1675 705 fons
1708 639 1851 698 vitta.
1880 640 2034 708 Quo—
2061 650 2110 707 Α

454 717 601 770 niam
664 725 723 771 tu
762 733 823 774 es
853 719 947 787 qui
980 720 1145 774 vitam
1192 732 1447 792 praestas.
1489 726 1605 799 Ego
1643 746 1784 792 sum.
1834 734 2033 804 inquit,

451 809 556 868 via,
591 809 805 873 veritas,
832 816 884 864 et
908 810 1017 864 vita
1040 812 1119 879 8’;
1149 816 1203 866 in
1228 817 1409 885 seipse
1435 819 1581 873 enim
1608 820 1859 880 Christus
1890 827 2039 889 vitm,

452 907 512 952 ut
538 899 612 953 ita
648 900 850 966 dicant,
886 904 1278 974 scaturiginem
1316 909 1504 977 habet,
1534 922 1589 967 et
1622 929 1736 969 non
1764 917 1986 973 aliunde
2019 936 2034 973 :

450 993 916 1062 quemadmodum
953 998 1133 1051 sancti
1184 998 1260 1052 illi
1314 1001 1556 1057 habuere
1590 1006 1681 1073 qui
1739 1008 2034 1077 aliquando

451 1097 698 1140 mortuos
727 1089 1102 1155 suscitarent;
1138 1092 1222 1145 vel
1255 1107 1273 1145 :
1304 1092 1442 1159 Quia
1485 1096 1629 1166 apud
1684 1107 1736 1153 te
1789 1099 2032 1168 Patrem,

450 1178 621 1236 Filius
653 1183 746 1250 qui
770 1186 1030 1252 perennis
1067 1194 1169 1242 est.
1199 1187 1323 1243 vita:
1372 1191 1622 1261 largitor,
1650 1195 2037 1265 inseparabilis

448 1278 734 1336 permanet
764 1286 780 1324 :
807 1271 918 1342 Ego
942 1273 1110 1340 enim,
1141 1276 1343 1347 inquit,
1377 1280 1431 1334 in
1463 1280 1652 1347 Patre,
1700 1294 1751 1339 et
1787 1286 1952 1342 Pater
1976 1290 2037 1343 in

449 1373 531 1411 me
550 1368 629 1412 est
661 1359 730 1415 ⁸³.
756 1360 983 1418 Fontetn
1016 1376 1199 1420 autem
1234 1370 1357 1425 vitae
1382 1374 1641 1442 appellat,
1673 1379 2034 1447 quemadmo-

442 1448 576 1503 dum
607 1460 661 1504 et
695 1451 822 1506 alibi
858 1452 1125 1511 Jeremias
1156 1458 1349 1516 dicens
1379 1477 1444 1517 ex
1469 1463 1590 1534 ejus
1637 1483 1876 1537 persona
1912 1487 1928 1526 :
1960 1470 2035 1525 Et

446 1555 529 1593 me
554 1541 750 1610 fontem
781 1545 903 1599 vita:
935 1547 1289 1615 reliquerunt.

522 1629 591 1685 In
622 1634 820 1690 lumine
844 1649 934 1691 tuo
966 1640 1256 1697 videbimus
1293 1644 1495 1705 lumen.
1534 1648 1638 1708 Hie
1698 1652 2035 1727 theologiam

444 1724 620 1780 tradit
650 1727 718 1781 de
741 1739 935 1786 sancta
989 1732 1262 1792 Trinitate
1282 1753 1349 1793 ex
1401 1739 1641 1800 ﬁdelium
1684 1724 1921 1818 persona
1952 1751 2036 1807 lo-

444 1831 642 1886 quens.
680 1818 815 1888 Nos,
871 1823 1072 1894 inquit,
1106 1843 1140 1883 ο
1164 1827 1350 1898 Pater,
1378 1833 1474 1904 qui
1511 1836 1696 1894 ﬁdeles
1720 1839 1891 1895 futuri
1934 1858 2037 1898 su-

452 1921 599 1973 mus,
633 1923 731 1979 per
773 1910 984 1979 lumen,
1011 1914 1116 1971 hoc
1136 1925 1241 1981 est,
1277 1934 1374 1989 per
1398 1922 1740 1980 divinitatem
1781 1925 1903 1982 Filii
1928 1930 2033 1999 tui,

2213 646 2335 699 Ὅτι
2365 646 2526 714 παρὰ
2558 648 2658 702 σοί
2698 649 2863 717 πηγὴ
2906 648 3072 718 ζωῆς.
3132 649 3305 704 Τοῦτο
3352 650 3600 722 βούλεται
3627 656 3719 709 λέ-

2140 750 2281 802 γειν·
2306 736 2431 787 Ὀτι
2453 737 2516 789 σὺ
2536 731 2589 788 εἷ
2606 737 2634 788 ὁ
2656 735 2921 809 ζωοδότης
2939 753 2953 768 ⁸
2982 739 3203 808 καὶγὰρ
3222 757 3386 809 φησιν
3411 743 3437 796 ὁ
3459 742 3717 812 Χριστός-

2150 825 2299 896 Ἐγώ
2330 829 2446 896 εἰμι
2489 829 2524 895 ἠ
2573 827 2734 895 ὁδὸς,
2760 829 2859 883 καί
2885 832 2922 899 ἠ
2952 831 3224 898 ἀλήθεια,
3257 834 3357 887 καὶ
3400 835 3439 901 ἡ
3466 834 3577 899 ζωή
3605 851 3620 865 ’
3660 837 3721 891 ἐν

2138 918 2286 988 αὑτῷ
2315 920 2425 988 γὰρ
2454 915 2566 989 εἶχε
2597 920 2695 990 τὴν
2726 920 2912 990 βλύσιν
2940 923 3041 993 τῆς
3062 926 3228 990 ζωῆς,
3248 926 3343 978 καὶ
3370 926 3469 979 οὐκ
3495 926 3715 993 ἔξωθεν,

2136 1011 2211 1075 ὡς
2240 1015 2286 1065 οἱ
2315 1016 2545 1083 νεκροὺς
2591 1016 2993 1084 ἀναστήσαντες
3026 1016 3192 1085 ἆγιοιο
3220 1017 3278 1087 ir
3306 1018 3429 1072 Ὅτι
3455 1020 3606 1088 παρὰ
3632 1020 3719 1074 σοὶ

2135 1102 2215 1174 τῷ
2265 1104 2440 1175 Πατρὶ
2486 1106 2513 1157 ὁ
2544 1104 2832 1176 ζωοδὸτης,
2892 1106 2968 1171 ὡς
3001 1106 3325 1178 ἀχώριστος.
3381 1109 3529 1178 Ἐγὼ
3581 1113 3713 1180 γὰρ,

2136 1198 2327 1266 φησὶν,
2357 1198 2429 1250 ἐν
2479 1195 2560 1262 τῷ
2591 1200 2800 1265 Πατρί,
2855 1200 2952 1253 καὶ
2990 1203 3023 1254 ό
3059 1199 3263 1269 Πατὴρ
3292 1201 3361 1255 ὲν
3380 1202 3527 1270 ἐμοί.
3557 1203 3717 1274 Πηγὴ

2134 1289 2191 1342 δὲ
2221 1287 2384 1359 ζωῆς,
2422 1292 2505 1344 ὅτι
2532 1293 2626 1346 καὶ
2644 1292 2732 1345 διὰ
2768 1293 3034 1364 Ἱερεμίου
3070 1295 3268 1365 φησίν·
3310 1294 3450 1366 Ἐμὲ
3492 1296 3719 1367 ἐγκατ-

2136 1382 2353 1437 έλιπον
2373 1382 2580 1454 πηγὴν
2610 1383 2828 1451 ὕδατος
2856 1384 3030 1455 ζωῆς.

2222 1657 2327 1709 Ἐν
2350 1653 2431 1720 τῷ
2449 1654 2600 1724 φωτί
2626 1670 2745 1710 σου
2769 1655 3040 1725 ὀψόμεθα
3061 1653 3208 1724 φῶς.
3242 1654 3412 1708 Τοῦτο
3445 1654 3721 1723 θεολογία,

2137 1749 2268 1819 περὶ
2300 1748 2400 1818 τῆς
2425 1748 2589 1816 ἁγίας
2634 1746 2866 1818 Τριάδος
2908 1745 3358 1818 προφητεύουσα,
3391 1748 3474 1802 ὅτι
3525 1747 3721 1818 Ἡμεῖς

2134 1842 2186 1895 οί
2208 1839 2491 1894 πιστεύειν
2543 1840 2833 1910 μέλλοντες
2875 1840 2966 1894 διὰ
3019 1841 3115 1894 τοῦ
3169 1840 3302 1895 Υἱοῦ
3354 1858 3450 1893 σου
3503 1840 3720 1911 [ἰατρὸς

2138 1931 2563 2003 ἑπιγνωσόμεθα
2592 1934 2653 1986 τὸ
2680 1931 2907 2001 Πνεῦμα
2931 1931 2993 1985 τὸ
3024 1932 3202 2001 ἅγιον.
3233 1933 3294 1985 Εἰ
3324 1932 3434 2002 γὰρ
3450 1931 3566 1999 φῶς
3597 1948 3721 2000 τρι-

447 2013 854 2070 cognoscemus
884 2005 1072 2062 lumen
1116 2010 1358 2078 Spiritus
1389 2016 1593 2069 sancti.
1631 2014 1766 2071 Nam
1803 2019 1851 2073 si
1894 2018 2034 2077 Deus

2137 2026 2353 2096 λαμπὲς
2381 2028 2409 2080 ὁ
2438 2027 2592 2091 Θεὸς,
2635 2028 2870 2082 ἕκαστον
2913 2029 3022 2081 τῶν
3051 2028 3218 2101 τριῶν
3267 2028 3576 2099 προσώπων
3604 2027 3721 2094 φῶς

441 2087 528 2160 [ιιι
560 2090 740 2162 inquit
767 2092 1066 2166 Gregorius
1096 2098 1434 2175 Tlteologus]
1485 2104 1667 2160 lumen
1697 2108 1893 2178 triplex
1926 2119 2033 2175 est,

445 2195 855 2254 consequenter
904 2204 1249 2261 unaquaeque
1299 2195 1353 2248 in
1404 2195 1514 2251 Deo
1569 2213 1802 2268 persona
1848 2201 2032 2259 lumen

445 2271 678 2329 dicenda
706 2289 812 2333 est.
841 2277 1016 2336 Filius
1056 2281 1224 2352 igitur
1256 2286 1444 2342 docuit
1470 2288 1537 2343 de
1569 2288 1778 2363 Spiritu
1814 2304 2032 2363 sancto,

444 2362 791 2423 Paracletum
838 2373 1004 2426 alium
1039 2376 1442 2433 consolatorem
1469 2391 1634 2452 atque
1660 2385 1828 2440 alium
1865 2389 2035 2443 advo-

440 2468 624 2511 catum
656 2476 784 2515 eum
813 2466 1122 2533 appellans,
1155 2468 1519 2541 ejusdemque
1543 2479 1834 2541 potestatis
1863 2487 2031 2549 atque

440 2547 687 2617 ejusdem
714 2567 838 2608 esse
868 2556 1097 2614 honoris
1136 2559 1476 2629 signiﬁcans.
1515 2562 1606 2618 Vel
1641 2566 1823 2633 aliter,
1855 2547 1967 2625 Nos
2001 2585 2033 2624 a

443 2652 637 2698 sancto
655 2642 860 2713 Spiritu
895 2648 1186 2705 illuminati
1238 2654 1424 2709 radios
1458 2655 1601 2712 lucis
1624 2658 1746 2713 Filii
1782 2661 1861 2715 tui
1896 2677 2034 2717 con-

2135 2118 2306 2173 ὲστιν.
2342 2118 2402 2171 '0
2423 2118 2553 2182 re;
2580 2119 2763 2175 τοίνυν
2792 2120 2999 2186 ἐδίδαξε
3018 2120 3253 2191 περὶτοῦ
3277 2120 3434 2189 ἁγίου
3463 2120 3722 2190 Πνεῦμα-

2134 2227 2250 2274 τος,
2286 2211 2649 2281 Παράκλητον
2683 2212 2818 2266 αὐτὸ
2849 2212 3111 2279 καλέσας,
3136 2213 3231 2267 καὶ
3251 2212 3597 2282 ὁμοδύναμον
3620 2212 3720 2264 καὶ

2140 2303 2404 2374 ίσότιμον.
2445 2306 2516 2358 Ἦ
2545 2305 2637 2358 καὶ
2674 2304 2736 2358 τὸ
2765 2305 3034 2360 ἀνάπαλιν
3067 2305 3202 2375 (29),
3257 2303 3396 2360 Ὑπὸ
3434 2305 3530 2359 τοῦ
3559 2305 3721 2373 ἁγίου

2139 2396 2461 2465 Πνεύματος
2492 2396 2878 2465 φωτιζόμενοι,
2913 2397 3015 2460 τὰς
3050 2396 3276 2460 ἀκτῖνας
3294 2395 3390 2451 τοῦ
3417 2395 3548 2449 Υίοῦ
3583 2395 3723 2449 Osw-

2135 2484 2340 2556 ροῦμεν
2373 2486 2617 2553 ·Οὐδεὶς
2655 2486 2766 2556 γὰρ
2797 2487 3047 2543 δύναται
3098 2487 3289 2542 εἰπεῖν
3350 2488 3567 2555 Κύριον
3601 2488 3716 2553 Ἰηο

2135 2576 2314 2643 σοῦν,
2340 2579 2393 2631 εί
2422 2579 2507 2646 μὴ
2529 2579 2600 2633 ἐν
2619 2579 2920 2648 Πνεύματι
2935 2581 3100 2649 ἁγίῳ.
3133 2581 3276 2644 Καὶ,
3320 2579 3484 2650 Ἡμῖν
3505 2581 3537 2632 d
3563 2577 3711 2643 Θεὸς

2137 2666 2500 2736 dastidium:
2516 2668 2615 2723 διὰ
2642 2669 2748 2724 τοῦ
2782 2672 2957 2740 ἁγίου
2994 2672 3344 2740 Πνεύματος
3366 2669 3575 2724 αὐτοῦ.

442 2736 855 2804 templabitnur.
884 2739 1057 2797 Nemo
1115 2746 1254 2798 enim
1294 2755 1466 2816 potest
1518 2749 1691 2805 dicere
1734 2751 2031 2809 Dominum
2061 2754 2247 2813 Jesum
2280 2761 2388 2816 nisi
2420 2763 2475 2816 in
2511 2761 2720 2831 Spiritu
2748 2736 2932 2818 sancto
2961 2763 3033 2821 ⁸⁸.
3095 2762 3249 2836 [Item
3298 2761 3506 2835 alibi:]
3575 2761 3721 2817 Deut

443 2828 594 2882 nobis
614 2829 853 2885 reuelauit
882 2850 975 2903 per
999 2833 1260 2905 Spiritum
1281 2851 1533 2896 sanctum
1554 2843 1626 2899 ⁸⁸.

513 2940 681 2998 Vsus.
715 2945 796 2999 ll.
820 2948 1064 3003 Extende
1088 2951 1509 3010 misericordiam
1539 2969 1687 3013 tuam
1704 2976 2030 3030 cognoscen-

442 3034 582 3088 tibus
614 3043 681 3088 te.
734 3034 1005 3106 Perpetuo
1053 3055 1242 3096 eorum
1285 3046 1567 3113 miserere,
1601 3051 1692 3119 qui
1726 3051 2033 3109 divinitatis

442 3126 763 3196 cognitione
801 3129 949 3200 digtti
978 3139 1108 3186 sunt
1145 3149 1161 3188 :
1192 3135 1341 3205 quod
1395 3136 1668 3208 Propheta
1700 3157 1849 3197 nunc
1895 3143 2033 3199 dicit

443 3219 697 3288 rogantis
727 3219 780 3274 in
818 3236 1050 3279 morem.

508 3311 576 3363 Et
596 3312 875 3381 justitiam
907 3326 1055 3369 tuam
1079 3317 1170 3384 iis,
1205 3335 1297 3390 qui
1329 3331 1472 3376 recto
1506 3331 1633 3377 sunt
1660 3325 1917 3382 corde.Et
1940 3342 2036 3385 ος·-

2203 2968 2571 3038 Παράτεινον
2613 2971 2680 3026 τὸ
2711 2972 2886 3037 ἔλεός
2912 2988 3030 3026 σου
3059 2971 3188 3038 τοῖς
3234 2974 3602 3043 γινώσκουσί
3619 2987 3725 3030 σε.

2132 3062 2411 3130 Διηνεκῶς
2458 3063 2601 3117 ἐλέει
2646 3064 2776 3128 τοὺς
2816 3065 2917 3136 τῆς
2965 3065 3297 3135 θεογνωσίας
3355 3064 3729 3137 ἠξιωμένους.

2132 3154 2302 3224 Λέγει
2335 3156 2497 3208 τοῦτο
2521 3157 2885 3225 παρακαλῶν.

2201 3338 2311 3393 Kal
2337 3337 2456 3405 τὴν
2481 3337 2882 3407 δικαιοσύνην
2910 3353 3030 3395 σου
3063 3338 3191 3406 τοῖς
3226 3337 3433 3395 εὐθέσι
3474 3339 3552 3409 τῇ
3581 3356 3735 3409 καρ-

441 3401 599 3457 sidue
620 3412 818 3473 praesta
838 3406 1052 3477 justum
1092 3412 1359 3467 auxilium
1388 3420 1541 3468 tuum
1578 3415 1649 3471 iis
1684 3420 1781 3487 qui
1817 3419 1871 3474 in
1911 3436 2033 3476 ser-

2137 3428 2257 3497 δίᾳ.
2283 3401 2407 3484 Κοιὶὴ
2422 3430 2649 3502 διηνεκῆ
2681 3401 2947 3503 δίδου-τὴν
2966 3401 3186 3486 δικαίαν
3208 3448 3303 3485 σου
3324 3401 3579 3503 βοήθειαν
3600 3401 3729 3497 τοῖς

446 3495 705 3550 monibus
727 3504 894 3566 atque
925 3500 1237 3558 actionibus
1264 3504 1379 3559 suis
1412 3506 1550 3561 recti
1585 3517 1735 3565 sunt.

513 3586 681 3642 Vens.
704 3588 795 3644 12.
845 3590 970 3645 Non
1008 3595 1180 3648 veniat
1220 3596 1352 3649 mihi
1389 3613 1481 3665 pes
1506 3601 1785 3669 superbiae.
1826 3602 2029 3660 Pedem

443 3681 716 3752 superbia:
751 3699 851 3753 pro
872 3684 1084 3755 integra
1107 3689 1260 3757 ponit
1283 3692 1567 3760 superbia,
1592 3695 1763 3750 veluti
1792 3704 1966 3752 totum
1996 3714 2030 3754 a

440 3780 618 3843 parte.
654 3772 774 3829 Non
805 3774 1123 3832 dominetur
1162 3780 1294 3846 mei,
1340 3781 1538 3851 inquit,
1586 3786 1866 3855 superbia.
1929 3787 2035 3842 Su-

439 3865 643 3935 perbiae
710 3875 896 3921 autem
930 3869 1155 3925 nomine
1201 3886 1367 3927 omne
1399 3875 1593 3929 vitium
1639 3876 1973 3948 signiﬁcavit
2008 3896 2029 3936 :

438 3958 698 4027 quoniam
720 3969 907 4015 vertex
949 3969 1036 4016 est
1065 3973 1118 4017 ct
1139 3963 1377 4034 genitrix
1404 3975 1757 4036 peccatorum
1780 3971 2028 4027 omnium

438 4047 722 4119 superbia.

502 4162 573 4213 Et
603 4178 791 4217 manus
833 4167 1127 4231 peccatoris
1176 4183 1284 4222 non
1321 4171 1593 4224 concutiat
1632 4189 1734 4228 me.
1763 4172 1877 4231 Hoc
1918 4184 2023 4241 est,

442 4251 565 4321 ipse
604 4261 884 4323 peccator,
919 4270 949 4309 a
980 4268 1134 4328 parte
1169 4266 1346 4314 totum
1383 4262 1702 4332 signillcans
1737 4263 1822 4337 [ut
1854 4281 2023 4336 supra

437 4343 726 4417 diximus],
754 4355 808 4400 et
836 4361 933 4417 per
961 4360 1305 4419 peccatorem
1334 4353 1508 4422 ipsum
1545 4355 1831 4412 demouem
1864 4358 2026 4414 intel-

437 4433 578 4503 ligit,
625 4436 709 4490 vel
758 4435 1004 4503 Saulem,
1038 4451 1131 4494 aut
1159 4443 1326 4496 alium
1359 4460 1426 4497 ex
1471 4447 1622 4521 omni
1664 4457 1815 4515 parte
1856 4450 2028 4505 scele—

439 4535 607 4582 stum.
641 4526 766 4581 Non
807 4531 1073 4584 concutiat
1111 4541 1314 4600 autem,
1351 4535 1452 4591 hoc
1482 4546 1585 4605 est,
1642 4538 1759 4595 Non
1811 4551 2027 4596 moveat

438 4618 509 4673 ab
532 4617 623 4672 illa
651 4618 912 4674 nimirum
935 4621 1238 4680 stabilitate
1260 4640 1325 4681 ac
1351 4626 1504 4694 sede,
1535 4645 1702 4700 quam
1736 4631 1789 4684 in
1826 4632 2029 4689 virtute

438 4710 729 4767 collocavi.

509 4800 676 4861 Vens.
706 4800 804 4861 15.
850 4804 981 4861 Illic
1030 4810 1334 4865 ceciderunt
1368 4828 1547 4868 omnes
1594 4816 1688 4885 qui
1737 4828 2031 4885 operantur

437 4895 797 4966 iniquitatem.
833 4897 983 4966 Illic,
1021 4901 1073 4956 id
1109 4912 1218 4969 est,
1256 4904 1309 4959 in
1342 4904 1463 4960 loco
1494 4907 1612 4973 illo,
1654 4922 1752 4962 seu
1800 4909 1857 4964 in
1888 4916 2028 4963 tem-

2056 4752 2103 4809 D

2137 3522 2320 3593 ὀρθοῖς
2358 3522 2487 3593 περί
2519 3538 2579 3578 τε
2618 3524 2781 3592 λόγον
2803 3525 2902 3579 καὶ
2932 3524 3155 3596 πρᾶξίν.

2206 3613 2305 3682 Μὴ
2336 3615 2559 3669 ἐλθέτω
2597 3631 2702 3684 μοι
2739 3615 2896 3682 ποὺς
2941 3618 3376 3687 ὑπερηφανίας.
3424 3617 3727 3673 Τουτέστιν

2135 3704 2505 3776 ὑπερηφανία,
2541 3705 2651 3759 ἀπὸ
2690 3706 2891 3779 μέρους
2917 3706 2978 3759 τὸ
3032 3709 3140 3762 πᾶν
3160 3725 3175 3738 ·
3208 3707 3357 3777 λέγει
3382 3708 3461 3771 δὲ,
3493 3710 3575 3762 ὅτι
3619 3710 3725 3781 Μὴ

2132 3796 2488 3866 προσγένοιτό
2537 3796 2661 3868 εμοι
2737 3799 3108 3869 ὑπερηφανία.
3140 3800 3240 3855 Διὰ
3290 3801 3347 3854 δὲ
3381 3798 3482 3869 τῆς
3534 3802 3728 3873 ὑπερ-

2134 3890 2393 3961 ηφανίας,
2456 3891 2639 3945 πᾶσαν
2711 3891 2911 3946 κακίαν
2986 3893 3249 3964 ᾑνίξατο’
3303 3895 3577 3966 κορυφαῖα
3602 3895 3728 3965 γὰρ

2135 3982 2275 4054 αὕτη
2308 3982 2404 4037 καὶ
2438 3984 2705 4038 νενήτοια
2737 3984 2921 4048 πάσης
2951 3985 3150 4050 κακίας
3185 3986 3325 4043 ἐστί.

2204 4181 2316 4237 Καὶ
2353 4182 2482 4253 χείρ
2529 4177 2882 4251 ἁμαρτωλοὖ
2910 4181 2997 4253 μὴ
3051 4185 3354 4239 ualerium
3400 4201 3496 4255 με.
3545 4185 3728 4241 Τουτ-

2134 4273 2281 4327 έστιν
2332 4273 2676 4345 ἁμαρτωλὸς,
2699 4273 2806 4327 ἀπὸ
2839 4274 3038 4346 μέρους
3073 4275 3135 4329 τὸ
3184 4276 3317 4332 πᾶν.
3339 4275 3501 4344 Λέγει
3528 4275 3585 4330 δὲ
3620 4276 3727 4332 τὶν

2132 4364 2399 4429 διάϐολον,
2460 4365 2494 4434 ἢ
2546 4364 2638 4418 τὸν
2698 4365 2895 4429 Σαοὺλ,
2932 4368 3010 4431 ὡς
3074 4368 3418 4437 παράνομον,
3463 4367 3496 4436 ἢ
3534 4366 3726 4422 πάντα

2135 4456 2392 4526 πονηρόν.
2416 4458 2721 4511 Σαλεῦσαι
2754 4457 2831 4522 δὲ,
2856 4457 2918 4511 τὸ
2953 4461 3329 4530 παρακινῆσαι
3360 4458 3462 4529 τῆς
3494 4456 3727 4530 ἑδραίας

2136 4546 2369 4618 βάσεως,
2402 4549 2502 4619 τῆς
2535 4550 2592 4603 ἐν
2621 4550 2813 4621 ἀρετῇ.

2211 4816 2378 4871 Ἐκεῖ
2399 4817 2628 4871 ἔπεσον
2675 4815 2900 4883 πάντες
2928 4819 2984 4870 οἱ
3022 4815 3400 4886 ἐργαζόμενοι
3428 4813 3546 4884 τὴν
3571 4815 3729 4871 dro-

2125 4907 2288 4978 μίαν.
2319 4909 2393 4962 Τὸ
2442 4909 2621 4975 Ἐκεῖ,
2653 4910 2775 4963 ἀντὶ
2830 4910 2952 4977 τοῦ,
2994 4910 3086 4964 Ἐν
3118 4911 3314 4980 ἐκείνῳ
3359 4908 3439 4979 τῷ
3476 4910 3647 4979 τόπῳ,
3680 4909 3722 4981 ἦ

438 5004 568 5058 pore
609 5004 638 5044 a
678 4989 790 5046 Deo
842 4994 1166 5050 constituto.
1226 4995 1293 5050 Et
1332 5014 1441 5052 non
1475 4997 1634 5065 dixit,
1667 4999 1896 5066 Cadent,
1930 5002 2028 5057 sed

2137 4999 2204 5072 τῷ
2226 5001 2519 5073 ὡρισμένῳ
2562 5003 2713 5074 παρᾶ
2743 5002 2904 5057 Θεοῦ.
2937 5003 3053 5057 Οὐκ
3081 4998 3202 5056 εἷπε
3246 5002 3327 5068 δὲ,
3386 5001 3726 5068 Πεσοῦνται,

439 5079 1008 5141 Ceciderunt:veluli
1066 5090 1161 5159 qui
1217 5089 1558 5159 preplteticis
1586 5093 1762 5148 oculis
1814 5094 2028 5149 illorum

2137 5096 2243 5151 nr
2272 5096 2560 5160 Ἔπεσον,
2592 5090 2682 5150 οἷα
2717 5098 2832 5159 τοῖς
2858 5098 3221 5167 προφητικοίς
3246 5095 3548 5165 ὀφθαλμοῖς
3584 5093 3745 5149 ἰδὼν

438 5174 655 5229 ruinam
686 5188 957 5235 cerneret.
988 5179 1250 5253 lntelligit
1280 5190 1462 5238 autem
1488 5181 1709 5240 Saulem
1733 5194 1788 5240 et
1816 5202 2022 5258 sequa-

438 5282 568 5332 ces,
606 5278 700 5324 aut
736 5271 875 5327 alios
910 5272 1230 5342 hujusmodi
1267 5274 1530 5331 scelestos
1552 5276 1823 5335 homines.

506 5361 732 5428 Expulsi
761 5374 902 5429 sunt,
924 5373 975 5430 et
1013 5381 1116 5419 non
1147 5375 1427 5435 potuerunt
1450 5376 1619 5424 stare.
1656 5368 1879 5441 Expulsi
1908 5370 2024 5440 jam

507 5536 554 5569 ⁸³
586 5537 742 5594 Joan.
776 5557 891 5608 uv,
931 5541 985 5597 6.

2128 5187 2231 5258 τὴν
2261 5187 2469 5243 πτῶσιν
2491 5187 2695 5243 αὐτῶν.
2721 5189 2886 5259 Λέγει
2909 5187 2967 5242 δὲ
2994 5188 3169 5242 Σαούλ
3188 5204 3249 5243 τε
3295 5187 3391 5241 καὶ
3427 5188 3555 5250 τοὺς
3579 5203 3644 5239 πε
3655 5187 3720 5257 pl.

2132 5280 2306 5335 Σαοὺλ
2339 5324 2353 5344 ,
2384 5281 2478 5334 καὶ
2505 5280 2561 5334 ετ
2581 5298 2666 5345 τις
2690 5280 2950 5352 πονηρός.

2217 5370 2634 5442 Ἔξώσθησαν,
2686 5371 2786 5429 καὶ
2849 5373 2921 5428 οὐ
2942 5369 3055 5442 ’μὴ
3108 5370 3409 5429 δύνωνται
3462 5369 3715 5441 στῆναι.

1104 5543 1149 5579 ⁸³
1176 5543 1315 5599 lhid.
1359 5544 1445 5602 lO.
1527 5548 1572 5580 ⁸³
1603 5545 1621 5601 l
1656 5546 1781 5604 Cor.
1817 5563 1914 5611 xu,
1946 5564 1998 5602 ο.
2072 5548 2119 5580 ⁸⁵
2151 5549 2168 5603 l
2198 5550 2327 5605 Cor.
2362 5565 2422 5615 η,
2450 5551 2504 5608 1-.

1786 5658 1980 5725 Variae
2022 5659 2348 5723 lectiones.

520 5772 631 5843 (29)
667 5775 730 5831 Al
767 5775 856 5831 διὰ
886 5777 946 5831 τὸ
973 5779 1263 5841 ἀνάπαλιν.
