  <div class='ocr_page' id='page_1' title='image "/cluster/home/n/w/nwhite01/storage/ocr_20150623/128:no.1/coo.31924054870336/214.png"; bbox 0 0 4078 6454; ppageno 0'>
   <div class='ocr_carea' id='block_1_1' title="bbox 458 376 567 465">
    <p class='ocr_par' dir='ltr' id='par_1_1' title="bbox 458 376 567 465">
     <span class='ocr_line' id='line_1_1' title="bbox 458 376 567 465; baseline -0.009 -26"><span class='ocrx_word' id='word_1_1' title='bbox 458 376 567 465; x_wconf 74' lang='lat' dir='ltr'><strong>na</strong></span> 
     </span>
    </p>
   </div>
   <div class='ocr_carea' id='block_1_2' title="bbox 1602 393 2511 467">
    <p class='ocr_par' dir='ltr' id='par_1_2' title="bbox 1602 393 2511 467">
     <span class='ocr_line' id='line_1_2' title="bbox 1602 393 2511 467; baseline 0.014 -13"><span class='ocrx_word' id='word_1_2' title='bbox 1602 393 1921 461; x_wconf 79' lang='lat' dir='ltr'><strong>COMMEN</strong></span> <span class='ocrx_word' id='word_1_3' title='bbox 1925 399 1994 464; x_wconf 84' lang='lat'><strong>&#39;1‘.</strong></span> <span class='ocrx_word' id='word_1_4' title='bbox 2029 401 2113 462; x_wconf 91' lang='grc' dir='ltr'><strong>ΙΝ</strong></span> <span class='ocrx_word' id='word_1_5' title='bbox 2148 404 2282 463; x_wconf 85' lang='lat' dir='ltr'><strong>PSA</strong></span> <span class='ocrx_word' id='word_1_6' title='bbox 2291 404 2511 467; x_wconf 87' lang='lat' dir='ltr'><strong>LMOS.</strong></span> 
     </span>
    </p>
   </div>
   <div class='ocr_carea' id='block_1_3' title="bbox 3619 408 3729 474">
    <p class='ocr_par' dir='ltr' id='par_1_3' title="bbox 3619 408 3729 474">
     <span class='ocr_line' id='line_1_3' title="bbox 3619 408 3729 474; baseline 0.027 -3"><span class='ocrx_word' id='word_1_7' title='bbox 3619 408 3729 474; x_wconf 71' lang='lat' dir='ltr'><strong>4M</strong></span> 
     </span>
    </p>
   </div>
   <div class='ocr_carea' id='block_1_4' title="bbox 457 491 2037 593">
    <p class='ocr_par' dir='ltr' id='par_1_4' title="bbox 457 491 2037 593">
     <span class='ocr_line' id='line_1_4' title="bbox 457 491 2037 593; baseline 0.015 -50"><span class='ocrx_word' id='word_1_8' title='bbox 457 491 834 593; x_wconf 43' lang='lat' dir='ltr'><strong>‘Eétbsﬁqa-av—</strong></span> <span class='ocrx_word' id='word_1_9' title='bbox 863 496 964 568; x_wconf 69' lang='grc' dir='ltr'><strong>ἢδη</strong></span> <span class='ocrx_word' id='word_1_10' title='bbox 998 498 1123 593; x_wconf 69' lang='grc' dir='ltr'>τῆς</span> <span class='ocrx_word' id='word_1_11' title='bbox 1157 501 1309 593; x_wconf 77' lang='grc' dir='ltr'>παρὰ</span> <span class='ocrx_word' id='word_1_12' title='bbox 1336 503 1474 558; x_wconf 83' lang='grc' dir='ltr'>Θεοῦ</span> <span class='ocrx_word' id='word_1_13' title='bbox 1519 505 1795 578; x_wconf 84' lang='grc' dir='ltr'>βοηθείας,</span> <span class='ocrx_word' id='word_1_14' title='bbox 1831 510 1920 566; x_wconf 82' lang='grc' dir='ltr'><strong>διὰ</strong></span> <span class='ocrx_word' id='word_1_15' title='bbox 1945 512 2037 583; x_wconf 76' lang='grc' dir='ltr'><strong>τὴν</strong></span> 
     </span>
    </p>
   </div>
   <div class='ocr_carea' id='block_1_5' title="bbox 2136 491 3733 593">
    <p class='ocr_par' dir='ltr' id='par_1_5' title="bbox 2149 519 3733 593">
     <span class='ocr_line' id='line_1_5' title="bbox 2149 519 3733 593; baseline 0.008 -22"><span class='ocrx_word' id='word_1_16' title='bbox 2149 526 2278 573; x_wconf 83' lang='lat' dir='ltr'><strong>sunt</strong></span> <span class='ocrx_word' id='word_1_17' title='bbox 2306 533 2339 573; x_wconf 87' lang='lat' dir='ltr'><strong>a</strong></span> <span class='ocrx_word' id='word_1_18' title='bbox 2372 519 2560 574; x_wconf 88' lang='lat' dir='ltr'><strong>divino</strong></span> <span class='ocrx_word' id='word_1_19' title='bbox 2618 520 2846 586; x_wconf 76' lang='lat' dir='ltr'><strong>artxillo,</strong></span> <span class='ocrx_word' id='word_1_20' title='bbox 2882 521 2954 578; x_wconf 85' lang='lat' dir='ltr'><strong>ob</strong></span> <span class='ocrx_word' id='word_1_21' title='bbox 2983 536 3177 579; x_wconf 88' lang='lat' dir='ltr'><strong>eorum</strong></span> <span class='ocrx_word' id='word_1_22' title='bbox 3220 521 3434 579; x_wconf 77' lang='lat' dir='ltr'><strong>scilicet</strong></span> <span class='ocrx_word' id='word_1_23' title='bbox 3483 523 3639 593; x_wconf 78' lang='lat' dir='ltr'><strong>vitia.</strong></span> <span class='ocrx_word' id='word_1_24' title='bbox 3674 536 3733 585; x_wconf 82' lang='lat' dir='ltr'><strong>et</strong></span> 
     </span>
    </p>
   </div>
   <div class='ocr_carea' id='block_1_6' title="bbox 458 584 2037 689">
    <p class='ocr_par' dir='ltr' id='par_1_6' title="bbox 458 584 2037 674">
     <span class='ocr_line' id='line_1_6' title="bbox 458 584 2037 674; baseline 0.011 -33"><span class='ocrx_word' id='word_1_25' title='bbox 458 584 661 641; x_wconf 77' lang='grc' dir='ltr'>κακίαν</span> <span class='ocrx_word' id='word_1_26' title='bbox 686 586 900 654; x_wconf 78' lang='grc' dir='ltr'>αὐτῶν,</span> <span class='ocrx_word' id='word_1_27' title='bbox 925 589 1020 644; x_wconf 77' lang='grc' dir='ltr'><strong>καὶ</strong></span> <span class='ocrx_word' id='word_1_28' title='bbox 1048 589 1234 648; x_wconf 82' lang='grc' dir='ltr'>λοιπὸν</span> <span class='ocrx_word' id='word_1_29' title='bbox 1260 594 1322 649; x_wconf 79' lang='grc' dir='ltr'>οὐ</span> <span class='ocrx_word' id='word_1_30' title='bbox 1373 596 1640 654; x_wconf 81' lang='grc' dir='ltr'><strong>δύνωνται</strong></span> <span class='ocrx_word' id='word_1_31' title='bbox 1673 604 2037 674; x_wconf 83' lang='grc' dir='ltr'>στερεωθῆναι</span> 
     </span>
    </p>
   </div>
   <div class='ocr_carea' id='block_1_7' title="bbox 2136 584 3111 689">
    <p class='ocr_par' dir='ltr' id='par_1_7' title="bbox 2149 584 3111 689">
     <span class='ocr_line' id='line_1_7' title="bbox 2149 584 3111 689; baseline 0.007 -27"><span class='ocrx_word' id='word_1_32' title='bbox 2149 608 2648 689; x_wconf 83' lang='lat' dir='ltr'><strong>deincepslirmari</strong></span> <span class='ocrx_word' id='word_1_33' title='bbox 2684 626 2792 666; x_wconf 88' lang='lat' dir='ltr'><strong>non</strong></span> <span class='ocrx_word' id='word_1_34' title='bbox 2828 584 3111 683; x_wconf 85' lang='lat' dir='ltr'><strong>poterunt.</strong></span> 
     </span>
    </p>
   </div>
   <div class='ocr_carea' id='block_1_8' title="bbox 458 676 852 749">
    <p class='ocr_par' dir='ltr' id='par_1_8' title="bbox 458 676 852 749">
     <span class='ocr_line' id='line_1_8' title="bbox 458 676 852 749; baseline 0.01 -18"><span class='ocrx_word' id='word_1_35' title='bbox 458 680 540 739; x_wconf 71' lang='lat' dir='ltr'><strong>sic</strong></span> <span class='ocrx_word' id='word_1_36' title='bbox 567 678 629 732; x_wconf 82' lang='grc' dir='ltr'>τὸ</span> <span class='ocrx_word' id='word_1_37' title='bbox 661 676 852 749; x_wconf 76' lang='grc' dir='ltr'><strong>ζῆσαι.</strong></span> 
     </span>
    </p>
   </div>
   <div class='ocr_carea' id='block_1_9' title="bbox 954 780 1548 849">
    <p class='ocr_par' dir='ltr' id='par_1_9' title="bbox 954 780 1548 849">
     <span class='ocr_line' id='line_1_9' title="bbox 954 780 1548 849; baseline 0.01 -16"><span class='ocrx_word' id='word_1_38' title='bbox 954 780 1204 849; x_wconf 76' lang='grc' dir='ltr'><strong>Ψαλμὸς</strong></span> <span class='ocrx_word' id='word_1_39' title='bbox 1243 781 1324 848; x_wconf 84' lang='grc' dir='ltr'><strong>τῷ</strong></span> <span class='ocrx_word' id='word_1_40' title='bbox 1349 786 1548 840; x_wconf 76' lang='grc' dir='ltr'><strong>Διιὸίδ.</strong></span> 
     </span>
    </p>
   </div>
   <div class='ocr_carea' id='block_1_10' title="bbox 1012 875 1478 947">
    <p class='ocr_par' dir='ltr' id='par_1_10' title="bbox 1012 875 1478 947">
     <span class='ocr_line' id='line_1_10' title="bbox 1012 875 1478 947; baseline 0.019 -20"><span class='ocrx_word' id='word_1_41' title='bbox 1012 875 1304 930; x_wconf 77' lang='grc' dir='ltr'><strong>ΨΑΛΜΟΣ</strong></span> <span class='ocrx_word' id='word_1_42' title='bbox 1337 877 1478 947; x_wconf 76' lang='lat' dir='ltr'><strong>Aq&#39;.</strong></span> 
     </span>
    </p>
   </div>
   <div class='ocr_carea' id='block_1_11' title="bbox 524 955 2043 1048">
    <p class='ocr_par' dir='ltr' id='par_1_11' title="bbox 524 955 2043 1048">
     <span class='ocr_line' id='line_1_11' title="bbox 524 955 2043 1048; baseline 0.014 -39"><span class='ocrx_word' id='word_1_43' title='bbox 524 955 831 1022; x_wconf 83' lang='grc' dir='ltr'>Νουθεσίας</span> <span class='ocrx_word' id='word_1_44' title='bbox 892 961 924 1014; x_wconf 83' lang='grc' dir='ltr'><strong><em>ὁ</em></strong></span> <span class='ocrx_word' id='word_1_45' title='bbox 979 961 1196 1033; x_wconf 80' lang='grc' dir='ltr'>ψαλμὸς</span> <span class='ocrx_word' id='word_1_46' title='bbox 1235 961 1394 1031; x_wconf 75' lang='grc' dir='ltr'>οὗτος</span> <span class='ocrx_word' id='word_1_47' title='bbox 1431 972 1700 1043; x_wconf 75' lang='grc' dir='ltr'><strong>περιέχει,</strong></span> <span class='ocrx_word' id='word_1_48' title='bbox 1754 977 2043 1048; x_wconf 79' lang='grc' dir='ltr'>παραινῶν</span> 
     </span>
    </p>
   </div>
   <div class='ocr_carea' id='block_1_12' title="bbox 453 1052 2040 1140">
    <p class='ocr_par' dir='ltr' id='par_1_12' title="bbox 453 1052 2040 1140">
     <span class='ocr_line' id='line_1_12' title="bbox 453 1052 2040 1140; baseline 0.014 -38"><span class='ocrx_word' id='word_1_49' title='bbox 453 1052 625 1105; x_wconf 74' lang='grc' dir='ltr'>παντὶ</span> <span class='ocrx_word' id='word_1_50' title='bbox 658 1055 1033 1126; x_wconf 80' lang='grc' dir='ltr'><strong>μακροθύμως</strong></span> <span class='ocrx_word' id='word_1_51' title='bbox 1075 1057 1146 1113; x_wconf 79' lang='grc' dir='ltr'><strong>τὰ</strong></span> <span class='ocrx_word' id='word_1_52' title='bbox 1177 1061 1568 1129; x_wconf 82' lang='grc' dir='ltr'><strong>συμπίπτοντα</strong></span> <span class='ocrx_word' id='word_1_53' title='bbox 1595 1066 1809 1137; x_wconf 79' lang='grc' dir='ltr'>φέρειν,</span> <span class='ocrx_word' id='word_1_54' title='bbox 1839 1071 1933 1123; x_wconf 83' lang='grc' dir='ltr'><strong>καὶ</strong></span> <span class='ocrx_word' id='word_1_55' title='bbox 1963 1070 2040 1140; x_wconf 84' lang='grc' dir='ltr'>μὴ</span> 
     </span>
    </p>
   </div>
   <div class='ocr_carea' id='block_1_13' title="bbox 451 1145 1709 1229">
    <p class='ocr_par' dir='ltr' id='par_1_13' title="bbox 451 1145 1709 1229">
     <span class='ocr_line' id='line_1_13' title="bbox 451 1145 1709 1229; baseline 0.015 -34"><span class='ocrx_word' id='word_1_56' title='bbox 451 1145 750 1217; x_wconf 74' lang='grc' dir='ltr'><strong>προσέχειν</strong></span> <span class='ocrx_word' id='word_1_57' title='bbox 783 1150 911 1212; x_wconf 81' lang='grc' dir='ltr'>ταῖς</span> <span class='ocrx_word' id='word_1_58' title='bbox 932 1149 1259 1224; x_wconf 77' lang='grc' dir='ltr'><strong>εὐημερίαις</strong></span> <span class='ocrx_word' id='word_1_59' title='bbox 1285 1154 1394 1210; x_wconf 84' lang='grc' dir='ltr'>τῶν</span> <span class='ocrx_word' id='word_1_60' title='bbox 1430 1159 1709 1229; x_wconf 78' lang='grc' dir='ltr'>πονηρῶν.</span> 
     </span>
    </p>
   </div>
   <div class='ocr_carea' id='block_1_14' title="bbox 525 1326 2041 1410">
    <p class='ocr_par' dir='ltr' id='par_1_14' title="bbox 525 1326 2041 1410">
     <span class='ocr_line' id='line_1_14' title="bbox 525 1326 2041 1410; baseline 0.011 -31"><span class='ocrx_word' id='word_1_61' title='bbox 525 1326 623 1393; x_wconf 77' lang='grc' dir='ltr'><strong>Μὴ</strong></span> <span class='ocrx_word' id='word_1_62' title='bbox 650 1327 997 1395; x_wconf 79' lang='grc' dir='ltr'>παραζήλου</span> <span class='ocrx_word' id='word_1_63' title='bbox 1037 1330 1109 1384; x_wconf 81' lang='grc' dir='ltr'><strong>ἐν</strong></span> <span class='ocrx_word' id='word_1_64' title='bbox 1139 1335 1671 1405; x_wconf 77' lang='grc' dir='ltr'>πονηρευομένοις.</span> <span class='ocrx_word' id='word_1_65' title='bbox 1710 1339 1900 1393; x_wconf 80' lang='grc' dir='ltr'><strong>Ἔστιν</strong></span> <span class='ocrx_word' id='word_1_66' title='bbox 1938 1340 2041 1410; x_wconf 77' lang='grc' dir='ltr'>μὲν</span> 
     </span>
    </p>
   </div>
   <div class='ocr_carea' id='block_1_15' title="bbox 452 1416 2035 1498">
    <p class='ocr_par' dir='ltr' id='par_1_15' title="bbox 452 1416 2035 1498">
     <span class='ocr_line' id='line_1_15' title="bbox 452 1416 2035 1498; baseline 0.011 -32"><span class='ocrx_word' id='word_1_67' title='bbox 452 1416 634 1481; x_wconf 74' lang='grc' dir='ltr'>εἰπεῖν</span> <span class='ocrx_word' id='word_1_68' title='bbox 681 1416 1076 1489; x_wconf 77' lang='grc' dir='ltr'><strong>παραζήλωσιν</strong></span> <span class='ocrx_word' id='word_1_69' title='bbox 1133 1421 1233 1491; x_wconf 82' lang='grc' dir='ltr'>τὴν</span> <span class='ocrx_word' id='word_1_70' title='bbox 1274 1424 1529 1497; x_wconf 78' lang='grc' dir='ltr'>μίμησιν,</span> <span class='ocrx_word' id='word_1_71' title='bbox 1559 1424 1695 1493; x_wconf 76' lang='grc' dir='ltr'>οἷον,</span> <span class='ocrx_word' id='word_1_72' title='bbox 1720 1429 1811 1493; x_wconf 84' lang='grc' dir='ltr'><strong>Μὴ</strong></span> <span class='ocrx_word' id='word_1_73' title='bbox 1862 1429 2035 1498; x_wconf 87' lang='grc' dir='ltr'>μιμοῦ</span> 
     </span>
    </p>
   </div>
   <div class='ocr_carea' id='block_1_16' title="bbox 446 1507 2041 1585">
    <p class='ocr_par' dir='ltr' id='par_1_16' title="bbox 446 1507 2041 1585">
     <span class='ocr_line' id='line_1_16' title="bbox 446 1507 2041 1585; baseline 0.009 -27"><span class='ocrx_word' id='word_1_74' title='bbox 446 1507 582 1569; x_wconf 76' lang='grc' dir='ltr'>τοὺς</span> <span class='ocrx_word' id='word_1_75' title='bbox 606 1509 1097 1580; x_wconf 77' lang='grc' dir='ltr'><strong>πονηρευομένους,</strong></span> <span class='ocrx_word' id='word_1_76' title='bbox 1130 1515 1179 1567; x_wconf 81' lang='grc' dir='ltr'>εί</span> <span class='ocrx_word' id='word_1_77' title='bbox 1210 1512 1772 1585; x_wconf 83' lang='grc' dir='ltr'>εὐπραγοῦσιν.Ἐστι</span> <span class='ocrx_word' id='word_1_78' title='bbox 1793 1518 1849 1572; x_wconf 87' lang='grc' dir='ltr'><strong>δὲ</strong></span> <span class='ocrx_word' id='word_1_79' title='bbox 1866 1520 2041 1572; x_wconf 75' lang='grc' dir='ltr'>εἰπεῖν</span> 
     </span>
    </p>
   </div>
   <div class='ocr_carea' id='block_1_17' title="bbox 447 1598 2038 1680">
    <p class='ocr_par' dir='ltr' id='par_1_17' title="bbox 447 1598 2038 1680">
     <span class='ocr_line' id='line_1_17' title="bbox 447 1598 2038 1680; baseline 0.008 -30"><span class='ocrx_word' id='word_1_80' title='bbox 447 1598 676 1652; x_wconf 75' lang='grc' dir='ltr'><strong>καὶτὸν</strong></span> <span class='ocrx_word' id='word_1_81' title='bbox 706 1600 1024 1672; x_wconf 80' lang='grc' dir='ltr'><strong>ὲρεθισμὸν,</strong></span> <span class='ocrx_word' id='word_1_82' title='bbox 1066 1599 1200 1671; x_wconf 73' lang='grc' dir='ltr'>οἷον,</span> <span class='ocrx_word' id='word_1_83' title='bbox 1243 1608 1333 1676; x_wconf 82' lang='grc' dir='ltr'><strong>Μὴ</strong></span> <span class='ocrx_word' id='word_1_84' title='bbox 1370 1607 1624 1677; x_wconf 76' lang='grc' dir='ltr'>ἐρεϐίζου</span> <span class='ocrx_word' id='word_1_85' title='bbox 1661 1610 1799 1680; x_wconf 79' lang='grc' dir='ltr'>πρὸς</span> <span class='ocrx_word' id='word_1_86' title='bbox 1835 1608 2038 1680; x_wconf 85' lang='grc' dir='ltr'>λύπην,</span> 
     </span>
    </p>
   </div>
   <div class='ocr_carea' id='block_1_18' title="bbox 442 1693 2039 1770">
    <p class='ocr_par' dir='ltr' id='par_1_18' title="bbox 442 1693 2039 1770">
     <span class='ocr_line' id='line_1_18' title="bbox 442 1693 2039 1770; baseline 0.007 -27"><span class='ocrx_word' id='word_1_87' title='bbox 442 1693 582 1756; x_wconf 79' lang='grc' dir='ltr'>τοὺς</span> <span class='ocrx_word' id='word_1_88' title='bbox 632 1696 909 1765; x_wconf 81' lang='grc' dir='ltr'>πονηροὺς</span> <span class='ocrx_word' id='word_1_89' title='bbox 941 1695 1158 1767; x_wconf 81' lang='grc' dir='ltr'><strong>βλέπων</strong></span> <span class='ocrx_word' id='word_1_90' title='bbox 1188 1700 1540 1770; x_wconf 79' lang='grc' dir='ltr'>εὐροοῦντας.</span> <span class='ocrx_word' id='word_1_91' title='bbox 1582 1700 1646 1753; x_wconf 85' lang='grc' dir='ltr'><strong>Ἠ</strong></span> <span class='ocrx_word' id='word_1_92' title='bbox 1678 1700 1735 1754; x_wconf 81' lang='grc' dir='ltr'><strong>δὲ</strong></span> <span class='ocrx_word' id='word_1_93' title='bbox 1789 1700 2039 1768; x_wconf 77' lang='grc' dir='ltr'><strong>σύνταξις</strong></span> 
     </span>
    </p>
   </div>
   <div class='ocr_carea' id='block_1_19' title="bbox 443 1782 1743 1862">
    <p class='ocr_par' dir='ltr' id='par_1_19' title="bbox 443 1782 1743 1862">
     <span class='ocr_line' id='line_1_19' title="bbox 443 1782 1743 1862; baseline 0.009 -27"><span class='ocrx_word' id='word_1_94' title='bbox 443 1782 749 1862; x_wconf 70' lang='grc' dir='ltr'><strong>ἀδιάφορος</strong></span> <span class='ocrx_word' id='word_1_95' title='bbox 782 1788 986 1853; x_wconf 79' lang='grc' dir='ltr'><strong>κεῖται,</strong></span> <span class='ocrx_word' id='word_1_96' title='bbox 1017 1788 1143 1843; x_wconf 83' lang='grc' dir='ltr'>καθ’</span> <span class='ocrx_word' id='word_1_97' title='bbox 1199 1790 1491 1862; x_wconf 80' lang='grc' dir='ltr'><strong>Ἐὅραϊκὸν</strong></span> <span class='ocrx_word' id='word_1_98' title='bbox 1519 1792 1743 1862; x_wconf 80' lang='grc' dir='ltr'>ἰδίωμα.</span> 
     </span>
    </p>
   </div>
   <div class='ocr_carea' id='block_1_20' title="bbox 2606 789 3236 862">
    <p class='ocr_par' dir='ltr' id='par_1_20' title="bbox 2606 789 3236 862">
     <span class='ocr_line' id='line_1_20' title="bbox 2606 789 3236 862; baseline 0.011 -18"><span class='ocrx_word' id='word_1_99' title='bbox 2606 789 2863 847; x_wconf 78' lang='lat' dir='ltr'><strong>Psalmus</strong></span> <span class='ocrx_word' id='word_1_100' title='bbox 2893 793 2997 862; x_wconf 83' lang='lat' dir='ltr'><strong>ipsi</strong></span> <span class='ocrx_word' id='word_1_101' title='bbox 3044 791 3236 851; x_wconf 77' lang='lat' dir='ltr'><strong>David.</strong></span> 
     </span>
    </p>
   </div>
   <div class='ocr_carea' id='block_1_21' title="bbox 2605 879 3231 939">
    <p class='ocr_par' dir='ltr' id='par_1_21' title="bbox 2605 879 3231 939">
     <span class='ocr_line' id='line_1_21' title="bbox 2605 879 3231 939; baseline 0.006 -5"><span class='ocrx_word' id='word_1_102' title='bbox 2605 879 2927 939; x_wconf 77' lang='lat' dir='ltr'><strong>PSALMUS</strong></span> <span class='ocrx_word' id='word_1_103' title='bbox 2982 883 3231 938; x_wconf 78' lang='lat' dir='ltr'><strong>XXXVI.</strong></span> 
     </span>
    </p>
   </div>
   <div class='ocr_carea' id='block_1_22' title="bbox 2212 974 3734 1047">
    <p class='ocr_par' dir='ltr' id='par_1_22' title="bbox 2212 974 3734 1047">
     <span class='ocr_line' id='line_1_22' title="bbox 2212 974 3734 1047; baseline 0.003 -19"><span class='ocrx_word' id='word_1_104' title='bbox 2212 974 2634 1031; x_wconf 83' lang='lat' dir='ltr'><strong>Admonitiones</strong></span> <span class='ocrx_word' id='word_1_105' title='bbox 2687 976 2938 1031; x_wconf 79' lang='lat' dir='ltr'><strong>continet</strong></span> <span class='ocrx_word' id='word_1_106' title='bbox 2994 978 3083 1031; x_wconf 88' lang='lat' dir='ltr'><strong>hic</strong></span> <span class='ocrx_word' id='word_1_107' title='bbox 3140 979 3412 1047; x_wconf 86' lang='lat' dir='ltr'><strong>psalmus.</strong></span> <span class='ocrx_word' id='word_1_108' title='bbox 3458 977 3734 1034; x_wconf 75' lang='lat' dir='ltr'><strong>Admonet</strong></span> 
     </span>
    </p>
   </div>
   <div class='ocr_carea' id='block_1_23' title="bbox 2143 1063 3732 1138">
    <p class='ocr_par' dir='ltr' id='par_1_23' title="bbox 2143 1063 3732 1138">
     <span class='ocr_line' id='line_1_23' title="bbox 2143 1063 3732 1138; baseline 0.003 -17"><span class='ocrx_word' id='word_1_109' title='bbox 2143 1066 2290 1122; x_wconf 89' lang='lat' dir='ltr'><strong>enim</strong></span> <span class='ocrx_word' id='word_1_110' title='bbox 2324 1075 2384 1121; x_wconf 88' lang='lat' dir='ltr'><strong>ut</strong></span> <span class='ocrx_word' id='word_1_111' title='bbox 2412 1069 2797 1137; x_wconf 80' lang='lat' dir='ltr'><strong>unusquisque</strong></span> <span class='ocrx_word' id='word_1_112' title='bbox 2828 1068 3012 1123; x_wconf 87' lang='lat' dir='ltr'><strong>varios</strong></span> <span class='ocrx_word' id='word_1_113' title='bbox 3044 1083 3228 1122; x_wconf 91' lang='lat' dir='ltr'><strong>rerum</strong></span> <span class='ocrx_word' id='word_1_114' title='bbox 3252 1063 3488 1125; x_wconf 80' lang='lat' dir='ltr'><strong>eventus</strong></span> <span class='ocrx_word' id='word_1_115' title='bbox 3514 1071 3732 1138; x_wconf 81' lang='lat' dir='ltr'><strong>patien-</strong></span> 
     </span>
    </p>
   </div>
   <div class='ocr_carea' id='block_1_24' title="bbox 2144 1157 3731 1227">
    <p class='ocr_par' dir='ltr' id='par_1_24' title="bbox 2144 1157 3731 1227">
     <span class='ocr_line' id='line_1_24' title="bbox 2144 1157 3731 1227; baseline 0.002 -17"><span class='ocrx_word' id='word_1_116' title='bbox 2144 1166 2229 1213; x_wconf 88' lang='lat' dir='ltr'><strong>ter</strong></span> <span class='ocrx_word' id='word_1_117' title='bbox 2277 1157 2442 1227; x_wconf 78' lang='lat' dir='ltr'><strong>ferat,</strong></span> <span class='ocrx_word' id='word_1_118' title='bbox 2465 1166 2520 1214; x_wconf 91' lang='lat' dir='ltr'><strong>et</strong></span> <span class='ocrx_word' id='word_1_119' title='bbox 2578 1167 2818 1214; x_wconf 89' lang='lat' dir='ltr'><strong>mentem</strong></span> <span class='ocrx_word' id='word_1_120' title='bbox 2878 1174 2987 1214; x_wconf 88' lang='lat' dir='ltr'><strong>non</strong></span> <span class='ocrx_word' id='word_1_121' title='bbox 3017 1159 3279 1215; x_wconf 88' lang='lat' dir='ltr'><strong>adhiheat</strong></span> <span class='ocrx_word' id='word_1_122' title='bbox 3335 1159 3404 1216; x_wconf 88' lang='lat' dir='ltr'><strong>ad</strong></span> <span class='ocrx_word' id='word_1_123' title='bbox 3436 1176 3731 1217; x_wconf 72' lang='lat' dir='ltr'><strong>pravorum</strong></span> 
     </span>
    </p>
   </div>
   <div class='ocr_carea' id='block_1_25' title="bbox 2144 1249 2883 1320">
    <p class='ocr_par' dir='ltr' id='par_1_25' title="bbox 2144 1249 2883 1320">
     <span class='ocr_line' id='line_1_25' title="bbox 2144 1249 2883 1320; baseline 0 -17"><span class='ocrx_word' id='word_1_124' title='bbox 2144 1249 2433 1304; x_wconf 78' lang='lat' dir='ltr'><strong>hominum</strong></span> <span class='ocrx_word' id='word_1_125' title='bbox 2466 1250 2883 1320; x_wconf 77' lang='lat' dir='ltr'><strong>prosperitates.</strong></span> 
     </span>
    </p>
   </div>
   <div class='ocr_carea' id='block_1_26' title="bbox 2212 1339 3730 1413">
    <p class='ocr_par' dir='ltr' id='par_1_26' title="bbox 2212 1339 3730 1413">
     <span class='ocr_line' id='line_1_26' title="bbox 2212 1339 3730 1413; baseline 0.003 -20"><span class='ocrx_word' id='word_1_126' title='bbox 2212 1339 2381 1396; x_wconf 69' lang='lat' dir='ltr'><strong>Vens.</strong></span> <span class='ocrx_word' id='word_1_127' title='bbox 2418 1343 2469 1396; x_wconf 85' lang='lat' dir='ltr'><strong>l.</strong></span> <span class='ocrx_word' id='word_1_128' title='bbox 2505 1340 2589 1395; x_wconf 87' lang='lat' dir='ltr'><strong>Ne</strong></span> <span class='ocrx_word' id='word_1_129' title='bbox 2623 1342 2890 1397; x_wconf 71' lang='lat' dir='ltr'><strong>amuleris</strong></span> <span class='ocrx_word' id='word_1_130' title='bbox 2931 1343 2985 1397; x_wconf 87' lang='lat' dir='ltr'><strong>in</strong></span> <span class='ocrx_word' id='word_1_131' title='bbox 3025 1341 3476 1413; x_wconf 82' lang='lat' dir='ltr'><strong>malignantibus.</strong></span> <span class='ocrx_word' id='word_1_132' title='bbox 3531 1341 3730 1397; x_wconf 67' lang='lat' dir='ltr'><strong>Emu-</strong></span> 
     </span>
    </p>
   </div>
   <div class='ocr_carea' id='block_1_27' title="bbox 2141 1431 3731 1504">
    <p class='ocr_par' dir='ltr' id='par_1_27' title="bbox 2141 1431 3731 1504">
     <span class='ocr_line' id='line_1_27' title="bbox 2141 1431 3731 1504; baseline -0.001 -17"><span class='ocrx_word' id='word_1_133' title='bbox 2141 1431 2406 1489; x_wconf 89' lang='lat' dir='ltr'><strong>lationem</strong></span> <span class='ocrx_word' id='word_1_134' title='bbox 2436 1432 2802 1488; x_wconf 84' lang='lat' dir='ltr'><strong>imitationem</strong></span> <span class='ocrx_word' id='word_1_135' title='bbox 2833 1434 3071 1504; x_wconf 83' lang='lat' dir='ltr'><strong>appellat</strong></span> <span class='ocrx_word' id='word_1_136' title='bbox 3099 1450 3117 1500; x_wconf 84' lang='lat'><strong>;</strong></span> <span class='ocrx_word' id='word_1_137' title='bbox 3149 1449 3216 1488; x_wconf 91' lang='lat' dir='ltr'><strong>ac</strong></span> <span class='ocrx_word' id='word_1_138' title='bbox 3237 1435 3283 1489; x_wconf 85' lang='lat' dir='ltr'><strong>sl</strong></span> <span class='ocrx_word' id='word_1_139' title='bbox 3317 1433 3525 1489; x_wconf 85' lang='lat' dir='ltr'><strong>diceret</strong></span> <span class='ocrx_word' id='word_1_140' title='bbox 3552 1449 3568 1486; x_wconf 90' lang='lat'><strong>:</strong></span> <span class='ocrx_word' id='word_1_141' title='bbox 3604 1431 3731 1487; x_wconf 93' lang='lat' dir='ltr'><strong>Noli</strong></span> 
     </span>
    </p>
   </div>
   <div class='ocr_carea' id='block_1_28' title="bbox 2141 1520 3733 1593">
    <p class='ocr_par' dir='ltr' id='par_1_28' title="bbox 2141 1520 3733 1593">
     <span class='ocr_line' id='line_1_28' title="bbox 2141 1520 3733 1593; baseline -0.001 -17"><span class='ocrx_word' id='word_1_142' title='bbox 2141 1520 2346 1576; x_wconf 88' lang='lat' dir='ltr'><strong>imitari</strong></span> <span class='ocrx_word' id='word_1_143' title='bbox 2403 1522 2789 1593; x_wconf 78' lang='lat' dir='ltr'><strong>malignantes,</strong></span> <span class='ocrx_word' id='word_1_144' title='bbox 2831 1523 3052 1581; x_wconf 80' lang='lat' dir='ltr'><strong>tametsi</strong></span> <span class='ocrx_word' id='word_1_145' title='bbox 3108 1524 3352 1581; x_wconf 86' lang='lat' dir='ltr'><strong>secunda</strong></span> <span class='ocrx_word' id='word_1_146' title='bbox 3398 1539 3503 1579; x_wconf 19' lang='lat' dir='ltr'><strong>eos.</strong></span> <span class='ocrx_word' id='word_1_147' title='bbox 3545 1522 3733 1577; x_wconf 81' lang='lat' dir='ltr'><strong>videas</strong></span> 
     </span>
    </p>
   </div>
   <div class='ocr_carea' id='block_1_29' title="bbox 2140 1608 3734 1682">
    <p class='ocr_par' dir='ltr' id='par_1_29' title="bbox 2140 1608 3734 1682">
     <span class='ocr_line' id='line_1_29' title="bbox 2140 1608 3734 1682; baseline 0.001 -18"><span class='ocrx_word' id='word_1_148' title='bbox 2140 1608 2339 1667; x_wconf 79' lang='lat' dir='ltr'><strong>ﬂorere</strong></span> <span class='ocrx_word' id='word_1_149' title='bbox 2369 1609 2613 1666; x_wconf 79' lang='lat' dir='ltr'><strong>fortuna.</strong></span> <span class='ocrx_word' id='word_1_150' title='bbox 2656 1610 2962 1669; x_wconf 84' lang='lat' dir='ltr'><strong>Possumus</strong></span> <span class='ocrx_word' id='word_1_151' title='bbox 2994 1613 3159 1667; x_wconf 82' lang='lat' dir='ltr'><strong>etiam</strong></span> <span class='ocrx_word' id='word_1_152' title='bbox 3193 1613 3600 1668; x_wconf 71' lang='lat' dir='ltr'><strong>aemulationem</strong></span> <span class='ocrx_word' id='word_1_153' title='bbox 3628 1624 3734 1682; x_wconf 85' lang='lat' dir='ltr'><strong>pro</strong></span> 
     </span>
    </p>
   </div>
   <div class='ocr_carea' id='block_1_30' title="bbox 2141 1700 3728 1775">
    <p class='ocr_par' dir='ltr' id='par_1_30' title="bbox 2141 1700 3728 1775">
     <span class='ocr_line' id='line_1_30' title="bbox 2141 1700 3728 1775; baseline 0.001 -19"><span class='ocrx_word' id='word_1_154' title='bbox 2141 1702 2453 1757; x_wconf 80' lang='lat' dir='ltr'><strong>irritatione</strong></span> <span class='ocrx_word' id='word_1_155' title='bbox 2487 1701 2790 1771; x_wconf 82' lang='lat' dir='ltr'><strong>intelligere</strong></span> <span class='ocrx_word' id='word_1_156' title='bbox 2823 1700 3316 1775; x_wconf 81' lang='lat' dir='ltr'><strong>[quemadmodum</strong></span> <span class='ocrx_word' id='word_1_157' title='bbox 3341 1702 3530 1758; x_wconf 70' lang='lat' dir='ltr'><strong>Graeca</strong></span> <span class='ocrx_word' id='word_1_158' title='bbox 3553 1700 3728 1758; x_wconf 83' lang='lat' dir='ltr'><strong>dictio</strong></span> 
     </span>
    </p>
   </div>
   <div class='ocr_carea' id='block_1_31' title="bbox 2140 1793 3732 1866">
    <p class='ocr_par' dir='ltr' id='par_1_31' title="bbox 2140 1793 3732 1866">
     <span class='ocr_line' id='line_1_31' title="bbox 2140 1793 3732 1866; baseline -0.002 -16"><span class='ocrx_word' id='word_1_159' title='bbox 2140 1793 2548 1864; x_wconf 78' lang='lat' dir='ltr'><strong>signiﬁcantius</strong></span> <span class='ocrx_word' id='word_1_160' title='bbox 2613 1793 2895 1866; x_wconf 74' lang='lat' dir='ltr'><strong>exprimit]</strong></span> <span class='ocrx_word' id='word_1_161' title='bbox 2937 1794 3141 1860; x_wconf 84' lang='lat' dir='ltr'><strong>zelum,</strong></span> <span class='ocrx_word' id='word_1_162' title='bbox 3192 1794 3600 1849; x_wconf 66' lang='lat' dir='ltr'><strong>minulationem</strong></span> <span class='ocrx_word' id='word_1_163' title='bbox 3631 1808 3732 1863; x_wconf 81' lang='lat' dir='ltr'><strong>ap-</strong></span> 
     </span>
    </p>
   </div>
   <div class='ocr_carea' id='block_1_32' title="bbox 440 1860 3731 1956">
    <p class='ocr_par' dir='ltr' id='par_1_32' title="bbox 440 1860 3731 1956">
     <span class='ocr_line' id='line_1_32' title="bbox 440 1860 3731 1956; baseline 0.003 -26"><span class='ocrx_word' id='word_1_164' title='bbox 440 1876 686 1947; x_wconf 87' lang='lat' dir='ltr'><strong>pellans.</strong></span> <span class='ocrx_word' id='word_1_165' title='bbox 709 1860 880 1935; x_wconf 43' lang='lat' dir='ltr'><strong>&#39;Unde</strong></span> <span class='ocrx_word' id='word_1_166' title='bbox 919 1881 1086 1936; x_wconf 89' lang='lat' dir='ltr'><strong>etiam</strong></span> <span class='ocrx_word' id='word_1_167' title='bbox 1117 1860 1344 1939; x_wconf 80' lang='lat' dir='ltr'><strong>verbum</strong></span> <span class='ocrx_word' id='word_1_168' title='bbox 1402 1900 1563 1940; x_wconf 87' lang='lat' dir='ltr'><strong>suum</strong></span> <span class='ocrx_word' id='word_1_169' title='bbox 1600 1860 1840 1940; x_wconf 82' lang='lat' dir='ltr'><strong>deducit.</strong></span> <span class='ocrx_word' id='word_1_170' title='bbox 1873 1885 1951 1939; x_wconf 82' lang='lat' dir='ltr'><strong>Ac</strong></span> <span class='ocrx_word' id='word_1_171' title='bbox 1984 1885 2029 1940; x_wconf 89' lang='lat' dir='ltr'><strong>si</strong></span> <span class='ocrx_word' id='word_1_172' title='bbox 2072 1860 2283 1941; x_wconf 75' lang='lat' dir='ltr'><strong>diceret</strong></span> <span class='ocrx_word' id='word_1_173' title='bbox 2312 1900 2329 1939; x_wconf 90' lang='lat'><strong>:</strong></span> <span class='ocrx_word' id='word_1_174' title='bbox 2368 1884 2489 1939; x_wconf 88' lang='lat' dir='ltr'><strong>Noli</strong></span> <span class='ocrx_word' id='word_1_175' title='bbox 2522 1860 2749 1952; x_wconf 73' lang='lat' dir='ltr'><strong>irritari,</strong></span> <span class='ocrx_word' id='word_1_176' title='bbox 2780 1860 2894 1938; x_wconf 43' lang='lat' dir='ltr'><strong>aut.</strong></span> <span class='ocrx_word' id='word_1_177' title='bbox 2916 1900 3172 1949; x_wconf 65' lang='lat' dir='ltr'><strong>maerere,</strong></span> <span class='ocrx_word' id='word_1_178' title='bbox 3243 1886 3464 1955; x_wconf 86' lang='lat' dir='ltr'><strong>quando</strong></span> <span class='ocrx_word' id='word_1_179' title='bbox 3531 1860 3731 1956; x_wconf 81' lang='lat' dir='ltr'><strong>pravos</strong></span> 
     </span>
    </p>
   </div>
   <div class='ocr_carea' id='block_1_33' title="bbox 439 1970 3729 2050">
    <p class='ocr_par' dir='ltr' id='par_1_33' title="bbox 439 1970 3729 2050">
     <span class='ocr_line' id='line_1_33' title="bbox 439 1970 3729 2050; baseline 0.004 -28"><span class='ocrx_word' id='word_1_180' title='bbox 439 1970 832 2026; x_wconf 64' lang='lat' dir='ltr'><strong>vitlesl&#39;elicem</strong></span> <span class='ocrx_word' id='word_1_181' title='bbox 866 1973 1032 2028; x_wconf 92' lang='lat' dir='ltr'><strong>vitam</strong></span> <span class='ocrx_word' id='word_1_182' title='bbox 1063 1975 1276 2043; x_wconf 82' lang='lat' dir='ltr'><strong>degere.</strong></span> <span class='ocrx_word' id='word_1_183' title='bbox 1332 1975 1687 2035; x_wconf 89' lang='lat' dir='ltr'><strong>Constructio</strong></span> <span class='ocrx_word' id='word_1_184' title='bbox 1725 1988 1910 2034; x_wconf 88' lang='lat' dir='ltr'><strong>autem</strong></span> <span class='ocrx_word' id='word_1_185' title='bbox 1971 1978 2076 2034; x_wconf 87' lang='lat' dir='ltr'><strong>hoc</strong></span> <span class='ocrx_word' id='word_1_186' title='bbox 2159 1979 2214 2034; x_wconf 91' lang='lat' dir='ltr'><strong>in</strong></span> <span class='ocrx_word' id='word_1_187' title='bbox 2268 1979 2391 2035; x_wconf 90' lang='lat' dir='ltr'><strong>loco</strong></span> <span class='ocrx_word' id='word_1_188' title='bbox 2443 1978 2763 2035; x_wconf 67' lang='lat' dir='ltr'><strong>indifferens</strong></span> <span class='ocrx_word' id='word_1_189' title='bbox 2814 1985 2920 2044; x_wconf 88' lang='lat' dir='ltr'><strong>est,</strong></span> <span class='ocrx_word' id='word_1_190' title='bbox 2960 1988 3015 2034; x_wconf 91' lang='lat' dir='ltr'><strong>ct</strong></span> <span class='ocrx_word' id='word_1_191' title='bbox 3067 1979 3309 2050; x_wconf 77' lang='lat' dir='ltr'><strong>regulam</strong></span> <span class='ocrx_word' id='word_1_192' title='bbox 3364 1993 3474 2034; x_wconf 90' lang='lat' dir='ltr'><strong>non</strong></span> <span class='ocrx_word' id='word_1_193' title='bbox 3518 1987 3729 2041; x_wconf 76' lang='lat' dir='ltr'><strong>servat.</strong></span> 
     </span>
    </p>
   </div>
   <div class='ocr_carea' id='block_1_34' title="bbox 436 2062 1221 2132">
    <p class='ocr_par' dir='ltr' id='par_1_34' title="bbox 436 2062 1221 2132">
     <span class='ocr_line' id='line_1_34' title="bbox 436 2062 1221 2132; baseline 0.006 -18"><span class='ocrx_word' id='word_1_194' title='bbox 436 2062 599 2132; x_wconf 78' lang='lat' dir='ltr'><strong>juxta</strong></span> <span class='ocrx_word' id='word_1_195' title='bbox 635 2062 961 2118; x_wconf 86' lang='lat' dir='ltr'><strong>llebraicum</strong></span> <span class='ocrx_word' id='word_1_196' title='bbox 998 2062 1221 2120; x_wconf 85' lang='lat' dir='ltr'><strong>idioma.</strong></span> 
     </span>
    </p>
   </div>
   <div class='ocr_carea' id='block_1_35' title="bbox 518 2154 2037 2231">
    <p class='ocr_par' dir='ltr' id='par_1_35' title="bbox 518 2154 2037 2231">
     <span class='ocr_line' id='line_1_35' title="bbox 518 2154 2037 2231; baseline 0.005 -23"><span class='ocrx_word' id='word_1_197' title='bbox 518 2154 691 2223; x_wconf 71' lang='grc' dir='ltr'><strong>Μηδὲ</strong></span> <span class='ocrx_word' id='word_1_198' title='bbox 716 2155 898 2225; x_wconf 76' lang='grc' dir='ltr'>ζηλοῦ</span> <span class='ocrx_word' id='word_1_199' title='bbox 923 2157 1065 2225; x_wconf 80' lang='grc' dir='ltr'>τοὺς</span> <span class='ocrx_word' id='word_1_200' title='bbox 1093 2157 1421 2225; x_wconf 70' lang='grc' dir='ltr'>ποιοῦντας</span> <span class='ocrx_word' id='word_1_201' title='bbox 1449 2159 1565 2230; x_wconf 77' lang='grc' dir='ltr'><strong>τὴν</strong></span> <span class='ocrx_word' id='word_1_202' title='bbox 1595 2162 1877 2231; x_wconf 77' lang='grc' dir='ltr'>ἀνομίαν.</span> <span class='ocrx_word' id='word_1_203' title='bbox 1900 2163 2037 2218; x_wconf 85' lang='grc' dir='ltr'>Πολ-</span> 
     </span>
    </p>
   </div>
   <div class='ocr_carea' id='block_1_36' title="bbox 2136 2154 3725 2231">
    <p class='ocr_par' dir='ltr' id='par_1_36' title="bbox 2218 2155 3725 2229">
     <span class='ocr_line' id='line_1_36' title="bbox 2218 2155 3725 2229; baseline 0.001 -16"><span class='ocrx_word' id='word_1_204' title='bbox 2218 2158 2403 2229; x_wconf 85' lang='lat' dir='ltr'><strong>Neque</strong></span> <span class='ocrx_word' id='word_1_205' title='bbox 2431 2158 2698 2214; x_wconf 72' lang='lat' dir='ltr'><strong>azmuleris</strong></span> <span class='ocrx_word' id='word_1_206' title='bbox 2722 2158 2974 2229; x_wconf 73' lang='lat' dir='ltr'><strong>facientes</strong></span> <span class='ocrx_word' id='word_1_207' title='bbox 3004 2156 3362 2227; x_wconf 77' lang='lat' dir='ltr'><strong>iniquitatem.</strong></span> <span class='ocrx_word' id='word_1_208' title='bbox 3391 2155 3544 2213; x_wconf 85' lang='lat' dir='ltr'><strong>Multi</strong></span> <span class='ocrx_word' id='word_1_209' title='bbox 3576 2159 3725 2215; x_wconf 84' lang='lat' dir='ltr'><strong>enim</strong></span> 
     </span>
    </p>
   </div>
   <div class='ocr_carea' id='block_1_37' title="bbox 444 2248 2038 2323">
    <p class='ocr_par' dir='ltr' id='par_1_37' title="bbox 444 2248 2038 2323">
     <span class='ocr_line' id='line_1_37' title="bbox 444 2248 2038 2323; baseline 0.005 -22"><span class='ocrx_word' id='word_1_210' title='bbox 444 2250 532 2302; x_wconf 71' lang='grc' dir='ltr'><strong>ὶοὶ</strong></span> <span class='ocrx_word' id='word_1_211' title='bbox 557 2248 671 2319; x_wconf 78' lang='grc' dir='ltr'><strong>γὰρ</strong></span> <span class='ocrx_word' id='word_1_212' title='bbox 692 2248 984 2318; x_wconf 82' lang='grc' dir='ltr'>βλέποντες</span> <span class='ocrx_word' id='word_1_213' title='bbox 1012 2251 1134 2314; x_wconf 82' lang='grc' dir='ltr'>τοὺς</span> <span class='ocrx_word' id='word_1_214' title='bbox 1155 2252 1361 2314; x_wconf 82' lang='grc' dir='ltr'>κακοὺς</span> <span class='ocrx_word' id='word_1_215' title='bbox 1392 2252 1846 2323; x_wconf 80' lang='grc' dir='ltr'>εὐθηνουμένους,</span> <span class='ocrx_word' id='word_1_216' title='bbox 1866 2272 1940 2308; x_wconf 88' lang='grc' dir='ltr'>πα</span> <span class='ocrx_word' id='word_1_217' title='bbox 1950 2271 2038 2322; x_wconf 81' lang='grc' dir='ltr'>ρο-</span> 
     </span>
    </p>
   </div>
   <div class='ocr_carea' id='block_1_38' title="bbox 458 2340 2035 2418">
    <p class='ocr_par' dir='ltr' id='par_1_38' title="bbox 458 2340 2035 2418">
     <span class='ocr_line' id='line_1_38' title="bbox 458 2340 2035 2418; baseline 0.004 -25"><span class='ocrx_word' id='word_1_218' title='bbox 458 2340 702 2407; x_wconf 74' lang='grc' dir='ltr'>ξύνονται</span> <span class='ocrx_word' id='word_1_219' title='bbox 736 2341 876 2411; x_wconf 86' lang='grc' dir='ltr'>πρὸς</span> <span class='ocrx_word' id='word_1_220' title='bbox 909 2342 1143 2413; x_wconf 79' lang='grc' dir='ltr'><strong>μίμησιν</strong></span> <span class='ocrx_word' id='word_1_221' title='bbox 1169 2343 1353 2397; x_wconf 83' lang='grc' dir='ltr'>αὐτῶν</span> <span class='ocrx_word' id='word_1_222' title='bbox 1380 2347 1443 2397; x_wconf 80' lang='grc' dir='ltr'>ἐκ</span> <span class='ocrx_word' id='word_1_223' title='bbox 1477 2345 1861 2415; x_wconf 75' lang='grc' dir='ltr'>μικροψυχίας,</span> <span class='ocrx_word' id='word_1_224' title='bbox 1898 2348 2035 2418; x_wconf 83' lang='grc' dir='ltr'>ὅπερ</span> 
     </span>
    </p>
   </div>
   <div class='ocr_carea' id='block_1_39' title="bbox 464 2433 2035 2509">
    <p class='ocr_par' dir='ltr' id='par_1_39' title="bbox 464 2433 2035 2509">
     <span class='ocr_line' id='line_1_39' title="bbox 464 2433 2035 2509; baseline 0.003 -23"><span class='ocrx_word' id='word_1_225' title='bbox 464 2433 794 2504; x_wconf 70' lang='grc' dir='ltr'><strong>ὼςόλέθριον</strong></span> <span class='ocrx_word' id='word_1_226' title='bbox 847 2435 1171 2504; x_wconf 80' lang='grc' dir='ltr'><strong>ἀποτρέπει.</strong></span> <span class='ocrx_word' id='word_1_227' title='bbox 1203 2436 1359 2489; x_wconf 84' lang='grc' dir='ltr'>Ἐστι</span> <span class='ocrx_word' id='word_1_228' title='bbox 1408 2437 1464 2490; x_wconf 85' lang='grc' dir='ltr'>δὲ</span> <span class='ocrx_word' id='word_1_229' title='bbox 1495 2436 1654 2505; x_wconf 80' lang='grc' dir='ltr'>ζῆλος</span> <span class='ocrx_word' id='word_1_230' title='bbox 1688 2437 1866 2509; x_wconf 80' lang='grc' dir='ltr'>ὄρεξις</span> <span class='ocrx_word' id='word_1_231' title='bbox 1899 2440 2035 2509; x_wconf 85' lang='grc' dir='ltr'><strong>κτή-</strong></span> 
     </span>
    </p>
   </div>
   <div class='ocr_carea' id='block_1_40' title="bbox 459 2524 2033 2599">
    <p class='ocr_par' dir='ltr' id='par_1_40' title="bbox 459 2524 2033 2599">
     <span class='ocr_line' id='line_1_40' title="bbox 459 2524 2033 2599; baseline 0.004 -23"><span class='ocrx_word' id='word_1_232' title='bbox 459 2541 594 2587; x_wconf 83' lang='grc' dir='ltr'>σεως</span> <span class='ocrx_word' id='word_1_233' title='bbox 632 2524 730 2579; x_wconf 83' lang='grc' dir='ltr'><strong>τοῦ</strong></span> <span class='ocrx_word' id='word_1_234' title='bbox 769 2524 1064 2590; x_wconf 76' lang='grc' dir='ltr'>δοκοῦντος</span> <span class='ocrx_word' id='word_1_235' title='bbox 1106 2530 1392 2597; x_wconf 84' lang='grc' dir='ltr'>προσεῖναι</span> <span class='ocrx_word' id='word_1_236' title='bbox 1442 2528 1521 2599; x_wconf 82' lang='grc' dir='ltr'><strong>τῷ</strong></span> <span class='ocrx_word' id='word_1_237' title='bbox 1573 2530 1744 2592; x_wconf 77' lang='grc' dir='ltr'>πέλας</span> <span class='ocrx_word' id='word_1_238' title='bbox 1802 2529 2033 2598; x_wconf 84' lang='grc' dir='ltr'><strong>ἀγαθοῦ.</strong></span> 
     </span>
    </p>
   </div>
   <div class='ocr_carea' id='block_1_41' title="bbox 449 2616 2038 2689">
    <p class='ocr_par' dir='ltr' id='par_1_41' title="bbox 449 2616 2038 2689">
     <span class='ocr_line' id='line_1_41' title="bbox 449 2616 2038 2689; baseline 0.004 -21"><span class='ocrx_word' id='word_1_239' title='bbox 449 2616 494 2668; x_wconf 87' lang='grc' dir='ltr'>Τ</span> <span class='ocrx_word' id='word_1_240' title='bbox 498 2617 721 2670; x_wconf 75' lang='grc' dir='ltr'><strong>ἀττεται</strong></span> <span class='ocrx_word' id='word_1_241' title='bbox 767 2618 824 2671; x_wconf 82' lang='grc' dir='ltr'><strong>δὲ</strong></span> <span class='ocrx_word' id='word_1_242' title='bbox 868 2618 1078 2689; x_wconf 79' lang='grc' dir='ltr'><strong>κυρίως</strong></span> <span class='ocrx_word' id='word_1_243' title='bbox 1147 2619 1247 2688; x_wconf 77' lang='grc' dir='ltr'><strong>μὲν</strong></span> <span class='ocrx_word' id='word_1_244' title='bbox 1280 2620 1375 2673; x_wconf 74' lang='grc' dir='ltr'><strong>ἐπὶ</strong></span> <span class='ocrx_word' id='word_1_245' title='bbox 1405 2620 1610 2675; x_wconf 82' lang='grc' dir='ltr'>καλοῦ·</span> <span class='ocrx_word' id='word_1_246' title='bbox 1648 2621 1914 2685; x_wconf 76' lang='grc' dir='ltr'><strong>πολλάκις</strong></span> <span class='ocrx_word' id='word_1_247' title='bbox 1960 2621 2038 2689; x_wconf 83' lang='grc' dir='ltr'><strong>δὲ,</strong></span> 
     </span>
    </p>
   </div>
   <div class='ocr_carea' id='block_1_42' title="bbox 442 2703 2041 2784">
    <p class='ocr_par' dir='ltr' id='par_1_42' title="bbox 442 2703 2041 2784">
     <span class='ocr_line' id='line_1_42' title="bbox 442 2703 2041 2784; baseline 0.003 -21"><span class='ocrx_word' id='word_1_248' title='bbox 442 2711 542 2763; x_wconf 73' lang='grc' dir='ltr'>ἐπὶ</span> <span class='ocrx_word' id='word_1_249' title='bbox 594 2709 793 2765; x_wconf 80' lang='grc' dir='ltr'>κακοῦ.</span> <span class='ocrx_word' id='word_1_250' title='bbox 827 2703 998 2774; x_wconf 70' lang='grc' dir='ltr'>Οὗτος</span> <span class='ocrx_word' id='word_1_251' title='bbox 1049 2712 1107 2765; x_wconf 78' lang='grc' dir='ltr'><strong>δὲ</strong></span> <span class='ocrx_word' id='word_1_252' title='bbox 1156 2714 1185 2766; x_wconf 85' lang='grc' dir='ltr'><strong>ὁ</strong></span> <span class='ocrx_word' id='word_1_253' title='bbox 1243 2712 1426 2784; x_wconf 87' lang='grc' dir='ltr'>στίχος</span> <span class='ocrx_word' id='word_1_254' title='bbox 1481 2714 1876 2784; x_wconf 77' lang='grc' dir='ltr'><strong>σαφηνιστικός</strong></span> <span class='ocrx_word' id='word_1_255' title='bbox 1920 2713 2041 2768; x_wconf 74' lang='grc' dir='ltr'>ἐστι</span> 
     </span>
    </p>
   </div>
   <div class='ocr_carea' id='block_1_43' title="bbox 438 2799 2041 2874">
    <p class='ocr_par' dir='ltr' id='par_1_43' title="bbox 438 2799 2041 2874">
     <span class='ocr_line' id='line_1_43' title="bbox 438 2799 2041 2874; baseline 0.002 -20"><span class='ocrx_word' id='word_1_256' title='bbox 438 2799 541 2854; x_wconf 83' lang='grc' dir='ltr'><strong>τοῦ</strong></span> <span class='ocrx_word' id='word_1_257' title='bbox 596 2799 841 2870; x_wconf 80' lang='grc' dir='ltr'>πρώτου,</span> <span class='ocrx_word' id='word_1_258' title='bbox 870 2804 964 2856; x_wconf 74' lang='grc' dir='ltr'>καὶ</span> <span class='ocrx_word' id='word_1_259' title='bbox 1008 2803 1264 2873; x_wconf 80' lang='grc' dir='ltr'><strong>συνῳδός.</strong></span> <span class='ocrx_word' id='word_1_260' title='bbox 1300 2805 1370 2858; x_wconf 89' lang='grc' dir='ltr'><strong>Ἦ</strong></span> <span class='ocrx_word' id='word_1_261' title='bbox 1401 2804 1498 2872; x_wconf 77' lang='grc' dir='ltr'><strong>Μὴ</strong></span> <span class='ocrx_word' id='word_1_262' title='bbox 1525 2804 1732 2874; x_wconf 77' lang='grc' dir='ltr'>ζηλοῦ,</span> <span class='ocrx_word' id='word_1_263' title='bbox 1763 2804 1885 2860; x_wconf 75' lang='grc' dir='ltr'><strong>ἀντὶ</strong></span> <span class='ocrx_word' id='word_1_264' title='bbox 1921 2804 2041 2871; x_wconf 86' lang='grc' dir='ltr'>τοῦ,</span> 
     </span>
    </p>
   </div>
   <div class='ocr_carea' id='block_1_44' title="bbox 440 2888 1600 2968">
    <p class='ocr_par' dir='ltr' id='par_1_44' title="bbox 440 2888 1600 2968">
     <span class='ocr_line' id='line_1_44' title="bbox 440 2888 1600 2968; baseline 0.004 -22"><span class='ocrx_word' id='word_1_265' title='bbox 440 2891 542 2962; x_wconf 72' lang='grc' dir='ltr'><strong>Μὴ</strong></span> <span class='ocrx_word' id='word_1_266' title='bbox 568 2893 845 2963; x_wconf 76' lang='grc' dir='ltr'><strong>μακάριζε</strong></span> <span class='ocrx_word' id='word_1_267' title='bbox 873 2893 1011 2965; x_wconf 79' lang='grc' dir='ltr'><strong>μηδὲ</strong></span> <span class='ocrx_word' id='word_1_268' title='bbox 1045 2888 1207 2967; x_wconf 61' lang='grc' dir='ltr'>εὔχου</span> <span class='ocrx_word' id='word_1_269' title='bbox 1233 2895 1600 2968; x_wconf 83' lang='grc' dir='ltr'><strong>ὁμοιωθῆναι.</strong></span> 
     </span>
    </p>
   </div>
   <div class='ocr_carea' id='block_1_45' title="bbox 2144 2248 3729 2323">
    <p class='ocr_par' dir='ltr' id='par_1_45' title="bbox 2144 2248 3729 2323">
     <span class='ocr_line' id='line_1_45' title="bbox 2144 2248 3729 2323; baseline -0.001 -17"><span class='ocrx_word' id='word_1_270' title='bbox 2144 2254 2371 2323; x_wconf 84' lang='lat' dir='ltr'><strong>quoties</strong></span> <span class='ocrx_word' id='word_1_271' title='bbox 2409 2266 2606 2321; x_wconf 75' lang='lat' dir='ltr'><strong>pravos</strong></span> <span class='ocrx_word' id='word_1_272' title='bbox 2664 2251 2850 2305; x_wconf 87' lang='lat' dir='ltr'><strong>vident</strong></span> <span class='ocrx_word' id='word_1_273' title='bbox 2901 2250 3146 2305; x_wconf 61' lang='lat' dir='ltr'><strong>externis</strong></span> <span class='ocrx_word' id='word_1_274' title='bbox 3180 2248 3333 2305; x_wconf 89' lang='lat' dir='ltr'><strong>hisce</strong></span> <span class='ocrx_word' id='word_1_275' title='bbox 3364 2248 3524 2304; x_wconf 87' lang='lat' dir='ltr'><strong>bouis</strong></span> <span class='ocrx_word' id='word_1_276' title='bbox 3551 2249 3729 2305; x_wconf 85' lang='lat' dir='ltr'><strong>abun-</strong></span> 
     </span>
    </p>
   </div>
   <div class='ocr_carea' id='block_1_46' title="bbox 2141 2341 3726 2415">
    <p class='ocr_par' dir='ltr' id='par_1_46' title="bbox 2141 2341 3726 2415">
     <span class='ocr_line' id='line_1_46' title="bbox 2141 2341 3726 2415; baseline -0.003 -14"><span class='ocrx_word' id='word_1_277' title='bbox 2141 2348 2296 2411; x_wconf 81' lang='lat' dir='ltr'><strong>dare,</strong></span> <span class='ocrx_word' id='word_1_278' title='bbox 2327 2345 2782 2415; x_wconf 68' lang='lat' dir='ltr'><strong>pusillanimitate</strong></span> <span class='ocrx_word' id='word_1_279' title='bbox 2803 2343 2978 2406; x_wconf 87' lang='lat' dir='ltr'><strong>ducti,</strong></span> <span class='ocrx_word' id='word_1_280' title='bbox 3006 2343 3073 2397; x_wconf 88' lang='lat' dir='ltr'><strong>ad</strong></span> <span class='ocrx_word' id='word_1_281' title='bbox 3109 2341 3327 2398; x_wconf 90' lang='lat' dir='ltr'><strong>illorum</strong></span> <span class='ocrx_word' id='word_1_282' title='bbox 3363 2341 3726 2397; x_wconf 89' lang='lat' dir='ltr'><strong>imitationem</strong></span> 
     </span>
    </p>
   </div>
   <div class='ocr_carea' id='block_1_47' title="bbox 2143 2434 3732 2505">
    <p class='ocr_par' dir='ltr' id='par_1_47' title="bbox 2143 2434 3732 2505">
     <span class='ocr_line' id='line_1_47' title="bbox 2143 2434 3732 2505; baseline -0.004 -11"><span class='ocrx_word' id='word_1_283' title='bbox 2143 2438 2460 2494; x_wconf 79' lang='lat' dir='ltr'><strong>incitantur.</strong></span> <span class='ocrx_word' id='word_1_284' title='bbox 2498 2437 2671 2503; x_wconf 85' lang='lat' dir='ltr'><strong>Quam</strong></span> <span class='ocrx_word' id='word_1_285' title='bbox 2730 2451 2843 2490; x_wconf 84' lang='lat' dir='ltr'><strong>rem</strong></span> <span class='ocrx_word' id='word_1_286' title='bbox 2897 2434 3164 2505; x_wconf 85' lang='lat' dir='ltr'><strong>Propheta</strong></span> <span class='ocrx_word' id='word_1_287' title='bbox 3237 2435 3402 2489; x_wconf 88' lang='lat' dir='ltr'><strong>veluti</strong></span> <span class='ocrx_word' id='word_1_288' title='bbox 3453 2435 3732 2504; x_wconf 80' lang='lat' dir='ltr'><strong>pernicio-</strong></span> 
     </span>
    </p>
   </div>
   <div class='ocr_carea' id='block_1_48' title="bbox 2143 2524 3726 2597">
    <p class='ocr_par' dir='ltr' id='par_1_48' title="bbox 2143 2524 3726 2597">
     <span class='ocr_line' id='line_1_48' title="bbox 2143 2524 3726 2597; baseline -0.004 -12"><span class='ocrx_word' id='word_1_289' title='bbox 2143 2545 2260 2585; x_wconf 84' lang='lat' dir='ltr'><strong>sam</strong></span> <span class='ocrx_word' id='word_1_290' title='bbox 2315 2530 2650 2585; x_wconf 87' lang='lat' dir='ltr'><strong>detestatur.</strong></span> <span class='ocrx_word' id='word_1_291' title='bbox 2695 2526 2790 2584; x_wconf 86' lang='lat' dir='ltr'><strong>Est</strong></span> <span class='ocrx_word' id='word_1_292' title='bbox 2831 2538 3013 2583; x_wconf 89' lang='lat' dir='ltr'><strong>autem</strong></span> <span class='ocrx_word' id='word_1_293' title='bbox 3068 2526 3346 2580; x_wconf 63' lang='lat' dir='ltr'><strong>aemulatio</strong></span> <span class='ocrx_word' id='word_1_294' title='bbox 3370 2524 3490 2597; x_wconf 78' lang='lat' dir='ltr'><strong>[seu</strong></span> <span class='ocrx_word' id='word_1_295' title='bbox 3542 2525 3726 2594; x_wconf 86' lang='lat' dir='ltr'><strong>potius</strong></span> 
     </span>
    </p>
   </div>
   <div class='ocr_carea' id='block_1_49' title="bbox 2137 2617 3724 2696">
    <p class='ocr_par' dir='ltr' id='par_1_49' title="bbox 2137 2617 3724 2696">
     <span class='ocr_line' id='line_1_49' title="bbox 2137 2617 3724 2696; baseline -0.003 -21"><span class='ocrx_word' id='word_1_296' title='bbox 2137 2623 2290 2696; x_wconf 80' lang='lat' dir='ltr'><strong>juxta</strong></span> <span class='ocrx_word' id='word_1_297' title='bbox 2335 2620 2576 2676; x_wconf 73' lang='lat' dir='ltr'><strong>Grmcam</strong></span> <span class='ocrx_word' id='word_1_298' title='bbox 2628 2622 2918 2683; x_wconf 86' lang='lat' dir='ltr'><strong>litteram.-</strong></span> <span class='ocrx_word' id='word_1_299' title='bbox 2948 2619 3122 2692; x_wconf 85' lang='lat' dir='ltr'><strong>zelus]</strong></span> <span class='ocrx_word' id='word_1_300' title='bbox 3175 2617 3451 2691; x_wconf 86' lang='lat' dir='ltr'><strong>appetitus</strong></span> <span class='ocrx_word' id='word_1_301' title='bbox 3500 2617 3724 2686; x_wconf 87' lang='lat' dir='ltr'><strong>quidam</strong></span> 
     </span>
    </p>
   </div>
   <div class='ocr_carea' id='block_1_50' title="bbox 2141 2711 3728 2783">
    <p class='ocr_par' dir='ltr' id='par_1_50' title="bbox 2141 2711 3728 2783">
     <span class='ocr_line' id='line_1_50' title="bbox 2141 2711 3728 2783; baseline -0.003 -15"><span class='ocrx_word' id='word_1_302' title='bbox 2141 2713 2456 2783; x_wconf 87' lang='lat' dir='ltr'><strong>possidendi</strong></span> <span class='ocrx_word' id='word_1_303' title='bbox 2484 2715 2688 2770; x_wconf 87' lang='lat' dir='ltr'><strong>bonum</strong></span> <span class='ocrx_word' id='word_1_304' title='bbox 2722 2714 2883 2778; x_wconf 85' lang='lat' dir='ltr'><strong>illud,</strong></span> <span class='ocrx_word' id='word_1_305' title='bbox 2916 2712 3061 2783; x_wconf 89' lang='lat' dir='ltr'><strong>quod</strong></span> <span class='ocrx_word' id='word_1_306' title='bbox 3090 2712 3219 2782; x_wconf 89' lang='lat' dir='ltr'><strong>quis</strong></span> <span class='ocrx_word' id='word_1_307' title='bbox 3243 2711 3389 2767; x_wconf 85' lang='lat' dir='ltr'><strong>videt</strong></span> <span class='ocrx_word' id='word_1_308' title='bbox 3423 2711 3477 2764; x_wconf 89' lang='lat' dir='ltr'><strong>in</strong></span> <span class='ocrx_word' id='word_1_309' title='bbox 3509 2711 3728 2773; x_wconf 88' lang='lat' dir='ltr'><strong>alio;et</strong></span> 
     </span>
    </p>
   </div>
   <div class='ocr_carea' id='block_1_51' title="bbox 2141 2804 3728 2876">
    <p class='ocr_par' dir='ltr' id='par_1_51' title="bbox 2141 2804 3728 2876">
     <span class='ocr_line' id='line_1_51' title="bbox 2141 2804 3728 2876; baseline -0.003 -17"><span class='ocrx_word' id='word_1_310' title='bbox 2141 2806 2365 2876; x_wconf 86' lang='lat' dir='ltr'><strong>proprie</strong></span> <span class='ocrx_word' id='word_1_311' title='bbox 2420 2807 2644 2876; x_wconf 87' lang='lat' dir='ltr'><strong>quidem</strong></span> <span class='ocrx_word' id='word_1_312' title='bbox 2691 2806 2915 2875; x_wconf 88' lang='lat' dir='ltr'><strong>ponitur</strong></span> <span class='ocrx_word' id='word_1_313' title='bbox 2966 2805 3021 2859; x_wconf 91' lang='lat' dir='ltr'><strong>in</strong></span> <span class='ocrx_word' id='word_1_314' title='bbox 3067 2804 3297 2869; x_wconf 85' lang='lat' dir='ltr'><strong>bonum,</strong></span> <span class='ocrx_word' id='word_1_315' title='bbox 3351 2817 3728 2873; x_wconf 69' lang='lat' dir='ltr'><strong>saepenumero</strong></span> 
     </span>
    </p>
   </div>
   <div class='ocr_carea' id='block_1_52' title="bbox 2140 2887 3725 2965">
    <p class='ocr_par' dir='ltr' id='par_1_52' title="bbox 2140 2887 3725 2965">
     <span class='ocr_line' id='line_1_52' title="bbox 2140 2887 3725 2965; baseline -0.001 -14"><span class='ocrx_word' id='word_1_316' title='bbox 2140 2897 2308 2952; x_wconf 89' lang='lat' dir='ltr'><strong>etiam</strong></span> <span class='ocrx_word' id='word_1_317' title='bbox 2334 2897 2392 2952; x_wconf 91' lang='lat' dir='ltr'><strong>in</strong></span> <span class='ocrx_word' id='word_1_318' title='bbox 2421 2897 2651 2952; x_wconf 88' lang='lat' dir='ltr'><strong>malum.</strong></span> <span class='ocrx_word' id='word_1_319' title='bbox 2686 2887 3008 2952; x_wconf 75' lang='lat' dir='ltr'><strong>Versiculus</strong></span> <span class='ocrx_word' id='word_1_320' title='bbox 3040 2909 3168 2950; x_wconf 84' lang='lat' dir='ltr'><strong>vero</strong></span> <span class='ocrx_word' id='word_1_321' title='bbox 3200 2895 3306 2949; x_wconf 83' lang='lat' dir='ltr'><strong>iste</strong></span> <span class='ocrx_word' id='word_1_322' title='bbox 3344 2895 3598 2965; x_wconf 80' lang='lat' dir='ltr'><strong>proxime</strong></span> <span class='ocrx_word' id='word_1_323' title='bbox 3627 2911 3725 2950; x_wconf 89' lang='lat' dir='ltr'><strong>su-</strong></span> 
     </span>
    </p>
   </div>
   <div class='ocr_carea' id='block_1_53' title="bbox 438 2989 3713 3066">
    <p class='ocr_par' dir='ltr' id='par_1_53' title="bbox 438 2989 3713 3066">
     <span class='ocr_line' id='line_1_53' title="bbox 438 2989 3713 3066; baseline 0.001 -23"><span class='ocrx_word' id='word_1_324' title='bbox 438 2989 718 3059; x_wconf 86' lang='lat' dir='ltr'><strong>periorem</strong></span> <span class='ocrx_word' id='word_1_325' title='bbox 764 2992 1099 3050; x_wconf 82' lang='lat' dir='ltr'><strong>versiculum</strong></span> <span class='ocrx_word' id='word_1_326' title='bbox 1136 2994 1407 3062; x_wconf 86' lang='lat' dir='ltr'><strong>declarat,</strong></span> <span class='ocrx_word' id='word_1_327' title='bbox 1445 3001 1609 3065; x_wconf 83' lang='lat' dir='ltr'><strong>atque</strong></span> <span class='ocrx_word' id='word_1_328' title='bbox 1646 2993 1892 3066; x_wconf 81' lang='lat' dir='ltr'><strong>ejusdem</strong></span> <span class='ocrx_word' id='word_1_329' title='bbox 1930 2998 2019 3057; x_wconf 81' lang='lat' dir='ltr'><strong>est</strong></span> <span class='ocrx_word' id='word_1_330' title='bbox 2054 3005 2251 3050; x_wconf 86' lang='lat' dir='ltr'><strong>sensus</strong></span> <span class='ocrx_word' id='word_1_331' title='bbox 2289 3007 2415 3048; x_wconf 85' lang='lat' dir='ltr'><strong>cum</strong></span> <span class='ocrx_word' id='word_1_332' title='bbox 2472 2993 2589 3049; x_wconf 90' lang='lat' dir='ltr'><strong>illo.</strong></span> <span class='ocrx_word' id='word_1_333' title='bbox 2628 2990 2726 3049; x_wconf 81' lang='lat' dir='ltr'><strong>Vel</strong></span> <span class='ocrx_word' id='word_1_334' title='bbox 2769 2990 2853 3047; x_wconf 90' lang='lat' dir='ltr'><strong>Ne</strong></span> <span class='ocrx_word' id='word_1_335' title='bbox 2914 2990 3202 3057; x_wconf 65' lang='lat' dir='ltr'><strong>(emutatis,</strong></span> <span class='ocrx_word' id='word_1_336' title='bbox 3226 2990 3332 3047; x_wconf 91' lang='lat' dir='ltr'><strong>hoc</strong></span> <span class='ocrx_word' id='word_1_337' title='bbox 3390 2999 3524 3048; x_wconf 90' lang='lat' dir='ltr'><strong>est:</strong></span> <span class='ocrx_word' id='word_1_338' title='bbox 3584 2989 3713 3047; x_wconf 85' lang='lat' dir='ltr'><strong>Noli</strong></span> 
     </span>
    </p>
   </div>
   <div class='ocr_carea' id='block_1_54' title="bbox 437 3084 1957 3156">
    <p class='ocr_par' dir='ltr' id='par_1_54' title="bbox 437 3084 1957 3156">
     <span class='ocr_line' id='line_1_54' title="bbox 437 3084 1957 3156; baseline 0.003 -20"><span class='ocrx_word' id='word_1_339' title='bbox 437 3084 637 3143; x_wconf 83' lang='lat' dir='ltr'><strong>beatos</strong></span> <span class='ocrx_word' id='word_1_340' title='bbox 660 3098 755 3139; x_wconf 90' lang='lat' dir='ltr'><strong>eos</strong></span> <span class='ocrx_word' id='word_1_341' title='bbox 783 3084 992 3151; x_wconf 87' lang='lat' dir='ltr'><strong>dicere,</strong></span> <span class='ocrx_word' id='word_1_342' title='bbox 1018 3101 1121 3140; x_wconf 85' lang='lat' dir='ltr'><strong>nec</strong></span> <span class='ocrx_word' id='word_1_343' title='bbox 1141 3087 1382 3156; x_wconf 88' lang='lat' dir='ltr'><strong>precari,</strong></span> <span class='ocrx_word' id='word_1_344' title='bbox 1414 3095 1474 3142; x_wconf 91' lang='lat' dir='ltr'><strong>ut</strong></span> <span class='ocrx_word' id='word_1_345' title='bbox 1499 3088 1698 3144; x_wconf 88' lang='lat' dir='ltr'><strong>similis</strong></span> <span class='ocrx_word' id='word_1_346' title='bbox 1718 3088 1801 3143; x_wconf 89' lang='lat' dir='ltr'><strong>eis</strong></span> <span class='ocrx_word' id='word_1_347' title='bbox 1832 3088 1957 3142; x_wconf 78' lang='lat' dir='ltr'><strong>(ias.</strong></span> 
     </span>
    </p>
   </div>
   <div class='ocr_carea' id='block_1_55' title="bbox 515 3175 2031 3265">
    <p class='ocr_par' dir='ltr' id='par_1_55' title="bbox 515 3175 2031 3265">
     <span class='ocr_line' id='line_1_55' title="bbox 515 3175 2031 3265; baseline 0.002 -38"><span class='ocrx_word' id='word_1_348' title='bbox 515 3175 639 3228; x_wconf 88' lang='grc' dir='ltr'><strong>Ὅτι</strong></span> <span class='ocrx_word' id='word_1_349' title='bbox 662 3175 809 3265; x_wconf 60' lang='lat' dir='ltr'><strong>(basi</strong></span> <span class='ocrx_word' id='word_1_350' title='bbox 832 3177 1046 3245; x_wconf 77' lang='grc' dir='ltr'>χόρτος</span> <span class='ocrx_word' id='word_1_351' title='bbox 1062 3176 1693 3246; x_wconf 68' lang='grc' dir='ltr'><strong>ἀποξηρανθήσονται.</strong></span> <span class='ocrx_word' id='word_1_352' title='bbox 1732 3178 1827 3251; x_wconf 78' lang='grc' dir='ltr'><strong>Μὴ</strong></span> <span class='ocrx_word' id='word_1_353' title='bbox 1879 3178 2031 3248; x_wconf 75' lang='grc' dir='ltr'><strong>ἔχον-</strong></span> 
     </span>
    </p>
   </div>
   <div class='ocr_carea' id='block_1_56' title="bbox 437 3265 1007 3339">
    <p class='ocr_par' dir='ltr' id='par_1_56' title="bbox 437 3265 1007 3339">
     <span class='ocr_line' id='line_1_56' title="bbox 437 3265 1007 3339; baseline 0.002 -19"><span class='ocrx_word' id='word_1_354' title='bbox 437 3283 537 3337; x_wconf 64' lang='grc' dir='ltr'><strong>⁴τες</strong></span> <span class='ocrx_word' id='word_1_355' title='bbox 563 3265 720 3339; x_wconf 73' lang='grc' dir='ltr'>ῥίζαν</span> <span class='ocrx_word' id='word_1_356' title='bbox 753 3267 1007 3338; x_wconf 75' lang='grc' dir='ltr'>ἰσχυράν.</span> 
     </span>
    </p>
   </div>
   <div class='ocr_carea' id='block_1_57' title="bbox 514 3354 2111 3432">
    <p class='ocr_par' dir='ltr' id='par_1_57' title="bbox 514 3354 2111 3432">
     <span class='ocr_line' id='line_1_57' title="bbox 514 3354 2111 3432; baseline 0.001 -16"><span class='ocrx_word' id='word_1_357' title='bbox 514 3354 628 3416; x_wconf 75' lang='lat' dir='ltr'><strong>Kal</strong></span> <span class='ocrx_word' id='word_1_358' title='bbox 661 3360 806 3429; x_wconf 75' lang='grc' dir='ltr'>ὡσεὶ</span> <span class='ocrx_word' id='word_1_359' title='bbox 835 3359 1081 3430; x_wconf 69' lang='grc' dir='ltr'><strong>λάχανα</strong></span> <span class='ocrx_word' id='word_1_360' title='bbox 1114 3362 1307 3432; x_wconf 76' lang='grc' dir='ltr'><strong>χλόης</strong></span> <span class='ocrx_word' id='word_1_361' title='bbox 1337 3361 1492 3431; x_wconf 84' lang='grc' dir='ltr'><strong>ταχὺ</strong></span> <span class='ocrx_word' id='word_1_362' title='bbox 1550 3362 2029 3419; x_wconf 73' lang='grc' dir='ltr'>ἁποπεσοῦνται.</span> <span class='ocrx_word' id='word_1_363' title='bbox 2104 3396 2111 3403; x_wconf 79' lang='grc' dir='ltr'><strong>ο</strong></span> 
     </span>
    </p>
   </div>
   <div class='ocr_carea' id='block_1_58' title="bbox 440 3438 2026 3522">
    <p class='ocr_par' dir='ltr' id='par_1_58' title="bbox 440 3438 2026 3522">
     <span class='ocr_line' id='line_1_58' title="bbox 440 3438 2026 3522; baseline 0.001 -19"><span class='ocrx_word' id='word_1_364' title='bbox 440 3448 521 3503; x_wconf 80' lang='grc' dir='ltr'><strong>τὸ</strong></span> <span class='ocrx_word' id='word_1_365' title='bbox 548 3438 689 3502; x_wconf 76' lang='grc' dir='ltr'>αὐτὸ</span> <span class='ocrx_word' id='word_1_366' title='bbox 732 3448 900 3502; x_wconf 79' lang='grc' dir='ltr'>πάλιν</span> <span class='ocrx_word' id='word_1_367' title='bbox 932 3449 1104 3518; x_wconf 84' lang='grc' dir='ltr'>δηλοῖ.</span> <span class='ocrx_word' id='word_1_368' title='bbox 1139 3451 1363 3520; x_wconf 78' lang='grc' dir='ltr'>Λάχανσ</span> <span class='ocrx_word' id='word_1_369' title='bbox 1414 3451 1471 3505; x_wconf 77' lang='grc' dir='ltr'><strong>δὲ</strong></span> <span class='ocrx_word' id='word_1_370' title='bbox 1522 3449 1708 3522; x_wconf 78' lang='grc' dir='ltr'>χλόης,</span> <span class='ocrx_word' id='word_1_371' title='bbox 1736 3453 1861 3506; x_wconf 79' lang='grc' dir='ltr'>ἀντὶ</span> <span class='ocrx_word' id='word_1_372' title='bbox 1908 3452 2026 3519; x_wconf 82' lang='grc' dir='ltr'>τοῦ,</span> 
     </span>
    </p>
   </div>
   <div class='ocr_carea' id='block_1_59' title="bbox 2200 3152 3719 3235">
    <p class='ocr_par' dir='ltr' id='par_1_59' title="bbox 2200 3152 3719 3235">
     <span class='ocr_line' id='line_1_59' title="bbox 2200 3152 3719 3235; baseline -0.001 -8"><span class='ocrx_word' id='word_1_373' title='bbox 2200 3170 2372 3227; x_wconf 73' lang='lat' dir='ltr'><strong>Vsus.</strong></span> <span class='ocrx_word' id='word_1_374' title='bbox 2399 3152 2457 3224; x_wconf 69' lang='lat'><strong>2.</strong></span> <span class='ocrx_word' id='word_1_375' title='bbox 2504 3168 2772 3235; x_wconf 82' lang='lat' dir='ltr'><strong>Quoniam</strong></span> <span class='ocrx_word' id='word_1_376' title='bbox 2805 3169 2944 3223; x_wconf 88' lang='lat' dir='ltr'><strong>sicut</strong></span> <span class='ocrx_word' id='word_1_377' title='bbox 2988 3167 3175 3233; x_wconf 83' lang='lat' dir='ltr'><strong>herba,</strong></span> <span class='ocrx_word' id='word_1_378' title='bbox 3241 3168 3351 3223; x_wconf 83' lang='lat' dir='ltr'><strong>cito</strong></span> <span class='ocrx_word' id='word_1_379' title='bbox 3396 3179 3719 3225; x_wconf 67' lang='lat' dir='ltr'><strong>exarescent.</strong></span> 
     </span>
    </p>
   </div>
   <div class='ocr_carea' id='block_1_60' title="bbox 2127 3259 3360 3321">
    <p class='ocr_par' dir='ltr' id='par_1_60' title="bbox 2127 3259 3360 3321">
     <span class='ocr_line' id='line_1_60' title="bbox 2127 3259 3360 3321; baseline -0.005 -1"><span class='ocrx_word' id='word_1_380' title='bbox 2127 3264 2247 3321; x_wconf 87' lang='lat' dir='ltr'><strong>Non</strong></span> <span class='ocrx_word' id='word_1_381' title='bbox 2274 3262 2542 3316; x_wconf 82' lang='lat' dir='ltr'><strong>habentes</strong></span> <span class='ocrx_word' id='word_1_382' title='bbox 2575 3260 2789 3314; x_wconf 86' lang='lat' dir='ltr'><strong>scilicet</strong></span> <span class='ocrx_word' id='word_1_383' title='bbox 2818 3260 3059 3314; x_wconf 87' lang='lat' dir='ltr'><strong>radicem</strong></span> <span class='ocrx_word' id='word_1_384' title='bbox 3095 3259 3360 3315; x_wconf 89' lang='lat' dir='ltr'><strong>validam.</strong></span> 
     </span>
    </p>
   </div>
   <div class='ocr_carea' id='block_1_61' title="bbox 2194 3350 3723 3426">
    <p class='ocr_par' dir='ltr' id='par_1_61' title="bbox 2194 3350 3723 3426">
     <span class='ocr_line' id='line_1_61' title="bbox 2194 3350 3723 3426; baseline -0.002 -17"><span class='ocrx_word' id='word_1_385' title='bbox 2194 3357 2264 3409; x_wconf 83' lang='lat' dir='ltr'><strong>Et</strong></span> <span class='ocrx_word' id='word_1_386' title='bbox 2293 3353 2451 3426; x_wconf 84' lang='lat' dir='ltr'><strong>quasi</strong></span> <span class='ocrx_word' id='word_1_387' title='bbox 2486 3353 2633 3408; x_wconf 85' lang='lat' dir='ltr'><strong>olera</strong></span> <span class='ocrx_word' id='word_1_388' title='bbox 2657 3351 2941 3405; x_wconf 81' lang='lat' dir='ltr'><strong>herbarum</strong></span> <span class='ocrx_word' id='word_1_389' title='bbox 2978 3352 3085 3405; x_wconf 82' lang='lat' dir='ltr'><strong>cito</strong></span> <span class='ocrx_word' id='word_1_390' title='bbox 3107 3350 3370 3406; x_wconf 75' lang='lat' dir='ltr'><strong>desident.</strong></span> <span class='ocrx_word' id='word_1_391' title='bbox 3400 3350 3550 3407; x_wconf 85' lang='lat' dir='ltr'><strong>Idem</strong></span> <span class='ocrx_word' id='word_1_392' title='bbox 3591 3368 3723 3407; x_wconf 80' lang='lat' dir='ltr'><strong>rur-</strong></span> 
     </span>
    </p>
   </div>
   <div class='ocr_carea' id='block_1_62' title="bbox 2131 3442 3724 3518">
    <p class='ocr_par' dir='ltr' id='par_1_62' title="bbox 2131 3442 3724 3518">
     <span class='ocr_line' id='line_1_62' title="bbox 2131 3442 3724 3518; baseline -0.004 -12"><span class='ocrx_word' id='word_1_393' title='bbox 2131 3464 2232 3506; x_wconf 86' lang='lat' dir='ltr'><strong>sus</strong></span> <span class='ocrx_word' id='word_1_394' title='bbox 2267 3446 2488 3518; x_wconf 89' lang='lat' dir='ltr'><strong>repetit.</strong></span> <span class='ocrx_word' id='word_1_395' title='bbox 2533 3444 2695 3501; x_wconf 88' lang='lat' dir='ltr'><strong>Olera</strong></span> <span class='ocrx_word' id='word_1_396' title='bbox 2731 3451 2917 3498; x_wconf 88' lang='lat' dir='ltr'><strong>autem</strong></span> <span class='ocrx_word' id='word_1_397' title='bbox 2952 3442 3250 3497; x_wconf 84' lang='lat' dir='ltr'><strong>herbarum</strong></span> <span class='ocrx_word' id='word_1_398' title='bbox 3291 3442 3427 3498; x_wconf 75' lang='lat' dir='ltr'><strong>dixit</strong></span> <span class='ocrx_word' id='word_1_399' title='bbox 3458 3458 3560 3514; x_wconf 90' lang='lat' dir='ltr'><strong>pro</strong></span> <span class='ocrx_word' id='word_1_400' title='bbox 3585 3443 3724 3513; x_wconf 86' lang='lat' dir='ltr'><strong>ipsis</strong></span> 
     </span>
    </p>
   </div>
   <div class='ocr_carea' id='block_1_63' title="bbox 440 3534 2037 3640">
    <p class='ocr_par' dir='ltr' id='par_1_63' title="bbox 440 3539 2027 3619">
     <span class='ocr_line' id='line_1_63' title="bbox 440 3539 2027 3619; baseline 0.005 -27"><span class='ocrx_word' id='word_1_401' title='bbox 440 3539 767 3619; x_wconf 76' lang='grc' dir='ltr'>χλοάςοντα,</span> <span class='ocrx_word' id='word_1_402' title='bbox 796 3541 895 3605; x_wconf 74' lang='grc' dir='ltr'><strong>καὶ</strong></span> <span class='ocrx_word' id='word_1_403' title='bbox 928 3541 1215 3608; x_wconf 78' lang='grc' dir='ltr'><strong>θάλλοντα,</strong></span> <span class='ocrx_word' id='word_1_404' title='bbox 1250 3543 1283 3614; x_wconf 76' lang='grc' dir='ltr'>ἦ</span> <span class='ocrx_word' id='word_1_405' title='bbox 1318 3544 1387 3598; x_wconf 75' lang='grc' dir='ltr'>τὰ</span> <span class='ocrx_word' id='word_1_406' title='bbox 1419 3543 1549 3597; x_wconf 77' lang='grc' dir='ltr'>ὄντα</span> <span class='ocrx_word' id='word_1_407' title='bbox 1581 3545 1678 3599; x_wconf 86' lang='grc' dir='ltr'><strong>τοῦ</strong></span> <span class='ocrx_word' id='word_1_408' title='bbox 1704 3544 1898 3614; x_wconf 81' lang='grc' dir='ltr'>γένους</span> <span class='ocrx_word' id='word_1_409' title='bbox 1925 3547 2027 3618; x_wconf 77' lang='grc' dir='ltr'><strong>τῆς</strong></span> 
     </span>
    </p>
   </div>
   <div class='ocr_carea' id='block_1_64' title="bbox 2136 3534 3724 3640">
    <p class='ocr_par' dir='ltr' id='par_1_64' title="bbox 2136 3534 3724 3606">
     <span class='ocr_line' id='line_1_64' title="bbox 2136 3534 3724 3606; baseline -0.004 -10"><span class='ocrx_word' id='word_1_410' title='bbox 2136 3540 2342 3606; x_wconf 81' lang='lat' dir='ltr'><strong>herbis,</strong></span> <span class='ocrx_word' id='word_1_411' title='bbox 2402 3537 2544 3595; x_wconf 86' lang='lat' dir='ltr'><strong>vivis</strong></span> <span class='ocrx_word' id='word_1_412' title='bbox 2593 3536 2854 3591; x_wconf 89' lang='lat' dir='ltr'><strong>nimirum</strong></span> <span class='ocrx_word' id='word_1_413' title='bbox 2913 3549 2978 3590; x_wconf 88' lang='lat' dir='ltr'><strong>ac</strong></span> <span class='ocrx_word' id='word_1_414' title='bbox 3001 3535 3334 3598; x_wconf 85' lang='lat' dir='ltr'><strong>virentibus,</strong></span> <span class='ocrx_word' id='word_1_415' title='bbox 3398 3534 3485 3589; x_wconf 90' lang='lat' dir='ltr'><strong>vel</strong></span> <span class='ocrx_word' id='word_1_416' title='bbox 3525 3550 3626 3604; x_wconf 91' lang='lat' dir='ltr'><strong>pro</strong></span> <span class='ocrx_word' id='word_1_417' title='bbox 3652 3534 3724 3590; x_wconf 87' lang='lat' dir='ltr'><strong>iis</strong></span> 
     </span>
    </p>
   </div>
   <div class='ocr_carea' id='block_1_65' title="bbox 440 3632 1696 3708">
    <p class='ocr_par' dir='ltr' id='par_1_65' title="bbox 440 3632 1696 3708">
     <span class='ocr_line' id='line_1_65' title="bbox 440 3632 1696 3708; baseline 0.005 -23"><span class='ocrx_word' id='word_1_418' title='bbox 440 3632 633 3704; x_wconf 75' lang='grc' dir='ltr'>χλόης.</span> <span class='ocrx_word' id='word_1_419' title='bbox 665 3632 858 3689; x_wconf 83' lang='grc' dir='ltr'>Ταῦτα</span> <span class='ocrx_word' id='word_1_420' title='bbox 887 3633 1415 3706; x_wconf 62' lang='grc' dir='ltr'><strong>γὰριξηραινόμενα,</strong></span> <span class='ocrx_word' id='word_1_421' title='bbox 1446 3637 1696 3708; x_wconf 73' lang='grc' dir='ltr'>ὑπορρεῖ.</span> 
     </span>
    </p>
   </div>
   <div class='ocr_carea' id='block_1_66' title="bbox 517 3813 2029 3890">
    <p class='ocr_par' dir='ltr' id='par_1_66' title="bbox 517 3813 2029 3890">
     <span class='ocr_line' id='line_1_66' title="bbox 517 3813 2029 3890; baseline 0.001 -24"><span class='ocrx_word' id='word_1_422' title='bbox 517 3814 820 3869; x_wconf 72' lang='grc' dir='ltr'>Ἐλπισον</span> <span class='ocrx_word' id='word_1_423' title='bbox 862 3813 970 3890; x_wconf 60' lang='grc' dir='ltr'>ρπι</span> <span class='ocrx_word' id='word_1_424' title='bbox 1001 3813 1222 3882; x_wconf 78' lang='grc' dir='ltr'>Κύριον</span> <span class='ocrx_word' id='word_1_425' title='bbox 1262 3813 1365 3868; x_wconf 72' lang='grc' dir='ltr'><strong>καὶ</strong></span> <span class='ocrx_word' id='word_1_426' title='bbox 1423 3815 1581 3869; x_wconf 79' lang='grc' dir='ltr'>ποίει</span> <span class='ocrx_word' id='word_1_427' title='bbox 1622 3815 2029 3885; x_wconf 80' lang='grc' dir='ltr'><strong>χρηστότητα.</strong></span> 
     </span>
    </p>
   </div>
   <div class='ocr_carea' id='block_1_67' title="bbox 442 3904 2032 3978">
    <p class='ocr_par' dir='ltr' id='par_1_67' title="bbox 442 3904 2032 3978">
     <span class='ocr_line' id='line_1_67' title="bbox 442 3904 2032 3978; baseline -0.001 -19"><span class='ocrx_word' id='word_1_428' title='bbox 442 3904 731 3971; x_wconf 64' lang='grc' dir='ltr'>Ἥπισον,</span> <span class='ocrx_word' id='word_1_429' title='bbox 771 3907 940 3963; x_wconf 84' lang='grc' dir='ltr'><strong>ὅτιοῦ</strong></span> <span class='ocrx_word' id='word_1_430' title='bbox 966 3905 1287 3978; x_wconf 72' lang='grc' dir='ltr'>περιόψεται</span> <span class='ocrx_word' id='word_1_431' title='bbox 1332 3907 1461 3971; x_wconf 85' lang='grc' dir='ltr'>τοὺς</span> <span class='ocrx_word' id='word_1_432' title='bbox 1516 3906 1720 3970; x_wconf 80' lang='grc' dir='ltr'>πόνους</span> <span class='ocrx_word' id='word_1_433' title='bbox 1761 3905 1872 3961; x_wconf 84' lang='grc' dir='ltr'>τῶν</span> <span class='ocrx_word' id='word_1_434' title='bbox 1907 3906 2032 3958; x_wconf 67' lang='grc' dir='ltr'><strong>ἐνα-</strong></span> 
     </span>
    </p>
   </div>
   <div class='ocr_carea' id='block_1_68' title="bbox 447 3994 2031 4070">
    <p class='ocr_par' dir='ltr' id='par_1_68' title="bbox 447 3994 2031 4070">
     <span class='ocr_line' id='line_1_68' title="bbox 447 3994 2031 4070; baseline 0 -20"><span class='ocrx_word' id='word_1_435' title='bbox 447 3996 650 4068; x_wconf 77' lang='grc' dir='ltr'>ρέτων,</span> <span class='ocrx_word' id='word_1_436' title='bbox 679 3999 776 4053; x_wconf 80' lang='grc' dir='ltr'>καὶ</span> <span class='ocrx_word' id='word_1_437' title='bbox 824 3998 987 4068; x_wconf 80' lang='grc' dir='ltr'>μόνον</span> <span class='ocrx_word' id='word_1_438' title='bbox 1016 3999 1256 4070; x_wconf 75' lang='grc' dir='ltr'>ἐργάζου</span> <span class='ocrx_word' id='word_1_439' title='bbox 1281 3998 1341 4051; x_wconf 85' lang='grc' dir='ltr'>τὸ</span> <span class='ocrx_word' id='word_1_440' title='bbox 1373 3996 1571 4052; x_wconf 79' lang='grc' dir='ltr'>καλόνο</span> <span class='ocrx_word' id='word_1_441' title='bbox 1602 3996 1765 4054; x_wconf 85' lang='grc' dir='ltr'>τοῦτο</span> <span class='ocrx_word' id='word_1_442' title='bbox 1794 3996 1904 4066; x_wconf 74' lang='grc' dir='ltr'>γὰρ</span> <span class='ocrx_word' id='word_1_443' title='bbox 1933 3994 2031 4050; x_wconf 84' lang='grc' dir='ltr'>νῦν</span> 
     </span>
    </p>
   </div>
   <div class='ocr_carea' id='block_1_69' title="bbox 442 4091 1132 4161">
    <p class='ocr_par' dir='ltr' id='par_1_69' title="bbox 442 4091 1132 4161">
     <span class='ocr_line' id='line_1_69' title="bbox 442 4091 1132 4161; baseline 0.004 -18"><span class='ocrx_word' id='word_1_444' title='bbox 442 4091 475 4161; x_wconf 55' lang='grc' dir='ltr'><strong>ἡ</strong></span> <span class='ocrx_word' id='word_1_445' title='bbox 503 4091 818 4161; x_wconf 79' lang='grc' dir='ltr'>χρηστότης</span> <span class='ocrx_word' id='word_1_446' title='bbox 850 4091 1132 4160; x_wconf 77' lang='grc' dir='ltr'>σημαίνει.</span> 
     </span>
    </p>
   </div>
   <div class='ocr_carea' id='block_1_70' title="bbox 513 4182 2027 4255">
    <p class='ocr_par' dir='ltr' id='par_1_70' title="bbox 513 4182 2027 4255">
     <span class='ocr_line' id='line_1_70' title="bbox 513 4182 2027 4255; baseline -0.001 -16"><span class='ocrx_word' id='word_1_447' title='bbox 513 4183 626 4239; x_wconf 87' lang='lat' dir='ltr'><strong>Kal</strong></span> <span class='ocrx_word' id='word_1_448' title='bbox 656 4182 1051 4251; x_wconf 72' lang='grc' dir='ltr'><strong>κατασκήνου</strong></span> <span class='ocrx_word' id='word_1_449' title='bbox 1070 4182 1188 4253; x_wconf 76' lang='grc' dir='ltr'><strong>τὴν</strong></span> <span class='ocrx_word' id='word_1_450' title='bbox 1219 4182 1359 4255; x_wconf 67' lang='grc' dir='ltr'><strong>γῆν.</strong></span> <span class='ocrx_word' id='word_1_451' title='bbox 1391 4183 1551 4239; x_wconf 78' lang='grc' dir='ltr'>Οὕτω</span> <span class='ocrx_word' id='word_1_452' title='bbox 1578 4184 1635 4238; x_wconf 82' lang='grc' dir='ltr'><strong>δὲ</strong></span> <span class='ocrx_word' id='word_1_453' title='bbox 1667 4184 1859 4249; x_wconf 84' lang='grc' dir='ltr'>ποιῶν,</span> <span class='ocrx_word' id='word_1_454' title='bbox 1890 4184 2027 4254; x_wconf 72' lang='grc' dir='ltr'><strong>ἀφό-</strong></span> 
     </span>
    </p>
   </div>
   <div class='ocr_carea' id='block_1_71' title="bbox 437 4277 1849 4348">
    <p class='ocr_par' dir='ltr' id='par_1_71' title="bbox 437 4277 1849 4348">
     <span class='ocr_line' id='line_1_71' title="bbox 437 4277 1849 4348; baseline 0 -17"><span class='ocrx_word' id='word_1_455' title='bbox 437 4278 558 4340; x_wconf 72' lang='grc' dir='ltr'><strong>ϐως</strong></span> <span class='ocrx_word' id='word_1_456' title='bbox 588 4278 934 4348; x_wconf 75' lang='grc' dir='ltr'><strong>κατασκήνω</strong></span> <span class='ocrx_word' id='word_1_457' title='bbox 954 4292 969 4307; x_wconf 84' lang='lat'><strong><em>°</em></strong></span> <span class='ocrx_word' id='word_1_458' title='bbox 999 4277 1091 4345; x_wconf 68' lang='grc' dir='ltr'>τὸν</span> <span class='ocrx_word' id='word_1_459' title='bbox 1120 4277 1255 4331; x_wconf 83' lang='grc' dir='ltr'><strong>Θεὸν</strong></span> <span class='ocrx_word' id='word_1_460' title='bbox 1287 4277 1398 4347; x_wconf 80' lang='grc' dir='ltr'>γὰρ</span> <span class='ocrx_word' id='word_1_461' title='bbox 1426 4277 1574 4348; x_wconf 71' lang='grc' dir='ltr'><strong>ἔχεις</strong></span> <span class='ocrx_word' id='word_1_462' title='bbox 1607 4278 1849 4346; x_wconf 78' lang='grc' dir='ltr'>φύλακα.</span> 
     </span>
    </p>
   </div>
   <div class='ocr_carea' id='block_1_72' title="bbox 515 4454 2034 4525">
    <p class='ocr_par' dir='ltr' id='par_1_72' title="bbox 515 4454 2034 4525">
     <span class='ocr_line' id='line_1_72' title="bbox 515 4454 2034 4525; baseline -0.001 -14"><span class='ocrx_word' id='word_1_463' title='bbox 515 4456 627 4511; x_wconf 84' lang='lat' dir='ltr'><strong>Kal</strong></span> <span class='ocrx_word' id='word_1_464' title='bbox 652 4454 992 4525; x_wconf 70' lang='grc' dir='ltr'><strong>ποιμανθῇς</strong></span> <span class='ocrx_word' id='word_1_465' title='bbox 1018 4454 1118 4509; x_wconf 73' lang='grc' dir='ltr'><strong>ἐπὶ</strong></span> <span class='ocrx_word' id='word_1_466' title='bbox 1153 4455 1235 4521; x_wconf 83' lang='grc' dir='ltr'><strong>τῷ</strong></span> <span class='ocrx_word' id='word_1_467' title='bbox 1264 4455 1508 4519; x_wconf 76' lang='grc' dir='ltr'>πλούτῳ</span> <span class='ocrx_word' id='word_1_468' title='bbox 1535 4454 1748 4524; x_wconf 79' lang='grc' dir='ltr'>αὐτῆς.</span> <span class='ocrx_word' id='word_1_469' title='bbox 1782 4456 1894 4509; x_wconf 77' lang='grc' dir='ltr'>Καὶ</span> <span class='ocrx_word' id='word_1_470' title='bbox 1916 4473 2034 4511; x_wconf 65' lang='grc' dir='ltr'>ποια-</span> 
     </span>
    </p>
   </div>
   <div class='ocr_carea' id='block_1_73' title="bbox 439 4547 2030 4628">
    <p class='ocr_par' dir='ltr' id='par_1_73' title="bbox 439 4547 2030 4628">
     <span class='ocr_line' id='line_1_73' title="bbox 439 4547 2030 4628; baseline 0.001 -24"><span class='ocrx_word' id='word_1_471' title='bbox 439 4550 699 4628; x_wconf 73' lang='grc' dir='ltr'>μανθήσῃ</span> <span class='ocrx_word' id='word_1_472' title='bbox 714 4550 864 4619; x_wconf 82' lang='grc' dir='ltr'><strong>παρὰ</strong></span> <span class='ocrx_word' id='word_1_473' title='bbox 883 4547 1042 4611; x_wconf 85' lang='grc' dir='ltr'>Θεοῦ,</span> <span class='ocrx_word' id='word_1_474' title='bbox 1065 4550 1160 4602; x_wconf 74' lang='grc' dir='ltr'><strong>ἐπὶ</strong></span> <span class='ocrx_word' id='word_1_475' title='bbox 1176 4549 1532 4616; x_wconf 76' lang='grc' dir='ltr'>τοῖςὰγαθοϊς</span> <span class='ocrx_word' id='word_1_476' title='bbox 1555 4550 1744 4619; x_wconf 80' lang='grc' dir='ltr'>αὐτῆς·</span> <span class='ocrx_word' id='word_1_477' title='bbox 1766 4550 1907 4604; x_wconf 83' lang='grc' dir='ltr'>ὥστε</span> <span class='ocrx_word' id='word_1_478' title='bbox 1923 4552 2030 4606; x_wconf 85' lang='grc' dir='ltr'>τῶν</span> 
     </span>
    </p>
   </div>
   <div class='ocr_carea' id='block_1_74' title="bbox 438 4638 2026 4714">
    <p class='ocr_par' dir='ltr' id='par_1_74' title="bbox 438 4638 2026 4714">
     <span class='ocr_line' id='line_1_74' title="bbox 438 4638 2026 4714; baseline 0.004 -21"><span class='ocrx_word' id='word_1_479' title='bbox 438 4643 545 4714; x_wconf 77' lang='grc' dir='ltr'>μὲν</span> <span class='ocrx_word' id='word_1_480' title='bbox 558 4641 851 4712; x_wconf 82' lang='grc' dir='ltr'><strong>χρησίμων</strong></span> <span class='ocrx_word' id='word_1_481' title='bbox 864 4638 1183 4707; x_wconf 72' lang='grc' dir='ltr'>ἀπολαύειν,</span> <span class='ocrx_word' id='word_1_482' title='bbox 1201 4638 1311 4692; x_wconf 84' lang='grc' dir='ltr'><strong>τῶν</strong></span> <span class='ocrx_word' id='word_1_483' title='bbox 1328 4640 1384 4694; x_wconf 84' lang='grc' dir='ltr'><strong>δὲ</strong></span> <span class='ocrx_word' id='word_1_484' title='bbox 1403 4638 1685 4712; x_wconf 77' lang='grc' dir='ltr'>βλαϐερῶν</span> <span class='ocrx_word' id='word_1_485' title='bbox 1702 4642 2026 4713; x_wconf 81' lang='grc' dir='ltr'><strong>ἀπέχεσθαι.</strong></span> 
     </span>
    </p>
   </div>
   <div class='ocr_carea' id='block_1_75' title="bbox 516 4732 2028 4805">
    <p class='ocr_par' dir='ltr' id='par_1_75' title="bbox 516 4732 2028 4805">
     <span class='ocr_line' id='line_1_75' title="bbox 516 4732 2028 4805; baseline 0.001 -17"><span class='ocrx_word' id='word_1_486' title='bbox 516 4733 1000 4801; x_wconf 73' lang='grc' dir='ltr'><strong>Κατατρύερησον</strong></span> <span class='ocrx_word' id='word_1_487' title='bbox 1013 4732 1120 4784; x_wconf 83' lang='grc' dir='ltr'><strong>τοῦ</strong></span> <span class='ocrx_word' id='word_1_488' title='bbox 1138 4733 1382 4801; x_wconf 81' lang='grc' dir='ltr'>Κυρίου.</span> <span class='ocrx_word' id='word_1_489' title='bbox 1424 4733 1772 4804; x_wconf 78' lang='grc' dir='ltr'><strong>Ἐνηδύνθητι</strong></span> <span class='ocrx_word' id='word_1_490' title='bbox 1801 4734 1880 4805; x_wconf 85' lang='grc' dir='ltr'><strong>τῷ</strong></span> <span class='ocrx_word' id='word_1_491' title='bbox 1911 4736 2028 4789; x_wconf 81' lang='grc' dir='ltr'><strong>Κυ-</strong></span> 
     </span>
    </p>
   </div>
   <div class='ocr_carea' id='block_1_76' title="bbox 446 4822 2029 4899">
    <p class='ocr_par' dir='ltr' id='par_1_76' title="bbox 446 4822 2029 4899">
     <span class='ocr_line' id='line_1_76' title="bbox 446 4822 2029 4899; baseline 0.005 -25"><span class='ocrx_word' id='word_1_492' title='bbox 446 4825 576 4895; x_wconf 81' lang='grc' dir='ltr'>ρίῳ,</span> <span class='ocrx_word' id='word_1_493' title='bbox 634 4823 727 4877; x_wconf 79' lang='grc' dir='ltr'><strong>διὰ</strong></span> <span class='ocrx_word' id='word_1_494' title='bbox 777 4823 883 4890; x_wconf 81' lang='grc' dir='ltr'><strong>τῆς</strong></span> <span class='ocrx_word' id='word_1_495' title='bbox 934 4822 1234 4892; x_wconf 81' lang='grc' dir='ltr'>ἀκορέστου</span> <span class='ocrx_word' id='word_1_496' title='bbox 1288 4824 1511 4894; x_wconf 61' lang='grc' dir='ltr'><strong>ἀγάπης</strong></span> <span class='ocrx_word' id='word_1_497' title='bbox 1543 4823 1773 4897; x_wconf 77' lang='grc' dir='ltr'>αὐτοῦ,ἢ</span> <span class='ocrx_word' id='word_1_498' title='bbox 1811 4826 1900 4881; x_wconf 77' lang='grc' dir='ltr'><strong>διὰ</strong></span> <span class='ocrx_word' id='word_1_499' title='bbox 1928 4827 2029 4899; x_wconf 86' lang='grc' dir='ltr'>τῆς</span> 
     </span>
    </p>
   </div>
   <div class='ocr_carea' id='block_1_77' title="bbox 437 4914 1649 4988">
    <p class='ocr_par' dir='ltr' id='par_1_77' title="bbox 437 4914 1649 4988">
     <span class='ocr_line' id='line_1_77' title="bbox 437 4914 1649 4988; baseline 0 -17"><span class='ocrx_word' id='word_1_500' title='bbox 437 4916 728 4988; x_wconf 80' lang='grc' dir='ltr'>ἀπλήστου</span> <span class='ocrx_word' id='word_1_501' title='bbox 777 4914 1010 4987; x_wconf 66' lang='grc' dir='ltr'>μελέτης</span> <span class='ocrx_word' id='word_1_502' title='bbox 1052 4916 1162 4970; x_wconf 84' lang='grc' dir='ltr'><strong>τῶν</strong></span> <span class='ocrx_word' id='word_1_503' title='bbox 1201 4915 1433 4970; x_wconf 77' lang='grc' dir='ltr'>ὲντολῶν</span> <span class='ocrx_word' id='word_1_504' title='bbox 1457 4916 1649 4973; x_wconf 84' lang='grc' dir='ltr'>αὐτοῦ.</span> 
     </span>
    </p>
   </div>
   <div class='ocr_carea' id='block_1_78' title="bbox 516 5087 2028 5174">
    <p class='ocr_par' dir='ltr' id='par_1_78' title="bbox 516 5087 2028 5174">
     <span class='ocr_line' id='line_1_78' title="bbox 516 5087 2028 5174; baseline 0.007 -30"><span class='ocrx_word' id='word_1_505' title='bbox 516 5087 631 5144; x_wconf 85' lang='lat' dir='ltr'><strong>Kal</strong></span> <span class='ocrx_word' id='word_1_506' title='bbox 678 5089 802 5158; x_wconf 82' lang='grc' dir='ltr'><strong>δῴη</strong></span> <span class='ocrx_word' id='word_1_507' title='bbox 846 5106 949 5150; x_wconf 77' lang='grc' dir='ltr'><strong>σοι</strong></span> <span class='ocrx_word' id='word_1_508' title='bbox 989 5090 1060 5146; x_wconf 81' lang='grc' dir='ltr'><strong>τὰ</strong></span> <span class='ocrx_word' id='word_1_509' title='bbox 1087 5093 1387 5174; x_wconf 68' lang='grc' dir='ltr'>αἰτήματα</span> <span class='ocrx_word' id='word_1_510' title='bbox 1422 5094 1535 5165; x_wconf 80' lang='grc' dir='ltr'><strong>τῆς</strong></span> <span class='ocrx_word' id='word_1_511' title='bbox 1586 5098 1841 5167; x_wconf 78' lang='grc' dir='ltr'><strong>καρδίας</strong></span> <span class='ocrx_word' id='word_1_512' title='bbox 1887 5118 2028 5157; x_wconf 85' lang='grc' dir='ltr'>σου.</span> 
     </span>
    </p>
   </div>
   <div class='ocr_carea' id='block_1_79' title="bbox 434 5179 2031 5259">
    <p class='ocr_par' dir='ltr' id='par_1_79' title="bbox 434 5179 2031 5259">
     <span class='ocr_line' id='line_1_79' title="bbox 434 5179 2031 5259; baseline 0.008 -26"><span class='ocrx_word' id='word_1_513' title='bbox 434 5179 598 5249; x_wconf 83' lang='grc' dir='ltr'><strong>Δῴη,</strong></span> <span class='ocrx_word' id='word_1_514' title='bbox 655 5181 779 5235; x_wconf 78' lang='grc' dir='ltr'><strong>ἀντὶ</strong></span> <span class='ocrx_word' id='word_1_515' title='bbox 836 5181 934 5235; x_wconf 85' lang='grc' dir='ltr'><strong>τοῦ</strong></span> <span class='ocrx_word' id='word_1_516' title='bbox 983 5182 1179 5250; x_wconf 85' lang='grc' dir='ltr'>Δώσει,</span> <span class='ocrx_word' id='word_1_517' title='bbox 1235 5185 1490 5240; x_wconf 79' lang='grc' dir='ltr'><strong>εὐκτικὸν</strong></span> <span class='ocrx_word' id='word_1_518' title='bbox 1543 5188 1666 5242; x_wconf 76' lang='grc' dir='ltr'>ἀντὶ</span> <span class='ocrx_word' id='word_1_519' title='bbox 1720 5190 2031 5259; x_wconf 78' lang='grc' dir='ltr'>μέλλοντος.</span> 
     </span>
    </p>
   </div>
   <div class='ocr_carea' id='block_1_80' title="bbox 448 5272 1885 5350">
    <p class='ocr_par' dir='ltr' id='par_1_80' title="bbox 448 5272 1885 5350">
     <span class='ocr_line' id='line_1_80' title="bbox 448 5272 1885 5350; baseline 0.008 -24"><span class='ocrx_word' id='word_1_520' title='bbox 448 5272 715 5342; x_wconf 80' lang='grc' dir='ltr'><strong>’Δγαπῶν</strong></span> <span class='ocrx_word' id='word_1_521' title='bbox 744 5273 856 5345; x_wconf 81' lang='grc' dir='ltr'><strong>γὰρ</strong></span> <span class='ocrx_word' id='word_1_522' title='bbox 883 5274 975 5334; x_wconf 76' lang='grc' dir='ltr'><strong>τὸν</strong></span> <span class='ocrx_word' id='word_1_523' title='bbox 1008 5275 1165 5344; x_wconf 72' lang='grc' dir='ltr'>Θεὸν,</span> <span class='ocrx_word' id='word_1_524' title='bbox 1193 5277 1349 5331; x_wconf 75' lang='grc' dir='ltr'>οὐδὲν</span> <span class='ocrx_word' id='word_1_525' title='bbox 1377 5280 1622 5350; x_wconf 74' lang='grc' dir='ltr'><strong>αἰτήσεις</strong></span> <span class='ocrx_word' id='word_1_526' title='bbox 1643 5281 1885 5348; x_wconf 78' lang='grc' dir='ltr'><strong>ἀνάξιον.</strong></span> 
     </span>
    </p>
   </div>
   <div class='ocr_carea' id='block_1_81' title="bbox 524 5364 2020 5440">
    <p class='ocr_par' dir='ltr' id='par_1_81' title="bbox 524 5364 2020 5440">
     <span class='ocr_line' id='line_1_81' title="bbox 524 5364 2020 5440; baseline 0.006 -19"><span class='ocrx_word' id='word_1_527' title='bbox 524 5364 965 5434; x_wconf 67' lang='grc' dir='ltr'><strong>Ἀποκιυυψον</strong></span> <span class='ocrx_word' id='word_1_528' title='bbox 1024 5368 1181 5435; x_wconf 81' lang='grc' dir='ltr'>πρὸς</span> <span class='ocrx_word' id='word_1_529' title='bbox 1228 5370 1450 5439; x_wconf 77' lang='grc' dir='ltr'><strong>Κύριον</strong></span> <span class='ocrx_word' id='word_1_530' title='bbox 1506 5370 1626 5440; x_wconf 76' lang='grc' dir='ltr'><strong>τὴν</strong></span> <span class='ocrx_word' id='word_1_531' title='bbox 1681 5373 1828 5427; x_wconf 81' lang='grc' dir='ltr'><strong>ὁδόν</strong></span> <span class='ocrx_word' id='word_1_532' title='bbox 1879 5390 2020 5430; x_wconf 86' lang='grc' dir='ltr'>σου.</span> 
     </span>
    </p>
   </div>
   <div class='ocr_carea' id='block_1_82' title="bbox 446 5455 2024 5534">
    <p class='ocr_par' dir='ltr' id='par_1_82' title="bbox 446 5455 2024 5534">
     <span class='ocr_line' id='line_1_82' title="bbox 446 5455 2024 5534; baseline 0.006 -25"><span class='ocrx_word' id='word_1_533' title='bbox 446 5455 604 5509; x_wconf 77' lang='grc' dir='ltr'><strong>Ὀδὸν</strong></span> <span class='ocrx_word' id='word_1_534' title='bbox 652 5455 751 5510; x_wconf 82' lang='grc' dir='ltr'><strong>νῦν</strong></span> <span class='ocrx_word' id='word_1_535' title='bbox 799 5456 902 5527; x_wconf 87' lang='grc' dir='ltr'><strong>τὴν</strong></span> <span class='ocrx_word' id='word_1_536' title='bbox 938 5456 1220 5521; x_wconf 71' lang='grc' dir='ltr'>πολιτείαν</span> <span class='ocrx_word' id='word_1_537' title='bbox 1265 5460 1626 5532; x_wconf 84' lang='grc' dir='ltr'>ὑποληπτέον,</span> <span class='ocrx_word' id='word_1_538' title='bbox 1690 5463 1758 5534; x_wconf 80' lang='grc' dir='ltr'>ἣν</span> <span class='ocrx_word' id='word_1_539' title='bbox 1808 5463 2024 5520; x_wconf 79' lang='grc' dir='ltr'>κελεύει</span> 
     </span>
    </p>
   </div>
   <div class='ocr_carea' id='block_1_83' title="bbox 434 5546 2022 5628">
    <p class='ocr_par' dir='ltr' id='par_1_83' title="bbox 434 5546 2022 5628">
     <span class='ocr_line' id='line_1_83' title="bbox 434 5546 2022 5628; baseline 0.006 -26"><span class='ocrx_word' id='word_1_540' title='bbox 434 5549 671 5619; x_wconf 77' lang='grc' dir='ltr'><strong>ποιῆσαι</strong></span> <span class='ocrx_word' id='word_1_541' title='bbox 709 5546 869 5613; x_wconf 81' lang='grc' dir='ltr'>ἀξίαν</span> <span class='ocrx_word' id='word_1_542' title='bbox 907 5551 1215 5623; x_wconf 72' lang='grc' dir='ltr'>ἐπισκοπῆς</span> <span class='ocrx_word' id='word_1_543' title='bbox 1242 5550 1381 5606; x_wconf 87' lang='grc' dir='ltr'>Θεοῦ</span> <span class='ocrx_word' id='word_1_544' title='bbox 1409 5569 1424 5584; x_wconf 75' lang='grc'><strong><em>⁸</em></strong></span> <span class='ocrx_word' id='word_1_545' title='bbox 1466 5553 1727 5622; x_wconf 84' lang='grc' dir='ltr'><strong>γινώσκει</strong></span> <span class='ocrx_word' id='word_1_546' title='bbox 1766 5556 1876 5628; x_wconf 85' lang='grc' dir='ltr'>γὰρ</span> <span class='ocrx_word' id='word_1_547' title='bbox 1904 5558 2022 5612; x_wconf 67' lang='grc' dir='ltr'><strong>Κύο</strong></span> 
     </span>
    </p>
   </div>
   <div class='ocr_carea' id='block_1_84' title="bbox 2135 3624 3725 3704">
    <p class='ocr_par' dir='ltr' id='par_1_84' title="bbox 2135 3624 3725 3704">
     <span class='ocr_line' id='line_1_84' title="bbox 2135 3624 3725 3704; baseline -0.004 -17"><span class='ocrx_word' id='word_1_548' title='bbox 2135 3648 2259 3704; x_wconf 66' lang='lat' dir='ltr'><strong>quae</strong></span> <span class='ocrx_word' id='word_1_549' title='bbox 2286 3631 2563 3703; x_wconf 86' lang='lat' dir='ltr'><strong>pertinent</strong></span> <span class='ocrx_word' id='word_1_550' title='bbox 2593 3628 2663 3684; x_wconf 83' lang='lat' dir='ltr'><strong>ad</strong></span> <span class='ocrx_word' id='word_1_551' title='bbox 2696 3642 2872 3698; x_wconf 74' lang='lat' dir='ltr'><strong>genus</strong></span> <span class='ocrx_word' id='word_1_552' title='bbox 2903 3626 3221 3683; x_wconf 83' lang='lat' dir='ltr'><strong>herbarum.</strong></span> <span class='ocrx_word' id='word_1_553' title='bbox 3250 3624 3377 3682; x_wconf 65' lang='lat' dir='ltr'><strong>Haec</strong></span> <span class='ocrx_word' id='word_1_554' title='bbox 3401 3626 3550 3681; x_wconf 87' lang='lat' dir='ltr'><strong>enim</strong></span> <span class='ocrx_word' id='word_1_555' title='bbox 3601 3640 3725 3681; x_wconf 74' lang='lat' dir='ltr'><strong>om-</strong></span> 
     </span>
    </p>
   </div>
   <div class='ocr_carea' id='block_1_85' title="bbox 2135 3716 2985 3779">
    <p class='ocr_par' dir='ltr' id='par_1_85' title="bbox 2135 3716 2985 3779">
     <span class='ocr_line' id='line_1_85' title="bbox 2135 3716 2985 3779; baseline -0.006 -1"><span class='ocrx_word' id='word_1_556' title='bbox 2135 3723 2226 3779; x_wconf 90' lang='lat' dir='ltr'><strong>nia</strong></span> <span class='ocrx_word' id='word_1_557' title='bbox 2267 3721 2517 3777; x_wconf 83' lang='lat' dir='ltr'><strong>deﬂuunt</strong></span> <span class='ocrx_word' id='word_1_558' title='bbox 2547 3734 2673 3775; x_wconf 92' lang='lat' dir='ltr'><strong>cum</strong></span> <span class='ocrx_word' id='word_1_559' title='bbox 2710 3716 2985 3773; x_wconf 88' lang='lat' dir='ltr'><strong>aruerint.</strong></span> 
     </span>
    </p>
   </div>
   <div class='ocr_carea' id='block_1_86' title="bbox 2206 3808 3720 3881">
    <p class='ocr_par' dir='ltr' id='par_1_86' title="bbox 2206 3808 3720 3881">
     <span class='ocr_line' id='line_1_86' title="bbox 2206 3808 3720 3881; baseline -0.001 -14"><span class='ocrx_word' id='word_1_560' title='bbox 2206 3812 2380 3869; x_wconf 74' lang='lat' dir='ltr'><strong>Vens.</strong></span> <span class='ocrx_word' id='word_1_561' title='bbox 2404 3812 2458 3866; x_wconf 78' lang='grc'>5.</span> <span class='ocrx_word' id='word_1_562' title='bbox 2488 3811 2656 3881; x_wconf 82' lang='lat' dir='ltr'><strong>Spera</strong></span> <span class='ocrx_word' id='word_1_563' title='bbox 2676 3811 2729 3865; x_wconf 88' lang='lat' dir='ltr'><strong>in</strong></span> <span class='ocrx_word' id='word_1_564' title='bbox 2752 3809 2979 3864; x_wconf 87' lang='lat' dir='ltr'><strong>Domino</strong></span> <span class='ocrx_word' id='word_1_565' title='bbox 3008 3818 3057 3864; x_wconf 90' lang='lat' dir='ltr'><strong>et</strong></span> <span class='ocrx_word' id='word_1_566' title='bbox 3080 3808 3168 3880; x_wconf 77' lang='lat' dir='ltr'><strong>[ac</strong></span> <span class='ocrx_word' id='word_1_567' title='bbox 3185 3809 3500 3865; x_wconf 81' lang='lat' dir='ltr'><strong>bonitatem.</strong></span> <span class='ocrx_word' id='word_1_568' title='bbox 3521 3808 3720 3880; x_wconf 86' lang='lat' dir='ltr'><strong>Spera,</strong></span> 
     </span>
    </p>
   </div>
   <div class='ocr_carea' id='block_1_87' title="bbox 2134 3901 3721 3977">
    <p class='ocr_par' dir='ltr' id='par_1_87' title="bbox 2134 3901 3721 3977">
     <span class='ocr_line' id='line_1_87' title="bbox 2134 3901 3721 3977; baseline -0.004 -12"><span class='ocrx_word' id='word_1_569' title='bbox 2134 3906 2338 3977; x_wconf 89' lang='lat' dir='ltr'><strong>inquit,</strong></span> <span class='ocrx_word' id='word_1_570' title='bbox 2395 3904 2450 3959; x_wconf 92' lang='lat' dir='ltr'><strong>in</strong></span> <span class='ocrx_word' id='word_1_571' title='bbox 2490 3903 2721 3960; x_wconf 86' lang='lat' dir='ltr'><strong>Domino</strong></span> <span class='ocrx_word' id='word_1_572' title='bbox 2773 3903 2866 3973; x_wconf 82' lang='lat' dir='ltr'><strong>qui</strong></span> <span class='ocrx_word' id='word_1_573' title='bbox 2924 3901 3188 3958; x_wconf 89' lang='lat' dir='ltr'><strong>virtutum</strong></span> <span class='ocrx_word' id='word_1_574' title='bbox 3228 3912 3448 3958; x_wconf 86' lang='lat' dir='ltr'><strong>tuarum</strong></span> <span class='ocrx_word' id='word_1_575' title='bbox 3499 3902 3721 3958; x_wconf 86' lang='lat' dir='ltr'><strong>labores</strong></span> 
     </span>
    </p>
   </div>
   <div class='ocr_carea' id='block_1_88' title="bbox 2132 3992 3724 4065">
    <p class='ocr_par' dir='ltr' id='par_1_88' title="bbox 2132 3992 3724 4065">
     <span class='ocr_line' id='line_1_88' title="bbox 2132 3992 3724 4065; baseline -0.004 -11"><span class='ocrx_word' id='word_1_576' title='bbox 2132 4014 2243 4054; x_wconf 88' lang='lat' dir='ltr'><strong>non</strong></span> <span class='ocrx_word' id='word_1_577' title='bbox 2275 3996 2565 4065; x_wconf 85' lang='lat' dir='ltr'><strong>despiciet,</strong></span> <span class='ocrx_word' id='word_1_578' title='bbox 2595 4003 2651 4051; x_wconf 90' lang='lat' dir='ltr'><strong>et</strong></span> <span class='ocrx_word' id='word_1_579' title='bbox 2678 3994 2828 4065; x_wconf 88' lang='lat' dir='ltr'><strong>quod</strong></span> <span class='ocrx_word' id='word_1_580' title='bbox 2868 3994 3077 4049; x_wconf 87' lang='lat' dir='ltr'><strong>bonum</strong></span> <span class='ocrx_word' id='word_1_581' title='bbox 3107 4002 3213 4058; x_wconf 88' lang='lat' dir='ltr'><strong>est,</strong></span> <span class='ocrx_word' id='word_1_582' title='bbox 3268 4008 3518 4064; x_wconf 88' lang='lat' dir='ltr'><strong>operare.</strong></span> <span class='ocrx_word' id='word_1_583' title='bbox 3554 3992 3724 4049; x_wconf 82' lang='lat' dir='ltr'><strong>Boni-</strong></span> 
     </span>
    </p>
   </div>
   <div class='ocr_carea' id='block_1_89' title="bbox 2132 4088 3003 4159">
    <p class='ocr_par' dir='ltr' id='par_1_89' title="bbox 2132 4088 3003 4159">
     <span class='ocr_line' id='line_1_89' title="bbox 2132 4088 3003 4159; baseline -0.005 -13"><span class='ocrx_word' id='word_1_584' title='bbox 2132 4101 2296 4155; x_wconf 81' lang='lat' dir='ltr'><strong>tatem</strong></span> <span class='ocrx_word' id='word_1_585' title='bbox 2327 4091 2471 4147; x_wconf 90' lang='lat' dir='ltr'><strong>enim</strong></span> <span class='ocrx_word' id='word_1_586' title='bbox 2498 4089 2685 4159; x_wconf 89' lang='lat' dir='ltr'><strong>posuit</strong></span> <span class='ocrx_word' id='word_1_587' title='bbox 2710 4103 2811 4159; x_wconf 91' lang='lat' dir='ltr'><strong>pro</strong></span> <span class='ocrx_word' id='word_1_588' title='bbox 2830 4088 3003 4144; x_wconf 93' lang='lat' dir='ltr'><strong>Bono.</strong></span> 
     </span>
    </p>
   </div>
   <div class='ocr_carea' id='block_1_90' title="bbox 2204 4176 3719 4247">
    <p class='ocr_par' dir='ltr' id='par_1_90' title="bbox 2204 4176 3719 4247">
     <span class='ocr_line' id='line_1_90' title="bbox 2204 4176 3719 4247; baseline -0.003 -9"><span class='ocrx_word' id='word_1_589' title='bbox 2204 4186 2273 4238; x_wconf 83' lang='lat' dir='ltr'><strong>Et</strong></span> <span class='ocrx_word' id='word_1_590' title='bbox 2300 4181 2541 4237; x_wconf 83' lang='lat' dir='ltr'><strong>inhabita</strong></span> <span class='ocrx_word' id='word_1_591' title='bbox 2571 4190 2791 4236; x_wconf 87' lang='lat' dir='ltr'><strong>terram.</strong></span> <span class='ocrx_word' id='word_1_592' title='bbox 2820 4176 2912 4235; x_wconf 81' lang='lat' dir='ltr'><strong>Sic</strong></span> <span class='ocrx_word' id='word_1_593' title='bbox 2944 4178 3181 4241; x_wconf 80' lang='lat' dir='ltr'><strong>iaciens,</strong></span> <span class='ocrx_word' id='word_1_594' title='bbox 3214 4178 3415 4247; x_wconf 91' lang='lat' dir='ltr'><strong>inquit,</strong></span> <span class='ocrx_word' id='word_1_595' title='bbox 3446 4177 3719 4247; x_wconf 87' lang='lat' dir='ltr'><strong>intrepide</strong></span> 
     </span>
    </p>
   </div>
   <div class='ocr_carea' id='block_1_91' title="bbox 2131 4267 3719 4346">
    <p class='ocr_par' dir='ltr' id='par_1_91' title="bbox 2131 4267 3719 4346">
     <span class='ocr_line' id='line_1_91' title="bbox 2131 4267 3719 4346; baseline -0.004 -15"><span class='ocrx_word' id='word_1_596' title='bbox 2131 4290 2299 4346; x_wconf 85' lang='lat' dir='ltr'><strong>quam</strong></span> <span class='ocrx_word' id='word_1_597' title='bbox 2336 4274 2507 4329; x_wconf 87' lang='lat' dir='ltr'><strong>habes</strong></span> <span class='ocrx_word' id='word_1_598' title='bbox 2529 4270 2928 4327; x_wconf 85' lang='lat' dir='ltr'><strong>habitationem</strong></span> <span class='ocrx_word' id='word_1_599' title='bbox 2965 4267 3205 4340; x_wconf 88' lang='lat' dir='ltr'><strong>posside.</strong></span> <span class='ocrx_word' id='word_1_600' title='bbox 3258 4267 3430 4324; x_wconf 90' lang='lat' dir='ltr'><strong>Deum</strong></span> <span class='ocrx_word' id='word_1_601' title='bbox 3462 4269 3610 4324; x_wconf 87' lang='lat' dir='ltr'><strong>enim</strong></span> <span class='ocrx_word' id='word_1_602' title='bbox 3634 4268 3719 4324; x_wconf 90' lang='lat' dir='ltr'><strong>tui</strong></span> 
     </span>
    </p>
   </div>
   <div class='ocr_carea' id='block_1_92' title="bbox 2134 4364 2652 4423">
    <p class='ocr_par' dir='ltr' id='par_1_92' title="bbox 2134 4364 2652 4423">
     <span class='ocr_line' id='line_1_92' title="bbox 2134 4364 2652 4423; baseline -0.006 0"><span class='ocrx_word' id='word_1_603' title='bbox 2134 4367 2416 4423; x_wconf 80' lang='lat' dir='ltr'><strong>custodem</strong></span> <span class='ocrx_word' id='word_1_604' title='bbox 2457 4364 2652 4421; x_wconf 83' lang='lat' dir='ltr'><strong>habes.</strong></span> 
     </span>
    </p>
   </div>
   <div class='ocr_carea' id='block_1_93' title="bbox 2200 4449 3718 4527">
    <p class='ocr_par' dir='ltr' id='par_1_93' title="bbox 2200 4449 3718 4527">
     <span class='ocr_line' id='line_1_93' title="bbox 2200 4449 3718 4527; baseline -0.003 -15"><span class='ocrx_word' id='word_1_605' title='bbox 2200 4460 2270 4512; x_wconf 84' lang='lat' dir='ltr'><strong>Et</strong></span> <span class='ocrx_word' id='word_1_606' title='bbox 2291 4457 2523 4527; x_wconf 86' lang='lat' dir='ltr'><strong>pasceris</strong></span> <span class='ocrx_word' id='word_1_607' title='bbox 2551 4457 2609 4510; x_wconf 87' lang='lat' dir='ltr'><strong>in</strong></span> <span class='ocrx_word' id='word_1_608' title='bbox 2631 4455 2836 4511; x_wconf 83' lang='lat' dir='ltr'><strong>divitiis</strong></span> <span class='ocrx_word' id='word_1_609' title='bbox 2866 4455 3003 4524; x_wconf 86' lang='lat' dir='ltr'><strong>ejus.</strong></span> <span class='ocrx_word' id='word_1_610' title='bbox 3031 4453 3098 4507; x_wconf 89' lang='lat' dir='ltr'><strong>Et</strong></span> <span class='ocrx_word' id='word_1_611' title='bbox 3135 4452 3379 4525; x_wconf 85' lang='lat' dir='ltr'><strong>pasceris</strong></span> <span class='ocrx_word' id='word_1_612' title='bbox 3434 4466 3465 4505; x_wconf 88' lang='lat' dir='ltr'><strong>a</strong></span> <span class='ocrx_word' id='word_1_613' title='bbox 3508 4451 3622 4507; x_wconf 87' lang='lat' dir='ltr'><strong>Deo</strong></span> <span class='ocrx_word' id='word_1_614' title='bbox 3658 4449 3718 4508; x_wconf 83' lang='lat' dir='ltr'><strong>in</strong></span> 
     </span>
    </p>
   </div>
   <div class='ocr_carea' id='block_1_94' title="bbox 2136 4546 3717 4620">
    <p class='ocr_par' dir='ltr' id='par_1_94' title="bbox 2136 4546 3717 4620">
     <span class='ocr_line' id='line_1_94' title="bbox 2136 4546 3717 4620; baseline -0.004 -13"><span class='ocrx_word' id='word_1_615' title='bbox 2136 4553 2296 4607; x_wconf 88' lang='lat' dir='ltr'><strong>honis</strong></span> <span class='ocrx_word' id='word_1_616' title='bbox 2323 4549 2468 4620; x_wconf 80' lang='lat' dir='ltr'><strong>ejus,</strong></span> <span class='ocrx_word' id='word_1_617' title='bbox 2497 4550 2572 4603; x_wconf 87' lang='lat' dir='ltr'><strong>ita</strong></span> <span class='ocrx_word' id='word_1_618' title='bbox 2606 4556 2667 4604; x_wconf 92' lang='lat' dir='ltr'><strong>ut</strong></span> <span class='ocrx_word' id='word_1_619' title='bbox 2713 4548 2948 4605; x_wconf 86' lang='lat' dir='ltr'><strong>utilibus</strong></span> <span class='ocrx_word' id='word_1_620' title='bbox 2977 4547 3205 4613; x_wconf 77' lang='lat' dir='ltr'><strong>fruaris,</strong></span> <span class='ocrx_word' id='word_1_621' title='bbox 3239 4553 3296 4602; x_wconf 88' lang='lat' dir='ltr'><strong>et</strong></span> <span class='ocrx_word' id='word_1_622' title='bbox 3333 4561 3364 4599; x_wconf 78' lang='grc' dir='ltr'><strong>ιι</strong></span> <span class='ocrx_word' id='word_1_623' title='bbox 3398 4546 3579 4602; x_wconf 77' lang='lat' dir='ltr'><strong>noxiis</strong></span> <span class='ocrx_word' id='word_1_624' title='bbox 3605 4559 3717 4601; x_wconf 90' lang='lat' dir='ltr'><strong>non</strong></span> 
     </span>
    </p>
   </div>
   <div class='ocr_carea' id='block_1_95' title="bbox 2135 4630 2973 4700">
    <p class='ocr_par' dir='ltr' id='par_1_95' title="bbox 2135 4630 2973 4700">
     <span class='ocr_line' id='line_1_95' title="bbox 2135 4630 2973 4700; baseline 0.001 -3"><span class='ocrx_word' id='word_1_625' title='bbox 2135 4643 2373 4700; x_wconf 66' lang='lat' dir='ltr'><strong>laedaris.</strong></span> <span class='ocrx_word' id='word_1_626' title='bbox 2970 4630 2973 4633; x_wconf 75' lang='grc'><em>’</em></span> 
     </span>
    </p>
   </div>
   <div class='ocr_carea' id='block_1_96' title="bbox 2212 4731 3713 4803">
    <p class='ocr_par' dir='ltr' id='par_1_96' title="bbox 2212 4731 3713 4803">
     <span class='ocr_line' id='line_1_96' title="bbox 2212 4731 3713 4803; baseline -0.002 -16"><span class='ocrx_word' id='word_1_627' title='bbox 2212 4734 2380 4789; x_wconf 70' lang='lat' dir='ltr'><strong>Vens.</strong></span> <span class='ocrx_word' id='word_1_628' title='bbox 2415 4736 2470 4791; x_wconf 73' lang='grc'>4.</span> <span class='ocrx_word' id='word_1_629' title='bbox 2503 4734 2771 4790; x_wconf 82' lang='lat' dir='ltr'><strong>Deliciare</strong></span> <span class='ocrx_word' id='word_1_630' title='bbox 2795 4734 2849 4788; x_wconf 86' lang='lat' dir='ltr'><strong>in</strong></span> <span class='ocrx_word' id='word_1_631' title='bbox 2882 4733 3127 4788; x_wconf 89' lang='lat' dir='ltr'><strong>Domino.</strong></span> <span class='ocrx_word' id='word_1_632' title='bbox 3160 4732 3474 4798; x_wconf 88' lang='lat' dir='ltr'><strong>Delectare,</strong></span> <span class='ocrx_word' id='word_1_633' title='bbox 3513 4731 3713 4803; x_wconf 87' lang='lat' dir='ltr'><strong>inquit,</strong></span> 
     </span>
    </p>
   </div>
   <div class='ocr_carea' id='block_1_97' title="bbox 2138 4823 3720 4896">
    <p class='ocr_par' dir='ltr' id='par_1_97' title="bbox 2138 4823 3720 4896">
     <span class='ocr_line' id='line_1_97' title="bbox 2138 4823 3720 4896; baseline -0.004 -13"><span class='ocrx_word' id='word_1_634' title='bbox 2138 4828 2193 4883; x_wconf 91' lang='lat' dir='ltr'><strong>in</strong></span> <span class='ocrx_word' id='word_1_635' title='bbox 2224 4827 2478 4891; x_wconf 89' lang='lat' dir='ltr'><strong>Domino,</strong></span> <span class='ocrx_word' id='word_1_636' title='bbox 2515 4842 2612 4896; x_wconf 92' lang='lat' dir='ltr'><strong>per</strong></span> <span class='ocrx_word' id='word_1_637' title='bbox 2640 4827 2966 4880; x_wconf 87' lang='lat' dir='ltr'><strong>immensam</strong></span> <span class='ocrx_word' id='word_1_638' title='bbox 2996 4824 3259 4880; x_wconf 89' lang='lat' dir='ltr'><strong>nimirum</strong></span> <span class='ocrx_word' id='word_1_639' title='bbox 3293 4833 3459 4893; x_wconf 88' lang='lat' dir='ltr'><strong>atque</strong></span> <span class='ocrx_word' id='word_1_640' title='bbox 3490 4823 3720 4879; x_wconf 84' lang='lat' dir='ltr'><strong>insatia-</strong></span> 
     </span>
    </p>
   </div>
   <div class='ocr_carea' id='block_1_98' title="bbox 2059 4913 3721 4989">
    <p class='ocr_par' dir='ltr' id='par_1_98' title="bbox 2059 4913 3721 4989">
     <span class='ocr_line' id='line_1_98' title="bbox 2059 4913 3721 4989; baseline -0.007 -12"><span class='ocrx_word' id='word_1_641' title='bbox 2059 4928 2105 4983; x_wconf 89' lang='lat' dir='ltr'><strong><em>D</em></strong></span> <span class='ocrx_word' id='word_1_642' title='bbox 2136 4922 2300 4977; x_wconf 84' lang='lat' dir='ltr'><strong>bilem</strong></span> <span class='ocrx_word' id='word_1_643' title='bbox 2333 4920 2456 4989; x_wconf 84' lang='lat' dir='ltr'><strong>ejus</strong></span> <span class='ocrx_word' id='word_1_644' title='bbox 2472 4918 2847 4981; x_wconf 85' lang='lat' dir='ltr'><strong>dilectionem,</strong></span> <span class='ocrx_word' id='word_1_645' title='bbox 2881 4924 2977 4971; x_wconf 84' lang='lat' dir='ltr'><strong>aut</strong></span> <span class='ocrx_word' id='word_1_646' title='bbox 3004 4931 3103 4987; x_wconf 86' lang='lat' dir='ltr'><strong>per</strong></span> <span class='ocrx_word' id='word_1_647' title='bbox 3135 4913 3522 4986; x_wconf 81' lang='lat' dir='ltr'><strong>inexplebilem</strong></span> <span class='ocrx_word' id='word_1_648' title='bbox 3552 4927 3721 4967; x_wconf 82' lang='lat' dir='ltr'><strong>man-</strong></span> 
     </span>
    </p>
   </div>
   <div class='ocr_carea' id='block_1_99' title="bbox 2130 5005 3638 5082">
    <p class='ocr_par' dir='ltr' id='par_1_99' title="bbox 2130 5005 3638 5082">
     <span class='ocr_line' id='line_1_99' title="bbox 2130 5005 3638 5082; baseline -0.007 -12"><span class='ocrx_word' id='word_1_649' title='bbox 2130 5015 2387 5070; x_wconf 85' lang='lat' dir='ltr'><strong>datorum</strong></span> <span class='ocrx_word' id='word_1_650' title='bbox 2402 5012 2542 5082; x_wconf 80' lang='lat' dir='ltr'><strong>ejus,</strong></span> <span class='ocrx_word' id='word_1_651' title='bbox 2580 5025 2645 5066; x_wconf 91' lang='lat' dir='ltr'><strong>ac</strong></span> <span class='ocrx_word' id='word_1_652' title='bbox 2675 5010 2879 5066; x_wconf 75' lang='lat' dir='ltr'><strong>divina:</strong></span> <span class='ocrx_word' id='word_1_653' title='bbox 2919 5009 3059 5080; x_wconf 74' lang='lat' dir='ltr'><strong>legis</strong></span> <span class='ocrx_word' id='word_1_654' title='bbox 3081 5005 3638 5078; x_wconf 86' lang='lat' dir='ltr'><strong>contemplationem.</strong></span> 
     </span>
    </p>
   </div>
   <div class='ocr_carea' id='block_1_100' title="bbox 2205 5095 3717 5170">
    <p class='ocr_par' dir='ltr' id='par_1_100' title="bbox 2205 5095 3717 5170">
     <span class='ocr_line' id='line_1_100' title="bbox 2205 5095 3717 5170; baseline -0.005 -13"><span class='ocrx_word' id='word_1_655' title='bbox 2205 5104 2271 5157; x_wconf 80' lang='lat' dir='ltr'><strong>Et</strong></span> <span class='ocrx_word' id='word_1_656' title='bbox 2324 5105 2413 5158; x_wconf 76' lang='lat' dir='ltr'><strong>det</strong></span> <span class='ocrx_word' id='word_1_657' title='bbox 2464 5102 2562 5156; x_wconf 86' lang='lat' dir='ltr'><strong>tibi</strong></span> <span class='ocrx_word' id='word_1_658' title='bbox 2603 5102 2879 5170; x_wconf 83' lang='lat' dir='ltr'><strong>petitiones</strong></span> <span class='ocrx_word' id='word_1_659' title='bbox 2911 5100 3088 5155; x_wconf 80' lang='lat' dir='ltr'><strong>cordis</strong></span> <span class='ocrx_word' id='word_1_660' title='bbox 3121 5100 3220 5153; x_wconf 88' lang='lat' dir='ltr'><strong>tui.</strong></span> <span class='ocrx_word' id='word_1_661' title='bbox 3281 5096 3404 5169; x_wconf 84' lang='grc' dir='ltr'><strong>Δῲη</strong></span> <span class='ocrx_word' id='word_1_662' title='bbox 3455 5095 3564 5162; x_wconf 79' lang='lat' dir='ltr'><strong>det,</strong></span> <span class='ocrx_word' id='word_1_663' title='bbox 3614 5108 3717 5165; x_wconf 86' lang='lat' dir='ltr'><strong>pro</strong></span> 
     </span>
    </p>
   </div>
   <div class='ocr_carea' id='block_1_101' title="bbox 2127 5185 3714 5264">
    <p class='ocr_par' dir='ltr' id='par_1_101' title="bbox 2127 5185 3714 5264">
     <span class='ocr_line' id='line_1_101' title="bbox 2127 5185 3714 5264; baseline -0.007 -16"><span class='ocrx_word' id='word_1_664' title='bbox 2127 5196 2325 5261; x_wconf 78' lang='grc' dir='ltr'>ᾼώσει,</span> <span class='ocrx_word' id='word_1_665' title='bbox 2355 5194 2528 5258; x_wconf 86' lang='lat' dir='ltr'><strong>dabit,</strong></span> <span class='ocrx_word' id='word_1_666' title='bbox 2593 5193 2902 5264; x_wconf 81' lang='lat' dir='ltr'><strong>Optativum</strong></span> <span class='ocrx_word' id='word_1_667' title='bbox 2950 5206 3053 5261; x_wconf 88' lang='lat' dir='ltr'><strong>pro</strong></span> <span class='ocrx_word' id='word_1_668' title='bbox 3099 5190 3311 5245; x_wconf 80' lang='lat' dir='ltr'><strong>futuro.</strong></span> <span class='ocrx_word' id='word_1_669' title='bbox 3373 5188 3513 5240; x_wconf 87' lang='lat' dir='ltr'><strong>Cum</strong></span> <span class='ocrx_word' id='word_1_670' title='bbox 3566 5185 3714 5238; x_wconf 84' lang='lat' dir='ltr'><strong>enim</strong></span> 
     </span>
    </p>
   </div>
   <div class='ocr_carea' id='block_1_102' title="bbox 2128 5276 3585 5358">
    <p class='ocr_par' dir='ltr' id='par_1_102' title="bbox 2128 5276 3585 5358">
     <span class='ocr_line' id='line_1_102' title="bbox 2128 5276 3585 5358; baseline -0.009 -12"><span class='ocrx_word' id='word_1_671' title='bbox 2128 5288 2327 5358; x_wconf 75' lang='lat' dir='ltr'><strong>diligas</strong></span> <span class='ocrx_word' id='word_1_672' title='bbox 2356 5286 2551 5351; x_wconf 90' lang='lat' dir='ltr'><strong>Deum,</strong></span> <span class='ocrx_word' id='word_1_673' title='bbox 2578 5286 2713 5341; x_wconf 87' lang='lat' dir='ltr'><strong>nihil</strong></span> <span class='ocrx_word' id='word_1_674' title='bbox 2745 5286 2815 5341; x_wconf 89' lang='lat' dir='ltr'><strong>ab</strong></span> <span class='ocrx_word' id='word_1_675' title='bbox 2836 5299 2904 5340; x_wconf 91' lang='lat' dir='ltr'><strong>eo</strong></span> <span class='ocrx_word' id='word_1_676' title='bbox 2931 5283 3222 5353; x_wconf 71' lang='lat' dir='ltr'><strong>indignum</strong></span> <span class='ocrx_word' id='word_1_677' title='bbox 3256 5276 3585 5349; x_wconf 84' lang='lat' dir='ltr'><strong>postulabis.</strong></span> 
     </span>
    </p>
   </div>
   <div class='ocr_carea' id='block_1_103' title="bbox 2201 5366 3711 5435">
    <p class='ocr_par' dir='ltr' id='par_1_103' title="bbox 2201 5366 3711 5435">
     <span class='ocr_line' id='line_1_103' title="bbox 2201 5366 3711 5435; baseline -0.011 0"><span class='ocrx_word' id='word_1_678' title='bbox 2201 5378 2369 5435; x_wconf 71' lang='lat' dir='ltr'><strong>Vsus.</strong></span> <span class='ocrx_word' id='word_1_679' title='bbox 2423 5379 2478 5433; x_wconf 80' lang='lat'><strong>5.</strong></span> <span class='ocrx_word' id='word_1_680' title='bbox 2533 5377 2725 5434; x_wconf 76' lang='lat' dir='ltr'><strong>Revela</strong></span> <span class='ocrx_word' id='word_1_681' title='bbox 2777 5375 3003 5431; x_wconf 85' lang='lat' dir='ltr'><strong>Domina</strong></span> <span class='ocrx_word' id='word_1_682' title='bbox 3034 5373 3175 5428; x_wconf 77' lang='lat' dir='ltr'><strong>viam</strong></span> <span class='ocrx_word' id='word_1_683' title='bbox 3212 5381 3380 5424; x_wconf 82' lang='lat' dir='ltr'><strong>tuam.</strong></span> <span class='ocrx_word' id='word_1_684' title='bbox 3415 5366 3522 5421; x_wconf 87' lang='lat' dir='ltr'><strong>Per</strong></span> <span class='ocrx_word' id='word_1_685' title='bbox 3567 5367 3711 5421; x_wconf 79' lang='lat' dir='ltr'><strong>viam</strong></span> 
     </span>
    </p>
   </div>
   <div class='ocr_carea' id='block_1_104' title="bbox 2131 5458 3712 5529">
    <p class='ocr_par' dir='ltr' id='par_1_104' title="bbox 2131 5458 3712 5529">
     <span class='ocr_line' id='line_1_104' title="bbox 2131 5458 3712 5529; baseline -0.011 -1"><span class='ocrx_word' id='word_1_686' title='bbox 2131 5487 2281 5528; x_wconf 89' lang='lat' dir='ltr'><strong>nunc</strong></span> <span class='ocrx_word' id='word_1_687' title='bbox 2319 5471 2801 5527; x_wconf 85' lang='lat' dir='ltr'><strong>conversationem</strong></span> <span class='ocrx_word' id='word_1_688' title='bbox 2865 5480 2930 5520; x_wconf 90' lang='lat' dir='ltr'><strong>ac</strong></span> <span class='ocrx_word' id='word_1_689' title='bbox 2969 5464 3093 5520; x_wconf 75' lang='lat' dir='ltr'><strong>vita:</strong></span> <span class='ocrx_word' id='word_1_690' title='bbox 3146 5475 3399 5518; x_wconf 84' lang='lat' dir='ltr'><strong>normam</strong></span> <span class='ocrx_word' id='word_1_691' title='bbox 3430 5458 3712 5529; x_wconf 71' lang='lat' dir='ltr'><strong>intelligit,</strong></span> 
     </span>
    </p>
   </div>
   <div class='ocr_carea' id='block_1_105' title="bbox 2131 5550 3713 5636">
    <p class='ocr_par' dir='ltr' id='par_1_105' title="bbox 2131 5550 3713 5636">
     <span class='ocr_line' id='line_1_105' title="bbox 2131 5550 3713 5636; baseline -0.008 -17"><span class='ocrx_word' id='word_1_692' title='bbox 2131 5579 2295 5636; x_wconf 79' lang='lat' dir='ltr'><strong>quam</strong></span> <span class='ocrx_word' id='word_1_693' title='bbox 2359 5561 2675 5617; x_wconf 84' lang='lat' dir='ltr'><strong>visitatione</strong></span> <span class='ocrx_word' id='word_1_694' title='bbox 2724 5576 2790 5617; x_wconf 88' lang='lat' dir='ltr'><strong>ac</strong></span> <span class='ocrx_word' id='word_1_695' title='bbox 2844 5556 3099 5615; x_wconf 86' lang='lat' dir='ltr'><strong>custodia</strong></span> <span class='ocrx_word' id='word_1_696' title='bbox 3152 5554 3247 5610; x_wconf 87' lang='lat' dir='ltr'><strong>Dei</strong></span> <span class='ocrx_word' id='word_1_697' title='bbox 3307 5552 3532 5621; x_wconf 74' lang='lat' dir='ltr'><strong>dignam</strong></span> <span class='ocrx_word' id='word_1_698' title='bbox 3592 5550 3713 5606; x_wconf 80' lang='lat' dir='ltr'><strong>ﬁeri</strong></span> 
     </span>
    </p>
   </div>
   <div class='ocr_carea' id='block_1_106' title="bbox 437 5636 2037 5727">
    <p class='ocr_par' dir='ltr' id='par_1_106' title="bbox 437 5636 2023 5722">
     <span class='ocr_line' id='line_1_106' title="bbox 437 5636 2023 5722; baseline 0.009 -31"><span class='ocrx_word' id='word_1_699' title='bbox 437 5655 558 5709; x_wconf 87' lang='grc' dir='ltr'>ριος</span> <span class='ocrx_word' id='word_1_700' title='bbox 609 5636 731 5692; x_wconf 79' lang='grc' dir='ltr'><strong>ὁδὸν</strong></span> <span class='ocrx_word' id='word_1_701' title='bbox 776 5638 1002 5695; x_wconf 83' lang='grc' dir='ltr'>δικαίων</span> <span class='ocrx_word' id='word_1_702' title='bbox 1029 5656 1045 5672; x_wconf 77' lang='grc' dir='ltr'><strong>ο</strong></span> <span class='ocrx_word' id='word_1_703' title='bbox 1099 5643 1195 5698; x_wconf 75' lang='grc' dir='ltr'>καὶ</span> <span class='ocrx_word' id='word_1_704' title='bbox 1244 5641 1397 5716; x_wconf 73' lang='grc' dir='ltr'><strong>ζήτει</strong></span> <span class='ocrx_word' id='word_1_705' title='bbox 1439 5646 1774 5718; x_wconf 74' lang='grc' dir='ltr'>σαφέστερον</span> <span class='ocrx_word' id='word_1_706' title='bbox 1830 5649 1912 5722; x_wconf 79' lang='grc' dir='ltr'>είς</span> <span class='ocrx_word' id='word_1_707' title='bbox 1959 5650 2023 5705; x_wconf 82' lang='grc' dir='ltr'><strong>τὸ</strong></span> 
     </span>
    </p>
   </div>
   <div class='ocr_carea' id='block_1_107' title="bbox 2136 5636 3715 5727">
    <p class='ocr_par' dir='ltr' id='par_1_107' title="bbox 2136 5642 3715 5726">
     <span class='ocr_line' id='line_1_107' title="bbox 2136 5642 3715 5726; baseline -0.009 -16"><span class='ocrx_word' id='word_1_708' title='bbox 2136 5657 2304 5726; x_wconf 83' lang='lat' dir='ltr'><strong>iubet.</strong></span> <span class='ocrx_word' id='word_1_709' title='bbox 2347 5652 2510 5709; x_wconf 72' lang='lat' dir='ltr'><strong>Novit</strong></span> <span class='ocrx_word' id='word_1_710' title='bbox 2545 5653 2692 5707; x_wconf 89' lang='lat' dir='ltr'><strong>enim</strong></span> <span class='ocrx_word' id='word_1_711' title='bbox 2743 5651 3004 5706; x_wconf 84' lang='lat' dir='ltr'><strong>Dominus</strong></span> <span class='ocrx_word' id='word_1_712' title='bbox 3041 5649 3159 5704; x_wconf 74' lang='lat' dir='ltr'><strong>vias</strong></span> <span class='ocrx_word' id='word_1_713' title='bbox 3199 5646 3474 5718; x_wconf 83' lang='lat' dir='ltr'><strong>justorum</strong></span> <span class='ocrx_word' id='word_1_714' title='bbox 3525 5643 3594 5698; x_wconf 75' lang='lat'><strong>&quot;.</strong></span> <span class='ocrx_word' id='word_1_715' title='bbox 3634 5642 3715 5698; x_wconf 79' lang='lat' dir='ltr'><strong>De</strong></span> 
     </span>
    </p>
   </div>
   <div class='ocr_carea' id='block_1_108' title="bbox 432 5728 1251 5806">
    <p class='ocr_par' dir='ltr' id='par_1_108' title="bbox 432 5728 1251 5806">
     <span class='ocr_line' id='line_1_108' title="bbox 432 5728 1251 5806; baseline 0.006 -21"><span class='ocrx_word' id='word_1_716' title='bbox 432 5728 592 5803; x_wconf 72' lang='grc' dir='ltr'>τέλος</span> <span class='ocrx_word' id='word_1_717' title='bbox 627 5728 727 5799; x_wconf 85' lang='grc' dir='ltr'><strong>τοῦ</strong></span> <span class='ocrx_word' id='word_1_718' title='bbox 760 5728 983 5798; x_wconf 82' lang='grc' dir='ltr'>πρώτου</span> <span class='ocrx_word' id='word_1_719' title='bbox 1013 5732 1251 5806; x_wconf 78' lang='grc' dir='ltr'>ψαλμοῦ.</span> 
     </span>
    </p>
   </div>
   <div class='ocr_carea' id='block_1_109' title="bbox 499 5847 880 5925">
    <p class='ocr_par' dir='ltr' id='par_1_109' title="bbox 499 5847 880 5925">
     <span class='ocr_line' id='line_1_109' title="bbox 499 5847 880 5925; baseline -0.008 -18"><span class='ocrx_word' id='word_1_720' title='bbox 499 5850 548 5907; x_wconf 64' lang='lat' dir='ltr'><strong>‘P</strong></span> <span class='ocrx_word' id='word_1_721' title='bbox 577 5847 727 5925; x_wconf 33' lang='lat' dir='ltr'><strong>Psal‘.</strong></span> <span class='ocrx_word' id='word_1_722' title='bbox 762 5864 803 5919; x_wconf 67' lang='grc' dir='ltr'>ι,</span> <span class='ocrx_word' id='word_1_723' title='bbox 827 5847 880 5915; x_wconf 71' lang='grc' dir='ltr'><strong>(ξ.</strong></span> 
     </span>
    </p>
   </div>
   <div class='ocr_carea' id='block_1_110' title="bbox 2131 5734 3709 5816">
    <p class='ocr_par' dir='ltr' id='par_1_110' title="bbox 2131 5734 3709 5816">
     <span class='ocr_line' id='line_1_110' title="bbox 2131 5734 3709 5816; baseline -0.008 -16"><span class='ocrx_word' id='word_1_724' title='bbox 2131 5760 2242 5816; x_wconf 85' lang='lat' dir='ltr'><strong>quo</strong></span> <span class='ocrx_word' id='word_1_725' title='bbox 2264 5742 2412 5808; x_wconf 88' lang='lat' dir='ltr'><strong>vide,</strong></span> <span class='ocrx_word' id='word_1_726' title='bbox 2441 5756 2562 5812; x_wconf 71' lang='lat' dir='ltr'><strong>qua:</strong></span> <span class='ocrx_word' id='word_1_727' title='bbox 2587 5741 2737 5797; x_wconf 85' lang='lat' dir='ltr'><strong>circa</strong></span> <span class='ocrx_word' id='word_1_728' title='bbox 2764 5742 2928 5798; x_wconf 86' lang='lat' dir='ltr'><strong>linem</strong></span> <span class='ocrx_word' id='word_1_729' title='bbox 2969 5739 3134 5812; x_wconf 90' lang='lat' dir='ltr'><strong>primi</strong></span> <span class='ocrx_word' id='word_1_730' title='bbox 3165 5735 3364 5811; x_wconf 78' lang='lat' dir='ltr'><strong>psalmi</strong></span> <span class='ocrx_word' id='word_1_731' title='bbox 3383 5734 3530 5788; x_wconf 80' lang='lat' dir='ltr'><strong>dicta</strong></span> <span class='ocrx_word' id='word_1_732' title='bbox 3553 5740 3709 5788; x_wconf 83' lang='lat' dir='ltr'><strong>sunt.</strong></span> 
     </span>
    </p>
   </div>
  </div>
