4078 6420
371 344 479 407 4ὶ5

1612 356 1998 428 EUTHYMII
2037 373 2398 435 ZlGABENl

3545 395 3650 461 416

444 454 611 523 Spera
663 457 717 508 in
751 473 832 514 eo.
877 459 1087 518 Rursus
1128 479 1278 532 spem
1341 469 1643 537 protendit,
1705 480 1930 544 tanquau

444 548 747 579 ουρὲσινῖαηιι
776 550 838 579 ita
865 553 950 579 nu:
979 554 1029 579 :..
1058 555 1446 579 -m:...2.._:n._--
1592 571 1605 579 .
1781 568 1834 579 -._
1910 569 1922 579 .

2029 511 2042 537 ι
2138 483 2247 537 Καί
2277 485 2539 541 ἐλπισον
2565 490 2661 544 ἐπ’
2692 493 2902 548 αὐτόν.
2940 497 3109 550 Πάλιν
3168 501 3266 570 τὴν
3294 503 3486 558 ἐλπίδα
3515 527 3650 579 προ-

367 548 747 601 necessariam
776 550 841 604 iis
863 553 951 621 qui
978 554 1029 606 in
1056 555 1450 615 amictionibus
1482 571 1612 617 sunt
1639 568 1958 636 constituti;

372 637 492 690 sola
529 640 676 692 enim
711 656 838 708 spes
877 646 1077 700 minuit
1107 649 1355 707 dolores.

443 726 513 781 Et
542 731 654 798 ipse
703 735 884 802 faciet.
954 736 1140 795 Faciet
1197 735 1485 812 nimirum,
1536 765 1658 819 quae
1696 754 1859 823 petis,
1907 764 1962 812 ct

365 835 487 888 quae
524 821 862 880 conducunt.

446 910 604 967 Vsus.
645 914 699 968 6.
733 915 802 971 Et
833 920 1016 976 educet
1068 927 1225 993 quasi
1262 926 1439 984 lumen
1475 933 1752 999 justitiam
1784 943 1954 994 tuam.

361 1003 584 1059 Justitia'
621 1008 725 1063 hoc
783 1012 835 1064 iu
893 1013 1014 1070 loco
1065 1022 1331 1074 sumenda
1395 1032 1482 1078 est
1525 1041 1624 1094 pro
1648 1027 1801 1097 justa
1831 1047 1958 1086 sen-

363 1099 560 1154 tentia.
593 1099 660 1154 Et
697 1103 917 1171 educet,
954 1108 1160 1178 inquit,
1185 1112 1395 1182 justam
1422 1115 1490 1171 de
1516 1127 1567 1172 te
1599 1121 1950 1189 sententiam,

362 1187 700 1262 luininisque
735 1197 1026 1265 cujusdam
1058 1203 1234 1258 instar
1280 1205 1590 1278 fulgentem
1621 1215 1694 1267 ac
1723 1216 1950 1285 conspi-

359 1291 523 1331 cnam
619 1294 806 1337 coram
864 1290 1122 1346 oni-uibus
1189 1285 1508 1354 cens'ti'tuet.
1574 1303 1740 1356 Pater
1804 1315 1948 1372 tuus,

359 1368 542 1439 inquit
594 1373 750 1442 alibi,
802 1379 894 1446 qui
945 1382 1080 1435 videt
1132 1385 1185 1438 in
1226 1388 1453 1453 occulto,
1505 1392 1694 1447 reddet
1749 1397 1846 1450 tibi
1892 1368 1950 1452 ενι

358 1464 643 1532 mani/esto
672 1464 740 1520 ⁸⁷.
767 1460 865 1524 Vel
897 1471 1088 1528 afferet
1118 1475 1372 1532 virtutem
1409 1489 1556 1536 tuam
1597 1485 1652 1538 in
1682 1487 1944 1552 medium,

348 1552 647 1625 divulga'trs
676 1555 795 1613 eain
834 1565 992 1630 quasi
1055 1579 1254 1633 purum
1311 1569 1518 1636 lumen,
1551 1585 1605 1628 et
1636 1575 1946 1642 praedicans

359 1644 412 1696 in
449 1651 700 1716 tempore
749 1664 1084 1720 opportuno.

429 1735 497 1788 Et
521 1738 788 1806 judicium
844 1752 990 1798 tuum
1040 1755 1294 1820 tanquam
1347 1758 1645 1816 meridiem.
1686 1761 1944 1822 Eamdem

354 1831 556 1897 repetit
588 1835 942 1891 sententiam.
983 1837 1242 1898 Meridies
1269 1847 1414 1900 enim
1450 1865 1586 1916 pura
1635 1863 1684 1908 ct
1725 1851 1944 1914 sincera
1978 1837 2018 1893 Β
2049 1863 2196 1932 λέγει

352 1927 437 1972 est
493 1936 558 1975 ac
589 1921 994 1995 fulgentissima
1024 1931 1132 1985 diei
1169 1934 1285 1990 lux.
1314 1936 1410 1992 Vel
1446 1940 1644 1999 educet
1668 1945 1942 2014 judicium

352 2020 504 2065 tuum
542 2055 557 2080 ,
614 2015 721 2070 hoc
774 2027 881 2086 est,
933 2027 1413 2084 conversationem
1460 2048 1525 2088 ac
1573 2036 1739 2092 vitam
1793 2040 1944 2097 illam

351 2121 517 2173 quam
578 2107 789 2176 judicio
845 2119 944 2170 tuo
1015 2116 1115 2171 tibi
1174 2125 1491 2181 sectandam
1561 2134 1941 2203 proposuisti,

351 2197 674 2262 publicabit,
709 2211 764 2257 et
799 2207 1058 2264 omnibus
1087 2212 1270 2266 notam
1311 2216 1500 2282 faciet,
1538 2197 1596 2275 u—t
1627 2197 1938 2283 meridiem.

350 2285 608 2346 Meridies
661 2294 807 2348 enim
871 2301 1130 2358 omnibus
1188 2313 1271 2361 est
1341 2311 1703 2380 manifestus,
1772 2319 1939 2375 veluti

348 2365 790 2444 splendidissima
832 2401 896 2440 ac
921 2389 1303 2450 lucentissima
1334 2399 1441 2455 diei
1471 2419 1620 2471 pars.

419 2468 674 2527 Subditus
719 2485 831 2531 esto
888 2479 1137 2537 Domino.
1187 2485 1426 2546 Servans
1485 2496 1742 2551 nimirum
1796 2501 1941 2560 illius

349 2565 630 2631 mandata,
663 2577 716 2622 et
752 2585 860 2625 non
888 2587 1031 2643 aegre
1085 2575 1267 2636 ferens
1307 2580 1516 2652 ﬂagella
1551 2587 1619 2642 ab
1653 2605 1718 2644 eo
1751 2594 1936 2658 missa,

347 2654 441 2704 sed
474 2657 680 2724 gratias
735 2661 785 2713 ei
838 2677 1028 2733 agens,
1085 2673 1244 2737 quasi
1298 2675 1574 2733 erudienti
1627 2690 1678 2736 te
1725 2697 1790 2737 ac
1843 2701 1940 2739 ca-

416 2831 486 2884 Et
531 2850 625 2888 ora
658 2853 800 2894 eum.
841 2840 910 2897 Ut
953 2845 1170 2902 scilicet
1200 2852 1533 2914 misereatur
1587 2863 1666 2917 tui
1711 2873 1764 2920 et
1806 2882 1936 2938 pro-

342 2930 488 2992 tegat
531 2933 602 2980 te.
1154 2967 1157 2972 -
1283 2941 1302 2964 ‘

413 3014 577 3072 Vsus.
616 3019 667 3074 7.
702 3020 786 3076 Ne
817 3028 1084 3085 amzuleria
1131 3035 1186 3087 in
1227 3052 1310 3098 eo,
1369 3041 1460 3107 qui
1495 3060 1844 3115 prosperatur
1879 3053 1931 3106 in

342 3104 427 3156 via
457 3119 579 3170 sua,
608 3109 662 3162 in
691 3112 903 3171 homine
935 3119 1167 3187 faciente
1212 3114 1572 3196 iniquitatem.
1603 3123 1730 3192 Haec
1767 3143 1927 3196 verba

338 3198 591 3254 eumdem
626 3216 861 3261 sensum'
888 3210 1114 3282 habent,
1152 3235 1317 3289 quam
1359 3225 1491 3281 illa:

336 3289 392 3342 in
427 3291 870 3365 indignantibus,
924 3315 1090 3376 neque
1135 3316 1404 3373 cenmleris
1443 3319 1699 3385 facientes
1734 3326 1932 3398 iniqui-

335 3389 532 3436 tatem:
565 3389 754 3441 verum
792 3396 1072 3460 apertiora
1111 3413 1259 3458 sunt.
1299 3405 1382 3472 Et,
1419 3411 1548 3464 dum
1586 3414 1661 3467 ait
1699 3432 1712 3468 :
1752 3389 1927 3485 In'eo,

329 3475 427 3542 qui
461 3489 805 3545 prosperatur
862 3487 916 3540 in
968 3491 1054 3544 via
1105 3510 1226 3561 sua,
1283 3499 1537 3557 distinxit
1571 3505 1637 3562 de
1685 3526 1926 3578 quonam

340 3565 650 3635 loquatur:
717 3573 786 3629 de
840 3577 1052 3646 injusto
1112 3586 1399 3646 nimirum.
1450 3592 1587 3650 Nam
1655 3565 1924 3672 alioquin,

329 3657 383 3708 si
435 3657 629 3724 justus
690 3664 783 3729 sit,
819 3669 912 3736 qui
948 3671 1335 3749 prosperatur,
1398 3682 1604 3743 imitari
1653 3657 1800 3746 eum'
1835 3696 1925 3752 de-

335 3748 548 3804 bemus.

409 3839 578 3898 Vens.
613 3846 664 3902 8.
706 3847 902 3907 Desine
943 3858 1008 3910 ab
1046 3858 1148 3922 ira,
1203 3871 1253 3916 et
1307 3867 1608 3940 derelinque
1667 3861 1924 3944 [urorem.

336 3931 471 3984 Cum
507 3935 683 4002 vides,
737 3941 938 4011 inquit,
995 3948 1234 4017 injustos
1283 3931 1537 4016 homines
1591 3964 1643 4018 in
1667 3931 1924 4025 secunda

333 4038 458 4078 esse
492 4024 737 4096 fortuna,
795 4036 907 4089 noli
969 4039 1156 4106 irasci,
1216 4055 1312 4100 aut
1343 4049 1617 4121 indignari
1646 4072 1773 4129 erga
1805 4078 1924 4129 eos,

337 4117 495 4179 quasi
527 4129 724 4187 praeter
751 4123 804 4177 id
840 4138 1258 4201 prosperentur,
1287 4140 1435 4206 quod
1465 4117 1566 4212 par
1587 4155 1678 4200 est
1701 4117 1925 4220 :vncque

332 4211 512 4260 tecum
539 4208 658 4278 ipse
693 4212 827 4268 illud
873 4217 1086 4286 doleas,
1141 4227 1289 4293 quod
1333 4230 1406 4283 ob
1454 4208 1732 4290 summum
1768 4208 1920 4296 tuitui

325 4309 459 4363 erga
513 4297 747 4356 virtutes
803 4319 1043 4362 amorem
1109 4313 1295 4381 potius
1354 4317 1630 4376 infelicior
1686 4325 1788 4380 sis.
1840 4327 1921 4383 Ira

325 4391 512 4438 autem
536 4396 589 4439 et
615 4389 926 4463 indignatio
960 4396 1049 4452 hic
1080 4400 1222 4454 idem
1262 4403 1579 4473 significant
1607 4426 1620 4463 :
1653 4429 1841 4468 verum
1875 4420 1917 4472 si

321 4487 518 4527 eorum
552 4477 923 4537 differentiam
961 4490 1204 4554 quaeris,
1255 4493 1378 4549 vide
1421 4513 1546 4567 quae
1590 4509 1920 4572 exponendo
1954 4515 1997 4568 Ι)

330 4565 636 4623 dixerimus
667 4574 814 4627 circa
854 4577 1186 4648 principium
1221 4588 1363 4641 sexti
1400 4594 1625 4658 psalmi.

402 4652 486 4708 Ne
540 4659 833 4728 terna/eris,
893 4670 1314 4739 utmaligneris.
1373 4652 1512 4744 Quia
1569 4697 1768 4752 pravos
1813 4689 1914 4744 ali-

327 4749 574 4815 quando,
612 4761 663 4805 ct
713 4755 1014 4825 aliquando
1063 4764 1256 4825 bonos,
1284 4774 1634 4841 aunulamur,
1676 4781 1909 4849 primam

327 4840 693 4898 armulationis
746 4851 980 4916 speciem
1051 4859 1275 4912 avertit.
1337 4860 1474 4918 Nam
1529 4840 1776 4925 a'tnulari
1841 4873 1910 4927 ad

331 4930 558 4997 bonum,
615 4947 989 4998 rectum‘cst.
1045 4946 1111 5001 Et
1171 4954 1461 5011 considera
1525 4965 1805 5030 quomodo
1859 4965 1914 5020 in

322 5022 604 5103 principio
649 5031 845 5096 psalmi
895 5037 1188 5098 obscurius
1219 5022 1556 5115 hujustnodi'
1585 5054 1914 5112 admonitio-

319 5206 606 5274 aliquauto
632 5226 753 5266 eam
786 5219 1031 5285 apertius
1062 5225 1384 5295 declaravit,
1419 5246 1483 5286 ac
1514 5250 1660 5291 nunc
1688 5241 1908 5296 tandem

319 5296 543 5364 plenius
605 5304 954 5361 manifestam
1012 5313 1164 5368 facit.
1218 5317 1424 5374 Eadem
1478 5332 1662 5379 autem
1709 5330 1912 5397 saepius

320 5391 520 5457 repetit
550 5391 849 5465 Propheta,
879 5408 935 5453 et
968 5417 1136 5473 supra
1164 5415 1331 5477 atque
1383 5411 1523 5468 infra
1563 5429 1626 5468 ea
1661 5421 1911 5489 revolvit,

321 5494 557 5545 sperans
632 5487 736 5543 hac
802 5496 1078 5553 sermonis
1145 5505 1513 5572 perpetuitate
1562 5508 1774 5566 firmam
1845 5529 1912 5569 ac

321 5569 578 5626 stabilem
607 5575 922 5637 doctrinam
955 5586 1008 5640 in
1041 5569 1358 5648 auditorum
1386 5609 1550 5653 aures
1584 5598 1904 5658 immittere.

326 5659 533 5728 painde
557 5669 713 5734 ponit
745 5687 994 5747 causam,
1030 5697 1201 5752 quare
1237 5688 1650 5760 malignandum
1682 5709 1790 5750 non
1815 5697 1906 5752 sit.

387 5773 434 5816 1⁵⁷
467 5773 659 5834 Matth.
698 5799 771 5849 γι,
801 5784 854 5846 ᾧ.

2063 574 2252 641 τείνει,
2302 577 2379 641 ὡς
2414 580 2718 648 ἀναγκαίαν
2765 589 2880 649 τοῖς
2933 589 2993 641 ἐν
3031 588 3242 660 θλίψεσι
3279 610 3294 625 ·

2064 667 2251 731 αὐτοῖς
2276 670 2620 740 ἐπικουφίζει
2652 675 2714 727 τὸ
2749 677 2935 743 ἄλγος.

2131 764 2241 818 Καὶ
2271 765 2454 832 αὺτές
2488 768 2752 838 ποιήσει.
2781 773 3002 844 Ποιήσει
3036 775 3071 830 ἃ
3108 775 3370 846 ἐλπίζεις,
3396 781 3431 836 ἃ
3455 784 3647 850 αίτεῖς,

2057 855 2094 910 ἃ
2121 859 2412 928 συμφέρει.

2143 949 2406 1014 Ἐξοίσει
2435 951 2516 1016 ὡς
2536 951 2662 1020 φῶς
2697 955 2812 1021 τὴν
2843 955 3248 1028 δικαιοσύνην
3264 981 3401 1020 σου.
3427 969 3648 1022 Δικαιο-

2057 1041 2225 1109 σὺνην
2257 1044 2490 1097 ἐνταῦθα
2538 1045 2774 1115 ληπτέον
2814 1051 2912 1120 τὴν
2957 1053 3172 1108 δικαίαν
3203 1058 3500 1127 ἀπόφασιν.
3537 1063 3647 1117 Kal.

2056 1134 2340 1208 ἐξενέγκῃ,
2379 1139 2537 1208 φησὶ,
2571 1141 2669 1210 τὴν
2720 1144 2872 1214 παρὰ
2925 1147 3019 1200 σοῦ
3077 1151 3294 1204 δικαίαν
3343 1154 3643 1223 ἀπόφασιν,

2053 1227 2131 1290 ὡς
2159 1229 2274 1296 φῶς
2313 1229 2577 1303 λαμπρὰν
2611 1235 2846 1290 ἐνώπιον
2873 1224 3152 1299 ἁπάντων.
3191 1245 3254 1299 Ὀ
3284 1249 3489 1316 Πατήρ
3525 1266 3644 1307 σου

2053 1317 2184 1391 γὰρ.
2217 1323 2403 1392 φησὶν,
2438 1327 2472 1378 ὁ
2509 1326 2764 1391 ,ϐλέπων
2795 1331 2866 1384 ἐν
2903 1331 2982 1398 τῷ
3031 1337 3293 1403 κρυπτῷ,
3341 1341 3645 1397 ἀποδώσει

2053 1427 2151 1466 σοι
2185 1413 2255 1466 ἐν
2284 1413 2363 1480 τῷ
2407 1419 2667 1487 φανερῷ.
2710 1422 2782 1476 Ἢ
2829 1423 3092 1499 ἐξενέγκῃ
3138 1427 3236 1500 τὴν
3295 1432 3498 1503 ἀρετήν
3547 1454 3644 1489 σου

2051 1504 2129 1566 είς
2160 1505 2220 1556 τὸ
2249 1506 2436 1574 μέσον,
2495 1509 2571 1574 ὡς
2618 1512 2733 1578 φῶς
2791 1515 3033 1586 καθαρὸν
3065 1519 3408 1590 δημοσιεύων
3445 1527 3642 1599 αὐτὴν,

2051 1597 2142 1648 καὶ
2166 1583 2560 1668 ἀνακηρύττων
2588 1604 2644 1656 ἐν
2675 1606 2851 1676 καιρῷ
2882 1608 2959 1678 τῷ
2994 1614 3356 1683 προσήκοντι.

3354 597 3492 670 μόνη
3542 601 3651 673 γὰρ

2121 1772 2229 1826 Kal
2264 1774 2331 1826 τὸ
2363 1775 2539 1845 κρῖμα
2597 1795 2716 1834 σου
2763 1782 2844 1848 ὡς
2899 1789 3302 1856 μεσημϐρίαν.
3350 1793 3420 1845 Ἦ
3447 1797 3644 1850 ταύτὸν

2226 1868 2290 1936 τῇ
2322 1869 2562 1940 προτέρᾳ
2586 1871 2865 1944 ἐξηγήσει,
2890 1878 2957 1948 τῇ
2997 1878 3125 1948 περὶ
3146 1884 3245 1949 τῆς
3275 1886 3605 1952 ἀποφάσεως
3627 1902 3640 1916 ·

2051 1956 2407 2026 μεσημόρίαν
2464 1960 2573 2031 γὰρ
2633 1963 2692 2015 τὸ
2741 1965 3044 2036 ἀκραιφνὲς
3099 1971 3196 2024 καὶ
3251 1973 3489 2042 ἀκμαῖον
3546 1977 3644 2031 τοῦ

2048 2045 2226 2112 φωτὸς
2261 2048 2359 2118 τῆς
2386 2050 2599 2120 ἡμέρας
2626 2071 2638 2083 ο
2675 2054 2708 2121 ἢ
2739 2057 2900 2111 πάλιν
2951 2059 3024 2114 Τὸ
3064 2062 3242 2132 κρῖμα
3286 2083 3426 2132 σου,
3481 2086 3644 2123 τουτ-

2047 2137 2215 2203 έστιν,
2265 2139 2367 2193 Ἦν
2398 2141 2620 2212 ἔκρινας
2653 2147 2747 2199 καὶ
2778 2149 2924 2202 εἵλου
2976 2153 3278 2220 πολιτείαν,
3323 2158 3644 2228 δημοσιεύει

2043 2229 2122 2292 ὡς
2150 2232 2501 2302 μεσημϐρίαν
2529 2253 2545 2269 ο
2578 2238 2713 2291 πᾶσι
2743 2239 2908 2312 γάρή
2949 2245 3269 2316 μεσημϐρία
3306 2251 3642 2323 κατάδηλος,

2045 2314 2133 2373 οἷα
2159 2321 2544 2395 λαμπροτάτη.
2580 2320 2588 2328 ’

2123 2500 2490 2570 ’Υποτάγηθι
2531 2505 2609 2570 τῷ
2661 2511 2881 2576 Κυρίῳ.
2914 2513 3208 2570 Φυλάττων
3253 2518 3351 2581 τὰς
3413 2522 3631 2585 ἐντολὰς

2043 2591 2209 2644 αὐτοῦ
2238 2609 2252 2623 ·
2297 2595 2328 2663 ἦ
2368 2596 2464 2647 καὶ
2499 2597 2572 2666 μὴ
2611 2599 3028 2672 δυσανασχετῶν
3063 2609 3200 2678 πρὸς
3230 2612 3326 2672 τὰς
3355 2613 3627 2684 ἐπαγομέ-

2042 2699 2139 2746 νας
2171 2683 2467 2754 μάστιγας,
2499 2690 2615 2742 ἀλλ’
2646 2693 2991 2765 εὐχαριστῶν
3023 2700 3350 2758 παιδεύοντι.

2111 2867 2217 2921 Kal
2249 2870 2567 2926 ἱκέτευσον
2601 2877 2812 2933 αὐτόν.
2848 2879 3012 2934 Ὥστε
3044 2882 3334 2955 ἐλεηθῆναι
3371 2889 3463 2942 καὶ
3502 2908 3621 2944 σκε-

2039 2959 2335 3031 σπασθῆναι.

2108 3053 2206 3118 Μὴ
2233 3054 2600 3124 «amabilon
2651 3059 2723 3113 ἐν
2767 3061 2848 3127 τῷ
2893 3067 3384 3146 κατευοδουμένῳ
3435 3073 3506 3127 ἐν
3553 3074 3632 3146 τῇ

1958 3171 2001 3229 c
2036 3145 2154 3212 ὀδῷ
2209 3150 2419 3213 αὐτοῦ,
2458 3151 2528 3204 ἐν
2564 3153 2857 3220 ἀνθρώπῳ
2908 3160 3187 3216 ποιοῦντι
3223 3144 3625 3236 ίαρανομίακ.

1545 3226 1629 3284 Ne
1661 3234 1938 3290 aemulari:
1971 3226 1988 3229 ⁷
2035 3239 2222 3294 Ταῦτα
2250 3243 2449 3295 ταύτὸν
2501 3245 2600 3312 μὲν

2659 3245 2915 3302 δύνανται
2972 3251 3088 3321 τῷο
3143 3258 3240 3322 Μὴ
3277 3258 3628 3327 παραζήλου

2031 3331 2102 3384 ἐν
2134 3336 2669 3404 ποιήρευομένοις,
2703 3339 2859 3407 μηδὲ
2893 3342 3080 3408 ζήλου
3127 3348 3270 3414 τοὺς
3299 3351 3629 3419 ποιοῦντας

2032 3423 2148 3489 τὴν
2186 3426 2445 3494 ἀνομίαν
2472 3444 2484 3457 ·
2531 3432 2738 3483 κεῖνται
2778 3432 2832 3484 δὲ
2870 3438 3274 3510 φανερώτερον.
3327 3442 3512 3496 Εξτιὼν
3542 3447 3623 3509 δὲ,

2030 3515 2138 3568 Ἐν
2157 3517 2237 3582 τῷ
2258 3521 2750 3592 κατευοόουμένφ
2778 3524 2849 3578 ἐν
2882 3527 2954 3594 τῇ
2983 3529 3104 3594 ὀδῷ
3131 3534 3339 3599 αὐτοῦ,
3362 3535 3626 3592 διέστειλε

2031 3607 2160 3675 περὶ
2193 3609 2350 3662 ποίου
2402 3609 2576 3678 λέγει,
2634 3613 2716 3665 ὅτι
2774 3618 2907 3687 περὶ
2961 3618 3056 3671 τοῦ
3115 3623 3447 3693 παρανόμου
3477 3642 3493 3656 ·
3528 3628 3626 3680 τὸν

2031 3695 2141 3765 γὰρ
2169 3697 2380 3751 δίκαιον
2408 3702 2765 3772 εὐοδούμενον
2805 3709 3096 3777 μιμεῖσθαι
3141 3712 3340 3782 χρεών.

2098 3874 2340 3929 Παῦσαι
2395 3879 2518 3932 ἀπὸ
2570 3881 2789 3950 ὀργῆς,
2839 3885 2939 3939 καὶ
2994 3887 3362 3956 ἐγκατάλιπε
3405 3897 3616 3964 θυμόν.

2027 3965 2254 4020 Βλέπων
2299 3970 2444 4032 τοὺςέ
2477 3971 2700 4036 ἀδίκους
2752 3975 3190 4047 εὐημεροῦντας,
3245 3983 3318 4053 μὴ
3368 3985 3616 4054 ὁργίζου,

2030 4057 2168 4127 μηδὲ
2228 4059 2426 4130 θυμοῦ,
2497 4065 2635 4133 μήτε
2693 4068 2815 4118 κατ’
2876 4070 3095 4137 αὐτῶν,
3147 4072 3221 4136 ὡς
3277 4078 3409 4146 παρ’
3463 4078 3618 4142 ἀξίαν

2026 4140 2420 4220 εὗτυχούντων,
2456 4147 2780 4225 μήτεκατᾶ
2810 4161 3064 4227 σεαυτοῦ,
3113 4162 3190 4226 ὡς
3229 4165 3318 4218 διὰ
3349 4168 3411 4220 τὸ
3441 4170 3620 4236 φιλεῖν

2024 4241 2126 4312 τὴν
2156 4243 2362 4313 ἀρετὴν
2407 4245 2611 4314 μᾶλλον
2641 4247 3060 4319 δυστυχοῦντος.
3125 4254 3220 4307 Ἐκ
3265 4259 3618 4330 παραλλήλου

2023 4332 2080 4385 δὲ
2112 4333 2207 4386 νῦν
2239 4334 2385 4417 ὀργὴ.
2411 4339 2504 4390 καὶ
2530 4337 2699 4406 θυμός
2736 4356 2751 4371 ο
2794 4343 2845 4423 εί
2888 4343 2946 4396 δὲ
2979 4345 3074 4396 καὶ
3105 4345 3372 4419 διαφορὰν
3409 4352 3612 4423 ζητεῖς,

2025 4413 2282 4495 εὑρήσεις
2319 4413 2385 4479 ἐν
2409 4428 2558 4498 ἀρχῇ
2585 4420 2679 4482 τόδ
2715 4420 2875 4488 εκτάυ
2908 4423 3151 4507 ψαλμοῦ.

2094 4689 2191 4757 Μὴ
2263 4691 2612 4762 παραζήλου
2680 4695 2836 4752 ὥστε
2917 4707 3378 4771 πονηρεύεσθαι.
3457 4709 3610 4763 Ἐπεὶ

2024 4780 2336 4851 παραζηλοῖ
2393 4801 2480 4845 τις
2525 4786 2622 4838 καὶ
2679 4789 2758 4850 είς
2816 4792 3058 4861 πονηρὸν
3111 4797 3207 4848 καὶ
3260 4797 3487 4864 ἀγαθὸν,
3550 4802 3610 4854 τδ

1977 4874 2238 4944 .πρῶτον
2297 4876 2600 4946 ἀποτρέπει
2627 4893 2643 4920 ‹·
2698 4880 2769 4932 -τὸ
2828 4882 2979 4952 -γὰρ-
3010 4889 3401 4959 παραζηλιοῦν,
3465 4894 3606 4948 ῶστε

2021 4966 2446 5034 χρηστεύεσθαι,
2483 4970 2648 5024 καλόν
2679 4973 2850 5028 ἐστιν.
2881 4977 3025 5063 Ὅρα
3057 4980 3116 5033 δὲ
3157 4983 3308 5048 ὅπως
3343 4987 3411 5066 ,ὲν
3461 4990 3604 5059 ἀρχῇ

2015 5055 2096 5118 τὸ,
2141 5054 2236 5123 Μὴ
2268 5055 2637 5125 παραζήλὸυ,
2669 5060 3015 5133 δύσφραστον
3039 5070 3262 5125 ’τέθεικε
3291 5091 3305 5106 ·
3343 5054 3600 5147 ’παροικιιιἶ

2016 5139 2147 5193 τιὼν
2207 5143 2288 5208 δὲ,
2355 5145 2697 5217 σαφέστερον
2753 5151 2887 5206 αὐτὸ
2939 5160 3287 5232 προστέθηκε
3319 5180 3334 5194 ·
3402 5139 3495 5220 vim
3548 5169 3604 5221 δὲ

2013 5232 2194 5287 τέλεον
2263 5235 2396 5289 αὐτὸ
2465 5238 2814 5311 ἐσαφήνισεν.
2881 5247 3153 5315 Πολλάκις
3203 5255 3260 5308 δὲ
3329 5261 3399 5312 τὰ
3465 5263 3604 5317 αὐτα

2016 5327 2186 5396 λέγει,
2243 5331 2336 5382 καὶ
2392 5331 2645 5386 ἅνωκαὶ
2704 5335 2857 5391 κάτω
2907 5341 3167 5412 στρέφει,
3229 5340 3470 5416 βεϐαίαν
3504 5354 3602 5424 τὴν

2014 5419 2364 5476 διδασκαλίαν
2399 5425 2521 5486 ταῖς
2555 5423 2666 5479 τῶν
2711 5428 3000 5499 ἀκροατῶν
3045 5434 3248 5506 ψυχαῖς
3291 5419 3598 5516 ἐναπεργᾶ-

2016 5513 2215 5567 σασθαι
2258 5514 2348 5568 διὰ
2391 5516 2490 5584 τῆς
2543 5519 2826 5588 συνεχείας
2857 5531 3410 5601 πραγματευόμενος.
3467 5513 3599 5595 Εἶτα

2013 5605 2194 5676 τίθησι
2235 5607 2327 5660 καὶ
2370 5607 2468 5678 τὴν
2497 5607 2682 5662 αἰτίαν
2709 5610 2806 5665 τοῦ
2842 5613 3062 5685 μὴ’δεῖν
3099 5624 3524 5694 πονηρεύεσϐαι.
