4078 6416
410 391 519 456 419

1655 378 2044 453 EUTHYMII
2068 372 2440 449 ZIGABENl

3580 366 3690 448 4'20

408 508 582 566 veluti
645 508 715 565 iis
773 508 869 581 qui
930 509 1081 580 pravi
1132 507 1548 592 erant..0mnis
1616 510 1788 572 enim,
1823 504 1998 577 inquit

2113 519 2354 572 χαιραν,
2377 503 2448 556 ἐν
2473 500 2741 571 μαχαίρᾳ
2774 499 3185 556 ἀποθανεῖται.
3229 495 3353 553 Εἶεν
3384 498 3429 552 δ’
3459 498 3526 553 ἂν
3558 502 3692 572 ῥομ-

410 600 703 665 Dominus,
736 600 826 670 qui
870 602 1130 670 acceperit
1162 600 1426 672 gladium,
1473 599 1655 671 gladio
1715 601 1902 670 peribit
1931 599 1998 650 ⁸⁸.

415 688 646 745 Gladius
677 700 942 761 praeterea
974 698 1031 746 et
1071 705 1236 747 arcus
1263 692 1442 763 accipi
1467 691 1558 747 hic
1620 700 1852 761 possunt
1902 706 2003 762 pro

414 784 605 853 lingua
636 784 1028 855 malignorum.
1069 784 1441 841 Dentes'enim
1473 800 1682 850 eorum,
1718 784 1852 838 alibi
1918 785 2003 840 in-

411 872 554 940 quit,
582 887 736 926 arma
789 881 839 927 et
868 873 1100 945 sagitta,
1130 882 1181 928 et
1212 874 1398 946 lingua
1421 890 1603 929 eorum
1627 867 1843 945 gladius
1869 888 1999 928 acu-

412 973 497 1018 tus
520 963 589 1017 9'.
614 963 842 1035 Propria
877 966 1044 1038 igitur
1079 968 1263 1039 llngua
1300 983 1397 1025 eos
1421 969 1740 1027 interficiet.
1769 976 1825 1024 et
1855 968 2000 1024 labia

409 1068 604 1109 eorum
631 1066 810 1111 morte
840 1056 1286 1126 exstinguentur.

481 1146 650 1203 Vsus.
685 1147 775 1205 16.
848 1147 1047 1204 Melius
1072 1159 1151 1205 est
1184 1151 1453 1205 modicum
1475 1151 1629 1220 justo
1667 1162 1830 1220 super
1860 1149 1999 1205 divi-

412 1239 518 1292 tias
545 1249 881 1309 peccatorum
914 1242 1134 1298 multas.
1174 1243 1376 1298 Verum
1408 1244 1583 1299 multo
1625 1245 1824 1299 melius
1859 1257 1886 1295 a
1904 1242 2000 1312 ju-

409 1337 497 1384 sto
556 1331 779 1387 homine
827 1347 953 1389 esse
1014 1343 1277 1390 censetur
1331 1333 1611 1389 modicum
1661 1333 1793 1404 qttid
1850 1333 2002 1403 juste

410 1432 664 1490 partum:
701 1433 867 1494 atque
920 1426 1046 1481 ideo
1109 1427 1269 1498 plttra
1336 1441 1445 1480 non
1478 1426 1685 1497 appetit
1744 1441 1869 1480 cum
1914 1426 2001 1480 in-

405 1513 644 1581 iustitia.
709 1514 918 1572 Horum
987 1518 1172 1588 itaque
1224 1517 1546 1574 felicitatem
1604 1519 1850 1573 aemulari
1897 1534 2000 1574 nos

407 1616 654 1675 oportet.

430 1755 443 1765 ,
480 1694 649 1752 Vens.
683 1698 774 1751 l7.
830 1698 975 1765 Quia
1014 1699 1235 1754 brachia
1283 1704 1579 1771 peccatoris
1636 1711 1998 1757 conterentur.

409 1785 641 1842 Brachia
684 1789 828 1845 vires
884 1792 1202 1861 appellavit,
1235 1793 1290 1846 in
1317 1792 1520 1863 quibus
1551 1803 1666 1849 tota
1691 1810 1832 1865 pene
1864 1809 1997 1865 ope-

409 1880 564 1935 randi
597 1897 663 1937 ac
691 1881 895 1938 laboris
933 1885 1017 1939 vis
1042 1884 1322 1940 consistit.

478 1973 775 2042 Conﬁrmat
810 1985 985 2030 autem
1009 1977 1193 2045 justas
1231 1977 1518 2034 Dominus.
1554 1976 1796 2035 Vexatos
1833 1979 1999 2035 nimi-

408 2081 531 2120 rum
562 2067 630 2121 ab
652 2067 886 2136 iniquis,
921 2082 1022 2124 seu
1055 2068 1226 2124 etiam
1252 2085 1282 2124 a
1306 2070 2000 2126 dtetuonibns.Considera

407 2169 618 2227 autem,
651 2161 935 2232 quomodo
969 2163 1233 2234 utrinque
1273 2177 1376 2218 nos
1409 2160 1687 2232 Propheta
1716 2163 1783 2218 ad
1816 2164 1994 2219 virtu-

408 2263 519 2307 tem
551 2255 899 2322 exhortatur,
930 2255 1060 2310 dum
1097 2264 1151 2311 et
1175 2264 1531 2326 peccatorum
1572 2269 1782 2326 poenas,
1805 2263 1860 2311 et
1905 2257 2000 2327 ju-

407 2354 616 2401 storum
639 2355 827 2401 narrat
858 2345 1107 2417 praemia.

466 2521 634 2582 Vens.
679 2524 763 2582 [8.
824 2524 1106 2596 Cognoscit
1164 2525 1425 2582 Dominus
1477 2529 1592 2585 vias
1627 2528 2001 2586 immaculato-

406 2630 547 2671 rum.
585 2618 703 2686 Ipse
727 2617 873 2672 enim
919 2633 1013 2674 eas
1047 2619 1251 2675 sanxit.
1287 2618 1383 2675 Vel
1412 2622 1571 2677 aliter
1612 2623 1997 2694 interpretare,

408 2721 467 2763 ut
502 2709 745 2766 diximus
776 2713 921 2767 circa
953 2712 1115 2768 linem
1143 2713 1305 2783 primi
1327 2716 1537 2785 psalmi.

478 2800 545 2855 Et
576 2803 866 2857 htereditas
898 2805 1119 2859 illorum
1178 2807 1233 2860 in
1255 2808 1508 2862 swculum
1535 2809 1654 2865 erit.
1699 2809 2000 2869 Haareditas

402 2894 685 2964 iustorum
716 2910 945 2966 regnum
1000 2905 1088 2953 est
1145 2899 1452 2954 caelorum:
1532 2897 1737 2971 Venite,
1794 2903 1997 2975 inquit,

406 2987 666 3043 benedicti
700 2986 887 3045 Patris
918 2992 1043 3057 mei,
1079 2990 1390 3047 hareditute
1435 3004 1686 3063 paratum
1733 2998 1878 3054 vobis
1913 3016 1999 3054 rc-

404 3098 569 3152 gnum
595 3083 664 3136 “.
698 3083 854 3150 Quod
880 3099 1008 3141 vero
1037 3085 1135 3151 ait,
1161 3087 1215 3138 in
1244 3084 1524 3150 saxulum,
1551 3087 1695 3143 idem
1724 3097 1808 3144 est
1827 3094 1994 3160 quod,

404 3183 691 3245 perpetuo.
724 3174 879 3232 Illius
912 3178 1059 3231 enim
1112 3178 1452 3232 haereditatis
1489 3193 1599 3235 non
1652 3181 1759 3236 erit
1825 3184 1994 3252 linis;
2022 3197 2067 3260 ρ

405 3265 615 3321 velerit
640 3268 694 3322 in
731 3269 1019 3334 saeculum,
1061 3268 1312 3324 futurum
1350 3269 1588 3326 scilicet.
1617 3272 1675 3326 In
1712 3273 1815 3329 hoc
1850 3276 1995 3330 enim

404 3362 608 3415 saeculo
643 3363 1022 3419 hereditatem
1055 3377 1168 3419 non
1201 3364 1428 3429 habent,
1463 3364 1712 3436 hospites
1753 3382 1814 3424 se
1869 3383 1997 3425 esse

404 3450 667 3515 scientes,
703 3467 767 3509 ac
801 3455 1150 3524 peregrinos.

461 3629 644 3687 Vatis.
667 3632 754 3690 l9.
780 3630 907 3687 Non
932 3635 1326 3704 confundantur
1350 3636 1405 3691 in
1428 3645 1658 3706 tempore
1680 3639 1845 3696 malo.
1877 3640 1994 3699 Non
2040 3702 2045 3707 ,

403 3725 817 3794 Superabuntur
846 3727 902 3781 in
933 3740 1186 3799 tempore
1220 3730 1579 3787 aiilictorum.
1605 3731 1821 3789 Habent
1845 3737 1993 3791 enim

405 3817 714 3888 atljutorcm
751 3819 943 3875 Deum.
976 3821 1071 3876 Vel
1096 3831 1316 3894 tempus
1343 3824 1552 3879 malum
1573 3825 1828 3882 futurum
1889 3845 1988 3900 ap-

405 3908 569 3979 pellat
594 3910 897 3980 judicium,
952 3914 1103 3983 quod
1155 3915 1545 3984 peccatoribus
1604 3918 1994 3989 gravissimum

403 4000 510 4056 erit
535 4018 599 4057 ac
623 4005 1098 4062 molestissimum.

477 4092 552 4150 Et
586 4096 641 4149 in
679 4096 868 4154 diebus
934 4098 1100 4169 [amis
1136 4102 1551 4159 saturabuntur.
1618 4103 1799 4163 Veluti
1844 4106 1994 4165 Elias

402 4186 498 4255 qui
526 4201 555 4240 a
589 4200 758 4243 corvo
787 4189 1032 4245 nutritus
1059 4198 1179 4258 est,
1239 4201 1294 4247 et
1314 4192 1406 4246 alii
1450 4192 1632 4258 multi,
1665 4194 1759 4264 qui
1816 4196 1996 4251 admi-

403 4276 650 4332 rabiliter
679 4292 711 4333 a
746 4278 982 4334 Domino
1007 4281 1268 4336 alimenta
1295 4290 1652 4352 acceperunt.
1688 4279 1782 4339 Vel
1839 4293 1991 4340 satu-

401 4368 675 4425 rabuntur
715 4385 813 4440 spe
845 4370 1153 4427 futurorum
1178 4373 1470 4441 bonorum,
1505 4376 1714 4454 nullum
1758 4376 1993 4446 amplius

320 4476 325 4491 ι
403 4463 821 4531 corruptibiletn
865 4463 1050 4519 cibum
1087 4470 1434 4535 appetentes.
1498 4462 1682 4536 Neque
1737 4467 1884 4521 enim
1934 4469 1991 4522 in

2025 1849 2074 1910 B

2105 598 2243 665 φαία
2266 595 2363 651 καὶ
2389 593 2546 661 τόξον
2590 595 2687 648 καὶ
2720 595 2777 648 uti
2817 593 3066 663 γλῶσσαι
3120 592 3233 646 τῶν
3289 593 3578 663 πονηρῶν·
3625 596 3692 646 υὲ

2103 689 2350 756 ὀδόντες
2378 688 2511 757 γὰρ,
2541 687 2729 758 φησιν,
2764 684 2988 754 αὐτῶν,
3018 686 3182 740 ὅπλα
3218 686 3319 740 καὶ
3350 686 3512 753 ,βέλη
3540 700 3558 718 ⁸
3588 687 3691 739 καὶ

2102 782 2141 849 ἡ
2171 782 2426 851 γλῶσσα
2449 780 2670 845 αὐτῶν,
2690 778 2958 851 μάχαιρα
2989 780 3178 845 ὀξεῖα.
3224 778 3290 833 Ἢ
3323 779 3552 848 γλῶσσα
3595 774 3693 833 οὖν

2102 872 2288 928 αὐτῶν
2309 872 2615 927 θανατώσει
2651 872 2852 937 αὐτούς
2871 888 2884 902 ·
2918 874 3015 928 καὶ
3048 872 3117 927 τὰ
3144 871 3303 943 χείλη
3334 870 3517 925 αὐτῶν
3564 868 3690 924 σϐε-

2105 966 2260 1039 σθείη
2297 967 2539 1038 θανάτῳ.

2174 1144 2488 1213 Κρεῖσσον
2532 1144 2744 1213 ὀλίγον
2793 1142 2876 1209 τῷ
2926 1143 3156 1209 δικαίῳ,
3202 1141 3358 1211 ὑπὲρ
3418 1141 3692 1197 πλοῦτον

2109 1236 2481 1307 ἁμαρτωλῶν
2496 1237 2724 1291 πολύν.
2749 1238 3023 1302 Κρεῖσσον
3059 1235 3276 1305 ἀληθῶς
3306 1235 3593 1306 νομίζεται
3614 1235 3691 1303 τῷ

2099 1325 2297 1397 δικαίῳ
2334 1328 2397 1380 τὸ
2433 1326 2619 1395 ὀλίγον
2653 1326 2793 1398 μετὰ
2814 1325 3194 1396 δικαιοσύνης,
3229 1330 3324 1380 καὶ
3345 1327 3447 1379 οὐκ
3493 1326 3688 1397 ὀρέγε-

2100 1432 2194 1474 ται
2263 1420 2514 1483 πλείονος
2559 1421 2785 1475 ἀδίκου⁶
2835 1420 2917 1475 διὸ
2949 1420 3013 1473 οὐ
3047 1420 3154 1491 χρὴ
3200 1418 3554 1491 παραζηλοῦν
3590 1417 3692 1489 τὴν

2100 1513 2310 1567 τούτων
2325 1512 2646 1584 εὐημερίαν.

2173 1689 2306 1743 Ὅτι
2357 1690 2690 1761 βραχίονες
2729 1693 3088 1762 ἀμαρτωλοῢ
3142 1691 3673 1761 συντριϐήσονται.

2101 1781 2411 1853 Βραχίονας
2437 1784 2542 1849 τὰς
2574 1783 2838 1854 δυνάμεις
2896 1785 3161 1840 ἐκάλεσεν
3180 1802 3199 1819 ο
3227 1788 3286 1841 ἐν
3313 1786 3528 1849 τούτοις
3555 1788 3688 1857 γὰρδ

2099 1875 2134 1945 ἡ
2157 1872 2251 1927 τοῦ
2280 1875 2657 1946 ἐργαζομένου
2685 1876 2941 1946 δύναμις.

2184 1966 2598 2038 ’Υποστηρίζει
2624 1968 2693 2023 δέ
2719 1971 2864 2037 τοὺς
2880 1971 3157 2039 δικαιους
3184 1975 3219 2028 ὁ
3238 1974 3473 2041 Κύριος.
3502 1971 3691 2027 Ὠθοὺο

2105 2058 2301 2131 μένους
2330 2060 2424 2113 καὶ
2443 2062 2597 2132 παρὰ
2627 2062 2886 2133 πονηρῶν
2912 2064 3149 2135 ἀνδρῶν,
3168 2065 3266 2119 καὶ
3296 2067 3455 2137 παρὰ
3492 2067 3687 2135 δαιμόι

2103 2152 2471 2206 νων.εΣκόπει
2496 2153 2554 2206 δὲ
2578 2154 2730 2218 ὅπως
2769 2153 3166 2227 ἀμφοτέρωθεν
3193 2159 3290 2212 καὶ
3319 2158 3406 2213 διὰ
3452 2160 3552 2228 τῆς
3579 2158 3690 2213 τῶν

2103 2240 2446 2312 ἁμαρτωλῶν
2478 2244 2793 2316 συντριϐῆς,
2819 2247 2918 2300 καὶ
2957 2246 3050 2300 διὰ
3070 2247 3172 2319 τῆς
3192 2247 3304 2302 τῶν
3330 2242 3560 2303 δικαίων
3590 2253 3687 2302 ἀν-

2100 2332 2376 2404 τιλήψεως
2401 2335 2481 2397 εἰς
2511 2335 2716 2408 ἀρετὴν
2765 2338 3071 2410 προτρέπει
3131 2340 3262 2404 τοὺς
3328 2339 3687 2410 ἐντυγχάνον-

2102 2443 2226 2491 τας.

2174 2516 2475 2572 Γινώσκει
2503 2520 2722 2589 Κύριος
2749 2522 2859 2589 τὰς
2877 2522 3060 2591 ὁδοὺς
3075 2523 3198 2578 τῶν
3222 2524 3494 2596 ἀμώμων.
3510 2524 3684 2588 Αὐτὸς

2103 2609 2214 2680 γὰρ
2244 2610 2452 2674 ταύτας
2481 2611 2853 2685 ἐνομοθέτησε
2875 2630 2891 2647 ⁸
2924 2616 3082 2687 ζήτει
3104 2617 3162 2671 δὲ
3189 2617 3285 2671 καὶ
3315 2617 3490 2681 ἄλλως
3519 2618 3599 2680 είς
3619 2618 3679 2670 τὸ

2102 2699 2255 2764 τέλος
2280 2699 2374 2755 τοῦ
2399 2701 2616 2771 πρώτου
2637 2703 2879 2774 ψαλμοῦ.

2176 2793 2288 2850 Καὶ
2337 2796 2377 2863 ἠ
2426 2798 2803 2866 κληρονομία
2855 2797 3056 2854 αὐτῶν
3114 2801 3204 2863 είς
3252 2798 3440 2854 αἰῶνα
3491 2800 3682 2855 ἔσται.

2080 2884 2457 2959 Ὶὶληρονομία
2477 2889 2589 2943 τῶν
2609 2889 2859 2955 δικαίων,
2896 2893 2930 2963 ἡ
2962 2891 3214 2963 βασιλεία
3259 2892 3372 2946 τῶν
3419 2893 3688 2964 οὐρανῶν.

2100 2980 2282 3035 Δεῦτε
2303 2981 2434 3053 γὰρ,
2464 2983 2654 3054 φησὶν,
2678 2986 2734 3038 oi
2749 2985 3151 3056 εὐλογημένοι
3168 2987 3277 3041 τοῦ
3302 2989 3532 3055 Πατρός
3544 2990 3688 3057 μου,

2101 3074 2609 3146 κληρονομήσατε
2657 3076 2776 3145 τὴν
2826 3077 3287 3149 ἡτοιμασμένην
3310 3070 3454 3149 ὑμῖν
3506 3080 3691 3144 ,ϐασι-

2099 3167 2295 3222 λείαν.
2331 3168 2406 3221 Τὸ
2434 3167 2512 3230 δέ,
2549 3171 2655 3234 Εις
2691 3169 2801 3223 τὸν
2822 3168 3033 3234 αἰῶνα,
3096 3171 3219 3225 ἀντὶ
3262 3170 3385 3233 τοῦ,
3445 3170 3685 3236 Ἀϊδίως.

2098 3252 2169 3330 ἦς
2206 3258 2308 3312 οὐκ
2336 3258 2492 3313 ἔσται
2521 3258 2696 3324 τέλος.
2749 3259 2820 3315 Ἣ
2855 3261 2937 3325 είς
2986 3261 3082 3315 τὸν
3129 3262 3305 3315 αίῶνα
3350 3263 3528 3326 ἔσται,
3592 3264 3688 3317 τζν

2102 3347 2403 3418 μέλλοντα·
2464 3350 2524 3401 ἐν
2578 3348 2658 3420 τῷ
2682 3350 2917 3419 παρόντι
2958 3350 3070 3422 γὰρ
3120 3344 3273 3405 οὗτοι
3313 3352 3690 3425 κληρονομίαν

2076 3441 2201 3494 οὐκ
2229 3439 2437 3510 ἔχουσι,
2470 3441 2661 3508 ξένους
2703 3441 2938 3506 ἑαυτοὺς
2971 3443 3177 3508 εἰδότες
3232 3446 3329 3499 καὶ
3380 3446 3683 3520 παρεπιδῆ-

2100 3549 2257 3602 μους.

2174 3624 2258 3677 Οὺ
2274 3623 2913 3693 καταισχυνθήσονται
2945 3625 3018 3680 ἐν
3044 3624 3228 3696 καιρῷ
3260 3626 3525 3697 πονηρῷ.
3573 3628 3688 3699 οὐχ

2098 3711 2504 3783 ἡττηθήσονται
2529 3716 2587 3765 ἐν
2618 3714 2799 3786 καιρῷ
2858 3714 3126 3785 ἐπιπόνῳ,
3167 3716 3339 3788 ἢγουν
3389 3720 3450 3772 ἐν
3491 3725 3691 3791 πειρα-

2098 3804 2223 3876 σμῷ
2242 3823 2256 3837 ’
2287 3805 2472 3875 έχουσι
2504 3805 2614 3877 γὰρ
2642 3807 2734 3861 τὸν
2756 3808 3322 3881 ἀντιλαμϐανόμενον.
3371 3812 3442 3865 ’Ἡ
3496 3813 3687 3885 καιρὸν

2097 3900 2333 3972 πονηρὸν
2358 3901 2504 3971 λέγει
2535 3903 2633 3975 τὴν
2671 3904 2887 3975 ἡμέραν
2919 3905 3021 3975 τῆς
3066 3907 3374 3978 μελλούσης
3412 3909 3677 3981 κρίσεως,

2098 3995 2225 4065 ἥτις
2257 3996 2412 4050 ἐστὶν
2445 3998 2707 4061 ἐπίπονος
2733 4001 2846 4063 τοῖς
2875 4000 3254 4071 ἁμαρτωλοῖς.

2165 4089 2275 4143 Καὶ
2325 4090 2397 4144 ἐν
2434 4090 2627 4160 ἡμέρᾳ,
2668 4091 2850 4161 λιμοῦ
2892 4090 3441 4163 χορτασθήσονται.
3515 4094 3605 4164 Ὠς
3656 4101 3686 4154 ό

2107 4181 2298 4246 Ἠλίας
2323 4184 2667 4254 τρεφόμενος
2699 4185 2807 4238 ὑπὸ
2837 4187 3102 4258 κόρακος,
3155 4189 3253 4243 καὶ
3297 4189 3448 4244 ἄλλοι
3493 4192 3685 4246 πολλοὶ

2094 4276 2414 4345 παραδόξως
2443 4277 2508 4331 ἐκ
2540 4275 2676 4330 Θεοῦ
2707 4278 2992 4349 δεχόμενοι
3034 4281 3138 4351 τὴν
3165 4284 3413 4354 τροφήν·
3444 4285 3478 4356 ἢ
3546 4303 3677 4356 χορ-

2092 4365 2461 4435 τασθήσονται
2489 4369 2612 4431 ταῖς
2670 4368 2853 4423 ἐλπίσι
2910 4370 3022 4423 τῶν
3078 4371 3388 4441 μελλόντων
3433 4378 3680 4444 ἀγαθῶν.

2097 4457 2175 4528 μὴ
2207 4458 2608 4530 ἐπιθυμοῦντες
2653 4461 2753 4531 τῆς
2778 4462 3029 4534 φθαρτῆς
3077 4464 3362 4536 βρώσεως.
3411 4472 3533 4524 Οὐκ
3586 4471 3685 4525 ἐπ’

403 4555 519 4607 solo
545 4568 684 4620 pane
713 4556 837 4609 vivit
887 4558 1043 4609 homo
1071 4556 1144 4611 ".
1181 4555 1277 4612 Vel
1339 4574 1435 4628 per
1498 4556 1701 4614 famem
1764 4558 1992 4629 ﬁgurate

2098 4549 2253 4617 ἄρτῳ
2269 4550 2400 4621 γὰρ,
2421 4553 2574 4622 φησὶ,
2587 4553 2757 4621 μόνῳ
2778 4552 3019 4623 ζήσεται
3053 4557 3388 4626 ἄνθρωπος.
3422 4562 3493 4614 ’Ἡ
3522 4563 3682 4633 λιμὸν

401 4659 622 4700 omnem
667 4648 1053 4703 necessitatem
1087 4648 1374 4719 intelligit,
1406 4660 1464 4705 et
1506 4665 1605 4721 per
1636 4652 1986 4707 saturitatem

2098 4640 2234 4707 λέγει
2290 4642 2569 4712 τροπικῶς
2617 4648 2881 4699 παντοίαν
2921 4648 3172 4720 ἀνάγκην
3200 4666 3214 4680 ο
3260 4654 3560 4722 χορτασίαν
3592 4648 3675 4718 δὲ,

402 4736 773 4793 visitationem
800 4754 864 4794 ac
890 4743 1289 4810 protectionem
1322 4743 1436 4796 Dei.

477 4828 746 4895 Quoniam
769 4841 1070 4901 peccatores
1091 4826 1359 4903 peribunt.
1380 4832 1569 4905 Neque
1586 4832 1735 4890 enim
1755 4834 1845 4888 diu
1866 4850 1991 4905 per-

400 4931 583 4979 manet
618 4940 742 4979 cum
782 4926 865 4980 eis
887 4923 1149 4983 felicitas.
1182 4927 1375 4982 Perire
1401 4933 1585 4982 autem
1632 4942 1742 4980 non
1778 4936 1987 4981 tantum

399 5015 449 5070 is
477 5016 700 5083 dicitur,
738 5018 833 5088 qui
863 5019 917 5073 in
945 5019 1049 5075 hoc
1085 5020 1292 5077 mundo
1322 5019 1483 5090 perit,
1518 5019 1616 5075 sed
1670 5018 1762 5074 ille
1817 5020 1983 5075 etiam

398 5108 493 5178 qui
530 5118 754 5166 aeternae
785 5110 986 5168 salutis
1015 5112 1290 5182 iacturam
1343 5112 1558 5168 fecerit.
1620 5109 1774 5168 Perit
1836 5114 1984 5168 enim

398 5208 568 5272 atque
601 5201 816 5258 deletur
846 5205 917 5259 ab
949 5203 1595 5274 Itmreditatejustorum.

472 5373 638 5431 Vsus.
680 5376 773 5432 20.
800 5374 1019 5431 Inimici
1047 5387 1229 5432 autem
1266 5377 1483 5432 Domini
1523 5380 1687 5433 simul
1711 5396 1774 5434 ac
1822 5379 1988 5451 glori-

398 5469 549 5534 ﬁcati
585 5470 803 5537 fuerunt
842 5478 893 5524 et
937 5468 1190 5538 excitati,
1239 5471 1544 5542 deﬁcientes
1602 5475 1742 5528 sicut
1805 5474 1984 5543 fumus

399 5561 723 5633 defecerunt.
751 5562 879 5619 Haac
907 5565 976 5621 de
1004 5564 1207 5621 .Iutlteis
1247 5564 1453 5622 Christi
1509 5569 1852 5623 occisoribus
1896 5569 1984 5623 in-

399 5654 688 5726 telligenda
747 5666 898 5725 sunt,
940 5660 1032 5728 qui
1072 5660 1298 5730 gloriam
1348 5677 1378 5716 a
1430 5660 1789 5717 multitudine
1847 5678 1983 5718 con-

2085 4732 2187 4801 τὴν
2219 4731 2374 4786 θείαν
2406 4733 2726 4805 ἐπίσκεψιν.

2161 4825 2291 4879 Ὀτι
2322 4829 2371 4879 οἱ
2403 4828 2743 4897 ἁμαρτωλοὶ
2776 4830 3175 4888 ἀπολοῦνται.
3216 4835 3290 4889 Οὐ
3316 4854 3424 4909 γαρ
3487 4845 3677 4911 παρα-

2090 4915 2243 4986 μένει
2284 4916 2496 4982 τούτοις
2529 4921 2561 4990 ἡ
2599 4922 2877 4991 εὐπραγία
2897 4942 2911 4956 ’
2941 4926 3003 4978 οὐ
3040 4928 3201 4998 μόνον
3223 4930 3278 4983 δὲ
3304 4932 3526 5001 νοητέον
3572 4935 3680 4987 ἁπ-

2091 5007 2293 5062 ώλειαν
2320 5010 2421 5079 τὴν
2457 5010 2719 5082 βιωτικὴν
2768 5013 3088 5086 δυστυχίαν,
3123 5019 3261 5074 ἀλλὰ
3314 5024 3408 5075 καὶ
3437 5025 3531 5076 ἐπὶ
3584 5026 3680 5078 τοῦ

2099 5101 2392 5171 μέλλοντος
2412 5104 2606 5168 αἰῶνος
2632 5104 2911 5161 ἀπώλειαν
2940 5109 3178 5181 λέγομεν
3239 5115 3340 5183 τὴν
3397 5108 3679 5171 ἔκπτωσιν

2091 5193 2194 5262 τῆς
2229 5195 2505 5266 σωτηρίας
2525 5212 2540 5228 °
2577 5199 2905 5268 ἀφανίζεται
2936 5203 3044 5274 γὰρ
3077 5205 3187 5257 ἀπὸ
3214 5207 3308 5259 τοῦ
3343 5209 3548 5279 κλήρου
3568 5211 3677 5263 τῶν

2092 5287 2317 5342 δικαίων
2354 5291 2381 5342 ὁ
2414 5290 2764 5360 ἁμαρτωλός.

2142 5384 2210 5434 Οἱ
2262 5380 2330 5434 δὲ
2359 5382 2555 5450 ἐχθροί
2588 5384 2695 5437 τοῦ
2730 5387 2951 5453 Κυρίου
3000 5387 3121 5459 ἅμα
3167 5393 3274 5448 τοῦ
3303 5394 3678 5465 δοξασθνῆναι

2089 5474 2312 5540 αὐτοὺς
2350 5476 2447 5528 καὶ
2473 5475 2807 5546 ὑψωθῆναι,
2836 5478 3228 5551 ἐκλείποντες
3252 5487 3395 5540 ὡσεὶ
3444 5488 3676 5553 καπνὸς

2091 5568 2402 5633 ἐξέλιπον.
2437 5566 2609 5622 Τοῦτο
2641 5572 2772 5642 περὶ
2801 5573 2911 5625 τῶν
2942 5578 3347 5647 χριστοκτόνων
3378 5580 3672 5635 Ἰουδαίων.

2093 5661 2456 5725 Δοξασθὲντες
2520 5661 2630 5733 γὰρ
2697 5663 2803 5717 ὑπὸ
2834 5666 2931 5718 τοῦ
2984 5668 3226 5741 πλήθους
3261 5672 3312 5724 οἱ
3346 5673 3676 5744 προέχοντες

447 5830 492 5863 ⁸⁸
525 5831 718 5887 Matth.
753 5850 903 5900 xm,
936 5836 1025 5891 53.
1067 5837 1113 5873 θ’
1146 5837 1293 5894 Psal.
1329 5856 1438 5908 ινι,
1480 5840 1527 5895 5.
1591 5841 1639 5874 ³ο
1674 5841 1863 5898 Matth.
1902 5858 1998 5897 ut

2098 5843 2150 5897 ι.
2207 5844 2248 5875 θ’
2287 5843 2482 5898 Matth.
2516 5842 2660 5911 mi.
