4078 6446
374 391 478 459 421

1569 399 1967 461 COMMENT.
2008 398 2090 458 ΙΝ
2134 396 2503 459 PSALMOS.

3545 397 3655 462 422

377 513 582 574 αὐτῶν.
620 511 716 566 καὶ
745 512 1056 583 ὖψωθέντες
1084 513 1180 567 ἐπὶ
1225 515 1290 585 τῇ
1317 513 1602 586 ἀναιρέσει
1655 515 1751 569 τοῦ
1786 516 1972 584 Σωτῆ-

2093 514 2276 578 secuti,
2335 526 2386 569 e:
2455 513 2670 571 cmteris
2701 515 2947 581 antelati,
2991 515 3061 570 de
3127 525 3303 571 morte
3359 515 3662 572 Salvatoris

377 623 500 678 ρος,
529 604 630 657 οὐκ
661 605 743 668 είς
773 605 993 686 μακρὰν
1045 605 1398 679 πανωλεθρίᾳ
1432 607 1808 678 διεφθάρησαν
1867 607 1974 660 ὑπὸ

377 693 506 760 τῶν,
519 691 830 762 Ῥωμαίων,
855 692 1064 747 καπνοῦ
1081 693 1240 764 δίκην
1264 695 1659 760 σκεδασθέντες
1692 698 1789 749 καὶ
1832 697 1975 764 ἁφα-

382 785 686 847 νισθέντες.
725 783 946 854 Ῥηθείη
981 783 1026 838 δ’
1058 784 1124 838 ἂν
1167 784 1328 838 τοῦτο
1359 786 1454 838 καὶ
1485 787 1617 857 περὶ
1647 786 1759 840 τῶν
1820 786 1974 840 είδώο

383 879 516 943 λων,
544 878 580 931 ἃ
611 875 775 946 μέχρι
813 877 959 938 τινὸς
991 876 1330 947 δοξαζόμενα
1359 879 1456 932 καὶ
1484 878 1792 949 ὑψούμενα,
1825 879 1976 933 ῦστε·

384 988 483 1040 ρον
519 968 899 1040 ἠφανίσθησαν
920 985 935 1000 ο
961 968 1049 1022 διὰ
1074 970 1280 1024 τούτων
1310 970 1389 1038 δὲ,
1419 971 1514 1025 καὶ
1533 972 1583 1024 oi
1627 972 1972 1037 ἐνοικοῦντες

383 1063 573 1125 αὐτοῖς
591 1062 871 1132 δαίμονες.

455 1153 793 1215 Δανείζεται
821 1157 856 1208 ὁ
874 1154 1250 1224 ἁμαρτωλὸς,
1278 1153 1380 1208 καὶ
1413 1157 1526 1210 οὐκ
1556 1157 1856 1212 ἀποτίσει.
1899 1159 1973 1212 οὐ

387 1246 552 1317 μόνον
611 1244 721 1314 γὰρ
741 1244 803 1297 οὐ
832 1244 1190 1315 μεταδίδωσιν
1219 1243 1456 1310 οἴκοθεν,
1478 1246 1593 1304 ἀλλ’
1628 1248 1748 1302 οὐδὲ
1772 1249 1832 1300 τὸ
1858 1249 1972 1318 (50)

385 1336 842 1408 χρεωστοῦμενον
879 1334 1200 1390 ἀποδίδωσι.
1235 1335 1508 1393 Τοσοῦτόν
1551 1340 1701 1394 ἐστιν
1756 1342 1976 1413 ἀπηνὴς

385 1431 486 1482 καὶ
511 1429 862 1498 παράνομος.

474 1523 528 1570 Ὀ
558 1520 627 1573 δὲ
650 1519 883 1586 δίκαιος
916 1522 1212 1593 οἰκτείρει,
1247 1524 1347 1579 καὶ
1391 1525 1660 1580 δίδωσιν.
1699 1526 1976 1597 Οίκτείρει

392 1614 516 1682 μὲν,
571 1613 817 1667 οἴκοθεν⁹
880 1614 1066 1670 δίδωσι
1102 1618 1181 1681 δὲ,
1208 1617 1295 1671 τὸ
1336 1619 1772 1690 δεδανεισμένον,
1809 1621 1977 1692 ἤγουν

387 1706 740 1771 ἁποδὶδωσιν,
797 1707 894 1761 καὶ
951 1707 1184 1777 βαδίζων
1235 1710 1334 1782 τὴν
1362 1712 1614 1766 ἐναντίαν
1665 1712 1743 1781 τῷ
1799 1713 1980 1782 ἁμαρ-

385 1799 570 1867 τωλῷ.
595 1800 663 1850 Ἣ
684 1800 778 1853 καὶ
804 1799 1000 1862 ἄλλως.
1039 1800 1097 1854 Ὀ
1114 1801 1323 1866 δίκαιος
1348 1803 1504 1867 εἰδὼς
1527 1805 1619 1857 τὸν
1650 1804 1977 1875 ἁμαρτωλὸν

381 1891 687 1961 ἀγνώμονα
721 1892 1146 1965 χρεωφειλέτην,
1182 1895 1332 1966 ὅμως
1374 1897 1432 1949 ἐν
1484 1897 1668 1969 καιρῷ
1725 1898 1977 1969 ἀνάγκης

382 1985 651 2050 δανείζει.

464 2168 588 2221 Ὀτι
640 2168 698 2221 οι
738 2168 1138 2236 εὐλσγοῦντες
1187 2169 1377 2224 αὐτὸν
1437 2171 1981 2238 κληρονομησουσι

391 2259 512 2329 τῆν
533 2275 548 2289 ο
570 2263 628 2313 οι
657 2259 727 2314 δὲ
756 2259 1160 2331 καταρώμενοι
1183 2263 1374 2316 αὐτόν
1431 2259 1982 2330 ἐξολοθρευθήσον·

404 2369 517 2407 ται.
552 2354 826 2408 Τοσοῦτον
859 2355 1015 2424 μέλει
1035 2353 1113 2426 τῷ
1138 2353 1260 2426 Θεῷ
1291 2355 1539 2426 περὶτοῦ
1568 2354 1803 2416 δικαίου,
1839 2352 1980 2405 ὥστε

413 2445 534 2506 τοὺς
553 2445 641 2514 μὲν
656 2445 1049 2515 εὐφημοῦντας
1085 2445 1248 2498 αὑτὸν
1274 2444 1414 2498 ἐλεεῖ
1437 2445 1576 2515 (3i),
1596 2444 1720 2506 τοὺς
1747 2443 1804 2496 δὲ
1829 2441 1984 2512 ὑϐριε-

411 2532 593 2598 ζοντας
623 2537 816 2590 τοῦτον
858 2537 1076 2602 κολάζει
1103 2552 1118 2568 ⁸
1169 2535 1374 2607 ἔφησεν
1429 2536 1538 2606 γὰρ
1593 2536 1620 2587 ὁ
1659 2534 1792 2597 Θεὸς
1843 2533 1983 2605 πρὸς

415 2627 697 2697 ’Δῦραάμο
727 2628 1063 2698 Εὐλογ-ήσω
1091 2629 1232 2696 τοὺς
1271 2627 1683 2698 εὐλογοῦντάς
1733 2642 1829 2691 σε,
1883 2624 1984 2678 καὶ

396 2719 540 2785 τοὺς
569 2720 1028 2791 καταρωμένους
1057 2737 1132 2774 σε
1154 2721 1592 2790 καταράσομαι.
1623 2721 1888 2790 Κατάραν
1928 2720 1985 2773 δὲ

394 2811 496 2866 νῦν
532 2813 636 2884 τὴν
667 2813 827 2883 ὓϐριν
860 2813 1090 2867 ἐκάλεσε
1113 2829 1125 2843 ·
1164 2813 1225 2866 τὸ
1259 2813 1316 2866 δὲ
1356 2811 1472 2878 ὅτι,
1495 2813 1594 2865 οὐκ
1623 2812 1771 2865 ἐστιν
1815 2814 1987 2866 αἰτιο-

393 2903 642 2974 λογικὸν,
684 2905 801 2958 ἀλλ’
861 2906 1260 2974 ἀποφαντικὸν,
1319 2902 1512 2957 δοκοῦν
1566 2905 1850 2975 περιττόν.
1894 2903 1987 2956 Ἑν

395 2998 622 3061 πολλοῖς
655 2997 713 3050 δὲ
743 2995 821 3067 τῷ
846 2996 1102 3068 ἰδιώματι
1118 2997 1294 3066 τούτῳ
1318 2997 1610 3068 κέχρηται.

2077 607 2428 678 gloriabundi
2457 623 2566 661 non
2594 608 2767 663 multo
2795 619 2922 678 post
2964 619 3212 680 tempore
3261 609 3516 666 funditus
3559 625 3659 665 ex-

2079 699 2361 752 terminati
2398 706 2532 752 sunt
2562 713 2590 751 a
2625 698 2912 765 Romanis,
2946 715 3010 755 ac
3044 701 3178 754 fumi
3207 701 3381 756 instar
3409 701 3663 772 dissipati

2077 789 2302 859 penitus
2345 799 2508 860 atque
2539 790 2730 844 deleti.
2795 791 2912 844 Dici
2947 793 3112 846 etiam
3145 793 3261 847 haec
3296 802 3528 862 possunt
3593 793 3666 848 de

2077 881 2242 937 idolis
2269 897 2391 952 quae
2423 883 2662 938 exaltata
2693 889 2748 936 et
2783 883 3090 952 gloriﬁcata
3123 886 3190 939 ad
3219 895 3464 956 tempus,
3538 896 3661 941 tan-

2078 979 2203 1033 dem
2239 978 2456 1048 penitus
2490 988 2864 1042 evanuerunt,
2897 988 2952 1034 et
3019 979 3196 1034 deleta
3241 989 3404 1046 Stllll;
3452 989 3508 1034 et
3566 995 3667 1050 per

2079 1068 2169 1122 illa
2210 1068 2489 1122 daemones
2538 1068 2744 1137 pariter
2767 1069 2860 1138 qui
2898 1070 2952 1122 in
2983 1070 3062 1124 eis
3097 1070 3450 1126 habitabant.

2149 1159 2318 1214 Vens.
2345 1161 2438 1214 ‘21.
2471 1160 2756 1214 Mutualur
2793 1172 3060 1231 peccator,
3089 1171 3137 1214 et
3169 1178 3272 1215 non
3301 1161 3484 1217 solvet.
3545 1161 3666 1216 Non

2079 1253 2281 1315 solum,
2312 1253 2510 1322 inquit,
2550 1262 2809 1323 peccator
2845 1269 2953 1306 non
2995 1254 3184 1321 donat,
3213 1267 3390 1324 neque
3454 1255 3656 1322 imper-

2082 1347 2219 1400 titur
2245 1347 2493 1416 propria,
2525 1346 2618 1400 sed
2648 1346 2774 1400 aliis
2813 1363 2842 1400 a
2871 1363 2930 1401 se
2971 1347 3156 1401 debita
3191 1347 3356 1402 etiam
3384 1361 3494 1400 non
3545 1347 3664 1401 red-

2081 1439 2193 1503 dit;
2255 1439 2394 1494 adco
2429 1439 2692 1492 nimirum
2727 1439 2953 1507 iniquus
2979 1449 3064 1493 est
3095 1447 3149 1492 et
3179 1454 3380 1493 saevus.

2151 1531 2342 1584 Justus
2381 1540 2560 1584 autem
2591 1531 2894 1593 miseretur,
2913 1539 2962 1584 et
2993 1532 3199 1584 tribuit.
3233 1530 3526 1586 Miseretur
3551 1531 3671 1602 qui-

2083 1626 2212 1679 dem
2245 1625 2469 1693 propria
2510 1624 2764 1688 donans;
2806 1631 2862 1675 et
2917 1622 3136 1684 tribuit,
3163 1623 3269 1677 hoc
3326 1634 3435 1685 est,
3487 1625 3670 1678 reddit

2084 1735 2206 1787 quae
2237 1718 2305 1772 ab
2329 1717 2450 1772 aliis
2478 1724 2762 1770 mutuatus
2786 1726 2890 1780 est,
2922 1717 3139 1771 diversa
3174 1717 3395 1786 penitus
3444 1726 3498 1770 et
3545 1733 3670 1770 con-

2086 1811 2252 1864 traria
2277 1809 2542 1864 incedens
2569 1809 2680 1872 via,
2721 1819 2888 1878 atque
2923 1809 3211 1864 incesserit
3240 1817 3526 1879 peccator.
3573 1809 3670 1863 Vel

2081 1904 2275 1958 aliter:
2326 1901 2522 1957 Justus
2575 1899 2768 1956 videns
2825 1911 3175 1972 peccatorem
3229 1903 3504 1971 ingratum
3545 1915 3672 1956 esse

2081 1994 2388 2050 debitorem
2417 1995 2471 2048 in
2507 2003 2755 2064 tempore
2785 1993 3156 2058 necessitatis,
3189 1992 3242 2047 ei
3303 1993 3669 2047 nihilominus

2083 2091 2334 2160 mutuum
2369 2091 2616 2153 praestat.

2160 2172 2324 2229 Vens.
2355 2172 2447 2228 22.
2483 2173 2751 2238 Quoniam
2784 2171 3142 2227 benedicentes
3185 2173 3234 2226 ei
3283 2172 3669 2227 licereditabant

2083 2277 2301 2333 terram,
2317 2267 2686 2321 maledicentes
2705 2276 2882 2320 autem
2899 2267 2947 2320 ei
2962 2265 3476 2321 exlerminabuntar.
3495 2263 3670 2317 Tanta

2084 2359 2194 2414 Deo
2222 2358 2472 2426 dejustis
2504 2373 2638 2412 cura
2671 2372 2734 2412 ac
2805 2355 3122 2412 sollicitudo
3179 2363 3285 2419 est,
3328 2362 3385 2408 ut
3449 2355 3669 2408 illorum

2083 2453 2247 2507 etiam
2283 2453 2638 2510 misereatur,
2672 2449 2767 2518 qui
2800 2449 2880 2504 eis
2913 2447 3278 2508 benedicunt,
3310 2458 3365 2500 et
3393 2446 3518 2500 illos
3577 2460 3674 2500 ca-

2086 2542 2270 2613 stiget,
2303 2542 2397 2611 qui
2452 2540 2533 2594 eis
2585 2539 2942 2594 maledicunt.
2994 2539 3126 2593 Nam
3194 2545 3249 2592 et
3291 2538 3494 2592 dictum
3550 2550 3678 2592 esse

2087 2636 2321 2706 legimus
2359 2647 2387 2686 a
2424 2631 2536 2687 Deo
2558 2633 2625 2687 ad
2656 2623 2969 2687 Abraham:
3016 2631 3333 2685 Benedicam
3367 2630 3676 2684 benedicen-

2090 2727 2232 2781 tibus
2271 2727 2389 2792 tibi,
2419 2737 2468 2781 et
2506 2725 2826 2780 maledicam
2857 2723 3297 2777 maledicentibus
3318 2725 3388 2777 θ’.
3451 2721 3679 2776 Maledi-

2089 2816 2326 2874 ctionem
2358 2829 2540 2873 autem
2572 2821 2658 2872 hic
2685 2817 3076 2873 contumeliam
3096 2815 3351 2886 appellat.
3376 2814 3469 2867 Illa
3489 2822 3675 2868 autem

2089 2910 2280 2974 dictio,
2316 2909 2605 2974 Quoniam,
2639 2907 2741 2961 hoc
2772 2907 2824 2959 in
2858 2905 2976 2960 loco
3013 2919 3125 2958 non
3174 2903 3357 2958 reddit
3381 2904 3676 2964 rationem,

2091 3002 2186 3058 sed
2239 3003 2573 3055 sententiam
2636 3007 2852 3053 tantum
2906 3004 3210 3058 asseverat,
3262 2995 3349 3050 vel
3403 2991 3681 3064 superﬂua

2092 3103 2197 3159 est,
2239 3100 2298 3148 ut
2350 3106 2731 3163 saepenumero
2794 3088 2939 3159 apud
3005 3088 3344 3158 Prophetam
3405 3085 3681 3156 reperitur

2020 3207 2065 3265 ο
2092 3181 2244 3251 juxta
2280 3180 2606 3236 Hebraicum
2636 3178 2863 3234 idioma.

474 3269 640 3340 Παρὰ
669 3271 897 3338 Κυρίου
932 3269 1006 3324 τὰ
1022 3269 1359 3339 διαδήματα
1413 3269 1735 3339 ἀνθρώπου
1786 3285 1986 3324 κατευ-

2167 3271 2335 3328 Vens.
2370 3273 2459 3328 25.
2491 3271 2534 3326 Α
2572 3273 2801 3325 Domino
2835 3286 3046 3341 gressus
3086 3267 3318 3322 hominis
3351 3266 3683 3337 dirigentur.

398 3364 665 3420 θύνεται.
696 3363 954 3417 Διδάσκει
991 3363 1179 3432 σαφῶς
1195 3363 1278 3416 ὅτι
1315 3363 1490 3432 χωρὶς
1525 3362 1626 3432 τῆς
1654 3361 1806 3431 παρὰ
1852 3361 1986 3414 Θεοῦ

2093 3365 2387 3421 Manifesta
2408 3368 2588 3431 docet,
2621 3364 2767 3434 quod
2799 3364 3009 3432 absque
3039 3361 3228 3415 divino
3259 3359 3468 3414 auxilio
3518 3360 3684 3413 homo

401 3457 662 3530 βοηθείας
703 3455 857 3510 οὐδέν
906 3473 962 3508 τι
990 3454 1294 3526 κατορθοῦν
1345 3456 1375 3508 ὁ
1424 3455 1713 3525 ἄνθρωπος
1737 3453 1986 3509 δύναται.

2094 3475 2193 3530 ρει·
2246 3474 2306 3514 se
2361 3456 2571 3512 nullum
2605 3463 2784 3526 potest
2823 3455 3026 3509 bonum
3060 3453 3303 3522 operari.
3351 3448 3478 3504 Nisi
3507 3450 3682 3516 enim,

413 3548 562 3603 Ἐὰν
591 3548 699 3618 γὰρ
723 3545 810 3616 μὴ
847 3546 1087 3614 Κύριος,
1153 3547 1347 3615 φησιν,
1380 3544 1754 3614 οἱκοδομήσῃ
1797 3541 1986 3614 οἶκον,

2095 3548 2293 3618 inquit,
2333 3546 2590 3600 Dominus
2626 3545 2970 3613 aediﬁcaverit
3033 3541 3269 3605 domum,
3299 3541 3352 3594 in
3384 3555 3578 3593 vanum
3603 3537 3683 3592 la-

401 3643 495 3706 εις
517 3638 716 3709 μάτην
745 3637 1088 3692 ἑκοπίασαν
1124 3640 1178 3691 οι
1217 3636 1685 3707 οἰκοδομοῦντες
1711 3654 1726 3669 ο
1765 3639 1833 3709 τῇ
1883 3639 1986 3708 γὰρ

2098 3641 2416 3694 boraverunt
2449 3640 2539 3709 qui
2565 3638 2839 3708 a'di/icant
2867 3653 2986 3691 eam
3024 3636 3093 3689 ”.
3125 3632 3554 3703 Promptitudini
3589 3647 3686 3685 au-

405 3736 690 3807 προθυμίᾳ
731 3736 1019 3804 συνεργεῖν
1049 3732 1263 3788 εἴωθεν.
1313 3733 1632 3804 Ἀνθρώπου
1703 3734 1761 3787 δὲ
1818 3735 1986 3803 λέγει,

2098 3741 2205 3787 tem
2239 3740 2447 3786 nostrae
2473 3729 2762 3800 cooperari
2799 3728 2962 3784 solet.
3004 3727 3296 3782 Hominem
3354 3732 3536 3780 autem
3595 3723 3686 3779 hic

406 3828 505 3880 τοῦ
528 3826 759 3879 δικαίου.

2095 3823 2304 3894 justum
2341 3821 2636 3892 intelligit.§

481 3915 592 3966 Kal
616 3912 730 3981 τὴν
758 3913 907 3968 ὁδὸν
939 3914 1127 3968 αὐτοῦ
1154 3912 1404 3980 θελήσει
1436 3913 1702 3983 σφόδρα.
1729 3915 1843 3986 Τὴν
1898 3932 1986 3969 πο-

2174 3914 2241 3968 Ει
2305 3915 2444 3967 t'iam
2495 3913 2609 3982 ejus
2671 3911 2803 3965 volet
2828 3909 2998 3964 valde.
3028 3908 3524 3964 Conversationem
3554 3907 3688 3979 justi

410 4004 621 4057 λιτείαν
651 4004 747 4058 τοῦ
769 4005 984 4059 δικαίου
1007 4003 1335 4070 ἀποδέξεται
1355 4006 1383 4057 ὁ
1407 4006 1633 4075 Κύριος,
1664 4005 1737 4070 ώς
1762 4005 1986 4077 ἀμώμη-

2101 4006 2337 4076 benigne
2381 4003 2615 4073 suscipit
2665 4002 2952 4066 Dominus,
2997 4011 3184 4063 utpote
3229 4002 3689 4072 irreprebensibi-

408 4116 526 4152 τον.
573 4098 632 4152 '0
656 4098 956 4170 Σύμμαχος
975 4097 1056 4166 δὲ,
1085 4098 1209 4152 ἀντὶ
1241 4080 1336 4151 τοῦ
1373 4097 1654 4165 Θελήσει,
1693 4098 1986 4154 Εὑοδώσει

2105 4099 2235 4154 lem.
2265 4097 2626 4168 Symmachus
2654 4103 2834 4149 autem
2869 4110 2968 4165 pro
2999 4094 3146 4150 γοιω
3169 4095 3688 4162 transtulitProspe-

411 4187 594 4246 εἶπεν.

490 4284 678 4337 Ὅταν
703 4283 889 4352 πέσῃ,
918 4285 992 4338 οὺ
1029 4283 1556 4355 καταραχθήσεται
1582 4281 1720 4354 (52),
1764 4281 1852 4337 ὅτι
1888 4284 2002 4338 Κύ-

407 4393 546 4444 ριος
580 4375 1166 4446 ἁντιστηρίζειχεζρα
1183 4376 1394 4431 αὑτοῦ.
1418 4377 1530 4430 Καὶ
1563 4375 1832 4446 βιωτικῶς
1873 4376 2002 4428 δυσ·

415 4469 734 4538 πραγὴσας,
785 4468 861 4530 ὡς
889 4467 1034 4534 Ἰὼϐ,
1063 4470 1156 4522 καὶ
1191 4467 1444 4538 ψυχικῶς
1491 4467 1811 4536 ὀλισθήσας,
1845 4467 1920 4531 ὡς
1975 4467 2003 4518 ὀ

2103 4192 2268 4247 rabit.

2177 4282 2342 4338 Vens.
2375 4281 2466 4338 24.
2517 4280 2650 4338 Cum
2675 4281 2943 4348 ceciderit,
2977 4297 3082 4334 non
3143 4277 3525 4348 confringatur,
3559 4277 3686 4347 quia

2106 4377 2368 4432 Dominus
2393 4385 2580 4429 contra
2601 4375 2785 4445 ﬁrmat
2808 4391 3022 4428 manum
3057 4389 3235 4427 suam.
3263 4369 3320 4425 Si
3356 4371 3409 4425 in
3445 4370 3692 4424 externis

2112 4471 2276 4525 bonis
2308 4469 2539 4524 adversa
2569 4476 2798 4524 vexetur
2846 4467 3090 4532 fortuna,
3125 4474 3185 4518 ut
3213 4463 3334 4528 Job,
3367 4463 3450 4517 vel
3477 4465 3522 4518 si
3550 4462 3696 4516 circa

413 4560 610 4624 Δαϐὶδ,
639 4563 740 4614 οὐκ
772 4561 1107 4630 ὲναπομενεῖ
1149 4560 1230 4629 τῷ
1293 4557 1574 4628 πτώματι,
1615 4558 1750 4610 διότι
1801 4558 1986 4628 Κύριο.

2115 4564 2419 4634 spiritualia
2451 4562 2593 4615 bona
2619 4561 2802 4630 lapsus
2825 4558 3088 4621 fuerit,ut
3121 4557 3311 4621 David,
3344 4572 3448 4610 non
3486 4571 3701 4625 penna-

416 4654 822 4726 ἁντιστηρίζει,
854 4653 1131 4718 τουτέστι,
1163 4652 1489 4723 ὑποτίθησιν
1513 4651 1664 4722 αὐτῷ
1691 4653 1852 4722 χεῖρα
1873 4652 2003 4705 ἑαυ-

417 4747 542 4810 τοῦ,
567 4747 715 4817 φημὶ
745 4747 1006 4817 βοήθειαν
1033 4764 1046 4778 ο
1081 4748 1179 4799 καὶ
1208 4747 1242 4816 ἡ
1273 4745 1537 4816 μετάνοια
1568 4745 1685 4815 γὰρ
1724 4744 1858 4797 Θεοῦ
1883 4745 2002 4815 χείρ

419 4841 700 4906 ὲστιν,ώς
757 4841 944 4894 θεόθεν
997 4838 1362 4910 ὲπιφοιτῶσα,
1434 4839 1529 4892 καὶ
1582 4837 1851 4892 ἀνελοῦσα
1909 4839 2003 4892 τοῦ

419 4931 741 5003 πτώματος.

497 5207 802 5275 Νεώτερος
851 5206 1148 5276 ἐγενόμην
1180 5245 1196 5270 ,
1233 5206 1333 5260 καὶ
1388 5207 1516 5278 mi;
1561 5202 1854 5275 ἐγήρασα,
1908 5204 2010 5259 καί

421 5303 541 5356 οὐκ
569 5297 736 5354 εἶδον
779 5298 1017 5353 δίκαιον
1053 5296 1695 5367 ἐγκαταλελειμμένον.
1749 5297 2012 5366 Περιττὸς

423 5394 541 5463 γὰρ
563 5396 590 5445 ὁ
622 5390 921 5460 σύνδεσμος
960 5405 973 5420 ·
1007 5389 1204 5442 ἔστιδὲ
1235 5389 1482 5454 τοιοῦτος
1506 5389 1533 5442 ὁ
1567 5389 1694 5452 νοῦς
1715 5428 1730 5455 ,
1761 5389 1845 5442 ὅτι
1873 5389 2014 5453 Νέος

502 5569 547 5599 ’³
584 5563 722 5621 Gen.
763 5581 860 5632 xn,
902 5566 958 5620 5.
1033 5565 1080 5598 ”
1109 5563 1256 5620 Psal.
1285 5580 1480 5630 cxxvr,
1508 5566 1560 5620 1.

2117 4658 2269 4712 nebit
2299 4666 2479 4710 tamen
2507 4657 2563 4709 in
2599 4655 2703 4708 hac
2766 4654 2949 4719 ruina,
2985 4653 3116 4721 quia
3179 4651 3443 4705 Dominus
3503 4654 3700 4702 contra

2117 4751 2322 4814 ﬁrmat,
2357 4749 2460 4804 hoc
2490 4760 2597 4812 est,
2631 4747 2892 4817 supponit
2920 4761 3144 4799 manum
3196 4759 3376 4811 suam,
3402 4757 3561 4798 suum
3588 4739 3700 4795 sci-

2117 4842 2247 4896 licet
2305 4841 2596 4894 auxilium.
2667 4839 2998 4894 Poenitentia
3064 4839 3228 4891 etiam
3283 4835 3552 4904 accipitur
3601 4846 3706 4902 pro

2121 4951 2288 4989 manu
2332 4935 2447 4998 Dei,
2495 4944 2749 5003 tanquam
2810 4947 2932 5002 quae
2963 4947 2993 4986 a
3053 4930 3164 4986 Deo
3201 4929 3590 5000 proﬁciscitur,
3645 4932 3702 4977 et

2119 5038 2220 5076 nos
2256 5023 2322 5078 de
2359 5023 2519 5093 lapsu
2569 5038 2632 5077 ac
2663 5023 2823 5077 ruina
2854 5023 3024 5078 trahit
3060 5033 3224 5091 atque
3299 5017 3572 5075 convertit
3629 5005 3700 5066 ad

2121 5115 2434 5169 Dominum.

2192 5205 2360 5262 Vens.
2397 5207 2488 5261 25.
2530 5205 2727 5260 Junior
2771 5207 2849 5276 [ui
2872 5247 2886 5272 ,
2934 5207 3124 5262 etenim
3167 5204 3317 5257 senui
3348 5243 3362 5267 ,
3391 5214 3442 5254 et
3467 5216 3570 5279 nan
3595 5195 3703 5250 vidi

2113 5296 2323 5366 justum
2373 5296 2702 5351 derelictum.
2755 5295 3042 5366 Superﬂua
3093 5305 3176 5347 est
3225 5291 3312 5343 illa
3378 5285 3706 5356 conjunctio

2123 5391 2285 5444 enim.
2317 5388 2525 5446 Sensus
2557 5399 2640 5446 est
2675 5406 2690 5442 :
2722 5387 2948 5444 Juveuis
2991 5386 3089 5450 fui,
3117 5393 3168 5438 et
3201 5379 3358 5436 senui
3385 5380 3520 5451 jam,
3551 5385 3604 5433 et
3641 5377 3701 5430 in

1755 5677 1956 5739 Variae
1987 5676 2321 5743 lectiones.

501 5789 618 5864 (.30)
659 5784 1279 5864 κεχρεωττημένον.

507 5851 621 5934 ζει)
657 5851 1111 5924 Μθιιειίῖὲλεείν,
1144 5865 1196 5912 ct
1217 5856 1380 5926 paulo
1413 5861 1536 5927 post
1581 5851 1859 5917 κολάζειν.

2194 5783 2306 5854 (52)
2341 5781 2416 5839 Al.
2471 5777 3008 5852 καταρραχθήσεται.
