4078 6410
486 302 593 364 δεῖ

1694 298 2074 360 EUTIIYMH
2120 297 2481 360 ZlGABENI

3642 295 3743 358 428

484 423 781 476 liberorum
814 417 1276 488 procreationem,
1304 424 1398 470 aut
1417 416 1767 470 inimicorum
1796 417 2049 469 exterrui-

2179 417 2355 475 ποιῖα,
2389 415 2480 466 καὶ
2522 415 2553 482 ἡ
2583 414 2690 465 τῶν
2715 412 2928 483 ἐχθρῶν
2964 411 3361 482 ἐξολόορευσις,
3405 413 3498 467 καὶ
3547 416 3614 469 τὰ
3645 435 3752 471 τοι-

485 515 784 577 nationem,
822 523 914 566 ant
943 512 1045 564 alia
1087 509 1398 580 hujnsmodi
1429 525 1443 574 ;
1478 508 1684 563 idcirco
1717 509 1801 562 his
1828 509 2063 578 prornis-

484 606 736 662 sionibus
770 603 1036 671 Propheta
1081 616 1273 656 omnes
1311 601 1376 654 ad
1409 601 1666 654 virtutem
1713 601 2061 662 exhortatur,

485 699 733 755 eamdem
765 697 960 766 saepius
993 703 1244 764 repetens
1269 693 1619 748 sententiam.
1645 691 1692 745 A
1726 692 2063 746 sublimiori-

484 796 588 848 bus
613 803 794 846 tamen
849 791 1168 844 sublimiora
1201 789 1366 841 etiam
1405 786 1495 841 hic
1534 785 1978 850 considerantur,
2009 795 2063 837 ut

484 883 735 952 superius
757 881 1031 936 diximus.

553 975 680 1031 Cum
714 972 1056 1028 exterminati
1087 970 1280 1038 fuerint
1310 978 1632 1039 peccatores,
1667 969 1879 1021 videbis.
1920 966 2059 1019 Mul-

481 1077 662 1122 torum
715 1065 1221 1135 posillanimitatem
1281 1062 1575 1116 consolans
1621 1059 1912 1130 Propheta,
1967 1059 2059 1128 qui

481 1172 621 1226 ψει-ρ
646 1155 892 1208 ferebant
924 1153 1090 1206 Deum
1125 1152 1387 1206 adversus
1436 1165 1632 1220 pravos
1664 1158 1812 1202 tanta
1847 1150 1923 1202 uti
1965 1164 2059 1215 pa-

482 1246 666 1298 tientia
697 1251 750 1298 et
784 1242 1214 1312 longanimitate,
1250 1241 1356 1295 ait:
1389 1239 1632 1304 Confido,
1667 1241 1793 1308 quia
1828 1238 2060 1307 injusto~

482 1352 601 1389 rum
687 1349 750 1388 ac
837 1347 1128 1403 pravorum
1215 1331 1458 1385 omnium
1541 1328 2056 1384 exterminationem

481 1429 732 1491 videbis;
792 1434 846 1481 et
891 1437 1200 1479 sermonem
1231 1437 1390 1478 suum
1423 1421 1711 1476 conlirmat
1735 1437 1798 1473 ex
1841 1421 1908 1474 iis
1938 1437 2059 1490 qua:

483 1521 597 1588 ipse
627 1519 784 1572 vidit.
819 1517 906 1568 Ait
943 1517 1087 1568 enim
1120 1533 1134 1568 :

554 1607 717 1662 Vens.
753 1607 840 1661 53.
879 1606 997 1660 Vidi
1037 1605 1257 1672 impium
1286 1602 1759 1670 snperexaltatum,
1808 1612 1855 1656 et
1886 1603 2058 1657 elei-a-

477 1714 588 1755 tum
636 1703 772 1754 sicut
834 1700 1018 1752 cedros
1067 1695 1276 1749 Libani.
1334 1694 1456 1764 lpse
1517 1693 1736 1763 quidem
1784 1694 2053 1764 Propheta

2168 505 2330 570 αῦτα,
2367 509 2478 564 τοῖς
2509 506 2725 568 πολλοῖς
2752 501 2819 576 ἦν
2873 506 3349 575 περισπούδαστα·
3403 509 3522 569 ταῖς
3579 510 3750 575 ἐπαγ-

2166 599 2374 665 γελίαις
2423 599 2532 650 τῶν
2565 598 2826 651 τοιούτων
2859 599 2939 660 είς
2964 599 3166 668 ἀρετὴν
3206 599 3598 668 προτρέπεται.
3645 605 3752 656 Καὶ

2167 691 2304 760 αῦτη
2353 689 2453 758 μὲν
2485 691 2686 759 ἡαίτία
2718 690 2810 742 τοῦ
2841 691 3097 752 πολλάκις
3135 691 3552 744 ἐπανακυκλοῦν
3578 694 3748 748 αὑτά·

2165 784 2410 837 νοοῦνται
2451 784 2505 836 δὲ
2537 786 2649 847 τοῖς
2696 783 3054 854 ὑψηλοτέροις
3085 783 3418 854 ὑψηλότερα,
3466 784 3541 847 ὡς
3565 785 3751 854 προεί-

2166 893 2361 942 πομεν.

2241 972 2342 1022 Ἐν
2395 971 2474 1035 τῷ
2533 971 3031 1036 ἐξολοθρεύεσθαι
3078 970 3505 1038 ἁμαρτωλοὺς,
3588 971 3747 1037 ὄψει.

2164 1061 2673 1130 Παραμυοούμενος
2739 1061 2837 1127 τὴν
2903 1059 3269 1129 μικροψυχίαν
3333 1060 3441 1112 τῶν
3517 1061 3750 1125 πολλῶν,

2161 1152 2576 1222 δυσφορούντων
2633 1153 2724 1203 ἐπὶ
2790 1152 2898 1202 τῶν
2959 1151 3214 1220 πονηρῶν
3271 1152 3598 1222 ἀνεξικακίᾳ.
3655 1152 3751 1206 τοῦ

2161 1244 2320 1308 Θεοῦ,
2358 1248 2522 1311 φησὶν
2549 1246 2628 1296 ὅτι
2669 1243 2874 1314 Θάρρει
2909 1260 2923 1273 ⁸
2971 1244 3092 1313 ὄψει
3136 1249 3243 1315 γὰρ
3282 1245 3379 1315 τὴν
3442 1245 3754 1317 ὲξολόθρευ-

2168 1354 2251 1389 σιν
2278 1336 2386 1389 τῶν
2425 1336 2792 1406 ἁμαρτωλῶν.
2833 1337 3126 1390 Πιστοῦται
3161 1338 3270 1409 γὰρ
3325 1339 3418 1392 τὶν
3477 1339 3636 1408 λόγον
3689 1341 3749 1406 ἐξ

2160 1423 2235 1482 ὧν
2285 1431 2447 1493 αὐτὸς
2479 1427 2649 1482 οἶδεν·
2675 1430 2876 1497 ἐπάγει
2909 1430 3020 1500 γάρ
3053 1447 3068 1462 '

2232 1601 2412 1661 Εἶδον
2444 1607 2552 1659 τὸν
2580 1605 2770 1674 ἀσεϐῆ
2796 1608 3300 1675 ὺπερυψούμενον
3351 1605 3446 1659 καὶ
3508 1607 3751 1676 ἐπαιρό-

2154 1713 2344 1764 μενον
2371 1697 2450 1762 ὠς
2485 1698 2591 1762 τὰς
2624 1697 2877 1764 κέδρους
2903 1697 3009 1750 τοῦ
3058 1696 3341 1751 Λιϐάνου.
3400 1698 3573 1760 Αὐτὸς
3645 1699 3749 1768 μὲν

478 1793 758 1848 indeﬁnite
811 1791 1038 1858 impium
1101 1787 1262 1851 dixit,
1303 1801 1402 1839 nos
1443 1794 1624 1840 tamen
1657 1787 1872 1841 Golith
1907 1827 1922 1850 ,
1961 1796 2049 1840 aut

2155 1755 2370 1856 αἰήλιυς
2402 1755 2492 1840 τον
2520 1755 2690 1857 ἀσεϐῆ
2723 1755 2894 1840 εἶπέ·
2931 1787 3163 1857 νοοῦμεν
3186 1789 3242 1842 δὲ
3287 1789 3380 1842 τὸν
3441 1755 3657 1854 Γολίὰθ,
3712 1793 3744 1859 ἦ

475 1885 691 1940 Saulcm
743 1881 1046 1950 intelligere
1077 1892 1389 1948 possumus,
1425 1889 1518 1930 aut
1555 1876 1697 1930 Naas
1725 1878 2054 1943 Amanitem,

475 1984 568 2031 aut
607 1977 743 2029 alios
786 1972 1130 2042 huiusmodi,
1177 1986 1413 2039 quorum
1447 1969 1628 2039 primo
1663 1970 2050 2024 cxaltationcm

477 2071 632 2134 vidit,
663 2077 717 2122 et
756 2065 954 2120 deinde
997 2063 1449 2118 destructionem.
1485 2061 1546 2114 Rt
1597 2062 1739 2131 quod
1783 2061 1859 2115 ait
1893 2101 1907 2124 ,
1947 2062 2054 2116 Su-

471 2163 884 2228 perexaltutum,
911 2174 940 2210 a
964 2155 1200 2211 subditis
1259 2164 1422 2224 atque
1461 2156 1532 2209 ab
1565 2154 1688 2208 aliis
1741 2154 2054 2208 hominibus

473 2253 940 2324 super-exaltatum
978 2249 1222 2318 intellige
1255 2263 1271 2312 ;
1303 2247 1572 2302 elevatum
1619 2261 1750 2299 vero
1779 2262 1804 2296 a
1843 2263 1901 2298 se
1931 2245 2052 2313 ipso

469 2357 526 2403 et
582 2349 726 2402 fastu
783 2343 1021 2415 preprio,
1072 2340 1289 2395 tametsi
1346 2349 1577 2407 utraque
1627 2336 1869 2391 dictione
1909 2338 2048 2390 idem

2161 1880 2250 1932 τὸν
2286 1881 2476 1943 Σαοὺλ,
2509 1881 2539 1950 ἢ
2576 1882 2730 1944 Ναὰς
2761 1881 2850 1934 τὸν
2894 1881 3211 1951 Ἀμανίτην,
3261 1881 3533 1951 ἢμᾶλλους,
3565 1883 3747 1935 ’.οιούο

2159 1990 2308 2036 τους,
2345 1967 2419 2026 ὧν
2456 1971 2564 2026 εἶδε
2594 1975 2690 2027 καὶ
2720 1974 2818 2046 τὴν
2857 1975 3114 2044 ἔπαρσιν,
3150 1976 3243 2026 καὶ
3274 1944 3371 2044 ἦν
3427 1993 3740 2047 καταστρο-

2161 2067 2268 2134 φήν
2297 2083 2309 2094 ·
2346 2065 2797 2135 ύπερυψούμενον
2838 2067 2957 2137 μὲν,
2990 2067 3093 2119 ὑπὸ
3114 2066 3222 2120 τῶν
3243 2068 3500 2139 ὑπηκόων
3539 2086 3552 2098 ’
3589 2070 3744 2124 ἐπαι-

2161 2157 2389 2226 ρόμενον
2416 2158 2492 2218 δὲ,
2526 2157 2758 2210 οἴκοθεν.
2795 2159 2864 2210 Ἦ
2896 2159 2992 2210 καὶ
3011 2157 3178 2226 ἄμφω
3198 2159 3392 2210 ταύτὸν
3430 2160 3496 2210 ὲκ
3531 2161 3745 2229 παραλ-

2157 2249 2323 2317 λήλου
2355 2248 2594 2315 δηλοῦσι.
2639 2250 2772 2313 Ταῖς
2803 2250 3015 2320 κέδροις
3043 2249 3099 2303 δὲ
3123 2249 3284 2304 αὑτὸν
3331 2250 3625 2314 ἀπείκασε,
3653 2252 3743 2306 διὰ

2156 2338 2216 2390 τὸ
2246 2339 2495 2412 ἄκαρπον
2525 2340 2656 2411 ὕψος
2689 2343 2782 2396 καὶ
2818 2345 2917 2413 τὴν
2955 2343 3200 2414 πικρίαν.

470 2454 768 2510 possumus
798 2438 960 2490 etiam
994 2433 1318 2502 intelligere.
1365 2429 1560 2484 Cedris
1591 2437 1773 2483 autem
1817 2429 2044 2499 impium
2079 2434 2446 2501 comparavit,
2480 2449 2545 2489 eo
2573 2435 2716 2504 quod
2751 2436 2873 2490 altae
2933 2445 3081 2500 sunt,
3127 2445 3181 2491 et
3247 2436 3619 2502 infructuosa,
3684 2445 3740 2486 et

471 2547 637 2589 811000
670 2544 878 2584 amaro.

543 2631 710 2685 Vens.
744 2629 834 2682 56.
867 2625 932 2678 Et
974 2624 1312 2692 per-transivi,
1346 2629 1395 2674 et
1428 2636 1541 2674 ecce
1570 2636 1671 2673 non
1697 2628 1834 2672 erat.
1868 2617 2048 2676 Modo,

472 2724 672 2796 inquit,
706 2721 856 2775 illum
893 2733 1016 2773 sese
1067 2715 1392 2786 gloriantem
1439 2713 1646 2778 dimisi,
1691 2711 2054 2781 pertransivi,

471 2829 529 2873 et
586 2815 771 2871 statim
821 2811 1062 2866 evanuit.
1117 2807 1293 2884 Dietio
1325 2806 1470 2860 enim
1501 2821 1638 2869 ecce,
1688 2804 1790 2858 hoc
1823 2804 2054 2868 inloco,

467 2909 652 2965 statim
690 2905 984 2974 signiticet.

540 3003 610 3054 Et
657 2996 873 3068 (μιωεὶιοὶ
911 3010 1051 3054 eum,
1094 3001 1142 3046 et
1173 3005 1275 3043 non
1310 3000 1385 3042 est
1434 2990 1672 3042 inventus
1721 2989 1863 3042 locus
1910 2989 2045 3055 ejus.

2234 2619 2343 2674 Kal
2373 2620 2706 2689 παρῆλθον,
2740 2620 2837 2673 καὶ
2885 2620 3018 2675 ὶὸοὺ
3069 2623 3179 2675 οὐκ
3234 2618 3332 2691 ἦν.
3402 2623 3506 2675 Καὶ
3546 2623 3730 2692 ἀφῆκα

2156 2711 2345 2765 τοῦτον
2398 2712 2571 2775 οὕτως
2616 2713 2780 2782 ἔχειν,
2827 2712 2921 2765 καὶ
2969 2714 3131 2776 εύῢὺς
3187 2714 3288 2767 ούκ
3343 2713 3438 2783 ἔζη
3469 2732 3483 2745 ο
3513 2715 3570 2767 τὸ
3599 2714 3735 2784 γὰρ,

2159 2805 2314 2871 ἰδοὺ,
2347 2805 2408 2858 τὸ
2429 2807 2591 2865 εὐθὺς
2621 2806 2854 2860 ἐνταῦθα
2892 2807 3176 2878 σημαίνει.

2216 2984 2324 3037 Kal
2376 2983 2637 3053 ἐζήτησα
2685 2985 2894 3051 αὐτὸν,
2946 2987 3043 3039 καὶ
3072 2989 3187 3055 οὐχ
3231 2987 3445 3055 εὑρέθη
3479 2991 3512 3041 ό
3541 2989 3725 3053 τόπος

468 3090 534 3145 Ει
570 3089 696 3142 inde
727 3087 793 3140 ad
825 3094 1040 3152 tempus
1067 3082 1396 3151 cogitatione
1426 3078 1654 3148 quaesivi
1682 3095 1804 3133 eum
1837 3079 2045 3143 videre,

2155 3074 2356 3127 αὐτοῦ.
2391 3073 2494 3127 Καὶ
2542 3074 2682 3144 μετὰ
2713 3077 2905 3146 καιρὸν
2938 3075 3016 3146 τῷ
3061 3076 3310 3146 λογισμῷ
3369 3076 3610 3148 ἐζήτησα
3639 3077 3740 3130 αύ-

469 3192 525 3237 et
557 3197 665 3236 non
696 3189 782 3234 est
821 3180 1077 3231 inventus
1109 3173 1260 3227 locus
1282 3171 1398 3240 ejus
1428 3188 1442 3235 ;
1473 3171 1628 3225 locus
1650 3171 1932 3236 nimirum,
1955 3171 2048 3240 qui

472 3272 676 3328 alicubi
741 3285 866 3326 eum
931 3269 1289 3321 exsistcntem
1367 3265 1693 3318 contineret.
1762 3259 2049 3326 Quomodo

465 3365 611 3418 enim
642 3362 972 3420 invenietur,
1007 3372 1131 3408 eum
1171 3367 1281 3406 non
1313 3350 1540 3405 sit?\"el
1573 3367 1668 3420 per
1713 3351 1892 3404 locum
1925 3353 2050 3420 ejus

470 3471 672 3524 corpus
701 3454 873 3522 ipsum
915 3449 1176 3516 intelligo,
1211 3444 1357 3514 quod
1396 3457 1552 3496 antea
1581 3443 1776 3496 animae
1814 3443 2051 3498 domici-

469 3551 601 3603 lium
627 3555 765 3606 erat,
801 3552 854 3596 et
925 3549 1112 3610 postea

2151 3168 2242 3220 τὸν
2274 3168 2423 3230 ἰδεῖν,
2449 3167 2542 3221 καὶ
2576 3169 2675 3239 οὐχ
2702 3168 2906 3240 εὑρέθη
2936 3173 2963 3222 ὁ
3019 3171 3184 3233 τόπος
3225 3170 3414 3234 αὑτοῦ,
3466 3173 3494 3224 ὁ
3553 3171 3742 3240 περιέ-

2156 3264 2576 3334 χωναύτὸν,ὠς
2622 3265 2771 3318 ὄντα.
2830 3267 2952 3330 Πῶς
2995 3268 3103 3335 γὰρ
3163 3267 3385 3336 εύρέΘη,
3450 3269 3525 3336 μὴ
3579 3267 3740 3329 ὄντος

2153 3355 2321 3407 αύτοῦ
2350 3373 2364 3421 ;
2418 3356 2489 3408 *Η
2521 3356 2686 3409 τόπον
2712 3357 2880 3410 αὑτοῦ
2908 3359 2965 3410 τὸ
3002 3359 3162 3424 σῶμα
3213 3359 3559 3428 ὑποληπτέον
3590 3377 3602 3388 ·
3657 3354 3740 3412 οἶ·-

2154 3463 2248 3509 κος
2276 3447 2383 3515 γὰρ
2405 3447 2566 3500 τοῦτο
2602 3450 2702 3517 τῆς
2725 3448 2903 3519 ψυχῆς
2944 3448 3024 3514 ὃν,
3049 3450 3330 3503 διαλύεται
3361 3453 3557 3504 σαπὲν.

1191 3534 1591 3603 putrefactione
1637 3533 1969 3588 dissolutum
2012 3544 2114 3590 est.
2161 3535 2266 3607 [Si
2297 3553 2534 3608 quares,
2575 3555 2642 3594 an
2677 3541 2873 3597 habeat
2928 3545 3127 3606 locum,
3181 3545 3387 3597 nullum
3441 3545 3739 3600 invenies:

468 3642 782 3698 mansiones
840 3636 983 3690 enim
1036 3648 1225 3686 eorum
1270 3631 1533 3683 dicuntur
1580 3630 1675 3699 qui
1737 3630 2040 3684 salvantur.

2164 3650 2210 3685 m
2245 3649 2436 3688 eorum
2467 3637 2561 3704 qui
2598 3647 2849 3705 pereunt,
2881 3639 3124 3706 gehenna
3153 3679 3168 3703 ,
3239 3640 3319 3693 vel
3397 3639 3741 3705 hujnsmodi.

469 3734 712 3794 hominis
758 3745 864 3784 non
913 3727 1114 3781 dicitur
1156 3739 1278 3778 esse
1317 3723 1468 3778 locus
1519 3722 1742 3791 aliquis,
1783 3723 1877 3778 sed
1922 3723 2174 3792 perditio.
2212 3725 2232 3799 ]

537 3827 704 3882 Vens.
738 3825 827 3878 57.
881 3821 1100 3875 Custodi
1135 3816 1519 3872 innocentiam.
1550 3845 1617 3858 -—-
1645 3814 2048 3885 Simplicitate»:

466 3921 608 3978 dixit
639 3914 1025 3989 Symmachus.

542 4013 606 4068 Et
638 4010 756 4065 vide
782 4005 1173 4061 rectitudinem.
1199 4003 1463 4065 Observa,
1491 4002 1689 4072 inquit,
1749 4010 1808 4056 ut
1864 4012 2048 4059 rectus

467 4107 547 4162 sis
578 4103 657 4176 [et
699 4110 845 4155 recte
877 4095 1173 4168 ambules].
1781 4081 1794 4088 “

542 4195 806 4262 Quoniam
849 4191 1084 4260 reliquiw
1111 4198 1231 4242 stmt
1263 4188 1460 4241 homini
1487 4189 1734 4257 paciﬁca.
1761 4188 2046 4257 Reliquias

469 4288 789 4344 memoriam
820 4284 1058 4353 appellat
1087 4299 1100 4345 ;
1135 4281 1248 4334 haec
1278 4291 1456 4334 autem
1492 4281 1695 4350 duplici
1725 4281 1884 4333 modo
1914 4295 2048 4334 con-

467 4387 768 4444 servatur,
828 4390 924 4446 per
986 4373 1192 4437 prolem
1251 4372 1551 4435 videlicet,
1613 4381 1668 4426 et
1737 4389 1829 4441 per
1899 4373 2041 4428 bona

465 4486 654 4541 opera.

535 4559 701 4613 Vens.
737 4557 826 4612 '58.
857 4553 1034 4624 Iniqui
1071 4562 1245 4606 autem
1297 4553 1792 4607 exterliiinabuntur
1835 4555 1890 4607 in
1932 4555 2025 4608 idi'

463 4651 638 4720 psitm.
680 4679 748 4690 —
773 4646 837 4700 In
863 4646 1090 4713 idipsum
1120 4644 1260 4698 idem
1303 4656 1408 4709 est,
1442 4645 1586 4715 quod
1640 4660 1765 4711 una,
1801 4646 1906 4700 hoc
1936 4653 2039 4712 est,

467 4743 628 4800 simul
658 4756 783 4796 cum
807 4755 993 4794 eorum
1017 4737 1301 4791 memoria.
1323 4737 1480 4802 Quod
1518 4738 1572 4791 in
1604 4738 1854 4804 sequenti
1877 4740 2039 4793 etiam

467 4834 739 4892 versiculo
766 4831 934 4901 magis
964 4824 1496 4895 declaravit,'dicens
1531 4847 1544 4883 :

536 4926 792 4996 Reliquia:
820 4924 1103 4992 impiorum
1141 4923 1649 4976 exterminabuntur.
1693 4921 1794 4975 Per
1824 4921 2045 4991 impios,

465 5033 664 5090 pravos
691 5031 881 5070 omnes
917 5015 1206 5082 intelliges.

539 5111 702 5164 Vens.
735 5109 827 5172 59,
864 5107 952 5161 40.
988 5105 1148 5161 Salus
1185 5118 1359 5160 autem
1407 5107 1671 5178 iustorum
1713 5123 1745 5159 a
1795 5104 2038 5170 Domino,

464 5216 512 5260 et
550 5207 658 5273 ipse
695 5211 957 5272 protector
972 5216 1149 5253 eorum
1171 5207 1247 5252 est
1281 5200 1334 5251 in
1375 5208 1603 5268 tempore
1632 5197 1990 5251 tribulationis
2022 5213 2040 5251 :

460 5309 509 5353 et
543 5296 809 5368 adjuvabit
837 5310 924 5347 eos
964 5293 1242 5353 Dominus,
1271 5301 1317 5345 et
1359 5290 1604 5344 liberabit
1631 5307 1737 5352 eos,
1777 5301 1825 5342 et
1853 5290 2036 5356 eripiet

459 5407 547 5442 eos
572 5407 601 5440 a
627 5383 991 5454 peccatoribus
1016 5425 1029 5446 ,
1059 5392 1106 5434 et
1143 5381 1363 5436 salvabit
1413 5398 1522 5447 eos,
1569 5382 1818 5450 quoniam
1856 5396 2036 5448 spera-

461 5490 642 5534 terunt
681 5480 732 5530 in
777 5493 916 5530 eum.
973 5472 1104 5527 Vide
1156 5489 1316 5542 quam
1354 5473 1500 5526 varie
1545 5487 1607 5525 ac
1661 5471 2036 5540 multipliciter

462 5571 610 5624 varia
642 5584 705 5621 ac
751 5567 1075 5634 multiplicia
1101 5566 1303 5618 auxilia
1341 5563 1703 5628 annuntiavit,
1735 5580 1857 5632 qua:
1893 5564 2036 5619 Deus

461 5663 496 5731 j;
525 5664 624 5714 stis
660 5659 992 5726 imper-titur.
1019 5655 1167 5709 Varii
1196 5657 1341 5709 enim
1380 5664 1508 5710 sunt
1546 5671 1735 5709 eorum
1787 5656 1952 5721 modi,
1981 5667 2034 5712 et

463 5751 612 5806 varie
643 5747 1111 5814 administrantur,
1155 5748 1310 5818 juxta
1333 5749 1538 5802 variam
1577 5763 1639 5804 ac
1672 5748 2030 5820 multiplicem

2218 3822 2509 3877 Φύλασσε
2549 3822 2827 3876 ἀκακίαν.
2862 3855 2930 3864 -—
2964 3825 3291 3892 ’Λπλότητα
3316 3825 3467 3878 εἶπεν
3519 3829 3546 3877 ὁ
3590 3825 3742 3882 Σύμ’

2195 3933 2350 3975 αχος.

2195 3933 2226 3968 α
2270 3933 2350 3975 0;.

2148 3931 2187 3982 μ
2218 3933 2326 4060 ἐαὶ
2361 4005 2452 4061 ἴδε
2485 4010 2804 4078 εὐθύτητα.
2850 4009 2960 4061 Καὶ
2990 4011 3230 4079 τήρησον
3277 4008 3376 4078 τὴν
3434 4011 3737 4082 ὀρθότητα.

2222 4193 2351 4248 ’Ότι
2377 4196 2549 4248 ἐστὶν
2575 4197 3018 4265 ἐγκατάλειμμα
3069 4195 3360 4263 ἀνθρώπῳ
3421 4195 3740 4265 εῙρηνικῷ.

2165 4288 2620 4359 Ἑγκατὰλειμμα
2648 4287 2874 4356 λέγειτὺ
2907 4289 3253 4356 μνημόσυνον
3276 4304 3287 4315 ’
3324 4288 3483 4339 τοῦτο
3535 4286 3591 4339 δὲ
3623 4289 3741 4340 διι-

2150 4381 2239 4433 τόν
2271 4382 2418 4433 ἐστιν
2447 4381 2514 4450 ’ἦ
2547 4383 2603 4432 ἐν
2649 4380 2980 4450 παιδοποιίᾳ,
3009 4379 3040 4430 ii
3067 4381 3123 4431 ὲν
3154 4379 3514 4450 ἀγαθοεργῖᾳ.

2216 4559 2280 4609 0i
2339 4555 2407 4608 δὲ
2464 4554 2798 4623 παράνομοι
2853 4553 3472 4623 ἐξολοθρευθήσονται
3533 4555 3738 4611 ἐπιτο-

2146 4648 2314 4702 αυτό.
2351 4677 2420 4686 —-
2487 4646 2859 4705 Ἐπιτοαυτὸ,
2923 4646 3044 4698 ἀντὶ
3091 4647 3205 4709 τοῦ,
3278 4645 3444 4714 Ὁμοῦ
3502 4647 3600 4700 σὺν
3652 4651 3738 4719 τῷ

2150 4737 2484 4808 μνημοσύνῳ
2515 4736 2768 4800 αὐτῶν,ὂ
2814 4737 2909 4787 καὶ
2948 4735 3036 4789 διὰ
3085 4737 3179 4789 τοῦ
3245 4736 3376 4806 ἑξῆς
3429 4738 3738 4809 ἐσαφήνισε

2147 4827 2354 4896 στίχου,
2386 4828 2556 4879 εἰπών
2583 4842 2596 4855 °

2222 4919 2304 4972 Τὰ
2321 4919 2834 4986 ἐγκατα.7ειίιματα
2871 4915 2989 4971 τῶν
3019 4918 3257 4972 ἀσεϐῶν
3292 4919 3699 4988 ἐξολοθρευθή
3719 4951 3734 4959 -

2146 5027 2378 5064 σονται.
2420 5009 2665 5071 ’Λσεὸεῖς
2687 5010 2797 5060 νόει
2832 5009 3041 5073 πάντας
3069 5011 3196 5072 τοὺς
3223 5011 3516 5078 πονηρούς.

2217 5103 2481 5170 Σωτήρια
2539 5101 2607 5154 δὲ
2671 5101 2791 5153 τῶν·
2827 5101 3072 5154 δικαίων
3127 5100 3289 5169 παρὰ
3335 5102 3578 5169 Κυρίου,
3625 5104 3729 5157 καὶ

2141 5193 2599 5264 ὑπερασπιστὴς
2627 5192 2826 5246 αὐτῶν
2867 5193 3038 5247 ἐστιν
3082 5194 3151 5246 ἐν
3203 5194 3388 5262 καιρῷ
3439 5196 3731 5263 θλίψεως,

2143 5289 2242 5342 καὶ
2268 5289 2568 5357 ,βοηθήσει
2598 5277 2800 5356 αὐτοῖς
2831 5293 3064 5359 Κύριος,
3087 5291 3186 5346 καὶ
3200 5292 3452 5360 ῥύσεται
3479 5293 3731 5358 αὐτοὺς,

2143 5381 2241 5433 καὶ
2267 5382 2557 5446 ἐξελεῖται
2584 5383 2806 5449 αὐτοὺς
2848 5384 2916 5449 ἐξ
2967 5384 3348 5454 ἁμαρτωλῶν,
3405 5385 3504 5438 καὶ
3539 5386 3733 5439 σώσει

2143 5473 2386 5540 αὐτοὺς,
2440 5475 2530 5527 ὅτι
2578 5474 2852 5542 ἤλπισαν
2906 5478 2999 5529 ἐπ’
3047 5478 3256 5532 αὐτόν.
3291 5478 3432 5548 Ὅρα
3481 5478 3598 5540 πῶς
3624 5479 3731 5546 τὴν

2146 5565 2399 5636 ποικίλην
2433 5570 2586 5636 παρὰ
2613 5567 2748 5620 Θεοῦ
2789 5567 2898 5620 τῶν
2934 5568 3163 5621 δικαίων
3216 5569 3501 5638 ἀντίληψιν
3546 5567 3730 5620 ποικί-

2145 5658 2252 5722 λως
2279 5659 2584 5728 ἀπήγγειλε
2613 5676 2626 5689 ·
2650 5659 2901 5732 διάφοροι
2933 5661 3042 5730 γὰρ
3065 5663 3114 5713 oi
3152 5659 3359 5732 ταύτης
3386 5660 3598 5732 τρόποι,
3626 5664 3730 5712 καὶ

2144 5749 2418 5820 διαφόρως
2442 5749 2850 5820 ἐνεργούμενα,
2889 5751 3030 5804 κατὰ
3060 5751 3160 5822 τὴν
3192 5748 3575 5803 πολυποίκιλον
3623 5746 3727 5799 τοῦ
