4078 6418
464 338 564 402 431

1692 345 2083 432 EUTHYMII
2114 342 2479 405 messem

3609 338 3724 402 531'!

534 447 656 503 Non
705 461 780 504 est
835 463 941 520 pax
982 452 1185 506 ossibus
1230 448 1383 517 meis,
1430 468 1460 505 α
1511 452 1650 523 {acie
1695 466 2027 523 peccatorum

2203 456 2325 519 Οὐκ
2356 454 2531 517 ἔστιν
2558 450 2767 520 εἰρήνη
2800 450 2925 516 τοῖς
2958 451 3196 517 ὀστέοις
3213 467 3354 520 μου,
3386 450 3506 505 ἀπὸ
3527 465 3716 519 προσ-

462 557 719 595 meorum.
754 539 872 596 Non
903 552 985 599 cst
1029 543 1326 611 stabilitas,
1360 559 1461 600 nec
1500 547 1808 602 constantia
1848 549 1901 602 in
1932 550 2032 603 eis.

431 630 543 685 'tlh
578 641 798 701 peccata
828 634 973 691 enim
1008 649 1125 689 mea
1151 635 1621 692 contremiscunt:
1647 636 1782 692 adeo
1810 651 2037 706 prorsus

384 756 392 786 ι
462 736 732 777 concussa
765 729 915 777 sunt.

532 814 700 879 Vens.
765 816 817 870 5.
876 816 1140 883 Quoniam
1179 818 1484 891 iniquitates
1529 835 1659 875 mea:
1688 835 2037 890 supergressa:

458 915 582 961 sunt
615 916 774 976 caput
807 923 1000 961 meum.
1043 909 1233 963 Auctae
1264 910 1525 965 nimirum
1581 920 1744 982 atque
1776 913 2034 968 elevatae:

459 999 888 1069 magnitudinem
930 1003 1072 1054 enim
1120 1002 1362 1070 ipsarum
1403 1002 1488 1059 bis
1532 1004 1713 1059 verbis
1743 1004 2032 1075 signiﬁcat,

454 1091 928 1161 quemadmodum
1006 1101 1060 1147 et
1128 1094 1258 1149 alibi
1316 1095 1743 1160 multitudinem,
1810 1097 2032 1152 dicens:

460 1185 833 1261 Hultiplicatm
869 1195 991 1241 sunt
1025 1202 1181 1259 super
1210 1188 1432 1257 capillos
1459 1189 1649 1256 capitis
1689 1191 1789 1243 mei
1819 1190 1857 1246 ί.

528 1276 677 1347 Sicut
708 1295 842 1354 onus
884 1296 1043 1350 grave
1070 1292 1306 1349 gravata:
1340 1293 1462 1337 sunt
1488 1298 1646 1350 super
1680 1301 1781 1341 me.
1814 1282 1880 1338 Et
1912 1299 2036 1354 gra-

455 1381 553 1422 ves
606 1381 669 1421 ac
704 1350 945 1423 molesta:
996 1369 1126 1422 mihi
1179 1377 1346 1434 sunt,
1384 1371 1509 1437 quia
1558 1371 1774 1426 illarum
1828 1388 2035 1429 memo-

458 1456 597 1509 riam
633 1456 776 1511 ferre
808 1473 913 1511 non
948 1473 1195 1528 possum.
1238 1456 1332 1515 Vel
1368 1476 1435 1516 eo
1463 1462 1608 1531 quod
1650 1463 1833 1519 oneris
1857 1464 2035 1522 instar

458 1562 545 1602 me
584 1548 895 1604 incurvant.
933 1549 1126 1604 Solent
1161 1553 1304 1608 enim
1348 1554 1438 1622 qui
1475 1554 1658 1610 mmsti
1691 1567 1821 1612 sunt
1876 1560 2031 1628 proni

459 1637 515 1691 in
555 1645 758 1692 terram
808 1639 1078 1710 aspicere,
1114 1641 1576 1709 quemadmodum
1623 1654 1679 1698 ct
1729 1643 1767 1697 ii
1825 1643 2033 1701 faciunt

456 1729 549 1800 qui
581 1730 803 1800 aliquod
833 1731 1046 1800 pondus
1070 1731 1273 1789 lerunt.

2136 544 2302 598 ώπου
2333 542 2453 597 τῶν
2475 540 2779 611 ἁμαρτιῶν
2792 560 2936 612 μου.
2960 542 3075 595 Οὐκ
3104 541 3254 594 ἔστιν
3312 541 3605 605 εὐστάθεια
3627 547 3720 595 καὶ

2139 635 2432 704 στερέωσις
2457 633 2664 698 αὐτοῖς,
2701 630 2788 685 διὰ
2813 631 2908 693 τὰς
2944 629 3226 701 ἁμαρτίας
3261 646 3363 700 μου
3419 629 3720 701 κλονουμέ-

2137 745 2248 791 νοις
2279 728 2372 779 καὶ
2396 727 2711 797 τρέμουσιν.

2208 818 2330 870 Ὅτι
2377 820 2437 870 αἱ
2469 816 2709 886 ἀνομίαι
2761 833 2883 885 μου
2934 813 3247 885 ὐπερῆραν
3294 812 3411 882 τὴν
3446 812 3723 882 κεφαλήν

2130 927 2270 980 μου.
2299 908 2628 978 Αύξηθεῖσαι
2676 910 2770 963 καὶ
2826 906 3269 977 κορυφωθείσαι·
3303 909 3364 958 τὸ
3402 905 3630 975 μέγεθος
3658 905 3718 958 δε

2136 1001 2317 1055 αὐτῶν
2378 999 2629 1053 ἐντεῦθεν
2681 1000 3006 1064 αἰνίττεται,
3063 996 3316 1067 καθάπερ
3372 996 3607 1067 ἀλλαχοῦ
3658 1000 3719 1049 τὸ

2136 1093 2362 1164 πλῆθος,
2395 1092 2470 1156 ὡς
2502 1093 2564 1145 τό
2587 1111 2602 1125 ο
2653 1092 3159 1160 Ἐπληθύνθησαν
3184 1089 3337 1158 ὑπὲρ
3366 1090 3471 1157 τὰς
3512 1089 3719 1158 τρίχας

2136 1185 2244 1255 τῆς
2273 1184 2548 1254 κεφαλῆς
2571 1202 2709 1254 μου.

2220 1277 2375 1330 Ὡσεὶ
2405 1276 2654 1344 φορτίον
2675 1273 2839 1343 ,ϐαρὺ
2868 1273 3291 1343 ὲόυρύνθησαν
3339 1271 3434 1324 ἐπ’
3465 1270 3584 1341 ἐμέ.
3610 1270 3718 1323 Καὶ

2135 1368 2349 1440 βαρείαί
2384 1367 2476 1438 μοί
2506 1367 2634 1429 εἰσι,
2666 1366 2753 1420 διὰ
2783 1366 2843 1418 τὸ
2873 1365 2950 1437 μὴ
2974 1363 3237 1429 δύνασθαί
3267 1380 3335 1433 με
3361 1362 3460 1433 τὴν
3491 1363 3717 1432 μνήμην

2133 1460 2314 1515 αὐτῶν
2349 1457 2661 1531 βαστάζειν,
2704 1457 2738 1528 ἢ
2772 1457 2860 1511 διὰ
2888 1456 2950 1510 τὸ
2987 1457 3266 1526 κάμπτειν
3303 1471 3372 1525 με
3400 1454 3559 1523 δίκην
3585 1470 3717 1521 φορ-

2132 1554 2284 1606 τίου·
2330 1553 2424 1604 καὶ
2452 1551 2560 1620 γὰρ
2588 1551 2635 1603 οἱ
2668 1546 3157 1619 σκυθρωπάζοντες
3209 1548 3293 1609 εις
3324 1546 3431 1616 γῆν
3485 1544 3718 1613 βλέπου-

2135 1664 2242 1710 σιν,
2267 1645 2458 1716 ὥσπερ
2487 1646 2536 1698 οἱ
2562 1641 3020 1715 ἀχθοφοροῦντες.

525 1819 690 1877 Vens.
725 1822 779 1874 6.
816 1821 1171 1890 Putruerttnt,
1216 1834 1265 1879 et
1313 1836 1575 1896 corrupta:
1600 1838 1722 1883 sunt
1752 1829 2027 1883 cicatrices

2203 1821 2596 1893 Hpoa'a'itl'war
2641 1821 2741 1875 καὶ
2794 1818 3121 1887 ἐσάπησαν
3173 1819 3228 1871 οἱ
3274 1817 3567 1888 μώλωπες
3597 1836 3719 1886 μου

452 1931 579 1969 mete
608 1932 641 1968 a
664 1915 802 1984 far-ie
830 1917 1146 1987 insipientia:
1196 1934 1342 1972 metu.
1384 1919 1616 1987 Animae,
1666 1920 1867 1992 inquit.
1899 1938 2031 1977 mea:

450 2008 765 2075 cicatrices,
822 2023 945 2078 qua:
1005 2009 1075 2064 ah
1130 2010 1318 2080 ignitis
1362 2011 1493 2066 mihi
1551 2013 1757 2068 diaboli
1816 2016 2031 2085 sagittis

452 2101 609 2155 facta:
636 2108 786 2164 sunt,
813 2109 1184 2171 pulruerunt:
1217 2117 1396 2172 neque
1422 2103 1472 2157 id
1508 2112 1722 2165 tantum
1760 2107 1812 2160 in
1845 2123 2034 2178 super-

452 2192 595 2257 ﬁeie,
626 2191 719 2247 sed
761 2191 1036 2248 introrsus
1082 2197 1243 2247 etiam
1274 2196 1494 2265 penitus
1525 2209 2028 2256 commarcuerunt.

452 2283 665 2349 Quibus
696 2282 878 2338 verbis
925 2299 1175 2354 magnam
1206 2289 1403 2341 animae
1433 2287 1707 2343 laesionem
1734 2290 2029 2360 signiﬁcat,

455 2374 586 2428 dum
644 2389 861 2444 gravem
922 2386 1082 2446 negat
1148 2392 1209 2432 se
1256 2380 1545 2435 vulnerum
1585 2380 1843 2436 olcntiam
1890 2385 2033 2439 ferre

454 2477 638 2530 posse.
692 2461 805 2516 lloc
864 2471 1045 2518 autem
1104 2463 1307 2519 factum
1370 2475 1456 2522 est
1518 2470 1590 2523 ob
1655 2470 2029 2540 insipientiam

450 2567 666 2615 meam;
716 2553 846 2622 quia
898 2554 944 2608 si
987 2554 1311 2625 sapientiam
1369 2572 1475 2610 non
1530 2559 1869 2623 amisissem,
1923 2577 2031 2616 non

449 2640 677 2696 fuissem
733 2641 837 2697 Itoc
883 2653 1045 2712 pacto
1097 2648 1446 2703 vulneratus.
1485 2647 1791 2706 Considera
1861 2646 2051 2708 etiam

449 2732 727 2799 quomodo
776 2731 971 2787 delicta
1020 2749 1121 2790 sua
1175 2747 1393 2806 augeat,
1434 2746 1489 2794 et
1519 2738 1734 2810 magno
1768 2756 1830 2796 ea
1861 2743 2030 2798 animi

448 2841 572 2878 cum
602 2826 796 2880 ardore
830 2825 1291 2883 fateatur.'Dixit
1316 2830 1463 2884 enim
1498 2847 1692 2903 magna
1729 2848 1791 2888 ea
1824 2850 1947 2890 esse
1976 2846 2030 2891 et

450 2917 657 2987 gravia,
710 2924 767 2973 et
797 2918 993 2973 {cetere
1024 2919 1270 2991 insuper.
1304 2919 1649 2979 Pmnitentia:
1689 2936 1869 2981 autem
1898 2927 2027 2984 illud

449 3010 670 3079 signum
713 3017 800 3066 est
839 3010 922 3066 vel
981 3011 1304 3077 maximum,
1352 3028 1478 3069 cum
1525 3016 1651 3085 quis
1681 3015 2026 3086 putredinem

448 3103 617 3157 sentit
665 3104 913 3172 psecati,
959 3103 1088 3172 quia
1140 3112 1275 3160 tunc
1323 3105 1678 3163 vehementer
1724 3108 1858 3165 illud
1889 3109 2027 3164 abo-

448 3195 712 3249 minatur.
1017 3178 1020 3183 θ

515 3284 687 3343 Vens.
738 3286 788 3341 7.
851 3284 1136 3359 Fatigatae
1182 3299 1233 3345 et
1287 3300 1539 3348 curvatus
1587 3309 1706 3348 sum
1756 3311 1922 3366 usque
1962 3297 2021 3350 in

449 3379 632 3448 ﬁnem.
685 3380 1028 3451 Defatigatus
1061 3397 1182 3436 sum
1225 3382 1297 3438 ob
1327 3398 1391 3439 ea
1426 3400 1551 3455 qua:
1576 3390 2021 3442 commemoravi.

450 3463 547 3520 Vel
582 3466 783 3522 aliter:
833 3467 968 3521 Dum
1016 3483 1215 3523 sanare
1244 3471 1410 3540 cupio
1449 3488 1650 3542 corpus
1692 3490 1872 3530 meum
1899 3490 2025 3545 gra-

446 3558 586 3611 viter
641 3557 897 3612 aﬁ'ectum
947 3557 1227 3630 fatigatus,
1297 3576 1363 3617 ac
1423 3563 1739 3622 debilitatus
1805 3582 1926 3622 sum
1972 3575 2032 3624 et

449 3655 711 3700 curvatus
756 3658 929 3715 usque
984 3646 1041 3701 in
1084 3646 1286 3717 ﬁnem,
1341 3649 1444 3706 hoc
1520 3661 1623 3720 est,
1678 3657 1905 3711 Olﬂllillo
1972 3668 2026 3712 et

449 3749 699 3802 prorsus.

528 3827 659 3879 Tota
692 3824 778 3880 die
800 3828 1146 3883 contristatae
1174 3828 1528 3901 ingrediebar.
1573 3831 1897 3907 Quanquam
1927 3854 2020 3894 rex

444 3934 645 3987 essent,
670 3936 886 3990 semper
917 3931 1098 3977 tamen
1124 3921 1177 3976 in
1214 3925 1471 3979 mmstitia
1527 3929 1805 3993 versabar,
1844 3930 2012 3984 veluti

446 4013 540 4081 qui
590 4028 619 4066 a
668 4013 1009 4067 conscientia
1063 4023 1200 4069 teste
1250 4018 1554 4088 pungebar,
1603 4029 1659 4074 et
1701 4021 1791 4076 cui
1837 4020 2021 4077 lautitia

447 4104 676 4162 diffundi
711 4122 818 4162 non
850 4105 1108 4162 dabatur.

522 4198 685 4258 Vens.
725 4200 779 4255 8.
827 4184 1093 4265 Quoniam
1136 4201 1308 4256 lumbi
1345 4204 1447 4273 mei
1475 4205 1682 4275 impleti
1726 4221 1850 4261 sunt
1883 4208 2013 4262 illu-

447 4292 711 4346 sionibus.
752 4292 809 4346 Si
852 4292 1081 4350 allectus
1107 4296 1570 4364 concupiscentia:
1603 4297 1789 4354 illusio
1828 4311 1935 4366 est,
1967 4311 2023 4356 et

445 4392 851 4452 consequenter
888 4383 1237 4439 mendacium
1283 4383 1516 4455 [potius,
1571 4401 1737 4455 quam
1769 4387 2033 4460 veritas],

2131 1916 2249 1972 ἀπὸ
2288 1914 2614 1984 προσώπου
2647 1911 2755 1984 τῆς
2790 1913 3143 1982 ἀφροσύνης
3167 1928 3309 1981 μου.
3354 1911 3419 1991 9i
3452 1908 3719 1980 μώλωπες

2131 2010 2231 2080 τῆς
2261 2007 2438 2079 ψυχῆς
2465 2024 2591 2077 μου,
2633 2007 2683 2059 οἱ
2722 2005 3009 2074 γεγονότες
3040 2004 3105 2057 ἐκ
3152 2002 3262 2057 τῶν
3299 2000 3720 2071 πεπυρωμένων

2131 2101 2227 2155 τοῦ
2261 2100 2510 2153 διαϐόλου
2570 2098 2762 2169 βελῶν,
2818 2096 3197 2169 προσώζεσαν,
3254 2095 3350 2148 καὶ
3396 2095 3497 2149 οὐκ
3522 2096 3720 2146 ἐπιπο-

2129 2192 2295 2255 λαίως
2321 2190 2552 2257 ὣζεσαν,
2570 2189 2709 2245 ἀλλὰ
2730 2190 2825 2243 καὶ
2846 2188 3027 2243 τέλεον
3048 2188 3333 2259 ὲσάπησαν
3359 2200 3375 2219 ο
3408 2186 3498 2239 διά
3522 2186 3718 2238 τούτου

2130 2281 2317 2352 δὲτὴν
2347 2280 2527 2350 λύμην
2574 2279 2673 2349 τῆς
2721 2276 2899 2348 ψυχῆς
2931 2274 3266 2329 αἰνίττεταιο
3307 2272 3383 2336 ὼς
3432 2271 3509 2342 μὴ
3554 2270 3720 2323 δύνα-

2131 2373 2257 2428 σθαί
2307 2388 2375 2443 με
2407 2373 2505 2443 τὴν
2540 2368 2807 2423 δυσωδίαν
2843 2366 3138 2438 ὑπομένειν
3160 2381 3175 2398 ο
3227 2361 3389 2417 τοῦτο
3431 2362 3490 2415 δὲ
3520 2363 3715 2429 γέγονε

2128 2465 2218 2519 διὰ
2250 2464 2350 2533 τὴν
2383 2461 2704 2534 ἀφροσύνην
2752 2477 2882 2529 μου.
2935 2458 3002 2514 El
3035 2458 3144 2529 γὰρ
3195 2457 3272 2529 μὴ
3305 2453 3565 2510 ἀπώλεσα
3616 2455 3715 2516 τάς

2131 2558 2334 2628 φρένας
2370 2573 2494 2626 μου,
2527 2557 2627 2609 οὐκ
2662 2553 2729 2608 ἂν
2767 2552 2943 2615 οὕτως
2974 2549 3451 2621 ὲτραυματίσθην.
3486 2547 3623 2616 Ὅρα
3649 2545 3709 2597 δὲ

2130 2652 2279 2713 ὅπως
2305 2648 2458 2712 αὔξει
2490 2647 2561 2699 τὰ
2606 2644 3144 2716 πεπλημμελημένοι.
3201 2639 3423 2711 θερμῶς
3452 2635 3707 2707 ἐξομολοσ

2127 2742 2394 2812 γούμενος
2418 2757 2434 2772 ο
2471 2735 2591 2794 εἶπε
2623 2740 2733 2808 γὰρ
2765 2739 2849 2791 ὅτι
2887 2734 3101 2808 μεγάλα
3126 2735 3255 2801 εἰσὶ,
3282 2735 3375 2789 καὶ
3402 2733 3485 2787 ὅτι
3513 2730 3708 2802 βαρέα,

2128 2837 2223 2889 καὶ
2250 2837 2333 2889 ὃτι
2362 2831 2600 2903 δυσώδη.
2626 2832 2700 2903 Ση
2711 2832 2861 2903 μεῖον
2886 2829 2944 2883 δὴ
2977 2828 3294 2899 μετανοίας,
3320 2825 3384 2880 τὸ
3412 2825 3510 2896 τῆς
3537 2824 3710 2878 Gumo-

2126 2928 2245 2990 δίας
2266 2926 2363 2996 τῆς
2403 2923 2683 2995 ἁμαρτίας
2731 2921 3091 2977 αἰσθάνεσθαι
3118 2937 3131 2954 ο
3179 2921 3301 2975 τότε
3331 2918 3439 2989 γάρ
3468 2934 3551 2981 τις
3596 2914 3713 2969 ὁλο-

2130 3018 2341 3091 σχερῶς
2381 3016 2738 3089 βδελύσσεται
2772 3014 3001 3086 ταύτην.

2210 3304 2708 3373 Ἐταλαιπώρησα
2729 3304 2828 3359 καὶ
2885 3301 3312 3371 κατεκαμςρθην
3331 3297 3437 3364 ἕως
3469 3296 3715 3379 τέλους.

2141 3397 2471 3467 Ἀποκαμὼν
2505 3394 2643 3467 πρὸς
2691 3393 2761 3449 τὰ
2791 3392 3047 3465 ῥηθέντα.
3085 3391 3157 3447 Ἣ
3197 3390 3293 3444 καὶ
3343 3387 3520 3451 ἄλλως
3543 3403 3558 3419 θ
3603 3387 3709 3441 Ἰα-

2126 3488 2335 3559 τρεύων
2369 3488 2553 3553 αὐτὸν,
2598 3486 2746 3541 οὕτω
2791 3485 3136 3556 διακείμενον
3162 3481 3437 3554 χαλεπῶς,
3490 3479 3713 3535 ἐταλαι-

2126 3580 2379 3650 πώρησα,
2417 3581 2511 3633 καὶ
2540 3578 2867 3647 ἀσθενήσας,
2903 3574 3325 3646 κατεκάμφθηψ
3360 3574 3423 3628 τὸ
3450 3572 3529 3639 δὲ,
3551 3571 3711 3635 "Ean;

2126 3671 2364 3738 τέλους,
2397 3671 2519 3725 ἀντὶ
2546 3669 2665 3736 τοῦ,
2700 3668 3008 3731 Παντελῶς.
3716 3684 3721 3687 ·

2200 3846 2383 3912 Ὅλην
2413 3844 2527 3914 τὴν
2572 3844 2803 3915 ἡμέραν
2839 3841 3279 3912 σκυθρωπάζων
3307 3840 3708 3911 ἐπορευόμην.

2138 3937 2251 3990 Ἀεὶ
2282 3936 2692 4007 σκυθρωπάζων
2723 3935 3089 4006 ἐπορευόμην,
3137 3936 3186 3986 εί
3235 3934 3331 3988 καὶ
3359 3937 3420 3986 ὲν
3455 3931 3711 4001 βασιλείᾳ.

2125 4029 2332 4101 διῆγον,
2358 4028 2807 4098 διακεντούμενος
2823 4027 2939 4081 ﬁsco
2968 4027 3061 4080 τοῦ
3092 4025 3414 4091 συνειδότος,
3451 4024 3546 4078 καὶ
3589 4023 3710 4076 δια-

2125 4121 2336 4192 χεῖσθαι
2368 4123 2445 4194 μὴ
2480 4120 2762 4191 συγχωρού
2771 4137 2954 4191 μενος.

2198 4216 2319 4268 Ὅτι
2358 4217 2417 4268 at
2464 4217 2611 4282 ψόαι
2648 4230 2767 4282 μου
2811 4212 3217 4279 ἐπλήσθησαν
3260 4207 3709 4280 ἐμπαιγμάτων.

2124 4309 2189 4361 Εἰ
2222 4307 2541 4379 ἐμπαιγμός
2580 4307 2695 4357 ἐστι
2722 4305 2816 4357 καὶ⁹
2842 4303 3037 4372 ψεῦδος
3058 4304 3091 4372 ἡ
3129 4301 3383 4370 ἐμπαθὴς
3410 4300 3699 4367 ἐπιθυμία,

2125 4400 2226 4451 οὐκ
2256 4399 2402 4451 ἐστιν
2433 4397 2614 4468 ἡδονὴ,
2638 4397 2775 4449 ἀλλὰ
2801 4394 2929 4449 σκιὰ
2957 4393 3178 4465 ἡδονῆςο
3207 4392 3290 4445 διό
3306 4408 3473 4462 φησιν
3496 4394 3524 4443 ὁ
3544 4391 3707 4442 Ἀπό-

453 4487 564 4527 non
590 4482 678 4527 est
707 4472 1156 4543 concupiscentia
1181 4473 1447 4544 voluptas,
1485 4476 1583 4531 sed
1616 4479 1806 4533 umbra
1840 4484 2020 4549 potius

2129 4490 2338 4553 στολοςο
2405 4488 2593 4556 Στῆτε
2647 4482 2762 4542 οὖν
2811 4483 3277 4555 περιζωσάμενοι
3326 4484 3439 4552 τὴν
3498 4484 3717 4551 ὀσφὺν

443 4561 769 4632 voluptatis.
818 4559 931 4617 Hac
971 4564 1038 4617 de
1073 4577 1242 4619 causa
1282 4566 1500 4620 dicebat
1527 4567 1854 4641 Apostolus:
1885 4571 2019 4627 Ma-

446 4660 562 4706 nete
590 4654 865 4720 prmet’ueti
893 4652 1095 4708 lumbos
1120 4662 1316 4710 uestros
1339 4656 1395 4710 in
1420 4658 1646 4719 veritate
1670 4661 1743 4728 l';
1778 4661 1883 4717 hoc
1913 4675 2018 4729 est,

447 4743 503 4797 in
542 4757 671 4798 vera
712 4744 1013 4815 voluptate,
1045 4761 1169 4817 qua:
1202 4734 1524 4824 a‘castitate
1575 4759 1631 4806 et
1663 4758 2021 4823 temperantia

446 4835 641 4902 oritur,
669 4843 835 4907 atque
863 4853 892 4890 a
919 4837 1155 4907 justitia.
1187 4838 1428 4897 Lumbos
1452 4850 1633 4898 autem
1661 4841 2023 4914 Symmachus

445 4927 586 4983 dixit
622 4927 803 4983 latera
835 4944 854 4984 :
906 4937 961 4985 et
1006 4941 1239 5002 utroque
1287 4944 1542 4988 sermone
1578 4936 2023 5005 concupiseibilis

445 5017 642 5071 animae
674 5032 805 5088 pars
852 5017 1214 5090 signiﬁcatur.
1255 5019 1391 5075 Nam
1435 5023 1594 5091 juxta
1649 5024 1816 5080 latera
1863 5041 2023 5082 renes

446 5118 595 5173 sunt,
653 5109 707 5162 in
762 5110 964 5177 quibus
1016 5111 1365 5180 ptitissintum
1447 5114 1692 5171 libidinis
1744 5119 2021 5187 appetitus

437 5200 604 5270 jacet.
645 5200 735 5254 Ait
772 5202 935 5273 igitur
968 5220 983 5259 :
1017 5205 1470 5275 Concupiscentia
1522 5222 1639 5261 mea
1673 5209 2019 5267 illusionibus

442 5294 706 5349 daemonis
741 5294 957 5365 impleta
986 5304 1089 5351 est.
1119 5296 1295 5353 illusit
1330 5297 1475 5353 enim
1509 5315 1634 5355 cum
1677 5304 1911 5368 dremon,
1943 5306 2011 5357 ad

441 5395 620 5439 motus
648 5386 873 5441 irrituns
909 5388 1130 5459 iniquos
1156 5396 1212 5444 ct
1243 5398 1452 5461 turpes.

512 5567 527 5598 ³
566 5567 711 5623 Psal.
747 5584 931 5638 χχχιχ,
966 5572 1049 5624 l5.
1129 5571 1171 5602 "
1208 5572 1407 5643 Epltes.
1443 5590 1516 5639 vr,
1550 5576 1637 5630 14.

2120 4580 2290 4651 ὑμῶν
2325 4581 2393 4635 ἐν
2422 4580 2693 4647 ἀληθείᾳ,
2741 4579 2997 4633 τουτέστι
3041 4579 3110 4649 τῇ
3146 4576 3376 4647 ἀληθινῇ
3409 4574 3594 4645 ἡδονῇ,
3633 4577 3717 4643 τῇ

2124 4675 2232 4729 ἀπὸ
2268 4671 2622 4745 σωφροσύνης
2642 4673 2737 4725 καὶ
2761 4671 3134 4738 δικαιοσύνης.
3166 4669 3277 4734 Τὰς
3300 4668 3436 4737 ψόας
3467 4666 3527 4720 δὲ
3588 4669 3696 4718 .la-

2124 4767 2307 4836 τόγας
2336 4760 2489 4818 εἶπεν
2522 4766 2551 4818 ὁ
2577 4763 2905 4836 Σύμμαχος.’
2953 4761 3279 4833 σημαίνουσι
3307 4759 3365 4812 δὲ
3414 4760 3509 4823 καὶ
3531 4757 3720 4826 ἄμφω

2122 4857 2184 4913 τὸ
2214 4843 2613 4929 ἐπιθυμητικὸν
2645 4856 2843 4927 μέροςο
2875 4853 3006 4925 περὶ
3034 4850 3241 4923 ταύτης
3269 4851 3377 4921 γὰρ
3405 4850 3456 4903 οἱ
3489 4849 3717 4918 νεφροὶ..

2124 4949 2244 5003 καθ’
2278 4948 2372 5012 οὓς
2398 4950 2453 5002 αἱ
2482 4948 2693 5020 ὀρέξεις
2734 4947 2835 5016 τῆς
2874 4944 3160 5017 συνουσίας
3191 4945 3560 5005 συνίστανται.
3589 4942 3704 5010 Φη-

2125 5043 2210 5097 σίν
2258 5036 2387 5096 οὖν·
2432 5042 2498 5093 Ἢ
2529 5040 2795 5110 ἐπιθυμία
2845 5055 2946 5109 μου
3004 5037 3249 5109 ἐπλήσθη
3293 5033 3702 5104 ὲμπαιγμάτων

2122 5133 2215 5187 τοῦ
2251 5133 2502 5204 δαίμονος
2523 5149 2538 5164 ·
2576 5131 2827 5203 ὲνέῄπαιξε
2856 5131 2964 5200 γὰρ
3013 5128 3184 5200 αὐτὴν
3224 5127 3363 5198 (56),
3391 5123 3713 5197 διερεθίσαςκ

2123 5229 2200 5289 εἰς
2222 5227 2457 5289 ἀτόπους
2481 5227 2574 5279 καὶ
2604 5226 2953 5297 παρανόμους
2987 5225 3250 5295 κινήσεις.

1727 5668 1924 5730 νοτίδι
1965 5669 2290 5734 lectiones.

511 5761 620 5824 (56)
648 5761 887 5831 Uterque
913 5765 1084 5819 codex
1111 5764 1273 5821 habet
1300 5767 1503 5837 αὐτήν;
1546 5780 1599 5823 at
1629 5769 1853 5827 Latinus
1882 5773 2153 5842 interpres
2188 5774 2381 5844 legisse
2416 5777 2630 5831 videtur
2653 5778 2835 5833 αὐτόν.
