4078 6426
356 467 384 518 οἱ
395 465 461 520 3ῒί

1521 464 1668 524 COM
1681 463 1916 525 MENT.
1943 463 2023 520 IN
2067 464 2197 520 l’SA
2209 465 2432 522 LMOS.

3515 461 3620 522 421

425 572 534 626 Καὶ
566 575 682 626 οὐκ
711 574 888 628 ἔστιν
909 575 1074 641 ἴασις
1095 577 1162 630 ἐν
1182 575 1256 644 τῇ
1277 581 1463 646 σαρκί
1484 587 1630 646 ‘yov.
1684 579 1792 630 Καὶ
1828 578 1938 629 λοι-

2119 575 2185 627 Et
2233 592 2334 628 non
2377 584 2456 627 est
2503 576 2713 628 sanatio
2747 577 2798 628 in
2850 593 3008 628 carne
3061 594 3190 629 mea.
3230 577 3294 628 Et
3338 576 3618 645 deinceps,

365 675 460 715 πον
499 665 907 734 ἑμπαιχθέντος
937 686 1059 738 μου,
1110 670 1210 724 οὐκ
1261 670 1408 722 ἔστιν
1457 673 1639 733 ἄνεσις
1670 675 1736 741 τῇ
1775 670 1940 742 σαρκί

366 776 465 826 μου
493 777 506 790 ·
544 758 764 823 κολάζω
791 763 901 828 γὰρ
955 763 1146 834 αὐτὴν,
1179 765 1255 829 ὠς
1282 767 1630 837 προείρηται,
1665 767 1759 819 καὶ
1782 769 1938 828 δίκας

358 850 568 904 ἐπαιτῶ
592 853 693 920 τῆς
718 853 1054 924 φιληδονίας.

437 943 808 1010 Ἐκακώθην.
831 945 1118 1016 Πεινήσας,
1149 947 1404 1019 διψήσας,
1430 950 1810 1022 ἀγρυπνήσας,
1841 968 1940 1021 χα-

360 1035 657 1101 μευνήσας,
683 1035 776 1086 καὶ
809 1037 864 1087 ei
884 1053 938 1089 τι
969 1039 1230 1092 τοιοῦτον.

428 1125 540 1178 Καὶ
567 1126 978 1194 ἐταπεινώθην
1020 1131 1132 1195 ἕως
1170 1135 1425 1203 σφόδρα.
1479 1138 1572 1204 Ti),
1605 1140 1756 1204 ’Έως
1789 1140 1941 1207 σφό-

351 1216 489 1283 δρα,
524 1216 722 1288 ίδίωμα
763 1218 1070 1292 Ἐϐραῖκδν,
1101 1225 1220 1278 ἀντὶ
1252 1227 1343 1280 τοῦ
1375 1228 1526 1283 Λίαν.

438 1395 738 1486 ᾯρυόμην
772 1400 894 1452 ἀπὸ
950 1407 1290 1474 στεναγμοῦ
1355 1409 1465 1479 τῆς
1507 1415 1754 1482 καρδίας
1796 1436 1938 1486 μου.

368 1483 503 1537 Ἀπὸ
546 1488 644 1553 τῆς
697 1488 1022 1560 ἀγριότητος
1067 1495 1162 1548 τοῦ
1217 1502 1528 1570 στεναγμοῦ
1573 1506 1673 1573 τῆς
1708 1483 1940 1578 καρδίας

358 1595 487 1668 μου,
525 1582 894 1653 κεντουμένης
923 1587 1016 1639 καὶ
1065 1588 1411 1664 δδυνωμένης
1455 1599 1688 1668 πικρῶς,
1720 1601 1938 1656 ἐδόκουν

355 1667 581 1736 βρύκειν
607 1671 683 1734 ὡς
709 1673 843 1726 λέων
867 1691 881 1705 ’
917 1677 978 1730 τὸ
1025 1680 1134 1749 γὰρ
1176 1684 1487 1756 Ὡρυόμην,
1533 1667 1834 1761 Ἕϐρυχον
1862 1691 1937 1747 εἷ·-

353 1777 456 1852 πεν
485 1762 513 1812 ὁ
553 1762 805 1826 Ἀκύλας.
848 1765 1202 1839 Ἀμαρτωλὸς
1255 1776 1353 1845 μὲν
1399 1780 1508 1849 γὰρ
1538 1785 1619 1845 εἰς
1653 1784 1812 1852 βάθος
1839 1804 1936 1840 κα-

353 1851 471 1904 κῶν
499 1855 777 1921 ἐμπεσὼν,
833 1861 1202 1932 καταφρονεῖ·
1232 1867 1442 1932 δίκαιος
1485 1872 1540 1924 δὲ
1591 1851 1686 1926 καὶ
1719 1877 1786 1928 τὰ
1818 1877 1938 1931 ἐλά-

349 1964 516 2015 χιστα
539 1947 651 2002 τῶν
670 1951 1088 2025 ἁμαρτημάτων
1115 1959 1488 2032 διαφερόντως
1511 1966 1739 2021 δέδοικε.

429 2220 628 2284 Κύριε,
680 2222 964 2279 ἐναντίον
994 2240 1112 2281 σου
1166 2231 1335 2286 πᾶσα
1379 2234 1418 2303 ἡ
1469 2235 1753 2306 ἐπιθυμία
1795 2261 1933 2310 μου.

370 2308 436 2362 'll
475 2311 611 2378 μετὰ
630 2313 731 2383 τὴν
762 2317 1073 2386 ἁμαρτίαν·
1107 2315 1258 2386 οἶδας
1281 2325 1390 2397 γὰρ
1424 2327 1505 2382 ὅτι
1540 2308 1812 2401 σωτηρίας
1846 2335 1940 2388 καὶ

375 2403 683 2476 ἀπαλλαγῆς
715 2409 811 2462 τοῦ
837 2409 1039 2479 ἄλγους
1068 2413 1344 2485 ἐπιθυμῶ.

429 2670 537 2722 Kal
568 2675 603 2724 ὁ
635 2677 974 2743 στεναγμός
1015 2695 1136 2745 μου
1164 2679 1282 2732 ἀπὸ
1318 2680 1437 2735 σοῦ
1465 2684 1576 2736 οὐκ
1605 2685 1938 2754 ἀπεκρύόη.

367 2762 638 2834 Ἑνωτίζῃ
671 2767 1011 2836 γὰρτοῦτον,
1033 2770 1108 2833 ὡς
1133 2772 1318 2844 φωνὴν
1347 2776 1411 2828 ὲκ
1440 2775 1640 2845 βάθους
1669 2779 1942 2850 ἀναφερό-

356 2871 522 2924 μενον
545 2856 678 2926 (37).

438 2951 504 3003 Ἡ
529 2949 744 3019 καρδία
775 2970 896 3020 μου
925 2954 1246 3026 ἐταράχθη.
1316 2959 1454 3012 Ὑπὸ
1499 2963 1594 3016 τοῦ
1642 2967 1942 3032 συνειδότος

355 3042 451 3094 καὶ
474 3043 576 3109 τῆς
605 3044 989 3113 μεταμελείας.

441 3133 832 3202 Ἐγκατέλιπέ
859 3157 938 3208 με
971 3141 1010 3209 ἡ
1041 3144 1221 3212 ἰσχύς
1247 3163 1385 3213 μου.
1414 3149 1940 3222 Ταλαιπωρηθέντα,

355 3224 544 3289 καθὼς
575 3229 818 3298 εῐρηται,
855 3233 1006 3305 πάσῃ
1037 3238 1406 3310 κακοπαθείᾳ.

429 3319 538 3372 Kal
574 3321 640 3374 τὸ
664 3317 792 3389 φῶς
820 3322 938 3377 τῶν
987 3327 1312 3398 ὀφθαλμῶν
1342 3351 1464 3400 μου
1511 3337 1608 3390 καί
1637 3338 1786 3393 αὐτὸ
1828 3341 1940 3394 οὐκ

358 3412 493 3464 ἔστι
521 3414 651 3480 μετ’
679 3414 848 3483 ἐμοῦ.
915 3417 1048 3472 Ἀπὸ
1087 3421 1189 3490 τῆς
1217 3422 1358 3489 ἄγαν
1391 3426 1814 3497 σκληραγωγίας
1845 3432 1942 3486 καὶ

355 3505 468 3558 τῶν
517 3505 731 3574 πικρῶν
759 3506 872 3576 (58)
904 3507 1174 3579 δακρύων,
1208 3513 1289 3574 είς
1340 3514 1706 3583 ἀμϐλυωπίαν
1753 3515 1934 3588 ἦλθον.

361 3598 521 3650 Ἔστι
544 3597 601 3650 δὲ
623 3599 656 3668 ή
684 3596 939 3664 σύνταξις
957 3601 1128 3665 οὕτως
1148 3619 1160 3632 ·
1196 3605 1308 3658 Kal
1330 3607 1394 3658 τὸ
1425 3607 1552 3675 φῶς
1577 3608 1695 3662 τῶν
1715 3612 1941 3678 ὀφθαλ-

355 3687 488 3755 μῶν
517 3706 638 3758 μου
661 3689 808 3746 αὐτὸ
840 3693 953 3745 οὐκ
995 3695 1128 3747 ἐστι
1151 3695 1281 3763 μετ’
1309 3695 1478 3765 ἐμοῦ,
1511 3699 1807 3766 ἀποὶωλδς,
1841 3721 1941 3756 πε-

361 3784 561 3852 ριττῶς
594 3786 847 3854 κειμένου
894 3787 988 3840 τοῦ
1030 3789 1285 3860 δευτέρου
1345 3793 1669 3862 συνδέσμου.
1709 3797 1780 3850 ’Ἡ
1823 3799 1939 3868 φῶς

356 3872 469 3923 τῶν
537 3872 837 3942 ὀφθαλμῶν
898 3876 998 3945 τῆς
1039 3877 1219 3950 ψυχῆς
1275 3882 1464 3946 αὐτοῦ,
1513 3886 1573 3937 τὸ
1606 3887 1828 3956 Πνεῦμα
1879 3890 1941 3942 τὸ

359 3963 518 4029 ἅγιον
543 3965 798 4018 ἀποπτάν
824 3967 890 4020 ἐκ
927 3968 1144 4038 μέρους,
1169 3972 1256 4024 διΞι
1282 3972 1381 4042 τὴν
1409 3975 1706 4046 ἁμαρτίαν.
1737 3980 1942 4035 Τοῦτον

357 4054 449 4104 τὸν
474 4054 656 4124 στίχον
683 4058 777 4110 καὶ
810 4055 904 4110 τὸν
942 4059 1069 4128 ἑξῆς
1097 4078 1243 4126 τινες
1303 4063 1380 4128 ὡς
1415 4067 1524 4119 ἀπὺ
1573 4069 1669 4120 τοῦ
1701 4071 1938 4138 Χριστοῦ

359 4146 742 4218 προρῥηθῆναι
800 4149 934 4220 περὶ
988 4151 1097 4204 τῶν
1151 4153 1411 4224 μαθητῶν
1461 4157 1630 4211 αὐτοῦ
1679 4162 1933 4214 νενοῦκα-

363 4251 468 4289 σιν.

2044 667 2240 733 inquit,
2284 683 2369 718 me
2406 668 2476 720 ita
2508 667 2690 727 illuso.
2730 669 2875 721 nulla
2909 679 2990 723 est
3034 670 3248 739 requies
3284 669 3434 722 carni
3463 679 3615 725 mete.

2040 758 2261 827 Castigo
2297 758 2442 811 enim
2471 773 2614 822 eam,
2653 768 2712 812 ut
2743 761 3060 828 praxlictum
3091 770 3194 824 est,
3227 770 3278 814 et
3313 760 3512 814 illicitae
3546 762 3616 814 ab

2039 864 2102 903 ea
2137 836 2435 918 voluptatis
2472 864 2662 916 poenas
2693 849 2872 918 exigo.

2116 939 2274 995 Vens.
2308 942 2362 997 9.
2398 941 2634 1012 Aﬂlictus
2665 958 2802 994 sum.
2837 940 3025 1007 Fame,
3075 945 3190 1006 siti,
3244 941 3468 1012 vigiliis,
3509 943 3616 997 bu-

2041 1031 2110 1084 mi
2152 1033 2422 1098 cubando,
2452 1033 2575 1088 etsi
2609 1033 2738 1102 quid
2772 1033 2918 1087 aliud
2950 1033 3262 1101 hujusmodi
3301 1040 3404 1086 cst.

2115 1120 2182 1175 Et
2211 1123 2524 1178 humiliatus
2557 1139 2674 1178 sum
2703 1141 2865 1194 usque
2912 1125 3083 1179 valde.
3130 1155 3198 1165 —
3232 1123 3401 1193 Usque
3445 1123 3614 1186 valde,

2042 1213 2241 1268 idioma
2289 1215 2616 1270 Hebraicum
2663 1227 2768 1280 est,
2816 1223 2869 1271 et
2923 1217 3062 1273 idem
3127 1216 3420 1287 signiﬁcat,
3469 1215 3615 1286 quod

2040 1301 2221 1358 valde.

2113 1390 2400 1460 Rugiebam
2446 1411 2477 1447 a
2521 1397 2720 1466 gemitu
2772 1397 2946 1450 cordis
3007 1398 3126 1450 mei.
3190 1396 3271 1451 Ab
3322 1395 3620 1452 acerbitate

2039 1484 2273 1554 gemitus
2313 1486 2496 1541 cordis
2554 1489 2679 1552 mei,
2735 1503 2841 1556 qua
2913 1488 3228 1552 cruciabar,
3288 1489 3472 1558 rugire
3533 1489 3610 1542 vi-

2041 1581 2226 1640 debar.
2272 1588 2330 1633 ut
2373 1580 2475 1634 leo.
2526 1579 2662 1634 Nam
2704 1580 2848 1650 quod
2907 1580 3046 1634 LXX
3103 1583 3383 1644 dixerunt,
3425 1579 3621 1650 Rugie-

2040 1672 2180 1737 bam,
2224 1672 2418 1743 Aquila
2479 1671 2715 1728 reddidit
2761 1691 2776 1728 :
2846 1671 3175 1727 Frendebam
3229 1671 3250 1745 [
3294 1673 3382 1728 his
3433 1681 3616 1727 autem

2040 1763 2219 1818 verbis
2260 1765 2454 1818 beatus
2504 1763 2677 1817 David
2735 1773 2940 1818 rectam
2991 1781 3116 1833 erga
3171 1764 3338 1818 Deum
3380 1771 3617 1819 mentem

2041 1870 2196 1908 suam
2233 1855 2491 1910 omnibus
2538 1855 2823 1926 patefacit]
2860 1873 2874 1910 :
2909 1871 3034 1908 nam
3088 1867 3342 1924 peccatur
3395 1870 3517 1907 cum
3562 1856 3618 1908 in

2045 1945 2373 2015 prolundum
2433 1948 2700 2000 malorum
2760 1948 3044 2010 ceciderit,
3117 1947 3398 2015 despicere
3458 1945 3616 2007 solet,

2039 2039 2221 2109 justus
2255 2050 2438 2094 autem
2473 2039 2637 2094 etiam
2675 2039 2901 2092 minima
2945 2054 3177 2108 qumque
3211 2046 3434 2108 peccata
3470 2053 3615 2092 sem-

2042 2143 2140 2196 per
2169 2136 2412 2184 veretur.

2117 2219 2280 2276 Vens.
2351 2221 2437 2276 10.
2489 2220 2731 2284 Domine,
2772 2237 2952 2276 caram
2999 2229 3049 2276 te
3108 2237 3261 2276 omne
3299 2219 3619 2275 desiderium

2041 2333 2234 2372 meum.
2262 2313 2604 2370 Desiderium
2666 2314 2876 2369 scilicet
2905 2315 3050 2379 quod
3080 2322 3203 2383 post
3227 2319 3449 2383 peccata
3484 2311 3617 2365 mibi

2043 2409 2292 2462 innatum
2324 2417 2428 2462 est.
2464 2405 2619 2461 Nosti
2661 2408 2805 2460 enim
2837 2405 2982 2476 quod
3017 2407 3351 2474 concupisco
3381 2405 3615 2460 salutem

2042 2515 2218 2554 meam
2265 2506 2320 2554 et
2375 2513 2404 2552 a
2461 2499 2824 2568 presentibus
2881 2498 3149 2568 angustiis
3210 2513 3273 2552 ac
3332 2496 3619 2551 doloribus

2042 2587 2290 2641 liberari.

2119 2677 2184 2729 Et
2217 2676 2442 2746 gemitus
2470 2691 2615 2729 meus
2653 2692 2686 2728 a
2729 2684 2778 2729 te
2831 2691 2932 2729 non
2981 2684 3059 2729 est
3095 2674 3457 2728 absconditus.
3491 2672 3622 2728 Per-

2043 2769 2182 2837 cipis
2215 2768 2358 2823 enim
2398 2768 2552 2822 illum
2585 2761 2972 2831 auribus'tuis,
3006 2767 3172 2821 veluti
3203 2782 3392 2820 vocem
3425 2780 3620 2836 quam-

2044 2861 2165 2914 dam
2199 2859 2264 2914 de
2295 2858 2569 2929 profundo
2603 2859 2790 2928 aliquo
2819 2860 2938 2913 loco
2970 2859 3251 2912 emissam.

2121 2950 2287 3005 Vens.
2322 2951 2410 3005 il.
2444 2949 2550 3006 Cor
2582 2967 2750 3003 meum
2787 2951 3056 3003 turbatum
3093 2958 3191 3003 est.
3225 2949 3268 3001 A
3306 2964 3424 3002 mea
3460 2948 3625 3002 nimi-

2047 3059 2164 3096 rum
2195 3043 2536 3097 conscientia
2569 3049 2734 3110 atque
2773 3057 2801 3094 a
2835 3040 3182 3111 pmnitcntia.

2123 3133 2417 3203 Dereliquit
2453 3151 2533 3187 me
2559 3134 2822 3196 fortitudo
2854 3150 2989 3188 mea.
3019 3133 3180 3187 Omni
3217 3133 3472 3189 videlicet
3497 3149 3614 3205 pas~

1965 3248 2009 3304 ο
2044 3225 2218 3280 sionis
2258 3239 2459 3295 genere
2494 3223 2777 3293 fatigatum
2805 3265 2820 3289 ,
2856 3233 2913 3277 ut
2943 3223 3263 3292 praedictum
3300 3231 3404 3277 est.

2114 3314 2182 3368 Et
2212 3315 2387 3369 lumen
2416 3314 2690 3368 oculorum
2753 3329 3011 3374 meorum,
3065 3321 3115 3367 et
3166 3314 3341 3380 ipsum
3395 3331 3499 3368 non
3547 3327 3626 3370 est

2043 3423 2264 3460 mecum.
2321 3405 2550 3475 Propter
2613 3405 2770 3459 valde
2827 3404 3020 3459 duram
3116 3419 3182 3459 ac
3267 3407 3622 3476 peracerbum

2043 3502 2208 3556 vitam
2257 3515 2454 3566 meam,
2505 3507 2560 3555 et
2600 3513 2708 3568 pra:
2758 3497 2999 3553 assiduis
3059 3498 3312 3569 lacrymis
3361 3499 3414 3554 in
3455 3500 3624 3555 hebe-

2044 3592 2290 3647 tudinem
2321 3590 2619 3660 quamdam
2653 3591 2940 3644 oculorum
2966 3605 3029 3644 ac
3067 3604 3206 3659 pene
3236 3591 3290 3644 in
3321 3592 3624 3646 caecitatem

2042 3683 2260 3739 deveni.
2289 3681 2437 3736 Ordo
2463 3690 2646 3737 autem
2675 3681 2756 3736 sic
2806 3682 2899 3734 tiat
2940 3699 2956 3738 :
2997 3681 3063 3735 Et
3117 3682 3294 3736 lumen
3350 3686 3625 3736 oculorum

2043 3791 2276 3830 meorum
2323 3778 2498 3846 ipsum
2528 3791 2632 3828 non
2680 3783 2758 3828 est
2810 3790 3047 3828 mecum:
3079 3788 3204 3828 cum
3247 3775 3463 3830 scilicet
3496 3789 3624 3843 per-

2045 3867 2189 3921 ierit.
2250 3864 2404 3921 Unde
2490 3863 2765 3936 superllua
2835 3863 2982 3933 jacet
3038 3865 3128 3918 illa
3186 3867 3430 3920 secunda
3485 3881 3623 3920 con-

2038 3959 2253 4028 junctio
2283 3965 2366 4021 et;
2403 3957 2514 4022 vel,
2551 3971 2651 4027 per
2687 3957 2874 4010 lumen
2925 3956 3213 4010 oculorum
3253 3957 3452 4011 animae
3484 3958 3624 4011 beati

2047 4051 2217 4106 David
2269 4050 2536 4119 Spiritum
2569 4056 2826 4104 sanctum
2861 4048 3128 4116 intellige,
3173 4049 3268 4118 qui
3303 4051 3373 4104 ob
3410 4057 3627 4118 patrata

2045 4147 2114 4202 ab
2165 4161 2232 4200 eo
2286 4147 2515 4208 scelera,
2566 4157 2763 4212 magna
2801 4157 2866 4198 ex
2901 4149 3056 4212 parte
3106 4141 3442 4196 avolaverat.
3473 4140 3630 4195 llunc

2047 4249 2227 4294 autem
2304 4235 2634 4293 versiculum
2717 4249 2842 4290 cum
2943 4231 3192 4302 proxime
3271 4233 3629 4302 subsequenti

2043 4333 2264 4401 quidam
2285 4347 2350 4386 ex
2377 4329 2582 4386 Christi
2615 4341 2850 4398 persona
2881 4324 3268 4396 proferendum
3292 4325 3626 4395 intelligunt,

2045 4433 2100 4480 et
2127 4424 2280 4494 loqui
2311 4423 2380 4478 de
2410 4422 2722 4490 discipulis.

434 4511 501 4562 01
523 4511 689 4576 φίλοι
717 4527 836 4576 μου
867 4509 964 4562 καί
993 4512 1046 4563 οι
1078 4514 1352 4578 πλησίον
1374 4531 1494 4582 μου
1540 4517 1608 4579 ἐξ
1661 4518 1938 4588 ἐναντίας

2115 4515 2280 4570 Vens.
2306 4515 2393 4568 l2.
2417 4515 2588 4568 Amici
2616 4515 2716 4567 mei
2744 4525 2790 4568 ει
2803 4513 3032 4582 proximi
3051 4511 3151 4565 mei
3171 4509 3417 4564 adversus
3437 4522 3516 4562 me
3537 4525 3634 4576 ap-

355 4616 474 4665 μου
503 4596 765 4664 ἤγγισαν
785 4598 883 4650 καί
921 4599 1217 4666 ἔστησαν.
1250 4601 1355 4654 Τὸν
1393 4602 1674 4674 Ἀχιτόφελ
1705 4584 1938 4663 αἰνίττεξ

2045 4608 2523 4678 propinquaverunt
2589 4614 2639 4658 et
2712 4612 2991 4658 steterunt.
3051 4600 3354 4655 Subnotare
3411 4597 3630 4653 Videtur

359 4707 470 4752 ται,
525 4688 622 4741 καὶ
680 4687 874 4750 ἄλλους
924 4689 1153 4754 πολλοὺς
1173 4692 1471 4758 τοιούτους.
1518 4697 1581 4750 Oi
1614 4698 1757 4766 φίλοι
1812 4718 1937 4768 μου,

361 4784 518 4852 φησι,
557 4780 654 4834 καὶ
684 4781 733 4833 ci
773 4781 963 4834 οἰκεῖοί
1015 4800 1118 4851 μου
1169 4784 1264 4837 ἀπ’
1317 4786 1569 4851 ἐναντίας
1604 4807 1707 4858 μου
1737 4787 1938 4861 ἦλθονο

2051 4791 2152 4846 mei
2182 4831 2196 4852 ,
2232 4791 2442 4857 inquit,
2467 4799 2522 4843 et
2553 4787 2852 4842 fatniliares
2884 4785 2988 4840 mei
3029 4790 3297 4838 venerunt
3340 4781 3630 4838 adversum

359 4874 520 4926 τοῦτο
562 4871 674 4944 γὰρ
734 4873 987 4942 σημαίνει
1033 4874 1116 4939 τὸ,
1179 4876 1476 4944 Ἦγγισαν
1522 4878 1621 4932 καί
1667 4881 1938 4947 ἔστησαν

2051 4898 2154 4936 me.
2187 4882 2298 4937 Hoc
2325 4880 2470 4935 enim
2503 4879 2814 4949 signiﬁcant
2844 4876 3006 4931 verba
3045 4876 3133 4930 illa
3167 4892 3181 4929 :
3220 4875 3633 4945 Appropinqua-

363 4966 489 5018 κατ’
544 4965 717 5033 ἐμοῦ,
749 4964 844 5018 τοῦ
880 4965 1016 5018 Θεοῦ
1047 4967 1266 5030 πάντως
1313 4968 1473 5022 τοῦτο
1505 4975 1938 5042 παραχωρήσαν·

2048 4981 2230 5026 verunt
2256 4981 2304 5026 et
2330 4977 2585 5025 steterunt
2614 4977 2801 5024 contra
2854 4983 2971 5032 me;
3005 4965 3116 5022 Deo
3139 4967 3353 5021 scilicet
3385 4966 3456 5018 ob
3504 4979 3633 5032 pec-

364 5075 473 5122 τος,
501 5057 588 5109 διὰ
620 5057 687 5109 τὰ
720 5056 830 5124 ἐμὰ
861 5057 1150 5128 πτώματα.
1191 5060 1470 5114 Ἐντεῦθεν
1508 5062 1619 5134 γάρ
1656 5082 1744 5132 μοι
1776 5069 1807 5136 ή
1833 5067 1938 5120 τῶν

2047 5079 2165 5120 rata
2202 5082 2316 5121 mea
2342 5065 2396 5120 id
2438 5064 2806 5135 permittente,
2848 5077 2909 5117 ex
2953 5060 3155 5131 quibus
3193 5061 3294 5114 hoc
3359 5057 3493 5111 mihi
3541 5071 3632 5109 ca-

366 5148 661 5218 συμφορῶν
685 5146 931 5201 Θάλασσα
963 5150 1277 5221 ὲκεκύμανε
1311 5152 1444 5223 (39).

2047 5160 2350 5212 ιςηηῐιοιυηι
2381 5171 2554 5229 genus
2588 5157 2860 5212 incubuit.

429 5239 540 5292 Kal
576 5240 632 5291 οί
663 5237 910 5306 ἔγγιστά
957 5258 1076 5308 μου
1142 5242 1259 5295 ἀπὸ
1305 5246 1610 5312 μακρόθεν
1647 5246 1938 5312 ἔστησαν.

2119 5251 2282 5306 Vsus.
2316 5251 2400 5305 l5.
2444 5250 2510 5303 Et
2532 5251 2796 5319 quijuxta
2818 5265 2897 5304 me
2920 5256 3093 5312 erant,
3108 5247 3171 5299 de
3184 5245 3334 5313 longe
3352 5248 3630 5294 steterunt.

363 5333 502 5395 Τοὺς
534 5333 733 5396 αὐτοὺς
753 5333 996 5402 νοητέον,
1027 5334 1226 5398 οἵτινες
1257 5340 1320 5407 τῇ
1358 5337 1456 5406 μὲν
1489 5338 1781 5408 δυσμενείᾳ
1843 5342 1938 5410 ἤγ-

2054 5343 2126 5396 De
2160 5341 2368 5396 eisdem
2407 5341 2644 5396 inimicis
2670 5342 2951 5411 loquitur,
2980 5341 3072 5407 qui
3121 5337 3248 5391 odio
3287 5332 3506 5404 quidem
3547 5345 3636 5396 πβ-

362 5441 546 5491 γισαν,
607 5419 697 5476 οἷα
754 5424 1226 5491 καταδιώκοντες·
1297 5433 1364 5501 τῇ
1429 5431 1485 5482 δὲ
1533 5430 1715 5502 εὐνοίᾳ
1759 5433 1938 5502 πὸρῤα

2052 5431 2561 5501 propinquaverunt
2589 5471 2603 5494 ,
2639 5440 2696 5484 ut
2726 5437 3108 5500 persecutores
3132 5466 3146 5489 ,
3185 5431 3240 5479 et
3292 5422 3358 5474 ab
3404 5419 3630 5485 antiqua

363 5515 675 5586 γεγόνασιν,
706 5515 782 5579 ὡς
805 5517 1140 5581 ἀποστάντες
1169 5519 1270 5590 τῆς
1300 5521 1480 5590 φιλίας
1509 5522 1698 5575 αὐτοῦ.
1730 5525 1796 5576 Ἢ
1833 5524 1938 5576 ὲτέ-

2054 5524 2432 5580 benevolentia
2458 5525 2646 5595 procul
2700 5522 2828 5578 iacti
2893 5527 3041 5583 sunt,
3083 5516 3250 5570 veluti
3287 5509 3628 5570 discedentes

1684 5699 1879 5759 Variae
1910 5683 2240 5761 lectiones.

437 5820 552 5887 (ὅτ)
591 5822 676 5875 ΑΙ.
731 5819 1249 5892 Ἀναπεμπόμενον.

437 5821 552 5887 (57)
591 5822 676 5875 Al.
731 5821 1249 5892 Ἀναπεμπόμενον.

436 5893 548 5958 (3x)
576 5893 664 5948 Al.
703 5888 956 5946 πυκνῶν.

2134 5825 2246 5895 (39)
2278 5825 2362 5879 Al.
2389 5821 2758 5894 Ἐπεκύμηνε.

2047 4697 2457 4768 Acbitophelem
2491 4706 2652 4765 atque
2685 4692 2824 4751 alios
2861 4692 3175 4763 huiusmodi
3210 4691 3429 4744 multos.
3453 4690 3632 4746 Amici
3729 4713 3734 4718 ·
