4078 6426
440 410 550 476 ιιδ

1673 411 2060 474 EUTHYMH
2099 412 2463 475 ZIGABENI

3592 416 3702 480 436

439 523 508 580 ab
540 519 804 578 amicitia.
856 520 993 588 Vel,
1035 523 1172 581 alios
1200 524 1366 580 etiam
1420 524 1630 581 amicos
1681 534 1735 580 et
1769 525 2006 581 subditos

2121 541 2248 591 ρους
2288 524 2648 596 ὑποληπτέον,
2692 524 2967 594 φυγόντας
2993 524 3080 578 διὰ
3111 525 3199 578 τὸν
3247 524 3340 577 τοῦ
3380 524 3701 597 Ἀϐεσαλὼμ

440 615 750 685 intelligere
776 630 1096 685 possumus,
1132 618 1225 686 qui
1262 617 1458 672 timore
1487 617 1778 673 Absalouis
1802 632 1833 670 a
1856 618 2017 681 beato

438 706 611 767 David
645 707 710 762 ad
737 709 889 769 illum
915 708 1263 764 dellciebaut.

508 796 581 852 Ει
623 803 726 853 vim
758 799 1025 868 faciebant
1065 802 1155 871 qui
1196 804 1498 872 quwreba‘nt
1549 804 1787 862 animant
1822 821 2012 867 meam.

441 889 504 949 Et
529 890 802 961 angebant
834 907 942 957 me,
974 892 1173 962 inquit,
1205 893 1240 947 ii
1282 893 1375 962 qui
1407 894 1647 957 animam
1684 911 1884 960 meam,
1913 897 2016 952 hoc

435 992 539 1049 cst,
570 985 660 1054 qui
699 1000 783 1039 me
815 986 994 1056 ipsum
1041 986 1377 1056 quaerebant,
1404 997 1459 1042 et
1511 988 1657 1042 omni
1709 1000 1828 1043 arte
1882 990 2016 1046 mihi

437 1073 743 1127 molestiam
764 1073 1092 1131 inferebant.
1112 1073 1207 1133 Vei
1224 1077 1541 1146 quaerebant
1562 1079 1797 1131 animam
1814 1092 2011 1143 meam,

437 1171 494 1216 ut
527 1165 803 1221 auferrent
838 1181 980 1234 eam,
1013 1169 1475 1237 quemadmodum
1520 1167 1654 1224 dixit
1703 1170 1757 1223 in
1805 1171 2014 1240 psalmo

356 1302 359 1305 .
436 1269 632 1311 XXXIX.

505 1347 575 1402 Et
607 1349 698 1419 qui
715 1351 1015 1419 quaerebant
1044 1350 1188 1404 mala
1216 1351 1343 1405 mihi
1363 1351 1529 1407 locuti
1560 1362 1687 1411 sunt
1727 1355 2007 1409 vanitates.

431 1441 500 1498 Et
547 1440 643 1510 qui
697 1457 873 1496 meam
939 1443 1155 1497 ruinam
1190 1443 1476 1509 sitiebant,
1510 1445 1882 1515 blasphemias
1915 1449 2015 1509 ad:

432 1548 651 1593 versum
686 1548 774 1587 me
808 1532 974 1593 locuti
1008 1543 1176 1597 sunt,
1209 1533 1475 1597 conviciis
1519 1543 1683 1604 atque
1720 1536 2012 1597 calumniis

433 1639 517 1678 mc
547 1625 892 1694 impetentcs.
929 1623 1204 1685 Vanitates
1235 1634 1419 1680 autem
1448 1625 1583 1679 dixit
1635 1627 1803 1682 veluti
1855 1645 2011 1683 mena

429 1714 581 1768 daeia
606 1716 877 1785 quaedam,
912 1732 975 1771 ac
1009 1716 1167 1772 falsa.

501 1807 566 1860 Et
601 1807 751 1863 dolos
778 1818 887 1869 tota
913 1810 995 1869 die
1016 1809 1429 1875 meditabantur.
1456 1809 1568 1867 Hoc
1599 1820 1701 1879 est,
1735 1814 1960 1872 insidias
1990 1835 2004 1872 :

432 1899 707 1971 quomodo
774 1901 1039 1975 nimirum
1081 1917 1166 1956 me
1203 1903 1518 1972 deciperent
1563 1914 1617 1959 ct
1655 1908 2012 1976 comprehen-

428 1993 644 2048 dercnt.

496 2083 666 2142 Vsus.
708 2087 796 2141 M.
827 2087 941 2158 Ego
978 2091 1134 2159 quasi
1171 2093 1369 2147 surdus
1418 2110 1522 2147 non
1575 2096 1875 2153 audiebam.
1930 2095 2009 2153 Re

428 2192 553 2231 vera
578 2177 798 2247 quidem
829 2179 1165 2249 audiebam,
1199 2185 1294 2239 sed
1345 2186 1536 2240 audire
1584 2203 1696 2242 non
1746 2188 1969 2244 videbar
1990 2230 2005 2255 ,

426 2268 556 2337 quia
593 2270 863 2336 tacebam,
888 2278 944 2325 et
972 2287 1082 2332 non
1110 2275 1500 2331 conturbabar.
1541 2276 1663 2346 Ipso
1709 2279 1860 2333 enim
1908 2278 2008 2334 Se-

428 2362 531 2414 mci
566 2361 828 2417 conviciis
859 2378 983 2420 sese
1008 2364 1312 2422 insectante
1343 2377 1513 2436 atque
1545 2369 1930 2432 maledicente,
1952 2378 2007 2423 et

426 2451 700 2522 plerisque
743 2452 867 2509 aliis
933 2454 1096 2509 etiam
1176 2456 1317 2512 idem
1372 2457 1730 2522 l‘acicntilms,
1792 2460 2006 2515 tacebat

429 2541 622 2595 beatus
656 2540 843 2604 David,
872 2543 1030 2611 quasi
1061 2559 1289 2614 prorsus
1323 2561 1433 2600 non
1467 2548 1694 2602 audiens

499 2629 571 2684 Et
603 2633 738 2699 sicut
765 2642 940 2687 mutu:
970 2651 1073 2688 non
1103 2635 1342 2702 aperiens
1378 2652 1435 2689 os
1459 2653 1635 2691 suum.
1661 2638 2003 2695 Suliamlien-

425 2721 555 2781 dum
591 2731 674 2777 cst
711 2722 957 2788 verbum,
992 2741 1160 2777 eram.
1203 2725 1557 2796 Consequens
1586 2737 1671 2783 est
1702 2739 1907 2792 autem,
1947 2742 2005 2786 ut

428 2826 534 2864 non
561 2811 814 2881 loquatur
843 2813 966 2882 quis
995 2829 1059 2868 ea
1095 2831 1218 2883 quae
1248 2830 1356 2870 non
1388 2817 1618 2873 audivit.

501 2903 662 2963 Vens.
699 2903 784 2958 15.
826 2907 897 2958 Et
917 2904 1095 2972 [actus
1114 2924 1233 2962 sum
1265 2908 1399 2962 sicut
1421 2908 1574 2963 homo
1600 2927 1704 2964 non
1732 2912 1953 2969 audiens
1985 2955 2000 2978 ,

423 3004 472 3053 et
504 2994 826 3059 nonhabens
850 2998 904 3065 in
935 3013 1025 3052 ore
1069 3014 1165 3059 suo
1210 3000 1634 3068 redargutiones.
1692 3002 1818 3059 llaec
1856 3005 2001 3060 dicta

425 3095 553 3139 sunt
579 3084 646 3139 ad
677 3085 1100 3149 declarationem
1126 3092 1526 3153 versiculorum
1566 3094 1811 3164 proxime
1859 3113 1994 3167 prae-

2122 617 2305 685 φόᾷον.

2189 802 2299 856 Kal
2331 800 2701 867 ἐξεὸιὰζοντο
2739 805 2792 858 ol
2821 800 3137 870 ζητοῦντες
3178 802 3295 871 τὴν
3321 805 3535 873 ψυχήν
3553 823 3697 875 μου.

2119 895 2228 964 Καὶ
2257 894 2568 968 ἠνάγκαζον
2609 894 2906 969 κακοῦντες
2935 912 3002 966 με
3033 897 3187 969 πάσῃ
3239 901 3483 967 μηχανῇ,
3516 899 3567 951 ol
3602 898 3701 970 ζη-

2117 985 2337 1050 τοῦντες
2371 986 2470 1057 τὴν
2504 985 2684 1057 ψυχήν
2737 1004 2861 1057 μου,
2896 987 3177 1042 τουτέστιν
3205 987 3326 1054 ἐμὲ,
3363 991 3506 1042 κατὰ
3537 989 3701 1056 περί-

2118 1097 2321 1149 φρασιν
2342 1094 2357 1108 ’
2392 1079 2426 1151 ἢ
2449 1081 2500 1132 οἱ
2531 1078 2821 1150 ζητοῦντες
2841 1077 2939 1149 τὴν
2965 1077 3145 1147 ψυχήν
3172 1094 3297 1148 μου,
3329 1076 3472 1132 ὥστε
3504 1078 3701 1150 ἐξᾶραι

2115 1176 2305 1247 αὐτὴν,
2328 1176 2404 1239 ὡς
2427 1178 2485 1228 ὲν
2513 1175 2591 1246 τῷ
2620 1174 2696 1228 λθ’
2727 1173 2930 1245 ψαλμῷ
2969 1191 3124 1245 φησι.

2182 1364 2293 1418 Kal
2322 1366 2375 1417 ol
2399 1361 2714 1431 ζητοῦντες
2734 1361 2804 1416 τὰ
2834 1358 2991 1415 κακά
3017 1376 3119 1429 μοι
3143 1358 3464 1425 ἐλάλησαν
3490 1375 3701 1426 μαται-

2114 1457 2352 1523 ότητας.
2382 1456 2493 1510 Καὶ
2539 1455 2590 1507 οἱ
2621 1453 2865 1516 θέλοντες
2887 1453 2987 1522 τὴν
3020 1450 3230 1505 πτῶσίν
3264 1469 3392 1520 μου,
3426 1451 3701 1521 ἐλάλησαν

2113 1546 2236 1600 κατ’
2265 1546 2400 1615 ἐμοῦ
2424 1544 2798 1616 βλασφημίας,
2827 1541 3197 1613 λοιδοροῦντες
3251 1557 3320 1611 με
3352 1541 3448 1594 καὶ
3476 1541 3700 1595 διαϐάλ-

2112 1640 2318 1703 λοντες.
2358 1638 2750 1709 Ματαιότητας
2798 1636 2856 1690 δὲ
2887 1636 3094 1699 ταύτας
3123 1634 3409 1700 ἰκὰλεσεν,
3455 1632 3532 1697 ὡς
3565 1633 3701 1699 ψευο

2110 1732 2240 1794 δεῖς.

2178 1824 2289 1878 Kal
2314 1823 2671 1891 δολιότητας
2694 1825 2851 1889 ὅλην
2888 1823 3005 1891 τὴν
3031 1822 3264 1892 ἡμέραν
3294 1817 3697 1890 ἐμελέτησαν.

2125 1917 2480 1980 Ἐπιϐουλὰς·
2520 1916 2639 1980 πῶς
2675 1915 2741 1970 ἂν
2774 1915 3191 1984 ἁποστήσαντές
3228 1931 3296 1983 με
3328 1913 3697 1985 θηρεύσωσιν.

2194 2098 2343 2167 Ἐγὼ
2373 2099 2442 2153 δὲ
2460 2096 2603 2152 ὡσεί
2638 2096 2837 2164 κωφὸς
2858 2098 2969 2151 οὐκ
3010 2094 3258 2165 ἤκουον.
3310 2095 3393 2166 Τῇ
3432 2092 3533 2164 μὲν
3557 2092 3699 2162 ἀλη-

2111 2192 2256 2263 θείᾳ,
2280 2192 2476 2263 ἤκουον
2499 2208 2515 2237 '.
2544 2191 2609 2260 τῇ
2651 2188 2707 2242 δὲ
2745 2189 2989 2254 δοκήσει,
3014 2187 3115 2241 οὐκ
3139 2187 3360 2257 ἤκουον,
3386 2182 3475 2238 οἶα
3500 2185 3698 2253 σιγῶν,

2111 2286 2203 2340 καὶ
2254 2284 2328 2353 μὴ
2358 2282 2769 2351 ταρασσόμενος
2796 2297 2810 2308 ’
2852 2279 3032 2334 ἄλλων
3063 2295 3121 2331 τε
3156 2277 3266 2346 γὰρ
3292 2276 3368 2340 ὡς
3391 2276 3562 2340 εἰκὸς,
3598 2276 3697 2329 καὶ

2110 2377 2277 2431 αὐτοῦ
2311 2375 2376 2443 δὴ
2406 2376 2498 2428 τοῦ
2528 2373 2733 2442 Σεμεεὶν
2754 2371 3034 2442 προδήλως
3061 2368 3377 2441 ὑϐρίζοντος
3415 2368 3578 2422 αὐτὸν
3597 2368 3696 2422 καὶ

2110 2464 2524 2536 καταρωμένον,
2555 2461 2734 2530 ἐσίγα,
2767 2462 2842 2524 ὡς
2876 2459 2953 2532 μὴ
2979 2458 3216 2513 ἀκούιιιν.

2174 2650 2287 2706 Kal
2314 2649 2457 2703 ὡσεὶ
2492 2648 2722 2714 Major:
2748 2648 2862 2702 οὐκ
2884 2646 3144 2716 ἀνοίγων
3169 2647 3234 2702 τὸ
3265 2649 3459 2717 στόμα
3478 2642 3680 2699 αὐτοῦ.

2108 2744 2298 2797 Δείπει
2346 2741 2430 2805 τὸ,
2459 2739 2626 2809 ἢμην
2646 2755 2661 2769 ο
2695 2737 2774 2807 τῷ
2813 2739 2923 2808 γὰρ
2957 2737 3031 2805 μὴ
3060 2736 3278 2791 ἀκούειν
3314 2734 3601 2790 ἀκόλουθον
3625 2736 3689 2785 τδ

2111 2836 2186 2906 μὴ
2213 2834 2416 2897 λαλεῖν,
2455 2832 2585 2903 περὶ
2612 2825 2688 2885 ὧν
2715 2831 2817 2885 οὐκ
2846 2830 3069 2901 ἤκουσε.

2179 2926 2285 2980 Kal
2325 2924 2620 2993 ἐγενόμην
2641 2921 2787 2976 ὡσεί
2814 2919 3123 2989 ἄνθρωπος
3151 2920 3265 2974 οὐκ
3291 2918 3554 2980 ἀκούων,
3587 2914 3692 2969 καὶ

2106 3019 2219 3072 οὐκ
2247 3016 2404 3086 ἔχων
2436 3015 2505 3069 ἐν
2525 3012 2606 3079 τῷ
2643 3013 2899 3081 στόματι
2932 3011 3122 3066 αὐτοῦ
3156 3010 3473 3080 ἐλεγμούς.
3502 3009 3697 3063 Ταῦτα

2109 3106 2480 3176 σαφηνιστικὰ
2531 3106 2641 3159 τῶν
2670 3103 3055 3174 προλαϐόντων
3093 3102 3391 3172 δυστίχωντ
3423 3102 3699 3181 ἐλεγμοὶς

424 3176 754 3249 cedentium.
788 3179 1222 3252 Redargutiones
1268 3194 1452 3240 autem
1489 3186 1594 3241 hoc
1622 3187 1676 3242 in
1708 3188 1829 3244 loco
1866 3204 1999 3244 con-

2109 3201 2162 3255 δὲ
2197 3200 2348 3267 λέγει
2376 3199 2475 3263 τὰς
2506 3198 2883 3269 ἀντιρρήσεις,
2906 3195 2973 3249 δι’
3007 3188 3083 3249 ὧν
3120 3212 3205 3258 τις
3233 3194 3449 3265 ἐλέγχει
3478 3193 3568 3247 τὸν
3589 3178 3691 3247 ita?

422 3270 781 3338 tratlictiones
811 3282 989 3340 vocat,
1026 3293 1121 3347 per
1149 3294 1292 3347 quas
1343 3280 1673 3351 redarguere
1724 3281 1852 3351 quis
1905 3300 2001 3339 eos

425 3362 582 3429 solet,
614 3364 707 3435 qui
742 3367 883 3421 male
918 3368 1243 3437 loquuntur.

492 3455 657 3511 Vens.
680 3458 761 3513 16.
788 3458 928 3525 Quia
948 3462 1004 3515 in
1027 3471 1095 3526 te,
1116 3462 1360 3530 Domine,
1384 3448 1609 3530 speravi.
1628 3466 1810 3524 Mutus
1829 3468 2012 3526 factus
2056 3440 2059 3443 Α

422 3562 545 3602 sum
585 3557 639 3602 et
678 3551 847 3617 tacui,
902 3552 1028 3621 quia
1063 3563 1113 3608 te
1142 3553 1274 3608 mihi
1304 3555 1546 3624 judicem
1588 3557 1832 3613 futurum
1880 3576 2003 3631 spe-

423 3635 563 3706 ravi,
593 3634 728 3691 Milli
764 3637 933 3704 enim,
963 3639 1163 3709 inquit,
1193 3641 1446 3709 vindicta,
1474 3652 1524 3697 et
1550 3660 1644 3714 ego
1689 3647 2004 3712 retribuam,

423 3725 552 3786 dicit
589 3726 847 3783 Dominus
879 3731 924 3782 ¹.

496 3817 573 3872 Τιι
611 3819 862 3877 exaudiet
889 3838 987 3887 me,
1017 3822 1238 3893 Domine
1260 3825 1397 3882 Deus
1440 3845 1604 3898 meus.
1654 3829 1718 3885 Et
1761 3831 1889 3901 quia
1945 3843 2003 3889 tu

422 3914 606 3967 ornnia
633 3913 1251 3984 hujusmodimaledicta
1280 3921 1542 3994 intelligis
1569 3941 1584 3980 :
1616 3932 1671 3979 et
1700 3927 2001 3996 condignas

422 4005 916 4070 calumniatoribus
939 4024 1133 4080 pmnas
1150 4013 1445 4070 retribnes.
1461 4013 1582 4081 Vel,
1614 4016 1699 4073 Tu
1719 4033 1814 4075 eos
1831 4036 2003 4078 exau-

421 4096 566 4160 dics,
600 4098 696 4167 qui
728 4099 856 4154 talia
887 4101 1036 4171 passi
1064 4111 1218 4170 sunt,
1249 4111 1303 4160 et
1330 4113 1537 4163 tacent.

496 4188 656 4247 Vsus.
677 4191 928 4258 1.7..Quia
946 4194 1060 4248 dixi
1073 4210 1092 4249 :
1108 4194 1399 4267 Nequando
1421 4202 1845 4271 supergaudeant
1872 4207 2009 4261 mihi.

2109 3292 2220 3355 κῶς
2247 3291 2501 3359 λέγοντα.

2180 3479 2308 3534 Ὅτι
2337 3479 2434 3534 ἐπὶ
2496 3492 2617 3544 σοι,
2670 3478 2867 3545 Κύριε,
2903 3477 3163 3546 ἤλπισα.
3228 3473 3562 3543 Ἐκωφώοην
3594 3474 3695 3527 καὶ

2104 3565 2360 3635 ὲσίγησα,
2391 3562 2526 3618 διότι
2561 3563 2710 3634 παρὰ
2741 3561 2834 3616 σοῦ
2869 3562 3077 3633 ἧλπισα
3114 3562 3300 3630 τυχεῖν
3326 3559 3690 3627 ἐκδικήσεως.

2117 3656 2272 3724 Ἐμοὶ
2304 3654 2435 3723 γαρ,
2494 3653 2682 3722 φησιν,
2714 3651 3064 3719 ἐκδίκησις*
3104 3648 3220 3718 ἐγὼ
3251 3647 3693 3711 ἀνταποδώσω,

2103 3742 2265 3810 ,λέγει
2313 3743 2548 3810 Κύριος.

2170 3834 2254 3888 Σὺ
2295 3833 2655 3901 εὶσακούσῃ,
2685 3833 2880 3902 Κύριε,
2923 3833 2957 3885 ό
2987 3830 3131 3898 Θεός
3159 3847 3298 3899 μου.
3326 3830 3437 3883 Καὶ
3462 3827 3593 3880 διότι
3622 3826 3695 3883 σὺ

2105 3924 2446 3996 ὲνωτισθήσῃ
2471 3924 2571 3990 τὰς
2601 3924 2857 3985 τοιαύτας
2902 3920 3275 3994 βλασφημίας,
3320 3921 3415 3975 καὶ
3448 3920 3695 3974 ἀνταπο-

2104 4017 2297 4080 δώσεις
2318 4019 2427 4081 τοῖς
2457 4016 2762 4088 ὑϐρισταῖς.
2797 4016 2889 4081 Ἦ,
2920 4014 2994 4068 Σὺ
3019 4012 3303 4084 ἐπακούσῃ
3318 4011 3431 4068 τῶν
3462 4008 3697 4065 τοιαῦτα

2106 4110 2449 4189 πασχόντων,
2479 4110 2575 4163 καὶ
2603 4108 2910 4177 σιγώντων.

2178 4203 2307 4256 Ὅτι
2338 4197 2512 4256 εἷπον
2542 4216 2556 4232 ’
2619 4202 2865 4270 Μήποτε
2894 4198 3231 4270 ἐπιχαρῶσί
3273 4215 3378 4267 μοι
3411 4199 3465 4251 ol
3484 4196 3693 4265 ἐχθροί

421 4282 629 4355 inimici
653 4285 776 4338 mei.
807 4283 956 4338 Intra
990 4302 1077 4341 me
1119 4287 1300 4357 ipsum
1342 4291 1488 4344 enim
1539 4309 1664 4347 cum
1714 4294 1999 4353 fundercm

2109 4312 2241 4364 μου.
2282 4296 2392 4349 Καὶ
2428 4293 2538 4364 γὰρ
2571 4289 2725 4347 εἷπον
2748 4294 2805 4348 ἐν
2835 4291 3057 4361 ἐμαυτῷ
3095 4291 3386 4362 εὐχόμενος
3406 4304 3418 4316 '
3452 4290 3544 4361 Μὴ
3573 4289 3693 4342 ὲπι-

426 4389 616 4440 prcccs
651 4376 717 4427 ad
743 4375 942 4441 Deum,
983 4378 1097 4432 dixi
1132 4420 1147 4446 ,
1206 4396 1409 4452 cupere
1457 4398 1543 4440 me
1591 4387 1885 4454 exaudiri,
1935 4405 2002 4445 ne

423 4467 645 4537 quando
708 4470 1149 4540 supergaudeant
1194 4482 1249 4531 et
1290 4474 1630 4533 delectentur
1702 4494 1870 4551 super
1917 4497 2001 4538 me

425 4577 480 4614 tu
490 4577 645 4617 "IIICI.
669 4577 802 4619 Illel.

493 4649 564 4705 Et
600 4653 726 4707 dum
756 4655 1003 4708 commori
1037 4667 1211 4713 essent
1237 4658 1394 4729 pedes
1431 4661 1552 4729 mei,
1586 4677 1743 4731 super
1770 4679 1850 4718 me
1884 4680 2000 4719 ma—

423 4745 713 4814 gnaloculi
756 4756 899 4804 sunt.
946 4747 1014 4803 Et
1066 4766 1189 4807 cum
1229 4751 1343 4822 jam
1395 4767 1648 4811 aversum
1698 4766 1847 4811 esset
1898 4758 1999 4814 iter

425 4847 606 4888 meum
627 4849 655 4888 a
681 4834 771 4895 via
790 4834 1099 4892 divinorum
1134 4840 1544 4910 mandatorum,
1582 4842 1658 4898 illi
1697 4842 1883 4898 statim
1904 4861 2004 4916 pu-

425 4919 658 4976 dendam
693 4923 985 4992 quamdam
1020 4937 1285 4997 ceperunt
1333 4928 1667 4996 libertatem,
1699 4930 1999 5000 gloriantes

423 5013 772 5080 etjactantes
800 5056 815 5080 ,
852 5016 989 5073 velle
1020 5031 1108 5069 me
1135 5017 1472 5074 interimere.

498 5103 657 5160 Vens.
692 5106 778 5162 18.
814 5107 1081 5174 Quoniam
1109 5125 1201 5177 ego
1224 5111 1278 5163 in
1323 5111 1539 5181 ﬂagella
1585 5124 1809 5181 paratus
1861 5133 1999 5173 sitm.

421 5195 559 5262 Quia
606 5213 709 5267 ego
757 5208 881 5268 post
925 5208 1209 5269 peccatum
1262 5202 1449 5258 divino
1507 5205 1748 5264 nudatus
1797 5209 2001 5265 auxilio

423 5296 651 5357 paratus
679 5288 755 5343 fui
788 5289 856 5345 iis
884 5290 975 5359 qui
1013 5291 1284 5362 castigare
1314 5308 1401 5349 mc
1435 5296 1753 5354 voluerunt.
1784 5297 1881 5355 Vel
1913 5300 1998 5355 di-

422 5380 684 5444 ctionem,
718 5383 968 5451 quoniam
999 5424 1013 5448 ,
1040 5383 1370 5453 superﬂuam
1420 5402 1543 5452 esse
1595 5389 1838 5461 intellige
1889 5392 1909 5464 [
1940 5401 2000 5446 ut

424 5488 565 5542 saepe
597 5474 829 5530 inveniri
849 5474 1135 5548 diximus],
1162 5484 1216 5532 et
1248 5478 1384 5533 ordo
1403 5489 1489 5543 est
1519 5497 1534 5535 :
1566 5482 1678 5553 Ego
1715 5482 1787 5537 ad
1813 5497 2001 5540 corre-

423 5564 659 5618 ctionem
718 5574 774 5621 et
826 5567 1260 5624 emendationem
1303 5581 1450 5626 tuam
1498 5586 1719 5644 semper
1769 5584 1999 5645 paratus

424 5670 567 5713 sam).
598 5656 681 5711 Ob
710 5666 930 5726 peccata
958 5661 1102 5715 enim
1155 5675 1270 5717 mea
1321 5678 1440 5720 eam
1488 5672 1775 5736 promptus
1829 5681 1894 5727 ac
1939 5669 2004 5729 iis

426 5748 564 5815 bons
591 5749 860 5816 suscipio.

492 5861 513 5910 ἓ
546 5859 704 5918 Deut.
739 5879 908 5928 χχιιι,
936 5867 1025 5921 '55.

2038 4548 2089 4604 Β.

2104 4386 2408 4458 χαρείησάν
2438 4386 2529 4462 μοί
2561 4402 2690 4439 ποτε
2714 4387 2762 4439 οἱ
2790 4384 2990 4457 ἐχθροί
3021 4400 3150 4455 μου.

2176 4659 2288 4716 Kal
2306 4659 2378 4714 ἐν
2398 4657 2479 4725 τῷ
2503 4656 2878 4725 σαλευθῆναι
2908 4655 3100 4721 πόδας
3135 4672 3276 4724 μου,
3310 4654 3403 4707 ἐπ’
3431 4653 3536 4723 ἐμὲ
3551 4654 3691 4724 ἐμε-

2102 4747 2669 4821 ταλορῤημόνησαν.
2720 4747 2829 4815 Καὶ
2859 4745 2969 4799 ἰδοὺ
3000 4745 3434 4816 περιτραπείσης
3464 4744 3561 4815 τῆς
3583 4762 3691 4799 πο.

2110 4842 2260 4913 ρείας
2295 4857 2398 4912 μου
2447 4841 2555 4893 ἀπὸ
2595 4838 2693 4908 τῆς
2732 4836 2854 4891 ὁδοῦ
2887 4836 2998 4889 τῶν
3026 4836 3187 4889 θείων
3217 4836 3470 4901 ἐντολῶν,
3521 4836 3691 4901 εὐθὺς

2106 4932 2300 4987 ἔλαϐον
2325 4932 2476 4986 αὐτοὶ
2506 4930 2820 5002 παρρησίαν
2840 4928 3241 4997 ἀναισχυντίας,
3266 4929 3694 4999 μεγαλορρημο-

2105 5024 2369 5094 νήσαντες
2393 5021 2602 5076 ἀνελεῖν
2632 5037 2723 5091 με.

2176 5116 2297 5169 Ὅτι
2326 5114 2442 5185 ἐγὼ
2491 5116 2578 5180 εἰς
2602 5112 2903 5183 μάστιγας
2932 5111 3187 5180 ἕτοιμος.
3230 5109 3377 5163 Διότι
3431 5108 3691 5181 ἁμαρτή-

2105 5226 2226 5274 σας,
2258 5208 2353 5261 καὶ
2380 5206 2690 5277 γυμνωθεὶς
2721 5205 2822 5275 τῆς
2867 5203 3019 5267 θείας
3064 5202 3338 5273 βοηθείας,
3392 5203 3689 5274 πρόχειρος

2101 5300 2370 5371 ἐγενόμην
2401 5300 2514 5361 τοῖς
2547 5296 2796 5361 κολάζειν
2844 5295 3143 5350 ἐθέλουσιν.
3179 5295 3250 5348 ’Ἡ
3305 5294 3367 5347 τὸ
3422 5295 3522 5363 μὲν
3563 5292 3683 5358 ὅτι,

2101 5390 2535 5464 διηγηματικῶς,
2567 5389 2823 5461 περιττὸν
2857 5387 3101 5460 νοήσεις·
3151 5387 3216 5440 τὸ
3243 5385 3301 5439 δὲ
3337 5385 3495 5455 ἑξῆςο
3539 5383 3688 5450 Ἐγὼ

2103 5487 2179 5549 εἰς
2211 5485 2311 5556 τὴν
2342 5482 2493 5553 παρά
2517 5482 2611 5536 σοῦ
2643 5480 2894 5535 παιδείαν
2915 5480 3229 5550 πρόχειρος,
3247 5476 3687 5547 ἀπεκδεχόμενος

2102 5576 2271 5646 αὐτὴν
2302 5574 2555 5649 πάντοτε,
2579 5571 2666 5626 διὰ
2692 5572 2790 5636 τὰς
2813 5572 3091 5642 ἁμαρτίας
3115 5587 3239 5642 μου.
