4078 6426
366 454 472 519 137

1540 474 1933 540 COMMENT.
1980 482 2062 540 IN
2104 482 2467 545 PSALMOS.

3531 480 3640 543 ΠΒ

438 569 547 622 Kal
576 569 616 637 ἡ
643 569 933 641 ἀλγηδών
947 593 1066 645 μου
1088 578 1347 635 ἐνώπιόν
1379 585 1497 652 μοὺ
1528 585 1656 640 ἐστι
1693 586 1790 641 διὰ
1818 607 1948 644 παν-

2143 594 2209 650 Et
2247 596 2403 650 dolor
2432 614 2577 652 meus
2606 599 2661 652 in
2705 612 2978 667 ransprrtu
3039 616 3146 651 mro
3189 608 3265 653 est
3307 615 3531 667 semper.
3590 600 3649 651 Et

366 663 489 730 τός.
531 664 644 718 Καὶ
675 667 709 735 ἡ
750 668 945 739 μνήμη
975 672 1074 741 τῆς
1104 674 1384 746 ἁμαρτίας
1415 696 1538 747 μου,
1573 681 1607 752 ἠ
1657 682 1966 750 ἀλγύνουσά

369 773 463 821 με,
496 756 603 826 πρὸ
626 758 929 829 ὀφθαλμῶν
964 763 1070 833 μού
1101 767 1250 820 ἐστιν
1289 768 1396 831 ἀεὶ,
1428 770 1717 839 νύττουσα,
1750 775 1844 829 καὶ
1865 777 1966 830 οὐκ

367 848 720 922 ἐπελαθόμην
748 852 978 921 ταύτης,
1007 855 1083 920 ὥς
1107 876 1191 922 τις
1217 861 1543 930 ἀνάλγητος.

442 1112 577 1207 Ὀτι
605 1116 726 1184 τὴν
770 1119 1030 1188 ἀνομίαν
1046 1141 1168 1192 μου
1190 1126 1306 1197 ἐγὼ
1329 1129 1662 1199 (transicit.
1695 1134 1839 1189 Διότι
1862 1136 1964 1207 τὴν

366 1203 651 1296 ἁμαρτίαν
676 1225 780 1277 μου
814 1209 926 1279 ἐγὼ
940 1212 1306 1284 δημοσιεύσω.
1342 1221 1436 1272 καὶ
1462 1226 1766 1293 κατήγορος
1792 1203 1962 1296 ἐμαυ-

363 1294 459 1348 τοῦ
495 1299 828 1370 γενήσομαι.

437 1391 549 1444 Kal
596 1397 950 1464 μεριμνήσει)
1003 1402 1157 1470 ὑπὲρ
1190 1402 1302 1472 τῆς
1353 1408 1643 1477 ἁμαρτίας
1672 1429 1811 1480 μου.
1847 1413 1961 1468 Καὶ

363 1482 645 1572 φροντίσω
691 1488 793 1558 τῆς
826 1490 1073 1561 ἰατρείας
1117 1494 1309 1565 αὐτῆς.
1357 1498 1694 1572 Ἀδιαφόρως
1742 1503 1799 1557 δὲ
1836 1506 1961 1558 ἀνο-

364 1571 501 1638 μίαν
525 1577 622 1628 καὶ
645 1576 921 1648 ἁμαρτίαν
949 1583 1018 1635 τὰ
1046 1584 1495 1658 πλημμελήματα
1520 1592 1813 1662 κέκληκεν.

437 1668 506 1718 Ol
554 1665 625 1720 δὲ
649 1668 849 1737 ἐχθροὶ
870 1689 992 1741 μου
1026 1674 1222 1738 ζῶσιν.
1270 1681 1333 1733 Ui
1392 1681 1470 1750 τῷ
1514 1683 1837 1756 Ἀϐεσαλὼμ
1867 1705 1958 1741 συ-

360 1759 813 1850 στρατευόμενοι.
884 1766 1043 1822 Ζῶσι
1097 1770 1176 1836 δὲ,
1242 1774 1366 1827 ἀντὶ
1433 1776 1551 1840 τοῦ,
1620 1779 1950 1850 Ἔῤῥωνται,

355 1848 771 1920 ἀσθενήσαντος
810 1859 969 1929 ἐμοῦ.

2073 688 2496 743 commissorum
2513 703 2542 742 a
2559 704 2642 745 me
2655 689 2978 745 delictorum
3003 691 3286 753 memoria,
3305 706 3425 759 qum
3439 707 3655 745 summo

2073 792 2159 831 me
2188 777 2375 833 dolore
2406 778 2589 840 aﬂicit.
2620 795 2837 851 semper
2869 782 3002 836 mihi
3034 790 3159 837 ante
3211 783 3402 837 oculos
3431 796 3655 850 penna.

2074 878 2164 921 net
2199 887 2212 924 :
2246 885 2447 941 urgens
2483 871 2742 925 nimirum
2778 887 2841 927 ac
2892 874 3182 929 stimulans
3207 914 3221 936 ,
3275 889 3456 942 neque
3505 871 3650 925 enim

2072 975 2261 1013 eorum
2320 963 2526 1017 oblitus
2561 979 2705 1023 sum.
2742 965 2905 1020 veluti
2962 965 3006 1019 is
3052 967 3144 1037 qui
3201 966 3419 1020 dolores
3471 965 3655 1018 nullos

2073 1051 2326 1106 Sontiam.

2144 1142 2308 1199 Vens.
2338 1146 2425 1200 i9.
2462 1146 2728 1214 Quoniam
2760 1150 3093 1221 iniquitatem
3128 1167 3295 1206 meam
3326 1169 3418 1221 ego
3444 1169 3653 1205 annun-

2071 1237 2233 1290 tiabo.
2265 1237 2399 1302 Quia
2433 1248 2716 1307 peccatum
2752 1259 2853 1313 ego
2894 1260 3073 1300 meum
3130 1245 3442 1314 publicaho.
3472 1254 3522 1297 et
3556 1246 3656 1297 ad-

2072 1346 2261 1387 versus
2296 1339 2677 1407 memetipsum
2706 1348 2998 1393 accusator
3022 1338 3298 1392 accedam.

2054 1482 2062 1491 θ
2144 1422 2209 1477 Et
2251 1429 2495 1498 cogitabo
2525 1445 2619 1497 pro
2642 1439 2853 1498 peccato
2898 1446 3030 1484 meo.
3089 1428 3203 1484 lloc
3241 1437 3347 1497 est,
3382 1430 3652 1484 sollicitus

2067 1529 2163 1567 ero
2202 1518 2270 1573 de
2311 1522 2579 1576 medicina
2617 1523 2851 1592 peccati.
2881 1521 3262 1578 Indiﬂerent'er
3307 1534 3490 1577 autem
3548 1525 3653 1578 iui-

2065 1605 2328 1671 quitatem
2386 1620 2440 1663 et
2471 1618 2759 1676 peccatum
2802 1611 2982 1680 posuit
3024 1626 3123 1677 pro
3154 1610 3375 1665 delicto.

2137 1698 2301 1756 Vens.
2334 1703 2429 1758 20.
2476 1702 2694 1759 Inimici
2732 1713 2908 1759 autem
2968 1707 3070 1759 mei
3099 1705 3295 1758 vivunt.
3357 1704 3392 1757 li
3441 1702 3656 1757 scilicet

2064 1794 2155 1861 qui
2198 1795 2437 1848 militant
2460 1810 2585 1851 cum
2618 1797 2913 1853 Altsalone.
2954 1796 3146 1851 Vivunt
3176 1806 3384 1860 autem,
3417 1796 3520 1848 hoc
3546 1806 3652 1857 est.
3714 1849 3723 1857 ,

2064 1886 2323 1942 Potentes
2356 1897 2507 1951 sunt.
2534 1904 2636 1959 ego
2668 1900 2850 1945 autem
2887 1889 3158 1944 inﬁrmus.

429 1942 545 2050 11:42
586 1951 1054 2016 κεκραταίωνται
1100 1957 1255 2027 ὑπὲρ
1283 1959 1408 2029 ἐμέ.
1444 1962 1615 2018 Τοῦτο
1647 1964 1741 2018 τοῦ
1783 1965 1948 2027 ζῶσιν

2143 1975 2208 2030 Et
2242 1977 2404 2045 fortes
2447 1942 2597 2047 βιωιῖ
2616 1995 2777 2050 super
2805 1997 2905 2034 me.
2932 1980 3108 2035 Verba
3141 1981 3254 2034 hare
3282 1980 3531 2042 proxitre
3561 1994 3643 2035 su-

360 2033 790 2104 ἐπεξηγητικόν.
847 2044 918 2096 Ἢ
949 2045 1012 2098 τὸ
1052 2049 1151 2117 μὲν
1203 2051 1424 2117 Ζῶσιν,
1459 2057 1582 2109 ἀντὶ
1606 2058 1700 2111 τοῦ
1747 2058 1959 2127 Ὑγιαί-

435 2312 539 2403 Kal
560 2312 1044 2387 ἐπληθύνθησαν
1070 2326 1126 2378 οἱ
1141 2328 1472 2394 μισοῦντές
1492 2350 1570 2401 με
1606 2333 1843 2403 ἀδίκως.
1878 2339 1956 2391 Οὐ

386 2400 538 2467 μονον
564 2403 694 2467 ζῶσι
750 2410 846 2462 καὶ
879 2418 1342 2485 κεκραταίωνται,
1396 2424 1532 2478 ἁλλὰ
1560 2429 1657 2481 καὶ
1685 2430 1959 2501 ἐπληθύν-

382 2494 946 2569 θησαναὺξανόμενοι.
1016 2506 1238 2574 Ἀδίκως
1268 2513 1324 2567 δέ
1384 2516 1492 2570 εἰσι
1541 2494 1959 2589 μισοῦντεξ,ὠς

370 2584 521 2639 οὶδὲν
548 2588 770 2658 εὔλογον
806 2595 1065 2662 ἐγκαλεῖν
1094 2601 1313 2672 ἔχοντες
1348 2609 1526 2662 αἴτιον
1556 2611 1652 2664 τοῦ
1688 2613 1902 2683 μίσους.

439 2768 507 2817 01
546 2768 1063 2845 ἀνταποδιδόντες
1082 2798 1185 2848 μοι
1216 2785 1375 2838 κακὰ
1397 2784 1531 2839 ἀντὶ
1574 2787 1839 2856 ἀγαθῶν,
1862 2791 1961 2845 ἐν·

357 2857 691 2917 διέϐαλλόν
738 2884 814 2933 με
833 2907 848 2933 ,
910 2870 1042 2924 ἐπεὶ
1106 2876 1474 2933 κατεδίωκον
1530 2881 1953 2951 rimante-25mm

360 2953 541 3008 Τοῦτο
570 2957 658 3012 διὰ
706 2960 799 3014 τὸν
838 2964 1193 3038 Ἀϐεσαλώμ·
1251 2965 1408 3035 οὗτος
1455 2973 1562 3045 γὰρ
1592 2977 1956 3048 ἀμειϐόμενος

358 3050 465 3114 τὴν
510 3048 596 3112 είς
632 3051 793 3105 αὐτὸν
840 3057 1154 3129 ἀγαθότητα
1200 3063 1295 3116 καὶ
1325 3067 1560 3136 στοργὴν
1601 3070 1697 3122 τοῦ
1750 3073 1956 3142 πατρὸς

362 3138 551 3207 φθόνῳ
585 3144 679 3194 καὶ
708 3145 995 3218 ἐπιϐουλῇ,
1021 3150 1326 3204 ὲνδιὲϐαλεν
1369 3155 1535 3209 αὑτὸν
1560 3159 1710 3227 παρὰ
1737 3164 1849 3224 τοῖς
1867 3138 1955 3215 ⁷δι-

361 3231 696 3301 καζομένοις
732 3238 794 3290 ἐν
823 3242 942 3303 ταῖς
970 3242 1239 3311 κρίσεσιν,
1273 3247 1349 3309 ὼς
1378 3249 1563 3303 ἄδικον
1595 3253 1688 3304 καὶ
1717 3255 1955 3322 παράνο-

358 3342 490 3393 μον,
545 3333 1098 3401 προσεταιριζόμενος
1148 3338 1236 3390 ἀεὶ
1289 3341 1417 3403 τοὺς
1457 3343 1754 3408 τοιούτους,
1799 3345 1874 3407 ὡς
1919 3348 1951 3415 ή

359 3417 473 3469 τῶν
526 3418 825 3477 Βασιλειῶν
866 3426 1069 3492 ἐδίδαξε
1107 3428 1309 3498 βίϐλος.
1376 3431 1743 3488 Ἐνδιέϐαλλον
1772 3437 1828 3488 δέ
1860 3454 1950 3505 με,

361 3514 521 3581 φησὶ,
557 3513 693 3568 διότι
741 3515 1033 3586 ὲξεζήτουν
1079 3523 1172 3575 καὶ
1216 3522 1476 3591 ἔστεργον
1529 3526 1631 3597 τὴν
1662 3528 1955 3596 ἀγαθωσύ-

360 3621 484 3671 νίν,
520 3604 616 3656 καὶ
650 3606 751 3659 οὐκ
777 3607 971 3678 ἤθελον
1005 3611 1256 3666 κακῶσαι
1284 3615 1468 3677 αὐτὸν,
1505 3616 1648 3671 οὕτω
1673 3619 1955 3690 διακείμε-

360 3712 453 3747 νον
472 3713 489 3727 ·
522 3696 778 3752 ἐντεῦθεν
805 3701 912 3771 γὰρ
938 3700 1175 3771 ηὔξησεν
1199 3705 1297 3774 τὴν
1319 3708 1605 3778 πονηρίαν,
1630 3711 1727 3764 καὶ
1751 3714 1955 3784 μοχθη-

360 3790 588 3860 ρῖτερος
615 3792 857 3862 γέγονεν.
908 3796 977 3848 Ἢ
1003 3797 1366 3869 ἁγαθωσύνην
1408 3802 1642 3856 ἐνταῦθα
1671 3804 1821 3875 λέγει
1852 3808 1952 3879 τὴν

360 3881 736 3953 δικαιοσύνην.
778 3886 1071 3959 Ἐλοιδόρει
1097 3890 1205 3958 γάρ
1237 3907 1326 3961 με,
1348 3895 1506 3962 φησὶ,
1523 3894 1657 3949 διότι
1681 3915 1954 3970 προτιμη-

360 3971 490 4024 τέαν
522 3973 779 4047 ἡγούμην
833 3978 933 4047 τὴν
990 3977 1362 4052 δικαιοσύνην,
1414 3985 1511 4038 καὶ
1553 3986 1652 4058 οὐχ
1684 3987 1761 4051 ὡς
1785 3989 1951 4054 αὐτὸς

360 4065 598 4133 ἠγάπων
625 4066 726 4138 τὴν
750 4069 990 4126 ἀδικίαν.

429 4253 529 4320 Μὴ
582 4253 1000 4325 ἐγκαταλίπῃς
1038 4273 1139 4344 με,
1195 4261 1374 4327 Κύριε
1422 4264 1458 4317 ό
1496 4264 1642 4330 Θεός
1670 4283 1812 4333 μου,
1858 4265 1947 4335 μὴ

354 4346 637 4416 ἀποστῇς
658 4348 761 4401 ἀπ’
789 4349 955 4418 ἐμοῦ.
996 4350 1338 4422 Μεμὸνωμαι
1364 4355 1473 4425 γὰρ
1498 4356 1779 4427 ἀξιολόγου
1810 4377 1950 4431 συμ-

360 4440 586 4509 μαχίας,
621 4442 717 4495 καὶ
749 4442 808 4494 σὲ
834 4443 1001 4511 μόνον
1019 4443 1128 4516 ἔχω
1155 4444 1352 4516 βοηθὸν
1385 4450 1479 4502 καὶ
1509 4451 1746 4518 φύλακα.

2063 2067 2331 2137 perierem
2385 2069 2715 2126 versiculum
2745 2070 3049 2126 declarant.
3100 2071 3196 2125 Vel
3253 2070 3477 2137 Vivunt,
3550 2072 3653 2125 hoc

1904 2152 1959 2205 ἰ)-
2061 2165 2164 2224 est,
2196 2158 2313 2213 sani
2376 2174 2442 2216 ac
2485 2162 2622 2218 bene
2657 2162 2904 2218 valentes
2959 2170 3127 2228 sum,
3181 2170 3236 2217 et
3293 2162 3457 2228 fortes
3489 2164 3649 2232 ﬁunt.

2061 2251 2169 2307 hoc
2199 2262 2303 2317 est,
2344 2262 2648 2324 augescunt
2673 2255 2911 2311 viribus.

2139 2346 2203 2400 Et
2236 2349 2575 2417 multiplicati
2605 2352 2842 2420 suntqui
2867 2348 3091 2406 oderunt
3131 2365 3213 2404 nte
3265 2348 3482 2419 injuste.
3533 2346 3649 2402 Non

2060 2446 2271 2492 tantum
2303 2441 2495 2494 vivunt
2524 2449 2578 2494 et
2608 2440 2780 2496 fortes
2811 2443 2944 2496 lium
2971 2482 2984 2502 ,
3026 2437 3120 2496 sed
3170 2445 3311 2494 aucti
3361 2448 3414 2495 et
3464 2440 3651 2493 ιιιιιΙιῑ-

2060 2531 2250 2600 plicati
2280 2533 2435 2589 sunt:
2458 2532 2671 2603 lnjusle
2697 2543 2879 2589 autem
2910 2533 3145 2589 oderunt
3193 2548 3278 2586 me
3306 2573 3320 2598 ,
3351 2533 3478 2602 quia
3511 2534 3646 2587 nilnil

2063 2627 2365 2698 legitimum
2421 2628 2664 2694 habent,
2708 2630 2763 2684 in
2817 2632 2928 2699 quo
2970 2643 3057 2683 me
3094 2640 3359 2682 accusare
3389 2628 3645 2696 possint,

2062 2729 2153 2772 aut
2180 2719 2384 2783 dicere,
2421 2720 2645 2791 dignum
2683 2721 2833 2778 odio.

2122 2809 2296 2866 Vens.
2328 2811 2420 2865 2|.
2453 2811 2561 2878 Qui
2604 2812 2903 2866 retribuunt
2947 2812 3081 2865 mihi
3119 2810 3264 2864 mala
3310 2825 3407 2878 pro
3462 2809 3645 2870 bonis,

2059 2901 2406 2957 detrahebant
2432 2904 2584 2969 mihi,
2616 2905 2867 2971 quoniam
2901 2905 3157 2974 sequebar
3188 2902 3503 2956 bonitatem.
3531 2901 3644 2956 Hoc

2059 2993 2191 3048 dicit
2244 3003 2468 3064 propter
2521 2996 2856 3049 Absalonem
2888 3034 2904 3059 ,
2959 2994 3050 3063 qui
3118 2994 3440 3063 benignitati
3477 3002 3644 3063 atque

2059 3092 2230 3145 amori
2265 3103 2493 3161 paterno
2525 3090 2788 3146 invidiam
2819 3100 2983 3161 atque
3017 3090 3248 3145 insidias
3281 3090 3592 3158 rependens
3623 3128 3640 3155 ,

2060 3194 2266 3253 patrem
2300 3184 2763 3247 calumniabatur,
2805 3183 2959 3254 quasi
2990 3184 3239 3251 iniquum
3304 3192 3469 3251 atque
3498 3181 3646 3250 inju-

1983 3298 2024 3355 ο
2059 3287 2203 3329 stum
2244 3288 2444 3344 regem,
2464 3275 2747 3329 attraltens
2776 3287 2943 3342 atque
2973 3272 3220 3328 alliciens
3252 3272 3352 3327 hoc
3381 3285 3541 3342 pacto
3570 3274 3638 3327 ad

2061 3366 2530 3436 conspirationem
2569 3379 2666 3420 cos
2699 3365 2791 3434 qui
2822 3366 2889 3418 ad
2938 3364 3119 3433 regale
3157 3365 3328 3433 patris
3368 3363 3639 3432 judicium

2056 3458 2385 3513 accedebant
2415 3497 2430 3519 ,
2465 3466 2526 3510 ut
2572 3456 2627 3511 in
2689 3456 2843 3512 libris
2907 3454 3116 3526 Regum
3172 3457 3432 3511 traditur.
3476 3456 3638 3511 Caln-

2057 3548 2407 3603 mniubantur
2436 3557 2616 3605 autem
2651 3565 2758 3613 me,
2789 3549 3002 3619 inquit,
3044 3550 3172 3620 quia
3213 3565 3313 3615 ego
3340 3549 3639 3604 bonitatem

2056 3638 2329 3703 sectabar,
2367 3638 2451 3693 vel
2478 3639 2607 3709 quia
2638 3640 2788 3693 illum
2823 3656 2923 3711 ego
2955 3640 3037 3696 sic
3079 3655 3137 3695 se
3187 3650 3462 3711 gerentem
3495 3639 3639 3696 afﬂi-

2055 3741 2182 3796 gere
2232 3741 2297 3779 ac
2325 3727 2598 3797 castigare
2628 3727 2802 3783 nolui.
2833 3726 2973 3782 Hinc
2999 3728 3201 3782 etenim
3232 3728 3383 3782 illius
3420 3743 3639 3798 semper

2055 3819 2228 3889 magis
2263 3820 2435 3874 crevit
2470 3820 2821 3889 perversitas,
2853 3820 2984 3878 hinc
3014 3830 3071 3876 et
3096 3821 3384 3877 scelestior
3422 3836 3516 3876 seu
3545 3837 3641 3890 per

2056 3907 2232 3963 iactus
2263 3917 2366 3965 est.
2402 3908 2516 3972 Vel,
2559 3926 2656 3981 per
2711 3912 3014 3968 bonitatem
3050 3915 3135 3968 hic
3171 3914 3443 3984 justitiam
3475 3914 3637 3967 intel-

2054 3995 2191 4065 ligit.
2224 3996 2651 4052 Conviciabatur
2682 4014 2786 4066 me,
2820 4000 3017 4070 inquit,
3050 4002 3173 4066 quia
3209 4000 3632 4071 prmponendam

2053 4101 2154 4149 ego
2178 4102 2395 4157 semper
2446 4097 2497 4143 et
2532 4089 3018 4158 praeltonorandam
3059 4093 3472 4160 esscjustitiam
3504 4110 3634 4147 ccu-

2051 4176 2161 4242 sui,
2186 4184 2239 4232 et
2268 4178 2393 4244 quia
2423 4177 2542 4246 ejus
2569 4178 2816 4248 exemplo
2842 4178 3163 4247 iniustitiam
3198 4197 3307 4235 non
3337 4182 3526 4236 dilexi.

2122 4268 2287 4324 Vens.
2312 4268 2404 4323 Ξῖ.
2451 4267 2534 4324 Ne
2562 4271 2896 4341 derelinquas
2914 4287 3014 4337 me,
3055 4271 3273 4327 Domine
3293 4274 3429 4329 Deus
3460 4291 3631 4342 meus,

2051 4377 2114 4414 ne
2146 4360 2503 4416 discesserisa
2530 4379 2632 4417 me.
2664 4361 2919 4421 Privatus
2963 4365 3108 4420 enim
3157 4382 3279 4421 sum
3318 4377 3632 4437 opportuno

2049 4453 2199 4507 omni
2235 4454 2463 4522 auxilio,
2497 4463 2553 4510 et
2588 4463 2641 4511 te
2673 4455 2851 4511 solum
2877 4455 3182 4525 adiutorem
3232 4474 3297 4514 ac
3344 4460 3630 4517 custodem

2052 4548 2244 4603 habeo.

422 4625 704 4691 Hpriazec
732 4625 820 4689 είς
849 4623 968 4691 τὴν
990 4625 1288 4693 ,ϐοήθειάν
1306 4645 1450 4697 μου,
1487 4630 1666 4697 Κύριε
1690 4633 1798 4702 τῆς
1826 4648 1942 4689 σω·

2124 4641 2284 4695 Vens.
2314 4640 2404 4696 95.
2445 4640 2664 4696 Intende
2689 4643 2743 4696 in
2799 4643 3126 4714 adiutorium
3185 4663 3377 4716 meum,
3415 4648 3634 4704 Domine

354 4718 567 4782 τηρίας
585 4734 730 4783 μου.
771 4716 1175 4790 Ἐπιμελήθητι
1210 4721 1311 4788 τῆς
1354 4722 1613 4792 βοηθείας
1657 4745 1779 4797 μου.
1854 4730 1942 4795 ἐξ-

351 4813 622 4865 ουσιαστὰ
676 4810 775 4881 τῆς
812 4811 954 4882 ἐμῆς
989 4812 1154 4883 ζωῆς.
1176 4816 1338 4869 Ἀλλὰ
1364 4818 1543 4873 ταῦτα
1563 4821 1663 4889 μὲν
1688 4823 1828 4877 κατὰ
1846 4825 1944 4894 τὴν

349 4902 597 4971 ἱστορίαν
617 4901 834 4972 ἥρμοσε
871 4902 952 4973 τῷ
988 4904 1168 4958 Δαιέίδ·
1195 4906 1426 4976 ἁρμόζει
1468 4911 1524 4963 δὲ
1550 4914 1641 4966 καὶ
1668 4916 1801 4968 πᾶσι
1832 4920 1944 4981 τοῖς

348 4997 408 5047 ὲν
445 4996 774 5064 ἁμαρτίαις,
824 4995 913 5064 ἐφ’
938 4987 1014 5049 ὧν
1061 4998 1248 5066 φίλους
1283 5006 1379 5053 καὶ
1406 5001 1636 5073 πλησίον
1693 5007 1943 5076 εἷποιμεν

350 5090 418 5142 ἂν
454 5091 584 5152 τοὺς
618 5089 863 5157 ἀγαθοὺς
907 5091 1204 5160 ἀγγέλους,
1230 5106 1237 5113 ·
1263 5094 1315 5147 οἶ
1358 5095 1645 5166 χαίροντες
1685 5099 1778 5152 ἐπὶ
1827 5105 1943 5164 τοῖς

350 5181 791 5253 κατορθώμασιν
820 5182 1000 5252 ἡμῶν,
1030 5184 1125 5237 καὶ
1180 5185 1548 5254 φυλάττοντες
1588 5190 1756 5260 ἡμᾶς.
1792 5194 1941 5244 ὲπει-

347 5274 448 5327 δὰν
482 5274 671 5329 ἴδωσιν
700 5276 1158 5345 ἁμαρτήσαντας,
1191 5277 1427 5333 ἐνώπιον
1470 5279 1632 5349 ἡμῶν
1687 5282 1940 5352 ἔρχονται

346 5369 445 5420 καὶ
478 5368 732 5421 ἵστανται
762 5369 1167 5436 στυγνάζοντες
1200 5387 1215 5401 ⁸
1281 5374 1375 5426 καὶ
1430 5372 1660 5440 ἔγγιστα
1722 5377 1940 5446 πρῶτον

345 5458 524 5523 ὄντες,
555 5458 787 5526 ὕστερον
840 5459 1238 5530 μακρύνονται,
1262 5462 1352 5515 διὰ
1387 5464 1485 5534 τὴν
1524 5465 1793 5519 δυσωδίαν
1838 5468 1938 5537 τῆς

352 5551 658 5618 ἁμαρτίας.
693 5549 897 5602 Λοιπὸν
924 5550 979 5603 δὲ
1009 5551 1057 5603 οἱ
1086 5552 1316 5622 πονηροὶ
1344 5551 1599 5622 δαίμονες
1653 5556 1937 5620 ἐκϐιάζον-

343 5660 437 5695 ται
486 5645 637 5713 ἡμᾶς
672 5644 756 5706 εἰς
787 5645 1007 5711 χείρονα
1034 5645 1377 5714 πταίσματα,
1418 5648 1511 5700 καὶ
1566 5648 1820 5704 λαλοῦσιν
1878 5654 1937 5707 ἐν

344 5737 459 5797 τοῖς
487 5735 624 5788 ὠσὶν
652 5735 819 5803 ἡμῶν
860 5735 1089 5803 ἀφανῶς
1122 5735 1315 5804 λόγους
1356 5738 1622 5806 ματαίους
1652 5744 1746 5793 καὶ
1797 5744 1937 5812 φαύ-

349 5826 494 5890 λους,
526 5827 618 5881 καὶ
653 5826 846 5890 δόλους
877 5828 1010 5896 ἡμῖν
1029 5828 1537 5893 κατασκευάζουσιν
1564 5845 1580 5862 ⁶
1635 5834 1683 5884 οἱ
1742 5833 1799 5887 δὲ
1834 5836 1936 5902 τὴν

346 5918 504 5989 νῆιζριν
549 5919 649 5974 τοῦ
717 5918 888 5972 Δαὸὶδ
941 5920 1404 5990 ἀπομιμούμενοι,
1457 5920 1644 5990 βιὲουσι
1699 5923 1770 5977 τὰ
1819 5919 1934 5983 ὦτα

2052 4730 2192 4783 Deus
2225 4731 2417 4785 salutis
2468 4748 2619 4789 mete.
2660 4735 2829 4803 Cura,
2879 4736 3080 4806 inquit,
3152 4746 3210 4791 ut
3273 4740 3502 4807 adjuves
3568 4756 3634 4796 ac

2049 4825 2254 4879 tuearis
2279 4840 2398 4890 me;
2432 4836 2481 4878 te
2504 4826 2652 4890 dico,
2676 4828 2730 4881 in
2755 4828 2917 4896 cujus
2946 4838 3220 4898 potestate
3241 4834 3453 4888 estvita
3485 4850 3626 4889 mea.

2047 4916 2111 4969 Et
2152 4917 2267 4971 haec
2297 4916 2518 4986 quidem
2555 4917 2701 4973 dicta
2726 4929 2857 4974 sunt
2887 4920 3045 4990 juxta
3077 4922 3323 4978 historiae
3349 4940 3571 4981 sensum
3609 4947 3623 4980 :

2040 5005 2198 5074 juxta
2256 5022 2419 5076 quem
2477 5011 2885 5067 accommodari
2929 5025 3164 5083 possunt
3218 5016 3384 5071 verba
3429 5019 3624 5086 psalmi

2046 5099 2207 5153 beato
2256 5097 2446 5155 David.
2514 5101 2829 5172 Congruere
2876 5120 3006 5162 vero
3065 5106 3232 5162 etiam
3302 5117 3481 5178 potest
3538 5111 3628 5163 hic

2046 5189 2293 5259 pSnImus
2324 5192 2585 5248 omnibus
2621 5194 2877 5252 ﬁdelibus
2917 5198 3007 5267 qui
3069 5199 3122 5253 in
3181 5201 3431 5267 peccatis
3492 5216 3627 5254 con-

2043 5281 2224 5336 stituti
2257 5293 2407 5339 sunt.
2440 5282 2605 5339 Juxta
2659 5302 2824 5356 quem
2875 5303 3098 5343 sensum
3154 5302 3251 5356 per
3307 5291 3516 5343 amicos
3571 5301 3625 5343 et

2043 5374 2328 5442 proximos
2360 5377 2589 5447 angelos
2620 5378 3086 5449 bonosintellige,
3147 5380 3239 5449 qui
3300 5382 3623 5438 custodiunt

2043 5479 2165 5528 nos,
2200 5467 2459 5522 etlaatari
2508 5483 2573 5522 ac
2604 5471 2844 5539 gaudere
2892 5470 3077 5525 solent
3126 5471 3180 5525 in
3234 5471 3302 5528 iis
3364 5474 3621 5529 omnibus

2041 5571 2161 5626 quae
2183 5573 2279 5628 per
2301 5561 2560 5616 virtutem
2584 5576 2614 5614 a
2641 5563 2802 5616 nobis
2815 5561 3310 5630 administrantur;
3334 5574 3386 5618 ct
3403 5573 3619 5629 contra,

2040 5649 2259 5717 quoties
2284 5665 2387 5706 nos
2413 5665 2641 5719 peccare
2677 5653 2933 5716 viderint,
2958 5652 3186 5709 veniunt
3205 5664 3258 5710 et
3306 5658 3620 5714 consistunt

2042 5757 2230 5796 coram
2288 5743 2448 5798 nobis
2476 5743 2662 5799 tristes
2694 5759 2757 5798 ac
2794 5747 3015 5811 moesti;
3052 5755 3109 5801 et
3163 5750 3339 5817 primo
3397 5754 3619 5821 quidem

2041 5836 2271 5904 propius
2307 5836 2578 5891 assistunt
2606 5852 2622 5903 ;
2655 5836 2854 5893 deinde
2879 5853 3011 5894 vero
3044 5840 3116 5894 ob
3169 5857 3387 5907 gravem
3426 5861 3618 5914 pecca-

2040 5936 2222 5982 torum
2256 5927 2518 5983 olentiam
2550 5943 2580 5983 a
2610 5928 2772 5985 nobis
2803 5930 3079 5988 absistunt
3127 5949 3139 5985 :
3176 5934 3323 5991 unde
3378 5947 3621 6004 postum-
