4078 6418
411 444 504 506 441

1573 449 1960 508 CUMMENT.
2004 449 2086 507 ΙΝ
2121 450 2480 512 PSALMOS.

3573 449 3686 512 442

481 566 591 620 Καὶ
633 567 700 620 τὸ
732 567 982 638 ἄλγημά
1001 586 1120 638 μου
1147 567 1565 634 circumit-[0011.
1607 568 1714 622 Καὶ
1740 568 1768 621 ὁ
1797 568 1882 620 διὰ
1903 569 2002 632 τὰς

2181 568 2248 622 Et
2280 571 2435 624 dolor
2468 587 2612 624 meus
2659 581 2944 624 renovatus
2994 577 3091 624 est.
3147 568 3213 622 Et
3270 569 3448 632 dolor,
3490 569 3692 642 inquit,

412 659 688 728 ἁμαρτίας
725 679 830 730 μου
858 662 1020 723 πόνος
1066 659 1420 729 ἀνεκαινίσθη
1449 661 1521 730 τῇ
1589 659 1779 730 μνήμῃ
1818 675 1833 690 ο
1877 659 1999 712 τότε

415 753 522 821 γάρ
551 753 728 820 ἔγνων
758 755 968 820 σαφῶς,
999 755 1082 806 ὅτι
1110 753 1268 817 δίκας
1322 752 1454 806 τίνω
1508 752 1616 806 τῶν
1666 752 1999 822 πεπλημμε-

415 844 476 913 λη
485 844 686 910 μένων.

483 937 862 1006 Ἐ’θερμάνθη
889 939 928 1005 ἠ
968 937 1186 1005 καρδία
1233 955 1354 1006 μου
1383 938 1558 1004 ἐντός
1609 957 1749 1008 μου.
1815 935 2005 1010 Ὕϐρι-

413 1031 666 1099 ζόμενος,
695 1030 992 1100 ὲπυρὼθην
1017 1031 1122 1084 ὑπὸ
1145 1030 1242 1083 τοῦ
1280 1030 1455 1101 θυμοῦ
1481 1047 1496 1061 ·
1562 1030 2002 1100 ἐμακροθύμησσι

409 1121 488 1172 δέ.
537 1119 726 1183 Ἐντός
765 1139 869 1189 μου
899 1121 955 1173 δὲ
982 1119 1126 1186 εἶπε,
1163 1122 1341 1192 δηλῶν
1380 1124 1464 1176 ὅτι
1487 1123 1588 1175 οὐκ
1643 1121 1872 1192 ἐξέφηνε
1904 1122 2002 1174 τὸν

411 1212 586 1280 θυμόν
610 1229 626 1243 ο
661 1212 721 1265 τὸ
747 1212 848 1284 μὲν
874 1213 986 1284 γὰρ
1011 1214 1084 1282 μὴ
1131 1215 1324 1268 παθεῖν
1381 1214 1518 1278 ὅλως
1565 1215 1716 1283 παρὰ
1743 1213 1855 1283 (41)
1895 1213 1995 1284 τὴν

413 1303 598 1374 ὕϐριν,
680 1305 892 1359 τελείου
923 1321 939 1337 ο
1015 1307 1079 1360 τὸ
1147 1306 1205 1360 δὲ
1261 1307 1456 1377 πράως
1521 1308 1792 1376 ἐνεγκεῖν,
1857 1323 1994 1375 προσ

413 1396 735 1461 κόπτοντος.

2107 663 2202 725 uui
2240 662 2372 714 mihi
2399 662 2466 716 de
2504 663 2741 728 peccatis
2773 663 3041 730 provenit,
3102 676 3166 716 ea
3214 660 3478 715 memoria
3533 677 3696 716 reno-

2109 763 2268 809 vatus
2319 765 2422 809 est.
2465 755 2621 809 Tunc
2667 755 2814 808 enim
2876 755 3168 809 manifeste
3199 753 3428 823 cognovi
3464 769 3550 810 me
3581 770 3694 824 pato-

2110 861 2210 899 nas
2241 847 2567 900 delictorum
2599 847 2771 900 luere.

2181 939 2348 996 Vens.
2383 943 2437 996 4.
2465 941 2797 1010 Calefaclum
2826 951 2902 995 est
2940 958 3032 994 cor
3063 958 3234 995 meum
3267 943 3412 994 intra
3437 958 3538 996 me.
3557 941 3693 995 Cum

2107 1031 2350 1085 alliceret
2377 1047 2464 1084 me
2486 1029 2666 1085 Semei
2692 1031 3051 1096 contumelia,
3087 1032 3308 1086 tametsi
3339 1032 3391 1086 id
3424 1031 3696 1100 patienter

2103 1123 2344 1187 tulerim,
2397 1139 2506 1192 prie
2537 1124 2615 1177 ira
2647 1132 2826 1178 tamen
2858 1124 3000 1178 intra
3033 1140 3119 1179 me
3147 1124 3516 1178 inllatnmatus
3546 1139 3692 1178 sum.

2097 1216 2244 1270 lntra
2284 1232 2372 1270 me
2413 1228 2594 1272 autem
2620 1219 2776 1283 dixit,
2829 1228 2890 1272 ut
2942 1216 3254 1272 ostenderet
3301 1217 3445 1286 quod
3505 1217 3697 1286 hujus-

2096 1309 2242 1362 tuodi
2266 1310 2402 1363 iram
2427 1312 2672 1365 externis
2695 1325 2804 1366 non
2823 1310 3242 1366 demonstravit.
3267 1309 3538 1365 Cancrum
3558 1307 3694 1363 illud

2107 1400 2327 1467 perfecti
2383 1401 2624 1456 hominis
2654 1412 2761 1464 est,
2794 1410 2851 1456 et
2889 1402 3156 1458 absolutae
3193 1417 3420 1472 prorsus
3446 1399 3694 1477 virtutis,

411 1493 456 1549 si
508 1492 904 1547 contumeliam
960 1494 1190 1548 omnino
1243 1509 1354 1548 non
1386 1494 1613 1557 sentiat,
1663 1503 1718 1549 et
1745 1509 1811 1548 ex
1865 1508 1930 1548 ea
1960 1491 2098 1546 nihil
2151 1507 2382 1563 prorsus
2440 1498 2681 1564 patiatur
2725 1511 2740 1547 :
2777 1493 2926 1563 quod
2961 1494 3005 1548 si
3038 1496 3164 1562 quis
3201 1496 3429 1557 Sentiat,
3457 1493 3702 1548 modeste

412 1586 596 1638 lamen
624 1598 688 1636 ac
711 1593 996 1640 mansuete
1025 1601 1147 1640 eam
1191 1587 1456 1656 perferat,
1498 1588 1766 1658 prolicere
1797 1587 1843 1642 is
1877 1585 2147 1641 dicendus
2175 1594 2262 1641 est
2315 1588 2368 1640 in
2402 1587 2625 1650 virtute,
2673 1588 2891 1642 tametsi
2933 1587 3113 1641 adhuc
3145 1586 3419 1657 perlectus
3449 1603 3556 1642 non
3603 1585 3695 1642 sit.

486 1678 596 1733 Καὶ
648 1679 718 1732 ἐν
761 1677 836 1746 τῇ
912 1679 1137 1749 μελέτῃ
1201 1699 1322 1751 μου
1371 1681 1814 1747 ἐκκαυθήσεται
1859 1681 1999 1750 πῦρ.

415 1774 530 1826 Καὶ
582 1773 644 1826 ἑν
705 1772 787 1844 τῷ
823 1773 1054 1844 μελετᾷν
1089 1792 1156 1845 με
1191 1775 1288 1829 καὶ
1323 1776 1618 1830 ἀναπολεῖν
1667 1775 1703 1829 ἃ
1743 1776 2000 1846 πέπραχα

408 1866 650 1937 πονηρὰ,
721 1868 818 1920 καὶ
884 1867 920 1920 ἃ
983 1869 1180 1938 πάσχω
1270 1869 1442 1928 δεινὰ.
1525 1869 1614 1922 ἀεὶ
1693 1870 2002 1938 ἀναφλεγή’

2179 1678 2249 1732 Et
2273 1679 2328 1733 in
2372 1680 2714 1734 meditatione
2765 1696 2881 1732 mea
2942 1677 3249 1732 exardescet
3303 1679 3465 1748 ignis.
3521 1677 3700 1732 Medi-

2108 1777 2298 1838 tando,
2335 1774 2534 1843 inquit,
2587 1782 2642 1826 et
2704 1773 3035 1827 revolvendo
3089 1787 3256 1840 prava
3327 1786 3518 1840 opera,
3574 1787 3701 1840 quae

2105 1868 2382 1932 commisi,
2417 1875 2471 1921 et
2501 1867 2642 1920 maia
2671 1881 2793 1935 qnte
2822 1866 3024 1933 patior,
3061 1880 3279 1934 semper
3325 1880 3410 1919 me
3441 1865 3696 1919 dolorum

407 1960 567 2013 σεται
654 1977 746 2030 μοι
825 1961 938 2030 πῦρ
1013 1959 1215 2029 λύπης,
1296 1961 1600 2032 ὲμπιπρῶν
1673 1961 1775 2031 τὴν
1856 1961 1998 2034 ἐμὴν

2109 1977 2348 2016 meorum
2407 1961 2550 2029 ignis
2600 1960 2982 2024 inliammabit,
3008 1967 3062 2013 et
3103 1959 3298 2013 animae
3354 1957 3700 2013 meaeincen-

405 2054 610 2122 ψυχήν·

480 2145 802 2210 Ἐλὰλησα
832 2145 903 2200 ἐν
939 2147 1195 2215 γλώσσῃ
1244 2162 1385 2214 μου.
1441 2144 1588 2216 ῐῐρδς
1626 2146 1726 2214 μὲν
1759 2145 1851 2198 τὸν
1910 2146 2002 2215 ἔχε

414 2239 544 2309 ἱερὸν
576 2281 591 2303 ,
632 2239 857 2307 ἐσίγησε
882 2256 894 2269 ·
926 2238 1064 2308 πρὸς
1098 2239 1154 2290 δὲ
1199 2237 1291 2290 τὸν
1356 2238 1515 2304 Θεὸν,
1556 2238 1839 2308 ἐλάλησεν.
1911 2237 2002 2289 Ἐν

419 2328 635 2400 γλώσσῃ
659 2345 764 2395 μου
796 2327 965 2390 δέ,ὠς
1020 2329 1076 2380 ὲν
1124 2327 1461 2400 ψιθυρισμῷ.
1524 2324 1656 2382 Εἶτα
1710 2327 1858 2396 λέγει
1905 2328 2002 2381 ttat

428 2420 478 2472 τί
509 2421 748 2488 ὲλάλησε.

484 2697 803 2766 Γνώρισόν
857 2715 984 2766 μοι,
1039 2698 1238 2767 Κύριε,
1295 2698 1361 2751 τὸ
1415 2695 1602 2768 πέρας
1665 2717 1805 2768 μου.
1860 2699 2002 2754 Πότε

408 2791 603 2855 ισται,
662 2790 696 2862 ἢ
757 2791 943 2844 ὁποῖον
1019 2789 1174 2844 ἔσται
1210 2808 1225 2822 ·
1290 2791 1472 2862 Μέχρι
1549 2790 1658 2861 γὰρ
1748 2793 1879 2846 πότε
1935 2792 2005 2846 τὰ

408 2883 637 2955 λυπηρά
664 2898 680 2946 ;

483 2980 597 3033 Kal
628 2977 733 3032 τὸν
746 2977 999 3046 ἀριθμὸν
1018 2975 1139 3031 τῶν
1160 2977 1397 3046 ἡμερῶν
1421 2995 1540 3048 μου
1562 2979 1653 3045 τίς
1674 2980 1870 3047 ἐστιν,
1905 2981 2007 3035 ἵνα

409 3071 560 3142 γνῶ,
587 3073 646 3126 τί
693 3069 951 3139 ὑστερῶ.
999 3071 1111 3126 Καὶ
1145 3070 1416 3142 γνώρισόν
1485 3089 1577 3141 μοι
1641 3071 1733 3126 τὸν
1772 3073 2008 3144 ἀριθμὸν

411 3166 527 3219 τῶν
549 3164 776 3234 ἡμερῶν
799 3164 904 3234 τῆς
939 3165 1068 3231 ὅλης
1100 3181 1204 3234 μου
1253 3164 1415 3234 ζωῆς,
1463 3165 1631 3229 πόσος
1677 3167 1793 3221 ἐστὶ
1869 3169 2008 3238 σύμ-

413 3275 550 3321 πας,
585 3257 672 3309 ἵνα
703 3255 1126 3328 συναριθμήσας
1163 3253 1233 3309 τὰ
1270 3255 1364 3324 ἔτη
1399 3255 1502 3310 ὅσα
1529 3257 1692 3327 μέχρι.
1758 3260 1851 3312 τοῦ
1907 3261 2004 3315 νῦν

414 3347 611 3417 ἔζησα,
642 3346 954 3417 γνώσωμαι
993 3349 1052 3400 τδ
1071 3345 1262 3401 λοιπόν
1283 3362 1296 3376 ·
1328 3346 1389 3400 τὸ
1420 3347 1531 3416 γὰρ
1563 3349 1765 3417 μέτρον
1792 3349 1998 3416 μαθὼν,

413 3441 476 3494 οὐ
529 3438 632 3510 τὴν
675 3437 952 3508 τυχοῦσαν
992 3437 1246 3491 ἐντεῦθεν
1310 3438 1416 3503 ἔξω
1479 3438 1839 3510 παραμυθίαν
1895 3438 2004 3492 τῶν

417 3531 786 3600 ἐπαγομένων
813 3545 904 3598 μοι
929 3528 1255 3599 συμφορῶν.

487 3623 644 3678 Ἰδοὺ
669 3621 1011 3688 παλαιστὰς
1053 3620 1197 3677 ἔθου
1229 3622 1336 3686 τὰς
1365 3621 1591 3691 ἡμέρας
1616 3640 1757 3692 μου.
1813 3623 2005 3692 Μέτρα

414 3715 505 3770 διὰ
518 3715 702 3785 χειρός
724 3717 885 3776 εἰσιν,
907 3713 1128 3784 ὀργυιὰ,
1153 3713 1358 3785 πῆχυς,
1380 3715 1710 3782 παλαιστὴς,
1732 3715 2002 3787 σπιθαμή.

419 3811 608 3863 Ἔστιν
632 3804 728 3862 οὖν
751 3809 779 3861 ὁ
799 3805 1107 3876 παλαιστὴς
1140 3807 1202 3860 τὺ
1226 3807 1444 3861 πάντων
1467 3808 1674 3862 τούτων
1702 3809 2004 3880 ἐλάχιστον,

415 3903 475 3964 ὃς
534 3899 886 3954 ἀποτελεῖται
942 3901 1011 3969 τῇ
1041 3900 1318 3970 συμπήξει
1373 3900 1538 3969 μόνον
1578 3901 1688 3954 τῶν
1720 3903 2007 3970 τεσσάρων

415 3993 726 4057 δακτύλων,
752 3991 1118 4062 τριτημόριον
1150 3991 1210 4046 ὃν
1235 3990 1338 4059 τῆς
1373 3991 1672 4063 σπιθαμῆς.
1711 3994 1810 4048 Διά
1849 3994 2008 4050 τοῦτο

414 4084 600 4137 τοίνυν
627 4084 728 4152 τὴν
753 4083 1049 4153 ὀλιγότητα
1073 4083 1167 4137 τοῦ
1189 4084 1397 4154 μέτρου
1423 4085 1524 4154 τῆς
1540 4085 1828 4139 ἐπιλοίπου
1859 4087 2008 4156 ζωῆς

416 4174 588 4229 αὐτοῦ
638 4175 1012 4245 παρέστησεν,
1048 4175 1356 4238 παλαιστὰς
1404 4176 1579 4230 είπὼν
1629 4177 1728 4240 τὰς
1759 4179 2005 4248 ἡμέρας,

419 4269 544 4324 ἀντὶ
562 4268 682 4333 τοῦ,
712 4268 1038 4339 ἐλαχίστους
1066 4271 1148 4332 εἰς
1169 4269 1391 4338 μέτρον,
1412 4269 1490 4332 ὡς
1512 4270 1609 4322 καὶ
1635 4270 1663 4323 ό
1686 4270 2006 4341 παλαιστής.

418 4362 491 4416 Ἣ
523 4363 900 4427 Παλαιστὰς,
931 4361 1055 4415 ἀντὶ
1083 4361 1203 4423 τοῦ,
1237 4360 1628 4429 Ἐναγωνίους,
1656 4362 2007 4433 ἐπιμόχθους,

418 4453 600 4522 πάλης
634 4453 863 4522 μεστάςο
895 4451 1047 4518 λέγει
1074 4450 1152 4516 δὲ,
1188 4451 1264 4514 ὡς
1292 4453 1530 4522 εἴρηται,
1569 4453 1668 4516 τὰς
1701 4452 1966 4518 λιπούσας
1994 4495 2009 4520 ,

419 4544 516 4597 καὶ
557 4544 644 4598 δτι
676 4541 858 4610 ὀλίγον
889 4540 1216 4611 ἑπιξήσεται
1265 4539 1374 4594 οἶδε
1398 4559 1414 4576 ο
1456 4543 1592 4611 φησὶ
1609 4541 1718 4612 γὰρ
1743 4545 1800 4596 ἐν
1835 4542 2013 4612 ἑτέρῳ

2103 2053 2251 2106 dium
2287 2051 2526 2119 augebit.

2174 2141 2343 2197 Vens.
2376 2143 2430 2198 ὅ.
2473 2140 2704 2198 Locutus
2733 2159 2850 2196 sum
2873 2143 2926 2196 in
2955 2143 3136 2211 lingua
3172 2157 3311 2196 mea.
3350 2139 3484 2209 Erga
3509 2141 3698 2195 inimi-

2103 2251 2228 2289 cum
2260 2235 2479 2303 quidem
2511 2235 2702 2299 tacuit,
2765 2243 2824 2287 ut
2875 2234 3156 2288 vidimus:
3211 2233 3278 2287 ad
3342 2231 3511 2287 Deum
3567 2247 3700 2287 vero

2105 2328 2329 2382 loeutus
2364 2335 2468 2382 est.
2514 2327 2748 2396 thuod
2796 2327 2873 2380 ait
2903 2368 2918 2392 ,
2975 2329 3029 2381 in
3082 2328 3270 2396 lingua
3338 2343 3480 2390 mea,
3553 2326 3696 2380 idem

2106 2434 2256 2474 nunc
2293 2419 2397 2472 sibi
2425 2419 2561 2482 vult,
2608 2433 2674 2471 ac
2705 2417 2750 2472 si
2813 2416 3042 2480 diceret,
3109 2416 3328 2480 sensim,
3386 2415 3594 2484 quiete,
3627 2428 3693 2468 ac

2103 2513 2261 2582 quasi
2294 2513 2347 2566 in
2375 2527 2606 2566 susurro
2636 2511 2857 2566 locutus
2891 2526 3037 2566 sum.
3085 2509 3292 2564 Deinde
3349 2507 3506 2573 dicit,
3557 2503 3692 2575 quid

2105 2607 2328 2660 loeutus
2357 2607 2451 2660 sit.
2899 2624 2901 2626 ·

2181 2699 2382 2754 Notum
2409 2695 2497 2766 fac
2523 2697 2670 2759 milii,
2695 2696 2939 2760 Domine,
2994 2696 3154 2764 ﬁnem
3198 2711 3390 2748 nteant.
3467 2692 3698 2758 Quando

2106 2791 2232 2857 erit,
2269 2799 2364 2844 aut
2395 2789 2574 2859 qualis
2605 2789 2730 2844 erit.
2765 2786 3074 2857 Usqueqno,
3107 2786 3309 2856 inquit,
3353 2784 3531 2841 tristia
3570 2800 3694 2855 per-

2108 2879 2479 2936 severabunt?

2182 2973 2551 3027 Etnumerum
2579 2971 2784 3024 dierum
2818 2985 3054 3024 meorum
3120 2965 3236 3034 quis
3284 2975 3387 3032 est,
3429 2975 3485 3018 ut
3533 2966 3700 3020 scions

2108 3067 2236 3137 quid
2256 3066 2390 3121 desit
2425 3065 2572 3118 mihi.
2632 3063 2891 3134 Signilica
2927 3061 3084 3122 mihi,
3153 3059 3360 3128 inquit,
3405 3073 3697 3112 numerum

2109 3161 2320 3215 dierum
2350 3158 2520 3213 totius
2551 3157 2680 3211 vita:
2715 3169 2866 3216 mete.
2921 3162 3128 3224 quotus
3180 3153 3253 3208 sit
3288 3154 3605 3216 universus,
3638 3158 3701 3205 ut

2110 3251 2524 3309 connumeratis
2588 3250 2750 3304 annis
2811 3249 2966 3311 meis,
3001 3261 3370 3315 quoscunque
3433 3244 3702 3298 hactenus

2107 3347 2240 3410 vixi,
2266 3345 2439 3400 sciam
2475 3343 2618 3412 quod
2647 3340 2924 3409 reliquum
2961 3345 3067 3393 est.
3125 3333 3260 3390 Nam
3307 3336 3352 3390 si
3378 3348 3698 3388 mensuram

2110 3453 2378 3492 annorum
2454 3437 2674 3491 illorum
2748 3431 3016 3494 didicero,
3083 3444 3192 3483 non
3253 3429 3532 3498 vulgarent
3567 3425 3702 3481 inde

2107 3530 2538 3586 consolationem
2573 3525 2785 3582 habebo
2815 3527 2870 3579 in
2899 3523 3315 3580 calamitatibus
3350 3522 3510 3576 meis.

2107 3662 2110 3664 η
2178 3623 2345 3678 Vens.
2377 3621 2430 3675 6.
2487 3619 2622 3674 Ecce
2665 3615 3054 3673 mettsumbiles
3105 3614 3330 3681 posuisti
3372 3614 3484 3667 dies
3530 3629 3698 3666 meos.

2109 3714 2291 3788 [Quod
2329 3715 2602 3783 interpres
2636 3710 3035 3766 mensurabiles
3071 3707 3206 3762 dixit
3235 3707 3289 3761 in
3328 3705 3522 3762 Graeco
3574 3705 3705 3776 legi-

2112 3825 2233 3864 mus
2250 3806 2580 3870 παλαιστὰς,
2603 3820 2766 3875 quam
2791 3804 3086 3859 dictionem
3107 3800 3262 3871 juxta
3283 3816 3452 3854 unum
3477 3813 3700 3853 sensum

2112 3899 2307 3956 Latine
2344 3899 2529 3954 dicere
2561 3910 2883 3967 possumus,
2915 3893 3207 3964 palmares.
3265 3890 3466 3945 Verum
3502 3899 3559 3944 ut
3591 3889 3707 3943 cla.

2111 3992 2228 4046 rius
2269 3989 2555 4059 Pmphette
2611 3994 2847 4041 mentem
2900 3985 3194 4054 percipias,
3258 3979 3545 4039 sciendum
3593 3991 3700 4046 est,

2112 4081 2286 4152 quod]
2342 4081 2507 4134 varia:
2538 4087 2666 4132 sunt
2715 4092 3010 4141 mensurae,
3037 4092 3158 4145 qua:
3184 4073 3438 4130 manibus
3468 4069 3583 4125 fieri
3613 4085 3705 4126 sa-

2110 4176 2248 4229 lent.
2279 4171 2419 4227 Ulna
2469 4170 2751 4231 videlicet,
2802 4167 3047 4230 cubitus,
3073 4165 3309 4235 palmus,
3340 4171 3394 4217 et
3427 4163 3652 4232 palteste
3683 4180 3698 4218 :

2113 4266 2181 4319 de
2213 4279 2318 4333 qua
2353 4279 2499 4317 nunc
2523 4260 2773 4332 loquitur
2803 4257 3099 4327 Propheta,
3144 4265 3198 4311 et
3233 4271 3397 4326 quam
3433 4269 3536 4308 nos
3585 4254 3703 4324 pal-

2116 4371 2259 4410 mam
2312 4354 2495 4410 dicere
2549 4367 2868 4424 possumus.
2917 4349 3226 4406 Conlicitur
3255 4357 3434 4403 autem
3481 4346 3708 4416 palarste

2120 4465 2218 4506 seu
2273 4449 2476 4519 palma,
2540 4446 2934 4516 conjunctione
2994 4452 3236 4512 quatuor
3283 4440 3606 4510 digitorum,
3648 4447 3705 4494 et

2117 4550 2202 4597 est
2233 4541 2399 4596 tertia
2437 4555 2564 4611 pars
2594 4539 2780 4609 palmi,
2814 4545 2868 4591 et
2899 4537 3109 4591 minina
3139 4544 3224 4590 est
3271 4535 3516 4589 omnium
3550 4547 3707 4586 men-

412 4631 656 4704 ψαλμῷ·
700 4631 822 4701 Τὴν
850 4632 1176 4701 ὀλιγότητα
1229 4631 1350 4685 τῶν
1385 4631 1622 4702 ἡμερῶν
1662 4651 1778 4704 μου
1831 4633 2004 4703 ἀνάγ-ε

2119 4649 2270 4690 sura.
2328 4631 2444 4687 Hoc
2503 4631 2722 4686 nomine
2747 4629 2912 4700 igitur
2949 4627 3282 4697 paucitatem
3326 4624 3539 4680 dierum
3579 4623 3709 4679 vita:

414 4725 629 4794 τειλόν
655 4740 781 4792 μοι.
840 4723 1018 4776 Πόσον
1054 4723 1111 4776 δὲ
1145 4723 1299 4777 ἔσται
1327 4723 1390 4778 τὸ
1434 4724 1639 4792 ὀλίγον,
1669 4727 1876 4792 ἀγνοεῖ,
1913 4725 2004 4778 καὶ

2120 4741 2234 4780 suae
2263 4723 2587 4786 declaravit,
2615 4722 2888 4791 palmares
2920 4718 3203 4788 appellans
3225 4717 3344 4772 dies
3367 4732 3520 4780 suos,
3547 4715 3708 4782 quasi

411 4815 580 4870 τοῦτο
644 4813 802 4884 ζητεί
849 4814 1064 4884 μαθεῖν.
1147 4815 1359 4884 Ὀλίγον
1405 4815 1464 4868 δὲ
1506 4816 1667 4870 καλεῖ
1719 4816 1778 4868 τὸ
1823 4816 2012 4871 λεῖπον

417 4908 561 4979 πρὸς
623 4909 921 4976 σύγκρισιν
964 4907 1062 4961 τοῦ
1114 4907 1359 4978 πλήθους
1392 4908 1501 4961 τῶν
1557 4908 2014 4980 παρεληλυθότων

418 4997 696 5051 ἐνιαυτῶν
725 4997 829 5065 τῆς
859 4995 1008 5064 ζωῆς
1051 4992 1244 5054 αὑτοῦ.
1278 4998 1400 5068 Χρὴ
1427 4999 1484 5052 δὲ
1504 4998 1797 5067 γινώσκειν
1835 5001 1917 5054 ὅτι
1953 4999 2014 5053 τὸ

413 5091 573 5153 ιδοὺ.
611 5091 900 5162 ἐπίρρημα
934 5091 1034 5161 μέν
1069 5093 1188 5145 ἐστι
1209 5107 1223 5123 ·
1268 5087 1536 5164 κέχρηται
1565 5093 1620 5146 δὲ
1654 5092 1830 5166 τούτῳ
1863 5111 2016 5147 συνεο

2122 4821 2382 4871 mensura
2437 4813 2684 4868 modicos
2748 4827 2813 4867 ac
2863 4811 3104 4874 breves;
3159 4816 3214 4864 et
3275 4807 3403 4878 quia
3463 4806 3708 4860 diximus

2121 4905 2414 4960 dictionem
2436 4903 2744 4965 παλαιστὰς
2771 4903 2942 4956 alium
2994 4916 3218 4957 sensum
3250 4915 3410 4970 posse
3444 4898 3706 4963 recipere,

2121 4997 2352 5052 alteram
2387 5001 2792 5064 consequenter
2826 4993 3084 5049 versiculi
3127 4993 3420 5047 lectionem
3466 4987 3706 5054 attitth-

2123 5102 2272 5151 mus,
2311 5086 2468 5156 juxta
2501 5101 2664 5155 quam
2717 5085 2898 5155 legere
2941 5097 3232 5154 possumus
3263 5098 3279 5136 :
3314 5079 3452 5130 Ecce
3476 5085 3704 5128 conten-

415 5183 530 5253 χῶς
569 5184 605 5253 ἡ
627 5183 741 5237 τῶν
781 5181 1053 5254 Ἐσραίων
1084 5183 1366 5248 διάλεκτος
1390 5201 1406 5218 θ
1437 5184 1693 5257 σημαίνει
1724 5164 1808 5249 δὲ,
1841 5186 2004 5238 καθο⁴

2120 5179 2293 5234 tiosos
2323 5193 2416 5232 seu
2465 5177 2770 5232 laboriosos
2804 5174 3032 5244 posuisti
3071 5173 3190 5228 dies
3246 5183 3431 5225 meos;
3467 5164 3570 5216 IIOC
3595 5169 3698 5222 est.

417 5273 942 5345 λικώτερσνείπεῖν,
975 5273 1008 5346 ἢ
1033 5276 1224 5342 δεῖξιν,
1255 5275 1288 5346 ἢ
1328 5254 1629 5348 ἐγγύτητα.
1671 5277 1799 5331 Ἐπὶ
1827 5277 1883 5330 δὲ
1913 5276 2004 5330 τοῦ

2119 5273 2438 5330 certaminis
2458 5287 2521 5327 ac
2546 5287 2740 5342 pugna;
2771 5272 2960 5340 plenos
2985 5264 3340 5340 [descendere
3360 5256 3507 5348 enim
3529 5254 3695 5307 etiam

420 5344 722 5435 παρόντος,
783 5364 868 5429 τὸ,
920 5344 1006 5428 ὡς*
1025 5369 1181 5438 ὁρᾷς,
1213 5344 1386 5437 δηλοῖ,
1410 5344 1560 5438 ήὸπερ
1605 5368 1723 5421 ἐστὶ
1767 5367 2004 5435 δείξεως,

2117 5373 2300 5438 potest
2326 5381 2388 5421 ea
2442 5364 2612 5420 dictio
2641 5381 2672 5420 a
2706 5365 2980 5435 palaestra,
3015 5372 3137 5428 qua:
3164 5362 3271 5405 tam
3302 5345 3442 5417 apud
3464 5344 3697 5438 graecos

417 5457 618 5528 ὥσπερ
675 5458 842 5512 πάλιν
890 5435 1194 5528 ἐγγύτητος
1225 5435 1330 5512 τό·
1372 5435 1714 5528 Παρῆλθον,
1739 5459 1840 5515 καὶ
1876 5459 2004 5514 ὶὸοὺ

2115 5435 2280 5530 quam
2320 5459 2461 5526 apud
2494 5456 2721 5512 Latinos
2750 5452 3107 5510 luctationem
3147 5439 3439 5512 signiﬁcat.
3461 5435 3519 5490 In
3550 5436 3702 5503 lucta

418 5551 533 5606 οὐκ
559 5546 642 5621 ἦν
668 5567 684 5582 ·
703 5549 946 5619 ὲγγύτης
965 5551 1077 5621 γὰρ
1110 5552 1326 5623 χρόνον,
1352 5552 1412 5606 τὸ
1444 5554 1648 5620 εὐθύς.

2120 5565 2326 5618 autem,
2356 5553 2545 5608 labore
2579 5567 2644 5606 ac
2696 5547 3060 5605 contentione.
3094 5538 3260 5593 multa
3301 5530 3530 5604 utimur}
3560 5572 3574 5586 .
3607 5530 3696 5585 Inv.

422 5642 619 5714 telligit
660 5651 872 5708 autem,
910 5656 966 5698 ut
991 5645 1259 5714 diximus,
1301 5645 1577 5718 Propheta
1612 5647 1854 5720 reliquos
1895 5647 2017 5704 vitae
2057 5662 2170 5704 sua:
2197 5646 2548 5714 dics,dicens
2573 5643 2718 5715 quod
2746 5655 2910 5713 parvo
2934 5634 3152 5708 quidem
3217 5640 3458 5699 tempore
3522 5625 3698 5693 victu;

1757 5818 1959 5891 Varia:
2002 5820 2329 5895 lectiones.

493 5923 604 6000 (ιι)
640 5923 729 5977 Ai.
769 5921 926 5996 1:96;.
