4078 6416
366 428 398 488 ί
414 430 475 490 ιλ
810 486 815 490 _
1612 413 2000 477 EUTHYMII
2026 407 2393 473 ZlGABENI
3531 383 3637 451 444

369 558 488 594 "illi
522 554 580 591 se.
606 537 752 591 novit
787 547 1092 601 ;atiainen,
1116 532 1261 604 quod
1289 533 1526 604 ignorat',
1558 541 1762 597 utiauta
1788 532 1972 585 futura
2015 530 2087 585 sit
2115 529 2228 583 haec
2248 524 2497 597 paucitas
2527 518 2828 587 temporis:
2856 527 2911 572 et
2929 517 3053 571 ideo
3075 515 3207 570 alibi
3251 514 3413 566 c'iam
3458 510 3591 604 dicit
3618 516 3635 553 ε

372 634 700 686 Pmiritntem
757 632 964 682 dierum
1001 645 1233 683 meorum
1313 627 1504 681 nuntia
1580 626 1707 680 mihi
1727 627 1769 691 °;
1824 634 1882 681 et
1929 626 2034 679 hoc
2074 631 2176 688 est,
2211 621 2357 692 quod
2414 618 2469 673 in
2522 614 2776 686 prteseuti
2812 611 2975 668 etiam
3029 603 3640 681 signiﬁcarisihlalleo

372 727 545 793 cupit.
577 706 846 777 Modicum
876 732 1142 790 prmterea
1171 718 1281 772 dici
1331 727 1508 788 potest
1539 716 1644 772 hoc
1677 717 1946 787 reliquum
1989 717 2116 769 vita:
2168 711 2458 781 temporis,
2515 708 2581 761 ad
2616 703 3087 775 comparationem
3161 699 3275 770 jam
3348 706 3639 793 transacta;

373 791 519 875 vitae.
577 819 714 873 Illud
768 825 1030 887 prgrterea
1103 832 1209 870 non
1235 814 1597 869 omittendum
1645 813 1801 880 duxi,
1834 811 1982 880 quod
2021 810 2212 871 dictio.
2262 823 2399 870 ecce,
2443 804 2761 859 adverbium
2799 809 2907 864 est,
2947 810 3002 854 et
3058 798 3376 867 frequenter
3409 792 3479 848 ab
3534 791 3646 843 lle-

374 909 534 962 bra-is
587 915 884 976 usurpatur
921 924 935 971 ;
968 916 1131 975 atque
1169 910 1249 973 (ut
1298 905 1352 958 in
1392 904 1713 959 universum
1789 904 1990 975 diram)
2069 911 2165 956 aut
2215 897 2421 967 aliquid
2482 895 2844 954 demonstrat,
2901 901 2995 945 aut
3058 890 3367 958 proximum
3431 893 3645 951 tempus

376 1004 561 1064 notat;
591 1000 760 1068 priori
790 998 975 1063 modo,
999 998 1086 1050 hic
1125 997 1364 1050 sumitur
1390 1013 1405 1062 ;
1438 995 1612 1049 altero
1638 995 1765 1050 alibi
1827 1010 1987 1049 usum
2031 992 2183 1046 vides
2215 987 2544 1057 l‘rOplietam
2574 986 2627 1039 in
2653 984 2763 1037 illis
2785 982 3008 1038 verbis:
3036 977 3395 1041 Pcrtransivi,
3453 986 3503 1029 et
3528 988 3646 1029 εστι

375 1107 479 1145 non
501 1094 674 1148 erat'.
708 1113 726 1145 ι
765 1090 921 1157 Quod
958 1092 1099 1147 idem
1128 1092 1229 1147 sibi
1268 1090 1403 1154 vult,
1438 1106 1501 1144 ac
1524 1091 1569 1144 si
1602 1092 1867 1146 dixisset:
1899 1089 1965 1146 Et
2003 1093 2189 1145 statim
2223 1087 2288 1139 ad
2320 1084 2550 1138 nihilum
2573 1081 2824 1135 redactus
2843 1087 2949 1133 est.

449 1206 519 1260 Et
544 1206 822 1259 subtantia
854 1222 971 1260 mea
1006 1207 1161 1275 quasi
1189 1207 1412 1260 nihilum
1447 1224 1627 1260 coram
1656 1214 1727 1260 te.
1765 1204 1877 1259 Hoc
1905 1205 1961 1258 in

2137 1201 2244 1255 Καὶ
2280 1201 2317 1267 ἠ
2337 1196 2682 1259 ὐπόστασίς
2702 1210 2842 1263 μου.
2865 1191 3006 1245 ὡσεὶ
3032 1189 3216 1243 οὐδὲν
3236 1188 3493 1243 ἐνώπιόν
3508 1202 3649 1242 σου.

378 1303 500 1356 loco
524 1300 714 1368 incipit
747 1302 923 1368 palam
948 1300 1150 1362 facere,
1175 1301 1317 1367 quod
1354 1300 1514 1353 exilis
1570 1312 1623 1353 et
1659 1299 1871 1371 fragilis
1900 1299 1974 1352 sit

382 1395 622 1448 humana
649 1402 869 1454 natura,
900 1402 952 1446 et
975 1394 1050 1448 ait
1082 1403 1095 1445 :
1129 1392 1444 1447 Substantia
1481 1409 1620 1452 mea,
1659 1407 1757 1446 seu
1785 1406 1975 1446 essen-

386 1487 462 1538 tia
492 1500 636 1548 rnea,
668 1484 770 1538 hoc
802 1493 910 1545 est,
936 1498 1035 1552 ego
1063 1485 1177 1551 ipse
1203 1499 1324 1538 sum
1350 1485 1506 1552 quasi
1547 1484 1801 1547 nihilum,
1833 1483 1878 1535 si
1907 1481 1974 1535 ad

385 1577 781 1630 beatitudinem
817 1584 870 1629 et
901 1576 1262 1629 aeternitatem
1324 1586 1474 1629 luam
1508 1574 1666 1629 fuero
1688 1589 1979 1644 compara-

390 1676 503 1719 tus.
541 1665 616 1721 Ita
663 1667 809 1720 enim
853 1664 1146 1734 significat,
1190 1667 1337 1732 quod
1390 1666 1468 1717 ait
1504 1678 1517 1717 :
1554 1664 1752 1720 Coram
1791 1675 1859 1718 te.
1897 1664 1976 1717 Tu

383 1763 555 1821 enim,
599 1770 651 1812 ut
682 1759 809 1812 alibi
838 1760 933 1820 ait,
969 1757 1106 1811 idem
1136 1759 1246 1825 ipse
1268 1773 1344 1821 es,
1380 1768 1424 1810 et
1460 1757 1591 1810 anni
1617 1758 1696 1810 tui
1720 1773 1822 1811 non
1845 1756 1980 1824 deﬁ-

387 1854 543 1915 cient,
574 1868 665 1920 ego
694 1862 865 1904 autem
898 1852 1213 1903 immutatus
1242 1866 1385 1909 smn,
1424 1860 1477 1902 et
1526 1863 1623 1917 pro
1657 1863 1784 1916 rege
1822 1847 1978 1901 exsul

390 1943 566 1998 factus
593 1960 609 2008 ;
632 1954 679 1997 et
706 1944 815 1997 dies
847 1943 946 1996 mei
976 1943 1112 1995 sicut
1146 1942 1336 1995 umbra
1358 1950 1675 2010 praetereunt
1695 1942 1739 1994 ⁸.

462 2113 634 2169 Vens.
670 2112 723 2171 7.
768 2110 1141 2167 Verumtamen
1197 2111 1445 2166 universa
1495 2110 1724 2165 vanitas.
1775 2110 1981 2164 Dictio-

394 2223 516 2260 nem
546 2213 909 2260 verumtamen
956 2204 1180 2274 quidam
1216 2204 1307 2258 hic
1337 2205 1667 2274 superﬂuam
1701 2219 1821 2259 esse
1859 2203 1981 2273 opi-

396 2305 636 2363 nantur;
671 2296 763 2350 alii
820 2311 951 2350 vero
999 2297 1233 2365 positam
1271 2310 1397 2352 esse
1449 2298 1642 2350 dicunt
1682 2310 1782 2365 pro
1823 2305 1981 2350 certe.

395 2389 530 2444 Cum
607 2388 1088 2442 animadvertisset
1138 2388 1309 2459 igitur
1361 2388 1558 2444 beatus
1613 2387 1807 2451 David,
1861 2402 1984 2456 quae

396 2479 667 2545 iuniorum
725 2493 951 2533 suorum
1017 2487 1264 2548 tempore
1297 2478 1441 2532 facta
1488 2477 1727 2540 fuerant,
1772 2485 1829 2530 et
1863 2492 1984 2546 quae

401 2577 537 2623 tunc
588 2570 859 2639 temporis
919 2568 1132 2634 fierent,
1190 2571 1375 2623 omnia
1421 2570 1664 2623 vanitate
1686 2568 1987 2635 labascere,

399 2662 503 2715 hoc
533 2669 641 2726 est,
672 2660 1068 2716 ineertitudine
1110 2669 1166 2716 et
1226 2660 1588 2716 instabilitate
1619 2674 1833 2715 summa
1862 2674 1991 2713 con-

399 2760 568 2815 stare,
641 2750 806 2806 veluti
851 2766 1007 2820 Opes,
1066 2752 1320 2823 gloriam,
1369 2751 1620 2821 imperia,
1674 2750 1986 2819 juventam,

399 2842 893 2910 pulchritudinem,
928 2844 1094 2908 vires,
1130 2854 1185 2898 et
1219 2843 1323 2897 alia
1345 2841 1692 2911 huiusmodi,
1733 2839 1991 2912 [senten-

400 2934 529 2993 tium
563 2950 719 2991 suam
745 2936 1047 2991 universali
1067 2936 1172 2991 hoc
1198 2951 1453 2991 sermone
1478 2935 1713 3005 posteris
1733 2941 1987 2988 testatum

2015 2527 2066 2587 B

2088 1291 2370 1344 Ἐντεῦθεν
2432 1289 2663 1359 ἄρχεται
2711 1286 2992 1353 φαυλίζειν
3046 1283 3108 1336 τὸ
3149 1282 3251 1352 τῆς
3303 1280 3651 1349 ἀνθρωπίνης

2080 1385 2298 1451 φύσεως
2350 1380 2692 1451 πρόσκαιρον
2723 1378 2816 1431 καὶ
2864 1376 3163 1446 ἐπίκηρονο
3202 1378 3336 1443 φησὶ
3369 1373 3474 1440 γὰρ
3504 1371 3587 1423 ὅτι
3616 1371 3653 1440 ἡ

2078 1474 2383 1535 ὑπόστασίς
2444 1489 2571 1540 μου,
2618 1470 2900 1523 τουτέστιν
2945 1468 2980 1538 ἡ
3014 1467 3254 1538 ὖπαρξίς
3291 1480 3414 1534 μου,
3446 1465 3474 1517 ὃ
3505 1465 3654 1514 ἐστιν

2075 1565 2216 1629 ὅλος,
2248 1564 2384 1617 ὡσεὶ
2426 1563 2580 1616 οὐδέν
2634 1563 2750 1630 εἰμι
2792 1561 2932 1630 πρὸς
2976 1560 3078 1629 τὴν
3138 1558 3238 1627 σὴν
3277 1554 3661 1626 μακαριότητα

2081 1661 2175 1710 καὶ
2202 1656 2505 1722 ἀῖδιότητα.
2552 1653 2725 1706 Τοῦτο
2772 1653 2884 1721 γὰρ
2930 1649 3191 1720 σημαίνει
3237 1647 3320 1704 τὸ.
3367 1644 3661 1698 Ἑνὼπιόν

2080 1765 2220 1802 σου.
2266 1745 2349 1799 Σὺ
2397 1745 2496 1814 μὲν
2555 1744 2666 1814 γὰρ
2720 1747 2752 1797 ό
2781 1740 2966 1808 αὐτὸς
2995 1737 3070 1805 εἷ,
3127 1739 3226 1793 καί
3260 1738 3331 1791 τὰ
3376 1738 3479 1801 ἐτη
3519 1752 3660 1798 σου,

2081 1840 2266 1908 φησὶν.
2301 1839 2412 1890 οὐκ
2439 1837 2837 1904 ἐκλείψουσιν
2858 1850 2870 1863 ·
2899 1832 3015 1900 ἐγὼ
3038 1830 3107 1884 δὲ
3149 1831 3501 1897 ἠλλοίωμαι,
3555 1844 3663 1894 φυ..

2080 1929 2184 1997 τὰς
2208 1928 2375 1991 αὐτὸς
2415 1927 2686 1998 βασιλέως
2720 1925 3050 1996 γενόμενος·
3078 1922 3174 1976 καὶ
3197 1924 3256 1975 αι
3298 1921 3516 1989 ἡμέραι
3541 1935 3662 1987 μου

2083 2020 2227 2074 ὡσεὶ
2256 2018 2402 2075 σκιὰ
2425 2018 2791 2086 παράγουσι.

2153 2111 2331 2179 Πλὴν
2380 2110 2452 2164 τὰ
2497 2112 2824 2179 σύμπαντα
2849 2110 3199 2178 ματαιότης.
3240 2107 3312 2159 Τὸ
3362 2105 3538 2170 Πλὴν
3573 2106 3662 2155 ἐν·

2086 2201 2263 2255 ταῦθα
2313 2204 2574 2271 περιττόν
2635 2217 2781 2263 τινες
2830 2200 3093 2267 ἐνόμισαν
3119 2213 3133 2228 ³
3163 2198 3212 2248 0i
3246 2196 3302 2249 δέ
3331 2213 3516 2263 φασιν,
3544 2195 3669 2247 ἀντὶ

2082 2292 2179 2347 τοῦ
2220 2293 2439 2362 ἀληθῶς
2479 2291 2695 2345 κεῖσθαι
2729 2290 2911 2344 τοῦτο.
2959 2289 3193 2343 Ἀπιδὼν
3226 2284 3368 2341 οὖνὸ
3397 2288 3561 2340 Δαὸὶδ
3590 2287 3671 2349 εἷς

2085 2401 2143 2438 τε
2172 2384 2301 2448 τοὺς
2346 2385 2608 2447 παλαιοὺς
2645 2385 2740 2436 καὶ
2769 2385 2850 2446 εἰς
2879 2382 2947 2434 τὰ
2980 2382 3101 2435 καθ’
3141 2381 3353 2441 ἑαυτὸν,
3412 2381 3506 2432 καὶ
3539 2395 3670 2430 σκε-

2090 2477 2338 2547 ψάμενος
2382 2477 2465 2529 ὅτι
2525 2475 2816 2544 ἀνώμαλος
2851 2477 2881 2528 ό
2917 2474 3031 2544 βίος
3054 2474 3150 2527 καὶ
3175 2474 3404 2536 ἄπιστος
3430 2471 3668 2538 ἀποφαί-

2093 2584 2266 2629 νεται,
2302 2571 2384 2621 ὅτι
2415 2569 2486 2621 τὰ
2537 2568 2840 2635 σῦμπαντα
2883 2567 3104 2635 ἀληθῶς
3136 2566 3457 2636 ματαιότης,
3483 2564 3664 2617 τουτέ-

2095 2676 2215 2712 στιν
2240 2659 2498 2724 ἀ6έ6αια,
2525 2661 2623 2714 καὶ
2651 2660 2906 2725 πλοῦτος,
2937 2663 3031 2714 καὶ
3057 2658 3206 2724 δόξα,
3228 2659 3322 2711 καὶ
3348 2657 3671 2724 vati-mgna).

2091 2752 2308 2816 κάλλος,
2350 2754 2444 2807 καὶ
2475 2754 2726 2823 μέγεθος,
2752 2753 2849 2807 καὶ
2882 2753 3065 2823 ῥώμη,
3109 2754 3204 2807 καὶ
3236 2752 3422 2814 ἁπλῶς
3448 2752 3548 2805 ὅσα
3582 2752 3673 2803 ἀν·

2090 2844 2341 2915 θρώπινα
2385 2846 2587 2914 ἀγαθά.
2637 2846 2806 2915 Δῆλον
2834 2845 2889 2898 δὲ
2917 2845 3002 2899 ὅτι
3025 2845 3094 2897 τὰ
3122 2844 3469 2914 πνευματικὰ
3493 2843 3678 2911 ἀγαθά

2089 2935 2460 3006 διαφερόντως
2489 2935 2871 3007 ὑπεξῄρηνται
2904 2935 3010 3005 τῆς
3041 2935 3294 3002 τοιαύτης
3325 2934 3676 3002 ἀποφάσεως.

400 3031 646 3103 reliquit]
678 3048 789 3102 quo
822 3042 1005 3087 tamen
1040 3047 1146 3087 non
1197 3032 1366 3085 animi
1411 3031 1602 3095 doles,
1660 3029 1731 3084 ob
1764 3043 2040 3084 summam
2112 3045 2304 3085 earum
2366 3033 2807 3097 excellentiam,
2860 3032 2956 3089 sed
3029 3031 3281 3101 corporis
3348 3036 3562 3082 tantum
3624 3029 3680 3081 et

405 3129 645 3181 fortunae
674 3128 814 3182 bona
850 3127 1138 3197 complecti
1159 3126 1458 3194 intelligas.

474 3219 661 3275 Omnis
682 3220 834 3274 homo
856 3222 1051 3277 vivens.
1083 3221 1200 3277 lloc
1230 3230 1337 3290 est,
1363 3222 1603 3276 humana
1638 3218 1818 3274 cumis
1847 3218 1984 3274 vita.

403 3309 505 3364 Est
530 3320 712 3366 autem
747 3310 835 3366 hic
868 3312 1066 3368 modus
1099 3314 1358 3383 loquendi
1390 3311 1633 3368 Hebraeis
1667 3309 1988 3381 peculiaris,

403 3399 558 3474 juxta
584 3401 717 3456 illud
754 3412 769 3455 :
805 3400 991 3457 Omnis
1042 3404 1196 3457 homo
1243 3405 1470 3460 mendax
1492 3406 1537 3468 ’,
1582 3417 1705 3471 pro,
1744 3402 1990 3456 Humana

405 3492 589 3548 omnis
612 3494 796 3563 opinio
831 3492 988 3548 falsa.
1019 3493 1211 3548 Omnis
1238 3495 1403 3562 igitur
1438 3495 1675 3548 humana
1702 3493 1811 3545 vita
1838 3491 1993 3544 vani-

409 3589 495 3638 tas
521 3594 628 3647 eSI,
682 3583 827 3652 quod
859 3583 924 3635 ad
958 3583 1319 3653 praecedentis
1362 3582 1621 3636 versiculi
1664 3582 1996 3636 declaratio-

410 3686 533 3726 nem
564 3670 819 3739 pertinet.
847 3669 952 3724 Per
999 3673 1295 3724 humanam
1329 3686 1461 3725 vero
1490 3671 1682 3734 vitam,
1715 3670 1995 3723 carnalem

414 3762 664 3831 intelligit
688 3770 743 3816 et
777 3761 1005 3831 spiritus
1036 3774 1341 3834 expertem.

494 3849 688 3904 Verum
741 3853 793 3906 in
848 3853 1080 3923 imagine
1113 3856 1400 3922 pertransit
1449 3854 1624 3910 homo.
1666 3854 1991 3920 Dielioncm,

414 3958 616 4008 verum,
660 3942 764 3997 hoc
797 3943 851 3996 iu
884 3944 1005 3999 loco
1038 3946 1152 4016 pari
1194 3946 1356 4001 modo
1383 3946 1563 4016 posuit
1599 3962 1696 4015 pro
1724 3963 1868 4011 vere,
1899 3962 1994 4000 seu

414 4043 586 4090 certe.
617 4033 683 4090 In
718 4036 947 4105 imagine
980 4047 1185 4101 autem,
1224 4036 1327 4091 hoc
1374 4047 1479 4102 est,
1516 4040 1692 4092 instar
1722 4037 1998 4105 imaginis.

416 4123 552 4180 Nam
586 4127 1047 4194 quemadmodum
1078 4129 1290 4199 depicta
1328 4131 1507 4200 imago
1543 4131 1746 4183 nullam
1783 4129 1851 4184 de
1883 4128 2006 4197 pul-

419 4212 739 4269 chritudine
783 4230 883 4269 sua
914 4226 1009 4270 aut
1058 4217 1126 4271 de
1156 4219 1404 4273 colorum
1442 4220 1725 4281 varietate,
1766 4228 1860 4272 aut
1894 4219 2003 4271 alia

419 4304 740 4374 hujusmodi
790 4323 848 4361 re
893 4310 1242 4363 commodum
1292 4311 1457 4379 capit,
1490 4310 1559 4364 ita
1591 4310 1799 4363 nullum
1842 4311 2005 4364 homo

422 4397 490 4449 ab
520 4397 758 4453 humana
807 4398 1065 4455 felicitate
1103 4399 1340 4455 fructum
1366 4402 1629 4471 decerpit.
1660 4401 1756 4455 Vel
1796 4402 1850 4454 in
1869 4402 2009 4455 ima-

424 4492 563 4558 gina,
605 4490 658 4545 id
689 4499 796 4555 est,
823 4491 873 4546 in
903 4494 1139 4558 umbra;
1190 4502 1413 4563 propter
1454 4493 1817 4549 humanarum
1854 4493 2008 4549 vide-

420 4579 551 4635 licet
589 4597 769 4638 rerum
803 4582 1258 4639 inconstantiam.

505 4671 876 4728 Verumtamen
907 4675 1113 4746 frustra
1140 4677 1508 4732 conturbatur.
1537 4709 1607 4720 -—-
1634 4678 2008 4733 Verumtamen

425 4764 516 4820 hic
538 4768 722 4835 posuit
757 4783 877 4836 pro,
923 4768 1226 4825 Caeterum.
1266 4768 1425 4844 Quod
1470 4771 1742 4841 reliquum
1785 4779 1893 4836 est,
1921 4770 2010 4825 in-

426 4854 565 4924 quit,
611 4853 812 4912 frustra
835 4857 997 4913 homo
1032 4859 1295 4930 fatigatur
1343 4869 1399 4915 et
1451 4861 1797 4917 distrahitur.

503 4944 853 5002 Thesaurizat
891 4959 943 5005 et
992 4952 1201 5021 ignorat
1261 4954 1349 5006 cui
1401 4954 1738 5024 congregabit
1786 4970 1872 5008 ea.
1918 4952 2007 5017 Et,

428 5036 575 5104 quod
604 5041 845 5094 onminm
871 5042 1321 5099 molestissimum
1353 5053 1458 5109 est,
1485 5046 1757 5101 haeredem
1788 5062 1895 5100 non
1929 5046 2013 5099 di-

428 5124 646 5194 gnoscit
695 5140 852 5182 suum
922 5141 938 5184 :
1002 5146 1126 5186 cum
1198 5134 1485 5204 angustias
1541 5144 1597 5190 et
1665 5136 1881 5192 labores
1949 5137 2003 5189 in

2167 3213 2291 3281 Πᾶς
2319 3216 2621 3284 ἅνθρωπος
2661 3214 2792 3276 ζῶν.
2846 3215 2995 3270 Ἀντὶ
3024 3217 3139 3280 τοῦ,
3175 3217 3333 3269 Πᾶσα
3357 3214 3676 3284 ἀνθρωπίνη

2097 3308 2233 3381 ζωή·
2268 3312 2451 3380 σχῆμα
2482 3310 2538 3362 δὲ
2557 3311 2836 3364 καὶτοῦτο
2857 3313 2959 3378 τῆς
2999 3309 3284 3381 Ἑϐραῖδος
3316 3311 3502 3379 φωνῆς
3534 3308 3678 3377 (42r-

2100 3402 2438 3470 Ἀνθρωπος
2465 3404 2739 3470 ψεύστης
2764 3446 2776 3466 ,
2815 3406 2939 3458 ἀντὶ
2984 3404 3102 3467 τοῦ,
3163 3405 3318 3457 Πᾶσα
3362 3402 3678 3472 ἀνθρωπίνη

2099 3491 2249 3557 δόξα,
2318 3494 2541 3561 ψευδής.
2593 3495 2751 3548 Πᾶσα
2808 3491 3154 3563 οὖνγνφησὶν,
3214 3493 3530 3563 ἀνθρωπίνη
3566 3491 3680 3562 ζωὴ
3734 3488 3741 3492 ’

2104 3585 2427 3654 ματαιότης.
2466 3583 2973 3653 Ἐφερμηνευτικὺν
2993 3584 3052 3638 δὲ
3081 3581 3239 3638 τοῦτο
3262 3585 3379 3645 τοῦ,
3430 3583 3512 3636 Τὰ
3542 3582 3682 3651 σύμ-

2102 3694 2283 3729 παντα
2315 3677 2634 3745 ματαιότης.
2681 3677 3060 3746 Ἀνθρωπίνην
3095 3677 3151 3729 δὲ
3185 3676 3331 3745 ζωὴν
3391 3676 3538 3743 λέγει
3582 3676 3683 3743 τὴν

2106 3766 2404 3838 σαρκικὴν.
2437 3767 2553 3818 ἀλλ’
2580 3768 2640 3819 οὐ
2662 3767 2759 3837 τὴν
2794 3768 3193 3837 πνευματικήν.

2168 3860 2389 3914 Μέντοι
2413 3876 2476 3927 γε
2512 3861 2582 3913 ἐν
2605 3861 2791 3913 εικόνι
2817 3859 3229 3929 διαπορεύεται
3246 3858 3575 3926 ἅνθρωπος.
3611 3858 3686 3910 Τὸ

2104 3949 2320 4005 Mereor
2350 3967 2435 4017 τε,
2461 3950 2556 4017 καὶ
2575 3949 2635 4002 τὸ
2670 3950 2886 4003 Μενοῦν
2915 3966 3002 4018 γε,
3032 3949 3094 4002 τὸ
3121 3948 3291 4011 ὅντως
3317 3949 3539 4019 δηλοῦσι
3566 3967 3581 3980 ·
3624 3950 3686 4001 τὸ

2103 4041 2179 4103 δὲ,
2224 4040 2327 4094 Ἐν
2346 4041 2560 4107 εἰκόνι,
2590 4043 2710 4094 ἀντὶ
2744 4040 2859 4105 τοῦ,
2888 4042 3057 4110 Δίκην
3083 4041 3291 4103 εἰκόνος
3313 4040 3439 4110 βιοῖ.
3471 4041 3687 4108 Ὠσπερ

2104 4132 2214 4202 γὰρ
2271 4133 2371 4203 τὴν
2415 4133 2813 4203 γεγραμμένην
2847 4134 3034 4186 εἰκόνα
3067 4132 3221 4186 οὐδὲν
3243 4132 3447 4202 ὠφελεί
3484 4131 3546 4183 τὸ
3578 4131 3690 4184 ἀπὸ

2105 4222 2214 4276 τῶν
2246 4225 2558 4293 χρωμάτων
2586 4224 2807 4289 κάλλος,
2834 4223 2867 4294 ἢ
2902 4224 3206 4294 μέγεθος,ἣ
3238 4225 3339 4277 ὅσα
3370 4225 3435 4276 ἐκ
3456 4222 3686 4285 τούτων,

2108 4310 2283 4374 οὕτως
2312 4313 2433 4367 οὐδὲ
2461 4314 2553 4366 τὸν
2580 4314 2869 4383 ἄνθρωπον
2900 4314 3146 4383 ὀνίνησιν
3174 4313 3539 4384 ἡάνθρωπίνη
3586 4331 3692 4382 μα-

2108 4402 2397 4473 καριότης.
2435 4404 2506 4457 Ἢ
2550 4406 2654 4459 Ἑν
2679 4405 2887 4471 εἰκόνι,
2912 4405 3036 4460 ἀντὶ
3066 4405 3184 4468 τοῦ,
3219 4406 3307 4458 Ἐν
3339 4406 3491 4477 σκιᾷ,
3520 4405 3607 4459 διὰ
3629 4407 3691 4459 τὸ

2107 4493 2217 4549 τῶν
2247 4496 2605 4565 ἀνθρωπίνων
2632 4497 2981 4568 πραγμάτων
3014 4496 3302 4555 ἀϐέϐαιον.

2181 4680 2359 4747 Πλὴν
2411 4679 2615 4748 μάτην
2673 4678 3061 4749 ταράσσεται.
3104 4678 3432 4733 Τὸὲνταῦθα
3496 4677 3691 4745 Πλὴν,

2110 4773 2234 4827 ἀντὶ
2262 4771 2356 4825 τοῦ
2401 4772 2622 4836 Λοιπὸν,
2647 4774 2849 4825 κεῖται.
2883 4771 3103 4842 Μάτην,
3142 4772 3333 4843 φησὶν,
3363 4769 3696 4840 ἀγωνίζεται

2113 4863 2211 4921 καὶ
2232 4880 2300 4916 πε
2311 4865 2595 4935 ρισπᾶται.

2188 4955 2559 5024 Θησαυρίζει,
2585 4956 2684 5009 καί
2712 4958 2784 5011 οὐ
2803 4955 3084 5025 γινώσκει
3100 4956 3217 5011 τινι
3240 4954 3495 5020 συνάξει
3518 4954 3693 5008 αὐτά.

2114 5049 2228 5105 Καὶ
2255 5049 2315 5103 τὸ
2343 5048 2750 5121 χαλεπώτερον,
2791 5050 2870 5104 ὅτι
2909 5050 3041 5120 περὶ
3093 5048 3361 5118 συλλογὴν
3396 5047 3701 5119 χρημάτων

2116 5143 2657 5215 ταλαιπωρούμενος,
2709 5144 2830 5197 οὐδὲ
2880 5143 2975 5197 τὸν
3006 5142 3347 5214 κληρονόμον
3379 5135 3571 5194 ἑαυτοῦ
3615 5156 3694 5206 7t-

431 5218 797 5284 eongcrendis
856 5221 1067 5279 divitiis
1133 5240 1243 5279 non
1304 5226 1609 5281 mediocres
1668 5226 1739 5281 sit
1796 5241 1988 5296 passus

2117 5238 2338 5292 νὼσκει.
2395 5236 2504 5289 Καὶ
2546 5237 2580 5307 ἡ
2633 5235 2732 5305 μὲν
2750 5234 3013 5308 συντρισὴ
3060 5228 3152 5289 τοῦ
3189 5231 3524 5303 συνάγοντός
3556 5232 3698 5295 ἐστι,

434 5305 647 5361 fructus
677 5309 895 5366 demum
946 5325 1000 5369 et
1046 5317 1333 5373 commoda
1357 5318 1518 5373 alteri
1560 5326 1615 5375 et
1658 5320 1845 5392 ignoto
1896 5320 2005 5374 ha:-

433 5399 554 5455 redi
583 5402 818 5471 reponit.

2113 5328 2173 5381 τὸ
2204 5328 2261 5380 δὲ
2292 5327 2506 5397 κέρδος,
2541 5326 2726 5383 ἄλλου.

513 5577 535 5611 ⁶
569 5575 715 5633 Psal.
745 5595 819 5642 Cl,
854 5581 944 5636 ‘25.
1019 5584 1040 5615 ⁷
1070 5581 1216 5639 Psal.
1272 5603 1459 5653 xxxvi,
1522 5587 1615 5647 '55.
1691 5587 1714 5620 ⁸
1746 5586 1895 5643 Psal.
1929 5602 2003 5654 cr,
2030 5586 2122 5641 28.
2200 5588 2221 5620 ’
2250 5585 2395 5642 Psal.
2426 5602 2553 5657 ειν,
2597 5587 2686 5647 fl.

1753 5729 1950 5791 Varia}
1979 5730 2307 5795 lectiones.

524 5844 634 5913 (42)
663 5844 699 5898 Α
726 5847 979 5902 ldcntlum
1021 5853 1252 5907 fortasse
1286 5857 1424 5911 κατὰ
1449 5859 1526 5925 τὺ,
1567 5860 1645 5912 vel
1681 5860 1753 5921 ti);
1788 5859 1869 5915 τό.
