4078 6416
431 428 538 490 445

1594 432 1988 493 COMMENT.
2024 430 2104 489 IN
2149 432 2504 493 PSALMOS.

3577 435 3683 497 ΗΘ

503 540 625 624 Καὶ,
661 539 804 604 νῦν,
835 540 929 607 τίς
976 540 1015 609 ἡ
1063 539 1339 610 ὑπομονὴ
1383 560 1542 611 μους
1568 544 1707 613 οὐχὶ
1754 543 2005 614 Κύριος;

2184 542 2348 600 Vens.
2374 545 2429 598 8.
2489 547 2558 598 Et
2589 559 2748 609 nunc,
2777 560 2895 615 qna:
2945 547 3268 614 exspectatio
3310 564 3424 601 mea
3447 550 3473 604 .’
3508 566 3682 606 nonne

434 635 542 689 Kal.
621 632 812 686 λοιπὸν
862 633 1073 688 τούτων
1126 635 1298 699 οὕτως
1351 636 1605 705 ἐχόντων,
1655 638 1740 702 τίς
1779 641 1811 707 ὴ
1852 640 2006 703 ἐλπίς

436 732 575 795 μου,
633 725 759 794 ούχὶ
808 726 1011 797 Κύριος
1066 728 1264 798 μόνοςς
1305 727 1443 783 Κατ’
1505 728 1773 799 ἐρώτησιν
1814 729 1868 783 δὲ
1918 731 2008 784 τὸν

437 818 621 888 στίχον
646 819 1054 887 ἀναγνωστέον.

507 991 617 1046 Καί
647 994 686 1062 ἡ
718 996 1061 1062 ὐπόστασίς
1113 1016 1234 1066 μου
1268 997 1427 1066 παρὰ
1465 1001 1585 1054 σοῦ
1625 1001 1759 1055 ἐστι
1782 1041 1797 1055 .
1839 1003 1948 1057 Καὶ
1975 1005 2009 1073 ἡ

433 1084 670 1154 ῦπαρξίς
706 1103 830 1155 μου.
862 1086 1007 1154 λέγω
1035 1087 1091 1140 δὲ
1124 1089 1258 1141 αὐτὸ
1297 1089 1360 1142 τὸ
1405 1091 1542 1154 ὅλως
1581 1086 1724 1144 εἶναί
1763 1109 1854 1163 με,
1903 1093 2011 1146 ἀπὸ

435 1172 533 1227 σοῦ
561 1175 699 1228 ἔστι.
730 1175 822 1228 Διὸ
849 1176 1139 1245 φρόντισον
1165 1178 1261 1232 τοῦ
1306 1178 1399 1232 σοῦ
1428 1180 1769 1249 πλάσματος,
1800 1181 2007 1251 εὐγνωο

436 1268 621 1336 μόνως
644 1269 1103 1337 ἐπιγινώσκοντος
1125 1272 1219 1325 τὸν
1246 1275 1378 1327 ῐδιον
1408 1275 1674 1346 πλάστην.

504 1360 653 1413 Ἀπὸ
706 1360 924 1414 πασῶν
976 1361 1097 1415 τῶν
1146 1364 1411 1433 ἀνομιῶν
1445 1385 1565 1436 μου
1602 1369 1789 1437 ρὐαι
1816 1382 1912 1437 με.
1940 1373 2007 1424 Ai

437 1450 665 1518 ἀνομίαι
695 1449 807 1519 γάρ
851 1450 1120 1516 ἐπάγουσι
1166 1455 1294 1516 τοὺς
1336 1456 1678 1524 πειρασμούς
1703 1474 1718 1489 ο
1749 1459 1871 1513 ὅθεν
1901 1459 2010 1514 τῶν

439 1540 635 1595 αἰτίων
694 1540 1077 1610 ἀπαλλαγῆναι
1128 1545 1472 1613 παρακαλεῖ-
1514 1547 1584 1600 Ἣ
1634 1549 1729 1602 καὶ
1778 1550 2010 1620 ἀνομίας

437 1631 721 1701 τροπικῶς
741 1631 899 1685 καλεῖ
928 1635 1055 1696 τοὺς
1076 1637 1434 1706 πειρασμοὺς,
1461 1638 1571 1691 ἀπὸ
1597 1640 1707 1694 τῶν
1732 1641 1920 1696 αίτίων
1943 1642 2011 1697 τὰ

434 1723 681 1777 αίτιατά.

510 1814 777 1881 ὀνειδος
805 1815 1021 1885 ἄφρονι
1052 1817 1280 1885 ἔδωκάς
1300 1837 1397 1889 με.
1441 1820 1532 1892 Τῷ
1564 1823 1759 1892 Σεμεεί
1779 1840 1795 1855 ο
1850 1824 2008 1878 ὠνεί-

2116 639 2414 694 Domiuus?
2438 637 2732 703 Ceterum,
2767 638 2966 709 inquit.
3013 638 3178 694 rebus
3211 640 3291 694 sic
3328 655 3388 695 se
3430 641 3681 697 habenti»

2115 732 2237 797 lms,
2271 746 2522 798 quaenam
2544 739 2629 784 est
2658 745 2783 800 spes
2811 745 2950 790 mea.
2986 746 3170 785 nonne
3199 732 3350 785 solus
3379 731 3682 789 Dominus?

2111 819 2216 875 Per
2237 821 2717 891 interrogationem
2740 829 2921 875 autem
2948 820 3209 890 legendus
3225 831 3308 877 est
3326 823 3414 878 hic
3437 825 3680 879 versicu-

2184 1000 2251 1053 Et
2277 1002 2573 1055 substantia
2595 1017 2711 1054 mea
2740 1017 2774 1054 a
2800 1010 2847 1055 te
2877 1011 2976 1057 est.
2995 1003 3061 1056 Et
3082 1003 3317 1058 essentia
3339 1020 3480 1068 mea,
3503 1012 3677 1059 totum

2113 1092 2371 1146 nimirum
2396 1107 2516 1147 esse
2545 1109 2750 1158 meum,
2781 1108 2811 1147 a
2845 1101 2896 1146 te
2916 1102 3017 1148 est.
3051 1094 3251 1148 Curam
3285 1097 3447 1163 igitur
3479 1096 3680 1151 habeto

2110 1192 2379 1239 creatur-te
2433 1194 2561 1247 tum,
2618 1200 2741 1255 qua!
2786 1192 2937 1256 grata
2996 1195 3181 1240 mente
3241 1201 3401 1241 suum
3431 1189 3680 1258 agnoscit

2112 1281 2401 1335 factorem.

2184 1371 2350 1426 Vens.
2382 1373 2435 1427 9.
2463 1373 2538 1425 Ab
2566 1372 2807 1427 omnibus
2835 1373 3203 1441 iniquitatibus
3251 1372 3379 1425 meis
3410 1372 3550 1438 eripe
3576 1387 3678 1425 me.

2111 1465 2437 1533 Iniquitates
2464 1465 2608 1517 enim
2638 1478 2806 1517 causa
2860 1480 2984 1519 esse
3013 1467 3194 1519 solent
3228 1464 3593 1517 tentationum
3625 1471 3682 1517 et

2111 1557 2510 1610 calamitatum.
2570 1556 2653 1610 Ab
2694 1556 3003 1624 hujusmovli
3036 1556 3205 1625 igitur
3254 1570 3421 1609 causa
3460 1555 3681 1608 liberari

2109 1651 2282 1713 optat.
2337 1641 2459 1705 Vel,
2522 1658 2618 1712 per
2664 1643 2984 1711 iniquitates
3052 1643 3282 1713 ﬁgurate
3347 1643 3683 1698 tentationc-s

2113 1733 2388 1802 intelligit,
2412 1734 2578 1787 veluti
2609 1732 2859 1787 eﬂ'ectum
2894 1747 2922 1784 a
2963 1747 3153 1787 causa.

2185 1823 2538 1893 Opprobrium
2596 1824 2865 1890 insipienti
2915 1823 3111 1877 dedisti
3173 1840 3271 1877 me.
3330 1824 3435 1892 lpsi
3500 1824 3681 1879 Semel

427 1903 550 1968 διζε
596 1905 707 1975 γὰρ
735 1907 923 1971 αὐτὸν,
947 1908 1116 1979 ἄνδρα
1161 1913 1479 1981 παράνομον
1510 1916 1604 1968 καὶ
1646 1916 1818 1986 ἄνδρα
1844 1917 2008 1987 αἱμά-

2112 1916 2390 1981 nimirum,
2416 1914 2506 1984 qui
2527 1930 2611 1969 me
2633 1915 2893 1968 conviciis
2919 1916 3170 1983 impetiit,
3194 1915 3439 1985 iniquum
3477 1923 3525 1970 cl
3555 1931 3685 1971 sau-

428 2014 545 2049 των
607 1997 919 2052 ἀποκαλῶν.
1005 2000 1338 2056 Ἐπανέλαϐε
1372 2003 1429 2057 δὲ
1489 2004 1582 2058 τὸν
1609 2006 1788 2072 λόγον.
1819 2009 1898 2070 είς
1927 2005 2009 2061 οῖ-

431 2103 566 2139 κτον
587 2087 683 2139 τὸν
703 2085 1079 2159 εὔσπλαγχνον
1105 2090 1196 2143 διὰ
1221 2092 1321 2160 τῆς
1345 2092 1601 2163 συνεχοῦς
1619 2094 2008 2164 ὲλεεινολογίας

431 2177 841 2248 ἐπισπώμενος.
861 2180 1141 2247 Ὀνειδίζει
1160 2183 1254 2237 καὶ
1286 2187 1315 2238 ὁ
1349 2184 1598 2251 διάϐολος
1622 2189 1734 2251 τοῖς
1761 2189 2013 2260 ἡττωμέ-

436 2288 549 2333 νοις
573 2272 670 2324 ὑπ’
693 2273 862 2326 αὐτοῦ
886 2273 988 2346 τὴν
1009 2276 1267 2348 τοιαύτην
1293 2272 1486 2349 ἧτταν.

516 2542 890 2613 Ἔκωςεώθην.
909 2543 1104 2613 Ἐκὼν,
1139 2547 1280 2601 ὥστε
1317 2547 1393 2619 μὴ
1419 2548 1641 2603 ἀκούειν
1664 2534 1868 2606 δοκεῖν.

506 2725 617 2779 Καὶ
656 2727 766 2780 οὐκ
796 2724 1013 2795 ἧνοιξα
1056 2728 1126 2781 τὸ
1171 2729 1368 2799 στόμα
1394 2747 1536 2799 μου.
1587 2731 1704 2786 Οὐκ
1755 2734 2013 2786 ἀντεῖπον

429 2817 597 2870 ὅλως.

494 2835 641 2964 Ὑῗοτι
655 2908 738 2965 σὺ
752 2909 1072 2977 ἐποίησας.
1094 2909 1221 2964 Ὀτι
1239 2910 1303 2963 σὺ
1321 2910 1658 2981 προσέταξας
1675 2910 1868 2981 ἐκείνῳ
1888 2910 2009 2982 μὲν,

430 3001 683 3072 ὑϐρίζειν
715 3018 815 3071 με·
847 3002 1063 3070 Κύριος
1093 3002 1226 3071 γάρ,
1280 3003 1466 3071 φησὶν,
1502 2998 1673 3056 εἶπεν
1718 3001 1880 3067 αὐτῷ
1903 3019 2012 3056 κα-

429 3092 719 3163 κολογεῖν
740 3093 850 3147 τὸν
865 3092 1073 3148 Δαϐίδ·
1105 3092 1229 3165 ἐμοὶ
1254 3092 1333 3161 δὲ,
1359 3095 1542 3166 σιγᾷν.
1567 3094 1860 3164 Ἢμαρτες
1880 3093 2012 3163 γὰρ,

430 3186 627 3257 φησὶν.
663 3184 1011 3255 ἡσύχασον.

516 3248 892 3342 Ἀπόατηοίον
940 3274 1041 3329 ἀπ’
1063 3273 1208 3344 ἐμοῦ
1234 3273 1343 3339 τὰς
1368 3271 1666 3343 μάστιγάς
1690 3287 1831 3328 σου.
1862 3272 2004 3335 Τοὺς
2027 3248 2074 3313 C

430 3368 579 3423 κατά
600 3367 701 3439 σὴν
747 3365 1144 3439 παραχώρησιν
1198 3365 1578 3436 ἐπαγομένους
1628 3354 1830 3429 ἔξωθεν
1879 3382 2006 3417 πει-

435 3459 706 3531 ρασμοὺς,
740 3461 832 3514 καὶ
861 3459 961 3523 τὰς
989 3457 1202 3514 ἔνδοθεν
1230 3459 1369 3529 ,ἀπὸ
1402 3456 1497 3511 τοῦ
1528 3457 1831 3519 συνειδότος
1866 3454 2007 3525 πλη-

434 3570 565 3621 γας.

517 3644 665 3700 Ἀπὸ
688 3645 802 3713 γὰρ
826 3642 940 3713 τῆς
970 3644 1181 3712 ίσχύος
1201 3644 1312 3711 τῆς
1337 3645 1534 3712 χειρός
1565 3659 1681 3698 σου
1713 3642 1828 3712 ἐγὼ
1879 3641 2009 3707 ἐξέ-

431 3740 641 3793 lator.
675 3738 849 3806 Χεῖρα
874 3734 973 3790 νῦν
1000 3735 1098 3806 τὴν
1147 3736 1478 3807 κολαστικὴν
1525 3735 1756 3805 δύναμιν
1815 3737 1967 3804 λέγει
1991 3752 2006 3767 ⁸

447 3829 773 3894 Ἐξέλιπον
793 3830 873 3893 δὲ,
897 3829 1017 3883 ἀντὶ
1050 3828 1166 3894 τοῦ,
1229 3828 1426 3882 Τέλεον
1459 3829 1755 3899 ἠσθένησα.
1807 3831 2009 3885 Σκόπει

432 3921 514 3984 δὲ,
571 3921 691 3982 πῶς
717 3923 776 3976 ὲν
809 3919 914 3990 μὶν
964 3921 1042 3990 τῷ
1096 3921 1421 3993 προλαϐόντι
1469 3921 1690 3992 ψαλμῷ,
1754 3923 2011 3993 παρέχων

435 4015 630 4067 ἑαυτὸν
684 4016 806 4075 ταῖς
857 4012 1232 4077 παιδευτικαῖς
1299 4013 1536 4082 πληγαῖς
1562 4055 1577 4077 ,
1629 4014 1838 4081 ἔλεγεν,
1884 4015 2009 4067 Ὀτι

433 4104 552 4173 ἐγὼ
611 4106 699 4171 είς
754 4103 1054 4173 μάστιγας
1095 4103 1363 4171 ἕτοιμος·
1414 4102 1510 4154 νῦν
1541 4102 1597 4155 δὲ
1641 4101 2011 4169 μαστιγωθεὶς

435 4195 661 4258 ἱκανῶς.
697 4195 957 4265 ἀνεθῆναι
991 4194 1353 4254 καθικετεύει.
1409 4194 1609 4264 μήπως
1642 4196 1708 4263 τῇ
1752 4209 2012 4263 περισσοο

432 4289 571 4358 τέρᾳ
596 4286 742 4361 λύπῃ
762 4286 1072 4356 καταποθῇ.

518 4381 619 4432 Ἐν
678 4379 956 4447 ἑλεῖ-μοῖς
1000 4376 1156 4446 ὑπὲρ
1196 4377 1449 4447 ἀνομίας
1505 4375 1875 4439 ἐπαίδευσας
1903 4376 2012 4429 ἇν-

432 4476 692 4539 θρωπον.
763 4470 855 4523 Ἐν
915 4468 996 4539 τῷ
1048 4469 1315 4539 ἐλέγχειν,
1377 4468 1656 4522 τουτέστιν
1717 4466 2009 4537 ἰατρεύειν,

2112 2006 2423 2077 guinarium
2470 2005 2767 2075 appellans.
2813 2005 3195 2075 Reassumpsit
3243 2016 3424 2061 autem
3465 2023 3682 2061 sermo-

2112 2113 2235 2153 nem
2271 2096 2561 2166 Propheta,
2599 2108 2647 2152 et
2681 2113 2777 2166 per
2805 2098 3050 2152 crebram
3087 2099 3430 2153 miSeriarum
3457 2115 3680 2154 suarum

2110 2190 2688 2244 commemorationem
2749 2190 3162 2245 misericordem
3192 2191 3357 2243 Deum
3411 2191 3586 2261 magis
3616 2192 3682 2246 ad

2114 2280 2547 2335 misericordiam
2586 2281 2776 2335 trahit.
2809 2281 2961 2335 Solet
2980 2282 3139 2336 etiam
3173 2281 3385 2335 daemon
3425 2283 3494 2335 iis
3531 2284 3621 2351 qui
3652 2298 3683 2337 a

2113 2388 2174 2427 se
2230 2372 2361 2427 victi
2423 2371 2646 2437 fuerint,
2704 2373 2990 2426 victoriam
3062 2387 3216 2427 suam
3285 2372 3680 2444 improperare,

2113 2470 2279 2529 atque
2310 2461 2363 2514 in
2392 2460 2517 2517 illos
2540 2462 2739 2530 probra
2761 2461 2967 2531 jacere.

2183 2550 2350 2609 Vens.
2392 2553 2478 2607 10.
2513 2552 2802 2608 Obsurdui.
2831 2554 3043 2625 Sponte
3068 2569 3186 2608 mea
3226 2544 3510 2620 nimirum,
3545 2555 3682 2610 adeo

2114 2652 2173 2698 ut
2200 2660 2307 2698 non
2346 2644 2540 2697 audire
2568 2646 2720 2699 visus
2753 2646 2879 2699 sim.
2943 2672 2945 2675 τ

2185 2734 2253 2789 Et
2298 2752 2401 2791 non
2435 2738 2617 2806 aperui
2673 2753 2729 2790 os
2772 2753 2963 2792 meum.
3007 2736 3192 2808 Neque
3236 2737 3441 2809 aliquid
3492 2747 3685 2793 contra

2113 2828 2247 2884 dixi.

2186 2920 2455 2987 Quoniam
2487 2928 2544 2973 tu
2572 2921 2758 2991 fecisti.
2807 2920 2970 2987 Quia,
3018 2921 3217 2990 inquit,
3249 2930 3304 2974 tu
3334 2921 3384 2975 ei
3412 2920 3685 2975 mandasti

2116 3022 2177 3067 ut
2212 3012 2346 3067 mihi
2375 3012 2804 3067 conviciaretur.
2836 3011 3098 3066 Dominus
3121 3012 3286 3073 enim.
3307 3011 3507 3081 inquit,
3547 3012 3686 3065 dixit

2113 3103 2182 3169 ei,
2214 3112 2274 3156 ut
2298 3102 2633 3158 malediceret
2661 3102 2833 3157 David
2873 3103 2946 3168 '°;
2985 3109 3040 3157 et
3068 3103 3196 3157 mihi
3221 3103 3387 3157 etiam
3419 3103 3604 3173 jussit,
3627 3114 3687 3157 ut

2116 3204 2354 3250 tacerem
2386 3213 2401 3251 :
2437 3194 2675 3249 Peecasti
2696 3195 2865 3259 enim,
2904 3194 3098 3263 inquit,
3136 3194 3331 3249 tace“.

2174 3287 2371 3339 Amove
2401 3301 2433 3339 a
2466 3302 2547 3338 me
2575 3285 2762 3354 plagas
2823 3293 2966 3338 tuas.
3022 3283 3384 3340 Tentationes
3427 3284 3688 3340 videlicet

2110 3381 2164 3429 et
2191 3375 2532 3430 calamitates
2567 3390 2690 3443 quae
2731 3374 2867 3427 mihi
2891 3375 3139 3430 exterius
3169 3375 3542 3445 permissione
3566 3386 3686 3438 tua,

2108 3475 2162 3522 et
2218 3468 2503 3528 stimulos.
2555 3468 2647 3524 aui
2707 3468 2943 3524 interius
2981 3484 3012 3523 a
3051 3483 3167 3522 mea
3197 3467 3517 3524 inferuntur
3547 3483 3687 3524 eon-

2109 3560 2371 3616 scientia.

2179 3652 2345 3709 Vens.
2376 3650 2461 3708 ﬂ.
2496 3653 2536 3705 A
2568 3652 2883 3722 fortitudine
2908 3670 3097 3708 manus
3118 3662 3223 3708 tute
3251 3670 3341 3725 ego
3374 3654 3558 3724 deieci.
3588 3651 3691 3708 Per

2110 3761 2332 3800 manum
2363 3746 2453 3801 hic
2480 3747 2739 3816 puniendi
2790 3748 3091 3815 potentiam
3131 3747 3412 3817 intelligit.
3483 3746 3684 3814 Defeci,

2112 3836 2306 3906 inquit,
2336 3837 2440 3891 hoc
2471 3848 2575 3902 est,
2617 3838 2933 3894 debilitatus
2967 3854 3113 3893 sum.
3172 3838 3307 3893 Illud
3364 3838 3687 3903 considera,

2110 3928 2390 3996 quomodo
2422 3928 2476 3981 in
2502 3928 2834 3997 praecedenti
2892 3929 3105 3996 psalmo
3136 3927 3435 3998 PrOpheta,
3459 3927 3692 3997 ﬂagellis

2112 4030 2172 4070 se
2210 4015 2573 4070 erudiendum
2630 4031 2934 4084 exponens,
2972 4015 3179 4071 diceret
3223 4031 3237 4067 :
3302 4015 3573 4081 Quoniam
3630 4014 3688 4067 in

2112 4106 2327 4178 ﬂagella
2353 4116 2573 4175 paratus
2589 4121 2706 4159 sum
2732 4108 2774 4138 “
2795 4130 2812 4172 ,
2836 4117 2890 4161 et
2913 4122 3061 4161 nunc
3094 4105 3175 4160 eis
3211 4105 3436 4174 gravius
3460 4119 3691 4173 percus-

2113 4214 2230 4264 sus,
2290 4199 2423 4253 solvi
2486 4206 2682 4266 rogat,
2716 4212 2785 4253 ne
2844 4197 3096 4267 ampliori
3149 4197 3540 4252 absorberetur
3591 4197 3722 4252 ινί-⁴

2115 4293 2291 4349 stitia.

2183 4383 2637 4453 Increpationibus
2667 4390 2878 4451 propter
2906 4382 3210 4451 iniquitates
3262 4380 3484 4435 erudisti
3508 4380 3695 4434 homi-

2117 4491 2255 4532 nem.
2295 4475 2428 4529 Dum
2458 4477 2731 4544 increpas.
2769 4474 2973 4543 inquit,
3018 4481 3071 4528 et
3103 4472 3412 4543 redarguis,
3452 4472 3557 4525 hoc
3582 4479 3691 4534 est.

433 4563 767 4625 ἐπαίδευσας
799 4561 1110 4633 ἄνθρωπον,
1163 4561 1353 4615 ἕνεκεν
1405 4560 1657 4631 ἀνομίας,
1699 4561 1759 4614 οὐ
1792 4560 1862 4614 δι’
1890 4559 2009 4613 ἕτε-

2116 4569 2246 4624 dum
2303 4567 2394 4638 pie
2452 4566 2714 4631 mederis,
2765 4564 2995 4621 erudisti
3025 4564 3304 4620 hominem
3335 4580 3350 4618 :
3388 4574 3555 4633 atque
3588 4563 3697 4618 hoc

435 4657 532 4727 ρόν
564 4673 642 4710 τι.
674 4654 842 4709 Ὥστε
882 4654 1200 4725 σωτήριοςή
1238 4652 1455 4708 παιδεία
1487 4670 1581 4707 σου
1602 4670 1616 4684 ο
1639 4652 1926 4724 ἄνθρωπον
1954 4649 2012 4704 δὲ

432 4749 585 4816 λέγει
611 4747 824 4801 ἑαυτόν.

508 4952 619 5006 Kal
657 4947 950 5016 ἐξέτηξας
976 4947 1056 5013 ὠς
1108 4946 1383 5016 ἀράχνην
1404 4945 1520 5013 τὴν
1548 4945 1761 5015 ψυχὴν
1803 4944 2011 5000 αὐτοῦ.

435 5042 552 5096 Καὶ
584 5041 890 5102 ὲλέπτυνας
918 5039 1124 5109 ταύτην
1145 5041 1261 5102 τοῖς
1300 5041 1651 5110 πειρασμοῖς,
1693 5037 2017 5107 περικαθαί-

439 5151 553 5206 ρων
575 5132 639 5187 τδ
652 5132 762 5186 ἀπὸ
789 5134 890 5202 τῆς
914 5132 1195 5204 ἁμαρτίας
1214 5132 1388 5200 πάχος
1416 5131 1583 5202 αὐτῆς
1606 5147 1621 5162 ·
1669 5130 2017 5184 λεπτὼτατον

432 5228 495 5282 δὲ
523 5226 685 5293 ζῶον,
721 5226 752 5280 δ
781 5224 1048 5295 ἀράχνης,
1102 5225 1197 5278 καὶ
1247 5223 1449 5294 μᾶλλον
1480 5222 1575 5275 ἐπὶ
1609 5223 1724 5285 τοῖς
1773 5221 2014 5276 σκέλεσι.

434 5319 679 5390 Παχύνει
734 5317 836 5388 μὲν
866 5316 973 5389 γὰρ
1015 5316 1116 5388 τὴν
1169 5315 1347 5386 ψυχὴν
1378 5315 1410 5385 ἡ
1447 5311 1725 5386 ἁμαρ-,τίω
1764 5312 2015 5366 λεπτύνει

432 5410 492 5465 ἃ
526 5410 560 5481 ἡ
592 5406 965 5463 κακοπάθεια.

505 5674 688 5741 Πλὴν
728 5673 933 5744 μάτην
957 5673 1077 5742 πᾶς
1117 5676 1449 5745 ἄνθρωπος.
1481 5675 1651 5729 Πάλιν
1681 5674 2017 5728 ὲπανέλαὸεν

522 5862 568 5903 ιο
598 5859 642 5934 tt
676 5856 814 5931 Reg.
845 5874 956 5923 xw,
998 5859 1079 5912 to.

2117 4671 2339 4730 propter
2376 4659 2719 4728 iniquitates,
2741 4664 2795 4711 et
2819 4672 2924 4710 non
2950 4657 3056 4709 alia
3083 4657 3150 4711 de
3188 4671 3383 4710 causa.
3424 4655 3698 4710 Salutaris

2034 4807 2039 4811 _
2117 4753 2387 4821 estigitur
2443 4750 2734 4822 castigatio
2778 4759 2901 4813 tua;
2934 4765 3032 4819 per
3082 4748 3360 4804 hominem
3408 4763 3540 4803 vero
3595 4749 3702 4804 sei-

2118 4860 2277 4916 psum
2314 4844 2593 4913 intelligit.

2185 4937 2354 4994 Vsus.
2391 4936 2472 4989 12.
2515 4935 2579 4990 Et
2640 4935 2934 4990 extenuasti
2964 4934 3101 4988 sicut
3141 4948 3395 4988 araneam
3465 4931 3702 4985 animam

2118 5025 2582 5088 meam.Crebris,
2639 5026 2835 5095 inquit,
2894 5023 3297 5080 tentationibus
3360 5031 3419 5076 et
3472 5020 3702 5090 ﬂagellis

2124 5117 2424 5175 attenuasﬁ
2474 5117 2715 5172 animam
2780 5133 2955 5172 meam
3022 5113 3500 5170 :crassitudinem
3553 5110 3697 5164 illam

2125 5211 2410 5276 nimirum,
2446 5226 2569 5281 qute
2612 5212 2685 5267 ob
2714 5218 2939 5283 peccata
2974 5215 3355 5270 concreverat,
3387 5204 3435 5258 ei
3461 5200 3700 5256 circum-

2122 5305 2332 5359 cidens.
2386 5304 2479 5358 Est
2535 5312 2720 5360 autem
2785 5319 2980 5357 aranea
3009 5302 3151 5356 exile
3180 5296 3407 5358 animal,
3430 5294 3519 5348 cui
3553 5307 3703 5348 nunc

2128 5397 2368 5451 animam
2436 5412 2594 5452 suam
2667 5402 2969 5465 comparat.
3026 5391 3176 5447 Solet
3229 5389 3372 5443 enim
3435 5385 3616 5440 anima
3671 5398 3702 5437 a

2128 5491 2367 5561 peccatis
2407 5489 2812 5561 quodammodo
2864 5485 3101 5540 crassior
3128 5482 3316 5550 reddi,
3347 5490 3401 5535 et
3466 5486 3659 5533 contra
3683 5513 3703 5542 ,

2129 5582 2419 5637 afﬂictione
2457 5589 2510 5636 et
2545 5579 2773 5651 ﬂagellis
2806 5575 3100 5634 attenuari.

2213 5671 2582 5727 Verumtamen
2644 5670 2850 5740 {rustra
2892 5668 3062 5723 omnis
3091 5665 3269 5722 homo.
3305 5662 3385 5720 Ad
3438 5672 3704 5734 majorem

1192 5858 1232 5889 ”
1260 5857 1403 5912 Psal.
1438 5872 1588 5921 κως,
1617 5836 1707 5911 fil.
1789 5859 1829 5889 ¹¹
1859 5857 2002 5913 Psal.
2056 5870 2263 5917 xxxvii,
2329 5853 2413 5908 18.
