4078 6414
404 413 508 475 447

1628 413 2016 473 EU'I‘HYMII
2057 412 2424 471 ZIGABENI
2751 443 2768 471 ι

3575 395 3680 460 413

407 523 908 579 ιιοτι-οὺοιόιίοηοηι
967 523 1258 579 sententiae
1309 538 1338 576 a
1384 537 1442 578 se
1504 523 1690 588 dieue,
1739 525 1992 580 eumdem

2100 523 2190 576 τὸν
2238 521 2368 591 περὶ
2389 519 2580 573 τούτου
2605 518 2762 586 λόγον
2806 515 2942 585 πρὸς
2996 514 3350 585 βεϐαιοτέραν
3399 513 3676 584 πληροφοο

413 617 684 687 Propheta
740 617 938 685 repetit
961 631 1314 683 sermonem;
1347 617 1875 687 subintelligendum
1907 626 1990 672 est

409 718 588 759 tamen
614 705 859 761 verbum.
890 704 1277 762 Conturbatur.

479 794 647 849 Vens.
680 794 764 847 l3.
833 792 1046 847 Exaudi
1107 795 1406 849 orationem
1435 812 1604 848 meam
1628 837 1642 860 ,
1673 797 1914 855 Domine.
1940 804 1990 848 et

409 886 842 954 supplicationem
901 901 1070 938 meam
1113 887 1336 939 auribus
1391 887 1616 954 percipe.
1651 887 1796 940 Idem
1837 901 1992 954 atque

409 976 718 1047 signiﬁcant
747 976 860 1031 hazc
890 976 1077 1041 verba,
1104 991 1200 1046 per
1233 977 1559 1047 Prophetam
1599 991 1749 1030 more
1783 990 1886 1031 suo
1913 978 1992 1031 sic

409 1067 764 1135 ingeminata.

476 1159 770 1230 Lacrymas
799 1177 942 1215 meas
960 1177 1022 1214 ne
1041 1161 1221 1216 sileas.
1240 1161 1298 1215 Id
1323 1167 1428 1225 est,
1451 1161 1525 1215 Ne
1538 1159 1831 1228 despicias.
1854 1159 1987 1213 Nam

409 1252 502 1322 qui
548 1253 785 1319 aliquem
853 1253 1190 1320 despiciunt,
1219 1260 1404 1307 tacere
1429 1253 1630 1307 solent.
1668 1252 1991 1306 lndiﬂ‘erens

410 1354 588 1395 autem
612 1351 696 1396 est
729 1344 1073 1397 constructio
1105 1343 1419 1404 verborum,
1452 1340 1668 1396 Exaudi
1709 1350 1764 1396 ct
1799 1341 1882 1396 Ne
1915 1344 1992 1396 si-

411 1435 542 1488 leas.
586 1433 719 1488 Illud
753 1437 919 1489 etiam
951 1435 1270 1501 considera,
1322 1435 1597 1504 quomodo
1641 1449 1750 1490 non
1781 1435 1992 1504 simpli-

409 1527 547 1580 citer
569 1537 688 1580 orat
720 1525 994 1595 Propheta
1025 1536 1226 1591 noster,
1265 1525 1358 1580 sed
1387 1541 1510 1580 cum
1537 1525 1812 1596 lacrymis.

480 1616 741 1681 Quoniam
794 1634 884 1687 ego
946 1617 1120 1670 incola
1163 1633 1280 1670 sum
1315 1617 1457 1687 apud
1514 1627 1561 1670 te
1590 1628 1637 1669 et
1666 1617 1993 1686 peregrinus,

413 1712 744 1764 sicutomnes
779 1724 958 1778 patres
996 1713 1120 1764 mei.
1151 1710 1370 1772 Accola,
1413 1725 1509 1764 seu
1545 1709 1800 1778 indigena
1856 1709 1994 1764 dici-

410 1811 500 1854 tur
528 1803 649 1866 ille,
679 1805 770 1872 qui
831 1804 934 1857 loci
983 1803 1221 1870 alicujus
1277 1818 1606 1870 permanens
1635 1812 1721 1858 est
1770 1819 1832 1857 ac
1869 1819 1995 1873 per-

2098 615 2224 684 ρίαν
2251 631 2264 644 ·
2324 613 2504 666 λείπει
2533 611 2589 664 δὲ
2613 610 2694 676 :6,
2729 608 3122 678 Ταράσσεται.

2169 793 2556 846 Εἱσάκουσον
2581 789 2693 856 τῆς
2738 785 3089 856 προσευχῆς
3134 803 3276 854 μου,
3328 786 3527 854 Κύριε,
3578 786 3680 842 καὶ

2095 883 2206 951 τῆς
2228 881 2495 950 δεήσεώς
2512 898 2631 951 μου
2658 879 2958 934 ένώτισαι.
2977 879 3071 930 Ἐκ
3096 877 3447 945 παραλλήλου
3471 877 3530 929 τὸ
3546 877 3680 930 αύτὸ

2097 993 2284 1047 φησιν,
2309 974 2384 1038 ὡς
2416 973 2536 1036 ἔθος
2560 971 2735 1041 αὐτῷ.

2173 1151 2294 1205 Τῶν
2319 1150 2596 1218 δακρύων
2616 1150 2837 1218 μουμὴ
2857 1145 3364 1215 παρασιωπήσῃςο
3383 1148 3529 1200 ’Δντὶ
3557 1147 3676 1212 τοῦ,

2094 1243 2186 1312 Μὴ
2208 1243 2440 1313 παρίδῃς
2466 1258 2481 1272 ·
2540 1241 2590 1294 oi
2627 1239 2737 1308 γὰρ
2801 1237 3156 1309 παρορῶντες
3201 1255 3344 1303 τινα,
3377 1239 3676 1293 σιωπῶσιν.

2108 1334 2428 1402 Ἀδιάφορος
2466 1331 2522 1384 δὲ
2552 1332 2584 1400 ἡ
2612 1329 2866 1395 σύνταξις
2897 1326 3014 1394 τοῦ,
3055 1329 3384 1392 Ἑνώτισαι,
3425 1329 3521 1379 καὶ
3558 1327 3677 1388 τοῦ,

2096 1425 2192 1492 Μὴ
2225 1423 2730 1493 παρασιωπήσῃς.
2767 1423 2908 1496 ᾭρα
2935 1421 3012 1487 δὲ,
3039 1421 3123 1474 ὅτι
3174 1422 3272 1490 οὐχ
3304 1420 3513 1486 ἁπλῶς,
3543 1420 3681 1473 ἀλλὰ.

2104 1517 2245 1588 μετὰ
2275 1517 2530 1585 δακρύων
2558 1516 2793 1568 ἱκέτευε.

2169 1611 2298 1662 ’Ὅτι
2323 1609 2610 1674 πάροικος
2643 1606 2758 1676 ἐγώ
2776 1609 2891 1675 εἰμι
2918 1605 3075 1674 παρὰ
3109 1605 3211 1658 σοὶ
3245 1605 3338 1658 καί
3361 1606 3684 1672 παρεπίόηο

2095 1716 2228 1767 μσς,
2267 1699 2460 1763 καθὼς
2491 1698 2715 1762 πάντες
2747 1699 2800 1750 οἱ
2820 1695 3068 1763 πατέρες
3095 1713 3236 1764 μου.
3279 1695 3548 1758 Κάτοικος
3582 1694 3685 1763 μέν

2103 1793 2250 1843 ἐστιν
2270 1795 2295 1842 6
2315 1790 2544 1858 μόνιμος
2567 1790 2829 1857 οἱκήτωρσ
2853 1788 3117 1856 πάροικος
3139 1788 3216 1851 δὲ,
3241 1789 3268 1838 6
3313 1787 3677 1856 πρόσκαιρος,

412 1902 604 1956 petuns
659 1893 980 1957 habitator;
1016 1893 1192 1947 incola
1255 1893 1458 1945 vernis
1511 1892 1605 1960 qui
1647 1893 1714 1945 al
1771 1902 1993 1960 tempus

2100 1884 2126 1934 6
2160 1882 2630 1952 μετοικιζόμενος,
2663 1879 2978 1940 κελεύοντος
3003 1877 3099 1930 τοῦ
3139 1877 3234 1944 τῆς
3258 1877 3361 1944 γῆς
3394 1877 3682 1930 δεσπότου.

412 1983 640 2048 habitat,
674 1984 880 2052 quique
945 1982 1173 2050 iubente
1237 1982 1391 2036 fundi
1439 1983 1664 2037 domino
1692 1983 1997 2039 habitatio-

413 2087 534 2126 nem
587 2079 784 2125 mutat.
850 2071 983 2142 Ego,
1037 2072 1236 2140 inquit,
1293 2074 1337 2127 si
1394 2075 1611 2128 caeteris
1680 2075 1998 2132 hominibus

414 2177 726 2231 comparer,
779 2164 966 2217 accola
1017 2163 1236 2232 quidem
1271 2178 1416 2229 sum,
1451 2175 1506 2218 et
1535 2179 1805 2233 possessas
1842 2175 2000 2220 terra:

410 2252 660 2322 indigena
688 2271 703 2316 ;
738 2252 856 2312 sed.
902 2253 946 2308 si
972 2253 1040 2307 ad
1067 2260 1118 2307 te
1140 2253 1307 2307 Deum
1335 2269 1514 2308 meum
1549 2255 1812 2323 suspicio,
1842 2255 1999 2310 inco-

413 2344 519 2395 lam
555 2358 641 2397 me
657 2357 780 2397 esse
817 2342 1010 2398 fateor.
1029 2341 1106 2399 Te
1135 2345 1282 2398 enim
1311 2344 1540 2414 jubente
1562 2347 1994 2416 transmigrabo,

409 2433 603 2487 ethoc
660 2437 867 2488 mundo
938 2435 1132 2489 relicto
1185 2434 1253 2488 ad
1310 2434 1478 2489 alium
1547 2436 1628 2490 ire
1674 2436 1994 2505 compellar.

413 2524 739 2594 Peregrinus
793 2525 1074 2591 similiter,
1117 2527 1208 2580 ubi
1261 2527 1537 2581 modicum
1565 2527 1696 2596 quid
1745 2527 1909 2581 fuerit
1941 2529 1994 2580 in

408 2617 580 2669 aliena
609 2618 832 2684 regione
881 2618 1232 2682 immoratus,
1263 2633 1330 2673 eo
1383 2618 1732 2687 postmodum
1763 2619 1995 2673 reverti-

2096 1976 2239 2044 Πρὸς
2274 1977 2374 2044 μὲν
2424 1975 2550 2035 τοὺς
2604 1971 2953 2040 ἀνθρώπους,
3006 1969 3266 2033 κάτοικός
3326 1972 3683 2039 εἰμι,φησὶν,

2093 2066 2455 2134 ἀντεχόμενος
2511 2065 2612 2133 τῆς
2648 2065 2786 2134 ὲμῆς
2823 2063 2929 2131 γῆς
2965 2061 3040 2124 ὡς
3076 2061 3213 2122 ἰδίας
3237 2071 3252 2086 ⁸
3303 2059 3456 2128 παρά
3490 2059 3574 2111 σοὶ
3601 2059 3684 2122 δὲ,

2093 2159 2342 2211 τουτέστι
2409 2156 2546 2226 πρὸς
2581 2157 2660 2220 σὲ,
2715 2155 3005 2226 πάροικος.
3035 2154 3137 2205 Σοῦ
3177 2153 3288 2221 γὰρ
3315 2151 3683 2213 κελεύσαντος

2094 2251 2188 2304 τοῦ
2220 2233 2426 2320 Κυρίου
2453 2250 2553 2318 τῆς
2582 2249 2708 2319 γῆς,
2745 2246 3132 2317 μετοικίζομαι
3169 2245 3303 2315 πρὸς
3358 2242 3552 2312 ἕτερον
3591 2241 3686 2293 κό-

2099 2360 2261 2410 σμον.
2292 2344 2402 2396 Καὶ
2437 2345 2465 2395 6
2505 2341 2885 2411 παρεπίδημος
2905 2339 2985 2403 δὲ,
3011 2337 3148 2406 πρὸς
3181 2335 3362 2404 ὀλίγον
3395 2336 3533 2388 τισὶν
3560 2335 3684 2386 ἐπι-

2095 2433 2369 2504 δημήσας,
2397 2430 2555 2494 αὖθις
2609 2433 2831 2486 ἄπεισιν
2876 2431 3000 2497 ὅθεν
3029 2425 3182 2498 ἦλθε.
3229 2427 3402 2480 Τοῦτο
3435 2427 3492 2479 δὲ
3537 2427 3684 2478 ποιεῖ

2095 2529 2205 2590 πᾶς
2252 2525 2540 2593 ἄνθρωπος
2571 2523 2711 2596 πρὸς
2743 2523 2934 2593 καιρὸν
2969 2522 3196 2592 βιώσας,
3229 2516 3345 2574 εἷτα
3388 2517 3562 2572 θανὼν
3585 2519 3681 2571 καὶ

2097 2619 2389 2680 ἀναλυθεὶς
2429 2620 2509 2680 είς
2542 2618 2612 2671 τὰ
2641 2618 2702 2682 ἐξ
2734 2613 2807 2670 ὧν
2834 2616 3134 2670 συνέκειτο.

413 2720 520 2771 tur,
560 2709 705 2762 unde
740 2707 918 2763 [iterat
976 2711 1276 2779 profectus.
1306 2711 1406 2766 Cui
1436 2712 1748 2783 comparari
1802 2719 1984 2782 potest
2023 2713 2256 2781 quilibet
2289 2712 2563 2767 mortalis.
2606 2710 2739 2766 Nam
2773 2711 2840 2766 ad
2872 2719 3083 2765 certum
3118 2724 3182 2764 ac
3239 2709 3406 2764 breve
3471 2720 3681 2776 tempus

412 2800 664 2862 vivimus,
697 2808 749 2851 et
776 2800 996 2854 demum
1026 2803 1078 2856 in
1114 2819 1202 2868 ea,
1231 2805 1374 2858 unde
1401 2805 1670 2873 originem
1696 2805 1977 2870 duximus,
2014 2805 2210 2860 iterum
2241 2805 2590 2860 resolvimur.

483 2893 641 2948 VEHS.
690 2893 777 2946 Η».
845 2893 1066 2948 Dimitte
1109 2897 1236 2949 mihi
1266 2906 1322 2950 ut
1357 2897 1638 2966 refrigerer
1679 2900 1990 2968 priusquam

409 2987 615 3039 abeam.
643 2984 810 3039 Parce
845 2987 1004 3048 mihi,
1037 2987 1238 3057 inquit,
1271 2989 1406 3044 siste
1432 2990 1734 3059 ﬂagellum,
1771 2999 1827 3044 ut
1857 3007 1998 3060 pau-

411 3079 582 3131 lulutu
617 3078 891 3144 consoler,
922 3087 976 3132 et
1012 3080 1337 3135 aﬂlictiones
1362 3096 1390 3134 a
1417 3098 1501 3135 me
1534 3088 1809 3137 excutiam
1836 3091 1994 3138 ante-

407 3183 572 3238 quam
607 3170 811 3222 moriar
845 3167 948 3240 [vel
981 3169 1092 3233 dic,
1126 3171 1268 3240 quod
1294 3181 1644 3242 peccatorum
1682 3175 1896 3229 veniam
1939 3176 1994 3230 in

409 3261 782 3328 praesentivita
801 3261 1084 3332 postulat].

484 3351 553 3406 Et
570 3353 796 3421 amplius
824 3370 924 3406 non
958 3370 1069 3408 ero.
1104 3353 1167 3409 Et
1192 3369 1316 3410 cum
1343 3355 1496 3410 ivero
1530 3358 1621 3412 ubi
1646 3367 1776 3412 sunt
1802 3366 1988 3427 patres

416 3447 542 3508 mei,
579 3461 686 3500 non
726 3461 821 3502 ero
841 3447 1096 3515 amplius,
1126 3447 1230 3502 hoc
1255 3456 1358 3512 est,
1385 3465 1494 3502 non
1520 3449 1760 3519 amplius
1787 3450 1992 3503 vivam.

411 3539 528 3603 Vel,
563 3553 672 3593 non
732 3553 826 3592 ero
881 3537 1121 3606 amplius
1178 3539 1232 3591 in
1299 3540 1557 3608 praesenti
1599 3541 1826 3596 mundo.
1874 3540 1998 3596 Haec

409 3631 575 3685 etiam
632 3630 801 3684 verba
842 3629 907 3683 ad
971 3631 1294 3698 placandam
1333 3629 1427 3685 Dei
1476 3632 1637 3696 iram,
1668 3639 1722 3687 et
1761 3633 1827 3687 ad
1879 3633 1998 3703 ejus

411 3721 846 3777 misericordiam
861 3721 1267 3776 conciliandam
1289 3720 1433 3777 dicta
1454 3730 1580 3776 sunt
1603 3740 1619 3788 ;
1641 3724 1777 3780 illud
1793 3733 1996 3793 autem,

411 3815 532 3868 Non
563 3814 817 3884 amplius,
849 3814 915 3868 ad
949 3814 1218 3870 orationis
1247 3815 1753 3872 conﬁrmationem.

726 3929 791 3985 In
814 3931 973 3998 ﬁnem
1026 3928 1272 3984 Psatmus
1327 3929 1430 3998 ipsi
1486 3930 1680 3989 Dauid.

909 4061 1230 4118 PSALMUS
1259 4061 1506 4118 XXXIX.

419 4225 434 4232 -
485 4175 688 4231 Sancto
712 4174 924 4244 Spiritu
954 4176 1169 4230 afﬂatus
1222 4175 1413 4231 beatus
1435 4175 1629 4241 David,
1660 4176 1806 4233 hunc
1860 4179 2006 4248 psal-

415 4283 562 4321 mum
623 4266 676 4318 in
725 4281 956 4334 persona
1011 4265 1270 4318 Ecclesim
1295 4265 1736 4318 Christianorum
1775 4267 2000 4332 cecinit,

413 4374 524 4427 quo
555 4358 762 4427 gratias
818 4358 930 4411 Deo
966 4357 1078 4422 agit
1128 4374 1226 4424 pm
1264 4356 1518 4410 miriﬁcis
1545 4357 1706 4412 donis
1743 4359 1943 4426 quibus
1974 4375 2003 4412 a

417 4444 524 4517 beo
545 4443 716 4512 gratis
754 4443 956 4496 donata
986 4454 1090 4504 est,
1126 4455 1177 4496 et
1220 4444 1289 4495 ab
1314 4459 1377 4496 eo
1406 4444 1678 4499 adversus
1706 4446 2001 4516 insurgen-

413 4543 495 4592 tes
521 4535 577 4588 in
607 4549 666 4590 se
705 4543 967 4604 tyrannos
999 4549 1156 4601 opem
1187 4533 1343 4600 petit.
1372 4531 1439 4587 In
1463 4535 1619 4602 ﬁnem
1658 4535 1997 4603 inscribitur,

2176 2905 2457 2971 "Arce-[1m
2486 2903 2585 2954 ἵνα
2612 2897 2928 2966 ἀναψύεω,
2972 2897 3085 2965 πρὸ
3117 2896 3223 2950 τοῦ
3258 2897 3336 2966 μὲ
3374 2895 3682 2950 ἀπελθεῖν-ο

2100 2995 2291 3046 Φεϊσαί
2331 3011 2464 3062 μου,
2501 2994 2698 3062 στῆσον
2732 2993 2830 3060 τὴν
2865 2993 3121 3059 μάστιγα,
3166 2991 3252 3043 ἵνα
3313 2990 3507 3059 μικρὸν
3544 3004 3688 3058 παρ-

2104 3085 2385 3155 ηγορηθῶ,
2438 3085 2532 3137 καὶ
2593 3084 2940 3151 ἀποσείωμαι
3003 3084 3103 3145 τὰς
3155 3081 3399 3151 θλίψεις,
3453 3080 3559 3149 πρὸ
3593 3078 3690 3131 τοῦ

2105 3174 2400 3228 ἀποθανεῖν
2428 3192 2517 3244 με.

2168 3357 2276 3412 Καὶ
2301 3355 2502 3410 οὐκέτι
2539 3357 2612 3410 οὐ
2643 3355 2728 3424 μὴ
2759 3354 3027 3424 ὑπάρξω.
3086 3355 3196 3407 Καὶ
3257 3353 3512 3406 ἀπελθὼν
3549 3354 3691 3406 ὅπου

2099 3450 2193 3503 καὶ
2232 3450 2281 3502 οἱ
2343 3447 2580 3519 πατέρες
2635 3465 2760 3514 μου,
2819 3448 3003 3500 οὐκέτι
3060 3447 3308 3517 ὑπάρξω,
3375 3446 3688 3510 τουτέστιν,

2097 3542 2283 3594 οὐκέτι
2320 3540 2590 3611 βιώσομαι
2613 3558 2627 3571 '
2657 3540 2714 3611 ἦ,
2750 3539 2936 3593 οὐκέτι
2988 3541 3219 3610 ὑπάρξω
3246 3541 3304 3592 ὲν
3343 3540 3423 3609 τῷ
3456 3539 3691 3609 παρόντι

2099 3633 2312 3702 κόσμῳ.
2338 3633 2709 3702 Δύσωπητικὰ
2741 3632 2798 3685 δὲ
2843 3634 2936 3684 καὶ
2969 3628 3109 3701 ἄγαν
3137 3633 3332 3702 οἰκτρὰ
3351 3633 3418 3686 τὰ
3441 3633 3690 3703 ῥήματα.

2101 3719 2175 3774 Τὸ
2195 3721 2272 3785 δὲ,
2335 3723 2417 3776 Οὐ
2445 3720 2554 3792 μὴ,
2604 3721 2744 3790 πρὸς
2801 3720 3096 3790 βεϐαίωσιν
3142 3721 3238 3774 τοῦ
3267 3720 3428 3789 λόγου
3491 3720 3693 3791 παρείο

2101 3813 2328 3882 ληπται.

2527 3929 2631 3990 Εὶς
2655 3928 2722 3980 τὸ
2762 3927 2936 3994 τέλος
2956 3925 3036 3991 τῷ
3074 3926 3273 3980 Δαϐἰδ.

2670 4059 2966 4113 ΨΑΛΜΟΣ
2993 4057 3117 4112 ΛΘ’.

2219 4171 2346 4239 ὗτος
2377 4179 2404 4228 6
2441 4173 2657 4243 ψαλμδς
2687 4171 2932 4242 ὲνηχήθη
2959 4169 3038 4239 τῷ
3067 4170 3234 4222 Δαϐὶδ
3261 4169 3367 4222 ὑπὸ
3402 4171 3498 4223 τοῦ
3530 4170 3689 4237 ἁγίου

2113 4265 2454 4334 Πνεύματος,
2476 4266 2540 4317 ὲκ
2565 4261 2862 4332 προσώπου
2899 4262 2999 4329 τῆς
3029 4259 3363 4328 Ἐκκλησίας
3394 4261 3502 4313 τῶν
3550 4262 3693 4331 Χρι-

2107 4357 2358 4422 στιανῶν,
2409 4353 2840 4425 εὐχαριστούσης
2898 4353 2998 4422 μὲν
3065 4352 3151 4422 ἐφ’
3210 4346 3293 4415 οἷς
3341 4351 3550 4422 ἠξιώθη
3580 4355 3686 4422 τῆς

2107 4451 2260 4512 θείας
2290 4451 2535 4519 χάριτος,
2561 4447 2822 4517 δεομένης
2852 4447 2906 4500 δὲ
2944 4444 3204 4515 περὶτῶν
3235 4445 3691 4514 ἐπανισταμένων

2107 4543 2242 4611 αὐτῇ
2274 4541 2576 4610 τυράννων.
2606 4541 2706 4603 Εἰς
2733 4539 2796 4591 τὸ
2820 4537 2994 4604 τέλος
3033 4537 3090 4589 δὲ
3142 4537 3572 4606 ἐπιγέγραπται,
3602 4536 3690 4589 διὰ

413 4627 542 4694 quia
565 4642 687 4696 qua:
719 4626 806 4680 hic
860 4625 1150 4679 traduntur
1203 4625 1362 4680 linem
1404 4627 1698 4697 quemdam
1731 4631 1996 4701 respicie-

2105 4636 2166 4687 τὸ
2187 4635 2255 4687 τὰ
2289 4633 2660 4703 γεγραμμένα
2695 4631 2827 4699 πρὸς
2849 4631 3002 4694 τέλος
3026 4631 3238 4701 ἀφορᾷν
3259 4645 3273 4660 ⁸
3308 4630 3536 4698 γέγονεν
3579 4627 3688 4698 γὰρ

417 4719 569 4782 bant,
602 4732 762 4786 quem
801 4727 988 4787 postea
1021 4717 1352 4773 habuerunt.

483 4808 650 4863 Vens.
672 4809 728 4862 2.
759 4808 1086 4876 Exspectans
1126 4812 1422 4878 exspectavi
1452 4811 1761 4869 Dominum.
1796 4814 1998 4886 Hujus-

415 4900 562 4954 modi
609 4902 900 4954 verborum
956 4903 1213 4970 repetitio
1273 4903 1717 4973 frequentissima
1747 4916 1830 4961 est
1855 4909 1998 4977 apud

419 4991 699 5057 Hebraeos,
722 5000 775 5046 et
795 4992 1160 5047 intensionem
1191 4997 1485 5062 quamdam
1518 4997 1718 5051 mentis
1750 4998 1998 5062 denotat,

417 5090 478 5137 ut
504 5083 634 5137 il1ud
668 5099 684 5139 :
724 5082 913 5138 Videas
938 5085 1065 5146 vidi,
1103 5094 1180 5149 et,
1207 5086 1536 5156 Cognosceus
1563 5105 1864 5159 cognosces,
1898 5091 2000 5146 hoc

414 5183 522 5240 ,cst,
552 5173 832 5244 Exquisite
873 5191 1198 5246 cognosces,
1259 5185 1315 5231 et
1363 5179 1469 5232 alia
1506 5179 1846 5248 huiusmodi.
1887 5180 2000 5234 Ea:-

414 5273 658 5333 9pectans
685 5265 846 5335 igitur
869 5269 1160 5333 exspectavi
1206 5267 1509 5328 Dominum,
1555 5267 1656 5322 hoc
1687 5276 1792 5334 est,
1838 5267 2004 5325 Valde

418 5356 730 5424 exspectavi
760 5358 1064 5423 adjutorem
1089 5372 1265 5412 meum
1305 5353 1609 5410 Christum.
1677 5356 1799 5426 Ipse
1855 5359 2000 5414 enim

419 5455 496 5511 pst
537 5450 859 5516 exspectatio
909 5449 1142 5518 gentium
1169 5450 1232 5512 ¹³,
1291 5446 1754 5518 quemadmodum
1823 5450 1889 5504 de
1939 5466 2006 5505 eo

421 5547 579 5607 antea
607 5553 636 5590 a
665 5541 948 5609 prOphetis
991 5539 1415 5609 pramuntiatum
1477 5547 1584 5593 est.

495 5627 563 5684 Et
615 5631 840 5684 intendit
913 5632 1066 5686 mihi.
1104 5629 1162 5687 ln
1221 5646 1327 5699 me,
1379 5632 1580 5702 inquit,
1623 5631 1813 5688 oculos
1866 5649 1996 5690 suos

506 5803 547 5834 ⁸³
597 5802 732 5856 Gen.
779 5820 924 5866 XLIX,
959 5805 1043 5862 10.

2109 4741 2312 4778 παντα.

2185 4813 2530 4883 ’Υπομένων
2585 4813 2879 4881 ὑπέμεινα
2907 4811 3017 4864 τὸν
3042 4812 3283 4880 Κύριοι».
3339 4810 3401 4866 ’0
3445 4811 3689 4873 τοιοῦτος

2107 4904 2524 4974 διπλασιασμὸς,
2572 4903 2810 4974 συνήθης
2845 4901 2947 4970 μὲν
2970 4904 3081 4964 τοῖς
3126 4901 3404 4972 Ἑϐραίοις
3428 4917 3441 4930 ·
3481 4900 3597 4954 ἐστι
3632 4902 3688 4954 δὲ

2103 4997 2440 5066 ,ἐμφαντικὸς
2485 4996 2808 5057 ὲπιτάσεως,
2845 4995 2921 5056 ὡς
2949 4998 3030 5058 τδν
3101 4991 3272 5047 Ἰδὼν
3318 4993 3452 5045 ἴδον
3481 5033 3494 5057 ν
3562 4993 3683 5059 καὶ.

2103 5088 2437 5150 ,Γινώσκων
2458 5087 2682 5157 γνώσῃ,
2713 5087 2834 5139 ἀντὶ
2871 5085 2990 5152 τοῦ,
3034 5084 3306 5152 Ἀκριϐὦς
3333 5083 3540 5154 γνώσῃ.
3593 5086 3688 5136 καὶ

2109 5181 2178 5232 τὰ
2208 5177 2450 5232 τοιαῦτα.
2500 5176 2850 5243 ’Υπομένων
2904 5175 2997 5228 οὖν
3054 5174 3367 5243 ὑπέμεινα,
3403 5175 3530 5226 ἀντὶ
3567 5173 3684 5237 τοῦ,

2111 5269 2327 5338 Σφόδρα
2402 5265 2779 5338 προσεδόκησα
2839 5265 3032 5336 βοηθὸν
3104 5265 3196 5316 τὸν
3243 5265 3498 5334 Χριστόν.
3576 5265 3688 5317 Καὶ

2101 5359 2292 5422 Αὐτὸς
2314 5357 2445 5427 γὰρ,
2477 5358 2629 5426 φησι,
2665 5356 2998 5425 προσδοκία
3055 5353 3280 5408 ἐθνῶν-ο
3343 5354 3469 5421 περὶ
3495 5353 3686 5406 τούτου

2109 5453 2216 5522 γὰρ
2248 5452 2299 5504 oi.
2338 5453 2614 5523 προφῆται
2653 5447 3152 5518 προκατήγγειλον.

2181 5631 2289 5688 Καὶ
2340 5630 2652 5701 προσέσχε
2704 5647 2827 5701 μοι.
2885 5631 2994 5685 Καὶ
3030 5625 3308 5700 ἐπιμελῶς
3340 5625 3456 5696 ἅμα
3482 5622 3572 5676 καὶ
3599 5621 3682 5674 εὐ-
