4078 6414
382 346 491 409 M9

1559 343 1952 423 COMMENT.
1985 341 2066 403 ΙΝ
2104 335 2469 401 PSALMOS.

3552 332 3664 397 450

389 455 567 528 μενῶς
615 450 730 510 εἶδε
789 453 1312 527 ταλαιπωρούμενον
1341 450 1447 506 ύπδ
1466 451 1566 524 τῆς
1602 453 1811 521 πλάνης
1862 450 1973 502 τῶν

2089 444 2287 515 injecit,
2312 455 2367 500 et
2395 442 2658 501 benevolo
2677 441 2894 513 aspexit
2917 440 3157 507 intuitu;
3190 439 3244 494 in
3277 453 3383 508 me,
3419 438 3664 513 inquam.

388 549 645 606 εἰδώλων.

458 722 567 777 Καὶ
624 720 965 791 είσήκουσε
1004 720 1116 789 τῆς
1163 718 1431 787 δεήσεώς
1470 736 1611 788 μου.
1662 718 1780 787 Τῆς
1837 718 1978 789 ὑπὲρ

392 812 528 882 ἐμοῦ
584 812 874 883 δεήσεω;’
932 811 1147 871 ἐδέοντο
1206 812 1320 883 γὰρ
1368 810 1509 882 ὑπὲρ
1565 810 1732 881 αύτοῦ
1762 809 1978 880 οἱπρο-

393 918 586 973 φηταμ

461 1082 576 1138 Kai
607 1082 879 1154 ἁνήγατέ
901 1101 975 1155 με
1005 1084 1074 1137 ἐκ
1118 1083 1356 1138 λάκκου
1417 1081 1852 1148 ταλαιπωρίας,
1881 1079 1981 1134 καὶ

392 1172 513 1228 ἀπὸ
543 1172 753 1241 πηλοῦ
789 1175 983 1241 ἰλύος.
1024 1175 1164 1237 Τοὺς
1191 1174 1482 1242 μεγίστους
1510 1171 1786 1234 κινδύνους
1808 1170 1983 1225 τοιού-

392 1282 508 1331 τοις
538 1267 590 1319 οἱ
617 1266 839 1320 παλαιοὶ
888 1266 1150 1335 ὀνόμασιν
1180 1265 1553 1335 ύπεσήμαινον
1587 1263 1722 1336 (4⁸5).
1753 1263 1999 1330 Λέγοιτο,

392 1356 439 1408 δ’
463 1355 533 1409 ἂν
559 1354 763 1419 λάκκος
788 1355 889 1427 μὲν
909 1355 1286 1425 ταλαιπωρίας
1330 1356 1359 1409 ὁ
1391 1352 1583 1425 βόθρος
1614 1354 1710 1423 τῆς
1745 1352 1980 1422 πλάνης,

395 1446 490 1516 ὑφ’
533 1440 607 1520 ἦς
652 1446 1026 1520 ἱταλαιπώρει
1074 1447 1217 1502 κατὰ
1270 1446 1483 1516 ψυχήν·
1521 1444 1694 1517 πηλὸς
1719 1445 1777 1499 δὲ
1812 1444 1978 1510 ἰλύος,

392 1539 518 1609 ἦτοι
550 1539 780 1610 ἰλυώδης
808 1540 906 1594 καὶ
962 1538 1227 1611 δυσώδης,
1272 1541 1306 1611 ἡ
1361 1537 1621 1600 σύστασις
1660 1537 1771 1591 τῶν
1802 1538 1982 1606 ἐμπα-

395 1627 583 1690 θειῶν,
620 1630 654 1700 ὴ
704 1628 1035 1700 φθοροποιὸς
1076 1629 1174 1683 καὶ
1228 1627 1492 1700 ἐφεκτικὴ
1531 1627 1631 1697 τῆς
1675 1625 1982 1699 ἐμπιπτού-

392 1736 502 1790 σης
530 1719 682 1792 αὐτῷ
709 1721 823 1792 (μ)
841 1721 1047 1794 ψυχῆς.

2081 547 2295 588 summa
2325 530 2690 589 constitutum
2722 531 2776 586 in
2830 532 3077 597 miseria,
3114 531 3246 586 dum
3273 529 3546 587 idolorum
3579 548 3670 589 er-

2082 639 2238 679 I'OPCS
2270 638 2559 693 sequerer.

2151 718 2223 770 Et
2246 717 2523 770 exaudivit
2565 732 2743 785 preces
2768 732 2933 771 meas.
2974 715 3174 772 Preces
3214 715 3427 773 scilicet
3456 731 3555 786 pro
3580 732 3668 772 me

2081 807 2648 879 eiiiissas.§Bogabant
2676 809 2823 862 enim
2878 808 3155 878 prophetia
3189 821 3287 876 pro
3336 805 3523 863 futuro
3553 806 3664 861 Er-

2082 901 2268 956 clesiae
2313 908 2460 955 statu
2517 898 2693 972 [illius
2724 900 2891 954 etiam
2935 913 3227 969 personam
3260 899 3581 965 induentes,
3608 912 3667 955 ut

2083 1008 2229 1047 nunc
2273 991 2400 1046 facit
2435 993 2629 1048 beatus
2664 991 2888 1062 David].

2160 1082 2318 1143 Vsus.
2353 1066 2406 1139 3.
2448 1082 2516 1137 Et
2560 1083 2835 1139 exaudivit
2873 1100 2953 1138 me
3002 1084 3066 1138 de
3090 1084 3210 1139 lacu
3246 1086 3495 1147 miseriae.
3530 1095 3580 1139 et
3604 1086 3667 1139 de

2084 1174 2196 1228 luto
2231 1175 2367 1229 limi.
2424 1176 2688 1235 Solebant
2718 1177 2933 1245 antiqui
2970 1177 3290 1243 hujusmodi
3320 1177 3666 1232 dictionibus

2085 1267 2327 1321 maxima
2392 1267 2637 1339 pericula
2695 1270 3029 1338 exprimere.
3090 1267 3205 1322 Dici
3272 1276 3461 1323 autem
3490 1274 3673 1338 potest

2083 1358 2230 1426 quod
2260 1359 2410 1414 lacus
2446 1359 2683 1415 miseria:
2743 1361 2817 1414 sit
2855 1361 2947 1415 illa
2996 1359 3153 1414 fovea
3183 1359 3414 1424 erroris,
3444 1359 3500 1414 in
3561 1374 3676 1429 qua

2082 1450 2212 1505 olim
2269 1458 2460 1521 gentes
2520 1468 2640 1519 qua:
2671 1452 2725 1505 in
2755 1468 2921 1509 unam
2966 1452 3271 1507 Eccieeiam
3328 1458 3679 1522 congregatae“

2085 1553 2241 1609 sunt,
2267 1544 2431 1598 veluti
2471 1546 2524 1599 in
2556 1545 2794 1614 quodam
2828 1560 3051 1601 carcere
3101 1543 3406 1600 secundum
3430 1543 3668 1598 animam

2087 1633 2285 1689 misere
2312 1633 2730 1705 amigebantur;
2769 1642 2825 1690 et
2853 1635 3002 1706 quod
3054 1636 3229 1689 lutum
3260 1633 3399 1699 limi,
3429 1633 3535 1686 hoc
3560 1639 3666 1693 est.

2086 1725 2346 1782 limosum
2395 1743 2459 1783 ac
2488 1728 2770 1798 putridum
2831 1729 3029 1791 lutum,
3062 1727 3155 1782 illa
3186 1726 3260 1781 sit
3302 1727 3669 1780 humanarum

390 1815 719 1887 passionum
750 1824 915 1886 atque
947 1813 1240 1870 ali‘ectnum
1291 1812 1565 1878 collectio,
1598 1825 1720 1884 quae
1746 1814 2161 1883 corruptionem
2210 1820 2506 1890 quamdam
2584 1823 2639 1877 in
2701 1806 2907 1877 nostris
2950 1806 3226 1875 mentibus
3305 1825 3553 1890 generat,
3618 1830 3672 1876 et

392 1909 617 1964 animas
642 1923 836 1964 omnes
892 1908 1049 1979 quasi
1090 1906 1268 1962 tenaci
1325 1922 1567 1978 quonam
1600 1920 1761 1961 emno
1795 1907 2089 1966 obvolutas
2120 1913 2351 1985 detinet,
2379 1930 2502 1985 quae
2533 1914 2587 1970 in
2622 1930 2742 1969 eam
2790 1914 3125 1970 deciderint.

465 2002 581 2058 Kal
599 2003 865 2069 ἔστησεν
892 2002 990 2055 ἐπὶ
1006 2003 1233 2071 πέτραν
1256 2001 1402 2067 τοὺς
1437 1999 1632 2067 πόδας
1664 2017 1809 2070 μου.
1848 1999 1975 2054 Ἐπὶ

2157 2006 2223 2061 Et
2254 2009 2447 2063 statuit
2488 2024 2654 2078 supra
2704 2017 2908 2078 petram
2962 2008 3116 2075 pedes
3183 2020 3346 2060 meos.
3377 2003 3551 2076 Supra
3581 2019 3675 2074 pc-

394 2095 614 2165 πέτραν
642 2097 734 2149 καὶ
762 2095 1065 2165 ἀσφάλειαν
1097 2093 1356 2158 πίστεως.

468 2187 583 2243 Καὶ
612 2188 944 2242 nats-Mure
979 2190 1052 2242 τὰ
1075 2186 1413 2256 ὃιαὸήματά
1441 2205 1584 2256 μου.
1625 2190 1737 2245 Καὶ
1769 2194 1985 2252 ὑποδείσ-

404 2282 503 2347 ξας
539 2298 628 2352 μοι
653 2280 753 2352 τὴν
778 2280 896 2335 ὁδὸν
929 2280 1331 2352 τῆςσωτηρίας
1353 2280 1442 2333 διὰ
1465 2280 1575 2334 τῶν
1605 2283 1983 2353 εύαγγελικῶν

412 2373 654 2438 manv,
676 2372 845 2444 ἐξῆρε
880 2373 991 2426 πᾶν
1053 2371 1288 2433 σκολιὸν,
1323 2372 1418 2425 καὶ
1442 2372 1722 2441 ἀπηύθυνε
1746 2377 1847 2448 τὴν
1882 2396 1987 2433 πο-

414 2465 567 2537 ρείαν
595 2484 724 2538 μου,
758 2465 835 2529 ὡς
888 2466 1089 2538 μηκέτι
1136 2463 1371 2528 σκολιῶς
1427 2465 1523 2519 καὶ
1549 2467 1988 2541 πεπλανημένως

405 2559 617 2629 βαίνειν
642 2576 732 2629 με.
860 2544 863 2547 Α

475 2650 585 2705 Kal
611 2650 903 2704 ἐνέϐαλεν
940 2652 1028 2716 εἷς
1060 2648 1128 2704 τὸ
1156 2649 1353 2719 στόμα
1381 2667 1503 2720 μου
1548 2650 1714 2721 ᾆσμα
1748 2653 1981 2708 καινόν.

400 2739 520 2804 Τὰς
551 2740 720 2811 ᾠδὰς,
759 2739 827 2805 ἃς
861 2742 912 2794 oi
951 2740 1276 2811 Χριστιανοὶ
1306 2742 1616 2812 συνέθηκαν
1647 2743 1740 2796 ἐπὶ
1772 2747 1984 2809 καινοῖς

397 2833 501 2887 τοῦ
564 2833 823 2904 Σωτῆρος
880 2832 1324 2904 κατορθώμασιν.
1362 2835 1436 2887 Ἦ
1488 2833 1591 2899 τὴν
1645 2835 1812 2907 εὐχὴν
1865 2837 1984 2905 τοῦ,

400 2923 603 2993 Πάτερ
632 2924 804 2994 ἡμῶν
834 2926 868 2980 ὁ
887 2925 957 2979 ἐν
987 2924 1113 2992 τοῖς
1132 2924 1435 2994 οὐρανοῖς,
1470 2927 1537 2993 ἢν
1565 2926 1593 2979 ό
1621 2926 1856 2996 Χριστὸς
1882 2927 1986 2996 ὐφ-

400 3018 518 3089 ηγή
527 3033 682 3073 σατο.

480 3110 720 3180 ’Ὕμνον
746 3108 828 3173 τῷ
852 3110 974 3178 Θεῷ
1005 3107 1195 3181 ἡμῶν.
1244 3109 1418 3164 Τοῦτο
1443 3109 1843 3184 ὲπεξηγητικόν
1873 3113 1990 3165 ἐστι

401 3201 502 3257 τοῦ
534 3203 730 3259 καινοῦ
760 3202 1032 3275 ᾅσματος.

481 3294 771 3363 Ὄψονται
801 3292 1044 3349 πολλοί.
1073 3293 1193 3357 Φῶς
1227 3288 1599 3360 ἐπιγνώσεως,
1629 3292 1821 3361 τυφλοὶ
1855 3293 1990 3364 πρό-

403 3402 568 3457 τερον
601 3385 778 3449 ὅντες.
808 3383 874 3438 Ἣ
909 3383 1131 3454 δψονται
1182 3384 1253 3438 τὰ
1288 3383 1494 3453 σημεῖα
1527 3382 1623 3435 καὶ
1650 3384 1856 3455 τέρατα
1895 3386 1987 3440 τοῦ

406 3476 673 3548 Χριστοῦ,
703 3477 798 3530 καὶ
822 3475 933 3529 τῶν
955 3476 1131 3544 ἁγίων
1160 3474 1352 3530 αὑτοῦ.

480 3568 593 3637 Kal
614 3566 1087 3638 φοϐηθήσονται.
1124 3567 1230 3622 Τὸν
1261 3567 1592 3639 ἐνεργοῦντα
1640 3568 1711 3623 τὰ
1764 3567 1990 3624 τοιαῦτα
2026 3604 2031 3609 .

407 3662 670 3717 Χριστόν.

499 3679 670 3716 ιστον.

460 3679 592 3806 ρΚαὶ
621 3751 947 3806 ἐλπιοῦσιν
994 3748 1093 3805 ἐπὶ
1118 3751 1358 3821 Κύριον.
1386 3753 1459 3805 Τὸ
1472 3753 1847 3820 Ἐλπιοῦσιν,
1868 3754 1992 3807 ἀντὶ

407 3839 511 3895 τοῦ
543 3841 944 3909 Πιστεύσουσιν
963 3857 978 3873 ·
1043 3841 1256 3907 ἑλπίζει
1284 3841 1393 3912 γὰρ
1418 3844 1446 3896 ὁ
1469 3844 1767 3902 πιστεύων.
1806 3846 1878 3899 Ἣ
1902 3844 1991 3899 ἐλ-

410 3933 753 3996 πιοῦσιν,ὃτι
783 3932 951 3987 σώσει
979 3934 1199 3998 αὐτοὺς,
1232 3935 1675 4001 πεπιστευκότας
1701 3937 1782 3999 είς
1804 3937 1986 3992 αὐτόν.
2016 3983 2021 3987 .

410 4024 619 4094 Κύριον
647 4026 705 4077 δὲ
731 4024 843 4078 νόει
873 4023 968 4077 τὸν
1000 4024 1259 4095 Χριστόν·

478 4115 784 4185 Μακάριος
812 4116 991 4185 ἀνὴρ,
1021 4105 1093 4174 οὗ
1120 4118 1294 4174 ἐστιν
1321 4119 1387 4174 τὸ
1418 4120 1609 4192 ὄνομα
1629 4122 1855 4191 Κυρίου
1890 4122 1991 4176 ἐλ-

409 4207 514 4275 πὶς
549 4208 761 4262 αὑτοῦ.
784 4236 857 4248 --
883 4207 957 4262 Τὸ
985 4207 1174 4277 ὄνομα
1203 4210 1446 4279 Κυρίου,
1494 4210 1617 4264 ἀντὶ
1642 4211 1735 4265 τοῦ
1778 4211 1837 4264 '0
1871 4211 1989 4264 Κύ-

412 4317 551 4371 ριος.
600 4298 995 4370 Μακαρίζειδὲ
1034 4301 1126 4353 τὸν
1180 4302 1275 4356 ἐπὶ
1321 4302 1468 4374 μόνῳ
1503 4302 1805 4357 πεποιθότα
1841 4302 1990 4375 Θεῷ,

408 4394 613 4463 καὶμὴ
651 4392 739 4462 ἐφ’
771 4392 947 4463 ἑτέρῳ
1000 4393 1288 4464 πράγματι
1311 4411 1326 4427 ο
1369 4395 1605 4465 ἀλλαχοῦ
1665 4397 1777 4467 γάρ
1815 4413 1949 4467 φησι
1974 4414 1989 4431 ο

407 4481 721 4549 Μακάριος
754 4481 935 4552 ἀνὴρ,
980 4485 1012 4537 ό
1044 4481 1301 4545 ἐλπίζων
1324 4483 1421 4541 ἐπὶ
1462 4486 1705 4555 Κύριον.
1735 4486 1896 4540 Ἐστι
1933 4487 1991 4539 δὲ

408 4576 443 4644 ἡ
479 4572 577 4627 τοῦ
609 4574 882 4645 παρόντος
934 4572 1102 4646 ῥητοῦ
1156 4575 1408 4641 σύνταξις
1438 4576 1613 4640 οὕτως
1634 4590 1651 4607 ⁸
1683 4577 1990 4647 Μακάριος

2088 2108 2248 2166 trum,
2268 2101 2375 2157 hoc
2390 2114 2498 2171 est,
2523 2117 2688 2174 supra
2719 2103 3074 2158 securitatem
3121 2098 3273 2156 ﬁdei.

2159 2190 2232 2246 Et
2280 2192 2475 2247 direxit
2508 2209 2722 2263 gressus
2757 2208 2921 2261 meos.
2945 2191 3009 2246 Et
3039 2201 3268 2261 ostensa
3297 2189 3432 2245 mihi
3491 2189 3670 2245 salute

2088 2299 2186 2356 per
2215 2292 2487 2355 praecepta
2508 2284 2845 2357 evangelica,
2881 2284 3150 2355 omnique
3183 2299 3414 2355 prorsus
3442 2284 3668 2353 explosa

2087 2381 2464 2445 tortuositate,
2506 2382 2610 2436 iter
2635 2396 2820 2438 meum
2879 2384 3016 2443 adeo
3076 2380 3300 2445 direxit,
3323 2388 3384 2435 ut
3413 2393 3508 2448 per
3529 2378 3669 2433 obli-

2086 2486 2218 2541 qua,
2251 2483 2344 2526 aut
2369 2488 2466 2542 per
2486 2471 2676 2528 devios
2716 2472 2889 2537 calles
2913 2471 3152 2541 amplius
3177 2485 3286 2529 non
3319 2471 3594 2533 incedam.

2158 2649 2326 2706 Vens.
2363 2653 2415 2707 4.
2447 2650 2514 2705 Et
2543 2652 2760 2709 immisit
2791 2652 2847 2707 in
2876 2669 2935 2715 os
2965 2667 3139 2715 meum
3168 2652 3434 2717 canticum
3458 2670 3672 2711 norum.

2089 2742 2314 2800 Cantica
2347 2746 2611 2800 nimirum
2642 2760 2769 2817 qua:
2794 2744 2864 2800 de
2919 2744 3264 2803 admirandis
3320 2753 3488 2814 atque
3543 2746 3670 2800 illu-

2088 2838 2297 2893 stribus
2344 2837 2551 2893 Christi
2592 2838 2763 2908 gestis
2792 2836 3134 2892 Christicolae
3192 2835 3540 2893 cecinerunt.
3571 2834 3679 2890 Vel

2090 2929 2409 2984 Orationem
2443 2927 2780 2983 Dominicam
2809 2942 2824 2978 :
2863 2924 3026 2981 Pater
3060 2934 3257 2989 noster,
3292 2926 3385 2995 qui
3409 2941 3464 2981 es
3490 2927 3543 2980 in
3568 2942 3684 2982 cae-

2092 3018 2158 3073 lis
2181 3059 2196 3084 ,
2224 3034 2385 3088 quam
2417 3018 2679 3074 Christus
2714 3032 2814 3071 nos
2851 3016 3067 3071 docuit.

2167 3109 2439 3180 Hymnum
2467 3108 2578 3163 Deo
2606 3116 2807 3163 nostra.
2865 3105 2980 3160 iloc
3009 3103 3076 3159 ad
3106 3102 3536 3159 declarationem
3586 3102 3683 3158 di-

2091 3213 2238 3260 ctum
2270 3211 2356 3260 est
2379 3204 2503 3259 novi
2531 3203 2756 3259 cantici.

2178 3294 2441 3365 Videbunt
2467 3294 2645 3349 multi.
2673 3295 2885 3349 Lumen
2930 3292 3191 3348 nimirum
3224 3290 3492 3358 scientiie,
3542 3307 3681 3350 cum

2094 3396 2255 3444 antea
2291 3385 2421 3445 caeci
2452 3394 2661 3453 essent.
2688 3384 2788 3443 Vel
2817 3384 3085 3441 videbunt
3141 3384 3295 3454 signa
3321 3392 3377 3439 et
3406 3385 3679 3441 miracula

2091 3478 2294 3535 Christi
2325 3487 2381 3534 et
2410 3486 2726 3533 sanctorum
2761 3477 2907 3546 ejus.

2164 3569 2236 3624 Et
2292 3568 2570 3625 timebunt.
2603 3567 2888 3639 Christum
2952 3566 3167 3622 scilicet
3228 3566 3545 3637 hujusmodi
3587 3566 3670 3621 l'a-

2094 3665 2329 3737 cientem
2363 3661 2653 3716 miracula.
2685 3646 2697 3655 ’

2168 3753 2235 3808 Et
2261 3751 2544 3819 sperabunt
2588 3751 2642 3805 in
2696 3749 2941 3819 Domino.
2971 3748 3292 3821 Sperabam,
3324 3749 3376 3803 id
3427 3757 3514 3803 est
3544 3748 3678 3803 Crcr

2093 3847 2226 3905 dent
2254 3862 2269 3912 ;
2310 3843 2650 3899 creditenim
2682 3841 2775 3912 qui
2809 3848 3013 3911 sperat.
3041 3841 3158 3907 Vel,
3193 3841 3495 3910 sperabunt
3524 3840 3671 3910 quod

2093 3952 2191 3995 eos
2219 3937 2532 3991 salvaturus
2591 3934 2686 3995 sit,
2715 3932 2807 4000 qui
2842 3931 3185 4003 crediderint
3236 3931 3290 3985 in
3351 3929 3529 3984 illum.
3568 3927 3673 3985 Per

2101 4028 2389 4083 Dominum
2426 4033 2609 4082 autem
2641 4023 2923 4091 Christum
2954 4022 3218 4095 intelligo.

2168 4117 2329 4172 Vens.
2359 4116 2412 4169 5.
2440 4113 2638 4168 Beatus
2664 4113 2760 4177 vir,
2784 4110 2944 4191 cuius,
2974 4119 3053 4171 est
3084 4125 3273 4175 nomen
3310 4108 3530 4167 Domini
3556 4124 3685 4179 spes

2092 4209 2226 4278 ejus.
2260 4205 2467 4261 Nomen
2498 4202 2739 4264 Domini,
2792 4202 2896 4257 hoc
2952 4209 3038 4256 est
3061 4240 3076 4263 ,
3116 4198 3407 4255 Dominus.
3444 4198 3669 4255 Beatum

2095 4303 2263 4372 igitur
2289 4313 2412 4354 eum
2448 4296 2584 4352 dicit
2612 4295 2704 4366 qui
2734 4294 2787 4348 in
2842 4293 2959 4357 solo
2995 4291 3103 4347 Deo
3168 4289 3417 4356 conlidit,
3470 4298 3524 4345 et
3559 4307 3668 4347 non
3722 4298 3730 4305 ’

2093 4395 2199 4447 alia
2232 4393 2284 4445 in
2311 4406 2391 4445 re.
2428 4389 2573 4443 Alibi
2606 4388 2769 4442 etiam
2830 4384 3003 4441 dicit:
3036 4383 3241 4446 Beatus
3262 4382 3345 4439 vir.
3370 4384 3463 4452 qui
3491 4394 3681 4450 sperat

2092 4486 2147 4538 in
2180 4483 2405 4537 Domino
2430 4479 2494 4533 ιδ.
2540 4480 2606 4536 Ει
2638 4481 2772 4536 ordo
2807 4483 2895 4535 est
2927 4493 2941 4530 :
2975 4474 3179 4532 Beatus.
3231 4475 3335 4541 vir,
3389 4472 3552 4541 cujus
3583 4484 3676 4530 est

2094 4592 2292 4631 nomen
2332 4572 2543 4629 Domini
2593 4586 2739 4637 spes.
2792 4568 3092 4627 Possumus
3153 4567 3318 4621 etiam
3382 4565 3450 4622 de
3503 4565 3679 4621 Cliriv

406 4664 592 4734 ἀνὴρ,
638 4660 713 4721 οὗ
767 4663 956 4719 αὐτοῦ
1003 4665 1135 4720 ἐστι
1190 4667 1259 4719 τὸ
1294 4665 1484 4736 ὄνομα
1518 4668 1744 4737 Κυρίου
1782 4670 1984 4736 ἐλπίς.

2093 4668 2290 4726 stianis
2317 4668 2420 4721 hoc
2454 4665 2663 4719 dictum
2714 4661 3040 4733 intelligere,
3088 4666 3143 4714 et
3188 4665 3514 4715 construere
3576 4674 3687 4731 per

408 4753 709 4825 Δυνάμεθα
758 4753 818 4807 δὲ
883 4754 981 4807 καὶ
1028 4753 1205 4818 ἄλλως
1253 4754 1415 4809 τοῦτο
1467 4758 1661 4827 νοῆσαι
1717 4759 1848 4827 περὶ
1884 4759 1993 4813 τῶν

408 4842 787 4917 Χριστιανῶν,
831 4841 957 4896 καθ’
1007 4842 1321 4912 ὑπερϐατὸν
1352 4845 1741 4912 συντάττοντες
1780 4846 1991 4913 οὕτως·

408 4933 743 5004 Μακάριος,
781 4929 854 4990 οὗ
886 4933 1060 4991 ἐστιν
1088 4935 1267 5001 ἐλπὶς
1302 4934 1367 4991 τὸ
1396 4934 1586 5005 ὄνομα
1618 4938 1843 5007 Κυρίου
1881 4942 1991 5004 αὑ-

410 5028 557 5083 τοῦ·
609 5024 776 5081 παντὶ
815 5024 875 5079 δὲ
932 5024 1245 5099 Χριστιανῷ
1292 5025 1354 5079 τδ
1392 5027 1563 5097 δνομα
1602 5027 1698 5082 τοῦ
1754 5031 1992 5101 Χριστοῦ

411 5123 568 5173 ἐστιν
627 5118 787 5180 ἐλπὶς
839 5118 935 5171 καὶ
984 5117 1251 5188 σωτηρία.
1284 5117 1396 5172 Καὶ
1427 5118 1587 5173 τοῦτο
1627 5121 1677 5173 οἱ
1709 5122 1991 5194 μάρτυρες

408 5208 625 5275 ἔδειξαν
657 5207 895 5261 ἐνώπιον
920 5206 1028 5259 τῶν
1057 5206 1363 5277 τυράννων,
1393 5207 1575 5275 δόξαν,
1611 5210 1705 5264 καὶ
1736 5209 1987 5280 πλοῦτον,

412 5302 510 5356 καὶ
558 5297 754 5355 ἐλπίδα
804 5297 1013 5352 ἑαυτῶν
1034 5338 1052 5365 ,
1096 5297 1158 5352 τὸ
1199 5298 1294 5352 τοῦ
1340 5298 1778 5370 Χ-ριστιανισμοῦ
1819 5301 1993 5373 ὄνομα

412 5392 877 5464 ὁμολογήσαντες.

488 5572 532 5606 ’³
561 5566 714 5627 Psal.
747 5582 980 5634 unm,
1016 5568 1106 5624 1'5.
1184 5569 1229 5602 "
1258 5567 1407 5625 Psal.
1443 5584 1629 5637 xxxix,
1663 5567 1719 5624 5.

2095 4762 2323 4831 ﬁguram
2359 4757 2725 4830 hyperbaton,
2757 4753 2863 4807 hoc
2898 4750 3061 4821 modo
3097 4766 3111 4800 :
3148 4752 3346 4819 Beatus
3398 4750 3481 4804 uir
3519 4751 3686 4821 cujus»

2091 4862 2169 4908 est
2228 4867 2346 4923 spes
2404 4863 2594 4903 nomen
2649 4844 2867 4899 Domini
2916 4842 3117 4912 ejus".
3179 4842 3417 4899 Cuilibet
3487 4854 3684 4897 autem-

2091 4942 2412 5011 Christiano
2468 4952 2669 4995 nomen
2700 4934 2908 4991 Christi
2937 4948 3064 5005 spes
3106 4942 3191 4988 est
3217 4942 3271 4988 et
3295 4934 3484 4997 salus;
3521 4932 3683 4999 quoii-

2091 5033 2267 5092 sancti
2302 5038 2574 5101 martyres
2606 5026 2880 5099 praecipue
2923 5024 3169 5079 attestati
3202 5029 3330 5077 sunt
3363 5035 3550 5075 coram
3584 5027 3669 5091 ty-

2097 5128 2288 5183 rannis
2320 5142 2336 5179 :
2372 5124 2572 5195 quibus
2621 5118 2970 5192 apertissime
3019 5115 3278 5170 dicebant
3328 5126 3389 5166 se
3443 5110 3681 5165 divitias

2099 5231 2231 5272 suas
2264 5229 2480 5278 omnes,
2545 5219 2600 5266 et
2639 5223 2857 5285 onlnem
2895 5206 3126 5277 gloriam
3183 5211 3237 5256 et
3294 5214 3447 5268 spem
3479 5199 3533 5251 in
3562 5198 3679 5251 hoc

2099 5306 2423 5371 collocasse,
2448 5302 2592 5375 quod
2626 5300 2831 5357 Christi
2881 5296 2976 5352 Dei
3021 5292 3115 5350 sui
3141 5290 3361 5347 nomine
3422 5286 3676 5359 insignit’s

2101 5404 2307 5464 essent,
2335 5396 2464 5452 dum
2492 5391 2794 5478 Christiani
2828 5387 3261 5461 appellarentur.

1731 5655 1929 5720 Variae
1962 5655 2294 5720 lectiones.

485 5766 600 5838 με)
629 5766 716 5820 At.
750 5763 1128 5836 ἁπισημανον.

2174 5756 2291 5826 (ιι)
2320 5753 2403 5808 Al.
2449 5752 2606 5822 αὐτῇ.
