4120 6456
430 380 535 449 451

1586 429 1590 433 .
1661 371 2044 447 EUTHYnn
2084 368 2445 446 ZiGAliENI

3582 382 3690 446 452

505 499 576 553 Et
609 515 713 553 non
753 503 980 568 respexit
1024 502 1078 554 in
1125 499 1406 553 vanitates.
1463 497 1527 551 Et
1573 497 1893 569 hujusmodi
1926 502 2007 553 vir

2185 500 2293 553 Kal
2342 502 2454 553 οὐκ
2511 500 2851 567 ἐπέϐλεψεν
2897 500 2981 562 εις
3022 498 3445 567 ιιαταιότητας.
3498 497 3610 551 Καὶ
3662 499 3691 550 ὁ

434 591 691 646 inanibus
742 592 908 647 rebus
963 606 1186 662 operam
1224 607 1331 646 non
1366 590 1519 646 dedit
1549 606 1562 643 :
1599 607 1721 662 qua:
1759 607 1789 646 a
1823 592 2012 647 multis

433 699 649 740 summa
675 694 1005 753 reputantur
1035 684 1203 741 bona.

504 776 573 831 Et
628 778 868 831 insanias
929 776 1124 843 falsas.
1183 777 1227 830 A
1263 779 1544 831 communi
1607 792 1773 832 sensu
1818 792 2011 832 rursus

432 868 950 937 subintelligendnm
1015 877 1122 929 est,
1185 866 1256 920 Et
1309 884 1414 921 non
1475 869 1723 938 respexit.
1784 866 2014 921 insaniae

431 965 611 1012 autem
675 957 825 1011 falsa:
865 957 954 1028 lex
998 956 1200 1011 Graeca:
1263 956 1522 1014 dictionis
1584 957 2010 1028 signiﬁcatione]

429 1049 687 1103 vaticinia
717 1058 865 1104 sunt.
900 1047 1069 1105 Vates
1101 1051 1248 1103 enim
1281 1049 1361 1104 illi
1422 1050 1743 1105 debacchati
1782 1050 2009 1103 demen-

430 1152 512 1196 tes
547 1141 768 1202 ilehaut,
796 1152 850 1195 et
880 1142 1181 1196 furentium
1216 1144 1390 1196 instar
1427 1141 1769 1197 ferebantur.
1808 1128 2008 1197 Verum

432 1234 569 1289 falsa
611 1243 791 1301 erant,
834 1249 953 1303 quae
1007 1234 1466 1304 praenuntiabant.
1526 1233 1630 1289 Per
1695 1234 2008 1304 hujusmodi

431 1334 612 1379 autem
656 1325 917 1378 vaticinia
981 1326 1295 1378 universum
1344 1323 1612 1379 idolorum
1669 1327 1878 1379 cultum
1913 1324 2011 1378 de-

430 1425 626 1469 notare
655 1416 847 1481 voluit,
879 1417 1047 1470 veluti
1083 1424 1254 1469 totum
1293 1430 1321 1468 a
1352 1426 1528 1483 parte.

502 1506 668 1562 Vens.
704 1508 775 1563 '6.
818 1508 995 1562 Multa
1039 1508 1214 1577 fecisti
1277 1521 1353 1572 tu,
1387 1509 1609 1562 Domine
1667 1508 1805 1563 Deus
1840 1516 2010 1573 meus,

2112 593 2357 655 τοιοῦτος
2392 592 2494 646 οὐκ
2535 591 2871 645 ἐσπούδασεν
2898 592 2979 655 είς
3013 592 3082 645 τὰ
3117 592 3348 661 μάταια,
3380 590 3583 662 δηλαδὴ
3612 594 3692 653 είς

2112 686 2182 737 τὶ
2214 685 2476 737 δοκοῦντα
2501 686 2613 747 τοῖς
2656 681 2872 744 πολλοῖς
2907 682 3109 751 ἀγαθά.

2184 775 2292 830 Καὶ
2312 777 2534 844 μανίας
2558 774 2826 843 ψευδεῖς.
2876 774 3010 827 Ἀπὸ
3042 775 3226 827 κοινοῦ
3261 772 3423 833 πάλιν
3449 773 3534 838 τὸ,
3567 775 3689 828 Οὐκ

2113 869 2413 936 ἐπέϐλεψε
2437 876 2451 900 ⁸
2482 869 2675 938 μανίαι
2710 862 2767 921 δὲ
2803 858 3042 937 ψευδεῖς,
3077 869 3133 920 ai
3164 866 3420 938 μαντεῖαι
3442 884 3456 900 ο
3491 866 3541 920 oi
3580 869 3690 938 γὰρ

2117 963 2343 1031 μάντεις
2377 960 2740 1032 βακχεύοντες
2787 960 3070 1025 ἐξίσταντο
3099 962 3199 1031 μὲν
3225 961 3318 1014 τοῦ
3349 961 3691 1031 καθεστηκό-

2113 1074 2225 1120 τος,
2258 1056 2354 1109 καὶ
2388 1057 2772 1127 παρεφέροντο
2804 1054 2965 1126 δίκην
2997 1054 3373 1126 μαινομένων⁶
3405 1054 3691 1125 ἐψεύδοντο

2111 1146 2188 1212 δὲ,
2241 1150 2372 1219 περὶ
2424 1140 2500 1201 ὧν
2546 1148 2757 1216 ἔλεγον.
2805 1147 2940 1200 Ἀπὸ
2985 1148 3042 1201 δὲ
3089 1146 3191 1217 τῆς
3246 1147 3510 1218 μαντείας
3561 1147 3691 1216 ὅλην

2111 1241 2210 1313 τὴν
2235 1240 2687 1312 εἰδωλολατρείαν
2713 1240 2958 1313 ᾐνίξατο,
2979 1241 3054 1304 ὡς
3082 1240 3190 1295 ἀπὸ
3226 1240 3429 1310 μέρους
3464 1240 3523 1293 τὸ
3557 1243 3686 1294 πᾶν.

2184 1512 2392 1567 Πολλὰ
2416 1512 2713 1579 ἐποίησάς
2735 1510 2838 1572 σὺ,
2863 1497 3042 1579 Κύριε
3071 1498 3103 1563 ὁ
3129 1505 3271 1574 Θεός
3295 1506 3522 1577 μου,τὰ
3551 1509 3694 1560 θαυ-

432 1599 706 1653 mirabilia
761 1610 874 1652 tua.
928 1599 1247 1655 Admiratus
1279 1599 1474 1654 beatus
1508 1598 1677 1653 David
1738 1598 2012 1653 ineﬂabilc

2114 1606 2302 1679 μάσιά
2355 1621 2493 1659 σου.
2532 1604 2864 1670 Ἐκπλαγεὶς
2893 1604 2921 1656 ὁ
2953 1603 3129 1672 μέγας
3169 1600 3335 1654 Δαόὶδ
3364 1599 3425 1651 τὺ
3455 1597 3556 1665 τῆς
3600 1600 3692 1650 ἐν·

432 1690 828 1745 incarnationis
887 1689 1093 1745 Christi
1154 1692 1501 1762 mysterium,
1562 1697 1616 1744 et
1672 1692 2008 1761 condignum

431 1781 506 1833 illi
541 1796 852 1836 sermonem
912 1782 1163 1838 invenire
1196 1799 1302 1838 non
1337 1784 1550 1848 valens,
1614 1782 2012 1839 exclamatione

429 1875 633 1938 solum,
666 1875 809 1943 quod
838 1875 1043 1942 potuit,
1080 1884 1186 1928 tam
1223 1878 1431 1945 grande
1449 1879 1651 1929 donum
1683 1885 2009 1946 prosccutus

430 1975 512 2020 est
537 1984 548 2019 :
575 1965 765 2033 Multa,
805 1966 1426 2036 inquiens,admiranda
1462 1967 1669 2030 fecisti.
1699 1976 1755 2021 tu
1781 1966 2011 2022 Dmuine

432 2057 580 2112 Dens
604 2072 782 2111 meus.
814 2056 889 2110 Ita
919 2059 1085 2111 etiam
1122 2058 1253 2113 alibi
1282 2058 1576 2128 Apostolus
1602 2058 1753 2122 facit,
1794 2060 2011 2129 quando

430 2151 866 2206 admirabundus
920 2151 1124 2205 clamat
1159 2171 1172 2206 :
1218 2151 1262 2206 Ο
1298 2152 1530 2205 altitudo
1582 2152 1887 2206 divitiarum
1924 2170 2013 2206 sa-

427 2241 646 2307 pientia:
688 2249 736 2293 et
775 2242 1008 2294 utentia:
1059 2240 1195 2294 Dei!
1252 2254 1410 2311 quam
1455 2240 1828 2294 inscrutabilia
1887 2250 2011 2294 sunt

421 2330 634 2400 judicia
663 2331 798 2401 ejus,
844 2342 892 2386 et
918 2331 1313 2401 investigabites
1361 2332 1457 2386 uia:
1483 2330 1600 2401 ejus
1622 2333 1665 2364 ¹⁶
1694 2330 1708 2386 ι
1741 2331 2011 2385 Miraiiilia

429 2434 614 2477 autem
642 2422 883 2492 appellat
909 2438 1015 2476 non
1045 2437 1108 2477 ea
1135 2431 1372 2489 tantum,
1400 2438 1524 2492 qua:
1542 2429 1790 2492 tempore
1815 2420 2008 2493 Moysi,

430 2523 526 2568 aut
553 2513 682 2568 .lesu
715 2513 883 2577 Nave,
909 2524 1003 2568 aut
1029 2530 1152 2583 quae
1176 2514 1286 2570 illis
1317 2513 1634 2583 antiquiora
1665 2527 1693 2565 a
1727 2510 1837 2565 Deo
1864 2512 2011 2566 facta

431 2615 561 2662 sunt
590 2606 878 2670 miracula,
925 2605 1019 2659 sed
1070 2620 1133 2659 ea
1176 2605 1358 2675 potius
1387 2620 1508 2674 quae
1542 2612 1787 2673 tempore
1815 2603 2009 2657 lucar-

432 2698 676 2754 nationis
716 2697 1022 2751 Salvatoris
1055 2696 1236 2751 nostri
1283 2696 1424 2750 facta
1478 2705 1628 2761 sunt,
1670 2705 1724 2750 et
1753 2710 1875 2765 qua:
1917 2710 2014 2765 per

433 2792 691 2861 spiritum
748 2789 1055 2860 praevidens
1090 2790 1363 2859 Propheta
1397 2802 1611 2843 summa
1676 2804 1799 2842 cum
1833 2788 2011 2842 admi-

432 2886 645 2938 ratione
675 2899 796 2953 qute
829 2883 1074 2938 diximus
1106 2883 1269 2937 verba
1296 2883 1544 2953 protulit.

505 2975 571 3029 Et
603 2974 1008 3044 cogitationibus
1042 2976 1173 3039 tuis,
1201 2990 1304 3028 non
1329 2975 1519 3044 estqui
1547 2974 1738 3028 similis
1768 2975 1861 3029 erit
1893 2974 2009 3031 tibi.

432 3067 498 3121 Et
532 3083 638 3121 non
670 3077 753 3122 est
780 3068 980 3138 aliquis
1018 3067 1112 3121 tibi
1151 3068 1206 3121 in
1232 3066 1662 3137 cogitationibus
1717 3067 1829 3121 tuis
1863 3081 2012 3121 com-

2112 1700 2522 1771 ανθρωπήσεως
2579 1698 2673 1751 τοῦ
2728 1696 2968 1768 Χριστοῦ
2998 1694 3304 1765 παράδοξον
3363 1693 3689 1763 μυστήριον,

2114 1794 2210 1849 καὶ
2245 1794 2323 1862 μὴ
2354 1791 2607 1861 δυνηθεὶς
2654 1790 2806 1857 ἄξιον
2853 1789 3013 1854 λόγον
3049 1790 3265 1858 εὑρεῖν,
3294 1785 3487 1840 τοῦτον
3529 1784 3692 1852 μόνον

2114 1882 2494 1953 ἐπεφώνησεν,
2531 1883 2614 1936 ὅτι
2657 1884 2867 1936 Πολλὰ
2907 1879 2981 1933 τὰ
3009 1876 3316 1948 θαυμάσαι
3339 1893 3457 1931 σου
3486 1877 3693 1940 ὲέετοίη⁶

2113 1994 2253 2044 σας,
2272 1978 2452 2047 Κύριε
2480 1979 2512 2031 ό
2536 1978 2682 2041 Θεός
2702 1993 2845 2044 μουο
2874 1973 2902 2026 ὃ
2927 1973 3018 2025 καὶ
3039 1974 3066 2026 ὁ
3106 1970 3431 2033 Ἀπόστολος
3454 1969 3691 2022 πέπονθε

2114 2071 2329 2134 Παῦλος
2350 2086 2364 2101 ⁸
2396 2068 2837 2139 ὑπερθαυμάσας
2864 2064 2997 2137 γὰρ,
3031 2064 3330 2135 ἀνεϐόησεν
3353 2079 3366 2091 '
3410 2064 3479 2118 Ὠ
3495 2061 3689 2127 βάθος

2112 2165 2408 2229 πλούτου,
2434 2163 2532 2217 καί
2556 2162 2801 2229 σοφίας,
2833 2159 2929 2212 καὶ
2954 2157 3231 2228 γνώσεως
3266 2155 3416 2211 Θεοῦ
3436 2155 3456 2207 .'
3480 2156 3562 2221 ὡς
3584 2155 3693 2209 dy.

2112 2257 2477 2327 εξερεύνητα
2504 2256 2576 2309 τὰ
2616 2254 2870 2324 κρίματα
2896 2250 3083 2306 αὑτοῦ
3105 2250 3205 2304 καί
3239 2248 3693 2317 ἀνεξιχνίαστοι

2112 2353 2173 2405 al
2207 2350 2334 2405 ὁδοὶ
2375 2348 2564 2403 αὐτοῦ
2586 2342 2607 2400 .’
2627 2345 2918 2415 Θαυμάσια
2940 2344 2995 2397 δὲ
3020 2342 3192 2412 λέγει,
3223 2343 3286 2395 οὐ
3315 2341 3477 2411 μόνον
3506 2340 3577 2393 τὰ
3599 2339 3692 2392 ἐπὶ

2114 2442 2382 2505 Μωσέως,
2407 2439 2505 2493 καὶ
2548 2436 2724 2511 Ἰησοῦ
2748 2434 2842 2490 τοῦ
2869 2435 3047 2505 Ναυῆ,
3083 2436 3179 2488 καὶ
3205 2430 3484 2504 Σαμουὴλ,
3508 2432 3607 2484 καὶ
3626 2421 3694 2483 τὰ

2113 2535 2322 2588 τούτων
2354 2531 2694 2601 παλαιότερα
2722 2529 3254 2600 τερατουργήματα,
3289 2523 3407 2577 ἀλλ’
3432 2523 3514 2576 ἔτι
3540 2522 3688 2607 μᾶλτ-

2114 2627 2207 2681 λον
2264 2626 2334 2680 τὰ
2386 2624 2531 2678 κατὰ
2582 2624 2681 2695 τὴν
2740 2622 3158 2693 ἐνανθρώπησιν
3208 2618 3304 2672 τοῦ
3341 2618 3612 2687 Σωτῆρος,
3648 2612 3685 2669 ἃ

2116 2717 2355 2790 προῖῖὼν
2390 2719 2447 2771 ἐν
2474 2715 2771 2788 πνεύματι,
2801 2715 3107 2777 θεσπεσίως
3141 2712 3241 2783 βοᾷ
3266 2711 3326 2764 τὸ
3360 2710 3549 2781 ῥηθέν.

2184 2988 2294 3044 Καί
2320 2985 2445 3054 τοῖς
2468 2977 2881 3052 διαλογισμοῖς
2903 2992 3042 3046 σου,
3075 2981 3187 3034 οὐκ
3209 2974 3342 3033 ἔστι
3370 2978 3463 3044 τίς
3489 2976 3694 3045 ὁμοιω-

2114 3081 2368 3149 θήσεταί
2396 3095 2518 3134 σοι.
2547 3080 2663 3132 Οὐκ
2700 3077 2850 3129 ἔστιν
2880 3076 3029 3137 ὅστις
3063 3066 3472 3144 ὁμοιωθήσεται
3512 3086 3595 3123 σοι
3633 3070 3692 3122 ἐν

435 3160 733 3228 parandus.
808 3157 922 3222 lis,
994 3160 1262 3229 inquam,
1331 3158 1798 3229 cogitationibus,
1875 3175 2012 3228 quas

2114 3177 2227 3236 τοῖς
2257 3172 2634 3242 διαλογισμοῖς
2675 3186 2770 3223 σου
2792 3211 2807 3235 ,
2834 3168 2981 3235 λέγω
3011 3165 3088 3228 δὲ,
3114 3162 3228 3254 τοῖς
3262 3163 3389 3233 περὶ
3415 3155 3513 3232 τῆς
3552 3177 3689 3254 προι-

434 3266 647 3306 summa
677 3266 798 3304 cum
831 3250 1178 3320 providentia
1214 3265 1312 3319 pro
1350 3251 1632 3304 hominum
1687 3251 1867 3305 salute
1911 3250 2016 3306 sol-

436 3343 619 3395 licitus
678 3341 941 3396 habuisti.
982 3340 1123 3394 Ecce
1151 3340 1298 3394 enim
1333 3341 1478 3410 quod
1526 3341 1732 3410 grande
1773 3347 1830 3394 et
1866 3341 2012 3410 quod

433 3431 818 3486 admirandum
872 3449 1012 3502 opus
1065 3431 1416 3501 excogitasti,
1453 3440 1510 3485 ut
1563 3440 1620 3485 tu
1652 3431 1814 3486 homo
1856 3433 2015 3487 fieres

437 3535 659 3595 propter
692 3528 990 3580 hominem.

508 3617 833 3669 Annuntiaei
864 3627 914 3669 et
945 3615 1153 3671 locutus
1175 3632 1294 3670 sum
1323 3655 1337 3679 ,
1365 3615 1724 3687 multiplicata
1754 3625 1877 3670 sunt
1922 3631 2015 3669 su-

436 3724 530 3776 per
558 3724 858 3786 numerum.
890 3708 1252 3775 Annuntiavi,
1312 3709 1513 3778 inquit,
1552 3719 1606 3765 et
1646 3710 1806 3765 docui
1846 3711 2016 3763 multa

440 3798 717 3852 mirabilia
769 3806 863 3853 tua
909 3800 966 3853 in
1020 3800 1210 3854 multis
1277 3801 1525 3871 psalmis,
1580 3817 1768 3857 verum
1833 3801 2015 3856 adlmc

439 3892 805 3961 multiplicata
838 3903 986 3957 sunt,
1017 3902 1072 3948 et
1099 3892 1237 3949 adeo
1286 3895 1708 3949 innumerabilia
1757 3909 1880 3949 esse
1917 3911 2015 3963 ap-

438 3992 765 4052 paruerunt,
816 3992 875 4038 ut
902 3983 1087 4053 aliquo
1115 4001 1346 4041 numero
1380 3982 1634 4041 concludi
1683 4001 1791 4040 non
1825 3995 2014 4052 potue-

436 4077 570 4130 rint.
599 4075 736 4129 Nam
773 4091 895 4145 qua:
922 4075 1126 4130 dudum
1184 4078 1439 4146 cognovi,
1486 4086 1709 4148 propter
1764 4077 2014 4131 altitudi-

439 4181 561 4219 uem
615 4176 668 4221 et
735 4168 1164 4223 imutensitatem
1222 4167 1803 4239 incomprehensibilia
1860 4176 2011 4222 sunt.

370 4334 375 4339 ἡ
436 4256 558 4325 Vel,
584 4276 707 4314 cum
737 4261 867 4330 quid
900 4262 1142 4317 dicerem
1181 4276 1289 4317 non
1331 4262 1590 4318 haberem
1617 4301 1634 4326 ,
1662 4261 1769 4317 hoc
1803 4270 2012 4315 tantum

438 4353 758 4405 aununtiavi
805 4362 860 4408 et
908 4352 1128 4409 locutus
1178 4366 1327 4420 Sum,
1391 4351 1542 4423 quod
1602 4363 1819 4408 omnem
1865 4360 2016 4406 tran-

436 4443 770 4497 scenderunt
798 4457 1109 4498 numerum.

2115 3267 2264 3330 νοίας
2294 3266 2392 3319 καὶ
2436 3264 2736 3333 σωτηρίας.
2782 3260 2915 3314 Ἰδοὺ
2944 3258 3053 3328 γὰρ
3084 3252 3195 3310 οἷον
3243 3258 3477 3325 πρᾶγμα
3511 3252 3690 3306 διελοδ

2114 3361 2275 3431 γίσω,
2311 3357 2570 3428 γενέσθαι
2596 3355 2886 3424 ἄνθρωπος
2916 3352 3004 3406 διὰ
3030 3350 3122 3404 τὸν
3146 3346 3457 3419 ἄνθρωπον.

2202 3618 2552 3691 Ἀπήγγειλα
2574 3617 2672 3673 καὶ
2702 3616 3000 3685 ἐλάλησα,
3026 3616 3506 3685 ἐπληθύνθησαν
3536 3613 3691 3685 ὑπὲρ

2115 3713 2383 3781 ἀριθμόν.
2420 3708 2782 3779 Ἀπήγγειλα,
2820 3708 2975 3778 φησι,
3015 3707 3110 3760 καὶ
3143 3705 3361 3770 ἐδίδαξα
3392 3705 3523 3775 περὶ
3556 3705 3687 3758 πολ--

2113 3806 2221 3858 λῶν
2253 3803 2574 3873 θαυμασίων
2610 3819 2705 3855 σου
2746 3803 2805 3854 ἐν
2834 3799 3048 3864 πολλοῖς
3075 3799 3313 3870 ψαλμοῖς
3333 3814 3347 3829 ⁸
3378 3798 3494 3851 ἀλλ’
3521 3797 3692 3866 ἐπλη-

2117 3896 2390 3967 θύνθησαν
2423 3895 2526 3958 ἔτι,
2562 3894 2656 3947 καὶ
2694 3893 2975 3964 ἐφάνησαν
3002 3891 3372 3963 ἁναρίθμητα,
3418 3890 3493 3961 μὴ
3524 3889 3689 3942 δυνά-

2121 4000 2260 4057 μενα
2294 3987 2593 4038 ὑποπεσεῖν
2620 3982 2873 4054 ἀριθμῷ’
2918 3974 2955 4036 ἃ
2995 3981 3105 4052 γὰρ
3132 3978 3229 4036 νῦν
3266 3980 3458 4050 ἔγνων,
3490 3980 3688 4051 ἀπερί-

2114 4076 2298 4149 ληπτά
2327 4079 2454 4140 εἰσι,
2489 4076 2576 4130 διὰ
2605 4075 2668 4151 τὸ
2698 4074 2989 4144 μεγαλεῖον
3019 4073 3118 4142 τῆς
3148 4071 3366 4140 φύσεως
3395 4070 3585 4124 αὐτοῦ.
3618 4066 3690 4121 ’Π

2115 4173 2212 4226 καὶ
2267 4172 2481 4235 ἄλλως·
2540 4169 2726 4238 Μηδὲν
2755 4168 2947 4238 ἕτερον
2978 4169 3155 4220 εἰπεῖν
3205 4165 3525 4237 δυνάμενος,
3586 4165 3691 4216 ἀπ-

2115 4264 2349 4335 ήγγειλα
2391 4264 2487 4318 καὶ
2522 4262 2764 4334 ἐλάλησα
2791 4260 2888 4315 νῦν
2919 4260 3081 4313 τοῦτο
3116 4259 3279 4331 μόνον
3318 4260 3447 4330 περὶ
3484 4256 3690 4319 αὐτῶν,

2114 4360 2197 4413 ὅτι
2229 4356 2648 4428 ἐπληθύνθησαν
2679 4351 2822 4425 ὑπὲρ
2849 4350 3106 4423 ἀριθμόν.

510 4530 678 4586 Vens.
703 4534 757 4587 7.
782 4533 1120 4602 Sacriﬁcium
1164 4543 1214 4587 et
1269 4531 1590 4588 oblationem
1617 4533 1866 4599 noluisti,
1896 4551 2012 4589 cor—

2192 4533 2425 4588 Θυσίαν
2470 4531 2568 4585 καὶ
2609 4530 2965 4599 προσφορὰν
2987 4530 3098 4582 οὐκ
3135 4524 3445 4596 ἠθέλησας
3467 4542 3481 4556 ·
3519 4534 3693 4595 σωμιι

438 4638 535 4690 pus
562 4633 736 4677 autem
787 4623 1058 4691 perfecisti
1100 4625 1252 4677 mihi.
1309 4624 1443 4690 Quae
1479 4635 1785 4694 sequuntur
1811 4627 1863 4680 in
1892 4643 2015 4697 pcr-

440 4729 633 4768 sonam
659 4712 865 4768 Christi
903 4715 1136 4769 dicenda
1163 4726 1316 4779 sunt,
1343 4727 1401 4768 ut
1435 4732 1663 4785 magnus
1700 4732 1799 4772 nos
1830 4718 2017 4773 docuit

2113 4625 2181 4680 δὲ
2230 4626 2570 4694 κατηρτίσω
2590 4642 2717 4693 μοι.
2752 4624 2836 4677 Τὰ
2870 4621 3125 4676 ἐντεῦθεν
3164 4623 3230 4673 ἐκ
3266 4620 3558 4691 προσώπου
3596 4614 3690 4672 τοῦ

2115 4718 2357 4790 Χριστοῦ
2419 4715 2653 4785 ῥηθῆναι
2713 4713 2927 4777 Παῦλος
2959 4716 2986 4766 ὁ
3020 4712 3320 4775 ἀπόστολος
3363 4711 3604 4775 ἐδίδαξεν
3632 4711 3691 4762 ἐν

444 4804 642 4859 Paulus
676 4805 729 4858 in
778 4805 1021 4874 Epistola
1070 4805 1137 4859 ad
1172 4804 1429 4862 Hebraeos
1457 4809 1520 4860 ".
1554 4810 1643 4862 Ait
1676 4811 1838 4879 igitur
1872 4813 2012 4882 quod

2116 4815 2181 4883 τῇ
2208 4811 2347 4883 πρὸς
2388 4808 2676 4879 Ἐϐραίους
2721 4807 3014 4878 Ἐπιστολῇ
3037 4821 3052 4838 ⁸
3084 4808 3219 4879 φησὶ
3242 4806 3352 4877 γὰρ
3383 4807 3412 4860 ὀ
3448 4798 3573 4871 Υίδς
3596 4806 3695 4859 καὶ

442 4908 563 4965 post
599 4896 1033 4951 incarnationem
1089 4896 1230 4952 Deus
1275 4898 1443 4951 Filius
1475 4899 1613 4951 dixit
1644 4900 1708 4954 ad
1739 4902 1953 4956 Patrem
1999 4919 2013 4956 :

441 4982 551 5049 Tu,
574 4986 756 5052 Pater,
777 4989 833 5042 in
866 4998 1146 5058 posterum
1185 4990 1351 5060 legale
1374 5005 1534 5044 omne
1562 4992 1891 5046 sacriﬁcium
1932 5008 2017 5048 re-

439 5080 709 5149 probasti,
780 5089 835 5134 et
893 5081 1203 5135 oblationes
1262 5096 1457 5135 omnes
1520 5082 1637 5151 lege
1691 5083 2012 5140 institutas:

440 5188 629 5226 verum
664 5187 870 5243 corpus
905 5171 1039 5226 mihi
1071 5172 1301 5228 eii‘eeisti
1334 5186 1400 5226 ex
1438 5168 1680 5241 Virginis
1734 5176 2017 5247 sanguini-

436 5264 564 5325 hos.
629 5277 687 5319 ut
727 5280 824 5335 pro
856 5266 1139 5319 hominum
1209 5267 1383 5320 salute
1438 5266 1492 5320 in
1551 5267 1884 5323 sacriﬁcium
1925 5269 2014 5323 of-

435 5358 630 5413 lerrer.

514 5449 677 5505 Vsus.
721 5450 774 5505 8.
813 5450 1166 5513 "olocausta,
1216 5462 1262 5506 et
1296 5469 1390 5522 pro
1431 5464 1644 5519 peccato
1690 5470 1795 5508 non
1824 5454 2016 5524 σαωδὶ-

438 5540 576 5595 ιιῖδιε.
615 5542 672 5595 lu
709 5541 956 5597 Levitico
1014 5552 1069 5597 et
1105 5545 1532 5600 Deuteronomio
1565 5546 1714 5601 clare
1747 5546 2016 5611 invenies,

2116 4906 2251 4966 "eo;
2306 4903 2445 4974 πρὸς
2500 4904 2592 4957 τὸν
2652 4902 2876 4971 Πατέρα
2917 4903 3057 4972 μετὰ
3097 4902 3197 4972 τὴν
3249 4890 3695 4970 ἐνανθρώπησιν,

2119 4996 2200 5048 ὅτι
2225 4991 2334 5048 Τοῦ
2385 4994 2575 5047 λοιποῦ
2626 4993 3041 5064 ἁπεδοκίμασας
3068 4992 3167 5063 τὴν
3197 4991 3431 5062 νομικὴν
3470 4990 3690 5054 Θυσίαν,

2120 5086 2217 5139 xa‘l.
2251 5085 2348 5157 τὴν
2376 5086 2588 5138 ἐκεῖθεν
2621 5085 2941 5156 προσφοράν
2963 5102 2976 5114 ·
3007 5083 3164 5153 σῶμα
3198 5078 3254 5137 δὲ
3283 5081 3695 5144 κατεσκεύασόμς

2124 5194 2216 5251 μοι
2272 5179 2624 5250 παρθενικῶν
2676 5177 2737 5241 ἐξ
2788 5179 3058 5247 αἱμάτων.
3105 5178 3187 5240 εἰς
3228 5174 3288 5230 τὸ
3335 5167 3695 5246 θυσιασθῆναι

2118 5274 2281 5327 τοῦτο
2313 5274 2442 5343 περὶ
2475 5273 2755 5341 σωτηρίας
2784 5271 2894 5323 τῶν
2915 5262 3244 5340 ἀνθρώπων.

2199 5429 2727 5521 Ὀλοκαυτῶματα,
2775 5451 2871 5505 καὶ
2917 5449 3052 5518 περὶ
3088 5447 3377 5519 ἁμαρτίας
3413 5449 3525 5501 οὐκ
3566 5443 3695 5511 ἐζή-

2114 5562 2330 5615 τησας.
2363 5545 2453 5596 Ἑν
2481 5546 2547 5614 τῇ
2577 5541 2745 5612 βίϐλῳ
2771 5539 2866 5593 τοῦ
2906 5538 3199 5595 Δευῖτικοῦ
3244 5537 3339 5592 καὶ
3368 5537 3466 5590 τοῦ
3499 5537 3694 5589 Δευτε-

438 5645 631 5697 quanta
658 5651 686 5682 n
721 5644 908 5688 essent
942 5636 1287 5700 holocausta,
1344 5647 1399 5692 et
1449 5653 1574 5708 quae
1605 5638 1875 5693 sacriticia
1918 5654 2012 5709 pro

2122 5639 2376 5707 ρονομίου
2412 5634 2601 5704 σαφῶς
2647 5634 2926 5705 εὑρήσεις,
2962 5630 3082 5685 τίνα
3120 5626 3220 5702 μὲν
3265 5630 3333 5683 τὰ
3387 5625 3693 5682 ὁλοκαυτῶν

511 5807 553 5836 ἐ
591 5805 747 5858 Rom.
786 5823 857 5872 χι,
894 5810 983 5863 55.
1073 5813 1113 5843 ’⁷
1141 5813 1303 5868 Hebr.
1337 5828 1391 5880 κ,
1426 5813 1474 5867 5.
