4078 6422
377 341 491 406 453

1561 334 1954 400 COMMENT.
1993 340 2075 400 IN
2114 335 2478 402 PSALMOS.

3552 338 3664 398 454

383 465 555 520 ματα,
586 449 716 503 τίνα
741 447 803 504 δὲ
825 449 896 503 τὰ
931 448 1058 520 περὶ
1087 448 1363 520 ἁμαρτίας
1387 449 1625 520 Θύματα,
1647 452 1743 504 καὶ
1765 452 1974 512 ἁπλῶς,

2095 461 2309 515 peccato
2341 467 2353 502 :
2386 457 2440 504 et
2470 450 2655 504 omnia
2718 448 2958 518 denique
3007 448 3353 504 oblationum
3405 459 3459 505 et
3494 452 3668 506 sacri-

378 540 647 611 διαφορὰς
671 541 787 594 τῶν
819 541 1022 594 θυσιῶν
1066 541 1162 594 καὶ
1196 542 1548 612 προσφορῶν.
1591 543 1742 604 Τέως
1787 542 1830 594 δ’
1880 541 1973 594 οὗν

385 650 572 702 φησιν,
601 631 686 684 ὃτι
726 631 896 702 Ἐμοῦ
930 631 1326 700 σαρκωθέντος,
1345 632 1438 684 τοῦ
1467 633 1685 699 λογικοῦ
1719 635 1809 684 καὶ
1840 632 1974 702 ἀλη-

383 722 532 774 θινοῦ
566 721 838 791 Ούματος,
882 721 978 774 τοῦ
1022 721 1270 791 αἴροντος
1311 723 1412 793 τὴν
1449 723 1726 793 ἁμαρτίαν
1750 722 1848 775 τοῦ
1887 723 1977 774 κό-

385 832 549 884 σμου,
581 813 739 866 οὐδὲν
779 813 942 882 σῶμα
975 812 1087 883 (ὀὸ)
1122 814 1346 882 νομικὸν
1377 815 1734 883 ἐξεζήτησας.

463 907 601 959 Τότε
623 901 830 958 εἷπον·
878 905 1026 958 Ἰδοὺ
1050 905 1196 972 ἥκω.
1222 905 1358 958 Τότε
1380 921 1394 936 ο
1428 906 1556 958 ποτε
1581 923 1594 972 ;
1624 907 1754 960 Ὅτε
1786 908 1853 959 τὰ
1891 926 1976 961 νο-

395 999 536 1068 μικὰ
568 998 789 1067 θύματα
823 998 1219 1067 ἀπηυδόκησας
1244 1015 1256 1027 ⁸
1297 1000 1417 1052 τότε
1459 999 1570 1070 γὰρ
1606 995 1761 1053 εἷπον
1789 1002 1973 1064 αὐτὸς,

385 1094 468 1146 ὅτι
531 1090 748 1158 Πάτερ,
793 1089 1046 1158 ἤγγικεν
1089 1091 1127 1158 ἡ
1179 1089 1303 1158 ὥρα
1329 1107 1345 1123 ο
1395 1089 1668 1155 δόξασόν
1710 1107 1826 1146 σου
1869 1091 1978 1145 τὸν

396 1186 569 1239 rid)“
596 1185 659 1236 τὸ
683 1183 815 1253 γὰρ,
855 1182 1003 1238 Ἰδοὺ
1032 1182 1178 1249 ἥκω,
1216 1184 1302 1246 Ὠς
1325 1185 1460 1254 ὁρᾷς
1486 1183 1850 1255 ἡτοίμασμαι.

457 1367 566 1417 Ἐν
597 1361 879 1432 κεφαλίδι
909 1363 1157 1426 ,βιϐλίου
1192 1361 1514 1432 γέγραπται
1540 1364 1672 1431 περὶ
1704 1365 1874 1434 ἐμοῦ.
1916 1365 1980 1418 0i

402 1457 654 1528 Ἐὄραῖοι
684 1456 866 1522 βιϐλία
906 1458 1006 1526 μὲν
1031 1455 1259 1510 καλοῦσι
1299 1456 1368 1510 τὰ
1401 1459 1815 1528 συγγράμματα
1843 1475 1858 1489 ·
1891 1476 1982 1511 κεο

393 1549 627 1615 ψαλίδας
669 1548 764 1613 δὲ,
794 1549 863 1600 τὰ
910 1549 1220 1618 εἱλητάρια,
1263 1549 1338 1611 ὡς
1367 1549 1429 1602 τό
1451 1564 1463 1577 ·
1511 1551 1607 1603 Υἱὲ
1636 1551 1979 1619 ἀνθρώπου,

391 1640 550 1710 φάγε
577 1641 691 1707 τὴν
720 1638 1020 1708 κεφαλίδα
1055 1641 1307 1708 ταύτην.
1364 1641 1712 1712 Εἰληταρίοις
1748 1643 1857 1713 γὰρ
1898 1647 1984 1696 ἐν·

394 1736 665 1802 ἐγραφον,
717 1731 814 1786 καὶ
862 1733 924 1785 οὐ
961 1732 1178 1802 τεύχεσι
1213 1733 1620 1804 τετραγώνοις,
1671 1736 1747 1798 ὡς
1797 1738 1980 1807 ἡμεῖς.

390 1826 568 1892 «mw
601 1825 630 1876 ὁ
662 1821 854 1891 Σωτὴρ
882 1861 897 1886 ,
947 1821 1030 1874 ὅτι
1084 1823 1186 1874 Ἐν
1232 1823 1827 1890 είληταρίῳβισλίου
1885 1825 1982 1892 γέ-

390 1929 656 1981 γραπται
695 1913 828 1978 περὶ
885 1911 1069 1980 ἐμοῦ⁸
1129 1910 1338 1980 βιϐλίου
1375 1912 1430 1964 δὲ
1457 1953 1469 1975 ,
1507 1913 1849 1982 προφητικοῦ
1886 1915 1978 1980 δη-

391 2007 552 2073 λαδὴ,
607 2004 854 2057 τουτέστι
883 2005 954 2055 τὰ
987 2005 1117 2072 περὶ
1177 2003 1276 2072 τῆς
1310 2003 1449 2072 ἐμῆς
1510 2003 1984 2074 ὲνανΘρωπήσεως

391 2098 880 2168 προκατήγγειλαν
909 2097 963 2149 οἱ
1011 2096 1313 2166 προφῆται.
1347 2095 1519 2148 Τοῦτο
1566 2097 1661 2148 καὶ
1707 2097 1983 2160 Ἰουδαίοις

395 2193 634 2262 ὕπερον
677 2190 884 2259 ἔλεγεν,
947 2189 1022 2252 ὡς
1071 2190 1170 2242 τό·
1224 2191 1292 2242 El
1337 2187 1685 2244 ἐπιστεύετε
1735 2190 1984 2259 Μωῢσῇ.

400 2283 748 2336 ἐπιστεύετε
777 2281 855 2334 ἂν
885 2281 1038 2350 ἐμοὶ,
1073 2282 1167 2333 καὶ
1201 2279 1337 2333 ἄλλα
1363 2281 1556 2334 πολλά.

491 2462 555 2515 τὸ
575 2462 822 2529 ποιῆσαι
854 2462 920 2515 τὸ
949 2461 1178 2530 θέλημά
1217 2476 1356 2526 σου,
1399 2463 1431 2516 ὁ
1461 2463 1605 2528 Θεός
1632 2480 1774 2531 μου,
1805 2465 1987 2531 ἠϐουο

409 2555 628 2620 λήθην.
680 2553 835 2606 Ἐπεὶ
868 2553 936 2604 τὰ
971 2555 1099 2624 περὶ
1124 2553 1260 2622 ἐμοῦ
1294 2551 1602 2624 προώριστο
1629 2555 1722 2606 καὶ
1750 2572 1992 2625 προκατ-

403 2647 672 2716 ἠγγελτο,
703 2647 930 2716 ποιῆσαι
972 2644 1035 2698 τὸ
1109 2644 1323 2714 θέλημά
1373 2661 1465 2697 σου
1527 2645 1850 2716 ἠϐουλήθην.
1885 2647 1992 2700 Πε-

397 2740 586 2810 ριττὸν
612 2739 722 2808 γὰρ
744 2737 979 2792 ἐνταῦθα
1033 2736 1092 2790 τὸ
1145 2735 1272 2790 τοῦ.
1299 2737 1525 2807 Θέλημα
1547 2738 1603 2790 δὲ
1626 2739 1722 2790 τοῦ
1757 2737 1991 2808 Πατρὸς,

394 2835 431 2901 ἡ
468 2832 619 2897 ὑπὲρ
667 2830 770 2898 τῆς
798 2831 907 2882 τῶν
937 2818 1244 2900 ἀνθρὼἷιων
1293 2828 1568 2898 σωτηρίας
1615 2831 1757 2884 κατὰ
1815 2833 1995 2899 σάρκα

400 2923 598 2992 σφαγὴ
625 2923 719 2975 τοῦ
746 2920 881 2974 Υἱοῦ
915 2920 1106 2976 αὑτοῦ.
1134 2921 1270 2988 Περὶ
1299 2919 1492 2973 τούτου
1521 2920 1616 2973 καὶ
1649 2921 1812 2982 αὐτὸς
1845 2921 1998 2975 ὓστε-

403 3038 503 3090 ρον
573 3016 728 3071 εἶπεν
781 3021 809 3071 ὁ
862 3016 1138 3087 Χριστὸς,
1175 3017 1283 3080 ὅτι,
1337 3015 1727 3084 Καταϐέϐηκα
1784 3016 1853 3071 ἐκ
1890 3019 1996 3074 τοῦ

2081 543 2332 596 liciorum
2389 557 2614 614 genera.
2654 543 2745 596 Ait
2805 542 2975 612 igitur
3009 559 3023 594 :
3063 540 3200 596 Cum
3234 556 3426 594 verum
3460 557 3561 608 ego
3601 556 3665 592 ac.

2080 633 2413 686 rationabile
2473 631 2811 686 sacriﬁcium
2871 633 3022 697 sim,
3086 640 3140 685 et
3203 630 3387 684 omnia
3467 629 3662 684 mundi

2077 723 2290 776 doleam
2330 735 2575 793 peccata,
2603 735 2658 776 tu
2700 724 2910 776 nullum
2964 723 3203 792 amplius
3237 725 3409 788 legale
3443 724 3663 776 sacrili-

2076 813 2222 868 cium
2263 815 2590 884 quaesivisti.

2151 905 2298 960 Tunc
2327 906 2442 960 dixi
2468 921 2485 960 :
2507 907 2640 961 Ecce
2671 907 2836 960 venio.
2868 905 3025 959 Tunc
3053 907 3308 960 nimirum
3338 907 3555 976 quando
3583 907 3665 960 le-

2080 998 2223 1066 galia
2278 1000 2548 1053 sacriﬁcia
2586 999 2876 1068 reprobate
2929 1009 3089 1063 sunt;
3146 1010 3278 1052 tune
3338 999 3485 1052 enim
3553 999 3664 1051 dixi

2077 1105 2178 1160 ego
2207 1109 2219 1143 :
2253 1088 2435 1156 Pater,
2488 1095 2628 1145 venit
2675 1091 2829 1154 hora,
2875 1092 3117 1162 glori/ica
3182 1090 3374 1144 Filium
3433 1091 3665 1145 tuum".

2089 1179 2227 1237 Nam
2260 1179 2408 1254 quod
2433 1181 2508 1234 ait
2538 1199 2552 1235 :
2581 1181 2714 1234 Ecce
2737 1183 2882 1236 venio
2911 1225 2924 1248 ,
2963 1182 3103 1236 idem
3133 1189 3233 1244 est,
3264 1196 3327 1234 ac
3354 1183 3397 1234 si
3416 1183 3624 1236 diceret
3653 1191 3670 1235 τ

2083 1275 2246 1328 Vides
2271 1275 2416 1342 quod
2449 1285 2674 1342 paratus
2707 1289 2852 1328 sum.

2156 1367 2320 1420 Vens.
2355 1366 2408 1420 9.
2453 1365 2518 1419 In
2546 1365 2810 1420 columine
2862 1365 2985 1418 libri
3053 1366 3310 1432 scriptum
3346 1373 3424 1419 est
3451 1364 3516 1418 de
3566 1379 3668 1419 me.

2084 1459 2538 1528 Conscriptiones
2573 1457 2785 1512 llelirazi
2814 1457 2985 1512 libros
3014 1458 3385 1526 appellabant.
3419 1466 3468 1510 et
3511 1457 3670 1509 invo-

2030 1624 2031 1627 η
2086 1553 2231 1605 Iutas
2264 1554 2488 1605 chartas
2531 1551 2833 1612 volumina,
2866 1551 3021 1620 juxta
3053 1529 3183 1603 iliud
3218 1565 3231 1603 :
3269 1548 3381 1602 Fili
3408 1549 3659 1612 hominis,

2088 1645 2300 1698 comede
2363 1643 2460 1696 ltoc
2514 1642 2844 1696 volumen".
2917 1641 3184 1697 lnvolutis
3241 1642 3386 1695 enim
3461 1641 3676 1695 chartis

2090 1738 2431 1794 scribebant,
2485 1745 2540 1788 et
2594 1749 2704 1788 non
2757 1735 3045 1803 quadratis
3092 1734 3274 1796 libris,
3313 1743 3371 1787 ut
3404 1749 3506 1787 nos
3540 1733 3674 1786 laci-

2089 1843 2232 1880 mus.
2271 1825 2360 1878 Ait
2392 1825 2559 1894 igitur
2617 1823 2872 1878 Salvator
2905 1842 2918 1878 :
2954 1822 3020 1877 In
3051 1825 3319 1877 volumine
3357 1825 3501 1885 libri,
3547 1838 3674 1892 pro-

2088 1918 2294 1987 phetici
2327 1918 2610 1977 nimirum,
2644 1916 2904 1984 scriptum
2933 1924 3010 1969 est
3038 1917 3101 1969 de
3145 1931 3246 1976 me,
3311 1916 3413 1968 hoc
3449 1924 3556 1977 εει,
3607 1927 3672 1967 ea

2092 2024 2214 2077 qua:
2246 2009 2312 2062 ad
2343 2007 2785 2061 lncarnationem
2821 2021 2998 2060 meam
3031 2006 3331 2074 pertinent,
3363 2020 3392 2056 a
3427 2005 3668 2074 prophe-

2093 2100 2166 2155 tis
2199 2097 2460 2168 pradicta
2507 2107 2636 2152 sunt
2667 2116 2681 2153 :
2716 2096 2862 2167 quod
2897 2097 3030 2165 ipsis
3061 2097 3226 2151 etiam
3257 2094 3462 2150 Judaeis
3493 2096 3675 2150 Domi-

2090 2207 2196 2246 nus
2222 2199 2411 2260 postea
2458 2191 2656 2244 iterum
2690 2190 3006 2254 aliirmavit,
3037 2189 3227 2243 dicens
3258 2204 3270 2240 :
3305 2189 3364 2243 Si
3391 2189 3676 2242 crederetis

2094 2283 2290 2352 Moysi,
2325 2282 2606 2336 crederetis
2657 2283 2818 2335 etiam
2873 2291 2922 2335 et
2970 2281 3100 2334 mihi
3155 2280 3241 2352 [de
3287 2297 3366 2333 me
3409 2281 3548 2333 enim
3589 2281 3678 2333 ille

2091 2377 2302 2444 scripsit
2327 2374 2424 2447 "j,
2449 2383 2502 2429 et
2533 2375 2639 2427 alia
2666 2372 2984 2443 hnjusmodi
3019 2373 3214 2426 multa.

2171 2468 2372 2522 Facere
2421 2470 2745 2521 voluntatem
2805 2474 2975 2530 tuam,
3012 2463 3150 2517 Deus
3206 2478 3371 2526 meus,
3403 2461 3561 2514 volui.
3604 2460 3673 2514 Et

2094 2564 2356 2632 quoniam
2385 2576 2507 2630 quae
2557 2560 2624 2614 ad
2689 2574 2776 2613 me
2829 2559 3129 2626 pertinent,
3161 2555 3272 2622 jam
3309 2555 3673 2608 dcterminata

2095 2664 2224 2710 sunt
2284 2664 2339 2709 et
2387 2651 2648 2722 praedicta
2699 2665 2730 2704 a
2782 2649 3092 2719 prOphetis.
3132 2646 3256 2702 ideo
3287 2645 3470 2700 facere
3525 2644 3677 2698 volui
3753 2722 3755 2724 η

2095 2750 2442 2802 voluntatem
2475 2754 2653 2800 tuam.
2687 2741 3010 2811 Superﬂuus
3040 2747 3126 2796 est
3159 2742 3306 2795 enim
3375 2737 3672 2798 articulus,

2097 2841 2192 2911 qui
2231 2840 2464 2893 habetur
2490 2840 2544 2892 in
2573 2836 2788 2896 Graeco,
2813 2842 2940 2888 ante
2972 2832 3252 2886 inlinitutn
3293 2829 3469 2899 facere
3493 2826 3674 2899 [quem

2096 2932 2192 3002 qui
2251 2928 2587 2999 superﬂuum
2643 2943 2750 2980 non
2804 2932 3094 2996 putarunt,
3154 2921 3559 2974 transtulerunt
3621 2927 3681 2968 ut

2101 3021 2390 3095 facerem];
2431 3021 2688 3076 voluntas
2715 3030 2898 3072 autem
2925 3014 3104 3070 Patris
3128 3013 3232 3068 fuit
3259 3025 3320 3066 ea
3343 3051 3358 3076 ,
3386 3008 3506 3064 Filii
3532 3024 3682 3062 mors

400 3111 674 3180 οὐρανοῦ
705 3111 819 3177 οὐχ
842 3107 945 3161 ἵνα
975 3105 1125 3160 ποιῶ
1176 3107 1242 3160 τὸ
1270 3107 1503 3175 θέλημα
1527 3107 1596 3161 τὸ
1633 3108 1805 3178 ἐμὸν,
1836 3111 1991 3166 ἀλλὰ

2101 3115 2406 3170 secundum
2430 3126 2680 3174 carnem,
2699 3125 2822 3181 quae
2847 3123 2948 3178 pro
2977 3107 3218 3160 humana
3248 3103 3448 3166 salute,
3469 3115 3683 3156 summa

400 3205 472 3256 td
502 3201 734 3269 θέλημα
766 3199 876 3254 τοῦ
905 3198 1260 3267 πέμψαντός
1298 3215 1399 3266 με.

2101 3222 2224 3261 cum
2250 3205 2692 3274 dispensatione,
2719 3217 2749 3254 a
2786 3200 2897 3254 Deo
2923 3199 3194 3269 permissa
3225 3203 3331 3249 est.
3365 3194 3436 3246 De
3455 3206 3563 3261 qua
3583 3206 3682 3243 vo-

403 3298 624 3351 luntate
657 3297 776 3364 ipse
799 3294 964 3348 etiam
997 3290 1167 3346 Filius
1195 3290 1416 3345 dicebat
1446 3307 1460 3342 :
1494 3288 1776 3356 Descendi,
1801 3309 1904 3348 non
1934 3306 1990 3348 ut
2021 3295 2252 3364 facerem
2289 3296 2615 3351 voluntatem
2658 3308 2850 3358 meam,
2881 3289 2970 3344 sed
2994 3289 3317 3344 volun-tatem
3383 3283 3522 3350 ejus,
3593 3282 3684 3351 qui

408 3394 557 3448 misit
583 3408 663 3445 me
684 3393 753 3445 ".

481 3487 591 3542 Kal
617 3488 728 3539 tor
767 3486 958 3554 νόμον
988 3497 1128 3546 σου,
1155 3483 1226 3537 ἐν
1249 3482 1420 3552 μέσῳ
1450 3479 1560 3548 τῆς
1595 3484 1831 3548 κοιλίας
1856 3501 1997 3552 μου.

408 3581 487 3634 Τδ
520 3579 624 3632 Ἐν
646 3575 816 3646 μέσῳ
837 3574 949 3642 τῆς
971 3575 1205 3638 κοιλίας
1236 3589 1378 3642 μου,
1405 3571 1529 3624 ἀντὶ
1574 3571 1674 3624 Ἐκ
1706 3571 1872 3640 μέσου
1904 3575 2002 3642 τῆς

410 3671 626 3732 κοιλίας
653 3685 776 3738 μου,
807 3665 1113 3731 τουτέστιν,
1148 3667 1214 3718 ὲκ
1247 3663 1499 3734 καρδίας,
1530 3662 1828 3734 ὀλοψύχως,
1871 3666 2006 3734 πρά-

411 3765 569 3825 θεσις
603 3763 726 3814 ἀντὶ
760 3758 1099 3828 προθέσεως.
1139 3754 1274 3808 Ἀπδ
1313 3753 1497 3808 κοινοῦ
1527 3754 1587 3807 δὲ
1613 3753 1851 3823 ληπτέον
1909 3755 2007 3808 πά·

413 3857 502 3908 λιν
556 3855 638 3914 τὸ,
677 3850 1079 3916 Ἠόὀυαῖήθηνῑ⁴
1104 3846 1378 3916 ποιῆσαι,
1433 3846 1552 3917 ἦτοι
1586 3846 1878 3917 πληρῶσαι
1908 3846 2000 3898 τὸν

411 3949 583 4016 νόμον
615 3961 732 4006 σου,
763 3944 908 4011 φημὶ
949 3940 1014 4009 δὴ
1053 3939 1167 4010 (46)
1203 3940 1302 4001 τὰς
1341 3937 1585 4001 ἐντολὰς,
1619 3935 1684 3999 ἃς
1721 3954 1810 4007 μοι
1840 3936 2003 3990 δέδω-

415 4054 544 4099 κας,
574 4039 639 4087 ἐκ
672 4035 906 4103 καρδίας
939 4049 1064 4100 μου.

490 4143 1003 4216 Εὑηγγελισάμην
1073 4143 1478 4208 δικαιοσύνην
1537 4140 1606 4194 ἐν
1669 4138 2004 4207 Ἐκλλησίᾳ

415 4241 674 4312 μεγάλῃ.
720 4235 1084 4304 Δικαιοσύνην
1116 4234 1268 4302 λέγει
1309 4234 1369 4287 τὺ
1393 4233 1756 4301 Εὑαγγέλιον,
1806 4231 1880 4292 ὡς
1927 4231 2005 4282 δι-

420 4332 616 4387 καιοῦν
648 4329 858 4390 πάντας
907 4327 1035 4389 τοὺς
1094 4323 1482 4388 πιστεύοντας,
1549 4321 1648 4376 καὶ
1698 4320 2003 4392 τηροῦντας

417 4425 642 4484 ἐντολὰς
673 4419 862 4483 αὑτοῦ,
899 4417 1074 4472 ὁποῖοί
1127 4417 1254 4469 ποτ’
1273 4416 1339 4468 ἂν
1369 4408 1504 4466 ὦσιν
1540 4407 1687 4466 οὗτοι
1707 4429 1722 4444 ο
1746 4414 1838 4464 καὶ
1862 4413 1945 4464 ὅτι
1975 4412 2004 4462 ὁ

422 4515 526 4581 μὲν
551 4512 847 4574 Μωσαῖκδς
905 4510 1070 4578 νόμος
1126 4507 1308 4576 μόνοις
1338 4508 1451 4567 τοῖς
1499 4504 1774 4565 Ἰουδαίοις
1805 4501 1960 4568 ἐδόθη
1985 4514 1999 4529 ⁶

2169 3485 2241 3539 Et
2295 3485 2454 3551 legem
2517 3491 2662 3534 tuam
2692 3479 2746 3532 in
2787 3477 2957 3530 medio
2994 3474 3188 3528 ventris
3228 3473 3347 3526 mei.
3411 3471 3478 3526 In
3510 3471 3686 3526 medio-

2099 3574 2294 3628 ventris
2360 3571 2483 3634 mei,
2529 3583 2628 3637 pro
2680 3581 2748 3620 ex
2795 3565 2962 3619 corde
3014 3572 3180 3630 atque
3227 3579 3289 3615 ex
3339 3571 3452 3614 tota
3489 3563 3671 3614 anima

2103 3679 2221 3716 mea
2245 3681 2262 3728 ;
2283 3670 2340 3714 ut
2365 3662 2436 3713 sit
2459 3656 2772 3728 praepositio
2795 3670 2892 3724 pro
2912 3651 3315 3722 przepositione.
3341 3649 3381 3701 A
3405 3649 3689 3702 communi

2105 3761 2284 3805 autem
2339 3764 2504 3805 sensu
2547 3746 3071 3814 subintelligendunt
3124 3751 3228 3804 est,
3283 3740 3440 3795 Volui
3488 3739 3690 3808 facere,

2109 3838 2210 3890 hoc
2232 3845 2336 3900 est,
2366 3836 2512 3890 volui
2537 3835 2835 3900 adimplere
2857 3849 2921 3888 ex
2948 3832 3111 3886 corde
3144 3847 3263 3884 meo
3287 3831 3456 3899 legem
3491 3839 3636 3882 tuum
3665 3844 3684 3896 ;

2109 3941 2200 3982 tua
2234 3928 2490 3980 nimirum
2524 3925 2804 3988 mandata,
2829 3939 2950 3994 quae
2977 3921 3173 3977 dedisti
3207 3920 3364 3973 mihi.

2178 4123 2345 4180 Vens.
2376 4123 2459 4178 lO.
2493 4119 2865 4190 Evangelizavi
2887 4119 3160 4187 justitiam
3186 4128 3332 4170 tuam
3365 4117 3418 4170 in
3452 4112 3688 4171 Ecclesia

2113 4233 2328 4286 magna.
2373 4213 2506 4268 Vide
2556 4212 2832 4283 quomodo
2872 4209 3226 4277 Evangelium
3283 4208 3372 4260 Dei
3417 4206 3685 4275 justitiam

2113 4310 2370 4380 appellat,
2417 4307 2543 4378 quia
2590 4320 2686 4375 per
2741 4302 3095 4372 Evangeliuut
3162 4299 3252 4352 Dei
3312 4298 3689 4365 juslilicantur

2112 4403 2398 4456 credentes
2453 4413 2667 4462 omnes,
2702 4403 2758 4450 ct
2807 4397 3164 4448 observantes
3215 4389 3362 4443 illius
3412 4391 3693 4452 mamlata,

2113 4505 2428 4562 quicunque
2456 4491 2508 4544 hi
2541 4489 2747 4543 fuerint
2771 4495 2824 4540 et
2861 4486 3228 4551 undecunque
3268 4499 3282 4535 :
3328 4489 3382 4535 et
3428 4481 3556 4547 quia
3604 4481 3689 4535 lex

419 4573 480 4660 τὸ
510 4606 566 4658 δὲ
594 4603 950 4672 Εὑαγγέλιον,
973 4573 1163 4654 ’ἅπασι
1191 4601 1306 4660 τοῖς
1338 4597 1540 4649 ἔθνεσι.
1596 4596 1818 4647 Δίκαιον
1851 4593 1908 4646 δὲ
1943 4591 1991 4644 τὶ

2112 4585 2348 4640 Mosaica
2382 4583 2516 4638 solis
2545 4591 2758 4634 tantum
2784 4577 2990 4632 Judwis
3024 4577 3150 4629 data
3185 4582 3288 4638 est,
3337 4573 3691 4641 Evnngelintn

424 4697 503 4767 μὴ
533 4697 684 4749 τόνδε
737 4693 922 4764 μόνον,
959 4690 1098 4745 ἀλλὰ
1130 4689 1341 4750 πάντας
1388 4683 1587 4755 ἐπίσης
1615 4685 1694 4746 εἰς
1728 4681 2003 4750 σωτηρίαν

419 4789 634 4843 καλεῖν.
671 4783 1006 4852 Ἐκκλησίαν
1064 4779 1121 4832 δὲ
1182 4777 1432 4849 μεγάλην
1488 4777 1623 4845 φησὶ
1677 4774 1775 4836 τὰς
1841 4773 2004 4825 πολυ-

421 4878 750 4948 ανθρώπους
776 4871 1102 4942 συναγωγὰς
1136 4870 1245 4924 τῶν
1286 4867 1578 4931 Ἰουδαίων,
1616 4868 1673 4921 ἐν
1708 4861 1788 4928 οἷς
1825 4865 2002 4934 ἑπαρο

421 4973 740 5043 ρησιάζετο.

511 5234 668 5292 Ἰδοὺ
696 5236 768 5288 τὰ
798 5233 972 5301 χείλη
998 5247 1119 5298 μου
1153 5230 1225 5281 οὺ
1258 5224 1345 5296 μὴ
1376 5223 1650 5286 κωλύσω,
1682 5221 1857 5288 Κύριε
1879 5257 1895 5284 ,
1928 5217 2013 5273 σὺ

428 5330 641 5398 ἔγνως.
691 5327 784 5388 Ὧς
807 5324 972 5394 ὁρᾷς,
1007 5323 1070 5374 οὺ
1099 5323 1174 5391 μὴ
1207 5317 1440 5373 κωλύσω
1469 5316 1540 5368 τὰ
1565 5314 1720 5384 χείλη
1768 5330 1870 5384 μου
1921 5311 2014 5364 λέ-

495 5509 541 5540 "
567 5509 730 5564 Joan.
777 5522 916 5570 xvtt,
949 5507 996 5561 l.

1115 5505 1158 5538 "
1192 5501 1394 5559 Ezech.
1431 5515 1510 5564 ιιι,
1543 5496 1591 5550 i.
1623 5475 1711 5528 "1"
1746 5493 1908 5550 Jo‘an.
1950 5506 2005 5556 ν,
2033 5489 2122 5544 46.

2111 4689 2239 4728 vero
2270 4674 2525 4728 omnibus
2553 4669 2828 4741 gentibus.
2865 4665 3079 4719 iustum
3123 4673 3302 4716 autem
3344 4671 3464 4715 erat
3495 4672 3550 4714 ut
3583 4678 3692 4717 nan

2111 4781 2256 4820 unus
2289 4773 2383 4817 aut
2428 4763 2568 4816 alter
2615 4770 2828 4813 tantum
2881 4758 3135 4827 populus,
3179 4753 3274 4807 sed
3322 4754 3466 4820 quod
3503 4768 3697 4807 omnes

2113 4869 2266 4922 aeque
2290 4853 2356 4906 ad
2390 4852 2620 4908 salutem
2657 4856 3009 4902 vocarentur.
3050 4844 3152 4899 Per
3177 4843 3478 4898 Ecclesiam
3511 4853 3692 4895 autem

2117 4959 2368 5014 magnam
2418 4941 2732 4996 Judaeorum
2799 4953 3101 5008 synagogas
3158 4934 3447 5002 intelligit,
3526 4931 3693 4982 veluti

2117 5034 2430 5090 hominibus
2483 5031 3001 5101 lrequentissimas,
3055 5027 3110 5080 in
3185 5025 3382 5094 quibus
3437 5021 3694 5076 Cl.ristus

2112 5127 2289 5196 palam
2324 5141 2390 5180 ac
2420 5125 2590 5180 libere
2619 5124 2835 5177 locutus
2869 5129 2974 5174 est.

2185 5216 2316 5268 Ecce
2347 5215 2490 5268 labia
2539 5230 2654 5268 mea
2683 5229 2785 5266 non
2822 5209 3126 5278 prohibebo,
3147 5203 3395 5264 Domine,
3432 5209 3487 5251 tu
3520 5196 3687 5250 scisti.

2111 5305 2581 5376 Quemadmodum
2625 5315 2686 5360 tu
2729 5304 2902 5367 vides,
2959 5299 3158 5370 inquit,
3211 5309 3319 5348 non
3383 5286 3692 5358 prohibebo

2214 5489 2256 5520 "
2301 5487 2437 5544 Ibid.
2467 5485 2559 5543 30.

1769 5633 1972 5695 Variae
2004 5631 2330 5697 lectiones.

504 5778 618 5847 (65)
649 5791 742 5846 πρ.
781 5773 956 5842 Θῦμα.

2195 5753 2309 5822 (ιδ)
2332 5746 2424 5805 Al.
2456 5746 2515 5801 δέ
