4120 6416
390 333 488 396 ιδγ

1550 329 1948 392 COMMENT.
1993 327 2078 388 ΙΝ
2120 329 2484 390 PSALMOS.

3551 342 3654 399 458

389 448 665 505 κειοῦνται
696 450 748 501 οἱ
773 449 996 512 δίκαιοι,
1024 448 1109 500 διὰ
1142 451 1240 518 τὴν
1267 449 1495 518 ἑνότητα
1553 449 1646 501 καὶ
1677 445 1966 501 κοινωνίαν

2076 453 2298 510 peccata
2324 445 2460 512 justi
2497 445 2601 500 sibi
2631 445 2765 514 ipsis
2793 446 3097 513 ascribunt,
3130 456 3352 518 propter
3387 451 3653 508 unitatem

386 542 488 613 τῆς
516 541 780 604 πίστεως.

458 635 566 688 Καὶ
602 635 639 701 ή
671 633 890 700 καρδία
951 650 1073 700 μου
1117 633 1472 701 ἐγκατέλιπέ
1514 650 1611 702 με.
1647 631 1738 702 Τῷ
1768 633 1965 693 δοκεῖν,

385 724 666 777 ἀπέϐαλον
701 723 797 776 καὶ
826 724 926 792 τὴν
951 723 1180 793 καρδίαν
1216 739 1341 792 μου,
1372 718 1460 778 οἷα
1492 722 1566 792 μὴ
1596 722 1970 791 ρωννυόμενος

384 817 468 878 είς
500 814 832 885 εὐτολμίανο
893 817 928 885 ἡ
976 815 1176 887 καρδία
1227 815 1337 884 γὰρ
1391 815 1686 887 θαρῤύνει,
1738 813 1834 868 καὶ
1887 813 1970 864 δι-

380 909 618 981 εγείρει.

459 1002 844 1070 Εὑδόκησον,
891 1004 1092 1071 Κύριε,
1117 1002 1226 1056 τοῦ
1253 1002 1567 1072 ῥύσασθαί
1588 1019 1686 1071 με.
1731 1002 1970 1071 Θέλησον

384 1095 467 1158 είς
495 1094 558 1147 τὸ
580 1093 860 1158 ἐξελέσθαι
897 1112 964 1166 με
996 1096 1223 1148 τούτων.

459 1277 642 1346 Κύριε
663 1319 678 1343 ,
713 1280 799 1345 εις
831 1279 898 1332 τὸ
926 1279 1238 1346 βοηθῆσαι
1261 1295 1362 1348 μοι
1397 1281 1688 1348 πρόσχες.
1717 1309 1787 1319 ——
1817 1280 1970 1346 Πρό-

386 1385 558 1440 σχες,
585 1371 733 1435 ἀντὶ,
774 1371 1085 1441 Ἐπιμελῶς
1109 1372 1208 1428 ίδε.

459 1467 1076 1533 Καταισχυνθειήσαν
1129 1465 1227 1520 καὶ
1270 1465 1720 1536 ἐντραπειήσαν
1760 1469 1814 1520 οι
1874 1465 1970 1532 ζη-

383 1557 642 1624 τοῦντες
667 1559 782 1626 τὴν
809 1558 1023 1628 ψυχήν
1051 1578 1192 1629 μου,
1219 1559 1328 1614 τοῦ
1361 1559 1569 1628 ἐξᾶραι
1596 1559 1970 1626 αὐτήν-,Ἅμα

387 1650 487 1702 καὶ
554 1650 723 1718 ἄμφω
780 1650 941 1702 ταυτὶ
993 1650 1352 1704 παθέτωσαν·
1431 1650 1970 1721 καταισχυνθείησαν

390 1742 520 1810 μὲν,
567 1741 644 1804 ὡς
675 1741 1003 1811 ἡττηθέντες
1061 1743 1158 1814 τῆς
1211 1744 1489 1815 ἡμετέρας
1519 1744 1838 1815 ὑπομονῆς·
1879 1746 1970 1797 ὲν·-

382 1834 733 1904 τραπείησαν
761 1834 840 1896 δὲ,
888 1833 965 1897 ὡς
997 1834 1234 1906 ὁρῶντες
1270 1837 1369 1903 τὴν
1402 1837 1531 1907 περὶ
1576 1837 1724 1908 ἡμᾶς
1752 1837 1968 1907 ἄμαχόν

383 1941 483 1978 σου
517 1924 770 1993 δύναμιν,
795 1925 1090 1996 ζητοῦντες
1126 1925 1226 1995 τὴν
1255 1927 1436 1998 ψυχήν
1480 1945 1605 1998 μου,
1638 1928 1732 1981 ἐπὶ
1763 1927 1842 1998 τῷ
1881 1927 1970 1992 ἑξ-

387 2017 627 2084 αγαγεῖν
676 2016 846 2088 αὐτὴν
905 2017 996 2070 διὰ
1045 2019 1318 2088 τιμωρίας
1376 2019 1746 2087 παντοδαπῆς.
1786 2021 1857 2072 ’Ἡ
1912 2020 1971 2071 τὸ

385 2107 529 2176 ἅμα,
566 2110 691 2160 ἀντὶ
719 2107 834 2174 τοῦ,
863 2109 1002 2180 ὁμοῦ
1032 2110 1254 2174 πάντες.

465 2280 1034 2348 ’Δποσφαφείησαν
1086 2284 1173 2346 εις
1228 2282 1300 2335 τὰ
1354 2285 1569 2350 ὀπίσω,
1617 2289 1715 2341 καὶ
1772 2307 1972 2346 καται-

410 2374 811 2439 σχυνθείησιιν
867 2376 922 2428 oi
972 2374 1257 2442 θέλοντές
1292 2394 1395 2446 μοι
1446 2380 1622 2434 κακά.
1669 2381 1973 2456 Ἀποστρα-

415 2465 628 2533 φείησαν
652 2466 954 2532 ἄπρακτοι,
989 2466 1067 2536 μὴ
1098 2469 1516 2538 περιγενόμενοι
1551 2471 1651 2542 τῆς
1683 2474 1824 2545 ἐμῆς
1856 2478 1969 2550 (47)

404 2556 728 2620 ἑνστὰσεως·
764 2558 858 2612 καὶ
906 2559 996 2612 διὰ
1038 2558 1202 2613 τοῦτο
1254 2563 1807 2634 καταισχυνθείησαν.
1840 2570 1970 2622 Ποι-

396 2646 563 2698 κίλλει
595 2648 651 2700 δὲ
683 2647 784 2719 τὴν
816 2648 982 2719 ἀρὰν,
1020 2651 1101 2714 εἰς
1141 2650 1384 2722 ἔμφασιν
1445 2653 1548 2722 τῆς
1603 2656 1662 2709 ἐν
1694 2659 1760 2729 τῇ
1820 2661 1966 2734 ψυχῇ

390 2737 605 2806 ὀδύνης.

455 2829 946 2899 Κομισάσθωσαν
971 2833 1336 2904 παραχρῆμα
1357 2839 1663 2907 αἰσχύνην
1690 2843 1892 2897 αὐτῶν
1915 2850 1970 2900 ot

381 2919 671 2988 λέγοντές
701 2939 824 2989 μοι.
852 2918 1030 2992 Εὖγε,
1064 2919 1225 2993 εὖγε.
1277 2928 1409 2997 Περὶ
1442 2929 1534 2982 τοῦ
1577 2928 1754 3002 Εὖγε,
1806 2933 1967 3006 εὖγε,

389 3014 811 3084 προειρήκαμεν
840 3015 922 3068 ὅτι
948 3015 1386 3072 ὲπιτωθαστικόν
1416 3021 1565 3074 ἐστιν
1587 3025 1898 3098 ἐπίρρημα.

457 3106 993 3202 ΪΑγαλλιάσ-θωσαν
1014 3110 1661 3181 καίεύφρανθήτωσαν
1720 3119 1817 3174 ἐπὶ
1874 3127 1972 3180 σοι
2004 3143 2046 3202 ο

384 3197 615 3265 πάντες
643 3201 700 3254 οι
735 3198 1052 3270 ζητοῦντές
1077 3217 1172 3267 σε,
1205 3205 1408 3274 Κύριε.
1443 3205 1978 3278 ΤδἋγαλλιάσθωοι

383 3304 512 3343 σαν
542 3291 637 3345 καὶ⁵
664 3295 1204 3363 εὐφρανθήτωσαν,
1237 3297 1287 3350 εί
1319 3298 1417 3367 μὲν
1450 3297 1656 3368 βούλει,
1694 3308 1974 3378 ταυτοσή-

389 3400 597 3452 μαντον
624 3385 846 3456 νόμισον
881 3385 992 3458 (48)
1013 3404 1026 3418 ·
1060 3389 1111 3442 εί
1141 3388 1187 3443 δ’
1217 3385 1333 3456 οὖν,
1367 3390 1517 3460 ἔχεις
1550 3393 1646 3447 καὶ
1703 3395 1802 3466 τὴν
1852 3400 1976 3453 τού-

384 3493 498 3528 των
565 3477 832 3548 διαφορὰν
884 3481 944 3533 ὲν
1005 3480 1084 3550 τῷ
1133 3481 1303 3551 τρίτῳ
1361 3482 1532 3553 στίχῳ
1590 3485 1686 3538 τοῦ
1743 3489 1789 3542 0'
1837 3491 1978 3560 ψαλ-

390 3568 522 3641 μοῠ.
599 3569 736 3623 Ἐπὶ
799 3569 904 3624 σοι
978 3571 1056 3637 δὲ,
1125 3573 1248 3626 ἀντὶ
1303 3575 1418 3638 τοῦ,
1495 3575 1617 3630 Ἐπὶ
1666 3580 1734 3650 τῇ
1783 3583 1864 3645 είς
1915 3583 1976 3636 σὲ

389 3664 598 3718 πίστει.

459 3755 568 3810 Καὶ
610 3753 959 3825 εἰπάτωσαν,
1001 3758 1099 3812 διὰ
1157 3763 1407 3827 παντὸς,
1471 3767 1915 3834 Μεγαλυνθήτω
1942 3770 1976 3821 ὁ

391 3847 628 3914 Κύριος,
683 3849 738 3902 οἱ
800 3849 1151 3918 ἀναρτῶντες
1213 3853 1282 3906 τὸ
1331 3855 1630 3924 σωτήριόν
1707 3873 1849 3914 σου.
1909 3861 1976 3914 Οί

387 3941 722 4008 ἀγαπῶντες
750 3941 850 4012 τὴν
881 3943 1179 4014 σωτηρίαν,
1208 3945 1309 4015 τὴν
1338 3947 1448 3999 ἀπὸ
1473 3947 1569 4000 σοῦ
1600 3965 1614 3980 ·
1641 3949 1674 4019 ἢ
1705 3952 1974 4020 σωτήριον

388 4029 560 4084 αὐτοῦ
592 4031 742 4098 λέγει
766 4031 866 4100 τὴν
883 4031 1298 4106 ὲνανθρώπησιν
1330 4038 1496 4092 αὐτοῦ
1515 4052 1530 4070 ⁸
1564 4043 1832 4112 σωτήριος
1861 4043 1972 4114 γὰρ

390 4121 536 4192 αὕτη
563 4123 676 4185 τοῖς
704 4122 1046 4177 ἀπολωλόσιν
1075 4125 1313 4194 ἐγένετο.
1341 4129 1671 4185 Είπάτωσαν
1702 4132 1760 4185 δὲ
1797 4132 1974 4198 οὕτως

386 4211 481 4268 οἶα
512 4213 615 4284 τῆς
643 4213 798 4284 παρὰ
838 4214 934 4268 σοῦ
967 4217 1293 4288 ἐπικουρίας
1320 4220 1686 4291 τυγχάνοντες
1715 4237 1730 4253 ·
1775 4225 1972 4293 Μεγα-

388 4307 678 4372 λυνθήτω
705 4307 784 4372 δὲ,
818 4308 940 4361 ἀντὶ
962 4306 1082 4375 τοῦ,
1114 4309 1308 4379 Μέγας
1339 4313 1674 4383 νομισθήτω.

455 4395 609 4465 Ἐγὼ
638 4396 706 4450 δὲ
725 4398 960 4466 πτωχός
987 4399 1102 4467 εἰμι
1128 4401 1224 4453 καὶ
1258 4401 1468 4470 πένης.
1498 4402 1670 4458 Τοῦτο
1694 4403 1970 4476 προσώπῳ

2075 551 2141 587 ac
2170 536 2729 592 communicationem
2760 539 2904 592 ﬁdei.

2149 626 2216 679 Et
2251 643 2342 680 cor
2374 645 2545 682 meum
2577 630 2857 700 dereliquit
2904 649 3001 686 me.
3036 631 3236 688 Vidi-or
3285 635 3445 703 quasi
3491 635 3654 690 corde

2076 718 2354 783 desertus,
2393 735 2517 774 cum
2554 737 2672 776 mea
2709 724 2891 778 omnis
2929 725 2980 779 in
3023 735 3077 780 te
3130 726 3326 780 ﬁducia
3382 727 3653 782 inﬁrmata

2077 814 2165 864 sit.
2229 811 2409 882 Ipsum
2461 814 2606 868 enim
2668 829 2783 880 cor,
2846 818 3087 872 animum
3137 819 3381 875 excitare
3416 822 3559 876 solet
3600 831 3654 876 et

2077 917 2336 974 prws'are
2355 907 2662 961 audaciam.
3048 911 3054 917 ’

2153 997 2314 1053 Vens.
2346 1000 2428 1054 M.
2457 998 2676 1053 Placeat
2707 1000 2821 1065 tibi,
2851 1000 3091 1063 Domine,
3120 1013 3176 1056 ut
3197 1007 3392 1073 eripias
3422 1022 3524 1062 me.
3555 1007 3652 1062 Ve-

2077 1091 2165 1154 lis,
2225 1093 2421 1162 inquit,
2457 1093 2703 1160 Domine,
2745 1109 2828 1148 tuo
2861 1095 2930 1147 ab
2957 1095 3042 1148 his
3063 1097 3319 1152 omnibus
3348 1099 3557 1169 eripere
3590 1113 3654 1156 ac

2077 1183 2306 1237 liberari
2343 1184 2624 1254 periculis.

2145 1277 2397 1341 Domine,
2423 1276 2490 1330 ad
2528 1275 2889 1346 adjuvandum
2916 1293 2997 1332 me
3019 1280 3234 1348 respice.
3255 1277 3478 1336 Intende
3495 1281 3656 1349 mihi,

2075 1378 2129 1421 ct
2163 1384 2250 1422 me
2271 1369 2565 1437 diligenter
2591 1379 2836 1440 aspecta.

2153 1461 2315 1516 Vens.
2356 1461 2442 1514 l5.
2502 1459 2830 1516 Erubescant
2863 1473 2910 1516 et
2950 1464 3350 1533 confundantur
3377 1466 3540 1520 simul
3569 1467 3656 1536 qui

2075 1563 2319 1626 quierunt
2343 1554 2580 1607 animam
2619 1570 2816 1618 meam,
2845 1564 2902 1608 ut
2931 1556 3176 1624 auferant
3219 1574 3356 1612 eam.
3413 1556 3656 1628 Utraque

2075 1650 2222 1702 enim
2259 1646 2340 1701 eis
2373 1645 2644 1712 accident,
2677 1653 2823 1700 utet
2872 1648 3083 1716 pudore
3123 1647 3452 1712 afﬁciantur,
3490 1649 3655 1704 veluti

2075 1737 2203 1791 victi
2236 1747 2424 1791 nostra
2449 1734 2736 1805 patientia,
2806 1742 2860 1790 et
2909 1735 3336 1802 confundantur,
3397 1737 3656 1792 invictam

2073 1844 2198 1886 esse
2260 1838 2551 1883 cernentes
2579 1827 2877 1897 potentiam
2913 1837 3081 1891 tuam,
3114 1843 3218 1898 qua
3268 1843 3366 1883 nos
3391 1831 3655 1900 protegis.

2073 1921 2358 1996 [Sequitur
2380 1919 2422 1991 :]
2446 1919 2552 1985 Qui
2578 1933 2821 1988 quaerunt
2845 1921 3082 1973 animam
3099 1922 3410 1989 meam,'_hoc
3435 1932 3539 1985 est,
3563 1937 3656 1992 qui

2074 2012 2177 2064 hoc
2211 2024 2380 2064 unum
2421 2009 2560 2062 votis
2591 2009 2874 2071 omnibus,
2901 2018 2954 2064 et
2986 2018 3101 2064 toto
3129 2018 3320 2078 petunt
3371 2011 3576 2077 studio,
3599 2021 3655 2066 ut

2075 2116 2162 2157 me
2192 2099 2360 2155 variis
2387 2098 2708 2154 exanimem
2737 2099 3043 2170 suppliciis.
3072 2098 3191 2167 Vel,
3216 2102 3399 2166 simul,
3433 2101 3537 2157 hoc
3553 2111 3656 2168 est,

2075 2207 2183 2247 una
2206 2207 2422 2247 omnes.

2149 2282 2542 2337 Convertuntur
2586 2291 2901 2344 retrorsum,
2925 2292 2973 2336 et
3007 2283 3318 2336 erubescant
3349 2285 3437 2353 qui
3484 2285 3656 2340 volunt

2077 2375 2208 2429 mihi
2252 2377 2420 2428 mala.
2459 2375 2868 2430 Convertuntur
2899 2382 3045 2429 retro
3077 2373 3294 2438 inanes,
3326 2389 3383 2430 re
3433 2375 3656 2444 infecta,

2075 2482 2164 2523 lle
2215 2482 2323 2522 non
2367 2474 2648 2538 superato,
2702 2475 2866 2536 atque
2924 2465 3051 2520 ideo
3084 2467 3436 2522 erubescant.
3481 2468 3656 2523 Variis

2075 2568 2257 2615 autem
2291 2559 2469 2614 modis
2501 2573 2598 2614 eos
2631 2567 2973 2622 exsecratur,
3029 2567 3087 2612 ut
3117 2565 3442 2627 conceptum
3477 2561 3657 2615 animo

2075 2653 2322 2709 dolorem
2364 2652 2610 2722 apertius
2649 2650 2904 2722 explicet.

2154 2833 2315 2888 Vens.
2367 2832 2454 2884 16.
2515 2829 2715 2885 Ferant
2749 2832 2934 2884 statim
2981 2832 3344 2900 confusionem
3382 2849 3537 2888 suam
3575 2849 3660 2904 qua

2077 2925 2262 2979 dicunt
2295 2924 2444 2986 mihi,
2465 2923 2629 2994 Euge,
2663 2939 2811 2991 euge.
2835 2921 2906 2977 De
2922 2921 3084 2991 Euge,
3111 2941 3238 2994 euge
3263 2925 3377 2995 jam
3415 2925 3552 2981 alibi
3579 2925 3657 2980 di-

2077 3017 2280 3081 ximus,
2316 3017 2461 3085 quod
2497 3014 2818 3069 adverbium
2851 3023 2936 3071 est
2958 3014 3251 3072 irritantis.

2157 3107 2316 3163 Vens.
2350 3107 2438 3162 i7“.
2468 3105 2749 3161 Exsultent
2786 3115 2836 3161 et
2863 3107 3107 3162 [tutentur
3147 3109 3202 3162 in
3227 3118 3275 3163 te
3314 3125 3489 3164 omnes
3520 3124 3656 3179 qua."

2082 3211 2250 3256 rentes
2287 3211 2354 3264 te,
2373 3199 2620 3255 Domine.
2640 3198 3021 3265 Exsultare,et
3040 3199 3212 3255 laetari
3233 3201 3320 3254 hic
3344 3201 3484 3256 idem
3508 3215 3657 3272 teque

2080 3292 2408 3364 signiﬁcant.
2452 3290 2609 3357 Quod
2647 3291 2692 3346 si
2723 3290 2811 3345 cui
2845 3291 3042 3360 placet,
3073 3303 3133 3344 ut
3185 3306 3350 3347 sensu
3380 3291 3657 3357 diﬁ‘erant,

2079 3384 2264 3438 videat
2293 3381 2426 3451 quid
2456 3381 2524 3436 de
2564 3395 2757 3436 eorum
2818 3379 3128 3437 diﬁ‘ereutia
3185 3381 3394 3437 dictum
3458 3384 3533 3439 sit
3602 3383 3657 3438 in

2079 3476 2241 3530 tertio
2265 3473 2539 3530 versiculo
2578 3473 2706 3528 noni
2738 3473 2934 3543 psalmi
2972 3488 2986 3523 :
3037 3471 3103 3526 In
3142 3481 3192 3525 te
3237 3484 3441 3544 autem,
3467 3476 3522 3532 id
3552 3485 3658 3542 est,

2079 3568 2137 3622 In
2175 3566 2302 3634 tide,
2335 3581 2458 3636 quae
2487 3573 2574 3621 est
2605 3565 2661 3620 in
2696 3571 2768 3620 te.

2153 3770 2220 3824 Et
2245 3769 2426 3822 dicunt
2457 3781 2681 3835 semper,
2731 3765 3109 3833 Magni/icetur
3137 3763 3390 3818 Dominus
3417 3765 3508 3836 qui
3529 3762 3660 3818 diii-

2077 3870 2205 3931 gunt
2242 3857 2483 3914 salutare
2525 3863 2695 3910 tuum.
2751 3852 2858 3920 Qui
2920 3853 3155 3924 diligunt
3205 3853 3456 3914 salutem.
3537 3868 3661 3922 quae

2077 3967 2107 4005 a
2146 3960 2199 4006 te
2239 3959 2343 4005 est.
2381 3948 2501 4013 Vel,
2561 3945 2802 4002 salutare
2825 3955 2996 4008 tuum,
3059 3945 3111 3999 id
3163 3951 3268 4008 est,
3323 3945 3660 4000 incarnatio-

2078 4058 2202 4098 nem
2235 4037 2701 4094 tuam.Salutaris
2748 4037 2896 4092 enim
2942 4035 3046 4090 fuit
3087 4051 3152 4090 ea
3207 4037 3516 4090 incarnatio
3593 4037 3660 4092 iis

2076 4137 2171 4207 qui
2205 4137 2507 4208 perierant.
2538 4133 2742 4190 Omnes
2796 4131 2965 4201 igitur
3013 4133 3106 4201 qui
3175 4132 3440 4186 auxilium
3501 4139 3654 4186 tuum

2076 4227 2360 4284 consecuti
2395 4224 2797 4288 sunt,dieant:
2841 4219 3222 4292 Magni/ieetur
3269 4221 3552 4287 Dominus,
3603 4223 3657 4276 id

2076 4328 2180 4384 est,
2219 4319 2452 4388 Magnus
2483 4324 2792 4386 reputetur.

2149 4411 2314 4466 Vsus.
2351 4410 2438 4466 l8.
2472 4407 2585 4480 Ego
2625 4419 2802 4464 autem
2839 4408 3015 4477 inops,
3057 4415 3106 4460 et
3138 4421 3337 4476 pauper
3359 4423 3496 4461 sum.
3545 4405 3660 4463 Hoc

381 4487 479 4540 τοῦ
516 4489 642 4542 καθ’
671 4489 906 4543 ἕκαστον
934 4489 1128 4544 πιστοῦ
1155 4506 1170 4520 ⁴
1223 4495 1467 4561 Πτωχὸς
1495 4493 1627 4565 γὰρ,
1655 4495 1730 4560 ὡς
1785 4497 1964 4550 πάντα

2076 4518 2144 4558 ex
2176 4501 2614 4572 uniuscujusque
2650 4500 2829 4555 ﬁdelis
2863 4514 3098 4570 persona
3130 4499 3238 4555 dici
3293 4507 3493 4568 potest.
3565 4498 3652 4554 Inv

386 4580 695 4651 προέμενος
725 4598 740 4612 ·
782 4583 878 4635 καὶ
936 4582 1155 4652 Πένης,
1195 4583 1270 4648 ὠς
1304 4585 1608 4656 αὐτουργὸς
1635 4588 1745 4642 τῶν
1792 4590 1964 4657 ἀναγ-

387 4673 594 4728 καίων·
628 4674 688 4728 τὸ
722 4675 846 4744 μὲν,
886 4676 996 4731 ἀπὸ
1025 4676 1118 4730 τοῦ
1166 4679 1421 4733 ἐκπεσεῖν
1478 4675 1554 4737 ὧν
1601 4675 1750 4754 εἷχε·
1779 4684 1838 4735 τὸ
1885 4683 1964 4749 δὲ,

388 4765 496 4818 ἀπὸ
529 4765 622 4818 τοῦ
663 4767 950 4832 πένεσθαι,
993 4768 1111 4838 ἦτοι
1142 4771 1382 4840 ἐνεργεῖν
1414 4775 1510 4826 καὶ
1541 4776 1742 4829 πονεῖν.

2079 4609 2213 4665 opes
2242 4593 2387 4650 enim
2420 4601 2550 4648 sunt
2587 4590 2888 4648 Christiani
2920 4606 3136 4655 omnes,
3187 4592 3359 4647 veluti
3403 4592 3495 4662 qui
3527 4593 3657 4646 uni-

2083 4701 2240 4742 versa
2276 4685 2511 4739 fortunae
2540 4683 2684 4739 bona
2717 4684 3071 4748 dimiserunt,
3097 4691 3154 4738 et
3179 4684 3654 4755 pauperes,veluii

2084 4773 2179 4842 qui
2203 4772 2442 4842 propriis
2467 4773 2722 4828 manibus
2750 4773 3065 4828 necessaria
3091 4773 3194 4828 sibi
3227 4781 3443 4843 parant.
3502 4775 3657 4827 Πτω-

386 4858 479 4926 χὸς
510 4859 657 4915 enim
688 4857 805 4930 [qui
837 4861 1030 4916 Latine
1060 4863 1242 4932 inops,
1275 4880 1340 4918 ex
1403 4869 1730 4940 etymologia
1791 4869 1964 4925 Graeci
2007 4867 2248 4922 nominis
2279 4882 2309 4919 a
2345 4865 2594 4920 cadendo
2623 4865 2802 4921 dictus
2867 4865 2972 4938 est]
3048 4868 3219 4922 veluti
3272 4869 3341 4922 ah
3397 4870 3656 4924 omnibus
3724 4921 3728 4928 .

386 4955 630 5022 antiquis
680 4954 880 5022 Opibus
912 4955 1199 5018 deciderit,
1233 4966 1284 5011 et
1308 4972 1456 5014 nunc
1482 4960 1553 5014 sit
1575 4961 1695 5017 sine
1717 4979 1841 5032 ope.
1861 4961 2036 5029 Πένης
2063 4973 2191 5014 vero
2221 4956 2335 5030 [qui
2401 4957 2594 5012 Latine
2651 4957 2874 5029 pauper]
2935 4973 2965 5012 a
3005 4960 3192 5016 labore
3222 4978 3236 5025 ;
3301 4962 3427 5030 quia
3494 4961 3655 5015 nimi-

385 5063 502 5100 rum
534 5048 758 5117 prOprio
819 5049 1004 5103 labore
1043 5061 1350 5119 opportuna
1400 5055 1581 5108 omnia
1644 5056 1746 5112 sibi
1799 5062 2101 5123 comparat.

451 5143 672 5209 Κύριος
714 5139 986 5208 φροντιεῖ
1011 5158 1153 5209 μου.
1209 5143 1332 5196 Ἐπὶ
1361 5145 1548 5199 τοῦτον
1600 5149 1708 5217 γὰρ
1747 5151 1842 5203 καὶ
1874 5150 1971 5221 μό-

381 5248 472 5284 νον
499 5229 835 5298 κατέφυγον,
866 5231 962 5283 καὶ
986 5231 1046 5283 οὐ
1075 5231 1400 5299 περιόψεταί
1434 5251 1525 5304 με,
1553 5237 1646 5289 τὸν
1674 5237 1965 5304 ἐλπίζοντα

377 5319 466 5375 ἐπ’
494 5321 682 5374 αὐτόν.

449 5414 685 5480 Βοηθός
712 5429 834 5480 μου
871 5414 967 5466 καὶ
1003 5416 1467 5484 ὑπερασπιστὴς
1525 5434 1641 5483 μου
1706 5416 1763 5473 εἷ
1807 5421 1909 5486 σὺ,
1933 5423 1966 5475 ό

378 5505 526 5568 θεός
546 5521 668 5573 μου
691 5520 704 5533 ο
731 5504 820 5572 μὴ
850 5507 1168 5574 unos-lam.
1207 5508 1266 5560 Ὀ
1286 5508 1418 5572 Θεός
1440 5525 1564 5579 μου,
1591 5510 1664 5580 μὴ
1697 5511 1966 5584 βραδύνῃς

2145 5142 2408 5197 Dominus
2435 5142 2703 5196 sollicitus
2735 5143 2835 5196 erit
2857 5144 2977 5198 mei.
3016 5144 3097 5197 Ad
3135 5143 3279 5197 hunc
3305 5144 3448 5196 enim
3477 5145 3653 5199 solum

2074 5234 2324 5304 confugi,
2384 5243 2439 5289 et
2481 5235 2603 5290 ideo
2645 5251 2730 5290 me
2783 5236 2836 5289 in
2878 5251 2937 5292 se
2973 5243 3282 5304 sperantem
3311 5250 3421 5288 non
3468 5236 3656 5306 despi-

2068 5329 2194 5384 ciet.

2144 5419 2378 5488 Adjutor
2425 5435 2596 5483 meus,
2658 5429 2708 5472 et
2761 5427 3025 5486 protector
3077 5430 3222 5468 meus
3269 5430 3322 5468 es
3366 5423 3444 5480 tu,
3515 5416 3657 5472 Deus

2075 5529 2247 5582 meus,
2279 5528 2342 5568 ne
2381 5514 2697 5566 tardaveris.
2742 5513 2885 5566 Deus
2917 5523 3093 5573 meus,
3124 5521 3194 5560 ne
3227 5507 3419 5562 tardos
3460 5522 3538 5564 διε
3589 5510 3657 5563 ad

1732 5691 1930 5754 Varia;
1967 5691 2299 5756 lectiones.

455 5789 509 5856 (4'
518 5789 570 5857 7)
601 5790 689 5843 Ai.
724 5790 1099 5852 ἀναστάσεως.

719 5890 997 5952 Ριτιιοι.
1038 5901 1160 5952 bu.
1206 5889 1542 5952 CXXVIII.

2151 5793 2266 5864 (48)
2302 5795 2386 5849 Al.
2437 5790 2880 5861 ταυτοτήμαντα.

3259 5884 3333 5947 15
