4120 6424
524 311 632 384 4.33

1732 311 1879 371 EU'I
1894 310 2125 371 IlYMll
2171 307 2541 369 ZIGABENI

3681 312 3793 380 460

519 433 890 506 adjuvandqu
926 448 1033 487 me.
1072 429 1203 485 Mihi
1273 437 1457 483 autem
1523 428 1711 482 nescio
1769 427 1904 497 quid
1975 442 2102 495 pro-

2211 426 2286 488 εἰς
2318 424 2379 477 τὸ
2410 423 2679 494 βοηθῆσαι
2712 427 2865 494 ἡμῖν.
2909 424 3051 494 Ἐγὼ
3078 426 3135 480 δὲ
3164 425 3468 499 βαθύτερόν
3521 447 3574 483 τι
3611 447 3792 486 κατα-

519 527 746 581 fundius
775 525 1032 579 videntur
1063 521 1168 577 sibi
1189 520 1326 575 velle
1355 520 1471 574 haec
1493 519 1678 580 verba,
1705 519 1750 573 si
1786 533 2100 574 accommo-

520 621 717 675 dctnus
743 617 906 673 beato
946 615 1111 669 David
1150 612 1305 667 illum
1336 611 1671 667 versiculum
1702 629 1714 664 :
1780 611 1893 683 Ego
1925 624 2103 666 autem

520 713 672 779 inops
704 726 846 773 sunt,
888 718 936 760 et
978 722 1202 779 pauper.
1230 704 1564 759 Praavidcrat
1622 702 1900 776 PrOpheta
1946 720 2103 760 sum-

521 818 638 856 mas
672 801 794 855 illas
851 800 1073 854 divitias
1106 813 1229 868 quae
1271 811 1301 851 a
1346 795 1437 851 Dei
1470 794 1643 865 gratia
1668 794 1725 850 in
1753 794 2102 851 Christianos

521 904 677 947 crant
710 890 1050 947 t-ll‘undenda:
1086 906 1099 944 :
1133 904 1371 960 cumque
1417 903 1513 945 eas
1545 902 1655 944 non
1716 887 1982 944 mediocri
2009 889 2104 944 dc-

523 984 730 1041 εἰιιιιτὶο
764 983 1148 1053 concupisset,
1187 982 1407 1037 demum
1433 979 1600 1035 veluti
1632 979 1678 1035 is
1705 978 1799 1051 qui
1841 994 1903 1035 se
1937 964 2104 1034 nove-

428 1148 435 1151 _
520 1087 605 1132 rat
633 1077 702 1131 ab
735 1092 800 1131 eo
832 1087 1080 1146 tempore
1107 1074 1304 1144 procul
1344 1088 1490 1138 esse,
1515 1073 1878 1128 contristatus
1904 1080 2009 1137 est,
2047 1081 2104 1126 et

521 1170 785 1223 miserum
818 1183 877 1222 sc
906 1166 1030 1222 ideo
1062 1166 1348 1236 appellans
1373 1165 1451 1219 ait
1483 1182 1497 1218 :
1530 1163 1643 1235 Ego
1686 1164 1860 1233 inops,
1888 1172 1937 1218 et
1967 1178 2106 1231 pau-

516 1278 611 1331 per
679 1279 831 1328 sum,
891 1261 986 1332 qui
1069 1259 1389 1330 bujusmodi
1452 1258 1768 1312 divitiarum
1820 1255 2106 1327 particeps

518 1370 642 1409 esse
665 1368 915 1421 nequeo;
944 1360 1320 1407 verumtamen
1349 1348 1495 1404 Deus
1516 1350 1622 1405 erit
1646 1347 1754 1404 mei
1807 1347 2100 1412 sollicitus,

521 1456 579 1497 ut
607 1444 818 1498 scilicet
852 1442 984 1497 mihi
1016 1442 1221 1511 pariter
1261 1439 1492 1509 gloriam
1526 1439 1673 1493 illam
1702 1438 2099 1499 communicet,

519 1554 684 1606 quam
724 1536 911 1591 ﬁdeles
935 1536 988 1590 in
1015 1534 1281 1590 ctelorum
1337 1548 1504 1604 regno
1566 1533 1881 1603 percepturi
1917 1545 2048 1587 sunt
2084 1551 2099 1597 ;

517 1632 791 1702 siquidem
825 1638 881 1686 et
918 1630 986 1684 ab
1018 1632 1141 1700 ipso
1174 1628 1410 1683 Domino
1432 1628 1645 1684 dictum
1676 1627 2101 1698 legimus,quod

2204 517 2437 586 νενόηκα
2456 534 2469 547 °
2503 517 2565 569 τὸ
2595 517 2725 588 γὰρ,
2769 517 2916 588 Ἐγὼ
2946 519 3014 571 δὲ
3041 522 3281 587 πτωχός
3307 523 3423 591 ειμι
3453 522 3552 575 καὶ
3573 524 3795 592 πένης,

2201 612 2278 676 ὼς
2340 611 2600 681 μακαρίῳ
2669 612 3077 682 προσαρμόζων
3162 612 3347 677 Δαϐὶδ,
3405 613 3647 683 εὑρίσκω
3709 619 3800 670 ὃτι

2205 704 2441 774 προϊδὼν
2494 704 2934 777 ὲκχυθησόμενον
2985 704 3218 759 πλοῦτον
3268 708 3370 777 τῆς
3430 708 3653 778 χάριτος
3710 711 3800 776 εἰς

2202 798 2330 861 τοὺς
2361 796 2750 867 Χριστιανοὺς,
2776 796 3131 868 ἐπεθύμησεν
3153 797 3348 865 αὑτοῦ,
3410 800 3509 852 καὶ
3531 794 3621 853 οἷα
3684 818 3800 869 μα·-

2205 890 2347 960 κρὰν
2376 887 2454 943 ὢν
2470 889 2581 945 τῶν
2613 890 2837 961 ἡμερῶν
2857 891 3081 955 τούτων,
3109 890 3386 962 ἠθύμησε,
3404 893 3501 945 καὶ
3524 892 3802 946 ὑποταλα-

2205 980 2372 1045 νὶζων
2409 981 2605 1035 ἑαυτὸν
2634 976 2815 1046 εἶπεν,
2874 983 2957 1035 ὅτι
2981 980 3133 1051 Ἐγὼ
3159 981 3230 1035 δὲ
3260 986 3497 1051 πτωχός
3521 985 3637 1052 ειμι
3691 984 3801 1037 καὶ

2204 1071 2418 1141 πένης,
2453 1073 2531 1142 μὴ
2550 1075 2734 1146 τυχὼν
2767 1074 2860 1128 τοῦ
2887 1076 3133 1128 τοιούτου
3161 1074 3418 1129 πλούτου.
3499 1076 3689 1145 Ὅμως
3751 1079 3792 1129 ό

2208 1164 2354 1231 Θεὸς
2386 1166 2668 1235 φροντιεῖ
2682 1185 2800 1237 μου
2828 1207 2844 1233 ,
2895 1167 3037 1220 ὥστε
3098 1167 3429 1237 κοινωνῆσαι
3494 1168 3637 1236 κάμὲ
3692 1167 3802 1235 τῆς

2206 1259 2287 1321 εἰς
2322 1257 2552 1330 ὕστερον
2578 1259 2741 1331 δόξης
2765 1261 2875 1314 τῶν
2906 1260 3139 1324 πιστῶν,
3179 1260 3241 1313 ὲν
3273 1262 3340 1330 τῇ
3399 1258 3510 1312 τῶν
3544 1257 3800 1324 οὐρανῶν

2215 1350 2469 1424 βασιλείᾳ
2489 1370 2503 1384 ’
2535 1354 2669 1425 φησὶ
2696 1354 2806 1424 γὰρ
2835 1352 2932 1408 καὶ
2962 1356 2992 1406 6
3022 1351 3274 1423 Χριστὸς.
3316 1352 3399 1405 ὅτι
3459 1351 3567 1405 Kal
3617 1348 3804 1403 Aa6l6

2211 1446 2598 1517 ἐπεθύμησεν
2622 1446 2774 1502 ἰδεῖν
2795 1446 2910 1515 τὴν
2938 1446 3170 1515 ἡμέραν
3206 1444 3323 1513 τὴν
3346 1444 3502 1514 ἐμήν
3527 1461 3540 1476 ·
3566 1443 3645 1496 διὸ
3702 1442 3805 1495 καὶ

2217 1541 2293 1611 μὴ
2320 1541 2586 1613 βραδύναι
2628 1540 2766 1612 πρδς
2792 1540 2856 1594 τὺ
2887 1539 3313 1611 ὲνανϐρωπῆσαι
3346 1536 3657 1607 παρακαλεί
3703 1536 3803 1588 τὸν

2214 1630 2346 1686 Υἱὸν
2376 1631 2468 1685 τοῦ
2496 1632 2729 1702 Πατρός.

518 1725 690 1782 David
719 1725 1040 1795 concupivit
1063 1724 1256 1780 videre
1274 1724 1421 1780 diem
1456 1725 1579 1794 ejus
1624 1738 1733 1796 qua
1759 1724 1977 1779 ratione
2013 1733 2173 1796 rogat
2206 1741 2358 1783 nunc
2386 1728 2557 1784 Deum
2588 1728 2865 1800 Propheta
2895 1736 3107 1794 noster,
3167 1726 3359 1782 dicens
3386 1744 3397 1778 :
3470 1724 3553 1779 Ne
3612 1726 3797 1789 tarda-

500 1819 679 1886 meris,
751 1830 897 1872 tuam
935 1817 1198 1873 nimirum
1225 1817 1692 1873 incarnationem.
1754 1814 1897 1871 Sunt
1952 1817 2099 1870 enim
2141 1818 2508 1889 supplicantis
2541 1822 2706 1876 verba
2732 1820 2801 1875 ad
2838 1820 3006 1876 Deum
3039 1818 3261 1874 Filium.

894 1910 963 1965 in
992 1910 1149 1980 ﬁnem
1178 1909 1425 1966 Psalmus
1452 1910 1554 1979 ipsi
1579 1908 1769 1963 David.

1036 1999 1362 2056 PSALMUS
1422 1999 1538 2055 XL.

590 2095 658 2149 In
699 2096 857 2164 ﬁnem
905 2092 1255 2158 inscribitur,
1290 2091 1418 2161 quia
1448 2090 1797 2162 pr0phetiam
1830 2091 2102 2155 continet,

521 2207 646 2259 qua:
670 2187 933 2243 tendebat
964 2185 1033 2241 ad
1066 2185 1255 2240 linem.
1290 2183 1549 2239 Prtedicit
1598 2184 1747 2239 enim
1803 2183 2105 2255 proditoris

512 2280 674 2336 Juda:
703 2279 1082 2335 rebellionem.
1121 2277 1184 2333 Et
1240 2278 1453 2334 clarum
1521 2276 1747 2348 quidem
1805 2285 1891 2333 est
1941 2277 2105 2346 hujus

502 2373 715 2442 «psalmi
749 2379 1155 2443 argumentum.
1195 2368 1272 2425 De
1300 2385 1491 2426 amore
1521 2371 1666 2425 enim
1726 2380 1782 2425 et
1836 2370 2106 2424 charitate

500 2467 575 2520 «in
627 2480 900 2536 pauperes
945 2471 1266 2535 pertractat.
1350 2463 1557 2517 Tamen
1629 2464 1796 2517 altius
1847 2462 2105 2518 conside-

509 2558 719 2622 rando,
747 2559 813 2611 ad
840 2555 1143 2611 Salvator-is
1167 2555 1346 2611 nostri
1380 2554 1591 2610 Christi
1624 2554 1946 2626 mysterium
1975 2568 2105 2623 per-

525 2649 683 2714 tinet,
710 2650 801 2716 qui
833 2663 1062 2718 egenns,
1100 2659 1153 2702 et
1186 2661 1395 2717 pauper
1430 2646 1547 2700 lteri
1601 2645 1774 2700 voluit
1809 2646 1880 2701 ob
1906 2645 2102 2699 huma-

523 2753 651 2794 nam
680 2740 915 2794 salutem
949 2754 964 2805 ;
994 2739 1086 2806 qui
1115 2738 1281 2792 etiam
1310 2736 1363 2790 in
1400 2735 1700 2807 Evangelio
1761 2736 1904 2807 apud
1933 2735 2104 2790 Joan-

521 2847 648 2886 nem
702 2832 994 2902 praaseutis
1063 2829 1257 2901 psalmi
1331 2828 1500 2883 verba
1536 2831 1606 2885 de
1662 2844 1723 2885 se
1769 2829 1919 2885 dicta
1982 2844 2107 2884 esse

518 2934 779 2991 testatur,
811 2934 866 2979 et
901 2924 968 2980 de
996 2921 1160 2987 Juda,
1188 2923 1318 2977 dum
1356 2922 1432 2976 ait
1481 2921 1549 2977 ad
1613 2921 1895 2994 apostolos
1929 2939 1944 2977 :
1980 2921 2106 2976 Non

520 3021 586 3072 de
621 3018 868 3075 omnibus
903 3016 1047 3082 dico,
1073 3017 1185 3071 scio
1215 3031 1348 3086 quos
1374 3014 1529 3085 elegi,
1588 3013 1680 3070 sed
1728 3025 1784 3067 ut
1824 3012 2107 3085 Scriptura

521 3113 833 3183 impleatur,
876 3110 1097 3165 dicens:
1138 3109 1240 3175 Qui
1304 3112 1597 3162 manducat
1660 3122 1851 3177 panem
1906 3122 2106 3175 meum,

2133 1912 2183 1971 B

2630 1915 2734 1979 Εἰς
2756 1913 2823 1967 τὸ
2857 1912 3038 1979 τέλος
3095 1911 3177 1976 τῷ
3207 1908 3408 1964 Διιϐίδ.

2789 2002 3088 2057 ΨΑΔΜΟΣ
3116 1998 3206 2054 Μ’.

2278 2098 2383 2161 Εὶς
2434 2096 2499 2147 τὸ
2540 2094 2715 2159 τέλος
2739 2094 3174 2165 ἐπιγέγραπται,
3216 2092 3293 2158 ὡς
3344 2093 3624 2163 περιέχων
3661 2110 3807 2163 προ-

2208 2188 2439 2258 φητείαν
2479 2189 2559 2250 εἰς
2588 2187 2743 2251 τέλος
2777 2188 3197 2258 ἐπιτεινομένην
3231 2205 3247 2220 ο
3288 2187 3655 2259 προαγορεύει
3690 2190 3808 2257 γὰρ

2208 2283 2340 2352 περὶ
2366 2282 2467 2352 τῆς
2496 2280 2839 2345 ἀποστασίας
2885 2280 3080 2334 Ἰούδα.
3122 2280 3234 2334 Καὶ
3264 2281 3481 2352 φανερὰ
3516 2281 3616 2350 μὲν
3669 2282 3806 2333 ὑπό-

2209 2372 2362 2435 θεσις
2398 2370 2477 2443 τῷ
2507 2372 2743 2442 παρόντι
2773 2371 2998 2442 ψαλμῷ,
3031 2374 3064 2442 ὴ
3099 2372 3463 2442 φιλοπτωχεα.
3508 2373 3805 2441 Ἀναφέρε-

2207 2480 2300 2516 ται
2325 2462 2382 2516 δὶ
2408 2464 2821 2534 μυστικώτερον
2852 2457 3008 2527 οὗτος
3039 2466 3119 2527 εἰς
3141 2464 3406 2534 Χριστὸν,
3435 2464 3522 2517 διὰ
3542 2464 3640 2534 τὴν
3666 2466 3798 2533 ήμε-

2207 2556 2377 2626 τέραν
2405 2556 2802 2626 πτωχεύσαντα
2845 2558 3145 2628 σωτηρίαν,
3215 2557 3293 2620 ὡς
3343 2555 3506 2618 αὐτὸς
3560 2555 3800 2619 ἐδίδαξεν

2209 2650 2267 2701 ὲν
2290 2646 2367 2718 τῷ
2394 2649 2536 2701 κατὰ
2589 2649 2848 2719 Ἰωάννην
2883 2648 3201 2719 Εὐαγγελίῳ
3220 2663 3235 2679 ⁸
3265 2647 3458 2718 εἴρηκε
3492 2647 3598 2717 γὰρ
3621 2645 3794 2707 οὕτως

2210 2744 2349 2813 πρὸς
2375 2745 2501 2808 τοὺς
2557 2746 2889 2809 ἀποστόλους
2919 2763 2933 2777 ο
3009 2747 3091 2799 Οὺ
3155 2744 3288 2814 περὶ
3342 2743 3586 2797 πάντων
3630 2739 3797 2810 ὑμῶν

2208 2835 2364 2907 λέγω
2396 2852 2412 2867 ⁸
2442 2833 2577 2891 οῖδα
2607 2837 2716 2902 οὓς
2746 2836 3128 2907 ἐξελεξάμην
3155 2854 3168 2868 ο
3203 2837 3343 2891 ἀλλ’
3372 2837 3474 2890 ἵνα
3515 2837 3554 2903 ἡ
3582 2836 3632 2888 Γ
3628 2834 3801 2903 pascit

2212 2928 2538 2998 πληρωθῇ·
2579 2931 2633 2983 '0
2664 2929 2903 3000 τρώγων
2929 2930 3059 3000 μετ’
3096 2930 3246 2999 ἐμοῦ
3296 2930 3403 2983 τὸν
3452 2927 3661 2997 ἄρτον,
3696 2928 3805 2981 ἐπ-

2208 3019 2359 3091 ῆρεν
2386 3022 2481 3076 ἐπ’
2530 3021 2639 3091 ἐμὲ
2684 3021 2801 3091 τὴν
2850 3020 3118 3090 πτέρναν
3137 3020 3349 3076 αὑτοῦ.
3382 3022 3554 3091 Ἄλλη
3586 3020 3643 3073 δὲ
3699 3020 3805 3089 οὐχ

2211 3117 2530 3188 εὑρίσκεται
2566 3116 2760 3187 Γραφὴ
2783 3116 2943 3169 τοῦτο
2977 3115 3233 3185 λέγουσα,
3263 3116 3312 3169 ει
3344 3115 3420 3186 μὴ
3458 3114 3622 3184 μόνον
3647 3116 3680 3183 ἡ
3703 3112 3805 3165 τοῦ

516 3206 739 3261 elevavit
759 3213 945 3259 contra
988 3220 1069 3258 me
1091 3204 1399 3257 calt-ancum
1424 3220 1580 3257 suum
1612 3203 1686 3258 ’⁸.
1724 3202 1930 3257 Nullibi
1957 3201 2103 3258 enim

2213 3209 2483 3280 παρόντος
2516 3208 2736 3278 ψαλμοῦ
2767 3226 2780 3240 ·
2820 3207 2954 3278 φησὶ
3001 3209 3109 3279 γάρ
3130 3221 3147 3237 ⁸
3218 3208 3281 3261 Ὀ
3306 3208 3528 3263 ἐσθίων
3577 3205 3804 3273 ἄρτους

508 3299 838 3368 ἰιιιῙιιειῐιοιΙί
866 3298 1240 3354 testimonium
1276 3297 1512 3351 habetur
1541 3297 1597 3351 in
1625 3293 1932 3365 Scriptura,
1966 3310 2105 3367 pm-

2211 3270 2352 3369 μοι),
2387 3270 2759 3370 ἐμεγάλυνεν
2792 3270 2893 3353 ea;
2914 3270 3022 3366 ἐμέ
3042 3270 3433 3369 θέτερνισμόν.

508 3404 771 3464 *terquam
813 3391 963 3463 quod
1024 3391 1079 3444 in
1113 3391 1364 3461 praesenti
1439 3391 1651 3461 psalmo
1699 3390 1947 3446 dicitur:
2012 3389 2118 3455 Qui
2157 3392 2443 3448 manduca!
2470 3408 2634 3461 panes
2666 3408 2825 3456 meos,
2860 3392 3223 3465 magniﬁcarit
3276 3401 3465 3445 contra
3520 3407 3601 3444 me
3677 3404 3807 3455 tmp-

521 3488 910 3558 ptantationem
934 3486 1004 3539 “.

601 3579 764 3636 Vsus.
791 3579 847 3633 ‘2.
870 3577 1067 3633 Beatus
1088 3580 1170 3634 vir
1196 3581 1286 3649 qui
1318 3580 1567 3651 intelligit
1622 3596 1779 3650 super
1819 3584 2025 3652 inopem
2058 3592 2108 3636 et

523 3686 828 3740 pauperem.
860 3701 929 3711 -
958 3669 1065 3738 Qui
1106 3671 1376 3742 intelligit,
1413 3675 1513 3728 hoc
1563 3684 1671 3739 est,
1702 3675 1796 3745 qtti
1848 3676 2108 3730 conside-

530 3772 635 3828 rat,
670 3763 764 3833 qui
793 3763 1002 3834 cogitat
1052 3763 1105 3819 id
1142 3763 1287 3834 quod
1330 3764 1533 3819 decens
1581 3773 1687 3820 est.
1747 3765 2110 3835 lntelligentia

516 3855 673 3910 enim
704 3863 790 3911 est
833 3855 1073 3925 diligens
1102 3864 1155 3912 et
1189 3864 1382 3911 exacta
1440 3856 1836 3911 consideratio.
1886 3855 2108 3926 Inopem

522 3955 710 4003 autem
734 3956 788 4002 et
813 3962 1110 4018 pauperem
1147 3948 1462 4018 promiscue
1486 3948 1669 4002 solent
1727 3948 2001 4019 appellare
2024 3949 2102 4002 in«

524 4041 827 4112 digentem.
880 4041 1109 4111 Antiqui
1160 4056 1289 4095 vero
1362 4056 1460 4111 per
1520 4041 1738 4111 inopem
1799 4041 2112 4097 mendicum

525 4132 928 4204 intelligebant,
960 4132 1127 4187 veluti
1171 4133 1264 4203 qui
1293 4132 1443 4187 omni
1489 4147 1716 4202 prorsus
1742 4143 1956 4189 careret
1988 4148 2112 4202 ope,

524 4235 581 4280 et
618 4226 740 4296 qui,
772 4232 832 4279 ut
863 4225 995 4280 alibi
1024 4224 1272 4280 diximus
1305 4223 1394 4294 [ex
1421 4225 1754 4295 etymologia
1804 4225 1985 4281 Graeci
2009 4240 2112 4280 no-

528 4315 737 4389 minis],
773 4317 842 4372 ab
908 4318 1139 4387 antiquo
1197 4325 1345 4372 statu
1398 4317 1734 4373 decidisset:
1816 4332 2113 4387 pauperem

514 4423 655 4463 \vero
672 4424 796 4463 eum
815 4408 909 4479 qui
939 4410 1196 4465 manibus
1218 4422 1282 4463 ac
1309 4413 1532 4479 proprio
1555 4408 1744 4464 labore
1775 4409 1878 4463 sihi
1906 4410 2109 4463 victum

518 4511 766 4569 pararet,
802 4510 864 4553 ut
890 4500 943 4553 in
982 4500 1312 4569 praecedenti
1346 4500 1559 4569 psalmo
1613 4500 1878 4556 diximus.
1913 4501 2110 4556 Beatus

526 4591 695 4658 igitur
725 4588 773 4644 is
808 4597 915 4653 est,
950 4590 1046 4657 qui
1079 4590 1384 4645 debitorem
1429 4590 1598 4648 Deum
1635 4592 1819 4647 habet.
1875 4593 1980 4647 Per
2005 4593 2108 4648 Sa-

515 4680 803 4734 ~lomoncm
830 4680 977 4734 enim
1030 4680 1295 4734 docemur
1361 4681 1515 4735 illum
1558 4684 1667 4738 Deo
1732 4682 2106 4748 commodare,

2285 3578 2587 3649 Μακάριος
2636 3557 2924 3634 dove-tim“
2947 3578 3043 3632 ἐπὶ
3088 3577 3334 3647 πτωχὸν
3389 3575 3489 3629 καὶ
3545 3572 3799 3639 πένητα.

2213 3706 2282 3718 -
2319 3675 2381 3727 '0
2414 3673 2667 3737 συνιὼν,
2701 3672 2823 3726 ἀντὶ
2845 3671 2962 3735 τοῦ,
3005 3673 3064 3726 Ὀ
3082 3673 3296 3742 φρονῶν
3327 3671 3386 3723 τὸ
3409 3671 3556 3723 δέονο
3584 3667 3804 3730 σύνεσις

2214 3764 2344 3834 γὰρ,
2382 3764 2446 3816 τὸ
2488 3765 2710 3831 φρονεῖν
2733 3762 2816 3816 εὖ.
2842 3763 3066 3832 Πτωχδν
3090 3762 3149 3816 δὲ
3179 3763 3279 3817 καὶ
3320 3764 3530 3831 πένητα
3570 3757 3802 3825 ἀδιαφό-

2218 3873 2325 3926 ρως
2367 3855 2525 3909 εἴωθε
2561 3855 2746 3911 καλεῖν
2775 3855 2868 3908 τὸν
2904 3855 3132 3927 ἄπορον.
3173 3859 3237 3914 Ol
3267 3856 3323 3910 δὲ
3371 3854 3613 3915 παλαιοὶ,
3649 3868 3804 3905 πτω-

2213 3950 2309 4021 χὸν
2334 3950 2433 4020 μὲν
2464 3949 2650 4015 ελεγον
2678 3950 2772 4003 τὸν
2800 3951 3052 4020 ἐπαίτην,
3082 3951 3147 4003 ὲκ
3197 3948 3294 4001 τοῦ
3347 3946 3751 4016 κατεπτηχέναι
3784 3961 3799 3973 ·

2215 4043 2428 4112 πένητα
2451 4042 2529 4108 δὲ,
2560 4042 2654 4095 τὸν
2685 4044 2830 4114 πόνῳ
2860 4043 3061 4114 χειρῶν
3103 4040 3202 4112 τὴν
3254 4042 3535 4110 ἐφήμερον
3592 4036 3806 4109 τροφὴν

2213 4135 2597 4209 ποριζόμενον.
2696 4137 2984 4206 Μακάριος
3063 4135 3242 4188 τοίνυν
3299 4138 3327 4189 6
3392 4133 3655 4198 τοιοῦτος,
3724 4134 3806 4195 ὡς

2215 4228 2627 4300 χρεωφειλέτην
2655 4228 2796 4300 ἔχων
2826 4229 2919 4281 τὸν
2945 4230 3101 4281 Θεόν.
3131 4229 3268 4297 Φησὶ
3293 4227 3405 4298 γὰρ
3430 4227 3518 4280 διὰ
3555 4227 3655 4297 μὲν
3712 4226 3813 4277 Σο·

2216 4321 2517 4392 λομῶντος,
2547 4322 2629 4375 ὅτι
2670 4325 2736 4374 '0
2759 4320 2951 4375 ἐλεῶν
2982 4321 3225 4389 πτωχὸν
3268 4319 3519 4381 δανείζει
3540 4317 3661 4384 Θεῷ
3684 4335 3698 4349 ’
3732 4318 3807 4371 δι’

2218 4410 2429 4474 οἰκείας
2454 4410 2509 4463 δὲ
2540 4410 2813 4480 γλώττης,
2853 4411 2938 4463 ὅτι
2970 4409 3101 4479 Ἐφ’
3142 4409 3296 4463 ὅσον
3349 4406 3678 4475 ἐποιήσατε
3707 4404 3805 4457 ἐνὶ

2218 4503 2445 4555 τούτων
2520 4501 2639 4555 τῶν
2702 4500 2985 4570 ἀδελφῶν
3056 4518 3179 4569 μου
3241 4499 3604 4566 ἐλαχίστων,
3670 4493 3805 4563 ἐμοὶ

2217 4592 2564 4658 ἐποιήσατε.
2605 4591 2765 4647 Οὕτω
2798 4597 2918 4662 μὲν,
2950 4593 3080 4663 περὶ
3126 4593 3235 4645 τῶν
3269 4589 3458 4653 ἁπλῶς
3508 4590 3756 4658 πενήτων
3784 4603 3798 4615 ·

2222 4682 2523 4753 βαθύτερον
2561 4683 2640 4747 δὲ,
2675 4686 2771 4736 καὶ
2811 4686 2940 4755 περὶ
2963 4682 3203 4755 Χριστοῦ
3234 4681 3428 4754 ῥηθείη
3456 4682 3542 4747 ἂν,
3570 4682 3652 4733 ὅτι
3680 4680 3799 4733 Μα-

516 4769 620 4838 ψιί
647 4770 826 4839 inopis
847 4772 1159 4827 miseretur.
1176 4771 1331 4838 Quod
1350 4773 1570 4843 proprio
1591 4788 1686 4827 ore
1699 4773 1957 4828 Christus
1977 4787 2105 4826 con—

2220 4775 2412 4846 κάριος
2443 4778 2470 4829 6
2504 4777 2740 4846 φρονῶν,
2767 4778 2850 4830 ὅτι
2885 4777 3021 4840 Θεός
3054 4778 3205 4829 ἐστιν
3240 4768 3418 4840 οὗτος,
3445 4776 3472 4824 6
3521 4775 3578 4825 ἐν
3598 4771 3802 4841 ἀπορίᾳ

516 4858 790 4923 ﬁrmavit,
813 4858 1005 4915 dicens
1029 4859 1507 4931 :Quotiescumque
1532 4860 1762 4931 feceritis
1785 4864 1879 4915 uni
1902 4860 2024 4914 huic
2044 4877 2105 4916 ex

2220 4870 2676 4940 περιερχόμενος,
2718 4870 2817 4923 καὶ
2847 4869 2923 4940 μὴ
2952 4868 3093 4939 ἔχων
3125 4866 3228 4922 ποῦ
3256 4867 3412 4938 κλίνῃ
3437 4864 3534 4935 τὴν
3562 4863 3807 4932 κεφαλὴν

518 4950 758 5005 minimis
790 4951 1071 5018 fratribus,
1109 4953 1239 5005 mihi
1263 4952 1473 5022 fecistis
1505 4954 1572 5009 ⁸⁷.
1616 4951 1684 5007 Ει
1720 4953 1825 5009 hoc
1880 4953 2100 5023 quidem

528 5052 688 5112 parto
773 5044 1101 5114 simpliciter
1180 5049 1477 5115 exponitur
1565 5046 1632 5101 de
1719 5049 2105 5117 pauperibus:

2219 4962 2300 5024 sl;
2322 4962 2635 5015 ἀνάπαυσιν
2663 4977 2680 4994 ⁸
2716 4964 2940 5033 συνήσει
2969 4962 3027 5015 δὲ
3058 4962 3241 5025 τοῦτο,
3271 4960 3365 5030 ἀφ’
3398 4954 3474 5012 ὧν
3506 4961 3534 5011 6
3566 4956 3810 5027 Χριστὸς

2221 5056 2367 5104 ποιεῖ
2397 5054 2493 5107 καὶ
2522 5053 2785 5107 διδάσκει.

516 5151 718 5191 verum
757 5140 1086 5208 profundius
1111 5140 1493 5210 intelligendo,
1519 5148 1579 5194 ut
1601 5140 1871 5204 diximus,
1911 5142 2111 5211 exponi
2154 5155 2338 5213 pmest
2408 5147 2649 5217 psalmus
2724 5147 2792 5201 de
2826 5144 3096 5200 Christo:
3153 5144 3409 5215 quodque
3462 5143 3656 5196 beatus
3713 5138 3810 5197 ilie

518 5244 635 5301 est,
671 5235 765 5305 qui
803 5235 1063 5304 intelligit
1121 5244 1176 5289 et
1240 5236 1561 5290 considerat
1617 5235 1902 5290 Christum
1988 5236 2159 5289 Deum
2202 5252 2348 5303 esse,
2371 5242 2589 5292 tametsi
2626 5238 2923 5308 indigentia
3008 5253 3071 5292 ac
3113 5245 3435 5307 paupertate
3480 5243 3630 5287 tanta
3679 5244 3807 5285 esse

530 5330 815 5384 videretur
842 5328 1241 5395 circumdatus,
1278 5338 1340 5383 ut
1362 5329 1530 5383 etiam
1572 5343 1681 5383 non
1717 5329 1970 5395 haberet,
2020 5329 2114 5384 ubi
2157 5330 2640 5401 reclinarctcaput
2669 5347 2855 5387 suum.
2886 5333 3054 5386 lict-te
3087 5331 3231 5385 enim
3300 5328 3685 5392 considerans,
3746 5324 3804 5378 id

517 5428 689 5496 plene
716 5426 988 5495 intelliget
1019 5434 1087 5478 ex
1114 5423 1183 5477 iis
1214 5438 1338 5494 (ποτε
1359 5432 1416 5479 et
1445 5436 1701 5478 sermone
1747 5438 1850 5479 suo
1897 5422 2112 5487 docuit,
2147 5433 2202 5479 et
2232 5425 2497 5495 Operihus
2532 5426 2934 5497 comprobavit.

602 5518 672 5572 'In
700 5519 782 5572 die
816 5519 959 5572 mala
985 5517 1230 5572 “liberabit
1286 5532 1405 5570 eum
1452 5514 1727 5570 Dominus.
1800 5514 2105 5572 Utilitatem

526 5607 717 5672 docet,
741 5624 904 5680 quam
946 5624 1013 5663 ex
1044 5609 1355 5678 huiusmodi
1405 5606 1768 5677 intelligentia
1826 5607 1952 5674 quis
1982 5621 2106 5676 per-

2288 5520 2391 5572 Ἐν
2442 5516 2630 5586 ἡμέρᾳ
2670 5512 2906 5588 πονηρᾷ
2945 5519 3200 5586 ῥύσεται
3251 5516 3441 5571 αὐτὸν
3476 5518 3510 5570 ό
3560 5514 3801 5580 Κύριος.

2216 5610 2470 5664 Διδάσκει
2503 5611 2563 5663 τὸ
2588 5612 2776 5681 κέρδος
2806 5612 2906 5682 τῆς
2940 5612 3202 5682 τοιαύτης
3240 5609 3535 5673 συνέσεως.
3586 5605 3723 5659 Ποία
3743 5604 3806 5664 δέ

645 5785 696 5817 ⁸⁸
729 5783 885 5839 loan.
915 5800 1037 5851 xm,
1074 5787 1158 5842 l8.
1247 5787 1291 5818 ’τ
1329 5786 1473 5842 Psal.
1505 5803 1591 5855 ιι,
1620 5787 1703 5842 10.
1785 5789 1828 5823 ³⁷
1853 5787 2045 5845 Matth.
2099 5805 2224 5856 xxv,
2272 5789 2357 5844 ~50.
