4120 6428
382 347 481 416 liii

1543 344 1693 406 COM
1704 343 1935 404 MENT.
1970 341 2052 403 IN
2092 341 2225 402 PSA
2236 340 2457 401 LMOS.

3535 343 3641 408 toil

379 461 530 519 ἔστιν
598 461 782 532 ἡμέρα
848 459 1079 530 πονηρὰ,
1133 457 1546 530 προειρήκαμεν
1599 457 1657 508 ὲν
1725 456 1804 523 τῷ
1882 454 1970 516 λς’

2093 458 2336 521 :eptnrus
2365 451 2456 504 sit.
2498 448 2630 516 Quae
2660 457 2840 505 autem
2869 450 2941 506 sit
2965 452 3081 508 dies
3111 456 3275 521 mala,
3317 458 3558 518 diximus
3585 467 3643 520 in

377 555 602 626 ψαλμῷ,
641 555 702 605 τὸ
725 554 809 604 Οὐ
835 550 1472 620 καταισχυνθήσονται
1502 550 1574 600 ἐν
1621 546 1803 615 καιρῷ
1850 562 1960 599 πο-

379 643 554 715 νηρῷ
602 642 1024 714 ἑρμηνεύοντες.
1084 640 1294 693 Ταύτὸν
1356 638 1465 706 γάρ
1527 639 1702 690 είπεῐν
1772 635 1964 705 καιρὸν

380 739 646 808 πονηρὸν,
674 738 769 790 καὶ
808 735 1025 806 ἡμέραν
1061 735 1323 802 πονηράν.

455 833 671 897 Κύριος
687 827 1054 896 διαφυλάξαι
1075 826 1282 878 αὐτόν.
1303 824 1628 893 Ἐπεύχεται
1652 823 1727 892 τῷ
1741 822 1966 890 τοιούτῳ

379 925 412 976 ὁ
435 925 754 995 Προφήτης,
784 923 859 983 ὡς
887 919 1098 989 ἀγαθῷ.

474 1103 584 1156 Καὶ
612 1101 787 1168 ζήσαι
806 1102 1017 1155 αὐτόν.
1061 1102 1173 1154 Καὶ
1191 1099 1549 1171 ζωοποιῆσαι.

459 1193 566 1248 Καὶ
585 1194 921 1263 μακαρίσαι
943 1191 1134 1246 αὐτὸν
1154 1193 1224 1245 ἐν
1255 1191 1328 1260 τῇ
1361 1192 1458 1262 γῇ.
1520 1190 1630 1243 Καὶ
1698 1188 1971 1258 μακάριον

391 1284 668 1349 ἁναδείξαι
696 1286 790 1337 καὶ
811 1283 1075 1352 ζηλωτὸν,
1101 1283 1201 1336 οὐκ
1223 1284 1282 1334 ὲν
1303 1285 1370 1354 τῇ
1405 1280 1658 1352 παρούσῃ
1685 1281 1756 1350 τῇ
1787 1278 1970 1348 μόνον,

387 1375 527 1429 ἀλλὰ
551 1378 644 1428 καὶ
671 1377 729 1428 ὲν
765 1378 830 1445 τῇ
863 1373 1114 1445 βασιλείᾳ
1134 1373 1242 1426 τῶν
1275 1372 1538 1444 οὐρανῶν.

463 1561 568 1610 Kal
593 1557 679 1625 μὴ
702 1554 944 1626 παραδῶ
965 1555 1152 1610 αὐτὸν
1179 1557 1264 1621 είς
1289 1553 1492 1624 χεῖρας
1515 1550 1748 1623 ἐχθρῶν
1766 1551 1974 1607 αὐτοῦ.

388 1649 548 1716 Mtte
579 1648 794 1716 ὁρατῶν
829 1649 966 1716 μήτε
991 1648 1259 1716 ἀοράτων.

2067 543 2282 614 psalmo
2311 559 2497 606 xxxvr,
2534 543 2650 597 ibi:
2692 542 2813 597 Non
2867 546 3260 615 confundentnr
3318 550 3370 604 in
3418 560 3646 622 tempore
3731 597 3735 602 .

2069 637 2230 691 malo.
2260 635 2440 706 Aique
2459 637 2605 690 enim
2633 636 2948 705 signiﬁcant
2983 637 3103 694 dies
3131 641 3296 706 mala,
3345 651 3401 696 et
3429 651 3645 714 tempus

2069 729 2296 782 malum.

2147 819 2311 874 Vens.
2341 821 2392 874 5.
2431 821 2689 874 Dominus
2726 833 2990 877 conservet
3023 840 3164 880 eum.
3227 827 3487 884 Precatur
3513 827 3652 885 Pro-

2074 911 2236 981 pheta
2271 927 2368 981 pro
2397 911 2716 981 hujusmodi
2750 913 2996 980 homine,
3055 925 3312 989 tanquam
3372 936 3472 992 pro
3529 923 3648 978 viro

2073 1003 2332 1073 quoipiam
2363 1008 2526 1058 bono.

2147 1093 2216 1148 Et
2248 1096 2469 1165 viviﬁcet
2514 1113 2653 1153 eum.
2690 1099 2743 1152 id
2767 1107 2876 1163 est,
2913 1099 3095 1156 vivere
3117 1103 3165 1155 la
3205 1105 3296 1156 iat.

2148 1185 2453 1239 Etbeatum
2492 1205 2609 1242 eum
2650 1190 2823 1256 faciat
2866 1191 2922 1242 in
2965 1198 3132 1246 terra.
3175 1191 3237 1244 Et
3269 1193 3484 1247 beatum
3522 1213 3648 1250 eum

2078 1291 2202 1331 esse
2226 1277 2503 1342 ostendat,
2535 1279 3025 1349 annnla‘tioneque,
3056 1296 3152 1336 seu
3210 1281 3518 1340 imitatione
3569 1286 3655 1339 di-

2079 1382 2272 1436 gnum,
2309 1383 2418 1421 non
2448 1369 2501 1421 in
2529 1371 2786 1436 praesenti
2819 1379 3027 1425 tantum
3064 1380 3240 1438 terra,
3278 1373 3372 1430 sed
3401 1375 3455 1428 in
3485 1391 3655 1444 regno

2079 1458 2241 1511 etiam
2281 1459 2571 1512 caelorum.

2157 1551 2227 1604 Et
2261 1568 2363 1604 non
2418 1552 2598 1604 tradat
2640 1569 2755 1605 eum
2793 1554 2845 1606 in
2895 1571 3083 1608 manus
3135 1557 3468 1612 inimicorum
3521 1560 3658 1629 ejus.

2080 1644 2190 1699 Nec
2220 1659 2346 1698 eum
2398 1644 2700 1699 visibilium
2742 1656 2834 1700 aut
2879 1649 3232 1705 invisibilinm
3278 1655 3517 1708 hostium
3547 1669 3660 1708 ma-

2084 1737 2245 1792 nibus
2277 1738 2458 1793 dedat.

463 1825 682 1891 Κύριος
731 1822 1040 1890 ,ϐοηθῆσαι
1101 1822 1282 1888 αὐτῷ,
1326 1823 1424 1876 ἐπὶ
1480 1812 1696 1888 κλίνης
1752 1821 1978 1888 ὀδύνης

2157 1828 2324 1885 Vens.
2391 1831 2445 1888 4.
2492 1830 2752 1888 Dominus
2787 1848 2930 1902 opem
2969 1835 3107 1903 {erat
3158 1836 3236 1888 illi
3275 1853 3433 1906 super
3470 1838 3662 1892 lectum

385 1917 604 1970 αἰετοῦ.
659 1915 780 1968 Ἐπὶ
817 1915 1008 1984 κλίνης
1037 1915 1247 1986 ὀδύνης,
1276 1914 1396 1984 ἦτοι
1433 1915 1532 1984 τῆς
1563 1913 1676 1983 (49)
1716 1913 1977 1983 ὑποδεχο-

395 2013 566 2081 μένης
602 2011 764 2063 αὑτὸν
803 2009 1144 2078 ὀδυνώμενον
1191 2010 1250 2062 ἐν
1298 2007 1458 2077 νόσῳ.
1528 2006 1761 2066 Ἀκύλας
1793 2005 1851 2059 δὲ
1883 2007 1979 2060 καὶ

395 2105 728 2168 Θεοδωτίων,
761 2103 823 2154 οὐ
854 2103 914 2155 τὸ
944 2101 1200 2154 εὐκτικὸν
1231 2096 1392 2165 εἶδος,
1434 2100 1570 2152 ἀλλὰ
1617 2098 1678 2150 τὸ
1707 2097 1801 2152 τοῦ
1853 2098 1982 2168 μέλο

400 2199 584 2260 λοντος
647 2198 740 2248 ἐπὶ
771 2195 880 2247 τῶν
924 2194 1202 2266 ῥηθέντων
1251 2191 1620 2247 ὲκὸεδώκασιν
1647 2207 1661 2221 ⁸
1701 2187 1813 2245 οἷον
1849 2193 1980 2244 Δια-

415 2289 658 2359 ςρυλὰξει
691 2288 786 2342 καὶ
816 2286 1004 2357 ζήσει,
1037 2289 1131 2341 καὶ
1162 2288 1230 2341 τὰ
1260 2286 1507 2352 τοιαῦτα,
1535 2286 1609 2349 ὡς
1632 2285 1981 2354 ἀντιμισθίαν

420 2382 620 2433 ᾶπαντα
653 2381 945 2448 κρίναντες
986 2377 1183 2432 ταῦτα.

478 2659 663 2728 Ὅλην
688 2659 803 2726 τὴν
832 2660 1043 2728 κοίτην
1085 2659 1274 2713 αὐτοῦ
1315 2658 1619 2728 ἓστρεψας
1655 2660 1726 2712 ὲν
1762 2657 1837 2727 τῇ
1881 2658 1987 2726 ἁρ-

395 2753 624 2820 ρωστίῃ
657 2751 859 2806 αὺτοῦ.
897 2752 1103 2821 Κοίτην
1149 2754 1249 2822 μὲν
1277 2751 1427 2819 λέγει
1474 2753 1576 2822 τὴν
1609 2752 1932 2805 κατάκλισιν
1967 2769 1984 2786 ο

406 2845 754 2911 Ἕστρεψας
785 2842 863 2908 δὲ,
917 2842 1040 2896 avri.
1083 2842 1178 2895 τοῦ
1224 2842 1519 2907 Ἥλλαξας.
1577 2833 1685 2896 Τοῦ
1741 2842 1984 2896 τοιούτου

404 2933 560 3002 γοῦν,
625 2933 780 3003 φησὶ,
820 2932 918 3004 τὴν
956 2933 1279 2987 κατάκλισιν
1324 2935 1382 2985 ὲν
1435 2933 1614 3005 καιρῷ
1673 2934 1990 3006 ἀρρωστίας

406 3026 668 3096 ἢλλαξας,
697 3027 802 3078 άπὸ
832 3030 1064 3098 νοσερᾶς
1093 3028 1174 3091 είς
1208 3027 1474 3097 ὑγιεινήν.
1514 3025 1706 3093 Ὅλην
1745 3024 1832 3089 δὲ,
1864 3025 1990 3078 am

2080 1923 2282 1978 doloris
2314 1923 2453 1992 ejus.
2508 1922 2687 1995 Super
2734 1927 2933 1980 lectum
2979 1927 3209 1994 doloris,
3267 1930 3320 1983 in
3365 1945 3472 1999 quo
3505 1931 3663 2002 aegri-

2083 2016 2274 2072 tudine
2308 2031 2372 2071 ac
2411 2021 2606 2074 morbo
2655 2019 2936 2087 laborans,
2971 2021 3202 2078 amictus
3235 2023 3325 2077 diu
3370 2024 3500 2078 olim
3553 2025 3664 2082 de—

2084 2107 2312 2164 tinetur.
2369 2113 2568 2181 Aquila
2633 2120 2855 2178 autem,
2906 2123 2959 2169 et
3026 2113 3332 2170 Theodotio
3389 2133 3496 2171 non
3567 2132 3667 2189 per

2083 2201 2385 2269 optativum
2448 2202 2711 2267 modum,
2779 2205 2874 2260 sed
2933 2221 3031 2276 per
3081 2205 3329 2262 futurum
3380 2209 3666 2266 indicativi

2085 2293 2267 2346 omnia
2297 2293 2408 2348 hac
2433 2295 2598 2348 verba
2625 2296 2929 2364 reddidere,
2963 2299 3216 2354 videlicet
3252 2318 3265 2355 :
3296 2300 3668 2370 Conservnbit,

2101 2385 2418 2454 Viviﬁcabit,
2457 2395 2533 2455 et,
2581 2389 2743 2458 Opem
2795 2391 2947 2459 feret,
2999 2394 3182 2448 omnia
3232 2395 3350 2450 hac
3407 2397 3567 2466 quasi
3610 2399 3665 2452 in

2089 2479 2394 2534 mercedem
2448 2497 2510 2536 ac
2570 2483 2989 2540 retributionem
3050 2486 3342 2557 quamdam
3407 2489 3517 2544 dici
3576 2505 3668 2543 ar-

2086 2572 2370 2628 bitrantes.

2165 2664 2473 2721 Universum
2509 2668 2678 2722 cubile
2701 2671 2815 2739 ejus
2875 2672 3075 2726 vertisti
3102 2673 3155 2726 in
3188 2675 3501 2742 inﬁrmitate
3528 2677 3668 2746 ejus.

2087 2758 2191 2814 Per
2241 2761 2445 2822 cubile.
2481 2761 2802 2817 decubitum
2855 2764 3127 2836 intelligit.
3200 2766 3418 2822 Vertisti
3463 2781 3668 2834 autem,

2088 2856 2194 2910 hoc
2227 2866 2330 2922 est,
2367 2857 2696 2913 lmmutasti.
2753 2857 2808 2912 In
2859 2866 3126 2928 tempore,
3182 2861 3378 2930 inquit,
3433 2864 3670 2919 inlirmi-

2090 2951 2218 3004 tatis
2254 2953 2420 3019 hujus
2475 2952 2598 3015 viri,
2649 2961 2703 3005 tu
2765 2953 2991 3007 mutasti
3047 2952 3166 3021 ejus
3226 2955 3566 3022 decubitum,
3601 2957 3672 3012 ab

2091 3059 2236 3114 aegro
2259 3045 2543 3109 nimirum,
2570 3054 2734 3112 atque
2760 3045 2979 3100 inﬁrmo
3006 3044 3072 3099 ad
3099 3062 3292 3100 sanum
3316 3063 3381 3102 ac
3407 3049 3670 3106 validum.

404 3117 500 3170 τοῦ
531 3118 816 3181 Παντελῶς
848 3136 860 3150 ·
899 3121 1246 3188 Ἕστρεψας
1270 3118 1354 3182 δὲ,
1399 3117 1520 3173 divtl.
1565 3115 1663 3170 τοῦ
1704 3117 1988 3186 Στρέψεις.

2095 3133 2315 3190 Mutasti
2334 3145 2513 3191 autem
2552 3139 3011 3226 uttiversutlt,.l100
3035 3147 3138 3206 est,
3166 3139 3400 3197 Prorsus
3424 3145 3673 3199 mutasti.

405 3212 478 3263 Ἦ
503 3212 896 3282 στοχαστικῶς,
933 3213 1134 3283 μᾶλλον
1163 3213 1221 3267 δὲ
1257 3211 1635 3284 προφητικῶς,
1664 3209 1741 3272 ὡς
1767 3209 1990 3278 γεγονὸς

405 3301 532 3357 εἷπε
560 3306 620 3358 τὸ
655 3307 1037 3377 γενησόμενον.

494 3611 643 3680 Ἐγὼ
695 3608 876 3666 εἶπα·
927 3611 1122 3677 Κύμε,
1156 3608 1420 3678 ἐλέησόν
1467 3626 1562 3679 με.
1620 3609 1701 3663 Τὰ
1745 3609 1994 3664 ἐντεῦθεν

413 3708 612 3766 πάντα,
639 3703 920 3774 προσώπῳ
944 3701 1037 3755 τοῦ
1079 3699 1318 3771 Χριστοῦ
1357 3699 1606 3769 λέγονται
1643 3717 1656 3734 ο
1683 3700 1995 3770 παρακαλεῖ

411 3801 468 3852 δὲ
503 3799 590 3851 τὸν
636 3799 768 3851 θεὸν
815 3799 888 3860 ὡς
940 3796 1249 3866 ἄνθρωπος,
1291 3795 1554 3849 δεικνύων
1609 3795 1691 3849 ὅτι
1738 3797 1845 3858 πᾶς
1900 3795 1993 3847 ἄν-

412 3891 633 3958 θρωπος
666 3891 836 3942 δεῖται
869 3888 964 3942 τοῦ
1002 3888 1186 3952 ἐλέους
1213 3888 1308 3942 τοῦ
1341 3887 1496 3942 Θεοῦ.

487 4005 690 4059 Ἰασαι
724 4006 838 4073 τὴν
867 4003 1080 4072 ψυχήν
1102 4021 1245 4072 μου,
1288 4002 1380 4056 ὅτι
1435 4003 1706 4072 ἥμαρτόν
1733 4017 1854 4058 σοι.
1887 4003 1997 4054 Καὶ

417 4099 524 4169 μὴν
579 4098 879 4168 ἁμαρτίαν,
938 4096 1124 4164 φησὶν,
1189 4095 1290 4148 οὒκ
1341 4093 1600 4163 ἐποίησεν
1632 4110 1644 4122 ·
1703 4093 1819 4145 ἀλλ’
1874 4092 1998 4145 ἐπεὶ

415 4191 485 4243 δι’
520 4192 669 4259 ἡμᾶς
695 4190 886 4257 γέγονε
927 4187 1049 4240 καθ’
1083 4188 1253 4258 ἡμᾶς,
1279 4187 1690 4240 οίκειοποιεῖται
1716 4183 1824 4237 τῶν
1851 4182 1999 4237 ίδίων

411 4287 506 4339 καὶ
560 4286 629 4336 τὰ
681 4284 852 4352 πάθη,
898 4281 995 4333 καὶ
1036 4281 1135 4344 τὰς
1170 4280 1356 4348 φωνάς
1387 4295 1402 4309 ο
1461 4280 1555 4333 καὶ
1607 4280 1746 4349 ὅπερ
1791 4276 1998 4347 ὀφείλει

416 4378 544 4448 βοᾷν
578 4380 612 4448 ἠ
647 4376 1021 4449 ἁμαρτήσασα
1073 4373 1235 4443 φύσις
1289 4373 1473 4444 ἡμῶν,
1523 4372 1684 4426 τοῦτο
1737 4372 1835 4442 βοᾷ
1891 4372 1998 4440 πρὸ

413 4470 641 4539 ταύτης,
699 4468 841 4538 ὑπὲρ
897 4467 1144 4537 ταύτης,
1201 4468 1277 4530 ὡς
1343 4465 1457 4537 (50)
1512 4465 1696 4529 αὐτὸς,
1752 4460 1842 4518 οἷα
1897 4466 1998 4533 τῆς

416 4560 587 4628 αὐτῆς
612 4560 708 4611 καὶ
726 4559 890 4620 αὐτὸς
915 4557 1012 4621 ὢν,
1040 4559 1088 4611 εί
1134 4560 1230 4612 καὶ
1259 4558 1429 4629 χωρὶς
1455 4557 1752 4627 ἁμαρτίας.
1783 4555 1996 4625 Ὥσπερ

413 4651 554 4703 δὲτὸ
585 4651 850 4718 θυόμενον
889 4650 1033 4720 ὑπὲρ
1076 4649 1355 4719 ἁμαρτίας
1391 4649 1534 4702 κατὰ
1574 4648 1664 4702 τὸν
1696 4647 1880 4716 νόμον,
1918 4651 1996 4708 είς

415 4744 576 4796 ἑαυτὸ
632 4747 734 4812 τὴν
790 4743 1070 4813 ἁμαρτίαν
1129 4743 1433 4813 ἀνεδέχετο,
1479 4743 1577 4796 καὶ
1629 4741 1998 4810 σνγκατὲκαιε

414 4845 620 4911 τλύεην
679 4844 860 4912 ἐαυτῷ
891 4858 904 4871 ⁸
961 4841 1105 4894 οὕτω
1149 4843 1244 4895 καὶ
1298 4836 1495 4904 οὗτος,
1547 4841 1808 4910 θυόμενος
1861 4838 2003 4906 ὑπὲρ

413 4937 520 4986 τῶν
552 4936 843 5005 ἁμαρτιῶν
874 4933 1055 5004 ἡμῶν,
1085 4936 1166 4998 είς
1217 4935 1410 4986 ἑαυτὸν
1442 4934 1646 4995 ταύτας
1693 4932 2000 4997 ἀνεδέξατο,

418 5029 509 5081 καὶ
559 5027 638 5088 ὠς
704 5025 868 5090 αὐτὸς
921 5027 1272 5095 ἁμαρτήσας,
1328 5026 1473 5079 οὕτω
1523 5029 1615 5078 καὶ
1649 5028 1843 5088 ἐδεῖτο,
1908 5028 2001 5078 καὶ

414 5121 650 5189 ἔθνῃσκε
681 5120 770 5171 διά
795 5119 1210 5187 φιλανθρωπίας
1239 5119 1568 5190 ὑπερϐολήν.

415 5219 622 5267 uosms
666 5213 983 5266 immolatus
1043 5213 1306 5282 peccatis,
1360 5214 1411 5264 in
1465 5228 1525 5266 se
1574 5215 1753 5283 ipsum
1816 5217 2000 5272 omnia
2044 5230 2233 5274 nostra
2296 5217 2544 5288 suscepit
2595 5224 2873 5286 peccata:
2933 5229 3034 5269 nec
3084 5226 3245 5267 secus

2098 3229 2506 3283 Advertendum
2550 3239 2730 3282 tamen
2764 3231 2906 3299 quod
2935 3233 3214 3301 praterito
3251 3243 3502 3303 tempore
3540 3252 3675 3292 usus

2097 3329 2178 3376 est
2212 3337 2310 3391 pro
2344 3319 2548 3376 iuturo.
2590 3321 2802 3376 Venisti
2833 3324 3000 3386 enim,
3041 3325 3142 3379 hoc
3174 3335 3278 3390 est,
3311 3324 3519 3382 Vertes.
3558 3327 3677 3392 Vel,

2098 3417 2420 3484 conjectura
2471 3420 2730 3485 quadam,
2787 3419 2898 3471 imo
2939 3433 3070 3474 vero
3121 3420 3306 3488 potius
3358 3421 3678 3491 prophetico

2098 3523 2272 3575 more,
2303 3525 2423 3579 quae
2458 3509 2640 3564 futura
2668 3518 2845 3575 erant,
2879 3519 2935 3565 ut
2958 3513 3070 3581 jam
3099 3513 3240 3569 facta
3264 3529 3678 3570 commemorat.

2173 3626 2342 3681 Vens.
2381 3625 2435 3680 5.
2479 3623 2595 3695 Ego
2632 3625 2749 3678 dixi
2773 3643 2790 3680 :
2817 3625 3060 3690 Domine,
3090 3628 3337 3681 miserere
3383 3629 3505 3682 mei.
3549 3629 3682 3694 Quae

2099 3723 2434 3784 sequuntur,
2467 3732 2532 3771 ex
2571 3716 2776 3772 Christi
2828 3733 3062 3788 persona
3122 3720 3347 3789 legenda
3403 3730 3553 3784 sunt,
3586 3723 3679 3791 qui

2099 3808 2248 3862 velut
2311 3809 2474 3862 homo
2530 3805 2698 3862 Deum
2758 3816 2935 3877 rogat.
2973 3809 3274 3864 ostendens
3337 3812 3440 3864 hoc
3500 3819 3681 3878 pacto,

2103 3899 2404 3968 quemlibet
2427 3900 2701 3954 hominem
2735 3899 2827 3954 Dei
2862 3901 3070 3954 auxilio
3103 3901 3367 3970 indigere.

2178 4013 2323 4069 Sana
2388 4016 2626 4067 animam
2684 4031 2876 4078 meam,
2939 4017 3066 4084 quia
3123 4017 3333 4082 ieccavi
3393 4018 3510 4074 tibi.
3574 4019 3682 4074 Sed

2103 4108 2378 4177 quomodo
2431 4107 2559 4161 alibi
2616 4108 2850 4176 legimus
2895 4106 3178 4161 Christum
3236 4118 3520 4176 peccatum
3574 4127 3684 4166 non

2103 4201 2340 4256 fecisse?
2373 4199 2750 4255 Certissimum
2783 4200 3002 4268 quidem
3036 4207 3142 4262 est,
3194 4201 3346 4254 illum
3401 4218 3684 4271 nunquam

2103 4307 2404 4364 peccasse;
2438 4307 2627 4345 verum
2667 4291 2795 4361 quia
2846 4299 3190 4360 prOptcrnos
3219 4291 3396 4346 factus
3435 4302 3517 4346 cst
3542 4293 3686 4346 idem

2105 4385 2251 4456 quod
2289 4399 2415 4452 nos,
2473 4384 2635 4438 homo
2666 4384 2948 4446 nimirum,
2991 4383 3274 4452 passiones
3307 4384 3494 4449 etiam,
3527 4392 3692 4454 atque

2107 4479 2341 4534 allectus
2374 4486 2621 4545 nostros,
2662 4477 2819 4546 quasi
2860 4477 3114 4545 proprios
3147 4477 3250 4531 sibi
3285 4487 3690 4545 consequenter

2109 4569 2448 4635 vindicavit,
2504 4578 2558 4624 et
2617 4570 2762 4639 quod
2817 4569 2999 4623 dicere
3061 4583 3157 4638 par
3221 4578 3339 4624 erat
3392 4569 3689 4623 humanam

2111 4673 2386 4726 naturam,
2442 4677 2564 4730 quae
2625 4673 2969 4731 peccaverat,
3045 4661 3147 4714 hoc
3199 4661 3316 4730 ipse
3370 4670 3527 4716 antea
3594 4678 3696 4732 pro

2104 4757 2195 4810 illa
2225 4755 2289 4809 ad
2329 4753 2546 4809 Patrem
2585 4755 2868 4819 clamavit,
2921 4754 3090 4807 veluti
3137 4754 3234 4823 qui
3284 4755 3532 4825 ejusdem
3571 4766 3694 4809 erat.

2103 4851 2338 4907 natura',
2373 4845 2592 4898 tametsi
2640 4846 2758 4898 sine
2812 4853 3060 4913 peccato.
3113 4843 3177 4898 Et
3227 4848 3690 4915 quemadmodum

2103 4938 2346 5004 victima,
2377 4953 2500 5006 quas
2529 4937 2659 4991 olim
2697 4953 2798 5007 pro
2829 4947 3054 5006 peccato
3083 4937 3499 5001 immolabatur,
3534 4937 3693 5006 juxta

2107 5033 2307 5100 legem,
2333 5041 2616 5100 peccatum
2648 5031 2703 5083 in
2745 5046 2804 5085 se
2850 5030 3211 5100 suscipiebat,
3255 5030 3399 5099 quod
3439 5043 3545 5082 una
3568 5044 3691 5082 cum

2109 5125 2337 5179 victima
2370 5124 2619 5179 comburi
2676 5123 3009 5189 dicebatur:
3071 5121 3146 5174 ita
3195 5130 3248 5174 et
3292 5119 3544 5173 Christus
3597 5134 3695 5188 pro

3341 5226 3403 5263 ac
3454 5211 3500 5263 si
3579 5213 3696 5279 ipse

417 5317 724 5378 peccasset,
761 5307 828 5360 ad
873 5321 1064 5360 eorum
1119 5307 1525 5372 remissionem,
1616 5317 1669 5362 et
1727 5310 1928 5372 oravit,
1979 5321 2034 5368 et
2076 5321 2327 5368 mortuus
2373 5325 2480 5377 eSt,
2554 5315 2625 5367 ob
2670 5326 2940 5368 summam
2992 5309 3248 5363 nimirum
3294 5317 3459 5374 atque
3505 5304 3697 5358 iueﬂa-

415 5399 577 5453 bilem
607 5400 731 5466 eius
759 5399 1218 5452 misericordiam.

491 5517 791 5587 υίὲχθροί
816 5535 934 5586 μου
971 5516 1147 5571 εἷπον
1190 5514 1345 5570 κακά
1384 5535 1509 5588 μοι.
1566 5519 1626 5571 Οἱ
1673 5519 1859 5590 ὲχοροὶ
1912 5518 2006 5571 τοῦ

2194 5516 2357 5570 γωδ.
2397 5517 2449 5569 6.
2508 5513 2724 5568 Inimici
2771 5511 2870 5565 mei
2916 5509 3166 5564 dixerunt
3217 5505 3362 5558 mala
3405 5505 3555 5560 mihi.
3590 5506 3698 5562 lni-

1746 5699 1946 5760 Varia)
1978 5696 2310 5760 lectiones.

503 5806 619 5879 (1.9)
644 5807 730 5862 Al.
759 5806 844 5859 ὅτι
884 5806 1291 5879 ὑποσχομένης.

2194 5799 2306 5872 (50)
2337 5799 2409 5853 ia.
2451 5797 2614 5867 αὐτή.
