4120 6416
341 447 463 511 465

1521 447 1673 507 (ΞοΜ
1683 448 1838 507 ΜΕΝ
1847 448 1914 507 Τ.
1950 446 2032 508 ΙΝ
2067 447 2436 509 PSALMOS.

3527 456 3634 518 466

341 561 571 629 στῆναι
599 577 616 622 ;
647 559 786 612 Κατ’
840 560 1115 628 ἐρώτησιν
1167 559 1325 613 τοῦτό
1352 577 1542 629 φησιν,
1573 561 1648 625 ὡς
1673 561 1830 625 Θεὸς,
1862 561 1946 613 ὅτι

2049 557 2158 616 Per
2219 561 2710 632 interrogationem
2766 563 2871 619 hoc
2923 563 3079 632 dicit,
3132 575 3300 638 atque
3332 575 3391 623 ut
3440 565 3636 626 Deus:

342 653 497 725 Ἀρα
525 656 554 706 ὁ
589 652 937 721 κοιμώμενος
957 652 1018 706 οὗ
1045 652 1581 724 θελήσειάναστῆναι
1605 670 1620 720 ;
1650 652 1722 707 Τὸ
1754 656 1948 722 Προσ-

340 748 525 814 θήσει
588 745 720 816 γὰρ,
778 746 875 798 ἐπὶ
917 743 1014 798 τοῦ
1082 745 1376 814 Ἠθέλησε
1417 745 1680 809 πολλάκις
1730 747 1780 799 οἱ
1857 743 1949 799 Ἔ-

344 837 536 907 ϐραῖοι
600 834 1000 903 λαμϐάνουσιν.
1052 836 1114 889 Εἰ
1151 835 1208 889 δὲ
1239 838 1267 890 6
1315 836 1662 908 κοιμώμενος
1707 836 1950 908 ἀναστή-

346 946 530 994 σεται,
587 927 745 996 κάγὼ
806 928 974 998 σαρκὶ
1023 927 1223 995 θανὼν,
1274 930 1657 1001 ἅναστήσομαι
1703 929 1899 984 θᾶττον
1927 945 1941 959 ·

341 1023 372 1074 6
431 1021 544 1087 γὰρ
565 1019 702 1090 ἐμὸς
760 1019 1014 1087 θάνατος,
1049 1020 1206 1092 ὕπνῳ
1261 1020 1457 1076 ἔοικεν.
1518 1021 1606 1086 Ὠς
1654 1022 1765 1093 γὰρ
1815 1021 1952 1076 αύτ-

344 1110 613 1176 εξουσίως
661 1112 823 1164 ὑπνοῖ
852 1128 961 1177 τις,
998 1111 1174 1176 οὕτως
1220 1113 1587 1179 αὐτεξουσίως
1639 1111 1945 1169 ἀποθανοῦ-

355 1222 454 1273 μαι
480 1205 663 1271 κᾶγώ.

419 1295 530 1347 Καὶ
584 1297 698 1363 γὰρ
733 1297 768 1349 ό
810 1295 1124 1365 ἄνθρωπος
1155 1298 1266 1366 τῆς
1299 1299 1546 1368 εἰρήνης
1585 1318 1706 1369 μου
1745 1300 1838 1370 ἐφ’
1872 1301 1946 1355 ὃν

346 1382 612 1448 ῆλπισα,
656 1385 691 1436 ό
735 1384 960 1438 ἐσθίων
997 1386 1216 1456 ἄρτους
1241 1406 1382 1457 μου,
1427 1389 1805 1458 ἐμεγάλυνεν
1843 1390 1939 1443 ἐπ’

340 1471 449 1539 ἐμὲ
488 1475 890 1541 πτερνισμόν.
950 1476 1012 1527 '(l
1066 1476 1386 1548 σύνδεσμος,
1429 1479 1458 1532 6
1504 1481 1554 1532 Γ
1555 1477 1650 1546 dp,
1689 1481 1943 1550 περιττὸς

341 1562 648 1614 κᾶνταυθοῖ
677 1582 689 1594 ’
723 1563 839 1616 ἔστι
873 1565 930 1618 δὲ
960 1565 1203 1630 τοιοῦτος
1242 1569 1270 1620 6
1302 1567 1449 1633 νοῦς,
1479 1570 1562 1622 ὅτι
1589 1569 1698 1621 Καὶ
1723 1570 1752 1623 6
1809 1568 1941 1638 ὲμδς

339 1655 469 1708 κατ’
525 1656 668 1726 ἐμοῦ
734 1657 982 1724 γέγονεν.
1046 1658 1373 1729 Ἀνθρωπον
1431 1659 1488 1712 δὲ
1539 1660 1802 1732 εἰρήνης,
1849 1659 1942 1713 τὸν

335 1748 632 1816 εἰρηνικὸν
673 1748 919 1819 Ἑϐραῖοι
965 1750 1210 1805 καλοῦσι.
1251 1753 1422 1822 Φησὶν
1457 1747 1571 1817 οῦν,
1617 1753 1699 1807 ὅτι
1771 1752 1884 1806 Καὶ
1915 1755 1942 1806 6

334 1841 632 1911 εἰρηνικός
691 1859 821 1910 μου,
879 1845 1168 1898 τουτέστιν
1217 1846 1245 1899 6
1284 1845 1439 1914 φίλος
1497 1863 1624 1918 μου,
1678 1845 1826 1915 λέγει
1883 1847 1940 1900 δὲ

2049 652 2328 723 Numquid
2382 653 2663 710 dormiens
2707 655 2891 720 homo,
2951 657 3147 728 inquit,
3208 659 3356 716 nolet
3406 675 3638 717 consur-

2050 747 2218 816 gere?
2271 743 2511 801 Verbum
2538 746 2685 802 enim
2721 747 2979 818 Adjiciet.
3014 749 3226 806 Hebraei
3259 767 3641 822 saepenumero

2049 849 2280 909 ponunt,
2337 855 2436 910 pro
2473 840 2644 896 Volet.
2686 840 2843 907 Quod
2896 842 2944 899 si
2994 843 3277 900 dormiens
3325 849 3637 916 consurgit,

2046 947 2150 1004 ego
2194 932 2360 988 etiam
2420 936 2576 990 carni
2641 942 2921 1000 mortuus,
2991 937 3105 990 cito
3156 953 3466 1009 resurgam.
3519 940 3636 995 Mea

2046 1025 2193 1080 enim
2224 1041 2378 1083 mors
2412 1041 2610 1084 somno
2640 1027 2841 1085 similis
2863 1036 2970 1083 est.
2995 1027 3132 1082 Nam
3168 1032 3634 1099 quemadmodum

2046 1118 2146 1188 qui
2203 1117 2408 1174 dormit
2466 1134 2532 1176 ex
2584 1134 2686 1175 suo
2737 1119 2944 1175 dormit
3000 1121 3252 1187 arbitrio,
3292 1123 3367 1176 ita
3409 1131 3463 1177 et
3518 1125 3636 1194 ipse

2048 1219 2248 1282 sponte
2283 1227 2423 1279 mea,
2455 1221 2620 1282 atque
2653 1228 2721 1268 ex
2757 1214 2980 1284 propria
3015 1215 3226 1269 moriar
3257 1216 3561 1271 voluntate.

2118 1301 2285 1359 Vens.
2312 1305 2404 1359 10.
2437 1304 2639 1361 Etenim
2665 1308 2820 1362 homo
2853 1309 3000 1376 pacis
3041 1325 3168 1362 mea:
3203 1309 3257 1362 in
3281 1327 3384 1379 quo
3407 1312 3634 1378 speravi,

2045 1397 2138 1465 qui
2161 1395 2346 1449 edebat
2386 1413 2549 1465 panes
2585 1415 2752 1463 meos,
2799 1399 3163 1468 magni/ienuit
3189 1410 3376 1454 contra
3412 1418 3490 1454 me
3519 1417 3640 1471 sup-

2045 1489 2447 1558 plantationem.
2503 1491 2835 1562 Conjunctio
2890 1493 3033 1546 enim
3088 1492 3194 1547 hoc
3247 1493 3301 1546 in
3355 1493 3476 1547 loco
3537 1508 3635 1547 su-

2044 1578 2253 1650 perﬂua
2319 1587 2442 1646 est,
2521 1589 2578 1636 et
2637 1595 2838 1637 sensus
2905 1589 3038 1638 est:
3113 1581 3208 1637 lllc
3267 1582 3432 1636 etiam
3501 1582 3634 1636 mihi

2044 1671 2398 1728 adversarius
2446 1670 2587 1739 fuit,
2637 1671 2732 1742 qui
2795 1680 2961 1727 antea
3029 1672 3261 1728 intimus
3309 1673 3441 1728 mihi
3493 1681 3634 1736 erat,

2045 1771 2100 1816 et
2153 1762 2288 1816 mihi
2345 1763 2587 1820 maxime
2635 1763 2990 1834 conjunctus.
3040 1763 3144 1820 Per
3197 1765 3479 1820 hominem
3535 1779 3634 1818 au—

2045 1860 2154 1907 tem
2202 1852 2354 1921 pacis
2407 1851 2621 1908 Hebraei
2683 1853 2969 1923 paciﬁcum
3017 1853 3349 1924 intelligunt.
3389 1853 3478 1906 Ait
3531 1851 3630 1921 igi-

333 1933 428 1986 τὸν
504 1933 739 1998 Ἰούδαν,
800 1935 888 2004 ἐφ’
943 1929 988 2004 ᾧ
1021 1936 1327 2010 ἐθάρρησα,
1380 1938 1458 2001 ὡς
1511 1939 1651 2010 ὲμῷ,
1701 1938 1760 1994 ὃν
1819 1938 1932 2007 ἐγὼ

2047 1949 2167 1997 tur:
2205 1940 2378 1998 ilomo
2419 1942 2682 2014 paciﬁcus
2729 1958 2906 2011 meus,
2950 1943 3053 1998 hoc
3073 1954 3177 2011 est,
3227 1944 3438 1999 amicus
3476 1958 3631 1997 meus

340 2021 482 2092 μετᾶ
519 2023 636 2076 τῶν
687 2023 867 2078 ἄλλων
928 2027 1191 2097 μαθητῶν
1249 2028 1499 2100 ἔτρεφον,
1573 2030 1929 2100 ἐμεγάλυνεν,

2047 2031 2235 2096 ludas,
2288 2033 2344 2088 in
2397 2048 2507 2105 quo
2562 2034 2730 2088 veluti
2782 2035 2838 2090 in
2876 2051 2962 2090 me
3019 2036 3142 2106 ipso
3198 2036 3442 2090 conlisus
3485 2049 3630 2098 sum,

338 2117 508 2186 ἤγουν
565 2118 919 2187 ὲκραταίωσε
982 2121 1106 2174 κατ’
1161 2121 1298 2193 ἐμοῦ
1357 2122 1530 2178 δόλον.
1596 2124 1934 2194 Πτερνισμὸς

2047 2144 2207 2198 quem
2246 2129 2415 2184 etiam
2471 2129 2640 2184 simul
2688 2145 2812 2186 cum
2868 2129 2992 2183 aliis
3049 2129 3338 2198 discipulis
3379 2128 3632 2193 educavi,

342 2212 473 2276 γὰρ.
505 2209 534 2260 δ
566 2208 744 2274 δόλος,
775 2210 840 2262 ἐκ
874 2213 1196 2283 μεταφορᾶς
1247 2211 1342 2266 τοῦ
1395 2213 1849 2276 ὑποσκελίζοντος
1878 2212 1937 2264 ὲν

2047 2219 2446 2290 magniﬁcavit,
2490 2219 2597 2276 hoc
2629 2229 2736 2287 est,
2775 2220 3058 2276 roboravit
3108 2220 3632 2290 supplantationem,

355 2303 556 2374 πτὲρνῃ
611 2303 709 2355 τὸν
780 2304 1073 2374 τρέχοντα.
1144 2306 1519 2374 Ἐκραταίωσε
1594 2305 1651 2360 δὲ
1709 2304 1935 2372 τοῦτον,

361 2393 448 2446 διὰ
486 2401 579 2465 τῆς
615 2398 752 2467 πρὸς
784 2400 913 2462 τοὺς
939 2398 1221 2470 ἀρχιερεῖς
1265 2400 1360 2453 καὶ
1402 2399 1758 2470 Γραμματεῖς
1794 2415 1938 2469 συμ-

365 2485 580 2554 φωνίας.

353 2579 530 2634 dolum
565 2582 834 2641 adversus
861 2585 1163 2653 Christum,
1193 2599 1427 2655 eumque
1470 2584 1710 2654 quodam
1765 2583 1926 2638 modo
1969 2582 2348 2654 supplantavit
2406 2602 2420 2639 :

2048 2310 2154 2365 hoc
2183 2319 2289 2374 est,
2331 2310 2518 2365 dolum
2555 2319 2747 2366 contra
2799 2327 2885 2366 me
2922 2328 2936 2364 :
2991 2310 3136 2381 quod
3191 2326 3258 2366 ex
3311 2310 3632 2379 metaphora

2048 2415 2240 2456 eorum
2268 2400 2476 2456 dictum
2508 2409 2615 2468 est,
2648 2402 2740 2472 qui
2792 2402 2933 2457 inter
2981 2402 3340 2463 currendum,
3371 2401 3633 2456 calcaneo

2047 2489 2283 2560 aliquem
2317 2490 2506 2547 dolose
2539 2493 2912 2563 supplantant.
2947 2493 3212 2547 Firmavit
3245 2502 3426 2546 autem
3457 2489 3628 2546 Judas

2492 2586 2854 2641 conventione
2893 2584 3152 2640 nimirum
3233 2601 3297 2641 ac
3344 2587 3630 2660 conspira-

348 2675 498 2730 tione
541 2678 659 2741 illa,
713 2694 822 2747 qua
858 2694 984 2734 cum
1044 2679 1254 2738 Scribis
1300 2680 1444 2744 iniit,
1495 2687 1550 2734 et
1596 2693 1720 2733 cum
1771 2676 2142 2753 pontiﬁcibus.

412 2771 498 2826 Σὺ
528 2771 620 2835 δὲ,
650 2775 850 2841 Κύριε,
882 2773 1150 2842 ἐλέησόν
1171 2793 1270 2846 με,
1302 2777 1404 2832 καὶ
1440 2777 1802 2845 ἀνάστησόν
1841 2792 1940 2846 με,

344 2864 444 2918 καὶ
469 2865 888 2920 ἀνταποδώσω
913 2866 1142 2933 αὐτοῖς.
1177 2867 1251 2921 Τὸ
1306 2870 1403 2939 μὲν
1467 2869 1782 2936 Ἐλέησον,
1840 2869 1939 2924 καὶ

343 2957 732 3025 ἁνὰστησον,
765 2958 1240 3029 ἁνθρωποπρεπές
1269 2977 1284 2992 θ
1320 2961 1610 3032 ἄνθρωπος
1639 2961 1748 3032 γὰρ
1783 2979 1942 3030 γεγο-

345 3047 477 3112 νὼς,
511 3049 572 3102 ού
611 3052 913 3122 παρῃτεῖτο
941 3049 1040 3120 τὴν
1072 3054 1155 3116 είς
1179 3051 1313 3106 Θεὸν
1350 3053 1583 3114 ἱκεσίαν,
1619 3054 1647 3106 ὃ
1683 3054 1782 3124 τῆς
1841 3054 1942 3122 φύ-

352 3157 492 3201 σεως
527 3140 699 3193 ῖδιονο
736 3142 1090 3211 προσηύξατο
1140 3143 1251 3215 γὰρ
1285 3144 1572 3207 πολλάκις.
1603 3144 1677 3197 T6
1720 3145 1778 3198 δὲ
1820 3146 1939 3199 Ἀν-

350 3231 702 3295 ταποδῶσω,
770 3233 1096 3305 θεοπρεπὲς.
1175 3236 1553 3291 ’Λνταπέἓωκε
1610 3238 1668 3291 δὲ
1728 3238 1934 3301 αὐτοῖς,

356 3323 635 3392 παραδοὺς
675 3323 974 3394 Ῥωμαίοις

442 3595 544 3650 Ἐν
581 3597 778 3661 τούτῳ
803 3596 1015 3666 ἔγνων,
1052 3596 1142 3650 ὅτι
1167 3595 1499 3664 τεθέληκάς
1521 3614 1619 3667 με,
1648 3598 1739 3652 ὅτι
1759 3601 1833 3654 οὐ
1851 3600 1944 3671 Δμὴ

361 3687 618 3758 ἐπιχαρῆ
669 3690 702 3742 ὁ
741 3688 959 3757 ἐχθρός
977 3705 1099 3758 μου
1147 3689 1242 3744 ἐπ’
1294 3689 1419 3759 ἐμέ.
1463 3720 1534 3732 -
1584 3692 1941 3761 Τεθέληκας,

365 3779 484 3834 ἀντὶ
510 3780 604 3834 τοῦ
648 3781 974 3850 Ἠγᾶπησας
1006 3798 1018 3812 ο
1051 3782 1080 3834 ὃ
1114 3783 1223 3854 γᾶρ
1267 3801 1354 3851 τις
1376 3784 1587 3857 ἀγαπᾷ,
1637 3785 1798 3839 τοῦτο
1850 3786 1948 3840 καὶ

370 3870 534 3924 θέλει.
571 3871 662 3924 Ἑν
684 3872 884 3943 τούτῳ,
917 3875 1102 3944 φησιν,
1134 3875 1311 3942 ἔγνων
1357 3876 1438 3929 ὅτι
1501 3875 1798 3946 ἠγάπησάς
1853 3893 1944 3946 με,

368 3964 424 4014 ἐν
455 3963 531 4034 τῷ
561 3965 638 4034 μὴ
670 3966 1001 4038 ἐπιχαρῆναι
1023 3967 1117 4022 τὸν
1147 3967 1344 4038 ἐχθρόν
1375 3986 1476 4039 μου
1513 3970 1600 4023 ἐπ’
1663 3970 1786 4037 ἐμὲ,
1819 3987 1944 4023 του-

366 4057 548 4110 τέστιν
578 4061 636 4111 ὲν
666 4057 746 4130 τῷ
781 4059 1058 4129 ἀναζῆσαί
1093 4077 1183 4130 με,
1224 4061 1321 4115 καὶ
1354 4062 1413 4116 ὲν
1473 4061 1552 4133 τῷ
1602 4063 1945 4134 κηρυχθῆναι

367 4149 423 4201 τὸ
451 4151 624 4218 δνομά
657 4170 757 4221 μου
789 4154 870 4216 είς
890 4151 1019 4223 ὅλην
1048 4153 1147 4224 τὴν
1171 4154 1526 4226 οἰκουμένην,
1559 4153 1588 4207 ὃ
1627 4155 1772 4226 λύπη
1797 4156 1947 4208 ἐστὶν

367 4242 535 4310 αὐτῷ.
581 4243 818 4308 Ἐκεῖνος
847 4245 960 4316 γὰρ
997 4244 1172 4315 ζητεῖ,
1224 4245 1286 4300 τὸ
1346 4246 1641 4301 ἀποθανεῖν
1704 4265 1793 4318 με,
1852 4248 1948 4301 καὶ

366 4338 665 4393 ἀπολέσθαι
725 4340 786 4394 τὸ
847 4341 1020 4412 ὄνομά
1071 4359 1198 4412 μου.
1240 4343 1470 4416 Ἐχθρὸν
1512 4343 1570 4397 δὲ
1600 4343 1816 4416 νοήσεις
1852 4345 1950 4399 καὶ

370 4432 454 4484 τδν
488 4431 737 4486 διάϐολον
798 4432 895 4486 καὶ
933 4433 1024 4490 τὸν
1060 4435 1274 4492 Ἰούδαν.

453 4699 639 4770 Ἐμοῦ
693 4699 761 4753 δὲ
799 4699 894 4755 διὰ
945 4699 1061 4768 τὴν
1110 4703 1392 4769 ἀκακίαν,
1436 4703 1792 4760 ἀντελάὅου.
1836 4705 1950 4760 Καὶ⁹
1977 4667 2022 4722 D

370 4795 562 4859 ταῦτα,
590 4794 668 4855 ῶς
698 4794 807 4847 ἀπο
839 4795 934 4847 τοῦ
963 4795 1402 4866 προσλήμματος
1433 4811 1448 4827 ⁶
1499 4797 1742 4852 ἀκακίαν
1764 4797 1822 4850 δὲ
1861 4797 1951 4851 λέ-

369 4904 450 4953 {at
515 4887 618 4957 τὴν
676 4885 1026 4957 καθαρότητα
1054 4902 1068 4916 '
1124 4889 1406 4958 Ἀνομίαν
1437 4888 1567 4958 γὰρ,
1617 4889 1806 4960 φησὶν,
1838 4891 1953 4945 οὐκ

365 4981 640 5048 ἐποίησε.

440 5155 552 5210 Καὶ
585 5154 948 5221 ἐϐεϐαίωσὰς
964 5173 1042 5224 με
1066 5155 1323 5210 ἐνώπιόν
1347 5171 1466 5212 σου
1498 5159 1587 5224 εις
1605 5158 1711 5212 τὸν
1739 5160 1948 5227 αιῶνα,

364 5252 480 5304 Καὶ
508 5249 736 5321 ἴδρυσὰς
773 5267 840 5318 με
866 5250 1017 5321 παρὰ
1050 5251 1262 5321 σεαυτῷ
1284 5267 1300 5282 ⁸
1341 5250 1539 5305 Κάθου
1584 5253 1713 5322 γὰρ,
1765 5255 1953 5322 φησὶν,

364 5345 430 5397 ἐκ
453 5341 678 5407 δεξιῶν
695 5358 835 5410 μου,
863 5341 974 5408 ἕως
1005 5341 1082 5394 ἂν
1120 5339 1200 5396 θῶ
1225 5341 1364 5409 τοὺς
1393 5343 1638 5412 ἐχθρούς
1669 5360 1786 5398 σου
1811 5347 1958 5400 ὑπο·

364 5437 589 5491 πόδιον
613 5433 734 5488 τῶν
757 5435 962 5490 ποδῶν
985 5452 1122 5491 σου.

437 5531 795 5602 Εὐλογητὸς
846 5532 1060 5598 Κύριος
1109 5536 1142 5587 ό
1171 5531 1316 5598 Θεὸς
1380 5529 1632 5599 Ἰσραὴλ
1682 5531 1799 5586 ἀπὸ
1845 5531 1952 5586 τοῦ

384 5623 628 5689 ιιἰῶνος,
666 5622 768 5676 καὶ
820 5624 919 5691 εἰς.
965 5623 1074 5676 τὸν
1133 5622 1322 5677 αἰῶνα
1350 5639 1364 5654 ο
1406 5621 1658 5692 γένοιτο,
1703 5624 1956 5692 γένοιτο.

368 5717 804 5789 Προαγορεύσας
825 5717 853 5767 6
874 5715 1040 5769 Aa6i6
1069 5715 1136 5770 τὰ
1175 5715 1434 5786 ῥηθέντα,
1474 5716 1567 5769 καὶ
1598 5715 1695 5786 τὴν
1718 5717 1958 5786 ἄρρητον

434 5881 476 5910 ³³
516 5879 666 5936 Psal.
699 5895 812 5943 Ctx,
853 5882 898 5934 I.

2121 2773 2286 2830 Vsus.
2312 2775 2400 2831 il.
2443 2774 2519 2829 Tu
2544 2786 2742 2840 autem,
2775 2775 3016 2840 Domine,
3046 2776 3299 2831 miserere
3327 2777 3448 2842 mei,
3472 2789 3520 2833 et
3552 2793 3634 2832 re-

2043 2866 2248 2920 suscita
2278 2882 2383 2932 me,
2427 2875 2486 2922 et
2516 2869 2808 2922 retribuam
2851 2867 2946 2922 eis.
2997 2866 3156 2933 Quod
3189 2868 3264 2922 ait
3303 2867 3546 2923 Miserere
3576 2881 3632 2924 et

2045 2956 2352 3024 Resuscita,
2391 2967 2450 3012 ut
2485 2960 2553 3014 ab
2585 2960 2808 3015 homine
2840 2960 3049 3015 dictum
3097 2969 3202 3016 est.
3253 2959 3430 3017 Homo
3484 2962 3629 3016 enim

2047 3047 2307 3104 Christus
2334 3065 2463 3105 cum
2498 3060 2666 3115 esset,
2702 3066 2810 3106 non
2845 3053 3118 3107 recusavit
3148 3067 3338 3123 preces
3368 3053 3433 3107 ad
3461 3053 3627 3108 Deum

2049 3139 2316 3209 fundere;
2349 3144 2484 3213 quin
2523 3145 2636 3198 imo
2679 3145 2822 3214 quod
2874 3155 3084 3198 natura;
3131 3145 3384 3199 humanae
3412 3145 3632 3215 proprie

2046 3235 2325 3300 convenit,
2359 3250 2739 3304 sarpenutnero
2760 3235 2826 3289 ad
2860 3235 3030 3289 Deum
3061 3235 3275 3290 orabat.
3305 3234 3461 3301 Quod
3495 3251 3630 3290 vero

1967 3329 2016 3392 Ω
2047 3327 2143 3392 ait,
2201 3324 2534 3390 Retribuam,
2582 3327 2650 3380 ad
2677 3327 2825 3382 illius
2863 3327 3206 3382 divinitatem
3235 3329 3488 3396 pertinet.
3522 3325 3630 3383 lle-

2052 3419 2244 3474 tribuit
2270 3425 2452 3472 autem
2487 3419 2706 3488 quando
2735 3433 2831 3474 eos
2878 3419 3140 3474 Romanis
3180 3419 3490 3490 perdendos
3519 3429 3629 3475 tra-

2048 3509 2211 3566 didit.

2121 3601 2290 3657 Vsns.
2327 3601 2411 3656 12.
2443 3601 2509 3656 In
2545 3604 2642 3657 hoc
2678 3604 2918 3674 cognovi,
2972 3604 3224 3674 quoniam
3281 3603 3496 3658 voluisti
3525 3619 3626 3667 me,

2051 3697 2306 3762 quoniam
2363 3711 2469 3771 non
2529 3695 2779 3766 gaudebit
2837 3696 3085 3750 inimicus
3134 3711 3280 3750 meus
3333 3711 3491 3764 super
3523 3711 3624 3749 me.

2055 3785 2318 3848 Voluisti,
2352 3789 2457 3842 hoc
2487 3796 2594 3853 est,
2627 3787 2860 3843 Amasti.
2899 3786 3032 3841 Nam
3077 3787 3223 3857 quod
3279 3787 3404 3858 quis
3456 3793 3628 3848 amat,

2049 3877 2183 3932 illud
2208 3879 2372 3934 etiam
2405 3879 2608 3934 habere
2652 3880 2828 3949 cupit.
2914 3878 2972 3932 In
3023 3878 3129 3934 hoc
3182 3878 3412 3948 cognovi
3481 3879 3626 3946 quod

2046 3972 2246 4026 amasti
2313 3987 2399 4026 me
2437 4009 2454 4034 ,
2519 3972 2668 4040 quod
2725 3985 2832 4024 non
2898 3971 3121 4040 gavisus
3165 3976 3250 4024 est
3318 3983 3486 4038 super
3542 3984 3626 4022 me

2050 4062 2307 4118 inimicus
2333 4077 2492 4117 meus
2520 4062 2668 4132 quod
2694 4062 2960 4116 nimirum
2998 4060 3422 4124 resurrexerim,
3452 4059 3629 4128 quod-

2049 4166 2158 4223 que
2189 4165 2390 4207 nomen
2441 4167 2622 4208 meum
2679 4152 2733 4206 in
2778 4151 3041 4206 universo
3084 4152 3220 4206 orbe
3268 4151 3629 4221 praedicatum

2048 4247 2133 4295 est
2172 4255 2341 4310 :quae
2385 4255 2478 4296 res
2523 4239 2763 4295 inimicis
2811 4239 2952 4303 meis
2991 4240 3232 4294 maximo
3282 4239 3388 4293 l‘uit
3427 4237 3626 4293 dolori.

2051 4333 2389 4400 Quaerebam
2455 4331 2606 4388 enim
2654 4341 2714 4386 ut
2764 4346 3034 4396 morerer,
3076 4339 3134 4386 et
3181 4345 3381 4385 nomen
3443 4345 3628 4386 meum

2050 4440 2283 4497 prorsus
2328 4425 2602 4479 interiret.
2632 4424 2794 4480 Potes
2845 4423 3012 4479 etiam
3059 4438 3156 4494 per
3206 4422 3492 4478 inimicum
3541 4421 3628 4475 vel

2051 4517 2399 4583 daemonem,
2450 4516 2535 4572 vel
2605 4516 2784 4586 ipsum
2838 4514 3037 4571 Judam
3091 4515 3351 4586 privatim
3411 4513 3632 4569 intelli-

2049 4625 2198 4682 gere.
3191 4671 3194 4674 .

2125 4703 2294 4760 Vsus.
2320 4704 2410 4759 15.
2445 4703 2529 4758 ιιι
2547 4712 2721 4758 autem
2743 4712 2954 4772 propter
2969 4702 3327 4756 innocentiam
3352 4700 3628 4770 adjuvisti.

2054 4793 2184 4850 Haec
2233 4796 2402 4851 verba
2434 4795 2600 4851 simili
2630 4795 2796 4850 modo
2823 4795 2895 4850 ab
2921 4802 3208 4863 assumpta
3257 4807 3426 4848 carne
3481 4791 3626 4846 dicta

2052 4897 2203 4944 sunt.
2225 4887 2332 4944 Per
2352 4887 2728 4944 innocentiam
2761 4896 2942 4944 autem
2973 4885 3324 4950 munditiam,
3345 4893 3400 4940 et
3421 4884 3633 4954 purita-

2053 4988 2162 5036 tem
2220 4979 2478 5051 intelligit
2533 4997 2548 5034 :
2613 4979 2964 5050 Iniquitalent
3021 4977 3205 5044 enim,
3273 4976 3484 5047 inquit,
3526 4989 3628 5028 non

2049 5073 2195 5142 fecit.

2130 5165 2196 5219 Et
2244 5165 2474 5234 ﬁrmasti
2512 5181 2591 5219 me
2620 5166 2675 5219 in
2718 5174 2996 5231 conspectu
3028 5172 3116 5216 tuo
3153 5163 3208 5214 in
3259 5159 3528 5215 sazculum.
3562 5158 3629 5210 Et

2053 5257 2338 5320 stabilisti,
2373 5256 2572 5326 inquit,
2598 5271 2686 5312 me
2717 5270 2885 5325 penes
2910 5262 3000 5319 te;
3022 5253 3183 5321 juxta
3221 5250 3354 5304 illud
3393 5266 3406 5302 :
3435 5246 3568 5302 Sede
3593 5264 3627 5297 a

2055 5349 2254 5402 dextris
2290 5349 2442 5412 meis,
2483 5347 2827 5420 quoadusque
2856 5359 3050 5414 ponam
3077 5342 3317 5396 inimicos
3345 5345 3464 5394 tuos
3489 5352 3622 5407 sup-

2052 5441 2346 5511 pedaneum
2373 5440 2564 5508 pedum
2588 5450 2802 5495 tuorum
2824 5439 2890 5492 ³³.
3359 5477 3366 5483 .

2132 5534 2300 5588 Vens.
2330 5533 2419 5588 14.
2449 5531 2760 5586 Benedictus
2791 5527 3044 5582 Dominus
3077 5523 3212 5577 Deus
3246 5519 3418 5574 Israel
3455 5535 3487 5571 a
3517 5533 3621 5572 sa:-

2060 5625 2199 5688 culo,
2223 5633 2272 5678 et
2303 5625 2358 5678 in
2387 5624 2642 5678 statutum
2677 5639 2696 5676 :
2726 5620 2844 5689 fiat,
2893 5616 3010 5686 ﬁat.
3039 5613 3175 5669 Cum
3219 5625 3340 5683 qua:
3385 5609 3624 5665 diximus

2063 5715 2248 5772 omnia
2296 5713 2608 5784 praedixerit
2640 5712 2832 5766 beatus
2884 5705 3069 5768 David,
3123 5711 3178 5758 et
3229 5713 3500 5756 summam
3529 5696 3623 5751 Dei
