4120 6426
397 5794 411 5871 ἒ

504 417 610 483 467

1706 433 2088 498 EUTHYMII
2127 440 2489 503 ZIGABENI

505 532 947 591 misericordiam
980 551 1046 592 ac
1091 538 1424 623 inell'abilem
1476 544 1773 611 quamdam
1804 548 1922 617 ejus
1952 564 2073 607 coni

2194 558 2612 624 συγκατδῶασιν
2637 561 2734 613 καὶ
2757 559 3172 632 φιλανθρωπίαν
3209 561 3303 616 τοῦ
3354 564 3610 634 Σωτῆρος
3637 567 3771 619 ἀπο*

504 625 947 697 descensionem,
989 632 1160 688 multa
1195 648 1320 689 cum
1348 637 1708 695 admiratione
1741 645 2078 708 narraverit,

504 710 768 782 hymnum
806 716 1092 790 deinceps,
1148 730 1204 777 et
1266 722 1486 780 laudem
1538 728 1587 782 ei
1634 731 1786 785 canit
1835 732 2082 790 dicens:

499 800 834 861 Laudandus
860 819 946 864 est
968 809 1114 868 Deus
1141 815 1255 869 veri
1286 815 1528 887 lsraelis,
1559 820 1666 877 hoc
1696 833 1803 888 est,
1838 825 2082 882 ﬁdelium

500 894 668 962 Deus,
727 903 1197 968 quemadmodum
1262 908 1317 963 in
1369 927 1462 966 xxi
1518 914 1728 982 psalmo
1780 918 2083 974 declaravi-

498 1000 641 1055 mus,
683 1004 1029 1060 exponentes
1073 1000 1409 1058 versiculum
1468 1005 1620 1059 illmn
1662 1026 1675 1063 :
1712 1007 1917 1064 Timent
1959 1029 2080 1067 eum

495 1094 650 1133 autne
687 1097 864 1137 semen
895 1083 1093 1143 Israel.
1134 1089 1467 1152 Laudandus
1505 1106 1686 1152 autem
1734 1101 1805 1156 ab
1841 1101 1946 1158 hoc
1977 1120 2082 1160 sa:-

492 1168 623 1223 culo
654 1185 834 1242 usque
860 1175 930 1230 ad
964 1177 1233 1236 futurum.
1270 1183 1350 1239 Ac
1391 1185 1612 1243 deruunt
1644 1200 1784 1257 orat,
1822 1202 1879 1248 et
1935 1197 2079 1252 votis

492 1262 753 1319 omnibus
788 1269 972 1335 poscit
1003 1270 1245 1328 futuram
1289 1276 1432 1332 hanc
1477 1278 1692 1336 Domini
1745 1283 2081 1343 incarnatio-

492 1365 643 1418 nem,
673 1355 740 1411 de
766 1374 873 1428 qua
896 1376 1062 1432 supra
1090 1365 1306 1423 locutus
1334 1379 1439 1435 est,
1463 1387 1627 1441 quam
1657 1375 1910 1433 celeriter
1934 1378 2077 1448 ﬁeri,

2196 648 2504 718 θαυμάσας,
2538 650 2708 722 ὕμνον
2738 652 2888 723 αὐτῷ
2925 653 3219 724 σχεδιάζει,
3251 655 3427 722 λέγων
3469 672 3484 687 ο
3516 659 3771 732 Εὐφημη-

2193 742 2316 807 τέος
2353 743 2382 797 ὁ
2416 743 2548 807 Θεὸς
2583 743 2678 799 τοῦ
2734 745 2943 816 κυρίως
2987 745 3225 817 Ἰσραὴλ,
3260 750 3289 802 ὃ
3328 750 3466 814 ἐστι,
3532 751 3643 804 τῶν
3692 771 3771 806 πι-

2196 835 2365 898 στῶν,
2398 834 2474 898 ὡς
2506 837 2566 889 ὲν
2588 835 2666 907 τῷ
2696 843 2782 891 κα’
2807 836 3010 908 ψαλμῷ
3040 838 3257 911 προέφὴ
3268 859 3389 909 μεν,
3446 844 3771 912 ἑρμηνεύονο

2192 941 2283 987 τες
2312 923 2375 978 τό
2409 941 2423 955 ·
2466 928 2786 995 Φοϐηθήτω
2812 928 2888 996 δὴ
2916 929 3020 984 ἀπ’
3046 931 3233 986 αὐτοῦ
3259 931 3423 986 ἅπαν
3449 936 3514 985 τὸ
3538 934 3773 1001 σπέρμα

2202 1016 2455 1084 Ἰσραήλ
2475 1034 2489 1046 ·
2542 1020 2650 1073 ἀπὸ
2677 1020 2735 1073 δὲ
2764 1021 2858 1074 τοῦ
2882 1021 2978 1075 νῦν
3011 1023 3212 1085 αἰῶνος
3235 1024 3332 1076 καὶ
3362 1023 3489 1094 ἄχρι
3525 1026 3620 1077 τοῦ
3648 1026 3772 1095 μέλ-

2186 1109 2394 1176 λοντος.
2431 1109 2566 1167 Εἶτα
2598 1115 2890 1187 ἐπεύχεται
2939 1117 3170 1185 ταχῦναι
3221 1117 3316 1170 τοῦ
3367 1118 3639 1171 Δεσπότου
3674 1118 3775 1186 τὴν

2185 1205 2625 1277 ὲνανθρὼπησιν,
2686 1210 2744 1263 ὲν
2801 1208 2879 1281 τῷ
2917 1211 3125 1275 εἰπεῖν,
3190 1211 3458 1277 Γένοιτο,
3517 1212 3773 1280 γένοιτο.

2187 1296 2406 1351 Νοεῖται
2429 1299 2485 1353 δὲ
2510 1300 2583 1355 τὰ
2603 1302 2868 1369 ρηθέντα
2903 1317 2915 1331 ·
2945 1304 3203 1358 ἐπίτασιν
3222 1303 3277 1358 δὲ
3310 1305 3474 1375 εὐχῆς
3532 1306 3561 1358 ὁ
3582 1304 3771 1359 διπλα-

2190 1387 2419 1458 σιασμὸς
2448 1390 2542 1443 τοῦ
2573 1391 2821 1448 Γένοιτυ
2851 1397 3113 1468 παριστᾷ.

488 1443 679 1501 dicens
724 1467 738 1504 :
774 1449 925 1518 Fiat,
964 1455 1083 1519 ﬁat.
1119 1455 1486 1532 intelligimus
1544 1466 1690 1521 enim
1737 1443 2073 1540 Prophetam
2110 1484 2304 1548 optare
2323 1443 2584 1553 .id'quod
2618 1486 2873 1557 superius
2930 1443 3090 1543 dixit:
3166 1488 3261 1543 illa
3326 1498 3509 1544 autem
3568 1489 3771 1558 repeti-

489 1538 570 1594 tio
620 1544 797 1609 verbi,
870 1545 1019 1615 Fiat,
1082 1555 1353 1612 orationis
1415 1560 1783 1620 intensionetn
1839 1568 2206 1632 demonstrat.

700 1637 770 1692 In
809 1642 969 1711 ﬁnem
1006 1646 1061 1699 in
1094 1648 1508 1721 intelligentiam
1545 1657 1676 1725 ﬁliis
1705 1658 1858 1716 Core.

1021 1738 1345 1800 PSALMUS
1394 1744 1531 1802 XLI.

558 1820 635 1878 De
666 1824 791 1883 liliis
831 1828 972 1886 Core
1019 1833 1261 1892 diximus
1316 1838 1370 1893 in
1428 1839 1705 1899 Prommio
1743 1851 1950 1916 operis.
2010 1850 2076 1908 In

485 1912 642 1979 ﬁnem
670 1916 1001 1977 inscribitur
1030 1936 1257 1996 propter
1301 1932 1640 2001 prophetias,
1674 1912 1798 2007 qua;
1827 1939 1917 1995 hic
1938 1957 2076 1999 con-

486 2004 754 2071 tinentur,
791 2022 846 2067 et
883 2015 949 2069 ad
984 2015 1145 2073 ﬁnem
1204 2022 1527 2081 tendebant.
1568 2004 1709 2083 Cum
1745 2032 1890 2089 enim
1921 2035 2071 2093 futu-

486 2112 610 2152 rum
644 2114 813 2167 esset,
846 2113 903 2158 ut
947 2106 1303 2168 llcbrmorum
1340 2118 1578 2187 populus
1612 2121 1684 2175 ob
1713 2128 1931 2195 propria
1974 2130 2074 2187 de-

486 2188 612 2246 licta
650 2194 717 2248 ab
746 2196 989 2268 Assyriis
1018 2201 1069 2255 in
1102 2203 1432 2277 Babylonem
1466 2188 1727 2281 captivus
1753 2188 2070 2286 duceretur,

485 2282 573 2337 ubi
601 2300 705 2339 ιιι
730 2289 897 2345 annis
922 2291 1182 2350 detentus
1215 2305 1319 2360 est,
1359 2301 1667 2368 pnevidens
1737 2306 1842 2361 hoc
1872 2282 2069 2366 beatus

483 2373 680 2438 David,
721 2387 909 2449 utpote
948 2385 1278 2455 prophetico
1342 2390 1557 2448 adlatus
1611 2397 1833 2467 spiritu,
1889 2401 1962 2472 pii
2009 2418 2073 2458 ac

483 2465 724 2537 religiosi
763 2473 1148 2546 cujuscunque
1184 2477 1359 2535 Judaei
1413 2482 1468 2536 in
1517 2465 1840 2555 captivitate
1868 2465 2073 2562 degen-

483 2558 554 2613 tis
608 2574 904 2627 personam
965 2568 1156 2635 sumit,
1195 2570 1251 2624 in
1289 2576 1548 2642 praesenti
1587 2581 1823 2645 psalmo,
1893 2558 2068 2639 veluti

483 2650 746 2716 Danielis,
783 2653 1103 2723 Ezechielis,
1140 2661 1306 2717 trium
1334 2681 1656 2736 puerorum.
1690 2683 1747 2727 et
1774 2674 2062 2745 similium,

483 2747 536 2794 et
562 2753 749 2799 narrat
772 2762 892 2817 qure
921 2758 1051 2805 tunc
1074 2757 1344 2825 temporis
1380 2762 1725 2832 contigerint.
1794 2765 1862 2821 In
1913 2769 2071 2826 intel-

482 2831 757 2900 ligentiam
785 2851 917 2892 vero
958 2839 1120 2907 dixit,
1150 2843 1435 2914 judicans,
1462 2852 1610 2920 quod
1647 2854 1741 2924 qui
1776 2856 1919 2913 inter
1946 2860 2069 2919 illos

484 2922 680 2992 majori
707 2938 863 2982 erant
896 2931 1107 2999 praediti
1136 2934 1523 3009 intelligentia,
1558 2922 1694 3009 haec,
1743 2957 1840 3003 aut
1874 2950 2070 3022 hujus-

482 3015 628 3069 modi
672 3019 838 3075 verba
862 3021 932 3078 ad
969 3023 1137 3080 Deum
1171 3028 1508 3089 clamabant.
1564 3036 1678 3101 Vel,
1734 3055 1799 3095 ea
1831 3015 2065 3112 ratione,

484 3110 610 3176 quia
651 3112 717 3166 ad
749 3114 1163 3186 percipiendum
1191 3122 1361 3179 totius
1391 3126 1589 3194 psalmi
1623 3145 1872 3201 sensum,
1896 3139 2065 3192 multa

485 3203 673 3257 lectori
708 3221 846 3275 opus
878 3218 963 3265 est
1002 3210 1386 3285 intelligentia.

561 3297 724 3354 Vens.
754 3300 812 3357 2.
845 3301 1311 3369 Quemadmodum
1343 3312 1613 3369 desiderat
1668 3333 1822 3372 cerva
1852 3320 1922 3373 ad
1948 3321 2070 3389 [on-

483 3396 557 3444 tes
592 3406 876 3459 aquarum,
905 3394 983 3449 ita
1015 3395 1285 3454 desiderat
1317 3404 1501 3459 anima
1528 3423 1640 3462 mea
1669 3410 1739 3463 ad
1790 3419 1864 3474 te,
1903 3409 2067 3467 Deus.

481 3479 743 3537 Ardentis
804 3484 1067 3542 desiderii
1111 3489 1518 3547 vehementiam
1555 3499 1847 3555 ostendere
1880 3502 2071 3557 volens

482 3570 782 3641 Propheta,
833 3592 1056 3635 cervam
1092 3596 1374 3653 perquam
1397 3585 1736 3645 sitibundam
1790 3593 1845 3647 in
1879 3610 2066 3671 exem-

481 3662 632 3732 plum
666 3669 937 3736 sumpsit;
987 3687 1111 3741 qua;
1135 3689 1260 3729 eum
1290 3686 1346 3731 et
1374 3688 1569 3749 suapte
1611 3694 1809 3739 natura
1839 3662 2064 3744 calidis-

480 3753 620 3809 sima
648 3756 742 3823 sit,
766 3770 823 3813 et
852 3762 1127 3829 reptilium
1162 3779 1227 3820 ac
1260 3778 1585 3839 serpentum
1619 3773 1905 3839 carnibus,
1940 3780 2067 3848 qui-

479 3850 586 3905 bus
615 3850 759 3907 vesci
800 3853 961 3920 solet,
995 3857 1172 3928 magis
1203 3860 1369 3914 etiam
1399 3862 1755 3932 incendatur,
1792 3883 2062 3938 aquarum

479 3940 663 3998 fontes
698 3960 861 4014 quam
898 3948 1137 4005 maxime
1165 3961 1337 4019 amat,
1396 3964 1452 4009 et
1502 3957 1652 4011 circa
1710 3973 1809 4016 eos
1844 3976 2065 4031 semper

477 4036 682 4091 versari
714 4039 884 4107 cupit.
927 4039 1249 4100 Desiderare
1281 4053 1466 4102 autem
1502 4050 1591 4104 hic
1624 4052 1804 4120 posuit
1831 4068 1932 4122 pro
1961 4054 2067 4109 Fe-

2284 1676 2388 1743 Εἱς
2422 1675 2489 1730 τὸ
2519 1677 2696 1746 τέλος
2723 1681 2809 1745 εἰς
2846 1680 3108 1736 σύνεσιν
3145 1680 3269 1748 τοῖς
3294 1683 3449 1748 υἱοῖς
3490 1683 3657 1752 Κορέ.

2722 1773 3017 1826 ΨΑΛΜΟΣ
3063 1775 3201 1829 MA'.

2112 1842 2151 1899 Β
2252 1864 2396 1936 Περὶ
2430 1867 2529 1935 μὲν
2552 1864 2662 1919 τῶν
2694 1866 2830 1919 υἱῶν
2893 1868 3060 1938 Κορὲ,
3103 1869 3521 1939 προειρήκαμεν
3577 1871 3633 1923 ὲν
3689 1869 3770 1939 τῷ

2179 1956 2456 2028 προοιμίῳ
2491 1957 2591 2027 τῆς
2617 1959 2903 2029 παρούσης
2936 1959 3144 2030 βίϐλου.
3201 1964 3306 2026 Εἰς
3361 1961 3429 2014 τὸ
3491 1961 3667 2027 τέλος
3708 1962 3769 2015 δὲ

2177 2049 2619 2119 ἐπιγέγραπται,
2666 2050 2753 2105 διὰ
2802 2051 2902 2116 τὰς
2960 2054 3020 2106 ἐν
3061 2052 3238 2123 τούτῳ
3293 2055 3651 2123 προφητείας,
3687 2055 3771 2114 εἰς

2160 2140 2328 2204 τέλος
2388 2141 2777 2213 ὲπειγομένας.
2835 2143 2990 2196 Ἐπεὶ
3052 2144 3161 2212 γὰρ
3226 2143 3454 2212 ἔμελλον
3522 2145 3769 2213 Ἑϐραῖοι

2175 2234 2388 2306 χρόνοις
2411 2234 2639 2306 ὕστερον
2661 2236 2812 2305 παρὰ
2835 2236 3199 2290 Βαϐυλωνίων
3223 2238 3766 2308 αἰχμαλωτισοῆναι,

2173 2327 2262 2381 διὰ
2289 2326 2388 2391 τὰς
2424 2329 2659 2396 ἀνομίας
2687 2327 2891 2394 αὐτῶν,
2928 2328 3024 2382 κα)⁵
3046 2328 3334 2396 διαγαγεῖν
3384 2328 3767 2400 ἐϐδομήκοντα

2175 2421 2271 2490 ἔτη
2302 2422 2361 2474 ἐν
2423 2419 2756 2486 Βαϐυλῶνι,
2819 2419 3072 2490 κινηθεὶς
3135 2420 3240 2473 ὑπὸ
3293 2418 3387 2472 τοῦ
3451 2421 3765 2488 διορατικοῦ

2176 2513 2488 2582 πνεύματος
2529 2513 2556 2565 (ι
2614 2512 2802 2576 Δαϐὶδ,
2851 2512 3114 2565 ἀνέλαϐεν
3172 2513 3470 2585 πρόσωπον
3530 2513 3761 2566 ἑκάστου

2175 2604 2286 2656 τῶν
2325 2603 2734 2677 εὐσεϐεστέρων
2773 2604 2831 2656 ὲν
2879 2606 2994 2668 τοῖς
3048 2605 3442 2675 αἰχμαλώτοις,
3496 2600 3602 2658 οἷον
3658 2603 3755 2656 τοῦ

2174 2695 2394 2765 Δανιὴλ,
2423 2695 2516 2750 τοῦ
2571 2695 2855 2767 Ἰεζεκιὴλ,
2887 2697 2996 2751 τῶν
3021 2698 3188 2767 τριῶν
3227 2698 3455 2760 παίδων,
3501 2697 3594 2749 καὶ
3649 2696 3755 2749 τῶν

2174 2788 2456 2850 τοιούτων,
2489 2789 2584 2843 καὶ
2614 2790 2681 2843 τὰ
2713 2790 3062 2862 προκείμενα
3113 2790 3374 2855 διέξεισι-
3436 2790 3495 2842 τὸ
3544 2790 3619 2852 δὲ,
3658 2792 3762 2855 Εἰς

2172 2884 2454 2947 σύνεσιν,
2475 2884 2788 2955 πρόκειται,
2813 2885 3105 2951 διδάσκων,
3135 2886 3217 2938 ὅτι
3245 2884 3586 2947 συνετισθεὶς
3634 2886 3763 2937 ἕκα-

2174 2993 2300 3041 στος
2347 2976 2552 3041 αὐτῶν,
2589 2976 2762 3030 ταῦτα
2815 2976 2946 3029 ἐϐόα
2998 2976 3137 3046 πρὸς
3184 2977 3361 3030 Θεὸν·
3409 2975 3551 3048 ῆότι
3600 2975 3765 3047 χρεία

2176 3070 2446 3133 συνέσεως
2477 3073 2589 3133 τοῖς
2626 3070 3071 3139 ἀναγινώσκουσι
3093 3068 3292 3125 ταῦτα.

2248 3320 2352 3372 Ὃν
2379 3317 2607 3386 τρόπον
2636 3316 2915 3373 ἐπιποθεῖ
2938 3319 2976 3387 ἡ
3002 3318 3234 3388 ἔλαφος
3257 3317 3354 3371 ἐπὶ
3398 3316 3506 3384 τὰς
3560 3317 3765 3388 πηγὰς

2167 3408 2290 3463 τῶν
2316 3408 2574 3475 ὑδάτων,
2600 3410 2790 3475 οὕτως
2822 3409 3099 3464 ἐπιποθεῖ
3147 3412 3185 3479 ἠ
3237 3409 3408 3480 ψυχή
3447 3428 3565 3479 μου
3608 3409 3765 3478 πρὸς

2169 3500 2266 3565 σὲ,
2291 3504 2324 3556 ὁ
2345 3503 2512 3568 Θεός.
2562 3502 2636 3554 Τὸ
2677 3500 2912 3573 σφοδρὸν
2947 3502 3047 3571 τῆς
3078 3501 3378 3572 ἐπιθυμίας
3403 3505 3762 3573 παραστῆσαι

2173 3591 2523 3663 βουλόμενος,
2550 3592 2911 3665 παράδειγμα
2955 3592 3058 3661 τὴν
3087 3586 3534 3663 διψητικωτάτην
3561 3591 3763 3659 ἔλαφον

2174 3683 2391 3736 ἐλαϐεν.
2423 3681 2577 3749 Αὕτη
2601 3682 2711 3754 γὰρ
2743 3681 2905 3753 φύσει
2937 3677 3073 3736 οὖσα
3125 3682 3327 3755 Θερμὴ,
3386 3683 3482 3737 καὶ
3555 3683 3764 3752 μᾶὶλον

2174 3774 2511 3846 ἐκκαιομένη
2542 3777 2665 3839 ταῖς
2701 3774 2864 3845 σαρξὶ
2898 3775 3008 3830 τῶν
3036 3775 3235 3845 ὄφεων,
3274 3776 3370 3839 οὓς
3400 3776 3487 3829 ἀεὶ
3550 3773 3766 3843 λαφύσ-

2174 3885 2278 3936 σει,
2333 3869 2579 3941 σφοδρὸν,
2609 3869 2724 3940 ἔχει
2771 3870 2883 3925 τῶν
2927 3871 3121 3941 πηγῶν
3185 3870 3279 3924 τὸν
3334 3869 3537 3940 ἔρωτα.
3594 3870 3667 3922 Τὸ
3701 3869 3764 3922 δὲ

2171 3964 2502 4025 Ἐπιποθεῖ.
2560 3967 2818 4035 σημαίνει
2873 3965 2935 4019 τὸ
2988 3966 3239 4031 Σπεύδει,
3300 3965 3396 4020 καὶ⁵
3450 3964 3761 4032 ἐπείγεται,

2170 4055 2314 4108 κατὰ
2341 4055 2434 4109 τὸν
2480 4056 2717 4111 Ἀκύλαν
2752 4073 2767 4089 ·
2794 4058 2950 4127 Πρὸς
2971 4057 3048 4112 σὲ
3076 4057 3155 4125 δὲ,
3175 4057 3422 4128 δηλονότι
3453 4057 3544 4111 τὸν
3572 4074 3765 4111 κατοι-

475 4127 724 4195 stinare;
768 4129 835 4185 Et
868 4132 939 4186 ita
969 4130 1172 4204 Aquila
1221 4136 1490 4193 reddidit.
1535 4140 1600 4194 Et
1633 4143 1782 4212 quod
1815 4144 1895 4199 ait
1923 4163 1936 4200 :
1975 4143 2067 4198 Ita

2176 4146 2371 4202 κοῦντα
2407 4148 2477 4202 τὰ
2499 4149 2559 4203 ὲν
2594 4150 2992 4222 Ἰερουσαλήμ·
3041 4150 3100 4203 ὲν
3156 4127 3442 4203 Βαϐυλῶνι
3492 4150 3600 4221 γὰρ
3653 4151 3760 4203 οὐκ

475 4218 745 4276 desiderat
774 4225 957 4279 anima
990 4242 1106 4281 mea
1135 4227 1205 4281 ad
1239 4237 1306 4295 te,
1352 4230 1599 4300 inquam,
1632 4233 1971 4292 habitantem
2007 4238 2062 4294 in

2176 4239 2338 4311 ᾤοντο
2372 4238 2517 4296 εἶναι
2547 4218 2736 4310 αὑτδν,
2785 4218 3019 4313 suam
3080 4241 3182 4312 τῆς
3235 4241 3422 4313 χώρας
3469 4218 3759 4295 εἰδωλολα-

473 4309 805 4369 Jerusalem.
841 4314 1079 4373 Putabat
1120 4319 1265 4374 enim
1305 4322 1543 4391 populus
1576 4326 1671 4393 qui
1697 4326 1752 4379 in
1785 4324 2062 4397 Babylone
2162 4309 2369 4404 τρειαν.

473 4410 615 4468 erat,
647 4419 708 4461 se
731 4405 919 4461 divina
942 4409 1381 4477 praesentiaillic
1414 4412 1540 4468 ideo
1570 4412 1678 4469 l‘rui
1717 4430 1829 4471 non
1904 4434 2093 4489 posse,
2135 4422 2284 4493 quia,
2326 4426 2481 4496 regio
2535 4427 2625 4482 illa
2676 4410 2932 4485 universa
2990 4430 3259 4486 idolorum
3348 4428 3519 4485 cultui
3568 4429 3760 4485 deser-

474 4497 638 4551 viret.

549 4590 715 4645 Vsus.
746 4591 800 4645 ’5.
840 4590 1020 4647 Sitivit
1050 4594 1232 4649 anima
1266 4613 1383 4653 mea
1423 4601 1495 4655 ad
1533 4601 1701 4657 Deum
1735 4605 1931 4675 fortem
1985 4607 2063 4661 υἱ·
2097 4610 2142 4665 D

477 4691 699 4738 ventem.
754 4682 958 4753 Sitivit,
994 4686 1045 4742 id
1081 4696 1186 4756 est,
1214 4688 1384 4747 Valde
1417 4697 1757 4768 concupivit.
1791 4699 1869 4754 lla
1905 4700 2067 4756 undi-

480 4789 593 4844 que
621 4774 884 4832 desiderii
936 4779 1189 4835 ardorem
1231 4786 1493 4842 ostendit.
1534 4787 1757 4845 Fortem
1793 4799 1979 4847 autem
2010 4799 2067 4847 et

2254 4609 2586 4678 Ἐδίψησεν
2624 4610 2663 4678 ἠ
2712 4612 2885 4681 ψυχή
2942 4630 3062 4683 μου
3101 4612 3252 4681 πρὸς
3307 4614 3416 4667 τὸν
3463 4614 3614 4668 Θεὸν
3650 4616 3766 4669 τεν

2169 4702 2447 4770 ἰσχυρὸν,
2504 4702 2616 4756 τὸν
2663 4702 2871 4765 ζῶντα.
2935 4734 3008 4745 —
3064 4704 3421 4775 Ἐδίψησεν,
3483 4705 3608 4760 ἀντὶ
3634 4706 3757 4773 τοῦ,

2182 4795 2635 4868 Ἐπιθυμητικῶς
2652 4797 2779 4869 ἔσχε
2805 4813 2819 4829 ⁸
2837 4797 2901 4851 τὸ
2923 4798 3035 4869 γὰρ
3066 4798 3294 4861 διακαὲς
3316 4800 3416 4867 τῆς
3454 4799 3762 4868 ἐπιθυμίας

478 4865 753 4922 virentem
780 4867 953 4926 Deum
985 4874 1227 4943 appellat
1278 4888 1501 4949 propter
1527 4880 1777 4939 inﬁrmos
1814 4899 1880 4938 ac
1914 4899 2066 4940 mor-

2176 4890 2199 4959 i)
2236 4865 2666 4959 λέξιςὲμφαίνει
2696 4865 2970 4962 σ”ἰσχυρδν
2999 4865 3055 4946 δὲ
3086 4891 3182 4946 καὶ
3235 4865 3413 4955 ζῶντα
3448 4891 3599 4959 λέγει
3625 4865 3634 4868 1
3662 4891 3759 4945 τὸν

474 4966 603 5013 tuos
661 4959 954 5032 Babylonis
1017 4963 1174 5022 deos.
1223 4965 1457 5034 Quidam
1508 4987 1574 5027 ex
1629 4975 1733 5028 hoc
1790 4974 2065 5031 versiculo

2176 4981 2323 5045 θεὸν,
2352 4982 2441 5036 διὰ
2472 4984 2600 5046 τοὺς
2626 4982 2877 5047 ἀσθενεῖς
2911 4985 3006 5038 καὶ
3031 4984 3261 5053 νεκροὺς
3307 4983 3467 5046 θεοὺς
3495 4982 3606 5036 τῶν
3639 4981 3756 5035 Βα-

475 5059 758 5121 sumptum
789 5068 913 5111 esse
944 5055 1139 5112 dicunt
1176 5058 1441 5131 hymnum
1481 5062 1658 5130 illum,
1700 5081 1864 5135 quem
1891 5064 2063 5123 Grzeci

2176 5072 2472 5130 ϐυλωνξων.
2500 5076 2658 5140 Τινὲς
2691 5076 2751 5129 δέ
2786 5094 2953 5146 φασιν
2979 5076 3236 5132 ἐντεῦθεν
3280 5075 3616 5147 πεποιῆσθαι
3661 5076 3758 5130 τὸν

476 5139 772 5213 Trisagion
817 5154 1021 5201 vocant
1067 5146 1219 5221 [quo
1278 5150 1507 5207 laudare
1566 5154 1811 5210 solemus
1872 5157 2064 5224 Deum,

2176 5165 2340 5235 ὕμνον
2369 5167 2463 5221 τοῦ
2496 5139 2814 5239 Τρισαγίουι

474 5233 724 5291 dicentes
752 5252 767 5291 :
800 5234 1030 5294 Sanctus
1057 5239 1219 5308 Deus,
1244 5250 1464 5298 sanctus
1495 5244 1678 5314 fortis,
1710 5258 1928 5303 sanctus
1963 5251 2067 5303 im-

472 5326 774 5399 mortalis.]

547 5417 776 5485 Quando
830 5423 1060 5486 veniant,
1092 5433 1143 5478 et
1185 5427 1446 5494 apparebo
1500 5437 1627 5483 ante
1679 5431 1873 5499 [aciem
1916 5433 2010 5488 Dei
2040 5436 2065 5488 ?

2236 5438 2389 5493 Πότε
2444 5439 2572 5505 ἥξω
2618 5440 2716 5494 καὶ
2761 5440 3101 5512 ὀφθήσομαι
3161 5441 3241 5508 τῷ
3298 5442 3598 5512 προσώπῳ
3648 5444 3758 5499 τοῦ

473 5506 614 5579 [Hoc
635 5519 742 5580 est,
770 5523 897 5569 ante
929 5515 1110 5584 ipsum
1138 5514 1361 5589 Deum.]
1389 5517 1851 5591 Conrupisceutis
1876 5538 2059 5580 sermo

2181 5530 2371 5595 88017;
2414 5506 2843 5602 Ίῧπιουμοῠντος
2874 5506 2911 5587 ὀἾ
2939 5506 3100 5603 λϐγος
3130 5551 3146 5567 ο
3176 5506 3353 5597 Πότε,⁷
3405 5506 3592 5606 φησὶν,
3635 5535 3757 5606 ἥξω

472 5612 562 5655 est
593 5621 607 5659 :
643 5604 897 5671 Quando,
930 5607 1129 5678 inquit,
1168 5611 1383 5666 veniam
1415 5613 1481 5667 ad
1513 5621 1565 5671 te
1586 5615 1640 5669 in
1664 5612 1970 5672 Jerusalem
2004 5627 2061 5673 et

2176 5622 2309 5688 πρὸς
2384 5623 2442 5675 σὲ
2495 5622 2608 5695 (5i)
2656 5625 2713 5677 ἐν
2778 5624 3160 5698 Ἰερουσαλὴμ.
3196 5626 3292 5682 καὶ
3324 5604 3757 5704 ὀφθήσομαιὴτῷ

1801 5801 1995 5863 Varite
2039 5799 2371 5869 lectiones.

410 5882 441 5978 ἰ)
549 5884 664 5956 (51)
689 5887 777 5941 Al.
805 5885 875 5941 Ὦ
908 5891 1288 5963 Ἰερουσαλήμ.
