4120 6458
433 466 546 529 4m

1607 464 1754 524 COM
1766 463 1993 524 MENT.
2031 464 2114 525 IN
2148 462 2512 528 PSALMOS.

3596 474 3705 537 470

430 578 718 651 προσώπῳ
746 577 843 633 τοῦ
875 576 1050 643 Θεοῦ;
1089 575 1391 642 τουτέστιν,
1422 575 1498 647 τῷ
1532 576 1687 646 Θεῷ,
1719 577 1864 631 κατὰ
1930 595 1997 631 πε

2132 580 2407 650 apparebo
2439 596 2623 637 coram
2667 591 2740 650 te,
2773 585 3014 642 adorans
3038 585 3300 641 nimirum
3329 595 3381 642 et
3408 587 3598 642 colens
3630 599 3706 649 te.

430 676 701 746 ρίφρασιν
741 689 755 703 ·
785 672 1110 742 ὀφθήσομαι
1156 670 1235 736 δὲ,
1268 669 1357 722 διὰ
1389 668 1490 737 τῆς
1522 670 1580 721 ὲν
1627 669 1705 738 τῷ
1748 670 1863 739 ναῷ
1922 671 2020 723 λα-

426 766 624 836 τρείας
681 766 775 819 καὶ
830 765 1258 836 παραστάσεως,
1289 763 1429 833 ὅπερ
1464 760 1564 815 οὐκ
1593 760 1741 814 ἐστιν
1764 762 1822 814 έν
1846 760 2025 815 Βαϐυ-

428 857 588 912 Mm.

515 1037 816 1106 Ἐγενήθη
845 1036 919 1090 τὰ
956 1035 1188 1103 δάκρυα
1232 1034 1362 1106 ἐμοὶ
1417 1035 1600 1103 ἄρτος
1651 1036 1875 1105 ἡμέρας
1924 1037 2021 1090 καὶ

424 1138 673 1201 νυκτὸς.
702 1136 776 1189 ἐν
819 1132 902 1200 τῷ
921 1132 1212 1203 λέγεσθαι
1238 1151 1339 1204 μοι
1391 1134 1522 1188 καθ’
1577 1131 1843 1201 ἑκάστην
1880 1132 2023 1203 ἡμέ-

426 1246 548 1297 par
580 1244 597 1260 ο
635 1225 765 1280 Ποῦ
792 1227 966 1280 ἐστιν
995 1229 1029 1280 ό
1061 1226 1207 1292 Θεός
1245 1241 1401 1288 o'ov;
1456 1225 1545 1277 ‘Ev
1592 1224 1672 1294 τῷ
1735 1225 2020 1289 ὀνειδίζειν

433 1339 526 1388 μοι
554 1320 686 1382 τοὺς
712 1317 1100 1381 Βαϐυλωνίους
1120 1319 1217 1372 τοῦ
1248 1317 1386 1371 Θεοῦ
1420 1334 1526 1388 μου
1560 1317 1870 1381 ἀσθένειαν,
1897 1315 2021 1382 ἐγέ-

426 1410 584 1464 νοντό
618 1428 712 1481 μοι
738 1409 807 1463 τὰ
840 1409 1058 1479 δάκρυά
1090 1426 1193 1479 μου
1224 1409 1409 1477 ἄρτος,
1458 1409 1557 1479 οὐχ
1588 1408 1713 1462 ὅσον
1762 1410 1846 1472 εἰς
1892 1409 2020 1479 τρό-

424 1508 561 1575 φὴν.
603 1504 721 1557 ἀλλ’
754 1505 880 1557 ὅσον
901 1505 983 1566 εἰς
1012 1502 1216 1573 ὄρεξιν.
1260 1502 1570 1573 Ὠρεγόμην
1600 1502 1713 1572 γὰρ
1736 1502 2015 1573 δακρύων,

419 1595 503 1657 ὡς
561 1595 756 1666 ἄρτου,
809 1594 904 1648 καὶ
956 1589 1098 1666 ἦσάν
1165 1611 1256 1666 μοι
1304 1596 1581 1663 ἀναγκαῖα
1628 1594 1823 1659 ταῦτα,
1875 1595 2016 1665 ὠςή

418 1687 605 1755 τροφὴ
640 1689 808 1741 πᾶσιν
837 1685 1175 1755 ἀνθρώποις.
1216 1684 1277 1738 'll
1297 1685 1353 1739 δὲ
1383 1685 1609 1756 τοιαύτη
1642 1685 1825 1754 ὄρεξις
1856 1686 1953 1739 καὶ
1985 1685 2017 1756 ἡ

412 1777 670 1848 ἀνάγκη,
738 1778 799 1831 οὗ
864 1778 1027 1848 μόνον
1086 1779 1148 1831 ὲν
1197 1778 1382 1850 ἡμέρᾳ
1427 1773 1589 1849 ἦσαν,
1639 1777 1774 1831 ἀλλὰ
1821 1778 1916 1832 καὶ
1958 1780 2018 1831 ὲν

410 1887 604 1923 νυκτι.

2131 674 2438 746 seduloque
2469 675 2569 731 tibi
2607 676 2899 740 assistens,
2949 688 3002 735 et
3061 679 3169 733 alia
3206 680 3438 745 faciens,
3494 695 3617 752 quze
3652 682 3705 735 in

2129 768 2331 838 templo
2371 776 2467 825 tuo
2495 768 2610 825 ﬁeri
2645 769 2840 827 decet?
2878 770 3153 829 Uuiverso
3182 775 3327 829 enim
3376 775 3477 829 boc
3505 773 3706 829 solatio

2125 862 2428 930 privamur,
2489 869 2780 933 postquam
2827 863 2917 919 hic
2967 863 3246 935 Babylone
3297 865 3499 936 captivi
3548 863 3705 935 degi-

2126 971 2270 1010 "IIIS.

2199 1049 2363 1105 Vens.
2394 1050 2447 1105 4.
2484 1049 2726 1105 Fuerunt
2756 1051 2885 1106 mihi
2915 1053 3167 1122 lacryma:
3200 1070 3327 1109 mea:
3347 1054 3502 1119 panis
3528 1053 3613 1106 die
3641 1069 3704 1107 ac

2124 1154 2295 1210 nocte,
2322 1142 2450 1197 dum
2479 1144 2678 1199 dicitur
2696 1146 3076 1218 mihiquolidie
3099 1164 3117 1202 :
3144 1145 3244 1201 Ubi
3265 1156 3344 1202 est
3371 1146 3512 1201 Deus
3541 1154 3660 1201 tuus
3678 1148 3705 1201 .’

2123 1232 2263 1286 Dum
2296 1232 2605 1306 Babylonii,
2643 1236 2845 1305 inquit,
2875 1236 2967 1291 Dei
3008 1237 3114 1291 mei
3151 1238 3536 1307 impotentiam
3567 1237 3702 1291 mibi

2122 1326 2546 1395 exprobrarent,
2592 1327 2847 1400 lacrymze
2874 1342 3009 1385 mea:
3045 1328 3271 1383 fuerunt
3329 1329 3463 1383 mihi
3520 1329 3700 1398 panis,

2122 1414 2232 1472 non
2274 1419 2419 1489 quod
2448 1421 2528 1475 eis
2582 1436 2862 1490 pascerer,
2898 1421 2996 1477 sed
3026 1422 3154 1491 quia
3193 1421 3368 1476 instar
3401 1420 3560 1491 panis
3606 1435 3701 1475 cas

2122 1508 2530 1577 desiderabam,
2555 1519 2609 1565 ct
2630 1510 2760 1581 quia
2802 1525 2910 1565 non
2944 1526 3107 1568 secus
3138 1511 3269 1565 mibi
3302 1518 3461 1566 erant
3497 1525 3702 1581 oppor-

2122 1611 2270 1659 tunae
2298 1619 2462 1675 quam
2495 1604 2873 1661 esurientibus
2900 1618 3025 1661 esse
3056 1618 3225 1674 panes
3258 1604 3472 1659 soleant
3499 1618 3516 1659 :
3555 1602 3701 1657 unde

2120 1711 2308 1750 carum
2334 1696 2632 1762 desiderio,
2666 1712 2775 1751 non
2805 1696 3046 1752 interdiu
3072 1702 3312 1761 tantum,
3340 1695 3433 1752 sed
3457 1694 3698 1750 aseiduis

2121 1790 2286 1844 etiam
2314 1789 2571 1845 noctibus
2603 1790 2913 1845 detinebar.

491 1961 697 2017 Ταῦτα
726 1961 1067 2032 ἐμνήσθην,
1099 1963 1193 2017 καὶ
1219 1963 1434 2033 ἐξέχεα
1462 1963 1555 2017 ἐπ’
1584 1962 1689 2033 ἐμὲ
1722 1960 1837 2032 τὴν
1896 1966 2006 2033 ψυ-

2191 1969 2358 2026 Vcns.
2392 1970 2447 2027 5.
2479 1970 2610 2026 11(ιέ
2671 1973 2985 2028 recordatus
3025 1989 3169 2039 sum,
3205 1981 3255 2027 et
3306 1972 3470 2042 επαάὶ
3512 1973 3564 2026 in
3619 1988 3698 2025 me

412 2051 540 2121 Ζήν
556 2068 707 2122 μου.
742 2081 814 2092 -
847 2053 1063 2118 Ταῦτα,
1086 2056 1208 2109 ἀντὶ
1230 2053 1326 2105 τοῦ
1354 2052 1615 2116 Τοιαῦτα,
1640 2054 1786 2124 φημὶ
1817 2053 1875 2107 δὲ
1915 2053 1976 2106 τό
2003 2068 2017 2084 ·

412 2142 543 2197 Ποῦ
582 2144 764 2198 ἐστιν
788 2147 823 2199 ὁ
844 2145 989 2211 Θεός
1021 2161 1177 2209 σου;
1235 2145 1484 2215 Ἐξέχεα
1504 2145 1583 2208 δὲ,
1625 2146 1769 2209 ἀντὶ,
1826 2145 2023 2216 Ἐχαὺο

416 2252 566 2289 sum.
620 2237 680 2289 ὲν
748 2235 979 2308 ἐμαυτῷ
1030 2237 1130 2307 τὴν
1183 2237 1364 2308 ψυχήν
1421 2255 1547 2308 μου,
1583 2238 1865 2307 παρέλυσα
1919 2238 2017 2291 τοῦ

427 2330 578 2382 τόνου
620 2344 636 2359 ·
694 2329 759 2382 τὸ
823 2330 925 2399 μὲν
972 2329 1083 2400 γὰρ
1139 2330 1419 2397 συνεστὸς,
1475 2331 1791 2403 έπέρρωται
1824 2348 1837 2362 ο
1872 2334 1933 2385 τὸ
1961 2332 2019 2385 δὲ

436 2422 701 2493 διαρρέον,
725 2422 1103 2493 κεχαύνωται.
1136 2423 1256 2496 Χρὴ
1291 2423 1349 2477 δὲ
1404 2424 1639 2477 καθόλου
1691 2423 2010 2493 γινώσκειν,

2117 2066 2354 2119 ultimam
2388 2081 2580 2121 meam.
2624 2065 2749 2120 Haec
2796 2066 3117 2122 recordatus
3169 2080 3290 2121 sum
3320 2105 3336 2126 ,
3393 2065 3558 2120 verba
3605 2066 3697 2119 illa

2116 2157 2404 2220 nimirum,
2459 2172 2582 2228 qua:
2607 2158 2677 2215 ad
2714 2172 2801 2214 me
2857 2157 3120 2213 dicuntur
3152 2157 3401 2227 quotidie
3434 2175 3447 2212 :
3487 2156 3587 2212 Ubi
3617 2165 3698 2211 est

2116 2248 2260 2303 Deus
2290 2258 2412 2304 tuus
2437 2250 2463 2304 2
2490 2249 2668 2317 Quam
2697 2250 2768 2305 ob
2799 2265 3025 2307 causam
3060 2249 3272 2319 Effudi,
3303 2250 3409 2306 hoc
3446 2259 3551 2316 est,
3587 2248 3697 2303 La-

2119 2338 2265 2403 xavi,
2305 2338 2359 2393 in
2392 2354 2493 2395 me.
2517 2340 2635 2410 ipso
2686 2341 2927 2395 animam
2990 2356 3190 2405 meam,
3240 2350 3296 2397 ct
3322 2341 3692 2397 constantiam

2118 2432 2239 2501 ejus
2263 2446 2483 2487 omnem
2513 2433 2765 2489 dissolvi.
2808 2432 2923 2489 liae
2972 2444 3158 2489 autem
3189 2433 3478 2489 en‘usionis
3509 2442 3694 2488 trans-

428 2520 504 2580 ὡς
536 2518 696 2587 ἡτῶν
743 2518 1020 2590 Ἐϐραίων
1046 2519 1351 2586 διάλεκτος,
1403 2521 1736 2593 ἀδιαφόρως,
1788 2521 1865 2584 ὡς
1921 2523 2006 2575 ὲπΊ

2117 2523 2322 2580 latione
2347 2541 2478 2581 usus
2499 2535 2584 2582 est
2607 2525 2899 2596 Propheta,
2932 2527 3082 2598 quia,
3110 2541 3231 2597 quae
3259 2526 3518 2582 solidiora
3540 2535 3691 2589 sunt,

418 2612 480 2665 τὸ
515 2611 797 2678 πλεῖστον,
828 2615 952 2677 ταῖς
976 2613 1267 2678 συντάξεσι
1298 2615 1590 2686 κέχρηται,
1628 2615 1885 2686 καθάπερ
1916 2618 2006 2670 καὶ

2118 2615 2360 2671 ﬁrmiora
2394 2626 2561 2687 atque
2594 2619 2969 2673 constantior-tt
2999 2632 3123 2674 esse
3150 2618 3334 2674 solent
3364 2634 3382 2673 :
3410 2632 3533 2687 quae
3559 2631 3692 2670 vero

411 2705 510 2758 νῦν
558 2705 653 2759 ἐπ’
702 2706 813 2775 ἐμὲ
877 2706 1135 2772 εἷποῦσα,
1177 2708 1298 2762 ἀντὶ
1345 2709 1439 2762 τοῦ
1469 2710 1539 2763 ἐν
1570 2710 1723 2779 ἐμοί.
1757 2709 1817 2762 Εἰ
1845 2710 1901 2764 δὲ
1931 2709 2006 2772 τὸ,

2118 2707 2308 2772 liuida,
2338 2710 2589 2765 molliora
2627 2718 2794 2780 atque
2819 2710 3051 2765 laxiora.
3092 2710 3227 2765 Illud
3276 2712 3332 2765 in
3368 2710 3689 2765 universum

408 2797 605 2852 ταῦτα
642 2801 984 2867 ἐμνήσθην,
1038 2800 1175 2870 πρὸς
1205 2802 1297 2854 τὸν
1345 2801 1543 2872 ἐφεξῆς
1579 2803 1760 2874 στίχον
1796 2802 2006 2857 ἀποδώ-

2111 2802 2658 2857 animadvertendutn
2700 2810 2805 2862 est.
2842 2803 2990 2872 quod
3049 2801 3256 2858 llcbraei
3314 2817 3693 2872 smpenumcro

410 2907 554 2954 σεις,
583 2891 777 2962 ἕτερον
810 2893 989 2963 νόημα
1036 2895 1311 2963 ποιήσεις,
1362 2894 1445 2947 ὅτι
1500 2892 1674 2947 ταῦτα
1704 2893 2006 2965 ἐμνήσθην,

2110 2894 2403 2948 verborum
2448 2894 2965 2949 constructionibus
3017 2894 3402 2948 inditl‘crenter
3431 2901 3688 2956 utuntur,

408 2981 511 3034 καὶ
546 2981 806 3053 διέχυσα,
844 2984 1133 3038 τουτέστιν
1162 2985 1343 3054 ἀνῆκα
1377 2986 1908 3057 ἔστενοχωρημένην
1952 2989 2006 3041 ἐν

2110 2992 2168 3039 ut
2199 2999 2347 3039 nunc
2386 3005 2400 3039 :
2435 2984 2644 3054 Effudi,
2680 2985 2882 3054 inquit,
2917 2987 2973 3039 in
3012 3002 3114 3049 me,
3139 3000 3239 3054 pro
3273 2985 3421 3039 Intra
3451 3000 3558 3038 me.
3588 2985 3692 3040 Ve-

408 3076 643 3146 ὲμαυτῷ
690 3076 791 3149 τὴν
824 3078 1004 3148 ψυχήν
1068 3095 1193 3145 μου.
1248 3077 1437 3131 Ταῦτα
1483 3076 1541 3131 δὲ
1593 3079 1757 3145 ποιεῖ,
1801 3078 2004 3149 δηλαδὴ

2110 3092 2229 3132 rum
2273 3078 2320 3132 si
2347 3078 2515 3132 verba
2550 3078 2684 3143 bare,
2723 3076 3054 3132 Recordatus
3105 3093 3243 3140 sum,
3283 3078 3346 3130 ad
3398 3079 3689 3144 sequentia

408 3166 507 3220 τοῦ
536 3168 740 3239 ἑφεξῆς
776 3170 962 3239 στίχου
995 3185 1010 3200 ⁸
1047 3169 1181 3239 φησὶ
1206 3168 1314 3238 γάρ
1345 3184 1360 3200 ⁶

2110 3168 2439 3235 referantur,
2467 3169 2608 3225 alius
2637 3170 2906 3224 eﬂicietur
2931 3185 3155 3232 sensus,
3212 3169 3470 3224 videlicet
3505 3185 3521 3227 :
3564 3168 3689 3223 Hau:

412 3261 741 3318 recordatus
774 3277 919 3327 sum,
952 3273 1006 3317 ct
1036 3263 1272 3316 animam
1314 3277 1515 3326 meam,
1542 3272 1701 3316 antea
1735 3264 1993 3318 nimirum
2034 3263 2306 3334 angustiis
2370 3270 2728 3327 coarctatam,
2777 3262 2966 3332 e/I‘udi,
3018 3263 3123 3317 boc
3154 3270 3258 3327 est,
3327 3262 3563 3326 absolvi,
3632 3270 3688 3315 et

423 3360 665 3413 relaxavi
701 3361 754 3413 in
790 3375 875 3413 me
907 3359 1048 3429 ipso.
1091 3357 1223 3425 Qum
1251 3365 1432 3413 autem
1456 3360 1565 3415 sint
1595 3358 1731 3422 haec,
1764 3374 1886 3429 qua:
1909 3359 2232 3414 recordatus
2268 3374 2412 3420 sum,
2439 3358 2591 3413 audi.

486 3459 617 3511 Ὀτι
642 3456 1034 3526 διελεύσομαι
1064 3455 1134 3508 ἐν
1169 3457 1332 3522 τόπῳ
1374 3454 1618 3523 σκηνῆς
1654 3453 2006 3524 θαυμαστῆς

2185 3455 2449 3519 Quoniam
2480 3454 2812 3522 pertransibo
2844 3456 2896 3509 in
2935 3456 3049 3510 loco
3081 3459 3412 3513 Iaoernaculi
3444 3460 3685 3514 admira-

408 3552 523 3617 ἕως
542 3551 649 3605 τοῦ
662 3550 832 3604 οἴκου
857 3548 963 3603 τοῦ
991 3547 1160 3604 Θεοῦ.
1182 3547 1294 3619 (ὅὲ)
1333 3548 1637 3619 Ἑνείσοην,
1667 3548 1824 3617 φησι,
1858 3564 1999 3618 μνη-

414 3642 562 3704 σθεὶς
593 3642 678 3695 ὅτι
708 3642 1079 3709 περιπατήσω
1126 3638 1288 3691 πάλιν
1313 3639 1372 3691 ὲν
1402 3636 1479 3707 τῷ
1504 3637 1621 3709 ναῷ
1665 3637 1830 3708 μέχρι
1888 3636 1999 3689 τῶν

414 3732 626 3788 ἀδύτων
651 3733 856 3788 αὑτοῦ·
920 3732 1129 3801 σκηνὴν
1172 3732 1272 3803 μὲν
1303 3731 1412 3807 γὰρ
1468 3729 1789 3801 θαυμαστὴν
1848 3731 1997 3801 λέγει

412 3826 507 3877 τὶν
548 3826 905 3896 περιώνυμον
943 3823 1041 3879 τοῦ
1095 3822 1445 3894 Σολομῶντος
1498 3823 1625 3877 ναόν
1661 3841 1673 3856 ο
1725 3820 1876 3876 οἷκον
1938 3823 1995 3876 δὲ

413 3899 574 3982 Θεοῦ,
614 3918 682 3971 τὰ
726 3916 898 3971 ἄδυτα
927 3915 1022 3969 τοῦ
1068 3914 1217 3969 ναοῦ.
1282 3914 1429 3985 Πρὸς
1469 3914 1527 3968 δὲ
1575 3913 1675 3986 τὴν
1730 3914 1996 3987 δευτέραν

410 4002 784 4081 ἔξήγησινξτδ
808 4009 919 4074 ὅτι,
955 4005 1317 4077 βεϐαιωτικὸν
1351 4007 1591 4079 νοήσεις,
1648 4006 1725 4072 ὡς
1784 4024 1994 4078 προφη-

409 4102 663 4165 τεύοντος
714 4099 810 4155 τοῦ
854 4100 1134 4168 λέγοντος.
1188 4099 1422 4165 Ἄλλως,
1483 4098 1660 4169 σκηνή
1717 4099 1839 4168 μὲν,
1870 4100 1903 4170 ἠ
1934 4100 1993 4167 ἐξ

408 4194 567 4265 ἡμῶν
588 4194 721 4263 ἁγία
742 4192 840 4247 τοῦ
869 4193 1050 4261 Λόγου
1087 4190 1225 4262 σάρξ
1247 4207 1262 4221 ·
1293 4190 1583 4262 θαυμαστὴ
1609 4190 1665 4244 δὲ
1700 4189 1859 4262 αὐτὴ,
1915 4190 1994 4254 ὡς

403 4286 532 4356 δίχα
566 4287 776 4356 σπορᾶς
818 4286 1183 4356 συμπαγετσα
1221 4300 1235 4315 ο
1268 4278 1422 4349 οἶκος
1452 4283 1529 4351 δὲ,
1564 4284 1598 4355 ἠ
1644 4283 1806 4355 νοερά
1860 4283 1993 4338 ταὺ-

401 4396 506 4448 της
524 4379 697 4448 ψυχὴ,
728 4378 819 4431 διὰ
848 4378 1020 4448 μέσης
1051 4378 1160 4449 γὰρ
1198 4378 1370 4447 αὐτῆς
1400 4380 1427 4431 ὁ
1465 4377 1598 4440 Θεὸς
1643 4377 1891 4448 ὡμίλησε
1922 4378 1988 4448 τῇ

401 4469 571 4539 σαρκί
603 4486 618 4499 ·
644 4470 808 4530 τόπος
834 4469 914 4535 δὲ,
944 4469 1108 4533 αὐτὸς
1136 4471 1163 4522 ὁ
1183 4469 1377 4536 Λόγος,
1400 4469 1456 4522 ὲν
1480 4466 1659 4540 ἑαυτῷ
1685 4468 1786 4539 τὴν
1816 4485 1990 4539 προσ-

399 4560 712 4630 ληφοεῒσαν
770 4559 937 4629 φύσιν
993 4559 1312 4631 ὑποστήσας
1372 4576 1432 4613 τε
1496 4560 1591 4613 καὶ
1651 4559 1989 4630 πηξάμενος.

394 4654 767 4724 Διελεὺσομαι
789 4647 904 4718 οὗν,
928 4653 1084 4725 φησὶ,
1115 4653 1207 4707 διὰ
1229 4650 1321 4706 τοῦ
1347 4652 1525 4720 Λόγου
1547 4651 1639 4707 τοῦ
1671 4651 1808 4705 Θεοῦ
1839 4669 1992 4724 χειρ-

394 4746 815 4815 αγωγούμενος,
870 4746 973 4809 ἕως
1032 4746 1131 4817 τῆς
1170 4745 1354 4817 ψυχῆς
1398 4745 1493 4800 τοῦ
1531 4747 1987 4818 προσλὴμματος,

2107 3549 2227 3602 bilis
2251 3564 2413 3617 usque
2448 3547 2517 3601 ad
2546 3549 2762 3603 domum
2794 3547 2906 3603 Dei.
2960 3548 3265 3605 Recreatus
3302 3560 3466 3620 atque
3497 3553 3679 3608 anima

2104 3641 2382 3697 relaxatus
2431 3657 2577 3705 sum,
2634 3642 2832 3712 inquit,
2898 3643 3171 3697 memoria
3224 3654 3499 3714 repetens,
3535 3648 3679 3716 quod

2104 3748 2299 3790 rursus
2332 3732 2386 3787 in
2424 3733 2632 3804 templo
2662 3741 2757 3789 tuo
2807 3735 3265 3792 deambulaturus
3321 3753 3471 3801 sum,
3522 3749 3575 3794 et
3611 3741 3681 3795 ad

2104 3824 2257 3881 illius
2308 3839 2485 3894 usque
2554 3824 2719 3897 adyta
2768 3835 3162 3897 perventurus.
3226 3830 3328 3884 Per
3355 3830 3681 3888 admirabile

2098 3920 2245 3973 enim
2278 3920 2721 3984 tabernaculum,
2746 3920 3172 3976 celeberrimum
3206 3921 3522 3981 Salomonis
3551 3933 3682 3981 tem-

2101 4008 2250 4077 plum
2292 4008 2568 4078 intelligit,
2613 4018 2667 4063 et
2695 4025 2792 4080 per
2822 4011 3047 4065 domum
3084 4011 3202 4076 Dei,
3274 4014 3437 4086 adyta
3502 4016 3679 4086 ipsius

2098 4100 2311 4170 templi.
2346 4099 2502 4166 Quod
2536 4102 2582 4158 si
2621 4104 2861 4172 priorem
2908 4105 3308 4173 expositionem
3342 4107 3516 4177 magis
3541 4123 3672 4178 pro-

2098 4192 2339 4253 baveris.
2374 4191 2696 4258 dictionem,
2746 4194 3020 4263 quoniam,
3060 4194 3301 4265 intelligo
3339 4195 3430 4251 hic
3488 4198 3677 4266 jacere

2096 4299 2197 4355 pro
2229 4283 2488 4338 adverbio
2519 4284 2907 4351 conﬁrmandi,
2945 4285 3099 4350 juxta
3133 4284 3387 4343 llebraiei
3439 4289 3673 4345 idioma-

2097 4375 2169 4431 tis
2199 4375 2684 4443 consuetudinem,
2710 4383 2764 4429 et
2789 4376 2956 4431 verba
3000 4377 3259 4432 versiculi
3295 4380 3674 4449 prepltetantis

2095 4466 2263 4521 verba
2294 4481 2440 4521 esse.
2494 4464 2591 4521 Vel
2621 4466 2780 4521 aliter
2818 4483 2829 4520 :
2867 4466 2972 4522 Per
3006 4467 3452 4534 tabernaculum,
3481 4481 3672 4527 sancta

2097 4554 2262 4611 Verbi
2292 4572 2421 4612 caro
2453 4564 2633 4628 potest
2663 4557 2919 4627 intelligi,
2955 4574 3076 4630 quae
3106 4559 3303 4615 merito
3333 4560 3673 4619 admirabilis

2094 4649 2200 4704 dici
2226 4657 2428 4720 potest,
2460 4650 2587 4720 quia
2611 4649 2821 4719 absque
2864 4649 2973 4705 ullo
2997 4653 3210 4705 semine
3247 4660 3508 4708 concreta
3540 4664 3625 4709 est
3654 4671 3669 4718 ;

2094 4750 2149 4797 et
2172 4758 2267 4812 per
2297 4742 2519 4796 domum
2548 4740 2663 4803 Dei.
2723 4741 2902 4796 anima
2933 4741 3081 4798 illius
3112 4743 3320 4806 carnis,
3356 4759 3455 4813 per
3507 4760 3668 4815 quam

392 4837 713 4907 φιλοσοφῶν
754 4837 881 4908 περὶ
906 4836 1112 4903 αὐτῶν,
1138 4836 1235 4892 καὶ
1266 4836 1489 4910 θεωρῶν
1521 4838 1663 4891 κατὰ
1710 4837 1943 4907 δύναμιν
1964 4854 1979 4869 ·

2110 4836 2235 4892 )eus
2261 4837 2314 4890 in
2348 4845 2630 4904 assumpta
2658 4849 2824 4889 carne
2856 4833 3167 4890 diversatus
3199 4845 3305 4890 est.
3359 4836 3539 4893 Locus
3569 4853 3669 4891 au-

386 4930 717 5002 περαιτέρω
748 4929 806 4983 δὲ
838 4928 1180 5001 προϐαίνειν,
1233 4928 1421 4982 οὐκέτι
1454 4929 1975 4999 συγχωρηοήσομαι.

2110 4943 2196 4984 em
2230 4928 2597 4993 tabernaculi,
2620 4928 2800 4997 ipsum
2828 4938 2910 4984 est
2942 4927 3184 4983 Verbum
3230 4928 3347 4993 Dei,
3391 4945 3489 5000 per
3516 4930 3665 5000 quod

385 5034 652 5080 concreta
693 5031 799 5089 est,
831 5032 884 5077 et
923 5023 1133 5078 exstitit
1161 5021 1369 5077 Christi
1409 5036 1561 5077 caro.
1602 5022 1960 5077 Pertransibo
1999 5020 2189 5091 igitur,
2221 5022 2417 5092 inquit,
2441 5035 2537 5091 per
2572 5017 2810 5076 Verbum
2842 5019 2956 5086 Dei,
2981 5028 3039 5075 et
3075 5037 3251 5093 usque
3319 5022 3386 5076 ad
3451 5036 3668 5076 assum-

384 5128 496 5189 pta:
523 5115 715 5172 carnis
742 5114 982 5169 animant
1007 5113 1287 5169 deducar:
1321 5113 1376 5167 in
1412 5112 1599 5167 animo
1635 5126 1758 5167 meo
1803 5112 2068 5167 nimirum
2098 5128 2162 5168 ea
2190 5113 2537 5177 examinans,
2581 5117 2664 5167 'et
2724 5112 3134 5183 contemplans,
3203 5128 3327 5181 quae
3363 5112 3433 5169 de
3516 5120 3667 5167 tanto

383 5212 659 5286 mysterio
694 5210 977 5282 percipere
1008 5220 1220 5279 potero.
1261 5207 1504 5265 Ulterius
1528 5210 1676 5263 enim
1707 5210 2048 5279 pertransire
2084 5223 2191 5264 non
2223 5209 2469 5264 dabitur.

475 5307 579 5359 ‘Er
629 5304 805 5374 φωνῇ
854 5301 1276 5374 ἀγαλλιάσεως
1323 5302 1422 5356 καὶ
1479 5301 1977 5372 ἐξομολογήσεως

2159 5302 2225 5356 In
2244 5319 2363 5357 voce
2392 5301 2791 5366 exsultationis,
2816 5316 2866 5360 et
2891 5303 3236 5373 confessionis
3260 5304 3379 5355 soni
3398 5302 3662 5369 festivita-

377 5400 547 5470 ἤχου
578 5394 989 5465 ἐορτάζοντος.
1025 5393 1389 5465 Διελεύσομαι
1416 5393 1473 5446 δὲ
1511 5395 1568 5446 ἐν
1601 5395 1753 5464 φωνῇ
1778 5394 1973 5464 χαρᾶς.

2110 5411 2186 5449 em
2211 5394 2549 5452 celebranlis.
2583 5395 2939 5453 Pertransibo
2961 5401 3144 5450 autem
3182 5393 3235 5446 in
3288 5406 3421 5445 voce
3452 5394 3658 5461 gaudii,

375 5491 483 5544 καὶ
515 5491 577 5542 ὲν
606 5489 761 5559 φωνῇ
807 5489 1167 5556 εὐχαριστίας
1210 5486 1347 5555 ἤχου
1398 5484 1779 5556 ὲορταστικοῦ,
1814 5500 1972 5537 τουτ-

2110 5495 2135 5539 :t
2164 5487 2466 5555 gratiarum
2514 5488 2773 5553 actionis,
2821 5487 2874 5540 in
2916 5498 3048 5539 voce
3103 5482 3222 5538 soni
3280 5480 3486 5547 festivi,
3516 5496 3578 5534 ac
3611 5482 3656 5536 si

376 5585 544 5637 ἐστιν
595 5578 879 5650 Ἐορτάσω
909 5577 1095 5644 πάλιν,
1119 5577 1192 5643 ὼς
1211 5577 1499 5650 πρότερον,
1535 5576 1630 5631 καὶ
1652 5578 1718 5646 τῇ
1750 5574 1846 5629 τοῦ
1878 5575 1967 5627 νό-

2110 5576 2297 5632 liceret
2337 5593 2350 5632 :
2387 5577 2735 5633 Festivitates
2771 5589 2984 5636 rursus,
3020 5573 3255 5640 utolim,
3280 5569 3390 5627 Deo
3417 5586 3538 5628 nico
3568 5587 3660 5627 cc-

380 5693 490 5744 μου
527 5672 766 5744 λατρεία
790 5672 1090 5743 χρήσομαι.
1938 5708 1939 5711 η

2110 5669 2330 5735 ebrabo,
2358 5680 2409 5725 ct
2432 5669 2593 5728 solito
2636 5677 2760 5725 utar
2800 5669 2946 5724 cultu
2992 5667 3146 5736 legis.

1714 5847 1908 5908 Varim
1942 5847 2271 5910 lectiones.

449 5961 563 6034 (δε)
594 5957 680 6013 Ai.
714 5956 988 6026 Ἀνείοην.
