4120 6440
432 415 532 478 471

475 528 669 583 ονεηε.
696 528 751 584 6.
810 531 989 598 Quare
1020 534 1189 589 tristis
1233 551 1308 603 es,
1357 538 1537 592 anima
1577 555 1716 605 mea,
1774 548 1823 594 et
1858 554 2021 609 quare
2050 541 2098 595 Α

433 622 717 677 conturbas
747 623 867 678 me?
892 624 1073 692 Quare
1114 642 1201 681 me
1236 628 1418 696 augis,
1447 630 1648 699 inquit,
1691 638 1746 686 et
1787 630 2021 687 confun-

433 713 541 778 dis,
566 724 623 770 et
649 715 885 785 quietem
914 731 1113 787 capere
1147 733 1255 773 non
1277 719 1461 776 sinis?
1490 720 1619 776 limo
1647 728 1829 778 autem
1854 722 2020 778 verba

433 807 618 862 dicere
661 809 850 879 erepit,
878 820 1171 882 postquam
1205 812 1409 868 certior
1463 813 1646 871 factus
1696 824 1783 871 est
1818 816 1887 871 de
1918 831 2023 872 suo

432 904 487 955 in
522 903 755 971 patriam
794 904 995 958 reditu.

505 993 678 1063 Spera
727 996 783 1049 in
835 995 964 1062 Deo,
1036 1001 1292 1069 quoniam
1349 1004 1522 1058 adhuc
1579 1005 1867 1073 conﬁtebor
1916 1006 2017 1059 illi.

431 1084 707 1151 Quoniam
730 1089 939 1158 gratias
963 1089 1037 1143 illi
1066 1105 1247 1166 agam,
1278 1094 1370 1149 ubi
1407 1096 1670 1151 nimirum
1706 1097 1757 1150 in
1785 1105 2018 1167 patriam

435 1178 671 1235 rediero.

506 1269 762 1327 Salutare
792 1275 965 1330 vultus
1000 1281 1123 1340 mei,
1158 1287 1206 1333 et
1241 1278 1376 1334 Deus
1407 1296 1579 1336 meus.
1647 1281 1784 1337 Cum
1835 1280 2021 1336 futura

433 1373 488 1419 et
520 1380 551 1419 a
579 1381 641 1423 se
682 1367 910 1436 praevisa
942 1367 1035 1424 Dei
1070 1370 1334 1427 beneﬁcia
1369 1373 1423 1427 in
1461 1374 1650 1430 animo
1691 1375 2021 1441 resolveret,

435 1471 654 1511 summa
707 1473 834 1512 cum
870 1458 1244 1518 delectatione
1302 1462 1456 1519 illum
1504 1466 2020 1535 circumloquendn,

434 1547 747 1616 invocavit,
814 1547 1009 1606 dicens
1065 1569 1079 1606 :
1132 1551 1176 1608 Ο
1240 1555 1394 1611 salus
1465 1571 1632 1622 mea,
1686 1565 1744 1612 et
1792 1573 1824 1614 o
1879 1559 2024 1615 Deus

434 1655 616 1698 meus.

507 1734 590 1787 Ad
627 1753 708 1792 me
729 1738 899 1806 ipsum
935 1741 1255 1795 conturbata
1284 1750 1363 1798 est
1386 1747 1568 1799 anima
1589 1763 1724 1800 mea.
1745 1777 1814 1788 ——
1838 1746 1919 1801 Ad
1946 1763 2025 1800 me

430 1830 628 1896 ipsum,
668 1830 770 1887 hoc
799 1846 908 1896 εει,
941 1833 999 1888 lu
1037 1850 1124 1891 me
1155 1835 1302 1907 ipso,
1341 1840 1565 1895 nemine
1621 1840 1730 1894 alio
1776 1840 2021 1895 exterius

1659 421 2048 489 EUTHYMII
2090 422 2459 491 ZIGABENI

3604 437 3719 502 472

2212 540 2399 597 Ἰνατί
2426 546 2763 615 περίλυπος
2784 545 2859 615 εἴ,
2909 550 2948 617 ἠ
2996 552 3168 619 dum
3200 567 3344 619 μυϊ,
3403 552 3497 606 καί
3557 555 3720 609 [rati

2123 637 2577 707 συνταράσσεις
2604 658 2720 709 με;
2752 644 2908 697 Διατι
2939 641 3168 710 Θλίϐεις,
3195 645 3288 697 καὶ
3310 645 3452 698 διατί
3491 650 3715 716 συγχεῖς

2126 746 2217 798 με,
2258 731 2354 785 καὶ
2381 731 2483 786 οὐκ
2509 734 2603 802 ἐᾷς
2630 735 3116 805 ὴρεμεῖν;ταῠτσι
3157 737 3213 789 δι
3271 737 3450 807 ἔλεγε,
3513 739 3718 809 πληρο-

2125 823 2324 893 φορίαν
2356 826 2604 896 περὶτῆς
2641 828 2904 882 ἐπανόδου
2931 828 3252 901 δεξάμενος.

2203 1007 2507 1060 Ἕλπισον
2532 1007 2632 1061 ἐπὶ
2668 1009 2775 1063 τὸν
2819 1009 2989 1071 Θεὸν,
3043 1010 3134 1065 ὅτι
3185 1010 3715 1080 ἐξομολογήσοιιαι

2125 1099 2308 1166 αὐτῷ.
2361 1101 2484 1155 Ὅτι
2516 1103 2901 1175 εὐχαριστήσω
2924 1103 3096 1174 αὐτῷ,
3132 1103 3450 1158 ἐπανελθὼν
3484 1105 3719 1174 δηλαδή.

2199 1195 2504 1266 Σωτήρων
2544 1199 2652 1253 τοῦ
2685 1199 3014 1268 προσώπου
3040 1217 3183 1268 μου,
3208 1201 3307 1253 καὶ
3331 1203 3363 1254 ό
3393 1200 3537 1265 Geor;
3571 1217 3716 1267 μου.

2127 1284 2242 1356 Τῆς
2267 1287 2500 1361 ὕστερον
2530 1291 2854 1360 εὐεργεσίας
2893 1288 2992 1343 τοῦ
3022 1287 3162 1342 Θεοῦ
3199 1288 3496 1359 μνησθεὶς,
3544 1289 3717 1359 ἡδέως

2127 1384 2472 1438 ἐπικαλεῖται
2498 1382 2688 1449 αὐτὸν,
2722 1382 2898 1452 λέγων
2936 1398 2950 1415 ⁸
2983 1378 3056 1437 '0
3081 1381 3332 1454 σωτηρία
3390 1399 3516 1452 μου,
3556 1398 3716 1452 περι-

2128 1475 2474 1547 φραστικῶς,
2500 1476 2597 1528 καὶ
2620 1468 2666 1528 ὧ
2689 1476 2720 1529 ὁ
2739 1475 2874 1541 Θεὸς
2906 1492 3035 1547 μου.

2188 1746 2344 1816 Πρὸς
2366 1745 2631 1816 ἐμαυτὸν
2686 1748 2725 1813 ἡ
2773 1745 2946 1817 ψυχή
2973 1764 3090 1816 μου
3116 1745 3441 1815 ἐταράχθη.
3468 1774 3540 1786 -—
3563 1745 3715 1813 Πριις

2127 1838 2412 1908 ἐμαυτὸν,
2445 1839 2568 1893 ἀντὶ
2591 1839 2710 1906 τοῦ,
2758 1841 2850 1894 Ἐν
2875 1839 3123 1910 ἐμαυτῷ,
3151 1839 3381 1910 μηδενὸς
3434 1839 3545 1894 τῶν
3589 1839 3717 1905 ἔξωο

432 1935 729 1977 mterorem
790 1923 941 1980 hunc
1018 1943 1198 1983 meum
1255 1929 1489 1986 sciente.
1549 1930 1879 1987 Cauturbata
1945 1942 2021 1988 est

2126 1927 2221 1980 θεν
2248 1927 2557 1993 συνειδότος
2576 1946 2668 1999 μοι
2698 1929 2801 2001 τὴν
2829 1929 3092 2001 τοιαύτην
3114 1929 3315 2001 λύπην.
3384 1930 3719 1999 Ἔταρὰχθη

431 2023 642 2079 autem,
681 2017 995 2089 recogitans
1057 2022 1325 2078 nimirum
1390 2036 1612 2093 peccata
1672 2028 1745 2083 ob
1793 2044 1915 2098 qua:
1966 2029 2020 2083 in

429 2108 787 2166 inimicorum
846 2128 1045 2171 manus
1097 2118 1283 2173 traditi
1352 2135 1567 2189 smnus,
1648 2123 1729 2179 vel
1808 2138 2019 2179 moram

431 2215 500 2256 ac
578 2201 891 2260 tarditatem
955 2209 1270 2278 recOgitans
1324 2211 1536 2268 reditus
1592 2213 1765 2269 nostri
1819 2215 1873 2268 in
1928 2230 2022 2285 pa-

431 2290 617 2347 triam.

501 2384 793 2453 Propterea
830 2405 1029 2444 memor
1055 2407 1144 2446 ero
1192 2394 1270 2447 tui
1329 2393 1393 2448 de
1457 2406 1600 2450 terra
1643 2395 1926 2463 Iordanis,
1970 2409 2020 2453 et

429 2474 769 2531 Hermoniim
835 2496 867 2532 a
922 2491 1099 2537 monte
1166 2484 1394 2538 modico.
1463 2485 1784 2556 Propterea,
1823 2487 2024 2558 inquit,

429 2566 664 2625 amictus
697 2585 909 2627 memor
931 2588 1028 2628 ero
1052 2576 1155 2641 tui,
1188 2575 1294 2632 hoc
1325 2589 1431 2643 est,
1457 2580 1799 2637 recordabor
1828 2581 2021 2647 studii,

428 2667 485 2715 et
519 2674 663 2714 curae
696 2670 836 2727 tuae,
869 2679 1035 2734 quam
1075 2666 1323 2724 habuisti
1358 2671 1508 2726 circa
1561 2688 1687 2740 nos,
1727 2682 1778 2730 et
1824 2674 2024 2745 praeci-

429 2767 539 2823 pue
570 2754 642 2809 ob
675 2754 763 2810 illa
806 2757 975 2825 bona,
1006 2759 1210 2830 quibus
1247 2761 1303 2816 in
1352 2772 1500 2818 terra
1536 2765 1924 2836 promissionis
1962 2776 2017 2826 te

430 2851 659 2897 auctore
719 2842 1065 2900 fruehamur.
1133 2846 1237 2904 Per
1280 2848 1583 2908 Jordanem
1622 2855 1772 2910 enim
1821 2866 1876 2912 et
1928 2872 2025 2926 per

428 2931 743 3001 proximum
784 2934 860 2988 illi
893 2944 1166 3003 montem,
1197 2939 1374 3010 quiet
1412 2939 1776 3010 Hermoniim,
1807 2954 1863 3002 et
1895 2944 2028 3003 lier-

428 3038 561 3079 mun
597 3024 826 3093 dicitur,
874 3035 1047 3083 totam
1076 3027 1323 3087 Judaeum
1381 3033 1737 3106 signiﬁcavit.
1793 3037 2025 3096 Addidit

429 3118 596 3171 etiam
627 3118 900 3188 privatam
939 3121 1146 3178 montis
1166 3123 1316 3181 illius
1344 3125 1694 3196 qualitatem,
1737 3131 1884 3202 quod
1911 3133 2022 3188 sci-

429 3211 562 3266 licet
600 3228 794 3281 parvut
823 3224 926 3269 est.

510 3301 671 3360 Vens.
705 3306 762 3362 8.
794 3306 1025 3377 Abyssus
1075 3311 1325 3381 abyssum
1354 3315 1563 3370 invocat
1591 3318 1645 3372 in
1681 3335 1853 3373 vocem
1877 3327 2024 3374 cata-

428 3403 702 3448 ractaruut
750 3406 988 3452 tuarum:
1043 3399 1410 3471 Antiquorum
1468 3405 1566 3460 Dei
1624 3404 2021 3463 beneticiorum

429 3501 669 3548 memor.
703 3488 979 3558 deplorat,
1010 3493 1160 3561 quod
1193 3494 1247 3548 in
1282 3496 1577 3565 praesentia
1605 3498 1675 3553 ab
1709 3513 1777 3555 eo
1801 3498 2016 3555 dereli-

430 3586 557 3632 ctus
613 3579 890 3647 videatur,
952 3597 1052 3651 per
1092 3584 1379 3655 abyssum,
1436 3597 1653 3645 vastum
1708 3591 2024 3662 intelligens

430 3669 812 3727 calamitatum
850 3674 1103 3745 pelagus,
1135 3674 1191 3731 in
1230 3694 1341 3748 quo
1386 3687 1521 3736 tunc
1566 3695 1626 3737 se
1655 3683 2021 3739 constitutum

428 3761 676 3819 videbat.
709 3762 1012 3833 Profunda,
1042 3769 1247 3839 inquit,
1288 3784 1352 3827 ac
1386 3780 1542 3829 vasta
1585 3774 1895 3842 calamitas,
1927 3790 2025 3830 va-

434 3855 665 3911 stiorem
692 3856 855 3912 aliam
889 3872 1109 3928 semper
1128 3862 1705 3930 vocatcalamitatem,
1728 3866 1795 3922 ad
1822 3882 2017 3924 vocem

430 3947 993 4012 catara'i'tarumJtoc
1024 3958 1129 4019 est,
1182 3952 1502 4008 collisorum
1572 3964 1813 4011 tuorum.
1868 3957 2023 4012 Adeo

428 4036 579 4090 cnim
608 4037 858 4103 alternae,
885 4053 949 4093 ac
973 4037 1292 4110 frequentes
1311 4041 1654 4098 calamitates
1682 4045 2020 4108 contractos,

428 4142 495 4183 ac
522 4128 752 4186 collisos
782 4144 887 4186 nos
917 4146 1110 4188 servus
1144 4140 1271 4190 tuos
1320 4133 1674 4202 adoriuntur,
1726 4144 1788 4191 ut
1822 4148 2023 4192 mutuo

428 4234 553 4275 sese
587 4222 873 4278 adhortari
901 4223 1198 4281 videantur
1231 4243 1246 4281 :
1278 4234 1334 4281 et
1368 4225 1508 4283 adeo
1542 4242 1646 4284 nos
1670 4227 1939 4301 afﬂigunt,
1966 4239 2020 4286 et

425 4318 683 4381 pungunt
725 4320 805 4378 ut,
834 4328 947 4384 prae
975 4314 1148 4371 nimio
1176 4314 1369 4372 dolore
1413 4317 1479 4372 ad
1508 4319 1809 4374 clamorem
1849 4321 2019 4375 etiam

427 4418 532 4460 nos
559 4414 882 4474 provocent.
925 4408 1104 4464 Dictio
1130 4417 1316 4466 autem
1369 4421 1794 4478 cataractarum,
1826 4414 2017 4471 Graeca

424 4504 512 4552 est
538 4506 595 4551 et
625 4497 770 4553 idem
796 4498 885 4554 hic
925 4498 1225 4570 significat,
1263 4511 1323 4555 ut
1349 4502 1614 4570 diximus,
1645 4503 1818 4572 quod.
1855 4507 2014 4562 colli-

2124 2018 2202 2083 δὲ,
2233 2020 2670 2092 ἀναλογιζομένη
2698 2023 2797 2087 τὰς
2817 2022 3117 2092 ἁμαρτίας,
3166 2022 3236 2077 δι’
3280 2023 3348 2087 ἃς
3411 2023 3718 2093 παρεδόθη-

2130 2127 2231 2182 μεν
2258 2114 2374 2175 τοῖς
2417 2112 2671 2183 ἐχθροῖς⁶
2700 2113 2734 2186 ἢ
2766 2113 2866 2186 τὴν
2918 2114 3232 2187 βραδύτητα
3275 2115 3377 2185 τῆς
3426 2115 3719 2169 ἐπανόδου.

2195 2386 2299 2440 Διὰ
2333 2384 2509 2440 τοῦτο
2529 2383 2969 2453 μνησθήσομαί
2990 2398 3106 2437 σου
3135 2382 3205 2436 ἐκ
3251 2381 3364 2451 τῆς
3400 2378 3722 2449 Ἰορδάνου,

2126 2479 2228 2534 καὶ
2258 2478 2619 2549 Ἐρμονιεὶμ,
2638 2477 2759 2533 ἀπὸ
2787 2477 2966 2546 ὄρους
2977 2475 3222 2545 μικροῦ.
3261 2475 3360 2529 Διὰ
3419 2473 3578 2528 τοῦτο
3628 2473 3716 2525 νῦ·.

2129 2571 2467 2641 θλιϐόμενος,
2522 2568 2932 2641 μνησθήσομαι,
2973 2586 3101 2632 σου,
3157 2568 3431 2631 τουτέστι,
3505 2584 3711 2636 μνημο-

2128 2662 2306 2717 νεύσω
2334 2662 2434 2730 τῆς
2457 2662 2586 2733 περὶ
2637 2663 2784 2731 ἡμᾶς
2826 2660 3160 2733 κηδεμονίας
3220 2677 3337 2721 σου,
3399 2658 3495 2727 ἀφ’
3534 2651 3605 2711 ὧν
3656 2657 3707 2709 ἐι

2127 2757 2194 2827 τῇ
2229 2758 2300 2826 γῇ
2334 2754 2433 2824 τῆς
2484 2754 2821 2823 ἐπαγγελίας
2869 2752 3274 2824 ἀπηλαύσαμεν
3318 2750 3562 2821 ἀγαθῶν.
3622 2748 3713 2802 Διᾶ

2126 2849 2237 2919 γὰρ
2249 2848 2344 2903 τοῦ
2382 2848 2649 2919 Ἰορδάνου
2678 2848 2774 2902 καὶ
2803 2845 2898 2901 τοῦ
2928 2845 3332 2913 πλησιάζοντος
3360 2844 3510 2914 αὐτῷ
3536 2843 3717 2914 ὅρους,

2126 2940 2156 2995 δ
2184 2940 2282 2995 καὶ
2317 2941 2641 3012 Ἑρμονιεὶμ
2681 2940 2932 2994 καλεῖται
2986 2938 3084 2993 καὶ
3127 2937 3372 3009 Ἑρμὼν,
3418 2937 3550 3006 ὃλην
3618 2934 3718 3001 τὴν

2141 3032 2405 3088 Ἰουδαίαν
2437 3030 2733 3103 ἐδήλωσεν.
2772 3029 3094 3103 Προσὲθηκε
3124 3027 3182 3083 δὲ
3208 3028 3305 3082 καὶ
3345 3027 3593 3097 ἰδιότητα
3623 3022 3720 3078 τοῦ

2126 3126 2308 3196 ὅρους,
2338 3125 2422 3177 ὅτι
2453 3123 2560 3178 τοῦ
2582 3121 2824 3193 μικροῦ.

2203 3301 2508 3365 Ἀϐυσσος
2571 3298 2858 3354 ἄϐυσσον
2927 3297 3301 3352 ἐπικαλεῖται
3356 3297 3444 3363 εὶς
3508 3294 3721 3366 φωνὴν

2126 3392 2247 3448 τῶν
2273 3390 2703 3461 ναταῤῥακτῶν
2736 3408 2877 3446 σου.
2901 3390 3014 3460 Τῆς
3052 3387 3377 3461 εὐεργεσίας
3434 3386 3721 3458 μνησθεὶς,

2127 3485 2470 3556 ἐκτραγῳδεῖ
2501 3483 2597 3537 καὶ
2626 3483 2727 3555 τὴν
2761 3480 3173 3551 ὲκγατάλειψιν,
3227 3481 3469 3536 ἇὸυσσον
3532 3479 3723 3533 καλῶν

2125 3576 2188 3629 τὸ
2211 3573 2375 3646 βάθος
2404 3572 2514 3627 τῶν
2545 3572 2866 3645 συμφορῶν.
2898 3572 3106 3627 Βαθεία
3140 3570 3346 3642 θλῖψις,
3383 3570 3573 3641 φησὶν,
3628 3567 3722 3639 βα·

2128 3666 2281 3719 θείαν
2311 3664 2490 3735 θλῖψιν
2523 3663 2842 3719 ἐκκαλεῖται
2870 3665 2952 3728 εἰς
3003 3663 3135 3735 βοὴν
3176 3664 3288 3717 τῶν
3332 3658 3721 3733 κατερῤαγμέ-

2127 3776 2235 3813 νων
2274 3775 2402 3813 σουο
2436 3758 2719 3812 τουτέστιν
2752 3756 2928 3820 οὕτως
2967 3756 3387 3827 ἀλλεπαλλὴλως
3435 3756 3568 3826 ἡμῖν
3613 3754 3721 3815 τοῖς

2127 3849 2611 3923 κατερῤαγμένοιξ
2635 3849 2843 3915 δούλοις
2877 3867 2971 3904 σου
3013 3849 3256 3913 ἐπίασιν,
3285 3847 3361 3911 ὡς
3393 3847 3570 3901 δοκεῖν
3619 3845 3720 3899 ἀλ-

2125 3942 2323 4012 λήλαις
2374 3939 2766 4009 ἐγκελεύεσθαι
2796 3954 2811 3968 ’
2851 3940 2947 3993 καὶ
2978 3937 3241 3993 τοσοῦτον
3287 3938 3600 4003 δάκνουσιν,
3644 3935 3721 4000 ὡς

2127 4035 2258 4107 βοᾷν
2294 4035 2444 4106 ἡμᾶς
2468 4031 2574 4087 ὑπὸ
2595 4033 2695 4100 τῆς
2722 4032 2939 4102 ὀδύνης.
2969 4030 3399 4104 Καταρῥακτῶν
3460 4031 3537 4096 δὲ,
3599 4029 3721 4083 ἀντὶ

2125 4127 2220 4183 τοῦ
2242 4125 2736 4200 κατερῤαγμένων,
2789 4123 3151 4196 ἐνεργητικὸν
3207 4123 3330 4177 ἀντὶ
3383 4122 3721 4193 παθητικοῦ.

2128 4221 2244 4276 Καὶ
2269 4220 2450 4284 ἄλλως
2475 4238 2491 4250 ·
2521 4219 2595 4273 Τὸ
2628 4218 2871 4290 ἄμετρον
2902 4217 3013 4271 τῶν
3072 4217 3365 4289 ἡμετέρων
3402 4214 3719 4288 ἁμαρτιῶν,

2123 4316 2186 4371 τὸ
2210 4315 2454 4387 ἄμετρον
2478 4313 2591 4368 τῶν
2644 4311 2753 4367 σῶν
2798 4310 3149 4366 ἐπικαλεῖται
3186 4310 3493 4382 οἰκτιρμῶν
3519 4326 3534 4343 ο
3573 4307 3720 4361 ὥστε

2125 4409 2224 4480 τὴν
2242 4406 2425 4479 φωνὴν
2443 4406 2554 4461 τῶν
2569 4404 2948 4460 ἀποστολικῶν
2963 4403 3339 4475 κηρυγμάτων
3356 4401 3719 4471 ἀκουσθῆναι.

2125 4502 2528 4574 Καταῤῥάκται
2550 4497 2679 4571 γὰρ,
2706 4499 2800 4552 καὶ
2820 4499 2872 4551 οἱ
2903 4497 3212 4561 ἀπόστολοι,
3235 4498 3720 4568 καταρρἁσοντες

428 4602 619 4641 sorum
672 4594 768 4642 aut
798 4587 1239 4645 confracwrum.
1269 4589 1392 4663 [Est
1421 4592 1570 4646 enim
1635 4594 1857 4650 vernale
1916 4612 2016 4650 no-

2126 4594 2307 4648 πᾶσαν
2330 4595 2562 4664 ἔπαρσιν
2581 4590 2922 4663 διαϐολικήν.
2957 4590 3184 4643 Νοεῖται
3212 4589 3271 4642 δὲ
3288 4585 3719 4658 ἀγαγωγικώτεο

426 4695 578 4738 men.
616 4688 671 4734 ct
699 4679 989 4736 descendit
1042 4698 1072 4736 a
1123 4684 1292 4739 verbo
1345 4685 1683 4757 καταράσσω
1727 4687 1875 4758 quod
1932 4700 2020 4746 est

427 4772 656 4838 collido,
685 4783 780 4829 aut
813 4774 1154 4849 confringo.j
1192 4777 1258 4848 Et
1294 4779 1426 4834 licet
1458 4781 1680 4851 proprie
1733 4782 1837 4838 hoc
1890 4799 2014 4840 ver-

426 4862 553 4919 itale
579 4878 784 4920 nomen
813 4866 1175 4938 καταράκτης
1225 4869 1404 4925 active
1436 4870 1510 4925 sit
1559 4871 2007 4942 signiﬁcationis,

426 4953 520 5008 hic
556 4963 741 5011 tamen
772 4958 1007 5028 ponitur
1053 4960 1110 5014 in
1138 4961 1384 5031 passiva.
1448 4962 1603 5028 Quod
1641 4963 1686 5020 si
1742 4965 1795 5019 in
1829 4965 2010 5020 activa

426 5047 836 5117 significatione
864 5050 1160 5108 dictionem
1182 5069 1393 5120 sumas,
1439 5054 1622 5110 littera
1654 5055 1879 5127 legenda
1903 5065 2010 5123 est,

425 5136 495 5193 In
531 5156 703 5194 vocem
733 5142 1152 5212 catafractarum,
1187 5145 1293 5200 hoc
1324 5154 1429 5213 est,
1467 5132 1874 5213 collidentium,
1911 5165 2010 5205 seu

423 5230 887 5304 confringentiuut
919 5244 1136 5292 tuorum
1164 5255 1178 5303 ;
1212 5248 1267 5293 et
1288 5247 1418 5294 tunc
1448 5255 1662 5310 expone
1688 5249 1860 5296 totum
1890 5257 2014 5297 ver-

423 5322 659 5379 siculum
694 5324 795 5381 hec
862 5338 1021 5397 pacto
1068 5344 1082 5383 :

1162 5328 1511 5385 lmmensitas
1572 5340 1926 5400 peccatorum
2012 5341 2272 5387 nostroru
2285 5344 2357 5392 m,

2127 4703 2222 4758 ρον
2247 4685 2482 4749 ἄϐυσσος
2500 4685 2596 4739 καὶ
2629 4683 2916 4754 ἆόυσσοςὴ
2942 4681 3159 4738 Παλαιά
3177 4681 3392 4753 Γραφὴ.
3414 4681 3556 4749 καὶὴ
3578 4680 3717 4745 Νέα,

2121 4779 2209 4832 διὰ
2233 4776 2302 4831 τὰ
2330 4777 2468 4848 βάθη
2506 4776 2616 4832 τῶν
2653 4775 2991 4848 ἁποκρύφων
3023 4775 3336 4846 νοημάτων.
3369 4775 3437 4828 Ἠ
3461 4774 3556 4828 νέα
3586 4773 3720 4841 γοῦν

2122 4871 2465 4926 ἐπικαλεῖται
2487 4870 2587 4942 τὴν
2619 4869 2887 4934 Παλαιὰν,
2929 4868 3019 4923 διὰ
3045 4869 3143 4940 τὴν
3162 4868 3347 4939 φωνὴν
3364 4868 3473 4921 τῶν
3502 4884 3719 4938 προφη-

2122 4963 2232 5018 τῶν
2251 4980 2265 4995 ο
2285 4963 2379 5017 καὶ
2403 4956 2549 5017 οὗτοι
2572 4961 2682 5033 γὰρ
2706 4963 3086 5033 καταρράκται
3105 4960 3376 5030 λέγονται,
3402 4959 3490 5013 διὰ
3508 4958 3568 5012 τδ
3581 4958 3720 5012 ἅνω-

2126 5057 2218 5112 θεν
2238 5056 2502 5124 καταχεῖν
2542 5052 2602 5107 τὸ
2621 5054 2764 5125 ὕδωρ
2800 5054 2901 5123 τῆς
2934 5052 3300 5125 προφητείας.
3340 5049 3719 5104 Ἑπικαλεῖται

2123 5146 2302 5201 τοίνυν
2329 5143 2500 5216 αὐτὴν
2524 5184 2539 5208 ,
2574 5143 2651 5205 ὡς
2687 5142 2943 5212 μάρτυρα
2974 5184 2987 5205 ,
3038 5141 3229 5194 ’ἑνεκεν
3274 5137 3370 5193 τοῦ
3409 5136 3581 5200 δεῖξαι
3632 5135 3719 5188 ὅτι

2122 5241 2173 5293 οἱ
2206 5237 2487 5309 προφῆται
2526 5237 2653 5306 περὶ
2682 5236 2776 5289 τοῦ
2819 5232 3059 5305 Χριστοῦ
3095 5229 3596 5306 προκατήγγειλαν.

2438 5327 2862 5382 immensitatem
2923 5326 3146 5380 invocat
3201 5323 3715 5379 misericordiarum

421 5422 694 5470 tuarum:
739 5425 904 5487 atque
929 5417 1034 5472 hoc
1065 5418 1133 5474 ad
1186 5434 1375 5473 vocem
1413 5419 1832 5487 prmdicatorum
1905 5421 2209 5491 Evangelii,
2278 5420 2382 5473 hoc
2427 5426 2532 5480 est,
2593 5417 2994 5486 apostolorum.
3051 5414 3194 5471 Sunt
3251 5415 3421 5508 etaim,
3476 5412 3736 5508 apostoli.

424 5510 751 5566 validissimi
793 5513 1016 5584 quidam
1044 5513 1446 5576 confractorcs,
1479 5529 1696 5569 onmem
1742 5515 2000 5570 nimirum
2043 5514 2379 5572 diabolicam
2410 5513 2705 5566 elationem
2777 5509 3215 5580 conlriugentes.
3269 5507 3426 5575 Quod
3504 5508 3552 5563 si
3589 5516 3713 5561 tex-

426 5609 545 5653 tmn
582 5604 731 5672 legas
777 5613 943 5673 prout
970 5608 1134 5659 etiam
1192 5606 1295 5675 legi
1328 5615 1505 5675 potest
1546 5625 1559 5660 :
1598 5605 1663 5660 In
1704 5623 1879 5661 vorem
1922 5619 2329 5662 cataractarum
2363 5613 2601 5668 tuarum,
2678 5613 2836 5671 potes
2864 5601 3027 5672 illita
3087 5601 3340 5657 amorem
3416 5611 3703 5668 anagosen

428 5691 761 5765 intelligere,
804 5699 950 5766 quod
993 5700 1248 5771 abyssus,
1307 5712 1365 5755 et
1418 5701 1673 5773 abyssus,
1740 5702 1909 5759 Vetus
1967 5716 2021 5759 et
2056 5703 2268 5758 Novum
2300 5700 2715 5756 Testamentum
2766 5698 3101 5792 significent,
3137 5698 3208 5754 ob
3273 5695 3711 5800 profunditatem

432 5786 698 5841 nimirum
784 5791 1129 5847 occultorum
1189 5810 1496 5851 sensuum:
1537 5805 1590 5849 et
1671 5798 1870 5861 dicere,
1932 5798 2077 5867 quod
2154 5796 2389 5859 Novum,
2464 5793 2767 5860 Autiquum
2865 5786 3085 5847 invocat
3171 5792 3610 5853 Testamentum,
3655 5788 3711 5842 in

436 5894 626 5934 vocem
661 5889 1065 5941 cataractarum
1113 5896 1356 5952 tuarum,
1406 5889 1508 5944 hoc
1538 5898 1639 5953 cst,
1697 5904 1789 5947 Der
1821 5904 2009 5947 vocem
2052 5888 2449 5962 prophetarum
2506 5896 2747 5942 tuorum.
2784 5884 3057 5943 Dicuntur
3092 5885 3239 5943 enim
3312 5886 3511 5941 merito
3579 5898 3712 5955 pro-

518 5998 563 6008 σςσ
822 5998 847 6003 ν-
1097 5998 1157 6009 ·υρ
1486 6004 1551 6019 ι⁴
1615 6007 1843 6019 ...μιᾳ
