4120 6422
412 408 516 473 475

1678 403 2062 469 EUTHYMII
2108 382 2479 465 ZIGABENI'

3577 403 3687 468 476

414 520 667 577 Psalmus
699 521 799 590 ipsi
836 519 1003 575 David
1031 520 1122 592 qui
1157 519 1299 591 apud
1340 517 1594 573 Hebraeos
1638 516 1754 570 sine
1800 515 1992 571 inscri-

2116 513 2354 584 l’alpdc
2403 511 2481 579 τᾷ
2505 510 2705 580 Δαόὶδ,
2741 512 3153 584 ἀνεπίγραφος
3189 515 3326 583 παρ’
3364 516 3667 585 Ἑϐραίοις,

972 613 1150 682 ptioue
1195 610 1445 664 habetur.

945 745 1271 804 PSALMUS
1299 746 1466 803 XLII.

487 858 739 917 Praesens
795 863 1045 932 psalmus
1100 873 1252 917 caret
1290 863 1641 932 insriptione,
1686 863 1852 919 veluti
1907 864 2000 933 qui

422 951 674 1020 ejusdem
710 953 1125 1023 estargumenti
1154 964 1210 1010 et
1246 954 1534 1010 sententiae
1570 970 1697 1010 cum
1730 955 2004 1025 superiori

418 1042 651 1111 psalmo,
684 1049 738 1098 et
790 1044 938 1097 illius
984 1045 1393 1113 quodammodo
1433 1060 1560 1115 pars
1605 1061 1727 1102 esse
1760 1047 1997 1103 videtur.

420 1131 724 1187 Plurimum
760 1135 904 1188 enim
929 1149 1053 1190 cum
1089 1151 1154 1191 eo
1179 1137 1436 1206 congruit
1468 1154 1484 1204 ;
1517 1145 1571 1192 et
1602 1139 1901 1193 verisimile
1915 1149 2000 1195 est

420 1224 678 1279 eumdem
708 1224 901 1289 fuisse,
928 1228 1021 1295 qui
1060 1229 1193 1291 haec,
1227 1238 1393 1295 atque
1425 1228 1517 1282 illa
1551 1231 1716 1284 verba
1758 1233 2007 1300 protule-

421 1314 514 1367 rit.
549 1313 682 1380 Quae
703 1316 867 1370 etiam
901 1316 1064 1372 simili
1098 1329 1258 1373 mooo
1283 1334 1350 1373 ex
1383 1318 1548 1374 unius
1571 1327 1783 1373 tantum
1806 1320 2007 1377 dicun-

2670 759 2968 814 ΨΑΛΜΟΣ
2999 757 3136 815 MB’.

2187 872 2593 944 Ἀνεπίγραφός
2619 874 2790 941 ἐστιν,
2830 875 2906 938 ὡς
2935 876 3039 945 τῆς
3064 874 3239 945 αὐτῆς
3260 874 3343 946 τῷ
3377 874 3484 945 πρὸ
3518 873 3689 929 αὐτοῦ

2106 963 2394 1033 τυγχάνων
2439 964 2701 1029 διανοίαςο
2733 966 2883 1020 δοκεῖ
2928 965 3040 1037 γὰρ
3074 966 3245 1038 μέρος
3272 966 3464 1029 αὐτοῦ,
3503 966 3591 1021 διὰ
3627 966 3692 1020 τδ

2109 1052 2313 1124 πολλὴν
2343 1052 2491 1125 ἔχειν
2518 1054 2865 1125 συμφωνίαν·
2901 1058 2930 1109 ὁ
2967 1054 3099 1124 γοῦν
3126 1054 3195 1109 τὰ
3220 1056 3277 1108 ὲν
3301 1055 3499 1123 ἐκείνῳ
3524 1053 3694 1121 φθεγ-

2111 1143 2365 1213 ξάμενος,
2397 1147 2697 1216 φθέγγεται
2722 1148 2819 1201 καὶ
2841 1148 2912 1202 τὰ
2938 1149 2995 1202 ὲν
3020 1146 3217 1215 τούτῳ.
3243 1140 3337 1207 Εἷς
3352 1147 3411 1199 δέ
3431 1162 3515 1209 τις
3542 1144 3693 1197 ἐστὶν

2110 1234 2140 1286 ὁ
2177 1236 2372 1305 λέγων,
2411 1239 2506 1292 καὶ
2555 1239 2624 1293 τὰ
2672 1239 2821 1311 πάθη
2852 1239 2948 1295 τοῦ
2978 1240 3174 1309 γένους
3216 1240 3298 1303 είς
3326 1236 3522 1291 ἑαυτὸν
3560 1237 3695 1290 ἁνα-

2111 1325 2425 1398 δεχόμενος,
2458 1330 2595 1385 διότι
2627 1332 2726 1386 καὶ
2759 1332 2985 1395 σπάνιος
3013 1332 3041 1385 ὁ
3066 1329 3333 1394 τοιοῦτος.

424 1417 516 1459 tur
548 1423 809 1478 persona,
846 1409 1012 1465 veluti
1057 1411 1150 1480 qui
1199 1413 1370 1468 totius
1428 1409 1613 1482 populi
1659 1428 1886 1468 causam
1945 1430 2010 1471 ac
2056 1421 2340 1488 passiones
2369 1424 2424 1478 in
2441 1438 2501 1478 se
2518 1424 2842 1494 susceperit.
2859 1424 3015 1491 Quod
3034 1424 3286 1482 fortassis
3335 1422 3425 1477 illa
3486 1424 3694 1474 ratione

422 1505 676 1560 ell'cctum
739 1514 841 1572 est,
910 1507 1037 1575 quia
1096 1522 1258 1564 rarus
1309 1523 1375 1563 ac
1430 1524 1567 1576 pene
1623 1510 1821 1566 unicus
1879 1514 2006 1583 quis
2045 1518 2274 1585 reperiri
2314 1521 2487 1588 possit
2518 1523 2614 1591 qui
2641 1522 2692 1578 id
2729 1522 2911 1580 iaciat.

493 1623 937 1678 VansJJudica
964 1626 1115 1686 mihi.
1143 1625 1307 1682 Deus.
1336 1625 1576 1684 Verbum
1596 1629 1795 1684 Judica
1816 1630 1861 1686 si
1880 1646 2006 1686 cum

422 1716 744 1772 accusativo
772 1715 1037 1787 jungatur
1072 1719 1215 1775 idem
1245 1720 1518 1790 signiﬁcat
1551 1722 1697 1791 quod
1730 1722 2008 1779 Condem-

423 1810 833 1881 na,jnxtaquod
849 1813 1053 1867 dictum
1077 1814 1309 1882 legimus
1327 1816 1372 1848 ³³
1396 1833 1409 1871 :
1429 1814 1628 1872 Judica
1649 1816 1796 1883 illos,
1827 1817 2005 1883 Deus;

424 1903 467 1956 si
490 1918 616 1958 vero
635 1917 759 1957 cum
790 1903 975 1959 dativo
1009 1903 1095 1977 [ut
1122 1905 1259 1972 hic],
1296 1906 1440 1962 idem
1473 1908 1578 1962 erit
1621 1908 1788 1978 quod,
1830 1907 2008 1963 Iudex

426 2004 566 2049 οδω.

500 2107 564 2161 Ει
596 2109 832 2162 discerne
868 2126 1087 2163 causam
1134 2127 1302 2165 meam
1350 2112 1412 2166 de
1447 2122 1597 2182 gente
1646 2129 1748 2165 non
1798 2121 2006 2166 saneta.

430 2198 506 2252 De
535 2210 706 2268 gente,
747 2201 800 2256 id
838 2211 945 2266 est,
975 2202 1112 2257 Cum
1141 2214 1320 2274 gente.
1353 2204 1469 2271 Vel,
1504 2205 1757 2259 discerne
1784 2219 2009 2259 causam

429 2294 499 2346 de
532 2302 694 2362 gente
738 2295 993 2358 scelesta,
1059 2305 1227 2368 atque
1258 2298 1483 2369 iniusta,
1517 2308 1573 2355 et
1618 2297 1789 2354 Deum
1822 2314 2009 2355 verum

436 2402 544 2439 non
577 2386 816 2445 colente.
858 2386 1116 2459 lntelligit
1141 2398 1326 2446 autem
1358 2390 1710 2461 Babylonios.

501 2479 541 2529 A
584 2476 697 2529 viro
733 2477 933 2545 injusto
959 2488 1005 2532 et
1040 2478 1224 2535 doloso
1249 2481 1391 2550 eripe
1429 2498 1530 2535 me.
1588 2480 1857 2551 lnjustum
1894 2484 2014 2553 qui-

428 2563 551 2618 dem
584 2563 739 2628 diait,
772 2567 937 2621 veluti
976 2567 1250 2637 iniquum,
1272 2577 1438 2638 atque
1466 2570 1734 2640 exlegem,
1758 2570 2010 2627 dolosum

429 2670 584 2721 vero,
613 2667 672 2710 ut
699 2658 1072 2729 deceptorcm.
1108 2660 1323 2714 Similia
1359 2670 1541 2715 autem
1589 2662 1704 2717 fere
1742 2664 2014 2719 habentur

432 2747 487 2801 in
526 2749 615 2803 illa
645 2749 811 2804 trium
853 2766 1147 2820 puerorum
1175 2752 1447 2807 oratione.
1479 2752 1681 2808 Dedisti
1730 2753 1899 2818 enim,
1929 2754 2014 2808 in-

430 2841 651 2909 quiunt,
681 2856 781 2898 nos
811 2843 923 2913 regi
967 2842 1192 2913 injusto,
1221 2854 1277 2898 et
1325 2843 1570 2899 omnium
1616 2861 1738 2915 quae
1777 2845 1831 2900 iu
1870 2855 2013 2901 terra

432 2941 563 2987 sunt
593 2930 851 3003 pt’Ssimo.
878 2934 1012 2989 Illud
1033 2936 1195 2990 etiam
1220 2936 1622 3001 adnotandum,
1649 2937 1792 3007 quod
1822 2938 2015 3008 singu-

434 3025 534 3080 lari
567 3026 885 3096 aliquando,
929 3036 983 3081 et
1013 3028 1314 3098 aliquando
1346 3029 1544 3099 plurali
1591 3046 1687 3085 seu
1726 3030 2014 3086 collectivo

434 3116 656 3170 nomine
681 3131 770 3184 eo,
803 3127 1026 3173 accusat
1057 3137 1070 3172 :
1111 3121 1236 3187 quia
1268 3119 1567 3184 nimirum,
1599 3131 1649 3174 et
1688 3119 1927 3189 privata,
1962 3130 2016 3176 et

432 3209 716 3262 communi
789 3211 1054 3279 pravitate
1120 3211 1507 3266 convivehant.
1563 3210 1645 3265 Tu
1716 3228 1845 3267 vero
1922 3228 2016 3280 per

433 3306 672 3367 gentem,
703 3306 758 3354 et
808 3300 1082 3356 hominem
1133 3303 1399 3373 injustum
1446 3310 1501 3357 et
1557 3302 1808 3359 dolosum
1864 3303 2014 3372 ipsos

2180 1637 2401 1706 Κρῒνόν
2416 1657 2540 1708 μοι,
2572 1644 2606 1695 ό
2632 1641 2796 1705 Bede.
2817 1639 2892 1693 Τὸ
2926 1637 3166 1708 Κρῒνον,
3200 1637 3250 1691 εί
3284 1635 3385 1706 μὲν
3411 1636 3691 1704 αἰτιατικῇ

2109 1729 2316 1785 πτώσει
2350 1732 2667 1802 συνταγείη,
2704 1731 2959 1803 σημαίνει
2993 1734 3199 1801 κυρίως
3235 1727 3692 1797 τδΚατάκρινον,

2108 1820 2187 1884 ὡς
2220 1822 2302 1875 τόο
2334 1822 2554 1890 Κρῖνον
2610 1823 2835 1891 αὐτοὺς
2859 1863 2875 1890 ,
2906 1826 2940 1878 ό
2978 1822 3155 1886 Θεός·
3200 1822 3250 1874 εί
3279 1820 3337 1874 δὲ
3373 1819 3584 1890 δοτικῇ,
3609 1819 3695 1886 τὸ,

2111 1913 2321 1985 Κριτὴς
2350 1914 2532 1983 γενοῦ.

2185 2114 2293 2169 Kal
2343 2114 2602 2168 δι’κασον
2649 2112 2765 2181 τὴν
2816 2113 2997 2182 δίκην
3040 2130 3161 2183 μου
3209 2111 3279 2176 ἐξ
3316 2112 3531 2177 ἔθνους
3581 2111 3695 2179 οὐχ

2114 2207 2314 2260 ὁσίου.
2342 2236 2412 2248 -
2445 2206 2547 2271 Ἐξ
2572 2207 2812 2274 ἔθνους,
2835 2206 2956 2261 ἀντὶ
2983 2205 3099 2270 τοῦ,
3118 2205 3276 2261 Μετὰ
3293 2204 3503 2268 ἔθνους
3540 2204 3574 2275 ἢ
3596 2203 3695 2271 τὴν

2114 2295 2175 2362 ἐξ
2206 2297 2393 2361 ἔθνους
2427 2298 2666 2360 ἀνοσίου.
2696 2299 2791 2353 καὶ
2820 2298 2888 2352 τὰ
2920 2299 3001 2361 είς
3029 2298 3162 2351 Θεὸν
3193 2296 3385 2351 ἀδίκου
3412 2310 3427 2326 ⁸
3454 2293 3697 2357 τοιοῦτος

2113 2386 2225 2459 γὰρ
2251 2389 2281 2440 ό
2315 2387 2553 2452 ἀνόσιοςη
2582 2388 2733 2458 λέγει
2774 2388 2831 2442 δὲ
2856 2389 2984 2451 τοὺς
3010 2385 3412 2447 Βαϐυλωνίους.

2199 2477 2342 2532 Ἀπὸ
2396 2477 2616 2545 ἀνδρὸς
2668 2477 2882 2533 ἀδίκου
2940 2477 3042 2531 καὶ
3096 2476 3308 2531 δολίου
3359 2472 3552 2544 ῥῦσαί
3594 2490 3691 2543 με.

2129 2567 2357 2622 Ἇδίκου
2391 2567 2511 2639 μὲν,
2546 2568 2623 2630 ώς
2648 2568 2872 2638 ἀνόμου·
2900 2567 3111 2622 δολίου
3136 2565 3215 2631 δὲ,
3243 2565 3318 2630 ώς
3354 2566 3688 2627 ἀπατεῶνος.

2115 2661 2279 2733 Δηλοῖ
2320 2659 2376 2714 δὲ
2421 2661 2516 2714 καὶ
2565 2660 2725 2714 τοῦτο
2752 2660 2849 2714 καὶ
2878 2662 2909 2732 ὴ
2943 2660 3222 2731 προσευχὴ
3265 2661 3433 2729 τριῶν
3467 2658 3687 2712 παὲδων.

2116 2751 2451 2824 Παρέδωκας
2501 2752 2606 2823 γὰρ
2689 2752 2896 2823 φησιν,
2943 2753 3086 2823 ἡμᾶς
3144 2751 3356 2822 βασιλεῖ
3387 2750 3555 2820 ἀδίκῳ
3600 2750 3696 2802 καὶ

2117 2845 2595 2917 παρανομωτάτῳ,
2620 2843 2770 2914 παρὰ
2800 2844 2980 2897 πᾶσαν
2999 2844 3100 2915 τὴν
3129 2845 3269 2914 γῆν.·
3292 2842 3430 2896 Ποτὲ
3459 2843 3558 2910 μὲν
3579 2835 3698 2904 οὖν,

2116 2935 2519 3007 πληθυντικῶς,
2571 2934 2703 2988 ποτὲ
2765 2934 2846 3000 δὲ,
2903 2934 3099 2995 ἑνικῶς
3133 2932 3314 2985 αὐτῶν
3373 2931 3699 3001 κατηγορεῖ,

2115 3027 2374 3081 διότικαὶ
2413 3029 2567 3098 κοινῇ
2615 3026 2709 3079 καὶ
2763 3026 2870 3097 ίδίᾳ
2924 3025 3162 3096 πονηρίᾳ
3207 3022 3464 3088 συνέζων.
3521 3023 3592 3075 Σὺ
3638 3021 3701 3073 δι

2117 3120 2336 3189 νοήσεις
2384 3117 2557 3184 ἔθνος,
2601 3118 2856 3182 καὶτοὺς
2904 3119 3187 3188 δαίμοναςο
3241 3117 3444 3187 ὁμοὲως
3494 3114 3548 3168 δὲ
3602 3114 3703 3168 καὶ

2115 3210 2405 3282 ἄνθρωπον
2436 3209 2622 3265 ἄδικον
2651 3211 2744 3264 καὶ
2770 3210 2966 3274 δόλιον,
3000 3210 3092 3263 τὸν
3115 3209 3381 3273 διάῆολον,
3413 3209 3487 3271 ὡς
3516 3207 3706 3278 προείι

2120 3319 2304 3373 ρηται·
2337 3302 2492 3356 οὐδὲν
2530 3303 2640 3373 γὰρ
2683 3302 2975 3373 ἀνθρώπου
3005 3301 3276 3372 διαφέρει,
3331 3299 3475 3354 κατὰ
3501 3299 3563 3352 τὸ
3601 3299 3703 3367 ἒμ-

432 3390 733 3457 ιίωιιιοηοε,
765 3400 820 3446 et
864 3393 1171 3449 daemonum
1207 3393 1507 3465 principem
1542 3395 1835 3466 intelliges.
1865 3394 2012 3450 Nihil

2117 3392 2313 3457 παθὲς,
2349 3393 2446 3446 καὶ
2484 3393 2790 3464 φιλήδονον,
2831 3391 3036 3462 ὁμοίως
3086 3389 3360 3461 ἀνθρώπῳ
3392 3388 3706 3458 φιλοσώμα-

431 3480 579 3533 enim
611 3480 869 3537 differunt
894 3481 962 3537 ab
998 3483 1218 3538 homine
1254 3484 1784 3554 perturbationibus,
1809 3485 2015 3555 quippe

2121 3483 2255 3549 τῶν,
2292 3484 2389 3538 καὶ⁸
2417 3488 2532 3548 τοῖς
2564 3483 2799 3552 πᾴθεσιν
2829 3482 3268 3554 ἁναφυρόμενος.

432 3587 581 3637 cum,
628 3588 781 3628 more
846 3570 1154 3641 hominum,
1193 3589 1399 3631 vesano
1451 3576 1790 3646 voluptatum
1835 3590 2022 3631 amore
2058 3576 2453 3646 corripiantur,
2495 3576 2775 3645 corporeis
2855 3577 3000 3646 quod
3050 3573 3359 3628 atliciantur
3432 3570 3706 3644 passioni-

434 3666 557 3727 lzus,
591 3673 645 3719 et
677 3664 845 3720 variis
871 3667 1227 3735 inquinentur
1250 3669 1729 3739 concupiscentiis.

506 3777 670 3835 Vens.
688 3779 744 3834 2.
766 3780 906 3846 Quia
931 3790 985 3834 tu
1013 3798 1090 3847 es,
1113 3781 1272 3848 Deus,
1303 3783 1558 3853 fortitudo
1577 3799 1713 3838 mea.
1738 3781 2019 3841 Stabilitas

431 3870 646 3927 scilicet
679 3886 821 3936 mea,
856 3888 922 3929 ac
951 3874 1096 3929 vires
1128 3890 1283 3930 metu.

505 3986 686 4053 Quare
708 4003 790 4040 me
822 3988 1068 4055 repulisli
1087 3989 1108 4043 .'
1140 3988 1389 4046 Tradens
1417 4003 1502 4045 me
1534 3989 1588 4044 in
1619 3989 2015 4060 captivitatem.

433 4078 545 4147 Ego
596 4079 744 4134 enim
793 4094 987 4136 servus
1025 4088 1156 4136 tuus
1205 4096 1349 4149 sum,
1388 4080 1440 4137 hi
1486 4096 1618 4137 vero
1669 4082 1768 4138 tibi
1820 4082 2018 4138 adver-

435 4177 654 4221 santur.

504 4256 574 4312 Et
602 4275 764 4329 quare
798 4262 966 4317 tristis
995 4261 1205 4327 incedo,
1242 4264 1371 4318 dum
1402 4265 1589 4337 afﬂigit
1616 4282 1697 4321 me
1727 4266 2021 4322 inimicus?

433 4350 555 4406 Non
595 4365 869 4408 accusans
899 4351 1070 4409 Deum
1102 4354 1209 4408 hoc
1241 4354 1398 4421 dicit,
1433 4357 1526 4412 sed
1559 4358 1782 4426 placans
1812 4358 2016 4427 potius,

433 4458 498 4499 ac
529 4444 812 4512 mitigans.

503 4534 670 4590 Vsus.
708 4537 762 4591 5.
793 4536 989 4591 Emitte
1007 4537 1185 4609 lucem
1212 4549 1384 4605 tuam,
1432 4549 1482 4595 et
1526 4541 1805 4595 ueritatem
1851 4550 2020 4598 tuam.

431 4626 594 4681 Juxta
638 4641 944 4699 anagogen,
974 4643 1072 4698 per
1103 4629 1279 4686 lucem
1303 4641 1359 4686 et
1389 4632 1702 4698 veritatem,
1735 4631 2019 4689 Christum

431 4719 705 4788 intelligit.
750 4721 865 4791 Ego
899 4723 1073 4788 enim,
1128 4722 1328 4795 inquit,
1375 4725 1472 4779 tua:
1513 4740 1654 4792 sum,
1711 4726 1929 4792 veritas,
1971 4736 2021 4782 et

431 4813 538 4863 vita
558 4812 624 4865 ³⁸.
671 4810 836 4867 Juxta
878 4814 1166 4869 historiam
1199 4830 1351 4883 vero,
1387 4815 1565 4871 lucem
1621 4818 1855 4886 appellat
1892 4832 2019 4886 pro-

433 4903 751 4968 tectionem,
792 4912 847 4959 et
887 4906 1193 4961 custodiam
1219 4906 1339 4970 Dei,
1382 4923 1505 4979 quae
1527 4924 1806 4965 summum
1839 4910 2014 4981 quod-

431 4992 559 5049 dam
604 4995 807 5053 laetitia:
842 4999 1025 5054 lumen
1064 5015 1253 5055 secum
1284 5001 1462 5069 atl‘ert,
1509 5003 1672 5073 cujus
1724 5005 2020 5075 splendore

429 5101 623 5143 ornnes
666 5089 1023 5146 amictionum
1055 5096 1296 5148 tenebrae
1341 5094 1742 5151 dissolvuntur.
1802 5095 2019 5151 Verita-

430 5184 538 5231 tem
572 5186 756 5232 autem
789 5195 1026 5250 expone,
1062 5181 1114 5237 id
1149 5191 1255 5248 est,
1291 5199 1480 5240 verum
1520 5187 1810 5241 auxilium.

492 5293 621 5364 Ipsa
665 5313 746 5350 me
793 5297 1151 5363 deduxerunt,
1206 5306 1257 5353 et
1300 5299 1639 5354 adduxerunt
1684 5301 1740 5353 in
1787 5311 2013 5355 utentem

430 5396 673 5439 sanctum
715 5396 889 5452 tuum,
929 5388 1062 5441 etin
1093 5386 1445 5442 tabernacula
1486 5397 1600 5440 tua.
1643 5385 1758 5440 Hoc
1792 5386 1846 5440 in
1893 5388 2015 5440 loco

434 5487 651 5548 tempus
669 5481 903 5551 positum
934 5488 1021 5535 est
1056 5495 1154 5550 pro
1182 5489 1446 5548 tempore,
1479 5476 1816 5548 praeteritum
1852 5477 2018 5531 nimi-

433 5582 555 5621 rum
608 5584 708 5639 pro
759 5569 964 5625 futuro.
991 5567 1133 5635 Tua,
1166 5567 1366 5639 inquit,
1401 5572 1514 5633 lux,
1548 5574 1603 5621 et
1646 5574 1737 5620 tua
1786 5567 2016 5635 veritas,

434 5656 551 5723 ipsa
584 5673 670 5712 me
702 5658 999 5724 deducent,
1028 5666 1081 5713 et
1110 5658 1384 5713 adducent
1411 5659 1467 5711 in
1499 5666 1739 5712 montem
1762 5662 2013 5713 sanctum

439 5752 594 5801 tuum
630 5748 786 5814 Sion,
825 5760 879 5806 et
907 5750 961 5805 in
989 5750 1373 5817 tabernacula,
1405 5751 1507 5806 hoc
1537 5759 1643 5816 cst,
1672 5751 1724 5806 in
1753 5753 2011 5823 tetuplum

509 5932 554 5964 "
586 5932 728 5989 Psal.
772 5949 823 5998 ν,
871 5936 951 5992 ΙΙ.
1032 5942 1253 5997 "Joau.
1295 5942 1479 6007 me.

2193 3786 2324 3840 Ὀτι
2364 3784 2447 3838 σὺ
2483 3777 2557 3849 εἷ,
2587 3785 2621 3837 d
2654 3782 2821 3848 Θεὸς,
2849 3779 3193 3850 κραταίωμά
3218 3798 3361 3849 μου.
3398 3778 3703 3850 Στερέωσίς

2122 3894 2224 3947 μου
2258 3876 2413 3945 ἰσχύς
2439 3892 2565 3941 μου.

2201 3996 2386 4051 Ἰνατί
2428 3994 2651 4050 ἀπώσω
2700 4010 2814 4064 με;
2859 3992 3080 4058 Ἐκδοὺς
3137 3994 3220 4057 είς
3278 3994 3658 4064 αίχμαλωσίαν
3686 4008 3702 4025 ·

2120 4088 2211 4152 σὸς
2247 4087 2347 4156 μὲν
2381 4088 2491 4158 γὰρ
2519 4086 2634 4156 ἐγὼ
2670 4086 2880 4150 δοῦλος·
2913 4081 3068 4151 οὗτος
3092 4087 3170 4153 δὲ,
3194 4087 3394 4158 ἐχθρός
3425 4103 3539 4139 σου.

2187 4270 2294 4324 Kal
2322 4269 2479 4323 ίνατί
2505 4267 2947 4336 σκυθρωπάζων
2972 4266 3320 4334 πορεύομαι,
3362 4264 3435 4317 ἐν
3459 4262 3539 4328 τῷ
3573 4263 3673 4318 0.1!
3688 4293 3707 4303 -

2121 4365 2247 4415 ὕειν
2280 4362 2387 4415 τὸν
2410 4360 2669 4430 ἐχθρόν;
2705 4360 2819 4413 Οὐκ
2849 4358 3100 4427 ἐγκαλῶν
3123 4357 3299 4412 ταῦτα
3327 4373 3514 4426 φησιν,
3567 4356 3706 4408 ἀλλὰ

2120 4452 2416 4505 δυσωπῶν.
3040 4496 3041 4499 η

2206 4542 2686 4606 Ἑξαπόστειλον
2709 4541 2778 4595 τὸ
2807 4541 2935 4612 φῶς
2964 4558 3104 4605 σου,
3140 4540 3240 4596 καὶ
3274 4538 3388 4608 τὴν
3413 4537 3704 4606 ἀλήθειάν

2125 4648 2265 4690 σου.
2317 4633 2705 4703 Ἀναγωγικῶς
2765 4634 2885 4705 μὲν,
2920 4635 3013 4689 τὸν
3069 4634 3308 4705 Χριστὸν
3362 4634 3662 4687 αίνέττεται
3688 4649 3704 4662 ·

2124 4730 2257 4813 φησι
2290 4728 2399 4799 γάρ
2422 4745 2438 4760 υ
2492 4727 2640 4796 Ἐγώ
2664 4730 2781 4797 ειμι
2827 4726 2896 4780 τὸ
2920 4726 3069 4795 φῶς,
3093 4725 3207 4779 ’καὶ
3232 4725 3271 4793 ἡ
3301 4723 3573 4789 ἀλήθεια,
3604 4720 3704 4775 καί

2120 4819 2159 4886 ὴ
2193 4818 2330 4887 ζωή·
2358 4819 2483 4873 καθ’
2520 4820 2765 4890 ἱστορίαν
2822 4819 2900 4883 δὲ,
2942 4818 3061 4889 φῶς
3096 4817 3197 4887 μὲν
3233 4816 3393 4870 καλεῖ
3436 4816 3535 4885 τὴν
3577 4815 3703 4867 Eme

2124 4910 2358 4981 σκοπὴν,
2389 4911 2512 4981 ἥτις
2560 4912 2639 4981 τῷ
2674 4912 2815 4979 φωτὶ
2866 4911 2967 4980 τῆς
3015 4910 3194 4981 χαρᾶς
3232 4908 3349 4961 λύει
3399 4907 3463 4960 τὺ
3513 4904 3704 4968 σκότος

2124 5005 2226 5075 τῆς
2257 5004 2515 5075 θλίψεως·
2547 5003 2813 5075 ἀλήθειαν
2843 5002 2923 5066 δὲ,
2954 5002 3054 5074 τὴν
3083 4999 3346 5072 ἀληθινὴν
3372 4998 3645 5070 βοήθειαν.

2185 5293 2346 5349 Λὺτὰ
2392 5311 2469 5363 με
2511 5292 2863 5363 ώδήγησαν,
2919 5292 3017 5346 καὶ
3052 5291 3287 5362 ἤγαγόν
3311 5305 3386 5360 με
3435 5289 3525 5354 εὶς
3565 5284 3699 5355 δρο(

2117 5387 2292 5456 ἅγιόν
2322 5399 2463 5450 σου,
2497 5385 2597 5439 καί
2643 5386 2734 5450 είς
2782 5384 2852 5439 τὰ
2906 5384 3276 5454 σκηνώματὰ
3329 5397 3474 5438 σου.
3518 5378 3697 5449 Ἐνήλ-

2116 5479 2315 5533 λακται
2366 5478 2396 5530 ὁ
2425 5479 2639 5547 χρόνος,
2683 5478 2807 5531 ἀντὶ
2864 5475 3231 5547 Ὀδηγήσουσι
3288 5473 3388 5528 καὶ
3442 5472 3664 5539 ἄξουσιν
3687 5485 3701 5504 ο

2118 5570 2272 5627 αὐτὰ
2308 5571 2388 5637 δὲ,
2433 5569 2638 5641 δηλαδὴ
2676 5570 2738 5623 τὸ
2766 5569 2884 5638 φῶς
2931 5585 3027 5622 σου
3062 5569 3155 5622 καὶ
3201 5569 3235 5639 ὴ
3282 5564 3514 5637 ἀλήθειά
3563 5578 3658 5615 σου
3688 5577 3700 5591 ο

2119 5661 2217 5715 καὶ
2250 5660 2377 5731 ὅρος
2403 5659 2503 5728 μὲν
2537 5659 2715 5727 ἅγιον,
2752 5659 2814 5712 τὸ
2843 5658 3004 5713 Σιών·
3032 5657 3370 5728 σκηνώματα
3389 5655 3469 5720 δὲ,
3506 5654 3535 5707 ὁ
3559 5651 3697 5714 θεῖος

2123 5756 2272 5820 ναός.
2316 5753 2705 5824 ’Δναγωγικῶς
2729 5753 2806 5822 δὲ,
2839 5754 2867 5807 ὁ
2889 5754 3127 5825 Χριστὸς
3162 5752 3424 5825 ὁδηγήσει
3456 5750 3549 5805 καὶ
3584 5745 3698 5813 ἄξει
