4120 6416
431 414 545 480 ιιι

1639 415 2029 481 cannam.
2064 416 2148 479 IN
2188 390 2564 480 PSALMOS.

3469 377 3477 387 ’
3581 419 3689 483 ιτδ

422 524 556 584 τοὺς
587 521 820 583 πιστοὺς
873 520 954 585 εἰς
1009 519 1110 591 τὴν
1160 521 1273 578 ἄνω
1323 520 1484 587 Σιὼν,
1529 522 1725 578 καὶτὰ
1770 524 2000 596 οὐράνια

2114 533 2280 582 tuum.
2319 527 2484 583 Juxta
2511 543 2807 599 anagogem
2838 530 3112 597 Christus,
3149 530 3267 602 qui,
3320 540 3377 587 ut
3438 536 3693 604 superius

426 612 785 684 σκηνώματα’
828 612 972 683 Ἐγὼ
998 613 1132 684 γὰρ,
1172 612 1357 683 φησὶν,
1388 612 1505 683 ειμι
1540 614 1578 682 ἠ
1601 614 1763 681 ὁδός.

2101 617 2363 683 diximus,
2397 621 2490 674 lux
2539 628 2645 685 est,
2693 629 2748 675 et
2794 623 3013 687 veritas,
3051 624 3284 680 deducet
3341 635 3392 679 et
3460 625 3691 681 adducet

423 700 615 758 ﬁdeles
681 718 876 759 omnes
916 704 983 758 ad
1026 719 1318 775 supernam
1366 702 1522 771 Sion,
1569 714 1623 761 et
1672 704 1742 761 ad
1824 707 2074 764 coelestia
2114 711 2488 769 tabernacula.
2552 713 2666 784 Ego
2723 713 2868 769 ettim
2925 731 3065 781 sum,
3121 717 3322 785 inquit,
3381 718 3489 783 via,
3551 720 3689 771 veri-

427 803 537 858 tas,
566 803 673 850 etc.

496 887 607 941 Kal
652 887 1083 957 εισενιεύσομαι
1131 887 1282 956 πρὸς
1313 888 1382 942 τὸ
1425 889 1866 960 θυσιαστήριον
1901 889 2009 946 τοῦ

428 978 604 1033 Θεοῦ.
638 978 970 1046 Λατρεύσων
1006 978 1178 1049 αὐτῷ,
1209 979 1305 1033 καὶ
1340 978 1544 1033 θύσων.

500 1070 658 1137 Πρὸς
684 1070 791 1124 τὸν
821 1072 992 1134 Θεὸν,
1020 1070 1130 1125 τὸν
1154 1071 1561 1141 εὐφραίνοντα
1591 1073 1709 1141 τὴν
1755 1077 2012 1145 νεότητά

418 1180 563 1231 μου.
590 1164 765 1217 Τοῦτο
796 1165 1079 1236 προσώπῳ
1101 1167 1236 1234 φησὶ
1264 1165 1374 1219 τῶν
1404 1166 1463 1219 ὲν
1486 1167 1841 1241 αἰχμαλωσίᾳ
1880 1186 2009 1238 γεν-

427 1251 727 1319 νηθέντων,
767 1254 863 1307 καὶ
888 1254 1026 1308 νέων
1054 1255 1453 1310 ἀναϐαινόντων
1483 1257 1565 1320 εἰς
1612 1257 1966 1330 Ἰερουσαλήμ
1989 1274 2005 1289 ’

425 1342 575 1407 εἰκὸς
592 1342 701 1413 γάρ
721 1344 846 1407 τοὺς
871 1346 1116 1414 πατέρας
1142 1346 1321 1400 αὐτῶν
1345 1349 1660 1404 ἀποθανεῖν.
1689 1349 1763 1403 Ἦ
1780 1350 2007 1419 νεότητα

422 1432 577 1499 λέγει
610 1434 709 1503 τὴν
759 1434 902 1488 κατά
950 1436 1275 1507 προαίρεσιν
1300 1454 1314 1468 ·
1365 1437 1588 1503 ὲνέαξον
1636 1440 1745 1509 γὰρ
1779 1443 1899 1504 ταῖς
1926 1441 2010 1503 τις

419 1525 523 1593 τὴν
547 1525 645 1579 τοῦ
670 1525 810 1579 θεοῦ
843 1526 1105 1599 λατρείαν
1132 1530 1487 1600 προθυμίαις.
1530 1532 1923 1600 Ἀναγωγικῶς
1948 1530 2007 1586 δὲ

419 1617 641 1688 νεότης,
669 1620 703 1689 ἡ
730 1618 821 1673 διὰ
863 1618 961 1673 τοῦ
1012 1620 1392 1691 βαπτίσματος
1421 1623 1748 1689 ἀνανέωσις,
1783 1624 1877 1679 καὶ
1909 1622 2005 1677 τοῦ

417 1709 662 1764 παλαιοῦ
689 1710 981 1783 ἀνθρώπου
1010 1714 1338 1779 ἀπέκδυσις.

2186 891 2354 948 Vsus.
2390 893 2447 947 4.
2478 890 2547 946 Et
2584 892 2816 947 introibo
2843 893 2913 947 ad
2939 893 3110 949 altare
3139 893 3251 948 Dei.
3285 893 3559 959 Adorabo,
3602 894 3693 947 in-

2115 984 2257 1055 quit,
2288 984 2482 1049 Deum,
2512 992 2568 1040 et
2607 985 2931 1040 sacritlcabo
2963 991 3035 1040 ei.

2184 1078 2267 1130 Ad
2293 1075 2461 1130 Deum
2495 1074 2586 1146 qui
2616 1076 2856 1145 laetiﬁcat
2889 1077 3221 1145 juventutem
3254 1094 3442 1132 meam.
3472 1078 3594 1134 llaec
3619 1097 3688 1136 ex

2115 1184 2312 1225 eorum
2356 1186 2596 1241 persona
2626 1172 2774 1225 dicta
2804 1180 2961 1233 sunt,
2989 1172 3081 1241 qui
3118 1173 3168 1224 in
3215 1172 3531 1240 captivitate
3575 1174 3685 1227 nati

2115 1268 2299 1326 erant,
2340 1269 2396 1316 et
2454 1262 2547 1331 qui
2602 1261 2768 1316 modo
2822 1262 3197 1316 ascendebant
3248 1262 3300 1314 in
3358 1260 3684 1317 Jerusalem.

2117 1350 2431 1407 Verisimile
2467 1351 2613 1405 enim
2655 1359 2764 1411 est,
2798 1366 2989 1405 eorum
3028 1362 3287 1420 parentes
3330 1353 3382 1406 in
3417 1352 3689 1423 Babylone

2116 1440 2363 1507 captivos
2415 1440 2670 1509 periisse.
2703 1439 2799 1495 Vel
2838 1456 2936 1509 per
2977 1441 3342 1510 juventutcm,
3403 1436 3687 1511 vigescens

2119 1531 2287 1585 animi
2339 1533 2685 1602 propositum
2729 1532 3003 1602 intelligit.
3044 1534 3469 1587 chovabantur
3514 1535 3685 1595 enim,

2116 1630 2172 1677 et
2196 1621 2603 1691 quodammodo
2631 1624 3082 1694 juvenesccbaut,
3118 1639 3243 1678 cum
3298 1625 3466 1679 divini
3506 1625 3689 1678 cultus

2115 1730 2332 1785 semper
2402 1715 2577 1785 magis
2647 1715 3118 1771 succenderentur
3172 1717 3464 1772 desiderio.
3523 1713 3688 1769 Juxta

414 1804 1527 1873 attagogen,perjuventutemrenovatio
1580 1807 1673 1864 illa
1731 1807 2081 1878 intelligitur,
2122 1821 2246 1877 quae
2300 1806 2357 1862 tit
2387 1822 2485 1878 per
2532 1807 2892 1877 baptismum,
2943 1810 3184 1880 quando,
3238 1814 3404 1862 emito
3459 1806 3689 1875 antiquo

414 1893 670 1961 homine,
697 1910 896 1949 novum
922 1896 1220 1954 induimus.

498 1987 1066 2059 Ἐξομολογήσομαι
1115 2005 1216 2047 σοι
1271 1992 1343 2048 ἐν
1392 1994 1627 2064 κιθάρᾳ,
1680 1997 1714 2049 ό
1770 1994 1933 2061 Θεὸς,
1974 1996 2007 2049 ὁ

2181 1992 2351 2049 Vens.
2390 1992 2446 2048 5.
2486 1992 2790 2061 Confitebor
2836 1993 2934 2046 tibi
2970 1994 3024 2047 in
3072 1992 3277 2047 cithara
3318 1993 3477 2057 Deus,
3544 1992 3686 2047 Deus

420 2079 571 2145 θεός
596 2096 739 2148 μου.
793 2079 903 2151 Τὴν
944 2081 1221 2153 προτέραν
1253 2084 1607 2155 ἀπολήψομαι
1641 2087 2005 2149 κατάστασιν,

416 2171 578 2224 τοῦτο
610 2171 721 2242 γὰρ
754 2172 1026 2242 ἐδήλωσεν
1050 2174 1140 2228 διὰ
1165 2175 1265 2245 τῆς
1290 2176 1547 2248 κιθάραςο
1585 2178 1727 2247 μετὰ
1755 2178 2008 2248 ὁργάνων

426 2263 809 2335 εὔχαριστήσω
871 2282 976 2319 σοι’
1034 2267 1072 2321 ἃ
1126 2269 1670 2339 αἰχμαλωτισθέντες
1736 2271 1832 2324 ἐπὶ
1884 2271 2008 2333 ταῖς

437 2355 601 2417 ἱτὲαις
626 2357 966 2427 ἐκρέμασαν,
1003 2358 1081 2422 ὡς
1111 2359 1313 2429 ἀργίαν
1342 2360 1443 2432 ἠδη
1495 2360 2003 2430 καταψηφισθέντα.

448 2442 822 2511 Ἀναγωγικῶς
852 2445 909 2500 δὲ
939 2446 1162 2517 κιθάρα,
1207 2449 1240 2518 ὴ
1288 2448 1572 2519 πρακτικὴ
1615 2448 1808 2519 ἀρετὴ,
1838 2449 1914 2511 ὡς
1945 2450 2005 2502 ὲν

422 2535 602 2593 ἄλλοις
639 2537 970 2607 εἰρήκαμεν*
1006 2538 1068 2592 τὸ
1104 2538 1185 2605 δὲ,
1212 2541 1246 2593 ό
1285 2542 1452 2605 Θεὸς,
1484 2540 1519 2593 ὁ
1547 2542 1690 2605 Θεός
1732 2558 1873 2610 μου,
1910 2541 2019 2612 τὴν

415 2629 499 2688 εἰς
523 2627 656 2680 Θεὸν
686 2628 945 2698 ἐμφαίνει
966 2629 1374 2701 διαπυροτάτην
1399 2630 1664 2685 διάθεσιν.

2115 2086 2561 2139 mena-Primum
2594 2084 2793 2154 inquit,
2832 2092 2996 2154 atque
3024 2084 3378 2138 ammniorem
3407 2085 3532 2137 vita:
3558 2098 3689 2137 mete

2114 2186 2320 2231 statum
2352 2175 2708 2245 recuperabo,
2746 2177 3079 2246 organisque
3115 2183 3277 2245 atque
3312 2174 3688 2229 instrmuentis

2114 2267 2361 2328 musicis,
2388 2267 2620 2329 utolim,
2660 2267 2753 2319 tibi
2787 2268 2993 2336 gratias
3024 2282 3179 2337 agam
3207 2284 3221 2334 ;
3250 2282 3369 2335 quae
3399 2264 3580 2319 omnia
3621 2263 3691 2318 ab
3738 2257 3742 2261 ’

2114 2374 2182 2412 eo
2209 2369 2578 2428 temporequo
2609 2359 2663 2412 in
2693 2358 2969 2429 Babylone
2997 2359 3195 2426 captivi
3219 2373 3432 2421 sumus,
3457 2373 3690 2426 suspen-

2116 2450 2298 2505 dimus
2322 2450 2376 2503 in
2414 2450 2681 2506 salicibus
2718 2465 2825 2516 ;ca
2869 2450 3130 2504 nimirum
3173 2452 3407 2509 ratione.
3443 2458 3501 2500 ut
3533 2459 3686 2518 post-

2116 2556 2280 2611 quam
2316 2541 2502 2596 nullus
2537 2556 2637 2596 nos
2669 2550 2799 2595 tunc
2843 2542 3081 2595 musices
3121 2555 3256 2595 usus
3287 2541 3536 2600 decebat,
3568 2542 3688 2608 ipsa

2117 2632 2483 2689 instrumenta
2520 2634 2630 2689 illic
2666 2634 2830 2689 veluti
2882 2628 2947 2687 ad
2997 2633 3190 2700 otium,
3224 2641 3384 2700 atque
3439 2631 3687 2691 inertiam

418 2721 789 2774 condemnata
811 2722 1083 2790 jacerent.
1112 2720 1273 2778 Juxta
1298 2738 1577 2795 anagogen
1602 2739 1698 2792 per
1715 2724 2007 2789 citharam,
2045 2724 2303 2779 virtutem
2335 2726 2591 2781 moralem
2629 2725 3006 2794 intelligimus,
3039 2739 3160 2792 qua:
3231 2727 3376 2778 circa
3447 2724 3688 2778 actiones

418 2829 707 2883 versatur.
738 2829 799 2876 ut
822 2821 951 2876 alibi
982 2820 1244 2878 diximus.
1280 2821 1452 2876 Verba
1482 2833 1665 2877 autem
1685 2822 1774 2876 illa
1802 2838 1816 2875 :
1847 2821 2012 2890 Deus,
2054 2820 2197 2876 Deus
2231 2839 2397 2891 meus,
2424 2818 2700 2894 ingentem
2725 2838 2788 2877 ac
2819 2822 3052 2876 validum
3082 2821 3328 2875 ardorem
3395 2821 3450 2874 in
3518 2819 3686 2874 Deum

415 2917 829 2972 demonstrant.

497 3012 693 3066 'Iratl
729 3014 1063 3081 περίλυπος
1108 3010 1269 3083 eihi.
1312 3018 1483 3084 Ψυχή
1507 3032 1646 3084 μου,
1697 3015 1797 3070 καὶ
1844 3013 2004 3069 irati

417 3103 877 3168 συνταράσσεις
922 3119 1039 3172 με;
1076 3103 1329 3157 “suam!
1386 3103 1483 3155 ἐπὶ
1530 3102 1638 3155 τέν
1690 3105 1858 3165 Θεὸν,
1914 3100 2006 3154 ὅτι

416 3194 944 3265 ἐξομολογήσομαι
971 3193 1151 3259 αὐτῷ,
1199 3192 1505 3260 σωτήριον
1540 3194 1648 3249 τοῦ
1679 3192 2005 3261 προσώπου

414 3303 560 3356 μου,
588 3284 690 3339 καὶ
739 3289 773 3340 ὁ
824 3286 969 3351 Oed;-
995 3301 1136 3354 μου.
1183 3284 1266 3338 Τὰ
1305 3283 1447 3337 αύτά
1478 3283 1642 3338 πάλιν
1673 3282 1824 3353 αύτῷ
1864 3280 2005 3351 πρὸς

421 3379 728 3451 επίρῤωσιν
751 3380 1130 3447 ὲγκελεύεται.

418 3473 527 3539 Εις
552 3471 616 3526 τὸ
642 3472 819 3539 τέλος
851 3475 975 3538 τοῖς
999 3472 1152 3538 υΙοῖς
1168 3471 1321 3539 Κορὲ
1334 3474 1425 3537 εις
1447 3475 1727 3526 σύνεσιν.
1758 3469 2007 3538 Ψαλμὸς

1037 3562 1119 3628 τῷ
1157 3563 1365 3618 And/8.
1471 3553 1486 3565 '

988 3657 1284 3711 ΨΑΛΜΟΣ
1320 3654 1456 3710 Ml".

492 3750 733 3819 Τοιαύτη
752 3749 852 3820 μὲν
876 3749 968 3804 καὶ
995 3748 1090 3802 τοῦ
1116 3755 1211 3819 μα’
1242 3747 1462 3818 ψαλμοῦ
1490 3748 1794 3819 ἐπιγραφήο
1824 3764 2011 3817 προει-

428 3847 676 3918 ρήκαμεν
708 3843 766 3896 δι
824 3842 955 3912 περὶ
994 3842 1164 3910 αὐτῆς
1231 3843 1291 3893 ἐν
1342 3840 1558 3911 ἐκείνῳ.
1610 3840 1726 3893 Νῦν
1787 3839 1844 3892 δὲ
1903 3839 2007 3909 χρὴ

421 3935 680 3990 τοσοῦτον
708 3934 906 3996 εἰπεῖν,
939 3930 1315 4001 ὄτιπροσώπῳ
1337 3931 1621 3985 Ματταθίου
1645 3930 1739 3984 τοῦ
1772 3932 2007 3984 Μακκα-

425 4027 583 4080 ϐαιου
608 4027 701 4079 καὶ
725 4024 835 4077 τῶν
866 4024 1074 4078 παίδων
1099 4024 1265 4077 αὐτοῦ
1294 4025 1386 4076 τὸν
1414 4024 1662 4093 παρόντα
1689 4040 2011 4093 προαναφω-

420 4121 508 4171 νεῖ
531 4117 748 4187 ψαλμὸν
763 4119 791 4170 ὁ
819 4116 1005 4170 Δαϐίδο
1028 4115 1081 4169 οἳ
1101 4116 1578 4184 καταπονηθείσης
1604 4115 1709 4183 τῆς
1746 4114 2009 4178 Ἰουδαίας

396 4193 401 4197 ’
425 4211 535 4264 ὑπὸ
580 4210 857 4279 Ἀντιόχου
886 4208 982 4261 τοῦ
1028 4207 1363 4279 Ἐπιφανοῦς
1394 4208 1492 4262 καὶ
1517 4207 1627 4260 τῶν
1654 4208 2007 4269 Μακεδόνων,

424 4300 523 4353 καὶ
557 4298 926 4367 ἁρπαγείσης,
967 4298 1207 4365 φυγάδες
1251 4297 1429 4359 ὄντες,
1494 4297 1881 4369 ἀνεθάρρησαν
1910 4297 2009 4364 ὀψέ

422 4407 581 4454 ποτε,
599 4389 695 4443 καὶ
717 4389 1116 4457 συναγαγόντες
1134 4390 1294 4452 ὅσους
1318 4388 1584 4457 ἠδύναντο
1608 4389 1745 4458 πρὸς
1768 4388 2005 4457 ἄμυναν,

421 4480 961 4553 παρεσκευάσθησαν
1014 4479 1093 4551 τῷ
1146 4481 1269 4551 Θεῷ
1328 4481 1725 4552 θαρρήσαντες.
1755 4477 1857 4535 Ὧν
1910 4482 2008 4548 τὴν

424 4583 676 4652 ἱστορίαν
744 4577 993 4650 ἀκριϐῶς
1044 4576 1115 4630 τὰ
1181 4573 1591 4631 Μακκαϐαῖστά
1663 4574 2010 4629 διδάσκουσιν

435 4675 728 4742 Ἰωσήπου.
766 4667 1155 4736 Κατεπτηχόσι
1203 4665 1262 4719 δὲ
1299 4670 1413 4729 τοῖς
1444 4667 1508 4718 ὲκ
1549 4664 1731 4733 φυγῆς
1780 4668 2009 4738 συνηλε-

2188 3010 2368 3075 Quare
2410 3008 2582 3062 tristis
2626 3023 2680 3061 es
2724 3006 2904 3059 anima
2938 3022 3073 3070 mea,
3116 3013 3165 3058 et
3194 3021 3358 3075 quare
3402 3002 3686 3058 conturbas

2116 3120 2197 3157 me
2233 3104 2258 3157 7
2296 3118 2450 3171 spera
2491 3102 2541 3153 in
2588 3099 2716 3164 Deo,
2760 3098 3007 3166 quoniam
3057 3097 3231 3149 adhuc
3282 3097 3565 3163 conﬁtebor
3605 3094 3688 3148 illi

2113 3196 2352 3251 salutare
2385 3194 2561 3247 uultus
2603 3193 2727 3253 mei,
2753 3201 2801 3244 et
2832 3190 2968 3243 Deus
3017 3205 3188 3243 meus.
3247 3186 3449 3241 Eadem
3490 3203 3685 3243 rursus

2113 3290 2232 3358 ipse
2261 3288 2363 3341 sibi
2400 3286 2464 3340 ad
2501 3285 2764 3354 majorem
2810 3282 3012 3336 utentis
3050 3296 3163 3335 sua:
3208 3280 3681 3334 conﬁrmationem

2112 3378 2377 3450 pra‘cipit.

2112 3470 2177 3526 In
2218 3474 2375 3541 [metu
2421 3468 2551 3537 ﬁliis
2582 3467 2715 3522 Core
2746 3466 2816 3520 ad
2863 3465 3269 3534 intelligentiam
3306 3463 3554 3519 Psalmus
3586 3462 3687 3532 ipsi

2804 3559 2995 3613 David.

2628 3650 2951 3706 PSALMUS
2979 3650 3158 3707 XLIII.

2184 3747 2393 3804 Similis
2431 3753 2515 3801 est
2550 3745 2834 3814 inscriptio
2885 3746 3077 3815 psalmi
3121 3760 3233 3810 xu,
3293 3744 3361 3799 de
3416 3759 3521 3814 qua
3571 3744 3683 3815 jam

2111 3839 2380 3894 diximus.
2413 3835 2573 3891 Nunc
2610 3835 2742 3890 illud
2777 3846 2992 3890 tantum
3042 3835 3224 3890 dicere
3260 3845 3497 3903 oportet,
3540 3835 3684 3906 quod

2114 3932 2306 3986 beatus
2339 3929 2509 3983 David
2558 3929 2828 3999 psalmum
2865 3929 3010 3983 hunc
3038 3927 3262 3997 scripsit
3289 3928 3342 3981 in
3390 3943 3682 3997 personant

2114 4024 2393 4079 Matathize
2435 4020 2753 4085 Machabmi,
2783 4027 2839 4076 et
2873 4019 3107 4074 ﬁliorum
3136 4019 3275 4087 ejus,
3315 4020 3407 4088 qui
3450 4035 3574 4073 cum
3617 4035 3684 4073 eo

2111 4125 2378 4185 tempore,
2410 4128 2522 4184 quo
2551 4112 2739 4168 Iudaea
2761 4113 2911 4182 regio
2939 4112 3007 4165 ab
3028 4111 3299 4165 Antiocho
3322 4122 3685 4180 cognomento

2113 4206 2340 4270 lllnstri,
2370 4212 2533 4275 atque
2566 4220 2596 4258 a
2635 4202 3026 4257 Macedonibus
3071 4210 3382 4255 vastaretur
3408 4241 3422 4265 ,
3464 4204 3684 4256 exsules

2115 4305 2325 4357 essent.
2362 4310 2487 4351 sero
2540 4294 2685 4360 licet,
2741 4293 2885 4346 vires
2952 4300 3173 4354 tamen,
3235 4300 3400 4361 atque
3439 4292 3682 4345 aninmm

2112 4388 2334 4443 tandem
2390 4392 2735 4455 receperunt.
2793 4381 2947 4438 Unde
2998 4382 3243 4436 collectis
3300 4396 3398 4450 pro
3445 4391 3687 4449 tempore

2112 4478 2307 4546 copiis,
2356 4475 2426 4531 ad
2490 4472 2868 4530 defensionem
2924 4486 2988 4526 ac
3017 4471 3312 4526 vindictam
3351 4484 3577 4524 suorum
3630 4471 3684 4523 in

2113 4567 2225 4621 Deo
2252 4565 2480 4621 ﬁdentes
2497 4581 2620 4621 sese
2649 4566 3026 4629 accinxcrunt,
3059 4572 3114 4617 ut
3146 4564 3370 4617 uberius
3403 4562 3457 4618 in
3498 4577 3685 4617 corum

2115 4660 2346 4714 historia
2388 4656 2669 4728 Iosephus
2725 4658 2931 4712 retulit.
2972 4658 3107 4712 Cum
3147 4658 3310 4726 igitur
3357 4656 3412 4711 bi
3469 4657 3690 4712 exsules

419 4767 654 4835 γμένοις
674 4762 761 4816 διὰ
780 4761 880 4832 τὴν
896 4760 1004 4813 τῶν
1015 4757 1344 4813 Μακεδόνων
1367 4757 1655 4826 ἀπήνειαν,
1670 4758 2007 4824 προσάγουσι

2117 4767 2243 4804 cum
2280 4750 2493 4805 caeteris
2548 4750 2814 4819 fugitivis,
2866 4748 2957 4817 qui
3009 4762 3074 4803 ex
3123 4748 3332 4803 ludatis
3374 4752 3689 4820 congregati

421 4854 775 4923 παραίνεσιν,
837 4853 896 4903 ἐν
945 4849 1112 4918 εὐχῆς
1160 4844 1345 4915 τύπῳ,
1405 4848 1471 4915 τῇ
1532 4846 1841 4916 ἀναμνήσει
1897 4848 2009 4901 τῶν

418 4943 572 4997 κατά
602 4943 730 5004 τοὺς
759 4941 1005 5005 πατέρας
1036 4937 1219 4991 αὐτῶν
1267 4935 1658 5004 γεγενημένων
1707 4938 2009 5006 τεραστίων

422 5031 949 5102 παραθαρρύνοντες
979 5028 1197 5094 αὐτοὺς,
1247 5027 1343 5080 καὶ⁵
1403 5026 1485 5091 εἰς
1533 5025 1625 5078 τὸν
1661 5025 1894 5097 πόλεμον
1929 5029 2010 5082 δι-

424 5123 762 5193 εγείροντες.

507 5301 575 5355 '0
615 5302 781 5366 Θεὸς,
825 5301 894 5355 ἐν
940 5299 1067 5366 τοῖς
1109 5298 1263 5353 ὠσὶν
1303 5299 1478 5367 ἡμῶν
1527 5300 1900 5369 ἠκούσαμεν,
1954 5302 2008 5354 οἱ

420 5395 683 5463 πατέρες
714 5392 884 5461 ἡμῶν
908 5393 1277 5461 ἀνήγγειλαν
1309 5392 1458 5460 ἡμῖν
1478 5392 1656 5461 ἔργον
1690 5392 1721 5445 ὃ
1752 5392 2008 5462 εἰργάσω

420 5490 494 5543 ἐν
520 5486 648 5551 ταῖς
672 5485 922 5554 ἡμέραις
953 5484 1173 5547 αὐτῶν,
1209 5484 1280 5537 ἐν
1326 5483 1574 5553 ἡμέραις
1616 5483 1916 5550 ἀρχαίαις.
1938 5513 2009 5523 .—

434 5582 491 5633 '0
524 5579 693 5644 Θεὸς,
734 5577 805 5631 ἐν
832 5576 953 5642 τοῖς
982 5577 1135 5631 ὠσὶν
1163 5576 1334 5643 ἡμῶν
1370 5576 1723 5644 ἠκούσαμεν
1744 5614 1758 5636 ,
1794 5576 1873 5637 εἰς
1914 5574 2007 5643 βε-

420 5672 656 5727 ϐαίωσιν
684 5668 781 5722 τοῦ
806 5669 969 5737 λόγου
999 5669 1321 5738 πρόσκειται
1359 5669 1440 5731 τὸ,
1474 5666 1595 5732 Τοῖς
1633 5666 1788 5720 ὠσὶν
1812 5666 2002 5735 ἡμῶν.

421 5765 536 5818 Καὶ
561 5762 677 5831 γὰρ
702 5760 999 5831 εἰώθαμεν,
1032 5761 1161 5814 ὅταν
1184 5759 1504 5830 διηγώμεθα
1535 5758 1664 5827 περὶ
1694 5751 1771 5813 ὧν
1794 5759 2007 5827 πεπλη-

2120 4844 2376 4907 lucrant,
2444 4844 2516 4899 ob
2567 4842 2926 4897 Macedonum
2989 4841 3257 4896 saevitiam
3331 4843 3690 4913 trepidarent,

2118 4937 2563 4991 exhortationem
2602 4935 2705 4991 sibi
2735 4934 2788 4989 in
2813 4935 3080 4991 oratiOnis
3108 4933 3339 4989 fortnam
3366 4950 3694 5003 composue-

2115 5038 2269 5093 runt,
2302 5045 2424 5099 uitae
2466 5029 2741 5083 mirabilia
2769 5043 3000 5099 quaque
3030 5029 3439 5099 progenitorum
3466 5042 3692 5081 suorum

2117 5119 2259 5174 facta
2298 5127 2804 5175 commemoraret:
2849 5130 2908 5174 ut
2965 5119 3050 5173 his
3108 5120 3367 5172 nimirum
3430 5118 3694 5188 exemplis

2117 5212 2499 5265 animarentur
2532 5221 2587 5266 et
2624 5212 2881 5290 ﬁdentius
2909 5210 3287 5266 excitarentur
3331 5209 3398 5262 ad
3432 5222 3693 5277 pugnam.

2193 5301 2361 5357 Vsus.
2387 5301 2443 5356 2.
2470 5302 2632 5368 Deus,
2672 5302 2893 5356 auribus
2939 5302 3136 5355 nostris
3166 5300 3490 5364 audivimus,
3515 5308 3694 5367 patres

2119 5399 2291 5451 nostri
2332 5399 2783 5452 annuntiaverunt
2836 5395 2984 5450 nobis
3012 5411 3143 5463 opus
3173 5390 3311 5463 quod
3347 5400 3611 5469 operatus.
3637 5407 3693 5445 es

2116 5489 2170 5541 in
2199 5489 2380 5544 diebus
2407 5506 2611 5552 eorum,
2652 5491 2707 5543 in
2745 5489 2930 5542 diebus
2984 5486 3240 5555 antiquis.
3300 5482 3458 5550 Quod
3510 5482 3692 5538 dicit:

2118 5582 2431 5635 Audirimus
2463 5581 2682 5634 auribus
2717 5581 2937 5641 nostris,
2965 5578 3172 5632 dictum
3204 5584 3290 5630 est
3321 5573 3390 5629 ad
3424 5574 3688 5643 majorem

2115 5675 2591 5728 continuationem
2672 5682 2725 5726 ct
2804 5671 3068 5739 majnrem
3152 5668 3308 5723 ﬁdem
3391 5667 3691 5723 sermonis.

2115 5764 2372 5820 Solemus
2405 5762 2550 5817 enim
2576 5761 2798 5832 quando
2824 5761 3046 5828 aliquod
3073 5758 3278 5814 factum
3306 5772 3597 5813 narramus
3618 5758 3690 5813 de

418 5851 813 5930 ροφορήμεοα,
883 5855 1169 5924 μάρτυρας
1223 5852 1362 5907 αὐτά
1424 5851 1877 5923 παραλαμϐάνειν
1936 5852 2001 5907 τὰ

2114 5871 2220 5928 quo
2244 5852 2378 5909 ccrti
2408 5869 2620 5918 sumus,
2654 5867 2850 5907 sensus
2881 5851 3029 5921 ipsos
3069 5864 3355 5908 assumere
3395 5849 3451 5907 in
3495 5857 3691 5918 tcstcs,
