4120 6436
401 372 506 431 ιδι

1411 400 1417 405 ’
1506 374 1911 436 COMMENT.
1970 373 2052 435 IN
2094 375 2467 440 ΡδΑιΔοε.

3565 391 3676 457 48:2

397 482 492 535 διὰ
529 479 629 551 τὴν
658 480 950 554 εὐχέρειαν
996 482 1096 539 καὶ
1128 484 1412 557 ταχύτητα
1454 484 1556 556 τῆς
1614 485 1901 559 βοηθείας..
1929 487 1965 540 't

2067 540 2069 545 .
2095 495 2260 554 atque
2286 490 2624 548 celeritatem
2644 492 2818 550 divini
2850 493 3090 568 explicat
3108 496 3324 554 auxilii.
3347 498 3457 568 Tu,
3477 503 3680 575 inquit.

399 574 548 645 λόγῳ
598 574 745 644 μόνῳ
780 575 1088 649 χρώμενος.
1127 581 1207 643 εἰς
1238 579 1299 632 τὸ
1331 578 1506 633 σῶσαι
1536 580 1628 633 τὸν
1675 579 1736 645 ἐξ
1796 578 1965 633 Ἰακὼι

2091 581 2187 649 qui
2217 581 2335 636 solo
2363 583 2533 638 verbo
2568 586 2740 642 uteris
2769 603 2893 642 cum
2938 590 3197 659 populum
3244 592 3396 647 illum
3446 597 3628 653 salvas
3662 637 3679 664 ,

398 668 783 737 καταγόμενον
818 668 969 723 λαόν.
1001 672 1072 723 Ἢ
1098 672 1127 723 ὁ
1180 671 1238 724 ἐν
1294 671 1555 741 πολέμοις
1594 670 1965 740 ύιιτοτιθέμενο⁴

2093 668 2190 735 qui
2220 669 2507 726 descendit
2535 688 2602 727 ex
2635 671 2826 731 Jacob.
2856 675 2952 732 Vel
2985 678 3144 734 aliter
3171 698 3187 736 :
3228 681 3307 736 Tu
3338 683 3430 752 qui
3457 684 3511 739 in
3543 701 3679 755 pras-

394 757 520 821 πῶς
578 758 647 813 ἃν
714 761 957 830 σωθοίη·
1018 763 1282 835 ποιήσατε
1347 764 1479 833 γὰρ,
1512 762 1674 834 φησι,
1710 762 1837 816 τάδε
1893 765 1990 817 καὶ

391 849 526 903 τάδε
535 889 550 905 .

481 943 590 995 Ἐν
609 943 713 997 σοι
749 942 896 1011 τοὺς
924 945 1182 1015 ἐχθροὺς
1222 947 1394 1016 ἡμῶν
1422 949 1833 1019 κερατιοῦμεν.
1866 952 1986 1005 Κα-

389 1036 835 1105 ταγωνισόμεθα,
874 1038 937 1089 ὲκ
971 1040 1284 1109 μεταφορᾶς
1317 1039 1427 1092 τῶν
1463 1039 1642 1107 ζώων,
1681 1040 1718 1095 ἃ
1741 1044 1855 1106 τοῖς
1891 1041 1985 1096 κέ-

390 1142 524 1195 ρασι
557 1128 999 1183 καταπαλαίουσι
1025 1130 1135 1183 πᾶν
1172 1131 1488 1188 ἀντίπαλον.

463 1217 572 1272 Kal
623 1218 695 1271 ἐν
733 1218 814 1285 τῷ
842 1219 1090 1288 ὀνόματί
1143 1234 1262 1276 σου
1307 1221 1798 1292 ἐξουδενὼσομεν
1841 1222 1983 1289 τοὺς

392 1310 919 1380 ἐπανισταμένους
967 1312 1130 1381 ἡμῖν.
1186 1315 1554 1385 Πεποιθαμεν,
1582 1318 1771 1387 φησιν,
1810 1317 1893 1370 ὅτι
1920 1318 1982 1368 τὸ

393 1403 568 1473 ὄνομα
618 1420 714 1456 σου
754 1404 917 1473 μόνον
973 1406 1356 1470 ὲπισείσαντες
1408 1409 1618 1473 αὐτοῖς,
1683 1413 1777 1462 καὶ
1815 1409 1979 1479 μόνον

383 1494 767 1563 ἐμϐοήσαντες
794 1496 876 1548 ὅτι
916 1497 945 1549 ὁ
972 1496 1106 1560 Θεὸς
1130 1497 1226 1550 τοῦ
1250 1499 1491 1570 Ἰσραὴλ,
1511 1499 1586 1562 ὠς
1598 1499 1759 1553 οὐδὲν
1780 1501 1980 1564 αὐτοὺς

383 1585 737 1654 ἡγησόμεθα,
774 1586 866 1639 καὶ
888 1586 1404 1661 εὐκαταφρονήτους
1439 1593 1765 1663 ποιήσομεν.

459 1677 547 1729 οὐ
572 1674 688 1745 γὰρ
714 1675 813 1730 ἐπὶ
840 1676 924 1742 τῷ
969 1677 1127 1744 τόξῳ
1143 1695 1266 1749 μου
1285 1678 1494 1746 blandi,
1530 1682 1630 1735 καὶ
1654 1682 1692 1750 ἡ
1712 1682 1978 1750 ῥομφαιά

2092 757 2180 813 liis
2205 761 2477 830 suggeris,
2504 771 2559 818 et
2586 766 2984 825 subministras
3012 772 3215 841 populo
3258 782 3352 829 tuo
3404 779 3626 833 modum
3658 820 3675 845 ,

2084 862 2201 917 quo
2232 848 2435 905 salvari
2462 850 2682 917 debeat,
2714 852 2907 922 dicens
2938 875 2953 911 :
2986 856 3113 913 Haec
3148 870 3245 915 aut
3277 861 3366 916 illa
3396 864 3584 919 tacite.

2160 936 2328 994 Vrsas.
2361 940 2416 994 6.
2456 940 2523 997 In
2560 952 2609 998 te
2628 945 2868 1001 inimicos
2898 957 3103 1003 nostros
3133 967 3299 1007 cornu
3320 961 3580 1021 petemus.
3613 958 3671 1013 Id

2086 1039 2174 1087 est
2204 1033 2637 1105 proﬂigabimus.
2673 1038 2936 1095 Tractum
2964 1048 3049 1095 est
3077 1053 3256 1100 autem
3300 1047 3406 1102 hoc
3459 1064 3526 1104 ex
3560 1067 3676 1107 me-

2084 1123 2313 1193 taphora
2343 1128 2688 1196 animalium,
2719 1145 2842 1200 quas
2876 1132 3141 1187 cornibus
3175 1143 3410 1190 certant.

2157 1215 2225 1269 Et
2247 1217 2300 1270 in
2330 1220 2543 1275 nomine
2576 1229 2667 1274 tuo
2715 1238 3019 1291 spernemus
3069 1224 3398 1323 ins’rgentes
3443 1229 3500 1282 in
3553 1245 3670 1285 nos.

2082 1305 2444 1378 Conﬁdimus,
2476 1312 2682 1383 inquit,
2715 1315 2862 1384 quod
2894 1323 3110 1370 tantum
3130 1305 3450 1373 invocantes
3473 1335 3669 1376 nomen

2084 1406 2239 1454 tuum
2271 1400 2542 1459 adversus
2578 1404 2765 1461 hostes
2797 1417 3042 1474 nostros,
3076 1417 3130 1462 et
3159 1412 3540 1466 tantummodo
3569 1430 3671 1470 vo-

2081 1489 2400 1559 ciferantes,
2436 1493 2606 1550 Deum
2636 1495 2801 1551 Israel
2826 1536 2842 1561 ,
2900 1499 3006 1553 hoc
3052 1500 3277 1555 nomine
3318 1501 3625 1559 conﬁrmati
3650 1544 3669 1572 ,

2080 1597 2408 1653 spernemus
2441 1594 2496 1642 et
2528 1585 2684 1643 ﬂocci
2721 1587 2987 1646 faciemus
3011 1605 3130 1646 eos.

2154 1676 2315 1735 Vsus.
2342 1680 2396 1737 7.
2426 1680 2610 1753 Neque
2639 1684 2778 1738 enim
2810 1684 2866 1738 in
2895 1701 3026 1739 arcu
3052 1701 3167 1740 meo
3206 1686 3454 1755 sperabo,
3484 1698 3535 1743 et
3552 1689 3669 1760 gla—

372 1785 503 1838 μου
527 1771 605 1823 οὐ
637 1768 826 1824 σώσει
839 1787 941 1839 με.
968 1772 1030 1825 El
1054 1771 1165 1845 γὰρ
1198 1774 1293 1827 καὶ
1314 1776 1528 1838 τούτοις
1552 1774 1860 1844 ὥπλισμαι,
1892 1791 1965 1829 νο·

2075 1768 2199 1825 dius
2226 1788 2373 1827 meus
2409 1790 2512 1828 non
2538 1774 2771 1830 salvabit
2797 1792 2898 1833 me.
2921 1774 3059 1830 Nam
3091 1787 3149 1832 et
3178 1778 3225 1833 si
3261 1777 3379 1849 lege
3403 1778 3531 1833 belli
3557 1780 3667 1835 ltu-

377 1875 475 1928 μῳ
497 1858 768 1930 πολέμου,
799 1860 915 1915 ἀλλ’
946 1862 1053 1916 οὐκ
1081 1863 1177 1917 ἐπὶ
1211 1863 1425 1928 τούτοις
1451 1865 1795 1935 τεθάῤῥηκα.

454 2042 751 2108 Ἕσωσας
807 2041 919 2111 γὰρ
936 2042 1111 2112 σήμᾶς
1157 2043 1226 2098 ἐκ
1270 2043 1390 2099 τῶν
1441 2045 1766 2099 θλιϐόντων
1791 2045 1970 2116 ἡμᾶς.

374 2135 479 2188 καὶ
520 2135 669 2200 τοὺς
698 2134 1039 2204 μισοῦντας
1088 2134 1245 2205 ἡμᾶς
1293 2137 1706 2205 κατῄσχυνας.
1766 2139 1972 2210 Πεῖραν

378 2227 490 2298 γὰρ
524 2228 631 2296 τῆς
661 2228 817 2300 παρὰ
847 2227 942 2281 σοῦ
977 2228 1234 2300 βοηθείας
1261 2230 1647 2303 καὶπρότερον
1681 2229 1970 2301 ἐλάϐομεν,

385 2319 482 2372 ἰαὶ
505 2318 736 2390 οἴδαμεν
757 2320 909 2384 ὅπως
931 2319 1332 2393 ἀντιλαμϐάνῃ.

479 2494 580 2547 Ἐν
606 2494 679 2561 τῷ
709 2497 834 2562 Θεῷ
868 2497 1381 2571 ἐπαινεθησόμεθα
1401 2501 1557 2570 ὅλην
1582 2502 1698 2573 τὴν
1722 2505 1971 2576 ἡμέραν.

391 2583 463 2637 τὸ
506 2585 1072 2657 Ἐπαινεθησόμεθα,
1116 2594 1562 2664 Καυχησόμεθα
1592 2592 1747 2648 εἶπεν
1772 2598 1800 2649 ὁ
1830 2597 1969 2668 Σύμ-

383 2694 592 2757 μαχοςς
622 2680 780 2751 ὁγὰρ
827 2681 1205 2754 καυχώμενος,
1241 2685 1435 2740 ἑαυτὸν
1474 2688 1707 2744 ἐπαινεῖ.
1746 2690 1860 2746 Οὐκ
1909 2693 1969 2744 ὲν

374 2769 578 2838 ἑτέρῳ,
614 2772 771 2840 φησὶ,
805 2773 1090 2843 πράγματι
1116 2774 1227 2829 τῶν
1258 2777 1516 2832 ἁπάντων
1547 2783 1965 2853 καυχησόμεθα,

375 2862 561 2916 καίτοι
595 2863 768 2918 πολλὰ
798 2864 976 2933 λέγειν
1010 2867 1250 2939 ἔχοντες,
1280 2869 1397 2925 ἀλλ’
1424 2872 1456 2944 ἢ
1484 2873 1540 2925 ὲν
1564 2874 1713 2946 μόνῳ
1741 2875 1819 2946 τῷ
1846 2879 1969 2931 ἑπι-

371 2952 674 3023 γινώσκειν
694 2956 786 3011 τὸν
816 2957 969 3013 Θεόν.
997 2960 1072 3014 Τὸ
1097 2961 1156 3015 δὲ
1188 2963 1510 3033 Ὄληντὴν
1530 2965 1783 3035 ἡμέραν,
1807 2969 1969 3024 Κατὰ

373 3044 592 3101 πᾶσαν
618 3047 737 3116 τὴν
760 3050 993 3119 ἡμέραν
1014 3055 1044 3106 ὁ
1093 3053 1325 3118 Ἀκύλας
1352 3056 1603 3112 ἐκδίδωσι
1646 3059 1927 3131 πανταχοῦ
1948 3078 1961 3091 ·

373 3140 403 3191 ὀ
424 3137 484 3192 δὲ
509 3138 833 3212 Σύμμαχος,
860 3145 998 3197 Καθ’
1027 3143 1182 3212 ὅλην
1211 3145 1327 3214 τὴν
1353 3144 1529 3215 ζωήν.

446 3232 561 3286 Kal
590 3232 664 3285 ἐν
707 3231 791 3298 τῷ
821 3234 1069 3305 ὀνόματι
1112 3251 1232 3294 σου
1276 3237 1843 3311 ἐξομολογησάμεθα
1874 3246 1963 3310 εἰς

374 3322 490 3375 τὸν
519 3322 727 3378 αἰῶνα.
760 3324 835 3378 Τὸ
885 3326 1505 3397 Ἐξομολογησόμεθα,
1560 3334 1683 3386 ἀντὶ
1732 3334 1825 3388 τοῦ
1872 3341 1963 3388 Διο

376 3415 708 3483 ηγησόμεθά
730 3419 1244 3488 τινεςννενοήκασιν,
1264 3414 1397 3487 οἷον,
1426 3423 1485 3475 ὲν
1510 3421 1587 3491 τῷ
1615 3423 1841 3494 ὀνόματί
1866 3443 1961 3480 σον

377 3504 632 3575 διήγησιν
662 3506 1026 3578 ποιησόμεθα,
1056 3509 1454 3580 καταλέγοντες
1483 3514 1651 3568 πᾶσιν
1675 3516 1776 3569 ὅσα
1805 3517 1864 3570 ἐν
1899 3533 1961 3572 τε

378 3600 491 3663 τοῖς
521 3599 765 3668 πατράσι
796 3601 891 3652 καὶ
920 3603 979 3653 ὲν
1023 3602 1153 3673 ἡμῖν
1182 3604 1456 3676 ἐνήργησε
1480 3609 1639 3662 τοῦτο
1670 3610 1957 3680 μεγαλεῖα.

379 3693 452 3745 Ἢ
479 3692 572 3745 καὶ
595 3693 771 3756 ἄλλως
800 3709 814 3723 ’
849 3693 940 3763 Τῷ
960 3693 1183 3766 ὀνόματί
1215 3713 1307 3751 σου
1338 3701 1830 3773 εὐχαριστήσομεν,
1859 3706 1960 3774 τῆς

379 3782 697 3854 προθέσεως
716 3785 986 3855 περιττῶς
1007 3785 1269 3857 κειμένης
1287 3803 1300 3818 ·
1325 3787 1387 3840 τὸ
1406 3789 1461 3842 δὲ
1491 3793 1597 3856 Εἰς
1618 3790 1723 3844 τὸν
1752 3789 1958 3857 αἰῶνα,

380 3872 438 3926 τὸ
463 3871 558 3926 ἀεὶ
594 3872 887 3943 σημαίνειν
911 3873 1113 3938 πάντες
1143 3876 1419 3948 πανταχοῦ
1449 3895 1605 3948 φασι.

448 3965 605 4019 Νυνὶ
642 3963 713 4018 δὲ
743 3964 1001 4034 ἀπώσω,
1034 3969 1131 4023 και
1166 3970 1561 4040 κατῄσχυνας
1600 3971 1782 4043 ἡμᾶς.
1815 3975 1961 4030 Ἀπ-

377 4057 513 4112 ώσω
550 4060 675 4129 μὲν,
705 4061 782 4127 ὡς
813 4063 1069 4128 ἀναξίους
1092 4079 1109 4097 ο
1144 4062 1542 4132 κατῄσχυνας
1573 4064 1653 4133 δὲ,
1692 4065 1815 4120 ἀντὶ
1836 4065 1956 4134 τοῦ,

377 4149 736 4223 αἰσχυνθῆναι
767 4154 1102 4226 πεποίηκας,
1137 4153 1216 4227 μὴ
1238 4152 1775 4227 ἀντιλαμϐανόμενος
1798 4156 1959 4229 ἡμῶν

375 4242 609 4296 τοιαῦτα
639 4244 982 4315 πασχόντων.

438 4338 550 4394 Kal
577 4340 690 4394 οὐκ
717 4340 1015 4411 ἐξελεύσῃ
1066 4344 1101 4397 ὁ
1131 4340 1277 4408 Θεὸς
1321 4341 1394 4396 ἐν
1442 4342 1574 4409 ταῖς
1614 4341 1957 4413 δυνάμεσιν

373 4428 566 4499 ἡμῶν.
628 4430 920 4485 Κάνταῦθα
971 4431 1311 4503 ἀντιχρονία,
1348 4432 1535 4496 καθὼς
1582 4433 1610 4486 ὀ
1651 4433 1954 4503 Σύμμαχος

2071 1867 2312 1937 jusmodi
2352 1870 2524 1926 armis
2551 1871 2837 1928 accinctus
2871 1873 2999 1938 sim,
3027 1873 3178 1928 nulla
3211 1872 3343 1927 mihi
3386 1881 3571 1930 tamen
3607 1875 3665 1931 in

2072 1959 2155 2015 eis
2179 1959 2336 2014 adest
2366 1959 2587 2018 tiducia.

2149 2048 2317 2105 Vsus.
2350 2046 2408 2104 8.
2438 2049 2679 2107 Salvasti
2701 2070 2799 2108 nos
2822 2053 2887 2109 de
2920 2055 3267 2126 aﬁligentibus
3295 2075 3390 2113 nos
3419 2100 3437 2126 ,
3473 2066 3524 2114 et
3563 2056 3660 2126 qui

2074 2138 2295 2195 oderant
2324 2157 2420 2197 nos
2459 2142 2773 2211 confudisti.
2812 2142 2949 2199 Nam
3004 2153 3160 2199 tuum
3212 2150 3419 2217 experti
3471 2163 3663 2204 sumus

2072 2232 2333 2288 auxilium
2370 2232 2808 2306 [advocantibus
2840 2237 2987 2291 enim
3021 2236 3286 2310 adfuisti]
3336 2240 3661 2309 seimusque

2071 2324 2227 2395 quod
2301 2325 2358 2380 in
2417 2334 2699 2396 posterum
2753 2328 2871 2398 pari
2921 2329 3084 2385 modo
3150 2337 3203 2384 te
3265 2330 3663 2391 advocantibus

2073 2414 2276 2470 aderis.

2123 2495 2308 2560 'Vsns.
2345 2506 2398 2561 9.
2430 2506 2495 2561 In
2528 2507 2635 2562 Deo
2668 2508 3015 2563 laudabimur
3041 2519 3153 2565 tota
3188 2510 3295 2566 die.
3320 2510 3425 2567 Pro
3445 2512 3662 2569 Lauda-

2073 2593 2266 2663 bimur,
2296 2594 2662 2667 Symmachus
2713 2598 2901 2665 dixit,
2941 2597 3356 2669 Cloriubimur;
3398 2620 3525 2660 nam
3564 2608 3659 2676 qui

2073 2686 2340 2756 gloriatur
2366 2690 2612 2758 seipsutn
2661 2690 2870 2746 laudat.
2906 2690 3147 2749 Tametsi
3184 2737 3199 2761 ,
3229 2695 3405 2766 inquit
3439 2738 3453 2762 ,
3489 2698 3659 2754 multa

2069 2780 2136 2836 ad
2169 2794 2412 2837 nostram
2438 2784 2668 2854 gloriam
2699 2784 2896 2841 adduci
2949 2796 3177 2856 possent
3207 2828 3223 2855 ,
3267 2790 3419 2845 nulla
3471 2799 3655 2847 tamen

2068 2872 2173 2928 alia
2203 2874 2257 2929 in
2289 2888 2347 2930 re
2386 2874 2782 2945 gloriabimur,
2825 2893 2990 2947 quam
3042 2879 3097 2933 in
3155 2896 3269 2935 uno
3322 2880 3464 2948 hoc,
3508 2884 3655 2952 quod

2071 2964 2241 3022 Deum
2275 2955 2683 3039 cognoscimus.
2723 2969 2790 3024 Et
2824 2969 2970 3039 quod
3004 2970 3122 3026 ait:
3158 2970 3291 3026 Tota
3322 2975 3407 3029 die
3429 3014 3445 3041 ,
3499 2975 3659 3047 Sym—

2071 3058 2322 3125 machus,
2354 3058 2459 3113 Per
2491 3076 2700 3114 onmem
2733 3059 2874 3115 diem
2904 3061 3064 3128 dixit,
3085 3071 3142 3117 et
3168 3064 3387 3133 Aquila,
3444 3064 3546 3119 Per
3577 3075 3658 3120 too

1991 3177 2034 3234 ο
2070 3157 2178 3203 tam
2213 3150 2401 3207 vitam.

2137 3237 2208 3292 Et
2235 3239 2291 3293 in
2324 3240 2533 3293 nomine
2576 3246 2665 3293 tuo
2704 3241 3076 3312 conﬁtebimur
3104 3243 3158 3298 in
3205 3244 3482 3300 sazculum.
3525 3246 3660 3301 Con-

2063 3328 2332 3399 ﬁtebimur
2361 3345 2460 3400 pro
2489 3328 2868 3399 Narrabimus,
2893 3342 2955 3387 ut
2994 3333 3282 3389 sitsensus
3307 3350 3323 3389 :
3356 3334 3410 3388 In
3436 3323 3664 3391 nomine

2066 3411 2165 3474 tuo
2200 3421 2572 3475 narrationem
2611 3419 2899 3489 faciemus,
2935 3424 3209 3479 mirabilia
3239 3440 3651 3481 connumeran-

2061 3516 2168 3574 tes,
2194 3525 2315 3579 quze
2345 3509 2450 3564 hoc
2477 3523 2678 3565 nomen
2714 3521 2891 3575 tuum,
2926 3520 3040 3567 tam
3069 3513 3122 3566 in
3155 3514 3404 3583 patribus
3430 3517 3638 3572 nostris

2060 3611 2224 3667 quam
2254 3598 2307 3654 in
2339 3599 2498 3655 nobis
2528 3639 2542 3663 ,
2576 3599 3058 3670 supra.hominum
3095 3603 3254 3658 {idem
3307 3604 3508 3661 eﬁ‘ecit.
3543 3606 3644 3662 Vel

2062 3692 2220 3747 aliter
2249 3711 2263 3747 :
2292 3691 2511 3747 Nemini
2545 3701 2640 3748 tuo
2679 3693 2887 3763 gratias
2917 3710 3164 3766 agamus.
3215 3697 3283 3753 Et
3326 3698 3470 3769 quod
3527 3699 3604 3754 ait
3633 3716 3648 3753 :

2060 3783 2126 3839 In
2163 3785 2435 3851 strcutum,
2470 3800 2662 3842 omnes
2685 3786 2777 3841 alii
2809 3787 3140 3858 interpretes
3170 3790 3376 3860 passim
3403 3789 3645 3847 transfe—

2062 3886 2214 3941 runt,
2249 3892 2473 3947 semper.

2135 3966 2304 4023 Vsus.
2340 3966 2429 4022 10.
2460 3966 2620 4023 Nunc
2652 3978 2828 4025 autem
2857 3972 3109 4039 repulisti
3140 3980 3191 4026 et
3220 3972 3515 4042 confudisti
3543 3989 3650 4029 me.

2059 4053 2320 4124 Reputisti
2348 4056 2609 4126 quidem;
2645 4070 2702 4112 ut
2742 4058 2994 4130 indignos
3018 4098 3034 4123 ,
3098 4060 3390 4128 confudisti
3419 4076 3570 4125 vero,
3596 4062 3651 4116 id

2056 4156 2167 4216 est,
2194 4147 2457 4205 confundi
2490 4151 2808 4221 permisisti,
2843 4151 2973 4206 dum
2997 4151 3159 4208 nobis
3183 4160 3333 4206 tanta
3365 4152 3652 4210 sustinen-

2057 4240 2207 4297 tibus
2231 4241 2393 4308 mala,
2412 4256 2570 4313 Opem
2595 4241 2801 4296 nullam
2836 4241 3030 4298 tulisti.

2138 4330 2210 4385 Et
2236 4347 2341 4386 non
2362 4332 2670 4402 egredieris,
2705 4331 2864 4399 Deus,
2896 4332 2948 4386 in
2970 4331 3251 4386 virtutibus
3281 4333 3499 4387 nostris.
3548 4333 3652 4389 Hic

2057 4425 2221 4481 etiam
2264 4433 2484 4495 tempus
2517 4441 2617 4496 pro
2645 4434 2892 4494 tempore
2916 4425 3161 4495 ponitur,
3181 4423 3647 4494 quemadmodum

371 4519 642 4582 ἐξέδωκεν
674 4537 691 4552 θ
723 4521 834 4575 Kal
875 4524 949 4576 οὐ
975 4522 1327 4592 συνεξάρχῃ
1356 4521 1483 4590 τοῖς
1502 4524 1958 4602 στρατεύμασιν

2067 4514 2429 4588 Symmachus
2454 4516 2717 4583 reddidit,
2743 4516 2977 4571 dicens:
3017 4512 3130 4569 Nec
3171 4514 3334 4569 simul
3366 4513 3647 4585 egredieris

368 4612 579 4684 ἡμῶνο
610 4613 784 4667 ταῦτα
816 4615 948 4686 γὰρ,
979 4614 1239 4686 δυνάμεις
1267 4604 1553 4671 ἐκάλεσεν.

448 4791 859 4860 Ἀπέστρεψας
914 4789 1075 4860 ἡμᾶς
1126 4791 1215 4855 εις
1234 4787 1307 4843 τὰ
1362 4787 1557 4841 ὀπίσω
1606 4784 1766 4854 παρὰ
1815 4784 1956 4865 τσὺς

366 4886 626 4957 ἐχθροὺς
656 4884 845 4955 ἡμῶν.
878 4882 1136 4954 Πρώτους
1176 4880 1329 4953 παρὰ
1357 4883 1424 4952 τῇ
1459 4882 1526 4952 σῇ
1558 4879 1836 4949 ἐπισκοπῇ
1868 4894 1958 4930 τε.

366 4981 685 5051 ταγμένους
717 4975 1068 5048 ἀπέστρεψας
1102 4977 1184 5038 εἰς
1218 4975 1316 5044 τὴν
1349 4973 1588 5043 ἐσχάτην
1630 4968 1808 5037 τάξιν,
1862 4968 1956 5023 καὶ

365 5070 713 5133 ὖπεὸίὸασας
739 5070 888 5141 ἡμᾶς
916 5073 1031 5132 τοῖς
1058 5067 1278 5139 ὲχθροῖς
1310 5064 1488 5138 ἡμῶν.

430 5250 548 5306 Kal
585 5250 639 5302 οἱ
694 5246 1022 5318 μισοῦντες
1082 5241 1262 5314 ἡμᾶς,
1329 5238 1655 5311 διήρπαζον
1688 5236 1954 5304 ἑαυτοῖς.

362 5339 688 5415 Διήρπαζον
709 5340 781 5393 τὰ
797 5338 1066 5410 ἡμέτερα.

434 5436 712 5499 Ἔδωκας
729 5433 890 5502 ἡμᾶς
908 5431 992 5498 ὡς
1029 5430 1295 5499 πρόϐατα
1314 5425 1620 5499 βρώσεως.
1672 5424 1747 5480 Τὸ
1772 5423 1959 5478 Ἕδω·

357 5548 499 5598 eaq,
561 5530 686 5582 ἀντὶ
713 5525 810 5578 τοῦ
844 5523 1202 5596 Παρέδωκας,
1250 5518 1545 5585 ἐξέδωκας,
1599 5517 1696 5571 καὶ
1729 5515 1851 5570 οὐδὲ
1879 5515 1956 5579 ὡς

359 5624 619 5697 πρόόατα
641 5620 914 5692 κτήσεως,
950 5616 1088 5673 ἀλλὰ
1133 5613 1424 5687 βρώσεως·
1452 5611 1629 5666 ταῦτα
1662 5608 1779 5680 γὰρ,
1804 5608 1956 5663 ὲκεί-

361 5738 468 5777 δων
492 5716 830 5790 φαυλότερα,
856 5712 933 5776 ὡς
962 5713 1043 5776 εἰς
1067 5708 1284 5782 σφαγὴν
1306 5709 1614 5779 ἐπιτήδεια.

444 5814 549 5867 Ἐν
575 5809 711 5876 τοῖς
742 5808 948 5864 ἔθνεσι
967 5804 1313 5874 διέσπειρας
1335 5798 1515 5881 rustic.
1547 5801 1645 5866 Εἰς
1672 5800 1919 5857 δουλείαν
1932 5794 1955 5833 ⁷·

2058 4626 2179 4666 cum
2208 4610 2527 4665 exercitibus
2555 4610 2775 4664 nostris.
2809 4608 3098 4663 Exercitus
3128 4609 3274 4661 enim
3305 4646 3321 4673 ,
3366 4606 3599 4661 virtutes
3631 4646 3647 4672 ,

2059 4703 2164 4756 hoc
2193 4710 2298 4765 est,
2325 4708 2622 4770 potestates
2649 4698 2960 4769 appellavit.

2134 4790 2301 4848 Vens.
2363 4793 2451 4847 Η.
2484 4790 2805 4846 Convertisti
2833 4806 2930 4843 nos
2956 4795 3249 4843 retrorsum
3267 4795 3386 4857 post
3404 4786 3649 4841 inimicos

2057 4893 2292 4940 nostros.
2320 4883 2433 4938 Nos
2464 4882 2674 4936 amicos
2701 4880 2830 4935 olim
2883 4887 3010 4935 tuos
3032 4919 3047 4944 ,
3082 4889 3137 4934 et
3177 4880 3271 4949 qui
3318 4880 3446 4935 olim
3505 4879 3646 4947 apud

2056 4974 2387 5041 custodiam,
2420 4980 2474 5028 et
2498 4970 2896 5043 protectionem
2932 4978 3083 5025 tuam
3116 4969 3171 5024 in
3212 4971 3392 5039 primo
3441 4968 3644 5022 ordine

2058 5065 2416 5129 sistebamus,
2447 5062 2694 5119 avertisti
2718 5062 2773 5117 in
2799 5061 3057 5116 ultimum
3088 5059 3294 5125 locum,
3326 5070 3379 5113 et
3402 5056 3648 5112 inimicis

2057 5154 2300 5226 propriis
2324 5153 2638 5225 subjecisti.
3537 5222 3545 5229 .

2131 5246 2202 5300 Et
2231 5246 2322 5316 qui
2347 5247 2566 5301 oderant
2607 5262 2729 5313 nos,
2769 5242 3094 5314 diripiebant
3125 5238 3248 5293 sibi.
3310 5236 3646 5305 Diripieliam

2060 5334 2167 5393 sibi
2198 5347 2391 5393 nostra
2430 5337 2695 5392 nimirum
2726 5336 2889 5391 bona.

2131 5427 2301 5486 Vsus.
2354 5430 2442 5486 12.
2505 5429 2716 5484 Dedisti
2756 5444 2851 5482 nos
2903 5432 3157 5492 tanquam
3213 5431 3329 5471 ores
3376 5429 3641 5470 escarum.

2060 5520 2360 5577 Tradidisti
2400 5536 2526 5587 nos,
2561 5522 2710 5577 sicut
2742 5530 2913 5572 oves:
2952 5528 3083 5568 oves
3121 5510 3267 5572 dico,
3297 5522 3404 5560 non
3436 5520 3557 5575 quae
3588 5504 3642 5559 in

2060 5612 2490 5683 possessionem,
2515 5625 2581 5665 ac
2603 5623 2704 5679 pro
2743 5603 3075 5678 patrimonio
3119 5600 3461 5655 retineantur
3484 5636 3500 5659 ,
3548 5594 3643 5649 sed

2059 5722 2179 5778 qua:
2200 5706 2425 5761 viliores
2469 5703 2600 5770 sint,
2638 5710 2693 5756 et
2723 5697 3460 5790 carniﬁcinmexpnnantu‘r.
3587 5776 3601 5790 .

2136 5797 2205 5853 Et
2235 5798 2289 5853 in
2315 5794 2555 5869 gentibus
2588 5789 2890 5859 dispersisti
2911 5802 3026 5843 nos.
3074 5784 3132 5875 In
3190 5781 3512 5842 servitutem
3544 5781 3633 5832 ni-
3667 5855 3680 5865 .
