4120 6422
836 289 885 303 -ος

476 348 589 414 483
1746 347 2066 411 EUTHYM

2178 347 2546 411 ZIGABENI
3645 341 3759 407 488

475 466 704 519 mirum.
736 460 911 518 Variae
934 460 1078 518 enim
1104 469 1295 533 gentes
1321 474 1448 516 cum
1468 457 1859 515 Macedonibus
1885 459 2054 515 simul

2174 460 2401 531 διάφορα
2434 459 2543 530 γὰρ
2587 458 2717 530 ἔθνη
2761 458 2874 523 τοῖς
2924 458 3201 514 Μακεδόσι
3236 454 3755 528 συνεστρατεύοντο.

474 554 805 610 militabant.
838 554 897 608 in
943 553 1284 623 captivorum
1330 552 1476 607 enim
1504 590 1520 614 ,
1571 559 1631 605 ut
1657 549 1943 613 diximus.
1999 560 2055 607 et

2174 552 2469 607 )ξκειοῦται
2508 551 2565 605 δὲ
2596 552 2894 622 πρόσωπον
2921 549 3031 604 τῶν
3061 549 3400 605 ἑαλωκότων.

474 646 726 701 exsulum
758 657 1050 713 personam
1082 642 1356 713 PrOpheta
1386 642 1503 695 hac
1529 639 1686 694 dicit.

546 735 713 792 Vnus.
742 736 831 788 i5.
873 733 1170 789 Vendidisti
1204 733 1455 803 populum
1511 740 1662 786 tuum
1711 733 1824 786 sine
1864 732 2051 799 pretio.

2228 728 2486 787 Ἀπέδου
2515 726 2623 783 τὸν
2670 729 2827 783 λαόν
2857 741 2976 782 σου
3004 726 3153 781 ἄνευ
3195 724 3394 796 τιμῆς.
3445 724 3757 790 Ἐξέδωκας

473 827 765 896 Papulum,
802 825 1001 894 inquit,
1035 826 1132 880 tibi
1167 831 1327 878 antea
1361 823 1621 885 dilectum
1656 823 1713 877 in
1735 822 2055 878 servitutem

2174 823 2238 888 tl;
2292 822 2548 877 δουλείαν
2596 821 2689 875 τὸν
2724 819 2856 891 πρὶν
2888 820 3249 890 ἠγαπημένον
3301 835 3396 872 σου
3429 817 3582 884 λαὸν,
3618 816 3757 872 ἄνευ

472 916 775 971 tradidisti.
812 914 878 970 Et
933 915 1080 986 quod
1138 916 1238 980 ait,
1306 913 1432 968 Sine
1483 914 1698 983 pretio,
1752 913 1821 967 ad
1870 912 2056 983 populi

2174 917 2497 986 τιμήματος.
2533 912 2708 966 Τοῦτο
2742 912 2801 966 δὲ
2825 912 2997 979 λέγει,
3029 911 3129 981 τήν
3158 910 3473 981 φαυλότητα
3499 908 3593 962 τοῦ
3623 907 3758 961 λαοῦ

474 1016 852 1077 contemptum
886 1008 1094 1061 dictum
1129 1015 1235 1060 est.
1266 1004 1471 1059 Pravos
1505 1005 1652 1059 enim
1702 1018 1768 1058 ac
1829 1018 2059 1058 mancos

2174 1008 2359 1081 Ξηλῶν.
2390 1004 2682 1075 Εἰώθαμεν
2710 1004 2822 1075 γὰρ
2850 1005 2977 1067 τοὺς
3017 1003 3160 1071 ἄγαν
3209 1004 3482 1072 πονηροὺς
3507 999 3759 1065 οἰκέτας,

474 1109 667 1150 servos
696 1096 935 1149 solemus
970 1098 1089 1150 sine
1120 1094 1297 1164 pretio
1332 1092 1548 1147 tradere
1575 1133 1590 1159 ,
1647 1101 1812 1163 atque
1858 1107 2052 1147 eorum

2174 1100 2238 1164 ii;
2269 1100 2582 1171 ἀχρήστους
2618 1098 2714 1152 καὶ⁵
2741 1097 2971 1167 ἀτίμους
3002 1096 3131 1151 ἄνευ
3160 1096 3475 1164 τιμήματος
3508 1091 3759 1146 ἀποδίδο-

474 1184 827 1240 emissionem
879 1186 1032 1259 lugro
1070 1194 1262 1254 putare
1286 1222 1303 1249 ,
1359 1184 1506 1251 quod
1538 1184 1705 1238 etiam
1745 1198 1843 1253 per
1867 1183 2064 1238 Isaiam

2174 1194 2314 1259 σθαι,
2341 1192 2534 1262 κέρδος
2549 1190 2846 1263 ἡγούμενοι
2866 1190 2965 1260 τὴν
2984 1188 3193 1242 τούτων
3219 1185 3761 1256 ἀπαλλαγήν.Τοῖηο

477 1278 799 1346 prophetam
824 1266 1180 1333 alibi‘dictum
1205 1284 1313 1340 est,
1335 1275 1467 1329 dum
1495 1275 1571 1330 ait
1606 1295 1620 1330 :
1651 1274 1835 1331 Gratis
1873 1275 2066 1331 uenditi

2174 1287 2224 1340 δὲ
2254 1287 2351 1340 καὶ
2376 1285 2465 1339 διὰ
2502 1285 2731 1338 Ἦσαῒου
2764 1284 2935 1353 φησὶν
2955 1284 2984 1335 ὁ
3016 1282 3171 1346 Θεὸς,
3206 1282 3288 1335 ὅτι
3310 1280 3546 1349 Δωρεὰν
3577 1274 3760 1346 ἐπρά-

488 1370 620 1422 estis
660 1369 728 1423 ³⁸.
2168 1380 2329 1444 θητε.

549 1460 620 1513 Ει
637 1477 740 1515 non
772 1472 888 1515 erat
924 1462 1275 1517 multitudoin
1301 1460 1810 1518 commutationibus
1835 1461 2063 1517 nostris.

2241 1469 2351 1523 Kal
2374 1469 2485 1523 οὐκ
2507 1464 2588 1538 ἦν
2614 1466 2851 1535 πλῆθος
2876 1467 2947 1520 ὲν
2976 1466 3105 1532 τοῖς
3141 1462 3538 1533 ἀλλάγμασιν
3564 1457 3759 1529 ἡμῶν.

477 1553 544 1607 Ει
575 1555 833 1624 pretium,
870 1557 1067 1625 inquit,
1101 1571 1210 1625 quo
1234 1556 1464 1611 alienati
1501 1566 1692 1608 sumus
1728 1551 1795 1606 ad
1848 1566 2066 1620 parvam

2174 1561 2283 1614 Καὶ
2316 1561 2417 1614 οὐκ
2452 1557 2596 1631 ἦσαν
2636 1559 2810 1613 πολλὰ
2837 1559 2906 1613 τὰ
2956 1560 3248 1629 τιμήματα
3279 1554 3439 1625 ἡμῶν
3461 1569 3476 1584 ο
3501 1552 3762 1620 ἄλλαγμα

474 1647 807 1702 ascendebat
848 1662 1141 1703 summam.
1167 1647 1540 1701 Commutatio
1576 1644 1720 1701 servi
1756 1644 1905 1697 enim
1951 1659 2066 1715 pre-

2176 1655 2285 1726 γὰρ
2317 1656 2559 1716 οἰκέτου.
2591 1655 2654 1708 τὸ
2687 1654 3093 1723 ἀντιδιδόμενον
3120 1651 3359 1722 τίμημα.
3409 1646 3651 1701 Έαυτῶν
3699 1646 3762 1698 δὲ

480 1738 617 1792 tium
652 1749 736 1793 est
777 1740 899 1793 loco
931 1739 1077 1795 servi
1107 1740 1319 1795 datum.
1351 1737 1679 1808 Huiusmodi
1710 1748 1892 1794 autem
1953 1752 2066 1791 ver-

2177 1747 2687 1819 κατειρωνεύονται,
2734 1747 2893 1799 τοῦτο
2944 1744 3197 1813 λέγοντες
3223 1758 3238 1773 ·
3280 1742 3410 1796 ἄνευ
3450 1738 3561 1808 γὰρ
3591 1738 3763 1807 τιμῆς

473 1832 560 1888 his
580 1830 846 1886 adversus
863 1830 1078 1900 seipsos
1098 1831 1307 1885 ironice
1326 1831 1676 1885 cavillantur.
1695 1828 1830 1883 Nam
1858 1830 2066 1899 absque

2174 1838 2534 1909 ἀπεδόθησαν.
2577 1837 2714 1891 Τινὰ
2767 1836 2825 1890 δὲ
2891 1837 3001 1889 τῶν
3040 1834 3414 1905 ἀντιγράφων,
3481 1832 3586 1884 Ἐν
3633 1828 3763 1894 τοῖς

473 1922 589 1976 ullo
638 1924 803 1975 etiam
852 1922 1029 1991 pretio
1096 1923 1282 1976 traditi
1333 1921 1553 1976 fuerant
1607 1921 1662 1975 in
1715 1922 2063 1975 servitutem.

2174 1930 2596 1999 ἀλαλάγμιισιν
2623 1929 2863 1999 ἔχουσιν,
2889 1924 3026 1993 οἷον,
3065 1930 3182 1982 Οὐκ
3209 1923 3278 1998 ἦν
3301 1924 3506 1995 πλῆθος
3525 1922 3763 1994 ἐχθρῶν,

473 2013 734 2078 Quaedam
783 2028 914 2067 vero
961 2012 1295 2082 exemplaria
1356 2012 1559 2068 habent
1605 2028 1621 2067 :
1691 2009 1761 2063 Et
1810 2027 1913 2065 non
1949 2022 2066 2066 erat

2174 2023 2221 2074 iv
2255 2021 2331 2092 τῷ
2362 2022 2485 2075 καθ’
2511 2025 2543 2093 ή
2556 2022 2671 2093 μῶν
2703 2022 2996 2086 ἀλαλάζειν
3042 2022 3110 2074 τὰ
3157 2021 3424 2073 ἐπινίκια.
3469 2016 3763 2087 Κεκρατή-

476 2112 762 2169 multitudo
790 2115 843 2166 in
880 2112 1344 2182 uociferationibus
1371 2129 1551 2167 eorum
1580 2153 1595 2177 ,
1634 2120 1693 2166 ut
1737 2113 1810 2167 sit
1842 2125 2059 2177 sensus,

2174 2131 2293 2168 κασι
2315 2115 2424 2183 γὰρ
2444 2115 2626 2185 ήμῶν,
2657 2114 2810 2178 ὄντες
2833 2114 2972 2183 πρὸς
3002 2115 3152 2184 ἡμᾶς
3176 2111 3367 2180 ὀλίγοι.

476 2210 622 2275 quod
654 2223 761 2263 non
789 2214 907 2261 erat
936 2207 1160 2276 grandis
1196 2206 1436 2261 hostium
1486 2222 1748 2263 numerus
1772 2246 1788 2273 ,
1828 2205 2053 2276 quando
2096 2209 2338 2276 superati
2372 2218 2522 2275 sunt,
2550 2219 2603 2265 et
2638 2207 2858 2280 quando
2876 2208 3065 2263 hostes
3098 2208 3156 2261 in
3220 2207 3437 2275 signum
3514 2200 3766 2256 victoria:

475 2302 812 2357 exsultantes
866 2301 1358 2357 vociferationibus
1425 2303 1740 2358 utebantur.
1788 2299 2058 2358 Vicerunt
2129 2302 2279 2358 enim
2345 2319 2467 2372 nos,
2504 2306 2706 2377 inquit,
2740 2319 2863 2361 cum
2895 2303 3054 2375 pauci
3086 2316 3316 2357 numero
3341 2308 3551 2367 essent,
3598 2292 3765 2352 nobis

477 2394 734 2449 nimirum
770 2395 1088 2462 comparati.

531 2509 708 2574 Νεῖλε.
749 2512 834 2565 14.
868 2510 1107 2566 Posuisti
1130 2530 1224 2567 nos
1254 2513 1591 2582 opprobrium
1623 2515 1809 2570 vicinis
1834 2517 2057 2571 nostris.

2242 2517 2424 2571 'E00v
2450 2511 2606 2584 ἡμᾶς
2630 2512 2862 2581 ὄνειδος
2886 2510 3011 2578 τοῖς
3034 2511 3299 2581 γείτοσιν
3321 2506 3512 2578 ἡμῶν,
3533 2522 3760 2575 μυκτηι

480 2599 986 2667 subsaunationem,
1032 2614 1081 2657 et
1128 2607 1441 2660 derisionem
1481 2609 1546 2660 iis
1605 2609 1695 2678 qui
1738 2609 1792 2662 in
1836 2610 2064 2662 circuitu

2174 2611 2387 2677 ρισμὸν
2420 2608 2517 2662 καὶ
2541 2607 2897 2677 χλευασμὸν
2927 2605 3051 2672 τοῖς
3082 2605 3287 2667 κύκλῳ
3316 2601 3506 2671 ἡμῶν.
3535 2601 3739 2669 Μυκτη-

480 2701 661 2745 nostra
685 2704 828 2747 sunt.
865 2694 1220 2749 Subsauuare
1280 2697 1417 2753 idem
1449 2699 1553 2754 sibi
1608 2701 1719 2754 vult
1770 2701 1917 2771 quod
1969 2716 2065 2755 nc-

2174 2700 2367 2773 ρισμδν
2421 2700 2571 2768 λέγει
2621 2699 2720 2770 τὴν
2760 2698 3146 2764 ὲξουδένωσιν·
3201 2692 3513 2765 χλευασμὸν
3560 2690 3635 2752 δὲ,
3688 2689 3753 2741 τὺ

478 2782 699 2852 gligcre.
746 2784 844 2838 Per
887 2787 1096 2842 vicinos
1126 2797 1328 2854 autem,
1356 2800 1407 2843 et
1469 2808 1565 2847 eos
1604 2796 1696 2862 qui
1732 2793 1812 2848 in‘
1832 2795 2065 2849 circuitu

2174 2791 2432 2863 σκῶμμα.
2467 2791 2709 2854 Γείτονες
2735 2789 2811 2854 δὲ,
2844 2790 2940 2841 καὶ
2972 2787 3159 2858 κύκλῳ
3188 2786 3393 2846 αὐτῶν,
3429 2786 3477 2837 oi
3522 2783 3759 2850 ἀλλόφυ-

479 2886 626 2939 sunt,
658 2878 996 2950 alienigenas
1028 2882 1306 2951 intelligit,
1339 2885 1503 2940 veluti
1552 2887 1821 2944 Idumaeos
1852 2928 1867 2953 ,
1913 2887 2062 2943 Moa-

2174 2885 2252 2938 λοι
2294 2884 2560 2945 Ἰουδαῖοι,
2607 2882 2704 2936 καὶ
2750 2881 3064 2947 Μωαϐῖται,
3120 2880 3217 2933 καὶ
3266 2878 3628 2949 Ἀμμανῖται,
3664 2874 3764 2927 καὶ

480 2967 651 3033 bitas,
685 2970 1051 3036 Ammonitas,
1076 2980 1129 3027 et
1168 2973 1306 3028 alios
1335 2974 1667 3041 hujusmodi.

553 3081 719 3137 Vnus.
755 3084 843 3139 15.
873 3084 1110 3140 Posuisti
1159 3105 1252 3142 nos
1278 3090 1331 3142 in
1362 3092 1677 3158 parabolam
1712 3093 1765 3146 in
1801 3094 2060 3164 gentibus.

478 3170 538 3227 ln
584 3176 894 3245 parabolam
937 3176 1109 3246 dixit,
1158 3194 1279 3248 pro,
1323 3180 1375 3234 in
1421 3184 1751 3250 exemplum.
1807 3182 2067 3241 Solebant

481 3263 627 3317 enim
663 3263 845 3319 dicere
881 3266 1071 3322 vicinae
1125 3267 1233 3323 illae
1271 3279 1459 3340 gentes
1492 3288 1504 3323 :
1545 3269 1762 3327 Utinam
1807 3275 2068 3330 omnibus

480 3356 605 3410 aliis
658 3356 908 3412 hostibus
943 3361 1148 3414 nostris
1201 3372 1275 3415 ita
1309 3365 1566 3431 accidat,
1604 3366 2065 3432 quemadmodum

480 3443 751 3499 accidisse
782 3446 1030 3501 videmus
1055 3451 1259 3518 populo
1290 3450 1616 3507 Israelitico.
1657 3452 1770 3519 Vel,
1798 3455 1850 3508 in
1875 3472 2069 3512 narra—

480 3534 735 3596 tionem,
769 3549 892 3604 ,seu
949 3537 1005 3588 in
1058 3536 1321 3593 fabulam.
1379 3539 1757 3598 Narrabantur
1801 3546 1948 3600 enim
1999 3548 2069 3603 ab

483 3624 751 3675 omnibus
806 3624 1119 3681 Judaeorum
1160 3632 1524 3688 calamitates.

553 3709 970 3768 Commotionem
995 3718 1187 3785 capitis
1219 3720 1518 3789 inpopulis.
1543 3722 1876 3779 Acommuni
1903 3740 2068 3781 sensu

491 3810 820 3862 sumendum
846 3820 927 3862 est
952 3813 1173 3865 verbum
1215 3829 1228 3864 :
1282 3812 1519 3868 Posuisti
1561 3817 1616 3869 in
1667 3820 2069 3872 commotionem

482 3900 667 3968 capitis
701 3902 753 3955 in
787 3904 992 3972 populis
1019 3904 1275 3972 gentium.
1306 3904 1543 3971 Movent,
1590 3908 1787 3979 inquit,
1821 3911 2066 3980 gentium

483 3993 670 4058 polluti
716 3997 897 4062 capita
947 3994 1216 4051 adversus
1260 4012 1395 4062 nos,
1442 3997 1477 4052 ii
1537 3999 1759 4068 quidem
1816 4009 2068 4056 nostrum

482 4084 734 4152 miserti,
777 4088 868 4140 alii
944 4102 1073 4141 vero
1133 4090 1436 4159 gaudentes
1510 4091 1746 4160 potius,
1784 4101 1840 4149 et
1867 4094 2072 4151 laetitiae

482 4176 709 4230 vocibus
740 4178 1096 4234 insultantes.

555 4266 717 4322 Vens.
757 4269 838 4323 i6.
882 4267 1017 4322 Tata
1049 4271 1135 4324 die
1161 4273 1471 4326 verecundia
1505 4288 1623 4329 mea
1651 4289 1835 4328 coram
1858 4291 1941 4332 me
1962 4284 2068 4332 est.

484 4357 710 4427 Semper
741 4371 824 4414 est
861 4362 912 4413 in
943 4372 1240 4429 conspectu
1280 4380 1423 4418 meo.

553 4449 623 4503 Et
673 4453 913 4518 confusio
958 4452 1116 4520 [aciei
1171 4472 1297 4509 mete
1344 4458 1610 4524 cooperuit
1656 4476 1752 4513 me.
1798 4459 1877 4516 Eo
1924 4465 2067 4532 quod

484 4551 595 4593 tam
630 4541 990 4609 ignominiose
1023 4545 1274 4613 direptus
1301 4563 1425 4601 sum
1477 4559 1531 4601 et
1577 4550 1883 4621 dispersus.
1917 4555 2064 4611 Idem

483 4636 848 4699 autem_;eque
880 4632 1190 4701 signiﬁcant
1224 4638 1358 4703 lnec,
1388 4647 1441 4692 et
1463 4640 1626 4709 paulo
1678 4650 1806 4697 ante
1856 4660 2068 4714 praece-

488 4722 667 4775 dentia
714 4723 905 4778 verba.

560 4812 721 4869 Vens.
759 4816 839 4868 Π.
873 4818 913 4869 Α
953 4832 1072 4872 voce
1114 4809 1483 4886 exprobrantis
1518 4832 1568 4877 et
1617 4824 1950 4893 obloquentis
1979 4867 1997 4894 ,
2037 4846 2071 4883 a

482 4904 621 4974 facie
648 4905 847 4959 inimici
867 4919 914 4961 et
939 4913 1319 4981 persequentis.
1353 4910 1692 4968 Verecundia
1720 4958 1734 4981 ,
1777 4916 1977 4988 inquit,
2011 4932 2068 4975 et

483 4995 737 5049 confusio
764 4998 893 5050 mihi
927 5008 1030 5063 est,
1058 5000 1204 5069 quod
1237 5001 1401 5055 vicini
1430 5010 1598 5072 atque
1623 5005 1833 5060 inimici
1863 5022 2067 5078 expro-

487 5083 647 5138 brant
685 5100 770 5139 me
800 5103 813 5139 :
847 5097 898 5140 et
930 5094 1162 5159 superbe
1199 5091 1334 5144 adeo
1363 5107 1449 5146 me
1480 5093 1786 5161 respiciunt
1817 5136 1832 5160 ,
1896 5109 1955 5149 ut
2001 5114 2070 5152 ex

484 5175 719 5234 adverso
760 5180 960 5235 intueri
997 5198 1092 5238 eos
1127 5198 1235 5237 non
1274 5184 1532 5238 audeam.
1578 5185 1641 5239 Et
1675 5187 1824 5258 quod
1868 5189 1956 5244 hic
1989 5189 2068 5244 le-

486 5270 666 5340 gimus
700 5270 1064 5343 Obloquentis,
1105 5276 1319 5346 Aquila,
1363 5275 1791 5346 Btaspltemantis
1825 5320 1840 5346 ,
1881 5281 2040 5336 dixit.

558 5385 726 5443 Vsus.
759 5389 846 5443 l8.
882 5388 1011 5444 Herc
1038 5390 1223 5445 omnia
1252 5401 1500 5445 venerunt
1522 5393 1576 5446 in
1603 5408 1721 5447 nos.
1742 5392 1852 5450 llas
1874 5408 2066 5450 omnes

485 5476 826 5535 calamitates
850 5481 1238 5538 sustinuimus.

562 5591 611 5625 ³⁸
640 5593 747 5649 lsa.
777 5609 828 5658 ι,
862 5593 914 5649 l.

2174 2979 2323 3033 ἄλλοι
2351 2975 2614 3030 τοιοῦτοι.

2250 3088 2433 3140 Ἕθου
2465 3083 2622 3154 ἡμᾶς
2671 3086 2761 3150 εἷς
2814 3082 3168 3153 παραϐολὴν
3215 3082 3286 3135 ἐν
3328 3081 3453 3147 τοῖς
3490 3083 3761 3138 ἔθνεσιν.

2181 3180 2329 3233 ‘Avrl
2347 3179 2465 3246 τοῦ,
2494 3182 2573 3241 εἰς
2599 3176 2981 3248 παράδειγμα·
3014 3175 3194 3244 λέγειν
3225 3175 3334 3245 γὰρ
3367 3172 3645 3238 εἰώθασιν,
3678 3175 3766 3228 ὅτι

2170 3274 2400 3328 Πάοοιεν
2428 3275 2476 3325 οἱ
2501 3271 2688 3342 ἐχθροὶ
2717 3271 2876 3341 ήμῶν
2900 3271 3123 3333 πάντες,
3155 3264 3242 3322 οἷα
3277 3271 3370 3322 καὶ
3391 3268 3443 3320 οἱ
3490 3268 3765 3339 Ἰσραηλῖ-

2168 3380 2291 3417 ταιο
2326 3363 2359 3434 ἢ
2384 3364 2463 3426 είς
2493 3361 2814 3433 ὲκδιήγησιν
2834 3376 2849 3391 ο
2874 3359 3188 3432 διηγοῦνται
3215 3361 3326 3431 γὰρ
3350 3361 3449 3425 τὰς
3482 3360 3764 3430 ἡμετέρας

2172 3454 2487 3528 συμφοράς.

2243 3722 2503 3788 Κίνησιν
2534 3720 2805 3792 κεφαλῆς
2827 3722 2895 3777 ἐν
2941 3722 3062 3788 τοῖς
3090 3720 3285 3789 λαοῖς.
3328 3721 3461 3774 Ἀπὸ
3489 3719 3669 3775 κοινοῦ
3698 3717 3766 3773 τὺ

2176 3817 2354 3869 Ἔθου
2366 3818 2453 3880 εὶς
2466 3815 2714 3882 κίνησιν
2728 3814 3000 3884 κεφαλῆς
3013 3816 3082 3867 ἐν
3099 3813 3221 3880 τοῖς
3230 3814 3401 3880 λαοῖς
3413 3812 3530 3867 τῶν
3541 3813 3760 3869 ἐθνῶν

2172 3910 2383 3964 κινοῦσι
2411 3908 2520 3977 γὰρ
2549 3907 2632 3978 ἐφ’
2662 3910 2796 3979 ἡμῖν
2817 3908 2915 3971 τὰς
2946 3907 3212 3976 κεφαλὰς,
3245 3910 3294 3961 οἱ
3324 3908 3422 3977 μὲν
3450 3924 3764 3961 κατοικτεικ

2174 4002 2471 4074 ριζόμενοι,
2508 4004 2559 4055 oi
2586 4002 2644 4055 δὲ
2696 4002 2900 4072 μᾶλλον
2948 4001 3354 4071 ὲπιχαίροντες,
3394 4003 3490 4055 καὶ
3517 3994 3629 4055 οἷον
3671 4002 3766 4056 λέ-

2172 4112 2385 4168 γοντες,
2418 4094 2583 4164 Εὖγε,
2613 4093 2765 4164 εὖγε.

2244 4274 2439 4342 Ὅλην
2482 4272 2599 4341 τὴν
2621 4272 2852 4343 ἡμέραν
2880 4272 2918 4341 ἡ
2939 4272 3197 4341 ἐντροπὴ
3218 4288 3337 4341 μου
3370 4286 3764 4326 κατεναντίον

2169 4365 2289 4435 μού
2322 4364 2475 4419 ἐστι.
2504 4364 2809 4427 Διαπαντὸς
2834 4364 3065 4417 ἐνώπιόν
3098 4382 3203 4433 μου
3230 4364 3367 4418 ὲστί.

2244 4458 2357 4512 Καὶ
2384 4458 2423 4527 ἡ
2452 4458 2715 4525 αἰσχύνη
2740 4455 2847 4511 τοῦ
2876 4455 3201 4526 προσώπου
3214 4474 3337 4524 μου
3367 4454 3638 4524 ἐκάλυψέ
3656 4471 3760 4524 με.

2174 4549 2360 4613 Οὕτως
2385 4552 2629 4619 αἰσχρῶς
2645 4550 2756 4622 (54)
2778 4551 3189 4621 διηρπαγμένον
3210 4552 3303 4603 καὶ
3332 4550 3759 4618 διεσπαρμένον.

2174 4642 2249 4695 Τὸ
2277 4641 2410 4695 αὐτὸ
2444 4641 2501 4695 δὲ
2524 4641 2620 4705 καὶ
2644 4641 2803 4696 τοῦτο
2838 4643 3119 4713 σημαίνει.

2258 4820 2398 4873 Ἀπὸ
2425 4819 2637 4888 φωνῆς
2675 4815 3069 4885 ὀνειδίζοντος
3098 4818 3199 4872 καὶ
3244 4817 3761 4884 καταλαλοῦντος,

2173 4910 2291 4965 ἀπὸ
2320 4910 2645 4980 προσώπου
2671 4910 2891 4979 ἐχθροῦ
2925 4910 3026 4964 καὶ
3067 4909 3481 4976 ἐκδιώκοντος.
3514 4910 3758 4981 Αίσχύνη

2180 5022 2294 5074 μοι,
2316 5005 2503 5076 φησὶν,
2536 5006 2677 5070 ἐστὶ,
2702 5007 2797 5059 καὶ
2825 5005 2918 5074 ἀφ’
2948 4998 3025 5059 ὧν
3051 5004 3303 5072 λέγουσιν
3329 5005 3378 5057 oi
3403 5004 3763 5066 ὀνειδίζοντες

2177 5096 2442 5164 γείτονες,
2469 5097 2564 5149 καὶ
2611 5098 2705 5166 ἀφ’
2757 5091 2832 5151 ὦν
2855 5097 3026 5169 ὁρῶσι
3072 5098 3305 5170 σοϐαρὸν
3330 5100 3378 5151 οἱ
3422 5099 3632 5169 ἐχθροὶ,
3661 5099 3762 5151 καὶ

2177 5187 2281 5262 οὐδ’
2307 5186 2653 5242 ἀντιϐλέπειν
2689 5190 2888 5254 αὐτοὺς
2917 5190 3106 5262 ἰσχύω.
3143 5191 3217 5246 Τὸ
3254 5191 3762 5259 Καταλαλοῦντος

2177 5260 2254 5344 δὲ,
2286 5280 2801 5350 Βλασφημοῦντος
2844 5260 3002 5336 εἶπεν
3033 5285 3061 5337 ὁ
3094 5283 3348 5347 Ἀκύλας.

2249 5395 2445 5451 Ταῦτα
2479 5398 2678 5454 πάντα
2722 5396 2915 5472 ἦλθεν
2946 5403 3038 5473 ἐφ’
3087 5401 3266 5474 ἡμᾶς.
3313 5402 3531 5467 Ταύτας
3573 5402 3757 5466 πάσας

2175 5488 2275 5552 τὰς
2297 5491 2569 5558 κακώσεις
2597 5494 2934 5566 ὑπέστημεν.

1838 5693 2041 5758 ναι-ἰὼ
2068 5694 2402 5762 lectiones.

568 5782 682 5852 (54)
713 5781 799 5842 Al.
834 5788 1275 5861 Διηρπασμένον.
