4120 6430
370 361 480 431 485

1509 374 1900 437 COMMENT.
1946 375 2031 438 IN
2064 377 2431 444 PSALMOS.

2368 140 2415 150 φ

3527 391 3634 457 486

444 479 544 533 Καὶ
582 480 693 533 vim
730 478 1143 552 ἑπελαθὸμεθά
1169 499 1307 540 σου.
1341 483 1504 537 Ὥστε
1527 486 1793 554 ὀνομάσαι
1813 486 1944 541 Θεὸν

2122 484 2193 539 Et
2223 488 2373 540 obliti
2401 503 2504 542 non
2540 505 2722 545 sumus
2754 492 2855 545 tui.
2908 489 2977 546 Ut
3023 492 3189 548 alium
3237 494 3627 558 invocaremus

363 571 574 624 ἕτερον.

438 588 454 622 Ξ
495 587 574 624 ον.

438 587 552 717 ἔξω
595 665 706 718 οὐκ
738 665 1120 737 ἠδικήσαμεν
1164 669 1236 724 ἐν
1293 669 1368 739 τῇ
1404 671 1657 741 διαθήκῃ
1685 687 1823 728 σου.
1870 673 1947 727 Οὐ

362 753 694 825 παρέσημεν
739 756 833 809 τὸν
859 758 1026 828 νόμον
1046 777 1141 814 σου
1165 778 1180 792 ο
1231 761 1410 817 ἀδικεί
1453 764 1563 837 γὰρ
1603 765 1695 818 τὸν
1723 767 1888 835 νόμον
1920 767 1950 818 ὁ

364 842 726 911 παραϐαίνων
760 847 948 902 αὐτόν.

436 1022 544 1075 Kal
581 1023 691 1076 οὐκ
714 1023 953 1094 ἀπέστη
984 1029 1072 1094 εἰς
1100 1028 1172 1083 τὰ
1211 1031 1406 1087 ὀπίσω
1442 1035 1481 1103 ἠ
1512 1036 1728 1105 καρδία
1754 1040 1942 1110 ήμῶν.

362 1114 478 1166 Καὶ
502 1115 605 1168 οὐκ
633 1116 845 1188 ἀπέστη
879 1118 973 1171 ἐπὶ
1000 1120 1067 1173 τὰ
1092 1121 1331 1192 χείρονα.
1364 1125 1550 1182 Ταῦτα
1578 1129 1635 1183 δὲ
1661 1133 1838 1187 πάντα
1859 1135 1947 1187 λέ-

364 1221 557 1271 γουσιν
602 1207 652 1258 oi
708 1206 1122 1283 θεοσεϐέστεροι
1162 1214 1257 1268 τοῦ
1299 1215 1452 1285 λαοῦ,
1484 1221 1534 1272 οε
1590 1224 1686 1276 καὶ
1729 1226 1788 1277 ἐν
1831 1228 1945 1291 τοῖς

365 1296 630 1361 τοιούτοις
660 1300 860 1353 πάθεσι
891 1303 1256 1372 φυλάττοντες
1285 1309 1385 1374 τὰς
1416 1311 1639 1378 ἐντολὰς
1665 1314 1760 1369 τοῦ
1783 1314 1945 1383 Θεοῦ,

365 1389 460 1441 καὶ
491 1389 633 1460 ὑπὲρ
665 1391 803 1447 ὅλων
833 1393 941 1447 τῶν
972 1395 1454 1470 ὑπολελειμμένων
1478 1402 1947 1474 δικαιολογοῦνται

360 1483 502 1585 «pb;
553 1482 645 1536 τὸν
682 1483 817 1538 Θεὸν
842 1522 859 1552 ,
894 1485 1212 1558 ἀλείφοντες
1237 1493 1333 1546 καὶ
1377 1493 1603 1560 τούτους
1649 1497 1732 1562 εις
1773 1498 1945 1570 εὐψυ-

357 1587 509 1641 χιαν.

2055 575 2250 632 Deum.

2127 670 2199 724 Et
2244 673 2442 742 injuste
2469 690 2573 728 non
2627 677 2827 746 egimus
2875 678 2933 731 in
2985 686 3289 734 testamento
3342 690 3450 738 tuo.
3511 683 3630 739 Non

2055 770 2381 836 transgressi
2416 785 2608 826 sumus
2646 771 2817 843 legem
2847 781 3016 826 tuam.
3058 774 3267 844 lnjnste
3316 778 3464 833 enim
3497 782 3631 851 agit,

2055 868 2111 914 et
2136 860 2339 928 injuria
2373 861 2553 931 ipsam
2585 863 2758 931 legem
2793 862 2993 931 allicit,
3030 865 3125 933 qui
3170 867 3317 921 illam
3350 879 3630 941 transgre-

2056 953 2224 1008 ditur.

2129 1044 2295 1100 Vens.
2326 1046 2415 1101 l9.
2448 1045 2520 1099 Et
2541 1062 2646 1100 non
2676 1048 2885 1103 recessit
2923 1057 3066 1104 retro
3096 1067 3188 1105 cor
3212 1062 3472 1107 nostrum.
3508 1053 3628 1111 Non

2054 1136 2425 1206 confugimus,
2461 1137 2659 1206 inquit,
2696 1137 2764 1192 ad
2794 1138 3087 1193 deteriora.
3118 1140 3270 1195 Dicta
3301 1153 3483 1196 autem
3516 1145 3631 1200 haec

2054 1235 2186 1281 sunt
2213 1228 2267 1281 in
2300 1242 2588 1294 personam
2619 1242 2810 1283 eorum
2843 1230 2938 1298 qui
2968 1231 3111 1285 inter
3142 1240 3373 1289 caeteros
3421 1234 3477 1287 in
3536 1250 3631 1303 po-

2056 1317 2207 1385 pulo,
2250 1317 2461 1387 pietati,
2494 1318 2856 1390 religionique
2879 1333 2945 1374 ac
2994 1321 3184 1376 divino
3233 1322 3410 1377 cultui
3455 1326 3630 1393 magis

2053 1409 2349 1465 studebant
2382 1428 2398 1478 ;
2431 1411 2524 1480 qui
2548 1453 2564 1480 ,
2614 1419 2671 1467 et
2709 1411 2757 1468 si
2795 1412 2966 1468 tantis
2993 1423 3185 1468 essent
3223 1415 3665 1490 calamitatibus.

2053 1499 2414 1566 circumdati,
2446 1500 2630 1555 divina
2664 1511 2849 1557 tamen
2898 1503 3157 1558 mandata
3208 1506 3578 1561 observabant
3611 1525 3627 1561 :

2054 1591 2201 1645 unde
2224 1592 2387 1644 etiam
2413 1605 2514 1661 pro
2545 1590 2668 1646 aliis
2697 1593 2974 1660 onmibus,
2999 1595 3093 1663 qui
3128 1594 3440 1651 defecerant
3463 1636 3480 1664 ,
3519 1597 3630 1655 Deo

2053 1696 2114 1736 se
2141 1693 2393 1751 purgant,
2422 1692 2477 1738 et
2500 1684 2685 1739 socios
2727 1686 2932 1743 pariter
2987 1686 3056 1741 ad
3121 1689 3626 1757 magnanimitatem

2053 1770 2319 1825 excitant.

441 1838 796 1910 Ἐξέθιλινας
841 1846 952 1913 τὰς
994 1849 1232 1916 τριόουζι
1273 1852 1444 1922 ήμῶν
1478 1856 1598 1910 ἀπὸ
1637 1858 1747 1926 τῆς
1799 1859 1944 1916 ὀδοῦ

2123 1859 2191 1914 Et
2212 1838 2492 1917 declinasti
2524 1863 2742 1917 semitas
2765 1873 2975 1919 nostras
3010 1882 3043 1919 a
3090 1868 3174 1921 uia
3204 1879 3316 1923 tua.
3356 1867 3422 1922 Et
3452 1878 3629 1924 muta-

348 1947 495 2024 σου.
533 1933 648 1987 Καὶ
678 1937 1056 2009 μετέστρεψας
1085 1941 1186 2006 τὰς
1231 1945 1454 2014 τρίϐους
1493 1949 1652 2018 ἡμῶν
1690 1951 1800 2005 ἀπὸ
1845 1953 1946 2024 τῆς

349 2023 477 2076 ὀδοῦ
510 2041 633 2089 σου,
662 2027 764 2099 τῆς
793 2030 930 2099 πρὸς
957 2031 1050 2086 τὸν
1071 2034 1196 2087 ναόν
1223 2052 1339 2102 σου,
1358 2037 1433 2100 ὡς
1459 2041 1657 2110 μηκέτι
1685 2023 1944 2097 δύνασθαι

355 2116 495 2184 πρὸς
538 2118 709 2172 αὐτὸν
765 2120 1028 2191 βαδίζειν,
1078 2126 1189 2180 τῶν
1219 2127 1321 2197 μὲν
1369 2130 1941 2204 αἱχμαλωτιαθὲντων,

354 2206 462 2259 τῶν
493 2208 553 2261 δὲ
582 2211 867 2279 φυγόντων
897 2215 1007 2269 ἀπὸ
1038 2217 1136 2289 τῆς
1169 2221 1479 2292 nat-cpio“.-

424 2298 556 2352 Ὀτι
589 2300 1003 2372 litanda-war;
1024 2305 1181 2377 ἡμᾶς
1205 2309 1276 2363 ἐν
1301 2314 1463 2378 τόπῳ
1493 2312 1826 2383 κακώσεως.
1854 2315 1944 2386 Τῷ

368 2387 463 2455 τῆς
493 2392 696 2462 φυγῆς,
724 2393 820 2446 καὶ
844 2394 924 2466 τῷ
955 2396 1057 2468 τῆς
1089 2399 1492 2469 αἰχμαλωσίας.

442 2483 546 2535 Καὶ
583 2485 974 2558 ἐπεκάλυψεν
1014 2492 1174 2563 ἡμᾶς
1197 2497 1342 2552 σκιὰ
1373 2498 1655 2556 θανάτου.
1699 2502 1941 2575 Ολῖψιςή

365 2574 572 2667 ἐοικυῖα
602 2578 845 2651 Θανάτῳ,
873 2582 960 2636 διὰ
989 2585 1087 2658 τὴν
1133 2588 1361 2659 πικρίαν
1383 2608 1398 2624 '
1430 2591 1575 2646 ἔοικε
1619 2593 1729 2666 γᾴρ
1754 2596 1787 2667 ἠ
1815 2597 1943 2649 σκιὰ

356 2664 438 2737 τῷ
462 2672 836 2744 πρωτοτὺπῳ,
864 2676 957 2729 καὶ
982 2681 1233 2749 μιμεῖται
1260 2683 1436 2741 τοῦτο.

426 2947 500 2999 ΕΙ
524 2947 939 3040 ἐπελαϐόμεθα
976 2952 1084 3006 τοῦ
1117 2956 1410 3027 ὀνόματος
1443 2963 1549 3018 τοῦ
1573 2966 1720 3022 Θεοῦ
1753 2969 1940 3040 ἡμῶν.

352 3068 425 3080 —
459 3039 573 3093 Τοῦ
605 3041 755 3094 Θεοῦ
780 3042 968 3110 ἡμῶν,
1012 3054 1485 3118 περιφραστικῶς.

431 3218 545 3271 Καὶ
574 3222 627 3273 εὶ
657 3218 1099 3294 διεπετάσαμεν
1139 3228 1342 3297 χεῖρας
1392 3233 1564 3303 ἡμῶν
1601 3239 1752 3306 πρὸς
1793 3243 1944 3297 Θεὸν

354 3311 710 3381 ἀλλότριον.
737 3317 908 3371 Τοῦτο
926 3319 1022 3371 τοῦ
1047 3322 1308 3392 ῥηθέντος
1337 3327 1694 3401 ὲπεξήγησις.

430 3495 636 3589 Οὐχὶς
670 3498 811 3565 Θεὸς
830 3500 1146 3572 ἐκζητήσει
1192 3507 1415 3575 ταῦτα;
1451 3512 1512 3565 El
1550 3512 1670 3567 τόδε
1711 3520 1945 3589 nonad;-

360 3602 559 3656 καμεν,
596 3582 705 3658 ἆρα
734 3590 854 3662 οὖχὶ
884 3594 912 3644 ὀ
944 3593 1075 3658 Θεὸς
1102 3597 1401 3670 ὲκζητήσει
1444 3603 1616 3658 ταῦτα
1642 3623 1657 3673 ς
1747 3614 1767 3626 .

417 3771 614 3838 Αὐτὸς
656 3774 765 3845 γὰρ
817 3775 1097 3845 γινώσκει
1135 3780 1209 3834 τὰ
1254 3783 1475 3852 κρύφια
1518 3786 1631 3856 τῆς
1674 3790 1941 3860 καρδίας.

361 3862 501 3916 post
523 3864 946 3938 ἐνεθυμήθημέν
973 3884 1027 3922 τι
1055 3870 1318 3928 τοιοῦτον.

429 4045 560 4100 Ὅτι
578 4046 759 4101 ἕνεκά
790 4064 907 4103 σου
934 4052 1343 4123 θανατούμεθα
1371 4054 1527 4127 ὅλην
1550 4059 1665 4129 τὴν
1690 4062 1941 4132 ἡμέραν.

360 4139 439 4208 Τῇ
474 4138 827 4209 προαιρέσει·
890 4142 983 4196 καὶ
1035 4144 1144 4216 γὰρ
1172 4147 1465 4217 δυνάμενοι
1502 4152 1796 4209 συνθέσθαι
1833 4159 1946 4222 τοῖς

358 4228 801 4301 εἰδωλολάτραις,
854 4235 950 4287 καὶ
996 4234 1205 4305 διάγειν
1251 4238 1328 4302 ὡς
1376 4242 1436 4294 ὲν
1482 4243 1690 4309 ἀνέσει,
1753 4248 1842 4301 δια
1885 4251 1945 4303 σὲ

357 4318 544 4373 πάντα
578 4320 945 4393 ὑπομένομεν,
975 4326 1071 4379 καὶ
1101 4326 1374 4400 πρόθυμοί
1407 4333 1576 4404 ἐσμεν
1595 4338 1674 4399 εἰς
1704 4339 1942 4409 σφαγήν.

356 4411 432 4465 Τὸ
462 4412 524 4466 δὲ
563 4414 712 4481 Ὅτι,
750 4419 1024 4487 περιττόν.

441 4622 883 4692 Ἐλογίσθημεν
901 4624 982 4692 ὡς
1011 4628 1276 4693 πρόϐατα
1305 4630 1569 4701 σφαγῆς.
1595 4634 1693 4689 Διὰ
1718 4635 1779 4689 τὸ
1805 4637 1945 4708 πρὸς

354 4713 646 4783 ἀναίρεσιν
679 4715 905 4786 εὐχερὲς
930 4716 1111 4789 ἡμῶν,
1147 4720 1244 4774 καὶ
1272 4721 1334 4774 τὸ
1368 4721 1445 4796 μὴ
1497 4723 1758 4781 δύνασθαι
1792 4730 1944 4798 ἀμύ-

352 4824 473 4861 νειν
498 4808 740 4870 ἑαυτοῖς.

439 4923 843 4992 Ἐεεγέρθητι.
878 4924 975 4988 Εἰς
1004 4927 1286 4999 ἐκδίκησιν
1317 4929 1411 4984 τοῦ
1441 4930 1575 4985 λαοῦ
1609 4951 1725 4992 σου.

433 5038 633 5092 ἰνατί
692 5038 925 5105 ὑπνοῖς,
985 5043 1199 5111 Κύριε;
1281 5043 1443 5100 Ἱνατι
1497 5049 1793 5120 ἡσυχάζεις
1850 5054 1944 5110 ἐπὶ

346 5131 522 5186 πλέον
561 5130 937 5202 μακροθυμῶν
957 5150 972 5200 ;
995 5135 1255 5206 ἡσυχάζει
1286 5138 1395 5210 γὰρ
1417 5139 1624 5195 ὑπνῶν.

435 5331 780 5400 Ἀνάστηθι.
841 5335 936 5398 Εἰς
983 5334 1258 5407 βοήθειαν.
1307 5340 1520 5395 Ταῠτὸν
1562 5341 1622 5395 δὲ
1668 5342 1829 5398 τοῦτο
1865 5344 1944 5415 τῷ

353 5426 747 5495 Ἐξεγέροητι.
794 5426 927 5481 Ἀπὸ
970 5428 1079 5482 τῶν
1115 5429 1479 5500 ἀνθρωπίνων
1509 5434 1801 5504 ἐνεργειῶν
1848 5440 1943 5493 καὶ

339 5517 550 5572 παθῶν
568 5514 845 5586 εἰώθαμεν
874 5519 1305 5591 χαρακτηρίζειν
1338 5523 1402 5576 τὸ
1442 5524 1607 5591 θεῖον,
1636 5525 1711 5591 ὼς
1744 5529 1945 5583 πολλά-

338 5624 440 5671 κις
465 5607 802 5678 εἰρήκαμεν,
836 5609 913 5679 μὴ
943 5608 1236 5679 δυνάμενοι
1257 5611 1434 5678 ἄλλως
1460 5613 1830 5689 διαλεχθῆναι,
1850 5620 1939 5674 διὰ

335 5701 451 5772 τὴν
474 5699 856 5772 ἀκροωμένων
885 5701 1195 5758 ἀσθένειαν.

2046 1953 2117 2008 sti
2158 1954 2384 2009 semitas
2426 1962 2645 2010 nostras
2688 1955 2830 2012 avia
2856 1958 3041 2028 templi
3083 1960 3201 2026 tui,
3263 1970 3322 2014 ut
3368 1963 3437 2015 ad
3488 1962 3624 2015 illud

2046 2046 2282 2115 amplius
2311 2054 2538 2116 pergere
2588 2062 2925 2118 nequeamus
2959 2067 2974 2104 :
3024 2065 3150 2105 cum
3206 2062 3458 2107 nostrum
3491 2054 3624 2117 alii,

2046 2133 2247 2205 captivi
2275 2136 2408 2203 sint,
2440 2144 2495 2192 et
2521 2136 2613 2191 alii
2644 2138 2837 2207 procul
2869 2137 3112 2211 fugerint
3141 2155 3171 2193 a
3213 2141 3414 2210 patria.

2116 2334 2278 2390 Vens.
2318 2336 2409 2390 20.
2449 2338 2711 2403 Quoniam
2755 2338 3054 2394 humiliasti
3100 2356 3194 2394 nos
3233 2342 3288 2395 in
3331 2341 3446 2396 loco
3492 2343 3627 2413 σηιε-

2046 2429 2259 2484 ctionis.
2292 2428 2350 2482 ln
2387 2428 2509 2483 loco
2539 2431 2807 2500 angustiae
2831 2471 2848 2497 ,
2883 2439 2979 2485 aut
3016 2434 3374 2503 captivitatis.

2115 2521 2184 2576 Et
2215 2523 2484 2590 cooperuit
2515 2539 2611 2576 nos
2644 2522 2833 2576 umbra
2865 2525 3074 2579 mortis.
3126 2525 3181 2579 ιιι
3222 2534 3304 2579 est
3340 2527 3626 2582 calamitas

2046 2628 2311 2685 praesens,
2350 2628 2472 2683 qua:
2496 2614 2634 2669 adeo
2663 2616 2862 2668 acerba
2887 2623 2998 2680 est,
3028 2623 3089 2669 ut
3143 2604 3301 2670 morti
3357 2632 3494 2687 pene
3546 2618 3626 2673 si-

2044 2705 2192 2760 milis
2225 2705 2496 2759 videatur.
2543 2704 2801 2760 Umbram
2827 2705 2973 2760 enim
3002 2719 3124 2759 eam
3144 2708 3458 2777 appellavit,
3494 2712 3627 2777 quia

2049 2797 2255 2852 umbra:
2287 2797 2354 2851 iis
2382 2796 2548 2852 rebus
2591 2796 2799 2852 similes
2823 2809 2946 2852 esse
2988 2796 3168 2852 solent
3194 2836 3210 2863 ,
3254 2813 3485 2867 quarum
3516 2798 3630 2853 for-

2047 2900 2166 2942 mas
2191 2894 2611 2956 representant.

2115 2976 2276 3032 Vens.
2305 2977 2396 3031 2|.
2432 2977 2494 3031 Si
2518 2977 2668 3030 obliti
2690 2992 2874 3030 sumus
2896 2977 3123 3032 nominis
3156 2976 3249 3031 Dei
3266 2978 3453 3032 nostri.
3509 2979 3628 3035 Hoc

2046 3075 2129 3121 est
2156 3109 2171 3132 ,
2221 3068 2267 3125 si
2313 3067 2407 3123 Dei
2453 3067 2626 3123 nostri
2667 3068 2822 3123 obliti
2857 3082 3071 3123 sumus.
3127 3068 3628 3127 Circumlocutione

1976 3175 2022 3239 ο
2054 3159 2198 3213 enim
2228 3173 2363 3214 usus
2398 3166 2505 3212 est.

2122 3251 2191 3304 Et
2217 3252 2263 3305 si
2294 3250 2620 3305 extendimus
2640 3265 2828 3303 manus
2847 3260 3060 3303 nostras
3079 3249 3148 3302 ad
3183 3250 3345 3321 Deum
3367 3250 3626 3305 alienum.

2053 3344 2177 3400 llaec
2211 3345 2370 3398 verba
2403 3343 2468 3396 ad
2497 3341 2859 3413 praecedentis
2908 3341 3162 3394 versiculi
3223 3334 3625 3409 expositio..enn

2049 3435 2198 3490 dicta
2233 3446 2382 3489 sunt.

2034 3558 2044 3569 ε
2126 3526 2292 3582 Vsus.
2326 3526 2417 3581 22.
2458 3523 2649 3579 Nonne
2694 3524 2836 3579 Deus
2872 3526 3103 3595 requiret
3157 3526 3261 3578 ista
3296 3525 3328 3579 is
3363 3524 3419 3580 Si
3470 3525 3577 3580 hoc
3607 3565 3623 3591 ,

2048 3620 2244 3690 inquit,
2276 3630 2371 3673 aut
2400 3619 2530 3673 illud
2578 3619 2895 3683 fecerimus,
2925 3632 3109 3673 nonne
3167 3617 3311 3673 Deus
3353 3619 3469 3672 haec
3502 3632 3626 3673 om-

2046 3711 2136 3765 nia
2165 3708 2449 3778 exquiret?

2124 3799 2247 3870 Ipse
2273 3801 2410 3855 enim
2437 3802 2579 3855 novit
2604 3799 2917 3855 abscondita
2941 3801 3139 3858 cordis.
3182 3802 3261 3855 Ac
3300 3800 3347 3856 si
3385 3801 3623 3856 diceret:

2047 3891 2241 3962 Neque
2272 3895 2324 3946 in
2352 3894 2595 3947 animum
2622 3899 2870 3947 nostrum
2885 3894 2993 3947 tale
3017 3893 3296 3962 quidpiam
3327 3893 3626 3963 aliquando

2046 3984 2390 4038 induximus.

2112 4075 2379 4140 Quoniam
2428 4083 2640 4143 propter
2691 4083 2738 4128 te
2778 4074 3168 4142 mortiﬁcamur
3224 4085 3337 4128 tota
3391 4076 3497 4131 die.
3553 4078 3629 4130 Ex

2049 4172 2240 4219 nostro
2265 4165 2525 4218 nimirum
2558 4166 2844 4233 proposito
2873 4173 2929 4218 et
2992 4174 3190 4233 sponte
3241 4173 3450 4221 nostra.
3493 4166 3626 4219 Nam

2048 4270 2174 4311 cum
2201 4255 2425 4324 pacillce
2452 4256 2729 4324 possimus
2763 4269 2829 4309 ac
2865 4262 2982 4309 tuto
3013 4254 3214 4324 degere
3269 4255 3413 4309 inter
3444 4255 3625 4310 idolo-

2053 4351 2227 4404 latras
2272 4348 2550 4412 homines,
2581 4362 2647 4402 ac
2679 4347 2774 4402 Dei
2808 4349 2994 4402 hostes
3034 4363 3049 4400 :
3102 4354 3322 4416 propter
3346 4357 3397 4400 te
3449 4354 3626 4401 tatnen

2049 4442 2233 4500 omnia
2259 4443 2620 4503 sustinemus,
2654 4448 2709 4494 et
2742 4438 2813 4493 ad
2846 4438 3152 4493 obeundam
3184 4453 3284 4507 pro
3313 4446 3369 4492 te
3396 4447 3625 4492 mortem

1977 4526 2024 4581 Ι)
2052 4533 2226 4605 parati
2256 4531 2669 4598 sumusJDictio
2685 4539 2890 4595 autem,
2914 4528 3201 4596 Quoniam,
3224 4526 3496 4598 superﬂua
3522 4536 3627 4583 est.

2125 4645 2439 4700 Existimati
2469 4661 2651 4698 sumus
2677 4644 2833 4711 quasi
2859 4659 2975 4697 oves
3007 4643 3308 4697 occisionis.
3336 4641 3490 4707 'Quia
3525 4641 3630 4696 sci-

2054 4738 2180 4792 licet
2210 4739 2328 4793 neci
2370 4752 2562 4792 sumus
2600 4736 2862 4806 expositi,
2898 4744 2955 4789 ut
2984 4735 3402 4804 nobismetipsis
3423 4735 3633 4789 auxilio

2052 4844 2176 4885 esse
2205 4843 2565 4899 nequeamus.

2122 4942 2288 5000 Vens.
2322 4943 2413 4999 23.
2448 4942 2708 5014 Exsurge.
2740 4943 2816 4997 Ad
2849 4941 3032 5014 populi
3074 4941 3152 4994 tui
3209 4938 3521 4996 vindictam.

2127 5053 2307 5121 Quare
2366 5053 2659 5120 obdorntfs,
2722 5054 2990 5109 Domine?
3042 5054 3224 5120 Quare
3272 5055 3511 5123 quiescis
3566 5067 3631 5108 ac

2050 5152 2203 5201 tanta
2229 5147 2403 5203 uteris
2439 5146 2900 5218 longanimitate?
2928 5146 3226 5213 Quiescere
3250 5148 3393 5201 enim
3422 5148 3631 5201 videtur

2049 5236 2142 5306 qui
2172 5235 2397 5291 dormit.

2123 5346 2376 5418 Resurge.
2406 5347 2466 5403 In
2504 5349 2769 5405 auxilium
2800 5356 3052 5403 nostrum
3083 5346 3319 5403 scilicet.
3353 5344 3423 5399 Et
3471 5344 3620 5401 idem

2049 5437 2593 5511 signiticatRcsurge,
2624 5440 2730 5496 hoc
2756 5443 2810 5497 in
2845 5440 2989 5506 loco,
3024 5440 3169 5512 quod
3195 5437 3461 5508 Exsurge.
3478 5436 3631 5493 Sole-

2049 5543 2174 5583 mus
2196 5538 2377 5588 autem
2404 5532 2672 5596 actiones,
2708 5531 3106 5601 passioucsque
3128 5545 3221 5585 seu
3254 5525 3487 5581 allectus
3512 5527 3621 5581 bu-

2048 5637 2243 5678 manos
2276 5623 2556 5679 Divinitati
2582 5624 2905 5688 attribuere,
2937 5630 2997 5677 ut
3033 5637 3178 5692 saepe
3204 5620 3442 5675 diximus
3470 5636 3487 5685 ;
3512 5631 3622 5672 non

2048 5713 2293 5769 valentes
2322 5715 2497 5783 aliter,
2528 5713 2601 5771 ob
2622 5713 2935 5770 auditorum
2966 5711 3368 5779 infirmitatem,
3401 5722 3620 5767 sensum

2048 5801 2342 5862 explicare.
