4120 6416
411 340 553 429 483'

1583 371 1970 434 COMMENT.
2008 373 2093 436 IN
2130 376 2264 438 PSA
2273 379 2488 445 LMOS.

3567 396 3674 462 4ςο

410 482 495 534 ὅτι
529 480 657 553 περὶ
706 479 798 535 τοῦ
854 482 1094 554 Χριστοῦ
1144 482 1397 548 διέξεισιν
1450 484 1478 536 ὁ
1525 482 1780 553 ψαλμός·
1833 476 1989 547 οὗτος

2091 487 2262 543 lecto:
2324 493 2494 549 totius
2548 495 2926 571 inscriptionis
2973 502 3303 559 summulam
3335 506 3581 563 continet
3611 520 3668 565 et

412 575 548 641 γάρ,
578 574 605 625 ὁ
630 575 935 643 ἀγαπητόςο
961 576 1039 647 τῷ
1066 577 1240 647 Πατρὶ
1272 574 1392 646 μὲν,
1419 574 1493 639 ὡς
1514 575 1641 637 Υἱὸς
1668 577 1985 647 μονογενής

411 666 551 733 ἡμῖν
608 663 688 728 δὲ,
736 664 809 727 ὡς
862 665 1055 735 ⁶πατὴρ
1085 666 1241 737 ἡμῶν
1290 665 1822 737 κηδεμονικώτατος.
1852 666 1990 735 Περὶ

408 756 610 809 τούτου
668 756 776 827 γάρ
804 774 973 827 φησιν
1003 757 1033 810 ὁ
1066 758 1262 829 Πατήρ
1288 774 1303 790 ’
1356 754 1547 825 Οὗτός
1579 756 1754 811 ἐστιν
1786 761 1819 812 ό
1855 757 1988 821 Υἱός

408 865 532 916 μου
566 852 598 902 ὀ
623 848 956 917 ἀγαπητός.
987 849 1254 917 -Ὗπὲρ
1283 848 1390 903 τοῦ
1420 850 1731 920 ἀγαπητοῦ
1756 849 1835 914 δὲ,
1869 849 1990 902 ἀντὶ

409 938 532 1004 τοῦ,
564 940 701 1009 Περὶ
721 938 819 992 τοῦ
849 940 1164 1010 ἀγαπητοῦ,
1211 942 1467 1011 καθάπερ
1490 940 1586 994 καὶ
1616 943 1675 994 ὲν
1700 940 1883 1004 ἄλλοις
1916 940 1990 993 εί-

411 1034 687 1101 ρήκαμεν,
718 1033 979 1103 πρόθεσις
1010 1033 1131 1087 ἀντὶ
1164 1032 1497 1104 προθέσεως.

494 1296 902 1367 Ἐξηρεύξατο
960 1300 999 1368 ἡ
1063 1299 1277 1368 καρδία
1326 1318 1447 1370 μου
1496 1303 1685 1372 λόγον
1741 1305 1987 1370 ἀγαθόν.

407 1388 603 1453 Συνεὶς
650 1380 1021 1462 δ’προφήτης
1067 1392 1150 1446 ὅτι
1197 1393 1410 1462 μεγάλα
1442 1394 1573 1465 περὶ
1623 1395 1721 1447 τοῦ
1746 1395 1987 1465 Χριστοῦ

413 1481 605 1551 μέλλει
638 1483 1078 1554 προαγορεῦσαι,
1121 1486 1543 1556 προοιμιάζεται
1565 1488 1647 1541 ὃτι
1671 1487 1831 1557 λόγον
1854 1490 1991 1557 ἀγα-

408 1573 505 1626 θὸν
537 1575 634 1627 καὶ
678 1576 944 1645 σωτήριον
973 1579 1113 1648 ἐρεῖ.
1148 1578 1347 1632 Σκόπει
1396 1578 1455 1632 δὲ
1487 1580 1586 1649 τὴν
1618 1578 1856 1650 ἔμφασιν
1893 1581 1989 1633 τοῦ

419 1663 851 1732 Ἐξηρεύξατο.
882 1668 1184 1739 Μονονουχὶ
1205 1669 1314 1738 γάρ
1336 1686 1523 1740 φησιν,
1562 1670 1643 1723 ὅτι
1674 1670 1923 1741 καθάπερ
1956 1672 1989 1741 ἡ

408 1756 594 1825 ὲρυγὴ
630 1754 707 1826 μὴ
741 1756 1083 1828 βουλομένων
1129 1760 1288 1829 ⁴ἡμῶν
1346 1760 1603 1831 πρόεισι,
1634 1762 1731 1828 τῆς
1778 1761 1989 1823 κοιλίας

2091 589 2297 649 caput:
2334 585 2462 653 quia
2518 588 2777 644 nimirum
2845 591 2935 647 hic
2968 600 3241 663 tractatur
3292 595 3361 651 de
3418 596 3666 663 Christo,

2090 674 2187 741 qui
2222 682 2278 729 ct
2315 676 2418 746 ipsi
2457 677 2605 733 Patri
2636 680 2872 739 dilectus
2902 692 3009 750 est,
3048 697 3310 755 tanquam
3333 687 3508 745 Filius
3536 692 3667 745 uni-

2089 764 2307 834 genitus
2339 782 2355 821 :
2384 779 2439 822 et
2468 770 2630 827 nobis
2684 774 2922 841 pariter,
2954 777 3081 846 quia
3113 780 3359 833 Omnium
3414 790 3667 837 nostrum

2091 864 2249 924 pater
2270 866 2356 912 est
2389 859 2843 920 studiosissimus
2871 880 2885 917 :
2918 869 3063 921 unde
3090 868 3258 923 etiam
3282 870 3349 924 de
3370 885 3438 925 eo
3457 871 3667 927 dictum

2092 962 2218 1003 esse
2267 948 2551 1019 legimusa
2577 950 2737 1008 Patre
2770 972 2784 1009 :
2824 953 2927 1009 Hic
2964 967 3041 1010 est
3102 957 3278 1013 Filius
3329 978 3473 1016 meus
3532 964 3669 1017 dile-

2092 1039 2288 1095 ctus”.
2331 1040 2435 1094 Pro
2467 1042 2659 1098 dilecto
2690 1055 2872 1101 autem
2902 1087 2918 1112 ,
2957 1048 3061 1102 hoc
3094 1058 3204 1114 est,
3230 1053 3295 1104 de
3326 1051 3541 1108 dilecto.
3571 1053 3669 1108 Est

2093 1131 2239 1184 enim
2268 1134 2586 1203 praepositio
2618 1151 2719 1204 pro
2751 1138 3160 1208 praepositione,
3203 1148 3264 1195 ut
3293 1143 3422 1199 alibi
3454 1161 3598 1215 saepe
3635 1162 3667 1201 a

2094 1222 2378 1292 pr0phetis
2409 1227 2660 1295 usurpari
2696 1227 2961 1285 diximus.
3462 1242 3465 1245 ’

2168 1313 2330 1369 Vsus.
2369 1317 2424 1369 2.
2489 1316 2770 1374 Ernctauit
2814 1339 2908 1377 cor
2965 1340 3135 1379 meum
3189 1329 3401 1381 verbum
3453 1329 3667 1384 bonum.

2093 1401 2341 1459 Cernens
2376 1408 2642 1476 propheta
2664 1451 2679 1474 ,
2717 1411 2864 1480 quod
2898 1428 3089 1485 magna
3118 1418 3366 1485 quaedam
3418 1419 3485 1475 dc
3509 1420 3672 1476 Cirri-

2094 1501 2179 1549 sto
2210 1495 2315 1551 sibi
2344 1505 2504 1551 erant
2533 1501 2907 1569 pradicenda,
2934 1508 3166 1562 exordio
3199 1509 3434 1579 quodam
3473 1512 3669 1576 utitur,

2095 1585 2289 1642 dicens
2314 1602 2624 1646 sermonem
2658 1609 2718 1649 se
2748 1595 2951 1652 bonum
2978 1614 3041 1654 ac
3084 1600 3382 1656 salutarem
3416 1605 3671 1673 prolatu-

2094 1690 2239 1731 rum.
2290 1675 2373 1731 Tu
2426 1693 2557 1735 vero
2583 1682 2748 1736 etiam
2780 1687 3083 1755 emphasim
3139 1692 3427 1747 considera
3491 1696 3672 1759 verbi,

2097 1764 2397 1825 Eructavit.
2429 1768 2570 1826 lllttd
2603 1775 2750 1828 enim
2778 1777 2939 1831 nobis
2964 1779 3209 1836 indicare
3239 1783 3475 1848 videtur,
3519 1788 3669 1854 quod

403 1845 619 1915 ταύτης
674 1848 1137 1919 ἁναπεμπούσης,
1198 1849 1342 1905 οὕτω
1396 1850 1492 1905 καὶ
1553 1851 1645 1904 τὸν
1699 1852 1829 1923 περὶ
1894 1852 1987 1905 τοῦ

2970 1831 2974 1832 ν
3251 1831 3475 1848 ___--_-,
3522 1831 3669 1854 νη..

2096 1859 2557 1927 quemadmodum
2612 1866 2910 1930 eructatio,
2959 1870 3125 1924 etiam
3193 1886 3221 1923 ο
3269 1874 3508 1930 nolentis
3576 1890 3673 1931 ore

400 1939 653 2009 Χριστοῦ
716 1940 877 2009 λόγον
930 1928 1252 2013 ἀνέπεμψεν
1286 1944 1385 2015 ἤδη
1420 1943 1665 1997 κάτωθεν
1719 1945 1750 2015 ἡ
1791 1945 1988 2017 καρδία

405 2048 513 2100 μου
541 2072 558 2095 ,
596 2032 908 2101 πλησθεῖσα
945 2032 1047 2104 τῆς
1077 2036 1286 2105 τροφῆς
1312 2037 1406 2088 τοῦ
1431 2035 1589 2105 ἁγίου
1650 2036 1986 2108 Πνεύματος.

405 2124 698 2197 Prophetas
735 2129 911 2183 nostri
944 2129 1112 2185 corde
1136 2130 1379 2187 emissus
1434 2132 1541 2197 sit,
1573 2146 1813 2203 superna
1879 2134 2117 2205 quadam
2170 2137 2222 2191 vi
2283 2138 2357 2193 ita
2426 2140 2762 2211 impellente,

407 2217 652 2287 Spiritus
680 2218 846 2288 epulo
878 2217 1116 2277 refertus
1142 2231 1310 2275 esset.

483 2313 640 2379 Δᾶτω
668 2311 785 2382 ἐγὼ
807 2311 880 2367 τὰ
909 2311 1053 2381 ἔργα
1081 2329 1201 2382 μου
1254 2311 1336 2378 τῷ
1362 2313 1631 2378 βασιλεῖ.
1666 2314 1983 2386 Προσφωνῶ

420 2403 604 2456 λοιπον
630 2404 740 2475 ἐγὼ
779 2404 858 2474 τῷ
901 2403 1127 2458 Βασιλεῖ
1150 2405 1375 2476 Χριστῷ
1398 2404 1469 2458 τὰ
1503 2405 1639 2475 ἔργα
1674 2424 1799 2476 μου,
1830 2425 1983 2461 τουτ-

418 2494 539 2547 έστι
568 2496 657 2558 τὰς
682 2497 815 2567 περὶ
844 2495 1013 2550 αὐτοῦ
1042 2496 1383 2566 προφητείας
1408 2514 1533 2566 μου.
1561 2498 1850 2568 Προφήτου
1876 2499 1985 2569 γὰρ

413 2587 593 2658 ἔργον,
625 2589 875 2658 ὑφαίνειν
905 2589 1265 2661 προφητείας.

489 2680 555 2735 Ἡ
586 2681 842 2751 γλῶσσά
870 2702 992 2754 μου
1022 2684 1291 2756 κάλαμος
1323 2685 1706 2757 γραμματέως
1738 2681 1989 2753 ὀξυγρὰ-

2096 1949 2232 2014 exit,
2268 1950 2509 2006 humano
2569 1954 2831 2010 nimirum
2862 1967 3054 2015 ventre
3080 1973 3201 2015 eam
3235 1962 3284 2015 vi
3322 1964 3556 2034 quadam
3589 1968 3673 2022 el-

2098 2040 2287 2108 llante,
2348 2044 2424 2098 ita
2452 2056 2509 2101 et
2542 2048 2632 2103 hic
2693 2051 2941 2118 psalmus
2980 2054 3049 2109 de
3108 2053 3317 2112 Dilecto
3366 2060 3436 2115 ab
3475 2061 3672 2116 intimo

2856 2162 2982 2202 cum
3076 2154 3410 2209 suavissimo
3490 2159 3669 2214 sancti

2165 2314 2295 2369 Dico
2333 2332 2427 2386 ego
2478 2334 2592 2373 mea
2625 2336 2784 2389 opera
2812 2323 2939 2394 regi.
2972 2324 3201 2382 Profero
3224 2338 3429 2397 autem,
3470 2334 3670 2405 inquit,

2090 2405 2312 2462 Christo
2342 2408 2477 2480 Regi
2518 2426 2684 2480 opera
2730 2430 2871 2479 mea,
2902 2417 3004 2472 hcc
3035 2427 3143 2482 est,
3177 2420 3493 2490 prophetias
3530 2443 3670 2494 quas

2092 2501 2161 2554 de
2188 2514 2256 2554 eo
2287 2499 2501 2556 alllatus
2539 2501 2749 2571 Spiritu
2780 2508 3099 2573 pronuntio.
3159 2508 3454 2582 Propheta:
3515 2519 3663 2572 enim

2094 2603 2235 2660 epus
2258 2598 2343 2645 est
2380 2592 2699 2661 prophetias
2728 2605 3043 2652 contexere.

2165 2679 2377 2751 Lingua
2424 2699 2541 2737 mea
2574 2683 2817 2742 calamus
2843 2690 3032 2743 scribta
3077 2692 3324 2749 velociter
3362 2699 3668 2760 scribentis;

399 2788 549 2841 μου.
611 2775 728 2826 Καὶ
781 2774 872 2826 διὰ
912 2773 1106 2827 τούτου
1156 2777 1515 2846 παρίστησιν,
1547 2776 1621 2839 ὡς
1649 2776 1749 2829 οὐκ
1778 2773 1990 2827 οἴκοθεν

2091 2771 2183 2829 llis
2208 2775 2373 2830 etiam
2406 2777 2592 2832 verbis
2623 2778 2757 2833 illud
2796 2781 3162 2849 demonstrat,
3197 2791 3481 2856 quomodo
3511 2810 3576 2848 ex
3608 2812 3670 2849 se

404 2866 549 2935 ἐρεῖ.
608 2865 879 2935 Καθάπερ
926 2866 1058 2937 γὰρ,
1094 2867 1282 2936 φησὶν,
1339 2869 1367 2919 ὁ
1426 2868 1673 2937 κάλαμος
1724 2865 1990 2936 ὑπηρετεί

2091 2866 2208 2936 ipso
2233 2866 2441 2937 aliquid
2476 2868 2735 2926 dicturus
2771 2886 2878 2926 non
2919 2881 3021 2929 est.
3062 2875 3533 2941 Quemadmodum
3568 2902 3664 2941 ea-

404 2957 575 3027 μόνον
626 2960 693 3027 τῇ
744 2958 892 3029 χειρὶ
936 2958 1031 3011 τοῦ
1090 2960 1351 3031 γραφέως
1389 2959 1733 3029 κινούμενος,
1766 2957 1895 3011 ἔνθα
1926 2957 1990 3009 ἂν

2091 2957 2288 3026 lamus,
2324 2959 2527 3029 inquit,
2563 2961 2858 3018 scribentis
2907 2968 3093 3021 manui
3130 2968 3395 3038 inservit,
3447 2986 3503 3029 et
3570 2978 3661 3036 ille

399 3048 594 3118 ἐκείνη
626 3048 819 3103 τοῦτον
852 3050 1082 3122 κινήσῃ⁹
1118 3048 1261 3102 οὕτω
1301 3050 1396 3103 xal.
1433 3050 1465 3120 ἡ
1495 3048 1605 3119 ἐμὴ
1635 3047 1860 3116 γλῶσσα
1889 3047 1990 3099 κά-

2091 3054 2304 3102 tantum
2357 3057 2631 3115 movetur,
2663 3066 2774 3121 quo
2820 3067 3016 3109 manus
3074 3056 3228 3112 illum
3263 3059 3564 3131 impulerit,
3594 3069 3666 3123 ita
3694 3108 3707 3115 -

398 3142 582 3213 λαμός
608 3144 729 3195 ἐστι
762 3141 1170 3213 γραμματέως,
1192 3142 1313 3211 ἢτοι
1348 3142 1635 3211 γραφέως,
1665 3139 1868 3212 δηλαδὴ
1896 3139 1990 3193 τοῦ

2091 3151 2147 3197 et
2169 3142 2356 3213 lingua
2388 3159 2508 3199 mea
2541 3161 2761 3201 summo
2788 3148 2867 3202 illi
2899 3151 3117 3217 scribae,
3180 3167 3372 3213 saneto
3402 3160 3664 3217 nimirum

403 3234 569 3301 ἁγίου
607 3233 948 3303 Πνεύματος,
1005 3236 1301 3304 κινουμένη
1338 3233 1521 3297 καθὼς
1551 3233 1620 3286 ἂν
1650 3234 1859 3296 ἐκεῖνος
1897 3250 1984 3285 κι-

2092 3233 2347 3303 Spiritui,
2409 3235 2604 3289 calami
2637 3237 2922 3308 cujusdam
2970 3241 3142 3297 vicem
3201 3258 3443 3314 praestat,
3493 3260 3549 3306 et
3600 3268 3665 3307 eo

404 3327 554 3398 νησῃ
583 3325 809 3395 ταύτην.
858 3325 1206 3395 Ὀξυγράφου
1254 3325 1312 3378 δὲ
1355 3322 1532 3389 εἶπεν,
1580 3324 1668 3377 διὰ
1692 3324 1793 3395 τὴν
1825 3323 1982 3393 εὐχέ-

2091 3331 2299 3377 lantum
2364 3335 2633 3393 movetur,
2697 3341 2807 3396 quo
2868 3328 3108 3398 Spiritus
3166 3333 3313 3388 illam
3366 3336 3659 3397 direxerit.

407 3433 570 3488 ρειαν
613 3417 713 3487 τῆς
763 3417 1124 3485 ἐπαγγελίας.
1162 3416 1479 3488 ’Ἄνθρωποι
1526 3415 1623 3485 μὲν
1672 3415 1804 3485 γὰρ,
1859 3432 1983 3484 σχο-

404 3511 694 3580 λαιότερον
719 3510 1128 3581 ὁπαγορεύουσι
1154 3513 1249 3564 καὶ
1274 3512 1602 3581 γράφουσιν,
1640 3508 1985 3578 ἁπασχολοὺ-

2091 3506 2484 3563 enuntiationis
2508 3507 2828 3565 facilitatem
2858 3513 3193 3570 ostenderet.
3224 3517 3486 3576 llomines
3515 3523 3661 3577 enim

411 3620 571 3672 μενοι
604 3602 743 3674 πρὸς
773 3602 996 3674 εὕρεσιν
1022 3602 1446 3672 νοημάτων,καὶ
1468 3601 1743 3672 συνθήκην
1761 3600 1981 3668 λέξεων,

2091 3597 2158 3651 ob
2190 3599 2425 3667 propria:
2464 3600 2667 3654 mentis
2718 3603 3068 3669 tenuitatem,
3117 3606 3206 3661 vix
3238 3610 3447 3678 pariter
3485 3626 3664 3667 enun-

405 3694 501 3746 διὰ
530 3693 631 3767 τὴν
662 3693 760 3762 τῆς
795 3693 1042 3757 διανοίας
1072 3695 1378 3749 ἀσθένειαν.
1418 3696 1596 3767 Μέχρι
1618 3693 1811 3748 τούτου
1847 3710 1986 3764 συμ-

2091 3689 2227 3745 tiare
2281 3701 2515 3760 possunt
2558 3698 2614 3746 et
2652 3693 2920 3763 scribere,
2973 3696 3103 3752 dum
3147 3700 3214 3754 ad
3267 3716 3533 3758 sensuum
3577 3705 3664 3760 in-

403 3764 657 3852 περάνας
690 3784 749 3836 τὸ
790 3783 1101 3855 προοίμιον,
1134 3783 1365 3856 ἄρχεται
1391 3784 1483 3837 τοῦ
1518 3764 1698 3854 λόγου,
1722 3785 1861 3856 πρὸς
1892 3784 1985 3839 τὸν

2091 3782 2431 3847 ventionem,
2472 3793 2528 3839 et
2573 3783 2878 3841 dictionum
2942 3791 3344 3847 connexionem
3399 3796 3663 3851 attentius

403 3877 648 3946 Χριστὸν
679 3876 780 3947 ἢδη
825 3877 1272 3947 ἀποτεινόμενος,
1326 3877 1458 3947 περὶ
1486 3877 1592 3932 τῶν
1640 3878 1852 3946 ἀρετῶν
1888 3877 1981 3931 τοῦ

2091 3880 2452 3941 occupantur.
2478 3874 2761 3931 Hactenus
2795 3875 3019 3934 luerunt
3046 3883 3260 3936 exordii
3294 3886 3483 3939 verba.
3508 3886 3663 3941 Nunc

402 3969 617 4040 προσλή
627 3988 665 4039 μ
671 3985 860 4040 ματος.

2091 3972 2269 4017 autem
2300 3979 2610 4021 sermonem
2660 3968 2998 4036 aggreditur,
3060 3979 3115 4025 et
3143 3974 3311 4028 verba
3362 3977 3553 4047 dirigit
3591 3981 3661 4033 ad

2085 4054 2367 4108 Christum
2401 4054 2470 4109 de
2497 4058 2766 4123 assumpti
2802 4057 3046 4115 hominis
3072 4062 3372 4121 virtutibus
3396 4066 3660 4136 loquens;

487 4152 722 4221 Ὠραῒος
763 4151 980 4206 κάλλει
1015 4155 1175 4221 παρὰ
1204 4152 1344 4220 τοὺς
1396 4153 1566 4219 υἱοὺς
1612 4154 1724 4207 τῶν
1760 4154 1983 4222 ἀνθρώ-

2158 4143 2327 4200 Vsns.
2359 4148 2412 4201 5.
2461 4143 2741 4211 Speciosus
2795 4149 2972 4217 forma
3030 4168 3141 4220 prie
3183 4153 3311 4220 ﬁliis
3364 4157 3661 4212 hominum.

401 4258 559 4299 πων.
594 4244 789 4297 Λείπει
818 4242 881 4296 τὸ
911 4242 1205 4313 ὑπάρχεις
1225 4260 1239 4274 ο
1271 4243 1590 4315 ὡραιότητα
1622 4244 1681 4297 δὲ
1725 4244 1978 4311 κάλλους,

2091 4237 2531 4308 Subinlelligitur
2561 4240 2826 4306 verbum,
2877 4257 2954 4296 es.
3006 4243 3255 4312 Speciem
3309 4262 3439 4301 vero
3494 4248 3657 4314 hanc.

401 4336 467 4388 at"
504 4334 834 4406 σωματικὴν
860 4334 1048 4403 λέγει,
1078 4336 1217 4390 ἀλλὰ
1243 4335 1506 4407 ψυχικήν.
1539 4337 1838 4407 Διετήρησε
1872 4337 1979 4407 γὰρ

2091 4330 2190 4384 hoc
2232 4338 2317 4384 est
2365 4328 2792 4396 formositatem,
2832 4347 2943 4387 non
2990 4336 3259 4403 corporis,
3313 4338 3408 4393 sed
3459 4340 3660 4395 anima:

399 4429 583 4499 αὐτὴν
614 4425 836 4491 ἄσυλον,
875 4426 1036 4497 μόνος
1082 4428 1235 4498 παρά
1270 4428 1479 4490 πάντας
1512 4428 1698 4499 μείνας
1733 4429 1983 4499 ἀναμάρ-

2091 4420 2552 4491 pulchritudinem
2588 4421 2833 4493 intelllge
2859 4438 2873 4475 :
2903 4439 3068 4493 quam
3129 4427 3397 4496 integram
3440 4447 3662 4501 semper

397 4535 593 4589 τητος.
628 4517 859 4581 Ἡσαΐας
888 4518 947 4571 δὲ
980 4517 1177 4587 λέγων,
1206 4519 1291 4572 ὅτι
1334 4519 1448 4575 Καὶ
1499 4520 1740 4589 εἴδομεν
1768 4520 1977 4613 αὐτὸν,

2091 4514 2345 4570 Christus
2380 4515 2643 4577 servavit,
2700 4517 2855 4572 solus
2912 4532 3075 4587 supra
3110 4534 3303 4575 omnes
3331 4536 3659 4590 permanens

401 4610 505 4665 καί
536 4611 650 4664 οὐκ
681 4606 847 4678 εἶχεν
870 4607 1053 4675 εἶδος.
1080 4610 1224 4664 οὐδὲ
1250 4610 1501 4676 κάλλος,
1534 4611 1695 4665 ἀλλὰ
1724 4612 1787 4664 τὸ
1819 4605 1983 4676 εἶδος

2091 4608 2208 4663 sine
2261 4618 2511 4675 peccato.
2562 4607 2731 4664 lsaias
2787 4609 2934 4663 enim
2969 4609 3209 4664 dicens:
3251 4610 3489 4667 Vidimus
3540 4631 3660 4669 cuin

399 4701 596 4757 αὑτοῦ
639 4701 873 4770 ἄτιμον,
935 4702 1034 4754 καὶ
1076 4702 1384 4767 ἐκλεῖπον,
1415 4703 1577 4772 παρὰ
1621 4703 1762 4769 τοὺς
1810 4702 1981 4767 υἱοὺς

2091 4715 2183 4753 non
2217 4700 2494 4753 habentem
2543 4702 2789 4768 speciem,
2842 4717 3005 4769 neque
3036 4701 3305 4768 decorem,
3335 4705 3425 4758 sed
3463 4708 3660 4774 species

403 4793 524 4847 τῶν
544 4794 876 4861 ἀνθρώπων
897 4834 913 4860 ,
954 4794 1195 4865 περὶτοῦ
1228 4795 1477 4866 σώματος
1496 4796 1668 4865 λέγει,
1701 4794 1812 4849 οἷον
1840 4793 1907 4868 ἦν
1924 4798 1983 4848 ἐν

2091 4790 2196 4859 ejus
2219 4790 2358 4854 vilis,
2378 4801 2427 4845 et
2457 4789 2701 4859 deﬁciens
2731 4807 2889 4859 super
2927 4809 3106 4847 omnes
3131 4794 3271 4862 ﬁlios
3298 4797 3567 4851 hominum
3588 4799 3655 4861 “,

408 4888 486 4956 τῷ
514 4886 610 4940 τοῦ
640 4886 847 4951 πάθους
873 4886 1050 4959 καιρῷ
1090 4887 1643 4958 προπηλακιζόμενον
1667 4887 1763 4939 καὶ
1789 4903 1982 4956 μαστι-

2091 4883 2149 4938 de
2175 4898 2411 4952 corpore
2437 4884 2560 4953 ejus
2592 4884 2875 4953 loquitur;
2904 4885 3087 4954 qualis
3120 4888 3379 4943 nimirum
3436 4889 3659 4946 futurus

413 4977 657 5048 ζόμενον,
697 4978 791 5032 καὶ
819 4978 990 5050 μυρία
1022 4979 1254 5050 πάσχον.

2091 4982 2227 5030 esset
2284 4974 2540 5028 Christus
2575 4974 2857 5029 Passionis
2910 4983 3180 5046 tempore,
3245 4979 3393 5049 quod
3436 4980 3653 5048 probris

2082 5068 2295 5122 scilicet
2335 5082 2399 5122 ac
2435 5067 2613 5138 plagis
2648 5068 2973 5125 allieiendus
3011 5078 3066 5125 et
3101 5071 3428 5140 ignominias
3453 5074 3656 5126 multas

2077 5174 2364 5230 passurus.

481 5249 779 5319 Ἐξεχύθη
814 5249 854 5318 ἡ
890 5249 1061 5319 χάρις
1088 5249 1160 5303 ἐν
1190 5248 1428 5317 χείλεσι
1458 5265 1598 5305 σου.
1641 5248 1813 5318 Φησὶν
1836 5249 1865 5302 ό
1890 5249 1981 5301 εὐ-

2149 5251 2357 5321 Di/j‘usa
2378 5261 2451 5306 est
2474 5252 2653 5321 gratia
2679 5252 2734 5305 in
2773 5252 2932 5305 labiis
2966 5252 3095 5305 tuis.
3125 5251 3471 5321 Evangelista
3503 5255 3649 5307 enim

394 5344 737 5415 αγγελιστὴς
764 5383 780 5408 ,
813 5344 897 5397 ὅτι
926 5342 1239 5414 ἐθαύμαζον
1277 5343 1371 5395 ἐπὶ
1399 5345 1511 5406 τοῖς
1542 5341 1723 5409 λόγοις
1745 5342 1843 5413 τῆς
1876 5342 1978 5443 χά-

2091 5343 2153 5396 ιίι
2186 5342 2335 5412 quod
2373 5342 2721 5397 mirabantur
2746 5344 2921 5397 turbae
2950 5342 2994 5373 “
3037 5356 3205 5411 super
3236 5342 3414 5395 verbis
3463 5343 3653 5412 gratiae

391 5453 572 5508 ριτος,
603 5438 719 5498 τοῖς
746 5435 1211 5504 ἐκπορευομένοις
1258 5434 1348 5487 διὰ
1392 5434 1659 5503 στόματος
1691 5433 1932 5503 Χριστοῦ
1957 5447 1972 5464 ο

2091 5449 2200 5505 jure
2218 5434 2445 5489 exibant
2474 5436 2542 5489 de
2570 5450 2667 5489 ore
2684 5434 2833 5503 ejus.
2854 5433 3153 5488 Possumus
3182 5434 3351 5487 etiam
3382 5447 3478 5499 per
3506 5432 3650 5486 labia

389 5526 646 5583 ιὀοὖνται
701 5526 760 5579 δὲ
797 5526 950 5596 χείλη
980 5524 1248 5597 Χριστοῦ,
1308 5525 1406 5579 καὶ
1450 5526 1499 5578 οἱ
1537 5525 1852 5590 ἀπόστολοι,
1891 5527 1973 5588 είς

2091 5524 2203 5593 ejus
2252 5532 2473 5580 sanctos
2508 5524 2788 5592 apostolos
2848 5523 3197 5591 intelligere:
3232 5523 3286 5577 in
3329 5536 3470 5591 quos
3511 5522 3651 5575 adeo

385 5616 481 5681 οὓς
508 5616 749 5688 ἐξεχύθη
774 5616 1014 5687 δαψιλῶς
1037 5618 1071 5687 ἡ
1110 5616 1269 5686 χάρις
1296 5615 1392 5669 τοῦ
1421 5615 1580 5685 ἁγίου
1612 5616 1930 5687 Πνεύματος
1954 5631 1969 5647 ⁸

2091 5618 2300 5675 abunde
2320 5619 2494 5673 sancti
2528 5616 2769 5686 Spiritus
2794 5616 2965 5687 gratia
2995 5614 3167 5671 effusa
3193 5624 3297 5679 est,
3324 5624 3382 5668 ut
3412 5629 3509 5683 per
3528 5628 3650 5669 eam

2088 3415 2340 3470 Scribam
2410 3427 2591 3470 autem
2660 3418 2926 3475 velociter
2989 3423 3320 3481 scribentem
3388 3429 3562 3494 dixit,
3605 3442 3664 3485 ut

454 5802 501 5836 ⁸⁸
529 5801 725 5856 Matth.
758 5815 842 5866 ιιι,
869 5799 956 5853 l7.
1036 5800 1079 5832 “
1107 5801 1210 5856 lsa.
1236 5803 1431 5870 Lttt,2,
1455 5805 1510 5860 5.
1589 5802 1630 5834 δ’
1662 5799 1796 5855 Luc.
1823 5813 1897 5865 tv,
1935 5799 2028 5853 22.

714 5898 998 5960 ΡΑτιιοι..
1046 5894 1166 5958 Gn.
1219 5897 1537 5960 CXXVIII.

3134 5889 3202 5954 16
