4120 6428
465 358 585 423 est

1757 360 2144 421 EUTIIYMII
2188 361 2550 426 ZiGABENI

3631 371 3739 436 ιςε

482 474 846 527 adversantes
883 470 1266 540 reprimcrcnt,
1309 474 1364 523 ct
1415 466 1631 520 caneris
1667 468 1922 523 omnibus
1966 483 2053 536 pro

2165 468 2242 531 ὡς
2273 471 2652 540 ἐπιστομίζειν
2686 473 2893 536 πάντας
2935 477 3000 546 τῇ
3045 477 3275 549 δυνάμει
3306 478 3398 533 τοῦ
3426 478 3608 551 λόγου,
3645 485 3738 538 καὶ

484 564 768 620 voluntate
799 561 1217 634 persuaderent.

559 659 851 726 Propterea
873 655 1141 710 benedixit
1175 665 1224 709 te
1273 652 1412 707 Deus
1438 652 1491 705 in
1522 653 1795 708 sa’culum.
1830 653 2062 723 Propter

473 755 590 809 .has
643 753 808 821 igitur
844 757 970 804 tuas
993 749 1249 809 virtutes,
1305 745 1450 801 Deus
1474 746 1774 810 benedixit,
1813 746 1916 801 hoc
1946 756 2059 814 est,

469 845 814 917 gloriﬁcavit
836 855 888 898 te
913 856 927 895 :
955 840 1020 895 Et
1039 840 1335 911 gloriﬁcavi
1357 839 1502 892 enim
1527 847 1576 892 te
1599 877 1614 902 ,
1641 839 1770 894 alibi
1793 839 1991 908 inquit,
2012 850 2061 893 et

475 941 675 994 iterum
719 933 1123 1007 gloriﬁcabo”.
1163 930 1297 996 Vel,
1349 930 1625 985 Benedixit
1688 946 1788 1000 pro
1832 929 2064 985 Benedi-

487 1030 725 1088 cendum
751 1039 805 1083 et
835 1024 1196 1082 Laudandum
1253 1022 1404 1083 fecit,
1456 1031 1516 1076 ut
1543 1033 1762 1092 semper
1800 1023 2060 1076 nimirum

466 1121 729 1178 ilauderis
754 1128 921 1188 atque
948 1117 1243 1171 honoreris
1271 1129 1298 1168 a
1321 1113 1598 1170 ﬁdelibus.
1620 1114 1893 1184 Antiquos
1915 1114 2060 1169 enim

477 1215 577 1269 ille
626 1213 798 1267 Adam
852 1217 1075 1279 propter
1111 1205 1537 1262 inobedientiam
1589 1205 1920 1261 maledictus
1954 1213 2061 1269 est,

471 1321 662 1361 novus
725 1317 856 1358 vero
906 1307 1132 1370 propter
1167 1297 1536 1352 obedientiam
1600 1295 2058 1352 benedicendus:

467 1409 650 1463 quam
684 1390 1128 1447 benedictionem
1174 1386 1333 1440 nobis
1373 1387 1537 1440 etiam
1568 1386 1942 1456 participavit.
1972 1388 2062 1441 Ait

464 1488 632 1543 «enim
695 1483 827 1540 alibi
886 1482 1160 1551 Propheta
1193 1499 1205 1533 :
1238 1479 1512 1533 Benedicti
1537 1495 1628 1532 ros
1664 1495 1696 1532 a
1739 1478 1963 1533 Domino
1989 1479 2057 1536 ιδ.

553 1577 722 1632 Vens.
757 1576 812 1629 4.
843 1575 1126 1643 Accingere
1142 1571 1322 1641 gladio
1354 1581 1444 1624 tuo
1475 1587 1634 1640 super
1671 1570 1846 1639 femur
1882 1581 2057 1638 tuum,

471 1670 868 1740 potentissime.
897 1666 1036 1721 Cum
1076 1663 1258 1718 lortna
1303 1663 1616 1731 speciosum
1662 1679 1787 1717 eum
1821 1679 1944 1718 esse
1975 1664 2063 1718 di-

2166 560 2379 614 πείθειν
2407 555 2537 634 ῥᾷόν
2561 564 2652 628 οὓς
2684 565 2751 619 ἂν
2781 565 3058 622 ἐθέλωσιν.

2237 656 2340 709 Διὰ
2375 656 2552 710 τοῦτο
2575 658 2880 728 εὐλόγησέ
2905 677 2981 715 σε
3024 665 3058 717 ὀ
3088 665 3235 731 Θεὸς
3255 667 3344 732 εὶς
3377 667 3487 721 τὸν
3528 669 3735 729 αἰῶνα.

2165 745 2264 798 Διὰ
2299 747 2503 811 ταύτας
2555 749 2650 803 οὖν
2709 767 2804 803 σου
2851 753 2951 817 τὰς
2982 755 3206 824 ἀρετὰς,
3240 758 3527 830 εὐλόγησε,
3578 779 3736 815 τουτο

2165 837 2337 901 ἐστιν,
2376 838 2598 907 ἐδόξασέ
2631 860 2692 895 σε
2717 840 2896 909 όΘιός
2916 863 2932 878 ·
2972 849 3108 918 φησὶ
3136 852 3267 919 γὰρ,
3304 851 3417 906 Kal
3469 853 3739 920 ἐδόξασα

2164 927 2264 979 καὶ
2321 929 2511 982 πάλιν
2541 929 2806 995 δοξάσω.
2839 936 2907 987 Ἦ
2948 935 3009 988 τὸ
3063 941 3441 1009 Εὑλόγησεν,
3484 945 3603 998 ἀντὶ
3641 947 3736 1000 τοῦ

2169 1017 2474 1092 Εὐλογητὸν
2531 1024 2824 1094 ἐποίησεν,
2895 1027 2973 1092 ὡς
3035 1031 3124 1084 ἀεὶ
3184 1033 3574 1104 εὐφημεῖσϐαι,
3641 1041 3737 1093 καὶ

2165 1108 2458 1177 ὑμνεῖσθαι
2507 1115 2658 1184 παρᾶ
2684 1116 2792 1168 τῶν
2819 1117 3064 1173 εὐσεϐῶν
3089 1138 3104 1152 ·
3155 1124 3184 1175 ὁ
3236 1125 3335 1193 μὲν
3363 1125 3474 1197 γὰρ
3507 1129 3736 1192 παλαιὸς

2175 1201 2372 1272 Ἀδὰμ,
2400 1207 2780 1277 κεκατὴραται
2811 1209 2900 1262 διὰ
2940 1212 3040 1281 τὴν
3086 1219 3409 1288 παρακοὴνο
3447 1220 3473 1270 ὁ
3512 1220 3566 1272 δὲ
3596 1221 3735 1284 νέος,

2165 1293 2458 1365 εὐλόγηται
2488 1297 2576 1351 διὰ
2612 1299 2712 1368 τὴν
2749 1301 3034 1372 ὑπακοήν·
3071 1307 3350 1375 μετέδωκε
3374 1308 3431 1362 δὲ
3479 1313 3573 1363 καὶ
3605 1314 3737 1382 ἡμῖν

2162 1387 2262 1456 τῆς
2315 1388 2602 1458 εὐλογίας·
2655 1395 2791 1466 φησὶ
2845 1396 2955 1467 γὰρ
3007 1399 3035 1451 ό
3096 1400 3295 1454 Δαόίδο
3327 1403 3735 1474 Εὐλογημένοι

2162 1480 2330 1550 ἡμεῖς
2365 1483 2445 1549 τῷ
2473 1487 2688 1555 Κυρίῳ.

2235 1575 2557 1643 Περίζωσαι
2615 1580 2732 1648 τὴν
2753 1583 3063 1652 ῥομφαίαν
3096 1601 3216 1642 σου
3263 1589 3362 1644 ἐπὶ
3403 1591 3510 1644 τὸν
3543 1592 3739 1660 μηρόν

2163 1678 2303 1726 σου,
2351 1666 2596 1724 ὃυνατέ.
2638 1671 2856 1742 Ὠραῖον
2887 1676 2981 1728 καὶ
3013 1677 3299 1732 κάλλιστον
3321 1681 3483 1733 αὐτὸν
3515 1699 3738 1752 προσει-

469 1765 625 1820 τιρτίι
664 1771 721 1818 et
780 1759 1014 1828 pulchro
1069 1771 1186 1821 ore,
1220 1771 1369 1811 nunc
1415 1764 1703 1812 strenuum
1737 1757 1900 1810 etiam
1939 1772 2053 1812 esse

2165 1757 2282 1810 πὼν
2312 1761 2406 1814 καὶ
2432 1761 2719 1835 εὔστομον,
2767 1767 2896 1838 ἄρτι
2933 1770 3029 1823 καὶ
3074 1771 3414 1841 στρατιώτην
3446 1773 3736 1838 δείκνυσιν,

476 1858 712 1912 militem
753 1853 1118 1909 demonstrat.
1178 1849 1246 1904 Et
1280 1849 1372 1904 illa
1409 1848 1628 1918 quidem
1678 1850 1856 1919 signa,
1923 1852 2053 1905 inte-

2161 1853 2242 1903 ὅτι
2275 1853 2459 1906 ἐκεῖνα
2509 1831 2610 1923 μὲν
2662 1853 2731 1928 ἦν
2757 1831 3118 1930 γνωρίσματα
3144 1831 3264 1930 ’τῆς
3294 1831 3734 1934 ἀναμαρτησίας;

468 1949 738 2020 κξτὶιοιθιιι
756 1943 890 2013 ejus
918 1952 974 1998 et
1006 1941 1316 1998 doctrinam
1343 1941 1756 2012 signiﬁcabant,
1774 1942 1892 1997 haec
1909 1957 2060 2007 vero,

479 2054 723 2111 pugnam
757 2038 879 2106 ejus
905 2044 960 2090 ct
1001 2042 1284 2090 certamen
1339 2031 1602 2088 denotant
1636 2034 1900 2090 adversus
1953 2036 2060 2090 dm-

483 2146 730 2188 moncm.
763 2128 1008 2183 Advoeat
1037 2127 1183 2182 enim
1211 2125 1496 2181 Christum
1529 2124 1798 2194 Propheta
1843 2126 1910 2180 ad
1942 2143 2063 2182 cer-

466 2236 670 2279 .1amen
707 2237 832 2276 eum
867 2221 1133 2281 dzcmone,
1203 2228 1264 2271 ut
1307 2232 1407 2272 nos
1459 2217 1666 2287 jamdiu
1717 2230 1940 2287 peccan
1971 2234 2062 2274 ca-

465 2317 666 2384 ‘ptivos
700 2315 920 2378 liberet,
955 2321 1011 2367 et
1043 2312 1113 2366 de
1141 2309 1353 2366 exuviis
1384 2309 1560 2379 erigat
1620 2319 1883 2379 tropmum
1918 2327 1932 2361 :
1975 2318 2059 2364 at-

465 2425 590 2477 que
622 2418 679 2463 ut
710 2406 1019 2463 terribilem
1053 2420 1120 2459 ac
1145 2403 1324 2472 titagis
1357 2401 1762 2457 formidabilem
1798 2402 2061 2457 daemoni-

481 2501 588 2554 bus
640 2513 766 2552 eum
797 2495 1124 2558 constituat,
1181 2495 1380 2562 primo,
1419 2492 1723 2546 humanum
1758 2493 1813 2546 in
1848 2493 2054 2548 morem

471 2588 651 2642 armis
688 2603 813 2641 eum
860 2586 1055 2638 munit.
1115 2585 1314 2638 Milites
1371 2583 1574 2651 quippe
1617 2597 1805 2637 ensem
1857 2583 2053 2638 {emori

462 2676 802 2746 accingunt.
835 2673 1087 2738 Armarc,
1115 2672 1318 2742 inquit,
1350 2680 1406 2727 et
1428 2673 1768 2743 congredere
1792 2673 1844 2728 in
1871 2689 2050 2745 pugna

479 2767 746 2821 adversus
773 2775 1091 2836 tyrannum.
1138 2763 1242 2817 Per
1288 2775 1440 2815 arma
1484 2769 1690 2825 autem,
1725 2761 1927 2818 Christi
1969 2763 2052 2819 fa-

2167 1947 2259 2000 καὶ
2286 1953 2386 2022 τῆς
2417 1951 2770 2017 διδασκαλίας
2793 1973 2806 1986 ·
2842 1955 3016 2010 ταῦτα
3058 1956 3112 2010 δὲ
3137 1997 3152 2021 ,
3191 1958 3290 2028 τῆς
3323 1960 3463 2012 κατὰ
3492 1959 3586 2012 τοῦ
3622 1959 3740 2012 διαο

2165 2037 2323 2092 δόλου
2378 2041 2579 2112 μάχης.
2617 2045 2789 2099 Καλεῖ
2834 2046 2945 2119 γὰρ
2993 2048 3159 2102 αὐτὸν
3189 2052 3268 2112 εἰς
3301 2049 3390 2102 τὸν
3424 2052 3545 2104 κατ’
3570 2051 3738 2105 αὑτοῦ

2165 2132 2422 2202 πόλεμον,
2479 2135 2565 2188 ἵνα
2607 2139 2870 2206 τρόπαιον
2919 2141 3162 2210 στήσας,
3212 2141 3558 2214 ἐλευθερώσῃ
3615 2144 3743 2211 τοὺς

2164 2225 2710 2294 αἰχμαλωτισθέντας
2750 2231 2920 2300 ἡμᾶς.
2961 2230 3202 2297 Ὁπλίζει
3231 2233 3287 2286 δὲ
3313 2231 3502 2287 τοῦτον
3529 2233 3745 2305 ἅνθρω-

2163 2315 2358 2381 πίνως,
2392 2318 2481 2370 ἵνα
2515 2318 2666 2392 δείξῃ
2692 2321 2960 2392 φοϐερόν·
3013 2325 3063 2377 οἱ
3115 2325 3456 2396 στρατιῶται
3493 2328 3605 2398 γὰρ
3643 2327 3742 2398 τὴν

2165 2406 2385 2477 σπάθην
2409 2408 2502 2461 ἐπὶ
2527 2411 2619 2462 τὸν
2648 2411 2828 2482 μηρὸν
2859 2413 3317 2483 πέριξὼννυνται.
3352 2418 3507 2471 Ἔστι
3534 2419 3592 2471 δὲ
3619 2435 3742 2470 συν·

2161 2497 2344 2568 τόμως
2372 2501 2404 2569 ἡ
2437 2500 2617 2555 ἔννοια.
2639 2502 2734 2556 τοῦ
2767 2503 2952 2573 λόγον,
2972 2507 3054 2560 ὅτι
3094 2507 3419 2578 Ὀπλίοθητι
3454 2507 3550 2562 καὶ
3575 2509 3740 2562 πολέ-

2171 2606 2344 2660 μησον
2376 2590 2452 2662 τῷ
2478 2593 2751 2665 τυράννῳ.
2795 2595 2978 2648 Ὅπλα
3000 2597 3058 2651 δὲ
3089 2597 3355 2668 Χριστοῦ,
3385 2599 3731 2670 ἡκολαστικὴ

2157 2679 2408 2747 δύναμις,
2503 2685 2626 2736 κατ’
2659 2685 2872 2756 ἐχθρῶν
2909 2688 3180 2760 ἐκέχρητο
3201 2705 3214 2721 ·
3242 2690 3471 2743 δυνατὸν
3492 2688 3546 2743 δὲ
3572 2690 3731 2744 αὐτὸν

2165 2771 2420 2840 ἐκάλεσε,
2461 2777 2604 2830 κατὰ
2635 2777 2734 2848 τὴν
2766 2781 3059 2852 ἡνωμένην
3084 2782 3352 2853 Θεότητα.

479 2861 736 2914 cultatem
761 2854 1022 2926 puniendi
1053 2853 1431 2924 intelligimus,
1451 2869 1558 2924 qua
1581 2865 1770 2909 contra
1797 2855 2052 2914 inimicos
2092 2875 2224 2920 suos
2250 2865 2327 2920 uti
2359 2867 2520 2922 solet.
2556 2869 2842 2926 Potentem
2867 2888 2996 2928 vero
3019 2891 3142 2929 eum
3177 2877 3414 2947 appellat
3478 2876 3549 2930 ob
3617 2875 3741 2930 uni-

458 2960 588 3006 -tam
621 2966 684 3003 ac
713 2947 1067 3016 coniunctam
1097 2945 1466 3000 Divinitatem.

545 3039 713 3095 Vens.
749 3039 801 3093 5.
835 3037 1013 3106 Specie
1063 3045 1158 3090 tua
1188 3046 1236 3088 et
1271 3034 1665 3103 pulchritudine
1702 3047 1815 3092 tua.
1840 3039 2047 3094 Accin-

2236 3041 2314 3112 Τῇ
2345 3043 2668 3115 ὡραιότητί
2719 3067 2858 3119 σου,
2908 3055 3008 3108 καὶ
3041 3054 3121 3120 τῷ
3159 3056 3371 3110 κάλλει
3405 3073 3542 3114 σου.
3575 3058 3743 3128 Περί-

475 3145 626 3201 gere,
688 3127 892 3197 inquit,
951 3125 1135 3196 gladio
1181 3133 1275 3178 tuo
1325 3125 1491 3180 simul
1551 3139 1677 3180 cum
1740 3130 1939 3184 decore
1999 3137 2053 3186 et

2161 3131 2340 3196 ζωσαι
2363 3137 2466 3206 τὴν
2499 3141 2778 3209 ῥομφαίαν
2813 3160 2932 3209 σον,
2965 3148 3122 3216 φησὶ,
3159 3149 3302 3217 μετὰ
3339 3149 3439 3219 τῆς
3465 3125 3742 3221 ὡραιότη-

465 3219 889 3290 pulchritudine
944 3226 1059 3280 tua,
1113 3223 1172 3270 ut
1210 3215 1396 3283 gladio
1428 3215 1686 3272 inimicos
1728 3225 1960 3280 tet-reas.
2003 3230 2058 3276 et

471 3312 740 3364 virtutum
776 3303 1191 3378 pulchritudine
1224 3306 1435 3362 amicos
1478 3307 1692 3362 trahas.
1749 3306 1862 3364 Nec
1884 3307 1974 3365 abs
1998 3325 2058 3366 re

471 3411 581 3464 est.
611 3401 853 3472 speciem
916 3407 971 3454 et
999 3397 1476 3467 pulchritudinem
1524 3399 1670 3454 idem
1715 3402 2054 3471 signiﬁcare.

455 3491 617 3564 ,[νθι,
668 3508 764 3560 per
796 3491 1064 3562 gladium,
1121 3489 1213 3545 Dei
1255 3489 1517 3556 Verbum,
1567 3500 1645 3555 et.
1700 3509 1803 3562 per
1850 3494 2051 3560 femur,

474 3584 914 3636 lucarnationem
987 3578 1236 3648 intellige
1282 3595 1298 3632 :
1357 3595 1479 3649 quae
1530 3580 1839 3638 incarnatio
1890 3585 2052 3654 juxta

458 3677 640 3729 alium
671 3689 896 3729 sensum
927 3673 1195 3728 dictionis
1247 3671 1469 3739 (ἔτειρε,
1518 3675 1661 3730 facta
1691 3685 1776 3732 est
1811 3678 1866 3732 in
1901 3685 2332 3750 tempestivitate
2361 3731 2375 3753 ,
2414 3690 2518 3746 hoc
2541 3701 2648 3762 est,
2720 3698 2777 3752 in
2839 3707 3088 3772 tempore

2161 3224 2251 3288 τός
2283 3243 2402 3290 σου,
2434 3231 2648 3284 καὶτοῦ
2685 3233 2921 3300 κάλλους
2947 3254 3064 3302 σου,
3101 3239 3189 3292 ἵνα
3219 3243 3284 3311 τῇ
3325 3242 3422 3312 μὲν
3463 3244 3734 3313 ῥομφαία,

2159 3315 2287 3380 τοὺς
2309 3318 2543 3390 ἐχθροὺς
2572 3323 2714 3394 φοϐῇ
2734 3338 2750 3355 ο
2786 3328 2851 3397 τῇ
2887 3327 3187 3399 ὡραιότητι
3217 3330 3271 3383 δὲ
3294 3333 3391 3400 τῆς
3417 3332 3615 3404 ψυχῆς,
3641 3335 3739 3387 καὶ

2156 3407 2236 3477 τῷ
2265 3411 2450 3465 κάλλει
2502 3413 2613 3468 τῶν
2643 3417 2874 3486 ἀρετῶν,
2924 3421 3053 3483 τοὺς
3083 3422 3273 3490 φίλους
3301 3423 3560 3496 ἐλκύσῃς.
3617 3426 3739 3480 Οὐκ

2155 3499 2384 3566 ἀπεικὸς
2434 3505 2492 3558 δὲ
2543 3505 2861 3580 ὡραιότητα
2920 3512 3018 3566 καὶ
3075 3513 3275 3579 κάλλος
3337 3514 3398 3570 τὸ
3451 3517 3585 3571 αὐτὸ
3634 3535 3733 3591 ση-

2161 3592 2398 3660 μαίνειν.

3155 3715 3490 3775 opportuno.
3559 3705 3738 3766 Dictio

451 3771 618 3826 enim
643 3769 913 3840 ὡραιότης
941 3777 995 3823 et
1027 3769 1271 3837 speciem,
1300 3768 1407 3822 hoc
1434 3777 1542 3832 est,
1575 3770 2048 3840 pulchritudinem
2090 3779 2389 3850 signiﬁcat,
2424 3796 2480 3840 et
2508 3768 3043 3871 tempestivi‘tatedn]

542 3861 611 3916 Et
643 3860 874 3916 intende.
911 3861 1026 3916 Hoc
1054 3867 1139 3915 est
1167 3859 1377 3931 adauge
1433 3872 1639 3916 mctum
1682 3871 1844 3932 atque
1877 3863 2048 3934 impe-

457 3960 585 4005 tum
614 3961 788 4006 tuum.

539 4040 610 4093 Et
632 4055 895 4108 .prospere
921 4041 1161 4109 procede.
1204 4038 1316 4096 Hoc
1337 4047 1441 4106 est,
1471 4041 1672 4096 virtute
1703 4043 1819 4110 ipsa
1846 4043 2047 4111 perﬁce

452 4133 834 4202 .quodcunque
857 4133 1036 4201 cupis.

540 4224 611 4277 Et
647 4240 832 4294 regna.
869 4223 1164 4279 Dominare
1211 4224 1492 4291 omnibus,
1549 4224 1746 4294 inquit,
1807 4226 1900 4294 qui
1947 4229 2045 4284 tibi

454 4317 814 4373 restiterunt.
847 4315 912 4369 Et
958 4315 1089 4370 licet
1141 4316 1306 4370 verba
1367 4318 1505 4378 hanc,
1567 4317 1874 4388 imperativi
1934 4319 2046 4372 sint

451 4405 638 4467 modi,
675 4408 783 4460 vim
835 4415 1016 4461 tamen
1061 4407 1290 4474 optativi
1336 4406 1538 4459 habent
1583 4408 2042 4475 quemadmodum

2228 3875 2333 3928 Kal
2368 3876 2660 3934 ἕντεινον.
2699 3883 2810 3936 Καὶ
2842 3885 3115 3940 ἐπίτεινον
3133 3890 3232 3961 τὴν
3261 3891 3440 3963 ὁρμήν
3471 3910 3587 3950 σου.

2224 4049 2336 4103 Καὶ
2366 4054 2720 4112 κατευοδοῦ.
2745 4060 2856 4113 Καὶ
2888 4061 3157 4133 κατόρθου
3188 4066 3298 4120 πᾶν
3327 4065 3356 4118 ὃ
3391 4066 3585 4131 θέλεις.

2223 4231 2336 4286 Καὶ
2387 4235 2710 4298 βασίλευε.
2763 4239 2873 4294 Καὶ
2908 4244 3129 4309 impietas:
3174 4238 3296 4298 ea».
3345 4246 3734 4317 ἐπερχομένων

2153 4338 2257 4377 σοι.
2285 4325 2348 4378 Et
2382 4325 2441 4378 δὲ
2471 4328 2566 4380 καὶ
2595 4331 2975 4399 προστακτικὰ
3001 4333 3175 4388 ταῦτα
3205 4335 3370 4399 δοκεῖ,
3409 4337 3523 4390 ἀλλ’
3554 4335 3733 4402 οὕτως

2151 4416 2184 4485 ἡ
2215 4416 2406 4498 ραφὴ
2437 4418 2507 4472 τὰ
2533 4421 2763 4476 εὐκτικὰ
2795 4427 3143 4496 σχηματίζει.
3180 4428 3540 4498 Ἁγιασθήτω
3594 4431 3730 4502 γὰρ,

452 4499 669 4566 smpius
721 4498 863 4565 apud
911 4497 1253 4564 Scripturam
1312 4497 1576 4565 repetitur
1610 4533 1626 4551 .
1679 4497 2042 4568 Santiﬁcetur,

2156 4497 2302 4574 φησι.
2362 4510 2428 4560 τὸ
2458 4507 2646 4578 ὄνομά
2686 4528 2825 4578 σου,
2879 4515 3099 4570 ἐλθέτω
3167 4517 3206 4584 ἠ
3245 4497 3544 4582 βασιλεία
3586 4497 3727 4587 σοιν,

463 4589 666 4658 inquit,
698 4598 1077 4642 nomen‘tnum
1107 4625 1122 4652 ,
1165 4588 1411 4642 adveniat
1451 4604 1669 4657 regnum
1711 4600 1859 4644 tuum
1884 4631 1900 4656 ,
1953 4593 2049 4660 [int

2151 4597 2459 4666 γενηθήτω
2493 4600 2560 4654 τὸ
2591 4601 2822 4673 θέλημὰ
2851 4619 2994 4674 σου,
3025 4609 3122 4661 καὶ
3150 4609 3219 4662 τὰ
3258 4611 3406 4680 ἑξῆς.

446 4680 710 4734 ιυοιαηιαε
753 4689 844 4732 tua
871 4679 937 4743 “,
981 4677 1127 4751 [quae
1147 4682 1310 4735 verba
1344 4695 1453 4735 non
1483 4683 1711 4751 Optativi
1737 4725 1752 4750 ,
1801 4685 1899 4738 sed
1936 4685 2244 4756 imperativi
2277 4697 2409 4744 sunt
2439 4693 2610 4761 modi,
2678 4707 2740 4753 ut
2802 4714 2871 4754 ex
2958 4701 3196 4757 lectione
3237 4677 3426 4756 Graeca
3492 4703 3729 4759 manife-

462 4774 700 4828 stissime
747 4779 941 4841 patet:
997 4781 1051 4826 et
1098 4780 1278 4826 tamen
1322 4774 1564 4842 optantis
1609 4775 1852 4829 animum
1901 4777 2195 4850 referunt.)

531 4865 759 4933 Propter
798 4863 1068 4916 ceritatem
1099 4871 1147 4916 et
1194 4864 1653 4918 mansuetudinem
1683 4875 1731 4919 et
1750 4867 2043 4936 justitiam.

447 4956 656 5012 Omnia
725 4955 862 5012 haec.
929 4953 1126 5023 inquit,
1162 4970 1412 5024 operare,
1445 4965 1500 5011 et
1532 4959 1706 5021 vince,
1749 4967 1808 5012 ut
1855 4976 2044 5030 verax,

457 5047 628 5109 utilis,
653 5055 708 5100 et
740 5045 948 5114 justus.
992 5045 1259 5098 Omnibus
1291 5046 1434 5100 enim
1472 5046 1557 5102 his
1603 5047 1842 5116 pollebat
1887 5051 2048 5107 Chri-

445 5146 574 5189 stus
623 5135 940 5188 virtutibus.
1006 5132 1118 5204 Ego
1147 5137 1292 5188 enim
1348 5154 1465 5190 sum
1507 5141 1588 5193 via
1624 5150 1672 5192 et
1735 5143 1927 5198 veritas
1946 5143 2036 5213 ";

455 5231 611 5296 item,
655 5228 850 5280 Discite
887 5244 921 5279 a
965 5242 1046 5279 me
1081 5227 1210 5297 quia
1243 5229 1462 5283 Immitis
1492 5231 1699 5296 sum“,
1757 5246 1808 5288 et
1851 5234 1976 5289 alibi
2021 5253 2036 5290 :

450 5317 538 5372 Sic
592 5319 734 5372 decet
795 5318 1087 5383 adimplere
1151 5336 1246 5374 nos
1294 5336 1500 5374 omnem
1559 5321 1823 5384 iustitiam
1850 5325 1917 5380 ⁸⁷.
1974 5326 2039 5380 Et

449 5410 610 5466 aliter
637 5428 651 5464 :
683 5409 810 5474 Haec
845 5426 966 5480 quze
989 5411 1136 5466 dicta
1167 5419 1295 5465 sunt
1323 5410 1510 5477 facito,
1545 5421 1602 5466 ut
1638 5415 1688 5466 in
1723 5422 1890 5481 terra,
1917 5417 2038 5471 loco

450 5503 746 5565 mendacii,
799 5503 1035 5556 feritatis
1080 5511 1136 5556 et
1180 5501 1484 5570 injustititc,
1519 5503 1834 5571 veritatem,
1888 5523 2038 5562 man-

449 5595 800 5650 tuetudinem
834 5603 888 5649 et
927 5595 1198 5664 justitiam
1227 5597 1484 5653 semines.

518 5707 564 5740 ⁵³
598 5707 756 5762 Joan.
824 5727 922 5767 xu.
970 5714 1061 5768 28.

441 5777 496 5809 ⁴⁷
534 5778 725 5833 Matth.
754 5796 832 5842 ιιι,
865 5782 948 5836 lii.

1155 5714 1201 5746 ’⁸³
1232 5715 1370 5769 Psal.
1425 5732 1580 5783 cxut,
1648 5719 1733 5772 15.
1823 5719 2076 5775 “Matth.

2142 4907 2148 4914 -
2223 4875 2476 4931 ’Ἕνεκεν
2511 4879 2804 4948 ἀληθείας
2828 4899 2925 4937 και
2966 4887 3300 4955 πραότητος
3352 4889 3451 4943 καὶ
3500 4890 3726 4946 δικαιο-

2144 4967 2362 5034 σύνης.
2390 4971 2575 5024 Πάντα
2597 4974 2771 5028 ταῦτα
2799 4978 3165 5048 κατεργάζου,
3195 4981 3289 5034 καὶ
3312 4981 3459 5047 νίκα,
3491 4984 3566 5046 ὡς
3600 4983 3731 5054 ἁλη-

2144 5056 2243 5126 θὴς
2262 5061 2359 5112 καὶ
2390 5063 2591 5132 πρᾶος,
2627 5065 2720 5118 καὶ
2743 5068 2819 5130 ὡς
2876 5068 3107 5133 δίκαιος.
3157 5073 3296 5141 Φησὶ
3356 5075 3465 5144 γὰρ
3505 5076 3670 5140 αὐτὸς
3698 5078 3729 5128 ὁ

2142 5147 2345 5217 Κύριος
2374 5167 2389 5182 °
2472 5154 2618 5223 Ἐγώ
2644 5159 2758 5225 εἰμι
2782 5159 2820 5225 ἡ
2860 5160 3000 5226 ὁδὸς
3052 5162 3151 5216 καὶ
3193 5164 3505 5233 ήὰλήθεια
3534 5186 3548 5200 ο
3585 5170 3682 5222 καί
3709 5185 3728 5203 ο

2136 5241 2368 5296 Μάθετε
2393 5245 2494 5298 ἀπ’
2523 5247 2694 5315 ἐμοῦ,
2763 5250 2854 5303 ὅτι
2923 5251 3114 5320 πρᾶος
3176 5257 3296 5324 εἰμί
3317 5273 3331 5286 ·
3386 5258 3518 5311 acab
3561 5259 3727 5315 Οὕτω

2138 5335 2245 5404 γὰρ
2274 5337 2509 5402 πρέπον
2539 5339 2682 5409 ἡμῖν
2713 5342 2844 5396 ἐστι
2871 5344 3191 5414 πληρῶσαι
3240 5347 3450 5403 πᾶσαν
3497 5350 3725 5407 δικαιο-

2146 5426 2369 5494 σύνην.
2401 5428 2495 5491 ’⁷11,
2526 5432 2605 5483 Τὰ
2643 5434 2876 5504 ρηθέντα
2911 5437 3162 5506 ποίησον,
3203 5440 3289 5493 ἴνα
3347 5444 3727 5517 κατασπείρῃς

2138 5517 2230 5570 ἐπὶ
2264 5519 2369 5588 γῆς
2397 5520 2660 5591 ἀλήθειαν
2709 5527 2804 5578 καὶ
2854 5528 3144 5597 πραότητα
3205 5532 3300 5583 καὶ
3348 5531 3722 5604 δικαιοσύνην,

2137 5607 2258 5663 ἀντὶ
2283 5609 2536 5678 ψεύδους,
2569 5616 2664 5666 καὶ
2686 5616 3032 5688 ἀγριότητος,
3073 5622 3166 5673 καὶ
3196 5621 3430 5683 ἀδικίας.

2140 5739 2212 5785 vr,
2265 5725 2323 5788 9,
2381 5726 2464 5781 l0.
2556 5729 2602 5761 “
2640 5728 2800 5786 Joan.
2859 5749 2971 5798 xlv,
3027 5735 3082 5789 6.
3169 5736 3215 5767 “
3245 5734 3432 5792 Matth.
3495 5753 3570 5802 ιιι,
3628 5738 3722 5796 39.
