4120 6442
299 401 409 466 493

1463 397 1856 464 COMMENT.
1891 394 1973 456 IN
2007 392 2376 455 PSALMOS.

3481 392 3590 458 4'91

363 518 480 572 Kal
528 516 823 586 ὁδηγήσει
873 532 948 572 σε
1011 517 1370 588 θαυμαστῶς
1431 517 1470 586 ἠ
1546 514 1719 580 δεξιά
1756 529 1896 568 σου.

2097 509 2171 563 Et
2211 510 2433 564 deducet
2485 519 2532 564 te
2573 509 2890 565 mirabiliter
2929 508 3146 565 dextera
3181 519 3294 565 tua.
3341 510 3593 576 Dextera,

313 609 528 682 ’Διίάγῃ
563 627 624 663 σε
648 613 742 662 ἐπὶ
761 612 830 664 τά
855 609 1086 663 τοιαῦτα
1119 609 1525 682 κατορθώματα
1559 611 1593 681 ή
1651 606 1899 677 δεξιότης

301 720 429 765 σου,
456 703 770 767 τουτέστιν,
825 703 858 773 ή
905 703 1087 772 ἀγαθή
1151 719 1245 756 σου
1307 701 1516 771 φύσιςο
1579 701 1743 766 αὐτὸς
1791 699 1901 770 γὰρ

293 793 454 866 ιιῦτῷ
488 794 772 864 ἀρκέσεις,
799 792 1029 867 μηδενὸς
1055 794 1244 865 ἑτέρου
1271 795 1546 866 δεόμενος.
1575 792 1902 865 Θαυμαστὸν

295 887 355 940 δὲ
388 885 452 940 τὺ
491 886 582 956 ὑφ’
609 885 810 940 ἐσιέτοῦ
833 886 1150 940 ὸδηνεῖσθαί
1177 905 1324 942 τινα.

375 1156 456 1210 Τὰ
479 1155 644 1225 βέλη
673 1170 794 1210 σου
843 1157 1212 1226 ἠκονημένα,
1261 1155 1508 1224 δυνατὲ,
1557 1156 1700 1213 λαοὶ
1753 1160 1902 1213 ὐπο-

298 1246 462 1302 κὰτω
490 1265 614 1302 σου
649 1248 984 1304 πεσοῦνται
1009 1249 1080 1303 ἐν
1104 1251 1320 1320 καρδίᾳ
1346 1249 1466 1305 τῶν
1516 1249 1749 1320 ἐχθρῶν
1795 1248 1902 1305 τοῦ

292 1338 634 1403 βασιλέως.
696 1338 906 1402 Πάντες
960 1339 1011 1392 οἱ
1069 1339 1361 1410 ἐξηγηταὶ,
1415 1339 1538 1395 καθ’
1592 1340 1903 1412 ὑπερϐατὸν

299 1429 673 1482 συντάσσουσι
702 1429 764 1481 τὸ
787 1431 975 1499 ῥητὸν,
1006 1427 1118 1484 οἷον
1155 1447 1170 1461 ο
1247 1431 1328 1484 Τὰ
1348 1430 1510 1500 βέλη
1537 1448 1657 1486 σου
1681 1431 1905 1501 ἠκονη-

291 1521 472 1589 μένα,
500 1521 750 1584 durare,
805 1524 877 1576 ἐν
907 1524 1116 1593 καρδίᾳ
1157 1523 1278 1579 τῶν
1316 1523 1550 1594 ἐχθρῶν
1579 1523 1686 1578 τοῦ
1715 1524 1904 1590 ,ϐασι-

295 1611 475 1678 λέως.
513 1643 589 1653 -
633 1617 778 1668 duo!
833 1618 1112 1670 ὑποκάτω
1148 1633 1268 1672 σου
1341 1617 1696 1683 πεσοῦνται,
1761 1617 1905 1672 κατὰ

299 1704 659 1772 παρὲνοεσιν.
694 1707 935 1776 Βέλη,δὲ
966 1709 1062 1760 τοῦ
1086 1709 1349 1780 Χριστοῦ,
1404 1709 1455 1762 οἱ
1509 1707 1606 1762 τοῦ
1650 1708 1903 1777 Εὑαγγεο

297 1797 413 1850 lion
438 1797 726 1864 λόγοι,διά
753 1816 813 1851 τε
843 1803 904 1852 τὸ
931 1801 1145 1870 ταχέως
1195 1801 1520 1872 διαδραμεῖν
1580 1801 1682 1873 τὴν
1722 1804 1904 1855 οἰκου-

303 1891 493 1962 μένην,
526 1892 625 1946 καὶ
663 1891 754 1946 διὰ
782 1892 845 1946 τὸ
904 1894 1180 1964 εὐστόχως
1227 1894 1444 1965 βάλλειν
1487 1894 1588 1959 τὰς
1640 1894 1904 1964 εὐαισθή-

302 2001 423 2046 τους
457 1984 645 2054 ψυχᾶς
668 1999 684 2016 ⁸
712 1987 1042 2057 ἠκονημένα
1076 1988 1154 2051 δὲ,
1187 1989 1278 2042 διὰ
1337 1989 1400 2042 τὸ
1433 1987 1690 2061 λαμπρὸν
1720 1989 1817 2042 καὶ
1842 1989 1903 2041 τὸ

305 2076 588 2145 τμητικόν.
610 2076 907 2148 Λάμπουσι
939 2079 1049 2151 γὰρ
1074 2082 1140 2150 τῇ
1172 2080 1427 2152 ἀληθὲίᾳ,
1490 2081 1586 2135 καὶ
1642 2081 1904 2151 τέμνουσι

306 2168 396 2238 τὴν
416 2169 724 2239 ἁμαρτίαν.
766 2171 1008 2226 Δυνατδν
1030 2172 1088 2225 δὲ
1113 2172 1262 2240 λέγει
1292 2173 1387 2227 τὸν
1410 2172 1672 2244 Χριστὸν,
1713 2171 1774 2226 οὗ
1809 2173 1905 2242 μό-

309 2275 394 2312 νον
417 2260 508 2312 διὰ
549 2260 649 2331 τὴν
685 2261 1110 2334 παντοδύναμον
1143 2261 1311 2316 αὐτοῦ
1340 2262 1596 2335 θεότητα,
1646 2261 1785 2316 ἀλλά
1809 2261 1906 2315 καὶ

319 2351 404 2404 διὰ
436 2353 498 2405 ab
527 2355 750 2425 νικῆσαι
781 2353 873 2409 τὸν
914 2355 1185 2421 διάϐολον,
1230 2358 1296 2428 τῇ
1329 2356 1524 2428 ἀνδρίᾳ
1547 2356 1656 2410 τῶν
1678 2355 1780 2425 τῆς
1812 2355 1907 2408 ἀν-

325 2443 660 2516 δρωπότητος
682 2448 920 2519 ἀρετῶν.
958 2447 1147 2503 Ταῦτα
1176 2448 1233 2502 δὲ
1259 2449 1327 2502 τὰ
1371 2447 1526 2519 βέλη,
1557 2449 1616 2500 ὲν
1645 2449 1714 2519 τῇ
1767 2464 1904 2518 καρ-

322 2537 406 2607 δέᾳ
435 2540 712 2609 πεπήγασι
737 2541 850 2594 τῶν
882 2542 1016 2610 πρὶν
1051 2540 1266 2613 ἐχθρῶν
1300 2541 1397 2595 τοῦ
1439 2540 1707 2612 βασιλέως
1741 2535 1903 2600 Θεοῦ,

310 2629 386 2692 ὡς
416 2630 680 2686 δύνασθαι
699 2634 802 2704 τὴν
838 2633 1054 2704 πληθὺν
1099 2634 1283 2688 αὐτῶν
1319 2634 1525 2702 λέγειν,
1555 2632 1904 2701 Τετρωμένη

303 2723 512 2794 anim;
541 2726 659 2794 εἰμὶ
682 2725 821 2796 ἐγώ.
854 2726 1184 2797 Τρώσαντες
1215 2726 1329 2798 (57)
1359 2725 1492 2797 γὰρ,
1533 2725 1636 2778 οὐκ
1669 2723 1903 2791 ἀνεῖλον,

299 2816 437 2870 ἀλλὰ
468 2818 681 2888 μᾶλλον
715 2819 948 2888 νεκροὺς
967 2819 1129 2884 ὄντας
1151 2822 1230 2882 εἰς
1263 2818 1470 2890 ἀρετὴν
1501 2817 1788 2882 ὲζώωσαν,
1811 2819 1908 2870 καὶ

293 2911 567 2964 εἵλκυσαν
603 2912 744 2980 πρὸς
775 2913 871 2966 τὶν
903 2912 1050 2965 Θεῖον
1099 2912 1302 2984 ἔρωτα.
1353 2911 1502 2966 Λαοὶ
1533 2910 1590 2964 δὲ
1624 2908 1910 2966 ὑποκάτω

290 3019 419 3057 σου
462 3003 826 3069 πεσοῦνται,
890 3005 1201 3068 τουτέστιν,
1250 3002 1658 3057 ὑποπεσοῠνταί
1702 3019 1787 3055 σοι
1841 3002 1910 3056 δι’

290 3096 596 3164 ὑποταγῆς
621 3095 834 3162 πολλοὶ,
867 3095 985 3149 ὅσοι
1023 3095 1229 3167 δηλαδὴ
1259 3090 1736 3167 ἐτρώθησανέῐεν
1768 3093 1814 3148 δ’
1843 3094 1910 3148 ἂν

2006 601 2207 672 inquit,
2241 611 2358 666 tua,
2386 601 2493 655 hoc
2526 610 2634 667 est,
2671 603 2817 658 bona
2841 618 2906 659 ac
2945 611 3096 682 recta
3136 614 3228 659 tua
3275 613 3469 660 natura
3502 605 3598 662 ἀθ-

2005 695 2168 750 ducet
2193 701 2246 750 te
2267 695 2332 750 ad
2370 695 2633 765 praeclara
2668 713 2682 748 :
2717 695 2837 752 haec
2879 697 3136 752 nimirum
3162 698 3378 753 virtutis
3406 713 3595 770 opera.

2003 786 2086 840 Tu
2128 787 2274 842 enim
2327 787 2446 857 ipse
2497 786 2595 843 tibi
2641 788 2776 845 satis
2823 804 2903 856 es,
2946 798 2995 846 et
3034 791 3186 846 nullo
3240 791 3348 846 alio
3385 791 3598 862 indiges

2006 879 2234 932 auxilio.
2281 878 2659 936 Admiratione
2714 889 2898 936 autem
2943 898 3158 938 summa
3209 883 3434 954 dignum
3485 891 3594 945 est,

2005 971 2149 1040 quod
2187 987 2216 1024 a
2257 986 2318 1027 se
2367 972 2490 1042 ipso
2516 972 2646 1042 quis
2678 971 2745 1028 ad
2781 981 2989 1028 rectam
3031 974 3300 1030 virtutum
3341 975 3594 1031 semitam

2006 1062 2332 1117 deducatur.

2083 1155 2250 1211 Vens.
2285 1155 2338 1211 6.
2367 1156 2598 1228 Sagith
2635 1167 2741 1211 tua:
2770 1166 2963 1226 acum,
2988 1175 3017 1213 ο
3049 1166 3255 1228 potens,
3296 1160 3480 1230 populi
3502 1161 3598 1215 sub

2010 1259 2060 1303 te
2100 1249 2295 1304 cadent
2342 1249 2398 1302 in
2441 1248 2600 1303 corde
2657 1249 2996 1306 inimicorum
3034 1252 3193 1322 regis.
3245 1250 3602 1320 Expositores

2007 1357 2224 1408 omnes,
2266 1358 2365 1412 per
2397 1345 2737 1414 hyperbaton
2777 1355 3109 1400 construunt
3154 1347 3444 1415 prteseutis
3476 1362 3602 1402 ver-

2009 1434 2170 1489 siculi
2225 1434 2414 1494 verba.
2466 1435 2570 1489 hoc
2617 1444 2823 1505 pacto:
2862 1434 3088 1506 Sagith
3152 1446 3258 1492 tuae
3311 1447 3507 1508 acutw,
3570 1455 3602 1493 ο

2007 1541 2214 1598 potens,
2257 1529 2311 1583 in
2371 1531 2528 1584 corde
2565 1532 2909 1586 inimicorum
2943 1535 3079 1604 regis
3125 1533 3312 1604 inﬁxa:
3349 1545 3494 1589 sunt.
3538 1535 3605 1590 Et

2008 1621 2156 1691 quod
2189 1623 2308 1676 ait:
2365 1620 2564 1692 Populi
2611 1625 2708 1677 sub
2736 1634 2784 1677 te
2820 1624 3031 1691 cadent,
3085 1641 3182 1695 per
3228 1628 3600 1696 parenthesin:

2003 1713 2172 1782 jacet.
2207 1713 2434 1785 Sagitta
2469 1725 2653 1770 autem
2681 1715 2909 1783 Christi,
2964 1718 3265 1786 evangelici
3319 1725 3454 1775 sunt
3483 1735 3605 1775 ser-

2011 1821 2222 1872 mones,
2241 1808 2330 1876 qui
2353 1822 2620 1878 perquam
2645 1807 2901 1864 celeriter
2915 1810 3234 1866 universum
3264 1811 3451 1867 orbem
3477 1828 3604 1883 per-

2007 1909 2264 1963 currunt,
2300 1909 2352 1952 et
2378 1897 2489 1953 ictu
2522 1899 2840 1954 certissimo
2883 1900 3022 1956 bene
3058 1903 3362 1958 sentientes
3390 1905 3606 1960 animas

2010 1985 2215 2042 feriunt
2249 2005 2262 2042 :
2289 1989 2383 2060 qui
2407 2005 2693 2047 sermones
2722 1992 2868 2048 acuti
2900 1991 3074 2050 εσσοῑί
3099 1994 3522 2062 essedicuntur,
3550 2004 3608 2053 et

2010 2090 2233 2151 propter
2251 2072 2528 2137 summum
2562 2099 2757 2140 eorum
2779 2085 3148 2156 splendorem,
3181 2097 3233 2144 et
3262 2097 3488 2160 propter
3519 2089 3607 2144 in-

2008 2174 2378 2230 cidendivim.
2410 2174 2738 2231 Nitidienim
2767 2184 2897 2232 sunt
2921 2184 2976 2233 et
3008 2178 3126 2246 ipsa
3159 2181 3390 2236 veritate
3420 2180 3607 2252 splen-

2015 2267 2277 2334 descunt,
2315 2283 2378 2320 ac
2423 2269 2631 2337 pariter
2661 2268 2914 2324 incidunt
2959 2279 3205 2341 peccata.
3257 2270 3392 2328 Illud
3423 2283 3606 2329 autem

2012 2358 2707 2432 animadvertendum_est,
2742 2361 2886 2431 quod
2924 2361 3112 2426 dictio,
3141 2361 3346 2424 Acutw,
3377 2363 3608 2432 partici-

2010 2449 2161 2518 pium
2197 2451 2476 2518 passivum
2509 2461 2597 2506 est
2632 2465 2660 2503 a
2694 2449 2862 2506 verbo
2901 2451 3048 2504 Acuo
3091 2453 3275 2516 :quod
3308 2440 3388 2508 ef
3417 2452 3606 2510 Graeca

2013 2540 2252 2594 lectione
2277 2540 2483 2595 clarius
2518 2545 2686 2610 patet.
2713 2540 2996 2596 Potentem
3020 2557 3153 2596 vero
3187 2541 3471 2598 Christum
3509 2560 3606 2612 ap-

2013 2632 2199 2700 pellat,
2249 2647 2359 2685 non
2413 2631 2592 2686 solum
2634 2631 2705 2686 ob
2752 2631 3188 2701 omnipotentem
3229 2633 3605 2695 divinitatem.

2013 2705 2107 2777 Sed
2139 2725 2304 2776 etiam
2335 2725 2464 2794 quia
2511 2723 2835 2778 fortitudine
2871 2737 2935 2777 ac
2985 2725 3203 2787 robore,
3253 2735 3308 2780 et
3351 2725 3610 2780 humanis

2014 2816 2315 2873 virtutibus
2346 2816 2646 2871 dremonem
2700 2819 3003 2886 superavit.
3044 2817 3139 2871 Ha:
3174 2817 3342 2888 igitur
3393 2818 3612 2889 sagittae

2014 2911 2067 2964 in
2109 2925 2300 2965 eorum
2345 2906 2514 2964 corde
2540 2908 2721 2963 infixa:
2753 2916 2904 2975 sunt,
2939 2909 3029 2977 qui
3072 2918 3231 2964 antea
3291 2909 3384 2964 Dei
3443 2909 3610 2980 Regis

2015 3002 2226 3057 inimici
2259 3012 2434 3066 erant,
2472 3002 2545 3056 ita
2598 3009 2659 3054 ut
2703 3015 2892 3054 eorum
2937 3000 3228 3054 multitudo
3255 3017 3402 3056 nunc
3426 3002 3614 3057 dicere

2015 3095 2191 3166 possit
2209 3093 2378 3167 [quod
2403 3096 2459 3148 in
2484 3093 2729 3150 Canticis
2751 3093 3054 3149 catieorum
3073 3092 3330 3167 legimus]
3359 3111 3372 3148 :
3416 3092 3615 3149 Vulne-

287 3189 435 3260 βέλη
474 3188 716 3258 Χριστοῦ
771 3189 866 3243 καὶ
901 3190 951 3243 οἱ
993 3188 1307 3254 ἀπόστολοι,
1351 3187 1671 3259 ἠκονημένα
1720 3187 1811 3241 διὰ
1845 3187 1907 3239 τὸ

2019 3196 2140 3241 rata
2181 3203 2275 3257 ego
2313 3203 2430 3239 sum
2462 3202 2494 3240 a
2534 3185 2820 3249 charitate,
2864 3186 2968 3240 hoc
3011 3195 3095 3240 est
3129 3184 3150 3257 [
3180 3201 3207 3239 a
3255 3186 3470 3257 sagittis
3518 3196 3615 3242 aut

283 3281 567 3354 λαμπρὸν
595 3281 694 3334 τοῦ
733 3280 874 3352 βίου,
899 3283 995 3336 καὶ
1023 3282 1090 3336 τὸ
1113 3280 1550 3354 παρεισδύεσθαι
1593 3283 1716 3344 ταῖς
1764 3297 1908 3352 καρ-

282 3374 448 3438 δίαις
512 3374 628 3427 τῶν
683 3374 1174 3445 μαθητευομένων,
1219 3375 1310 3429 διὰ
1365 3374 1467 3445 τῆς
1524 3373 1906 3438 διδασκαλίας.

284 3467 489 3536 Μέχρι
512 3464 708 3520 τούτου
741 3469 856 3530 τοῖς
884 3466 986 3537 τῆς
1051 3465 1476 3540 ἀνθρωπότητος
1517 3465 1613 3519 τοῦ
1671 3463 1914 3536 Χριστοῦ

282 3561 490 3628 λόγοις
515 3560 899 3631 ὲνδιατρίψας,
948 3561 1160 3614 ἄνεισιν
1200 3559 1301 3632 ἤδη
1350 3557 1446 3612 καὶ
1494 3557 1587 3611 ἐπὶ
1637 3557 1764 3620 τοὺς
1815 3555 1918 3626 τῆς

282 3653 570 3723 θεότητος
591 3653 780 3706 αὐτοῦ.

282 3756 414 3800 tur.
499 3741 782 3816 Quotquot
867 3747 1130 3802 nimirum
1211 3746 1281 3801 ab
1339 3744 1655 3815 huiusmodi
1719 3740 1942 3812 sagittis

2011 3297 2038 3333 a
2067 3281 2270 3348 jaculis
2297 3277 2614 3349 charitatis]
2638 3295 2652 3344 ;
2681 3277 2996 3347 hujnsmodi
3038 3289 3218 3332 autem
3261 3279 3476 3349 sagittae
3499 3279 3609 3334 ictu

2015 3382 2118 3423 suo
2174 3366 2465 3422 vulnerant
2492 3365 2734 3435 quidem,
2773 3366 2866 3420 sed
2906 3382 3012 3420 non
3050 3365 3395 3434 interimunt,
3426 3368 3615 3438 quini-'-

2020 3472 2110 3512 mo
2140 3471 2236 3511 eos
2266 3455 2449 3525 potius
2472 3453 2564 3523 qui
2596 3453 2727 3508 olim
2767 3454 3071 3512 virtutibus
3106 3456 3310 3510 mortui
3339 3464 3499 3512 erant
3533 3458 3615 3513 vi-

2023 3550 2271 3612 vitieant,
2305 3556 2359 3602 et
2383 3547 2450 3601 ad
2481 3547 2727 3601 divinum
2760 3561 3002 3601 amorem
3032 3549 3378 3618 pertrahunt.
3416 3550 3614 3622 Sequi-

2027 3653 2122 3699 tur
2155 3661 2168 3697 :
2204 3641 2400 3712 Populi
2433 3640 2528 3695 sub
2571 3649 2619 3694 te
2653 3639 2864 3700 cadent.
2893 3638 3000 3693 hoc
3028 3647 3132 3705 est,
3177 3641 3274 3696 tibi
3316 3641 3619 3712 subjicien-

2023 3737 2230 3792 ltterittt
2315 3734 2613 3790 vulnerati.
2694 3734 2799 3789 Per
2862 3733 3094 3804 Sagittae
3167 3735 3334 3790 etiam
3413 3736 3618 3794 Christi

285 3841 591 3913 apostolos
625 3857 926 3912 possumus
949 3844 1280 3913 intelligere,
1340 3843 1434 3912 qui
1470 3841 1642 3907 acuti,
1717 3839 1823 3895 hoc
1859 3844 1968 3902 est,
2048 3833 2285 3900 nitidati,
2347 3849 2410 3888 ac
2475 3829 2644 3888 lucidi
2706 3847 2829 3888 esse
2894 3833 3451 3904 dicuntur,.proptcr
3497 3837 3621 3890 vita:

285 3937 666 4008 splendorem
701 3954 718 4005 ;
760 3949 814 3993 et
845 3939 973 4009 quia
1027 3940 1249 4009 propria
1311 3939 1565 3994 doctrina
1619 3936 1672 3992 in
1749 3932 2149 4005 discipulorum
2205 3929 2374 3985 corda
2444 3935 2824 3999 penetrarunt.

2916 3925 3191 3984 Hactenus
3249 3928 3318 3986 de
3414 3931 3617 3988 Christi

290 4035 666 4091 immanitate
696 4050 882 4091 sermo
915 4035 1038 4100 fuit,
1060 4035 1323 4108 deinceps
1355 4034 1424 4090 de
1452 4034 1601 4089 illius
1623 4032 1916 4106 divinitate
1957 4033 2282 4099 pertractat-

382 4129 462 4182 Ὀ
502 4129 724 4197 θρόνος
779 4143 917 4196 σου,
973 4132 1006 4184 ό
1059 4130 1223 4196 Θεὸς,
1269 4131 1358 4194 εις
1406 4129 1514 4182 τὸν
1567 4127 1757 4181 αἰῶνα
1813 4125 1921 4180 τοῦ

297 4219 564 4286 αἰῶνος.
597 4221 659 4274 Ὀ
688 4220 899 4292 θρόνος,
929 4221 1210 4292 βασιλείας
1237 4221 1313 4275 ὢν
1334 4219 1628 4291 σύμϐολον,
1665 4217 1765 4290 τὴν
1823 4216 1920 4289 βα-

304 4313 530 4367 σιλείαν
560 4313 892 4368 αἰνίττεται.
928 4315 1096 4383 Λέγει
1141 4315 1220 4378 δὲ,
1273 4315 1356 4367 ὅτι
1397 4313 1462 4368 Ἦ
1505 4312 1757 4384 βασιλεία
1807 4328 1926 4374 σου,

305 4409 511 4471 ἀΐδιος.
554 4408 702 4476 Ὅρα
733 4407 813 4472 Et,
839 4408 988 4471 ὅπως
1027 4404 1161 4461 Θεὸν
1236 4406 1491 4478 φανερῶς
1538 4405 1631 4459 τὸν
1685 4403 1924 4458 Χοιστὸν

315 4502 634 4573 ὠνόμασεν.

433 4684 671 4751 Ράσδος
706 4686 1036 4752 εὐθύτητος
1074 4685 1110 4753 ἡ
1160 4683 1387 4753 ῥάϐδος
1433 4681 1543 4751 τῆς
1602 4682 1930 4748 ,βασιλείας

331 4797 468 4835 σου.
517 4781 586 4834 Ἠ
621 4780 844 4850 ῥάϐδος,
867 4779 967 4848 τῆς
1004 4779 1328 4844 δικαστικῆς
1355 4776 1608 4842 ἐξουσίας
1637 4773 1930 4845 σύμϐολον.

353 4872 420 4924 Ἦ
452 4873 745 4943 δικαστική
807 4889 900 4926 σου
933 4871 1048 4940 οὖν,
1082 4873 1276 4942 φησιν,
1326 4869 1571 4937 ἐξουσία,
1635 4867 1934 4939 sacoma;

348 4964 510 5028 ἐστιν,
535 4966 716 5038 ὀρθῶς
747 4964 1067 5030 δικάζουσα.
1100 4965 1170 5017 Ἦ
1191 4961 1286 5018 καὶ
1325 4962 1503 5025 ἄλλως
1529 5002 1543 5028 ,
1595 4960 1795 5033 ῥάϐδον
1824 4959 1936 5013 νόει

347 5073 433 5122 μοι
467 5058 564 5128 τὴν
594 5056 954 5128 παιδευτικὴν
985 5057 1239 5127 δύναμιν,
1269 5055 1411 5126 αὓτη
1462 5054 1579 5119 οὖν,
1640 5052 1938 5123 εὐθύτητὸς

339 5151 476 5217 ἐστι,
514 5149 748 5213 δικαίως
779 5148 1141 5220 μαστίζουσα.

423 5417 793 5488 ἰιγάπησας
854 5415 1276 5483 δικαιοσύνην,
1310 5415 1407 5469 καὶ
1457 5414 1760 5484 ἐμίσησας
1800 5413 1944 5467 dro-

343 5512 514 5580 μίαν.
565 5511 830 5582 ’Δνομίαν
858 5509 1009 5577 λέγει
1033 5508 1128 5580 τὴν
1177 5507 1416 5562 ἀδικίαν.
1471 5506 1739 5567 Ποικίλως
1777 5505 1832 5559 δὲ
1865 5504 1943 5574 τῷ

349 5603 578 5678 Χριστῷ
601 5605 1026 5676 προσμαρτυρεῖ
1045 5602 1146 5674 τὴν
1167 5601 1543 5673 δικαιοσύνην,
1585 5600 1662 5663 ὡς
1695 5599 1947 5660 ἅπαντας

2097 4118 2263 4173 Vens.
2305 4118 2354 4171 7.
2386 4115 2785 4190 Thronus‘tuus
2814 4119 2868 4169 in
2901 4117 3155 4170 sa'culum
3188 4117 3393 4172 swculi.
3443 4117 3621 4174 Tltro-

2023 4229 2129 4269 nus
2159 4219 2243 4268 est
2295 4212 2458 4283 regia:
2488 4211 2771 4281 dignitatis
2806 4209 3098 4274 indicium,
3139 4209 3283 4262 unde
3333 4225 3428 4279 per
3474 4209 3623 4263 thro-

2025 4323 2181 4370 num,
2235 4306 2435 4359 merito
2491 4319 2715 4374 regnum
2748 4301 3192 4373 signiticatur,ct
3238 4314 3435 4354 sensus
3483 4307 3566 4355 est
3604 4317 3620 4356 ε

2026 4399 2276 4469 Regnum
2332 4407 2486 4451 tuum
2546 4404 2812 4450 aeternum
2871 4393 2999 4459 erit,
3051 4408 3116 4447 ex
3175 4392 3378 4462 quibus
3435 4392 3620 4446 verbis

2031 4490 2385 4560 apertissime
2414 4497 2583 4560 patet,
2629 4488 2774 4558 quod
2813 4486 3095 4541 Christum
3142 4483 3416 4554 Propheta
3450 4483 3620 4539 Deum

1967 4612 2006 4662 υ
2034 4599 2157 4638 esse
2192 4583 2546 4637 intellexerit.

2111 4673 2270 4743 Virga
2323 4672 2658 4735 directionis,
2714 4671 2863 4742 virga
2901 4671 3046 4740 regni
3110 4671 3208 4723 lui.
3255 4667 3356 4722 Per
3389 4667 3626 4740 virgam.

2031 4767 2240 4838 judicis
2297 4767 2602 4821 auctoritas
2637 4780 2701 4817 ac
2735 4772 2980 4832 potestas
3026 4762 3365 4834 designatur.
3393 4759 3628 4823 Judicis.

2041 4860 2243 4930 inquit,
2276 4865 2549 4929 potestate
2575 4865 2722 4910 recte
2754 4855 2946 4910 uteris.
2980 4851 3147 4908 Recte
3189 4853 3336 4908 enim
3387 4850 3627 4920 iudicas,

2045 4965 2096 5007 et
2119 4952 2270 5022 jusw
2298 4950 2575 5021 procedis.
2612 4947 2633 5020 [
2658 4946 2752 5000 Vel
2791 4946 2970 5012 aliter,
3006 4960 3102 5016 per
3132 4945 3340 5016 virgam
3370 4943 3630 4998 directio-

2047 5045 2156 5110 nis,
2209 5043 2518 5114 castigandi
2556 5049 2883 5111 potestatem
2933 5038 3222 5107 intelligo:
3278 5051 3397 5104 qua:
3434 5033 3632 5089 merito

2045 5139 2119 5191 ita
2148 5135 2475 5207 appellatur,
2513 5132 2641 5204 quia
2675 5131 2806 5186 dum
2847 5144 3046 5202 pravos
3067 5128 3218 5207 justo
3239 5129 3488 5194 castigat,
3519 5126 3631 5180 eis-

2049 5245 2158 5300 que
2187 5206 2522 5299 supplicium
2557 5223 2745 5289 inl‘ert,
2787 5225 2991 5278 multos
3020 5206 3338 5289 huiusmodi
3369 5215 3634 5286 exemplis

2054 5325 2118 5377 ad
2150 5331 2356 5377 rectam
2390 5320 2654 5372 virtutum
2685 5317 2935 5373 semitam
2962 5307 3208 5382 dirigit.]

2125 5416 2288 5470 Vens.
2322 5415 2374 5470 8.
2414 5411 2660 5468 Dilexisti
2691 5409 2967 5480 justitiam
2997 5415 3046 5459 et
3079 5402 3196 5456 odi:
3226 5403 3241 5455 ξ
3282 5397 3634 5467 iniquitatem.

2053 5509 2156 5564 Per
2189 5508 2536 5578 iniquitatem
2563 5502 2888 5573 iniustitiam
2919 5496 3188 5568 intelligit:
3237 5489 3417 5547 Variis
3452 5496 3633 5578 autem

2057 5599 2236 5653 modis
2269 5575 2539 5668 iiropheta
2577 5592 2805 5648 Christo
2849 5584 3178 5662 iniustitiam
3215 5579 3441 5637 ascribit
3468 5575 3634 5633 veluti

1704 5777 1930 5841 “Variae
1957 5775 2290 5840 lectiones.

427 5889 538 5962 (57)
576 5887 793 5961 Διρταδῆ
823 5889 871 5941 οἱ
914 5884 1086 5955 λόγοι.
