4120 6422
540 364 647 428 4⁵95

1773 358 2093 421 E‘UTIIYM
2105 358 2155 419 ῐῐ
2215 358 2583 420 ZIGABENI

3713 363 3818 431 496

532 478 588 533 ei
639 477 733 547 qui
782 476 1100 531 universum
1144 473 1329 529 orbem
1374 472 1727 544 judicaturus
1776 475 1870 528 sit.
1914 472 2122 527 Deinde

2228 475 2415 542 κρῖναι
2447 473 2725 543 μέλλοντι.
2781 469 2918 531 Εἶτα
2966 474 3131 532 πάλιν
3180 477 3319 549 πρὸς
3370 477 3432 533 τὸ
3476 477 3817 552 πρόσλημμα

537 584 737 625 rursus
769 567 837 622 ad
890 574 1232 637 assumptum
1285 566 1562 621 hominem
1611 580 1921 620 sermonem
1964 578 2125 620 suum

544 661 742 715 iterum
775 660 1071 725 convertit,
1098 658 1293 713 dicens
1325 675 1341 713 :

609 754 904 821 PrOpterea
937 752 1086 805 unxit
1109 761 1156 805 te
1196 750 1360 816 Deus,
1396 748 1536 804 Deus
1578 759 1699 803 tuus
1740 750 1853 803 oleo
1887 749 2126 804 exsulta-

534 849 701 902 tiouis
730 862 845 914 pra:
880 844 1226 916 participibus
1258 844 1383 897 tuis.
1424 841 1757 912 Participes,
1786 842 1821 896 ii
1863 842 2127 896 dicuntur

537 942 634 1012 qui
672 942 816 995 inter
843 955 903 994 se
934 937 989 992 in
1025 939 1210 1008 aliquo
1242 937 1672 1003 communicant,
1714 937 1820 990 hoc
1850 944 1957 1001 est,
1999 934 2125 1004 qui-

535 1034 641 1087 bus
670 1029 875 1100 aliquid
903 1045 1197 1084 commune
1222 1038 1326 1084 est.
1362 1028 1583 1084 Christo
1614 1038 1795 1082 autem
1842 1028 1897 1081 in
1946 1026 2125 1081 nomi-

527 1142 607 1181 ne
662 1138 821 1195 reges
879 1137 1072 1177 omnes
1146 1121 1558 1177 communicant
1634 1139 1649 1176 :
1707 1120 1834 1191 quia
1926 1119 2121 1175 Christi

522 1232 756 1284 .omnes,
785 1215 838 1271 id
864 1225 974 1278 est,
1001 1215 1153 1269 uncti
1185 1214 1551 1284 appellantur,
1570 1228 1634 1268 eo
1658 1214 1801 1281 quod
1825 1214 1946 1269 oleo
1971 1213 2121 1267 uncti

537 1313 673 1366 sint.
718 1307 1085 1379 .Ungebantur
1140 1307 1287 1362 enim
1337 1306 1466 1360 olim
1526 1322 1706 1377 rcges,
1755 1322 1943 1361 verum
1997 1306 2121 1361 illos

526 1405 758 1477 quidem
794 1405 1074 1474 prophetae
1120 1402 1209 1457 vili
1241 1400 1375 1469 hoc,
1420 1409 1584 1471 atque
1628 1400 1833 1454 usitato
1862 1400 1985 1453 oleo
2017 1415 2121 1452 un-

528 1499 760 1568 gebant,
814 1496 865 1549 in
906 1493 1059 1565 regni
1104 1493 1368 1563 signum:
1404 1501 1457 1546 te
1498 1506 1650 1558 vero,
1715 1492 1910 1561 inquit,
1962 1492 2123 1561 longe

2231 568 2471 622 ποιεῖται
2506 566 2600 621 τὸν
2632 568 2812 637 λόγον.

2301 744 2406 798 Διὰ
2435 744 2615 800 τοῦτο
2641 746 2849 815 ἔχρισέ
2870 764 2945 804 σε
2972 752 3006 804 ό
3033 751 3178 816 Θεός
3214 766 3352 814 σου.
3384 752 3594 806 ἔλαιον
3637 753 3820 822 ἀταλ-

2226 835 2509 903 λιάσεως,
2538 839 2700 907 παρὰ
2735 841 2877 907 τοὺς
2894 845 3197 912 μετόχους
3234 860 3374 899 σου.
3410 845 3645 917 Μέτοχοί
3678 849 3819 901 είσιν

2227 929 2276 981 οί
2309 930 2583 984 κοινωνοί.
2626 933 2963 987 Κοινωνοῦσι
3008 936 3065 988 δὲ
3098 935 3177 1007 τῷ
3202 938 3411 1007 χριστῷ
3444 938 3537 991 τοῦ
3570 940 3816 993 τοιούτου

2226 1019 2497 1090 ὀνόματος
2530 1022 2742 1088 πάντες
2766 1024 2817 1078 οἱ
2845 1025 3114 1095 βασιλεῖς,
3170 1030 3385 1098 χριστοὶ
3413 1032 3509 1083 καὶ
3539 1026 3685 1085 οὗτοι
3714 1050 3822 1085 κα-

2226 1111 2505 1183 λούμενοι,
2535 1116 2690 1187 παρὰ
2717 1118 2779 1170 τὸ
2807 1118 3061 1188 χρίεσθαι
3081 1137 3093 1149 ·
3114 1120 3233 1173 ἀλλ’
3270 1123 3515 1185 ἐκείνους
3554 1123 3655 1192 μὲν
3680 1141 3820 1192 προ-

2227 1206 2395 1273 φῆται
2437 1207 2623 1278 ἔχριον
2682 1208 2744 1261 τὸ
2807 1210 2990 1263 ἔλαιον
3027 1213 3325 1265 σκευαστὸν
3393 1216 3473 1278 εἰς
3538 1214 3822 1284 βασιλείας

2228 1297 2499 1366 σύμϐολον
2524 1314 2536 1326 ’
2564 1298 2625 1351 σὲ
2652 1299 2710 1352 δέ
2738 1301 2943 1370 τρόπον
2975 1299 3164 1371 ἕτερον
3214 1301 3348 1372 παρ’
3398 1302 3597 1365 αὐτοὺς
3626 1304 3655 1355 ό
3682 1302 3822 1364 Θεὸς

2225 1390 2467 1461 ἔχρισεν,
2495 1390 2570 1455 ὡς
2604 1391 2859 1463 βασιλέα.
2913 1392 3056 1465 Ἐγὼ
3084 1394 3173 1459 δὲ,
3222 1395 3380 1464 φησὶ,
3436 1394 3821 1464 κατεστάθην

2217 1483 2528 1550 βασιλεὺς
2550 1484 2651 1539 ὑπ’
2673 1484 2884 1552 αὐτοῦ,
2905 1486 3004 1540 καὶ
3041 1486 3103 1539 οὐ
3158 1485 3405 1539 τοιοῦτον
3442 1484 3643 1553 ἔλαιον,
3678 1487 3820 1540 ἀλλὰ

523 1593 741 1656 aliter,
801 1598 967 1659 atque
1024 1587 1099 1641 illi
1153 1586 1598 1655 iniungebantur,
1656 1585 1800 1641 Deus
1851 1587 2009 1640 unxit
2067 1586 2118 1640 in

2225 1578 2432 1646 κρίσιν
2463 1577 2909 1646 ἀγαλλιάσεως.
2941 1579 3156 1649 Ὠσπερ
3188 1577 3282 1632 οῦν
3340 1578 3618 1650 ῥομφαίαν
3675 1578 3817 1631 Θεοῦ

529 1699 736 1754 regem.
786 1680 942 1736 Unde
984 1679 1112 1733 alibi
1150 1679 1218 1733 de
1255 1678 1479 1733 Christo
1519 1678 1790 1748 scriptum
1833 1679 2069 1750 legimus
2102 1695 2116 1732 :

2225 1668 2321 1723 καὶ
2353 1669 2483 1735 τόξα
2515 1670 2611 1723 καὶ
2666 1668 2796 1740 βέλη
2874 1671 3197 1737 ἀκούοντες,
3244 1670 3299 1723 εί
3346 1688 3400 1724 τι
3443 1670 3705 1734 τοιοῦτον,
3750 1672 3818 1724 οὐ

530 1774 641 1845 Ego
703 1782 878 1827 autent
941 1770 1260 1824 constitutus
1327 1785 1444 1822 sum
1498 1768 1610 1823 Rea:
1679 1768 1746 1822 ab
1809 1786 1870 1824 eo
1904 1769 2117 1824 “hNon

2225 1762 2395 1815 ταῦτα
2434 1762 2547 1833 (58)
2584 1763 2911 1833 παχυμερὲς
2963 1763 3215 1836 νοοῦμεν,
3284 1764 3421 1819 ἀλλὰ
3466 1765 3565 1836 τὴν
3608 1764 3821 1820 τούτων

529 1835 872 1937 hujusmodi,
910 1862 1112 1933 inquit,
1165 1871 1224 1916 tu
1288 1862 1413 1917 oleo
1468 1869 1671 1917 unctus
1712 1876 1796 1926 es,
1853 1860 1950 1917 sed
1995 1863 2116 1917 oleo

2225 1854 2536 1923 ἐνέργειαν,
2566 1852 2710 1907 οὕτω
2742 1856 2840 1908 καὶ
2869 1854 3052 1909 ἔλαιον
3080 1835 3200 1922 νῦν,
3241 1855 3341 1928 τὴν
3366 1835 3551 1928 χρίσιν
3590 1854 3822 1927 νομίζο-

519 1954 941 2013 cxsultationis.
993 1951 1468 2020 Quemadmodum
1514 1966 1644 2005 vero
1698 1966 1823 2005 cum
1872 1952 2115 2022 gladium

2225 1962 2346 2015 μεν.
2377 1944 2577 2015 Χρίσις
2640 1945 2698 1999 δέ
2744 1946 3152 2014 ἀγαλλιάσεως.
3217 1948 3251 2017 ἡ
3317 1948 3666 2017 ἐπιφοίτησις
3718 1945 3821 2002 τοῦ

526 2048 623 2103 Dei
657 2057 712 2102 et
743 2062 958 2108 arcum,
989 2052 1044 2098 et
1079 2043 1310 2112 sagittas
1342 2039 1606 2104 dicimus,
1631 2047 1723 2093 aut
1755 2040 1884 2110 quid
1915 2040 2116 2105 simile,

2225 2039 2380 2107 άγίου
2418 2038 2747 2109 Πνεύματος
2789 2055 2806 2070 ο
2860 2040 3160 2112 χαροποιδν
3190 2041 3248 2095 δέ
3276 2041 3338 2094 τὸ
3368 2043 3529 2111 ἆγιον
3560 2041 3819 2112 Πνεῦμα.

528 2156 591 2195 ea
623 2156 728 2194 non
776 2138 1037 2200 demisse,
1091 2144 1187 2188 aut
1236 2135 1478 2188 humano
1528 2132 1715 2201 aliquo
1766 2146 1916 2187 more
1947 2132 2115 2185 intel-

2225 2129 2467 2184 Καθόλου
2495 2130 2553 2183 δέ
2608 2132 2642 2202 ἡ
2672 2131 2888 2203 χρίσις,
2914 2133 2997 2185 ὅτι
3028 2133 3124 2186 καὶ
3150 2134 3271 2187 ὅλον
3309 2133 3418 2205 ὅλῳ
3473 2134 3661 2205 συνῆν,
3720 2133 3822 2188 καὶ

508 2233 766 2302 νΙίεἰηωε,
822 2228 918 2284 sed
971 2228 1211 2283 divinam
1276 2225 1570 2294 quamdam
1626 2226 1757 2289 vim,
1804 2234 1968 2293 atque
1998 2222 2114 2277 eiii-

2225 2222 2321 2275 οὒκ
2357 2224 2421 2275 ἐκ
2451 2223 2682 2295 μερικοῦ
2710 2223 3078 2295 χαρίσματος,
3106 2226 3181 2290 ὼς
3211 2226 3303 2280 ἐπὶ
3338 2227 3448 2282 τῶν
3504 2244 3824 2299 πνευματο-

522 2326 734 2380 oeciam
790 2337 886 2391 per
926 2334 989 2375 ea
1044 2316 1462 2387 signiﬁcamus,
1513 2315 1589 2368 ita
1635 2322 1689 2368 et
1726 2328 1822 2384 per
1865 2313 1969 2368 olei
2021 2329 2123 2368 un-

2234 2314 2418 2386 φόρων
2449 2314 2661 2386 ἀνδρῶν
2692 2334 2705 2348 ·
2735 2317 2832 2369 καὶ
2861 2318 3007 2371 κατὰ
3037 2318 3199 2371 τοῦτο
3232 2318 3343 2389 γάρ
3372 2318 3611 2390 διέφερε.

508 2415 761 2481 ,ειίοηοηι
812 2413 902 2467 hic
951 2424 1061 2480 quo
1100 2419 1327 2463 unctum
1380 2420 1503 2459 esse
1550 2404 1785 2475 legimus
1845 2403 2132 2467 dilectum,
2190 2405 2336 2460 aliud
2389 2406 2650 2476 quiddam
2706 2422 2873 2478 quam
2928 2408 3098 2462 verba
3154 2419 3355 2464 sonent
3394 2408 3819 2480 intelligendum

518 2513 607 2563 est
658 2522 675 2560 :
734 2503 911 2559 sancti
953 2502 1219 2556 nimirum
1294 2498 1537 2568 Spiritus
1585 2496 1883 2561 adventus,
1912 2496 2006 2566 qui
2038 2496 2284 2552 laetitiam
2320 2508 2375 2554 et
2431 2500 2691 2569 gaudium
2724 2499 2918 2556 aﬁ‘erre
2950 2516 3137 2556 secum
3168 2503 3328 2557 solet.
3374 2502 3589 2573 Integra
3629 2513 3814 2557 autem

514 2614 587 2657 iac
622 2596 860 2668 perlecta
893 2595 995 2649 luit
1018 2596 1133 2647 haec
1164 2591 1371 2647 Christi
1410 2590 1681 2657 inunctio,
1718 2591 1848 2660 quia
1886 2604 1996 2644 non
2042 2601 2099 2645 ut
2126 2592 2181 2645 in
2214 2592 2336 2648 aliis
2371 2594 2752 2663 spiritualibus
2790 2594 3103 2650 hominibus
3133 2610 3257 2651 esse
3289 2596 3449 2661 solet,
3476 2613 3541 2651 es
3576 2596 3811 2666 quadam

521 2692 880 2748 chrismatum
926 2692 1082 2757 parte
1128 2683 1373 2753 Spiritus
1419 2682 1472 2736 in
1503 2680 1727 2737 Christo
1782 2681 1983 2748 inerat,
2014 2681 2109 2737 sed
2143 2692 2287 2738 totus
2319 2698 2416 2755 per
2446 2700 2637 2740 omnes
2660 2698 2844 2756 partes
2869 2701 2992 2743 eum
3028 2688 3371 2757 repleverat:
3397 2703 3507 2758 qua
3542 2688 3595 2742 in
3626 2702 3681 2742 re
3700 2703 3809 2743 ca:-

513 2784 655 2844 teris
676 2780 933 2836 omnibus
969 2779 1129 2848 longe
1161 2776 1482 2844 praestabat.

590 2872 757 2929 Vens.
781 2872 835 2928 9.
872 2870 1093 2939 Myrrha
1122 2876 1172 2922 et
1213 2876 1378 2922 stacte
1420 2877 1469 2922 et
1507 2867 1663 2921 casia
1697 2883 1730 2920 a
1780 2867 2107 2922 vestimentis

2271 2870 2516 2938 Σμύρνα
2529 2869 2629 2924 καί
2646 2884 2801 2925 ora):
2809 2870 2881 2940 τὴ
2900 2871 2998 2926 καί
3022 2873 3274 2937 κασσία,
3296 2871 3417 2928 ἀπὸ
3432 2871 3551 2926 τῶν
3568 2874 3819 2942 ἱματίων

519 2967 645 3020 tuis.
681 2963 785 3021 Per
815 2963 1148 3018 vestimenta
1205 2959 1513 3015 divinitatis
1566 2959 1798 3025 Christi,
1846 2961 2092 3015 animam

2225 2974 2350 3015 γου.
2390 2960 2609 3030 Ίμάτια
2634 2963 2730 3033 τῆς
2758 2961 2853 3015 τοῦ
2892 2964 3072 3032 Λόγου
3101 2964 3379 3032 θεότητος,
3426 2965 3459 3036 ἡ
3502 2964 3595 3017 τοῦ
3636 2983 3819 3035 προσ-

516 3068 573 3115 et
599 3071 820 3113 carnem
858 3054 1219 3124 intelligimus
1264 3053 1543 3123 assumpti
1599 3053 1864 3120 hominis,
1900 3054 2105 3123 quibus

2225 3052 2503 3123 λήμματος
2534 3052 2684 3124 ψυχὴ
2738 3055 2833 3108 καὶ
2893 3055 3051 3126 σὰρξ,
3095 3050 3177 3119 οἷς
3233 3056 3418 3126 ἐκείνη
3482 3058 3821 3127 ἁπορῤήτως

516 3148 720 3203 Christi
740 3146 1009 3201 divinitas
1059 3142 1412 3197 ineﬁabiliter
1447 3140 1857 3196 circumamicta
1888 3147 2030 3204 erat,
2059 3146 2115 3194 et

2225 3144 2559 3216 ὲνεχωρήθη,
2590 3144 2626 3198 ἃ
2661 3146 2755 3198 καὶ
2780 3148 3264 3217 παραπετάσματα
3308 3147 3465 3200 καλεί
3517 3147 3731 3210 Παῦλος
3787 3146 3821 3199 ὁ

515 3255 639 3311 quae
665 3238 964 3308 Apostolus
996 3236 1062 3289 ad
1108 3233 1367 3289 llebraeos
1406 3233 1658 3287 velamen
1686 3232 1979 3302 appellavit
2017 3231 2105 3285 di-

2225 3236 2535 3300 Ξιπόστολος.
2571 3236 2833 3292 Βούλεται
2870 3239 2927 3292 δὲ
2960 3239 3057 3292 νῦν
3104 3242 3131 3293 ό
3164 3241 3463 3311 Προφήτης
3489 3242 3700 3305 εἰπεῖν,
3724 3240 3818 3294 ὅτι

515 3347 646 3387 cens
676 3348 691 3385 :
728 3329 1034 3401 [Christum
1089 3326 1337 3380 initiasse
1396 3325 1557 3381 nobis
1587 3324 1731 3378 viam
1775 3338 1971 3378 novam
2008 3338 2105 3394 per

2230 3311 2309 3381 Eat
2344 3328 2443 3397 μὲν
2478 3328 2581 3397 τῆς
2625 3330 2835 3400 σαρκός
2861 3347 3002 3397 σου,,
3038 3330 3308 3402 νέκρωσις
3347 3332 3501 3385 ἔσται
3528 3333 3621 3384 καὶ
3654 3332 3824 3386 ἁδα-

513 3425 761 3481 velamen
782 3420 851 3487 ‘9,
888 3422 942 3475 id
984 3430 1096 3482 εει,
1130 3434 1226 3487 per
1265 3432 1489 3472 carnem
1543 3432 1721 3472 suam.
1755 3414 1776 3488 ]
1804 3414 2005 3471 Verum
2036 3415 2105 3471 ad

2225 3420 2443 3493 peopia'
2472 3421 2680 3477 τούτων
2706 3423 2815 3494 γὰρ
2845 3423 3119 3495 σύμϐολον
3164 3427 3198 3495 ἡ
3261 3424 3510 3496 σμύρναο
3554 3427 3667 3489 τοῖς
3722 3444 3820 3478 νε·-

523 3531 751 3572 sensum
780 3515 1080 3571 verborum
1143 3510 1432 3580 Propheta:
1492 3510 1783 3579 diligenter
1841 3509 2107 3565 attende:

2225 3515 2367 3585 ιιροῖς
2402 3513 2512 3585 γὰρ
2558 3514 2810 3585 σώμασιν
2859 3515 3224 3588 ἀδιαφθορίας
3278 3518 3467 3571 ἕνεκεν
3506 3519 3815 3587 ἐπαλείφε-

516 3611 685 3673 Caro,
721 3607 920 3675 inquit,
954 3616 1045 3660 tua
1102 3614 1331 3659 mortem
1388 3604 1647 3673 patietur,
1688 3602 1782 3658 sed
1818 3618 1925 3657 non
1982 3618 2107 3657 cor-

2225 3622 2317 3658 ται
2346 3622 2359 3636 ’
2397 3606 2462 3658 ἐκ
2500 3605 2557 3659 δὲ
2616 3606 2719 3678 τῆς
2776 3606 2960 3678 ψυχῆς
2990 3625 3107 3674 σου,
3156 3609 3383 3673 κάθοδος
3433 3612 3513 3674 είς
3568 3609 3702 3681 ᾅδην
3726 3624 3743 3639 ⁸
3777 3612 3815 3681 ἡ

511 3702 833 3769 ruptionem
867 3714 881 3751 :
912 3706 966 3752 et
1019 3696 1203 3750 anima
1251 3704 1343 3748 tua
1392 3694 1458 3748 ad
1525 3692 1730 3748 inferos
1783 3693 2102 3748 descendet.

2225 3694 2419 3764 ιτακτὴ
2447 3693 2557 3766 γὰρ
2584 3695 2645 3748 τὸ
2684 3696 2852 3767 ὑγρὸν
2876 3696 2979 3767 τῆς
3008 3696 3262 3768 σμύρνης
3304 3698 3476 3762 ἐστὶν,
3524 3698 3646 3750 ὀσον
3701 3698 3817 3751 αὐ-

513 3792 739 3864 Myrrha
768 3791 968 3846 etenim
1002 3789 1193 3859 inungi
1251 3786 1501 3843 solebant
1542 3792 1891 3839 mortuorum
1925 3785 2103 3839 homi-

2225 3785 2307 3856 τῆς
2348 3786 2461 3858 (59)
2497 3786 2918 3859 άπολαϐόμενον
2951 3789 3325 3854 καταστάζει·
3384 3789 3535 3843 πάσα
3574 3788 3630 3842 δέ
3668 3806 3811 3841 στας

512 3900 649 3941 num
683 3898 939 3953 corpora,
965 3894 1024 3937 ut
1052 3882 1373 3950 incorrupta
1408 3887 1789 3935 servarentur.
1826 3877 1892 3933 Et
1924 3886 2099 3934 Stacte

2225 3876 2340 3946 τὼν,
2381 3879 2734 3951 κατωφερὴς,
2758 3881 2835 3944 ὡς
2873 3882 2901 3935 ό
2944 3882 3121 3951 μέγας
3140 3883 3454 3954 ἐξηγήσατο
3494 3882 3814 3945 Βασίλειος,

512 3978 715 4033 humor
748 3976 972 4048 quidam
1005 3982 1112 4038 est,
1148 3975 1245 4045 qui
1269 3988 1539 4029 emanans
1572 3988 1599 4026 a
1638 3972 1859 4042 myrrha
1889 3970 2097 4037 stillat;

2225 3972 2279 4025 Ἠ
2317 3971 2374 4024 δὲ
2409 3972 2637 4037 κασσία,
2700 3972 2965 4041 φλοιῶδες
3005 3973 3206 4045 ἄρωμα
3247 3975 3638 4027 εὐωδέστατον.
3701 3973 3815 4025 Ai—

500 4067 693 4123 omnis
747 4062 928 4121 autem
954 4064 1133 4129 stilla,
1188 4079 1285 4119 seu
1328 4071 1500 4133 gutta,
1534 4071 1595 4117 ut
1635 4061 1810 4132 inquit
1837 4060 2100 4125 Basilius,

2225 4063 2446 4115 ιίττεται
2477 4062 2533 4115 δέ
2573 4062 2661 4116 διὰ
2695 4062 2900 4132 ταύτης
2935 4063 3034 4131 τὴν
3074 4063 3305 4116 εὐωδίαν
3327 4063 3422 4116 τοῦ
3465 4062 3814 4115 Δεσποτικοῦ

507 4160 768 4213 deorsum
806 4157 1001 4223 fertur,
1048 4166 1103 4211 et
1159 4158 1227 4211 ad
1291 4156 1555 4211 inferiora
1612 4153 1905 4210 delabitur.
1962 4154 2099 4209 Dum

2225 4153 2495 4224 πώματοςο
2556 4153 2720 4222 φύσει
2769 4154 2878 4225 γὰρ
2926 4150 2995 4225 ἦν
3014 4154 3237 4223 εὑῶδες,
3287 4154 3376 4209 διὰ
3414 4155 3512 4226 τὴν
3551 4158 3813 4224 ἀναμαρ-

504 4250 680 4321 igitur
716 4250 998 4320 myrrham
1030 4256 1084 4304 et
1114 4255 1345 4303 stactem
1379 4254 1749 4318 proventuras
1780 4246 1914 4302 dicit
1947 4262 1975 4300 a
2002 4263 2096 4302 ve-
2202 4246 2424 4318 τησίαν.

498 4347 786 4404 γειίηιειιιίε
819 4343 1130 4399 divinitatis
1160 4340 1397 4405 Christi,
1440 4341 1493 4395 id
1527 4350 1633 4404 est,
1668 4355 1697 4393 a
1738 4355 1968 4411 corpore
2011 4348 2067 4394 et
2120 4340 2187 4394 ab
2228 4341 2409 4394 anima
2439 4340 2585 4410 ejus,
2653 4342 2785 4412 quid
2820 4340 2971 4395 aliud
3033 4357 3195 4412 quam
3246 4341 3497 4410 corporis
3565 4346 3807 4394 mortem

492 4440 721 4506 .ahsque
745 4435 1123 4502 corruptione,
1192 4438 1247 4484 et
1309 4430 1505 4483 anima:
1551 4429 1619 4483 ad
1700 4429 1910 4485 inferos
1961 4432 2290 4487 descensum
2362 4431 2685 4501 signiﬁcat?
2750 4431 2910 4487 Casia
2964 4434 3128 4487 etiam
3186 4443 3373 4489 cortex
3430 4437 3651 4505 quidam
3709 4452 3809 4499 est

506 4526 956 4587 odoratissimus.
980 4525 1081 4577 Per
1118 4522 1323 4576 casiam
1385 4522 1572 4589 igitur,
1643 4522 2034 4578 suavissimum
2097 4522 2370 4578 Dominici
2447 4525 2698 4593 corporis
2762 4525 2988 4580 odorem
3048 4527 3344 4597 signiﬁcat,
3398 4528 3545 4599 quod
3597 4537 3805 4587 natura

482 4623 626 4693 μίμεο
668 4617 858 4690 optimi
888 4624 1005 4669 erat
1040 4614 1250 4678 odoris,
1276 4628 1341 4667 eo
1360 4613 1504 4681 quod
1538 4612 1659 4667 sine
1689 4620 1915 4683 peccato
1944 4629 2161 4684 semper
2182 4615 2369 4669 fuerit.

576 4715 619 4765 Α
644 4709 887 4763 domibus
920 4705 1181 4759 eburneis.
1210 4703 1268 4756 In
1294 4702 1484 4757 Gl‘IBCO
1513 4717 1610 4771 pro
1630 4720 1662 4755 a
1688 4703 1925 4757 domibus
1962 4704 2097 4775 legi—

2288 4703 2435 4758 Ἀπὸ
2452 4703 2693 4771 ,ϐάρεων
2718 4705 3148 4774 ἐλεφαντίνων.
3208 4707 3409 4779 Βάρεις
3474 4709 3800 4771 ἐκαλοῦντο,

484 4818 656 4865 .mus,
691 4800 881 4871 βάρεις
912 4797 1022 4851 ἀπὸ
1046 4797 1290 4868 μβάρεών.
1318 4795 1583 4849 Dicuntur
1613 4805 1797 4851 autem
1818 4796 2018 4868 ,βάρεις
2040 4806 2094 4851 et

2225 4800 2249 4850 ιὶ
2289 4794 2431 4851 οἶκοι
2472 4800 2563 4850 καὶ
2604 4800 2654 4851 οι
2693 4802 2836 4854 ναοί.
2863 4800 2975 4870 Τὴν
3011 4800 3192 4872 ψυχὴν
3254 4802 3311 4855 δὲ
3348 4803 3446 4855 καὶ
3514 4802 3575 4855 τὸ
3626 4802 3803 4873 σῶμα

484 4894 705 4949 domus
770 4897 823 4945 et
872 4890 1097 4960 templa.
1134 4888 1236 4943 Per
1265 4887 1465 4943 domus
1493 4888 1684 4957 igitur,
1726 4903 1821 4942 seu
1857 4888 2084 4959 templa,

2225 4890 2354 4945 ;άλιν
2382 4890 2640 4958 ὀνομάζει
2700 4891 2890 4962 βάρεις
2914 4910 2929 4923 ·
2979 4893 3055 4957 ὼς
3086 4895 3196 4965 γάρ
3238 4896 3429 4963 ἱμάτια
3457 4895 3654 4962 ταῦτα,
3693 4898 3799 4950 οῦ-

494 4988 748 5042 .anitnam
799 4996 854 5039 et
900 4994 1250 5054 assumptum
1317 4983 1528 5039 Christi
1569 4997 1770 5052 corpus
1802 4981 2087 5052 intelligit,

2228 5002 2273 5036 ω
2316 4984 2410 5037 καὶ
2440 4978 2592 5046 οἶκος
2648 4985 2744 5037 καὶ
2796 4986 2924 5049 ναὸς
2969 4986 3070 5056 τῆς
3113 4988 3400 5058 θεότητος·
3463 4982 3578 5042 οἷον
3628 4987 3794 5043 ἔσται

505 5092 629 5145 quae
664 5085 717 5130 et
750 5074 1058 5129 divinitatis
1084 5072 1706 5142 vestimentasuperius
1764 5072 2087 5142 appellavit,

2225 5078 2270 5131 ;ἁ
2313 5078 2574 5148 ρηθέντα,
2614 5080 2726 5133 ἀπὸ
2771 5080 2882 5133 τῶν
2927 5081 3162 5150 ἱματίων
3212 5098 3328 5148 σου,
3368 5081 3515 5150 λέγω
3567 5083 3623 5136 δὲ
3679 5085 3795 5137 ἀπὸ

501 5180 559 5226 et
591 5186 742 5226 nunc
769 5168 1015 5239 ejusdem
1041 5168 1235 5224 domos
1274 5167 1514 5238 appellat
1554 5183 1650 5222 seu
1684 5168 1906 5237 templa.
1936 5165 2087 5221 Ordo

2235 5169 2410 5239 ἀρεων
2448 5185 2462 5199 ⁸
2492 5169 2550 5221 τὸ
2602 5169 3136 5238 δέῈλεεοαντίνων,
3188 5172 3311 5223 ἀντὶ
3356 5171 3447 5224 τοῦ
3472 5171 3789 5242 λαμπρῶνο

501 5273 684 5320 autem
743 5265 869 5319 talis
910 5264 1022 5319 sit:
1066 5260 1286 5333 Myrrha
1318 5270 1373 5316 et
1404 5269 1582 5317 stacte
1632 5269 1685 5315 et
1719 5261 1869 5315 casia
1900 5258 2083 5331 erunt]

2227 5264 2425 5333 αμπρὰ
2443 5263 2551 5335 γὰρ
2570 5263 2636 5316 τὰ
2648 5264 2998 5333 ἐλεφάντινα,
3013 5264 3102 5317 διὰ
3120 5264 3372 5333 τὴνᾰγαν
3393 5264 3787 5334 στιλπνότητά,

505 5372 536 5411 a
568 5356 916 5413 vestimentis
949 5356 1097 5422 tuis;
1128 5369 1156 5408 a
1181 5353 1312 5417 tuis,
1344 5353 1595 5423 inquam,
1622 5352 1880 5407 eburneis
1906 5352 2164 5409 domibus
2188 5370 2286 5417 seu
2323 5357 2562 5426 templis.
2595 5356 2868 5413 Eburneis
2898 5369 3082 5414 autem
3116 5357 3253 5412 dixit
3287 5371 3385 5427 pro
3450 5355 3785 5433 splendidis.

499 5448 805 5508 Candidum
843 5448 990 5503 enim
1022 5446 1160 5502 ebur
1191 5453 1274 5501 est
1303 5453 1358 5501 et
1397 5444 1759 5516 splendescit.

575 5626 622 5658 “
652 5626 795 5679 Psal.
829 5638 888 5687 ιι,
931 5624 987 5680 6.
1062 5622 1107 5655 ⁶⁹
1149 5621 1312 5680 Hebr.
1348 5639 1403 5691 χ,
1434 5623 1525 5680 20.

1839 5713 2041 5775 Variae
2095 5712 2429 5777 lectiones.

570 5810 682 5882 βε)
717 5810 820 5865 νισ,
859 5813 1217 5884 παχυμερῶς,
2261 5816 2371 5886 (59)
2406 5817 2489 5871 Al.
2516 5816 2966 5888 ἀποθλιϐόμενον.
