2060 3218
149 207 201 240 497

731 209 928 240 ΟΟΜΜΕΝΤ.
944 208 983 238 1N
1006 207 1186 237 PSALMOS.

1725 204 1779 237 498

177 264 241 296 ,Ἒε
275 260 321 291 ὧν
351 264 513 299 ηὔφρανάν
544 272 581 291 σε
604 264 764 300 θυγατέρες
786 265 942 298 βασιλέων

1031 262 1072 289 Ex
1083 262 1177 298 quibus
1191 261 1387 289 delectaverunt
1402 266 1426 289 te
1446 261 1511 296 ﬁlia:
1531 270 1622 297 regunt
1637 263 1664 289 in
1683 264 1785 290 honore

91 332 97 337 .
148 311 185 337 έν·
212 309 248 345 τῇ
279 310 351 344 τιμῇ
384 318 453 338 σου.
475 307 526 336 Ἦν
550 311 728 347 ἓνεκεν,ἧτοι
752 311 796 338 διὰ
823 311 872 346 τὴν
897 312 942 338 νέ-

151 365 257 393 κρωσιν
276 357 323 383 καὶ
345 357 515 392 ἀφθαρσίαν,
533 358 580 384 καὶ
595 358 636 389 είς
651 358 715 393 ᾅδου
743 358 866 389 κάθοδον,
880 359 882 362 ’
896 357 944 384 καὶ

150 405 202 430 ὅσα
215 403 281 438 περὶ
300 403 331 429 τδ
344 403 471 430 ἑκούσιον
491 403 563 439 ὑπὲρ
586 403 738 439 ἀνθρώπων
772 403 856 435 πάθος
884 412 942 436 σου,

149 448 297 483 ηὖφρανὰν
329 455 360 474 σε
380 448 409 474 αί
435 448 616 475 πιστεύσασαι
639 448 742 483 ψυχαί·
765 449 868 480 ταύτας
889 449 944 483 γὰρ

154 490 327 529 ὕποληπτέον
345 493 502 528 θυγατέρας
523 493 668 528 βασιλέων.
685 494 716 520 El
742 494 796 529 γὰρ
819 494 872 520 υἱοὶ
898 495 945 521 καὶ

153 539 375 574 συγκληρονὸμοι
392 539 444 574 τῆς
462 539 601 574 βασιλείας
621 540 646 566 οι
676 540 831 573 ἀπόστολοι,
865 539 944 575 δῆλον

151 586 189 617 fu,-
204 585 345 620 βασιλιῖς⁶
358 583 432 612 οὗτοι
443 585 472 612 δὲ
483 585 532 617 τὰς
558 585 648 621 ψυχὰς
668 587 722 613 τῶν
741 587 945 613 πιστευσάντων

152 631 197 658 διὰ
212 631 261 657 τοῦ
277 630 352 657 θείου
373 630 562 665 βαπτίσματος
577 631 739 667 ἐγέννησαν.
767 632 837 667 Φησὶ
862 631 914 667 γὰρ
932 626 949 658 ὂ

153 676 274 709 Παῦλος,
292 677 335 703 δτι
352 678 403 703 Διὰ
417 677 471 704 τοῦ
485 678 670 712 Edunt:le
684 678 742 712 ἐγὼ
758 678 837 713 ὑμᾶς
861 677 945 713 ἐγέν-

151 723 427 758 νησα,Ηῦςρραναν
451 722 480 749 δέ
493 731 522 749 σε
552 724 629 756 πῶς;
659 724 705 751 ‘Ev
737 723 776 759 τῷ
804 725 887 760 τιμᾷν
916 733 945 751 σε

150 768 288 802 ἁψευὸῶς.
312 769 394 796 Ἀλλὰ
406 769 494 796 ταῦτα
512 770 572 804 μὲν,
599 770 661 796 καθ’
684 770 856 806 ὑψηλοτέραν
885 772 946 797 ἐπι-

150 816 235 849 ϐολήν
248 823 255 830 ·
274 814 350 842 κατὰ
364 815 393 842 δὲ
404 815 434 841 τὺ
453 815 610 851 πρόχειρον,
627 816 728 850 ἑτέρως
739 816 773 843 τὰ
794 816 864 851 ῥητὰ
883 817 947 851 νοή-

151 869 220 892 σεις,
249 861 295 887 ὅτι
309 860 422 894 ποικίλη
437 861 543 896 ἀρετῶν
558 862 656 888 εὐωδία
672 862 791 888 ἀποπνεῖ
816 862 863 889 τοῦ
881 870 948 896 σκη-

151 906 283 940 νώματός
299 915 348 932 σου
361 914 368 921 °
396 907 443 933 καὶ
460 907 490 933 οὺ
505 907 584 934 τοῦτο
599 908 691 942 μόνον,
720 907 789 934 ἀλλὰ
816 908 863 934 καὶ
891 908 946 934 τῶν

151 953 221 979 κατὰ
238 952 343 983 τόπους
358 952 431 979 ναῶν
443 962 491 979 σου
505 954 559 980 τῶν
572 954 718 989 λαμπρῶν.
741 954 776 980 Ἦ
805 955 860 989 γὰρ
889 963 947 981 ποι-

153 999 226 1025 κῖλία
264 999 322 1025 τῶν
354 1000 541 1034 ἀρωματικῶν
569 1000 659 1034 εἱδῶν,
679 1000 728 1036 τὴν
749 1000 888 1028 ποικιλίαν
898 1000 948 1035 τῆς

154 1048 269 1080 (inuida;
280 1048 337 1073 τῶν
354 1048 460 1082 ἀρετῶν
479 1048 674 1084 ὑποσημαίνει,
692 1049 721 1082 ἐξ
747 1047 784 1076 ὧν
799 1050 871 1077 ναῶν
900 1049 951 1084 ηὗ-

156 1093 264 1127 φραναν
278 1102 306 1119 σε
325 1094 350 1119 οἱ
365 1093 477 1125 τούτους
490 1093 640 1129 φιλοτίμως
672 1095 704 1121 ὲκ
724 1095 843 1126 πίστεως
863 1095 949 1130 δαμά-

158 1146 245 1171 μῖνοι.
272 1139 309 1164 Τὸ
337 1139 376 1169 δὲ,
406 1139 583 1173 Ηῦφραναν,
609 1138 646 1171 ὡς
667 1139 717 1175 ἥδη
734 1141 846 1174 γεγονὸς
863 1140 949 1175 λέγει,

161 1185 237 1216 γάμῳ
253 1185 419 1218 προσητείας
435 1184 502 1219 (60),
517 1184 556 1216 ὡς
570 1185 679 1220 ποιήσει
697 1193 704 1201 ·
722 1185 753 1212 τὸ
766 1185 804 1217 δὲ,
820 1186 947 1221 Θυγατέ-

162 1240 217 1264 pra;
230 1231 379 1261 ,Βασιλέων
392 1231 427 1257 ἐν
443 1231 481 1264 τῇ
495 1231 566 1266 τιμῇ
592 1239 661 1264 σου,
692 1232 732 1259 ὅτι
762 1232 812 1259 οὐκ
843 1232 948 1259 ίδιῶται

164 1278 255 1311 μενον,
292 1277 356 1303 ἀλλὰ
385 1278 434 1304 καὶ
457 1276 578 1312 βασιλετς
607 1286 637 1304 σε
668 1278 816 1313 τιμήσουσι
834 1287 842 1295 ·
857 1279 949 1306 καὶτὸ

161 1322 389 1357 παραδοξότερον,
413 1324 441 1349 al
462 1322 572 1358 μυρίοις
602 1322 753 1359 ὀφθαλμοῖς
776 1323 950 1360 φυλασσόμε-

158 1377 214 1398 νχι,
228 1368 276 1394 καὶ
293 1369 322 1394 ὲν
348 1370 404 1400 τοῖς
423 1368 531 1401 ἀδύτοις
549 1368 605 1395 τῶν
623 1368 767 1404 βασιλείων
796 1369 949 1405 θαλαμευό-

160 1424 250 1448 pavet,
267 1415 420 1451 θυγατέρες
434 1414 579 1450 βασιλέων,
597 1415 634 1448 ὠς
654 1416 671 1451 ἡ
702 1416 845 1451 σοφωτάτη
867 1416 953 1443 Δίκα-

158 1461 264 1494 ττρίνα,
281 1461 327 1486 καὶ
345 1460 424 1487 ἄλλαι
440 1460 548 1489 πολλαί.

994 314 1052 336 tuo.
1069 309 1185 344 Propter
1198 316 1270 344 quae,
1289 308 1380 343 inquit
1393 308 1519 344 [propter
1543 312 1619 336 tuam
1645 309 1780 336 nimirum

994 359 1121 387 mortem,
1139 354 1375 389 incorruptionem
1395 358 1422 381 et
1435 354 1601 382 descensum
1620 354 1654 382 ad
1667 354 1782 388 inferos,

993 406 1021 429 et
1038 406 1148 436 propter
1164 408 1337 435 quacunque
1361 400 1414 427 alia
1440 408 1501 434 qua:
1530 401 1564 427 ad
1596 401 1787 428 voluntariam

995 455 1044 483 pro
1059 448 1217 475 hominibus
1231 447 1389 482 passionem
1405 451 1479 474 tuam
1492 447 1653 483 pertinent}.
1667 448 1785 475 creden-

995 499 1037 521 tes
1051 498 1078 521 et
1097 494 1189 521 ﬁdeles
1213 493 1311 520 animm
1339 493 1547 520 delectaverunt
1565 496 1602 521 te.
1628 493 1682 521 Eas
1708 494 1783 521 cuin

995 540 1175 576 intelligimus
1196 548 1291 576 regum
1315 540 1386 567 ﬁlias
1410 539 1555 575 appellari,
1581 540 1646 574 quia
1669 540 1692 568 si
1714 548 1783 575 apo-

996 586 1072 618 stoli,
1091 579 1138 613 lilii
1156 590 1239 620 atque
1254 585 1379 613 htnredes
1395 589 1461 613 sunt
1476 585 1598 613 cmleslis
1616 586 1706 620 regni,
1727 593 1785 612 ma-

996 632 1127 660 nifestum
1139 632 1282 665 estetiam,
1292 633 1365 667 quod
1374 631 1465 659 ell'ecti
1479 632 1536 658 sint
1550 639 1639 666 reges.
1654 631 1686 659 lli
1702 632 1785 666 igitur

996 678 1112 713 apostoli
1129 678 1300 706 credentium
1318 678 1425 706 animas
1444 686 1492 713 per
1505 685 1615 706 sacrum
1630 682 1791 712 genuerunt

996 724 1133 760 baptisma
1146 733 1154 752 :
1166 724 1219 751 Per
1232 724 1405 759 Euangelium
1418 724 1499 756 enim,
1522 724 1610 759 inquit
1624 724 1786 759 Apostolus,

996 779 1042 806 ego
1054 779 1098 798 vos
1105 771 1183 806 genui
1194 771 1227 797 '°.
1238 770 1292 798 Sed
1301 770 1441 805 quomodo
1449 770 1646 797 delectaverunt
1658 775 1682 797 te
1691 771 1704 796 ἶ)
1716 770 1795 796 Dum

998 816 1107 844 scilicet
1132 824 1187 843 non
1207 817 1270 843 licto
1297 817 1389 843 animo
1419 820 1445 843 te
1472 816 1576 842 cuiuut.
1607 815 1706 842 Verum
1725 806 1789 842 'ba'o

996 864 1072 898 juxta
1084 863 1210 890 altiorem
1228 870 1341 890 sensum
1356 863 1432 889 dicta
1445 867 1524 893 sunt,
1539 863 1585 888 sed
1604 861 1683 896 juxta
1702 860 1791 887 alium

998 917 1123 941 sensum,
1138 909 1184 944 qui
1200 908 1302 936 clarior
1314 908 1402 935 videri
1416 913 1520 942 potest,
1537 908 1591 939 dic,
1603 907 1676 942 quod
1695 907 1795 934 rarius.

998 964 1031 983 ac
1048 956 1192 990 multiplex
1208 955 1342 982 virtutum
1370 955 1439 982 odor
1467 954 1554 989 spirat
1586 954 1620 981 ab
1647 958 1788 987 asstunpta

999 1002 1102 1030 Christi
1119 1001 1290 1029 humanitate
1315 1010 1322 1028 :
1348 1009 1439 1036 neque
1461 1001 1495 1028 ab
1518 1008 1550 1028 ea
1574 1000 1678 1032 solum,
1701 1002 1750 1028 sed
1774 1009 1800 1027 at

1000 1047 1097 1075 mttltis
1131 1048 1214 1074 etiam
1240 1047 1383 1083 praeclaris
1409 1047 1519 1082 templis
1547 1051 1631 1080 atque
1657 1046 1794 1074 Ecclesiis

1000 1102 1062 1129 qua:
1077 1094 1104 1121 in
1119 1094 1248 1121 universo
1263 1093 1330 1122 orbe
1345 1094 1405 1121 sitae
1424 1099 1498 1121 sunt.
1513 1093 1653 1128 Multiplex
1672 1100 1795 1127 namque

1001 1139 1249 1168 odoramentorum
1276 1148 1374 1175 genus,
1396 1140 1577 1174 multiplicem
1595 1139 1679 1166 etiam
1701 1139 1789 1166 virtu—

1003 1190 1060 1213 tum
1075 1186 1188 1213 odorem
1206 1186 1345 1221 signiﬁcat
1359 1194 1366 1213 :
1383 1193 1417 1213 ex
1433 1185 1546 1221 quibus,
1561 1185 1661 1221 inquit.
1681 1186 1799 1219 templis

1004 1232 1211 1260 delectaverunt
1226 1237 1251 1260 te
1271 1232 1367 1260 ﬁdeles
1392 1232 1441 1264 illi,
1459 1232 1506 1267 qui
1523 1232 1632 1267 egregia
1649 1232 1678 1259 in
1700 1237 1725 1259 te
1739 1232 1794 1258 ﬁde

1003 1279 1089 1311 dueli,
1105 1286 1205 1314 magna
1221 1279 1266 1306 illa
1289 1279 1389 1314 templa
1404 1279 1452 1306 tibi
1470 1283 1698 1306 construxerunt.
1718 1278 1794 1305 Dele-

1003 1329 1143 1352 ctauerunt
1169 1330 1260 1353 autem
1283 1325 1363 1357 dixit,
1381 1329 1410 1352 ut
1426 1324 1482 1359 jam
1501 1325 1616 1356 factum,
1629 1330 1655 1351 et
1670 1325 1795 1359 praeteri-

1003 1375 1073 1401 tum.
1086 1370 1160 1406 quod
1177 1371 1299 1398 futurum
1312 1375 1372 1398 erat
1385 1379 1393 1397 :
1410 1370 1469 1405 lege
1482 1371 1614 1397 nimirqu
1629 1370 1793 1405 prophetiae;

1004 1417 1081 1445 Filiae
1095 1422 1226 1452 praeterea
1247 1425 1342 1452 regum
1358 1416 1385 1443 in
1412 1416 1519 1444 honore
1554 1421 1601 1443 tuo
1626 1416 1653 1443 id
1681 1416 1792 1448 facient,

1007 1462 1072 1497 quia
1089 1470 1144 1490 non
1170 1461 1269 1496 plebeii
1288 1469 1318 1488 ac
1336 1461 1483 1496 populares
1507 1466 1626 1493 tantum,
1644 1461 1691 1488 sed
1711 1468 1797 1495 reges

157 1506 242 1533 ctiam
262 1505 411 1534 Dominum
425 1506 588 1536 honoraturi
604 1512 692 1540 erant,
708 1512 735 1536 et
757 1508 841 1545 [quod
859 1509 943 1544 magis
963 1508 1156 1536 admirandum
1172 1508 1258 1535 videri
1271 1508 1389 1544 poterat]
1414 1508 1480 1543 ipsa:
1511 1508 1594 1535 etiam
1627 1515 1721 1542 regum
1759 1508 1791 1533 ti-

159 1551 212 1584 laa,
229 1559 293 1587 qua!
313 1552 468 1580 innumeris
484 1553 631 1581 custodum
645 1553 733 1581 oculis
753 1554 780 1581 in
794 1561 888 1589 regum
908 1553 1096 1589 penetralibus
1117 1553 1351 1581 observarentur:
1385 1554 1475 1587 qualis
1510 1552 1561 1579 fuit
1592 1552 1797 1587 sapientissima

160 1598 324 1631 Catherina,
339 1603 366 1626 et
380 1599 440 1626 alia:
452 1607 533 1635 quam
551 1600 685 1635 plurimae.

197 1658 339 1692 Παρέστη
354 1658 559 1691 ἠβασίλισσα
583 1659 618 1686 ἐκ
634 1659 744 1692 δεξιῶν
774 1667 844 1687 σου.
874 1659 953 1687 Βασί-

1045 1659 1129 1687 νειε.
1150 1658 1193 1686 10.
1209 1658 1302 1685 Αιιίιίι
1320 1657 1419 1693 Regina
1440 1666 1456 1684 a
1471 1657 1574 1684 dextris
1598 1657 1661 1683 tuis.
1681 1657 1734 1684 Per
1752 1665 1800 1685 re-

161 1703 261 1730 )usav
276 1702 395 1730 ἐνταῦθα
411 1703 486 1737 λέγει
510 1703 560 1739 τὴν
577 1704 739 1740 συναγωγὴν
766 1705 820 1732 τῶν
843 1705 955 1732 εὐσεϐε-

162 1749 272 1776 ητάτων
279 1749 464 1784 Χριστιανῶν,
478 1750 511 1785 ἢν
520 1750 533 1776 ὁ
543 1749 671 1785 βασιλεὺς
682 1750 801 1786 Χριστὸς
818 1751 957 1785 ὲνυμφεύ-

164 1804 231 1822 σιτο
246 1795 347 1830 ἑαυτῷ,
363 1795 408 1822 διὰ
425 1794 476 1829 τῆς
496 1795 536 1826 είς
558 1794 640 1822 αὐτὸν
664 1796 795 1828 πίστεως.
810 1796 957 1832 ζπρότερον

162 1842 222 1871 τοτς
249 1838 373 1870 είδὼλοις
399 1839 595 1874 κεκωλυμένην
612 1848 621 1856 ο
646 1840 706 1875 ἥτις
726 1840 887 1868 ὲσασίλευσε
908 1842 958 1878 μὲν

164 1885 219 1912 τῶν
230 1884 327 1911 παθῶν
340 1892 348 1900 ·
365 1884 575 1911 συνεϐασίλευσε
591 1885 618 1912 δὲ
642 1886 681 1921 τῷ
695 1886 804 1922 νυμφίῳ
820 1887 966 1922 βασιλείαν

163 1932 307 1967 οὐράνιον.
321 1931 376 1958 Καὶ
390 1931 405 1957 ὁ
422 1930 473 1966 μὲν
484 1931 602 1966 νυμφίος
618 1931 736 1967 κάθηται
759 1933 788 1960 ὲν
814 1932 890 1969 δεξιᾷ
910 1933 959 1960 τοῦ

165 1978 288 2014 Πατρδς,
301 1977 338 2009 ὡς
350 1977 495 2012 ὸμοούαιος
509 1978 557 2004 καὶ
573 1977 705 2013 ὁμότιμος
718 1986 725 1994 ·
738 1978 807 2014 αὕτη
830 1979 859 2005 δὲ
888 1988 960 2015 παρ-

165 2025 285 2058 έστηκεν
300 2024 332 2050 ἐκ
350 2023 446 2056 δεξιῶν
456 2023 503 2049 τοῦ
521 2023 651 2058 νυμφίου,
668 2024 744 2059 μετὰ·
764 2024 819 2051 τῶν
843 2025 961 2060 ἀσωμά-

164 2080 221 2098 των
235 2070 390 2105 δυνάμεων.
401 2070 431 2097 El
444 2070 499 2105 γὰρ
511 2070 558 2097 καὶ
569 2069 663 2105 νύμφη
675 2070 734 2097 ἐστὶ
744 2071 792 2097 καὶ
804 2069 961 2104 βασίλισσα,

166 2117 238 2146 ἀλλὰ
252 2116 369 2151 κτιστής
383 2117 443 2143 ἐστι
461 2115 579 2148 φύσεως,
595 2115 642 2142 καὶ
657 2116 804 2151 ὑπέρμεγα
820 2116 908 2152 ταύτῃ
930 2117 964 2144 τὸ

167 2161 215 2187 καὶ
232 2159 367 2195 τοιαύτης
381 2159 532 2195 ἀξιωθῆναι
549 2160 670 2192 στάσεώς
687 2169 717 2187 τε
748 2161 795 2188 καὶ
822 2162 965 2198 παραστά-

168 2214 250 2237 σεως.
271 2206 331 2232 Οὐκ
345 2205 454 2232 ἐναντία
465 2205 494 2232 δέ
513 2213 597 2240 φησιν
612 2206 626 2232 ὁ
640 2206 747 2239 Παῦλος
780 2206 868 2242 λέγων
900 2208 965 2242 περὶ

167 2250 215 2276 τοῦ
229 2249 314 2281 Θεοῦ,
330 2250 373 2276 ὅτι
385 2250 559 2284 Συνήγειρε,
575 2251 625 2277 καί
649 2251 857 2279 συνεκάθισεν
884 2252 966 2287 ἡμᾶς

167 2296 202 2322 ὲν
215 2296 281 2329 τοῖς
301 2295 454 2330 οὐρανοῖς,
466 2295 502 2322 ἐν
516 2296 632 2331 Χριστῷ
654 2297 768 2331 Ἰησοῦ.
780 2298 830 2324 Διὰ
843 2298 963 2333 Χριστοῦ

169 2342 234 2376 γὰρ,
261 2342 343 2376 φησὶ,
376 2340 423 2368 τοῦ
449 2342 553 2374 Κυρίου
581 2342 742 2374 καθίσαντος
767 2341 811 2370 οἷα
843 2343 964 2378 κεφαλῆς

170 2389 188 2420 ὴ
211 2387 261 2417 ὧν.
283 2386 461 2422 σδμμετέσχε
476 2387 527 2421 τῆς
538 2387 622 2422 τιμῆς
645 2388 693 2414 καὶ
714 2388 745 2414 τὸ
764 2387 857 2415 λοιπὸν
884 2387 966 2423 σῶμα

173 2433 224 2467 τῆς
242 2434 419 2468 Ἕκκλησίας.

1008 1705 1100 1740 ginam
1110 1705 1155 1733 hic
1167 1704 1402 1739 religiosissimam
1415 1704 1632 1731 Christianorum
1646 1703 1797 1731 Ecclesiam

1009 1751 1149 1785 intelligit,
1165 1758 1249 1785 quam
1266 1755 1348 1777 antea
1367 1749 1448 1777 idolis
1473 1757 1506 1776 ac
1534 1749 1695 1777 simulacris
1722 1750 1799 1777 addit

1008 1802 1092 1830 ctam,
1108 1796 1238 1824 Christus
1270 1796 1327 1823 [lex
1353 1795 1406 1823 sibi
1434 1795 1622 1830 desponsarit,
1641 1801 1752 1830 propter
1768 1796 1800 1822 il-

1009 1842 1063 1870 lam
1075 1842 1205 1869 nimirum
1221 1842 1300 1869 ﬁdem
1313 1849 1395 1876 quam
1412 1841 1440 1868 in
1455 1849 1517 1869 eum
1533 1841 1647 1873 habuit;
1664 1849 1724 1876 qua:
1738 1841 1801 1869 ideo

1011 1888 1106 1923 regina
1121 1895 1183 1916 esse
1205 1887 1320 1919 dicitur.
1347 1887 1413 1921 quia
1443 1887 1527 1913 animi
1543 1887 1802 1920 perturbationibus

1011 1934 1139 1969 imperat,
1152 1937 1181 1960 ut
1198 1933 1317 1964 domina,
1337 1938 1363 1960 et
1379 1932 1444 1967 quia
1459 1932 1542 1959 simul
1556 1940 1617 1959 cum
1634 1940 1734 1966 sponso
1750 1940 1804 1960 suo

1011 1978 1122 2005 Christo
1136 1982 1287 2013 conregnat
1301 1977 1327 2004 in
1343 1977 1449 2004 cmlesti
1463 1984 1557 2011 regno.
1571 1977 1603 2003 Et
1621 1978 1679 2011 ipse
1690 1977 1802 2011 quidem

1012 2023 1137 2058 Sponsus
1168 2022 1295 2049 considet
1321 2029 1336 2049 a
1354 2021 1457 2049 dextris
1486 2020 1583 2051 Patris,
1617 2025 1747 2056 tauquam
1777 2023 1802 2049 ei

1014 2068 1272 2100 consubstantialis,
1288 2072 1314 2095 et
1337 2067 1433 2095 eodem
1451 2067 1560 2094 honore
1583 2067 1726 2101 praeditus.
1742 2067 1805 2102 ipsa

1015 2118 1106 2140 autem
1123 2113 1216 2148 regina
1237 2112 1360 2139 Ecclesia
1395 2120 1449 2138 non
1477 2111 1614 2143 considet,
1634 2112 1682 2138 sed
1704 2117 1775 2139 astat
1788 2121 1813 2139 a-

1015 2160 1122 2187 dextris
1137 2159 1250 2193 Sponsi,
1266 2166 1319 2185 una
1338 2166 1400 2185 cum
1412 2157 1584 2191 incorporeis
1604 2157 1804 2191 potestatibus.

1015 2207 1084 2233 Nam
1116 2205 1168 2233 etsi
1194 2213 1296 2240 sponsa
1322 2205 1358 2232 sit
1381 2208 1408 2232 et
1432 2204 1537 2239 regina,
1567 2208 1688 2231 attamen
1714 2209 1805 2231 creata

1017 2253 1140 2288 quaedam
1159 2257 1260 2279 natura
1276 2259 1341 2279 cum
1361 2251 1409 2284 sit,
1424 2250 1557 2278 eximium
1584 2250 1608 2277 ei
1636 2250 1697 2280 fuit.
1726 2251 1805 2285 quod

1017 2302 1074 2325 tam
1089 2298 1255 2324 honoratum
1271 2296 1409 2326 ordinem,
1425 2299 1453 2322 et
1466 2299 1566 2321 statum
1581 2294 1649 2321 adeo
1659 2294 1806 2321 sublimem

1021 2343 1057 2371 sit
1071 2348 1233 2370 consecuta.
1247 2342 1303 2370 Nec
1329 2345 1486 2376 repugnant
1518 2349 1579 2376 qua;-
1603 2341 1721 2375 legimus
1735 2339 1808 2374 apud

1021 2389 1148 2421 Paulum,
1160 2390 1232 2423 quod
1247 2388 1388 2415 Considera
1404 2396 1450 2415 nos
1466 2388 1556 2421 fecerit
1572 2387 1639 2414 Deus
1653 2387 1680 2413 in
1696 2386 1809 2413 celesti-

1019 2435 1064 2461 bus
1082 2435 1109 2461 in
1126 2434 1233 2462 Christo
1248 2434 1312 2461 Iesu
1328 2434 1361 2460 ⁸¹.
1386 2434 1440 2462 Per
1455 2433 1596 2460 Christum
1626 2433 1699 2460 cuitu
1716 2432 1742 2459 id
1760 2432 1809 2458 ad-

177 2481 318 2516 impletum
333 2487 386 2514 est,
404 2482 516 2510 Christo
529 2483 635 2511 scilicet
652 2482 709 2510 illic
723 2483 895 2515 considente,
910 2483 956 2518 qui
978 2488 1104 2510 nostrum
1124 2487 1206 2517 caput
1218 2487 1270 2515 cst,
1282 2488 1308 2510 et
1340 2482 1473 2509 honorem
1509 2481 1585 2508 illutn
1618 2479 1697 2507 nobis
1718 2478 1809 2505 omni-

175 2529 237 2559 bus,
251 2527 300 2556 hoc
318 2533 361 2556 est
386 2528 492 2564 reliquo
510 2529 639 2557 Ecclesiae
659 2530 768 2563 corpori
783 2536 959 2556 communem
980 2537 1041 2557 esse
1052 2529 1152 2557 etfacit.

214 2587 266 2614 ἐν
295 2586 445 2622 ἔματισμῷ
463 2587 616 2622 διαχρύσῳ
641 2586 890 2621 περιϐεϐλημένη,
914 2595 966 2613 πε-

174 2633 369 2668 ποικιλμένη.
403 2633 628 2669 Περιὸεὸλημένη
670 2632 739 2668 μὲν,
769 2632 798 2658 ὲν
828 2633 969 2668 ἱματισμῷ

175 2679 309 2715 λαμπρῷ,
347 2680 408 2715 ἦτοι
438 2681 471 2715 τῇ
498 2680 591 2716 χάριτι
609 2679 658 2705 τοῦ
680 2679 753 2705 θείου
768 2679 968 2717 βαπτίσματοςρ

172 2725 235 2760 tif}
253 2726 389 2762 πριὸολῇ
408 2727 456 2752 τοῦ
467 2726 546 2760 ἁγίου
565 2725 727 2760 Πνεὺματος
741 2732 749 2741 ο
770 2724 969 2760 πεποικιλμένη

209 2818 253 2845 5'l
270 2818 337 2847 Cur.
350 2826 388 2850 tv,
403 2818 447 2845 15.
477 2817 498 2834 ⁸¹
514 2815 614 2851 Ephcs.
631 2815 696 2848 ",6.

1060 2587 1092 2614 In
1118 2588 1212 2614 uestitu
1226 2586 1357 2613 deaurato
1376 2585 1576 2613 circumamicta
1595 2583 1733 2610 varietate.
1751 2582 1811 2608 Cir-

1024 2634 1190 2660 cumamicta
1208 2632 1319 2667 quidem
1336 2632 1438 2659 vestitu
1458 2629 1613 2666 splendido,
1626 2627 1652 2654 id
1667 2631 1719 2659 est,
1735 2626 1812 2653 sacri.

1025 2679 1201 2714 baptismatis
1228 2679 1334 2715 gratia;
1365 2678 1407 2705 vel
1426 2677 1529 2704 amictu
1563 2678 1590 2702 et
1616 2677 1693 2700 veste
1719 2671 1812 2699 sancti

1027 2713 1159 2760 Spiritus,
1177 2729 1203 2752 ct
1225 2713 1328 2752 {irtute
1359 2725 1538 2751 honestarum
1563 2718 1708 2747 virtutum.
1735 2716 1812 2744 Anii.
1859 2713 1869 2721 '

848 2873 947 2904 Varia:
969 2872 1133 2905 lectiones.

216 2940 271 2975 (60)
288 2941 330 2969 Al.
348 2941 385 2972 ὡς
397 2940 508 2974 ποιήσει
525 2938 572 2965 καὶ
590 2936 777 2972 παρακατιὼν.
