4120 6424
523 366 632 428 409

1771 355 2158 419 EUTHYMIl
2193 356 2557 424 ZlGABENI

3677 359 3781 424 500

523 490 673 535 etum
715 479 861 536 enim
893 485 948 534 et
981 476 1304 534 varietatem
1343 472 1770 527 intellectualem
1828 468 2100 540 intelligit,

2226 469 2290 540 ῖὲ,
2323 479 2388 548 τῇ
2421 478 2665 548 ποικιλίᾳ
2697 477 2805 532 τῶν
2854 477 3148 548 εὐπρεπῶν
3175 475 3409 546 ἀρετῶν.
3438 473 3653 546 Νοητὴν
3680 477 3787 544 γὰρ

525 570 987 643 quemadmodum
1018 568 1072 622 in
1107 577 1404 638 progressu
1437 561 1787 617 manifestius
1815 560 1998 616 docet.

602 749 766 804 Vrsas.
808 749 892 803 ll.
954 746 1116 810 Audi,
1143 745 1281 815 filia,
1320 752 1370 798 et
1406 742 1541 807 vide,
1570 751 1617 796 et
1672 741 1874 796 inclina
1926 758 2110 796 aurem

533 853 699 896 ruant.
757 839 894 894 Vide
950 852 1062 907 quo
1121 846 1284 906 pacto
1340 835 1588 904 reginam
1629 834 1772 887 hanc
1809 831 2112 886 Ecclesium

531 933 806 1004 Propheta
828 931 1047 986 Christo
1082 928 1440 1000 despondeat.
1468 926 1660 980 Filiam
1693 934 1872 979 autem
1905 922 2112 976 Christi

532 1025 780 1082 eamdem
812 1021 1132 1094 appellavit,
1172 1035 1338 1090 quam
1359 1035 1615 1088 sponsam
1645 1019 1790 1072 fecit.
1832 1014 1978 1070 inter
2011 1014 2114 1068 ho-

535 1118 714 1172 mines
750 1115 896 1172 enim
937 1112 1278 1184 impossibile
1309 1119 1396 1166 est
1443 1110 1690 1165 eamdem
1742 1117 1796 1163 et
1851 1117 2110 1176 sponsam

535 1206 782 1276 ejusdem
814 1203 917 1258 viri
950 1216 1072 1257 esse
1092 1210 1145 1257 et
1171 1201 1360 1264 tiliam,
1398 1197 1492 1254 sed
1515 1199 1570 1251 in
1609 1197 1832 1250 Christo
1856 1191 2114 1263 possibile

535 1305 641 1353 est.
675 1292 954 1364 Spirituali
980 1292 1125 1348 enim
1157 1291 1316 1346 modo
1348 1289 1463 1344 hmc
1517 1290 1692 1351 ﬁunt;
1737 1286 1939 1356 quippe
1989 1297 2113 1338 cum

540 1403 636 1458 per
675 1385 1028 1456 Evangelium
1067 1385 1120 1438 in
1153 1398 1411 1453 sponsam
1453 1397 1554 1436 nos
1583 1381 1682 1435 sibi
1729 1381 1929 1446 deligat
1959 1376 2120 1432 Chri-

539 1491 678 1540 stus,
711 1486 765 1534 et
801 1493 898 1550 per
942 1476 1201 1547 baptismi
1255 1474 1736 1546 regenerationem
1768 1472 1990 1526 eosdem
2023 1470 2118 1522 ad-

539 1580 692 1641 optet
716 1571 769 1625 in
797 1570 961 1626 ﬁlios.
999 1568 1139 1624 Audi
1196 1568 1385 1639 igitur,
1422 1565 1605 1635 inquit
1650 1563 1945 1634 Propheta,
1997 1576 2119 1632 quae

538 1664 683 1726 ilico,
717 1670 772 1718 et
804 1664 927 1717 vide
963 1679 977 1717 :
1011 1659 1195 1715 omnia
1226 1660 1315 1714 illa
1353 1658 1635 1722 nimirum,
1671 1672 1791 1726 qute
1820 1662 2042 1725 prepter
2068 1662 2120 1708 te

539 1771 737 1826 passus
790 1767 877 1812 est
914 1754 1184 1825 Sponsus,
1241 1763 1335 1808 aut
1381 1767 1723 1823 quatcunque
1756 1749 1886 1804 fecit
1945 1747 2118 1802 admi-

540 1850 731 1912 randa,
766 1858 820 1902 et
853 1847 1055 1902 inclina
1080 1859 1270 1901 aurem
1299 1855 1446 1898 tuam
1477 1843 1624 1897 illius
1655 1840 1968 1911 praeceptis.

608 1937 677 1994 Et
718 1939 1024 1994 obliviscere
1053 1939 1308 2008 populum
1345 1934 1516 1990 tuum.
1548 1933 1739 1989 Gentis
1772 1941 1898 1998 tute,
1938 1944 2116 2001 pravae

537 2033 799 2088 nimirum
833 2030 1265 2088 conversationis
1298 2028 1514 2083 illorum
1550 2036 1604 2083 et
1635 2026 1832 2096 prioris
1860 2025 2007 2078 vitae.

614 2209 684 2264 Et
704 2211 918 2265 domum
958 2209 1130 2279 patris
1163 2210 1261 2264 tui.
1300 2210 1365 2264 Et
1398 2209 1660 2276 templum
1693 2206 1894 2260 diaboli
1947 2203 2119 2273 patris

540 2302 621 2357 tui
657 2319 670 2356 :
701 2300 888 2356 Omnis
912 2301 1080 2365 enim,
1124 2301 1324 2370 inquit,
1355 2301 1445 2370 qui
1477 2301 1599 2370 fecit
1619 2309 1912 2369 peccatum,
1943 2313 1972 2351 e
1995 2295 2118 2348 dia-

543 2392 666 2448 bolo
687 2393 933 2448 nascitur
953 2395 1017 2448 ".
1051 2391 1398 2448 Obliviscere
1433 2391 1600 2447 etiam
1635 2389 2000 2445 scelestorum
2031 2400 2119 2442 sa-

541 2486 876 2541 criﬁciorum
939 2501 1004 2541 ac
1057 2485 1422 2541 festivitatum
1483 2484 1700 2537 illarum
1763 2495 1900 2551 quas
1956 2478 2120 2546 impie

542 2576 675 2630 olim
728 2575 1047 2646 pz-ragebas.
1085 2575 1180 2631 Vel
1217 2574 1441 2628 domum
1471 2573 1638 2641 patris
1697 2567 1953 2624 fortassis
1998 2565 2120 2620 ideo

544 2667 700 2732 dicit,
731 2667 858 2737 quia
901 2667 1129 2738 gentiles
1151 2667 1280 2722 olim
1311 2666 1364 2719 in
1394 2672 1649 2732 parentes
1687 2677 1753 2717 ac
1801 2659 2118 2733 progenito-

546 2773 636 2815 res
665 2758 770 2814 sibi
809 2758 1160 2814 aseribebant
1195 2758 1471 2812 fabulosos
1512 2757 1634 2810 illos
1671 2754 1823 2809 deos.
1853 2751 1994 2820 Quid
2023 2751 2120 2817 igi-

549 2863 638 2905 tur
666 2850 734 2906 ad
763 2851 879 2905 haec
915 2851 1098 2905 dicent
1129 2849 1344 2904 Judaei?
1378 2850 1602 2903 Certum
1633 2846 1776 2899 enim
1812 2852 1918 2908 est,
1971 2841 2118 2912 quod

543 2941 614 2996 de
639 2956 830 2996 eorum
868 2940 1156 3010 Synagoga
1216 2955 1326 2995 non
1366 2939 1612 3009 loquitur
1667 2936 1960 3006 Propheta,
1994 2948 2120 2990 eum

546 3034 664 3102 lege
689 3039 911 3086 cautum
938 3043 1104 3098 esset,
1135 3040 1194 3086 ut
1230 3046 1257 3085 a
1294 3031 1490 3102 patriis
1523 3031 1772 3086 moribus
1824 3044 1934 3084 non
1965 3042 2118 3082 rece-

551 3126 767 3181 tierent.

619 3217 784 3274 Vens.
815 3219 902 3273 l2.
945 3217 1012 3271 Et
1046 3219 1373 3288 concupiscet
1427 3216 1532 3270 Rea:
1572 3217 1808 3271 decorem
1845 3225 2020 3268 tuum.
2059 3212 2125 3265 Et

545 3310 737 3380 diliget
767 3318 840 3376 te,
875 3310 1074 3380 inquit,
1109 3311 1154 3364 si
1186 3309 1386 3364 feceris
1420 3324 1542 3379 qua:
1565 3309 1702 3364 dixi.
1742 3309 1843 3362 Per
1868 3309 2123 3362 decorem

548 3417 702 3467 vero,
757 3412 817 3456 ut
863 3400 1128 3469 diximus,
1181 3403 1378 3457 animae
1432 3400 1904 3472 pulchritudinem
1961 3398 2128 3454 intel-

549 3492 682 3562 ligit.

620 3579 888 3645 Quoniam
918 3581 1041 3648 ipset
1085 3589 1160 3634 est
1221 3579 1477 3633 Dominus
1533 3580 1672 3634 Deus
1739 3589 1882 3643 tuus,
1913 3589 1963 3635 et
1992 3577 2126 3634 adeo

551 3669 697 3722 rubis
736 3685 876 3722 eum.
913 3670 1257 3738 Desponsare
1283 3670 1386 3735 illi,
1417 3669 1623 3739 inquit,
1670 3680 1723 3724 et
1760 3669 2028 3738 adoptare
2056 3670 2126 3724 ab

550 3775 637 3815 eo.
676 3759 941 3817 Dominus
971 3761 1116 3816 enim
1151 3769 1279 3818 tuus
1330 3771 1435 3824 est,
1463 3762 1632 3816 veluti
1671 3771 1902 3817 creator.
1937 3759 1984 3815 Ο
2021 3759 2126 3814 im-

554 3864 801 3904 mensam
833 3849 1271 3904 misericordiam
1305 3858 1361 3904 et
1385 3849 1784 3919 benignitatem
1822 3847 1952 3903 Dei!
1984 3846 2129 3901 Ado-

552 3942 702 3996 rabis
735 3957 882 4006 eum,
909 3941 1108 4012 inquit,
1143 3950 1200 3997 ut
1255 3957 1437 4006 serva,
1492 3943 1704 3998 tametsi
1768 3941 1858 3997 ille
1919 3950 1971 3997 te
2020 3939 2128 3996 sibi

556 4045 814 4101 sponsam
848 4031 1041 4086 fecerit
1072 4041 1126 4086 et
1162 4031 1349 4085 ﬁliam.

625 4118 796 4178 Vsus.
824 4121 908 4177 l5.
947 4120 1010 4174 Et
1032 4121 1149 4190 ﬁlia
1171 4120 1297 4192 Tyri
1326 4123 1381 4175 in
1400 4122 1724 4177 muneribus.
1744 4121 1892 4177 ldola
1911 4122 2128 4179 colebat

557 4212 732 4284 Tyrus
764 4221 818 4268 et
841 4214 1165 4284 itnpiissima
1196 4214 1340 4269 inter
1371 4229 1564 4269 omnes
1593 4215 1730 4269 alias
1761 4224 1879 4269 erat
1906 4214 2123 4270 civitas.

553 4303 808 4359 Praedicit
842 4305 1014 4375 igitur
1061 4306 1237 4376 ipsam
1272 4306 1436 4360 etiam
1469 4305 1672 4376 Tyrum
1726 4305 1948 4361 Christo
1983 4306 2125 4360 dona

553 4395 840 4449 allaturum
875 4411 1035 4462 esse;
1071 4397 1402 4466 templorum
1437 4396 1701 4450 nimirum
1754 4399 2128 4453 constructio-

557 4503 678 4553 nes,
711 4487 1019 4541 oblationes
1084 4496 1138 4542 et
1181 4487 1392 4557 reliqua
1451 4504 1574 4559 quae
1620 4489 1688 4542 ad
1718 4489 1965 4544 divinum
2003 4505 2130 4559 per-

555 4580 732 4633 tinent
759 4579 989 4634 eultum.
1019 4577 1158 4647 Erit,
1189 4579 1391 4647 inquit,
1425 4581 1478 4636 in
1503 4581 1666 4637 donis
1698 4581 1806 4636 lilia
1841 4583 1992 4652 Tyri,
2028 4583 2132 4637 hnc

557 4677 662 4734 est,
690 4669 809 4741 ipsa
840 4668 1041 4740 Tyrus.
1067 4670 1163 4725 Est
1190 4671 1337 4726 enim
1369 4671 1569 4728 idioma
1605 4673 1954 4738 llebraieum,
1977 4675 2134 4745 juxta

556 4763 707 4832 quod
743 4772 798 4818 et
829 4763 995 4817 tiliam
1037 4762 1335 4835 Babylonis
1387 4765 1497 4819 diei
1553 4766 1806 4836 legimus,
1868 4775 1925 4821 et
1963 4767 2129 4821 tiliam

559 4853 714 4920 Sion,
754 4861 802 4909 et
840 4853 944 4908 alia
977 4854 1294 4924 hujusmodi
1320 4856 1514 4911 multa.
1547 4855 1741 4912 Filiam
1769 4865 1953 4912 autem
1991 4857 2128 4913 civi-

554 4951 718 4998 tatem
747 4944 1006 5015 appellat,
1035 4946 1103 5000 ad
1125 4945 1292 5002 totius
1312 4947 1609 5017 provincia:
1630 4947 2124 5016 comparationem,

557 5035 716 5104 cujus
740 5037 859 5107 ipsa
893 5035 1074 5108 Tyrus
1097 5044 1183 5093 est
1215 5053 1365 5109 pars.
1404 5037 1656 5094 Similem
1694 5039 1953 5109 loquendi
2008 5054 2128 5095 mo-

558 5129 688 5181 dum
744 5128 988 5183 invenies
1039 5128 1096 5183 in
1142 5129 1247 5184 line
1303 5130 1496 5200 psalmi
1543 5147 1690 5184 usu
1745 5131 1893 5204 [ibiz
1934 5131 1998 5186 Ut
2026 5148 2127 5184 an-

561 5219 796 5273 utmticm
861 5233 1040 5274 omnes
1095 5219 1433 5275 laudationes
1493 5232 1612 5276 luas
1669 5222 1723 5276 in
1783 5222 1950 5292 portis
1998 5221 2127 5290 ﬁlia:

557 5309 732 5384 Sion.]

631 5405 841 5460 Vultum
870 5414 1018 5459 tuum
1053 5404 1468 5472 deprecabuntur
1501 5423 1678 5462 omnes
1709 5407 1894 5463 diuites
1921 5408 2122 5478 populi.

625 5591 673 5624 ⁸³
723 5589 881 5646 Joan.
914 5610 1036 5659 vui,
1067 5594 1162 5648 54.

2147 3099 2196 3160 C

2211 569 2364 639 λέγει
2403 570 2697 642 περιϐολὴν
2730 571 2822 624 καὶ
2859 567 3152 634 ποικιλίαν,
3185 569 3260 631 ὡς
3320 567 3529 637 προῖὼν
3587 567 3788 633 διδάξει
3901 610 3921 623 .

2214 659 2612 732 φανερώτερον.

2288 753 2614 817 Ἀκουσον,
2661 755 3098 822 miratam-xci
3152 753 3262 817 ἴδε,
3319 751 3417 808 καὶ
3463 749 3678 806 κλῖνον
3721 748 3789 803 τὸ

2213 833 2325 904 οὖς
2376 855 2517 894 σου.
2585 842 2725 912 ’Ὀρα
2773 842 2889 904 πῶς
2953 840 3430 912 προμνηστεύεται
3486 837 3691 908 ταύτην
3711 836 3793 906 τῷ

2216 933 2460 1003 Χριστῷ.
2488 933 2778 1002 Θυγατέρα
2805 935 2864 990 δὲ
2895 933 2990 988 τοῦ
3035 934 3274 1004 Χριστοῦ
3317 932 3419 1004 τὴν
3462 932 3635 999 αὐτὴν
3688 934 3796 984 πά-

2216 1025 2300 1077 λιν
2335 1024 2614 1095 ὀνόμαζει.
2656 1026 2779 1080 Ἐπὶ
2805 1028 2903 1096 μὲν
2931 1025 3039 1080 τῶν
3063 1025 3389 1094 ἀνθρώπων,
3446 1023 3548 1076 οὐκ
3607 1022 3787 1075 ἔνεστι

2216 1120 2316 1190 τὴν
2351 1120 2524 1192 αὐτὴν
2557 1117 2699 1175 εἶναι
2728 1122 2823 1175 καὶ
2857 1120 3077 1191 νύμφην
3107 1120 3205 1173 καὶ
3241 1119 3520 1187 θυγατέρα
3567 1118 3662 1171 τοῦ
3692 1117 3796 1170 αὐ-

2217 1213 2346 1268 τοῦ·
2387 1215 2479 1268 ἐπὶ
2516 1214 2574 1267 δὲ
2593 1212 2688 1266 τοῦ
2724 1212 2987 1284 Χριστοῦ,
3021 1213 3119 1264 καὶ
3167 1211 3482 1280 ἀμφότερα,
3538 1225 3792 1278 πνευμα-

2219 1306 2348 1360 τικὰ
2371 1307 2481 1377 γάρ
2506 1321 2518 1334 ·
2553 1307 2648 1360 καὶ
2687 1303 3069 1375 ὲνυμφεύσατο
3104 1303 3204 1371 μὲν
3234 1301 3426 1371 αὐτὴν,
3446 1299 3534 1354 διὰ
3555 1299 3650 1352 τοῦ
3684 1298 3790 1352 E6-

2220 1399 2476 1466 αγγελίου
2511 1415 2523 1429 ·
2557 1396 2914 1466 ἀνεγέννησεν
2951 1395 3030 1462 δὲ,
3080 1395 3169 1449 διὰ
3229 1393 3325 1446 τοῦ
3389 1392 3795 1463 βαπτίσματος.

2224 1493 2514 1555 Ἄκουσον,
2549 1489 2736 1559 φησιν,
2767 1486 2803 1541 ὃ.
2831 1485 2997 1553 λέγω,
3031 1485 3127 1538 καὶ
3154 1483 3231 1536 ίδε
3269 1483 3369 1536 ὅσα
3395 1480 3482 1534 διὰ
3513 1479 3573 1532 σὲ
3595 1479 3798 1533 πέπονι-

2223 1585 2315 1640 θεν
2353 1587 2380 1639 ὁ
2419 1584 2650 1655 νυμφίος
2684 1601 2699 1615 ο
2745 1582 2903 1652 ἧὸσα
2937 1579 3206 1650 πεποίηκε
3237 1575 3492 1644 θαύματα
3519 1591 3533 1605 ·
3563 1573 3660 1626 καὶ
3678 1570 3803 1624 1).!-

2223 1695 2312 1732 νον
2334 1678 2396 1733 τὸ
2425 1677 2519 1741 οῦς
2550 1694 2668 1731 σου.
2691 1674 2892 1736 ὑπόθες
2922 1671 3054 1726 αὐτὸ
3075 1671 3195 1734 ταῖς
3229 1666 3473 1729 ἐντολαῖς
3498 1663 3690 1720 αὐτοῦ.

2291 1939 2399 1995 Kal
2430 1937 2719 1991 ἐπιλάθου
2751 1934 2858 1989 τοῦ
2895 1932 3050 1987 λαοῦ
3097 1943 3235 1984 σου.
3279 1924 3386 1980 Τοῦ
3435 1924 3622 1985 ἔθνους
3683 1938 3808 1985 σου,

2220 2029 2489 2094 τουτέστι,
2542 2028 2641 2098 τῆς
2693 2027 2938 2097 πονηρᾶς
2987 2020 3167 2077 αὐτῶν
3227 2015 3528 2079 πολιτείας,
3575 2012 3810 2081 καὶτῆς

2221 2124 2498 2196 προτέρας
2525 2120 2825 2190 διαγωγῆς.

2295 2193 2411 2270 Καί
2442 2214 2550 2268 τοῦ
2580 2213 2750 2266 οἴκου
2777 2209 2882 2264 τοῦ
2916 2207 3142 2276 πατρός
3181 2221 3322 2258 σου.
3357 2201 3468 2254 Καὶ
3522 2197 3617 2250 τοῦ
3668 2193 3803 2248 ναοῦ

2223 2310 2318 2366 τοῦ
2356 2309 2625 2370 διαϐόλου,
2668 2307 2762 2362 τοῦ
2789 2307 2991 2377 πατρός
3023 2320 3139 2357 σου.
3189 2300 3313 2367 Πᾶς
3342 2300 3473 2369 γὰρ,
3524 2297 3736 2366 φησὶν,,
3773 2297 3808 2348 δ

2221 2401 2410 2457 ποιῶν
2435 2401 2552 2469 τὴν
2579 2401 2890 2468 ἁμαρτίαν,
2917 2398 2985 2450 ἐκ
3012 2396 3120 2450 τοῦ
3151 2393 3435 2448 διαϐόλου
3464 2387 3801 2458 γεγένηται.

2236 2493 2530 2549 Ἐπιλάοου
2563 2493 2658 2546 καὶ
2693 2489 2800 2544 τῶν
2831 2489 3044 2560 μιαρῶν
3075 2486 3298 2548 θυσιῶν,
3331 2483 3427 2538 καὶ
3457 2481 3565 2534 τῶν
3591 2479 3803 2547 ἐναγῶν

2223 2587 2450 2641 ἐκείνων
2477 2585 2729 2642 τελετῶν.
2780 2583 2888 2637 Καὶ
2918 2582 3096 2644 ἄλλως
3126 2579 3234 2650 γὰρ
3261 2577 3332 2630 τὰ
3369 2574 3502 2643 ἔθνη
3553 2573 3798 2639 πατέρας

2224 2679 2433 2734 ἑαυτῶν
2455 2677 2767 2747 ἐπέγραφον
2791 2676 2917 2738 τοὺς
2952 2671 3355 2744 μυθευομένως
3378 2665 3558 2726 θεούςι
3578 2662 3638 2717 Ti
3660 2663 3701 2715 δ’
3728 2661 3795 2715 ἂν

2223 2773 2432 2826 είποιεν
2471 2771 2717 2823 Ἰουδαῖοι
2769 2769 2903 2840 πρὸς
2929 2766 3101 2820 ταῦτα
3123 2782 3137 2829 ;
3164 2761 3451 2831 Προδήλως
3477 2758 3605 2828 γὰρ,
3624 2755 3684 2807 οὐ
3700 2751 3800 2822 τὴν

2224 2862 2404 2917 αὐτῶν
2440 2861 2588 2929 λέγει
2617 2857 2965 2928 συναγωγὴν,
2991 2851 3073 2919 οἷς
3114 2853 3351 2926 μάλιστα
3372 2850 3533 2921 νόμος
3569 2845 3645 2917 μὴ
3675 2843 3804 2914 ἀφί-

2227 2953 2456 3006 στασθαι
2485 2952 2594 3005 τῶν
2624 2951 2890 3021 πατρίων.

2313 3214 2700 3283 Ἐπιθυμήσει
2750 3217 2782 3267 ό
2836 3213 3139 3278 ,βασιλεὺς
3194 3211 3301 3264 τοῦ
3359 3208 3630 3271 κάλλους
3662 3217 3809 3257 σου.

2230 3305 2342 3360 Καὶ
2369 3307 2651 3376 ἀγαπήσει
2676 3319 2757 3370 σε,
2786 3305 2836 3356 εἰ
2873 3305 3126 3373 ποιήσεις
3169 3302 3204 3356 θ.
3239 3297 3416 3376 εἷπον.
3485 3297 3699 3358 Κὰλλος
3748 3294 3813 3347 δὲ

2230 3399 2454 3468 ταύτης,
2485 3399 2753 3469 ήψυχικὴ
2784 3396 3078 3467 ὡραιότης,
3110 3393 3184 3457 ὡς
3209 3393 3450 3464 εἴρηται.

2307 3573 2438 3627 Ὀτι
2457 3571 2633 3636 αὐτό(
2675 3571 2846 3625 ἐστιν
2882 3571 2914 3622 ὁ
2950 3569 3170 3635 Κύριός
3209 3581 3346 3632 σου,
3393 3565 3489 3619 καὶ
3535 3577 3812 3629 προσκυ-

2230 3665 2446 3732 νήσεις
2472 3663 2654 3727 αὐτῷ.
2687 3659 3049 3731 Νυμφεύθητι
3077 3657 3246 3728 αὐτῷ,
3291 3657 3387 3710 καὶ
3434 3652 3811 3723 υίοποιήθητι.

2240 3760 2306 3812 '0
2358 3757 2636 3827 Δεσπότης
2679 3755 2775 3810 σού
2821 3755 2991 3817 ἐστιν,
3041 3751 3117 3815 ὡς
3179 3751 3534 3821 δημιουργός.
3581 3749 3646 3800 Ὢ
3704 3747 3820 3814 τῆς

2231 3851 2461 3921 ἀπείρου
2517 3847 2981 3918 συγκαταϐάσεως
3041 3846 3138 3899 καὶ
3187 3841 3634 3913 φιλανθρωπίαςῐ
3696 3839 3818 3892 Καὶ

2231 3943 2635 4015 προσκυνήσεις
2667 3941 2819 4012 αὐτῷ
2862 3938 3145 4004 δουλικῶς,
3207 3937 3258 3989 εί
3299 3937 3394 3990 καὶ
3439 3933 3658 4002 νύμφην
3709 3932 3820 3984 καὶ

2234 4037 2512 4108 θυγατέρα
2547 4051 2605 4088 σε
2638 4034 2933 4104 πεποίηκε.

2305 4129 2417 4184 Καὶ
2457 4128 2721 4197 θυγάτηρ
2749 4127 2936 4194 Τύρου
2962 4125 3033 4178 ἐν
3077 4122 3306 4190 δώροις.
3349 4117 3686 4176 Κατείδωλος
3739 4111 3822 4186 ἦν

2232 4226 2266 4295 ἡ
2298 4221 2496 4294 Τύρος,
2537 4220 2631 4274 καὶ⁵
2688 4215 3092 4284 δυσσεϐεστάτη
3137 4213 3371 4284 μάλιστα
3423 4211 3534 4263 τῶν
3592 4208 3821 4262 πόλεων

2233 4315 2432 4371 ἄλλων.
2466 4310 2808 4383 Προφητεύει
2841 4307 2991 4378 γοῦν,
3023 4308 3106 4360 ὅτι
3140 4305 3235 4359 καὶ
3265 4303 3405 4375 αὐτὴ
3430 4301 3820 4374 δωροφορήσει

2238 4406 2316 4475 τῷ
2343 4403 2565 4475 Χριστῷ
2616 4401 2764 4454 ναῶν
2805 4399 3118 4469 οἰκοδομὰς,
3169 4397 3264 4450 καὶ
3302 4395 3648 4464 ἀναθήματα,
3712 4392 3822 4444 καὶ

2236 4498 2336 4568 τὴν
2369 4495 2539 4564 ἄλλην
2562 4493 2841 4563 λατρείαν.
2875 4493 3091 4558 Ἔσται,
3119 4489 3306 4559 φησιν,
3339 4489 3396 4541 ὲν
3426 4485 3639 4558 δώροις.
3692 4485 3817 4538 Θυ-

2231 4590 2417 4659 γάτηρ
2463 4586 2519 4639 δὲ
2572 4585 2781 4654 Τύρου,
2840 4583 2964 4638 ἀντὶ
3019 4581 3149 4647 τοῦ,
3204 4583 3238 4651 ἡ
3273 4579 3534 4650 Θυγάτηρ
3592 4576 3772 4646 Τύρος
3801 4593 3818 4606 .

2236 4678 2434 4748 ίδίωημα
2463 4677 2570 4748 γὰρ
2601 4675 2879 4730 καὶτοῦτο
2913 4673 3205 4745 Ἐϐραῖκόν
3240 4690 3254 4705 ·
3283 4673 3427 4726 οὕτω
3455 4673 3564 4740 γὰρ
3597 4670 3691 4722 καὶ
3724 4667 3820 4733 τὸ,

2232 4770 2507 4839 Θυγάτηρ
2545 4767 2930 4834 Βαϐυλῶνος,
2959 4767 3052 4821 καὶ
3085 4769 3140 4822 εί
3195 4784 3247 4820 τι
3308 4763 3570 4818 τοιοῦτον.
3627 4762 3816 4828 Θυγα-

2231 4859 2364 4929 τέρα
2390 4859 2446 4912 δὲ
2469 4857 2699 4911 καλοῦσι
2722 4856 2821 4926 τὴν
2845 4857 3022 4922 πόλιν,
3053 4855 3130 4920 ὡς
3164 4856 3302 4926 πρὸς
3322 4855 3421 4926 τὴν
3443 4854 3572 4923 ὅλην
3599 4852 3818 4923 χώραν,

2231 4946 2301 5022 ἦς
2346 4949 2485 5020 αὕτη
2540 4949 2705 5019 μέρος
2741 4949 2879 5004 ἐστί.
2943 4947 3081 5018 Περὶ
3123 4950 3216 5001 τοῦ
3268 4946 3560 5014 ἰδιώματος
3612 4943 3815 4996 τούτου

2235 5043 2438 5113 ζητῶν,
2471 5042 2729 5114 εὑρήσεις
2757 5042 2851 5096 καὶ
2877 5041 2991 5113 (61)
3025 5043 3106 5105 είς
3142 5039 3233 5095 τὸν
3254 5037 3329 5111 οβ’
3359 5038 3595 5110 ψαλμὸν,
3623 5037 3682 5089 ὲν
3727 5035 3817 5107 τῷ

2233 5133 2396 5190 τέλει.

2309 5406 2380 5461 Τὸ
2428 5404 2754 5474 πρόσωπόν
2798 5418 2915 5458 σου
2961 5400 3433 5456 λιτανεύσουσιν
3476 5396 3698 5459 πάντες
3755 5401 3816 5450 οι

1887 5681 2086 5744 Varia:
2123 5681 2451 5744 lectiones.

631 5784 740 5854 (δι)
762 5785 825 5841 ΑΙ
881 5789 1040 5858 Ζήτει
1074 5789 1201 5858 περῖ
1219 5786 1309 5842 τοῦ
1338 5787 1628 5859 ἰδιώματος
1667 5787 1876 5855 τούτου,
1941 5789 1996 5841 ὲν
2039 5787 2114 5859 τῷ
2136 5786 2211 5856 οβ’
2237 5786 2456 5857 ψαλμῷ,
2481 5787 2536 5840 ὲν
2559 5785 2634 5857 τῷ
2657 5785 2822 5840 τέλει.
