4120 6426
495 352 603 418 503

1723 358 2112 422 EUTHYMII
2148 360 2320 422 ZlGA
2333 365 2509 427 BENI

3648 367 3751 432 504

491 465 693 536 quibus
729 465 1197 524 sollicitudinibus
1228 468 1310 523 hae
1340 467 1582 539 virgines
1618 469 1890 525 immunes
1916 476 2065 533 sunt,

2177 475 2323 539 θενος
2364 477 2767 547 ἀπαλλαγεῖσα,
2843 478 2939 534 καὶ
2996 477 3134 551 πρὸς
3182 479 3351 550 μόνον
3408 479 3501 533 τὸν
3558 483 3751 550 νοητὸν

493 556 724 614 ουιη”αά
758 560 979 614 unicum
1006 559 1370 616 etscaalestem
1406 560 1682 631 Sponsum
1711 561 1890 618 solum
1938 573 2067 631 ερον

495 661 729 714 ctantes.
765 651 1126 721 spiritualiter
1150 653 1519 716 oblectentur,

565 744 839 797 Ducentur
890 745 946 797 in
985 746 1238 815 templum
1288 746 1467 818 Regis.
1501 747 1598 803 Vel
1629 747 1758 819 quia
1792 746 2065 818 virginum

494 836 720 891 ordines
760 837 813 890 in
847 835 1096 893 Ecclesia
1138 846 1455 894 statuentur
1486 857 1498 894 :
1529 841 1613 894 vel
1642 855 1738 909 per
1776 840 2065 909 templum,

493 930 773 985 cmlestem
807 930 1010 1002 regiam
1032 931 1304 1003 intelligit,
1335 933 1402 986 ad
1433 947 1595 1003 quam
1629 932 1871 1004 virgines
1891 932 2068 988 addu-

491 1029 685 1076 centur
718 1022 788 1076 ab
820 1022 1052 1092 angelis.

563 1201 733 1259 Vnus.
765 1203 852 1257 17.
881 1203 991 1258 Pro
1036 1205 1276 1273 patribus
1308 1206 1412 1258 tuis
1469 1206 1584 1258 uati
1628 1213 1751 1259 sunt
1794 1206 1888 1259 tibi
1943 1204 2066 1275 ﬁlii.

494 1293 625 1350 Hrec
648 1295 713 1350 ad
743 1295 1045 1351 Ecclesiam
1076 1294 1316 1351 ﬁdelium
1357 1294 1506 1350 dicta
1541 1302 1672 1350 sunt
1707 1309 1908 1365 :quam
1939 1296 2067 1366 quia

470 1387 735 1457 iusserat
775 1388 1053 1458 Propheta
1083 1401 1113 1441 a
1156 1388 1335 1457 patria
1385 1386 1552 1443 domo
1588 1386 1899 1452 discedere,
1936 1400 2069 1441 con-

493 1477 703 1533 solatur
737 1493 886 1533 nunc
915 1478 1127 1544 dicens,
1161 1479 1304 1548 quod
1340 1478 1435 1532 ﬁlii
1469 1477 1615 1547 ejus,
1670 1476 1854 1532 ﬁdeles
1909 1475 2071 1531 nimi-

494 1586 641 1634 rum,
677 1572 771 1641 qui
808 1586 905 1643 per
939 1568 1274 1642 baptismum
1308 1570 1668 1641 regenerandi
1699 1578 1881 1636 erant,
1935 1584 2068 1626 nas-

492 1673 687 1720 centur
753 1664 876 1719 loco
946 1673 1237 1735 parentum
1314 1662 1474 1734 eius,
1545 1671 1713 1733 atque
1771 1663 1825 1717 in
1878 1675 2068 1716 eorum

492 1756 840 1813 suﬁicientur
872 1756 1242 1826 dignitatem;
1280 1754 1643 1825 episcopique
1693 1768 1757 1809 ac
1807 1751 2091 1829 custodes,

493 1847 806 1911 hominum,
856 1857 914 1903 et
964 1846 1341 1904 Ecelesiarum
1379 1846 1644 1916 praesides
1695 1846 1750 1900 in
1792 1853 1910 1901 toto
1940 1827 2150 1899 orbeB

493 1939 905 1995 conslituentur
935 1958 949 1993 :
987 1939 1136 2009 quod
1194 1939 1252 1994 in
1304 1936 1670 2008 sequentibus
1699 1938 1863 1991 etiam
1900 1937 2074 2007 magis

493 2030 729 2098 explicat
757 2029 948 2085 dicens
977 2046 991 2083 :
1342 2086 1345 2089 _

564 2121 867 2175 Constitues
896 2138 985 2175 eos
1010 2122 1270 2191 principes
1303 2137 1458 2188 super
1504 2138 1710 2176 omnem
1734 2130 1956 2175 terram.
1988 2118 2073 2174 Ad

494 2208 782 2265 Christum
830 2227 1144 2267 sermonem
1209 2213 1396 2277 habet,
1451 2213 1610 2282 cujus
1672 2220 1929 2283 parentes
1975 2225 2072 2267 seu

493 2310 682 2371 patres
717 2317 782 2358 es
811 2311 1313 2381 materno‘genere,
1341 2305 1615 2359 Abraham
1647 2302 1771 2368 fuit,
1797 2318 1860 2358 ac
1890 2301 2074 2358 cazteri

495 2394 827 2462 patriarchae
855 2404 909 2450 et
940 2395 1224 2466 prophetae
1246 2413 1261 2461 ;
1285 2396 1379 2450 ﬁlii
1408 2412 1537 2452 vero
1563 2395 1797 2465 apostoli
1826 2393 1992 2464 ,quod
2018 2394 2073 2447 in

493 2488 818 2558 dignitatem
852 2496 1145 2558 parentum
1196 2488 1405 2543 Christi
1439 2487 1658 2543 suﬁecti
1690 2494 1859 2551 sunt;
1896 2484 2072 2539 eﬁ‘ecti

491 2579 755 2633 nimirum
775 2589 831 2636 et
857 2580 961 2649 ipsi
987 2580 1339 2650 patriarchae,
1364 2596 1427 2634 ac
1448 2572 1811 2650 plurimarum
1830 2577 2073 2649 gentium

491 2681 704 2740 patres,
732 2687 874 2742 quos
902 2688 1002 2742 per
1040 2673 1380 2743 baptismum
1437 2673 1542 2728 sibi
1592 2682 1905 2743 genuerunt
1933 2691 1947 2727 :
1978 2670 2074 2741 qui

495 2762 664 2818 etiam
696 2762 842 2833 digni
877 2763 1045 2817 habiti
1071 2773 1219 2829 sunt,
1253 2773 1311 2816 ut
1343 2764 1574 2831 spiritus
1606 2765 1836 2835 gratiam
1865 2765 2078 2835 recipe~

494 2862 647 2922 rent,
684 2864 857 2925 utque
885 2856 1051 2909 veluti
1083 2856 1270 2910 eximii
1297 2855 1522 2924 quidam
1558 2858 1727 2912 duces
1766 2857 1819 2910 in
1852 2855 2079 2910 univer-

499 2958 620 2997 sum
647 2942 834 2998 orbem
880 2952 1152 3000 terrarum
1208 2945 1585 3001 mitterentur.
1646 2944 1848 3000 Euntes
1907 2946 2073 3009 enim,

496 3035 700 3106 inquit,
742 3035 926 3091 docete
967 3053 1149 3092 omnes
1202 3048 1378 3107 gentes
1407 3038 1490 3107 ";
1546 3054 1649 3094 nec
1700 3038 2077 3093 tantummodo

494 3126 625 3181 dum
648 3128 895 3182 viverent
951 3128 1323 3199 principatum
1368 3130 1515 3184 hunc
1565 3130 1937 3197 retinuerunt,
1978 3130 2075 3186 sed

491 3220 656 3274 etiam
676 3228 799 3289 post
822 3230 1076 3279 mortem.
1111 3221 1309 3277 Eorum
1337 3224 1481 3278 enim
1509 3224 1797 3294 praeceptis
1824 3239 1887 3278 ac
1913 3224 2082 3279 moni-

493 3310 591 3375 tis,
617 3310 823 3381 ubique
857 3312 1101 3383 gentium
1135 3312 1323 3369 ﬁdeles
1355 3313 1764 3384 obtemperant,
1798 3321 1964 3383 atque
2006 3314 2076 3368 ab

495 3402 579 3459 eis
663 3402 1003 3475 diriguntur.
1060 3402 1371 3460 Ostendam
1426 3405 1614 3477 itaque
1677 3404 1895 3473 Judaei,
1946 3405 2075 3473 qui-

493 3510 624 3551 nam
688 3510 881 3550 eorum
955 3496 1050 3550 ﬁlii
1120 3497 1516 3567 imperaverint
1593 3497 1892 3567 aliquando
1972 3497 2075 3552 toti

498 3596 659 3642 terrae
699 3604 714 3643 :
750 3601 873 3641 cum
905 3586 1007 3657 ipsi
1042 3588 1227 3657 potius
1258 3589 1521 3644 universo
1579 3605 1727 3645 nunc
1779 3591 1901 3645 orbi
1955 3606 2076 3646 ser-

496 3680 672 3734 vlant.

568 3769 741 3828 Vens.
770 3772 860 3827 18.
888 3771 1094 3828 Memor
1113 3790 1202 3828 ero
1230 3777 1455 3830 nominis
1488 3778 1563 3830 tui
1601 3777 1652 3831 in
1685 3778 1829 3832 omni
1851 3794 2072 3849 genera-

499 3863 642 3918 tione
671 3872 721 3918 et
758 3864 1118 3935 generatione.
1150 3866 1264 3921 Hoc
1300 3881 1366 3921 ex
1402 3881 1638 3937 persona
1679 3867 1940 3923 Ecclesia:
1994 3868 2077 3923 di-

496 3967 646 4022 ctum
703 3965 807 4022 est,
858 3966 1147 4028 postquam
1202 3966 1313 4014 tam
1369 3960 1646 4029 przeclaris
1706 3961 1869 4017 donis
1911 3961 2074 4031 digna

496 4055 583 4103 est
648 4047 855 4102 habita.
926 4046 1200 4119 Repetitio
1282 4058 1465 4105 autem
1532 4050 1625 4105 illa
1682 4052 2077 4122 generationis.

496 4146 819 4211 perpetuam
858 4140 1067 4211 prolem
1103 4156 1168 4197 ac
1226 4142 1637 4198 successionem
1683 4144 1992 4213 signiﬁcat;
2022 4152 2077 4199 et

498 4246 633 4287 sane
695 4247 912 4303 semper
965 4231 1173 4288 Christi
1209 4248 1422 4306 memor
1454 4232 1557 4288 fuit
1599 4233 1867 4301 Ecclesia,
1917 4236 2101 4313 cujus

498 4330 721 4386 nomine
756 4329 1020 4402 insignita
1056 4329 1261 4385 mirum
1296 4330 1353 4383 in
1382 4330 1605 4385 modum
1635 4330 1929 4400 gloriatur.

576 4422 874 4491 Propterea
918 4423 1099 4492 populi
1147 4421 1661 4490 conﬁtebunturtibi
1707 4425 1761 4476 in
1799 4422 2074 4478 amulum.

2175 569 2357 640 ὁρῶσα
2403 573 2659 642 νυμφίον,
2720 573 2900 643 χαίρει
2955 572 3364 644 πνευματικῶς.

2259 754 2651 823 Ἀχθήσονται
2714 755 2802 819 εὶς
2846 751 3000 806 ναὸν
3028 749 3357 815 βασιλέως.
3406 748 3477 801 Ἦ
3529 748 3613 801 ὅτι
3657 749 3754 801 καὶ

2177 845 2466 916 παρθένων
2486 845 2743 914 τάγματα
2776 842 2853 914 τῷ
2880 842 3070 913 κλήρῳ
3091 843 3192 911 τῆς
3232 840 3569 912 Ἐκκλησίας
3624 842 3757 910 ἀφο-

2182 940 2550 1011 ρισθήσεται·
2610 939 2643 1010 ἢ
2695 938 2846 1004 ναὸν,
2909 937 3003 990 τὸν
3070 934 3419 1005 ἐπουράνιον,
3470 935 3565 987 καὶ⁵
3595 935 3664 987 τὰ
3698 936 3758 987 ὲν

2177 1032 2397 1103 οὐρανῷ
2425 1030 2696 1102 βασίλεια,
2730 1032 2811 1093 είς
2842 1027 2879 1083 ὃ.
2920 1028 3073 1099 παρὰ
3117 1026 3227 1080 τῶν
3290 1025 3541 1095 ἀγγέλων
3585 1026 3763 1097 άχθήυ

2180 1142 2386 1179 σονται.
3754 1130 3761 1135 '

2260 1216 2410 1270 Ἀντί
2440 1214 2560 1269 τῶν
2588 1215 2861 1282 πατέρων
2893 1228 3012 1268 σου
3055 1210 3475 1281 ἐγεννήθησαν
3533 1209 3589 1262 οι
3641 1208 3768 1263 τίοι

2178 1325 2318 1363 σου.
2354 1307 2529 1362 Τοῦτο
2560 1307 2699 1377 πρὸς
2734 1307 2833 1376 τὴν
2868 1305 3195 1372 συναγωγὴν
3247 1302 3360 1356 τῶν
3431 1301 3640 1354 πιστῶν
3690 1300 3769 1353 εε-

2180 1417 2351 1471 ρηκεν
2382 1414 2396 1427 “
2429 1397 2623 1470 ἐπειδὴ
2657 1396 2766 1467 γὰρ
2795 1394 3296 1464 ἐκέλευσενναύτὴν
3335 1392 3641 1463 ἀποστῆναι
3662 1390 3764 1444 τοῦ

2179 1490 2436 1562 πατρῴου
2505 1491 2685 1554 οἴκου,
2714 1487 3127 1557 παραμυθεῖται
3181 1484 3411 1556 ταύτην,
3459 1485 3542 1537 ὅτι
3591 1482 3767 1535 τέκνα

2177 1587 2371 1655 αὐτῆς,
2398 1586 2570 1655 ἤγουν
2626 1584 2677 1637 οἱ
2730 1581 3127 1643 πιστεύσαντες
3153 1580 3249 1633 καὶ
3293 1575 3768 1645 ἅναγεννηθέντες

2178 1680 2267 1734 διὰ
2289 1678 2382 1733 τοῦ
2408 1676 2804 1748 βαπτίσματος,
2837 1675 3161 1744 γενήσονται
3200 1671 3321 1724 ἀντὶ
3362 1669 3479 1723 τῶν
3508 1668 3767 1737 πατέρων

2180 1774 2373 1843 αὐτῆς,
2403 1773 2529 1824 ὅσον
2554 1771 2635 1831 είς
2663 1767 3003 1839 προστασίαν
3036 1784 3051 1796 ·
3093 1764 3442 1834 κατέστησαν
3479 1762 3590 1831 γὰρ
3638 1760 3767 1813 ἐπί-

2181 1880 2370 1917 σκοποι
2412 1862 2507 1915 καὶ
2546 1860 2850 1931 προστάται
2899 1857 3009 1911 τῶν
3069 1857 3213 1910 κατά
3264 1857 3465 1918 τόπους
3532 1853 3771 1923 Ἐκκλη-

2180 1956 2333 2022 σιῶν,
2361 1954 2390 2008 ὃ
2419 1956 2514 2009 καὶ
2543 1952 2633 2007 διὰ
2655 1952 2764 2005 τῶν
2792 1950 2920 2021 ἑξῆς
2942 1950 3236 2021 ἐδήλωσεν.
3264 1947 3437 2002 εἰπών
3457 1960 3472 1975 ·

2248 2133 2874 2202 Καταστήσειαὺτοὺς
2902 2132 3203 2202 ἄρχοντας
3244 2128 3346 2185 ἐπὶ
3390 2129 3601 2187 πᾶσαν
3644 2126 3768 2195 τὴν

2176 2230 2317 2299 γῆν.
2346 2230 2417 2283 Ἢ
2452 2231 2547 2283 καὶ
2577 2230 2715 2299 πρὸς
2740 2227 2830 2280 τὸν
2869 2225 3106 2296 Χριστὸν
3138 2225 3166 2277 ὁ
3200 2224 3379 2292 λόγος,
3431 2219 3492 2277 οὗ
3524 2221 3769 2291 πατέρες

2182 2325 2302 2395 μὲν,
2343 2323 2468 2377 ὅσον
2506 2320 2615 2375 ἀπὸ
2652 2320 2753 2389 τῆς
2786 2318 2993 2389 μητρὸς
3024 2315 3214 2381 αὐτοῦ,
3262 2315 3520 2385 Ἀϐραὰμ
3558 2315 3657 2367 καὶ
3710 2312 3765 2366 οἱ

2177 2417 2357 2471 λοιποὶ
2396 2413 2735 2484 πατριάρχαι
2766 2413 2864 2466 καὶ
2884 2410 3167 2481 προφῆται
3193 2422 3208 2437 ⁸
3239 2407 3348 2460 υἱοὶ
3381 2407 3460 2471 δὲ,
3509 2406 3560 2458 οἱ
3622 2405 3765 2457 ἀπό-

2180 2510 2381 2572 στολοι,
2412 2507 2609 2570 οἵτινες
2637 2505 2984 2573 ἑπανέϐησαν
3009 2504 3091 2565 τίς
3119 2502 3180 2555 τὸ
3213 2500 3433 2568 ἀξίωμα
3454 2499 3564 2552 τῶν
3596 2496 3766 2550 πατὲ-

2182 2618 2289 2673 ρων
2319 2598 2509 2665 αὐτοῦ,
2550 2595 2886 2667 πατριάρχαι
2912 2612 2971 2648 τε
3006 2594 3313 2665 γενόμενοι,
3354 2594 3414 2646 ὲν
3463 2591 3539 2661 τῷ
3563 2590 3758 2657 γεννῆ-

2180 2711 2272 2747 σαι
2310 2692 2399 2747 διὰ
2420 2692 2515 2745 τοῦ
2549 2690 2930 2761 βαπτίσματος
2956 2689 3135 2743 πάντα
3160 2686 3229 2741 τὰ
3266 2687 3422 2757 ἔθνη,
3447 2686 3542 2740 καὶ
3589 2683 3756 2748 ἀξιω-

2180 2785 2364 2849 θέντες
2421 2765 2947 2853 τούπνευματικοῦ
3000 2781 3363 2851 χαρίσματος.
3450 2777 3615 2831 Ἀλλὰ
3664 2776 3762 2829 καὶ

2179 2874 2571 2944 ἀπεστάλησαν
2597 2871 2860 2942 ἄρχοντες
2888 2871 3021 2941 παρ’
3083 2870 3251 2923 αὑτοῦ
3305 2871 3387 2933 εἰς
3436 2870 3621 2922 πᾶσαν
3659 2867 3763 2936 τὴν

2179 2968 2303 3037 γῆν.
2332 2962 2737 3032 Πορευθέντες
2761 2962 2893 3033 γὰρ,
2927 2961 3085 3031 φησὶ,
3114 2960 3532 3031 μαθητεύσατε
3564 2957 3769 3011 πάντα

2179 3059 2255 3113 τὰ
2300 3059 2472 3124 ἔθνη.
2516 3057 2590 3109 Ού
2653 3055 2815 3126 μόνον
2869 3054 2927 3108 δὲ
2985 3051 3190 3117 ζῶντες
3229 3048 3424 3125 ἦρξαν,
3479 3050 3619 3104 ἀλλὰ
3670 3048 3771 3102 καὶ

2106 3161 2153 3223 ο
2187 3150 2329 3222 μετὰ
2379 3149 2613 3202 θάνατον
2645 3164 2659 3178 ·
2714 3148 2916 3209 πάντες
2980 3146 3089 3217 γὰρ
3139 3147 3188 3199 oi
3241 3144 3445 3209 πιστοὶ,
3479 3139 3767 3211 πανταχοῦ

2182 3244 2292 3303 τοῖς
2321 3242 2505 3312 νόμοις
2540 3240 2720 3294 αὐτῶν
2748 3240 2844 3293 καὶ
2881 3240 3001 3302 ταῖς
3022 3237 3428 3309 παραγγελίαις
3456 3235 3767 3300 πείθονται,

2181 3336 2275 3390 καὶ
2329 3334 2620 3389 ίθύνονται.
2671 3334 3019 3400 Δειξάτωσαν
3069 3329 3164 3388 οὖν
3211 3332 3261 3385 οἱ
3320 3331 3585 3392 Ἰουδαῖοι,
3617 3328 3770 3391 τίνες

2179 3426 2286 3482 υἱοὶ
2313 3426 2496 3481 αὐτῶν
2539 3422 2714 3497 ἦρξαν
2743 3424 2926 3495 πάσης
2959 3424 3061 3495 τῆς
3118 3425 3262 3494 γῆς’
3318 3420 3431 3493 (64)
3474 3420 3509 3491 ἢ
3560 3418 3769 3491 μᾶλλον

2180 3521 2330 3589 πάσῃ
2357 3521 2422 3587 τῇ
2454 3519 2523 3589 γῇ
2553 3517 2886 3571 δουλεύουσι.

2248 3783 2689 3852 Μνησθήσομαι
2722 3778 2830 3835 τοῦ
2869 3779 3167 3849 ὀνόματός
3210 3792 3329 3833 σου
3358 3777 3429 3832 ἐν
3462 3777 3631 3845 πάσῃ
3660 3793 3770 3847 τε-

2179 3875 2289 3945 νεᾷ
2309 3876 2408 3931 καὶ
2442 3874 2638 3946 γενεᾷ.
2682 3873 2910 3945 Τοῦτοή
2956 3871 3281 3943 Ἐκκλησία,
3315 3871 3472 3941 φησι,
3501 3869 3773 3923 τοιούτων

2180 3970 2511 4034 ἀξιωθεῖσαο
2556 3969 2590 4039 ἡ
2637 3967 3006 4029 άναδίπλωσις
3046 3964 3105 4018 δὲ
3138 3966 3240 4033 τῆς
3284 3964 3503 4033 γενεᾶς,
3539 3960 3640 4032 τὴν
3678 3962 3774 4025 είς

2179 4062 2268 4117 ἀεὶ
2317 4059 2574 4132 διαδοχὴν
2623 4060 2904 4130 σημαίνει.
2946 4057 3059 4111 Καὶ
3107 4056 3217 4128 μὴν
3250 4056 3344 4109 κα)⁸
3387 4054 3772 4125 μιμνήσκεται

2179 4154 2268 4209 ἀεὶ
2287 4153 2384 4207 τοῦ
2412 4153 2655 4225 Χριστοῦ
2679 4169 2692 4183 ο
2718 4150 2829 4224 (65)
2855 4150 2979 4206 ἐπεὶ
3006 4150 3105 4205 καὶ
3127 4148 3225 4203 ἀπ’
3242 4147 3434 4213 αὑτοῦ,
3455 4146 3770 4218 Χριστιανὴ

2182 4246 2469 4316 κέκληται.

2251 4428 2354 4482 Διὰ
2386 4427 2563 4481 τοῦτο
2588 4425 3145 4496 ἐξομολογήσονταί
3165 4440 3265 4480 σοι
3295 4426 3383 4491 εις
3414 4426 3523 4479 τὸν
3549 4422 3768 4479 αἰῶνα.

500 4517 774 4583 Quoniam
811 4522 965 4569 tanta
1022 4515 1078 4569 in
1112 4529 1199 4569 me
1249 4514 1591 4584 providentia
1632 4530 1695 4569 ac
1732 4516 1917 4570 studio
1944 4531 2079 4571 usus

2181 4520 2325 4574 Διότι
2384 4517 2656 4589 τοσαύτης
2721 4535 2789 4589 με
2848 4517 3196 4589 προμηθείας
3251 4515 3516 4586 ἠξίωσας.
3576 4514 3767 4587 πλήθη

499 4623 584 4675 es,
626 4606 870 4662 ﬁdelium
908 4606 1093 4677 populi
1138 4606 1267 4661 dum
1304 4606 1485 4662 vivent
1517 4605 1724 4677 gratias
1765 4605 1861 4661 tibi
1918 4615 2080 4678 agent

502 4699 846 4759 innumeras.

570 4787 639 4842 Et
677 4789 733 4840 in
764 4787 1018 4842 saeculum
1057 4789 1260 4843 saeculi.
1296 4788 1414 4844 Non
1446 4790 1500 4844 in
1559 4790 1815 4861 praesenti
1865 4798 2075 4844 tantum

498 4876 724 4943 steculo,
774 4876 869 4933 sed
919 4877 1085 4932 etiam
1132 4879 1188 4932 in
1227 4878 1433 4946 futuro,
1473 4880 1623 4949 quod
1666 4879 1928 4935 saeculum
1973 4894 2075 4935 sae-

502 4969 614 5025 culi
640 4969 865 5033 dicitur,
902 4970 1061 5039 quasi
1092 4969 1333 5026 nobilius
1356 4972 1428 5026 sit
1462 4980 1516 5027 et
1548 4972 1699 5026 nullo
1726 4971 1831 5026 ﬁne
1855 4972 2080 5027 conclu-

501 5059 691 5113 datur.

730 5151 798 5206 In
827 5154 983 5222 ﬁnem
1020 5170 1115 5222 pro
1144 5155 1273 5223 ﬁliis
1312 5154 1445 5210 Core
1469 5173 1565 5225 pro
1602 5158 1847 5224 occultis.

1028 5330 1355 5386 PSALMUS
1409 5332 1571 5387 XLV.

565 5423 635 5477 In
665 5424 823 5493 finem
855 5424 1072 5494 quidem
1100 5425 1305 5479 dictum
1341 5434 1446 5491 est,
1473 5428 1602 5496 quia
1632 5427 1932 5498 prophetia:
1953 5444 2073 5499 quae

574 5539 624 5573 ⁸⁸
655 5539 849 5595 Matth.
886 5549 1078 5608 xxvni,
1118 5541 1206 5596 l8.

2179 4613 2390 4666 πιστῶν
2420 4610 2880 4683 εὐχαριστήσουσί
2940 4627 3045 4677 σοι,
3090 4611 3223 4681 παρ’
3250 4610 3373 4663 ὅλον
3421 4609 3516 4665 τὸν
3549 4607 3773 4679 ἀνθρὼ-

2179 4720 2334 4756 πινον
2363 4702 2497 4774 βίον.

2246 4795 2357 4849 Καὶ
2412 4797 2501 4860 είς
2560 4795 2669 4850 τὸν
2698 4795 2888 4848 αίῶνα
2962 4793 3071 4849 τοῦ
3119 4793 3361 4859 αἰῶνος.
3403 4791 3516 4848 Καὶ
3547 4793 3646 4845 οὐκ
3678 4792 3771 4857 εἰς

2177 4886 2270 4939 τὸν
2306 4883 2404 4939 τοῦ
2435 4886 2712 4955 παρόντος
2735 4886 2945 4955 κόσμου
2969 4884 3145 4939 αἰῶνα
3179 4887 3365 4955 μόνον,
3390 4883 3529 4939 ἀλλὰ
3556 4884 3649 4938 καὶ
3679 4884 3769 4947 είς

2183 4980 2276 5034 τὸν
2304 4979 2398 5032 τοῦ
2435 4979 2722 5049 μέλλοντος
2750 4996 2763 5010 ο
2799 4973 2955 5041 οὗτος
2988 4979 3095 5048 γὰρ
3147 4963 3343 5040 αἰῶνος
3385 4975 3545 5041 αἰὼν,
3573 4976 3649 5038 ὼς
3680 4992 3769 5028 τι-

2187 5070 2358 5142 μιώτε
2369 5089 2460 5141 ρον
2487 5070 2584 5125 καὶ
2604 5070 2936 5137 ἀπέραντον.

2181 5166 2284 5230 Εἰς
2336 5163 2405 5218 τὸ
2452 5161 2629 5230 τέλος
2660 5162 2813 5231 ὑπὲρ
2854 5162 2975 5216 τῶν
3016 5161 3164 5217 υἱῶν
3203 5162 3377 5231 Κορὲ,
3434 5162 3587 5232 ὑπὲρ
3639 5162 3767 5217 τῶν

2814 5254 3105 5322 κρυφίων.

2741 5346 2798 5399 Ψ
2799 5346 3035 5399 ΑΛΜΟΣ
3073 5344 3207 5399 ME'.

2256 5434 2358 5501 Εἰς
2406 5437 2471 5491 τὸ
2524 5436 2701 5504 τέλος
2759 5438 2881 5509 μὲν,
2924 5438 3007 5492 ὅτι
3042 5436 3183 5508 πρὸς
3212 5436 3367 5501 τέλος
3391 5435 3590 5509 ὁρῶσιν
3618 5436 3675 5490 αἱ
3700 5437 3757 5492 ὲ»

1857 5638 1941 5700 Va
1952 5638 2056 5700 riea
2100 5639 2428 5711 lectiones.

566 5724 684 5796 (64)
714 5730 816 5785 Ἰσ.
843 5732 915 5784 οι.

572 5796 684 5864 \65)
716 5799 801 5853 AI.
870 5800 1021 5853 Ἐπεὶ
1072 5802 1164 5855 καὶ
1218 5803 1312 5857 ἀπ’
1350 5804 1517 5859 αὐτοῦ
1553 5806 1874 5877 Χριστιανοὶ
1918 5810 2235 5880 κέκληνται.
